  <div class='ocr_page' id='page_1' title='image "/cluster/home/n/w/nwhite01/storage/ocr_20150623/102/hvd.32044073502155/233.png"; bbox 0 0 4058 6216; ppageno 0'>
   <div class='ocr_carea' id='block_1_1' title="bbox 409 346 2054 421">
    <p class='ocr_par' dir='ltr' id='par_1_1' title="bbox 409 347 2054 421">
     <span class='ocr_line' id='line_1_1' title="bbox 409 347 2054 421; baseline -0.005 -3"><span class='ocrx_word' id='word_1_1' title='bbox 409 361 528 421; x_wconf 71' lang='grc'><strong>427</strong></span> <span class='ocrx_word' id='word_1_2' title='bbox 1607 352 1706 410; x_wconf 84' lang='grc' dir='ltr'>ΡΗ</span> <span class='ocrx_word' id='word_1_3' title='bbox 1715 349 1876 410; x_wconf 88' lang='grc' dir='ltr'>ΟΤΙΙ</span> <span class='ocrx_word' id='word_1_4' title='bbox 1916 347 2054 410; x_wconf 83' lang='grc' dir='ltr'><strong>ΡΑῚ</strong></span> 
     </span>
    </p>
   </div>
   <div class='ocr_carea' id='block_1_2' title="bbox 2164 346 3794 421">
    <p class='ocr_par' dir='ltr' id='par_1_2' title="bbox 2164 346 3794 410">
     <span class='ocr_line' id='line_1_2' title="bbox 2164 346 3794 410; baseline 0 -1"><span class='ocrx_word' id='word_1_5' title='bbox 2164 346 2453 410; x_wconf 71' lang='lat' dir='ltr'><strong>ARCHIE</strong></span> <span class='ocrx_word' id='word_1_6' title='bbox 2493 348 2611 409; x_wconf 85' lang='lat' dir='ltr'><strong>GP.</strong></span> <span class='ocrx_word' id='word_1_7' title='bbox 3680 348 3794 409; x_wconf 74' lang='grc'><strong>428</strong></span> 
     </span>
    </p>
   </div>
   <div class='ocr_carea' id='block_1_3' title="bbox 396 479 3801 565">
    <p class='ocr_par' dir='ltr' id='par_1_3' title="bbox 396 479 3801 565">
     <span class='ocr_line' id='line_1_3' title="bbox 396 479 3801 565; baseline -0.002 -16"><span class='ocrx_word' id='word_1_8' title='bbox 396 492 537 549; x_wconf 81' lang='lat' dir='ltr'><strong>&#39;Filii</strong></span> <span class='ocrx_word' id='word_1_9' title='bbox 566 491 862 565; x_wconf 75' lang='lat' dir='ltr'><strong>operatio;</strong></span> <span class='ocrx_word' id='word_1_10' title='bbox 897 489 998 546; x_wconf 90' lang='lat' dir='ltr'><strong>sed</strong></span> <span class='ocrx_word' id='word_1_11' title='bbox 1029 486 1192 544; x_wconf 91' lang='lat' dir='ltr'><strong>nulla</strong></span> <span class='ocrx_word' id='word_1_12' title='bbox 1221 485 1347 543; x_wconf 80' lang='lat' dir='ltr'>Filii</span> <span class='ocrx_word' id='word_1_13' title='bbox 1385 486 1642 557; x_wconf 78' lang='lat' dir='ltr'><strong>operatio</strong></span> <span class='ocrx_word' id='word_1_14' title='bbox 1666 502 1699 541; x_wconf 93' lang='lat' dir='ltr'><strong>a</strong></span> <span class='ocrx_word' id='word_1_15' title='bbox 1727 486 1897 540; x_wconf 89' lang='lat' dir='ltr'><strong>Patre</strong></span> <span class='ocrx_word' id='word_1_16' title='bbox 1928 485 2049 539; x_wconf 87' lang='lat' dir='ltr'><strong>dis-</strong></span> <span class='ocrx_word' id='word_1_17' title='bbox 2081 485 2135 551; x_wconf 79' lang='grc' dir='ltr'><strong>Α</strong></span> <span class='ocrx_word' id='word_1_18' title='bbox 2165 482 2331 553; x_wconf 90' lang='lat' dir='ltr'><strong>lium,</strong></span> <span class='ocrx_word' id='word_1_19' title='bbox 2365 500 2397 538; x_wconf 89' lang='lat' dir='ltr'><strong>a</strong></span> <span class='ocrx_word' id='word_1_20' title='bbox 2421 485 2592 540; x_wconf 86' lang='lat' dir='ltr'><strong>Patre</strong></span> <span class='ocrx_word' id='word_1_21' title='bbox 2622 481 2900 555; x_wconf 82' lang='lat' dir='ltr'><strong>procedit,</strong></span> <span class='ocrx_word' id='word_1_22' title='bbox 2946 483 3004 537; x_wconf 89' lang='lat' dir='ltr'><strong>et</strong></span> <span class='ocrx_word' id='word_1_23' title='bbox 3035 479 3290 552; x_wconf 88' lang='lat' dir='ltr'><strong>dilectio,</strong></span> <span class='ocrx_word' id='word_1_24' title='bbox 3322 497 3435 554; x_wconf 83' lang='lat' dir='ltr'><strong>qua</strong></span> <span class='ocrx_word' id='word_1_25' title='bbox 3471 481 3653 540; x_wconf 86' lang='lat' dir='ltr'><strong>Filius</strong></span> <span class='ocrx_word' id='word_1_26' title='bbox 3671 484 3801 541; x_wconf 88' lang='lat' dir='ltr'><strong>dili-</strong></span> 
     </span>
    </p>
   </div>
   <div class='ocr_carea' id='block_1_4' title="bbox 399 567 3801 652">
    <p class='ocr_par' dir='ltr' id='par_1_4' title="bbox 399 567 3801 652">
     <span class='ocr_line' id='line_1_4' title="bbox 399 567 3801 652; baseline -0.002 -15"><span class='ocrx_word' id='word_1_27' title='bbox 399 586 604 652; x_wconf 83' lang='lat' dir='ltr'><strong>juncta</strong></span> <span class='ocrx_word' id='word_1_28' title='bbox 631 585 688 637; x_wconf 89' lang='lat' dir='ltr'><strong>et</strong></span> <span class='ocrx_word' id='word_1_29' title='bbox 720 579 907 637; x_wconf 88' lang='lat' dir='ltr'><strong>aliena</strong></span> <span class='ocrx_word' id='word_1_30' title='bbox 929 585 1016 636; x_wconf 92' lang='lat' dir='ltr'><strong>est</strong></span> <span class='ocrx_word' id='word_1_31' title='bbox 1039 599 1054 646; x_wconf 90' lang='lat'><strong>;</strong></span> <span class='ocrx_word' id='word_1_32' title='bbox 1081 577 1320 650; x_wconf 83' lang='lat' dir='ltr'><strong>proinde</strong></span> <span class='ocrx_word' id='word_1_33' title='bbox 1341 579 1398 631; x_wconf 89' lang='lat' dir='ltr'><strong>et</strong></span> <span class='ocrx_word' id='word_1_34' title='bbox 1417 576 1573 631; x_wconf 83' lang='lat' dir='ltr'><strong>Patri</strong></span> <span class='ocrx_word' id='word_1_35' title='bbox 1597 575 1747 630; x_wconf 88' lang='lat' dir='ltr'><strong>hanc</strong></span> <span class='ocrx_word' id='word_1_36' title='bbox 1764 567 2048 646; x_wconf 76' lang='grc' dir='ltr'><strong>προϐολήν</strong></span> <span class='ocrx_word' id='word_1_37' title='bbox 2163 573 2248 644; x_wconf 90' lang='lat' dir='ltr'><strong>git</strong></span> <span class='ocrx_word' id='word_1_38' title='bbox 2277 574 2525 642; x_wconf 78' lang='lat' dir='ltr'><strong>Patrem,</strong></span> <span class='ocrx_word' id='word_1_39' title='bbox 2559 590 2591 628; x_wconf 90' lang='lat' dir='ltr'><strong>a</strong></span> <span class='ocrx_word' id='word_1_40' title='bbox 2622 571 2766 628; x_wconf 88' lang='lat' dir='ltr'><strong>Filio</strong></span> <span class='ocrx_word' id='word_1_41' title='bbox 2807 569 3195 626; x_wconf 86' lang='lat' dir='ltr'><strong>nihilominus</strong></span> <span class='ocrx_word' id='word_1_42' title='bbox 3242 573 3527 643; x_wconf 83' lang='lat' dir='ltr'><strong>procedit.</strong></span> <span class='ocrx_word' id='word_1_43' title='bbox 3570 573 3674 629; x_wconf 75' lang='lat' dir='ltr'><strong>Est</strong></span> <span class='ocrx_word' id='word_1_44' title='bbox 3699 591 3801 630; x_wconf 85' lang='lat' dir='ltr'><strong>an-</strong></span> 
     </span>
    </p>
   </div>
   <div class='ocr_carea' id='block_1_5' title="bbox 405 660 3800 738">
    <p class='ocr_par' dir='ltr' id='par_1_5' title="bbox 405 660 3800 738">
     <span class='ocr_line' id='line_1_5' title="bbox 405 660 3800 738; baseline -0.002 -11"><span class='ocrx_word' id='word_1_45' title='bbox 405 670 709 727; x_wconf 88' lang='lat' dir='ltr'><strong>convenire</strong></span> <span class='ocrx_word' id='word_1_46' title='bbox 732 670 958 726; x_wconf 77' lang='lat' dir='ltr'><strong>fatearis</strong></span> <span class='ocrx_word' id='word_1_47' title='bbox 988 670 1234 738; x_wconf 82' lang='lat' dir='ltr'><strong>oportet.</strong></span> <span class='ocrx_word' id='word_1_48' title='bbox 1261 666 1325 720; x_wconf 85' lang='lat' dir='ltr'><strong>Et</strong></span> <span class='ocrx_word' id='word_1_49' title='bbox 1347 665 1440 720; x_wconf 91' lang='lat' dir='ltr'><strong>hic</strong></span> <span class='ocrx_word' id='word_1_50' title='bbox 1465 663 1832 736; x_wconf 68' lang='lat' dir='ltr'><strong>praeciseillis</strong></span> <span class='ocrx_word' id='word_1_51' title='bbox 1861 661 2054 718; x_wconf 84' lang='lat' dir='ltr'><strong>verbis</strong></span> <span class='ocrx_word' id='word_1_52' title='bbox 2163 668 2280 718; x_wconf 89' lang='lat' dir='ltr'><strong>tem</strong></span> <span class='ocrx_word' id='word_1_53' title='bbox 2312 662 2433 718; x_wconf 82' lang='lat' dir='ltr'><strong>haec</strong></span> <span class='ocrx_word' id='word_1_54' title='bbox 2464 662 2692 718; x_wconf 87' lang='lat' dir='ltr'><strong>dilectio</strong></span> <span class='ocrx_word' id='word_1_55' title='bbox 2742 660 2994 732; x_wconf 84' lang='lat' dir='ltr'><strong>Spiritus</strong></span> <span class='ocrx_word' id='word_1_56' title='bbox 3041 669 3302 717; x_wconf 87' lang='lat' dir='ltr'><strong>sanctus.</strong></span> <span class='ocrx_word' id='word_1_57' title='bbox 3351 663 3624 718; x_wconf 82' lang='lat' dir='ltr'><strong>Procedit</strong></span> <span class='ocrx_word' id='word_1_58' title='bbox 3675 679 3800 736; x_wconf 83' lang='lat' dir='ltr'><strong>ergo</strong></span> 
     </span>
    </p>
   </div>
   <div class='ocr_carea' id='block_1_6' title="bbox 405 749 3802 828">
    <p class='ocr_par' dir='ltr' id='par_1_6' title="bbox 405 749 3802 828">
     <span class='ocr_line' id='line_1_6' title="bbox 405 749 3802 828; baseline -0.002 -12"><span class='ocrx_word' id='word_1_59' title='bbox 405 761 614 817; x_wconf 89' lang='lat' dir='ltr'><strong>Christi</strong></span> <span class='ocrx_word' id='word_1_60' title='bbox 648 761 922 828; x_wconf 82' lang='lat' dir='ltr'><strong>ntitur,ex</strong></span> <span class='ocrx_word' id='word_1_61' title='bbox 951 757 1168 828; x_wconf 85' lang='lat' dir='ltr'><strong>quibus</strong></span> <span class='ocrx_word' id='word_1_62' title='bbox 1200 759 1258 810; x_wconf 90' lang='lat' dir='ltr'><strong>et</strong></span> <span class='ocrx_word' id='word_1_63' title='bbox 1287 753 1558 811; x_wconf 90' lang='lat' dir='ltr'><strong>catholici</strong></span> <span class='ocrx_word' id='word_1_64' title='bbox 1591 757 1846 825; x_wconf 90' lang='lat' dir='ltr'><strong>arguunt</strong></span> <span class='ocrx_word' id='word_1_65' title='bbox 1877 753 2049 808; x_wconf 88' lang='lat' dir='ltr'><strong>theo-</strong></span> <span class='ocrx_word' id='word_1_66' title='bbox 2155 753 2409 824; x_wconf 83' lang='lat' dir='ltr'><strong>Spiritus</strong></span> <span class='ocrx_word' id='word_1_67' title='bbox 2435 769 2466 808; x_wconf 90' lang='lat' dir='ltr'><strong>a</strong></span> <span class='ocrx_word' id='word_1_68' title='bbox 2488 754 2656 807; x_wconf 90' lang='lat' dir='ltr'><strong>Patre</strong></span> <span class='ocrx_word' id='word_1_69' title='bbox 2678 756 2734 806; x_wconf 89' lang='lat' dir='ltr'><strong>et</strong></span> <span class='ocrx_word' id='word_1_70' title='bbox 2763 750 2926 806; x_wconf 87' lang='lat' dir='ltr'><strong>Filio.</strong></span> <span class='ocrx_word' id='word_1_71' title='bbox 2959 770 2987 800; x_wconf 80' lang='grc'><strong>››</strong></span> <span class='ocrx_word' id='word_1_72' title='bbox 3021 749 3444 808; x_wconf 87' lang='lat' dir='ltr'><strong>Concludimus</strong></span> <span class='ocrx_word' id='word_1_73' title='bbox 3464 767 3594 807; x_wconf 89' lang='lat' dir='ltr'><strong>cum</strong></span> <span class='ocrx_word' id='word_1_74' title='bbox 3621 751 3802 824; x_wconf 87' lang='lat' dir='ltr'><strong>Hugo-</strong></span> 
     </span>
    </p>
   </div>
   <div class='ocr_carea' id='block_1_7' title="bbox 407 838 3801 921">
    <p class='ocr_par' dir='ltr' id='par_1_7' title="bbox 407 838 3801 921">
     <span class='ocr_line' id='line_1_7' title="bbox 407 838 3801 921; baseline -0.002 -16"><span class='ocrx_word' id='word_1_75' title='bbox 407 850 525 921; x_wconf 84' lang='lat' dir='ltr'><strong>logi</strong></span> <span class='ocrx_word' id='word_1_76' title='bbox 566 867 579 905; x_wconf 93' lang='lat'><strong>:</strong></span> <span class='ocrx_word' id='word_1_77' title='bbox 633 850 826 906; x_wconf 85' lang='lat' dir='ltr'><strong>Omnia</strong></span> <span class='ocrx_word' id='word_1_78' title='bbox 854 863 977 904; x_wconf 86' lang='lat' dir='ltr'><strong>mea</strong></span> <span class='ocrx_word' id='word_1_79' title='bbox 1007 853 1101 901; x_wconf 86' lang='lat' dir='ltr'><strong>tua</strong></span> <span class='ocrx_word' id='word_1_80' title='bbox 1155 852 1304 914; x_wconf 81' lang='lat' dir='ltr'><strong>sunt,</strong></span> <span class='ocrx_word' id='word_1_81' title='bbox 1327 849 1438 901; x_wconf 86' lang='lat' dir='ltr'><strong>etc.</strong></span> <span class='ocrx_word' id='word_1_82' title='bbox 1471 843 1659 908; x_wconf 84' lang='lat' dir='ltr'><strong>Quare</strong></span> <span class='ocrx_word' id='word_1_83' title='bbox 1709 859 1840 900; x_wconf 90' lang='lat' dir='ltr'><strong>cum</strong></span> <span class='ocrx_word' id='word_1_84' title='bbox 1890 841 2052 897; x_wconf 86' lang='lat' dir='ltr'><strong>lucu-</strong></span> <span class='ocrx_word' id='word_1_85' title='bbox 2159 841 2248 897; x_wconf 92' lang='lat' dir='ltr'><strong>nis</strong></span> <span class='ocrx_word' id='word_1_86' title='bbox 2271 840 2564 897; x_wconf 87' lang='lat' dir='ltr'><strong>Etheriani</strong></span> <span class='ocrx_word' id='word_1_87' title='bbox 2618 839 2828 908; x_wconf 86' lang='lat' dir='ltr'><strong>verbis,</strong></span> <span class='ocrx_word' id='word_1_88' title='bbox 2885 839 2981 911; x_wconf 89' lang='lat' dir='ltr'><strong>qui</strong></span> <span class='ocrx_word' id='word_1_89' title='bbox 3011 838 3070 911; x_wconf 94' lang='lat' dir='ltr'><strong>(l.</strong></span> <span class='ocrx_word' id='word_1_90' title='bbox 3131 855 3194 909; x_wconf 80' lang='grc' dir='ltr'><strong>η,</strong></span> <span class='ocrx_word' id='word_1_91' title='bbox 3227 856 3278 895; x_wconf 91' lang='lat' dir='ltr'><strong>c.</strong></span> <span class='ocrx_word' id='word_1_92' title='bbox 3315 841 3400 910; x_wconf 89' lang='grc'><strong>17,</strong></span> <span class='ocrx_word' id='word_1_93' title='bbox 3443 857 3502 912; x_wconf 90' lang='lat' dir='ltr'><strong>p.</strong></span> <span class='ocrx_word' id='word_1_94' title='bbox 3537 841 3702 914; x_wconf 79' lang='lat'><strong>1232)</strong></span> <span class='ocrx_word' id='word_1_95' title='bbox 3727 843 3801 898; x_wconf 85' lang='lat' dir='ltr'><strong>ita</strong></span> 
     </span>
    </p>
   </div>
   <div class='ocr_carea' id='block_1_8' title="bbox 2155 927 3798 1003">
    <p class='ocr_par' dir='ltr' id='par_1_8' title="bbox 2155 927 3798 1003">
     <span class='ocr_line' id='line_1_8' title="bbox 2155 927 3798 1003; baseline 0.001 -17"><span class='ocrx_word' id='word_1_96' title='bbox 2155 930 2362 986; x_wconf 90' lang='lat' dir='ltr'><strong>Photio</strong></span> <span class='ocrx_word' id='word_1_97' title='bbox 2393 930 2740 1002; x_wconf 89' lang='lat' dir='ltr'><strong>respondet:</strong></span> <span class='ocrx_word' id='word_1_98' title='bbox 2775 928 2975 984; x_wconf 80' lang='lat' dir='ltr'><strong>«Dixit</strong></span> <span class='ocrx_word' id='word_1_99' title='bbox 3003 927 3323 985; x_wconf 86' lang='lat' dir='ltr'><strong>Dominus:</strong></span> <span class='ocrx_word' id='word_1_100' title='bbox 3358 929 3623 1002; x_wconf 74' lang='lat' dir='ltr'><strong>Spiritus,</strong></span> <span class='ocrx_word' id='word_1_101' title='bbox 3657 933 3798 1003; x_wconf 80' lang='lat' dir='ltr'><strong>quia</strong></span> 
     </span>
    </p>
   </div>
   <div class='ocr_carea' id='block_1_9' title="bbox 2159 1018 3795 1094">
    <p class='ocr_par' dir='ltr' id='par_1_9' title="bbox 2159 1018 3795 1094">
     <span class='ocr_line' id='line_1_9' title="bbox 2159 1018 3795 1094; baseline 0 -18"><span class='ocrx_word' id='word_1_102' title='bbox 2159 1025 2323 1076; x_wconf 84' lang='lat' dir='ltr'><strong>Patre</strong></span> <span class='ocrx_word' id='word_1_103' title='bbox 2338 1019 2616 1091; x_wconf 75' lang='lat' dir='ltr'><strong>procedit;</strong></span> <span class='ocrx_word' id='word_1_104' title='bbox 2642 1018 3127 1075; x_wconf 86' lang='lat' dir='ltr'><strong>confirmaverunt</strong></span> <span class='ocrx_word' id='word_1_105' title='bbox 3145 1018 3253 1074; x_wconf 90' lang='lat' dir='ltr'><strong>hoc</strong></span> <span class='ocrx_word' id='word_1_106' title='bbox 3272 1022 3330 1074; x_wconf 91' lang='lat' dir='ltr'><strong>et</strong></span> <span class='ocrx_word' id='word_1_107' title='bbox 3357 1023 3572 1076; x_wconf 65' lang='lat' dir='ltr'><strong>sancta</strong></span> <span class='ocrx_word' id='word_1_108' title='bbox 3597 1021 3795 1094; x_wconf 80' lang='lat' dir='ltr'><strong>synodi</strong></span> 
     </span>
    </p>
   </div>
   <div class='ocr_carea' id='block_1_10' title="bbox 2162 1104 3796 1180">
    <p class='ocr_par' dir='ltr' id='par_1_10' title="bbox 2162 1104 3796 1180">
     <span class='ocr_line' id='line_1_10' title="bbox 2162 1104 3796 1180; baseline -0.002 -16"><span class='ocrx_word' id='word_1_109' title='bbox 2162 1109 2615 1180; x_wconf 87' lang='lat' dir='ltr'><strong>Latinorumque</strong></span> <span class='ocrx_word' id='word_1_110' title='bbox 2635 1123 2808 1165; x_wconf 90' lang='lat' dir='ltr'><strong>omne</strong></span> <span class='ocrx_word' id='word_1_111' title='bbox 2837 1107 3142 1179; x_wconf 80' lang='lat' dir='ltr'><strong>collegium</strong></span> <span class='ocrx_word' id='word_1_112' title='bbox 3162 1123 3277 1163; x_wconf 91' lang='lat' dir='ltr'><strong>non</strong></span> <span class='ocrx_word' id='word_1_113' title='bbox 3310 1104 3502 1163; x_wconf 90' lang='lat' dir='ltr'><strong>solum</strong></span> <span class='ocrx_word' id='word_1_114' title='bbox 3529 1123 3646 1162; x_wconf 92' lang='lat' dir='ltr'><strong>non</strong></span> <span class='ocrx_word' id='word_1_115' title='bbox 3674 1107 3796 1162; x_wconf 83' lang='lat' dir='ltr'><strong>inti-</strong></span> 
     </span>
    </p>
   </div>
   <div class='ocr_carea' id='block_1_11' title="bbox 2158 1196 3798 1268">
    <p class='ocr_par' dir='ltr' id='par_1_11' title="bbox 2158 1196 3798 1268">
     <span class='ocr_line' id='line_1_11' title="bbox 2158 1196 3798 1268; baseline -0.001 -15"><span class='ocrx_word' id='word_1_116' title='bbox 2158 1199 2377 1254; x_wconf 90' lang='lat' dir='ltr'><strong>ciatum</strong></span> <span class='ocrx_word' id='word_1_117' title='bbox 2400 1199 2614 1266; x_wconf 87' lang='lat' dir='ltr'><strong>est,sed</strong></span> <span class='ocrx_word' id='word_1_118' title='bbox 2632 1212 2758 1254; x_wconf 90' lang='lat' dir='ltr'><strong>cum</strong></span> <span class='ocrx_word' id='word_1_119' title='bbox 2787 1197 2949 1254; x_wconf 89' lang='lat' dir='ltr'><strong>omni</strong></span> <span class='ocrx_word' id='word_1_120' title='bbox 2979 1197 3285 1268; x_wconf 86' lang='lat' dir='ltr'><strong>diligentia</strong></span> <span class='ocrx_word' id='word_1_121' title='bbox 3317 1199 3373 1250; x_wconf 89' lang='lat' dir='ltr'><strong>et</strong></span> <span class='ocrx_word' id='word_1_122' title='bbox 3393 1211 3463 1250; x_wconf 82' lang='lat' dir='ltr'><strong>ex</strong></span> <span class='ocrx_word' id='word_1_123' title='bbox 3493 1199 3615 1250; x_wconf 93' lang='lat' dir='ltr'><strong>toto</strong></span> <span class='ocrx_word' id='word_1_124' title='bbox 3637 1196 3798 1252; x_wconf 89' lang='lat' dir='ltr'><strong>corde</strong></span> 
     </span>
    </p>
   </div>
   <div class='ocr_carea' id='block_1_12' title="bbox 2157 1284 3798 1356">
    <p class='ocr_par' dir='ltr' id='par_1_12' title="bbox 2157 1284 3798 1356">
     <span class='ocr_line' id='line_1_12' title="bbox 2157 1284 3798 1356; baseline -0.002 -12"><span class='ocrx_word' id='word_1_125' title='bbox 2157 1288 2360 1354; x_wconf 85' lang='lat' dir='ltr'><strong>credit,</strong></span> <span class='ocrx_word' id='word_1_126' title='bbox 2392 1291 2448 1344; x_wconf 91' lang='lat' dir='ltr'><strong>et</strong></span> <span class='ocrx_word' id='word_1_127' title='bbox 2475 1287 2616 1342; x_wconf 87' lang='lat' dir='ltr'><strong>dicit</strong></span> <span class='ocrx_word' id='word_1_128' title='bbox 2645 1285 3086 1356; x_wconf 85' lang='lat' dir='ltr'><strong>conﬁteturque,</strong></span> <span class='ocrx_word' id='word_1_129' title='bbox 3109 1289 3167 1340; x_wconf 89' lang='lat' dir='ltr'><strong>et</strong></span> <span class='ocrx_word' id='word_1_130' title='bbox 3196 1301 3265 1340; x_wconf 82' lang='lat' dir='ltr'><strong>ex</strong></span> <span class='ocrx_word' id='word_1_131' title='bbox 3303 1284 3446 1341; x_wconf 91' lang='lat' dir='ltr'><strong>Filio</strong></span> <span class='ocrx_word' id='word_1_132' title='bbox 3478 1285 3798 1355; x_wconf 83' lang='lat' dir='ltr'><strong>procedere.</strong></span> 
     </span>
    </p>
   </div>
   <div class='ocr_carea' id='block_1_13' title="bbox 2159 1373 3804 1446">
    <p class='ocr_par' dir='ltr' id='par_1_13' title="bbox 2159 1373 3804 1446">
     <span class='ocr_line' id='line_1_13' title="bbox 2159 1373 3804 1446; baseline -0.004 -12"><span class='ocrx_word' id='word_1_133' title='bbox 2159 1377 2302 1434; x_wconf 84' lang='lat' dir='ltr'><strong>Nam</strong></span> <span class='ocrx_word' id='word_1_134' title='bbox 2349 1377 2483 1432; x_wconf 91' lang='lat' dir='ltr'><strong>licet</strong></span> <span class='ocrx_word' id='word_1_135' title='bbox 2540 1375 2700 1432; x_wconf 86' lang='lat' dir='ltr'><strong>solus</strong></span> <span class='ocrx_word' id='word_1_136' title='bbox 2750 1375 3087 1432; x_wconf 90' lang='lat' dir='ltr'><strong>nominetur</strong></span> <span class='ocrx_word' id='word_1_137' title='bbox 3125 1379 3320 1441; x_wconf 88' lang='lat' dir='ltr'><strong>Pater,</strong></span> <span class='ocrx_word' id='word_1_138' title='bbox 3344 1373 3804 1446; x_wconf 87' lang='lat' dir='ltr'><strong>subintelligitnr</strong></span> 
     </span>
    </p>
   </div>
   <div class='ocr_carea' id='block_1_14' title="bbox 2157 1462 3801 1535">
    <p class='ocr_par' dir='ltr' id='par_1_14' title="bbox 2157 1462 3801 1535">
     <span class='ocr_line' id='line_1_14' title="bbox 2157 1462 3801 1535; baseline -0.001 -13"><span class='ocrx_word' id='word_1_139' title='bbox 2157 1467 2396 1522; x_wconf 88' lang='lat' dir='ltr'><strong>omnino</strong></span> <span class='ocrx_word' id='word_1_140' title='bbox 2427 1473 2480 1520; x_wconf 87' lang='lat' dir='ltr'><strong>et</strong></span> <span class='ocrx_word' id='word_1_141' title='bbox 2512 1465 2711 1533; x_wconf 86' lang='lat' dir='ltr'><strong>Filius,</strong></span> <span class='ocrx_word' id='word_1_142' title='bbox 2735 1481 2802 1521; x_wconf 91' lang='lat' dir='ltr'><strong>eo</strong></span> <span class='ocrx_word' id='word_1_143' title='bbox 2832 1464 2985 1535; x_wconf 90' lang='lat' dir='ltr'><strong>quod</strong></span> <span class='ocrx_word' id='word_1_144' title='bbox 3031 1465 3251 1535; x_wconf 85' lang='lat' dir='ltr'><strong>absque</strong></span> <span class='ocrx_word' id='word_1_145' title='bbox 3284 1462 3477 1519; x_wconf 91' lang='lat' dir='ltr'><strong>medio</strong></span> <span class='ocrx_word' id='word_1_146' title='bbox 3529 1463 3603 1518; x_wconf 89' lang='lat' dir='ltr'><strong>de</strong></span> <span class='ocrx_word' id='word_1_147' title='bbox 3637 1463 3801 1520; x_wconf 82' lang='lat' dir='ltr'><strong>Patre</strong></span> 
     </span>
    </p>
   </div>
   <div class='ocr_carea' id='block_1_15' title="bbox 2142 1551 3805 1626">
    <p class='ocr_par' dir='ltr' id='par_1_15' title="bbox 2142 1551 3805 1626">
     <span class='ocr_line' id='line_1_15' title="bbox 2142 1551 3805 1626; baseline -0.001 -16"><span class='ocrx_word' id='word_1_148' title='bbox 2142 1572 2274 1611; x_wconf 84' lang='lat' dir='ltr'><strong>non</strong></span> <span class='ocrx_word' id='word_1_149' title='bbox 2306 1555 2598 1626; x_wconf 85' lang='lat' dir='ltr'><strong>procedat,</strong></span> <span class='ocrx_word' id='word_1_150' title='bbox 2645 1559 2862 1610; x_wconf 90' lang='lat' dir='ltr'><strong>etcum</strong></span> <span class='ocrx_word' id='word_1_151' title='bbox 2913 1567 3205 1624; x_wconf 87' lang='lat' dir='ltr'><strong>nusquam</strong></span> <span class='ocrx_word' id='word_1_152' title='bbox 3249 1552 3416 1608; x_wconf 89' lang='lat' dir='ltr'><strong>Pater</strong></span> <span class='ocrx_word' id='word_1_153' title='bbox 3447 1551 3678 1608; x_wconf 81' lang='lat' dir='ltr'><strong>dixisse</strong></span> <span class='ocrx_word' id='word_1_154' title='bbox 3719 1569 3805 1609; x_wconf 56' lang='lat' dir='ltr'><strong>re.</strong></span> 
     </span>
    </p>
   </div>
   <div class='ocr_carea' id='block_1_16' title="bbox 401 1641 3804 1726">
    <p class='ocr_par' dir='ltr' id='par_1_16' title="bbox 401 1641 3804 1726">
     <span class='ocr_line' id='line_1_16' title="bbox 401 1641 3804 1726; baseline -0.004 -16"><span class='ocrx_word' id='word_1_155' title='bbox 401 1654 502 1726; x_wconf 90' lang='lat' dir='ltr'><strong>(De</strong></span> <span class='ocrx_word' id='word_1_156' title='bbox 531 1659 594 1710; x_wconf 83' lang='lat' dir='ltr'><strong>F.</strong></span> <span class='ocrx_word' id='word_1_157' title='bbox 630 1654 689 1711; x_wconf 93' lang='lat'><strong>0.</strong></span> <span class='ocrx_word' id='word_1_158' title='bbox 733 1655 775 1720; x_wconf 90' lang='grc' dir='ltr'><strong>Ι,</strong></span> <span class='ocrx_word' id='word_1_159' title='bbox 817 1655 871 1720; x_wconf 89' lang='grc'><strong>8,</strong></span> <span class='ocrx_word' id='word_1_160' title='bbox 915 1671 971 1724; x_wconf 91' lang='lat' dir='ltr'><strong>p.</strong></span> <span class='ocrx_word' id='word_1_161' title='bbox 1015 1654 1136 1725; x_wconf 79' lang='grc'>141)</span> <span class='ocrx_word' id='word_1_162' title='bbox 1169 1652 1565 1719; x_wconf 80' lang='lat' dir='ltr'><strong>afﬁrmaverit,</strong></span> <span class='ocrx_word' id='word_1_163' title='bbox 1599 1649 1658 1704; x_wconf 83' lang='grc' dir='ltr'>ἐκ</span> <span class='ocrx_word' id='word_1_164' title='bbox 1693 1652 1789 1702; x_wconf 77' lang='grc' dir='ltr'><strong>τοῦ</strong></span> <span class='ocrx_word' id='word_1_165' title='bbox 1830 1649 1957 1702; x_wconf 76' lang='grc' dir='ltr'><strong>Υἱοῦ</strong></span> <span class='ocrx_word' id='word_1_166' title='bbox 1986 1645 2048 1700; x_wconf 82' lang='grc' dir='ltr'><strong>τὸ</strong></span> <span class='ocrx_word' id='word_1_167' title='bbox 2158 1647 2449 1717; x_wconf 84' lang='lat' dir='ltr'><strong>pariatur:</strong></span> <span class='ocrx_word' id='word_1_168' title='bbox 2485 1649 2601 1716; x_wconf 87' lang='lat' dir='ltr'><strong>Ego</strong></span> <span class='ocrx_word' id='word_1_169' title='bbox 2629 1645 2773 1701; x_wconf 84' lang='lat' dir='ltr'><strong>solus</strong></span> <span class='ocrx_word' id='word_1_170' title='bbox 2804 1647 2991 1700; x_wconf 83' lang='lat' dir='ltr'><strong>emitto</strong></span> <span class='ocrx_word' id='word_1_171' title='bbox 3029 1642 3303 1714; x_wconf 76' lang='lat' dir='ltr'><strong>Spiritum</strong></span> <span class='ocrx_word' id='word_1_172' title='bbox 3339 1660 3354 1712; x_wconf 88' lang='lat'><strong>;</strong></span> <span class='ocrx_word' id='word_1_173' title='bbox 3387 1641 3536 1714; x_wconf 78' lang='lat'><strong>(166)</strong></span> <span class='ocrx_word' id='word_1_174' title='bbox 3571 1641 3682 1698; x_wconf 88' lang='lat' dir='ltr'><strong>sed</strong></span> <span class='ocrx_word' id='word_1_175' title='bbox 3712 1659 3804 1698; x_wconf 86' lang='lat' dir='ltr'><strong>ne-</strong></span> 
     </span>
    </p>
   </div>
   <div class='ocr_carea' id='block_1_17' title="bbox 403 1731 2054 1816">
    <p class='ocr_par' dir='ltr' id='par_1_17' title="bbox 403 1735 2048 1816">
     <span class='ocr_line' id='line_1_17' title="bbox 403 1735 2048 1816; baseline -0.004 -20"><span class='ocrx_word' id='word_1_176' title='bbox 403 1745 627 1815; x_wconf 83' lang='grc' dir='ltr'><strong>Πνεῦμα</strong></span> <span class='ocrx_word' id='word_1_177' title='bbox 683 1743 756 1814; x_wconf 78' lang='grc' dir='ltr'><strong>μή</strong></span> <span class='ocrx_word' id='word_1_178' title='bbox 809 1739 1060 1816; x_wconf 78' lang='grc' dir='ltr'><strong>λέγεσθαι</strong></span> <span class='ocrx_word' id='word_1_179' title='bbox 1101 1745 1296 1814; x_wconf 78' lang='lat' dir='ltr'><strong>aperte</strong></span> <span class='ocrx_word' id='word_1_180' title='bbox 1335 1741 1619 1813; x_wconf 82' lang='lat' dir='ltr'><strong>Spiritum</strong></span> <span class='ocrx_word' id='word_1_181' title='bbox 1663 1735 1751 1792; x_wconf 76' lang='grc' dir='ltr'><strong>διὰ</strong></span> <span class='ocrx_word' id='word_1_182' title='bbox 1786 1740 1882 1792; x_wconf 79' lang='grc' dir='ltr'><strong>τοῦ</strong></span> <span class='ocrx_word' id='word_1_183' title='bbox 1920 1736 2048 1791; x_wconf 76' lang='grc' dir='ltr'>Υἱοῦ</span> 
     </span>
    </p>
   </div>
   <div class='ocr_carea' id='block_1_18' title="bbox 2164 1731 3800 1816">
    <p class='ocr_par' dir='ltr' id='par_1_18' title="bbox 2164 1731 3800 1808">
     <span class='ocr_line' id='line_1_18' title="bbox 2164 1731 3800 1808; baseline -0.002 -17"><span class='ocrx_word' id='word_1_184' title='bbox 2164 1753 2271 1808; x_wconf 89' lang='lat' dir='ltr'><strong>que</strong></span> <span class='ocrx_word' id='word_1_185' title='bbox 2301 1735 2716 1808; x_wconf 88' lang='lat' dir='ltr'><strong>prophetarum</strong></span> <span class='ocrx_word' id='word_1_186' title='bbox 2748 1734 3058 1806; x_wconf 85' lang='lat' dir='ltr'><strong>quisquam</strong></span> <span class='ocrx_word' id='word_1_187' title='bbox 3092 1749 3192 1790; x_wconf 88' lang='lat' dir='ltr'><strong>seu</strong></span> <span class='ocrx_word' id='word_1_188' title='bbox 3244 1731 3490 1788; x_wconf 89' lang='lat' dir='ltr'><strong>aliorum</strong></span> <span class='ocrx_word' id='word_1_189' title='bbox 3523 1734 3800 1788; x_wconf 85' lang='lat' dir='ltr'><strong>Patrum:</strong></span> 
     </span>
    </p>
   </div>
   <div class='ocr_carea' id='block_1_19' title="bbox 405 1790 3805 1907">
    <p class='ocr_par' dir='ltr' id='par_1_19' title="bbox 405 1790 3805 1907">
     <span class='ocr_line' id='line_1_19' title="bbox 405 1790 3805 1907; baseline -0.002 -21"><span class='ocrx_word' id='word_1_190' title='bbox 405 1790 767 1907; x_wconf 31' lang='lat' dir='ltr'><strong>Quaesisti</strong></span> <span class='ocrx_word' id='word_1_191' title='bbox 793 1790 1620 1898; x_wconf 36' lang='lat' dir='ltr'><strong>ASéaii&#39;,&quot;a_§iLaIt—ini§</strong></span> <span class='ocrx_word' id='word_1_192' title='bbox 1642 1790 1842 1901; x_wconf 76' lang='lat' dir='ltr'><strong>potius</strong></span> <span class='ocrx_word' id='word_1_193' title='bbox 1867 1844 2046 1900; x_wconf 88' lang='lat' dir='ltr'><strong>quam</strong></span> <span class='ocrx_word' id='word_1_194' title='bbox 2077 1790 2124 1856; x_wconf 82' lang='lat' dir='ltr'><strong>B</strong></span> <span class='ocrx_word' id='word_1_195' title='bbox 2346 1790 2519 1881; x_wconf 60' lang='lat' dir='ltr'><strong>Pater</strong></span> <span class='ocrx_word' id='word_1_196' title='bbox 2550 1790 3067 1896; x_wconf 44' lang='lat' dir='ltr'><strong>emittit‘Spir‘itum,</strong></span> <span class='ocrx_word' id='word_1_197' title='bbox 3091 1822 3408 1894; x_wconf 82' lang='lat' dir='ltr'><strong>aliquando</strong></span> <span class='ocrx_word' id='word_1_198' title='bbox 3443 1821 3712 1893; x_wconf 88' lang='lat' dir='ltr'><strong>protulit.</strong></span> <span class='ocrx_word' id='word_1_199' title='bbox 3740 1824 3805 1878; x_wconf 80' lang='lat' dir='ltr'><strong>At</strong></span> 
     </span>
    </p>
   </div>
   <div class='ocr_carea' id='block_1_20' title="bbox 403 1911 3798 1993">
    <p class='ocr_par' dir='ltr' id='par_1_20' title="bbox 403 1911 3798 1993">
     <span class='ocr_line' id='line_1_20' title="bbox 403 1911 3798 1993; baseline -0.003 -16"><span class='ocrx_word' id='word_1_200' title='bbox 403 1939 465 1978; x_wconf 85' lang='lat' dir='ltr'><strong>re</strong></span> <span class='ocrx_word' id='word_1_201' title='bbox 495 1923 621 1993; x_wconf 91' lang='lat' dir='ltr'><strong>ipsa</strong></span> <span class='ocrx_word' id='word_1_202' title='bbox 669 1922 954 1978; x_wconf 86' lang='lat' dir='ltr'><strong>dissidere</strong></span> <span class='ocrx_word' id='word_1_203' title='bbox 989 1923 1123 1992; x_wconf 90' lang='lat' dir='ltr'><strong>jure</strong></span> <span class='ocrx_word' id='word_1_204' title='bbox 1169 1920 1386 1992; x_wconf 91' lang='lat' dir='ltr'><strong>optimo</strong></span> <span class='ocrx_word' id='word_1_205' title='bbox 1428 1927 1698 1976; x_wconf 89' lang='lat' dir='ltr'><strong>censetur</strong></span> <span class='ocrx_word' id='word_1_206' title='bbox 1745 1919 1875 1990; x_wconf 89' lang='lat'><strong>(63).</strong></span> <span class='ocrx_word' id='word_1_207' title='bbox 1913 1920 2046 1984; x_wconf 76' lang='lat' dir='ltr'><strong>Quae</strong></span> <span class='ocrx_word' id='word_1_208' title='bbox 2153 1929 2287 1970; x_wconf 89' lang='lat' dir='ltr'><strong>vero</strong></span> <span class='ocrx_word' id='word_1_209' title='bbox 2319 1929 2503 1986; x_wconf 91' lang='lat' dir='ltr'><strong>neque</strong></span> <span class='ocrx_word' id='word_1_210' title='bbox 2534 1918 2738 1970; x_wconf 85' lang='lat' dir='ltr'><strong>contra</strong></span> <span class='ocrx_word' id='word_1_211' title='bbox 2771 1913 3002 1968; x_wconf 90' lang='lat' dir='ltr'><strong>decreta</strong></span> <span class='ocrx_word' id='word_1_212' title='bbox 3031 1912 3130 1970; x_wconf 87' lang='lat' dir='ltr'><strong>SS.</strong></span> <span class='ocrx_word' id='word_1_213' title='bbox 3163 1912 3422 1979; x_wconf 85' lang='lat' dir='ltr'><strong>Patrum,</strong></span> <span class='ocrx_word' id='word_1_214' title='bbox 3455 1911 3554 1982; x_wconf 91' lang='lat' dir='ltr'><strong>qui</strong></span> <span class='ocrx_word' id='word_1_215' title='bbox 3579 1911 3798 1980; x_wconf 70' lang='lat' dir='ltr'><strong>Nicaeae,</strong></span> 
     </span>
    </p>
   </div>
   <div class='ocr_carea' id='block_1_21' title="bbox 404 1998 3802 2083">
    <p class='ocr_par' dir='ltr' id='par_1_21' title="bbox 404 1998 3802 2083">
     <span class='ocr_line' id='line_1_21' title="bbox 404 1998 3802 2083; baseline -0.004 -16"><span class='ocrx_word' id='word_1_216' title='bbox 404 2011 552 2083; x_wconf 84' lang='lat'><strong>[165]</strong></span> <span class='ocrx_word' id='word_1_217' title='bbox 596 2027 729 2066; x_wconf 90' lang='lat' dir='ltr'><strong>cum</strong></span> <span class='ocrx_word' id='word_1_218' title='bbox 779 2011 861 2066; x_wconf 90' lang='lat' dir='ltr'><strong>ita</strong></span> <span class='ocrx_word' id='word_1_219' title='bbox 908 2011 1048 2079; x_wconf 89' lang='lat' dir='ltr'><strong>sint,</strong></span> <span class='ocrx_word' id='word_1_220' title='bbox 1079 2026 1194 2066; x_wconf 91' lang='lat' dir='ltr'><strong>non</strong></span> <span class='ocrx_word' id='word_1_221' title='bbox 1243 2014 1462 2065; x_wconf 84' lang='lat' dir='ltr'><strong>temere</strong></span> <span class='ocrx_word' id='word_1_222' title='bbox 1511 2009 1862 2065; x_wconf 81' lang='lat' dir='ltr'><strong>Ratramnus</strong></span> <span class='ocrx_word' id='word_1_223' title='bbox 1913 2007 1972 2078; x_wconf 92' lang='lat' dir='ltr'><strong>(l.</strong></span> <span class='ocrx_word' id='word_1_224' title='bbox 2006 2023 2046 2075; x_wconf 74' lang='grc' dir='ltr'><strong>ι,</strong></span> <span class='ocrx_word' id='word_1_225' title='bbox 2149 2003 2669 2076; x_wconf 86' lang='lat' dir='ltr'><strong>Constantinopoli,</strong></span> <span class='ocrx_word' id='word_1_226' title='bbox 2710 2002 3075 2058; x_wconf 85' lang='lat' dir='ltr'><strong>Chalcedone</strong></span> <span class='ocrx_word' id='word_1_227' title='bbox 3123 2000 3211 2056; x_wconf 90' lang='lat' dir='ltr'><strong>vel</strong></span> <span class='ocrx_word' id='word_1_228' title='bbox 3271 1999 3512 2056; x_wconf 88' lang='lat' dir='ltr'><strong>ubilibet</strong></span> <span class='ocrx_word' id='word_1_229' title='bbox 3539 1998 3802 2057; x_wconf 86' lang='lat' dir='ltr'><strong>locorum</strong></span> 
     </span>
    </p>
   </div>
   <div class='ocr_carea' id='block_1_22' title="bbox 403 2089 3807 2172">
    <p class='ocr_par' dir='ltr' id='par_1_22' title="bbox 403 2089 3807 2172">
     <span class='ocr_line' id='line_1_22' title="bbox 403 2089 3807 2172; baseline -0.003 -16"><span class='ocrx_word' id='word_1_230' title='bbox 403 2117 452 2156; x_wconf 89' lang='lat' dir='ltr'><strong>c.</strong></span> <span class='ocrx_word' id='word_1_231' title='bbox 477 2099 531 2168; x_wconf 94' lang='lat'><strong>8,</strong></span> <span class='ocrx_word' id='word_1_232' title='bbox 565 2117 622 2172; x_wconf 89' lang='lat' dir='ltr'><strong>p.</strong></span> <span class='ocrx_word' id='word_1_233' title='bbox 654 2100 761 2154; x_wconf 70' lang='lat'><strong>242</strong></span> <span class='ocrx_word' id='word_1_234' title='bbox 792 2115 915 2170; x_wconf 86' lang='lat' dir='ltr'><strong>seq.</strong></span> <span class='ocrx_word' id='word_1_235' title='bbox 941 2099 1031 2154; x_wconf 93' lang='lat' dir='ltr'><strong>ed.</strong></span> <span class='ocrx_word' id='word_1_236' title='bbox 1066 2098 1211 2171; x_wconf 87' lang='lat' dir='ltr'><strong>cit.).</strong></span> <span class='ocrx_word' id='word_1_237' title='bbox 1253 2098 1482 2154; x_wconf 74' lang='lat' dir='ltr'><strong>Graecos</strong></span> <span class='ocrx_word' id='word_1_238' title='bbox 1531 2098 1622 2154; x_wconf 92' lang='lat' dir='ltr'><strong>sui</strong></span> <span class='ocrx_word' id='word_1_239' title='bbox 1658 2095 1938 2169; x_wconf 87' lang='lat' dir='ltr'><strong>temporis</strong></span> <span class='ocrx_word' id='word_1_240' title='bbox 1968 2095 2050 2151; x_wconf 89' lang='lat' dir='ltr'><strong>ita</strong></span> <span class='ocrx_word' id='word_1_241' title='bbox 2158 2109 2260 2165; x_wconf 91' lang='lat' dir='ltr'><strong>pro</strong></span> <span class='ocrx_word' id='word_1_242' title='bbox 2284 2093 2571 2149; x_wconf 84' lang='lat' dir='ltr'><strong>ﬁrmanda</strong></span> <span class='ocrx_word' id='word_1_243' title='bbox 2592 2093 2704 2148; x_wconf 82' lang='lat' dir='ltr'><strong>fide</strong></span> <span class='ocrx_word' id='word_1_244' title='bbox 2734 2094 3154 2149; x_wconf 91' lang='lat' dir='ltr'><strong>convenerunt.</strong></span> <span class='ocrx_word' id='word_1_245' title='bbox 3187 2090 3333 2146; x_wconf 82' lang='lat' dir='ltr'><strong>Idem</strong></span> <span class='ocrx_word' id='word_1_246' title='bbox 3375 2089 3556 2156; x_wconf 89' lang='lat' dir='ltr'><strong>enim,</strong></span> <span class='ocrx_word' id='word_1_247' title='bbox 3577 2090 3680 2146; x_wconf 83' lang='lat' dir='ltr'><strong>sed</strong></span> <span class='ocrx_word' id='word_1_248' title='bbox 3707 2090 3807 2146; x_wconf 84' lang='lat' dir='ltr'><strong>ali-</strong></span> 
     </span>
    </p>
   </div>
   <div class='ocr_carea' id='block_1_23' title="bbox 403 2178 3809 2261">
    <p class='ocr_par' dir='ltr' id='par_1_23' title="bbox 403 2178 3809 2261">
     <span class='ocr_line' id='line_1_23' title="bbox 403 2178 3809 2261; baseline -0.003 -15"><span class='ocrx_word' id='word_1_249' title='bbox 403 2189 673 2261; x_wconf 88' lang='lat' dir='ltr'><strong>objurgat</strong></span> <span class='ocrx_word' id='word_1_250' title='bbox 701 2205 714 2245; x_wconf 90' lang='lat'><strong>:</strong></span> <span class='ocrx_word' id='word_1_251' title='bbox 742 2211 770 2240; x_wconf 79' lang='grc'><strong>‹‹</strong></span> <span class='ocrx_word' id='word_1_252' title='bbox 793 2188 1034 2245; x_wconf 89' lang='lat' dir='ltr'><strong>Cessent</strong></span> <span class='ocrx_word' id='word_1_253' title='bbox 1073 2188 1256 2261; x_wconf 90' lang='lat' dir='ltr'><strong>igitur</strong></span> <span class='ocrx_word' id='word_1_254' title='bbox 1287 2188 1730 2260; x_wconf 87' lang='lat' dir='ltr'><strong>reprehensores</strong></span> <span class='ocrx_word' id='word_1_255' title='bbox 1753 2185 1840 2242; x_wconf 88' lang='lat' dir='ltr'><strong>vel</strong></span> <span class='ocrx_word' id='word_1_256' title='bbox 1873 2187 2049 2242; x_wconf 87' lang='lat' dir='ltr'><strong>male-</strong></span> <span class='ocrx_word' id='word_1_257' title='bbox 2147 2189 2243 2238; x_wconf 73' lang='lat' dir='ltr'><strong>ter</strong></span> <span class='ocrx_word' id='word_1_258' title='bbox 2269 2183 2411 2238; x_wconf 91' lang='lat' dir='ltr'><strong>dicit</strong></span> <span class='ocrx_word' id='word_1_259' title='bbox 2448 2181 2813 2254; x_wconf 73' lang='lat' dir='ltr'><strong>explananda,</strong></span> <span class='ocrx_word' id='word_1_260' title='bbox 2843 2187 2896 2237; x_wconf 85' lang='lat' dir='ltr'><strong>et</strong></span> <span class='ocrx_word' id='word_1_261' title='bbox 2934 2178 3364 2253; x_wconf 82' lang='lat' dir='ltr'><strong>interpretando,</strong></span> <span class='ocrx_word' id='word_1_262' title='bbox 3408 2179 3560 2251; x_wconf 87' lang='lat' dir='ltr'><strong>quod</strong></span> <span class='ocrx_word' id='word_1_263' title='bbox 3598 2181 3699 2250; x_wconf 89' lang='lat' dir='ltr'><strong>pie</strong></span> <span class='ocrx_word' id='word_1_264' title='bbox 3727 2181 3809 2237; x_wconf 86' lang='lat' dir='ltr'><strong>in-</strong></span> 
     </span>
    </p>
   </div>
   <div class='ocr_carea' id='block_1_24' title="bbox 401 2270 3812 2349">
    <p class='ocr_par' dir='ltr' id='par_1_24' title="bbox 401 2270 3812 2349">
     <span class='ocr_line' id='line_1_24' title="bbox 401 2270 3812 2349; baseline -0.002 -15"><span class='ocrx_word' id='word_1_265' title='bbox 401 2278 520 2336; x_wconf 90' lang='lat' dir='ltr'><strong>voli</strong></span> <span class='ocrx_word' id='word_1_266' title='bbox 542 2278 630 2334; x_wconf 88' lang='lat' dir='ltr'><strong>vel</strong></span> <span class='ocrx_word' id='word_1_267' title='bbox 655 2277 1138 2349; x_wconf 86' lang='lat' dir='ltr'><strong>imperitiChristi</strong></span> <span class='ocrx_word' id='word_1_268' title='bbox 1163 2278 1483 2333; x_wconf 89' lang='lat' dir='ltr'><strong>Ecclesiam</strong></span> <span class='ocrx_word' id='word_1_269' title='bbox 1508 2275 2048 2348; x_wconf 88' lang='lat' dir='ltr'><strong>redarguere,quod</strong></span> <span class='ocrx_word' id='word_1_270' title='bbox 2155 2272 2340 2344; x_wconf 89' lang='lat' dir='ltr'><strong>telligi</strong></span> <span class='ocrx_word' id='word_1_271' title='bbox 2375 2277 2639 2343; x_wconf 84' lang='lat' dir='ltr'><strong>oporteat</strong></span> <span class='ocrx_word' id='word_1_272' title='bbox 2669 2272 2954 2344; x_wconf 87' lang='lat' dir='ltr'><strong>Spiritum</strong></span> <span class='ocrx_word' id='word_1_273' title='bbox 2978 2288 3048 2326; x_wconf 84' lang='lat' dir='ltr'><strong>ex</strong></span> <span class='ocrx_word' id='word_1_274' title='bbox 3079 2275 3246 2327; x_wconf 87' lang='lat' dir='ltr'><strong>Patre</strong></span> <span class='ocrx_word' id='word_1_275' title='bbox 3293 2270 3630 2342; x_wconf 88' lang='lat' dir='ltr'><strong>procedere,</strong></span> <span class='ocrx_word' id='word_1_276' title='bbox 3678 2271 3812 2326; x_wconf 81' lang='lat' dir='ltr'><strong>sub-</strong></span> 
     </span>
    </p>
   </div>
   <div class='ocr_carea' id='block_1_25' title="bbox 405 2361 3810 2440">
    <p class='ocr_par' dir='ltr' id='par_1_25' title="bbox 405 2361 3810 2440">
     <span class='ocr_line' id='line_1_25' title="bbox 405 2361 3810 2440; baseline -0.002 -17"><span class='ocrx_word' id='word_1_277' title='bbox 405 2367 690 2440; x_wconf 87' lang='lat' dir='ltr'><strong>Spiritum</strong></span> <span class='ocrx_word' id='word_1_278' title='bbox 721 2372 995 2423; x_wconf 88' lang='lat' dir='ltr'><strong>sanctum</strong></span> <span class='ocrx_word' id='word_1_279' title='bbox 1043 2367 1350 2422; x_wconf 86' lang='lat' dir='ltr'><strong>confitetur</strong></span> <span class='ocrx_word' id='word_1_280' title='bbox 1381 2385 1413 2422; x_wconf 90' lang='lat' dir='ltr'><strong>a</strong></span> <span class='ocrx_word' id='word_1_281' title='bbox 1445 2371 1609 2422; x_wconf 83' lang='lat' dir='ltr'><strong>Patre</strong></span> <span class='ocrx_word' id='word_1_282' title='bbox 1656 2371 1712 2422; x_wconf 90' lang='lat' dir='ltr'><strong>et</strong></span> <span class='ocrx_word' id='word_1_283' title='bbox 1743 2366 1884 2420; x_wconf 86' lang='lat' dir='ltr'><strong>Filio</strong></span> <span class='ocrx_word' id='word_1_284' title='bbox 1917 2381 2048 2438; x_wconf 85' lang='lat' dir='ltr'><strong>pro-</strong></span> <span class='ocrx_word' id='word_1_285' title='bbox 2157 2363 2450 2419; x_wconf 88' lang='lat' dir='ltr'><strong>intellecto</strong></span> <span class='ocrx_word' id='word_1_286' title='bbox 2469 2363 2596 2418; x_wconf 86' lang='lat' dir='ltr'><strong>scil.</strong></span> <span class='ocrx_word' id='word_1_287' title='bbox 2623 2362 2787 2428; x_wconf 91' lang='lat' dir='ltr'><strong>Filio,</strong></span> <span class='ocrx_word' id='word_1_288' title='bbox 2807 2372 2926 2418; x_wconf 78' lang='lat' dir='ltr'><strong>tum</strong></span> <span class='ocrx_word' id='word_1_289' title='bbox 2955 2361 3093 2433; x_wconf 88' lang='lat' dir='ltr'><strong>quia</strong></span> <span class='ocrx_word' id='word_1_290' title='bbox 3111 2361 3482 2417; x_wconf 89' lang='lat' dir='ltr'><strong>verissimum</strong></span> <span class='ocrx_word' id='word_1_291' title='bbox 3509 2366 3602 2416; x_wconf 88' lang='lat' dir='ltr'><strong>est</strong></span> <span class='ocrx_word' id='word_1_292' title='bbox 3623 2361 3810 2432; x_wconf 87' lang='lat' dir='ltr'><strong>Spiri-</strong></span> 
     </span>
    </p>
   </div>
   <div class='ocr_carea' id='block_1_26' title="bbox 407 2445 3811 2528">
    <p class='ocr_par' dir='ltr' id='par_1_26' title="bbox 407 2445 3811 2528">
     <span class='ocr_line' id='line_1_26' title="bbox 407 2445 3811 2528; baseline -0.003 -15"><span class='ocrx_word' id='word_1_293' title='bbox 407 2458 628 2513; x_wconf 90' lang='lat' dir='ltr'><strong>cedere.</strong></span> <span class='ocrx_word' id='word_1_294' title='bbox 662 2455 779 2512; x_wconf 88' lang='lat' dir='ltr'><strong>Hoc</strong></span> <span class='ocrx_word' id='word_1_295' title='bbox 810 2457 1121 2528; x_wconf 88' lang='lat' dir='ltr'><strong>Evangelia</strong></span> <span class='ocrx_word' id='word_1_296' title='bbox 1149 2458 1376 2524; x_wconf 89' lang='lat' dir='ltr'><strong>docent,</strong></span> <span class='ocrx_word' id='word_1_297' title='bbox 1427 2456 1536 2512; x_wconf 92' lang='lat' dir='ltr'><strong>hoc</strong></span> <span class='ocrx_word' id='word_1_298' title='bbox 1565 2455 1822 2527; x_wconf 82' lang='lat' dir='ltr'><strong>Apostoli</strong></span> <span class='ocrx_word' id='word_1_299' title='bbox 1875 2454 2047 2526; x_wconf 86' lang='lat' dir='ltr'><strong>profi-</strong></span> <span class='ocrx_word' id='word_1_300' title='bbox 2156 2454 2278 2505; x_wconf 89' lang='lat' dir='ltr'><strong>tum</strong></span> <span class='ocrx_word' id='word_1_301' title='bbox 2312 2466 2378 2505; x_wconf 83' lang='lat' dir='ltr'><strong>ex</strong></span> <span class='ocrx_word' id='word_1_302' title='bbox 2428 2449 2576 2505; x_wconf 86' lang='lat' dir='ltr'><strong>Filio</strong></span> <span class='ocrx_word' id='word_1_303' title='bbox 2625 2450 2955 2520; x_wconf 88' lang='lat' dir='ltr'><strong>procedere.</strong></span> <span class='ocrx_word' id='word_1_304' title='bbox 2990 2452 3116 2503; x_wconf 91' lang='lat' dir='ltr'><strong>tum</strong></span> <span class='ocrx_word' id='word_1_305' title='bbox 3167 2449 3306 2520; x_wconf 88' lang='lat' dir='ltr'><strong>quia</strong></span> <span class='ocrx_word' id='word_1_306' title='bbox 3362 2445 3531 2503; x_wconf 86' lang='lat' dir='ltr'><strong>multi</strong></span> <span class='ocrx_word' id='word_1_307' title='bbox 3583 2465 3617 2503; x_wconf 89' lang='lat' dir='ltr'><strong>a</strong></span> <span class='ocrx_word' id='word_1_308' title='bbox 3672 2448 3811 2504; x_wconf 83' lang='lat' dir='ltr'><strong>Filio</strong></span> 
     </span>
    </p>
   </div>
   <div class='ocr_carea' id='block_1_27' title="bbox 2156 2535 3806 2611">
    <p class='ocr_par' dir='ltr' id='par_1_27' title="bbox 2156 2535 3806 2611">
     <span class='ocr_line' id='line_1_27' title="bbox 2156 2535 3806 2611; baseline -0.002 -17"><span class='ocrx_word' id='word_1_309' title='bbox 2156 2539 2345 2611; x_wconf 87' lang='lat' dir='ltr'><strong>ipsum</strong></span> <span class='ocrx_word' id='word_1_310' title='bbox 2379 2538 2734 2594; x_wconf 89' lang='lat' dir='ltr'><strong>dividebant.</strong></span> <span class='ocrx_word' id='word_1_311' title='bbox 2769 2538 3073 2594; x_wconf 84' lang='lat' dir='ltr'><strong>Enimvero</strong></span> <span class='ocrx_word' id='word_1_312' title='bbox 3095 2537 3248 2593; x_wconf 86' lang='lat' dir='ltr'><strong>sicut</strong></span> <span class='ocrx_word' id='word_1_313' title='bbox 3281 2535 3639 2608; x_wconf 84' lang='lat' dir='ltr'><strong>intelligitur</strong></span> <span class='ocrx_word' id='word_1_314' title='bbox 3683 2537 3806 2593; x_wconf 88' lang='lat' dir='ltr'><strong>Filii</strong></span> 
     </span>
    </p>
   </div>
   <div class='ocr_carea' id='block_1_28' title="bbox 2155 2626 3811 2700">
    <p class='ocr_par' dir='ltr' id='par_1_28' title="bbox 2155 2626 3811 2700">
     <span class='ocr_line' id='line_1_28' title="bbox 2155 2626 3811 2700; baseline -0.001 -16"><span class='ocrx_word' id='word_1_315' title='bbox 2155 2644 2284 2684; x_wconf 88' lang='lat' dir='ltr'><strong>esse</strong></span> <span class='ocrx_word' id='word_1_316' title='bbox 2327 2628 2599 2700; x_wconf 85' lang='lat' dir='ltr'><strong>Spiritus,</strong></span> <span class='ocrx_word' id='word_1_317' title='bbox 2653 2644 2785 2683; x_wconf 88' lang='lat' dir='ltr'><strong>cum</strong></span> <span class='ocrx_word' id='word_1_318' title='bbox 2810 2627 3020 2683; x_wconf 91' lang='lat' dir='ltr'><strong>dicitur</strong></span> <span class='ocrx_word' id='word_1_319' title='bbox 3067 2643 3193 2683; x_wconf 85' lang='lat' dir='ltr'><strong>esse</strong></span> <span class='ocrx_word' id='word_1_320' title='bbox 3227 2627 3431 2693; x_wconf 84' lang='lat' dir='ltr'><strong>Patris,</strong></span> <span class='ocrx_word' id='word_1_321' title='bbox 3480 2626 3562 2681; x_wconf 90' lang='lat' dir='ltr'><strong>ita</strong></span> <span class='ocrx_word' id='word_1_322' title='bbox 3610 2626 3811 2683; x_wconf 83' lang='lat' dir='ltr'><strong>conci-</strong></span> 
     </span>
    </p>
   </div>
   <div class='ocr_carea' id='block_1_29' title="bbox 399 2721 3810 2794">
    <p class='ocr_par' dir='ltr' id='par_1_29' title="bbox 399 2721 3810 2794">
     <span class='ocr_line' id='line_1_29' title="bbox 399 2721 3810 2794; baseline -0.001 -16"><span class='ocrx_word' id='word_1_323' title='bbox 399 2721 672 2778; x_wconf 33' lang='lat' dir='ltr'><strong>’sanctum</strong></span> <span class='ocrx_word' id='word_1_324' title='bbox 699 2739 732 2778; x_wconf 89' lang='lat' dir='ltr'><strong>a</strong></span> <span class='ocrx_word' id='word_1_325' title='bbox 755 2724 923 2777; x_wconf 83' lang='lat' dir='ltr'><strong>Patre</strong></span> <span class='ocrx_word' id='word_1_326' title='bbox 975 2723 1300 2792; x_wconf 89' lang='lat' dir='ltr'><strong>procedere,</strong></span> <span class='ocrx_word' id='word_1_327' title='bbox 1326 2739 1440 2778; x_wconf 89' lang='lat' dir='ltr'><strong>non</strong></span> <span class='ocrx_word' id='word_1_328' title='bbox 1469 2729 1665 2778; x_wconf 89' lang='lat' dir='ltr'><strong>autem</strong></span> <span class='ocrx_word' id='word_1_329' title='bbox 1693 2722 1908 2778; x_wconf 85' lang='lat' dir='ltr'><strong>aFilio.</strong></span> <span class='ocrx_word' id='word_1_330' title='bbox 1933 2727 2051 2778; x_wconf 82' lang='lat' dir='ltr'><strong>Hoc</strong></span> <span class='ocrx_word' id='word_1_331' title='bbox 2157 2722 2405 2794; x_wconf 84' lang='lat' dir='ltr'><strong>piendus</strong></span> <span class='ocrx_word' id='word_1_332' title='bbox 2435 2729 2520 2777; x_wconf 90' lang='lat' dir='ltr'><strong>est</strong></span> <span class='ocrx_word' id='word_1_333' title='bbox 2541 2736 2611 2777; x_wconf 73' lang='lat' dir='ltr'><strong>ex</strong></span> <span class='ocrx_word' id='word_1_334' title='bbox 2655 2721 2797 2776; x_wconf 90' lang='lat' dir='ltr'><strong>Filio</strong></span> <span class='ocrx_word' id='word_1_335' title='bbox 2832 2722 3165 2792; x_wconf 89' lang='lat' dir='ltr'><strong>procedere,</strong></span> <span class='ocrx_word' id='word_1_336' title='bbox 3207 2736 3340 2778; x_wconf 89' lang='lat' dir='ltr'><strong>cum</strong></span> <span class='ocrx_word' id='word_1_337' title='bbox 3381 2721 3536 2776; x_wconf 88' lang='lat' dir='ltr'><strong>Deus</strong></span> <span class='ocrx_word' id='word_1_338' title='bbox 3571 2738 3606 2776; x_wconf 84' lang='lat' dir='ltr'><strong>a</strong></span> <span class='ocrx_word' id='word_1_339' title='bbox 3643 2721 3810 2777; x_wconf 85' lang='lat' dir='ltr'><strong>Patre</strong></span> 
     </span>
    </p>
   </div>
   <div class='ocr_carea' id='block_1_30' title="bbox 410 2809 3812 2882">
    <p class='ocr_par' dir='ltr' id='par_1_30' title="bbox 410 2809 3812 2882">
     <span class='ocr_line' id='line_1_30' title="bbox 410 2809 3812 2882; baseline -0 -15"><span class='ocrx_word' id='word_1_340' title='bbox 410 2829 516 2867; x_wconf 88' lang='lat' dir='ltr'><strong>nec</strong></span> <span class='ocrx_word' id='word_1_341' title='bbox 546 2812 605 2866; x_wconf 91' lang='lat' dir='ltr'><strong>in</strong></span> <span class='ocrx_word' id='word_1_342' title='bbox 631 2810 862 2867; x_wconf 88' lang='lat' dir='ltr'><strong>Litteris</strong></span> <span class='ocrx_word' id='word_1_343' title='bbox 887 2811 1102 2867; x_wconf 90' lang='lat' dir='ltr'><strong>divinis</strong></span> <span class='ocrx_word' id='word_1_344' title='bbox 1127 2828 1232 2868; x_wconf 89' lang='lat' dir='ltr'><strong>nec</strong></span> <span class='ocrx_word' id='word_1_345' title='bbox 1253 2813 1310 2867; x_wconf 89' lang='lat' dir='ltr'><strong>in</strong></span> <span class='ocrx_word' id='word_1_346' title='bbox 1345 2811 1678 2868; x_wconf 90' lang='lat' dir='ltr'><strong>doctoribus</strong></span> <span class='ocrx_word' id='word_1_347' title='bbox 1706 2811 2052 2868; x_wconf 85' lang='lat' dir='ltr'><strong>ecclesiasli-</strong></span> <span class='ocrx_word' id='word_1_348' title='bbox 2162 2810 2490 2882; x_wconf 81' lang='lat' dir='ltr'><strong>procedit...</strong></span> <span class='ocrx_word' id='word_1_349' title='bbox 2521 2809 2738 2866; x_wconf 90' lang='lat' dir='ltr'><strong>Verum</strong></span> <span class='ocrx_word' id='word_1_350' title='bbox 2769 2811 2959 2866; x_wconf 90' lang='lat' dir='ltr'><strong>bonus</strong></span> <span class='ocrx_word' id='word_1_351' title='bbox 2989 2811 3198 2866; x_wconf 87' lang='lat' dir='ltr'><strong>Pastor</strong></span> <span class='ocrx_word' id='word_1_352' title='bbox 3225 2810 3348 2866; x_wconf 88' lang='lat' dir='ltr'><strong>suis</strong></span> <span class='ocrx_word' id='word_1_353' title='bbox 3379 2809 3545 2866; x_wconf 79' lang='lat' dir='ltr'><strong>falsis</strong></span> <span class='ocrx_word' id='word_1_354' title='bbox 3575 2810 3812 2881; x_wconf 85' lang='lat' dir='ltr'><strong>Opinio-</strong></span> 
     </span>
    </p>
   </div>
   <div class='ocr_carea' id='block_1_31' title="bbox 410 2900 3819 2974">
    <p class='ocr_par' dir='ltr' id='par_1_31' title="bbox 410 2900 3819 2974">
     <span class='ocr_line' id='line_1_31' title="bbox 410 2900 3819 2974; baseline -0.001 -16"><span class='ocrx_word' id='word_1_355' title='bbox 410 2901 494 2958; x_wconf 90' lang='lat' dir='ltr'><strong>cis</strong></span> <span class='ocrx_word' id='word_1_356' title='bbox 524 2900 836 2973; x_wconf 89' lang='lat' dir='ltr'><strong>aliquando</strong></span> <span class='ocrx_word' id='word_1_357' title='bbox 868 2901 1270 2973; x_wconf 83' lang='lat' dir='ltr'><strong>legistis.Dixit</strong></span> <span class='ocrx_word' id='word_1_358' title='bbox 1303 2902 1541 2974; x_wconf 89' lang='lat' dir='ltr'><strong>quidem</strong></span> <span class='ocrx_word' id='word_1_359' title='bbox 1574 2910 1775 2958; x_wconf 88' lang='lat' dir='ltr'><strong>sancta</strong></span> <span class='ocrx_word' id='word_1_360' title='bbox 1795 2901 2052 2973; x_wconf 82' lang='lat' dir='ltr'><strong>synodus</strong></span> <span class='ocrx_word' id='word_1_361' title='bbox 2163 2903 2340 2958; x_wconf 90' lang='lat' dir='ltr'><strong>nibus</strong></span> <span class='ocrx_word' id='word_1_362' title='bbox 2383 2902 2761 2958; x_wconf 83' lang='lat' dir='ltr'><strong>consistentia</strong></span> <span class='ocrx_word' id='word_1_363' title='bbox 2785 2907 2841 2957; x_wconf 91' lang='lat' dir='ltr'><strong>et</strong></span> <span class='ocrx_word' id='word_1_364' title='bbox 2864 2903 3008 2958; x_wconf 91' lang='lat' dir='ltr'><strong>bene</strong></span> <span class='ocrx_word' id='word_1_365' title='bbox 3030 2901 3306 2958; x_wconf 89' lang='lat' dir='ltr'><strong>habentia</strong></span> <span class='ocrx_word' id='word_1_366' title='bbox 3335 2901 3581 2957; x_wconf 85' lang='lat' dir='ltr'><strong>dimovet</strong></span> <span class='ocrx_word' id='word_1_367' title='bbox 3613 2906 3674 2958; x_wconf 84' lang='lat' dir='ltr'><strong>et</strong></span> <span class='ocrx_word' id='word_1_368' title='bbox 3705 2902 3819 2957; x_wconf 88' lang='lat' dir='ltr'><strong>La-</strong></span> 
     </span>
    </p>
   </div>
   <div class='ocr_carea' id='block_1_32' title="bbox 409 933 2047 1006">
    <p class='ocr_par' dir='ltr' id='par_1_32' title="bbox 409 933 2047 1006">
     <span class='ocr_line' id='line_1_32' title="bbox 409 933 2047 1006; baseline -0.006 -11"><span class='ocrx_word' id='word_1_369' title='bbox 409 938 733 995; x_wconf 88' lang='lat' dir='ltr'><strong>lentissime</strong></span> <span class='ocrx_word' id='word_1_370' title='bbox 765 938 959 994; x_wconf 84' lang='lat' dir='ltr'><strong>Patres</strong></span> <span class='ocrx_word' id='word_1_371' title='bbox 991 935 1099 1006; x_wconf 90' lang='lat' dir='ltr'><strong>ipsi</strong></span> <span class='ocrx_word' id='word_1_372' title='bbox 1129 935 1310 992; x_wconf 78' lang='lat' dir='ltr'><strong>Graeci</strong></span> <span class='ocrx_word' id='word_1_373' title='bbox 1371 933 1593 990; x_wconf 85' lang='lat' dir='ltr'><strong>Latinis</strong></span> <span class='ocrx_word' id='word_1_374' title='bbox 1623 933 2047 1003; x_wconf 74' lang='lat' dir='ltr'><strong>suffragantur:</strong></span> 
     </span>
    </p>
   </div>
   <div class='ocr_carea' id='block_1_33' title="bbox 392 1021 2051 1098">
    <p class='ocr_par' dir='ltr' id='par_1_33' title="bbox 392 1021 2051 1098">
     <span class='ocr_line' id='line_1_33' title="bbox 392 1021 2051 1098; baseline -0.006 -14"><span class='ocrx_word' id='word_1_375' title='bbox 392 1024 560 1098; x_wconf 87' lang='lat' dir='ltr'><strong>quod</strong></span> <span class='ocrx_word' id='word_1_376' title='bbox 615 1026 854 1083; x_wconf 88' lang='lat' dir='ltr'><strong>Photius</strong></span> <span class='ocrx_word' id='word_1_377' title='bbox 898 1027 1100 1081; x_wconf 75' lang='lat' dir='ltr'><strong>afferre</strong></span> <span class='ocrx_word' id='word_1_378' title='bbox 1135 1025 1431 1096; x_wconf 84' lang='lat' dir='ltr'><strong>potuisset,</strong></span> <span class='ocrx_word' id='word_1_379' title='bbox 1483 1024 1576 1078; x_wconf 88' lang='lat' dir='ltr'><strong>vix</strong></span> <span class='ocrx_word' id='word_1_380' title='bbox 1625 1022 1804 1078; x_wconf 86' lang='lat' dir='ltr'><strong>ullius</strong></span> <span class='ocrx_word' id='word_1_381' title='bbox 1843 1021 2051 1076; x_wconf 85' lang='lat' dir='ltr'><strong>fuisset</strong></span> 
     </span>
    </p>
   </div>
   <div class='ocr_carea' id='block_1_34' title="bbox 407 1111 2050 1181">
    <p class='ocr_par' dir='ltr' id='par_1_34' title="bbox 407 1111 2050 1181">
     <span class='ocr_line' id='line_1_34' title="bbox 407 1111 2050 1181; baseline -0.005 -9"><span class='ocrx_word' id='word_1_382' title='bbox 407 1117 703 1173; x_wconf 88' lang='lat' dir='ltr'><strong>momenti.</strong></span> <span class='ocrx_word' id='word_1_383' title='bbox 736 1118 968 1171; x_wconf 89' lang='lat' dir='ltr'><strong>Poterat</strong></span> <span class='ocrx_word' id='word_1_384' title='bbox 999 1115 1244 1170; x_wconf 81' lang='lat' dir='ltr'><strong>fortasse</strong></span> <span class='ocrx_word' id='word_1_385' title='bbox 1275 1114 1345 1168; x_wconf 88' lang='lat' dir='ltr'><strong>ad</strong></span> <span class='ocrx_word' id='word_1_386' title='bbox 1375 1113 1737 1169; x_wconf 88' lang='lat' dir='ltr'><strong>Theodorum</strong></span> <span class='ocrx_word' id='word_1_387' title='bbox 1782 1111 2050 1181; x_wconf 90' lang='lat' dir='ltr'><strong>Mopsue-</strong></span> 
     </span>
    </p>
   </div>
   <div class='ocr_carea' id='block_1_35' title="bbox 403 1199 2050 1277">
    <p class='ocr_par' dir='ltr' id='par_1_35' title="bbox 403 1199 2050 1277">
     <span class='ocr_line' id='line_1_35' title="bbox 403 1199 2050 1277; baseline -0.005 -15"><span class='ocrx_word' id='word_1_388' title='bbox 403 1210 635 1262; x_wconf 89' lang='lat' dir='ltr'><strong>stenum</strong></span> <span class='ocrx_word' id='word_1_389' title='bbox 670 1220 996 1277; x_wconf 88' lang='lat' dir='ltr'><strong>provocare,</strong></span> <span class='ocrx_word' id='word_1_390' title='bbox 1041 1219 1213 1274; x_wconf 90' lang='lat' dir='ltr'><strong>quem</strong></span> <span class='ocrx_word' id='word_1_391' title='bbox 1256 1207 1446 1258; x_wconf 88' lang='lat' dir='ltr'><strong>tamen</strong></span> <span class='ocrx_word' id='word_1_392' title='bbox 1502 1201 1561 1257; x_wconf 91' lang='lat' dir='ltr'><strong>in</strong></span> <span class='ocrx_word' id='word_1_393' title='bbox 1617 1217 1678 1256; x_wconf 90' lang='lat' dir='ltr'><strong>re</strong></span> <span class='ocrx_word' id='word_1_394' title='bbox 1721 1199 2050 1272; x_wconf 88' lang='lat' dir='ltr'><strong>dogmatica</strong></span> 
     </span>
    </p>
   </div>
   <div class='ocr_carea' id='block_1_36' title="bbox 401 1287 2052 1362">
    <p class='ocr_par' dir='ltr' id='par_1_36' title="bbox 401 1287 2052 1362">
     <span class='ocr_line' id='line_1_36' title="bbox 401 1287 2052 1362; baseline -0.006 -10"><span class='ocrx_word' id='word_1_395' title='bbox 401 1295 572 1352; x_wconf 88' lang='lat' dir='ltr'><strong>nihili</strong></span> <span class='ocrx_word' id='word_1_396' title='bbox 609 1295 726 1350; x_wconf 91' lang='lat' dir='ltr'><strong>fere</strong></span> <span class='ocrx_word' id='word_1_397' title='bbox 747 1294 906 1359; x_wconf 85' lang='lat' dir='ltr'><strong>fecit,</strong></span> <span class='ocrx_word' id='word_1_398' title='bbox 930 1291 1017 1348; x_wconf 92' lang='lat' dir='ltr'><strong>vel</strong></span> <span class='ocrx_word' id='word_1_399' title='bbox 1038 1293 1106 1348; x_wconf 91' lang='lat' dir='ltr'><strong>ad</strong></span> <span class='ocrx_word' id='word_1_400' title='bbox 1142 1291 1594 1360; x_wconf 88' lang='lat' dir='ltr'><strong>Theodoretum,</strong></span> <span class='ocrx_word' id='word_1_401' title='bbox 1627 1304 1800 1362; x_wconf 91' lang='lat' dir='ltr'><strong>quem</strong></span> <span class='ocrx_word' id='word_1_402' title='bbox 1825 1311 1853 1338; x_wconf 86' lang='lat'>«</span> <span class='ocrx_word' id='word_1_403' title='bbox 1879 1287 2052 1358; x_wconf 87' lang='lat' dir='ltr'><strong>hujus</strong></span> 
     </span>
    </p>
   </div>
   <div class='ocr_carea' id='block_1_37' title="bbox 403 1377 2049 1458">
    <p class='ocr_par' dir='ltr' id='par_1_37' title="bbox 403 1377 2049 1458">
     <span class='ocr_line' id='line_1_37' title="bbox 403 1377 2049 1458; baseline -0.006 -16"><span class='ocrx_word' id='word_1_404' title='bbox 403 1385 722 1458; x_wconf 86' lang='lat' dir='ltr'><strong>negationis</strong></span> <span class='ocrx_word' id='word_1_405' title='bbox 752 1385 1113 1439; x_wconf 87' lang='lat' dir='ltr'><strong>inventorem</strong></span> <span class='ocrx_word' id='word_1_406' title='bbox 1143 1386 1200 1438; x_wconf 89' lang='lat' dir='ltr'><strong>et</strong></span> <span class='ocrx_word' id='word_1_407' title='bbox 1255 1396 1579 1453; x_wconf 67' lang='lat' dir='ltr'><strong>praeconem</strong></span> <span class='ocrx_word' id='word_1_408' title='bbox 1605 1401 1635 1430; x_wconf 88' lang='lat'>»</span> <span class='ocrx_word' id='word_1_409' title='bbox 1684 1383 1849 1435; x_wconf 86' lang='lat' dir='ltr'><strong>vocat</strong></span> <span class='ocrx_word' id='word_1_410' title='bbox 1888 1377 2049 1450; x_wconf 86' lang='lat' dir='ltr'><strong>Hugo</strong></span> 
     </span>
    </p>
   </div>
   <div class='ocr_carea' id='block_1_38' title="bbox 401 1469 2050 1546">
    <p class='ocr_par' dir='ltr' id='par_1_38' title="bbox 401 1469 2050 1546">
     <span class='ocr_line' id='line_1_38' title="bbox 401 1469 2050 1546; baseline -0.004 -14"><span class='ocrx_word' id='word_1_411' title='bbox 401 1476 746 1532; x_wconf 87' lang='lat' dir='ltr'><strong>Etherianus</strong></span> <span class='ocrx_word' id='word_1_412' title='bbox 797 1473 884 1546; x_wconf 90' lang='lat'><strong>[1.</strong></span> <span class='ocrx_word' id='word_1_413' title='bbox 917 1491 959 1543; x_wconf 84' lang='grc' dir='ltr'><strong>ι,</strong></span> <span class='ocrx_word' id='word_1_414' title='bbox 990 1490 1040 1530; x_wconf 90' lang='lat' dir='ltr'><strong>c.</strong></span> <span class='ocrx_word' id='word_1_415' title='bbox 1065 1474 1119 1544; x_wconf 90' lang='lat'><strong>2,</strong></span> <span class='ocrx_word' id='word_1_416' title='bbox 1175 1490 1231 1544; x_wconf 91' lang='lat' dir='ltr'><strong>p.</strong></span> <span class='ocrx_word' id='word_1_417' title='bbox 1285 1473 1421 1527; x_wconf 88' lang='grc'><strong>1200</strong></span> <span class='ocrx_word' id='word_1_418' title='bbox 1469 1471 1581 1544; x_wconf 84' lang='lat'><strong>(62)</strong></span> <span class='ocrx_word' id='word_1_419' title='bbox 1631 1471 1672 1543; x_wconf 91' lang='lat'><strong>],</strong></span> <span class='ocrx_word' id='word_1_420' title='bbox 1722 1469 1808 1525; x_wconf 92' lang='lat' dir='ltr'><strong>vel</strong></span> <span class='ocrx_word' id='word_1_421' title='bbox 1858 1469 2050 1541; x_wconf 88' lang='lat' dir='ltr'><strong>specie</strong></span> 
     </span>
    </p>
   </div>
   <div class='ocr_carea' id='block_1_39' title="bbox 400 1559 2050 1634">
    <p class='ocr_par' dir='ltr' id='par_1_39' title="bbox 400 1559 2050 1634">
     <span class='ocr_line' id='line_1_39' title="bbox 400 1559 2050 1634; baseline -0.004 -12"><span class='ocrx_word' id='word_1_422' title='bbox 400 1567 608 1622; x_wconf 86' lang='lat' dir='ltr'><strong>saltem</strong></span> <span class='ocrx_word' id='word_1_423' title='bbox 642 1566 713 1620; x_wconf 88' lang='lat' dir='ltr'><strong>ad</strong></span> <span class='ocrx_word' id='word_1_424' title='bbox 744 1565 1032 1621; x_wconf 88' lang='lat' dir='ltr'><strong>Joannem</strong></span> <span class='ocrx_word' id='word_1_425' title='bbox 1055 1563 1504 1630; x_wconf 89' lang='lat' dir='ltr'><strong>Damascenum,</strong></span> <span class='ocrx_word' id='word_1_426' title='bbox 1531 1562 1630 1634; x_wconf 90' lang='lat' dir='ltr'><strong>qui</strong></span> <span class='ocrx_word' id='word_1_427' title='bbox 1664 1565 1882 1630; x_wconf 88' lang='lat' dir='ltr'><strong>tamen,</strong></span> <span class='ocrx_word' id='word_1_428' title='bbox 1917 1559 2050 1616; x_wconf 89' lang='lat' dir='ltr'><strong>licet</strong></span> 
     </span>
    </p>
   </div>
   <div class='ocr_carea' id='block_1_40' title="bbox 411 2543 2048 2615">
    <p class='ocr_par' dir='ltr' id='par_1_40' title="bbox 411 2543 2048 2615">
     <span class='ocr_line' id='line_1_40' title="bbox 411 2543 2048 2615; baseline -0.001 -14"><span class='ocrx_word' id='word_1_429' title='bbox 411 2554 624 2611; x_wconf 88' lang='lat' dir='ltr'><strong>tentur,</strong></span> <span class='ocrx_word' id='word_1_430' title='bbox 675 2544 783 2600; x_wconf 90' lang='lat' dir='ltr'><strong>hoc</strong></span> <span class='ocrx_word' id='word_1_431' title='bbox 832 2544 1121 2615; x_wconf 69' lang='lat' dir='ltr'><strong>prOphetaz</strong></span> <span class='ocrx_word' id='word_1_432' title='bbox 1172 2561 1286 2599; x_wconf 91' lang='lat' dir='ltr'><strong>non</strong></span> <span class='ocrx_word' id='word_1_433' title='bbox 1336 2547 1598 2600; x_wconf 87' lang='lat' dir='ltr'><strong>tacent...</strong></span> <span class='ocrx_word' id='word_1_434' title='bbox 1649 2543 1876 2612; x_wconf 87' lang='lat' dir='ltr'><strong>Videte,</strong></span> <span class='ocrx_word' id='word_1_435' title='bbox 1935 2559 2048 2613; x_wconf 90' lang='lat' dir='ltr'><strong>quo</strong></span> 
     </span>
    </p>
   </div>
   <div class='ocr_carea' id='block_1_41' title="bbox 407 2633 2048 2705">
    <p class='ocr_par' dir='ltr' id='par_1_41' title="bbox 407 2633 2048 2705">
     <span class='ocr_line' id='line_1_41' title="bbox 407 2633 2048 2705; baseline -0.001 -16"><span class='ocrx_word' id='word_1_436' title='bbox 407 2635 611 2689; x_wconf 90' lang='lat' dir='ltr'><strong>tendat</strong></span> <span class='ocrx_word' id='word_1_437' title='bbox 657 2637 918 2689; x_wconf 89' lang='lat' dir='ltr'><strong>vestra...</strong></span> <span class='ocrx_word' id='word_1_438' title='bbox 973 2633 1276 2704; x_wconf 82' lang='lat' dir='ltr'><strong>professio,</strong></span> <span class='ocrx_word' id='word_1_439' title='bbox 1351 2650 1468 2705; x_wconf 88' lang='lat' dir='ltr'><strong>qua</strong></span> <span class='ocrx_word' id='word_1_440' title='bbox 1522 2633 1714 2689; x_wconf 88' lang='lat' dir='ltr'><strong>dicitis</strong></span> <span class='ocrx_word' id='word_1_441' title='bbox 1765 2633 2048 2704; x_wconf 88' lang='lat' dir='ltr'><strong>Spiritum</strong></span> 
     </span>
    </p>
   </div>
   <div class='ocr_carea' id='block_1_42' title="bbox 411 2989 2049 3062">
    <p class='ocr_par' dir='ltr' id='par_1_42' title="bbox 411 2989 2049 3062">
     <span class='ocr_line' id='line_1_42' title="bbox 411 2989 2049 3062; baseline 0.001 -18"><span class='ocrx_word' id='word_1_442' title='bbox 411 2989 742 3062; x_wconf 89' lang='lat' dir='ltr'><strong>Cplitana...</strong></span> <span class='ocrx_word' id='word_1_443' title='bbox 795 2990 1004 3046; x_wconf 90' lang='lat' dir='ltr'><strong>Filium</strong></span> <span class='ocrx_word' id='word_1_444' title='bbox 1060 2990 1616 3047; x_wconf 87' lang='lat' dir='ltr'><strong>consubstantialem</strong></span> <span class='ocrx_word' id='word_1_445' title='bbox 1667 3007 1794 3047; x_wconf 92' lang='lat' dir='ltr'><strong>esse</strong></span> <span class='ocrx_word' id='word_1_446' title='bbox 1838 2990 2049 3058; x_wconf 89' lang='lat' dir='ltr'><strong>Patris,</strong></span> 
     </span>
    </p>
   </div>
   <div class='ocr_carea' id='block_1_43' title="bbox 2162 2990 3820 3064">
    <p class='ocr_par' dir='ltr' id='par_1_43' title="bbox 2162 2990 3820 3064">
     <span class='ocr_line' id='line_1_43' title="bbox 2162 2990 3820 3064; baseline 0.001 -17"><span class='ocrx_word' id='word_1_447' title='bbox 2162 2992 2418 3047; x_wconf 86' lang='lat' dir='ltr'><strong>tinorum</strong></span> <span class='ocrx_word' id='word_1_448' title='bbox 2438 2990 2822 3047; x_wconf 89' lang='lat' dir='ltr'><strong>S.Ecclesiam</strong></span> <span class='ocrx_word' id='word_1_449' title='bbox 2846 2991 3068 3064; x_wconf 89' lang='lat' dir='ltr'><strong>absque</strong></span> <span class='ocrx_word' id='word_1_450' title='bbox 3091 2992 3308 3064; x_wconf 86' lang='lat' dir='ltr'><strong>synodo</strong></span> <span class='ocrx_word' id='word_1_451' title='bbox 3328 3007 3427 3063; x_wconf 87' lang='lat' dir='ltr'><strong>pro</strong></span> <span class='ocrx_word' id='word_1_452' title='bbox 3439 2990 3560 3046; x_wconf 88' lang='lat' dir='ltr'><strong>suis</strong></span> <span class='ocrx_word' id='word_1_453' title='bbox 3579 2991 3820 3048; x_wconf 83' lang='lat' dir='ltr'><strong>viribus</strong></span> 
     </span>
    </p>
   </div>
   <div class='ocr_carea' id='block_1_44' title="bbox 409 3080 3819 3176">
    <p class='ocr_par' dir='ltr' id='par_1_44' title="bbox 409 3080 3819 3176">
     <span class='ocr_line' id='line_1_44' title="bbox 409 3080 3819 3176; baseline 0.001 -42"><span class='ocrx_word' id='word_1_454' title='bbox 409 3080 690 3154; x_wconf 88' lang='lat' dir='ltr'><strong>Spiritum</strong></span> <span class='ocrx_word' id='word_1_455' title='bbox 741 3096 974 3153; x_wconf 90' lang='lat' dir='ltr'><strong>quoque</strong></span> <span class='ocrx_word' id='word_1_456' title='bbox 1013 3085 1281 3137; x_wconf 89' lang='lat' dir='ltr'><strong>sanctum</strong></span> <span class='ocrx_word' id='word_1_457' title='bbox 1330 3082 1737 3152; x_wconf 86' lang='lat' dir='ltr'><strong>procedentem</strong></span> <span class='ocrx_word' id='word_1_458' title='bbox 1770 3097 1802 3136; x_wconf 91' lang='lat' dir='ltr'><strong>a</strong></span> <span class='ocrx_word' id='word_1_459' title='bbox 1833 3081 2000 3135; x_wconf 80' lang='lat' dir='ltr'><strong>Patre</strong></span> <span class='ocrx_word' id='word_1_460' title='bbox 2033 3098 2047 3149; x_wconf 93' lang='lat'><strong>;</strong></span> <span class='ocrx_word' id='word_1_461' title='bbox 2083 3109 2125 3176; x_wconf 64' lang='grc' dir='ltr'>α</span> <span class='ocrx_word' id='word_1_462' title='bbox 2163 3081 2526 3148; x_wconf 89' lang='lat' dir='ltr'><strong>condemnat,</strong></span> <span class='ocrx_word' id='word_1_463' title='bbox 2559 3086 2880 3151; x_wconf 83' lang='lat' dir='ltr'><strong>contraque</strong></span> <span class='ocrx_word' id='word_1_464' title='bbox 2922 3080 3024 3136; x_wconf 91' lang='lat' dir='ltr'><strong>SS.</strong></span> <span class='ocrx_word' id='word_1_465' title='bbox 3057 3080 3313 3152; x_wconf 87' lang='lat' dir='ltr'><strong>synodos</strong></span> <span class='ocrx_word' id='word_1_466' title='bbox 3343 3083 3662 3152; x_wconf 86' lang='lat' dir='ltr'><strong>contraque</strong></span> <span class='ocrx_word' id='word_1_467' title='bbox 3678 3095 3819 3152; x_wconf 84' lang='lat' dir='ltr'><strong>apo-</strong></span> 
     </span>
    </p>
   </div>
   <div class='ocr_carea' id='block_1_45' title="bbox 411 3168 2052 3241">
    <p class='ocr_par' dir='ltr' id='par_1_45' title="bbox 411 3168 2052 3241">
     <span class='ocr_line' id='line_1_45' title="bbox 411 3168 2052 3241; baseline 0 -16"><span class='ocrx_word' id='word_1_468' title='bbox 411 3171 676 3241; x_wconf 89' lang='lat' dir='ltr'><strong>nunquid</strong></span> <span class='ocrx_word' id='word_1_469' title='bbox 718 3169 949 3240; x_wconf 82' lang='lat' dir='ltr'><strong>negavit</strong></span> <span class='ocrx_word' id='word_1_470' title='bbox 994 3185 1128 3225; x_wconf 90' lang='lat' dir='ltr'><strong>eum</strong></span> <span class='ocrx_word' id='word_1_471' title='bbox 1161 3186 1192 3225; x_wconf 79' lang='grc' dir='ltr'><strong>ιι</strong></span> <span class='ocrx_word' id='word_1_472' title='bbox 1224 3168 1364 3224; x_wconf 89' lang='lat' dir='ltr'><strong>Filio</strong></span> <span class='ocrx_word' id='word_1_473' title='bbox 1392 3171 1745 3240; x_wconf 84' lang='lat' dir='ltr'><strong>procedere?</strong></span> <span class='ocrx_word' id='word_1_474' title='bbox 1772 3169 1875 3224; x_wconf 89' lang='lat' dir='ltr'><strong>Vel</strong></span> <span class='ocrx_word' id='word_1_475' title='bbox 1910 3185 2052 3225; x_wconf 89' lang='lat' dir='ltr'><strong>con-</strong></span> 
     </span>
    </p>
   </div>
   <div class='ocr_carea' id='block_1_46' title="bbox 411 3259 2057 3332">
    <p class='ocr_par' dir='ltr' id='par_1_46' title="bbox 411 3259 2057 3332">
     <span class='ocr_line' id='line_1_46' title="bbox 411 3259 2057 3332; baseline 0 -18"><span class='ocrx_word' id='word_1_476' title='bbox 411 3275 662 3330; x_wconf 89' lang='lat' dir='ltr'><strong>sequens</strong></span> <span class='ocrx_word' id='word_1_477' title='bbox 708 3263 817 3328; x_wconf 90' lang='lat' dir='ltr'><strong>est,</strong></span> <span class='ocrx_word' id='word_1_478' title='bbox 863 3262 928 3313; x_wconf 89' lang='lat' dir='ltr'><strong>ut</strong></span> <span class='ocrx_word' id='word_1_479' title='bbox 977 3259 1230 3329; x_wconf 89' lang='lat' dir='ltr'><strong>procedit</strong></span> <span class='ocrx_word' id='word_1_480' title='bbox 1261 3276 1294 3314; x_wconf 90' lang='lat' dir='ltr'><strong>a</strong></span> <span class='ocrx_word' id='word_1_481' title='bbox 1339 3260 1528 3330; x_wconf 90' lang='lat' dir='ltr'><strong>Patre,</strong></span> <span class='ocrx_word' id='word_1_482' title='bbox 1561 3276 1676 3316; x_wconf 91' lang='lat' dir='ltr'><strong>non</strong></span> <span class='ocrx_word' id='word_1_483' title='bbox 1721 3259 1995 3332; x_wconf 87' lang='lat' dir='ltr'><strong>procedat</strong></span> <span class='ocrx_word' id='word_1_484' title='bbox 2024 3275 2057 3314; x_wconf 91' lang='lat' dir='ltr'><strong>a</strong></span> 
     </span>
    </p>
   </div>
   <div class='ocr_carea' id='block_1_47' title="bbox 411 3348 2060 3420">
    <p class='ocr_par' dir='ltr' id='par_1_47' title="bbox 411 3348 2060 3420">
     <span class='ocr_line' id='line_1_47' title="bbox 411 3348 2060 3420; baseline -0.001 -16"><span class='ocrx_word' id='word_1_485' title='bbox 411 3348 554 3404; x_wconf 91' lang='lat' dir='ltr'><strong>Filio</strong></span> <span class='ocrx_word' id='word_1_486' title='bbox 575 3349 603 3402; x_wconf 88' lang='lat'><strong>?</strong></span> <span class='ocrx_word' id='word_1_487' title='bbox 631 3350 829 3404; x_wconf 88' lang='lat' dir='ltr'><strong>Potius</strong></span> <span class='ocrx_word' id='word_1_488' title='bbox 858 3365 994 3420; x_wconf 91' lang='lat' dir='ltr'><strong>ergo</strong></span> <span class='ocrx_word' id='word_1_489' title='bbox 1017 3349 1338 3420; x_wconf 86' lang='lat' dir='ltr'><strong>agnoscite,</strong></span> <span class='ocrx_word' id='word_1_490' title='bbox 1370 3349 1419 3404; x_wconf 87' lang='lat' dir='ltr'><strong>si</strong></span> <span class='ocrx_word' id='word_1_491' title='bbox 1445 3349 1571 3404; x_wconf 87' lang='lat' dir='ltr'><strong>Filii</strong></span> <span class='ocrx_word' id='word_1_492' title='bbox 1595 3348 1770 3404; x_wconf 87' lang='lat' dir='ltr'><strong>vultis</strong></span> <span class='ocrx_word' id='word_1_493' title='bbox 1800 3363 1926 3404; x_wconf 90' lang='lat' dir='ltr'><strong>esse</strong></span> <span class='ocrx_word' id='word_1_494' title='bbox 1958 3349 2060 3403; x_wconf 87' lang='lat' dir='ltr'><strong>Ec-</strong></span> 
     </span>
    </p>
   </div>
   <div class='ocr_carea' id='block_1_48' title="bbox 412 3436 2057 3508">
    <p class='ocr_par' dir='ltr' id='par_1_48' title="bbox 412 3436 2057 3508">
     <span class='ocr_line' id='line_1_48' title="bbox 412 3436 2057 3508; baseline -0.001 -15"><span class='ocrx_word' id='word_1_495' title='bbox 412 3436 595 3493; x_wconf 66' lang='lat' dir='ltr'><strong>clesia:</strong></span> <span class='ocrx_word' id='word_1_496' title='bbox 627 3441 683 3491; x_wconf 92' lang='lat' dir='ltr'><strong>et</strong></span> <span class='ocrx_word' id='word_1_497' title='bbox 721 3437 956 3492; x_wconf 90' lang='lat' dir='ltr'><strong>Patrum</strong></span> <span class='ocrx_word' id='word_1_498' title='bbox 1008 3438 1174 3507; x_wconf 87' lang='lat' dir='ltr'><strong>sequi</strong></span> <span class='ocrx_word' id='word_1_499' title='bbox 1223 3437 1568 3506; x_wconf 90' lang='lat' dir='ltr'><strong>doctrinam,</strong></span> <span class='ocrx_word' id='word_1_500' title='bbox 1619 3439 1770 3508; x_wconf 88' lang='lat' dir='ltr'><strong>quod</strong></span> <span class='ocrx_word' id='word_1_501' title='bbox 1813 3439 2057 3493; x_wconf 92' lang='lat' dir='ltr'><strong>dicendo</strong></span> 
     </span>
    </p>
   </div>
   <div class='ocr_carea' id='block_1_49' title="bbox 412 3525 2056 3598">
    <p class='ocr_par' dir='ltr' id='par_1_49' title="bbox 412 3525 2056 3598">
     <span class='ocr_line' id='line_1_49' title="bbox 412 3525 2056 3598; baseline 0.001 -16"><span class='ocrx_word' id='word_1_502' title='bbox 412 3531 668 3582; x_wconf 87' lang='lat' dir='ltr'><strong>sanctum</strong></span> <span class='ocrx_word' id='word_1_503' title='bbox 689 3526 1000 3581; x_wconf 90' lang='lat' dir='ltr'><strong>concilium</strong></span> <span class='ocrx_word' id='word_1_504' title='bbox 1023 3525 1463 3598; x_wconf 90' lang='lat' dir='ltr'><strong>Cplicollectum</strong></span> <span class='ocrx_word' id='word_1_505' title='bbox 1487 3527 1766 3598; x_wconf 89' lang='lat' dir='ltr'><strong>Spiritum</strong></span> <span class='ocrx_word' id='word_1_506' title='bbox 1790 3532 2056 3584; x_wconf 89' lang='lat' dir='ltr'><strong>sanctum</strong></span> 
     </span>
    </p>
   </div>
   <div class='ocr_carea' id='block_1_50' title="bbox 411 3614 2058 3686">
    <p class='ocr_par' dir='ltr' id='par_1_50' title="bbox 411 3614 2058 3686">
     <span class='ocr_line' id='line_1_50' title="bbox 411 3614 2058 3686; baseline 0 -16"><span class='ocrx_word' id='word_1_507' title='bbox 411 3614 1068 3686; x_wconf 86' lang='lat' dir='ltr'><strong>procedentemaPatre,</strong></span> <span class='ocrx_word' id='word_1_508' title='bbox 1093 3615 1244 3684; x_wconf 90' lang='lat' dir='ltr'><strong>quod</strong></span> <span class='ocrx_word' id='word_1_509' title='bbox 1271 3617 1472 3669; x_wconf 85' lang='lat' dir='ltr'><strong>sumet</strong></span> <span class='ocrx_word' id='word_1_510' title='bbox 1501 3631 1534 3668; x_wconf 91' lang='lat' dir='ltr'><strong>a</strong></span> <span class='ocrx_word' id='word_1_511' title='bbox 1564 3614 1708 3669; x_wconf 84' lang='lat' dir='ltr'><strong>Filio</strong></span> <span class='ocrx_word' id='word_1_512' title='bbox 1750 3615 2058 3685; x_wconf 85' lang='lat' dir='ltr'><strong>procedere</strong></span> 
     </span>
    </p>
   </div>
   <div class='ocr_carea' id='block_1_51' title="bbox 413 3702 2060 3775">
    <p class='ocr_par' dir='ltr' id='par_1_51' title="bbox 413 3702 2060 3775">
     <span class='ocr_line' id='line_1_51' title="bbox 413 3702 2060 3775; baseline 0 -17"><span class='ocrx_word' id='word_1_513' title='bbox 413 3720 527 3759; x_wconf 93' lang='lat' dir='ltr'><strong>non</strong></span> <span class='ocrx_word' id='word_1_514' title='bbox 561 3703 828 3775; x_wconf 87' lang='lat' dir='ltr'><strong>negavit;</strong></span> <span class='ocrx_word' id='word_1_515' title='bbox 863 3702 964 3759; x_wconf 91' lang='lat' dir='ltr'><strong>sed</strong></span> <span class='ocrx_word' id='word_1_516' title='bbox 985 3706 1104 3758; x_wconf 87' lang='lat' dir='ltr'><strong>tota</strong></span> <span class='ocrx_word' id='word_1_517' title='bbox 1134 3702 1409 3770; x_wconf 86' lang='lat' dir='ltr'><strong>Trinitas,</strong></span> <span class='ocrx_word' id='word_1_518' title='bbox 1428 3719 1555 3758; x_wconf 88' lang='lat' dir='ltr'><strong>cum</strong></span> <span class='ocrx_word' id='word_1_519' title='bbox 1579 3702 1654 3758; x_wconf 90' lang='lat' dir='ltr'><strong>sit</strong></span> <span class='ocrx_word' id='word_1_520' title='bbox 1679 3703 2060 3759; x_wconf 89' lang='lat' dir='ltr'><strong>consubstan-</strong></span> 
     </span>
    </p>
   </div>
   <div class='ocr_carea' id='block_1_52' title="bbox 409 3791 2058 3866">
    <p class='ocr_par' dir='ltr' id='par_1_52' title="bbox 409 3791 2058 3866">
     <span class='ocr_line' id='line_1_52' title="bbox 409 3791 2058 3866; baseline -0.001 -17"><span class='ocrx_word' id='word_1_521' title='bbox 409 3792 567 3849; x_wconf 88' lang='lat' dir='ltr'><strong>tialis</strong></span> <span class='ocrx_word' id='word_1_522' title='bbox 587 3796 641 3849; x_wconf 86' lang='lat' dir='ltr'><strong>et</strong></span> <span class='ocrx_word' id='word_1_523' title='bbox 673 3792 855 3850; x_wconf 88' lang='lat' dir='ltr'><strong>Filius</strong></span> <span class='ocrx_word' id='word_1_524' title='bbox 895 3796 1069 3849; x_wconf 88' lang='lat' dir='ltr'><strong>natus</strong></span> <span class='ocrx_word' id='word_1_525' title='bbox 1096 3809 1128 3847; x_wconf 89' lang='lat' dir='ltr'><strong>a</strong></span> <span class='ocrx_word' id='word_1_526' title='bbox 1172 3791 1363 3862; x_wconf 89' lang='lat' dir='ltr'><strong>Patre,</strong></span> <span class='ocrx_word' id='word_1_527' title='bbox 1387 3791 1638 3864; x_wconf 87' lang='lat' dir='ltr'><strong>Spiritus</strong></span> <span class='ocrx_word' id='word_1_528' title='bbox 1669 3809 1901 3866; x_wconf 89' lang='lat' dir='ltr'><strong>quoque</strong></span> <span class='ocrx_word' id='word_1_529' title='bbox 1924 3810 2058 3850; x_wconf 87' lang='lat' dir='ltr'><strong>san-</strong></span> 
     </span>
    </p>
   </div>
   <div class='ocr_carea' id='block_1_53' title="bbox 407 3881 2057 3956">
    <p class='ocr_par' dir='ltr' id='par_1_53' title="bbox 407 3881 2057 3956">
     <span class='ocr_line' id='line_1_53' title="bbox 407 3881 2057 3956; baseline -0.001 -18"><span class='ocrx_word' id='word_1_530' title='bbox 407 3886 535 3938; x_wconf 88' lang='lat' dir='ltr'><strong>ctus</strong></span> <span class='ocrx_word' id='word_1_531' title='bbox 567 3881 643 3937; x_wconf 89' lang='lat' dir='ltr'><strong>sit</strong></span> <span class='ocrx_word' id='word_1_532' title='bbox 673 3881 927 3938; x_wconf 85' lang='lat' dir='ltr'><strong>cbaritas</strong></span> <span class='ocrx_word' id='word_1_533' title='bbox 960 3884 1288 3952; x_wconf 90' lang='lat' dir='ltr'><strong>utriusque,</strong></span> <span class='ocrx_word' id='word_1_534' title='bbox 1320 3898 1436 3938; x_wconf 89' lang='lat' dir='ltr'><strong>non</strong></span> <span class='ocrx_word' id='word_1_535' title='bbox 1471 3883 1651 3950; x_wconf 88' lang='lat' dir='ltr'><strong>possit</strong></span> <span class='ocrx_word' id='word_1_536' title='bbox 1683 3883 1814 3954; x_wconf 91' lang='lat' dir='ltr'><strong>quis</strong></span> <span class='ocrx_word' id='word_1_537' title='bbox 1847 3899 2057 3956; x_wconf 89' lang='lat' dir='ltr'><strong>negare</strong></span> 
     </span>
    </p>
   </div>
   <div class='ocr_carea' id='block_1_54' title="bbox 405 3971 2059 4044">
    <p class='ocr_par' dir='ltr' id='par_1_54' title="bbox 405 3971 2059 4044">
     <span class='ocr_line' id='line_1_54' title="bbox 405 3971 2059 4044; baseline 0 -16"><span class='ocrx_word' id='word_1_538' title='bbox 405 3971 686 4042; x_wconf 85' lang='lat' dir='ltr'><strong>Spiritum</strong></span> <span class='ocrx_word' id='word_1_539' title='bbox 719 3975 992 4026; x_wconf 88' lang='lat' dir='ltr'><strong>sanctum</strong></span> <span class='ocrx_word' id='word_1_540' title='bbox 1028 3989 1060 4027; x_wconf 90' lang='lat' dir='ltr'><strong>a</strong></span> <span class='ocrx_word' id='word_1_541' title='bbox 1089 3971 1231 4028; x_wconf 87' lang='lat' dir='ltr'><strong>Filio</strong></span> <span class='ocrx_word' id='word_1_542' title='bbox 1265 3973 1591 4042; x_wconf 81' lang='lat' dir='ltr'><strong>Procedere,</strong></span> <span class='ocrx_word' id='word_1_543' title='bbox 1627 3973 1740 4028; x_wconf 92' lang='lat' dir='ltr'><strong>nisi</strong></span> <span class='ocrx_word' id='word_1_544' title='bbox 1766 3973 2059 4044; x_wconf 84' lang='lat' dir='ltr'><strong>negaverit</strong></span> 
     </span>
    </p>
   </div>
   <div class='ocr_carea' id='block_1_55' title="bbox 405 4059 2051 4132">
    <p class='ocr_par' dir='ltr' id='par_1_55' title="bbox 405 4059 2051 4132">
     <span class='ocr_line' id='line_1_55' title="bbox 405 4059 2051 4132; baseline -0.001 -16"><span class='ocrx_word' id='word_1_545' title='bbox 405 4059 618 4116; x_wconf 87' lang='lat' dir='ltr'><strong>Filium</strong></span> <span class='ocrx_word' id='word_1_546' title='bbox 677 4060 1045 4128; x_wconf 88' lang='lat' dir='ltr'><strong>charitatem,</strong></span> <span class='ocrx_word' id='word_1_547' title='bbox 1099 4077 1215 4132; x_wconf 92' lang='lat' dir='ltr'><strong>qua</strong></span> <span class='ocrx_word' id='word_1_548' title='bbox 1263 4059 1456 4132; x_wconf 88' lang='lat' dir='ltr'><strong>diligit</strong></span> <span class='ocrx_word' id='word_1_549' title='bbox 1503 4063 1755 4129; x_wconf 82' lang='lat' dir='ltr'><strong>Patrem,</strong></span> <span class='ocrx_word' id='word_1_550' title='bbox 1819 4061 2051 4116; x_wconf 88' lang='lat' dir='ltr'><strong>habere.</strong></span> 
     </span>
    </p>
   </div>
   <div class='ocr_carea' id='block_1_56' title="bbox 405 4150 2058 4221">
    <p class='ocr_par' dir='ltr' id='par_1_56' title="bbox 405 4150 2058 4221">
     <span class='ocr_line' id='line_1_56' title="bbox 405 4150 2058 4221; baseline -0.001 -14"><span class='ocrx_word' id='word_1_551' title='bbox 405 4151 564 4216; x_wconf 89' lang='lat' dir='ltr'><strong>Quod</strong></span> <span class='ocrx_word' id='word_1_552' title='bbox 597 4151 734 4221; x_wconf 89' lang='lat' dir='ltr'><strong>quia</strong></span> <span class='ocrx_word' id='word_1_553' title='bbox 763 4166 1060 4216; x_wconf 86' lang='lat' dir='ltr'><strong>vesanum,</strong></span> <span class='ocrx_word' id='word_1_554' title='bbox 1095 4150 1413 4205; x_wconf 89' lang='lat' dir='ltr'><strong>tenendum</strong></span> <span class='ocrx_word' id='word_1_555' title='bbox 1466 4150 1704 4208; x_wconf 87' lang='lat' dir='ltr'><strong>omnino</strong></span> <span class='ocrx_word' id='word_1_556' title='bbox 1735 4155 1791 4207; x_wconf 88' lang='lat' dir='ltr'><strong>et</strong></span> <span class='ocrx_word' id='word_1_557' title='bbox 1813 4151 2058 4207; x_wconf 80' lang='lat' dir='ltr'><strong>fideliter</strong></span> 
     </span>
    </p>
   </div>
   <div class='ocr_carea' id='block_1_57' title="bbox 406 4238 2057 4311">
    <p class='ocr_par' dir='ltr' id='par_1_57' title="bbox 406 4238 2057 4311">
     <span class='ocr_line' id='line_1_57' title="bbox 406 4238 2057 4311; baseline -0.001 -16"><span class='ocrx_word' id='word_1_558' title='bbox 406 4239 824 4310; x_wconf 87' lang='lat' dir='ltr'><strong>profitendum,</strong></span> <span class='ocrx_word' id='word_1_559' title='bbox 855 4239 994 4311; x_wconf 89' lang='lat' dir='ltr'><strong>quia</strong></span> <span class='ocrx_word' id='word_1_560' title='bbox 1017 4240 1186 4293; x_wconf 87' lang='lat' dir='ltr'><strong>Pater</strong></span> <span class='ocrx_word' id='word_1_561' title='bbox 1215 4238 1406 4310; x_wconf 89' lang='lat' dir='ltr'><strong>diligit</strong></span> <span class='ocrx_word' id='word_1_562' title='bbox 1432 4238 1637 4294; x_wconf 89' lang='lat' dir='ltr'><strong>Filium</strong></span> <span class='ocrx_word' id='word_1_563' title='bbox 1663 4245 1720 4294; x_wconf 89' lang='lat' dir='ltr'><strong>et</strong></span> <span class='ocrx_word' id='word_1_564' title='bbox 1765 4240 1944 4295; x_wconf 88' lang='lat' dir='ltr'><strong>Filius</strong></span> <span class='ocrx_word' id='word_1_565' title='bbox 1968 4240 2057 4294; x_wconf 63' lang='lat' dir='ltr'><strong>dio</strong></span> 
     </span>
    </p>
   </div>
   <div class='ocr_carea' id='block_1_58' title="bbox 407 4327 2059 4401">
    <p class='ocr_par' dir='ltr' id='par_1_58' title="bbox 407 4327 2059 4401">
     <span class='ocr_line' id='line_1_58' title="bbox 407 4327 2059 4401; baseline 0 -17"><span class='ocrx_word' id='word_1_566' title='bbox 407 4328 538 4401; x_wconf 89' lang='lat' dir='ltr'><strong>ligit</strong></span> <span class='ocrx_word' id='word_1_567' title='bbox 567 4328 815 4398; x_wconf 86' lang='lat' dir='ltr'><strong>Patrem,</strong></span> <span class='ocrx_word' id='word_1_568' title='bbox 849 4333 907 4383; x_wconf 90' lang='lat' dir='ltr'><strong>et</strong></span> <span class='ocrx_word' id='word_1_569' title='bbox 939 4327 1060 4383; x_wconf 70' lang='lat' dir='ltr'><strong>haec</strong></span> <span class='ocrx_word' id='word_1_570' title='bbox 1092 4327 1344 4394; x_wconf 88' lang='lat' dir='ltr'><strong>dilectio,</strong></span> <span class='ocrx_word' id='word_1_571' title='bbox 1379 4344 1495 4400; x_wconf 91' lang='lat' dir='ltr'><strong>qua</strong></span> <span class='ocrx_word' id='word_1_572' title='bbox 1528 4327 1694 4384; x_wconf 89' lang='lat' dir='ltr'><strong>Pater</strong></span> <span class='ocrx_word' id='word_1_573' title='bbox 1741 4328 1928 4399; x_wconf 88' lang='lat' dir='ltr'><strong>diligit</strong></span> <span class='ocrx_word' id='word_1_574' title='bbox 1967 4329 2059 4384; x_wconf 89' lang='lat' dir='ltr'><strong>Fi-</strong></span> 
     </span>
    </p>
   </div>
   <div class='ocr_carea' id='block_1_59' title="bbox 411 4505 2050 4580">
    <p class='ocr_par' dir='ltr' id='par_1_59' title="bbox 411 4505 2050 4580">
     <span class='ocr_line' id='line_1_59' title="bbox 411 4505 2050 4580; baseline -0.001 -13"><span class='ocrx_word' id='word_1_575' title='bbox 411 4516 492 4567; x_wconf 90' lang='lat' dir='ltr'><strong>De</strong></span> <span class='ocrx_word' id='word_1_576' title='bbox 529 4525 640 4565; x_wconf 86' lang='lat' dir='ltr'><strong>una</strong></span> <span class='ocrx_word' id='word_1_577' title='bbox 670 4509 813 4566; x_wconf 69' lang='lat' dir='ltr'><strong>Eccl.</strong></span> <span class='ocrx_word' id='word_1_578' title='bbox 846 4507 956 4564; x_wconf 88' lang='lat' dir='ltr'><strong>c.9</strong></span> <span class='ocrx_word' id='word_1_579' title='bbox 987 4523 1000 4573; x_wconf 92' lang='lat'><strong>;</strong></span> <span class='ocrx_word' id='word_1_580' title='bbox 1037 4508 1107 4580; x_wconf 81' lang='lat' dir='ltr'><strong>De</strong></span> <span class='ocrx_word' id='word_1_581' title='bbox 1152 4521 1299 4580; x_wconf 77' lang='lat' dir='ltr'><strong>prce.</strong></span> <span class='ocrx_word' id='word_1_582' title='bbox 1334 4505 1424 4577; x_wconf 91' lang='lat' dir='ltr'><strong>Sp.</strong></span> <span class='ocrx_word' id='word_1_583' title='bbox 1464 4505 1534 4580; x_wconf 58' lang='grc' dir='ltr'><strong>ἓ.</strong></span> <span class='ocrx_word' id='word_1_584' title='bbox 1585 4521 1636 4562; x_wconf 90' lang='lat' dir='ltr'><strong>c.</strong></span> <span class='ocrx_word' id='word_1_585' title='bbox 1687 4508 1718 4561; x_wconf 88' lang='grc'><strong>4</strong></span> <span class='ocrx_word' id='word_1_586' title='bbox 1768 4507 1846 4580; x_wconf 88' lang='lat' dir='ltr'><strong>(G.</strong></span> <span class='ocrx_word' id='word_1_587' title='bbox 1896 4509 1954 4565; x_wconf 92' lang='lat'><strong>0.</strong></span> <span class='ocrx_word' id='word_1_588' title='bbox 2008 4509 2050 4580; x_wconf 86' lang='grc' dir='ltr'>Ι,</span> 
     </span>
    </p>
   </div>
   <div class='ocr_carea' id='block_1_60' title="bbox 409 4577 2051 4652">
    <p class='ocr_par' dir='ltr' id='par_1_60' title="bbox 409 4577 2051 4652">
     <span class='ocr_line' id='line_1_60' title="bbox 409 4577 2051 4652; baseline 0 -16"><span class='ocrx_word' id='word_1_589' title='bbox 409 4583 694 4649; x_wconf 79' lang='grc'><strong>74,282);</strong></span> <span class='ocrx_word' id='word_1_590' title='bbox 749 4582 919 4652; x_wconf 87' lang='lat' dir='ltr'><strong>Greg.</strong></span> <span class='ocrx_word' id='word_1_591' title='bbox 967 4579 1089 4652; x_wconf 82' lang='lat' dir='ltr'><strong>Cpl.</strong></span> <span class='ocrx_word' id='word_1_592' title='bbox 1142 4579 1218 4652; x_wconf 83' lang='lat' dir='ltr'><strong>ad</strong></span> <span class='ocrx_word' id='word_1_593' title='bbox 1269 4579 1413 4652; x_wconf 81' lang='lat' dir='ltr'><strong>imp.</strong></span> <span class='ocrx_word' id='word_1_594' title='bbox 1463 4577 1702 4652; x_wconf 10' lang='lat' dir='ltr'><strong>T‘raperz.</strong></span> <span class='ocrx_word' id='word_1_595' title='bbox 1749 4577 1807 4652; x_wconf 40' lang='grc' dir='ltr'>σε</span> <span class='ocrx_word' id='word_1_596' title='bbox 1848 4581 1910 4634; x_wconf 87' lang='grc'>18</span> <span class='ocrx_word' id='word_1_597' title='bbox 1951 4577 2051 4652; x_wconf 74' lang='lat' dir='ltr'><strong>(ib.</strong></span> 
     </span>
    </p>
   </div>
   <div class='ocr_carea' id='block_1_61' title="bbox 409 4649 2048 4724">
    <p class='ocr_par' dir='ltr' id='par_1_61' title="bbox 409 4649 2048 4724">
     <span class='ocr_line' id='line_1_61' title="bbox 409 4649 2048 4724; baseline 0.002 -18"><span class='ocrx_word' id='word_1_598' title='bbox 409 4671 466 4722; x_wconf 86' lang='lat' dir='ltr'><strong>p.</strong></span> <span class='ocrx_word' id='word_1_599' title='bbox 499 4655 664 4721; x_wconf 64' lang='lat'><strong>1160);</strong></span> <span class='ocrx_word' id='word_1_600' title='bbox 701 4649 984 4724; x_wconf 78' lang='lat' dir='ltr'><strong>aliosque.</strong></span> <span class='ocrx_word' id='word_1_601' title='bbox 1015 4649 1259 4724; x_wconf 22' lang='lat' dir='ltr'><strong>’Similia</strong></span> <span class='ocrx_word' id='word_1_602' title='bbox 1299 4651 1449 4724; x_wconf 65' lang='lat' dir='ltr'><strong>dicit</strong></span> <span class='ocrx_word' id='word_1_603' title='bbox 1488 4650 1758 4724; x_wconf 80' lang='lat' dir='ltr'><strong>Cyrillus,</strong></span> <span class='ocrx_word' id='word_1_604' title='bbox 1795 4651 1834 4705; x_wconf 94' lang='lat' dir='ltr'><strong>l.</strong></span> <span class='ocrx_word' id='word_1_605' title='bbox 1868 4649 2048 4721; x_wconf 39' lang='lat' dir='ltr'><strong>v1,&#39;ad</strong></span> 
     </span>
    </p>
   </div>
   <div class='ocr_carea' id='block_1_62' title="bbox 411 4722 1649 4796">
    <p class='ocr_par' dir='ltr' id='par_1_62' title="bbox 411 4722 1649 4796">
     <span class='ocr_line' id='line_1_62' title="bbox 411 4722 1649 4796; baseline 0 -18"><span class='ocrx_word' id='word_1_606' title='bbox 411 4725 605 4796; x_wconf 71' lang='lat' dir='ltr'><strong>Herm.</strong></span> <span class='ocrx_word' id='word_1_607' title='bbox 635 4722 890 4796; x_wconf 68' lang='lat' dir='ltr'><strong>(Beccus,</strong></span> <span class='ocrx_word' id='word_1_608' title='bbox 922 4724 1099 4796; x_wconf 89' lang='lat' dir='ltr'><strong>epigr.</strong></span> <span class='ocrx_word' id='word_1_609' title='bbox 1133 4724 1185 4788; x_wconf 91' lang='lat'><strong>1,</strong></span> <span class='ocrx_word' id='word_1_610' title='bbox 1219 4722 1370 4796; x_wconf 19' lang='lat'><strong>6.70.</strong></span> <span class='ocrx_word' id='word_1_611' title='bbox 1404 4723 1474 4790; x_wconf 89' lang='lat' dir='ltr'><strong>Ii,</strong></span> <span class='ocrx_word' id='word_1_612' title='bbox 1499 4722 1649 4793; x_wconf 83' lang='lat'><strong>5-10).</strong></span> 
     </span>
    </p>
   </div>
   <div class='ocr_carea' id='block_1_63' title="bbox 481 4793 2053 4865">
    <p class='ocr_par' dir='ltr' id='par_1_63' title="bbox 481 4793 2053 4865">
     <span class='ocr_line' id='line_1_63' title="bbox 481 4793 2053 4865; baseline 0.004 -19"><span class='ocrx_word' id='word_1_613' title='bbox 481 4794 594 4864; x_wconf 78' lang='lat'><strong>(62)</strong></span> <span class='ocrx_word' id='word_1_614' title='bbox 637 4793 910 4850; x_wconf 83' lang='lat' dir='ltr'><strong>Nonnulli</strong></span> <span class='ocrx_word' id='word_1_615' title='bbox 960 4793 1093 4851; x_wconf 73' lang='lat' dir='ltr'><strong>vero</strong></span> <span class='ocrx_word' id='word_1_616' title='bbox 1151 4793 1368 4851; x_wconf 87' lang='lat' dir='ltr'><strong>eruditi</strong></span> <span class='ocrx_word' id='word_1_617' title='bbox 1433 4811 1547 4848; x_wconf 86' lang='lat' dir='ltr'><strong>non</strong></span> <span class='ocrx_word' id='word_1_618' title='bbox 1605 4796 1732 4850; x_wconf 85' lang='lat' dir='ltr'><strong>sine</strong></span> <span class='ocrx_word' id='word_1_619' title='bbox 1775 4798 2053 4865; x_wconf 90' lang='lat' dir='ltr'><strong>gravibus</strong></span> 
     </span>
    </p>
   </div>
   <div class='ocr_carea' id='block_1_64' title="bbox 413 4865 2053 4937">
    <p class='ocr_par' dir='ltr' id='par_1_64' title="bbox 413 4865 2053 4937">
     <span class='ocr_line' id='line_1_64' title="bbox 413 4865 2053 4937; baseline 0.002 -19"><span class='ocrx_word' id='word_1_620' title='bbox 413 4865 734 4920; x_wconf 85' lang='lat' dir='ltr'><strong>rationibus</strong></span> <span class='ocrx_word' id='word_1_621' title='bbox 797 4868 1214 4922; x_wconf 89' lang='lat' dir='ltr'><strong>Theodoretum</strong></span> <span class='ocrx_word' id='word_1_622' title='bbox 1273 4866 1573 4922; x_wconf 86' lang='lat' dir='ltr'><strong>vindicant</strong></span> <span class='ocrx_word' id='word_1_623' title='bbox 1629 4867 1700 4922; x_wconf 89' lang='lat' dir='ltr'><strong>ab</strong></span> <span class='ocrx_word' id='word_1_624' title='bbox 1765 4869 2053 4937; x_wconf 84' lang='lat' dir='ltr'><strong>ejusmodi</strong></span> 
     </span>
    </p>
   </div>
   <div class='ocr_carea' id='block_1_65' title="bbox 411 4951 620 4990">
    <p class='ocr_par' dir='ltr' id='par_1_65' title="bbox 411 4951 620 4990">
     <span class='ocr_line' id='line_1_65' title="bbox 411 4951 620 4990; baseline -0.014 0"><span class='ocrx_word' id='word_1_625' title='bbox 411 4951 620 4990; x_wconf 89' lang='lat' dir='ltr'><strong>errore.</strong></span> 
     </span>
    </p>
   </div>
   <div class='ocr_carea' id='block_1_66' title="bbox 481 5004 2054 5080">
    <p class='ocr_par' dir='ltr' id='par_1_66' title="bbox 481 5004 2054 5080">
     <span class='ocr_line' id='line_1_66' title="bbox 481 5004 2054 5080; baseline 0.003 -20"><span class='ocrx_word' id='word_1_626' title='bbox 481 5007 592 5080; x_wconf 73' lang='lat'><strong>(63)</strong></span> <span class='ocrx_word' id='word_1_627' title='bbox 627 5006 770 5062; x_wconf 90' lang='lat' dir='ltr'><strong>Illud</strong></span> <span class='ocrx_word' id='word_1_628' title='bbox 805 5004 864 5060; x_wconf 77' lang='grc' dir='ltr'><strong>ἐκ</strong></span> <span class='ocrx_word' id='word_1_629' title='bbox 889 5010 985 5060; x_wconf 78' lang='grc' dir='ltr'><strong>τοῦ</strong></span> <span class='ocrx_word' id='word_1_630' title='bbox 1017 5009 1144 5080; x_wconf 42' lang='lat' dir='ltr'><strong>rio&quot;;</strong></span> <span class='ocrx_word' id='word_1_631' title='bbox 1175 5009 1375 5080; x_wconf 74' lang='lat' dir='ltr'><strong>reiecit</strong></span> <span class='ocrx_word' id='word_1_632' title='bbox 1402 5025 1514 5065; x_wconf 93' lang='lat' dir='ltr'><strong>non</strong></span> <span class='ocrx_word' id='word_1_633' title='bbox 1561 5009 1675 5064; x_wconf 87' lang='lat' dir='ltr'><strong>alio</strong></span> <span class='ocrx_word' id='word_1_634' title='bbox 1706 5026 1906 5077; x_wconf 88' lang='lat' dir='ltr'><strong>sensu,</strong></span> <span class='ocrx_word' id='word_1_635' title='bbox 1943 5011 2054 5066; x_wconf 87' lang='lat' dir='ltr'><strong>nisi</strong></span> 
     </span>
    </p>
   </div>
   <div class='ocr_carea' id='block_1_67' title="bbox 414 5075 2058 5156">
    <p class='ocr_par' dir='ltr' id='par_1_67' title="bbox 414 5075 2058 5156">
     <span class='ocr_line' id='line_1_67' title="bbox 414 5075 2058 5156; baseline 0.002 -26"><span class='ocrx_word' id='word_1_636' title='bbox 414 5076 488 5138; x_wconf 81' lang='grc' dir='ltr'>ὡς</span> <span class='ocrx_word' id='word_1_637' title='bbox 614 5083 714 5146; x_wconf 80' lang='grc' dir='ltr'><strong>τῆς</strong></span> <span class='ocrx_word' id='word_1_638' title='bbox 760 5080 984 5156; x_wconf 29' lang='grc' dir='ltr'><strong>πρρώτης</strong></span> <span class='ocrx_word' id='word_1_639' title='bbox 1035 5075 1334 5142; x_wconf 64' lang='grc' dir='ltr'><strong>αἰτίας,”ἐκ</strong></span> <span class='ocrx_word' id='word_1_640' title='bbox 1371 5086 1471 5148; x_wconf 76' lang='grc' dir='ltr'><strong>τῆς</strong></span> <span class='ocrx_word' id='word_1_641' title='bbox 1498 5080 1700 5156; x_wconf 21' lang='grc' dir='ltr'><strong>ᾉᾶρχῆς</strong></span> <span class='ocrx_word' id='word_1_642' title='bbox 1740 5075 2058 5156; x_wconf 63' lang='grc' dir='ltr'><strong>⁸ἰτροκριτοιρ-</strong></span> 
     </span>
    </p>
   </div>
   <div class='ocr_carea' id='block_1_68' title="bbox 412 5152 2055 5223">
    <p class='ocr_par' dir='ltr' id='par_1_68' title="bbox 412 5152 2055 5223">
     <span class='ocr_line' id='line_1_68' title="bbox 412 5152 2055 5223; baseline 0.002 -20"><span class='ocrx_word' id='word_1_643' title='bbox 412 5153 624 5217; x_wconf 83' lang='grc' dir='ltr'><strong>κτικῆς,</strong></span> <span class='ocrx_word' id='word_1_644' title='bbox 697 5158 755 5205; x_wconf 91' lang='lat' dir='ltr'><strong>ut</strong></span> <span class='ocrx_word' id='word_1_645' title='bbox 813 5152 1041 5223; x_wconf 67' lang='lat' dir='ltr'><strong>Graecus</strong></span> <span class='ocrx_word' id='word_1_646' title='bbox 1091 5157 1290 5207; x_wconf 86' lang='lat' dir='ltr'><strong>auctor</strong></span> <span class='ocrx_word' id='word_1_647' title='bbox 1357 5154 1510 5223; x_wconf 90' lang='lat' dir='ltr'><strong>apud</strong></span> <span class='ocrx_word' id='word_1_648' title='bbox 1559 5152 1802 5223; x_wconf 70' lang='lat' dir='ltr'><strong>Niceph.</strong></span> <span class='ocrx_word' id='word_1_649' title='bbox 1855 5152 2055 5223; x_wconf 54' lang='lat' dir='ltr'><strong>illum),</strong></span> 
     </span>
    </p>
   </div>
   <div class='ocr_carea' id='block_1_69' title="bbox 414 5222 2056 5294">
    <p class='ocr_par' dir='ltr' id='par_1_69' title="bbox 414 5222 2056 5294">
     <span class='ocr_line' id='line_1_69' title="bbox 414 5222 2056 5294; baseline 0.001 -16"><span class='ocrx_word' id='word_1_650' title='bbox 414 5225 560 5278; x_wconf 86' lang='lat' dir='ltr'><strong>orat.</strong></span> <span class='ocrx_word' id='word_1_651' title='bbox 601 5224 646 5289; x_wconf 86' lang='grc'><strong>1,</strong></span> <span class='ocrx_word' id='word_1_652' title='bbox 691 5239 746 5294; x_wconf 90' lang='lat' dir='ltr'><strong>p.</strong></span> <span class='ocrx_word' id='word_1_653' title='bbox 789 5223 830 5294; x_wconf 12' lang='lat'><strong>77</strong></span> <span class='ocrx_word' id='word_1_654' title='bbox 857 5293 866 5294; x_wconf 15' lang='grc' dir='ltr'>ί</span> <span class='ocrx_word' id='word_1_655' title='bbox 894 5222 1153 5277; x_wconf 83' lang='lat' dir='ltr'><strong>advertit.</strong></span> <span class='ocrx_word' id='word_1_656' title='bbox 1207 5224 1368 5294; x_wconf 86' lang='lat' dir='ltr'><strong>Hugo</strong></span> <span class='ocrx_word' id='word_1_657' title='bbox 1399 5222 1615 5280; x_wconf 27' lang='lat' dir='ltr'><strong>’Ether.</strong></span> <span class='ocrx_word' id='word_1_658' title='bbox 1669 5222 1714 5280; x_wconf 26' lang='lat' dir='ltr'><strong>l.’</strong></span> <span class='ocrx_word' id='word_1_659' title='bbox 1758 5241 1842 5291; x_wconf 82' lang='lat' dir='ltr'><strong>III,</strong></span> <span class='ocrx_word' id='word_1_660' title='bbox 1885 5243 1933 5280; x_wconf 93' lang='lat' dir='ltr'><strong>c.</strong></span> <span class='ocrx_word' id='word_1_661' title='bbox 1967 5222 2056 5292; x_wconf 86' lang='lat'><strong>21,</strong></span> 
     </span>
    </p>
   </div>
   <div class='ocr_carea' id='block_1_70' title="bbox 413 5293 2060 5364">
    <p class='ocr_par' dir='ltr' id='par_1_70' title="bbox 413 5293 2060 5364">
     <span class='ocr_line' id='line_1_70' title="bbox 413 5293 2060 5364; baseline 0.002 -16"><span class='ocrx_word' id='word_1_662' title='bbox 413 5311 470 5364; x_wconf 90' lang='lat' dir='ltr'><strong>p.</strong></span> <span class='ocrx_word' id='word_1_663' title='bbox 507 5294 642 5348; x_wconf 84' lang='lat'><strong>1259</strong></span> <span class='ocrx_word' id='word_1_664' title='bbox 667 5293 743 5348; x_wconf 62' lang='lat' dir='ltr'><strong>:a</strong></span> <span class='ocrx_word' id='word_1_665' title='bbox 777 5293 941 5348; x_wconf 87' lang='lat' dir='ltr'><strong>Solus</strong></span> <span class='ocrx_word' id='word_1_666' title='bbox 963 5310 1114 5361; x_wconf 85' lang='lat' dir='ltr'><strong>vero,</strong></span> <span class='ocrx_word' id='word_1_667' title='bbox 1149 5293 1357 5364; x_wconf 75' lang='lat' dir='ltr'><strong>inquit,</strong></span> <span class='ocrx_word' id='word_1_668' title='bbox 1391 5295 1777 5351; x_wconf 80' lang='lat' dir='ltr'><strong>Damascenus</strong></span> <span class='ocrx_word' id='word_1_669' title='bbox 1807 5296 2060 5352; x_wconf 90' lang='lat' dir='ltr'><strong>Joannes</strong></span> 
     </span>
    </p>
   </div>
   <div class='ocr_carea' id='block_1_71' title="bbox 389 5364 2057 5437">
    <p class='ocr_par' dir='ltr' id='par_1_71' title="bbox 389 5364 2057 5437">
     <span class='ocr_line' id='line_1_71' title="bbox 389 5364 2057 5437; baseline 0.001 -16"><span class='ocrx_word' id='word_1_670' title='bbox 389 5366 698 5421; x_wconf 82' lang='lat' dir='ltr'><strong>dissidere</strong></span> <span class='ocrx_word' id='word_1_671' title='bbox 721 5383 750 5419; x_wconf 88' lang='lat' dir='ltr'><strong>a</strong></span> <span class='ocrx_word' id='word_1_672' title='bbox 775 5381 986 5437; x_wconf 84' lang='lat' dir='ltr'><strong>magno</strong></span> <span class='ocrx_word' id='word_1_673' title='bbox 1016 5364 1225 5437; x_wconf 84' lang='lat' dir='ltr'><strong>Cyrillo</strong></span> <span class='ocrx_word' id='word_1_674' title='bbox 1246 5365 1495 5437; x_wconf 83' lang='lat' dir='ltr'><strong>aliisque</strong></span> <span class='ocrx_word' id='word_1_675' title='bbox 1517 5367 1788 5422; x_wconf 89' lang='lat' dir='ltr'><strong>Patribus</strong></span> <span class='ocrx_word' id='word_1_676' title='bbox 1811 5370 2057 5434; x_wconf 87' lang='lat' dir='ltr'><strong>videtur,</strong></span> 
     </span>
    </p>
   </div>
   <div class='ocr_carea' id='block_1_72' title="bbox 411 5435 2058 5504">
    <p class='ocr_par' dir='ltr' id='par_1_72' title="bbox 411 5435 2058 5504">
     <span class='ocr_line' id='line_1_72' title="bbox 411 5435 2058 5504; baseline 0.001 -12"><span class='ocrx_word' id='word_1_677' title='bbox 411 5437 462 5493; x_wconf 90' lang='lat' dir='ltr'><strong>si</strong></span> <span class='ocrx_word' id='word_1_678' title='bbox 492 5441 684 5492; x_wconf 89' lang='lat' dir='ltr'><strong>tamen</strong></span> <span class='ocrx_word' id='word_1_679' title='bbox 719 5438 802 5491; x_wconf 86' lang='lat' dir='ltr'><strong>ita</strong></span> <span class='ocrx_word' id='word_1_680' title='bbox 846 5436 1016 5490; x_wconf 88' lang='lat' dir='ltr'><strong>scibit</strong></span> <span class='ocrx_word' id='word_1_681' title='bbox 1041 5435 1076 5489; x_wconf 70' lang='grc' dir='ltr'><strong>ε’</strong></span> <span class='ocrx_word' id='word_1_682' title='bbox 1105 5435 1376 5504; x_wconf 81' lang='lat' dir='ltr'><strong>Spiritum</strong></span> <span class='ocrx_word' id='word_1_683' title='bbox 1402 5435 1496 5494; x_wconf 18' lang='lat' dir='ltr'><strong>fex</strong></span> <span class='ocrx_word' id='word_1_684' title='bbox 1525 5441 1689 5495; x_wconf 85' lang='lat' dir='ltr'><strong>Patre</strong></span> <span class='ocrx_word' id='word_1_685' title='bbox 1709 5441 1954 5496; x_wconf 78' lang='lat' dir='ltr'><strong>dicimus</strong></span> <span class='ocrx_word' id='word_1_686' title='bbox 2010 5449 2058 5496; x_wconf 83' lang='lat' dir='ltr'><strong>et</strong></span> 
     </span>
    </p>
   </div>
   <div class='ocr_carea' id='block_1_73' title="bbox 408 5510 2062 5582">
    <p class='ocr_par' dir='ltr' id='par_1_73' title="bbox 408 5510 2062 5582">
     <span class='ocr_line' id='line_1_73' title="bbox 408 5510 2062 5582; baseline 0.001 -17"><span class='ocrx_word' id='word_1_687' title='bbox 408 5511 681 5580; x_wconf 80' lang='lat' dir='ltr'><strong>Spiritum</strong></span> <span class='ocrx_word' id='word_1_688' title='bbox 733 5510 918 5582; x_wconf 82' lang='lat' dir='ltr'><strong>Patris</strong></span> <span class='ocrx_word' id='word_1_689' title='bbox 962 5510 1333 5582; x_wconf 71' lang='lat' dir='ltr'><strong>nominamus.</strong></span> <span class='ocrx_word' id='word_1_690' title='bbox 1374 5511 1456 5563; x_wconf 77' lang='lat' dir='ltr'><strong>Ea:</strong></span> <span class='ocrx_word' id='word_1_691' title='bbox 1499 5511 1640 5565; x_wconf 83' lang='lat' dir='ltr'><strong>Filio</strong></span> <span class='ocrx_word' id='word_1_692' title='bbox 1687 5517 1872 5567; x_wconf 84' lang='lat' dir='ltr'><strong>autem</strong></span> <span class='ocrx_word' id='word_1_693' title='bbox 1933 5511 2062 5582; x_wconf 84' lang='lat' dir='ltr'><strong>Spi—</strong></span> 
     </span>
    </p>
   </div>
   <div class='ocr_carea' id='block_1_74' title="bbox 408 5579 2060 5650">
    <p class='ocr_par' dir='ltr' id='par_1_74' title="bbox 408 5579 2060 5650">
     <span class='ocr_line' id='line_1_74' title="bbox 408 5579 2060 5650; baseline -0.002 -13"><span class='ocrx_word' id='word_1_694' title='bbox 408 5579 581 5637; x_wconf 80' lang='lat' dir='ltr'><strong>ritum</strong></span> <span class='ocrx_word' id='word_1_695' title='bbox 610 5597 718 5636; x_wconf 83' lang='lat' dir='ltr'><strong>non</strong></span> <span class='ocrx_word' id='word_1_696' title='bbox 746 5580 1003 5644; x_wconf 76' lang='lat' dir='ltr'><strong>dicimus,</strong></span> <span class='ocrx_word' id='word_1_697' title='bbox 1027 5579 1297 5650; x_wconf 79' lang='lat' dir='ltr'><strong>Spiritum</strong></span> <span class='ocrx_word' id='word_1_698' title='bbox 1319 5596 1442 5636; x_wconf 82' lang='lat' dir='ltr'><strong>vero</strong></span> <span class='ocrx_word' id='word_1_699' title='bbox 1471 5582 1608 5636; x_wconf 81' lang='lat' dir='ltr'><strong>Filii</strong></span> <span class='ocrx_word' id='word_1_700' title='bbox 1636 5579 2060 5639; x_wconf 80' lang='lat' dir='ltr'><strong>nominamus.»</strong></span> 
     </span>
    </p>
   </div>
   <div class='ocr_carea' id='block_1_75' title="bbox 407 5652 2062 5722">
    <p class='ocr_par' dir='ltr' id='par_1_75' title="bbox 407 5652 2062 5722">
     <span class='ocr_line' id='line_1_75' title="bbox 407 5652 2062 5722; baseline 0.002 -13"><span class='ocrx_word' id='word_1_701' title='bbox 407 5654 820 5711; x_wconf 86' lang='lat' dir='ltr'><strong>Verumtamen</strong></span> <span class='ocrx_word' id='word_1_702' title='bbox 870 5662 924 5708; x_wconf 87' lang='lat' dir='ltr'><strong>et</strong></span> <span class='ocrx_word' id='word_1_703' title='bbox 972 5653 1263 5722; x_wconf 80' lang='lat' dir='ltr'><strong>Scriptura</strong></span> <span class='ocrx_word' id='word_1_704' title='bbox 1293 5653 1374 5707; x_wconf 83' lang='lat' dir='ltr'><strong>sic</strong></span> <span class='ocrx_word' id='word_1_705' title='bbox 1411 5668 1468 5707; x_wconf 87' lang='lat' dir='ltr'><strong>se</strong></span> <span class='ocrx_word' id='word_1_706' title='bbox 1504 5652 1730 5709; x_wconf 81' lang='lat' dir='ltr'><strong>habente</strong></span> <span class='ocrx_word' id='word_1_707' title='bbox 1780 5673 1892 5711; x_wconf 89' lang='lat' dir='ltr'><strong>non</strong></span> <span class='ocrx_word' id='word_1_708' title='bbox 1942 5657 2062 5712; x_wconf 87' lang='lat' dir='ltr'><strong>dis-</strong></span> 
     </span>
    </p>
   </div>
   <div class='ocr_carea' id='block_1_76' title="bbox 409 5721 2060 5796">
    <p class='ocr_par' dir='ltr' id='par_1_76' title="bbox 409 5721 2060 5796">
     <span class='ocr_line' id='line_1_76' title="bbox 409 5721 2060 5796; baseline -0.002 -11"><span class='ocrx_word' id='word_1_709' title='bbox 409 5727 607 5785; x_wconf 89' lang='lat' dir='ltr'><strong>cordat</strong></span> <span class='ocrx_word' id='word_1_710' title='bbox 654 5725 750 5782; x_wconf 89' lang='lat' dir='ltr'><strong>hic</strong></span> <span class='ocrx_word' id='word_1_711' title='bbox 790 5728 1028 5781; x_wconf 89' lang='lat' dir='ltr'><strong>sanctus</strong></span> <span class='ocrx_word' id='word_1_712' title='bbox 1060 5721 1322 5779; x_wconf 43' lang='lat' dir='ltr'><strong>a&#39;Latina</strong></span> <span class='ocrx_word' id='word_1_713' title='bbox 1352 5722 1634 5796; x_wconf 78' lang='lat' dir='ltr'><strong>veritate;</strong></span> <span class='ocrx_word' id='word_1_714' title='bbox 1688 5725 1797 5781; x_wconf 90' lang='lat' dir='ltr'><strong>hoc</strong></span> <span class='ocrx_word' id='word_1_715' title='bbox 1836 5727 1905 5782; x_wconf 90' lang='lat' dir='ltr'><strong>ad</strong></span> <span class='ocrx_word' id='word_1_716' title='bbox 1927 5741 2060 5783; x_wconf 87' lang='lat' dir='ltr'><strong>con-</strong></span> 
     </span>
    </p>
   </div>
   <div class='ocr_carea' id='block_1_77' title="bbox 2087 4429 2136 4495">
    <p class='ocr_par' dir='ltr' id='par_1_77' title="bbox 2087 4429 2136 4495">
     <span class='ocr_line' id='line_1_77' title="bbox 2087 4429 2136 4495; baseline 0 0"><span class='ocrx_word' id='word_1_717' title='bbox 2087 4429 2136 4495; x_wconf 92' lang='lat' dir='ltr'>D</span> 
     </span>
    </p>
   </div>
   <div class='ocr_carea' id='block_1_78' title="bbox 2168 3169 3820 3237">
    <p class='ocr_par' dir='ltr' id='par_1_78' title="bbox 2168 3169 3820 3237">
     <span class='ocr_line' id='line_1_78' title="bbox 2168 3169 3820 3237; baseline -0.001 -11"><span class='ocrx_word' id='word_1_718' title='bbox 2168 3169 2380 3226; x_wconf 70' lang='lat' dir='ltr'><strong>stolica:</strong></span> <span class='ocrx_word' id='word_1_719' title='bbox 2406 3169 2734 3224; x_wconf 88' lang='lat' dir='ltr'><strong>sanctitatis</strong></span> <span class='ocrx_word' id='word_1_720' title='bbox 2759 3169 2910 3225; x_wconf 87' lang='lat' dir='ltr'><strong>viros</strong></span> <span class='ocrx_word' id='word_1_721' title='bbox 2933 3169 3228 3237; x_wconf 87' lang='lat' dir='ltr'><strong>mentitur,</strong></span> <span class='ocrx_word' id='word_1_722' title='bbox 3249 3169 3388 3224; x_wconf 86' lang='lat' dir='ltr'><strong>dum</strong></span> <span class='ocrx_word' id='word_1_723' title='bbox 3411 3184 3509 3224; x_wconf 83' lang='lat' dir='ltr'><strong>eos</strong></span> <span class='ocrx_word' id='word_1_724' title='bbox 3543 3170 3820 3226; x_wconf 78' lang='lat' dir='ltr'><strong>sanxisse</strong></span> 
     </span>
    </p>
   </div>
   <div class='ocr_carea' id='block_1_79' title="bbox 2169 3257 3821 3332">
    <p class='ocr_par' dir='ltr' id='par_1_79' title="bbox 2169 3257 3821 3332">
     <span class='ocr_line' id='line_1_79' title="bbox 2169 3257 3821 3332; baseline 0 -17"><span class='ocrx_word' id='word_1_725' title='bbox 2169 3259 2442 3327; x_wconf 79' lang='lat' dir='ltr'><strong>afﬁrmat,</strong></span> <span class='ocrx_word' id='word_1_726' title='bbox 2500 3259 2782 3330; x_wconf 89' lang='lat' dir='ltr'><strong>Spiritum</strong></span> <span class='ocrx_word' id='word_1_727' title='bbox 2812 3277 2846 3315; x_wconf 90' lang='lat' dir='ltr'><strong>a</strong></span> <span class='ocrx_word' id='word_1_728' title='bbox 2873 3263 3062 3326; x_wconf 88' lang='lat' dir='ltr'><strong>Patre,</strong></span> <span class='ocrx_word' id='word_1_729' title='bbox 3088 3260 3186 3314; x_wconf 90' lang='lat' dir='ltr'><strong>sed</strong></span> <span class='ocrx_word' id='word_1_730' title='bbox 3235 3275 3349 3316; x_wconf 92' lang='lat' dir='ltr'><strong>non</strong></span> <span class='ocrx_word' id='word_1_731' title='bbox 3382 3276 3414 3314; x_wconf 93' lang='lat' dir='ltr'><strong>a</strong></span> <span class='ocrx_word' id='word_1_732' title='bbox 3441 3257 3588 3314; x_wconf 87' lang='lat' dir='ltr'><strong>Filio</strong></span> <span class='ocrx_word' id='word_1_733' title='bbox 3611 3274 3821 3332; x_wconf 86' lang='lat' dir='ltr'><strong>proce-</strong></span> 
     </span>
    </p>
   </div>
   <div class='ocr_carea' id='block_1_80' title="bbox 2169 3348 3818 3419">
    <p class='ocr_par' dir='ltr' id='par_1_80' title="bbox 2169 3348 3818 3419">
     <span class='ocr_line' id='line_1_80' title="bbox 2169 3348 3818 3419; baseline 0 -15"><span class='ocrx_word' id='word_1_734' title='bbox 2169 3350 2374 3405; x_wconf 88' lang='lat' dir='ltr'><strong>dere...</strong></span> <span class='ocrx_word' id='word_1_735' title='bbox 2435 3349 2537 3403; x_wconf 86' lang='lat' dir='ltr'><strong>Hic</strong></span> <span class='ocrx_word' id='word_1_736' title='bbox 2585 3349 2938 3404; x_wconf 87' lang='lat' dir='ltr'><strong>conviciator</strong></span> <span class='ocrx_word' id='word_1_737' title='bbox 3007 3349 3310 3405; x_wconf 89' lang='lat' dir='ltr'><strong>edocuisse</strong></span> <span class='ocrx_word' id='word_1_738' title='bbox 3370 3349 3505 3404; x_wconf 88' lang='lat' dir='ltr'><strong>illos</strong></span> <span class='ocrx_word' id='word_1_739' title='bbox 3581 3348 3818 3419; x_wconf 88' lang='lat' dir='ltr'><strong>asserit,</strong></span> 
     </span>
    </p>
   </div>
   <div class='ocr_carea' id='block_1_81' title="bbox 2169 3437 3822 3510">
    <p class='ocr_par' dir='ltr' id='par_1_81' title="bbox 2169 3437 3822 3510">
     <span class='ocr_line' id='line_1_81' title="bbox 2169 3437 3822 3510; baseline 0 -16"><span class='ocrx_word' id='word_1_740' title='bbox 2169 3439 2322 3510; x_wconf 89' lang='lat' dir='ltr'><strong>quod</strong></span> <span class='ocrx_word' id='word_1_741' title='bbox 2345 3438 2602 3494; x_wconf 89' lang='lat' dir='ltr'><strong>indicare</strong></span> <span class='ocrx_word' id='word_1_742' title='bbox 2623 3439 2946 3494; x_wconf 90' lang='lat' dir='ltr'><strong>orationem</strong></span> <span class='ocrx_word' id='word_1_743' title='bbox 2967 3439 3308 3506; x_wconf 88' lang='lat' dir='ltr'><strong>arbitratur,</strong></span> <span class='ocrx_word' id='word_1_744' title='bbox 3323 3437 3568 3509; x_wconf 88' lang='lat' dir='ltr'><strong>scil.qui</strong></span> <span class='ocrx_word' id='word_1_745' title='bbox 3589 3457 3628 3495; x_wconf 90' lang='lat' dir='ltr'><strong>a</strong></span> <span class='ocrx_word' id='word_1_746' title='bbox 3652 3439 3822 3495; x_wconf 81' lang='lat' dir='ltr'><strong>Patre</strong></span> 
     </span>
    </p>
   </div>
   <div class='ocr_carea' id='block_1_82' title="bbox 2167 3528 3823 3599">
    <p class='ocr_par' dir='ltr' id='par_1_82' title="bbox 2167 3528 3823 3599">
     <span class='ocr_line' id='line_1_82' title="bbox 2167 3528 3823 3599; baseline 0.001 -16"><span class='ocrx_word' id='word_1_747' title='bbox 2167 3529 2281 3584; x_wconf 87' lang='lat' dir='ltr'><strong>solo</strong></span> <span class='ocrx_word' id='word_1_748' title='bbox 2311 3529 2638 3599; x_wconf 87' lang='lat' dir='ltr'><strong>procedit...</strong></span> <span class='ocrx_word' id='word_1_749' title='bbox 2684 3528 2808 3584; x_wconf 87' lang='lat' dir='ltr'><strong>Non</strong></span> <span class='ocrx_word' id='word_1_750' title='bbox 2851 3529 3006 3584; x_wconf 89' lang='lat' dir='ltr'><strong>idem</strong></span> <span class='ocrx_word' id='word_1_751' title='bbox 3054 3528 3380 3599; x_wconf 85' lang='lat' dir='ltr'><strong>significant</strong></span> <span class='ocrx_word' id='word_1_752' title='bbox 3411 3528 3497 3584; x_wconf 82' lang='lat' dir='ltr'><strong>hae</strong></span> <span class='ocrx_word' id='word_1_753' title='bbox 3521 3529 3661 3586; x_wconf 71' lang='lat' dir='ltr'><strong>dum</strong></span> <span class='ocrx_word' id='word_1_754' title='bbox 3692 3546 3823 3586; x_wconf 85' lang='lat' dir='ltr'><strong>ora-</strong></span> 
     </span>
    </p>
   </div>
   <div class='ocr_carea' id='block_1_83' title="bbox 2167 3616 3824 3690">
    <p class='ocr_par' dir='ltr' id='par_1_83' title="bbox 2167 3616 3824 3690">
     <span class='ocr_line' id='line_1_83' title="bbox 2167 3616 3824 3690; baseline 0.003 -19"><span class='ocrx_word' id='word_1_755' title='bbox 2167 3616 2394 3673; x_wconf 89' lang='lat' dir='ltr'><strong>tiones:</strong></span> <span class='ocrx_word' id='word_1_756' title='bbox 2421 3617 2526 3686; x_wconf 87' lang='lat' dir='ltr'><strong>Qui</strong></span> <span class='ocrx_word' id='word_1_757' title='bbox 2555 3635 2585 3673; x_wconf 92' lang='lat' dir='ltr'><strong>a</strong></span> <span class='ocrx_word' id='word_1_758' title='bbox 2617 3618 2787 3674; x_wconf 84' lang='lat' dir='ltr'><strong>Patre</strong></span> <span class='ocrx_word' id='word_1_759' title='bbox 2812 3617 3075 3690; x_wconf 82' lang='lat' dir='ltr'><strong>procedit,</strong></span> <span class='ocrx_word' id='word_1_760' title='bbox 3107 3622 3164 3673; x_wconf 90' lang='lat' dir='ltr'><strong>et</strong></span> <span class='ocrx_word' id='word_1_761' title='bbox 3194 3634 3208 3672; x_wconf 88' lang='lat'><strong>:</strong></span> <span class='ocrx_word' id='word_1_762' title='bbox 3245 3618 3351 3687; x_wconf 83' lang='lat' dir='ltr'><strong>Qui</strong></span> <span class='ocrx_word' id='word_1_763' title='bbox 3396 3634 3428 3672; x_wconf 91' lang='lat' dir='ltr'><strong>a</strong></span> <span class='ocrx_word' id='word_1_764' title='bbox 3476 3619 3659 3676; x_wconf 80' lang='lat' dir='ltr'><strong>Patre</strong></span> <span class='ocrx_word' id='word_1_765' title='bbox 3708 3621 3824 3676; x_wconf 80' lang='lat' dir='ltr'><strong>sata</strong></span> 
     </span>
    </p>
   </div>
   <div class='ocr_carea' id='block_1_84' title="bbox 2165 3707 3822 3780">
    <p class='ocr_par' dir='ltr' id='par_1_84' title="bbox 2165 3707 3822 3780">
     <span class='ocr_line' id='line_1_84' title="bbox 2165 3707 3822 3780; baseline 0.003 -21"><span class='ocrx_word' id='word_1_766' title='bbox 2165 3707 2430 3778; x_wconf 79' lang='lat' dir='ltr'><strong>procedit,</strong></span> <span class='ocrx_word' id='word_1_767' title='bbox 2459 3723 2648 3779; x_wconf 90' lang='lat' dir='ltr'><strong>neque</strong></span> <span class='ocrx_word' id='word_1_768' title='bbox 2687 3708 2840 3778; x_wconf 89' lang='lat' dir='ltr'><strong>apud</strong></span> <span class='ocrx_word' id='word_1_769' title='bbox 2875 3707 3120 3775; x_wconf 71' lang='lat' dir='ltr'><strong>Graecos,</strong></span> <span class='ocrx_word' id='word_1_770' title='bbox 3153 3722 3343 3778; x_wconf 89' lang='lat' dir='ltr'><strong>neque</strong></span> <span class='ocrx_word' id='word_1_771' title='bbox 3369 3708 3526 3780; x_wconf 88' lang='lat' dir='ltr'><strong>apud</strong></span> <span class='ocrx_word' id='word_1_772' title='bbox 3551 3707 3822 3776; x_wconf 79' lang='lat' dir='ltr'><strong>Latinos,</strong></span> 
     </span>
    </p>
   </div>
   <div class='ocr_carea' id='block_1_85' title="bbox 2169 3796 3824 3871">
    <p class='ocr_par' dir='ltr' id='par_1_85' title="bbox 2169 3796 3824 3871">
     <span class='ocr_line' id='line_1_85' title="bbox 2169 3796 3824 3871; baseline 0.004 -21"><span class='ocrx_word' id='word_1_773' title='bbox 2169 3810 2358 3866; x_wconf 90' lang='lat' dir='ltr'><strong>neque</strong></span> <span class='ocrx_word' id='word_1_774' title='bbox 2389 3812 2564 3868; x_wconf 89' lang='lat' dir='ltr'><strong>penes</strong></span> <span class='ocrx_word' id='word_1_775' title='bbox 2596 3801 2874 3861; x_wconf 88' lang='lat' dir='ltr'><strong>oratores,</strong></span> <span class='ocrx_word' id='word_1_776' title='bbox 2926 3811 3116 3868; x_wconf 90' lang='lat' dir='ltr'><strong>neque</strong></span> <span class='ocrx_word' id='word_1_777' title='bbox 3165 3811 3343 3867; x_wconf 90' lang='lat' dir='ltr'><strong>penes</strong></span> <span class='ocrx_word' id='word_1_778' title='bbox 3393 3796 3824 3871; x_wconf 88' lang='lat' dir='ltr'><strong>philosophos;</strong></span> 
     </span>
    </p>
   </div>
   <div class='ocr_carea' id='block_1_86' title="bbox 2170 3885 3826 3958">
    <p class='ocr_par' dir='ltr' id='par_1_86' title="bbox 2170 3885 3826 3958">
     <span class='ocr_line' id='line_1_86' title="bbox 2170 3885 3826 3958; baseline 0.004 -20"><span class='ocrx_word' id='word_1_779' title='bbox 2170 3886 2422 3957; x_wconf 82' lang='lat' dir='ltr'><strong>profecto</strong></span> <span class='ocrx_word' id='word_1_780' title='bbox 2436 3885 2632 3940; x_wconf 88' lang='lat' dir='ltr'><strong>rimari</strong></span> <span class='ocrx_word' id='word_1_781' title='bbox 2649 3885 2880 3955; x_wconf 90' lang='lat' dir='ltr'><strong>quidem</strong></span> <span class='ocrx_word' id='word_1_782' title='bbox 2897 3902 3032 3956; x_wconf 88' lang='lat' dir='ltr'><strong>opor</strong></span> <span class='ocrx_word' id='word_1_783' title='bbox 3045 3889 3125 3941; x_wconf 90' lang='lat' dir='ltr'><strong>tet</strong></span> <span class='ocrx_word' id='word_1_784' title='bbox 3138 3903 3249 3940; x_wconf 90' lang='lat' dir='ltr'><strong>non</strong></span> <span class='ocrx_word' id='word_1_785' title='bbox 3266 3886 3390 3941; x_wconf 90' lang='lat' dir='ltr'><strong>solu</strong></span> <span class='ocrx_word' id='word_1_786' title='bbox 3403 3903 3457 3941; x_wconf 90' lang='lat' dir='ltr'><strong>rn</strong></span> <span class='ocrx_word' id='word_1_787' title='bbox 3475 3887 3826 3958; x_wconf 82' lang='lat' dir='ltr'><strong>dictionem,</strong></span> 
     </span>
    </p>
   </div>
   <div class='ocr_carea' id='block_1_87' title="bbox 2166 3974 3825 4046">
    <p class='ocr_par' dir='ltr' id='par_1_87' title="bbox 2166 3974 3825 4046">
     <span class='ocr_line' id='line_1_87' title="bbox 2166 3974 3825 4046; baseline 0.004 -18"><span class='ocrx_word' id='word_1_788' title='bbox 2166 3991 2369 4030; x_wconf 91' lang='lat' dir='ltr'><strong>verum</strong></span> <span class='ocrx_word' id='word_1_789' title='bbox 2393 3974 2666 4030; x_wconf 91' lang='lat' dir='ltr'><strong>dictionis</strong></span> <span class='ocrx_word' id='word_1_790' title='bbox 2698 3975 3100 4030; x_wconf 90' lang='lat' dir='ltr'><strong>intentionem.</strong></span> <span class='ocrx_word' id='word_1_791' title='bbox 3123 3975 3273 4031; x_wconf 89' lang='lat' dir='ltr'><strong>Sane</strong></span> <span class='ocrx_word' id='word_1_792' title='bbox 3291 3991 3416 4046; x_wconf 69' lang='lat' dir='ltr'><strong>qua:</strong></span> <span class='ocrx_word' id='word_1_793' title='bbox 3448 3975 3637 4033; x_wconf 87' lang='lat' dir='ltr'><strong>dubia</strong></span> <span class='ocrx_word' id='word_1_794' title='bbox 3661 3982 3825 4044; x_wconf 85' lang='lat' dir='ltr'><strong>sunt,</strong></span> 
     </span>
    </p>
   </div>
   <div class='ocr_carea' id='block_1_88' title="bbox 2167 4063 3824 4137">
    <p class='ocr_par' dir='ltr' id='par_1_88' title="bbox 2167 4063 3824 4137">
     <span class='ocr_line' id='line_1_88' title="bbox 2167 4063 3824 4137; baseline 0.001 -17"><span class='ocrx_word' id='word_1_795' title='bbox 2167 4065 2462 4122; x_wconf 90' lang='lat' dir='ltr'><strong>interdum</strong></span> <span class='ocrx_word' id='word_1_796' title='bbox 2498 4080 2600 4136; x_wconf 86' lang='lat' dir='ltr'><strong>per</strong></span> <span class='ocrx_word' id='word_1_797' title='bbox 2618 4063 2735 4120; x_wconf 88' lang='lat' dir='ltr'><strong>alia</strong></span> <span class='ocrx_word' id='word_1_798' title='bbox 2763 4065 3212 4121; x_wconf 88' lang='lat' dir='ltr'><strong>manifestantur</strong></span> <span class='ocrx_word' id='word_1_799' title='bbox 3232 4073 3285 4121; x_wconf 89' lang='lat' dir='ltr'><strong>et</strong></span> <span class='ocrx_word' id='word_1_800' title='bbox 3315 4081 3381 4121; x_wconf 77' lang='lat' dir='ltr'><strong>ex</strong></span> <span class='ocrx_word' id='word_1_801' title='bbox 3404 4065 3497 4121; x_wconf 90' lang='lat' dir='ltr'><strong>his</strong></span> <span class='ocrx_word' id='word_1_802' title='bbox 3523 4083 3664 4137; x_wconf 65' lang='lat' dir='ltr'><strong>qua:</strong></span> <span class='ocrx_word' id='word_1_803' title='bbox 3685 4067 3824 4124; x_wconf 88' lang='lat' dir='ltr'><strong>alibi</strong></span> 
     </span>
    </p>
   </div>
   <div class='ocr_carea' id='block_1_89' title="bbox 2171 4153 3829 4226">
    <p class='ocr_par' dir='ltr' id='par_1_89' title="bbox 2171 4153 3829 4226">
     <span class='ocr_line' id='line_1_89' title="bbox 2171 4153 3829 4226; baseline 0.002 -16"><span class='ocrx_word' id='word_1_804' title='bbox 2171 4153 2389 4224; x_wconf 90' lang='lat' dir='ltr'><strong>scripta</strong></span> <span class='ocrx_word' id='word_1_805' title='bbox 2415 4157 2574 4208; x_wconf 88' lang='lat' dir='ltr'><strong>sunt.</strong></span> <span class='ocrx_word' id='word_1_806' title='bbox 2607 4153 2858 4209; x_wconf 88' lang='lat' dir='ltr'><strong>Nothum</strong></span> <span class='ocrx_word' id='word_1_807' title='bbox 2894 4153 3046 4224; x_wconf 84' lang='lat' dir='ltr'><strong>(edit.</strong></span> <span class='ocrx_word' id='word_1_808' title='bbox 3072 4155 3297 4226; x_wconf 89' lang='lat' dir='ltr'><strong>notum)</strong></span> <span class='ocrx_word' id='word_1_809' title='bbox 3319 4155 3558 4225; x_wconf 89' lang='lat' dir='ltr'><strong>quidem</strong></span> <span class='ocrx_word' id='word_1_810' title='bbox 3585 4157 3829 4213; x_wconf 87' lang='lat' dir='ltr'><strong>videtur</strong></span> 
     </span>
    </p>
   </div>
   <div class='ocr_carea' id='block_1_90' title="bbox 2171 4243 3828 4318">
    <p class='ocr_par' dir='ltr' id='par_1_90' title="bbox 2171 4243 3828 4318">
     <span class='ocr_line' id='line_1_90' title="bbox 2171 4243 3828 4318; baseline 0.003 -21"><span class='ocrx_word' id='word_1_811' title='bbox 2171 4243 2392 4298; x_wconf 84' lang='lat' dir='ltr'><strong>Latinis</strong></span> <span class='ocrx_word' id='word_1_812' title='bbox 2422 4244 2523 4314; x_wconf 84' lang='lat' dir='ltr'><strong>qui</strong></span> <span class='ocrx_word' id='word_1_813' title='bbox 2550 4260 2584 4297; x_wconf 91' lang='lat' dir='ltr'><strong>a</strong></span> <span class='ocrx_word' id='word_1_814' title='bbox 2615 4244 2778 4299; x_wconf 83' lang='lat' dir='ltr'><strong>Patre</strong></span> <span class='ocrx_word' id='word_1_815' title='bbox 2796 4244 2929 4313; x_wconf 88' lang='lat' dir='ltr'><strong>solo,</strong></span> <span class='ocrx_word' id='word_1_816' title='bbox 2970 4243 3212 4300; x_wconf 86' lang='lat' dir='ltr'><strong>nothum</strong></span> <span class='ocrx_word' id='word_1_817' title='bbox 3244 4260 3376 4301; x_wconf 90' lang='lat' dir='ltr'><strong>vero</strong></span> <span class='ocrx_word' id='word_1_818' title='bbox 3416 4244 3640 4302; x_wconf 71' lang='lat' dir='ltr'><strong>Graecis</strong></span> <span class='ocrx_word' id='word_1_819' title='bbox 3665 4249 3771 4318; x_wconf 81' lang='lat' dir='ltr'><strong>qui</strong></span> <span class='ocrx_word' id='word_1_820' title='bbox 3795 4262 3828 4302; x_wconf 77' lang='grc' dir='ltr'><em>α</em></span> 
     </span>
    </p>
   </div>
   <div class='ocr_carea' id='block_1_91' title="bbox 2172 4331 3827 4404">
    <p class='ocr_par' dir='ltr' id='par_1_91' title="bbox 2172 4331 3827 4404">
     <span class='ocr_line' id='line_1_91' title="bbox 2172 4331 3827 4404; baseline 0.002 -18"><span class='ocrx_word' id='word_1_821' title='bbox 2172 4334 2343 4386; x_wconf 83' lang='lat' dir='ltr'><strong>Patre</strong></span> <span class='ocrx_word' id='word_1_822' title='bbox 2378 4338 2432 4387; x_wconf 85' lang='lat' dir='ltr'><strong>et</strong></span> <span class='ocrx_word' id='word_1_823' title='bbox 2460 4331 2623 4400; x_wconf 80' lang='lat' dir='ltr'><strong>Filio,</strong></span> <span class='ocrx_word' id='word_1_824' title='bbox 2655 4347 2722 4388; x_wconf 89' lang='lat' dir='ltr'><strong>eo</strong></span> <span class='ocrx_word' id='word_1_825' title='bbox 2753 4333 2907 4404; x_wconf 89' lang='lat' dir='ltr'><strong>quod</strong></span> <span class='ocrx_word' id='word_1_826' title='bbox 2931 4337 3205 4390; x_wconf 91' lang='lat' dir='ltr'><strong>neutrum</strong></span> <span class='ocrx_word' id='word_1_827' title='bbox 3228 4333 3290 4388; x_wconf 92' lang='lat' dir='ltr'><strong>in</strong></span> <span class='ocrx_word' id='word_1_828' title='bbox 3321 4333 3663 4404; x_wconf 85' lang='lat' dir='ltr'><strong>Evangeliis</strong></span> <span class='ocrx_word' id='word_1_829' title='bbox 3686 4333 3827 4392; x_wconf 88' lang='lat' dir='ltr'><strong>scri-</strong></span> 
     </span>
    </p>
   </div>
   <div class='ocr_carea' id='block_1_92' title="bbox 2164 4509 3829 4583">
    <p class='ocr_par' dir='ltr' id='par_1_92' title="bbox 2164 4509 3829 4583">
     <span class='ocr_line' id='line_1_92' title="bbox 2164 4509 3829 4583; baseline 0.004 -19"><span class='ocrx_word' id='word_1_830' title='bbox 2164 4509 2535 4583; x_wconf 81' lang='lat' dir='ltr'><strong>suetudinem</strong></span> <span class='ocrx_word' id='word_1_831' title='bbox 2595 4511 2922 4583; x_wconf 63' lang='lat' dir='ltr'><strong>Grecorum</strong></span> <span class='ocrx_word' id='word_1_832' title='bbox 2961 4511 3302 4583; x_wconf 74' lang='lat' dir='ltr'><strong>referendo,</strong></span> <span class='ocrx_word' id='word_1_833' title='bbox 3335 4527 3465 4583; x_wconf 75' lang='lat' dir='ltr'><strong>quae</strong></span> <span class='ocrx_word' id='word_1_834' title='bbox 3508 4528 3638 4568; x_wconf 86' lang='lat' dir='ltr'><strong>non</strong></span> <span class='ocrx_word' id='word_1_835' title='bbox 3695 4529 3829 4570; x_wconf 88' lang='lat' dir='ltr'><strong>esse</strong></span> 
     </span>
    </p>
   </div>
   <div class='ocr_carea' id='block_1_93' title="bbox 2164 4581 3830 4656">
    <p class='ocr_par' dir='ltr' id='par_1_93' title="bbox 2164 4581 3830 4656">
     <span class='ocr_line' id='line_1_93' title="bbox 2164 4581 3830 4656; baseline 0.004 -21"><span class='ocrx_word' id='word_1_836' title='bbox 2164 4581 2448 4656; x_wconf 81' lang='lat' dir='ltr'><strong>Spiritum</strong></span> <span class='ocrx_word' id='word_1_837' title='bbox 2480 4599 2548 4656; x_wconf 63' lang='lat' dir='ltr'><strong>ex</strong></span> <span class='ocrx_word' id='word_1_838' title='bbox 2572 4581 2711 4638; x_wconf 79' lang='lat' dir='ltr'><strong>Filio</strong></span> <span class='ocrx_word' id='word_1_839' title='bbox 2734 4583 3216 4656; x_wconf 70' lang='lat' dir='ltr'><strong>conﬁtetur,etc.)</strong></span> <span class='ocrx_word' id='word_1_840' title='bbox 3241 4581 3498 4656; x_wconf 81' lang='lat' dir='ltr'><strong>Thomas</strong></span> <span class='ocrx_word' id='word_1_841' title='bbox 3527 4586 3830 4656; x_wconf 84' lang='lat' dir='ltr'><strong>Aquinas.</strong></span> 
     </span>
    </p>
   </div>
   <div class='ocr_carea' id='block_1_94' title="bbox 2164 4653 3922 4725">
    <p class='ocr_par' dir='ltr' id='par_1_94' title="bbox 2164 4653 3922 4725">
     <span class='ocr_line' id='line_1_94' title="bbox 2164 4653 3922 4725; baseline 0.003 -18"><span class='ocrx_word' id='word_1_842' title='bbox 2164 4653 2245 4724; x_wconf 92' lang='lat' dir='ltr'><strong>(p.</strong></span> <span class='ocrx_word' id='word_1_843' title='bbox 2291 4654 2340 4718; x_wconf 91' lang='lat'><strong>1,</strong></span> <span class='ocrx_word' id='word_1_844' title='bbox 2391 4672 2447 4725; x_wconf 90' lang='lat' dir='ltr'><strong>q.</strong></span> <span class='ocrx_word' id='word_1_845' title='bbox 2481 4655 2570 4724; x_wconf 89' lang='lat'><strong>36,</strong></span> <span class='ocrx_word' id='word_1_846' title='bbox 2605 4670 2657 4708; x_wconf 88' lang='lat' dir='ltr'><strong>a.</strong></span> <span class='ocrx_word' id='word_1_847' title='bbox 2693 4657 2726 4708; x_wconf 90' lang='lat'><strong>2</strong></span> <span class='ocrx_word' id='word_1_848' title='bbox 2757 4655 2826 4708; x_wconf 88' lang='lat' dir='ltr'><strong>ad</strong></span> <span class='ocrx_word' id='word_1_849' title='bbox 2880 4654 2935 4725; x_wconf 88' lang='lat'><strong>3)</strong></span> <span class='ocrx_word' id='word_1_850' title='bbox 2982 4654 3404 4710; x_wconf 86' lang='lat' dir='ltr'><strong>Damascenum</strong></span> <span class='ocrx_word' id='word_1_851' title='bbox 3445 4653 3831 4713; x_wconf 78' lang='lat' dir='ltr'><strong>Nestorianis</strong></span> <span class='ocrx_word' id='word_1_852' title='bbox 3915 4655 3922 4664; x_wconf 85' lang='grc'><em>’</em></span> 
     </span>
    </p>
   </div>
   <div class='ocr_carea' id='block_1_95' title="bbox 2166 4725 3833 4796">
    <p class='ocr_par' dir='ltr' id='par_1_95' title="bbox 2166 4725 3833 4796">
     <span class='ocr_line' id='line_1_95' title="bbox 2166 4725 3833 4796; baseline 0.003 -17"><span class='ocrx_word' id='word_1_853' title='bbox 2166 4725 2274 4780; x_wconf 85' lang='lat' dir='ltr'><strong>hac</strong></span> <span class='ocrx_word' id='word_1_854' title='bbox 2305 4725 2363 4780; x_wconf 92' lang='lat' dir='ltr'><strong>in</strong></span> <span class='ocrx_word' id='word_1_855' title='bbox 2391 4742 2449 4780; x_wconf 89' lang='lat' dir='ltr'><strong>re</strong></span> <span class='ocrx_word' id='word_1_856' title='bbox 2479 4726 2766 4780; x_wconf 85' lang='lat' dir='ltr'><strong>accensuit</strong></span> <span class='ocrx_word' id='word_1_857' title='bbox 2789 4726 2918 4793; x_wconf 88' lang='lat' dir='ltr'><strong>;sed</strong></span> <span class='ocrx_word' id='word_1_858' title='bbox 2949 4725 3147 4782; x_wconf 88' lang='lat' dir='ltr'><strong>statim</strong></span> <span class='ocrx_word' id='word_1_859' title='bbox 3177 4727 3833 4796; x_wconf 70' lang='lat' dir='ltr'><strong>adjecitzaQuamvisa</strong></span> 
     </span>
    </p>
   </div>
   <div class='ocr_carea' id='block_1_96' title="bbox 2166 4797 3836 4868">
    <p class='ocr_par' dir='ltr' id='par_1_96' title="bbox 2166 4797 3836 4868">
     <span class='ocr_line' id='line_1_96' title="bbox 2166 4797 3836 4868; baseline 0.004 -18"><span class='ocrx_word' id='word_1_860' title='bbox 2166 4797 2514 4865; x_wconf 88' lang='lat' dir='ltr'><strong>quibusdam</strong></span> <span class='ocrx_word' id='word_1_861' title='bbox 2547 4798 2798 4863; x_wconf 86' lang='lat' dir='ltr'><strong>dicatur,</strong></span> <span class='ocrx_word' id='word_1_862' title='bbox 2822 4799 2974 4868; x_wconf 92' lang='lat' dir='ltr'><strong>quod</strong></span> <span class='ocrx_word' id='word_1_863' title='bbox 3008 4797 3300 4864; x_wconf 89' lang='lat' dir='ltr'><strong>Damasc.,</strong></span> <span class='ocrx_word' id='word_1_864' title='bbox 3333 4799 3484 4854; x_wconf 85' lang='lat' dir='ltr'><strong>sicut</strong></span> <span class='ocrx_word' id='word_1_865' title='bbox 3513 4815 3638 4855; x_wconf 90' lang='lat' dir='ltr'><strong>non</strong></span> <span class='ocrx_word' id='word_1_866' title='bbox 3695 4818 3836 4858; x_wconf 88' lang='lat' dir='ltr'><strong>con-</strong></span> 
     </span>
    </p>
   </div>
   <div class='ocr_carea' id='block_1_97' title="bbox 2166 4869 3832 4939">
    <p class='ocr_par' dir='ltr' id='par_1_97' title="bbox 2166 4869 3832 4939">
     <span class='ocr_line' id='line_1_97' title="bbox 2166 4869 3832 4939; baseline 0.004 -18"><span class='ocrx_word' id='word_1_867' title='bbox 2166 4869 2364 4922; x_wconf 85' lang='lat' dir='ltr'><strong>ﬁtetur</strong></span> <span class='ocrx_word' id='word_1_868' title='bbox 2396 4869 2678 4939; x_wconf 89' lang='lat' dir='ltr'><strong>Spiritum</strong></span> <span class='ocrx_word' id='word_1_869' title='bbox 2703 4877 2970 4924; x_wconf 89' lang='lat' dir='ltr'><strong>sanctum</strong></span> <span class='ocrx_word' id='word_1_870' title='bbox 2995 4885 3124 4924; x_wconf 88' lang='lat' dir='ltr'><strong>esse</strong></span> <span class='ocrx_word' id='word_1_871' title='bbox 3146 4886 3179 4924; x_wconf 90' lang='lat' dir='ltr'><strong>a</strong></span> <span class='ocrx_word' id='word_1_872' title='bbox 3199 4869 3360 4935; x_wconf 84' lang='lat' dir='ltr'><strong>Filio,</strong></span> <span class='ocrx_word' id='word_1_873' title='bbox 3395 4871 3474 4924; x_wconf 87' lang='lat' dir='ltr'><strong>ita</strong></span> <span class='ocrx_word' id='word_1_874' title='bbox 3498 4871 3687 4926; x_wconf 88' lang='lat' dir='ltr'><strong>etiam</strong></span> <span class='ocrx_word' id='word_1_875' title='bbox 3711 4889 3832 4927; x_wconf 91' lang='lat' dir='ltr'><strong>non</strong></span> 
     </span>
    </p>
   </div>
   <div class='ocr_carea' id='block_1_98' title="bbox 2166 4941 3836 5014">
    <p class='ocr_par' dir='ltr' id='par_1_98' title="bbox 2166 4941 3836 5014">
     <span class='ocr_line' id='line_1_98' title="bbox 2166 4941 3836 5014; baseline 0.004 -21"><span class='ocrx_word' id='word_1_876' title='bbox 2166 4944 2340 5009; x_wconf 90' lang='lat' dir='ltr'><strong>negat</strong></span> <span class='ocrx_word' id='word_1_877' title='bbox 2368 4956 2436 5014; x_wconf 70' lang='lat' dir='ltr'><strong>ex</strong></span> <span class='ocrx_word' id='word_1_878' title='bbox 2465 4942 2518 5014; x_wconf 78' lang='lat' dir='ltr'><strong>vi</strong></span> <span class='ocrx_word' id='word_1_879' title='bbox 2545 4941 2852 4995; x_wconf 87' lang='lat' dir='ltr'><strong>verborum</strong></span> <span class='ocrx_word' id='word_1_880' title='bbox 2893 4941 3152 5014; x_wconf 89' lang='lat' dir='ltr'><strong>illorum.</strong></span> <span class='ocrx_word' id='word_1_881' title='bbox 3185 4962 3221 5014; x_wconf 59' lang='lat' dir='ltr'><strong>a</strong></span> <span class='ocrx_word' id='word_1_882' title='bbox 3248 4941 3469 5014; x_wconf 84' lang='lat' dir='ltr'><strong>Sed__re</strong></span> <span class='ocrx_word' id='word_1_883' title='bbox 3517 4941 3656 5014; x_wconf 89' lang='lat' dir='ltr'><strong>ipsa</strong></span> <span class='ocrx_word' id='word_1_884' title='bbox 3690 4959 3836 5000; x_wconf 88' lang='lat' dir='ltr'><strong>eum</strong></span> 
     </span>
    </p>
   </div>
   <div class='ocr_carea' id='block_1_99' title="bbox 2166 5011 3834 5082">
    <p class='ocr_par' dir='ltr' id='par_1_99' title="bbox 2166 5011 3834 5082">
     <span class='ocr_line' id='line_1_99' title="bbox 2166 5011 3834 5082; baseline 0.002 -17"><span class='ocrx_word' id='word_1_885' title='bbox 2166 5027 2299 5065; x_wconf 91' lang='lat' dir='ltr'><strong>cum</strong></span> <span class='ocrx_word' id='word_1_886' title='bbox 2331 5011 2463 5065; x_wconf 88' lang='lat' dir='ltr'><strong>aliis</strong></span> <span class='ocrx_word' id='word_1_887' title='bbox 2491 5011 2754 5067; x_wconf 84' lang='lat' dir='ltr'><strong>Patribus</strong></span> <span class='ocrx_word' id='word_1_888' title='bbox 2788 5013 3004 5067; x_wconf 88' lang='lat' dir='ltr'><strong>sentire</strong></span> <span class='ocrx_word' id='word_1_889' title='bbox 3024 5013 3336 5068; x_wconf 83' lang='lat' dir='ltr'><strong>ostendunt</strong></span> <span class='ocrx_word' id='word_1_890' title='bbox 3365 5011 3608 5082; x_wconf 84' lang='lat' dir='ltr'><strong>Niceph.</strong></span> <span class='ocrx_word' id='word_1_891' title='bbox 3639 5014 3834 5071; x_wconf 88' lang='lat' dir='ltr'><strong>Blem.</strong></span> 
     </span>
    </p>
   </div>
   <div class='ocr_carea' id='block_1_100' title="bbox 2167 5081 3834 5156">
    <p class='ocr_par' dir='ltr' id='par_1_100' title="bbox 2167 5081 3834 5156">
     <span class='ocr_line' id='line_1_100' title="bbox 2167 5081 3834 5156; baseline 0.004 -20"><span class='ocrx_word' id='word_1_892' title='bbox 2167 5081 2228 5156; x_wconf 51' lang='grc' dir='ltr'><strong>(Ι,</strong></span> <span class='ocrx_word' id='word_1_893' title='bbox 2254 5099 2313 5156; x_wconf 15' lang='lat' dir='ltr'><strong>rc,</strong></span> <span class='ocrx_word' id='word_1_894' title='bbox 2347 5083 2519 5156; x_wconf 30' lang='lat'><strong>0:23,</strong></span> <span class='ocrx_word' id='word_1_895' title='bbox 2572 5101 2626 5152; x_wconf 91' lang='lat' dir='ltr'><strong>p.</strong></span> <span class='ocrx_word' id='word_1_896' title='bbox 2657 5085 2727 5138; x_wconf 83' lang='lat'><strong>29</strong></span> <span class='ocrx_word' id='word_1_897' title='bbox 2749 5085 2940 5155; x_wconf 82' lang='lat' dir='ltr'><strong>seq.);</strong></span> <span class='ocrx_word' id='word_1_898' title='bbox 2989 5085 3202 5140; x_wconf 85' lang='lat' dir='ltr'><strong>Beccus</strong></span> <span class='ocrx_word' id='word_1_899' title='bbox 3243 5084 3327 5155; x_wconf 73' lang='grc' dir='ltr'><strong>(ϐ.</strong></span> <span class='ocrx_word' id='word_1_900' title='bbox 3361 5083 3419 5139; x_wconf 92' lang='lat'><strong>0.</strong></span> <span class='ocrx_word' id='word_1_901' title='bbox 3446 5081 3533 5156; x_wconf 81' lang='lat' dir='ltr'><strong>ll,</strong></span> <span class='ocrx_word' id='word_1_902' title='bbox 3575 5084 3652 5139; x_wconf 88' lang='lat'><strong>66</strong></span> <span class='ocrx_word' id='word_1_903' title='bbox 3705 5102 3834 5156; x_wconf 85' lang='lat' dir='ltr'><strong>seq.</strong></span> 
     </span>
    </p>
   </div>
   <div class='ocr_carea' id='block_1_101' title="bbox 2169 5153 3835 5228">
    <p class='ocr_par' dir='ltr' id='par_1_101' title="bbox 2169 5153 3835 5228">
     <span class='ocr_line' id='line_1_101' title="bbox 2169 5153 3835 5228; baseline 0.004 -20"><span class='ocrx_word' id='word_1_904' title='bbox 2169 5155 2330 5228; x_wconf 74' lang='lat'><strong>124):</strong></span> <span class='ocrx_word' id='word_1_905' title='bbox 2371 5153 3061 5228; x_wconf 13' lang='lat' dir='ltr'><strong>Constantintiﬂeliten.</strong></span> <span class='ocrx_word' id='word_1_906' title='bbox 3122 5153 3490 5228; x_wconf 19' lang='lat' dir='ltr'><strong>orat171(id.</strong></span> <span class='ocrx_word' id='word_1_907' title='bbox 3538 5156 3654 5210; x_wconf 88' lang='lat'><strong>673</strong></span> <span class='ocrx_word' id='word_1_908' title='bbox 3705 5153 3835 5228; x_wconf 80' lang='lat' dir='ltr'><strong>seq.</strong></span> 
     </span>
    </p>
   </div>
   <div class='ocr_carea' id='block_1_102' title="bbox 2169 5225 3833 5296">
    <p class='ocr_par' dir='ltr' id='par_1_102' title="bbox 2169 5225 3833 5296">
     <span class='ocr_line' id='line_1_102' title="bbox 2169 5225 3833 5296; baseline 0.004 -18"><span class='ocrx_word' id='word_1_909' title='bbox 2169 5227 2292 5295; x_wconf 82' lang='grc'><strong>694,</strong></span> <span class='ocrx_word' id='word_1_910' title='bbox 2326 5226 2480 5293; x_wconf 86' lang='grc'><strong>695);</strong></span> <span class='ocrx_word' id='word_1_911' title='bbox 2507 5225 2722 5296; x_wconf 85' lang='lat' dir='ltr'><strong>Georg.</strong></span> <span class='ocrx_word' id='word_1_912' title='bbox 2757 5227 3104 5296; x_wconf 88' lang='lat' dir='ltr'><strong>&#39;l‘rapezunt.</strong></span> <span class='ocrx_word' id='word_1_913' title='bbox 3129 5227 3228 5296; x_wconf 88' lang='lat' dir='ltr'><strong>(ad</strong></span> <span class='ocrx_word' id='word_1_914' title='bbox 3265 5227 3318 5283; x_wconf 87' lang='lat' dir='ltr'><strong>J.</strong></span> <span class='ocrx_word' id='word_1_915' title='bbox 3345 5227 3582 5282; x_wconf 89' lang='lat' dir='ltr'><strong>Cubocl.</strong></span> <span class='ocrx_word' id='word_1_916' title='bbox 3619 5244 3679 5284; x_wconf 73' lang='grc' dir='ltr'><strong>ο.</strong></span> <span class='ocrx_word' id='word_1_917' title='bbox 3719 5225 3833 5296; x_wconf 68' lang='grc'><strong>13’;</strong></span> 
     </span>
    </p>
   </div>
   <div class='ocr_carea' id='block_1_103' title="bbox 2171 5296 3834 5370">
    <p class='ocr_par' dir='ltr' id='par_1_103' title="bbox 2171 5296 3834 5370">
     <span class='ocr_line' id='line_1_103' title="bbox 2171 5296 3834 5370; baseline 0.004 -20"><span class='ocrx_word' id='word_1_918' title='bbox 2171 5297 2246 5370; x_wconf 76' lang='lat' dir='ltr'><strong>ib.</strong></span> <span class='ocrx_word' id='word_1_919' title='bbox 2301 5296 2344 5351; x_wconf 93' lang='grc' dir='ltr'>Ι.</span> <span class='ocrx_word' id='word_1_920' title='bbox 2395 5298 2498 5351; x_wconf 81' lang='grc'>494</span> <span class='ocrx_word' id='word_1_921' title='bbox 2549 5296 3028 5370; x_wconf 15' lang='lat' dir='ltr'><strong>seq.);hManuel</strong></span> <span class='ocrx_word' id='word_1_922' title='bbox 3049 5298 3495 5370; x_wconf 81' lang='lat' dir='ltr'><strong>Calecas.(l.tu,</strong></span> <span class='ocrx_word' id='word_1_923' title='bbox 3529 5315 3586 5368; x_wconf 88' lang='lat' dir='ltr'><strong>p.</strong></span> <span class='ocrx_word' id='word_1_924' title='bbox 3649 5299 3834 5370; x_wconf 67' lang='lat'><strong>431);</strong></span> 
     </span>
    </p>
   </div>
   <div class='ocr_carea' id='block_1_104' title="bbox 2169 5368 3839 5442">
    <p class='ocr_par' dir='ltr' id='par_1_104' title="bbox 2169 5368 3839 5442">
     <span class='ocr_line' id='line_1_104' title="bbox 2169 5368 3839 5442; baseline 0.004 -20"><span class='ocrx_word' id='word_1_925' title='bbox 2169 5368 2387 5442; x_wconf 78' lang='lat' dir='ltr'><strong>Geo_rg._</strong></span> <span class='ocrx_word' id='word_1_926' title='bbox 2410 5368 2822 5442; x_wconf 84' lang='lat' dir='ltr'><strong>Protosyncell.</strong></span> <span class='ocrx_word' id='word_1_927' title='bbox 2857 5370 3009 5442; x_wconf 64' lang='lat' dir='ltr'><strong>Apol.</strong></span> <span class='ocrx_word' id='word_1_928' title='bbox 3041 5386 3088 5424; x_wconf 88' lang='lat' dir='ltr'><strong>c.</strong></span> <span class='ocrx_word' id='word_1_929' title='bbox 3121 5371 3284 5425; x_wconf 78' lang='lat' dir='ltr'><strong>Mare.</strong></span> <span class='ocrx_word' id='word_1_930' title='bbox 3299 5368 3436 5441; x_wconf 81' lang='lat' dir='ltr'><strong>Eph.</strong></span> <span class='ocrx_word' id='word_1_931' title='bbox 3469 5371 3682 5442; x_wconf 76' lang='lat' dir='ltr'><strong>(Bard.</strong></span> <span class='ocrx_word' id='word_1_932' title='bbox 3726 5368 3839 5428; x_wconf 80' lang='lat' dir='ltr'><strong>IX.</strong></span> 
     </span>
    </p>
   </div>
   <div class='ocr_carea' id='block_1_105' title="bbox 2171 5439 3840 5512">
    <p class='ocr_par' dir='ltr' id='par_1_105' title="bbox 2171 5439 3840 5512">
     <span class='ocr_line' id='line_1_105' title="bbox 2171 5439 3840 5512; baseline 0.002 -18"><span class='ocrx_word' id='word_1_933' title='bbox 2171 5439 2296 5510; x_wconf 84' lang='lat'><strong>630)</strong></span> <span class='ocrx_word' id='word_1_934' title='bbox 2323 5458 2335 5507; x_wconf 94' lang='lat'><strong>;</strong></span> <span class='ocrx_word' id='word_1_935' title='bbox 2363 5439 2667 5512; x_wconf 78' lang='lat' dir='ltr'><strong>Bessaridn</strong></span> <span class='ocrx_word' id='word_1_936' title='bbox 2695 5444 2805 5511; x_wconf 80' lang='lat' dir='ltr'><strong>(ep.</strong></span> <span class='ocrx_word' id='word_1_937' title='bbox 2841 5439 2914 5496; x_wconf 88' lang='lat' dir='ltr'><strong>ad</strong></span> <span class='ocrx_word' id='word_1_938' title='bbox 2936 5441 3091 5497; x_wconf 84' lang='lat' dir='ltr'><strong>Alex.</strong></span> <span class='ocrx_word' id='word_1_939' title='bbox 3117 5442 3282 5497; x_wconf 89' lang='lat' dir='ltr'><strong>Lasc.</strong></span> <span class='ocrx_word' id='word_1_940' title='bbox 3307 5439 3357 5497; x_wconf 67' lang='grc' dir='ltr'><strong>οξ</strong></span> <span class='ocrx_word' id='word_1_941' title='bbox 3387 5442 3452 5509; x_wconf 85' lang='grc'><strong>9;</strong></span> <span class='ocrx_word' id='word_1_942' title='bbox 3478 5439 3557 5498; x_wconf 86' lang='lat' dir='ltr'><strong>ib.</strong></span> <span class='ocrx_word' id='word_1_943' title='bbox 3581 5457 3644 5512; x_wconf 91' lang='lat' dir='ltr'><strong>p.</strong></span> <span class='ocrx_word' id='word_1_944' title='bbox 3687 5443 3840 5499; x_wconf 70' lang='grc'><strong>1074</strong></span> 
     </span>
    </p>
   </div>
   <div class='ocr_carea' id='block_1_106' title="bbox 2172 5511 3843 5583">
    <p class='ocr_par' dir='ltr' id='par_1_106' title="bbox 2172 5511 3843 5583">
     <span class='ocr_line' id='line_1_106' title="bbox 2172 5511 3843 5583; baseline 0.002 -18"><span class='ocrx_word' id='word_1_945' title='bbox 2172 5513 2337 5582; x_wconf 90' lang='lat' dir='ltr'><strong>seq.);</strong></span> <span class='ocrx_word' id='word_1_946' title='bbox 2373 5511 2480 5566; x_wconf 90' lang='lat' dir='ltr'><strong>Leo</strong></span> <span class='ocrx_word' id='word_1_947' title='bbox 2513 5511 2758 5567; x_wconf 82' lang='lat' dir='ltr'><strong>Allatius</strong></span> <span class='ocrx_word' id='word_1_948' title='bbox 2807 5513 2902 5580; x_wconf 89' lang='lat' dir='ltr'><strong>(De</strong></span> <span class='ocrx_word' id='word_1_949' title='bbox 2930 5528 3170 5568; x_wconf 73' lang='lat' dir='ltr'><strong>censeas.</strong></span> <span class='ocrx_word' id='word_1_950' title='bbox 3205 5513 3276 5581; x_wconf 91' lang='lat' dir='ltr'><strong>II,</strong></span> <span class='ocrx_word' id='word_1_951' title='bbox 3309 5516 3364 5580; x_wconf 85' lang='lat'><strong>2,</strong></span> <span class='ocrx_word' id='word_1_952' title='bbox 3396 5513 3552 5579; x_wconf 78' lang='lat'><strong>6-11,</strong></span> <span class='ocrx_word' id='word_1_953' title='bbox 3586 5511 3664 5583; x_wconf 18' lang='lat' dir='ltr'><strong>7p.</strong></span> <span class='ocrx_word' id='word_1_954' title='bbox 3727 5514 3843 5569; x_wconf 79' lang='grc'><strong>432</strong></span> 
     </span>
    </p>
   </div>
   <div class='ocr_carea' id='block_1_107' title="bbox 2171 5584 3841 5658">
    <p class='ocr_par' dir='ltr' id='par_1_107' title="bbox 2171 5584 3841 5658">
     <span class='ocr_line' id='line_1_107' title="bbox 2171 5584 3841 5658; baseline 0.002 -21"><span class='ocrx_word' id='word_1_955' title='bbox 2171 5584 2547 5658; x_wconf 66' lang='lat' dir='ltr'><strong>seq_._Enc_(i_ir.</strong></span> <span class='ocrx_word' id='word_1_956' title='bbox 2578 5600 2626 5639; x_wconf 93' lang='lat' dir='ltr'><strong>c.</strong></span> <span class='ocrx_word' id='word_1_957' title='bbox 2661 5584 2710 5658; x_wconf 60' lang='grc'><strong>4.</strong></span> <span class='ocrx_word' id='word_1_958' title='bbox 2744 5584 2989 5658; x_wconf 59' lang='lat'><strong>26,27);</strong></span> <span class='ocrx_word' id='word_1_959' title='bbox 3020 5584 3253 5640; x_wconf 85' lang='lat' dir='ltr'><strong>Walch.</strong></span> <span class='ocrx_word' id='word_1_960' title='bbox 3275 5589 3394 5658; x_wconf 91' lang='lat' dir='ltr'><strong>(op.</strong></span> <span class='ocrx_word' id='word_1_961' title='bbox 3426 5587 3522 5640; x_wconf 90' lang='lat' dir='ltr'><strong>cit.</strong></span> <span class='ocrx_word' id='word_1_962' title='bbox 3556 5599 3606 5640; x_wconf 91' lang='lat' dir='ltr'><strong>c.</strong></span> <span class='ocrx_word' id='word_1_963' title='bbox 3645 5587 3841 5656; x_wconf 82' lang='lat'><strong>2,§2,</strong></span> 
     </span>
    </p>
   </div>
   <div class='ocr_carea' id='block_1_108' title="bbox 2172 5653 2884 5728">
    <p class='ocr_par' dir='ltr' id='par_1_108' title="bbox 2172 5653 2884 5728">
     <span class='ocr_line' id='line_1_108' title="bbox 2172 5653 2884 5728; baseline 0.001 -18"><span class='ocrx_word' id='word_1_964' title='bbox 2172 5670 2229 5726; x_wconf 91' lang='lat' dir='ltr'><strong>p.</strong></span> <span class='ocrx_word' id='word_1_965' title='bbox 2260 5655 2352 5726; x_wconf 72' lang='lat'><strong>24)</strong></span> <span class='ocrx_word' id='word_1_966' title='bbox 2383 5654 2594 5727; x_wconf 85' lang='lat' dir='ltr'><strong>aliique</strong></span> <span class='ocrx_word' id='word_1_967' title='bbox 2626 5653 2884 5728; x_wconf 87' lang='lat' dir='ltr'><strong>plurimi.</strong></span> 
     </span>
    </p>
   </div>
  </div>
