4058 6216
273 364 394 426 429

1002 363 1105 424 DE
1147 365 1210 426 S.
1261 365 1462 426 SPIR.
1509 362 2049 426 MYSTAGOGIA.
2095 399 2173 409 -—
2215 367 2990 433 ANIMADVERSIONES.

3563 382 3683 446 430

267 503 438 572 ptum
457 497 1032 571 reperiatur;verum
1047 497 1131 555 sic
1144 500 1584 574 oppositasunt,
1607 503 1673 558 ut
1686 499 1927 556 alterum
1958 505 2014 574 Α
2044 501 2300 574 respicit,
2320 504 2472 575 quod
2503 505 2768 562 futurum
2797 511 2940 576 erat,
2965 509 3119 581 quod
3151 510 3458 582 discipulis
3488 515 3681 572 mitte-

265 589 508 662 quidem
540 589 794 646 duorum
825 585 902 642 sit
943 603 1143 644 verum
1181 603 1251 645 ex
1281 589 1648 658 necessitate,
1680 588 1928 644 alterum

266 695 402 736 vero
439 696 555 736 non
589 696 604 747 ;
638 679 740 735 sed
780 695 846 736 ex
875 678 1020 736 Filio
1053 679 1287 751 quidem
1322 680 1632 752 procedere
1662 678 1928 750 Scriptu-

267 769 347 824 ris
376 773 673 826 consonat
701 775 756 824 et
787 769 1118 836 concordat,
1151 773 1208 824 et
1238 785 1422 840 neque
1454 768 1810 825 contrarium
1839 767 1928 823 vel

267 875 612 931 repugnans
645 859 965 924 invenitur,
999 873 1335 930 quanquam
1367 875 1401 914 a
1430 857 1670 931 synodis
1701 873 1929 928 expres-

263 964 403 1004 sum
437 964 556 1003 non
588 947 688 1003 sit.
720 946 949 1004 Etenim
981 947 1230 1019 quisque
1258 948 1660 1004 Romanorum
1693 946 1926 1018 pontiﬁ-

263 1053 428 1106 cum,
463 1035 561 1110 qui
605 1037 858 1108 synodos
897 1035 1409 1092 sanctificaverunt
1447 1040 1504 1092 et
1541 1035 1925 1092 confirmave-

266 1129 434 1193 runt,
467 1141 702 1198 semper
749 1125 858 1183 hoc
887 1125 1033 1181 dixit
1081 1142 1147 1182 ac
1190 1126 1669 1198 dogmatizavit...
1701 1127 1785 1180 Ea:
1811 1125 1927 1182 δοιο

263 1220 468 1272 autem
498 1215 792 1274 dicentem
825 1214 1011 1271 multa
1041 1219 1364 1286 sequuntur
1394 1215 1924 1272 inconvenientia...

264 1305 417 1378 [167]
461 1305 522 1360 Si
575 1320 646 1362 ex
688 1303 812 1361 solo
841 1303 1010 1361 Patre
1057 1305 1312 1376 procedit
1357 1303 1627 1376 Spiritus,
1676 1321 1793 1360 non
1838 1307 1928 1360 est

264 1395 393 1466 ipse
424 1395 616 1464 imago
666 1393 800 1450 Filii
827 1394 959 1466 (64),
1009 1394 1108 1450 sed
1140 1393 1352 1461 Patris,
1379 1397 1444 1449 ut
1473 1394 1600 1450 sine
1633 1393 1823 1449 medio
1859 1409 1928 1448 ex

263 1483 392 1555 ipso
425 1499 744 1540 coruscans
774 1503 789 1552 ;
845 1500 962 1540 non
999 1486 1088 1539 est
1116 1486 1314 1539 autem
1345 1482 1476 1552 hoc,
1509 1499 1640 1539 cum
1675 1483 1926 1555 Spiritus

267 1571 468 1645 imago
500 1571 579 1628 sit
605 1571 732 1628 Filii
765 1579 821 1630 et
849 1588 920 1632 ex
947 1571 1070 1644 ipso
1091 1575 1343 1645 proxime
1363 1573 1663 1646 refulgent.
1689 1571 1930 1644 Propin-

268 1661 443 1734 quior
473 1661 587 1717 erit
616 1661 772 1717 Patri
815 1677 993 1731 quam
1025 1660 1169 1718 Filio
1223 1666 1280 1719 et
1311 1661 1498 1733 magis
1529 1661 1718 1718 Patris
1749 1677 1926 1733 quam

265 1752 420 1809 Filii.
449 1752 722 1824 Amplius
752 1752 800 1808 si
831 1769 900 1808 ex
927 1752 1098 1810 Patre
1129 1751 1253 1809 solo
1269 1753 1552 1824 procedit,
1575 1752 1645 1809 ad
1679 1767 1928 1808 mensu-

2037 593 2218 659 retur,
2269 606 2387 647 non
2433 593 2504 648 ad
2555 593 2724 663 illud,
2775 597 3011 652 aPatre
3065 597 3326 671 Filioque
3378 603 3678 672 procedit;

2037 676 2163 733 sine
2190 682 2450 751 tempore
2479 697 2730 753 namque
2761 685 3024 754 procedit
3055 703 3089 742 a
3121 687 3308 755 Patre,
3342 691 3602 761 procedit
3630 695 3687 746 et

2035 783 2068 822 a
2100 767 2261 826 Filio.
2298 789 2326 818 ››
2355 771 2631 842 Sequitur
2663 788 2676 826 :
2711 793 2740 823 ‹‹
2774 772 2990 839 Omnia,
3031 791 3362 850 quaecunque
3395 779 3553 836 habet
3584 781 3687 836 Pa-

2033 857 2136 920 ter,
2166 873 2290 912 mea
2317 861 2445 912 sunt
2478 875 2492 926 ;
2518 863 2807 929 propterea
2861 861 3003 930 dixi,
3033 863 3166 936 quia
3207 865 3274 922 de
3312 884 3430 924 meo
3460 873 3686 941 accipiet

2035 948 2086 1000 et
2115 949 2475 1003 annuntiabit
2504 949 2678 1004 vobis.
2731 949 2792 1006 Si
2839 952 3060 1019 omnia,
3109 971 3473 1028 quaecunque
3511 958 3688 1016 habet

2034 1034 2221 1102 Pater,
2253 1035 2426 1093 habet
2480 1041 2537 1093 et
2584 1037 2784 1106 Filius,
2827 1041 3080 1110 proiecto
3113 1043 3266 1100 sicut
3297 1051 3387 1101 est
3431 1047 3686 1118 Spiritus

2035 1130 2274 1181 sanctus
2288 1127 2476 1182 Patris
2493 1127 2768 1198 Spiritus,
2785 1134 2873 1186 est
2889 1138 2943 1186 et
2969 1131 3099 1187 Filii
3121 1133 3404 1204 Spiritus;
3425 1136 3684 1209 alioquin

2034 1213 2084 1270 si
2115 1214 2304 1270 Patris
2335 1221 2426 1272 est
2471 1219 2724 1286 tantum,
2757 1235 2876 1276 non
2905 1221 3078 1276 etiam
3121 1222 3270 1291 Filii,
3306 1241 3422 1280 non
3467 1227 3683 1296 omnia,

2037 1319 2401 1376 quaecunque
2433 1305 2606 1361 habet
2639 1311 2828 1377 Pater,
2860 1314 3000 1365 sunt
3031 1310 3178 1366 Filii.
3211 1333 3240 1363 »
3275 1313 3556 1370 Similiter
3587 1332 3684 1388 po-

2036 1391 2350 1448 steriorum
2382 1397 2714 1466 temporum
2745 1396 3030 1454 Catholici
3051 1397 3376 1470 disputant.
3402 1403 3683 1476 Georgius

2033 1481 2458 1553 Trapezuntius
2505 1485 2600 1553 (De
2647 1501 2762 1541 una
2806 1485 2863 1542 S.
2907 1488 3053 1544 Eccl.
3087 1487 3151 1545 Ο.
3199 1491 3264 1545 G.
3297 1492 3342 1555 Ι,
3373 1493 3479 1546 542
3513 1494 3682 1566 seq.).

2035 1593 2063 1623 «
2093 1575 2241 1628 Cum
2266 1572 2466 1640 Filius,
2492 1573 2708 1645 inquit,
2731 1591 2904 1632 verus
2925 1577 3114 1633 Patris
3129 1578 3310 1635 Filius
3331 1581 3424 1650 sit,
3450 1598 3686 1639 necesse

2033 1666 2124 1718 est
2152 1662 2350 1734 ipsum
2384 1663 2598 1719 Filium
2632 1675 3034 1724 remanentem
3058 1670 3256 1724 omnia
3276 1671 3466 1726 Patris
3499 1673 3682 1742 possi-

2033 1751 2188 1808 dere.
2223 1751 2500 1808 Producit
2530 1767 2664 1808 vero
2697 1755 2864 1812 Pater
2885 1756 3188 1827 Spiritum,
3223 1760 3686 1831 producitigitur

265 1858 390 1898 ram
406 1841 510 1898 dat
535 1841 700 1898 Pater
719 1840 861 1898 Filio
883 1840 1182 1914 Spiritum,
1202 1857 1336 1899 cum
1359 1838 1538 1898 solam
1559 1840 1919 1908 missionem,
1955 1843 2002 1910 Β
2033 1843 2090 1896 et
2121 1841 2344 1908 Fillius,
2371 1847 2434 1898 ut
2455 1842 2606 1898 idem
2646 1845 2853 1901 asserit
2883 1863 2898 1903 :
2924 1851 3282 1919 Qumcunque
3302 1849 3465 1904 habet
3491 1851 3682 1918 Pater,

265 1936 324 1987 et
354 1947 475 1988 non
507 1929 883 1987 emissionem
913 1931 966 1986 ei
995 1931 1232 1988 tribuat.
1276 1932 1339 1987 In
1380 1947 1495 2002 quo
1524 1929 1649 1987 scil.
1684 1946 1803 1986 non
1834 1928 1924 1985 vi-

267 2019 446 2078 detur
473 2019 738 2076 remetiri
769 2023 1072 2092 paternam
1095 2019 1520 2088 excellentiam,
1541 2036 1645 2077 nec
1676 2035 1746 2076 ex
1776 2019 1924 2075 inte-

267 2126 372 2184 gro
403 2109 692 2182 Spiritum
714 2109 923 2166 habere
943 2125 1074 2167 cum
1096 2109 1390 2178 omnibus,
1414 2125 1546 2182 quae
1566 2109 1720 2165 circa
1736 2107 1926 2179 ipsum

269 2199 748 2265 considerantur,
780 2199 934 2256 sicut
955 2198 1124 2256 habet
1151 2199 1338 2255 Pater.
1362 2198 1455 2254 Ait
1483 2198 1640 2255 enim
1674 2213 1926 2268 magnus

270 2289 524 2363 Cyrillus
553 2305 566 2345 :
601 2311 630 2340 «
662 2293 788 2346 Non
811 2290 882 2344 ad
915 2304 1253 2346 mensuram
1277 2288 1378 2345 dat
1412 2288 1697 2360 Spiritum
1720 2287 1926 2358 Filius,

272 2383 434 2453 iuxta
462 2381 716 2438 Joannis
748 2396 948 2438 vocem
973 2397 987 2449 ;
1011 2382 1108 2438 sed
1137 2382 1264 2454 ipse
1294 2381 1504 2437 emittit
1523 2397 1592 2438 ex
1617 2397 1702 2449 se,
1725 2395 1929 2452 quem-

273 2471 602 2528 admodum
627 2470 828 2542 utique
848 2475 906 2527 et
931 2473 1120 2528 Pater.
1145 2471 1426 2534 Quocirca
1447 2471 1778 2543 quicunque
1798 2486 1927 2525 ora-

271 2559 498 2616 tionem
545 2574 560 2615 :
594 2560 702 2629 Qui
729 2576 760 2615 a
803 2561 967 2616 Patre
999 2559 1246 2632 procedit
1292 2559 1672 2616 transformat
1712 2559 1770 2614 in
1803 2573 1929 2614 eam

272 2667 401 2721 quae
433 2648 583 2706 dicit
627 2666 664 2705 a
705 2651 873 2705 Patre
898 2649 1035 2717 solo,
1084 2648 1396 2706 Salvatoris
1439 2664 1658 2715 vocem,
1703 2647 1804 2720 qui
1844 2650 1934 2704 est

273 2738 559 2811 perennis
586 2739 718 2794 fons
753 2739 1034 2805 veritatis,
1069 2739 1343 2796 infirmat.
1379 2761 1407 2788 ››

345 2829 405 2884 8.
429 2829 501 2882 At
527 2825 714 2882 multo
739 2827 976 2884 uberius
1002 2827 1242 2885 Photius
1274 2828 1347 2884 de
1377 2827 1450 2883 iis
1471 2826 1590 2898 agit
1612 2826 1935 2884 documen-

270 2918 374 2987 tis,
409 2933 538 2989 quaa
586 2915 772 2973 Latini
810 2934 913 2988 pro
953 2917 1244 2974 sententia
1274 2932 1380 2973 sua
1409 2915 1614 2972 afferre
1643 2915 1934 2983 solebant,

267 3013 451 3080 atque
473 3005 765 3078 imprimis
787 3022 912 3077 cap.
933 3006 1109 3061 20-30
1133 3005 1364 3078 longam
1385 3005 1558 3062 habet
1592 3004 1934 3076 disputatio-

2031 1944 2153 1984 mea
2181 1938 2306 1984 sunt
2341 1946 2354 1996 ;
2397 1937 2684 1999 propterea
2713 1930 2837 1988 dixi
2863 1933 3017 1989 vobis
3068 1949 3081 1990 :
3111 1936 3248 2006 quia
3275 1935 3342 1990 de
3387 1950 3504 1992 meo
3545 1938 3690 1992 acci-

2031 2018 2215 2090 piet...
2247 2016 2485 2089 Accipiet
2516 2017 2708 2074 futuro
2749 2026 3009 2094 tempore
3051 2022 3214 2092 dixit,
3257 2039 3373 2080 non
3407 2026 3562 2096 quod
3596 2042 3686 2082 ac-

2036 2115 2310 2179 cepturus
2337 2112 2494 2163 esset
2551 2125 2566 2177 ;
2625 2107 2770 2163 nihil
2819 2111 2974 2166 enim
3002 2127 3204 2166 novum
3260 2119 3356 2167 aut
3411 2113 3682 2183 adjectum

2036 2195 2187 2267 [169]
2225 2200 2327 2251 aut
2356 2199 2757 2270 temporarium
2805 2198 2864 2254 in
2897 2198 3014 2254 Deo
3063 2216 3079 2269 ;
3111 2200 3213 2255 sed
3257 2216 3384 2272 quae
3417 2202 3679 2258 nondum

2037 2290 2269 2356 peracta
2298 2291 2425 2342 erat
2471 2303 2646 2360 super
2693 2289 3024 2360 Apostolos,
3075 2292 3238 2344 notat
3267 2289 3681 2360 operationem,

2035 2390 2238 2430 verum
2273 2379 2664 2449 peragendam
2685 2378 2816 2450 (66).
2849 2377 3114 2450 Namque
3135 2379 3537 2451 operationum
3562 2396 3686 2436 ma-

2039 2465 2460 2532 nifestetiones,
2495 2485 2626 2526 cum
2655 2470 2774 2526 sint
2796 2469 2988 2541 quoad
3021 2485 3127 2526 nos
3153 2469 3318 2543 (πρὸς
3345 2471 3518 2543 ἡμᾶς)
3543 2478 3688 2528 tem-

2040 2556 2304 2626 porariae,
2355 2555 2416 2613 in
2468 2561 2733 2630 tempore
2780 2575 3016 2632 quoque
3064 2559 3215 2616 ﬁunt
3247 2564 3302 2617 et
3331 2567 3683 2632 comparent.
3759 2625 3770 2631 _

2039 2643 2182 2700 Cum
2215 2644 2393 2718 igitur
2434 2646 2643 2704 similis
2675 2647 2928 2719 Spiritus
2959 2648 3214 2719 operatio
3243 2649 3536 2718 Apostolis
3566 2665 3691 2706 ma-

2040 2733 2371 2792 nifestanda
2412 2742 2556 2803 erat,
2589 2737 2717 2793 ideo
2758 2741 3132 2809 accepturum
3169 2738 3534 2795 Paracletum
3565 2757 3599 2796 a
3629 2756 3692 2796 se

2042 2823 2202 2880 dicit.
2220 2826 2310 2880 Ad
2339 2825 2461 2882 haec
2484 2826 2606 2882 fieri
2624 2842 2739 2883 non
2763 2831 2973 2898 potest,
3019 2844 3154 2883 cum
3186 2829 3455 2885 homines
3481 2828 3689 2898 simus,

2042 2921 2103 2972 ut
2124 2915 2292 2972 aliter
2319 2916 2715 2988 intelligamus
2735 2922 2791 2972 et
2815 2919 3129 2988 loquamur
3148 2917 3236 2972 vel
3266 2917 3690 2991 concipiamus,

2045 3002 2158 3059 nisi
2189 3003 2249 3058 in
2279 3008 2541 3075 tempore
2562 3009 2619 3060 et
2639 3005 2959 3061 secundum
2983 3009 3216 3078 tempus
3249 3021 3264 3062 :
3297 3006 3545 3078 ideoque
3565 3023 3692 3078 quae

265 3113 430 3168 nem,
463 3112 580 3170 qua
603 3100 1015 3167 argumentum
1044 3113 1113 3153 ex
1138 3097 1308 3153 Joan.
1341 3113 1456 3165 xvr,
1490 3096 1662 3151 13-15
1691 3094 1932 3166 petitum
1972 3165 2000 3170 _
2042 3091 2138 3148 hic
2167 3100 2488 3164 temporum
2519 3093 2842 3150 intervallis
2893 3095 3318 3164 eirprimuntur,
3369 3096 3430 3150 in
3473 3095 3694 3151 Divinis

263 3165 548 3248 enervare
589 3165 926 3244 corinititur.
960 3187 1080 3243 Hoc
1130 3189 1283 3242 textu
1317 3187 1552 3242 Patrum
1596 3165 1927 3242 occidenla-
1958 3165 2001 3233 Ε
2040 3181 2388 3237 wternaliter
2421 3181 2850 3253 intelliguntur-
2884 3183 3072 3247 Quare
3109 3183 3264 3254 (ἰυοό
3299 3199 3456 3239 nunc
3486 3200 3689 3254 accep-

260 3279 412 3336 lium
439 3273 560 3348 (65)
591 3276 838 3349 vestigia
871 3292 1138 3350 premens
1167 3275 1444 3332 utebatur
1475 3275 1624 3347 [168]
1655 3278 1926 3331 Ratram-

265 3369 527 3443 nus(op.
563 3369 660 3425 cit.
713 3367 758 3435 Ι,
791 3367 844 3434 3,
879 3383 936 3437 p.
971 3365 1076 3421 229
1107 3365 1256 3437 sep.)
1307 3363 1583 3436 inquiens
1635 3381 1649 3420 :
1693 3385 1724 3415 «
1778 3361 1928 3429 Quid

260 3459 425 3515 enim
460 3457 712 3529 accipiet
739 3453 998 3526 Spiritus
1027 3457 1268 3509 sanctus
1310 3469 1344 3508 a
1373 3451 1540 3521 Filio,
1585 3466 1717 3508 cum
1751 3450 1928 3506 unius

263 3547 384 3604 sint
421 3545 778 3604 substantia
809 3543 1102 3613 uniusque
1131 3541 1398 3613 potentiae
1452 3539 1480 3595 ?
1523 3539 1809 3596 Nimirum
1859 3539 1931 3594 De

262 3653 390 3694 meo
413 3637 656 3708 accipiet
676 3633 842 3700 dixit,
876 3632 934 3688 id
964 3635 1054 3688 est
1087 3648 1100 3687 :
1133 3647 1164 3686 a
1198 3646 1290 3686 me
1313 3628 1595 3701 procedit,
1617 3629 1756 3700 quia
1777 3629 1932 3687 sicut

262 3731 410 3784 sunt
440 3725 622 3783 unius
643 3721 984 3781 substantiae
1007 3721 1175 3776 Pater
1195 3724 1252 3775 et
1280 3719 1485 3787 Filius,
1510 3717 1595 3774 sic
1609 3721 1664 3774 et
1683 3719 1754 3774 de
1775 3727 1930 3776 utro-

265 3833 386 3890 que
437 3814 806 3888 procedendo
839 3812 1097 3885 Spiritus
1127 3813 1366 3866 sanctus
1410 3807 1633 3880 accepit
1673 3808 1927 3864 consub-

269 3903 687 3964 stantialitatis
719 3901 1138 3960 exsistentiam.
1173 3904 1286 3956 Nec
1303 3898 1742 3964 debetmovere,
1776 3898 1931 3968 quod

263 3996 509 4072 accipiet
551 3991 735 4050 futuri
763 3989 1046 4064 temporis
1077 3987 1226 4045 dixit
1282 4005 1298 4059 ;
1334 3987 1441 4043 hoc
1471 3984 1629 4042 enim
1671 3985 1744 4041 ad
1780 3984 1931 4042 illud

337 4122 460 4195 (64)
492 4121 676 4195 (ἂι-ξιξοί
707 4124 929 4195 Patres,
953 4123 1018 4174 ut
1041 4118 1166 4195 jar_n_
1187 4115 1496 4195 Gregorius
1532 4115 1843 4195 Thaumat.
1869 4116 1929 4172 in

260 4189 536 4252 Confess.
555 4193 820 4318 (Ngsseni
843 4191 989 4277 Qpp.
1007 4206 1090 4257 in,
1105 4191 1254 4260 546),
1282 4189 1455 4244 Basil.
1474 4189 1511 4245 l.
1525 4205 1577 4256 v,
1595 4205 1642 4244 c.
1658 4189 1928 4271 Eanum,

260 4266 400 4318 Naz.
440 4270 593 4318 orat.
667 4306 680 4318 .
711 4264 954 4318 ddFtltO.
986 4261 1198 4317 Athan.
1239 4277 1330 4318 en.
1364 4261 1457 4316 ad.
1481 4265 1679 4318 Seran.
1713 4259 1928 4318 aliique

259 4266 400 4324 Naz.
440 4259 593 4322 orat.
625 4259 680 4332 2,
711 4259 954 4332 εἰδεὶιὶοζ
986 4261 1198 4332 Athan.
1239 4277 1333 4332 ep.
1364 4261 1457 4316 ad.
1481 4265 1679 4332 Serap.
1713 4259 1930 4331 aliique

270 4336 574 4411 Spiritum
630 4330 835 4411 dicunt
887 4330 1084 4411 eiuo'ga.
1116 4334 1226 4411 eo?»
1270 4330 1432 4411 tibi”),
1501 4330 1654 4411 sicut
1721 4330 1930 4411 Filium

261 4403 464 4463 εἷ’ἰιόνα
491 4410 597 4460 τοῦ
639 4405 871 4480 Πατρός.
905 4406 963 4461 Id
995 4403 1363 4480 schismatici
1385 4405 1466 4480 de
1497 4403 1653 4480 nuda
1683 4404 1930 4480 consub-

260 4479 676 4560 stantialitAate
703 4475 1004 4560 exponunt
1033 4475 1130 4560 (cf:
1152 4477 1358 4560 ipsum
1385 4475 1928 4560 Photiumndrnpl'iit.
1966 4493 2012 4560 Ι)

259 4559 490 4625 ᾳυκιζελ
526 4552 658 4618 235,
717 4547 810 4606 ed.
869 4547 999 4604 Mai.
1079 4547 1381 4625 Vett._§cr.
1439 4563 1584 4625 nova
1635 4547 1791 4625 Coll.
1835 4549 1933 4625 lX,

260 4617 519 4696 p.115).
555 4617 779 4696 γένυσι
813 4625 1033 4696 certum
1066 4623 1176 4683 est,
1224 4617 1280 4672 id
1329 4633 1505 4696 penes
1530 4617 1746 4696 Patres
1791 4619 1934 4696 plus

263 4689 504 4765 aliquid
538 4693 730 4748 dicere
764 4700 820 4748 et
848 4691 1126 4765 idoneum
1157 4703 1287 4744 esse
1310 4690 1399 4765 _a_d
1447 4690 1696 4765 Spiritus
1727 4689 1934 4765 eLFilio

263 4759 717 4838 processionem
767 4761 1250 4838 conﬁrmandam.
1296 4759 1384 4838 9f.
1447 4760 1688 4838 Niceph.
1749 4760 1932 4838 Blem.

261 4831 421 4894 orat.
446 4836 504 4900 2,
530 4853 578 4892 c.
597 4837 632 4888 7
654 4835 734 4902 (G.
756 4835 822 4890 0.
849 4835 889 4896 Ι,
913 4833 1067 4906 p.47
1088 4833 1259 4906 seq._)_.
1295 4831 1539 4906 Beccum
1564 4831 1885 4906 (Epignlll
1916 4850 1930 4899 ;

267 4909 328 4965 G.
365 4910 440 4965 0.
472 4907 548 4976 II,
592 4908 702 4962 547
751 4902 931 4977 seq.),'
955 4904 1157 4977 Georg.
1205 4902 1453 4977 Metoch.
1499 4919 1546 4959 c.
1575 4902 1581 4903 “
1607 4902 1931 4977 Μαηηϐνεξί.

262 4981 370 5048 (ib.
407 4973 699 5050 986’seq.)
737 4973 1007 5050 ;Hu30n.
1041 4973 1339 5050 Ether._(_l:
1373 4991 1433 5041 ιι,
1468 4977 1606 5050 c.__7,
1639 4974 1930 5050 p._122_t);

263 5045 532 5107 Hanuel.
567 5045 754 5106 causa;
803 5045 960 5118 (lfu,
995 5063 1051 5118 p.
1083 5045 1208 5108 405,
1243 5045 1368 5109 406)
1421 5045 1655 5118 ςλΑΙΙειιξ
1703 5045 1928 5118 Enchir.

259 5139 398 5196 cap.
446 5125 519 5190 η’,
553 5139 612 5194 p.
636 5117 769 5204 ,λξκ
809 5116 962 5177 Vind.
985 5116 1119 5190 Syri.
1172 5118 1306 5185 Eph.
1341 5135 1395 5189 p.
1429 5116 1535 5172 1:66
1567 5118 1714 5188 seq.)
1761 5133 1775 5183 ;
1828 5117 1931 5173 sed

261 5211 389 5250 una
421 5208 561 5248 cum
594 5193 685 5249 his
723 5193 1007 5248 Thomam
1056 5188 1339 5261 (Summag,
1376 5205 1431 5258 p.
1467 5191 1516 5257 1,
1552 5205 1608 5260 q.
1640 5189 1728 5256 35,
1759 5205 1815 5261 a.
1843 5189 1878 5241 2
1911 5208 1926 5256 ;

265 5230 389 5250 ιιυα
421 5230 561 5248 νυ...
594 5230 685 5249 ωε.
731 5230 1007 5248 “cum...
1056 5230 1339 5261 \..........w,
1378 5230 1431 5258 π..
1469 5230 1516 5257 .,
1552 5230 1608 5260 η.
1640 5230 1728 5256 νυ,
1759 5230 1810 5242 ...
1843 5230 1878 5241 -
1911 5232 1926 5256 ,

263 5267 496 5338 Opusc.
553 5281 593 5334 ι,
651 5280 700 5322 c.
761 5264 929 5338 Grgec.
1003 5277 1053 5318 c.
1115 5260 1202 5325 10,
1264 5260 1353 5329 32)
1414 5278 1430 5328 ;
1485 5275 1551 5316 ac
1629 5260 1927 5315 Patavium

260 5336 354 5408 (ea
393 5337 550 5408 Tria.
596 5351 693 5408 vn,
727 5336 898 5408 0.77).

337 5409 458 5479 (65)
490 5407 735 5464 Tertull.
779 5407 835 5464 C.
859 5402 869 5407 ⁷
890 5407 1058 5479 Praua
1092 5419 1143 5479 c.
1177 5403 1262 5479 2Q
1293 5418 1307 5456 :
1340 5424 1369 5452 «
1392 5402 1770 5479 Creterurrrde
1803 5417 1928 5479 meo

259 5473 480 5544 sumit,
513 5479 732 5606 in7)uit,
766 5479 910 5535 sicut
939 5478 1057 5547 ipse
1086 5475 1151 5530 de
1180 5473 1304 5543 (illo
1335 5475 1488 5545 quod
1521 5475 1630 5545 est)
1661 5475 1860 5528 Patris.
1896 5494 1924 5524 »

262 5551 528 5608 Ambros.
633 5566 663 5606 e
708 5551 802 5615 Sp.
850 5550 906 5606 S.
961 5565 1021 5614 ιι,
1081 5547 1147 5601 12
1193 5547 1369 5615 (apud
1423 5547 1725 5601 Ratramn.
1766 5561 1827 5610 li,
1872 5545 1924 5610 4,

309 5569 528 5608 moros.
587 5569 663 5606 ue
708 5569 802 5614 op.
850 5569 906 5606 ὗ.
961 5569 1021 5614 II,
1081 5569 1147 5601 ιτ,
1193 5569 1369 5614 (apuu
1425 5569 1725 5601 nutritum.
1766 5569 1827 5610 ιι,
1872 5569 1924 5610 ιι,

262 5562 528 5608 Ambros.
587 5562 663 5606 De
708 5562 802 5618 5p.
850 5562 906 5606 δ.
961 5565 1021 5614 u,
1081 5562 1147 5601 12
1193 5562 1369 5616 (apud
1425 5562 1725 5601 natramn.
1766 5562 1827 5610 ιι,
1872 5562 1924 5610 ιι,

261 5641 326 5697 p.
347 5624 482 5690 255)
519 5639 533 5677 :
563 5644 592 5672 α
620 5622 700 5678 De
725 5623 868 5697 Filio
891 5619 1144 5697 Spiritus
1164 5621 1400 5697 sanctus
1422 5619 1645 5697 accepit
1663 5636 1684 5680 ,-
1707 5616 1926 5697 accepit

263 5687 475 5752 'autem
530 5709 637 5764 per
691 5687 974 5749 unitatem
1027 5688 1413 5764 substantiae,
1447 5689 1621 5764 sicut,
1625 5687 1928 5764 _ac_cepita

265 5768 447 5825 Patre
478 5759 684 5823 Filius.
717 5785 747 5816 »
777 5766 942 5823 Joan.
971 5778 1086 5834 xvr,
1111 5760 1195 5816 14.
1228 5791 1299 5802 -—
1327 5759 1504 5818 IIilar.
1527 5761 1592 5818 de
1622 5759 1770 5815 Trin.
1800 5775 1922 5830 vm,

2038 3273 2206 3326 turus
2232 3287 2264 3325 a
2293 3268 2437 3326 Filio
2468 3271 2806 3327 Paracletus
2843 3271 3142 3341 asseritur,
3169 3271 3389 3342 accepit
3419 3272 3492 3327 ab
3522 3289 3588 3328 eo
3619 3273 3693 3328 ab

2037 3359 2166 3431 ipsa
2192 3359 2528 3416 aeternitate.
2563 3359 2698 3424 Quae
2747 3377 2879 3416 vero
2911 3361 2982 3416 ab
3036 3360 3162 3431 ipsa
3207 3361 3531 3418 aeternitate
3577 3362 3694 3419 Deo

2037 3448 2238 3504 insunt
2267 3453 2323 3505 et
2352 3465 2480 3520 quae
2512 3449 2584 3505 ab
2613 3454 2826 3506 aeterno
2866 3449 3148 3521 possidet,
3180 3453 3285 3506 aut
3337 3454 3553 3506 naturis
3593 3456 3695 3506 aut

2037 3539 2456 3612 hypostasibus
2502 3541 3022 3596 accommodantur
3071 3539 3378 3612 ;accipere
3425 3557 3560 3597 vero
3591 3540 3697 3613 hy-

2038 3629 2301 3700 postasin
2335 3628 2408 3684 ab
2439 3629 2736 3702 bypostasi
2770 3647 2883 3686 non
2909 3629 3220 3702 adoptatur
3249 3633 3472 3685 natura
3507 3646 3523 3696 ;
3554 3646 3695 3702 ergo

2039 3717 2358 3790 hypostasi.
2390 3719 2552 3783 Quod
2585 3719 2668 3775 nil
2697 3718 2853 3775 aliud
2883 3722 2992 3787 est,
3027 3734 3204 3790 quam
3224 3717 3432 3775 habere
3461 3717 3522 3772 τὸ
3551 3717 3696 3772 εἶναι

2041 3823 2352 3879 personam
2383 3808 2762 3879 accipientem
2796 3807 2867 3864 ab
2911 3823 3000 3879 ea,
3033 3824 3067 3864 a
3115 3825 3232 3880 qua
3260 3807 3492 3880 accipit.
3528 3809 3692 3873 Quod

2039 3913 2171 3952 vero
2211 3895 2283 3951 ab
2332 3895 2524 3966 aliquo
2581 3897 2789 3967 accipit
2843 3912 2993 3962 esse,
3045 3913 3113 3953 ex
3164 3913 3230 3953 eo
3278 3897 3454 3954 etiam
3495 3899 3694 3968 habet,

2041 3984 2328 4056 quidquid
2384 3985 2645 4057 possidet
2684 3985 2818 4057 (67).
2870 4007 2900 4036 »
2950 3985 3096 4040 Hinc
3145 3985 3439 4042 enascitur
3467 3986 3695 4043 celebre

2039 4111 2111 4167 20
2144 4128 2157 4166 :
2191 4133 2220 4184 ες
2253 4113 2298 4166 Α
2343 4110 2486 4168 Filio
2529 4111 2706 4184 igitur
2733 4109 2964 4182 accipit,
2996 4109 3096 4182 qui
3151 4113 3208 4166 et
3237 4112 3309 4165 ab
3340 4127 3404 4184 eo
3440 4112 3696 4184 mittitur

2040 4187 2097 4239 et
2127 4200 2161 4238 a
2189 4183 2357 4239 Patre
2388 4183 2669 4253 procedit,
2701 4189 2757 4238 et
2813 4184 3108 4254 interrogo
3139 4186 3338 4238 utrum
3389 4183 3471 4254 id
3497 4183 3693 4254 ipsum

2041 4256 2136 4322 sit,
2161 4272 2195 4310 a
2213 4255 2358 4311 Filio
2379 4255 2660 4326 accipere,
2681 4255 2834 4326 quod
2857 4272 2890 4310 a
2907 4253 3078 4309 Patre
3100 4255 3431 4325 procedere.
3453 4253 3612 4318 Quod
3643 4256 3694 4312 si

2042 4326 2189 4382 nihil
2247 4327 2478 4383 differre
2535 4328 2800 4382 credetur
2842 4327 2992 4382 inter
3049 4326 3307 4396 accipere
3355 4343 3388 4381 a
3443 4327 3584 4382 Filio
3639 4333 3694 4382 et

2043 4399 2369 4470 procedere
2405 4416 2436 4454 a
2494 4402 2682 4465 Patre,
2714 4406 2869 4454 certe
2927 4398 2983 4453 id
3042 4396 3267 4470 ipsum,
3296 4402 3470 4468 atque
3513 4413 3694 4470 unum

2043 4469 2173 4526 esse
2207 4469 2572 4526 existimatur
2593 4487 2628 4525 a
2648 4470 2790 4526 Filio
2814 4470 3095 4541 accipere,
3126 4469 3276 4539 quod
3327 4471 3402 4524 sit
3436 4469 3694 4541 accipere

2049 4559 2084 4598 a
2111 4543 2302 4598 Patre.
2334 4543 2465 4613 Ipse
2497 4541 2650 4596 enim
2685 4540 2967 4597 Dominus
3000 4543 3092 4613 ait
3123 4557 3136 4594 :
3177 4541 3452 4608 Quoniam
3480 4540 3546 4594 de
3576 4555 3693 4596 meo

2047 4616 2297 4685 accipiet,
2329 4612 2436 4669 etc.
2471 4613 2590 4669 Hoc
2639 4614 2792 4683 quod
2827 4612 3244 4685 accipiet,_sive
3293 4616 3550 4685 potestas
3573 4617 3690 4685 est,

2046 4682 2174 4739 sive
2200 4688 2404 4751 virtus,
2439 4685 2557 4740 sive
2597 4682 2861 4739 doctrina
2891 4689 3000 4743 est,
3039 4682 3215 4737 Filius
3247 4699 3279 4737 a
3312 4699 3376 4737 se
3407 4682 3691 4752 accipien-

2044 4757 2185 4811 dum
2220 4757 2390 4811 dixit.
2451 4777 2478 4807 »
2533 4755 2613 4811 Cf.
2650 4755 2824 4810 Leon.
2857 4758 2929 4808 Μ.
2963 4769 3137 4810 serm.
3186 4757 3238 4820 2,
3271 4753 3336 4808 de
3376 4754 3600 4810 Pentec.
3633 4760 3692 4811 et

2041 4829 2289 4892 August.
2324 4829 2475 4897 apud
2508 4830 2905 4897 Ratramnum,
2938 4841 3024 4889 ιιι,
3070 4825 3134 4897 21
3160 4841 3214 4895 p.
3246 4825 3372 4897 277.

2115 4891 2226 4969 (66)
2268 4891 2510 4969 Λήῷεται
2633 4893 2732 4969 ἐπὶΔ
2755 4891 3256 4969 μὲλλονζρς-εἶτξεν,
3288 4893 3393 4969 οὐχ
3423 4891 3689 4969 ξτιὲμελο

2041 4963 2132 5058 lsi}
2167 4963 2461 5058 λήψεάσαιί
2493 4963 2644 5058 οὐβὲξ
2669 4963 2804 5053 ⁸γὸιέ)ε
2827 4966 2953 5054 véov’
2975 4966 3010 5034 ἢ
3063 4963 3393 5054 ἐπείσακεοῆί
3421 4965 3457 5058 ᾖ
3499 4963 3691 5056 xpetu-

2039 5040 2134 5114 θεὸν
2333 5043 2486 5114 Θερῦί
2546 5034 2703 5093 ἀλλᾶ
2745 5034 2858 5114 ’ὲῄνΔ
2893 5034 3046 5093 οὔπω
3088 5043 3376 5114 χεγονυῖαν
3433 5034 3689 5102 ἐπ’ὶ”τοῖς

2041 5110 2372 5196 ἀπρηστόλοις
2402 5110 2696 5196 ἐνέργειανς,
2732 5107 3161 5196 μέλλουεανὶξὲ.

2113 5184 2227 5255 (67)
2271 5184 2368 5238 Διά
2415 5180 2578 5256 τοῦζέο
2625 5180 3027 5256 τεῑιςχροννλῶςς⁸
3051 5180 3323 5256 λὲγόμεγᾳ
3351 5184 3520 5256 raptat
3543 5180 3687 5256 αἰῳ-

2113 5202 2227 5255 (Ol)
2271 5202 2368 5238 Δια
2415 5202 2578 5238 τουτο
2625 5202 2692 5234 τα
2787 5202 3017 5254 ρονικως
3052 5202 3323 5256 Λεγομενα
3351 5202 3520 5236 ταυτα
3543 5202 3686 5236 αιω-

2039 5251 2410 5329 νίως-νοεῖται
2441 5254 2542 5329 ἐπὶ-
2563 5257 2669 5329 τ-ᾢν
2702 5202 2896 5329 (igitur
2943 5253 3033 5307 καὶ
3061 5254 3210 5329 bitt-:9
3269 5251 3686 5329 a’z'pa_)uitpaoﬁgt

2038 5329 2130 5397 νῦν
2177 5325 2236 5381 ἐκ
2281 5327 2553 5397 τοῦ-Υἱοῦ
2585 5323 2803 5397 λέγετᾳι
2851 5323 3316 5397 ὁ-Παράκληῖῑοςί
3351 5323 3586 5386 αἰωνιώς
3634 5323 3687 5395 ἐξ

2037 5396 2204 5451 αὐτοῦ
2255 5394 2549 5470 λαμϐάνῃ·
2592 5393 2707 5470 λτᾶ-
2743 5393 2800 5450 δὲ
2842 5393 3052 5470 [ᾳῖώγία
3109 5393 3383 5470 προσὸὺτᾳ
3437 5393 3684 5470 τῷ-Θεῷς

2037 5470 2208 5548 ¹ξττιὶντξςιι
2230 5467 2314 5548 ,δὲ
2334 5466 2502 5541 ἀὐτῷ
2553 5467 2806 5548 ᾳῖωνίωςι
2835 5466 2934 5548 δσλᾳ
2964 5468 3104 5548 ἔχει,
3207 5473 3275 5542 τῇ
3314 5466 3533 5548 obesa?)
3564 5473 3683 5528 ταῖς

2039 5489 2208 5524 παντα
2257 5488 2314 5524 οε
2355 5492 2502 5541 αυτῳ
2553 5488 2784 5530 ammte:
2835 5488 2934 5522 οσα
2964 5490 2988 5522 ε
3035 5490 3104 5538 ει,
3141 5488 3175 5540 1;
3207 5491 3275 5542 τῃ
3314 5488 3467 5548 φυσει
3498 5488 3533 5535 η
3564 5488 3683 5528 ταις

2039 5539 2394 5616 {macritatem
2440 5539 2688 5616 ἁρμόζξυ
2722 5540 2817 5616 μτὸ
2854 5537 2942 5616 ’δὲ
2992 5488 3314 5616 γ)κ‹πιι.ι.ϐσὶνιτ,ιν
3391 5539 3684 5616 ρπὀστᾳσιν

2036 5614 2163 5686 παρ’
2195 5608 2540 5686 ὑποστάσᾼεὼξ
2581 5608 2649 5686 ex}
2801 5608 2954 5686 φύέτξι
2994 5608 3243 5686 eguerat,
3275 5615 3343 5686 τῇ
3381 5608 3678 5686 fortunatos}.

2036 5677 2158 5754 ἆρὰ.
2217 5689 2385 5741 Τοῦτο
2427 5682 2484 5755 δὶς
2539 5682 2695 5740 οὐδὲν
2725 5677 2868 5755 ἄλλο
2920 5677 3086 5753 ἐστὶῖρξ
3137 5677 3183 5742 εἶ
3229 5677 3403 5755 ’μήξςὸ
3443 5677 3590 5755 ἕχεξν
3610 5679 3679 5755 Eb

2035 5747 2168 5812 εἶναι
2219 5757 2282 5814 τὸ
2331 5753 2606 5832 λαμϐάνον
2656 5754 2948 5831 πρόσωπον
2993 5756 3044 5827 ἐξ
3075 5747 3156 5812 ὀὗ
3189 5747 3568 5827 λὰμὸάνει·”τὸ
3605 5747 3681 5803 δὲ’
