4058 6216
409 388 521 447 431

1604 387 1865 448 PHOTll
1914 387 2442 450 PATRIARCHJE
2484 387 2601 449 ΟΡ.

3683 389 3795 451 432

402 518 547 575 illud
601 521 834 576 Joannis
890 518 1139 589 Theologi
1181 521 1590 589 argumentum
1649 518 1832 590 (Cone.
1892 520 2036 575 Flor.
2069 521 2123 587 Α
2153 519 2264 574 nisi
2297 519 2632 590 accipiendo
2670 521 3001 577 essentiam.
3062 542 3091 571 »
3136 520 3280 576 Hinc
3309 522 3543 591 quando
3595 522 3806 578 dicitur

401 625 566 672 sess.,
599 625 756 675 xvui,
784 608 957 664 Hard.
996 609 1094 677 IX,
1130 609 1230 662 193
1261 607 1422 678 seq.)
1459 625 1471 662 :
1506 631 1534 658 «
1567 611 1612 663 Α
1646 625 1760 680 quo
1791 607 2038 680 Spiritus

397 703 634 753 sanctus
662 698 873 770 accipit
899 714 1024 753 esse
1067 697 1124 751 in
1159 696 1395 765 divinis,
1427 697 1500 752 ab
1543 714 1608 753 eo
1640 697 1815 753 etiam
1849 714 2039 770 proce-

395 789 482 843 dit
514 806 527 855 ;
562 789 776 845 dicitur
794 793 986 844 autem
1033 787 1288 860 Spiritus
1315 795 1553 844 sanctus
1577 789 1836 861 accipere
1867 805 1996 845 esse
2018 806 2051 844 a

394 878 536 933 Filio
570 899 582 946 ;
618 895 752 950 ergo
786 885 843 934 et
885 895 916 932 a
950 878 1086 933 Filio
1132 879 1388 948 procedit
1439 880 1572 950 (68).
1612 901 1640 929 »
1695 902 1722 929 ‹‹
1755 879 1913 942 Quod
1949 895 2049 934 au-

394 958 505 1005 tem
540 951 686 1022 [170]
746 951 974 1019 accipit,
1040 973 1067 999 ››
1114 953 1195 1005 ait
1241 951 1546 1006 Bessarion
1582 951 1697 1023 (ep.
1759 953 1827 1005 ad
1886 951 2045 1005 Alex.

394 1037 554 1094 Lasc.
588 1054 634 1092 c.
668 1040 724 1108 7,
757 1040 834 1093 ib.
870 1038 1029 1103 1067,
1066 1039 1251 1110 1068),
1287 1060 1316 1087 ‹‹
1352 1045 1436 1095 est
1463 1040 1592 1110 ejus
1622 1039 1914 1107 essentia;
1941 1055 2049 1095 nec

392 1128 546 1182 enim
605 1135 693 1182 est
741 1127 898 1182 aliud
960 1127 1107 1198 ipse,
1167 1128 1324 1183 aliud
1379 1130 1507 1198 ejus
1550 1129 1868 1185 essentia...
1916 1144 2047 1183 cum

391 1231 619 1271 summe
653 1216 896 1286 simplex
920 1216 1014 1280 sit,
1048 1217 1368 1271 essentiam
1393 1234 1558 1273 suam
1590 1223 1648 1273 et
1677 1233 1804 1273 esse
1833 1217 2048 1287 accipit

391 1319 459 1358 ex
489 1303 650 1360 Filio.
685 1327 713 1355 »
748 1306 888 1359 Hinc
919 1304 1191 1361 catholici
1211 1304 1465 1377 theologi
1496 1322 1564 1362 ex
1590 1306 1689 1362 illo
1713 1312 1866 1361 textu
1901 1304 2046 1359 mul-

390 1393 612 1463 tiplicia
665 1395 983 1449 desumunt
1037 1400 1400 1465 argumenta.

461 1484 514 1536 9.
565 1482 690 1537 Jam
729 1498 862 1538 vero
894 1482 1129 1538 Photius
1183 1501 1294 1553 prae
1348 1485 1569 1539 casteria
1612 1484 1670 1540 in
1703 1501 1768 1540 eo
1800 1482 2042 1550 insistit,

394 1572 549 1642 quod
581 1571 845 1625 Christus
898 1587 1010 1626 non
1043 1572 1251 1627 dixerit
1280 1569 1330 1640 ἐξ
1380 1569 1542 1643 ἐμοῦ,
1574 1574 1725 1644 quod
1766 1573 1878 1628 hoc
1913 1588 2042 1644 per-

393 1675 589 1732 peram
625 1659 962 1714 Latinorum
987 1660 1225 1715 inducat
1256 1661 1678 1731 interpretatio,
1707 1663 1859 1732 quod
1896 1660 2041 1715 illud

394 1745 454 1801 ἐκ
488 1750 585 1800 τοῦ
643 1746 778 1817 ἐμοῦ
833 1765 1144 1820 personam
1191 1750 1384 1819 potius
1418 1750 1602 1805 Patris
1634 1751 1865 1820 innuat,
1898 1751 2040 1805 adeo

2149 608 2431 679 Spiritum
2468 608 2696 664 nonnisi
2727 625 2794 665 ea
2835 611 3014 681 loqui,
3067 626 3194 681 quae
3227 610 3469 676 audivit,
3529 611 3678 666 sicut
3711 612 3802 666 Fi-

2147 695 2259 751 lius
2291 698 2522 753 nonnisi
2554 715 2587 753 a
2617 701 2785 754 Patre
2815 700 3013 754 audita
3046 699 3329 770 loquitur,
3358 700 3562 756 eadem
3596 717 3796 756 essen-

2147 786 2302 841 tialis
2333 787 2573 842 scientia
2604 787 2969 859 intelligitur.
3003 810 3030 838 «
3067 790 3246 856 Idem,
3282 790 3363 844 ait
3394 790 3666 845 Petavius
3700 791 3805 862 (De

2148 874 2292 928 Trin.
2344 874 2468 944 Vll,
2499 877 2554 943 5,
2601 877 2654 947 4)
2714 877 2786 931 ad
2845 882 3066 932 textum
3116 877 3286 932 Joan.
3320 895 3435 944 xw,
3471 879 3559 949 13,
3597 880 3656 934 in
3695 885 3804 936 Deo

2147 965 2350 1021 audire
2379 967 2531 1038 quod
2566 967 2756 1023 videre
2774 967 2859 1023 vel
2891 969 3078 1036 scire;
3113 969 3265 1024 idem
3298 971 3446 1024 scire
3469 970 3627 1040 quod
3652 987 3802 1037 esse,

2148 1059 2212 1110 ut
2241 1058 2296 1110 et
2345 1058 2706 1128 Augustinus
2757 1061 2923 1113 tract.
2977 1060 3031 1112 in
3090 1057 3256 1114 Joan.
3315 1075 3470 1124 xvm,
3538 1058 3628 1128 19,
3677 1060 3805 1131 plu-

2147 1145 2310 1199 ribus
2339 1144 2593 1199 disserit.
2637 1165 2662 1196 ι
2699 1144 2769 1216 ll)
2813 1145 2891 1200 Ex
2925 1146 3165 1201 arbitrio
3216 1146 3466 1202 conficta
3522 1150 3579 1201 et
3610 1146 3799 1202 nulla-

2146 1235 2316 1286 tenus
2355 1233 2721 1288 admittenda
2743 1241 2827 1289 est
2847 1233 2946 1288 illa
2976 1234 3376 1304 interpretatio
3423 1249 3436 1290 :
3473 1230 3530 1286 ἐκ
3545 1237 3644 1287 τοῦ
3669 1233 3807 1307 ἐμοῦ

2147 1321 2375 1394 Πατρός.
2411 1345 2438 1372 α
2499 1321 2556 1376 Si
2585 1326 2739 1378 esset
2787 1323 2906 1378 haec
2957 1338 3089 1377 vera
3122 1323 3528 1395 intelligentia,
3565 1324 3643 1378 ait
3677 1325 3807 1378 Ma-

2147 1411 2547 1466 nuelCalecas
2605 1411 2727 1481 (lib.
2787 1428 2826 1478 I,
2886 1413 2945 1467 C.
2996 1411 3163 1467 Graec.
3201 1428 3254 1484 p.
3299 1412 3426 1478 397,
3486 1413 3578 1468 ed.
3652 1413 3807 1482 cit.),

2146 1516 2508 1572 nequaquam
2541 1501 2668 1556 sine
2707 1501 3104 1556 additamenta
3131 1502 3441 1557 diceretur.
3473 1501 3800 1573 Nunquam

2145 1592 2300 1645 enim
2337 1590 2659 1662 possessiva
2689 1591 3026 1662 pronomina
3059 1590 3363 1646 masculini
3395 1590 3478 1646 vel
3526 1591 3800 1646 feminini

2143 1679 2370 1749 generis
2411 1680 2536 1734 sine
2566 1679 2891 1749 adjectione
2941 1679 3151 1736 Griecae
3199 1679 3410 1752 linguae
3445 1681 3798 1752 proprietate

2143 1770 2531 1840 proferuntur.
2570 1767 2825 1824 Dicimus
2847 1769 3002 1824 enim
3029 1784 3044 1823 :
3067 1768 3124 1822 Ὀ
3147 1765 3278 1840 ἒμὸς
3303 1770 3480 1841 πατὴρ
3508 1769 3598 1822 καί
3626 1769 3662 1836 ἡ
3691 1765 3797 1840 ἐμὴ

393 1845 454 1891 ut
484 1853 720 1892 sensum
754 1837 964 1892 habeat
1019 1835 1124 1894 εὲκ
1169 1840 1266 1890 τοῦ
1321 1834 1458 1909 ἐμοῦ
1488 1835 1722 1910 Πατρός.
1766 1838 1872 1909 (Cf.
1936 1855 2032 1908 po-

2150 1834 2288 1910 iam
2319 1857 2465 1928 [t72]
2498 1855 2532 1924 ἢ
2586 1854 2772 1916 πόλις.
2808 1857 2891 1912 Ita
2922 1858 3138 1929 quippe
3171 1834 3382 1913 Graecas
3413 1834 3626 1929 linguae
3652 1834 3804 1913 con—-

390 1927 688 1982 tissimum
720 1944 884 1996 capp.
915 1927 1006 1994 22,
1037 1929 1127 1994 29,
1177 1927 1290 1998 30).
1338 1929 1448 1983 Sed
1486 1928 1528 1999 Ι)
1563 1928 1706 1984 falso
1737 1927 2036 1999 supponit,

391 2015 625 2070 Latinos
675 2015 921 2086 astringi
954 2017 1020 2070 ad
1080 2018 1249 2071 verba
1308 2016 1524 2072 Christi
1572 2018 1848 2072 mutanda
1895 2016 1955 2071 in
1987 2013 2039 2084 ἐξ

389 2101 545 2176 ἐμοῦ,
584 2119 718 2158 cum
751 2119 948 2159 omnes
979 2110 1207 2160 vertant
1237 2121 1354 2161 non
1383 2105 1451 2160 de
1505 2122 1610 2174 me,
1661 2107 1761 2161 sed
1801 2105 1866 2161 de
1897 2121 2034 2174 meo,

387 2193 445 2248 id
475 2197 584 2262 est,
618 2193 689 2248 de
720 2210 807 2261 eo,
833 2195 982 2264 quod
1019 2193 1200 2249 habeo
1250 2211 1284 2248 a
1314 2194 1478 2250 Patre
1510 2209 1835 2266 acceptum,
1868 2195 1939 2251 de
1969 2210 2034 2249 eo

387 2283 541 2352 quod
588 2297 784 2337 meum
815 2287 923 2338 est.
977 2282 1098 2336 Imo
1133 2283 1391 2337 fatentur
1445 2283 1635 2337 Latini
1688 2284 1804 2338 fere
1833 2297 2039 2338 omnes

388 2371 726 2426 immediate
757 2371 826 2425 de
867 2371 1102 2425 scientia
1133 2388 1197 2426 ac
1230 2370 1496 2426 doctrina
1527 2388 1856 2426 sermonem
1886 2387 2036 2437 esse,

389 2476 493 2515 nec
553 2466 880 2530 repugnant
936 2461 1348 2530 Chrysostomo
1381 2461 1562 2531 (hom.
1617 2460 1688 2512 78
1729 2460 1789 2514 in
1843 2460 2036 2526 Joan.)

391 2548 802 2619 interpretanti
863 2564 876 2601 :
933 2546 1066 2619 Παρ’
1099 2545 1254 2618 ἐμοῦ,
1299 2546 1543 2601 τουτέστι
1573 2548 1718 2619 παρὰ
1748 2553 1846 2616 τῆς
1898 2545 2036 2619 ἐμῆς

391 2635 646 2709 γνώσεως
676 2635 810 2706 (69).
845 2634 956 2689 Sed
989 2635 1123 2689 inde
1158 2636 1292 2705 jure
1326 2653 1432 2691 suo
1479 2636 1764 2706 colligunt
1815 2651 2042 2706 proces-

394 2725 618 2780 sionem
652 2739 717 2778 ex
770 2723 933 2781 Filio.
966 2723 1246 2779 Observat
1277 2724 1590 2795 Gregorius
1619 2725 1742 2794 Cpl.
1787 2725 1845 2778 in
1879 2723 2037 2793 Apol.

394 2819 585 2869 contra
630 2813 868 2868 Marcum
917 2812 1113 2882 Eplies.
1165 2813 1284 2881 (70)
1333 2815 1598 2868 adductis
1641 2814 2040 2884 Chrysostomi

396 2901 588 2958 verbis
625 2918 637 2956 :
672 2923 700 2952 «
733 2901 859 2956 Non
892 2908 980 2956 est
1011 2901 1250 2956 scientia
1300 2901 1426 2957 Filii
1458 2903 1636 2970 aliud,
1669 2903 1827 2958 aliud
1863 2902 2042 2957 Filius

395 2991 539 3061 ipse.
565 2990 619 3044 Si
637 2989 793 3044 enim
817 2988 937 3060 ipse
966 2994 1118 3045 esset
1137 2989 1319 3058 aliud,
1347 2997 1406 3045 et
1434 2989 1591 3045 aliud
1619 2995 1826 3062 praeter
1847 2991 2040 3061 ipsum

397 3078 643 3135 scientia
674 3095 801 3149 quae
848 3079 906 3132 in
938 3095 1006 3134 eo
1056 3083 1164 3146 est,
1219 3078 1575 3149 compositus
1627 3079 1775 3135 foret
1813 3083 1869 3133 et
1929 3095 2044 3134 non

2151 1947 2399 2002 suetudo
2426 1946 2680 2017 proferre
2696 1946 3014 2002 consuevit.
3042 1947 3199 2001 Alias
3217 1947 3370 2001 enim
3406 1945 3616 2002 vitiosa
3647 1952 3802 2002 esset

2151 2034 2570 2105 pronuntiatio.
2630 2035 2771 2090 Cum
2832 2051 2964 2090 vero
3025 2035 3152 2091 sine
3208 2035 3533 2106 adjectione
3564 2036 3802 2104 dicitur,

2148 2129 2408 2179 neutrum
2437 2139 2566 2179 esse
2595 2128 2652 2178 et
2672 2139 2783 2180 rem
2815 2123 3526 2196 signiﬁcareintelligitur,
3551 2124 3806 2196 exempli

2152 2233 2330 2272 causa
2364 2233 2377 2272 :
2413 2213 2558 2269 Εἶτι
2607 2215 2697 2269 καὶ
2754 2214 2959 2287 τούμόν
3021 2212 3134 2270 ἔστι
3192 2215 3336 2288 παρά
3394 2235 3502 2283 σοι,
3564 2217 3612 2272 si
3668 2217 3810 2289 quid

2151 2321 2346 2360 meum
2380 2310 2469 2360 est
2529 2306 2683 2376 apud
2715 2308 2793 2374 te,
2825 2305 2978 2376 quod
3013 2321 3113 2376 per
3141 2322 3203 2361 se
3237 2321 3352 2360 rem
3389 2304 3638 2378 intelligi
3688 2307 3807 2361 dat.

2150 2393 2360 2449 Eodem
2423 2398 2587 2463 pacto
2642 2395 2946 2449 Bessarion
3000 2395 3060 2464 (l.
3093 2397 3168 2466 ο.)
3203 2413 3215 2451 :
3250 2417 3278 2444 ‹‹
3327 2394 3387 2450 Si
3418 2411 3552 2450 cum
3583 2395 3808 2450 dicitur

2147 2498 2216 2537 ea:
2238 2498 2374 2549 meo,
2409 2481 2972 2554 subintelligendum
3018 2492 3169 2538 esset
3201 2500 3268 2538 ex
3298 2483 3484 2550 Patre,
3541 2484 3653 2539 hoc
3683 2498 3801 2539 meo

2150 2580 2302 2626 esset
2334 2586 2651 2641 pronomen
2689 2572 2918 2641 generis
2952 2570 3258 2626 masculini
3293 2591 3307 2638 ;
3367 2570 3568 2627 nullus
3601 2577 3804 2628 autem

2148 2660 2234 2716 vel
2267 2663 2323 2716 in
2356 2659 2549 2715 Graeca
2581 2659 2668 2716 vel
2717 2661 2989 2716 inLatina
3019 2661 3214 2730 lingua
3251 2663 3495 2717 edoctus
3539 2668 3643 2717 aut
3696 2679 3811 2717 ma-

2149 2749 2364 2806 sculini
2398 2755 2496 2805 aut
2522 2750 2784 2804 feminini
2805 2753 3034 2820 generis
3059 2767 3376 2822 pronomen
3409 2753 3651 2820 profert,
3689 2752 3804 2807 nisi

2152 2856 2284 2894 cum
2309 2839 2604 2894 additione
2638 2855 2650 2892 :
2680 2855 2830 2894 meus
2855 2841 3052 2908 frater,
3089 2855 3242 2896 meus
3285 2841 3516 2907 amicus,
3551 2850 3648 2895 aut
3688 2856 3812 2896 mea

2151 2922 2344 2975 civitas
2395 2920 2480 2974 vel
2515 2920 2724 2985 domus,
2757 2918 2977 2975 dicens.
3012 2922 3169 2976 Meus
3208 2922 3422 2977 etenim
3460 2921 3820 2990 simpliciter

2156 3010 2376 3079 absque
2403 3009 2695 3063 additione
2727 3025 2841 3064 non
2885 3011 3072 3080 magis
3105 3015 3331 3082 patrem
3363 3026 3535 3081 quam
3571 3010 3811 3065 hostem

2155 3096 2467 3168 significat.
2495 3117 2518 3147 ο
2549 3097 2648 3167 ΙΙΙ)
2675 3096 2787 3154 Nec
2819 3095 2962 3151 illud
2991 3113 3190 3153 verum
3217 3097 3458 3169 proinde
3487 3106 3595 3162 est,
3628 3095 3695 3150 ἐκ
3716 3098 3816 3150 τοῦ

398 3167 662 3239 simplex.
697 3189 726 3218 »
762 3168 1055 3231 Praeterea,
1092 3173 1156 3221 ut
1184 3169 1265 3222 ait
1315 3168 1594 3240 Georgius
1621 3167 2039 3238 Trapezuntius

2158 3183 2294 3258 ἐμοῦ
2343 3187 2490 3240 duas
2537 3201 2817 3255 personas
2860 3185 3182 3255 insinuare,
3219 3167 3481 3257 quarum
3515 3185 3704 3242 altera
3737 3187 3816 3242 sit

394 3259 456 3315 (l.
489 3274 540 3312 c.
585 3275 640 3328 p.
671 3257 825 3328 544),
885 3257 934 3312 si
993 3257 1124 3328 quis
1166 3256 1544 3312 afﬁrmaverit
1599 3257 1862 3328 accipere
1915 3257 2044 3327 qui-

399 3349 530 3402 dem
561 3348 924 3402 Paracletum
959 3363 991 3400 a
1022 3345 1162 3400 Filio
1217 3360 1577 3416 quaecunque
1627 3345 1854 3400 Sanctis
1885 3360 2043 3400 reve-

398 3435 630 3490 laturus
661 3440 805 3500 erat,
858 3451 972 3490 non
1029 3450 1162 3489 vero
1221 3435 1409 3504 ipsum
1465 3450 1614 3503 esse,
1665 3433 1842 3504 impia
1877 3433 2046 3503 plane

397 3522 639 3578 eﬂ'utiet.
676 3543 703 3569 «
747 3521 996 3576 Habebit
1037 3523 1191 3576 enim
1254 3523 1399 3592 [171]
1436 3521 1654 3592 aliquid
1692 3521 2042 3589 acquisitum

398 3607 709 3681 (ἐπίκτητόν
756 3610 833 3680 τι)
897 3609 1235 3664 Paracletus
1285 3619 1337 3664 et
1395 3609 1479 3665 sic
1531 3626 1645 3665 non
1704 3610 1816 3664 erit
1873 3626 2044 3666 verus

396 3699 574 3755 Deus.
631 3697 999 3768 Quaecunque
1045 3698 1198 3752 enim
1261 3699 1414 3753 Deus
1450 3697 1729 3768 possidet,
1792 3698 1864 3753 ab
1915 3699 2044 3769 ipsa

397 3789 720 3844 aeternitate
742 3787 1016 3856 possidet.
1043 3809 1071 3835 »
1093 3786 1204 3853 Nil,
1223 3787 1383 3842 aiunt
1407 3787 1603 3842 Patres
1625 3787 1762 3859 (71),
1789 3787 2042 3856 Spiritus

395 3883 631 3933 sanctus
652 3875 827 3931 habet
843 3875 1244 3945 adventitium,
1271 3875 1350 3931 nil
1382 3877 1750 3946 postmodum
1783 3876 2039 3948 acquisi-

394 3973 545 4034 tum,
597 3968 694 4022 sed
755 3967 975 4022 ommia
1016 3966 1192 4022 habet
1220 3967 1290 4021 ab
1320 3971 1554 4022 aeterno.
1587 3965 1751 4023 Unde
1780 3966 2040 4022 Joannes

397 4056 752 4128 Theologus,
795 4072 934 4112 sese.
970 4073 1088 4126 xxx,
1120 4072 1282 4112 conc.
1318 4057 1468 4112 Flor.
1499 4056 1697 4126 (Hard.
1735 4056 1772 4110 Ι.
1805 4073 1856 4112 c.
1906 4057 2033 4126 256,

392 4149 521 4217 257)
551 4164 563 4202 :
600 4169 627 4198 «
659 4147 841 4202 Omne
874 4147 1026 4218 quod
1069 4146 1320 4217 Spiritus
1343 4153 1582 4202 sanctus
1611 4147 1834 4217 accepit
1862 4157 1919 4202 et
1949 4163 2041 4201 ac-

392 4238 534 4308 cipit
572 4242 630 4292 et
656 4236 916 4307 accipiet,
953 4235 1012 4290 id
1046 4234 1396 4291 (eternaliter
1426 4235 1600 4290 habet
1633 4252 1647 4303 ;
1679 4240 1736 4289 et
1763 4236 1918 4306 quod
1951 4236 2036 4290 Fi-

2157 3275 2486 3347 possidens,
2518 3276 2701 3330 altera
2748 3275 2877 3346 ipsa
2927 3275 3214 3346 possessio
3254 3275 3330 3346 (c.
3362 3275 3477 3347 22).
3512 3275 3641 3331 Non
3687 3277 3817 3331 sine

2154 3364 2422 3418 acumine
2487 3363 2652 3433 Hugo
2710 3362 3055 3419 Etherianus
3112 3363 3175 3434 (l.
3233 3380 3298 3429 II,
3331 3379 3382 3419 c.
3418 3364 3504 3431 19,
3549 3381 3606 3434 p.
3649 3364 3808 3433 1234)

2153 3452 2291 3508 hinc
2323 3452 2591 3507 Photium
2634 3452 2839 3507 refellit
2886 3453 3088 3508 dicens
3131 3470 3144 3509 :
3180 3474 3208 3503 «
3240 3453 3395 3508 Idem
3423 3453 3698 3509 Salvator
3727 3455 3813 3508 di-

2151 3541 2230 3597 cit
2264 3557 2276 3594 :
2313 3543 2433 3596 Non
2464 3556 2684 3611 possum
2717 3556 2810 3610 ego
2841 3559 2870 3596 a
2895 3558 2981 3596 me
3019 3543 3135 3612 ipso
3168 3541 3353 3614 facere
3375 3545 3715 3614 quidquam.
3753 3587 3767 3601 .
3802 3583 3815 3596 .

2150 3632 2280 3700 quia
2307 3645 2417 3685 non
2447 3645 2627 3700 quaero
2658 3631 2992 3685 voluntatem
3041 3646 3241 3686 meam.
3277 3631 3344 3686 Et
3377 3647 3612 3686 rursum
3654 3650 3669 3688 :
3721 3633 3822 3688 Dc-

2149 3719 2333 3774 scendi
2377 3719 2441 3775 de
2479 3720 2631 3787 enato,
2663 3736 2772 3774 non
2824 3727 2881 3774 ut
2935 3721 3140 3788 faciam
3187 3721 3520 3775 voluntatem
3572 3737 3762 3776 meam
3797 3738 3817 3783 ;

2149 3815 2206 3864 et
2236 3809 2371 3864 item
2426 3824 2439 3864 :
2476 3808 2589 3863 Mea
2616 3807 2863 3865 doctrina
2893 3825 3003 3864 non
3050 3818 3131 3864 est
3160 3825 3300 3864 mea.
3350 3812 3422 3864 At
3451 3826 3587 3866 vero
3629 3812 3682 3865 si
3728 3827 3818 3868 se-

2150 3903 2401 3954 cundum
2442 3898 2784 3967 positionem
2833 3897 3021 3952 Photii
3061 3899 3412 3954 Patriarchaa
3455 3915 3642 3954 meum
3690 3915 3818 3970 pro-

2152 4003 2347 4042 nomen
2395 3986 2610 4058 ubique
2658 3987 2804 4042 duas
2855 4003 3131 4058 personas
3178 3987 3488 4059 significat,
3541 3987 3820 4045 voluntas

2149 4077 2276 4133 Filii
2306 4079 2421 4133 alia
2468 4078 2546 4131 sit
2593 4093 2626 4131 a
2655 4075 2796 4132 Filio
2857 4093 3171 4148 persona...
3206 4079 3393 4144 Quare
3441 4094 3560 4134 non
3590 4084 3688 4134 est
3722 4095 3818 4134 ne-

2147 4166 2490 4233 cessarium,
2508 4181 2689 4220 meum
2715 4181 3029 4235 pronomen
3056 4167 3274 4237 ubique
3296 4167 3438 4222 duas
3469 4166 3817 4238 signiﬁcare

2158 4271 2456 4327 personas,
2481 4270 2612 4309 cum
2635 4259 2692 4309 et
2710 4254 2946 4323 ﬁgurate
2963 4256 3033 4310 de
3058 4258 3256 4312 eadem
3290 4271 3540 4328 persona
3556 4257 3828 4323 dicatur,

392 4326 509 4382 lius
541 4327 706 4416 audit
735 4343 769 4416 a
801 4329 984 4416 Patre,
1021 4325 1173 4379 idem
1199 4325 1460 4394 estquod
1486 4325 1728 4416 scientia
1757 4344 1769 4384 ;
1800 4324 2049 4416 scientia
2159 4324 2221 4400 ίη
2251 4343 2482 4400 persius
2505 4345 2717 4415 (Satyr.
2749 4342 2818 4411 ν,
2849 4344 2941 4416 88)
2971 4344 3153 4401 dicit:

392 4433 526 4472 vero
556 4415 614 4470 in
647 4413 860 4469 divinis
894 4414 1043 4468 idem
1071 4417 1160 4468 est
1199 4424 1355 4483 quoa
1391 4429 1517 4468 esse
1549 4414 1685 4484 ('72).
1721 4434 1750 4462 »
1795 4413 2049 4470 Breviter

391 4507 644 4561 Allatius
673 4505 895 4573 (Contra
926 4503 1162 4570 Hotting.
1213 4479 1262 4556 ὁ.
1299 4502 1384 4571 18,
1415 4519 1470 4572 p.
1502 4479 1678 4568 295).:
1737 4525 1762 4550 α
1799 4501 1876 4557 Ne
1909 4503 2039 4574 Spi—
2076 4479 2121 4543 D

391 4595 539 4651 ritus
571 4597 807 4650 sanctus
846 4593 944 4648 fiat
975 4595 1233 4647 creatura
1267 4607 1379 4646 non
1427 4589 1672 4662 accipiet
1715 4591 2044 4662 scientiam,

395 4749 456 4802 τὸ
488 4747 620 4838 εἶναι
650 4741 932 4820 λαμϐάνον
965 4739 1023 4799 ἔκ
1051 4763 1195 4806 τινος
1239 4743 1289 4814 ἐξ
1335 4743 1539 4798 ἐκείνου
1590 4741 1706 4818 ἔχει
1757 4744 1843 4798 καὶ
1901 4747 2038 4799 πάνθ

397 4839 494 4873 οσα
524 4838 661 4873 εγει.

468 4837 1092 4963 ῗ68ξιέίιξοροξί-ίίοηθω-
1119 4891 1394 4963 majorem
1437 4889 1600 4963 :_’Ar?'
1633 4887 1786 4963 cum)
1820 4893 2040 4963 Πνεῦμα

395 4961 457 5015 τὸ
477 4956 638 5035 ’ἅγὶον
674 4956 937 5031 λάμϐάνει
962 4962 1023 5013 τὸ
1055 4956 1227 5026 εἶναι,
1255 4959 1360 5014 ἀπὸ
1386 4956 1579 5014 τούτοὺ
1630 4958 1717 5013 καὶ
1761 4956 2039 5033 ἐκπορεῦε-

391 5052 501 5102 ται,
527 5032 628 5088 nec
653 5032 878 5086 Marcus
907 5033 1188 5102 Ephesius
1222 5034 1455 5103 penitus
1481 5033 1717 5102 rejecit;
1754 5032 2034 5088 minorem

392 5121 522 5160 vero
549 5105 620 5158 ab
639 5104 766 5175 ipso
798 5112 1065 5173 negatam
1090 5103 1402 5159 luculentis
1421 5106 1656 5158 Patrum
1685 5105 2037 5160 testimoniis

387 5179 647 5234 Joannes
685 5175 1093 5244 comprobavit.

463 5248 574 5320 (69)
607 5248 689 5300 Cf.
744 5246 1322 5320 Perrone,’Przclect.
1379 5246 1544 5320 theol.
1595 5246 1898 5320 Tract.__de
1936 5247 2030 5302 SS.

390 5313 703 5389 Trinﬁcap.
737 5319 793 5382 5,
829 5334 987 5389 pr0p.
1028 5319 1079 5383 1,
1141 5320 1209 5372 ad
1245 5319 1360 5388 obj.
1420 5321 1470 5387 1,
1503 5319 1558 5381 3,
1612 5313 1710 5370 ubi
1760 5317 1930 5373 etiam
1965 5320 2036 5373 de

388 5391 702 5447 Maldonati
739 5390 1023 5444 sententia
1053 5390 1259 5459 agitur.

463 5464 566 5534 (70)
599 5462 734 5534 (loti.
758 5453 1159 5534 ΔΜοῐιειλίὶειξξῖυΐ.
1195 5462 1378 5534 132}.
1424 5457 1539 5534 0675
1571 5453 1714 5534 ἕσςτιν
1834 5463 2032 5534 γνῶσις

383 5526 482 5588 τοῦ
515 5529 826 5604 “adﬁxa
860 5531 948 5604 xui
983 5526 1152 5604 ἄλλος
1174 5531 1213 5604 Δὁ
1258 5529 1468 5604 Υἱὸς...Δ
1496 5529 1677 5604 εἷ’ᾼγὰρ
1730 5526 1889 5604 more:
1922 5533 2030 5604 ipsi;

383 5605 569 5679 ἕτερόν
617 5599 876 5679 tite-civ,
915 5601 1073 5679 ἑτέρα
1123 5599 1180 5679 διέ
1216 5622 1298 5679 τις
1340 5599 1668 5679 ςπσερζαύτὸν
1713 5604 1748 5672 ἡ
1797 5602 1848 5656 ἐν
1877 5599 1946 5658 αὖ
1985 5603 2032 5676 ᾧ

382 5671 879 5757 γνῷξις,κσ·3·ζῼετές
911 5671 1046 5757 aint,
1067 5672 1165 5757 _xai
1194 5671 1300 5757 οὐχ
1330 5671 1557 5757 ἁπλοῦς,

457 5751 568 5831 (71)
601 5748 776 5807 Basil.
808 5749 882 5805 De
923 5747 1118 5822 Spirit.
1149 5745 1356 5816 saneto,
1389 5748 1540 5818 apud
1575 5745 1814 5820 Nicepb.
1851 5746 2026 5804 Blem.

2299 4469 2552 4524 Vindicta
2595 4473 2880 4540 postquam
2913 4485 3079 4525 meus
3108 4485 3140 4525 a
3183 4478 3425 4541 praetore
3470 4473 3680 4528 recessi

2156 4571 2213 4623 et
2245 4567 2549 4638 Euripides
2583 4584 2594 4622 :
2631 4587 2660 4618 «
2692 4568 2809 4639 Ego
2831 4572 3028 4624 autem
3057 4583 3209 4624 metu
3254 4585 3408 4625 sum.
3442 4593 3469 4619 »
3502 4569 3827 4626 Attendere

2156 4742 2212 4798 et
2270 4739 2511 4810 Beccum
2558 4739 2740 4810 epigr.
2793 4739 2883 4810 l3.
2924 4739 3005 4810 (G.
3048 4738 3108 4794 0.
3145 4740 3187 4804 Ι,
3242 4741 3351 4808 15ς
3396 4741 3466 4804 Il,
3515 4741 3692 4810 630):
3754 4740 3824 4795 Τὸ

2151 4806 2552 4883 Πνεῦμα-οὐδὲν
2600 4806 2727 4883 ἔχ’ᾳν
2781 4806 2939 4883 ἐστὶν
2974 4809 3263 4879 ἐπίκτητον
3311 4806 3511 4883 saucii,
3559 4806 3695 4866 ἀλλ’
3747 4811 3831 4866 ἀΐ-

2151 4883 2265 4941 διος
2296 4875 2489 4961 ξτξάντα
2520 4875 2743 4961 excidi:
2776 4880 2994 4954 Πνεῦμα
3025 4875 3166 4936 Οεοῖί
3197 4883 3287 4935 καί
3328 4880 3380 4951 ἐξ
3428 4875 3601 4936 cura?)
3651 4903 3827 4961 πεφη-

2146 4957 2261 5026 νόςἶ
2290 4952 2372 5026 Cf.
2408 4952 2613 5026 Athan.
2651 4954 2780 5026 (ib._
2803 4952 2984 5026 epigr.
3016 4956 3074 5026 8,
3099 4971 3152 5026 p.
3195 4956 3347 5026 583).

2219 5025 2329 5096 (72)
2361 5023 2581 5099 Ἐπειδὴ
2614 5019 2716 5080 πᾶν
2751 5019 3209 5099 δπέρΪέλαϐξκαιὶ
3253 5019 3550 5099 λάμϐἀνειΔ
3574 5027 3666 5080 καὶ
3719 5025 3824 5099 λήέ

2148 5092 2323 5172 qam,
2350 5092 2537 5181 ἆῖδξως
2567 5098 2706 5187 ἔχει,
2757 5092 2943 5184 ἐξιεὶδή
2991 5099 3041 5187 ἡκ
3063 5092 3473 5187 ἀκρόασιξτοιλ
3498 5095 3627 5187 ι’ξιοῦ
3667 5092 3824 5170 napi

2143 5166 2244 5242 τοῦ
2292 5168 2499 5242 ῌατρὸς
2548 5166 2759 5242 castris
2789 5166 2898 5242 seu
2957 5170 3043 5242 xui
3109 5166 3357 5242 γνῶσις,
3387 5169 3474 5242 agi
3522 5169 3557 5234 ἡ
3609 5166 3822 5242 «paci;

2146 5241 2231 5295 ἐπὶ
2263 5241 2370 5290 τῶν
2405 5240 2563 5294 θείων
2600 5241 2797 5295 ταῦτόν
2828 5241 2938 5295 ἐστι
2976 5240 3055 5311 τῷ
3086 5239 3242 5295 εἶναι.
3293 5241 3376 5296 Cf.
3412 5239 3641 5294 Bessar.
3687 5241 3730 5295 1.
3767 5257 3823 5297 c.

2148 5338 2174 5366 ‹‹
2211 5311 2367 5369 Idem
2401 5319 2488 5367 est
2519 5314 2799 5384 sapientia
2842 5321 2898 5368 et
2944 5315 3074 5382 ejus
3123 5328 3269 5379 esse,
3301 5319 3357 5366 et
3387 5329 3421 5366 a
3453 5328 3569 5382 quo
3602 5313 3828 5384 accipit

2145 5402 2292 5448 esse,
2313 5384 2382 5438 ab
2409 5382 2606 5440 eodem
2631 5388 2802 5440 etiam
2827 5386 3039 5454 accipit
3058 5384 3430 5455 sapientiam,
3456 5393 3666 5437 etcum
3688 5382 3826 5454 spi-

2146 5464 2329 5522 ratur,
2351 5461 2408 5510 et
2428 5460 2639 5529 accipit
2676 5464 2883 5529 esseet
2903 5455 3247 5529 subsistere,
3271 5455 3455 5529 etiam
3481 5455 3821 5529 accipit_sa-

2144 5530 2445 5600 pientiam.
2481 5570 2493 5583 .
2534 5525 2638 5585 [Si
2670 5527 2920 5600 Spiritus
2953 5528 3164 5597 accipit
3194 5543 3228 5582 a
3271 5525 3437 5600 Filio,
3467 5541 3603 5600 ergo
3634 5525 3822 5600 Filius

2141 5596 2234 5658 aut
2257 5605 2307 5659 ei
2343 5618 2356 5664 ;
2381 5601 2481 5655 sed
2513 5596 2866 5672 ipsum—dare
2895 5600 2953 5656 in
2977 5596 3188 5656 divinis
3209 5596 3475 5671 personis
3514 5597 3828 5668 signiﬁcat

2141 5672 2296 5732 idem
2340 5672 2495 5743 quod
2538 5671 2855 5745 producere.
2921 5692 2951 5722 »
