4058 6216
243 327 358 386 433

971 326 1074 386 DE
1116 327 1180 386 S.
1229 325 1425 388 SPIR.
1475 319 2012 388 MYSTAGOGIA.
2059 357 2132 371 -ο
2176 326 2941 390 ANIMADVERSIONES.

3530 331 3648 390 434

241 459 538 516 debuisset
568 459 742 516 homo
777 457 894 526 ille,
929 458 1083 530 quod
1115 460 1281 514 aliter
1312 429 1464 530 apud
1496 459 1895 516 Grammaticos
1925 463 1976 527 Α
2008 476 2178 516 causa
2238 463 2380 519 nihil
2441 466 2510 520 de
2567 464 2697 520 Filii
2757 464 3034 535 dignitate
3090 462 3368 531 excludit,
3424 465 3537 521 nisi
3592 467 3650 521 in

243 551 531 620 accipitur
569 566 838 622 persona,
864 553 922 604 et
944 549 1111 604 aliter
1147 549 1291 620 apud
1330 551 1628 623 Theologos.
1664 551 1890 606 Etenim

242 637 302 694 in
337 638 736 695 Grammatice
769 638 1024 711 qualibet
1061 654 1146 694 res
1169 654 1411 710 persona
1447 641 1765 710 nuncupari
1794 655 1892 710 po-

242 738 363 799 test,
417 732 539 788 sive
601 747 702 804 per
749 747 812 786 se
860 732 1157 799 subsistat,
1207 731 1328 787 sive
1377 749 1477 803 per
1538 732 1719 800 aliud,
1772 732 1891 786 sive

241 821 578 878 substantia
609 822 706 891 sit,
741 821 860 877 sive
889 821 1180 878 accidens.
1213 824 1400 888 Quare
1426 821 1749 877 secundum
1783 821 1889 876 hu-

233 911 499 982 jusmodi
531 909 924 982 disciplinam,
957 926 1086 966 cum
1121 911 1303 968 Filius
1336 912 1511 968 dicit:
1537 927 1659 967 mea
1686 911 1894 967 volun-

237 1005 351 1069 tas,
382 1016 572 1055 meum
606 997 924 1070 judicium,
953 1015 1072 1055 mea
1109 1001 1367 1056 doctrina
1401 1045 1414 1058 .
1450 1043 1464 1057 .
1503 1042 1514 1056 .
1549 1001 1664 1056 alia
1693 1009 1748 1056 et
1779 1001 1894 1056 alia

235 1089 588 1161 intelligitur
637 1089 716 1144 ad
745 1089 1176 1144 similitudinem
1213 1091 1611 1162 possessionum
1651 1106 1895 1161 persona

237 1180 373 1252 (sc.
424 1177 868 1250 grammatice).
919 1180 982 1233 In
1017 1177 1302 1250 theologia
1353 1195 1482 1234 vero
1514 1179 1706 1234 tacitis
1756 1195 1894 1249 pro-

236 1267 589 1340 prietatibus
633 1269 706 1321 ab
737 1265 1012 1322 omnibus
1043 1283 1169 1338 qua
1211 1269 1532 1322 secundum
1569 1268 1714 1340 [173]
1749 1267 1892 1322 sub-

236 1357 514 1412 stantiam
573 1356 871 1424 dicuntur,
904 1360 1020 1412 tres
1074 1360 1300 1411 tantum
1354 1356 1730 1412 insinuantur
1763 1357 1892 1427 (ed.

237 1445 716 1516 imminuantur)
773 1461 1054 1516 personas,
1103 1461 1356 1516 quarum
1414 1445 1580 1500 nulla
1626 1461 1895 1516 expresse

237 1534 490 1606 intelligi
520 1534 772 1601 videtur,
797 1535 894 1590 ubi
925 1535 1186 1590 Salvator
1211 1535 1390 1590 dicit:
1419 1539 1499 1590 De
1514 1550 1634 1590 meo
1662 1533 1896 1606 accipiet

241 1631 294 1682 et
327 1623 701 1680 annuntiabit
730 1623 896 1678 vobis.
922 1644 951 1672 »
982 1625 1264 1679 Praeterea
1287 1623 1396 1694 IV)
1426 1623 1767 1680 adversatur
1794 1623 1897 1678 illa

241 1713 530 1785 expositio
577 1711 790 1768 Christi
838 1711 1023 1784 ipsius
1052 1711 1466 1782 explanationi,
1498 1729 1615 1784 qua
1643 1731 1696 1768 v.
1731 1714 1796 1768 15
1827 1729 1896 1768 ex

241 1781 551 1873 eo-prcbat
579 1799 641 1854 τὸ
670 1800 734 1853 ἐκ
761 1781 1024 1872 τοῦνέμοῦ
1055 1781 1288 1872 λήψεται
1320 1805 1454 1857 ante
1479 1781 1603 1857 8—86
1636 1802 1894 1856 afﬁrma~
1930 1781 1977 1846 Β

238 1897 389 1957 tum,
425 1890 565 1962 quia
607 1889 807 1944 omnia
850 1906 980 1961 quas
1025 1889 1197 1945 habet
1231 1890 1398 1946 Pater
1441 1907 1549 1946 sua
1581 1900 1732 1946 sunt.
1768 1892 1898 1946 Haec

241 1979 456 2036 ultima
506 1978 682 2036 verba
719 1979 893 2050 juxta
943 1995 1145 2034 omnes
1194 1979 1464 2035 essentias
1507 1979 1788 2034 unitatem
1837 1979 1896 2034 in

242 2074 413 2126 Patre
461 2071 521 2124 et
551 2067 710 2124 Folio
755 2067 1216 2139 probant;hinc
1264 2068 1407 2123 illud
1443 2069 1595 2140 quod
1641 2067 1902 2138 accipere

243 2159 462 2214 dicitur
491 2157 766 2227 Spiritus,
789 2157 1096 2213 manifeste
1127 2161 1285 2228 patet
1307 2173 1436 2213 esse
1465 2158 1652 2229 ipsam
1685 2156 1903 2210 divini—

242 2253 447 2316 tatem,
483 2262 598 2302 non
641 2245 796 2301 aliud
840 2245 1187 2318 quidquam.
1225 2247 1458 2316 Deinde,
1497 2252 1556 2300 ut
1593 2244 1901 2301 Bessarion

237 2337 322 2407 (1.
356 2338 456 2408 c.)
495 2337 597 2404 ait,
631 2352 700 2392 ex
733 2335 902 2391 Joan.
937 2353 1051 2403 xvi,
1088 2336 1174 2403 15,
1198 2335 1307 2392 hoc
1337 2336 1694 2392 construitur
1724 2351 1903 2406 argu-

241 2431 516 2483 mentum
551 2442 565 2479 :
599 2446 626 2476 «
658 2425 908 2497 Spiritus
931 2425 1137 2496 accipit
1167 2443 1232 2480 ex
1267 2426 1340 2481 iis
1363 2443 1487 2496 quae
1511 2425 1691 2480 Patris
1723 2433 1858 2479 sunt
1886 2441 1899 2490 ;

239 2518 340 2572 sed
375 2515 578 2570 omnia
609 2514 794 2571 Patris
826 2518 964 2570 sunt
996 2531 1124 2570 mea
1157 2533 1170 2583 ;
1202 2515 1382 2588 igitur
1408 2518 1658 2587 Spiritus
1689 2513 1902 2585 accipit

240 2621 312 2662 ex
365 2604 520 2660 meis
551 2602 637 2660 vel
689 2619 758 2659 ex
789 2618 938 2659 meo.
987 2603 1055 2658 Et
1083 2620 1204 2659 eum
1257 2607 1371 2676 ipse
1399 2612 1450 2660 et
1492 2621 1596 2660 sua
1643 2620 1818 2660 unum
1845 2610 1900 2658 et

239 2694 392 2750 idem
425 2692 538 2748 sint
562 2700 789 2764 propter
819 2709 1091 2748 summam
1119 2693 1556 2764 simplicitatem,
1588 2693 1900 2764 accipiendo

241 2784 314 2839 de
341 2781 482 2853 suis,
512 2783 739 2854 accipiet
787 2797 856 2837 ex
884 2797 964 2837 eo.
1001 2803 1029 2831 »
1066 2781 1252 2838 Semel
1299 2783 1634 2861 constituto,
1667 2784 1737 2838 de
1774 2782 1901 2852 ipsa

240 2872 448 2928 divina
496 2870 754 2927 essentia
801 2886 930 2926 esse
976 2887 1330 2938 sermonem,
1364 2888 1481 2927 non
1513 2871 1766 2943 amplius
1796 2887 1900 2926 ne-

243 2960 373 3035 gari
408 2964 627 3032 potest,
652 2958 926 3028 Spiritum
960 2959 1112 3015 hanc
1143 2960 1400 3031 accipere
1430 2978 1464 3016 a
1493 2961 1659 3016 Filio.
1682 2960 1736 3015 Si
1766 2977 1902 3016 vero

239 3050 503 3124 Spiritus
536 3065 570 3104 a
609 3047 751 3104 Filio
789 3048 1018 3120 accipit,
1053 3048 1234 3104 Filius
1264 3049 1314 3105 ei
1347 3051 1446 3105 dat
1481 3051 1603 3106 sive
1633 3065 1901 3105 commu-

240 3139 405 3195 nicat
457 3137 777 3192 essentiam
803 3137 971 3202 ;dare
999 3153 1131 3192 vero
1180 3137 1238 3192 in
1272 3137 1485 3194 divinis
1531 3139 1684 3194 idem
1724 3143 1812 3193 est
1839 3152 1906 3194 ac

241 3227 594 3300 producere,
627 3228 690 3280 ut
718 3224 870 3281 idern
903 3226 1202 3282 Bessarion
1227 3226 1344 3296 (ib.
1378 3227 1818 3300 )Chrysostomi
1844 3228 1901 3282 in

239 3317 416 3374 Joan.
469 3331 525 3382 v,
573 3315 647 3368 22
717 3315 991 3386 suffragio
1047 3315 1372 3372 confirmat.
1423 3317 1660 3372 Etiamsi
1727 3316 1904 3386 igitur

241 3404 442 3478 quoad
495 3402 671 3459 verba
721 3420 836 3459 non
885 3408 974 3458 est
1013 3404 1513 3476 idem:Spiritum
1565 3406 1824 3476 accipere
1871 3424 1902 3460 a

235 3494 386 3551 Filio
431 3498 492 3548 et
522 3493 832 3563 procedere
869 3511 902 3548 a
931 3492 1074 3549 Filio
1103 3495 1121 3566 (
1146 3493 1309 3549 Phot.
1343 3511 1394 3549 c.
1425 3495 1489 3548 21
1526 3495 1568 3566 ),
1599 3510 1658 3550 re
1688 3499 1904 3550 tamam

233 3583 371 3656 ipsa
425 3582 583 3637 idem
637 3585 749 3650 est,
783 3583 923 3653 quia
970 3583 1213 3654 accipere
1243 3584 1302 3638 in
1333 3583 1553 3654 Spiritu
1585 3589 1643 3640 et
1679 3583 1816 3640 dare
1843 3584 1905 3640 in

241 3672 390 3728 Filio
413 3675 555 3727 sunt
586 3669 922 3726 correlativa
951 3675 1010 3726 et
1030 3671 1278 3742 Spiritus
1309 3677 1375 3727 ut
1405 3675 1558 3729 Deus
1582 3673 1664 3728 nil
1699 3679 1906 3744 praeter

241 3761 616 3818 divinitatem
676 3759 936 3829 accipere
994 3759 1066 3816 ab
1123 3777 1190 3816 eo
1249 3766 1457 3832 potest.
1488 3762 1801 3833 Coniungit
1843 3778 1904 3818 se

239 3849 521 3905 Christus
543 3863 672 3903 cum
700 3846 890 3916 Patre,
915 3849 986 3904 ad
1012 3865 1176 3905 suam
1200 3866 1332 3906 cum
1358 3850 1522 3906 Patre
1545 3852 1908 3907 communio-

237 3956 376 3996 nem
431 3937 701 4006 recurrit,
737 3953 805 3993 ex
851 3955 967 4010 quo
997 3945 1208 3996 cuncta
1257 3939 1434 3996 habet
1467 3957 1480 4007 ;
1515 3956 1620 3996 nec
1677 3949 1906 4012 separat

235 4045 350 4085 sua
382 4029 455 4083 ab
487 4026 562 4082 iis
607 4042 732 4097 quis
758 4013 896 4082 ﬁunt
929 4028 1138 4098 Patris,
1167 4029 1282 4086 imo
1315 4030 1517 4085 eadem
1549 4045 1678 4086 esse
1706 4038 1906 4086 osten-

237 4117 355 4173 dit.
383 4115 644 4171 Absurde
676 4131 908 4171 rursum
935 4116 1171 4174 Photius
1201 4119 1273 4188 (c.
1304 4119 1397 4192 23)
1429 4119 1598 4191 quasi
1630 4120 1745 4174 duo
1767 4136 1904 4176 con-

239 4204 428 4262 traria
477 4203 758 4260 exhibet:
784 4206 1094 4275 procedere
1141 4225 1176 4263 a
1213 4210 1384 4264 Patre
1429 4214 1488 4265 et
1534 4209 1844 4282 procedere
1873 4227 1907 4265 a

237 4292 395 4351 Filio
432 4308 446 4360 ;
483 4292 650 4364 prius
681 4293 976 4365 posterius
1005 4310 1121 4351 non
1153 4297 1430 4366 excludit,
1465 4298 1568 4354 sed
1609 4297 1858 4354 includit
1889 4315 1902 4365 ;

2002 555 2284 621 quantum
2326 553 2549 609 dictum
2581 560 2665 609 est
2691 569 2703 606 :
2729 553 2926 608 Omnia
2955 567 3080 622 quae
3120 553 3278 608 habet
3309 557 3505 621 Pater,
3531 570 3652 610 mea

2001 642 2165 693 sunt:
2191 641 2344 710 quod
2376 642 2543 697 etiam
2572 644 2692 696 sine
2723 657 2783 698 eo
2815 641 2955 713 quod
2983 642 3235 712 sequitur
3262 641 3441 696 solum
3467 658 3568 712 per
3597 658 3656 698 se

2001 725 2180 798 ipsum
2211 729 2322 784 dici
2347 735 2589 801 poterat.
2625 753 2653 779 »
2681 730 2833 786 Sane
2864 731 3057 786 inanis
3088 731 3234 784 foret
3270 747 3338 785 ea
3370 732 3650 801 repetitio,

2002 815 2194 871 inanis
2240 834 2309 873 ea
2363 820 2647 890 probatio,
2681 820 2729 874 si
2791 824 3018 873 tantum
3076 817 3257 874 voluit
3313 819 3646 875 dicerezDe

2002 921 2128 961 meo
2159 908 2328 962 Patre
2358 913 2568 975 sumet,
2594 925 2706 962 non
2741 907 2811 964 de
2846 924 2957 963 me.
2992 907 3192 963 Potius
3223 907 3537 964 dicendum
3566 907 3650 963 vi-

2001 995 2192 1062 detur,
2227 997 2365 1052 dum
2416 996 2680 1052 Christus
2713 1013 2775 1053 se
2803 996 2981 1052 veluti
3037 997 3290 1052 medium
3337 996 3654 1051 terminum

2004 1085 2168 1160 ponit
2224 1087 2373 1142 inter
2429 1087 2658 1142 Patrem
2692 1091 2748 1141 et
2805 1085 3277 1156 Spiritum,dum
3329 1102 3432 1156 per
3482 1102 3651 1141 suam

2003 1189 2134 1229 cum
2156 1179 2322 1230 Patre
2335 1175 2806 1231 communionem
2829 1173 2985 1245 quod
3000 1174 3497 1240 asseritvindicat,
3514 1174 3655 1228 dum

2005 1280 2130 1335 qua:
2189 1264 2432 1335 accipiet
2461 1264 2713 1335 Spiritus
2745 1280 2852 1318 sua
2883 1262 3044 1334 prius
3072 1267 3235 1318 vocat
3257 1279 3324 1317 ac
3351 1262 3561 1318 deinde
3583 1263 3654 1317 ad

2003 1358 2236 1408 Patrem
2270 1355 2461 1419 refert,
2487 1371 2549 1408 se
2580 1354 2773 1424 ipsum
2810 1351 3131 1422 proximum
3160 1353 3418 1408 datorem
3450 1367 3653 1407 eorum

2004 1443 2360 1515 designasse.
2405 1444 2665 1510 Accedit,
2699 1442 2854 1513 quod
2888 1441 3232 1496 universalis
3263 1440 3478 1496 Christi
3510 1458 3653 1513 pro-

2005 1533 2211 1603 positio
2260 1530 2434 1584 πάντα
2478 1529 2576 1584 ὅσα
2619 1550 2670 1583 κ.
2722 1549 2773 1584 τ.
2804 1527 2861 1584 λ.
2912 1546 3024 1584 non
3074 1529 3356 1600 permittit
3408 1529 3658 1598 Spiritus

2003 1615 2293 1697 προϐολὴν
2354 1639 2386 1676 a
2417 1620 2558 1676 Filio
2621 1636 2912 1675 removere
2969 1619 3105 1690 (73).
3138 1641 3166 1669 «
3200 1621 3360 1684 Quod
3422 1620 3470 1674 si
3513 1621 3659 1676 acci-

2006 1712 2239 1782 piendo,
2290 1711 2373 1766 ait
2421 1709 2583 1780 Hugo
2633 1707 2983 1764 Etherianus
3033 1707 3095 1777 (l.
3130 1723 3179 1762 c.
3220 1707 3258 1778 ),
3293 1706 3363 1762 de
3414 1705 3486 1762 iis
3531 1725 3658 1778 quas

2007 1805 2142 1855 sunt
2173 1798 2358 1854 Patris
2386 1804 2445 1854 et
2475 1798 2650 1853 habet
2681 1800 2868 1863 Pater,
2902 1796 3115 1868 accipit
3145 1797 3216 1851 de
3243 1795 3432 1861 Patre,
3466 1801 3523 1850 et
3554 1812 3660 1850 ac-

2006 1889 2274 1960 cipiendo
2307 1889 2375 1942 de
2406 1887 2479 1942 iis
2502 1903 2624 1958 quas
2656 1891 2793 1942 sunt
2826 1885 2953 1940 Filii
2983 1894 3036 1940 et
3067 1885 3241 1940 habet
3269 1884 3474 1950 Filius,
3501 1885 3660 1939 acci-

2007 1979 2092 2049 pit
2116 1979 2186 2032 de
2207 1977 2371 2032 Filio.
2398 1976 2769 2032 Manifestum
2801 1983 2888 2030 est
2911 1975 3088 2044 igitur
3117 1974 3270 2044 quod
3295 1989 3408 2028 non
3443 1972 3514 2028 de
3535 1973 3660 2030 solo

2007 2068 2170 2123 Patre
2191 2065 2398 2135 accipit
2428 2064 2696 2136 Spiritus,
2721 2069 2786 2118 ut
2810 2063 3052 2118 Photius
3073 2061 3299 2117 asserit.
3329 2101 3343 2115 .
3373 2102 3386 2114 .
3410 2061 3468 2116 Si
3491 2061 3662 2116 emis-

2007 2172 2105 2212 sor
2123 2154 2375 2224 Spiritus
2397 2169 2511 2208 non
2536 2153 2595 2207 in
2619 2169 2684 2208 eo
2713 2151 2869 2222 quod
2889 2156 3126 2222 generat
3146 2150 3463 2206 secundum
3489 2155 3660 2205 natu-

2008 2260 2131 2300 ram
2164 2248 2253 2300 est
2281 2243 2470 2310 Pater,
2499 2242 2681 2296 Filius
2707 2257 2839 2296 vero
2871 2239 3134 2305 minimc,
3167 2239 3458 2310 quomodo
3492 2253 3660 2294 verax

2007 2338 2118 2393 erit
2145 2337 2405 2392 Salvator
2434 2350 2699 2390 asserens
2734 2350 2746 2388 :
2779 2333 2903 2388 Ideo
2928 2332 3054 2388 dixi
3084 2331 3257 2399 vobis,
3279 2331 3413 2402 quia
3441 2331 3508 2386 de
3539 2345 3658 2386 meo

2007 2426 2266 2498 accipiet,
2292 2427 2426 2497 quia
2454 2426 2642 2480 omnia
2659 2439 2778 2494 qua:
2800 2422 2957 2478 habet
2981 2425 3164 2489 Pater,
3187 2437 3314 2476 mea
3343 2424 3470 2475 sunt
3491 2423 3516 2472 .'
3545 2422 3658 2474 Aut

2013 2517 2170 2572 enim
2219 2514 2448 2570 habebit
2478 2513 2806 2568 secundum
2856 2513 3144 2575 naturam,
3178 2513 3238 2564 ut
3269 2509 3346 2564 sit
3385 2509 3656 2570 emissor,

2013 2606 2165 2679 quod
2214 2604 2404 2660 Patris
2437 2618 2552 2658 non
2602 2605 2663 2655 ut
2693 2599 2970 2671 genitoris
3009 2603 3118 2665 est,
3151 2601 3252 2653 aut
3297 2597 3345 2652 si
3377 2613 3492 2652 non
3524 2595 3654 2661 hoc,

2008 2695 2198 2750 Patris
2237 2693 2474 2765 quidem
2520 2692 2675 2756 sunt,
2709 2704 2834 2760 qua
2865 2686 3150 2742 exsistunt
3199 2685 3348 2752 Filii,
3379 2699 3506 2756 quae
3537 2699 3660 2739 vero

2005 2793 2132 2840 sunt
2160 2783 2368 2851 Patris,
2391 2795 2502 2836 non
2519 2779 2790 2848 pertinent
2818 2777 2890 2832 ad
2915 2777 3138 2832 Filium.
3163 2775 3350 2840 Quare
3397 2775 3444 2830 si
3469 2774 3664 2829 omnia

2009 2890 2138 2945 quis
2197 2875 2334 2927 sunt
2391 2868 2539 2941 [175]
2570 2867 2757 2923 Patris
2787 2867 2805 2935 (
2840 2882 2952 2920 non
3013 2868 3077 2919 ut
3124 2863 3402 2935 genitoris
3433 2862 3451 2934 )
3487 2861 3662 2917 habet

2010 2962 2216 3028 Filius,
2242 2960 2504 3015 emittere
2543 2960 2738 3013 autem
2781 2954 3061 3026 Spiritum
3100 2952 3286 3007 Patris
3316 2969 3431 3007 non
3464 2955 3528 3006 ut
3558 2967 3660 3024 ge-

2016 3050 2224 3105 nitoris
2255 3055 2360 3114 est,
2386 3046 2494 3101 hoc
2523 3046 2722 3099 abesse
2753 3057 2866 3097 non
2900 3045 3088 3112 potest
3119 3056 3151 3092 a
3180 3037 3340 3093 Filio.
3365 3059 3393 3088 ››
3427 3037 3546 3093 Hoc
3575 3041 3662 3092 est

1933 3093 1984 3160 Ο
2016 3093 2720 3208 ᾗίξινὲ,”ἀῖξιῖιξέἶι’έιὲξξ
2741 3093 3159 3198 regimus,
3194 3133 3604 3199 argumentum
3644 3142 3656 3179 :

2013 3231 2148 3294 Quae
2185 3226 2359 3282 habet
2390 3224 2447 3278 in
2479 3220 2693 3276 divinis
2725 3222 2892 3273 Pater
2921 3221 3158 3288 excepta
3192 3215 3536 3284 paternitate
3569 3218 3661 3282 (et

2013 3313 2467 3373 innascibilitate
2497 3311 2515 3381 )
2546 3307 2886 3366 communia
2915 3313 3050 3361 sunt
3081 3305 3266 3360 eidem
3301 3319 3433 3358 cum
3465 3301 3606 3356 Filio
3632 3319 3656 3370 ,ς

2013 3420 2151 3477 ergo
2183 3401 2268 3458 vis
2314 3397 2610 3471 spiratrix.
2643 3411 2767 3467 qua
2807 3397 2897 3450 est
2924 3410 2958 3448 a
2999 3390 3342 3463 paternitate
3369 3392 3466 3458 (et
3495 3405 3522 3442 a
3563 3405 3658 3443 ra-

2012 3495 2172 3550 tione
2201 3489 2445 3562 ingeniti
2475 3489 2494 3560 )
2522 3486 2820 3550 distincta,
2853 3486 2942 3538 est
2971 3481 3115 3536 Filio
3139 3495 3266 3535 cum
3301 3479 3465 3534 Patre
3496 3494 3658 3533 com-

2015 3581 2234 3639 munis.
2267 3581 2330 3634 In
2364 3575 2580 3633 divinis
2611 3575 2780 3643 juxta
2811 3570 3151 3628 Anselmum
3182 3569 3297 3638 (De
3324 3567 3472 3634 inc.,
3502 3583 3550 3621 e.
3584 3567 3655 3633 3;

2013 3673 2086 3728 De
2138 3685 2288 3743 proc.
2319 3667 2512 3738 Spirit.
2563 3668 2741 3720 sanet.
2769 3678 2816 3718 c.
2848 3661 2882 3714 2
2915 3666 2955 3731 ),
2983 3659 3178 3715 omnia
3236 3661 3375 3712 sunt
3450 3671 3656 3721 unum,

2015 3761 2115 3817 ubi
2165 3776 2280 3815 non
2338 3754 2536 3812 obviat
2563 3751 2867 3808 relationis
2907 3747 3214 3821 Oppositio.
3249 3745 3331 3803 Ct‘.
3367 3745 3560 3800 Petav.
3594 3745 3666 3799 De

2019 3849 2169 3906 Trin.
2203 3864 2303 3913 v11,
2334 3845 2386 3910 9,
2420 3844 2507 3897 11.

2088 3939 2174 3992 10.
2203 3935 2452 3990 Demum
2485 3929 2568 4001 V)
2600 3929 2938 3985 adversatur
2981 3925 3165 3979 Photii
3213 3923 3492 3993 expositio
3523 3922 3664 3992 ipsis

2016 4029 2228 4087 Graecis
2273 4023 2571 4084 Patribus,
2605 4033 2851 4089 quorum
2895 4015 3172 4070 doctrinas
3203 4031 3261 4068 se
3295 4011 3666 4066 tenacissime

2015 4118 2372 4175 inhaesurum
2392 4124 2621 4181 semper
2650 4109 3022 4179 protestatur.
3052 4104 3113 4158 ld
3129 4102 3273 4158 satis
3292 4105 3496 4173 praeter
3521 4099 3663 4153 alios

2018 4203 2249 4264 Manuel
2287 4199 2521 4258 Calecas
2553 4206 2606 4254 et
2636 4193 2940 4252 Bessarion
2975 4207 3079 4248 nec
3119 4190 3310 4246 minus
3342 4187 3664 4243 luculenter

2016 4297 2233 4353 Beccus
2272 4291 2339 4363 (1.
2375 4307 2460 4356 ιιι,
2491 4289 2559 4343 ad
2611 4284 2898 4342 Theodor.
2953 4300 3010 4337 n.
3063 4281 3128 4335 10
3161 4297 3176 4347 ;
3227 4281 3286 4336 G.
3318 4278 3381 4335 0.
3435 4277 3504 4342 II,
3538 4275 3661 4342 144,

239 4398 361 4441 nec
381 4363 1052 4456 posterior—mystagogia
1073 4385 1319 4456 priorem
1342 4363 1764 4442 institutionem
1790 4363 1902 4443 ιοιέ
1940 4397 1987 4461 1)
2023 4387 2122 4442 145
2177 4389 2234 4440 et
2287 4381 2346 4436 in
2405 4375 2736 4450 Epigraph.)
2790 4377 2965 4444 atque
3019 4369 3332 4461 Allatius‘(
3379 4363 3660 4461 Enehiria.

235 4472 341 4537 lit,
373 4471 494 4526 imo
547 4487 681 4527 vero
727 4472 1039 4528 conﬁrmat
1072 4473 1319 4530 :Omnia
1349 4492 1477 4547 quas
1525 4481 1666 4532 sunt
1714 4476 1902 4532 Patris

239 4573 389 4617 mea
437 4567 595 4616 sunt.
630 4559 800 4616 Recte
843 4560 1073 4618 Manuel
1103 4561 1341 4618 Calecas
1371 4563 1432 4632 (1.
1456 4579 1507 4620 c.
1540 4566 1560 4636 )
1595 4564 1699 4620 «Si
1749 4563 1902 4620 enim

241 4648 509 4720 Spiritus
539 4665 574 4706 a
603 4648 744 4705 Filio
775 4649 1008 4721 accipit,
1030 4651 1218 4708 Patris
1247 4657 1438 4708 autem
1471 4653 1669 4709 omnia
1687 4662 1740 4708 et
1761 4653 1906 4708 Filio

242 4736 597 4793 communia
643 4742 804 4807 sunt,
847 4738 1228 4795 manifestum
1273 4745 1329 4795 et
1365 4757 1434 4796 ex
1482 4740 1573 4796 his
1623 4740 1906 4796 insinuari

243 4824 474 4883 Filium
505 4840 688 4882 unum
713 4842 840 4882 cum
875 4827 1044 4884 Patre
1073 4828 1256 4885 Deum
1281 4829 1430 4901 [174]
1453 4845 1600 4900 esse,
1624 4830 1908 4902 Spiritum

247 4919 457 4972 autem
514 4930 714 4971 verum
775 4917 953 4973 Deum
1012 4933 1082 4974 ex
1137 4918 1322 4974 Patris
1377 4923 1435 4974 et
1494 4918 1620 4975 Filii
1656 4919 1910 4975 essentia

246 5004 614 5060 denuntiari.
646 5008 826 5060 Porro
857 5006 1050 5062 dicere
1079 5023 1092 5062 :
1119 5008 1317 5063 Omnia
1363 5024 1482 5079 quas
1511 5009 1667 5064 habet
1723 5009 1908 5074 Pater,

247 5108 380 5149 mea
407 5101 540 5148 sunt
563 5111 586 5154 ;
616 5095 736 5150 ideo
765 5090 881 5165 (διὰ
917 5096 1105 5168 τοῦτο)
1136 5095 1262 5152 dixi
1302 5097 1452 5152 vobis
1483 5115 1500 5150 :
1523 5099 1661 5167 quia
1699 5095 1764 5150 de
1792 5111 1911 5150 meo

251 5183 514 5256 accipiet,
550 5189 696 5252 etc.;
724 5194 818 5240 aut
854 5186 1000 5242 nihil
1034 5186 1324 5258 signiﬁcat
1355 5194 1453 5244 aut
1484 5205 1595 5244 non
1625 5188 1914 5259 significat

252 5275 631 5348 propositum
678 5275 783 5332 tibi
819 5295 832 5345 ;
868 5278 1086 5350 quippe
1119 5281 1394 5350 suscepta
1433 5279 1503 5332 ad
1553 5281 1910 5334 structuram

333 5469 446 5544 (73)
476 5469 739 5544 Profecto
777 5470 986 5528 verba:
1011 5470 1215 5527 Omnia
1245 5487 1364 5544 qua
1403 5471 1565 5526 habet
1595 5473 1778 5538 Pater,
1801 5475 1911 5544 etc.

350 5541 711 5624 universalia
735 5548 877 5624 sunt
907 5561 922 5612 ;
957 5558 1095 5614 ergo
1129 5541 1527 5624 non'possunt
1558 5543 1824 5615 restringi
1857 5549 1915 5598 et

259 5611 754 5687 limitaﬁrnisiin
803 5611 1309 5687 iis,’qua'anatura
1340 5631 1543 5687 rerum,
1576 5630 1676 5686 per
1724 5611 1912 5687 se'ex-

259 5683 479 5756 cludit;
512 5684 570 5759 2)
604 5685 677 5741 ad
701 5684 890 5758 ipsam
918 5683 1262 5745 relationem
1293 5688 1366 5745 ad
1397 5683 1678 5760 Spiritum
1709 5704 1741 5743 a
1769 5685 1912 5743 Filio

2014 4495 2062 4533 c.
2095 4473 2186 4529 κε’.
2239 4489 2294 4542 ρ.
2331 4467 2435 4544 ρξε’
2483 4483 2609 4538 seq.
2640 4469 2698 4521 et
2745 4462 2967 4520 Vindie.
3016 4476 3142 4529 syn.
3189 4457 3379 4528 Ephes.
3426 4472 3483 4526 p.
3515 4453 3660 4525 294)

2015 4561 2512 4620 demonstrarunt.
2566 4554 2754 4610 Unum
2798 4552 3119 4607 alterumve
3166 4547 3376 4601 horum
3426 4544 3659 4598 Patrum

2016 4651 2346 4709 audiamus.
2373 4646 2659 4702 Athanas.
2691 4643 2762 4696 ad
2797 4641 3000 4711 Serap.
3031 4638 3146 4693 ait:
3183 4635 3238 4689 Ὀ
3272 4633 3366 4706 μὲν
3396 4630 3519 4691 Υἱὸς
3551 4651 3660 4707 φη-

2017 4755 2122 4794 σιν’
2147 4734 2408 4806 ἃῆκουσα
2437 4733 2582 4806 παρὰ
2630 4733 2727 4785 τοῦ
2767 4727 3004 4802 Πατρὸς,
3042 4727 3208 4779 ταῦτα
3247 4719 3406 4776 λαλῶ
3445 4718 3521 4779 εἷς
3569 4717 3661 4774 τὸν

2015 4829 2242 4901 κόσμον·
2273 4825 2336 4879 τὸ
2367 4821 2425 4878 δὲ
2465 4805 2680 4893 Πύεὖμα
2718 4817 2779 4872 ἐκ
2815 4820 2913 4871 τοῦ
2956 4814 3085 4869 Υὶοῦ
3131 4805 3420 4884 λαμϐάνει’
3457 4806 3517 4862 ἔκ
3561 4811 3661 4862 τοῦ

2015 4899 2156 4992 ipp?)
2185 4917 2284 4990 γὰρ
2328 4911 2565 4987 λήψεται
2593 4931 2647 4967 κ.
2686 4929 2737 4962 τ.
2773 4905 2826 4962 λ.
2864 4910 3008 4962 Item
3058 4910 3203 4960 orat.
3249 4902 3303 4992 3-,
3337 4917 3388 4956 c.
3416 4899 3660 4992 Adrian.

2018 4987 2273 5078 (Calceus
2322 5009 2409 5059 est
2449 5007 2596 5057 orat.
2636 5000 2692 5070 3)
2732 5015 2745 5052 :
2792 4995 2861 5050 Τὸ
2903 4996 3119 5066 Ηνεῦμα
3162 4989 3308 5064 παρὰ
3342 4991 3443 5078 ςυιῦ
3484 4987 3662 5078 Λόγοιι

2020 5073 2312 5168 λαμϐάνει.
2346 5134 2361 5148 .
2407 5089 2572 5150 αὐτὸς
2609 5087 2715 5163 γὰρ
2755 5087 2782 5140 ὁ
2815 5083 2936 5144 Υἱὸς
2974 5082 3037 5136 τὸ
3084 5083 3302 5168 Πνεῦμα
3338 5073 3662 5168 δίδωσι-δαὶ

2020 5159 2116 5238 ὅσοι
2147 5181 2263 5260 ἔχει
2310 5179 2370 5234 τὸ
2403 5159 2812 5249 Πνεῦματτᾴὖτα
2854 5170 2998 5247 παρὰ
3023 5173 3124 5225 τοῦ
3169 5167 3342 5244 Λόγος
3375 5159 3511 5240 ἔχει.
3546 5165 3665 5260 Hoc

2021 5249 2355 5331 testimonio
2407 5267 2769 5340 Nicephorus
2827 5260 3174 5327 Blemmida,
3224 5261 3372 5314 orat.
3411 5257 3467 5326 2,
3509 5271 3558 5310 c.
3606 5253 3663 5308 6.

2023 5471 2418 5528 extenduntur
2449 5465 2573 5538 ipso
2605 5467 2662 5521 et
2692 5463 2763 5538 ad
2798 5461 2853 5516 id
2888 5457 3355 5538 adhibenturuut
3383 5449 3665 5538 Spiritum

2022 5524 2226 5601 secum
2253 5524 2766 5609 intime'conjungi
2813 5538 2869 5590 et
2910 5534 2980 5588 de
3009 5547 3096 5598 eo,
3138 5527 3290 5600 quod
3339 5524 3523 5595 ipsius
3553 5524 3661 5586 est,

2023 5615 2280 5687 accipere
2308 5611 2597 5669 ostendat.
3133 5621 3152 5628 -
