4058 6216
300 323 415 383 437

1035 320 1138 380 DE
1184 321 1248 381 S.
1296 320 1492 382 SPIR.
1541 319 2075 382 MYSTAGOGIA.
2125 350 2200 366 —
2245 323 3013 386 ANIMADVERSIONES.

3587 331 3706 390 438

297 459 395 526 sit,
429 457 586 530 quod
620 476 650 507 α
681 454 862 512 etiam
893 458 1140 512 ventura
1167 455 1536 513 annuntiabit
1569 454 1752 512 vobis.
1788 459 1869 510 Ac
1899 453 1950 510 si
1981 456 2036 522 Α
2066 453 2194 510 Filii
2227 457 2317 512 sui
2338 456 2396 512 in
2429 459 2610 514 corda
2626 460 3006 516 nostra.Num
3032 459 3551 534 aliusestSpiritus
3577 465 3714 522 Filii,

297 549 517 604 diceret
549 545 837 617 :Signum
868 544 978 601 hoc
1008 547 1117 600 erit
1155 545 1342 610 vobis,
1373 562 1446 600 ea:
1476 561 1600 600 mea
1635 546 1946 600 substantia

296 653 427 694 esse
455 634 736 707 Spiritum
788 639 846 692 et
880 638 1132 690 mentem
1163 649 1289 690 esse
1345 633 1515 706 quasi
1547 649 1759 703 meam,
1793 635 1945 706 quod

297 724 398 781 ille
418 725 616 780 futura
632 723 782 782 sicut
804 738 910 795 ego
933 722 1272 794 praedicabit
1292 723 1423 792 (81).
1449 721 1544 777 Sic
1567 738 1770 778 rursus
1798 721 1948 793 [179]

295 815 370 872 ad
405 814 578 870 Joan.
609 830 727 880 xvr,
761 813 827 868 14
873 811 1166 878 observat,
1217 827 1318 884 per
1347 811 1476 880 hoc,
1509 812 1664 883 quod
1698 810 1948 883 Spiritus

297 903 553 976 accipiat
579 921 613 959 a
659 902 823 972 Filio,
881 901 1026 958 nihil
1058 903 1298 959 omnino
1347 903 1401 958 ei
1451 901 1698 972 detrahi,
1732 905 1789 956 et
1817 917 1944 957 om-

295 993 398 1050 nia
427 1009 565 1049 eum
619 992 831 1050 habere
862 992 1116 1065 perfecte
1174 993 1311 1063 (82).
1371 990 1652 1047 Caeterum
1686 1007 1812 1063 quae
1843 993 1948 1062 Cy-

295 1082 472 1140 rillus
509 1083 698 1149 habet,
732 1098 800 1138 ea
829 1082 902 1138 ad
935 1081 1350 1138 illustrandum
1386 1083 1721 1136 contextum
1743 1083 1801 1135 et
1827 1095 1953 1136 sco-

293 1189 438 1246 pum
489 1173 800 1230 verborum
833 1171 1049 1227 Christi
1081 1171 1389 1243 insigniter
1425 1171 1730 1226 conterunt
1762 1188 1776 1234 ;
1821 1185 1948 1240 quas

290 1268 496 1320 autem
527 1263 782 1334 disputat
810 1261 1076 1329 Photius,
1109 1261 1218 1317 etsi
1259 1275 1472 1332 magna
1500 1275 1570 1315 ex
1626 1261 1786 1331 parte
1815 1274 1950 1314 vera

290 1357 458 1421 sunt,
521 1356 718 1408 tamen
775 1351 962 1424 ipsius
1022 1365 1139 1408 non
1198 1353 1435 1420 prosunt
1473 1348 1717 1405 intento.
1781 1347 1949 1404 Chri-

290 1447 423 1500 stus
447 1441 785 1498 consolatur
813 1439 1151 1512 discipulos,
1177 1455 1292 1496 non
1321 1437 1578 1495 alienum
1603 1454 1668 1494 ac
1691 1436 1947 1510 peregri-

291 1547 439 1588 num
474 1547 536 1587 se
567 1529 993 1586 consolatorem
1029 1528 1346 1584 missurum
1391 1530 1657 1594 testatur,
1689 1525 1949 1582 ostendit

290 1636 470 1676 suam
507 1624 635 1676 tum
667 1635 800 1676 cum
822 1619 988 1675 Patre
1007 1622 1134 1674 tum
1165 1633 1300 1673 curn
1329 1615 1628 1673 Paracleto
1657 1614 1953 1687 aequalita-

290 1715 438 1777 tem,
457 1709 622 1766 suist
640 1708 797 1764 illius
809 1723 946 1765 cum
965 1707 1132 1764 Patre
1153 1701 1423 1784 ὁμοφυίαν
1447 1722 1462 1774 ;
1487 1721 1686 1761 verum
1705 1721 1820 1760 non
1845 1704 1950 1760 hoc

287 1799 573 1856 duntaxat
602 1801 728 1870 ejus
756 1799 932 1856 verba
960 1798 1072 1855 sibi
1094 1797 1317 1854 volunt.
1351 1795 1535 1853 Multo
1565 1794 1857 1852 efﬁcacius
1881 1811 1946 1850 ea

287 1891 525 1963 probat,
585 1889 635 1946 si
667 1889 844 1946 simul
877 1889 1158 1958 ostendit,
1191 1905 1224 1944 a
1253 1903 1328 1954 se,
1391 1903 1564 1960 quem
1620 1886 1949 1943 noscebant

285 1980 695 2051 amabantque
723 1980 866 2035 adeo
922 1977 1214 2050 discipuli,
1273 1977 1554 2048 Spiritum
1613 1992 1718 2032 sua
1747 1976 1946 2032 omnia

287 2067 531 2136 habere,
574 2067 720 2124 etsi
777 2070 1016 2124 auctore
1075 2065 1276 2122 Photio
1307 2067 1380 2137 (c.
1438 2065 1531 2133 26,
1587 2063 1679 2134 27)
1739 2079 1943 2120 cavere

283 2157 438 2224 vult,
472 2173 546 2213 ne
575 2155 663 2212 illi
723 2157 1004 2228 majorem
1055 2172 1115 2212 se
1170 2155 1297 2226 ipso
1329 2158 1599 2226 putarent
1629 2153 1942 2224 Spiritum,

285 2245 477 2302 multo
509 2245 764 2302 validius
787 2246 845 2301 id
875 2245 1071 2311 efﬁcit,
1107 2244 1157 2300 si
1189 2261 1222 2301 a
1254 2260 1317 2300 se
1345 2243 1620 2300 eumdem
1653 2258 1782 2300 esse
1802 2258 1941 2298 con-

286 2337 516 2406 ﬁrmat,
549 2352 613 2392 se
639 2335 792 2392 velut
809 2336 938 2407 ejus
960 2335 1314 2408 principium
1333 2336 1732 2406 repraesentat,
1765 2347 1939 2403 quem

283 2425 566 2498 superius
597 2441 632 2481 a
657 2427 826 2481 Patre
861 2424 1172 2496 procedere
1203 2423 1444 2479 dixerat.
1478 2423 1622 2489 Imo,
1659 2429 1720 2477 ut
1751 2420 1941 2476 Photii

283 2514 487 2572 verbis
519 2519 778 2581 utamur,
811 2512 1062 2585 priorem
1105 2512 1526 2584 mystagogiam
1557 2527 1752 2567 revera
1783 2509 1942 2566 evol-

282 2604 370 2660 vit
402 2603 650 2661 uberius
678 2608 737 2659 et
783 2617 915 2659 cum
965 2602 1074 2658 hac
1101 2601 1506 2674 explanatione
1545 2598 1850 2670 conjungit
1877 2613 1944 2656 ac

283 2693 526 2766 copulat
543 2709 648 2765 per
671 2691 770 2747 illa
786 2693 960 2748 verba
994 2707 1008 2746 :
1031 2691 1230 2748 Omnia
1257 2704 1382 2764 quae
1403 2689 1564 2746 habet
1614 2691 1797 2757 Pater,
1819 2705 1943 2745 mea

280 2786 439 2839 sunt.
472 2781 760 2846 Quorsum
785 2797 919 2837 vero
942 2780 1043 2836 illa
1071 2779 1519 2847 ratiocinatio,si
1553 2777 1703 2834 nihil
1734 2795 1767 2833 a
1796 2776 1941 2834 Filio

284 2871 778 2944 accipitSpiritus
797 2869 826 2924 ‘I
846 2871 956 2927 Sed
980 2871 1078 2942 qui
1093 2869 1362 2941 singulas
1376 2867 1567 2925 Photii
1582 2867 1940 2924 assertiones

283 2960 571 3034 prosequi
590 2959 784 3029 vellet,
803 2959 1144 3032 ampliorem
1168 2959 1362 3015 adhuc
1377 2957 1788 3030 probationum
1811 2973 1939 3012 ma-

284 3050 498 3107 teriam
531 3050 709 3106 dubio
741 3049 940 3122 procul
995 3049 1274 3106 inveniet.
1313 3048 1432 3104 Nos
1477 3048 1548 3105 ad
1587 3047 1702 3104 alia
1730 3064 1935 3120 prope-
1973 3087 2014 3156 Ο

280 3156 518 3197 ramus.

352 3232 449 3286 11.
482 3228 610 3285 Non
641 3229 838 3285 minus
859 3228 1084 3300 prolixa
1105 3230 1195 3284 est
1223 3227 1546 3299 disputatio
1577 3228 1633 3300 (a
1662 3243 1789 3298 cap.
1821 3226 1938 3298 48),

280 3334 406 3389 qua
435 3317 590 3390 [180]
619 3316 789 3386 faliud
821 3317 1260 3389 Seripturarum
1278 3317 1680 3372 testimonium
1716 3315 1939 3372 Latinis

277 3407 514 3479 eripere
541 3412 784 3464 conatur
825 3406 1092 3476 Photius,
1133 3405 1399 3462 videlicet
1430 3405 1609 3462 Galat.
1642 3423 1718 3476 iv,
1748 3407 1804 3476 6,
1837 3404 1939 3461 ubi

277 3496 545 3570 Spiritus
587 3500 830 3554 sanctus
887 3503 1126 3553 vocatur
1180 3495 1420 3568 Spiritus
1478 3497 1629 3554 Filii.
1661 3495 1937 3560 Quamvis

278 3587 464 3645 verba
491 3601 593 3658 per
619 3601 678 3642 se
708 3601 823 3642 non
871 3587 1122 3657 probent
1151 3585 1403 3657 Spiritus
1433 3602 1467 3641 a
1507 3585 1654 3641 Filio
1703 3601 1936 3657 proces-

283 3677 552 3744 sionem,
583 3679 783 3731 tamen
813 3675 1094 3748 spectatis
1125 3677 1250 3730 tum
1289 3673 1419 3730 aliis
1451 3680 1574 3730 tum
1609 3673 1940 3730 traditionis

278 3765 628 3824 christiana:
657 3765 943 3836 prasidiis
977 3765 1110 3822 huic
1141 3765 1298 3822 dicto
1344 3764 1590 3836 aliisque
1646 3765 1940 3823 similibus

278 3857 404 3913 vim
438 3857 636 3911 inesse
664 3855 738 3910 ad
769 3870 894 3910 eam
925 3855 1352 3911 ostendendam
1381 3870 1617 3910 summo
1647 3870 1940 3912 consensu

279 3944 548 4016 theologi
580 3959 924 4016 persuasum
946 3943 1200 4001 habuere
1212 3959 1443 4015 semper
1466 3959 1531 3999 ac
1552 3944 1726 3999 variis
1752 3946 1941 4000 modis

282 4037 641 4108 argumenta
662 4033 869 4089 exinde
900 4033 1301 4088 eﬁ'ormarunt.
1337 4031 1538 4088 Photio
1579 4033 1803 4088 coaevus
1829 4032 1940 4089 Ra-

280 4133 564 4186 tramnus
585 4126 667 4182 ita
695 4126 768 4182 de
797 4126 905 4182 hoc
926 4128 1086 4182 textu
1107 4125 1341 4182 disserit
1369 4125 1433 4196 (1.
1456 4141 1496 4192 r,
1519 4141 1572 4183 c.
1603 4125 1655 4179 4.
1690 4141 1746 4196 p.
1777 4125 1899 4195 232)
1927 4142 1941 4181 :

283 4241 314 4270 α
344 4219 478 4274 Non
512 4216 594 4272 ait
623 4214 837 4272 Paulus
869 4231 884 4272 :
909 4214 1064 4271 Misit
1087 4215 1233 4271 Deus
1263 4213 1544 4285 Spiritum
1567 4229 1745 4270 suum.
1778 4215 1941 4281 Quod

282 4309 334 4366 si
365 4307 610 4376 diceret,
635 4319 752 4362 non
784 4304 1017 4377 penitus
1039 4303 1376 4361 excluderet
1404 4303 1639 4374 Filium,
1663 4304 1940 4374 quoniam

2051 561 2224 615 quam
2243 546 2496 618 Spiritus
2515 548 2702 604 Patris
2719 549 2746 603 ‘?
2769 551 2930 616 Quod
2951 551 3000 606 si
3021 550 3176 606 idem
3211 552 3558 623 eslSpirilus
3572 571 3704 610 am—

2055 633 2282 704 borum,
2312 637 2569 706 profecto
2593 639 2848 708 procedit
2871 640 2943 696 ab
2971 646 3215 711 utroque
3242 658 3255 708 ;
3292 657 3401 696 non
3435 642 3593 698 enim
3617 642 3703 699 sic

2053 723 2264 779 dicitur
2285 724 2533 795 Spiritus
2560 726 2710 795 Filii,
2735 733 3013 800 tanquam
3038 728 3113 783 sit
3146 728 3335 785 minor
3365 730 3513 786 Filio
3545 748 3559 799 ;
3593 717 3708 788 hoc

2054 813 2157 883 qui
2176 813 2358 869 sentit
2377 814 2464 870 vel
2487 815 2627 871 dicit
2650 833 2764 871 non
2786 823 2874 872 est
2896 817 3238 874 catholicus.
3260 818 3385 882 Qua
3405 820 3476 874 de
3502 835 3560 876 re
3581 835 3698 876 non

2053 906 2162 968 est,
2195 918 2373 972 quare
2395 903 2623 960 dicatur
2649 905 2901 977 Spiritus
2925 905 3074 973 Filii,
3102 905 3213 961 nisi
3236 907 3375 978 quia
3394 909 3706 980 procedita

2054 988 2220 1060 Filio,
2253 991 2403 1049 sicut
2431 994 2646 1052 dicitur
2693 995 2942 1066 Spiritus
2973 995 3177 1063 Patris,
3210 996 3348 1067 quia
3381 998 3645 1067 procedit
3671 1017 3706 1056 θ,

2055 1078 2241 1136 Patre.
2267 1105 2295 1132 ››
2325 1083 2499 1138 Addit
2530 1084 2742 1140 deinde
2784 1087 3133 1142 Batramnus
3168 1085 3314 1141 alios
3346 1089 3564 1155 textus,
3600 1088 3705 1144 ubi

2053 1169 2302 1241 Spiritus
2333 1172 2548 1228 dicitur
2576 1173 2826 1244 Spiritus
2882 1174 3048 1243 Jesu,
3080 1174 3331 1244 Spiritus
3360 1174 3603 1243 Christi,
3636 1193 3705 1240 ac

2055 1260 2425 1329 potissimum
2489 1266 2637 1320 Rom.
2685 1281 2815 1330 vm,
2860 1265 2918 1334 9,
2967 1265 3344 1332 concludens,
3412 1265 3700 1337 Spiritum

2055 1349 2264 1406 Christi
2315 1367 2438 1407 esse
2486 1353 2756 1408 eumdem
2808 1352 2908 1424 qui
2940 1357 2997 1409 et
3041 1352 3258 1408 dicitur
3307 1353 3564 1424 Spiritus
3598 1353 3699 1409 Dei

2054 1440 2127 1512 (c.
2166 1442 2219 1512 6,
2254 1459 2311 1514 p.
2340 1444 2468 1516 236)
2500 1447 2677 1514 atque
2728 1459 3075 1514 comparans
3107 1445 3254 1498 Rom.
3289 1459 3409 1512 vui,
3471 1445 3538 1499 15
3569 1459 3700 1500 cum

2053 1531 2234 1586 Galat.
2287 1547 2364 1600 1v,
2395 1533 2430 1585 6
2487 1536 2652 1588 notat
2684 1548 2697 1586 :
2735 1552 2760 1584 ι
2793 1531 3018 1601 Videte,
3062 1532 3214 1603 quod
3245 1532 3513 1588 eumdem
3545 1532 3704 1588 dicat

2059 1619 2343 1691 Spiritum
2368 1621 2696 1692 adoptionis
2728 1620 3006 1686 ﬁliorum,
3031 1637 3204 1691 quem
3230 1622 3542 1676 conﬁtetur
3571 1621 3702 1693 Spi-

2059 1709 2240 1765 ritum
2271 1709 2423 1776 Filii,
2448 1727 2562 1782 quo
2578 1727 2682 1767 nos
2701 1711 2904 1767 doceat
2923 1709 3256 1783 Apostolus,
3279 1710 3550 1766 eumdem
3573 1726 3701 1766 esse

2054 1798 2336 1868 Spiritum
2368 1799 2576 1870 Patris,
2613 1816 2790 1872 quem
2822 1800 2961 1856 dicit
3013 1799 3297 1872 Spiritum
3345 1798 3700 1874 adaptionis,

2053 1890 2112 1942 et
2131 1889 2404 1944 eumdem
2427 1904 2552 1945 esse
2577 1888 2861 1962 Spiritum
2888 1888 3035 1951 Filii,
3061 1904 3232 1959 quem
3268 1889 3430 1944 misit
3457 1894 3610 1944 Deus
3636 1887 3698 1944 in

2052 1978 2230 2034 corda
2259 1982 2458 2034 nostra
2488 1995 2502 2046 ;
2534 1985 2592 2034 et
2636 1979 2700 2034 in
2728 1980 2956 2047 eodem,
2988 1979 3089 2050 qui
3130 1982 3248 2034 tam
3294 1979 3485 2035 Patris
3517 1995 3699 2051 quam

2050 2068 2176 2125 Filii
2210 2072 2572 2124 monstratur
2591 2068 2863 2139 Spiritus,
2899 2068 3224 2125 clamamus
3257 2084 3272 2124 :
3305 2069 3474 2134 Abba,
3507 2070 3695 2125 Pater.

2049 2158 2209 2224 Quod
2251 2173 2617 2229 nequaquam
2650 2158 2839 2214 facere
2871 2173 3192 2230 possemus,
3259 2157 3307 2213 si
3340 2174 3458 2212 non
3487 2173 3694 2228 quem-

2049 2247 2366 2304 admodum
2422 2246 2683 2318 procedit
2728 2263 2761 2302 a
2817 2248 2985 2302 Patre
3015 2246 3259 2315 Spiritus
3306 2250 3567 2314 sanctus,
3611 2245 3695 2303 sic

2047 2337 2222 2394 etiam
2248 2336 2523 2406 procedat
2551 2339 2608 2391 et
2638 2351 2672 2390 a
2703 2334 2866 2391 Filio.
2897 2356 2925 2385 »
2955 2334 3101 2390 Hinc
3132 2351 3370 2390 rursum
3401 2333 3689 2391 exclamat

2047 2427 2122 2498 (c.
2153 2428 2210 2496 7,
2243 2443 2302 2498 p.
2331 2425 2458 2497 238)
2495 2440 2508 2479 :
2545 2445 2574 2476 ‹‹
2604 2423 2665 2480 Si
2723 2423 2972 2495 Spiritus
3005 2439 3120 2478 non
3170 2423 3320 2494 [181]
3361 2423 3623 2494 procedit
3658 2440 3692 2478 a

2047 2517 2301 2587 Christo,
2331 2514 2624 2587 quomodo
2677 2512 2927 2584 Spiritus
2977 2512 3194 2570 dicitur
3249 2527 3378 2568 esse
3427 2512 3696 2568 Christi?

2048 2605 2316 2664 Procedit
2343 2605 2526 2677 igitur
2553 2621 2586 2660 a
2615 2602 2865 2672 Christo,
2899 2602 3040 2674 quia
3083 2618 3196 2658 non
3229 2617 3298 2657 ex
3339 2601 3695 2672 subjectione,

2048 2712 2155 2752 nec
2166 2711 2239 2750 ea:
2255 2693 2591 2767 particulari
2607 2693 2844 2749 sectione
2863 2691 3079 2748 dicitur
3095 2692 3224 2762 ejus
3235 2707 3382 2757 esse,
3408 2691 3508 2746 sed
3538 2692 3691 2762 quod

2045 2786 2172 2856 ejus
2202 2786 2273 2841 de
2304 2781 3116 2840 substantiasubstantialiter
3145 2779 3424 2852 procedit.
3444 2802 3472 2830 ››
3486 2781 3687 2852 Neque

2049 2873 2216 2930 aliter
2246 2872 2530 2946 Georgius
2583 2871 3008 2941 Trapezuntius
3065 2871 3135 2925 ad
3169 2870 3430 2926 Cretens.
3476 2870 3553 2924 De
3583 2885 3696 2923 una

2048 2963 2103 3020 S.
2147 2964 2292 3019 Eccl.
2324 2980 2374 3019 c.
2433 2963 2487 3030 3,
2520 2963 2554 3016 4
2585 2961 2666 3034 (G.
2701 2960 2762 3018 0.
2797 2963 2840 3022 Ι.
2871 2960 2972 3014 541
3008 2959 3159 3029 seq.)
3189 2975 3203 3014 :
3238 2980 3267 3010 (ε
3301 2959 3382 3014 Ex
3437 2962 3606 3013 Patre
3636 2961 3693 3013 et

2050 3052 2192 3108 Filio
2226 3051 2398 3108 habet
2422 3049 2697 3122 Spiritus,
2731 3049 2888 3121 quod
2923 3048 3018 3114 sit,
3050 3047 3374 3103 secundum
3423 3046 3689 3102 divinum

2045 3141 2440 3210 Evangelium.
2473 3140 2588 3196 Nec
2622 3155 2738 3195 non
2771 3142 2828 3193 et
2867 3136 3086 3193 Paulus
3141 3135 3281 3192 dicit
3313 3151 3326 3190 :
3360 3134 3507 3190 Misit
3553 3136 3690 3190 Deus

2046 3231 2314 3303 Spiritum
2343 3229 2479 3284 Filii
2524 3229 2632 3284 sui.
2669 3230 2871 3299 Itaque
2901 3225 2952 3280 si
2982 3225 3168 3280 Patri:
3206 3232 3260 3279 et
3288 3224 3421 3279 Filii
3448 3223 3689 3294 Spiritus

2047 3325 2144 3387 est,
2177 3319 2332 3388 quod
2355 3333 2508 3390 saepe
2530 3317 2746 3388 saepius
2769 3315 3001 3388 legitur,
3029 3313 3408 3369 manifestum
3439 3316 3530 3368 est
3555 3327 3689 3368 eum

2047 3414 2118 3469 ab
2151 3417 2400 3482 utroque
2429 3407 2642 3480 spirari
2667 3405 2757 3462 vel
2781 3404 3110 3478 procedere.
3145 3423 3174 3454 ι)
3205 3403 3305 3458 His
3336 3401 3693 3458 concordant

2049 3501 2218 3558 multi
2247 3498 2345 3556 alii
2393 3495 2672 3568 Theologi
2704 3494 2800 3566 (cf.
2831 3493 3033 3550 Walch
3089 3508 3182 3563 op.
3233 3491 3329 3546 cit.
3369 3506 3421 3548 c.
3455 3491 3542 3555 10,
3575 3489 3606 3562 §
3635 3489 3692 3556 3,

2048 3609 2106 3665 p.
2141 3591 2262 3658 168,
2298 3589 2446 3660 169),
2478 3587 2580 3659 qui
2611 3585 2695 3641 ita
2741 3583 3078 3640 ratiocinari
3109 3579 3299 3638 solent
3329 3598 3343 3637 :
3379 3580 3486 3646 Qui
3517 3581 3574 3634 in
3607 3579 3692 3634 di-

2046 3681 2195 3738 vinis
2225 3678 2438 3734 dicitur
2467 3691 2596 3732 esse
2649 3674 2911 3741 alterius,
2971 3673 3042 3728 ab
3075 3671 3173 3726 illo
3221 3669 3476 3741 procedit
3508 3686 3522 3737 ;
3556 3667 3693 3738 quia

2049 3785 2182 3826 cum
2216 3784 2334 3823 una
2365 3781 2613 3838 persona
2662 3763 2740 3819 sit
2777 3761 2943 3818 alteri
2997 3759 3258 3831 aequalis,
3309 3775 3425 3814 non
3481 3757 3694 3814 dicitur

2051 3859 2292 3914 alterius
2315 3871 2444 3911 esse
2465 3853 2689 3909 ratione
2713 3849 3094 3920 subjectionis
3118 3852 3220 3904 aut
3241 3847 3563 3914 servitutis,
3594 3845 3692 3901 sed

2052 3949 2276 4006 ratione
2309 3945 2552 4017 originis
2587 3961 2600 4011 ;
2637 3941 2884 4014 proinde
2913 3940 2963 3995 si
2994 3938 3246 4010 Spiritus
3278 3941 3518 3993 sanctus
3549 3935 3693 3991 dici-

2051 4042 2150 4094 tur
2177 4035 2428 4108 Spiritus
2451 4031 2601 4102 Filii,
2627 4033 2747 4101 jam
2779 4047 2813 4086 a
2843 4027 2987 4085 Filio
3018 4027 3282 4098 procedit
3310 4026 3403 4094 (cf.
3437 4025 3688 4079 Demetr.

2050 4126 2265 4199 Cydon.
2320 4126 2391 4180 De
2466 4135 2625 4194 proc.
2693 4117 2889 4191 Spirit.
2945 4121 3200 4172 sancte.
3239 4115 3351 4185 10).
3410 4113 3692 4168 Praeclare

2053 4213 2281 4274 Manuel
2320 4212 2554 4270 Calecas
2581 4213 2784 4266 contra
2813 4208 3038 4264 Grmcos
3056 4206 3137 4262 ita
3166 4204 3428 4275 disputat
3453 4217 3468 4256 :
3493 4225 3513 4251 ι
3549 4203 3693 4257 Cum

2052 4321 2233 4362 unum
2265 4301 2506 4360 alterius
2535 4299 2649 4356 dici
2680 4300 2766 4355 vel
2799 4298 2980 4370 hujus
3037 4295 3324 4368 praprium
3365 4291 3425 4346 in
3457 4289 3692 4358 divinis,

281 4398 446 4454 Deus
476 4399 569 4452 est
625 4393 800 4450 etiam
860 4393 1066 4464 Filius,
1115 4392 1610 4465 quemadmodum
1656 4393 1824 4448 Pater
1852 4397 1942 4450 est
1975 4414 2019 4480 D
2051 4395 2263 4466 rejecta
2284 4391 2526 4449 materia
2557 4398 2611 4447 et
2640 4389 2713 4446 iis
2745 4405 2872 4460 quas
2894 4385 3196 4443 materiam
3233 4384 3698 4480 consequuntur,

288 4486 471 4554 Deus,
503 4487 566 4540 et
596 4487 839 4554 uterque
866 4499 980 4538 non
1011 4483 1126 4539 duo
1157 4482 1280 4549 Dei,
1313 4481 1414 4537 sed
1449 4497 1601 4538 unus
1632 4485 1718 4537 est
1740 4483 1893 4538 Deus
1927 4498 1942 4552 ;

289 4575 452 4648 quod
505 4572 664 4629 enim
698 4589 942 4644 persona
971 4577 1223 4644 separat,
1255 4571 1589 4629 substantia
1617 4574 1943 4646 conjungit.

286 4663 510 4721 Volens
543 4665 739 4718 autem
770 4661 996 4718 auferre
1026 4677 1262 4718 omnem
1295 4662 1703 4733 quastionem,
1748 4679 1948 4732 perso-

289 4769 433 4811 nam
465 4751 596 4809 Filii
630 4749 960 4824 specialiter
997 4751 1143 4807 dixit
1181 4750 1413 4808 misisse
1443 4757 1629 4808 Deum
1660 4751 1945 4823 Spiritum

515 4921 617 4996 Kal
649 4918 960 4996 o'tovsi_vo?3c:
990 4919 1130 4976 ἐστιν
1164 4918 1337 4996 habet
1361 4917 1594 4996 λαλήσει
1628 4918 1683 4977 δὲ
1725 4921 1949 4996 statua);

291 4991 390 5081 ea;
415 4991 475 5048 ἐνί
533 4991 1044 5083 tuebimi‘robro
1076 4991 1264 5083 ﬁngi»;
1318 4992 1346 5045 ὁ
1379 4995 1628 5083 εΣιὲιξπτήρ,
1684 4992 1802 5083 οὐχ
1862 4991 1948 5081 ’ίγα

289 5063 902 5140 νοῶμεν-“ὗτξο,υργικᾷν
957 5064 1021 5120 τὸ
1075 5063 1402 5140 Πνεῦμα-γὸ
1461 5063 1613 5140 tiri-(tow;
1674 5063 1811 5140 ηασὲᾷ
1845 5066 1944 5134 τήν

292 5133 460 5212 τεγῶν
513 5133 776 5212 ductitent,
817 5133 1246 5212 fcl'qpocpopjo'ait
1307 5133 1373 5212 εξ
1412 5133 1626 5212 μᾶλλον
1685 5133 1948 5212 ἐθελήσας

292 5208 422 5270 τοὺς
481 5204 770 5282 padusae,
800 5207 876 5270 ὡς
919 5204 1051 5282 -ὸῦχ
1087 5204 1280 5282 ’ἕτερρν
1332 5204 1423 5282 Αόν-
1475 5209 1604 5282 παρ’
1657 5204 1841 5282 αὖτὸῆ
1885 5209 1946 5263 τὸ

297 5278 521 5350 Πνεῦμα
556 5279 745 5352 rubro?)
797 5279 935 5352 uati
1092 5278 1197 5335 τὸν’
1232 5279 1283 5333 ἐν
1324 5278 1716 5352 ὁ-μοουσιὸτητι
1748 5278 1944 5348 Λόγον,

295 5349 465 5424 ταῦτὰ
506 5351 576 5418 τὴ
621 5350 838 5424 πάντως
889 5349 1118 5422 λαλήσει
1186 5351 1272 5405 καὶ
1343 5349 1617 5422 ἐνεργήσει
1674 5352 1761 5424 καὶ
1823 5352 1950 5424 βου-

299 5421 565 5496 λήσεταμ
608 5422 718 5480 Διὰ
773 5422 878 5496 γὰρ
940 5443 1023 5496 τρι
1079 5425 1240 5478 τοῦτο
1298 5421 1687 5496 etpost-£07,249},
1741 5421 1943 5496 ίότείκαὶ

298 5491 368 5549 τᾶ
429 5495 711 5572 ἓρχόμενρι
767 5491 1070 5572 ἆγᾴγγελεζ
1133 5496 1281 5572 ὑμῖν·
1342 5491 1662 5572 'povovouxi
1745 5491 1946 5572 λέγων,

304 5561 536 5636 nmio;
579 5561 760 5620 ’τοῦτο
819 5561 991 5637 ἕσῖεὰι,
1041 5565 1124 5622 ὅτι
1170 5561 1243 5637 ⁷δὴ
1303 5561 1521 5637 πάντως
1579 5561 1645 5637 ἐξ
1683 5571 1782 5634 τῆς
1807 5561 1945 5637 ἕμῆς

305 5635 487 5712 edcta:
543 5637 609 5691 τὸ
647 5636 880 5712 ⁸[Ιγεῦμᾳὶ
923 5637 1062 5712 ἐστι,
1117 5635 1385 5712 καὶ-οἷον
1440 5636 1579 5712 ἐμός
1631 5635 1742 5712 seu
1800 5635 1946 5708 νὸῦς,

303 5710 368 5765 τὸ
407 5709 544 5784 ἐρεῖν
604 5706 761 5765 αὐτὸν
804 5706 877 5765 ’τὰ
920 5706 1147 5786 ludusve:
1193 5709 1432 5785 καθάπερ
1471 5706 1614 5785 ἓγώ.
1673 5706 1942 5782 Ξϐψιιωέ

2057 4499 2246 4556 neque
2303 4487 2584 4554 tanquam
2640 4478 2996 4543 membrum,
3056 4490 3242 4546 neque
3273 4477 3338 4528 ut
3376 4469 3699 4543 possessio,

2055 4588 2244 4646 neque
2264 4571 2489 4627 ratione
2510 4569 2762 4641 alicujus
2784 4564 3134 4624 excellentia:
3149 4562 3237 4618 vel
3256 4561 3494 4616 alterius
3512 4560 3701 4628 cujus-

2056 4665 2202 4737 piam
2255 4660 2561 4718 afﬁnitatis
2643 4659 2759 4716 dici
2814 4660 3004 4730 queat,
3073 4655 3174 4710 sed
3225 4651 3451 4708 ratione
3504 4648 3699 4705 solum

2054 4751 2325 4826 principii
2357 4755 2414 4807 et
2441 4751 2571 4822 ejus
2600 4748 2756 4820 quod
2787 4754 2873 4802 est
2903 4763 2938 4801 a
2975 4743 3282 4817 principio,
3342 4739 3403 4796 in
3434 4755 3550 4812 quo
3582 4752 3698 4793 uno

2054 4923 2154 4975 tur
2182 4919 2353 4973 verba
2385 4915 2574 4988 posita
2604 4915 2880 4988 nota,‘83.

2271 4975 2426 5044 Bece.
2469 4989 2646 5061 epigr.
2679 4975 2806 5061 52⁷1Σ
2842 5001 2912 5061 c._
2935 4999 3005 5061 p._
3053 4981 3158 5061 574i
3188 4995 3221 5061 τ’
3262 4975 3700 5061 Ἀκᾱξζιιγόρητον

2059 5043 2149 5116 οὗκ)
2181 5043 2282 5131 ἔβα
2323 5043 2620 5131 insigniri;
2652 5043 2742 5112 καῖ
2791 5043 3071 5131 λοιδδρίας
3120 5048 3330 5131 ἁπᾴσης
3388 5043 3492 5118 ἔξώ
3527 5043 3701 5131 italos.-

2054 5153 2141 5186 ται
2199 5119 2260 5186 «Ea
2321 5124 2509 5202 λαϐεῖν
2561 5119 2811 5202 λέγεσθαί
2851 5147 2903 5202 τς.
2933 5119 3080 5202 nupti}
3127 5125 3224 5202 1:96
3255 5123 3590 5202 lflovo-{evoiic
3633 5119 3696 5202 ge

2057 5153 2141 5186 ται
2199 5145 2260 5186 τὸ
2323 5145 2509 5186 Ααῠειν
2561 5145 2811 5202 Λεγεσυαι
2851 5147 2903 5180 τι
2933 5147 3008 5181 πα
3047 5146 3080 5178 α
3127 5145 3224 5177 του
3255 5145 3590 5194 move-favour;
3633 5145 3696 5175 το

2057 5201 2517 5276 Πνεῦμαλαῦτώ
2595 5201 2785 5276 προϊὸν
2840 5199 2962 5276 γὰρῌ
3005 5145 3077 5276 ἔς
3125 5193 3286 5276 αὐτῷ
3330 5195 3573 5276 ρυσυξῶς
3597 5191 3700 5276 ,ᾡς

2058 5257 2108 5298 ῖιῖ
2148 5257 2155 5258 7
2204 5257 2214 5276 ⁸
2296 5272 2308 5292 ν
2385 5278 2412 5288 ~
2571 5273 2586 5290 ς
2639 5257 2648 5274 ³
2717 5271 2728 5288 ι
2854 5257 2864 5270 ⁸
2917 5257 2962 5290 ’γ
3052 5265 3077 5287 ›ι
3348 5257 3356 5270 ⁸
3648 5261 3661 5280 ι

2061 5291 2198 5330 ιοιον
2251 5295 2416 5328 aro-ron
2459 5293 2594 5346 μετᾳ
2659 5290 2872 5346 παιθξῳν
2923 5289 2996 5322 ων
3052 5287 3169 5346 εχει
3188 5263 3441 5346 Ξελείως,
3475 5257 3694 5346 λαμ-ξε-

2053 5347 2407 5422 γεινλέγεταᾼι
2437 5336 2505 5422 ἑᾷ
2532 5344 2716 5422 αὐῖοῦ.
2750 5343 2834 5399 Cf.
2860 5359 3025 5422 sequ:
3058 5336 3150 5412 a'p.
3188 5340 3435 5422 Beccum
3481 5353 3538 5408 p.

2057 5405 2457 5492 Cyrilli'verba
2494 5420 2554 5473 in
2590 5417 2767 5492 _Joan.
2816 5432 2911 5492 κδ,
2934 5405 3049 5492 ξ2ξ,
3084 5405 3203 5492 una
3245 5425 3375 5492 cum
3397 5405 3700 5492 APvaS£88ii

2056 5473 2306 5546 teit'tuiin
2334 5473 2442 5545 lib.
2475 5489 2744 5562 Hegiath
2777 5473 3072 5562 notitiai;
3128 5488 3227 5562 τῇς
3274 5473 3696 5562 ᾆληθείαεβογτ

2060 5563 2243 5634 μάτων
2301 5549 2566 5618 ειὰάιιοίι’
2594 5549 3089 5634 Gregorius'Cpl.
3135 5552 3306 5634 _A_po_l.
3337 5569 3431 5634 “cf:
3519 5549 3697 5604 Marci

2057 5622 2275 5707 Ephes.
2311 5634 2572 5690 Confess:
2615 5634 2672 5687 in
2709 5622 2844 5688 an.
2877 5622 3100 5686 Monac.
3131 5622 3222 5696 27,
3257 5625 3296 5679 f.
3330 5622 3452 5678 119.
