4058 6216
352 345 472 408 439

1559 341 1825 405 PHOTII
1868 341 2314 403 PATRIARCH
2325 346 2394 402 1E
2435 346 2552 406 CP.

3638 353 3753 414 440

352 478 596 535 alterum
646 478 720 536 ab
751 477 932 535 altero
962 477 1210 535 discerni
1251 475 1822 549 comprehendimus,
1859 490 1991 546 per-
2021 477 2075 543 Α
2104 490 2300 532 vocem
2333 477 2600 534 immittis
2629 479 2657 534 ?
2684 478 2768 544 (Ο.
2799 481 2912 552 50).
2949 481 3098 537 Dixit
3129 499 3143 538 :
3176 483 3449 556 Spiritum
3477 485 3616 542 Filii
3643 489 3753 544 sui.

352 567 623 640 spicuum
656 573 766 636 est,
799 585 937 626 cum
965 568 1214 624 dicimus
1244 567 1526 638 Spiritum
1560 569 1826 621 sanctum
1851 579 1993 635 pro-

352 657 542 728 prium
565 673 627 714 es
639 673 699 714 se
720 657 870 721 Filii,
889 657 946 712 id
971 655 1202 712 solailla
1215 654 1486 727 principii
1513 654 1734 709 ratione
1751 651 1996 722 intelligi

354 761 525 817 posse
556 747 691 818 (83).
728 767 749 797 ι
803 747 949 818 [182]
980 745 1222 817 Egregie
1261 759 1491 814 quoque
1530 743 1762 798 disserit
1802 743 2000 798 Bessa-

356 837 486 894 rion
517 837 691 908 (Orat.
725 837 902 907 dogm.
937 850 986 889 c.
1019 836 1054 888 6
1084 854 1099 903 ;
1135 833 1310 890 Hard.
1343 834 1440 904 IX,
1472 833 1600 904 340)
1634 848 1647 887 :
1684 855 1712 882 »
1743 831 1998 902 Spiritus

359 945 591 1002 quoque
621 929 919 984 relativum
946 943 1142 983 nomen
1172 931 1259 983 est
1289 931 1346 983 et
1378 927 1447 982 ad
1472 925 1789 998 epirantem
1823 924 1997 980 refer-

359 1022 456 1075 tur
477 1035 493 1086 ;
512 1025 566 1074 et.
588 1019 754 1087 cujus
777 1016 988 1072 dicitur
1009 1015 1284 1088 Spiritus,
1307 1015 1498 1072 abillo
1521 1016 1695 1071 etiam
1719 1015 1996 1086 spiratur.

359 1107 521 1173 Quod
553 1106 708 1161 enim
761 1105 1089 1177 personalia
1142 1104 1381 1160 nomina
1423 1103 1727 1160 Trinitatis
1771 1103 2003 1158 relativo

358 1196 498 1260 sint,
530 1193 730 1250 nullus
775 1195 1022 1268 ignorat.
1085 1195 1378 1250 Personale
1401 1211 1534 1251 vero
1583 1210 1793 1249 nomen
1825 1192 2001 1263 Spiri-

359 1292 450 1342 tus
480 1300 628 1352 esse,
663 1285 816 1356 quod
849 1286 1098 1356 Spiritus
1130 1289 1366 1340 sanctus
1393 1285 1637 1345 dicatur.
1670 1299 1840 1339 nemo
1872 1281 2002 1336 inti-

369 1375 558 1430 cistur
586 1375 1078 1446 quemadmodum
1113 1373 1299 1428 Patris
1329 1375 1494 1429 Pater
1524 1377 1580 1428 et
1633 1373 1758 1428 Filii
1807 1372 2000 1439 Filius,

366 1473 421 1521 et
451 1464 781 1519 necessario
840 1462 1166 1528 relativum,
1227 1464 1721 1532 quemadmodum
1773 1467 1829 1518 et
1858 1461 2002 1528 illa;

373 1553 665 1624 siquidem
706 1553 960 1629 essentia
991 1568 1106 1607 non
1138 1559 1294 1612 sunt,
1329 1567 1434 1607 nec
1465 1552 1622 1608 aliud
1656 1557 1743 1607 est
1770 1551 1829 1606 in
1862 1552 2009 1606 divi-

361 1644 453 1698 nis
485 1649 690 1713 praeter
719 1642 1036 1697 essentiam
1059 1646 1115 1696 et
1139 1641 1470 1697 relationes.
1503 1641 2005 1704 Quemadmodum

359 1730 558 1802 igitur,
593 1728 770 1783 Filius
805 1745 934 1784 cum
968 1730 1044 1784 sit
1074 1745 1285 1784 nomen
1319 1731 1645 1796 relativum,
1706 1735 1763 1786 et
1794 1730 2005 1784 refera-

2107 563 2281 620 Recte
2311 568 2550 623 omnino
2583 585 2648 624 ac
2683 586 2780 639 pro
2806 571 3094 642 sapientia
3125 573 3238 644 ipsi
3267 574 3547 632 divinitus
3596 577 3750 633 data.

2105 653 2188 708 Tu
2231 671 2360 711 vero
2395 657 2534 728 quid
2573 673 2772 716 vocem
2828 661 3148 729 adulteras,
3209 668 3268 718 et
3327 681 3457 736 qua:
3515 667 3750 737 quidem

2109 741 2270 810 dixit,
2305 760 2419 800 non
2451 746 2616 815 dicis,
2649 763 2773 818 quae
2808 757 3000 804 autem
3055 766 3127 806 ne
3184 752 3460 824 cogitavit
3490 755 3751 823 quidem,

2108 832 2274 901 quasi
2323 832 2393 888 ab
2445 833 2542 890 illo
2591 836 2746 893 dicta
2807 837 3118 908 praedicare
3174 857 3291 896 non
3350 842 3754 898 erubescis?»

2109 920 2188 991 (C.
2221 921 2338 991 51.)
2369 923 2477 978 Sed
2513 923 2654 994 haec,
2690 925 2773 980 uti
2823 934 3025 982 caetera
3053 929 3366 998 ejusmodi,
3417 947 3566 986 vana
3615 938 3754 988 sunt

2110 1007 2496 1079 declamatio;
2532 1010 2671 1066 illud
2707 1029 2888 1068 unum
2939 1015 3238 1086 quaeritur,
3295 1034 3552 1088 quonam
3585 1024 3753 1090 pacto

2110 1110 2179 1150 ex
2208 1095 2370 1152 Pauli
2400 1099 2588 1155 verbis
2619 1100 2804 1155 Latini
2845 1118 3010 1157 suam
3043 1104 3367 1161 doctrinam
3401 1108 3702 1164 stabiliant
3738 1126 3752 1176 ;

2112 1186 2289 1254 atque
2319 1184 2558 1256 planum
2591 1193 2675 1243 est
2706 1205 2819 1244 non
2862 1190 3065 1246 deesse
3096 1192 3166 1247 iis
3223 1200 3563 1263 argumenta
3617 1197 3752 1267 qui—

2114 1273 2224 1328 bus
2257 1292 2422 1330 suam
2481 1277 2917 1334 conclusionem
2976 1282 3350 1340 confirment.
3390 1284 3507 1340 Hoc
3559 1287 3752 1356 potius

2113 1362 2552 1434 videndumest,
2577 1367 2716 1438 quid
2743 1368 2944 1424 Photio
2964 1375 3201 1427 auctore
3237 1371 3400 1428 Pauli
3434 1374 3664 1445 phrasis
3692 1375 3755 1428 τὸ

2115 1455 2333 1524 Πνεῦμα
2363 1456 2460 1507 τοῦ
2493 1455 2618 1508 Υἱοῦ
2659 1457 2770 1510 sibi
2801 1457 2959 1513 velit.
3024 1459 3070 1513 ls
3129 1459 3327 1532 itaque
3387 1462 3757 1533 potissimum

2116 1545 2186 1598 ad
2211 1545 2426 1598 nudam
2447 1547 3079 1603 consubstantialitatem
3109 1550 3283 1605 verba
3305 1550 3407 1606 illa
3422 1553 3757 1622 detorquet;

2116 1630 2174 1684 id
2204 1630 2320 1684 illis
2347 1632 2666 1688 indicatum
2725 1641 2942 1704 censet,
2985 1638 3141 1708 quod
3201 1638 3452 1709 Spiritus
3510 1657 3625 1695 non
3680 1642 3757 1696 sit

2115 1718 2341 1774 alienus
2357 1737 2388 1775 a
2402 1722 2541 1777 Filio
2561 1723 2632 1794 (c.
2651 1725 2740 1794 49)
2758 1726 2911 1796 quod
2927 1726 3190 1796 ejusdem
3209 1737 3344 1782 natu
3356 1744 3425 1782 rae
3442 1744 3570 1783 cum
3593 1729 3755 1799 Filio,

361 1824 456 1874 ιω·
487 1818 558 1872 ad
609 1817 858 1883 Patrem,
908 1834 1178 1874 veremur
1221 1819 1430 1874 Fi|ium
1489 1819 1738 1890 spiritus
1796 1818 2003 1888 dicere,
2039 1807 2083 1872 B
2113 1809 3434 1886 ejusdemessentim,ejusdemgloriae,ejusdem
3453 1816 3759 1873 honoriset

367 1922 438 1962 ne
468 1905 715 1977 Spiritus
765 1909 925 1977 pater
954 1907 1081 1976 ejus
1113 1911 1438 1976 putaretur,
1494 1908 1580 1962 ita
1625 1912 1683 1962 et
1731 1907 2007 1978 Spiritus,

367 2008 501 2048 cum
533 1991 610 2046 sit
641 2009 852 2048 nomen
885 1993 1188 2049 relativum
1221 2000 1280 2050 et
1322 1995 1650 2051 necessario
1680 1995 1752 2049 ad
1783 1993 2007 2064 spiran-

366 2086 486 2138 tem
518 2081 824 2149 referatur,
858 2084 928 2138 ab
952 2097 1018 2138 eo
1049 2084 1224 2140 etiam
1258 2084 1528 2156 spiratur,
1575 2083 1747 2155 cujus
1797 2082 2012 2138 dicitur

366 2170 619 2243 Spiritus
648 2187 778 2228 esse
807 2172 942 2243 (84).
982 2191 1007 2223 ›
1043 2171 1301 2244 Denique
1333 2173 1532 2229 Patres
1558 2189 1671 2227 non
1704 2171 1892 2227 solum
1924 2170 2005 2226 la-

365 2260 474 2318 tini
507 2259 608 2337 (cf.
644 2279 694 2316 v.
718 2277 802 2332 gr.
838 2268 987 2332 Aug.
1023 2266 1100 2318 De
1129 2263 1274 2316 Trin.
1325 2279 1402 2332 IV,
1457 2263 1574 2333 20),
1607 2277 1804 2317 verum
1837 2259 2006 2316 etiam

365 2353 550 2412 Grmci
580 2348 719 2406 ἴδιον
748 2352 969 2420 Πνεῦμα
998 2354 1094 2403 τοῦ
1129 2348 1254 2403 Υῗοῦ
1285 2366 1353 2405 ea
1411 2352 1631 2406 ratione
1674 2350 1900 2418 dicunt,
1943 2355 2008 2405 ut

360 2442 498 2500 inde
515 2440 767 2514 Spiritus
788 2456 819 2494 a
838 2437 978 2493 Filio
1002 2440 1161 2511 origo
1190 2438 1361 2510 plane
1385 2440 1814 2506 manifestatur,
1847 2439 2003 2510 quod

363 2550 479 2604 pm
520 2529 744 2588 caeteris
775 2526 1038 2583 Petavius
1066 2527 1166 2597 (De
1226 2529 1377 2584 Trin.
1436 2544 1534 2598 νη,
1579 2544 1626 2582 c.
1662 2529 1715 2596 4,
1745 2528 1825 2596 §8
1856 2531 2006 2600 seq.)

366 2619 642 2677 ostendit.

439 2708 525 2762 12.
564 2705 674 2762 Sed
707 2719 941 2760 omnem
973 2707 1164 2759 movet
1194 2704 1431 2760 Photius
1463 2704 1735 2775 lapidem,
1776 2710 1842 2760 ut
1883 2705 2006 2760 ina-

367 2811 501 2852 nem
525 2799 698 2867 atque
720 2793 1037 2848 absurdam
1063 2791 1235 2847 talem
1260 2792 1484 2848 Paulini
1503 2792 1657 2849 ell‘ati
1683 2793 2010 2865 intelligen-

369 2884 512 2940 tiam
537 2881 827 2938 ostendst.
850 2881 911 2935 ln
936 2880 1142 2952 primis
1158 2883 1361 2938 eodem
1377 2880 1647 2952 artificio,
1669 2883 1822 2954 quod
1856 2898 1906 2939 c.
1937 2883 2007 2937 2O

373 2989 498 3044 seq.
533 2972 684 3027 circa
710 2970 882 3026 verba
927 2970 1140 3025 Christi
1169 2972 1328 3037 Joan,
1360 2988 1474 3038 xw,
1509 2972 1594 3038 13,
1642 2971 2009 3040 adhibuerat,

374 3060 812 3119 conclusionem
835 3076 865 3114 e
897 3058 1073 3116 Galat.
1106 3075 1182 3125 ιν,
1211 3061 1246 3114 6
1304 3060 1614 3117 deductam
1673 3061 2012 3118 contrariam

2117 1899 2791 1958 dominationisexsistat
2813 1903 2885 1974 (c.
2906 1904 3020 1972 51).
3053 1903 3202 1966 «Qui
3229 1905 3407 1976 igitur
3423 1905 3754 1977 dicitSpiri-

2116 1992 2231 2044 tum
2255 1988 2400 2055 Filii,
2428 1993 2645 2045 naturas
2666 1991 2897 2062 quidem
2921 1992 3042 2047 sine
3066 1992 3186 2048 ulla
3214 1994 3543 2051 differentia
3563 1997 3766 2050 edocet

2118 2077 2421 2146 unitatem,
2456 2078 2801 2150 principium
2834 2096 2963 2136 vero
2995 2083 3380 2152 processionis
3413 2083 3576 2138 nullo
3593 2084 3761 2138 modo

2117 2165 2294 2222 simul
2336 2166 2554 2222 indicat
2585 2186 2600 2237 ;
2634 2169 2916 2225 unitatem
2949 2172 3274 2226 secundum
3305 2172 3618 2227 essentiam
3652 2188 3760 2227 no-

2116 2255 2215 2322 vit,
2247 2269 2380 2310 eum
2433 2256 2531 2326 qui
2564 2257 2801 2328 aequalis
2843 2265 3060 2314 naturas
3122 2260 3448 2332 bypostasin
3483 2261 3752 2332 producit

2117 2342 2278 2398 nulla
2310 2361 2550 2415 prorsus
2575 2347 2797 2402 ratione
2818 2347 2994 2403 simul
3019 2349 3293 2418 pra-dicat
3321 2366 3506 2421 neque
3541 2351 3758 2420 princi-

2115 2431 2276 2503 pium
2307 2433 2614 2489 insinuat»
2673 2435 2872 2506 (lbid.)
2909 2437 3120 2492 Deinde
3175 2438 3340 2494 docet
3388 2438 3460 2509 (c.
3493 2439 3588 2501 53)
3618 2455 3755 2494 con-

2116 2521 2564 2578 substantialem
2595 2523 2741 2596 [184]
2775 2541 2903 2580 esse
2951 2526 3235 2597 Spiritum
3285 2527 3456 2593 Patri,
3517 2529 3657 2600 quia
3687 2545 3756 2584 ex

2114 2611 2241 2683 ipso
2259 2612 2517 2682 procedit
2539 2631 2553 2681 ;
2575 2614 3136 2670 consubstantialem
3161 2615 3324 2686 Filio,
3343 2639 3370 2666 α
3393 2633 3507 2672 non
3531 2618 3672 2689 quia
3693 2634 3766 2674 ex

2114 2700 2240 2770 ipso
2265 2701 2518 2772 procedit
2567 2702 2788 2774 (apage,
2821 2717 2955 2758 cum
2990 2720 3174 2774 neque
3230 2703 3327 2760 ille
3359 2705 3494 2760 huic
3527 2715 3760 2778 propter

2113 2789 2587 2862 generationem),
2620 2794 2716 2846 sed
2751 2792 2889 2862 quia
2917 2809 2986 2848 ex
3013 2809 3127 2848 una
3156 2797 3212 2848 et
3241 2793 3572 2849 iudivisibili
3597 2796 3756 2868 prin-

2115 2877 2265 2948 cipio
2288 2881 2360 2933 ab
2409 2883 2622 2935 aateruo
2653 2879 2867 2951 aequali
2899 2881 3103 2937 ordine
3138 2881 3364 2954 utrique
3431 2883 3755 2954 progressio

2121 2973 2226 3022 08L
2241 2989 2260 3016 ι

2200 3056 2286 3112 13.
2322 3056 2530 3112 Verum
2575 3058 3109 3115 denominationem
3142 3063 3362 3132 Πνεῦμα
3393 3062 3486 3114 τοῦ
3535 3059 3663 3114 γἰοὒ
3695 3077 3762 3116 ac

375 3146 654 3204 doctrina:
684 3144 900 3202 Christi
930 3145 1172 3217 effingit,
1199 3146 1674 3220 adversariosque
1696 3148 1844 3218 [183]
1877 3153 2019 3203 Pau-
2049 3125 2092 3192 ο
2131 3144 2432 3202 similesin
2470 3146 2665 3203 biblico
2712 3153 2770 3204 et
2794 3147 3086 3220 patristico
3145 3125 3409 3205 sermone
3453 3149 3523 3204 ad
3583 3166 3756 3204 unam

373 3237 498 3292 lum
531 3252 664 3293 cum
695 3235 1363 3292 Servatorecommittere
1391 3236 1674 3307 etinjuria
1694 3241 2012 3308 utrumque

368 3326 601 3382 afficere
633 3323 975 3394 pronuntiat
1022 3324 1098 3396 (c.
1132 3324 1238 3394 48).
1304 3324 1516 3380 Deinde
1557 3348 1584 3376 α
1619 3325 1889 3394 Ubinam,
1921 3327 2010 3382 in-

365 3413 494 3485 quit
525 3418 593 3480 (c.
622 3412 735 3483 49),
785 3412 996 3468 Paulus
1027 3413 1203 3468 edixit
1232 3412 1509 3483 Spiritum
1543 3430 1611 3469 ex
1641 3414 1781 3470 Filio
1807 3431 2012 3486 proce-

368 3500 549 3557 dere?
604 3502 731 3555 Eue
760 3500 996 3572 quidem
1056 3501 1190 3555 Filii
1223 3501 1434 3572 (neque
1482 3503 1638 3559 enim
1681 3505 1903 3559 alienus
1937 3506 2009 3561 ab

363 3590 515 3662 ipso,
550 3589 698 3660 quod
731 3588 902 3657 absit)
923 3593 980 3644 et
1001 3587 1097 3644 ille
1126 3589 1348 3644 dixitet
1383 3590 1639 3646 Ecclesia
1669 3593 1789 3658 Dei,
1835 3593 2007 3649 simul

371 3678 684 3735 confitetur
713 3676 1108 3748 intelligitque
1141 3696 1156 3748 ;
1187 3679 1499 3749 procedere
1531 3686 1721 3735 autem
1755 3697 1821 3738 ex
1868 3683 2009 3740 Filio

378 3781 567 3839 neque
593 3781 660 3821 ex
690 3767 818 3836 ejus
846 3764 1020 3821 labiis
1051 3765 1263 3821 divinis
1308 3768 1481 3824 rebus
1513 3769 1750 3840 repletis
1799 3772 2014 3842 prodiit

369 3871 655 3926 unquam,
687 3870 878 3926 neque
916 3853 1144 3924 piorum
1176 3855 1468 3928 quispiam
1509 3858 1722 3930 scripto
1747 3860 2006 3931 protulit,

372 3943 490 3998 imo
509 3957 582 3997 ne
603 3942 845 3997 auribus
863 3940 1100 4013 quidem
1126 3941 1275 3997 hanc
1294 3941 1719 4014 blasphemiam
1751 3947 2011 4017 excipere

368 4029 641 4087 toleraret
692 4030 769 4101 (c.
801 4030 911 4101 49).
975 4052 1005 4080 ››
1036 4031 1174 4086 Inde
1231 4032 1427 4104 exigit,
1462 4037 1526 4089 ut
1581 4033 1726 4090 nihil
1784 4035 2012 4090 dicatur

371 4125 576 4192 praeter
605 4119 662 4174 id
688 4119 839 4190 quod
873 4118 1018 4174 dixit
1048 4120 1376 4190 Apostolus,
1412 4130 1472 4177 ut
1503 4123 1631 4193 ejus
1672 4124 1845 4180 verba
1875 4125 2010 4180 reti-

369 4213 620 4265 neantur
654 4224 758 4264 nec
791 4207 892 4264 tali
923 4208 1283 4280 expositione
1315 4211 1714 4267 immutantur.
1745 4216 1867 4280 Quo
1901 4214 2012 4269 ista

367 4305 633 4371 spectant
664 4316 678 4356 :
709 4321 737 4350 «
793 4301 976 4364 Quare
1005 4300 1185 4373 igitur
1223 4319 1334 4357 non
1369 4308 1426 4358 et
1456 4312 1511 4358 tu
1553 4303 1675 4359 hinc
1706 4305 1874 4371 dicis,
1908 4305 2008 4360 sed

367 4406 540 4463 prave
599 4389 742 4462 agis,
809 4390 1007 4445 omnia
1074 4391 1367 4462 susdeque
1424 4392 1601 4447 vertis
1659 4398 1715 4448 et
1768 4393 2006 4449 verbum

2119 3235 2784 3293 consubstantialitatem
2803 3239 3165 3294 referendam
3199 3254 3329 3295 esse
3372 3239 3544 3294 inane
3606 3255 3761 3310 pror-

2120 3341 2220 3380 sus
2250 3330 2309 3382 et
2349 3325 2562 3382 falsum
2622 3332 2711 3382 est
2757 3327 2900 3384 Nam
2939 3330 2980 3399 Ι)
3016 3328 3186 3384 latius
3217 3335 3373 3399 patet
3403 3329 3580 3385 dictio
3611 3346 3623 3383 :
3668 3329 3756 3384 hic

2117 3419 2206 3471 est
2233 3414 2408 3482 illius,
2442 3432 2614 3486 quam
2635 3417 2950 3488 propositio
2979 3434 2994 3473 :
3022 3418 3112 3473 hic
3141 3423 3232 3473 est
3260 3418 3345 3473 illi
3376 3419 3757 3476 consubstan-

2119 3503 2296 3560 tialis.
2329 3505 2494 3569 Quod
2529 3506 2587 3560 in
2617 3505 2826 3578 primis
2884 3507 2984 3578 qui
3044 3507 3392 3578 peculiarem
3452 3512 3760 3563 tractatum

2118 3597 2323 3648 contra
2373 3603 2698 3651 asserentes
2745 3595 3027 3667 Spiritum
3072 3598 3168 3649 τοῦ
3220 3595 3346 3650 Υἱοῦ
3397 3596 3508 3652 diei
3570 3592 3657 3650 διὰ
3703 3596 3764 3650 τὸ

2119 3681 2413 3753 ὁμοούσιον
2447 3680 2481 3750 ἢ
2515 3678 2605 3736 διὰ
2632 3682 2694 3737 τὸ
2727 3684 3087 3758 χορηγεῖσθαι
3125 3685 3212 3739 ὑπ’
3252 3681 3417 3739 αἶ)τοῦ
3446 3689 3564 3745 τοῖς
3597 3683 3764 3753 ἀξίοις

2118 3771 2487 3842 conscripsit,
2514 3771 2769 3841 Georgius
2790 3775 3150 3845 Pachymeres
3174 3780 3340 3846 urget
3362 3775 3444 3846 (ϐ.
3467 3774 3527 3829 Ο.
3559 3775 3603 3841 Ι,
3636 3775 3766 3844 393)

2120 3863 2317 3918 dicens
2351 3880 2363 3917 :
2404 3864 2450 3934 [α
2493 3864 2746 3928 Quilibet
2785 3867 3056 3922 fatebitur
3093 3861 3218 3919 τόδε
3251 3861 3412 3919 τοῦδὲ
3443 3885 3586 3926 τινος
3630 3864 3766 3919 εἶναι

2119 3952 2510 4008 universalius
2561 3955 2860 4024 praedicari
2922 3950 3203 4025 (ἐπιπλέον
3258 3953 3419 4026 εἶναι)
3478 3972 3654 4026 quam
3701 3956 3762 4009 τὸ

2119 4037 2432 4110 ὁμοούσιον.
2479 4041 2698 4097 Domus
2746 4043 2961 4099 etenim
3007 4045 3124 4099 haec
3183 4044 3439 4100 Socratis
3503 4053 3555 4098 et
3595 4045 3764 4101 sedes

2117 4131 2376 4188 Platonis
2412 4132 2550 4200 ;sed
2593 4149 2706 4188 non
2741 4134 3255 4190 consubstantialis
3284 4140 3392 4203 est,
3439 4151 3626 4206 neque
3657 4136 3763 4190 do-

2119 4236 2270 4285 mus,
2306 4237 2489 4292 neque
2513 4223 2681 4277 sedes
2714 4222 3081 4294 philosophis
3102 4223 3242 4279 illis.
3269 4245 3297 4273 »
3316 4227 3534 4279 Revera
3575 4226 3763 4280 nomi-

2121 4311 2348 4365 nativus
2380 4310 2630 4380 Spiritus
2661 4326 2793 4366 cum
2829 4313 3080 4383 genitivo
3113 4313 3241 4368 Filii
3287 4313 3509 4368 nemini
3550 4313 3764 4385 ingerit

2117 4398 2738 4455 consubstantialitatis
2768 4400 2978 4455 ideam.
3013 4400 3222 4456 Verum
3253 4401 3330 4470 Il)
3373 4401 3510 4456 nihil
3537 4402 3770 4471 prodest

369 4457 662 4551 praconis
676 4457 956 4551 pervertis
974 4483 1051 4548 et,
1073 4480 1225 4550 quod
1251 4457 1484 4551 gravius
1506 4485 1614 4551 est,
1666 4481 1816 4538 hanc
1847 4487 2008 4540 tuam
2042 4457 2088 4522 D
2123 4487 2173 4542 si
2197 4487 2267 4542 de
2297 4487 2368 4542 iis
2399 4487 2592 4542 solum
2652 4497 2849 4558 agatur
2878 4505 3003 4560 quas
3059 4457 3557 4545 consubsiantialid
3618 4491 3772 4546 novi-

372 4567 802 4642 perversionem
827 4576 996 4638 atque
1013 4567 1438 4640 blasphemiam
1462 4570 1521 4625 in
1556 4571 1741 4641 ipsam
1764 4572 2018 4630 doctoris

594 4754 854 4834 Grecurn
874 4753 1175 4834 _Manuelis
1212 4758 1428 4834 textum
1454 4755 1593 4834 _dat_
1615 4756 1724 4811 Leo
1771 4755 2018 4834 Allatius

387 4824 921 4918 Ἅπάὶσιξῃη..1ζρζις
958 4843 1012 4897 ρ.
1044 4825 1363 4918 12‘4::Ene’i
1411 4827 1514 4918 γὰρ
1540 4825 1626 4912 ’ἐν
1684 4834 1798 4890 τοὶς
1853 4829 2019 4918 Θξίοις

376 4887 506 4974 τόδξ
533 4887 1266 4974 τοΰδὲμῆξίξλῇςκιὶμτῶν
1326 4887 1568 4974 tuatim]
1627 4887 2017 4974 παρεπομένων

380 4920 502 4946 τυσξ.
533 4920 832 4963 τυυοε,της
864 4920 1002 4966 υΛης
1026 4920 1116 4951 και
1159 4920 1266 4952 των
1326 4920 1376 4952 εν
1431 4920 1568 4970 αυτῃ
1627 4920 1835 4974 παρεπο
1887 4920 2017 4955 ενων

380 4961 816 5042 ἀπελῃλαμὲνῳν
847 4965 958 5042 οὔθ’
983 4968 1057 5028 ὡς
1081 4967 1488 5042 μὲ).ος,λο-ῧθ’ὡς
1518 4920 2021 5042 κτῆμαβύδὲικατά

375 5055 502 5114 uva
528 5035 807 5114 bnepoxijv
839 5039 927 5114 νεα(
958 5035 1216 5114 τοιαὲᾇτην
1241 5035 1757 5114 ἄλληνκοῖκειότητα
1780 5041 2018 5114 λέγετχι,

377 5106 514 5189 κατᾷ
538 5105 594 5189 δξ
627 5105 787 5189 μόνξον
819 5105 989 5189 αἴτιον
1024 5111 1109 5164 καὶ
1134 5105 1478 5189 αἷτιᾳτὸνξρἐν
1503 5113 1546 5184 ᾧ
1582 5105 1734 5187 μόνῳ
1751 5116 1813 5169 τὸ
1835 5105 2014 5189 ἕτερον

374 5182 472 5259 τοῦ
502 5177 684 5254 ἒτέρου
717 5177 1078 5259 δταξιρίνεοθτι
1121 5177 1616 5257 καταλαμϐάνομεν
1665 5177 1808 5259 (hinc
1848 5177 2015 5258 Grttg.

374 5251 541 5345 l‘lyss.
561 5251 950 5345 ‘ass‘eri‘tiVidne
976 5254 1124 5342 intra
1155 5264 1263 5344 art;
1294 5251 1368 5324 1v,
1393 5262 1419 5327 §
1445 5260 1500 5343 7.,
1522 5251 2016 5345 'npta'iirb'avepbv,

376 5321 460 5377 ὅτι
489 5323 576 5403 διαὶ
626 5324 688 5377 τὸ
739 5323 992 5403 λέγερθαι
1037 5321 1170 5403 ξ’ᾅιον
1210 5321 1494 5403 εἶναι’-τοῦ
1544 5329 1671 5403 risi
1701 5332 1761 5384 τὸ
1802 5321 2018 5403 ῐῐνέῦμά

375 5392 756 5474 κατᾶιτοξτον
802 5392 973 5474 μόνον
1033 5397 1122 5449 τὸν
1181 5403 1281 5465 τῆς
1341 5399 1514 5464 αἰτίας
1578 5400 1740 5474 λόγον
1800 5392 2016 5458 δύναται

376 5460 904 5539 καταλαμϐάνεσθαι.

453 5539 562 5664 $84)
597 5538 719 5592 Καὶ
767 5538 828 5593 τὸ
889 5543 1109 5611 Πνεῦμα
1164 5539 1488 5619 ἀναφορικόν
1544 5542 1685 5598 ἐστιν
1727 5544 1899 5618 ὄνομα
1929 5545 2016 5601 καὶ

493 5630 517 5664 c
577 5609 670 5664 τὸν
731 5608 956 5664 πνέοντα
1008 5607 1328 5664 ἀποδίδοται
1386 5611 1435 5664 ἐβ
1484 5613 1739 5664 ebria-nc-
1799 5618 1887 5664 καὶ
1959 5618 2016 5664 οὗ

617 5609 631 5626 \
809 5608 820 5626 ι
1019 5597 1044 5626 ς’
1124 5607 1205 5626 κιαι
1276 5597 1286 5619 ⁸

493 5630 517 5671 ς
547 5607 670 5664 ’τὸν
731 5608 956 5703 πνέοντβ
999 5607 1349 5703 ²ἄϊεοέἒίδοτξιιΣ
1386 5611 1435 5686 ἐξ
1484 5613 1740 5703 ἀνάγκης,
1799 5607 1887 5672 κάὶ
1925 5618 2020 5703 Λοῦ

449 5690 597 5756 γξται
623 5685 839 5756 πνεῦμα
885 5679 937 5755 ἒξ
995 5680 1202 5738 ἐκείνου
1269 5679 1484 5746 πάν-τὼς
1523 5679 1612 5741 καὶ
1642 5679 2017 5747 πνὲἶται.⁹⁷οτι

381 5631 420 5664 π

383 5680 416 5737 λ

2120 4592 2266 4632 mus.
2301 4596 2326 4628 α
2358 4578 2520 4641 Quod
2554 4577 2621 4644 si,
2650 4599 2676 4626 »
2712 4579 2793 4634 ita
2845 4579 3033 4650 pergit
3063 4581 3332 4649 praefatus
3383 4584 3605 4647 auctor,
3642 4600 3666 4633 ι
3709 4581 3768 4633 in

2160 4758 2224 4833 ἀρ
2278 4758 2578 4848 ἀνεκρορξκά
2631 4761 2696 4813 τὰ
2755 4759 3086 4848 imos-canta?
3144 4761 3386 4848 ἐνόμᾳτα
3440 4764 3562 4848 τῆς.
3597 4761 3767 4847 Τριά-

2160 4777 2224 4833 ap
2278 4778 2578 4848 avacpoptxa
2631 4780 2696 4813 τα
2755 4777 3086 4815 ortos-carrth
3144 4777 3386 4833 ονομα-τα
3443 4781 3542 4826 της
3597 4777 3764 4832 Τρια-

2120 4777 2233 4898 ger,
2267 4828 2446 4906 οὐδεις
2474 4830 2700 4906 ἀντερεῖ·
2752 4832 3109 4906 ὑποστατικὸν
3143 4834 3216 4906 δὲ-
3255 4833 3316 4886 τὸ
3373 4835 3764 4906 τοῦγ-Πνεῦματ

2121 4896 2229 4965 τοο
2265 4896 2443 4980 ὅνομᾳ
2498 4902 2560 4957 τὸ
2603 4896 2837 4975 ’Πνεῦμα
2894 4906 2955 4959 τὸ
3007 4905 3158 4980 ἄγλιον
3204 4903 3436 4980 λέγετΑαδ,
3465 4896 3766 4980 ὥσπερξκιὶ

2120 4978 2216 5030 τοῦ
2277 4974 2778 5049 ΠατρᾷςΑὸᾐηατήρ
2817 4978 2912 5049 καὶ
2963 4977 2990 5029 ὁ
3031 4974 3152 5049 rte;
3181 4974 3456 5049 τοῖΥὶοῆς
3491 4977 3578 5030 καὶ
3621 4974 3765 5049 sva-

2123 5046 2344 5125 φορικὸν
2396 5045 2454 5125 ’ἐξ
2485 5045 2759 5125 ἀνάγκῃ,
2803 5046 2982 5125 ὥςπερ
3014 5046 3100 5101 καὶ
3141 5051 3308 5125 mira
3343 5066 3355 5078 ·
3400 5045 3548 5125 εἷ’περ
3610 5045 3765 5125 casia

2279 5116 2378 5194 οὐξι
2435 5116 2607 5188 ἔστιν,
2653 5117 2794 5173 ἄλλο
2845 5117 2900 5194 δὲ
2939 5116 3083 5194 ποιρᾶ
3119 5121 3212 5194 τᾲς
3245 5116 3634 5194 ἀναφορὰςᾷαἶ
3666 5119 3762 5194 τήν

2129 5185 2310 5264 οὐσίαν
2345 5189 2394 5244 ἐν
2451 5185 2589 5250 τοῖς’
2619 5191 2782 5264 θείοις
2823 5191 2928 5245 οὑκ
2967 5185 3128 5247 ἔοίτιν.
3159 5185 3479 5264 ⁴¹ῼσπερίοῦν
3513 5191 3605 5243 τὸν
3645 5191 3765 5264 Υἱᾷν

2129 5259 2217 5315 διὰ
2244 5261 2306 5314 τὸ
2339 5261 2661 5337 ἀνοξφορικὸν
2713 5259 2886 5334 ὄνομα
2933 5262 3070 5317 εἶναι
3113 5262 3201 5316 καὶ
3251 5259 3602 5337 ἆπρδίδοσθξι
3637 5261 3772 5337 πρὸς

2131 5332 2360 5407 Πατέρα,
2414 5330 2662 5403 δὲδίαμεν
2714 5330 2836 5387 Υἶὸν
2869 5337 2966 5408 τοῦ
2995 5334 3302 5408 Πνεύματος
3339 5334 3539 5408 λέγειν,
3563 5330 3656 5408 ’ζνα
3679 5330 3766 5404 ’μή

2128 5403 2527 5480 irata-puerde
2565 5408 2831 5480 volateth
2887 5405 3030 5460 οὕτω
3075 5403 3532 5480 miselli/$311.1,
3574 5403 3771 5480 sva??-

2129 5471 2290 5551 ρωςὸν
2327 5471 2518 5551 ὄνομα,
2542 5471 2650 5551 ,ὃνς
2684 5471 2793 5532 καῖ’
2824 5481 3039 5551 πᾷἱντως
3088 5471 3478 5551 ἆποδιὲξόμενὸν
3513 5471 3770 5551 πρὸςῌτὸν

2128 5547 2369 5615 πνέοντα,

2129 5616 2365 5695 λέγεται.

2456 5550 2478 5620 ξ
2539 5547 2743 5604 ἐκείνου
2802 5549 2892 5604 καὶ
2951 5554 3186 5617 πνεῖται,
3237 5547 3576 5621 οὗἸΙνεῦμα
3633 5547 3773 5602 εἶναι
