4058 6216
296 342 405 404 ui

1040 348 1144 408 DE
1188 346 1250 408 S.
1299 346 1500 408 SPIR.
1547 343 2079 408 MYSTAGOGIA.
2127 375 2204 390 -
2246 343 3016 409 ANIMADVERSIONES.

3589 347 3708 410 M2

289 477 862 534 consubstantialibus
892 482 1056 535 etiam
1077 480 1205 534 solis
1237 484 1550 551 qumratur,
1585 478 1827 534 minime
1855 479 1940 532 in-
1971 484 2028 547 Α
2061 477 2274 548 quibus
2296 489 2686 534 commentum
2709 478 2853 534 illud
2869 478 3214 535 dostruitur.
3235 501 3263 529 «
3283 478 3389 544 Qui
3411 487 3703 552 asserunt,

291 567 617 633 veniemus,
633 566 691 621 in
709 567 1310 624 consubstantialibus
1337 569 1612 623 omnibus
1633 567 1801 638 sequi
1834 565 1942 622 hoc

289 655 538 726 hujusce
576 670 725 726 esse,
753 657 854 712 sed
899 661 956 713 et
985 658 1045 713 in
1077 657 1170 712 his
1211 658 1390 712 etiam
1439 655 1710 728 plurimis
1755 656 1943 712 modis

288 745 540 802 deﬁcere
563 750 938 818 comperitur.
963 746 1488 804 Consubstautialis
1511 746 1726 817 quippe
1741 746 1942 801 Petrus

288 840 382 892 est
411 834 592 890 Paulo
622 841 680 891 et
709 836 875 892 Petro
892 838 1112 892 Paulus
1143 837 1276 905 ;sed
1303 853 1492 908 neque
1524 835 1742 891 Paulus
1767 835 1939 902 Petri,

288 938 478 993 neque
509 924 716 978 Petrus
765 923 947 979 Pauli.
991 925 1124 980 Ideo
1165 923 1346 979 multo
1392 923 1587 978 minus
1617 922 1837 994 patebit
1880 919 1944 974 τὸ

283 1008 589 1083 ὁμοούσιον
634 1029 809 1082 quam
853 1011 916 1066 τὸ
955 1008 1079 1066 τόδε
1125 1007 1287 1066 τοῦὃέ
1333 1027 1477 1068 τινος
1531 1010 1665 1064 εἶναι
1711 1008 1800 1063 καὶ
1850 1007 1944 1063 λέ-

281 1103 495 1176 γεσθαι.
537 1104 702 1159 Tunc
746 1104 901 1160 enim
962 1105 1204 1161 omnino
1267 1105 1466 1160 minus
1516 1103 1943 1159 diffunderetur

279 1193 808 1261 consubstantiale,
851 1210 1026 1264 quam
1058 1193 1165 1249 hoc
1194 1193 1444 1264 alicujus
1473 1209 1598 1249 esse
1638 1199 1694 1248 et
1723 1193 1858 1262 diri,
1892 1192 1942 1248 si

280 1280 390 1337 hoc
435 1283 672 1352 quidem
722 1282 808 1337 illi
849 1299 918 1337 ex
962 1283 1142 1338 altera
1189 1289 1351 1353 parte
1402 1299 1516 1338 non
1567 1283 1944 1354 responderet

277 1369 408 1438 (οὐκ
463 1367 834 1442 ἀντέστρεφε),
897 1373 1276 1443 responderet
1317 1387 1450 1427 vero
1483 1387 1549 1426 ac
1597 1377 1942 1442 congrueret

277 1459 422 1514 huic
453 1459 994 1527 consubstantiale;
1027 1477 1161 1516 cum
1193 1477 1326 1516 vero
1371 1460 1569 1516 minus
1615 1461 1691 1516 sit
1720 1465 1776 1515 et
1824 1476 1938 1514 non

277 1563 482 1612 omne,
517 1551 662 1618 quod
695 1556 781 1604 est
811 1549 986 1606 alicui
1023 1550 1539 1618 consubstantiale,
1569 1549 1748 1620 hujus
1779 1549 1940 1604 dica—

278 1641 398 1703 tur,
424 1637 698 1708 ampliori
726 1653 1000 1694 mensura
1022 1637 1514 1695 consubstantiali
1531 1639 1724 1705 inerit,
1745 1638 1940 1693 minus

276 1741 435 1793 esse,
471 1743 652 1798 quam
688 1726 791 1794 illi,
824 1727 983 1799 quod
1015 1728 1263 1798 hujusce
1283 1734 1394 1786 est.
1421 1749 1445 1779 ι
1473 1729 1752 1784 Similiter
1772 1728 1936 1800 llugo

2053 565 2137 620 ait
2172 565 2450 637 Georgius
2495 567 2923 637 Trapezuntius
2979 566 3064 639 (ϐ.
3130 572 3198 623 0.
3259 567 3302 635 I,
3361 567 3486 638 541,
3535 587 3585 626 c.
3620 571 3704 639 4),

2052 652 2181 708 Filii
2215 654 2495 724 Spiritum
2555 655 2668 711 dici
2730 654 2866 708 κατὰ
2922 653 2986 709 τὸ
3055 653 3374 726 ὁμοούσιον,
3432 655 3702 714 delirant.

2056 743 2174 798 Cur
2221 745 2380 801 enim
2438 762 2552 800 non
2603 746 2856 802 dicimus
2906 746 2997 798 τὸν
3049 744 3260 820 Πατέρα
3306 751 3404 800 τοῦ
3455 742 3705 820 Πνεύμα-

2053 852 2167 903 τος,
2199 848 2332 888 cum
2360 834 2620 904 ejusdem
2661 851 2725 888 ac
2755 835 3008 905 Spiritus
3040 843 3260 891 naturae
3308 837 3435 892 sit?
3466 839 3546 893 An
3589 855 3703 893 non

2055 929 2319 994 apertum
2355 922 2485 978 inde
2515 929 2800 991 remanet,
2843 940 2975 978 eum
3027 925 3127 995 qui
3175 925 3404 981 Patrem
3450 926 3705 998 Spiritus

2053 1011 2214 1078 dicit,
2247 1011 2523 1082 Spiritum
2556 1013 2745 1068 dicere
2781 1012 2992 1068 Filium
3037 1018 3093 1069 et
3143 1013 3593 1084 blasphemare?
3636 1017 3704 1073 Et

2053 1102 2269 1172 pariter
2305 1117 2435 1156 eum
2469 1100 2565 1172 qui
2599 1101 2806 1156 Filium
2831 1101 3082 1174 Spiritus
3114 1101 3276 1171 dicit,
3349 1108 3543 1174 utpote
3569 1105 3699 1178 Spi-

2055 1191 2228 1246 ritum
2275 1191 2333 1247 in
2379 1191 2604 1247 Patrem
2655 1192 2802 1264 [186]
2854 1194 3370 1248 transformantem
3402 1191 3430 1247 ἲ
3472 1216 3499 1242 »
3545 1195 3698 1252 Sane

2045 1283 2217 1353 juxta
2246 1281 2408 1336 illam
2456 1282 2878 1352 expositionem
2921 1297 3055 1338 cum
3106 1286 3221 1337 tres
3271 1297 3531 1352 persona:
3582 1283 3702 1339 sint

2052 1370 2204 1425 inter
2246 1386 2308 1425 se
2352 1369 2903 1439 consubstantiales,
2967 1371 3237 1440 quaelibet
3300 1371 3536 1426 deberet
3585 1372 3700 1428 dici

2051 1458 2310 1513 alterius.
2343 1459 2514 1527 Atqui
2546 1457 2821 1512 abhorret
2851 1458 2923 1513 ab
2957 1457 3063 1513 hoc
3086 1457 3360 1528 loquendi
3389 1475 3512 1514 mos
3538 1459 3698 1515 theo-

2050 1547 2274 1620 logicus
2314 1559 2370 1603 et
2417 1548 2821 1613 Christianus;
2864 1555 2918 1602 et
2949 1547 2998 1603 si
3030 1548 3129 1619 qui
3181 1547 3518 1618 paucissimi
3561 1549 3698 1606 vele

2051 1638 2441 1693 schismaticis
2492 1638 2668 1706 fuere,
2713 1637 2814 1708 qui
2861 1637 3116 1709 Spiritus
3165 1637 3346 1692 sancti
3397 1639 3694 1709 proprium

2051 1727 2304 1782 dicereut
2335 1726 2542 1782 Filium
2592 1727 2691 1795 (cf.
2736 1727 2928 1781 Const.
3001 1725 3251 1782 Meliten.
3313 1731 3455 1782 orat.
3507 1743 3557 1782 c.
3590 1728 3693 1796 37;

278 1816 636 1871 Etherianus
669 1816 728 1876 tl.
762 1833 823 1884 ιι,
883 1833 934 1872 c.
993 1819 1085 1887 20,
1147 1835 1203 1889 p.
1267 1818 1476 1888 1225):
1536 1819 1680 1874 Cum
1723 1834 1929 1874 omnes
1961 1811 2005 1875 Β
2038 1815 2280 1883 G.0.Il,
2322 1834 2377 1888 p.
2419 1816 2570 1887 746),
2627 1815 2858 1886 plurimi
2911 1821 3108 1872 tamen
3157 1815 3216 1869 id
3263 1815 3504 1871 omnino
3550 1818 3695 1888 reje-

276 1905 562 1962 homines
624 1905 776 1961 inter
828 1923 890 1961 se
949 1905 1069 1962 sint
1135 1907 1685 1976 consubstantiales,
1727 1911 1922 1964 tamen

276 2017 306 2046 α
350 1995 559 2051 nullus
592 1995 767 2050 homo
803 1996 953 2067 [185]
987 1995 1044 2050 in
1092 2012 1156 2051 eo
1201 1998 1356 2068 quod
1400 1997 1573 2052 homo
1617 1996 1722 2066 (vel
1770 1996 1933 2052 alteri

280 2083 837 2156 consubstantialis)
864 2083 1106 2140 alterius
1132 2101 1260 2140 esse
1291 2085 1526 2140 dicitur.
1547 2106 1576 2134 »
1610 2085 1796 2157 Pergit
1829 2084 1930 2156 lll)

274 2172 672 2241 Pacbymeres
702 2173 782 2244 (p.
811 2172 934 2242 394)
968 2190 982 2230 :
1015 2195 1044 2223 ‹‹
1078 2173 1194 2229 Hoc
1216 2190 1494 2230 concesso
1517 2173 1933 2244 inquirendum

266 2267 381 2331 est,
432 2266 636 2316 utrum
686 2261 874 2332 magis
921 2277 985 2318 se
1029 2267 1298 2318 extendat
1345 2279 1522 2318 causa
1581 2259 1799 2333 (αἶ’τιον)
1857 2279 1930 2318 an

267 2350 523 2405 etfectus
548 2347 858 2421 (αἴτιατόν).
919 2351 1056 2406 Sine
1085 2351 1264 2407 dubio
1293 2368 1490 2407 causa.
1522 2352 1709 2416 Quare
1736 2351 1930 2423 siquis

265 2442 519 2510 queret,
552 2454 658 2493 cur
689 2439 868 2494 lumen
898 2439 1048 2494 radii
1076 2441 1292 2496 dicitur
1331 2442 1470 2515 (φῶς
1516 2439 1731 2501 ἀκτῖνος
1772 2438 1932 2514 λέγε-

274 2529 420 2595 ται),
455 2527 703 2583 stultum
735 2528 881 2583 foret
923 2530 1311 2600 respondere:
1350 2531 1483 2601 quia
1533 2531 1919 2586 consubstan-

272 2613 418 2671 tiale
449 2623 572 2683 est;
623 2617 721 2671 sed
767 2616 817 2671 si
865 2617 996 2687 quis
1057 2618 1390 2688 quaesierit:
1449 2620 1749 2685 Quomodo
1805 2619 1928 2676 haec

264 2703 805 2760 consubstantialis
828 2709 990 2772 sunt,
1020 2710 1160 2762 tunc
1182 2707 1374 2762 locum
1404 2707 1577 2762 habet
1599 2709 1924 2778 responsio,

263 2791 408 2863 quia
431 2795 537 2848 hoc
569 2792 814 2863 hujusce
845 2793 1080 2863 dicitur,
1125 2794 1259 2851 licet
1287 2795 1348 2851 in
1381 2795 1649 2866 pluribus
1679 2798 1928 2853 consub-

264 2882 650 2940 stantialibus
681 2883 738 2939 id
771 2900 948 2941 causa
994 2902 1107 2942 non
1140 2886 1232 2942 sit.
1267 2886 1359 2943 Sic
1409 2896 1464 2942 et
1518 2887 1578 2942 in
1628 2887 1926 2958 proposita

265 2973 598 3045 quaestione
625 2973 918 3044 quiSpiam
951 2975 1188 3031 audebit
1225 2977 1448 3032 efferre.
1488 2979 1545 3032 Si
1589 2976 1774 3048 magis
1819 2976 1931 3031 late

2047 1912 2269 1973 cerunt,
2301 1907 2451 1962 inter
2472 1923 2613 1978 quos
2639 1905 2870 1962 Marcus
2893 1905 3177 1976 Ephesius
3205 1927 3234 1956 «
3260 1906 3462 1972 Filius,
3486 1907 3692 1978 inquit,

2043 1995 2295 2066 Spiritus
2326 1997 2509 2050 sancti
2545 2011 2728 2066 neque
2758 2003 2844 2050 est
2877 2011 3064 2066 neque
3107 1995 3321 2050 dicitur
3369 1997 3696 2051 secundum

2045 2085 2384 2156 Gregorium
2417 2084 2746 2154 Nyssenum
2781 2086 2914 2156 (85).
2949 2105 2977 2133 »
3008 2083 3194 2153 Hujus
3221 2085 3376 2139 enim
3402 2085 3521 2138 haec
3554 2091 3696 2142 sunt

2297 2176 2308 2194 ι
2419 2171 2479 2192 ,σε
2631 2175 2656 2185 ν
2832 2169 2846 2190 ι
3113 2167 3138 2185 ν
3247 2164 3270 2186 ἰ
3475 2167 3500 2186 ν
3655 2171 3668 2190 ι

2043 2175 2266 2230 verba:
2313 2175 2355 2228 Ο
2397 2179 2518 2232 lto:
2563 2191 2660 2226 του
2710 2177 3026 2242 Πνευματος
3076 2190 3198 2224 ours
3245 2191 3384 2224 εστιν
3438 2191 3562 2225 ours
3608 2170 3693 2226 λε-

2039 2281 2210 2334 γεται,
2254 2257 2378 2315 οὐδὲ
2421 2259 2757 2339 ἀντιστρέφει
2804 2262 2839 2328 ὴ
2893 2261 3120 2334 σχετική
3172 2257 3306 2329 αὕτη
3368 2257 3691 2316 ἀκολουθία.

2039 2351 2147 2407 Sed
2180 2351 2230 2406 si
2261 2351 2369 2406 hoc
2393 2366 2506 2405 non
2539 2350 2911 2416 convertitur,
2941 2350 2999 2404 id
3028 2349 3693 2405 consubstantialitatem

2042 2455 2158 2494 non
2189 2441 2469 2508 denotat;
2502 2439 2547 2493 si
2579 2438 2734 2494 enim
2777 2439 2848 2492 ad
2895 2434 3190 2510 ὁμοούσιον
3241 2438 3386 2492 foret
3433 2437 3695 2494 referen-

2041 2527 2351 2599 dum,jam
2383 2543 2413 2583 ο
2443 2543 2717 2582 converso
2761 2529 3050 2583 diceretur
3097 2527 3182 2581 uti
3233 2525 3487 2598 Spiritus
3533 2525 3685 2596 Filii,

2038 2616 2123 2671 sic
2153 2617 2334 2672 Filius
2369 2616 2642 2687 Spiritus.
2675 2615 2954 2672 Praeterea
2989 2615 3282 2688 genitivus
3312 2617 3409 2668 τοῦ
3445 2613 3572 2668 Υἱοῦ
3603 2614 3691 2670 vel

2038 2703 2264 2762 indicat
2293 2706 2745 2778 possessionem,
2779 2704 3188 2778 pr0prietatem
3219 2703 3306 2759 vel
3349 2703 3688 2760 relationem

2037 2797 2353 2867 quamdam
2371 2815 2386 2863 ;
2405 2795 2723 2866 generatim
2743 2795 2798 2849 id
2820 2794 3034 2850 dicitur
3048 2793 3220 2864 alicuj
3233 2792 3552 2864 us,quodad
3563 2808 3687 2850 eum

2039 2901 2360 2958 quocunque
2399 2885 2552 2942 modo
2571 2885 2828 2956 pertinet.
2861 2885 2972 2942 Sed
3004 2901 3072 2940 ex
3115 2883 3420 2956 principiis
3459 2883 3686 2940 theolo-

2042 2975 2187 3050 gicis
2220 2976 2456 3031 Patrum
2488 2974 2798 3030 relationes
2829 2975 2889 3030 in
2931 2973 3144 3030 divinis
3195 2978 3335 3029 sunt
3379 2973 3686 3030 relationes

268 3066 440 3134 patet
471 3077 600 3118 esse
629 3067 688 3118 et
715 3063 827 3119 dici
861 3064 1143 3135 Spiritum
1176 3065 1327 3133 Filii,
1372 3071 1436 3121 ut
1471 3067 1596 3136 jam
1643 3083 1712 3122 ex
1759 3066 1930 3122 dictis
1975 3129 2007 3136 μ
2045 3064 2322 3136 originis;
2349 3065 2586 3120 nomina
2619 3063 2790 3120 trium
2838 3079 3218 3134 personarum
3269 3063 3393 3134 ipsa
3430 3068 3564 3117 sunt
3594 3077 3686 3117 re-

268 3129 345 3204 de
370 3129 996 3206 consubstantialitate
1027 3152 1192 3208 fateri
1223 3129 1524 3222 debemus,
1552 3154 1601 3210 si
1621 3154 1754 3226 quis
1776 3170 1933 3224 quae-
1965 3129 2008 3196 C
2045 3129 2244 3221 lativa,
2274 3129 2582 3211 denotatur
2612 3156 2799 3224 itaque
2833 3129 2921 3209 hic
2957 3152 3234 3208 habitudo
3266 3129 3505 3222 originis
3545 3151 3680 3219 (86).

262 3238 434 3294 sierit
470 3239 694 3303 :Quare
739 3240 1261 3298 consubstantialis
1321 3243 1570 3314 Spiritus
1625 3243 1768 3299 Filio
1808 3243 1932 3298 est?

262 3327 586 3384 commode
616 3329 1081 3399 respondebitur,
1109 3331 1261 3401 quod
1289 3332 1411 3386 Filii
1434 3332 1686 3402 Spiritus
1716 3333 1932 3388 dicitur

263 3416 532 3489 Spiritus
563 3422 833 3486 sanctus;
867 3434 1052 3490 neque
1080 3422 1239 3475 enim
1270 3420 1559 3478 ascititius
1588 3419 1929 3494 (ἐπίκτητον)

267 3511 357 3562 est
374 3505 487 3572 illi,
512 3511 578 3561 ut
595 3505 763 3562 nobis
785 3513 921 3562 sunt
944 3523 1007 3562 ea
1031 3523 1158 3579 quae
1181 3510 1571 3579 possidemus,
1600 3513 1699 3567 sed
1717 3518 1928 3569 aeterno

266 3612 338 3653 ac
357 3595 616 3652 naturali
635 3597 803 3652 modo
827 3614 1198 3668 promanans.
1217 3598 1377 3654 Sicut
1394 3599 1444 3654 si
1463 3601 1597 3670 quis
1611 3609 1922 3672 quareret:

263 3686 466 3750 Quare
497 3686 1023 3742 consubstantialis
1067 3692 1157 3743 cst
1194 3688 1373 3744 Filius
1413 3691 1616 3746 Patri?
1651 3691 1923 3758 dicimus,

264 3774 411 3845 quia
455 3773 642 3830 Patris
692 3775 872 3830 Filius
921 3776 1000 3831 sit
1049 3775 1264 3844 Filius;
1313 3783 1371 3833 et
1400 3784 1486 3833 est
1541 3784 1816 3850 praeterea
1859 3799 1927 3838 ex

265 3862 447 3918 Patre
471 3863 796 3919 secundum
819 3865 1228 3932 substantiam,
1255 3867 1355 3921 ed
1375 3883 1490 3922 non
1521 3869 1601 3922 uti
1625 3875 1923 3926 creaturas.

265 3957 342 4006 At
371 3967 511 4006 vero
542 3953 893 4023 respondere
924 3955 992 4009 ad
1015 3954 1418 4026 quaestionem,
1451 3971 1554 4011 cur
1585 3955 1712 4012 Filii
1766 3958 1927 4014 dica-

264 4045 370 4096 tur
399 4040 672 4110 Spiritus,
705 4043 856 4112 quod
891 4042 977 4097 illi
1009 4043 1526 4100 consubstantialis
1557 4050 1669 4113 est,
1700 4046 1927 4103 insulsa

269 4133 364 4185 est
395 4130 704 4200 responsio
736 4135 792 4184 et
822 4146 937 4186 non
961 4132 1130 4202 juxta
1159 4132 1493 4188 dialecticas
1524 4133 1697 4206 leges.
1731 4135 1927 4192 Minus

266 4218 435 4275 enim
481 4222 636 4286 patet
681 4220 1178 4276 consubstantiale
1237 4238 1303 4278 eo
1352 4223 1507 4294 quod
1552 4229 1642 4279 est
1680 4224 1927 4294 hujusce

264 4323 424 4364 esse.
457 4306 528 4361 Et
557 4309 848 4378 quomodo
878 4311 1033 4381 quod
1069 4310 1267 4366 minus
1298 4327 1423 4368 sese
1453 4314 1732 4383 extendit,
1766 4314 1926 4372 illius

267 4398 430 4471 quod
466 4397 678 4469 magis,
711 4413 945 4455 causam
978 4416 1102 4456 esse
1133 4399 1691 4459 fatebimur?Cauea
1711 4405 1924 4459 etenim

268 4492 343 4546 de
379 4487 655 4562 pluribus
683 4490 775 4546 vel
809 4491 1070 4562 paribus,
1117 4493 1166 4548 si
1215 4499 1417 4549 contra
1454 4503 1736 4557 versatur,
1780 4513 1929 4551 nun-

270 4596 454 4652 quam
486 4595 620 4636 vero
651 4580 722 4637 de
751 4581 1147 4652 paucioribus.
1183 4603 1212 4632 »
1243 4586 1327 4652 (P.
1359 4585 1510 4657 395.)

349 4669 438 4724 14.
460 4667 574 4724 Alii
597 4684 732 4726 vero
753 4669 1025 4742 Theologi
1067 4677 1121 4726 et
1145 4671 1290 4729 alias
1330 4674 1632 4744 proferunt
1653 4675 1923 4748 rationes,

346 4837 462 4914 (8_5)
499 4836 1320 4914 Ma_rc.__Ephes.#in_Confess.
1370 4858 1461 4914 ap.
1507 4841 1746 4914 Gregor.
1799 4844 1923 4914 Cpl.

273 4907 452 4978 ΑροΙζ
486 4907 614 4964 cod.
665 4907 824 4978 Mdu.
882 4910 950 4963 2’7
1005 4910 1056 4978 7f.
1120 4912 1219 4965 117
1276 4930 1328 4966 a.
1366 4907 1496 4968 :"O
1545 4907 1770 4976 δὲ’Ῠὶὸς
1827 4907 1924 4970 τοῦ

275 4974 597 5104 Πνεύιὲατος
645 4975 770 5034 οὔτε
797 4974 938 5034 ἔστιν
967 4976 1091 5035 οὕτε
1129 4979 1344 5055 λέγεται
1375 4984 1510 5038 κατά
1561 4985 1655 5039 τὸν
1704 4974 1924 5057 Nucem

273 5054 424 5104 Γοηγ
465 5070 600 5104 οιον.

353 5070 600 5120 ηγοριον.

317 5069 708 5198 ρῖἒῖςξὲἔονς.
739 5121 936 5198 Schol.
969 5126 1037 5179 ad
1072 5140 1198 5196 cap.
1234 5127 1300 5180 12
1343 5127 1574 5198 Ephesii
1623 5129 1776 5198 (cod.
1823 5131 1922 5187 cit.

275 5192 313 5247 ἶ.
350 5194 454 5249 210
483 5194 563 5262 a.)
592 5194 799 5262 exinde
847 5192 1406 5254 demonstrationem
1458 5216 1490 5252 a
1541 5192 1762 5254 Latinis
1809 5203 1922 5262 peti

271 5265 462 5343 docet,
602 5260 729 5343 ,δεῖν
758 5263 847 5318 ἐπὶ
875 5270 999 5343 τῶν-
1017 5267 1172 5343 θείων
1205 5265 1384 5343 ἄλλην
1407 5270 1541 5343 τινὰ-
1559 5269 1752 5343 σχέσλιν
1777 5260 1922 5340 π’λήν

271 5340 370 5424 τῇς
410 5335 532 5389 κατ’
562 5334 742 5390 αῒτίαν
782 5342 947 5406 νοεῖν,
979 5338 1182 5393 ὁπόταν
1230 5334 1411 5414 ἕτερον
1459 5334 1643 5414 ὲτέρὸὖ
1693 5334 1918 5415 λέγητάι

273 5425 431 5462 εῖναι.

342 5479 688 5553 (δηβπῆιι.
719 5480 882 5536 Alex.
915 5480 972 5536 in
1003 5482 1318 5553 Joan._xv1.
1354 5492 1469 5553 (ap.
1501 5489 1700 5542 Const.
1735 5485 1915 5544 Melit.

274 5548 733 5629 QQJLBZi);
777 5553 990 5629 ’ᾩστςερ
1030 5553 1132 5629 γᾴρ
1181 5551 1334 5629 ἐστινΔ
1373 5548 1772 5629 ἔδεον-Πνεῦμα
1818 5561 1918 5613 τοῦ

275 5619 399 5702 Υξοῦ
433 5619 678 5702 coetui);
707 5621 759 5702 ἓν
791 5619 1219 5702 αὐτῷ’ὑξτᾶῥχον
1249 5625 1338 5681 καὶ
1371 5623 1651 5702 δι’-αὐτοῦ
1698 5619 1914 5702 ἒτιτροϊὸν,

275 5688 416 5748 οὕτω
444 5688 533 5748 5ιαί
565 5695 666 5749 τοῦ
713 5688 943 5772 Πατρόᾲ
992 5688 1275 5772 Restione.
1325 5700 1396 5757 ad
1447 5698 1667 5758 Orient.
1720 5688 1912 5774 ('Allat:

2037 3246 2233 3316 Neque
2263 3260 2434 3299 secus
2473 3244 2620 3298 ratio
2662 3242 2824 3298 reddi
2867 3249 3078 3314 posset,
3127 3257 3231 3296 cur
3279 3257 3391 3294 non
3452 3240 3680 3295 dicatur

2039 3333 2222 3390 Filius
2252 3333 2521 3405 proprius
2552 3333 2807 3404 Spiritus
2838 3331 3038 3400 sancti,
3072 3331 3239 3386 Pater
3259 3329 3534 3402 proprius
3554 3327 3684 3400 Spi-

2037 3422 2200 3478 ritus.
2251 3421 2659 3490 Proprietatem
2703 3436 2818 3476 non
2865 3420 3040 3476 habet
3079 3419 3276 3474 divina
3327 3433 3577 3488 persona
3623 3416 3685 3472 in

2036 3509 2232 3579 aliam,
2267 3508 2381 3565 nisi
2415 3509 2754 3564 habitudine
2807 3507 3096 3580 principii.
3161 3505 3513 3562 Recolantur
3554 3517 3682 3576 qua

2037 3601 2085 3672 (§
2113 3602 2202 3674 11)
2233 3618 2302 3657 ex
2333 3600 2671 3656 Bessaricne
2706 3599 3077 3654 adduximus.
3104 3596 3323 3662 Quibus
3343 3595 3461 3651 ista
3481 3611 3684 3649 conso-

2036 3697 2178 3747 nant
2194 3691 2419 3763 Georgii
2440 3689 2805 3761 Trapezuntii
2830 3688 2894 3760 (l.
2917 3704 2967 3742 c.
2995 3704 3050 3759 p.
3075 3689 3202 3755 541,
3221 3686 3350 3754 542)
3375 3703 3388 3740 2
3412 3707 3438 3736 α
3470 3687 3686 3750 Quem-

2035 3781 2350 3836 admodum
2387 3779 2550 3834 Pater
2580 3784 2636 3834 et
2664 3778 2839 3833 Filius
2870 3777 3108 3832 nomina
3137 3783 3272 3831 sunt
3313 3774 3680 3846 hypostatica

2034 3870 2275 3925 modum
2333 3867 2650 3924 exsistendi
2711 3865 2820 3936 (τὸν
2867 3860 3068 3938 τρόπον
3111 3867 3211 3918 τοῦ
3260 3863 3420 3935 εἶναι)
3472 3864 3681 3920 harum

2035 3959 2184 4030 [187]
2217 3959 2608 4029 bypostaseon
2643 3955 2980 4022 indicantia,
3015 3954 3138 4026 pari
3170 3953 3392 4008 ratione
3421 3958 3478 4008 et
3508 3952 3686 4023 Spiri-

2033 4053 2131 4102 tus
2167 4061 2377 4102 nomen
2429 4042 2858 4116 hypostaticum
2904 4047 3010 4111 est,
3069 4040 3383 4096 exsistendi
3447 4041 3682 4094 modum

2032 4135 2219 4206 ipsius
2253 4132 2656 4189 manifestans.
2692 4136 2772 4186 Ex
2805 4132 2965 4186 Patre
2989 4146 3127 4201 ergo
3154 4135 3208 4184 et
3237 4128 3380 4184 Filio
3405 4128 3684 4198 spiratur,

2035 4239 2168 4280 cum
2201 4224 2508 4279 amborum
2542 4222 2614 4277 sit
2646 4221 2921 4293 Spiritus.
2957 4241 2986 4270 »
3025 4217 3132 4290 (Cf.
3175 4217 3370 4274 eumd.
3404 4217 3474 4272 ad
3507 4215 3677 4273 Joan.

2036 4320 2269 4378 Cubocl.
2301 4335 2353 4375 c.
2390 4321 2476 4385 10,
2510 4337 2564 4390 ρ.
2599 4319 2748 4389 487.)
2776 4316 3035 4387 Accedit,
3069 4313 3226 4387 quod
3271 4315 3442 4384 juxta
3486 4312 3682 4368 Patres

2036 4410 2265 4467 Graecos
2294 4411 2494 4464 eodem
2520 4407 2771 4482 Spiritus
2795 4407 2967 4463 modo
2992 4405 3261 4477 proprius
3281 4408 3370 4460 est
3390 4401 3540 4469 Filii,
3564 4417 3678 4474 quo

2036 4505 2126 4558 est
2157 4499 2425 4571 pr0prius
2457 4499 2663 4554 Patris.
2698 4497 2811 4554 Sed
2835 4498 3004 4567 juxta
3033 4495 3266 4552 eosdem
3318 4493 3514 4548 Patres
3546 4507 3678 4562 pro-

2037 4590 2197 4660 prius
2226 4593 2314 4645 est
2345 4587 2530 4643 Patris
2564 4592 2623 4644 ut
2653 4602 2721 4643 ex
2748 4602 2814 4642 eo
2849 4586 3208 4658 procedens;
3241 4584 3414 4654 juxta
3443 4581 3679 4636 eosdem

2033 4677 2216 4750 igitur
2243 4681 2333 4734 est
2362 4677 2634 4749 proprius
2665 4675 2793 4731 Filii
2825 4678 2891 4730 ut
2917 4674 2990 4729 ab
3021 4689 3088 4730 eo
3129 4670 3506 4744 progrediens
3538 4668 3675 4742 (87).

2039 4845 2196 4901 Vind.
2231 4860 2280 4899 ο.
2308 4843 2400 4910 26,
2434 4859 2489 4912 p.
2525 4843 2646 4914 118)
2682 4859 2695 4914 ς
2738 4837 2902 4914 Ἰδιον
2947 4839 3053 4914 γὰρ
3097 4837 3187 4914 ’τὸΔ
3213 4840 3433 4914 "vappa
3471 4833 3584 4914 égti
3615 4835 3677 4914 τᾲ

2034 4915 2330 4989 ἅγιον-τοᾷ
2380 4906 2507 4968 Ῠῗοῦ
2563 4906 2804 4989 καὉ-άτὶερ
2859 4906 3051 4989 ἀ-μξλέι
3103 4909 3192 4989 atati
3234 4906 3369 4989 Ατοῦ-
3398 4910 3532 4963 Θεοῦ
3559 4906 3676 4989 ’ξεῖ

2033 4980 2674 5061 Πᾶτρόςᾏῐὶοξροοεηορ
2710 4980 3050 5061 Theodoret.
3081 4981 3343 5061 _Al_l_at._l.
3375 4997 3424 5035 c.
3462 4997 3531 5061 p.‘
3553 4980 3676 5048 119,

2181 5077 2194 5116 :
2226 5050 2474 5132 Ἦνλγᾶρη
2501 5055 2592 5109 καὶ
2639 5050 2779 5132 ἕοτιν
2830 5053 2996 5132 αὐτοῦ
3041 5053 3104 5108 τὸ
3124 5125 3136 5132 ι
3157 5055 3394 5132 ῌνεῐξμα,
3423 5050 3674 5132 fugam-sp

2033 5123 2223 5198 ἀμέλει
2256 5129 2343 5183 καὶ
2369 5123 2481 5182 ’τοῦ
2531 5127 2761 5200 Πατρὸς,
2791 5146 2842 5180 κ.
2869 5146 2920 5182 τ.
2952 5125 3031 5189 λ..
3081 5125 3181 5179 ubi
3226 5124 3473 5200 _adducit_
3515 5123 3666 5200 Horn.

2031 5193 2167 5274 vin,
2208 5203 2263 5270 8,
2420 5193 2921 5274 Deinde'_pergit;
2975 5195 3359 5274 Ἐιςποξεύεται
3421 5193 3667 5274 {risv-.7019

2031 5275 2105 5335 ὡς
2141 5265 2213 5328 ’ἐκ
2251 5265 2363 5325 ⁷τοῦ
2422 5274 2555 5326 Θεοῦ
2604 5265 2707 5322 καῖ’
2751 5265 2961 5342 Πᾶτρὸς
3015 5268 3079 5324 τὸ
3139 5270 3355 5338 Πνεῦμα
3380 5266 3467 5342 ’τὸ
3519 5265 3668 5342 direxi

2027 5333 2432 5419 xur&_'r‘},_v_tob'_
2473 5348 2755 5419 Σξυτῆρος-
2777 5333 2963 5419 φῳνῂν
3012 5343 3171 5419 (Jpan
3245 5333 3332 5419 xv,
3371 5339 3491 5419 g6),
3539 5333 3671 5419 alii"

2029 5416 2132 5471 οὐκ
2172 5405 2464 5472 ἀλλότριόν
2506 5405 2760 5467 ἐστί’τοῦ
2790 5405 2950 5468 Ὑίοὖ·
3001 5405 3320 5484 ττρνταᾲγὰρ
3350 5405 3482 5484 ’ἔχει
3533 5407 3666 5478 μετὰ

2025 5492 2122 5542 τοῦ
2179 5487 2405 5560 Πατρὸς,
2461 5485 2554 5560 δαὶ
2611 5484 2986 5560 τοῦτρᾼαύτὸς
3035 5480 3506 5560 ἐδίδαξένωρὰρ.
3555 5497 3664 5560 xyl,

2025 5561 2136 5628 15).
2174 5549 2330 5629 Idem
2366 5549 2422 5629 in
2452 5557 2622 5629 Joan.
2655 5558 2807 5629 I,_32
2841 5575 2854 5613 :
2904 5557 3108 5629 έΩσπερ
3152 5555 3251 5629 γὰρ
3285 5554 3394 5629 se}?
3435 5549 3664 5629 Daretis.

2025 5621 2168 5685 οῧτω
2199 5627 2266 5700 δὴ
2299 5628 2388 5684 καὶ
2417 5631 2514 5683 τοὺ
2550 5621 2812 5683 ι’ἱοῦ’ἒστὶ
2863 5628 2925 5682 τὸ
2982 5621 3337 5700 maneas
3355 5621 3664 5700 ﬁnemﬁn-

2024 5702 2119 5761 sil.
2169 5692 2659 5776 ad'Amphiloch.
2708 5701 2926 5770 (Const.
2974 5692 3148 5758 Melit.
3191 5698 3250 5754 ϐ.
3302 5695 3363 5751 0.
3401 5692 3487 5759 'lI,
3533 5692 3662 5760 665,
