4058 6216
374 351 491 416 447
655 351 658 360 ’
1570 341 1833 403 ΡΗΟἸῚΙ
1877 339 2407 402 ΡΑΤΗΙᾹΒΟΗᾸΕ
2447 341 2564 402 CP.
3650 339 3764 399 448

371 494 636 557 muntur,
664 485 810 543 nihil
842 500 983 542 sane
1002 483 1094 540 hic
1115 481 1436 554 explicatur
1467 496 1481 546 ;
1514 479 1561 534 si
1595 493 1726 534 vero
1755 492 2013 549 persona-
2043 477 2095 544 Α
2125 491 2256 532 nem
2309 475 2476 532 illum
2508 493 2541 532 a
2591 476 2788 533 Photio
2843 477 3057 533 Latinis
3095 476 3410 548 ascriptum
3463 489 3637 529 nemo
3676 472 3774 528 ad-

373 579 572 634 lileret
605 582 776 649 prout
807 575 947 632 Filio
969 573 1414 645 appropriantur,
1446 569 1650 624 eadem
1679 567 2018 623 Latinorum
2133 564 2314 621 mittit
2343 582 2544 622 eorum
2590 567 2641 638 (§
2674 567 2762 638 16)
2791 571 2848 622 et
2900 567 3034 621 hinc
3068 565 3433 622 ratiocinatio
3464 564 3556 618 illi
3583 563 3768 628 unice,

372 670 719 740 argumenta
761 667 1083 720 recurrunt.
1139 663 1422 715 Preterea
1467 657 1726 728 exempla
1765 655 1921 711 varia
1949 655 2018 711 ab
2128 659 2502 727 superstrucla
2534 656 2693 712 cadit
2743 673 2756 723 ;
2808 673 2920 712 non
2952 660 3042 712 est
3073 655 3362 728 genitivus
3407 655 3506 710 hic
3539 669 3777 709 causam

371 756 722 814 adversariis
739 754 909 810 allata
933 753 1016 808 sic
1039 749 1301 822 repellit:
1336 771 1356 798 α
1394 748 1549 804 Deus
1575 745 1790 803 dicitur
1814 746 2014 817 (Deus)
2119 745 2404 813 indicans,
2437 747 2532 800 sed
2565 745 2833 802 ell'ectum
2882 747 3122 801 denotat
3172 765 3186 814 ;
3240 762 3355 801 non
3387 748 3524 799 sunt
3563 741 3776 798 divinze

365 845 657 902 Abraham
675 846 972 898 utcreator
984 845 1042 896 et
1063 838 1337 894 Dominus
1349 836 1855 904 Abraham,i‘orsan
1878 848 2012 888 vero

363 939 419 991 et
443 940 508 990 ut
531 933 755 990 amicus
776 931 934 986 illius
961 947 974 996 ;
997 927 1323 984 intellectus
1346 930 1535 982 autem
1561 933 1614 980 et
1653 923 2011 980 fortitudinis

365 1028 422 1081 et
439 1021 720 1079 similium
749 1024 812 1075 ut
829 1018 1261 1087 cfﬁcienscausa
1280 1016 1514 1071 dicitur.
1534 1013 1646 1070 Sed
1659 1013 1912 1086 Spiritus
1926 1011 2012 1066 di-

361 1112 514 1169 citur
542 1109 666 1166 Filii
692 1114 748 1164 et
777 1107 982 1175 Patris,
1009 1110 1072 1162 ut
1101 1123 1167 1162 ex
1190 1106 1305 1161 Deo
1335 1121 1436 1159 ens
1459 1108 1515 1159 et
1545 1103 1670 1174 ipse
1699 1101 1874 1167 Deus,
1900 1115 2015 1156 non

365 1205 430 1256 ut
459 1198 844 1255 adventitium
893 1196 1250 1252 adveniendo
1291 1194 1654 1250 extrinsecus
1696 1193 1828 1265 (hoc
1858 1189 2013 1246 enim

369 1289 502 1362 quis
525 1302 856 1344 asseverare
881 1286 1157 1355 audeat?)
1189 1285 1284 1338 sed
1321 1287 1384 1338 ut
1415 1282 1709 1355 plenitudo
1732 1283 1882 1353 ejus,
1914 1279 2016 1351 qui

364 1383 518 1436 certe
543 1394 656 1433 non
680 1375 850 1431 aliter
871 1391 1011 1430 sano
1047 1373 1345 1428 intellectu
1374 1371 1784 1443 comprehendi
1809 1375 2017 1442 potest,

363 1467 691 1523 secundum
725 1465 880 1536 quod
925 1463 1131 1518 tertius
1173 1461 1386 1516 dicitur
1425 1478 1459 1516 a
1490 1464 1772 1528 Palre....,
1806 1459 1917 1514 nisi
1952 1475 2020 1515 ex

362 1555 504 1610 Filio
537 1554 750 1609 habere
781 1550 1170 1607 substantiam
1205 1549 1563 1622 intelligatur
1599 1554 1654 1604 et
1684 1547 2018 1605 considere-

2122 850 2378 908 personm
2411 835 2718 906 sapientia,
2752 835 2918 901 ﬁdes,
2953 835 3244 904 revelatio,
3279 843 3386 890 etc.
3419 835 3612 904 Atque
3645 831 3779 887 licet

2121 940 2294 980 sensu
2326 939 2458 979 vero
2491 929 2545 980 et
2577 925 2793 981 biblico
2819 922 3101 995 πνεύματα
3123 924 3398 980 dicantur
3419 921 3780 979 charismata

2122 1017 2179 1070 et
2225 1017 2313 1069 tot
2357 1013 2584 1083 possint
2631 1013 2834 1070 haberi
2865 1012 3146 1085 πνεύματα
3208 1013 3313 1068 hac
3344 1009 3781 1084 signiﬁcatione

2123 1105 2376 1173 sumpta,
2393 1107 2532 1173 quot
2544 1103 2904 1160 charismata
2919 1120 2931 1158 :
2948 1106 3143 1159 tamen
3159 1103 3278 1158 hac
3305 1119 3419 1158 non
3435 1101 3781 1156 dividuntur

2123 1208 2184 1248 tn
2203 1194 2235 1248 d
2248 1200 2490 1261 uo,utex
2510 1192 2652 1248 falso
2670 1191 2973 1264 supposito
2988 1191 3183 1264 arguit
3197 1191 3436 1248 Photius
3461 1193 3532 1262 (c.
3551 1189 3642 1258 59,
3660 1188 3779 1260 60).

2123 1283 2235 1340 Sed
2269 1283 2360 1338 his
2387 1281 2706 1355 puerilibus
2735 1281 2892 1337 ludis
2925 1298 3038 1338 non
3073 1285 3161 1337 est
3189 1281 3649 1340 immorandum.

2198 1374 2283 1428 18.
2319 1372 2432 1428 Sed
2463 1371 2604 1427 alias
2636 1387 2866 1444 quoque
2900 1371 3155 1428 rationes
3201 1372 3260 1426 in
3297 1376 3569 1444 promptu
3605 1373 3783 1430 habet

2128 1461 2389 1531 Photius,
2423 1477 2602 1533 quare
2633 1461 2882 1532 Spiritus
2915 1459 3044 1515 Filii
3075 1461 3325 1517 dicatur.
3361 1462 3614 1527 Quarum
3663 1479 3781 1520 una

2127 1549 2261 1606 licet
2291 1550 2350 1605 in
2382 1566 2556 1622 opere
2585 1566 2700 1605 non
2734 1549 2921 1605 fusius
2955 1549 3260 1622 explicata,
3295 1553 3490 1605 tamen
3523 1550 3578 1606 in
3608 1551 3784 1610 titulo

359 1649 455 1699 tur
479 1659 493 1710 ;
513 1642 602 1697 hic
625 1641 822 1712 utique
869 1639 1294 1712 Spiritusjuxta
1321 1637 1753 1694 Dominivocem
1774 1637 2022 1695 Veritatis
2127 1655 2402 1710 expressa
2431 1643 2489 1694 et
2519 1637 2732 1708 saepius
2761 1636 3059 1692 insinuata
3089 1637 3201 1708 (97)
3236 1642 3326 1692 est
3361 1654 3374 1691 :
3411 1638 3564 1709 quod
3600 1637 3784 1709 Spiri—

359 1737 465 1799 est,
485 1732 622 1802 quia
635 1730 843 1785 dicitur
861 1727 1114 1799 Spiritus
1135 1727 1396 1783 veritatis
1422 1745 1435 1796 ;
1453 1727 1548 1798 qui
1572 1728 1722 1800 [194]
1746 1727 2019 1812 profecto,

2127 1732 2226 1783 tus
2257 1745 2291 1782 a
2321 1727 2465 1784 Filio
2495 1727 2754 1784 mittatur
2791 1735 2842 1783 et
2869 1726 3244 1798 suppeditetur
3281 1727 3464 1797 dignis
3501 1726 3782 1797 ﬁdelibus.

359 1820 417 1874 in
451 1823 734 1889 quantum
765 1819 1014 1873 Veritatis
1039 1821 1149 1882 est,
1173 1817 1230 1871 in
1251 1821 1476 1872 tantum
1513 1815 1659 1872 Filii
1679 1817 1926 1885 exsistit,
1959 1808 2016 1871 et
2047 1808 2092 1873 Β
2126 1817 2284 1872 Hanc
2315 1818 2599 1872 rationem
2633 1816 2832 1871 sedulo
2879 1819 3234 1871 exornarunt
3263 1815 3449 1870 Photii
3493 1830 3776 1887 sequaces

365 1923 433 1963 ex
474 1906 602 1978 ipso
638 1905 1039 1961 exsistentiam
1088 1905 1397 1962 sortitur...
1430 1906 1488 1960 Si
1550 1904 1823 1976 (Spiritus
1873 1922 2008 1960 san-

363 1999 491 2050 ctus
516 2011 583 2049 ex
609 1995 862 2049 Veritate
887 2011 1001 2049 non
1022 1993 1194 2050 habet
1217 2010 1367 2064 esse,
1389 1994 1702 2050 adveniens
1723 2001 1776 2048 et
1793 1993 2010 2048 adven-

361 2084 482 2139 tilia
511 2088 599 2140 est
619 2084 746 2154 ejus
769 2083 978 2138 veritas
1003 2100 1017 2151 ;
1039 2099 1170 2138 cum
1198 2083 1321 2154 ipse
1345 2082 1619 2138 Veritatis
1642 2083 2003 2154 praedicetur,

354 2177 412 2229 et
441 2173 569 2244 ejus
591 2173 817 2228 dicatur
837 2188 982 2228 esse.
1022 2172 1202 2244 Igitur
1224 2172 1374 2227 sicut
1397 2176 1486 2227 est
1513 2171 1808 2238 Veritatis,
1844 2171 1925 2226 sic
1952 2175 2009 2227 et

354 2279 482 2320 esse
503 2271 556 2319 et
577 2262 894 2318 subsistere
920 2262 1092 2318 habet
1113 2278 1179 2317 ea
1207 2261 1478 2330 Veritate,
1511 2267 1567 2317 et
1589 2279 1657 2318 ex
1679 2261 1826 2333 ipsa,
1861 2260 2004 2316 Filio

355 2354 600 2423 scilicet,
626 2355 886 2427 procedit
909 2354 1229 2410 secundum
1257 2369 1630 2424 personarum
1652 2353 1939 2411 ordinem.
1971 2377 2000 2406 ››

428 2444 517 2500 17.
551 2444 765 2516 Objicit
795 2443 910 2498 sibi
942 2443 1182 2498 Photius
1211 2443 1360 2514 (cap.
1393 2442 1482 2512 59)
1523 2443 1580 2498 in
1615 2442 1878 2498 adductis
1909 2445 2004 2499 Bi-

358 2533 608 2590 bliorum
662 2532 1010 2588 testimoniis
1054 2536 1200 2602 (cap.
1259 2533 1372 2605 57),
1418 2536 1481 2586 ut
1513 2534 1612 2589 (sa.
1643 2550 1720 2600 xi,
1769 2534 1804 2585 2
1861 2552 1876 2602 ;
1939 2533 2002 2600 ΙΙ,

363 2624 506 2677 Tim.
543 2638 580 2691 ι,
605 2624 641 2674 7
675 2639 691 2691 ;
725 2621 898 2677 Galat.
933 2638 1009 2689 vx,
1044 2621 1069 2674 1
1099 2639 1111 2689 ;
1149 2621 1326 2677 Exod.
1360 2638 1514 2686 xxxi,
1543 2622 1599 2691 2,
1630 2622 1685 2687 3,
1737 2620 2004 2693 aliisque,

356 2725 472 2765 non
503 2709 701 2781 ipsum
733 2709 1019 2782 Spiritum
1071 2715 1341 2766 sanctum
1383 2709 1851 2782 intelligendum,
1906 2712 2005 2768 sed

353 2799 502 2854 dona
532 2802 587 2854 et
608 2797 965 2854 charismata
991 2799 1060 2854 ab
1091 2814 1157 2855 eo
1189 2801 1596 2870 promanantia
1617 2816 1861 2872 quisque
1883 2801 2006 2873 ipse

355 2886 637 2960 largitur;
664 2887 765 2944 sed
788 2887 932 2943 nihil
966 2887 1069 2944 hoc
1087 2890 1444 2946 adversarios
1460 2890 1662 2959 juvare
1687 2893 2004 2964 contendit,

355 2977 496 3048 quia
525 2978 852 3034 secundum
883 2994 1088 3034 eorum
1113 2978 1298 3050 legem
1328 2980 1661 3036 ratiocinari
1694 2980 1774 3036 ita
1804 2983 2006 3040 debea-

357 3082 528 3122 mus:
555 3067 691 3124 inde
711 3067 968 3139 procedit
991 3068 1268 3140 Spiritus,
1293 3070 1459 3141 cujus
1481 3070 1711 3139 dicitur,
1730 3071 1852 3127 sive
1871 3090 1998 3144 per-

356 3172 502 3213 sona
531 3135 783 3227 Spiritus
814 3157 936 3212 sive
967 3135 1260 3214 charisma
1291 3135 1652 3231 intelligatur
1681 3135 1706 3228 ς’
1729 3135 2000 3234 ergo-non
2031 3135 2078 3200 (ἶ

355 3245 636 3302 charisma
650 3247 1996 3322 producitsapientiam,tiliationem,ﬁdem,etc.,

354 3335 457 3390 sed
487 3335 794 3407 sapientia,
818 3336 1044 3404 filiatio,
1078 3337 1243 3403 ﬁdes,
1279 3341 1411 3405 etc.,
1447 3340 1773 3410 producunt
1805 3341 2000 3397 chari-

349 3428 564 3479 smata.
598 3423 716 3479 lmo
749 3441 882 3479 cum
908 3427 1079 3497 juxta
1107 3427 1464 3483 adversarios
1517 3428 1670 3484 idem
1703 3428 1779 3484 sit
1810 3431 1998 3487 dicere

354 3513 575 3582 Πνεῦμα
599 3527 663 3565 ac
693 3511 882 3567 dicere
904 3512 1216 3581 charisma,
1237 3518 1319 3570 tot
1344 3520 1514 3570 erunt
1536 3516 1680 3586 ipsis
1707 3516 1996 3589 Πνεῦματα

355 3595 824 3672 (ιυοιχαρίσματα
843 3605 900 3656 et
923 3601 1222 3672 quodlibet
1243 3601 1448 3658 horum
1477 3610 1856 3675 pneumatum
1879 3607 1997 3665 sive

355 3687 774 3744 charismatum
808 3690 865 3745 in
889 3692 1005 3746 duo
1035 3690 1344 3759 dividetur,
1373 3710 1619 3764 quorum
1653 3712 1833 3751 unum
1868 3714 1997 3768 pro-

353 3779 545 3846 ducat,
580 3778 824 3835 alterum
870 3782 1246 3852 producatur,
1290 3798 1469 3839 unum
1511 3785 1707 3851 donet,
1751 3787 1996 3845 alterum

353 3867 617 3936 donetur,
649 3867 794 3926 ﬁdes
835 3870 1034 3938 fidem,
1075 3871 1405 3928 intellectus
1435 3872 1793 3932 intellectum
1826 3883 1884 3933 et
1914 3878 1996 3936 sic

350 3955 626 4029 deinceps
660 3959 854 4016 donet.
889 3960 999 4016 Sed
1032 3960 1300 4016 absurdae
1333 3962 1504 4033 plane
1540 3965 1826 4034 ejusmodi
1857 3974 1997 4026 sunt

348 4044 774 4105 conclusiones.
808 4048 873 4104 In
927 4048 1136 4119 primis
1174 4051 1384 4108 docent
1432 4053 1639 4120 Latini,
1693 4054 1997 4128 πνεύματος

347 4150 545 4192 vocem
581 4135 986 4210 multipliciter
1005 4141 1274 4210 usurpari
1303 4157 1316 4207 ;
1351 4142 1676 4210 signiﬁcare
1701 4145 1994 4202 interdum

346 4222 642 4301 ἐνέργειαν,
661 4221 890 4298 δύναμιν
914 4229 1065 4284 haud
1092 4245 1191 4300 per
1223 4245 1284 4286 se
1307 4231 1743 4303 subsistentem,
1777 4236 1997 4308 signifi-

346 4330 484 4372 care
507 4333 659 4384 aera,
691 4321 952 4385 ventum,
985 4316 1209 4385 ﬂatum,
1238 4321 1345 4373 etc.
1381 4339 1395 4387 ;
1430 4336 1561 4375 cum
1593 4338 1720 4378 vero
1743 4340 1874 4380 cum
1898 4343 1994 4381 ar-

2116 1923 2365 1978 eamque
2430 1905 2699 1962 catholici
2775 1905 3030 1978 theologi
3107 1909 3377 1962 accurate
3427 1905 3778 1962 refutarunt.

2119 1997 2343 2052 Etenim
2401 1996 2440 2067 Ι)
2490 1995 2720 2051 etiamsi
2773 1995 2844 2050 ad
2909 1993 3244 2050 missionem
3289 1995 3576 2050 referatur
3618 1996 3775 2066 quod

2115 2086 2366 2158 Spiritus
2389 2085 2603 2141 dicitur
2624 2083 2777 2153 Filii,
2810 2084 2999 2139 adhuc
3028 2084 3319 2154 processio
3337 2084 3544 2139 exinde
3566 2084 3781 2142 deduci

2116 2177 2322 2248 potest,
2353 2190 2482 2229 cum
2521 2173 2720 2229 missio
2767 2172 3108 2244 temporalis
3137 2177 3361 2228 aeternas
3402 2173 3776 2244 processioni

2115 2264 2401 2320 innitatur
2445 2263 2524 2333 (§§
2576 2263 2628 2330 3,
2663 2263 2736 2334 4).
2773 2262 2850 2333 ΙΙ)
2898 2261 3152 2332 Spiritus
3181 2279 3216 2317 a
3245 2261 3518 2318 Patribus
3551 2262 3772 2318 dicitur

2113 2353 2388 2425 proprius
2409 2351 2539 2406 Filii
2561 2351 2884 2407 secundum
2930 2359 3193 2406 naturam
3229 2367 3242 2418 ;
3277 2349 3359 2406 sic
3381 2350 3636 2406 Basilius
3659 2351 3698 2406 Ι.
3727 2351 3772 2420 Ι,

2112 2458 2160 2497 c.
2227 2443 2459 2498 Eunom.
2527 2441 2774 2512 explicat
2865 2442 3086 2510 Πνεῦμα
3150 2441 3410 2511 Χριστοῦ,
3481 2438 3556 2499 ὡς
3630 2441 3770 2494 κατὰ

2114 2530 2269 2606 φύσιν
2339 2529 2684 2601 ᾠκειωμένον
2767 2527 2915 2600 αὐτῷ
2990 2529 3254 2602 (Gregor.
3327 2528 3448 2599 Cpl.
3537 2530 3772 2602 Apolog.

2113 2627 2309 2677 contra
2356 2620 2421 2674 Μ.
2471 2619 2666 2692 Ephes.
2719 2620 2954 2689 Confess.
3007 2619 3137 2674 cod.
3186 2621 3337 2674 Mon.
3367 2620 3440 2672 27
3491 2619 3528 2674 f.
3569 2620 3674 2673 117
3704 2619 3764 2690 b,

2113 2710 2222 2766 hoc
2243 2713 2401 2765 textu
2431 2712 2633 2778 praeter
2647 2707 2792 2764 alios
2825 2707 3030 2778 utitur)
3057 2723 3070 2775 ;
3090 2709 3185 2764 sed
3211 2713 3415 2763 natura
3436 2712 3526 2762 est
3548 2711 3770 2765 eterna

2113 2804 2170 2856 et
2216 2800 2266 2856 si
2297 2799 2436 2871 quid
2470 2803 2681 2854 natura
2713 2797 3015 2870 proprium
3047 2797 3303 2864 alterius,
3336 2797 3465 2867 ejus
3493 2797 3575 2853 rei
3612 2799 3766 2854 ratio

2117 2890 2317 2962 nequit
2347 2905 2415 2944 ex
2447 2887 2815 2960 temporariis
2847 2887 3022 2958 repeti
3065 2905 3079 2956 ;
3112 2895 3198 2943 est
3229 2887 3472 2959 proinde
3509 2887 3766 2959 Spiritus

2116 2979 2388 3050 proprius
2431 2978 2560 3034 Filii
2591 2994 2704 3034 non
2763 2977 2959 3050 aliquo
2990 2975 3102 3032 alio
3133 2981 3421 3049 respectu,
3453 2976 3550 3031 sed
3585 2981 3768 3046 prout

2119 3071 2206 3123 est
2235 3066 2429 3122 divina
2455 3083 2722 3139 persona,
2753 3071 2811 3122 et
2842 3067 2976 3122 inde
3009 3082 3072 3121 ex
3108 3067 3234 3134 ipso
3264 3071 3376 3120 est.
3407 3064 3536 3134 ΙΙΙ).
3566 3064 3769 3121 Causa

2109 3156 2195 3212 sic
2226 3156 2600 3212 ratiocinatur
2631 3155 2913 3228 Georgius
2945 3155 3347 3227 Pachymeres,
3384 3152 3446 3226 (l.
3497 3171 3547 3209 c.
3602 3153 3662 3210 ϐ.
3699 3156 3767 3211 0.

2111 3244 2156 3310 Ι,
2211 3245 2316 3300 390
2358 3248 2526 3317 seq.),
2561 3246 2719 3316 prius
2749 3244 2997 3317 intelligi
3048 3245 3219 3300 debet
3257 3260 3427 3314 quam
3471 3244 3715 3300 eﬂ‘ectus
3749 3264 3764 3312 ;

2109 3346 2161 3394 et
2201 3339 2623 3412 sempiternum
2672 3339 2729 3394 in
2782 3336 3050 3410 personis
3099 3336 3309 3393 divinis
3372 3337 3536 3410 prius
3583 3353 3764 3407 quam

2109 3431 2350 3487 eﬂ‘sctus
2381 3446 2581 3485 earum
2615 3429 2763 3502 [196]
2797 3428 2896 3500 qui
2929 3435 3064 3483 sunt
3091 3429 3465 3501 temporales.
3497 3427 3765 3498 Spiritus

2109 3524 2342 3577 sanctus
2393 3519 2522 3575 ideo
2572 3519 2631 3574 in
2672 3523 2934 3590 tempore
2963 3518 3366 3590 suppeditatur
3413 3515 3686 3572 ﬁdelibus
3731 3533 3766 3572 a

2109 3608 2272 3674 Filio,
2308 3608 2440 3679 quia
2471 3613 2560 3664 est
2593 3613 2650 3663 et
2680 3607 2892 3662 dicitur
2919 3606 3170 3678 Spiritus
3201 3606 3326 3661 Filii
3361 3623 3375 3674 ;
3410 3605 3519 3660 hoc
3547 3613 3633 3660 est
3665 3621 3765 3661 ve-

2108 3697 2216 3754 luti
2247 3713 2444 3766 causa,
2479 3697 2616 3753 illud
2649 3696 2826 3751 voluti
2860 3697 3119 3751 effectus.
3146 3694 3293 3768 Ergo
3316 3695 3470 3768 quod
3500 3694 3766 3766 Spiritus

2109 3788 2336 3844 dicatur
2381 3787 2530 3855 Filii,
2591 3803 2659 3842 ex
2709 3802 2774 3842 eo
2829 3785 2972 3842 ratio
3016 3801 3131 3841 non
3185 3786 3296 3855 peti
3341 3789 3558 3856 potest,
3599 3785 3764 3854 quod

2108 3881 2356 3936 donetur
2405 3897 2438 3935 a
2488 3879 2628 3935 Filio
2669 3878 2880 3950 dignis.
2937 3878 3150 3934 Eodem
3199 3878 3370 3933 modo
3441 3877 3760 3932 Bessarion

2107 3970 2297 4042 (epist.
2324 3971 2392 4024 ad
2419 3968 2579 4024 Alex.
2612 3969 2772 4023 Lasc.
2798 3983 2848 4022 c.
2872 3967 2907 4020 7
2941 3967 3149 4035 ;Hard.
3179 3967 3270 4035 IX,
3297 3967 3455 4036 1067)
3485 3982 3499 4020 :
3533 3988 3562 4015 «
3589 3964 3762 4028 Quod

2107 4059 2158 4114 si
2202 4059 2336 4130 quis
2379 4059 2534 4114 dicat
2565 4077 2576 4113 :
2614 4057 2745 4113 Ideo
2776 4057 2988 4111 dicitur
3019 4056 3273 4128 Spiritus
3323 4053 3469 4121 Filii,
3516 4053 3655 4124 quia
3685 4070 3762 4109 ex

2105 4165 2172 4205 eo
2223 4148 2492 4215 mittitur,
2549 4147 2692 4202 falsa
2731 4151 2821 4201 est
2861 4145 3049 4213 ratio;
3110 4163 3139 4200 e
3169 4160 3442 4201 converso
3499 4159 3762 4213 namque

2106 4238 2245 4308 quia
2273 4238 2396 4308 ejus
2427 4242 2533 4304 est,
2578 4236 2830 4292 mittitur
2885 4236 2958 4290 ab
2989 4251 3054 4291 eo
3101 4251 3115 4303 ;
3195 4234 3392 4306 priora
3420 4233 3578 4288 enim
3612 4235 3761 4286 sunt

2103 4343 2282 4382 causa
2313 4326 2699 4400 posteriorum
2753 4327 2891 4394 (non
2949 4323 3073 4380 vice
3102 4325 3302 4393 versa).
3346 4321 3512 4377 Prius
3554 4323 3762 4376 autem

344 4401 523 4458 ticulo
537 4401 1164 4474 ponatur,plerumque
1180 4420 1300 4460 rem
1315 4409 1993 4482 certam,singularemac
2026 4463 2067 4486 η
2104 4422 2209 4484 est,
2233 4417 2382 4484 quod
2417 4414 2669 4486 Spiritus
2701 4416 2776 4469 sit
2795 4413 3049 4484 Spiritus
3081 4411 3250 4478 Filii;
3276 4408 3560 4484 posterius
3591 4425 3761 4477 vero,

345 4463 690 4561 regulariter
718 4463 1131 4546 subsistentem
1165 4497 1364 4549 notare
1394 4514 1408 4563 ;
1436 4495 1494 4550 in
2022 4463 2068 4528 Β
2098 4463 2668 4576 iamEt—idid}?

2833 4525 2860 4552 ι»
2891 4501 2986 4574 IV)
3039 4501 3160 4560 Non
3195 4501 3391 4556 minus
3421 4503 3764 4570 opportuna

345 4579 594 4634 advertit
626 4578 929 4651 Didymus,
981 4581 1020 4638 Ι.
1082 4597 1100 4636 ι
1145 4583 1216 4637 De
1247 4585 1425 4651 Trin.,
1462 4589 1684 4659 Πνεῦμα
1722 4606 1989 4648 commu-
2098 4597 2256 4663 sunt,
2290 4610 2417 4665 quae
2449 4593 2707 4664 disputat
2759 4591 2923 4663 Hugo
2970 4590 3319 4646 Etherianus
3348 4588 3412 4658 (l.
3448 4603 3512 4655 ιι,
3562 4603 3614 4643 c.
3658 4587 3759 4654 20,

346 4666 499 4722 niter
554 4666 666 4722 dici
717 4667 1000 4740 Spiritum
1054 4675 1316 4727 sanctum
1374 4697 1388 4743 ;
1448 4692 1618 4746 posse
1656 4695 1789 4736 vero
1843 4689 1897 4738 et
1927 4681 1990 4746 τὸ

349 4755 570 4825 Πνεῦμα
599 4755 751 4812 dona
782 4757 1034 4829 Spiritus
1077 4760 1265 4817 sancti
1296 4743 1623 4835 signi—ﬁcere
1654 4768 1840 4840 ﬁgura
1871 4743 1993 4828 me;

351 4841 652 4914 tonymiee,
676 4860 792 4916 qua
811 4863 914 4918 pro
935 4848 1234 4906 effectibus
1267 4867 1513 4922 persona
1541 4854 1800 4913 effectrix
1834 4860 1994 4931 poni.

345 4931 458 5020 tur,
496 4931 776 5020 uthphcs.
821 4951 898 5004 ιν,
929 4938 999 4992 23
1043 4955 1057 5006 ;
1090 4941 1112 4993 1
1143 4941 1316 4996 Thess.
1349 4959 1402 5013 ν,
1437 4942 1503 4997 19
1544 4961 1558 5013 ;
1601 4946 1629 5000 l
1661 4948 1818 5004 Joan.
1854 4966 1927 5020 ιν,
1962 4953 1987 5006 1

344 5016 416 5088 (ΙΙ
477 5016 692 5075 Kilber.
751 5022 951 5081 Theol.
1015 5027 1186 5086 Wire.
1235 5030 1409 5087 Tract.
1463 5033 1536 5088 Dc
1601 5035 1727 5092 Deo
1775 5016 1992 5096 ωηο-ει

341 5105 490 5194 ινξιεο
522 5107 672 5178 disp.
705 5108 760 5176 6,
795 5125 842 5166 c.
875 5111 910 5165 2
942 5131 956 5181 ;
994 5117 1103 5172 art.
1166 5116 1190 5169 1
1225 5117 1326 5172 fin.
1361 5135 1418 5176 n.
1449 5119 1600 5194 343).
1651 5123 1717 5180 Et
1749 5133 1899 5180 recte
1930 5126 1991 5183 in

346 5191 540 5250 multis
567 5195 890 5256 Bibliorum
939 5201 1081 5258 locis
1135 5221 1236 5276 per
1276 5191 1568 5280 Spiritum:
1590 5213 1738 5284 [195]
1779 5213 1992 5271 intelli-

345 5286 490 5354 gunt
545 5285 924 5350 charismata,
989 5295 1052 5346 ut
1111 5293 1236 5363 jam
1296 5296 1534 5366 pluralis
1589 5299 1657 5353 τὰ
1712 5301 1993 5374 πνεύματα

344 5389 400 5430 ν.
433 5390 520 5446 gr.
573 5377 783 5433 IJoan.
846 5397 922 5448 1v,
957 5381 1007 5449 1,
1061 5385 1334 5443 ostendit.
1397 5387 1507 5444 Sed
1564 5389 1698 5448 inde
1743 5409 1856 5448 non
1899 5409 1991 5450 se-

347 5468 625 5536 quuntur,
661 5483 788 5539 quas
828 5469 1295 5531 comminiscitur
1323 5475 1563 5537 Photius
1600 5497 1614 5550 ;
1649 5497 1782 5539 nam
1812 5498 1992 5541 cano-

418 5648 538 5724 (97)
585 5650 734 5709 Vide
781 5656 892 5711 art.
924 5657 1172 5727 praeced.
1208 5657 1318 5729 §9.

2101 4697 2158 4753 p.
2193 4681 2354 4751 1235)
2389 4698 2401 4736 :
2453 4702 2481 4729 «
2513 4684 2637 4735 Non
2692 4679 2902 4735 dicitur
2931 4677 3180 4750 Spiritus
3229 4675 3355 4732 Filii
3405 4678 3465 4730 ut
3493 4675 3761 4729 consub-

2101 4770 2371 4827 stantiale
2393 4775 2449 4826 et
2469 4770 2566 4842 qui
2591 4769 2846 4825 mittitur
2869 4785 2967 4840 per
2989 4769 3206 4838 ipsum,
3241 4771 3304 4822 ut
3333 4763 3527 4820 Photii
3551 4762 3759 4819 decla-

2101 4865 2191 4916 rat
2220 4860 2512 4930 descripto
2544 4877 2559 4925 ;
2592 4867 2691 4914 aut
2721 4858 2873 4913 enim
2896 4855 3245 4912 mternaliter
3263 4859 3354 4910 est
3383 4852 3509 4908 Filii
3533 4867 3763 4924 perque

2101 4951 2290 5020 ipsum
2325 4947 2672 5003 mternaliter
2721 4948 2989 5016 mittitur,
3049 4949 3150 5000 aut
3199 4945 3362 5016 prius
3418 4941 3544 4996 Filii
3606 4947 3760 5007 erat,

2101 5054 2276 5110 quam
2325 5054 2424 5108 per
2455 5038 2647 5108 ipsum
2711 5037 3063 5090 mitteretur.
3123 5035 3280 5099 Quod
3343 5032 3388 5086 si
3433 5033 3760 5100 antequam

2102 5129 2448 5194 mitteretur,
2484 5125 2608 5180 Filii
2639 5133 2760 5181 erat
2791 5125 3061 5195 Spiritus,
3091 5139 3202 5179 non
3233 5120 3372 5194 quia
3419 5135 3522 5191 per
3553 5120 3760 5190 ipsum

2101 5216 2372 5286 mittitur,
2404 5217 2529 5286 ejus
2552 5215 2796 5270 exsistit.
2831 5213 2900 5268 Et
2934 5228 3136 5268 rursus
3161 5209 3207 5266 si
3244 5227 3343 5281 per
3373 5207 3588 5264 Filium
3622 5205 3765 5278 Spi-

2101 5304 2250 5359 ritus
2281 5302 2631 5359 zsternaliter
2679 5301 2952 5369 mittitur,
2995 5305 3098 5356 aut
3141 5299 3395 5353 mittitur
3426 5294 3569 5352 Filio
3617 5308 3761 5350 cum

2101 5393 2267 5450 Patre
2301 5393 2562 5448 mittente
2585 5393 2798 5464 ipsum,
2824 5395 2925 5448 aut
2945 5395 3220 5462 tanquam
3263 5404 3364 5459 per
3391 5387 3770 5442 instrumen-

2102 5486 2236 5538 tum
2271 5483 2520 5538 mittitur
2549 5497 2644 5552 per
2675 5481 2904 5548 Filium,
2929 5479 3106 5538 veluti
3137 5495 3240 5552 per
3269 5493 3470 5534 arcum
3497 5474 3764 5532 mittitur
