  <div class='ocr_page' id='page_1' title='image "/cluster/home/n/w/nwhite01/storage/ocr_20150623/102/hvd.32044073502155/244.png"; bbox 0 0 4058 6216; ppageno 0'>
   <div class='ocr_carea' id='block_1_1' title="bbox 311 333 433 392">
    <p class='ocr_par' dir='ltr' id='par_1_1' title="bbox 311 333 433 392">
     <span class='ocr_line' id='line_1_1' title="bbox 311 333 433 392; baseline -0.016 0"><span class='ocrx_word' id='word_1_1' title='bbox 311 333 433 392; x_wconf 67' lang='grc'><strong>149</strong></span> 
     </span>
    </p>
   </div>
   <div class='ocr_carea' id='block_1_2' title="bbox 1037 328 2999 399">
    <p class='ocr_par' dir='ltr' id='par_1_2' title="bbox 1037 328 2999 399">
     <span class='ocr_line' id='line_1_2' title="bbox 1037 328 2999 399; baseline 0.005 -9"><span class='ocrx_word' id='word_1_2' title='bbox 1037 331 1140 390; x_wconf 86' lang='lat' dir='ltr'><strong>DE</strong></span> <span class='ocrx_word' id='word_1_3' title='bbox 1183 331 1246 392; x_wconf 92' lang='lat' dir='ltr'><strong>S.</strong></span> <span class='ocrx_word' id='word_1_4' title='bbox 1292 329 1492 390; x_wconf 76' lang='lat' dir='ltr'><strong>SPIii.</strong></span> <span class='ocrx_word' id='word_1_5' title='bbox 1541 328 2069 390; x_wconf 81' lang='lat' dir='ltr'><strong>MYSTAGOGIA.</strong></span> <span class='ocrx_word' id='word_1_6' title='bbox 2118 361 2195 372; x_wconf 96' lang='lat'><strong>—</strong></span> <span class='ocrx_word' id='word_1_7' title='bbox 2237 330 2999 399; x_wconf 79' lang='lat' dir='ltr'><strong>ANIMADVERSIONES.</strong></span> 
     </span>
    </p>
   </div>
   <div class='ocr_carea' id='block_1_3' title="bbox 3606 351 3726 413">
    <p class='ocr_par' dir='ltr' id='par_1_3' title="bbox 3606 351 3726 413">
     <span class='ocr_line' id='line_1_3' title="bbox 3606 351 3726 413; baseline 0.033 -4"><span class='ocrx_word' id='word_1_8' title='bbox 3606 351 3726 413; x_wconf 73' lang='grc'><strong>450</strong></span> 
     </span>
    </p>
   </div>
   <div class='ocr_carea' id='block_1_4' title="bbox 307 461 3725 549">
    <p class='ocr_par' dir='ltr' id='par_1_4' title="bbox 307 461 3725 549">
     <span class='ocr_line' id='line_1_4' title="bbox 307 461 3725 549; baseline 0.006 -30"><span class='ocrx_word' id='word_1_9' title='bbox 307 468 567 542; x_wconf 81' lang='lat' dir='ltr'><strong>sagitta;</strong></span> <span class='ocrx_word' id='word_1_10' title='bbox 601 469 704 525; x_wconf 90' lang='lat' dir='ltr'><strong>sed</strong></span> <span class='ocrx_word' id='word_1_11' title='bbox 735 469 846 524; x_wconf 91' lang='lat' dir='ltr'><strong>hoc</strong></span> <span class='ocrx_word' id='word_1_12' title='bbox 884 471 974 522; x_wconf 90' lang='lat' dir='ltr'><strong>est</strong></span> <span class='ocrx_word' id='word_1_13' title='bbox 1003 465 1382 538; x_wconf 83' lang='lat' dir='ltr'><strong>impossibile,</strong></span> <span class='ocrx_word' id='word_1_14' title='bbox 1408 481 1474 522; x_wconf 92' lang='lat' dir='ltr'><strong>eo</strong></span> <span class='ocrx_word' id='word_1_15' title='bbox 1505 465 1658 536; x_wconf 92' lang='lat' dir='ltr'><strong>quod</strong></span> <span class='ocrx_word' id='word_1_16' title='bbox 1705 461 1817 519; x_wconf 86' lang='lat' dir='ltr'><strong>alia</strong></span> <span class='ocrx_word' id='word_1_17' title='bbox 1857 478 1963 518; x_wconf 84' lang='lat' dir='ltr'><strong>na-</strong></span> <span class='ocrx_word' id='word_1_18' title='bbox 1995 465 2044 530; x_wconf 80' lang='grc' dir='ltr'>Α</span> <span class='ocrx_word' id='word_1_19' title='bbox 2075 471 2291 533; x_wconf 75' lang='lat' dir='ltr'><strong>gratiae.</strong></span> <span class='ocrx_word' id='word_1_20' title='bbox 2327 465 2400 520; x_wconf 83' lang='lat' dir='ltr'><strong>At</strong></span> <span class='ocrx_word' id='word_1_21' title='bbox 2426 464 2528 521; x_wconf 85' lang='lat' dir='ltr'><strong>Dei</strong></span> <span class='ocrx_word' id='word_1_22' title='bbox 2556 465 2807 524; x_wconf 87' lang='lat' dir='ltr'>Verbum</span> <span class='ocrx_word' id='word_1_23' title='bbox 2841 469 2987 526; x_wconf 87' lang='lat' dir='ltr'><strong>nihil</strong></span> <span class='ocrx_word' id='word_1_24' title='bbox 3032 487 3102 528; x_wconf 90' lang='lat' dir='ltr'><strong>ex</strong></span> <span class='ocrx_word' id='word_1_25' title='bbox 3148 473 3354 544; x_wconf 89' lang='lat' dir='ltr'><strong>gratia,</strong></span> <span class='ocrx_word' id='word_1_26' title='bbox 3388 478 3524 549; x_wconf 94' lang='lat' dir='ltr'><strong>quia</strong></span> <span class='ocrx_word' id='word_1_27' title='bbox 3577 484 3725 540; x_wconf 88' lang='lat' dir='ltr'><strong>Deus</strong></span> 
     </span>
    </p>
   </div>
   <div class='ocr_carea' id='block_1_5' title="bbox 312 551 3726 632">
    <p class='ocr_par' dir='ltr' id='par_1_5' title="bbox 312 551 3726 632">
     <span class='ocr_line' id='line_1_5' title="bbox 312 551 3726 632; baseline 0 -19"><span class='ocrx_word' id='word_1_28' title='bbox 312 563 448 614; x_wconf 88' lang='lat' dir='ltr'><strong>tura</strong></span> <span class='ocrx_word' id='word_1_29' title='bbox 476 557 557 614; x_wconf 90' lang='lat' dir='ltr'><strong>sit</strong></span> <span class='ocrx_word' id='word_1_30' title='bbox 586 573 798 627; x_wconf 66' lang='lat' dir='ltr'><strong>causa,</strong></span> <span class='ocrx_word' id='word_1_31' title='bbox 846 559 903 612; x_wconf 91' lang='lat' dir='ltr'><strong>et</strong></span> <span class='ocrx_word' id='word_1_32' title='bbox 931 555 1046 611; x_wconf 90' lang='lat' dir='ltr'><strong>alia</strong></span> <span class='ocrx_word' id='word_1_33' title='bbox 1097 556 1475 612; x_wconf 81' lang='lat' dir='ltr'><strong>instrumenti</strong></span> <span class='ocrx_word' id='word_1_34' title='bbox 1506 574 1521 616; x_wconf 85' lang='lat'><strong>:</strong></span> <span class='ocrx_word' id='word_1_35' title='bbox 1553 553 1780 609; x_wconf 90' lang='lat' dir='ltr'><strong>alienus</strong></span> <span class='ocrx_word' id='word_1_36' title='bbox 1824 551 1972 607; x_wconf 89' lang='lat' dir='ltr'><strong>foret</strong></span> <span class='ocrx_word' id='word_1_37' title='bbox 2080 560 2186 610; x_wconf 79' lang='lat' dir='ltr'><strong>est.</strong></span> <span class='ocrx_word' id='word_1_38' title='bbox 2220 553 2508 624; x_wconf 80' lang='lat' dir='ltr'><strong>possidet;</strong></span> <span class='ocrx_word' id='word_1_39' title='bbox 2553 572 2734 628; x_wconf 85' lang='lat' dir='ltr'><strong>quare</strong></span> <span class='ocrx_word' id='word_1_40' title='bbox 2785 559 2933 614; x_wconf 87' lang='lat' dir='ltr'><strong>nihil</strong></span> <span class='ocrx_word' id='word_1_41' title='bbox 2984 561 3300 632; x_wconf 77' lang='lat' dir='ltr'><strong>adjectum,</strong></span> <span class='ocrx_word' id='word_1_42' title='bbox 3353 566 3498 622; x_wconf 83' lang='lat' dir='ltr'><strong>nihil</strong></span> <span class='ocrx_word' id='word_1_43' title='bbox 3549 568 3726 627; x_wconf 66' lang='lat' dir='ltr'><strong>habet</strong></span> 
     </span>
    </p>
   </div>
   <div class='ocr_carea' id='block_1_6' title="bbox 309 642 3725 724">
    <p class='ocr_par' dir='ltr' id='par_1_6' title="bbox 309 642 3725 724">
     <span class='ocr_line' id='line_1_6' title="bbox 309 642 3725 724; baseline 0.001 -22"><span class='ocrx_word' id='word_1_44' title='bbox 309 647 494 702; x_wconf 89' lang='lat' dir='ltr'><strong>Filius</strong></span> <span class='ocrx_word' id='word_1_45' title='bbox 525 665 559 703; x_wconf 91' lang='lat' dir='ltr'><strong>a</strong></span> <span class='ocrx_word' id='word_1_46' title='bbox 589 649 784 716; x_wconf 83' lang='lat' dir='ltr'><strong>Patre,</strong></span> <span class='ocrx_word' id='word_1_47' title='bbox 817 650 880 700; x_wconf 93' lang='lat' dir='ltr'><strong>ut</strong></span> <span class='ocrx_word' id='word_1_48' title='bbox 909 645 1366 700; x_wconf 76' lang='lat' dir='ltr'><strong>instrumentum</strong></span> <span class='ocrx_word' id='word_1_49' title='bbox 1399 644 1469 699; x_wconf 89' lang='lat' dir='ltr'><strong>ab</strong></span> <span class='ocrx_word' id='word_1_50' title='bbox 1499 643 1745 699; x_wconf 81' lang='lat' dir='ltr'><strong>artifice.</strong></span> <span class='ocrx_word' id='word_1_51' title='bbox 1779 642 1969 705; x_wconf 81' lang='lat' dir='ltr'><strong>Quare</strong></span> <span class='ocrx_word' id='word_1_52' title='bbox 2081 658 2268 711; x_wconf 85' lang='lat' dir='ltr'><strong>nuper</strong></span> <span class='ocrx_word' id='word_1_53' title='bbox 2298 644 2636 713; x_wconf 85' lang='lat' dir='ltr'><strong>adveniens,</strong></span> <span class='ocrx_word' id='word_1_54' title='bbox 2672 647 2766 701; x_wconf 91' lang='lat' dir='ltr'><strong>sed</strong></span> <span class='ocrx_word' id='word_1_55' title='bbox 2816 653 2879 702; x_wconf 90' lang='lat' dir='ltr'><strong>ut</strong></span> <span class='ocrx_word' id='word_1_56' title='bbox 2927 667 2960 704; x_wconf 91' lang='lat' dir='ltr'><strong>a</strong></span> <span class='ocrx_word' id='word_1_57' title='bbox 3010 651 3298 724; x_wconf 89' lang='lat' dir='ltr'><strong>principio</strong></span> <span class='ocrx_word' id='word_1_58' title='bbox 3342 657 3725 716; x_wconf 70' lang='lat' dir='ltr'><strong>constiterant</strong></span> 
     </span>
    </p>
   </div>
   <div class='ocr_carea' id='block_1_7' title="bbox 317 731 1967 805">
    <p class='ocr_par' dir='ltr' id='par_1_7' title="bbox 317 731 1967 805">
     <span class='ocr_line' id='line_1_7' title="bbox 317 731 1967 805; baseline -0.004 -14"><span class='ocrx_word' id='word_1_59' title='bbox 317 737 502 791; x_wconf 90' lang='lat' dir='ltr'><strong>mittit</strong></span> <span class='ocrx_word' id='word_1_60' title='bbox 533 736 715 791; x_wconf 85' lang='lat' dir='ltr'><strong>Filius</strong></span> <span class='ocrx_word' id='word_1_61' title='bbox 745 741 802 790; x_wconf 86' lang='lat' dir='ltr'><strong>et</strong></span> <span class='ocrx_word' id='word_1_62' title='bbox 834 734 1002 790; x_wconf 88' lang='lat' dir='ltr'><strong>habet</strong></span> <span class='ocrx_word' id='word_1_63' title='bbox 1049 733 1333 805; x_wconf 82' lang='lat' dir='ltr'><strong>Spiritum</strong></span> <span class='ocrx_word' id='word_1_64' title='bbox 1375 733 1634 795; x_wconf 87' lang='lat' dir='ltr'><strong>omnino,</strong></span> <span class='ocrx_word' id='word_1_65' title='bbox 1680 731 1967 802; x_wconf 88' lang='lat' dir='ltr'><strong>quemad-</strong></span> 
     </span>
    </p>
   </div>
   <div class='ocr_carea' id='block_1_8' title="bbox 311 819 1962 894">
    <p class='ocr_par' dir='ltr' id='par_1_8' title="bbox 311 819 1962 894">
     <span class='ocr_line' id='line_1_8' title="bbox 311 819 1962 894; baseline -0.004 -13"><span class='ocrx_word' id='word_1_66' title='bbox 311 827 560 881; x_wconf 90' lang='lat' dir='ltr'><strong>modum</strong></span> <span class='ocrx_word' id='word_1_67' title='bbox 588 829 646 880; x_wconf 91' lang='lat' dir='ltr'><strong>et</strong></span> <span class='ocrx_word' id='word_1_68' title='bbox 675 823 864 888; x_wconf 89' lang='lat' dir='ltr'><strong>Pater,</strong></span> <span class='ocrx_word' id='word_1_69' title='bbox 899 823 997 894; x_wconf 89' lang='lat' dir='ltr'><strong>qui</strong></span> <span class='ocrx_word' id='word_1_70' title='bbox 1031 821 1249 878; x_wconf 87' lang='lat' dir='ltr'><strong>scilicet</strong></span> <span class='ocrx_word' id='word_1_71' title='bbox 1277 821 1532 892; x_wconf 81' lang='lat' dir='ltr'><strong>Spiritus</strong></span> <span class='ocrx_word' id='word_1_72' title='bbox 1575 835 1764 891; x_wconf 91' lang='lat' dir='ltr'><strong>neque</strong></span> <span class='ocrx_word' id='word_1_73' title='bbox 1804 819 1864 874; x_wconf 91' lang='lat' dir='ltr'><strong>in</strong></span> <span class='ocrx_word' id='word_1_74' title='bbox 1896 835 1962 875; x_wconf 92' lang='lat' dir='ltr'><strong>eo</strong></span> 
     </span>
    </p>
   </div>
   <div class='ocr_carea' id='block_1_9' title="bbox 308 908 1962 987">
    <p class='ocr_par' dir='ltr' id='par_1_9' title="bbox 308 908 1962 987">
     <span class='ocr_line' id='line_1_9' title="bbox 308 908 1962 987; baseline -0.005 -17"><span class='ocrx_word' id='word_1_75' title='bbox 308 915 464 987; x_wconf 89' lang='lat' dir='ltr'><strong>quod</strong></span> <span class='ocrx_word' id='word_1_76' title='bbox 492 914 742 970; x_wconf 87' lang='lat' dir='ltr'><strong>mittitur</strong></span> <span class='ocrx_word' id='word_1_77' title='bbox 760 912 975 968; x_wconf 90' lang='lat' dir='ltr'><strong>alicubi</strong></span> <span class='ocrx_word' id='word_1_78' title='bbox 1009 911 1070 985; x_wconf 88' lang='grc'><strong>(1.</strong></span> <span class='ocrx_word' id='word_1_79' title='bbox 1096 910 1295 982; x_wconf 86' lang='lat' dir='ltr'><strong>alicui)</strong></span> <span class='ocrx_word' id='word_1_80' title='bbox 1314 908 1829 968; x_wconf 87' lang='lat' dir='ltr'><strong>consubstantialis</strong></span> <span class='ocrx_word' id='word_1_81' title='bbox 1851 913 1962 964; x_wconf 85' lang='lat' dir='ltr'><strong>est.</strong></span> 
     </span>
    </p>
   </div>
   <div class='ocr_carea' id='block_1_10' title="bbox 310 998 1962 1075">
    <p class='ocr_par' dir='ltr' id='par_1_10' title="bbox 310 998 1962 1075">
     <span class='ocr_line' id='line_1_10' title="bbox 310 998 1962 1075; baseline -0.004 -15"><span class='ocrx_word' id='word_1_82' title='bbox 310 1004 578 1060; x_wconf 82' lang='lat' dir='ltr'><strong>Profecto</strong></span> <span class='ocrx_word' id='word_1_83' title='bbox 610 1020 740 1075; x_wconf 68' lang='lat' dir='ltr'><strong>quas</strong></span> <span class='ocrx_word' id='word_1_84' title='bbox 771 1001 1014 1058; x_wconf 88' lang='lat' dir='ltr'><strong>minime</strong></span> <span class='ocrx_word' id='word_1_85' title='bbox 1055 1000 1521 1056; x_wconf 82' lang='lat' dir='ltr'><strong>substantialiter</strong></span> <span class='ocrx_word' id='word_1_86' title='bbox 1559 999 1777 1066; x_wconf 89' lang='lat' dir='ltr'><strong>insunt,</strong></span> <span class='ocrx_word' id='word_1_87' title='bbox 1819 998 1962 1054; x_wconf 89' lang='lat' dir='ltr'><strong>sub-</strong></span> 
     </span>
    </p>
   </div>
   <div class='ocr_carea' id='block_1_11' title="bbox 309 1087 1966 1162">
    <p class='ocr_par' dir='ltr' id='par_1_11' title="bbox 309 1087 1966 1162">
     <span class='ocr_line' id='line_1_11' title="bbox 309 1087 1966 1162; baseline -0.004 -13"><span class='ocrx_word' id='word_1_88' title='bbox 309 1092 614 1149; x_wconf 79' lang='lat' dir='ltr'><strong>stantialis</strong></span> <span class='ocrx_word' id='word_1_89' title='bbox 639 1109 767 1148; x_wconf 90' lang='lat' dir='ltr'><strong>esse</strong></span> <span class='ocrx_word' id='word_1_90' title='bbox 791 1107 906 1147; x_wconf 92' lang='lat' dir='ltr'><strong>non</strong></span> <span class='ocrx_word' id='word_1_91' title='bbox 939 1094 1205 1162; x_wconf 90' lang='lat' dir='ltr'><strong>possunt.</strong></span> <span class='ocrx_word' id='word_1_92' title='bbox 1244 1089 1547 1156; x_wconf 89' lang='lat' dir='ltr'><strong>Quomodo</strong></span> <span class='ocrx_word' id='word_1_93' title='bbox 1578 1087 1736 1143; x_wconf 92' lang='lat' dir='ltr'><strong>enim</strong></span> <span class='ocrx_word' id='word_1_94' title='bbox 1771 1104 1806 1142; x_wconf 90' lang='lat' dir='ltr'><strong>a</strong></span> <span class='ocrx_word' id='word_1_95' title='bbox 1835 1103 1966 1159; x_wconf 88' lang='lat' dir='ltr'><strong>pro-</strong></span> 
     </span>
    </p>
   </div>
   <div class='ocr_carea' id='block_1_12' title="bbox 310 1175 1966 1252">
    <p class='ocr_par' dir='ltr' id='par_1_12' title="bbox 310 1175 1966 1252">
     <span class='ocr_line' id='line_1_12' title="bbox 310 1175 1966 1252; baseline -0.004 -16"><span class='ocrx_word' id='word_1_96' title='bbox 310 1181 659 1252; x_wconf 87' lang='lat' dir='ltr'><strong>prietatihus</strong></span> <span class='ocrx_word' id='word_1_97' title='bbox 695 1181 767 1236; x_wconf 85' lang='lat' dir='ltr'><strong>ad</strong></span> <span class='ocrx_word' id='word_1_98' title='bbox 809 1179 1229 1235; x_wconf 83' lang='lat' dir='ltr'><strong>substantiales</strong></span> <span class='ocrx_word' id='word_1_99' title='bbox 1277 1177 1619 1249; x_wconf 87' lang='lat' dir='ltr'><strong>qualitates,</strong></span> <span class='ocrx_word' id='word_1_100' title='bbox 1663 1175 1789 1233; x_wconf 90' lang='lat' dir='ltr'><strong>scil.</strong></span> <span class='ocrx_word' id='word_1_101' title='bbox 1832 1177 1966 1231; x_wconf 91' lang='lat' dir='ltr'><strong>sub-</strong></span> 
     </span>
    </p>
   </div>
   <div class='ocr_carea' id='block_1_13' title="bbox 306 1263 1964 1337">
    <p class='ocr_par' dir='ltr' id='par_1_13' title="bbox 306 1263 1964 1337">
     <span class='ocr_line' id='line_1_13' title="bbox 306 1263 1964 1337; baseline -0.004 -11"><span class='ocrx_word' id='word_1_102' title='bbox 306 1269 616 1327; x_wconf 88' lang='lat' dir='ltr'><strong>stantiales</strong></span> <span class='ocrx_word' id='word_1_103' title='bbox 635 1268 990 1324; x_wconf 69' lang='lat' dir='ltr'><strong>differentias</strong></span> <span class='ocrx_word' id='word_1_104' title='bbox 1012 1267 1296 1324; x_wconf 90' lang='lat' dir='ltr'><strong>rationem</strong></span> <span class='ocrx_word' id='word_1_105' title='bbox 1320 1266 1626 1322; x_wconf 77' lang='lat' dir='ltr'><strong>transferri</strong></span> <span class='ocrx_word' id='word_1_106' title='bbox 1650 1263 1964 1337; x_wconf 83' lang='lat' dir='ltr'><strong>possibile?</strong></span> 
     </span>
    </p>
   </div>
   <div class='ocr_carea' id='block_1_14' title="bbox 304 1353 1959 1426">
    <p class='ocr_par' dir='ltr' id='par_1_14' title="bbox 304 1353 1959 1426">
     <span class='ocr_line' id='line_1_14' title="bbox 304 1353 1959 1426; baseline -0.004 -12"><span class='ocrx_word' id='word_1_107' title='bbox 304 1359 596 1414; x_wconf 82' lang='lat' dir='ltr'><strong>Existimo</strong></span> <span class='ocrx_word' id='word_1_108' title='bbox 627 1375 744 1413; x_wconf 89' lang='lat' dir='ltr'><strong>non</strong></span> <span class='ocrx_word' id='word_1_109' title='bbox 777 1362 946 1412; x_wconf 87' lang='lat' dir='ltr'><strong>recte.</strong></span> <span class='ocrx_word' id='word_1_110' title='bbox 986 1356 1112 1412; x_wconf 92' lang='lat' dir='ltr'><strong>Non</strong></span> <span class='ocrx_word' id='word_1_111' title='bbox 1145 1356 1301 1411; x_wconf 90' lang='lat' dir='ltr'><strong>enim</strong></span> <span class='ocrx_word' id='word_1_112' title='bbox 1333 1359 1422 1411; x_wconf 90' lang='lat' dir='ltr'><strong>est</strong></span> <span class='ocrx_word' id='word_1_113' title='bbox 1454 1354 1777 1426; x_wconf 90' lang='lat' dir='ltr'><strong>proprietas</strong></span> <span class='ocrx_word' id='word_1_114' title='bbox 1802 1353 1959 1409; x_wconf 92' lang='lat' dir='ltr'><strong>idem</strong></span> 
     </span>
    </p>
   </div>
   <div class='ocr_carea' id='block_1_15' title="bbox 305 1442 1962 1518">
    <p class='ocr_par' dir='ltr' id='par_1_15' title="bbox 305 1442 1962 1518">
     <span class='ocr_line' id='line_1_15' title="bbox 305 1442 1962 1518; baseline -0.004 -15"><span class='ocrx_word' id='word_1_115' title='bbox 305 1446 680 1504; x_wconf 83' lang='lat' dir='ltr'><strong>substantiali</strong></span> <span class='ocrx_word' id='word_1_116' title='bbox 704 1444 1011 1518; x_wconf 87' lang='lat' dir='ltr'><strong>qualitati;</strong></span> <span class='ocrx_word' id='word_1_117' title='bbox 1037 1449 1341 1517; x_wconf 86' lang='lat' dir='ltr'><strong>propterea</strong></span> <span class='ocrx_word' id='word_1_118' title='bbox 1365 1461 1480 1500; x_wconf 91' lang='lat' dir='ltr'><strong>non</strong></span> <span class='ocrx_word' id='word_1_119' title='bbox 1508 1448 1699 1515; x_wconf 89' lang='lat' dir='ltr'><strong>potest</strong></span> <span class='ocrx_word' id='word_1_120' title='bbox 1719 1442 1962 1514; x_wconf 81' lang='lat' dir='ltr'><strong>transigi</strong></span> 
     </span>
    </p>
   </div>
   <div class='ocr_carea' id='block_1_16' title="bbox 303 1531 1960 1604">
    <p class='ocr_par' dir='ltr' id='par_1_16' title="bbox 303 1531 1960 1604">
     <span class='ocr_line' id='line_1_16' title="bbox 303 1531 1960 1604; baseline -0.004 -12"><span class='ocrx_word' id='word_1_121' title='bbox 303 1533 815 1592; x_wconf 85' lang='lat' dir='ltr'><strong>consubstantiaie</strong></span> <span class='ocrx_word' id='word_1_122' title='bbox 882 1535 941 1589; x_wconf 91' lang='lat' dir='ltr'><strong>in</strong></span> <span class='ocrx_word' id='word_1_123' title='bbox 991 1533 1410 1604; x_wconf 87' lang='lat' dir='ltr'><strong>proprietatum</strong></span> <span class='ocrx_word' id='word_1_124' title='bbox 1454 1531 1960 1587; x_wconf 89' lang='lat' dir='ltr'><strong>communitatem.</strong></span> 
     </span>
    </p>
   </div>
   <div class='ocr_carea' id='block_1_17' title="bbox 302 1620 1963 1698">
    <p class='ocr_par' dir='ltr' id='par_1_17' title="bbox 302 1620 1963 1698">
     <span class='ocr_line' id='line_1_17' title="bbox 302 1620 1963 1698; baseline -0.002 -18"><span class='ocrx_word' id='word_1_125' title='bbox 302 1627 454 1698; x_wconf 86' lang='lat' dir='ltr'><strong>Ergo</strong></span> <span class='ocrx_word' id='word_1_126' title='bbox 486 1624 675 1680; x_wconf 83' lang='lat' dir='ltr'><strong>Filius</strong></span> <span class='ocrx_word' id='word_1_127' title='bbox 705 1623 805 1679; x_wconf 90' lang='lat' dir='ltr'><strong>Dei</strong></span> <span class='ocrx_word' id='word_1_128' title='bbox 838 1631 926 1679; x_wconf 90' lang='lat' dir='ltr'><strong>est</strong></span> <span class='ocrx_word' id='word_1_129' title='bbox 955 1623 1209 1694; x_wconf 89' lang='lat' dir='ltr'><strong>Spiritus</strong></span> <span class='ocrx_word' id='word_1_130' title='bbox 1242 1621 1410 1677; x_wconf 91' lang='lat' dir='ltr'><strong>dator</strong></span> <span class='ocrx_word' id='word_1_131' title='bbox 1453 1626 1510 1678; x_wconf 87' lang='lat' dir='ltr'><strong>et</strong></span> <span class='ocrx_word' id='word_1_132' title='bbox 1543 1621 1673 1692; x_wconf 88' lang='lat' dir='ltr'><strong>ejus</strong></span> <span class='ocrx_word' id='word_1_133' title='bbox 1714 1620 1963 1676; x_wconf 91' lang='lat' dir='ltr'><strong>emissor</strong></span> 
     </span>
    </p>
   </div>
   <div class='ocr_carea' id='block_1_18' title="bbox 307 1709 1963 1782">
    <p class='ocr_par' dir='ltr' id='par_1_18' title="bbox 307 1709 1963 1782">
     <span class='ocr_line' id='line_1_18' title="bbox 307 1709 1963 1782; baseline -0.004 -12"><span class='ocrx_word' id='word_1_134' title='bbox 307 1723 364 1770; x_wconf 89' lang='lat' dir='ltr'><strong>ut</strong></span> <span class='ocrx_word' id='word_1_135' title='bbox 396 1731 520 1770; x_wconf 67' lang='lat' dir='ltr'><strong>sua</strong></span> <span class='ocrx_word' id='word_1_136' title='bbox 555 1711 962 1782; x_wconf 85' lang='lat' dir='ltr'><strong>plenitudinis.</strong></span> <span class='ocrx_word' id='word_1_137' title='bbox 995 1712 1094 1767; x_wconf 88' lang='lat' dir='ltr'><strong>Est</strong></span> <span class='ocrx_word' id='word_1_138' title='bbox 1136 1711 1291 1767; x_wconf 87' lang='lat' dir='ltr'><strong>enim</strong></span> <span class='ocrx_word' id='word_1_139' title='bbox 1318 1711 1448 1782; x_wconf 86' lang='lat' dir='ltr'><strong>ejus</strong></span> <span class='ocrx_word' id='word_1_140' title='bbox 1475 1709 1758 1781; x_wconf 78' lang='lat' dir='ltr'><strong>plenitudo</strong></span> <span class='ocrx_word' id='word_1_141' title='bbox 1779 1709 1963 1780; x_wconf 91' lang='lat' dir='ltr'><strong>Spiri-</strong></span> 
     </span>
    </p>
   </div>
   <div class='ocr_carea' id='block_1_19' title="bbox 2075 732 3724 815">
    <p class='ocr_par' dir='ltr' id='par_1_19' title="bbox 2075 732 3724 815">
     <span class='ocr_line' id='line_1_19' title="bbox 2075 732 3724 815; baseline 0.012 -31"><span class='ocrx_word' id='word_1_142' title='bbox 2075 732 2464 787; x_wconf 78' lang='lat' dir='ltr'><strong>exuberantize</strong></span> <span class='ocrx_word' id='word_1_143' title='bbox 2491 733 2704 789; x_wconf 62' lang='lat' dir='ltr'><strong>divinas</strong></span> <span class='ocrx_word' id='word_1_144' title='bbox 2735 735 2958 792; x_wconf 87' lang='lat' dir='ltr'><strong>ratione</strong></span> <span class='ocrx_word' id='word_1_145' title='bbox 2987 741 3326 798; x_wconf 88' lang='lat' dir='ltr'><strong>consistunt</strong></span> <span class='ocrx_word' id='word_1_146' title='bbox 3357 751 3601 815; x_wconf 61' lang='lat' dir='ltr'><strong>natura,</strong></span> <span class='ocrx_word' id='word_1_147' title='bbox 3633 747 3724 802; x_wconf 86' lang='lat' dir='ltr'><strong>vi-</strong></span> 
     </span>
    </p>
   </div>
   <div class='ocr_carea' id='block_1_20' title="bbox 2074 819 3720 894">
    <p class='ocr_par' dir='ltr' id='par_1_20' title="bbox 2074 819 3720 894">
     <span class='ocr_line' id='line_1_20' title="bbox 2074 819 3720 894; baseline 0.012 -21"><span class='ocrx_word' id='word_1_148' title='bbox 2074 819 2280 876; x_wconf 89' lang='lat' dir='ltr'><strong>delicet</strong></span> <span class='ocrx_word' id='word_1_149' title='bbox 2331 822 2744 880; x_wconf 82' lang='lat' dir='ltr'><strong>naturaliter.»</strong></span> <span class='ocrx_word' id='word_1_150' title='bbox 2789 826 3074 883; x_wconf 85' lang='lat' dir='ltr'><strong>Similiter</strong></span> <span class='ocrx_word' id='word_1_151' title='bbox 3123 830 3340 888; x_wconf 91' lang='lat' dir='ltr'><strong>Beccus</strong></span> <span class='ocrx_word' id='word_1_152' title='bbox 3390 835 3448 889; x_wconf 90' lang='lat' dir='ltr'><strong>in</strong></span> <span class='ocrx_word' id='word_1_153' title='bbox 3497 836 3720 894; x_wconf 86' lang='lat' dir='ltr'><strong>Camat.</strong></span> 
     </span>
    </p>
   </div>
   <div class='ocr_carea' id='block_1_21' title="bbox 2071 909 3721 988">
    <p class='ocr_par' dir='ltr' id='par_1_21' title="bbox 2071 909 3721 988">
     <span class='ocr_line' id='line_1_21' title="bbox 2071 909 3721 988; baseline 0.012 -25"><span class='ocrx_word' id='word_1_154' title='bbox 2071 909 2364 967; x_wconf 79' lang='lat' dir='ltr'><strong>Animadv.</strong></span> <span class='ocrx_word' id='word_1_155' title='bbox 2398 929 2448 967; x_wconf 91' lang='lat' dir='ltr'><strong>c.</strong></span> <span class='ocrx_word' id='word_1_156' title='bbox 2479 914 2515 964; x_wconf 88' lang='lat'>2</span> <span class='ocrx_word' id='word_1_157' title='bbox 2547 913 2629 985; x_wconf 81' lang='grc' dir='ltr'><strong>(ϐ.</strong></span> <span class='ocrx_word' id='word_1_158' title='bbox 2665 913 2722 968; x_wconf 94' lang='lat'><strong>0.</strong></span> <span class='ocrx_word' id='word_1_159' title='bbox 2781 915 2846 975; x_wconf 90' lang='grc' dir='ltr'><strong>ΙΙ.</strong></span> <span class='ocrx_word' id='word_1_160' title='bbox 2877 915 3004 988; x_wconf 80' lang='grc'>294)</span> <span class='ocrx_word' id='word_1_161' title='bbox 3040 933 3054 972; x_wconf 91' lang='lat'><strong>:</strong></span> <span class='ocrx_word' id='word_1_162' title='bbox 3090 939 3118 966; x_wconf 83' lang='lat'><strong>«</strong></span> <span class='ocrx_word' id='word_1_163' title='bbox 3151 919 3208 974; x_wconf 91' lang='lat' dir='ltr'><strong>Si</strong></span> <span class='ocrx_word' id='word_1_164' title='bbox 3243 938 3274 975; x_wconf 91' lang='lat' dir='ltr'><strong>a</strong></span> <span class='ocrx_word' id='word_1_165' title='bbox 3318 923 3486 979; x_wconf 88' lang='lat' dir='ltr'><strong>Patre</strong></span> <span class='ocrx_word' id='word_1_166' title='bbox 3529 926 3614 980; x_wconf 90' lang='lat' dir='ltr'><strong>uti</strong></span> <span class='ocrx_word' id='word_1_167' title='bbox 3653 942 3721 982; x_wconf 89' lang='lat' dir='ltr'><strong>ex</strong></span> 
     </span>
    </p>
   </div>
   <div class='ocr_carea' id='block_1_22' title="bbox 2072 999 3725 1077">
    <p class='ocr_par' dir='ltr' id='par_1_22' title="bbox 2072 999 3725 1077">
     <span class='ocr_line' id='line_1_22' title="bbox 2072 999 3725 1077; baseline 0.01 -24"><span class='ocrx_word' id='word_1_168' title='bbox 2072 1014 2138 1053; x_wconf 90' lang='lat' dir='ltr'><strong>eo</strong></span> <span class='ocrx_word' id='word_1_169' title='bbox 2171 999 2460 1056; x_wconf 85' lang='lat' dir='ltr'><strong>exsistens</strong></span> <span class='ocrx_word' id='word_1_170' title='bbox 2483 1001 2653 1058; x_wconf 89' lang='lat' dir='ltr'><strong>datur</strong></span> <span class='ocrx_word' id='word_1_171' title='bbox 2673 1002 2948 1074; x_wconf 85' lang='lat' dir='ltr'><strong>Spiritus,</strong></span> <span class='ocrx_word' id='word_1_172' title='bbox 2979 1021 3082 1077; x_wconf 88' lang='lat' dir='ltr'><strong>per</strong></span> <span class='ocrx_word' id='word_1_173' title='bbox 3102 1007 3314 1064; x_wconf 88' lang='lat' dir='ltr'><strong>Filium</strong></span> <span class='ocrx_word' id='word_1_174' title='bbox 3339 1027 3469 1066; x_wconf 91' lang='lat' dir='ltr'><strong>vero</strong></span> <span class='ocrx_word' id='word_1_175' title='bbox 3493 1030 3608 1069; x_wconf 92' lang='lat' dir='ltr'><strong>non</strong></span> <span class='ocrx_word' id='word_1_176' title='bbox 3636 1015 3725 1072; x_wconf 89' lang='lat' dir='ltr'><strong>uti</strong></span> 
     </span>
    </p>
   </div>
   <div class='ocr_carea' id='block_1_23' title="bbox 2071 1089 3720 1162">
    <p class='ocr_par' dir='ltr' id='par_1_23' title="bbox 2071 1089 3720 1162">
     <span class='ocr_line' id='line_1_23' title="bbox 2071 1089 3720 1162; baseline 0.01 -21"><span class='ocrx_word' id='word_1_177' title='bbox 2071 1102 2139 1141; x_wconf 92' lang='lat' dir='ltr'><strong>ex</strong></span> <span class='ocrx_word' id='word_1_178' title='bbox 2169 1104 2235 1143; x_wconf 94' lang='lat' dir='ltr'><strong>eo</strong></span> <span class='ocrx_word' id='word_1_179' title='bbox 2265 1089 2570 1157; x_wconf 84' lang='lat' dir='ltr'><strong>exsistens,</strong></span> <span class='ocrx_word' id='word_1_180' title='bbox 2605 1091 2738 1162; x_wconf 90' lang='lat' dir='ltr'><strong>quis</strong></span> <span class='ocrx_word' id='word_1_181' title='bbox 2768 1093 3007 1149; x_wconf 91' lang='lat' dir='ltr'><strong>demum</strong></span> <span class='ocrx_word' id='word_1_182' title='bbox 3041 1111 3156 1152; x_wconf 91' lang='lat' dir='ltr'><strong>non</strong></span> <span class='ocrx_word' id='word_1_183' title='bbox 3178 1098 3599 1156; x_wconf 83' lang='lat' dir='ltr'><strong>existimaverit</strong></span> <span class='ocrx_word' id='word_1_184' title='bbox 3629 1103 3720 1158; x_wconf 89' lang='lat' dir='ltr'><strong>uti</strong></span> 
     </span>
    </p>
   </div>
   <div class='ocr_carea' id='block_1_24' title="bbox 2072 1177 3716 1262">
    <p class='ocr_par' dir='ltr' id='par_1_24' title="bbox 2072 1177 3716 1262">
     <span class='ocr_line' id='line_1_24' title="bbox 2072 1177 3716 1262; baseline 0.01 -33"><span class='ocrx_word' id='word_1_185' title='bbox 2072 1191 2106 1230; x_wconf 92' lang='lat' dir='ltr'><strong>a</strong></span> <span class='ocrx_word' id='word_1_186' title='bbox 2137 1191 2305 1232; x_wconf 90' lang='lat' dir='ltr'><strong>servo</strong></span> <span class='ocrx_word' id='word_1_187' title='bbox 2344 1183 2400 1232; x_wconf 88' lang='lat' dir='ltr'><strong>et</strong></span> <span class='ocrx_word' id='word_1_188' title='bbox 2439 1179 2781 1237; x_wconf 85' lang='lat' dir='ltr'><strong>administro</strong></span> <span class='ocrx_word' id='word_1_189' title='bbox 2826 1177 3172 1252; x_wconf 80' lang='grc' dir='ltr'><strong>(διακονικῶς</strong></span> <span class='ocrx_word' id='word_1_190' title='bbox 3211 1184 3302 1238; x_wconf 82' lang='grc' dir='ltr'><strong>καὶ</strong></span> <span class='ocrx_word' id='word_1_191' title='bbox 3349 1186 3716 1262; x_wconf 81' lang='grc' dir='ltr'><strong>ὑπηρετικῶς)</strong></span> 
     </span>
    </p>
   </div>
   <div class='ocr_carea' id='block_1_25' title="bbox 2074 1267 3002 1340">
    <p class='ocr_par' dir='ltr' id='par_1_25' title="bbox 2074 1267 3002 1340">
     <span class='ocr_line' id='line_1_25' title="bbox 2074 1267 3002 1340; baseline 0.002 -19"><span class='ocrx_word' id='word_1_192' title='bbox 2074 1282 2181 1337; x_wconf 89' lang='lat' dir='ltr'><strong>per</strong></span> <span class='ocrx_word' id='word_1_193' title='bbox 2213 1267 2419 1324; x_wconf 85' lang='lat' dir='ltr'><strong>Filium</strong></span> <span class='ocrx_word' id='word_1_194' title='bbox 2454 1269 2728 1340; x_wconf 88' lang='lat' dir='ltr'><strong>Spiritum</strong></span> <span class='ocrx_word' id='word_1_195' title='bbox 2762 1272 2884 1327; x_wconf 90' lang='lat' dir='ltr'><strong>dari</strong></span> <span class='ocrx_word' id='word_1_196' title='bbox 2914 1274 2942 1327; x_wconf 88' lang='lat'><strong>?</strong></span> <span class='ocrx_word' id='word_1_197' title='bbox 2974 1296 3002 1324; x_wconf 89' lang='grc'>››</span> 
     </span>
    </p>
   </div>
   <div class='ocr_carea' id='block_1_26' title="bbox 2144 1355 3710 1440">
    <p class='ocr_par' dir='ltr' id='par_1_26' title="bbox 2144 1355 3710 1440">
     <span class='ocr_line' id='line_1_26' title="bbox 2144 1355 3710 1440; baseline 0.012 -32"><span class='ocrx_word' id='word_1_198' title='bbox 2144 1356 2230 1410; x_wconf 89' lang='grc'><strong>19.</strong></span> <span class='ocrx_word' id='word_1_199' title='bbox 2282 1355 2743 1415; x_wconf 84' lang='lat' dir='ltr'><strong>Usitatissimum</strong></span> <span class='ocrx_word' id='word_1_200' title='bbox 2776 1359 2991 1418; x_wconf 80' lang='lat' dir='ltr'><strong>Graecis</strong></span> <span class='ocrx_word' id='word_1_201' title='bbox 3019 1362 3382 1422; x_wconf 83' lang='lat' dir='ltr'><strong>heterodoxis</strong></span> <span class='ocrx_word' id='word_1_202' title='bbox 3430 1368 3710 1440; x_wconf 71' lang='lat' dir='ltr'><strong>effugium</strong></span> 
     </span>
    </p>
   </div>
   <div class='ocr_carea' id='block_1_27' title="bbox 2071 1442 3713 1526">
    <p class='ocr_par' dir='ltr' id='par_1_27' title="bbox 2071 1442 3713 1526">
     <span class='ocr_line' id='line_1_27' title="bbox 2071 1442 3713 1526; baseline 0.01 -27"><span class='ocrx_word' id='word_1_203' title='bbox 2071 1442 2179 1500; x_wconf 92' lang='lat' dir='ltr'><strong>hoc</strong></span> <span class='ocrx_word' id='word_1_204' title='bbox 2209 1445 2334 1501; x_wconf 91' lang='lat' dir='ltr'><strong>loco</strong></span> <span class='ocrx_word' id='word_1_205' title='bbox 2364 1450 2940 1505; x_wconf 88' lang='lat' dir='ltr'><strong>commemorandum</strong></span> <span class='ocrx_word' id='word_1_206' title='bbox 2983 1455 3091 1519; x_wconf 90' lang='lat' dir='ltr'><strong>est,</strong></span> <span class='ocrx_word' id='word_1_207' title='bbox 3136 1470 3253 1526; x_wconf 86' lang='lat' dir='ltr'><strong>quo</strong></span> <span class='ocrx_word' id='word_1_208' title='bbox 3294 1459 3563 1514; x_wconf 84' lang='lat' dir='ltr'><strong>statuunt</strong></span> <span class='ocrx_word' id='word_1_209' title='bbox 3603 1475 3713 1514; x_wconf 67' lang='lat' dir='ltr'><strong>sae-</strong></span> 
     </span>
    </p>
   </div>
   <div class='ocr_carea' id='block_1_28' title="bbox 2070 1536 3716 1607">
    <p class='ocr_par' dir='ltr' id='par_1_28' title="bbox 2070 1536 3716 1607">
     <span class='ocr_line' id='line_1_28' title="bbox 2070 1536 3716 1607; baseline 0.01 -20"><span class='ocrx_word' id='word_1_210' title='bbox 2070 1548 2386 1603; x_wconf 90' lang='lat' dir='ltr'><strong>penumero</strong></span> <span class='ocrx_word' id='word_1_211' title='bbox 2423 1537 2617 1592; x_wconf 86' lang='lat' dir='ltr'><strong>Patres</strong></span> <span class='ocrx_word' id='word_1_212' title='bbox 2645 1536 3010 1607; x_wconf 76' lang='lat' dir='ltr'><strong>largitionem</strong></span> <span class='ocrx_word' id='word_1_213' title='bbox 3051 1542 3332 1599; x_wconf 89' lang='lat' dir='ltr'><strong>donorum</strong></span> <span class='ocrx_word' id='word_1_214' title='bbox 3375 1551 3432 1600; x_wconf 92' lang='lat' dir='ltr'><strong>et</strong></span> <span class='ocrx_word' id='word_1_215' title='bbox 3483 1547 3716 1604; x_wconf 89' lang='lat' dir='ltr'><strong>missio-</strong></span> 
     </span>
    </p>
   </div>
   <div class='ocr_carea' id='block_1_29' title="bbox 2069 1625 3718 1701">
    <p class='ocr_par' dir='ltr' id='par_1_29' title="bbox 2069 1625 3718 1701">
     <span class='ocr_line' id='line_1_29' title="bbox 2069 1625 3718 1701; baseline 0.008 -25"><span class='ocrx_word' id='word_1_216' title='bbox 2069 1637 2203 1677; x_wconf 92' lang='lat' dir='ltr'><strong>nem</strong></span> <span class='ocrx_word' id='word_1_217' title='bbox 2236 1625 2615 1694; x_wconf 88' lang='lat' dir='ltr'><strong>temporalem</strong></span> <span class='ocrx_word' id='word_1_218' title='bbox 2649 1625 3024 1696; x_wconf 87' lang='lat' dir='ltr'><strong>intellexisse,</strong></span> <span class='ocrx_word' id='word_1_219' title='bbox 3055 1629 3203 1701; x_wconf 92' lang='lat'><strong>[198]</strong></span> <span class='ocrx_word' id='word_1_220' title='bbox 3238 1649 3352 1688; x_wconf 91' lang='lat' dir='ltr'><strong>non</strong></span> <span class='ocrx_word' id='word_1_221' title='bbox 3384 1649 3518 1691; x_wconf 90' lang='lat' dir='ltr'><strong>vero</strong></span> <span class='ocrx_word' id='word_1_222' title='bbox 3549 1639 3718 1692; x_wconf 73' lang='lat' dir='ltr'><strong>teter-</strong></span> 
     </span>
    </p>
   </div>
   <div class='ocr_carea' id='block_1_30' title="bbox 2071 1716 3715 1795">
    <p class='ocr_par' dir='ltr' id='par_1_30' title="bbox 2071 1716 3715 1795">
     <span class='ocr_line' id='line_1_30' title="bbox 2071 1716 3715 1795; baseline 0.009 -28"><span class='ocrx_word' id='word_1_223' title='bbox 2071 1728 2206 1768; x_wconf 90' lang='lat' dir='ltr'><strong>nam</strong></span> <span class='ocrx_word' id='word_1_224' title='bbox 2241 1716 2669 1785; x_wconf 86' lang='lat' dir='ltr'><strong>processionem</strong></span> <span class='ocrx_word' id='word_1_225' title='bbox 2703 1717 2834 1788; x_wconf 90' lang='lat'><strong>(98),</strong></span> <span class='ocrx_word' id='word_1_226' title='bbox 2868 1719 3005 1774; x_wconf 91' lang='lat' dir='ltr'><strong>dum</strong></span> <span class='ocrx_word' id='word_1_227' title='bbox 3039 1719 3322 1791; x_wconf 88' lang='lat' dir='ltr'><strong>Spiritum</strong></span> <span class='ocrx_word' id='word_1_228' title='bbox 3357 1739 3460 1795; x_wconf 90' lang='lat' dir='ltr'><strong>per</strong></span> <span class='ocrx_word' id='word_1_229' title='bbox 3507 1725 3715 1781; x_wconf 88' lang='lat' dir='ltr'><strong>Filium</strong></span> 
     </span>
    </p>
   </div>
   <div class='ocr_carea' id='block_1_31' title="bbox 305 1784 3714 1882">
    <p class='ocr_par' dir='ltr' id='par_1_31' title="bbox 305 1784 3714 1882">
     <span class='ocr_line' id='line_1_31' title="bbox 305 1784 3714 1882; baseline 0.004 -24"><span class='ocrx_word' id='word_1_230' title='bbox 305 1807 407 1858; x_wconf 83' lang='lat' dir='ltr'><strong>tus</strong></span> <span class='ocrx_word' id='word_1_231' title='bbox 437 1803 625 1858; x_wconf 86' lang='lat' dir='ltr'><strong>sancti</strong></span> <span class='ocrx_word' id='word_1_232' title='bbox 656 1801 809 1857; x_wconf 83' lang='lat' dir='ltr'><strong>sicut</strong></span> <span class='ocrx_word' id='word_1_233' title='bbox 837 1800 1090 1858; x_wconf 87' lang='lat' dir='ltr'><strong>Joannes</strong></span> <span class='ocrx_word' id='word_1_234' title='bbox 1119 1799 1314 1870; x_wconf 88' lang='lat' dir='ltr'><strong>inquit</strong></span> <span class='ocrx_word' id='word_1_235' title='bbox 1347 1816 1360 1855; x_wconf 92' lang='lat'><strong>:</strong></span> <span class='ocrx_word' id='word_1_236' title='bbox 1389 1799 1494 1855; x_wconf 84' lang='lat' dir='ltr'><strong>Nos</strong></span> <span class='ocrx_word' id='word_1_237' title='bbox 1525 1799 1590 1856; x_wconf 89' lang='lat' dir='ltr'><strong>de</strong></span> <span class='ocrx_word' id='word_1_238' title='bbox 1617 1797 1960 1871; x_wconf 76' lang='lat' dir='ltr'><strong>plenitudine</strong></span> <span class='ocrx_word' id='word_1_239' title='bbox 1990 1784 2038 1850; x_wconf 88' lang='grc' dir='ltr'>Β</span> <span class='ocrx_word' id='word_1_240' title='bbox 2068 1784 2310 1871; x_wconf 76' lang='lat' dir='ltr'><strong>effundi,</strong></span> <span class='ocrx_word' id='word_1_241' title='bbox 2345 1804 2595 1874; x_wconf 90' lang='lat' dir='ltr'><strong>prodire,</strong></span> <span class='ocrx_word' id='word_1_242' title='bbox 2629 1784 2988 1863; x_wconf 60' lang='lat' dir='ltr'><strong>manifestari</strong></span> <span class='ocrx_word' id='word_1_243' title='bbox 3016 1784 3466 1882; x_wconf 44' lang='lat' dir='ltr'><strong>ac-suppeditari</strong></span> <span class='ocrx_word' id='word_1_244' title='bbox 3489 1813 3714 1871; x_wconf 90' lang='lat' dir='ltr'><strong>dicunt.</strong></span> 
     </span>
    </p>
   </div>
   <div class='ocr_carea' id='block_1_32' title="bbox 305 1886 1962 1963">
    <p class='ocr_par' dir='ltr' id='par_1_32' title="bbox 305 1886 1962 1963">
     <span class='ocr_line' id='line_1_32' title="bbox 305 1886 1962 1963; baseline -0.004 -14"><span class='ocrx_word' id='word_1_245' title='bbox 305 1894 427 1959; x_wconf 84' lang='lat' dir='ltr'><strong>eius</strong></span> <span class='ocrx_word' id='word_1_246' title='bbox 475 1907 665 1948; x_wconf 85' lang='lat' dir='ltr'><strong>omnes</strong></span> <span class='ocrx_word' id='word_1_247' title='bbox 712 1890 861 1963; x_wconf 90' lang='lat'><strong>[197]</strong></span> <span class='ocrx_word' id='word_1_248' title='bbox 901 1888 1210 1962; x_wconf 83' lang='lat' dir='ltr'><strong>accepimus</strong></span> <span class='ocrx_word' id='word_1_249' title='bbox 1239 1890 1415 1956; x_wconf 84' lang='lat' dir='ltr'><strong>(loan.</strong></span> <span class='ocrx_word' id='word_1_250' title='bbox 1450 1905 1494 1959; x_wconf 88' lang='grc' dir='ltr'>ι,</span> <span class='ocrx_word' id='word_1_251' title='bbox 1547 1889 1660 1958; x_wconf 88' lang='grc'><strong>16),</strong></span> <span class='ocrx_word' id='word_1_252' title='bbox 1693 1886 1962 1943; x_wconf 83' lang='lat' dir='ltr'><strong>videlicet</strong></span> 
     </span>
    </p>
   </div>
   <div class='ocr_carea' id='block_1_33' title="bbox 305 1977 1958 2052">
    <p class='ocr_par' dir='ltr' id='par_1_33' title="bbox 305 1977 1958 2052">
     <span class='ocr_line' id='line_1_33' title="bbox 305 1977 1958 2052; baseline -0.004 -15"><span class='ocrx_word' id='word_1_253' title='bbox 305 1982 378 2037; x_wconf 90' lang='lat' dir='ltr'><strong>de</strong></span> <span class='ocrx_word' id='word_1_254' title='bbox 409 1981 635 2052; x_wconf 90' lang='lat' dir='ltr'><strong>Spiritu</strong></span> <span class='ocrx_word' id='word_1_255' title='bbox 666 1983 816 2052; x_wconf 86' lang='lat' dir='ltr'><strong>ejus.</strong></span> <span class='ocrx_word' id='word_1_256' title='bbox 850 1980 1002 2046; x_wconf 87' lang='lat' dir='ltr'><strong>Quod</strong></span> <span class='ocrx_word' id='word_1_257' title='bbox 1027 1979 1076 2035; x_wconf 91' lang='lat' dir='ltr'><strong>si</strong></span> <span class='ocrx_word' id='word_1_258' title='bbox 1118 1977 1376 2051; x_wconf 89' lang='lat' dir='ltr'><strong>Spiritus</strong></span> <span class='ocrx_word' id='word_1_259' title='bbox 1406 1978 1465 2033; x_wconf 90' lang='lat' dir='ltr'><strong>in</strong></span> <span class='ocrx_word' id='word_1_260' title='bbox 1519 1993 1586 2033; x_wconf 92' lang='lat' dir='ltr'><strong>eo</strong></span> <span class='ocrx_word' id='word_1_261' title='bbox 1619 1977 1776 2048; x_wconf 89' lang='lat' dir='ltr'><strong>quod</strong></span> <span class='ocrx_word' id='word_1_262' title='bbox 1831 1992 1958 2047; x_wconf 89' lang='lat' dir='ltr'><strong>per-</strong></span> 
     </span>
    </p>
   </div>
   <div class='ocr_carea' id='block_1_34' title="bbox 305 2065 1957 2138">
    <p class='ocr_par' dir='ltr' id='par_1_34' title="bbox 305 2065 1957 2138">
     <span class='ocr_line' id='line_1_34' title="bbox 305 2065 1957 2138; baseline -0.005 -10"><span class='ocrx_word' id='word_1_263' title='bbox 305 2087 478 2136; x_wconf 88' lang='lat' dir='ltr'><strong>sena,</strong></span> <span class='ocrx_word' id='word_1_264' title='bbox 511 2069 654 2126; x_wconf 82' lang='lat' dir='ltr'><strong>Filio</strong></span> <span class='ocrx_word' id='word_1_265' title='bbox 687 2085 803 2126; x_wconf 92' lang='lat' dir='ltr'><strong>non</strong></span> <span class='ocrx_word' id='word_1_266' title='bbox 850 2067 1262 2135; x_wconf 80' lang='lat' dir='ltr'><strong>communicat,</strong></span> <span class='ocrx_word' id='word_1_267' title='bbox 1314 2065 1614 2138; x_wconf 88' lang='lat' dir='ltr'><strong>plenitudo</strong></span> <span class='ocrx_word' id='word_1_268' title='bbox 1663 2065 1794 2121; x_wconf 91' lang='lat' dir='ltr'><strong>Filii</strong></span> <span class='ocrx_word' id='word_1_269' title='bbox 1843 2081 1957 2121; x_wconf 89' lang='lat' dir='ltr'><strong>non</strong></span> 
     </span>
    </p>
   </div>
   <div class='ocr_carea' id='block_1_35' title="bbox 306 2153 1956 2229">
    <p class='ocr_par' dir='ltr' id='par_1_35' title="bbox 306 2153 1956 2229">
     <span class='ocr_line' id='line_1_35' title="bbox 306 2153 1956 2229; baseline -0.004 -12"><span class='ocrx_word' id='word_1_270' title='bbox 306 2161 708 2217; x_wconf 87' lang='lat' dir='ltr'><strong>communicat</strong></span> <span class='ocrx_word' id='word_1_271' title='bbox 730 2156 906 2225; x_wconf 89' lang='lat' dir='ltr'><strong>Filio;</strong></span> <span class='ocrx_word' id='word_1_272' title='bbox 933 2158 1070 2214; x_wconf 87' lang='lat' dir='ltr'><strong>item</strong></span> <span class='ocrx_word' id='word_1_273' title='bbox 1095 2157 1143 2213; x_wconf 91' lang='lat' dir='ltr'><strong>si</strong></span> <span class='ocrx_word' id='word_1_274' title='bbox 1165 2157 1418 2229; x_wconf 89' lang='lat' dir='ltr'><strong>Spiritus</strong></span> <span class='ocrx_word' id='word_1_275' title='bbox 1442 2173 1558 2211; x_wconf 91' lang='lat' dir='ltr'><strong>non</strong></span> <span class='ocrx_word' id='word_1_276' title='bbox 1588 2158 1678 2211; x_wconf 89' lang='lat' dir='ltr'><strong>est</strong></span> <span class='ocrx_word' id='word_1_277' title='bbox 1700 2171 1769 2210; x_wconf 91' lang='lat' dir='ltr'><strong>ex</strong></span> <span class='ocrx_word' id='word_1_278' title='bbox 1791 2153 1956 2224; x_wconf 91' lang='lat' dir='ltr'><strong>Filio,</strong></span> 
     </span>
    </p>
   </div>
   <div class='ocr_carea' id='block_1_36' title="bbox 304 2244 1957 2322">
    <p class='ocr_par' dir='ltr' id='par_1_36' title="bbox 304 2244 1957 2322">
     <span class='ocr_line' id='line_1_36' title="bbox 304 2244 1957 2322; baseline -0.004 -16"><span class='ocrx_word' id='word_1_279' title='bbox 304 2251 460 2322; x_wconf 87' lang='lat' dir='ltr'><strong>quod</strong></span> <span class='ocrx_word' id='word_1_280' title='bbox 495 2253 586 2304; x_wconf 88' lang='lat' dir='ltr'><strong>est</strong></span> <span class='ocrx_word' id='word_1_281' title='bbox 615 2246 1067 2317; x_wconf 84' lang='lat' dir='ltr'><strong>inconveniens;</strong></span> <span class='ocrx_word' id='word_1_282' title='bbox 1102 2263 1234 2302; x_wconf 91' lang='lat' dir='ltr'><strong>cum</strong></span> <span class='ocrx_word' id='word_1_283' title='bbox 1274 2261 1410 2317; x_wconf 84' lang='lat' dir='ltr'><strong>ergo</strong></span> <span class='ocrx_word' id='word_1_284' title='bbox 1459 2262 1528 2300; x_wconf 88' lang='lat' dir='ltr'><strong>ex</strong></span> <span class='ocrx_word' id='word_1_285' title='bbox 1575 2244 1741 2312; x_wconf 90' lang='lat' dir='ltr'><strong>Filio,</strong></span> <span class='ocrx_word' id='word_1_286' title='bbox 1792 2249 1850 2300; x_wconf 91' lang='lat' dir='ltr'><strong>et</strong></span> <span class='ocrx_word' id='word_1_287' title='bbox 1890 2259 1957 2299; x_wconf 91' lang='lat' dir='ltr'><strong>ex</strong></span> 
     </span>
    </p>
   </div>
   <div class='ocr_carea' id='block_1_37' title="bbox 302 2333 1962 2412">
    <p class='ocr_par' dir='ltr' id='par_1_37' title="bbox 302 2333 1962 2412">
     <span class='ocr_line' id='line_1_37' title="bbox 302 2333 1962 2412; baseline -0.003 -19"><span class='ocrx_word' id='word_1_288' title='bbox 302 2338 433 2412; x_wconf 90' lang='lat' dir='ltr'><strong>ipso</strong></span> <span class='ocrx_word' id='word_1_289' title='bbox 467 2337 745 2409; x_wconf 87' lang='lat' dir='ltr'><strong>procedit.</strong></span> <span class='ocrx_word' id='word_1_290' title='bbox 798 2335 915 2392; x_wconf 85' lang='lat' dir='ltr'><strong>Hoc</strong></span> <span class='ocrx_word' id='word_1_291' title='bbox 945 2336 1045 2407; x_wconf 90' lang='lat' dir='ltr'><strong>qui</strong></span> <span class='ocrx_word' id='word_1_292' title='bbox 1099 2339 1328 2406; x_wconf 89' lang='lat' dir='ltr'><strong>negant,</strong></span> <span class='ocrx_word' id='word_1_293' title='bbox 1381 2351 1642 2390; x_wconf 87' lang='lat' dir='ltr'><strong>asserere</strong></span> <span class='ocrx_word' id='word_1_294' title='bbox 1688 2333 1962 2389; x_wconf 86' lang='lat' dir='ltr'><strong>videntur</strong></span> 
     </span>
    </p>
   </div>
   <div class='ocr_carea' id='block_1_38' title="bbox 303 2422 1958 2499">
    <p class='ocr_par' dir='ltr' id='par_1_38' title="bbox 303 2422 1958 2499">
     <span class='ocr_line' id='line_1_38' title="bbox 303 2422 1958 2499; baseline -0.006 -14"><span class='ocrx_word' id='word_1_295' title='bbox 303 2446 424 2485; x_wconf 90' lang='lat' dir='ltr'><strong>non</strong></span> <span class='ocrx_word' id='word_1_296' title='bbox 460 2426 695 2499; x_wconf 90' lang='lat' dir='ltr'><strong>propria</strong></span> <span class='ocrx_word' id='word_1_297' title='bbox 724 2427 936 2482; x_wconf 91' lang='lat' dir='ltr'><strong>virtute</strong></span> <span class='ocrx_word' id='word_1_298' title='bbox 957 2442 1059 2497; x_wconf 92' lang='lat' dir='ltr'><strong>per</strong></span> <span class='ocrx_word' id='word_1_299' title='bbox 1080 2423 1362 2496; x_wconf 89' lang='lat' dir='ltr'><strong>Spiritum</strong></span> <span class='ocrx_word' id='word_1_300' title='bbox 1383 2425 1589 2481; x_wconf 86' lang='lat' dir='ltr'><strong>fecisse</strong></span> <span class='ocrx_word' id='word_1_301' title='bbox 1609 2422 1958 2480; x_wconf 66' lang='lat' dir='ltr'><strong>miracula.»</strong></span> 
     </span>
    </p>
   </div>
   <div class='ocr_carea' id='block_1_39' title="bbox 301 2512 1960 2587">
    <p class='ocr_par' dir='ltr' id='par_1_39' title="bbox 301 2512 1960 2587">
     <span class='ocr_line' id='line_1_39' title="bbox 301 2512 1960 2587; baseline -0.004 -13"><span class='ocrx_word' id='word_1_302' title='bbox 301 2518 598 2574; x_wconf 76' lang='lat' dir='ltr'><strong>Praeterea</strong></span> <span class='ocrx_word' id='word_1_303' title='bbox 625 2515 696 2587; x_wconf 87' lang='lat' dir='ltr'>V)</span> <span class='ocrx_word' id='word_1_304' title='bbox 747 2515 796 2571; x_wconf 89' lang='lat' dir='ltr'><strong>si</strong></span> <span class='ocrx_word' id='word_1_305' title='bbox 845 2515 1031 2571; x_wconf 88' lang='lat' dir='ltr'><strong>Filius</strong></span> <span class='ocrx_word' id='word_1_306' title='bbox 1081 2515 1182 2570; x_wconf 90' lang='lat' dir='ltr'><strong>dat</strong></span> <span class='ocrx_word' id='word_1_307' title='bbox 1230 2513 1530 2585; x_wconf 87' lang='lat' dir='ltr'><strong>Spiritum,</strong></span> <span class='ocrx_word' id='word_1_308' title='bbox 1580 2530 1720 2569; x_wconf 87' lang='lat' dir='ltr'><strong>sane</strong></span> <span class='ocrx_word' id='word_1_309' title='bbox 1765 2512 1960 2584; x_wconf 89' lang='lat' dir='ltr'><strong>ipsum</strong></span> 
     </span>
    </p>
   </div>
   <div class='ocr_carea' id='block_1_40' title="bbox 302 2602 1963 2676">
    <p class='ocr_par' dir='ltr' id='par_1_40' title="bbox 302 2602 1963 2676">
     <span class='ocr_line' id='line_1_40' title="bbox 302 2602 1963 2676; baseline -0.003 -14"><span class='ocrx_word' id='word_1_310' title='bbox 302 2607 525 2674; x_wconf 87' lang='lat' dir='ltr'><strong>habet;</strong></span> <span class='ocrx_word' id='word_1_311' title='bbox 580 2605 678 2662; x_wconf 82' lang='lat' dir='ltr'><strong>sed</strong></span> <span class='ocrx_word' id='word_1_312' title='bbox 723 2604 1004 2676; x_wconf 87' lang='lat' dir='ltr'><strong>quidquid</strong></span> <span class='ocrx_word' id='word_1_313' title='bbox 1057 2603 1229 2659; x_wconf 87' lang='lat' dir='ltr'><strong>habet</strong></span> <span class='ocrx_word' id='word_1_314' title='bbox 1275 2609 1336 2658; x_wconf 90' lang='lat' dir='ltr'><strong>ut</strong></span> <span class='ocrx_word' id='word_1_315' title='bbox 1382 2602 1584 2671; x_wconf 82' lang='lat' dir='ltr'><strong>Filius,</strong></span> <span class='ocrx_word' id='word_1_316' title='bbox 1633 2602 1687 2657; x_wconf 90' lang='lat' dir='ltr'><strong>id</strong></span> <span class='ocrx_word' id='word_1_317' title='bbox 1732 2618 1844 2657; x_wconf 91' lang='lat' dir='ltr'><strong>non</strong></span> <span class='ocrx_word' id='word_1_318' title='bbox 1893 2617 1963 2658; x_wconf 92' lang='lat' dir='ltr'><strong>ex</strong></span> 
     </span>
    </p>
   </div>
   <div class='ocr_carea' id='block_1_41' title="bbox 307 2691 1958 2769">
    <p class='ocr_par' dir='ltr' id='par_1_41' title="bbox 307 2691 1958 2769">
     <span class='ocr_line' id='line_1_41' title="bbox 307 2691 1958 2769; baseline -0.003 -18"><span class='ocrx_word' id='word_1_319' title='bbox 307 2695 501 2769; x_wconf 84' lang='lat' dir='ltr'><strong>gratia</strong></span> <span class='ocrx_word' id='word_1_320' title='bbox 559 2695 750 2762; x_wconf 91' lang='lat' dir='ltr'><strong>habet,</strong></span> <span class='ocrx_word' id='word_1_321' title='bbox 811 2696 910 2750; x_wconf 93' lang='lat' dir='ltr'><strong>sed</strong></span> <span class='ocrx_word' id='word_1_322' title='bbox 971 2700 1200 2761; x_wconf 89' lang='lat' dir='ltr'><strong>natura,</strong></span> <span class='ocrx_word' id='word_1_323' title='bbox 1254 2692 1309 2748; x_wconf 90' lang='lat' dir='ltr'><strong>id</strong></span> <span class='ocrx_word' id='word_1_324' title='bbox 1363 2693 1436 2747; x_wconf 88' lang='lat' dir='ltr'><strong>ab</strong></span> <span class='ocrx_word' id='word_1_325' title='bbox 1490 2697 1705 2748; x_wconf 65' lang='lat' dir='ltr'><strong>aeterno</strong></span> <span class='ocrx_word' id='word_1_326' title='bbox 1763 2691 1958 2747; x_wconf 87' lang='lat' dir='ltr'><strong>habet.</strong></span> 
     </span>
    </p>
   </div>
   <div class='ocr_carea' id='block_1_42' title="bbox 305 2781 1956 2854">
    <p class='ocr_par' dir='ltr' id='par_1_42' title="bbox 305 2781 1956 2854">
     <span class='ocr_line' id='line_1_42' title="bbox 305 2781 1956 2854; baseline -0.002 -14"><span class='ocrx_word' id='word_1_327' title='bbox 305 2785 462 2842; x_wconf 84' lang='lat' dir='ltr'><strong>Hinc</strong></span> <span class='ocrx_word' id='word_1_328' title='bbox 493 2801 728 2840; x_wconf 84' lang='lat' dir='ltr'><strong>rursum</strong></span> <span class='ocrx_word' id='word_1_329' title='bbox 762 2783 922 2853; x_wconf 79' lang='lat' dir='ltr'><strong>Hugo</strong></span> <span class='ocrx_word' id='word_1_330' title='bbox 949 2783 1298 2839; x_wconf 88' lang='lat' dir='ltr'><strong>Etherianus</strong></span> <span class='ocrx_word' id='word_1_331' title='bbox 1318 2781 1380 2854; x_wconf 93' lang='grc' dir='ltr'><strong>(Ι.</strong></span> <span class='ocrx_word' id='word_1_332' title='bbox 1402 2799 1464 2848; x_wconf 87' lang='grc' dir='ltr'>ιι,</span> <span class='ocrx_word' id='word_1_333' title='bbox 1488 2798 1535 2836; x_wconf 91' lang='lat' dir='ltr'><strong>c.</strong></span> <span class='ocrx_word' id='word_1_334' title='bbox 1563 2782 1651 2846; x_wconf 91' lang='lat'><strong>11,</strong></span> <span class='ocrx_word' id='word_1_335' title='bbox 1677 2798 1732 2853; x_wconf 92' lang='lat' dir='ltr'><strong>p.</strong></span> <span class='ocrx_word' id='word_1_336' title='bbox 1766 2781 1956 2851; x_wconf 85' lang='lat'><strong>1226):</strong></span> 
     </span>
    </p>
   </div>
   <div class='ocr_carea' id='block_1_43' title="bbox 306 2871 1960 2945">
    <p class='ocr_par' dir='ltr' id='par_1_43' title="bbox 306 2871 1960 2945">
     <span class='ocr_line' id='line_1_43' title="bbox 306 2871 1960 2945; baseline -0.004 -14"><span class='ocrx_word' id='word_1_337' title='bbox 306 2897 336 2925; x_wconf 76' lang='grc' dir='ltr'><strong>α</strong></span> <span class='ocrx_word' id='word_1_338' title='bbox 368 2875 501 2931; x_wconf 83' lang='grc' dir='ltr'>Νοιι</span> <span class='ocrx_word' id='word_1_339' title='bbox 548 2874 724 2930; x_wconf 89' lang='lat' dir='ltr'><strong>habet</strong></span> <span class='ocrx_word' id='word_1_340' title='bbox 765 2873 946 2929; x_wconf 89' lang='lat' dir='ltr'><strong>Filius</strong></span> <span class='ocrx_word' id='word_1_341' title='bbox 991 2873 1274 2945; x_wconf 89' lang='lat' dir='ltr'><strong>Spiritum</strong></span> <span class='ocrx_word' id='word_1_342' title='bbox 1312 2871 1610 2927; x_wconf 86' lang='lat' dir='ltr'><strong>secundum</strong></span> <span class='ocrx_word' id='word_1_343' title='bbox 1650 2873 1960 2942; x_wconf 81' lang='lat' dir='ltr'><strong>participa-</strong></span> 
     </span>
    </p>
   </div>
   <div class='ocr_carea' id='block_1_44' title="bbox 301 2958 1958 3033">
    <p class='ocr_par' dir='ltr' id='par_1_44' title="bbox 301 2958 1958 3033">
     <span class='ocr_line' id='line_1_44' title="bbox 301 2958 1958 3033; baseline -0.003 -15"><span class='ocrx_word' id='word_1_344' title='bbox 301 2963 545 3029; x_wconf 82' lang='lat' dir='ltr'><strong>tionem,</strong></span> <span class='ocrx_word' id='word_1_345' title='bbox 580 2961 682 3033; x_wconf 89' lang='lat' dir='ltr'><strong>qui</strong></span> <span class='ocrx_word' id='word_1_346' title='bbox 713 2977 815 3033; x_wconf 89' lang='lat' dir='ltr'><strong>per</strong></span> <span class='ocrx_word' id='word_1_347' title='bbox 844 2976 905 3017; x_wconf 90' lang='lat' dir='ltr'><strong>se</strong></span> <span class='ocrx_word' id='word_1_348' title='bbox 935 2961 1076 3028; x_wconf 87' lang='lat' dir='ltr'><strong>vita,</strong></span> <span class='ocrx_word' id='word_1_349' title='bbox 1110 2975 1212 3032; x_wconf 91' lang='lat' dir='ltr'><strong>per</strong></span> <span class='ocrx_word' id='word_1_350' title='bbox 1235 2975 1298 3015; x_wconf 88' lang='lat' dir='ltr'><strong>se</strong></span> <span class='ocrx_word' id='word_1_351' title='bbox 1345 2958 1464 3026; x_wconf 87' lang='lat' dir='ltr'><strong>lux,</strong></span> <span class='ocrx_word' id='word_1_352' title='bbox 1514 2963 1572 3014; x_wconf 93' lang='lat' dir='ltr'><strong>et</strong></span> <span class='ocrx_word' id='word_1_353' title='bbox 1611 2975 1713 3029; x_wconf 91' lang='lat' dir='ltr'><strong>per</strong></span> <span class='ocrx_word' id='word_1_354' title='bbox 1759 2974 1822 3013; x_wconf 85' lang='lat' dir='ltr'><strong>se</strong></span> <span class='ocrx_word' id='word_1_355' title='bbox 1863 2973 1958 3014; x_wconf 86' lang='lat' dir='ltr'><strong>ve-</strong></span> 
     </span>
    </p>
   </div>
   <div class='ocr_carea' id='block_1_45' title="bbox 301 3045 1962 3119">
    <p class='ocr_par' dir='ltr' id='par_1_45' title="bbox 301 3045 1962 3119">
     <span class='ocr_line' id='line_1_45' title="bbox 301 3045 1962 3119; baseline -0.003 -13"><span class='ocrx_word' id='word_1_356' title='bbox 301 3053 454 3107; x_wconf 85' lang='lat' dir='ltr'><strong>ritas</strong></span> <span class='ocrx_word' id='word_1_357' title='bbox 486 3049 755 3118; x_wconf 87' lang='lat' dir='ltr'><strong>exsistit;</strong></span> <span class='ocrx_word' id='word_1_358' title='bbox 781 3065 884 3105; x_wconf 91' lang='lat' dir='ltr'><strong>nec</strong></span> <span class='ocrx_word' id='word_1_359' title='bbox 907 3048 978 3104; x_wconf 89' lang='lat' dir='ltr'><strong>ab</strong></span> <span class='ocrx_word' id='word_1_360' title='bbox 1004 3048 1117 3104; x_wconf 90' lang='lat' dir='ltr'><strong>alio</strong></span> <span class='ocrx_word' id='word_1_361' title='bbox 1137 3047 1428 3104; x_wconf 89' lang='lat' dir='ltr'><strong>modicum</strong></span> <span class='ocrx_word' id='word_1_362' title='bbox 1453 3045 1596 3119; x_wconf 87' lang='lat' dir='ltr'><strong>quid</strong></span> <span class='ocrx_word' id='word_1_363' title='bbox 1626 3046 1814 3118; x_wconf 88' lang='lat' dir='ltr'><strong>ipsius</strong></span> <span class='ocrx_word' id='word_1_364' title='bbox 1835 3046 1962 3116; x_wconf 92' lang='lat' dir='ltr'><strong>Spi-</strong></span> 
     </span>
    </p>
   </div>
   <div class='ocr_carea' id='block_1_46' title="bbox 303 3138 1958 3214">
    <p class='ocr_par' dir='ltr' id='par_1_46' title="bbox 303 3138 1958 3214">
     <span class='ocr_line' id='line_1_46' title="bbox 303 3138 1958 3214; baseline -0.002 -17"><span class='ocrx_word' id='word_1_365' title='bbox 303 3144 461 3198; x_wconf 87' lang='lat' dir='ltr'><strong>ritus</strong></span> <span class='ocrx_word' id='word_1_366' title='bbox 488 3142 720 3214; x_wconf 88' lang='lat' dir='ltr'><strong>accipit,</strong></span> <span class='ocrx_word' id='word_1_367' title='bbox 756 3146 823 3198; x_wconf 90' lang='lat' dir='ltr'><strong>ut</strong></span> <span class='ocrx_word' id='word_1_368' title='bbox 850 3140 980 3196; x_wconf 93' lang='lat' dir='ltr'><strong>ideo</strong></span> <span class='ocrx_word' id='word_1_369' title='bbox 1011 3141 1304 3212; x_wconf 91' lang='lat' dir='ltr'><strong>impotens</strong></span> <span class='ocrx_word' id='word_1_370' title='bbox 1335 3139 1412 3194; x_wconf 89' lang='lat' dir='ltr'><strong>sit</strong></span> <span class='ocrx_word' id='word_1_371' title='bbox 1441 3138 1706 3194; x_wconf 88' lang='lat' dir='ltr'><strong>emittere</strong></span> <span class='ocrx_word' id='word_1_372' title='bbox 1738 3138 1958 3208; x_wconf 89' lang='lat' dir='ltr'><strong>ipsum,</strong></span> 
     </span>
    </p>
   </div>
   <div class='ocr_carea' id='block_1_47' title="bbox 308 3226 1964 3301">
    <p class='ocr_par' dir='ltr' id='par_1_47' title="bbox 308 3226 1964 3301">
     <span class='ocr_line' id='line_1_47' title="bbox 308 3226 1964 3301; baseline -0.004 -13"><span class='ocrx_word' id='word_1_373' title='bbox 308 3247 448 3289; x_wconf 90' lang='lat' dir='ltr'><strong>eum</strong></span> <span class='ocrx_word' id='word_1_374' title='bbox 477 3233 650 3286; x_wconf 89' lang='lat' dir='ltr'><strong>Pater</strong></span> <span class='ocrx_word' id='word_1_375' title='bbox 679 3231 748 3286; x_wconf 87' lang='lat' dir='ltr'><strong>ad</strong></span> <span class='ocrx_word' id='word_1_376' title='bbox 783 3229 1018 3301; x_wconf 85' lang='lat' dir='ltr'><strong>plenum</strong></span> <span class='ocrx_word' id='word_1_377' title='bbox 1054 3229 1159 3284; x_wconf 88' lang='lat' dir='ltr'><strong>hoc</strong></span> <span class='ocrx_word' id='word_1_378' title='bbox 1186 3236 1356 3300; x_wconf 87' lang='lat' dir='ltr'><strong>queat</strong></span> <span class='ocrx_word' id='word_1_379' title='bbox 1389 3228 1594 3284; x_wconf 81' lang='lat' dir='ltr'><strong>facere.</strong></span> <span class='ocrx_word' id='word_1_380' title='bbox 1627 3226 1790 3290; x_wconf 90' lang='lat' dir='ltr'><strong>Quod</strong></span> <span class='ocrx_word' id='word_1_381' title='bbox 1809 3243 1964 3283; x_wconf 85' lang='lat' dir='ltr'><strong>sem—</strong></span> 
     </span>
    </p>
   </div>
   <div class='ocr_carea' id='block_1_48' title="bbox 305 3315 1965 3391">
    <p class='ocr_par' dir='ltr' id='par_1_48' title="bbox 305 3315 1965 3391">
     <span class='ocr_line' id='line_1_48' title="bbox 305 3315 1965 3391; baseline -0.003 -16"><span class='ocrx_word' id='word_1_382' title='bbox 305 3336 415 3391; x_wconf 86' lang='lat' dir='ltr'><strong>per</strong></span> <span class='ocrx_word' id='word_1_383' title='bbox 446 3318 676 3389; x_wconf 88' lang='lat' dir='ltr'><strong>habuit,</strong></span> <span class='ocrx_word' id='word_1_384' title='bbox 711 3317 1005 3391; x_wconf 91' lang='lat' dir='ltr'><strong>quomodo</strong></span> <span class='ocrx_word' id='word_1_385' title='bbox 1039 3318 1112 3372; x_wconf 88' lang='lat' dir='ltr'><strong>ab</strong></span> <span class='ocrx_word' id='word_1_386' title='bbox 1144 3316 1256 3372; x_wconf 84' lang='lat' dir='ltr'><strong>alio</strong></span> <span class='ocrx_word' id='word_1_387' title='bbox 1286 3316 1506 3386; x_wconf 89' lang='lat' dir='ltr'><strong>accepit</strong></span> <span class='ocrx_word' id='word_1_388' title='bbox 1535 3315 1563 3371; x_wconf 59' lang='grc' dir='ltr'><strong>(Ι</strong></span> <span class='ocrx_word' id='word_1_389' title='bbox 1595 3315 1740 3384; x_wconf 83' lang='lat' dir='ltr'><strong>Quid</strong></span> <span class='ocrx_word' id='word_1_390' title='bbox 1769 3319 1965 3372; x_wconf 91' lang='lat' dir='ltr'><strong>autem</strong></span> 
     </span>
    </p>
   </div>
   <div class='ocr_carea' id='block_1_49' title="bbox 314 3405 1972 3480">
    <p class='ocr_par' dir='ltr' id='par_1_49' title="bbox 314 3405 1972 3480">
     <span class='ocr_line' id='line_1_49' title="bbox 314 3405 1972 3480; baseline -0.002 -16"><span class='ocrx_word' id='word_1_391' title='bbox 314 3409 591 3480; x_wconf 82' lang='lat' dir='ltr'><strong>Apostolis</strong></span> <span class='ocrx_word' id='word_1_392' title='bbox 618 3407 742 3480; x_wconf 86' lang='lat' dir='ltr'><strong>plus</strong></span> <span class='ocrx_word' id='word_1_393' title='bbox 773 3407 951 3476; x_wconf 83' lang='lat' dir='ltr'><strong>habet,</strong></span> <span class='ocrx_word' id='word_1_394' title='bbox 987 3406 1036 3462; x_wconf 91' lang='lat' dir='ltr'><strong>si</strong></span> <span class='ocrx_word' id='word_1_395' title='bbox 1067 3408 1288 3461; x_wconf 80' lang='lat' dir='ltr'><strong>Patrem</strong></span> <span class='ocrx_word' id='word_1_396' title='bbox 1326 3405 1736 3476; x_wconf 80' lang='lat' dir='ltr'><strong>interpellando</strong></span> <span class='ocrx_word' id='word_1_397' title='bbox 1783 3405 1972 3460; x_wconf 80' lang='lat' dir='ltr'><strong>mittat</strong></span> 
     </span>
    </p>
   </div>
   <div class='ocr_carea' id='block_1_50' title="bbox 313 3496 1972 3569">
    <p class='ocr_par' dir='ltr' id='par_1_50' title="bbox 313 3496 1972 3569">
     <span class='ocr_line' id='line_1_50' title="bbox 313 3496 1972 3569; baseline -0.004 -15"><span class='ocrx_word' id='word_1_398' title='bbox 313 3498 616 3569; x_wconf 84' lang='lat' dir='ltr'><strong>Spiritum,</strong></span> <span class='ocrx_word' id='word_1_399' title='bbox 649 3512 766 3552; x_wconf 89' lang='lat' dir='ltr'><strong>non</strong></span> <span class='ocrx_word' id='word_1_400' title='bbox 797 3496 1018 3551; x_wconf 90' lang='lat' dir='ltr'><strong>habens</strong></span> <span class='ocrx_word' id='word_1_401' title='bbox 1055 3511 1156 3566; x_wconf 92' lang='lat' dir='ltr'><strong>per</strong></span> <span class='ocrx_word' id='word_1_402' title='bbox 1183 3511 1242 3550; x_wconf 83' lang='lat' dir='ltr'><strong>se</strong></span> <span class='ocrx_word' id='word_1_403' title='bbox 1272 3510 1455 3565; x_wconf 90' lang='lat' dir='ltr'><strong>neque</strong></span> <span class='ocrx_word' id='word_1_404' title='bbox 1480 3511 1545 3550; x_wconf 87' lang='lat' dir='ltr'><strong>ex</strong></span> <span class='ocrx_word' id='word_1_405' title='bbox 1577 3510 1640 3550; x_wconf 87' lang='lat' dir='ltr'><strong>se</strong></span> <span class='ocrx_word' id='word_1_406' title='bbox 1672 3497 1972 3565; x_wconf 80' lang='lat' dir='ltr'><strong>prodeun-</strong></span> 
     </span>
    </p>
   </div>
   <div class='ocr_carea' id='block_1_51' title="bbox 307 3583 1971 3654">
    <p class='ocr_par' dir='ltr' id='par_1_51' title="bbox 307 3583 1971 3654">
     <span class='ocr_line' id='line_1_51' title="bbox 307 3583 1971 3654; baseline -0.003 -11"><span class='ocrx_word' id='word_1_407' title='bbox 307 3592 431 3643; x_wconf 89' lang='lat' dir='ltr'><strong>tem</strong></span> <span class='ocrx_word' id='word_1_408' title='bbox 455 3586 484 3642; x_wconf 86' lang='lat'><strong>?</strong></span> <span class='ocrx_word' id='word_1_409' title='bbox 513 3585 703 3650; x_wconf 89' lang='lat' dir='ltr'><strong>Quare</strong></span> <span class='ocrx_word' id='word_1_410' title='bbox 734 3583 904 3641; x_wconf 88' lang='lat' dir='ltr'><strong>mittit</strong></span> <span class='ocrx_word' id='word_1_411' title='bbox 939 3588 996 3640; x_wconf 91' lang='lat' dir='ltr'><strong>et</strong></span> <span class='ocrx_word' id='word_1_412' title='bbox 1025 3583 1240 3640; x_wconf 86' lang='lat' dir='ltr'><strong>emittit</strong></span> <span class='ocrx_word' id='word_1_413' title='bbox 1270 3583 1456 3639; x_wconf 88' lang='lat' dir='ltr'><strong>Filius</strong></span> <span class='ocrx_word' id='word_1_414' title='bbox 1487 3583 1790 3654; x_wconf 89' lang='lat' dir='ltr'><strong>Spiritum,</strong></span> <span class='ocrx_word' id='word_1_415' title='bbox 1818 3583 1971 3638; x_wconf 89' lang='lat' dir='ltr'><strong>sicut</strong></span> 
     </span>
    </p>
   </div>
   <div class='ocr_carea' id='block_1_52' title="bbox 310 3671 1968 3746">
    <p class='ocr_par' dir='ltr' id='par_1_52' title="bbox 310 3671 1968 3746">
     <span class='ocr_line' id='line_1_52' title="bbox 310 3671 1968 3746; baseline -0.004 -14"><span class='ocrx_word' id='word_1_416' title='bbox 310 3677 556 3732; x_wconf 89' lang='lat' dir='ltr'><strong>Pater...</strong></span> <span class='ocrx_word' id='word_1_417' title='bbox 603 3673 668 3730; x_wconf 88' lang='lat' dir='ltr'><strong>In</strong></span> <span class='ocrx_word' id='word_1_418' title='bbox 712 3673 1034 3746; x_wconf 90' lang='lat' dir='ltr'><strong>prophetis,</strong></span> <span class='ocrx_word' id='word_1_419' title='bbox 1089 3673 1147 3728; x_wconf 91' lang='lat' dir='ltr'><strong>in</strong></span> <span class='ocrx_word' id='word_1_420' title='bbox 1195 3671 1472 3743; x_wconf 91' lang='lat' dir='ltr'><strong>apostolis</strong></span> <span class='ocrx_word' id='word_1_421' title='bbox 1529 3677 1586 3726; x_wconf 87' lang='lat' dir='ltr'><strong>et</strong></span> <span class='ocrx_word' id='word_1_422' title='bbox 1628 3671 1690 3726; x_wconf 92' lang='lat' dir='ltr'><strong>in</strong></span> <span class='ocrx_word' id='word_1_423' title='bbox 1738 3671 1968 3727; x_wconf 90' lang='lat' dir='ltr'><strong>Christo</strong></span> 
     </span>
    </p>
   </div>
   <div class='ocr_carea' id='block_1_53' title="bbox 319 3761 1972 3835">
    <p class='ocr_par' dir='ltr' id='par_1_53' title="bbox 319 3761 1972 3835">
     <span class='ocr_line' id='line_1_53' title="bbox 319 3761 1972 3835; baseline -0.003 -14"><span class='ocrx_word' id='word_1_424' title='bbox 319 3781 480 3821; x_wconf 89' lang='lat' dir='ltr'><strong>unus</strong></span> <span class='ocrx_word' id='word_1_425' title='bbox 510 3763 766 3835; x_wconf 88' lang='lat' dir='ltr'><strong>Spiritus</strong></span> <span class='ocrx_word' id='word_1_426' title='bbox 792 3769 1033 3819; x_wconf 89' lang='lat' dir='ltr'><strong>sanctus</strong></span> <span class='ocrx_word' id='word_1_427' title='bbox 1064 3761 1434 3835; x_wconf 86' lang='lat' dir='ltr'><strong>loquebatur,</strong></span> <span class='ocrx_word' id='word_1_428' title='bbox 1467 3761 1566 3816; x_wconf 91' lang='lat' dir='ltr'><strong>sed</strong></span> <span class='ocrx_word' id='word_1_429' title='bbox 1591 3766 1783 3817; x_wconf 90' lang='lat' dir='ltr'><strong>tamen</strong></span> <span class='ocrx_word' id='word_1_430' title='bbox 1805 3762 1972 3816; x_wconf 81' lang='lat' dir='ltr'><strong>aliter</strong></span> 
     </span>
    </p>
   </div>
   <div class='ocr_carea' id='block_1_54' title="bbox 316 3852 1966 3925">
    <p class='ocr_par' dir='ltr' id='par_1_54' title="bbox 316 3852 1966 3925">
     <span class='ocr_line' id='line_1_54' title="bbox 316 3852 1966 3925; baseline -0.002 -13"><span class='ocrx_word' id='word_1_431' title='bbox 316 3857 390 3912; x_wconf 85' lang='lat' dir='ltr'><strong>ab</strong></span> <span class='ocrx_word' id='word_1_432' title='bbox 423 3854 546 3910; x_wconf 90' lang='lat' dir='ltr'><strong>illis</strong></span> <span class='ocrx_word' id='word_1_433' title='bbox 572 3859 625 3910; x_wconf 91' lang='lat' dir='ltr'><strong>et</strong></span> <span class='ocrx_word' id='word_1_434' title='bbox 658 3853 824 3910; x_wconf 87' lang='lat' dir='ltr'><strong>aliter</strong></span> <span class='ocrx_word' id='word_1_435' title='bbox 843 3872 876 3910; x_wconf 92' lang='lat' dir='ltr'><strong>a</strong></span> <span class='ocrx_word' id='word_1_436' title='bbox 905 3854 1135 3910; x_wconf 89' lang='lat' dir='ltr'><strong>Christo</strong></span> <span class='ocrx_word' id='word_1_437' title='bbox 1163 3853 1318 3909; x_wconf 91' lang='lat' dir='ltr'><strong>idem</strong></span> <span class='ocrx_word' id='word_1_438' title='bbox 1343 3853 1598 3925; x_wconf 88' lang='lat' dir='ltr'><strong>Spiritus</strong></span> <span class='ocrx_word' id='word_1_439' title='bbox 1620 3852 1966 3910; x_wconf 89' lang='lat' dir='ltr'><strong>habebatur.</strong></span> 
     </span>
    </p>
   </div>
   <div class='ocr_carea' id='block_1_55' title="bbox 319 3942 1968 4015">
    <p class='ocr_par' dir='ltr' id='par_1_55' title="bbox 319 3942 1968 4015">
     <span class='ocr_line' id='line_1_55' title="bbox 319 3942 1968 4015; baseline -0.002 -15"><span class='ocrx_word' id='word_1_440' title='bbox 319 3947 468 4000; x_wconf 84' lang='lat' dir='ltr'><strong>Nam</strong></span> <span class='ocrx_word' id='word_1_441' title='bbox 501 3943 772 4000; x_wconf 85' lang='lat' dir='ltr'><strong>Christus</strong></span> <span class='ocrx_word' id='word_1_442' title='bbox 787 3959 886 4015; x_wconf 91' lang='lat' dir='ltr'><strong>per</strong></span> <span class='ocrx_word' id='word_1_443' title='bbox 905 3959 962 4000; x_wconf 85' lang='lat' dir='ltr'><strong>se</strong></span> <span class='ocrx_word' id='word_1_444' title='bbox 977 3943 1280 4015; x_wconf 88' lang='lat' dir='ltr'><strong>Spiritum,</strong></span> <span class='ocrx_word' id='word_1_445' title='bbox 1307 3942 1394 3997; x_wconf 92' lang='lat' dir='ltr'><strong>illi</strong></span> <span class='ocrx_word' id='word_1_446' title='bbox 1419 3957 1548 3997; x_wconf 91' lang='lat' dir='ltr'><strong>vero</strong></span> <span class='ocrx_word' id='word_1_447' title='bbox 1568 3959 1668 4013; x_wconf 88' lang='lat' dir='ltr'><strong>per</strong></span> <span class='ocrx_word' id='word_1_448' title='bbox 1688 3943 1968 3999; x_wconf 80' lang='lat' dir='ltr'><strong>Christum</strong></span> 
     </span>
    </p>
   </div>
   <div class='ocr_carea' id='block_1_56' title="bbox 319 4032 1964 4105">
    <p class='ocr_par' dir='ltr' id='par_1_56' title="bbox 319 4032 1964 4105">
     <span class='ocr_line' id='line_1_56' title="bbox 319 4032 1964 4105; baseline -0.002 -15"><span class='ocrx_word' id='word_1_449' title='bbox 319 4034 640 4090; x_wconf 84' lang='lat' dir='ltr'><strong>habebant.</strong></span> <span class='ocrx_word' id='word_1_450' title='bbox 699 4055 728 4086; x_wconf 82' lang='grc'>»</span> <span class='ocrx_word' id='word_1_451' title='bbox 797 4035 868 4090; x_wconf 87' lang='lat' dir='ltr'><strong>Et</strong></span> <span class='ocrx_word' id='word_1_452' title='bbox 919 4035 1110 4091; x_wconf 91' lang='lat' dir='ltr'><strong>denuo</strong></span> <span class='ocrx_word' id='word_1_453' title='bbox 1165 4034 1226 4105; x_wconf 94' lang='grc' dir='ltr'><strong>(Ι.</strong></span> <span class='ocrx_word' id='word_1_454' title='bbox 1277 4050 1364 4101; x_wconf 89' lang='grc' dir='ltr'>ιιι,</span> <span class='ocrx_word' id='word_1_455' title='bbox 1421 4050 1473 4088; x_wconf 92' lang='lat' dir='ltr'><strong>c.</strong></span> <span class='ocrx_word' id='word_1_456' title='bbox 1533 4033 1623 4101; x_wconf 88' lang='lat'><strong>12,</strong></span> <span class='ocrx_word' id='word_1_457' title='bbox 1656 4051 1710 4104; x_wconf 93' lang='lat' dir='ltr'><strong>p.</strong></span> <span class='ocrx_word' id='word_1_458' title='bbox 1756 4032 1964 4103; x_wconf 69' lang='lat'><strong>1248):</strong></span> 
     </span>
    </p>
   </div>
   <div class='ocr_carea' id='block_1_57' title="bbox 321 4122 1969 4196">
    <p class='ocr_par' dir='ltr' id='par_1_57' title="bbox 321 4122 1969 4196">
     <span class='ocr_line' id='line_1_57' title="bbox 321 4122 1969 4196; baseline 0.002 -21"><span class='ocrx_word' id='word_1_459' title='bbox 321 4147 350 4175; x_wconf 77' lang='grc' dir='ltr'>κ</span> <span class='ocrx_word' id='word_1_460' title='bbox 384 4124 638 4196; x_wconf 89' lang='lat' dir='ltr'><strong>Spiritus</strong></span> <span class='ocrx_word' id='word_1_461' title='bbox 669 4123 795 4180; x_wconf 86' lang='lat' dir='ltr'><strong>Filii</strong></span> <span class='ocrx_word' id='word_1_462' title='bbox 829 4129 915 4180; x_wconf 93' lang='lat' dir='ltr'><strong>est</strong></span> <span class='ocrx_word' id='word_1_463' title='bbox 945 4127 1046 4180; x_wconf 91' lang='lat' dir='ltr'><strong>aut</strong></span> <span class='ocrx_word' id='word_1_464' title='bbox 1088 4123 1309 4179; x_wconf 90' lang='lat' dir='ltr'><strong>ratione</strong></span> <span class='ocrx_word' id='word_1_465' title='bbox 1347 4131 1565 4179; x_wconf 58' lang='lat' dir='ltr'><strong>natura</strong></span> <span class='ocrx_word' id='word_1_466' title='bbox 1606 4131 1702 4178; x_wconf 87' lang='lat' dir='ltr'><strong>aut</strong></span> <span class='ocrx_word' id='word_1_467' title='bbox 1749 4122 1969 4178; x_wconf 87' lang='lat' dir='ltr'><strong>ratione</strong></span> 
     </span>
    </p>
   </div>
   <div class='ocr_carea' id='block_1_58' title="bbox 390 4295 1965 4370">
    <p class='ocr_par' dir='ltr' id='par_1_58' title="bbox 390 4295 1965 4370">
     <span class='ocr_line' id='line_1_58' title="bbox 390 4295 1965 4370; baseline 0 -18"><span class='ocrx_word' id='word_1_468' title='bbox 390 4298 508 4369; x_wconf 85' lang='lat'><strong>(98)</strong></span> <span class='ocrx_word' id='word_1_469' title='bbox 541 4296 601 4353; x_wconf 91' lang='lat' dir='ltr'><strong>Id</strong></span> <span class='ocrx_word' id='word_1_470' title='bbox 635 4304 796 4368; x_wconf 80' lang='lat' dir='ltr'><strong>urget</strong></span> <span class='ocrx_word' id='word_1_471' title='bbox 841 4295 1212 4370; x_wconf 89' lang='lat' dir='ltr'><strong>potissimum</strong></span> <span class='ocrx_word' id='word_1_472' title='bbox 1242 4296 1636 4370; x_wconf 85' lang='lat' dir='ltr'><strong>Theophanes</strong></span> <span class='ocrx_word' id='word_1_473' title='bbox 1677 4297 1965 4370; x_wconf 41' lang='lat' dir='ltr'><strong>Procopof</strong></span> 
     </span>
    </p>
   </div>
   <div class='ocr_carea' id='block_1_59' title="bbox 316 4368 1966 4440">
    <p class='ocr_par' dir='ltr' id='par_1_59' title="bbox 316 4368 1966 4440">
     <span class='ocr_line' id='line_1_59' title="bbox 316 4368 1966 4440; baseline -0.001 -14"><span class='ocrx_word' id='word_1_474' title='bbox 316 4368 490 4437; x_wconf 80' lang='lat' dir='ltr'><strong>wicz,</strong></span> <span class='ocrx_word' id='word_1_475' title='bbox 525 4370 746 4440; x_wconf 82' lang='lat' dir='ltr'><strong>op.eit.</strong></span> <span class='ocrx_word' id='word_1_476' title='bbox 777 4368 907 4440; x_wconf 57' lang='lat' dir='ltr'><strong>cap.</strong></span> <span class='ocrx_word' id='word_1_477' title='bbox 939 4369 989 4434; x_wconf 92' lang='lat'><strong>1,</strong></span> <span class='ocrx_word' id='word_1_478' title='bbox 1023 4386 1076 4440; x_wconf 92' lang='lat' dir='ltr'><strong>p.</strong></span> <span class='ocrx_word' id='word_1_479' title='bbox 1101 4370 1157 4437; x_wconf 90' lang='lat'><strong>3,</strong></span> <span class='ocrx_word' id='word_1_480' title='bbox 1193 4369 1390 4437; x_wconf 63' lang='lat'><strong>14,15,</strong></span> <span class='ocrx_word' id='word_1_481' title='bbox 1417 4370 1664 4424; x_wconf 90' lang='lat' dir='ltr'><strong>abutens</strong></span> <span class='ocrx_word' id='word_1_482' title='bbox 1685 4368 1770 4424; x_wconf 88' lang='lat' dir='ltr'><strong>vel</strong></span> <span class='ocrx_word' id='word_1_483' title='bbox 1795 4369 1966 4424; x_wconf 90' lang='lat' dir='ltr'><strong>inscii</strong></span> 
     </span>
    </p>
   </div>
   <div class='ocr_carea' id='block_1_60' title="bbox 315 4439 1964 4512">
    <p class='ocr_par' dir='ltr' id='par_1_60' title="bbox 315 4439 1964 4512">
     <span class='ocr_line' id='line_1_60' title="bbox 315 4439 1964 4512; baseline 0 -16"><span class='ocrx_word' id='word_1_484' title='bbox 315 4449 374 4496; x_wconf 91' lang='lat' dir='ltr'><strong>et</strong></span> <span class='ocrx_word' id='word_1_485' title='bbox 404 4439 800 4512; x_wconf 88' lang='lat' dir='ltr'><strong>imprudentis</strong></span> <span class='ocrx_word' id='word_1_486' title='bbox 830 4439 916 4495; x_wconf 86' lang='lat' dir='ltr'><strong>vel</strong></span> <span class='ocrx_word' id='word_1_487' title='bbox 947 4439 1123 4496; x_wconf 84' lang='lat' dir='ltr'><strong>etiam</strong></span> <span class='ocrx_word' id='word_1_488' title='bbox 1165 4441 1428 4495; x_wconf 76' lang='lat' dir='ltr'><strong>malevoli</strong></span> <span class='ocrx_word' id='word_1_489' title='bbox 1474 4441 1528 4495; x_wconf 91' lang='lat' dir='ltr'><strong>in</strong></span> <span class='ocrx_word' id='word_1_490' title='bbox 1573 4441 1680 4497; x_wconf 89' lang='lat' dir='ltr'><strong>hac</strong></span> <span class='ocrx_word' id='word_1_491' title='bbox 1723 4443 1964 4496; x_wconf 88' lang='lat' dir='ltr'><strong>materia</strong></span> 
     </span>
    </p>
   </div>
   <div class='ocr_carea' id='block_1_61' title="bbox 315 4511 1971 4583">
    <p class='ocr_par' dir='ltr' id='par_1_61' title="bbox 315 4511 1971 4583">
     <span class='ocr_line' id='line_1_61' title="bbox 315 4511 1971 4583; baseline -0.001 -15"><span class='ocrx_word' id='word_1_492' title='bbox 315 4511 618 4568; x_wconf 82' lang='lat' dir='ltr'><strong>Anastasii</strong></span> <span class='ocrx_word' id='word_1_493' title='bbox 653 4512 1086 4568; x_wconf 80' lang='lat' dir='ltr'><strong>Bibliothecarii</strong></span> <span class='ocrx_word' id='word_1_494' title='bbox 1117 4511 1331 4572; x_wconf 80' lang='lat' dir='ltr'><strong>verbis,</strong></span> <span class='ocrx_word' id='word_1_495' title='bbox 1367 4512 1467 4583; x_wconf 90' lang='lat' dir='ltr'><strong>qui</strong></span> <span class='ocrx_word' id='word_1_496' title='bbox 1499 4514 1558 4567; x_wconf 93' lang='lat' dir='ltr'><strong>in</strong></span> <span class='ocrx_word' id='word_1_497' title='bbox 1599 4529 1688 4582; x_wconf 92' lang='lat' dir='ltr'><strong>ep.</strong></span> <span class='ocrx_word' id='word_1_498' title='bbox 1732 4513 1803 4567; x_wconf 90' lang='lat' dir='ltr'><strong>ad</strong></span> <span class='ocrx_word' id='word_1_499' title='bbox 1835 4512 1971 4567; x_wconf 85' lang='lat' dir='ltr'><strong>Joh.</strong></span> 
     </span>
    </p>
   </div>
   <div class='ocr_carea' id='block_1_62' title="bbox 318 4583 1971 4654">
    <p class='ocr_par' dir='ltr' id='par_1_62' title="bbox 318 4583 1971 4654">
     <span class='ocr_line' id='line_1_62' title="bbox 318 4583 1971 4654; baseline 0 -16"><span class='ocrx_word' id='word_1_500' title='bbox 318 4585 481 4639; x_wconf 88' lang='lat' dir='ltr'><strong>Diac.</strong></span> <span class='ocrx_word' id='word_1_501' title='bbox 527 4583 814 4653; x_wconf 90' lang='lat' dir='ltr'><strong>(Galland.</strong></span> <span class='ocrx_word' id='word_1_502' title='bbox 865 4583 1008 4638; x_wconf 80' lang='lat' dir='ltr'><strong>Bibl.</strong></span> <span class='ocrx_word' id='word_1_503' title='bbox 1056 4585 1170 4638; x_wconf 87' lang='lat' dir='ltr'><strong>PP.</strong></span> <span class='ocrx_word' id='word_1_504' title='bbox 1220 4583 1373 4652; x_wconf 82' lang='lat' dir='ltr'><strong>XIII,</strong></span> <span class='ocrx_word' id='word_1_505' title='bbox 1426 4599 1482 4654; x_wconf 92' lang='lat' dir='ltr'><strong>p.</strong></span> <span class='ocrx_word' id='word_1_506' title='bbox 1531 4584 1625 4654; x_wconf 88' lang='grc'><strong>31)</strong></span> <span class='ocrx_word' id='word_1_507' title='bbox 1671 4583 1782 4639; x_wconf 86' lang='lat' dir='ltr'><strong>ista</strong></span> <span class='ocrx_word' id='word_1_508' title='bbox 1827 4584 1971 4638; x_wconf 85' lang='lat' dir='ltr'><strong>scri-</strong></span> 
     </span>
    </p>
   </div>
   <div class='ocr_carea' id='block_1_63' title="bbox 316 4655 1972 4727">
    <p class='ocr_par' dir='ltr' id='par_1_63' title="bbox 316 4655 1972 4727">
     <span class='ocr_line' id='line_1_63' title="bbox 316 4655 1972 4727; baseline -0.001 -16"><span class='ocrx_word' id='word_1_509' title='bbox 316 4659 518 4727; x_wconf 87' lang='lat' dir='ltr'><strong>pserat</strong></span> <span class='ocrx_word' id='word_1_510' title='bbox 552 4671 564 4708; x_wconf 88' lang='lat'><strong>:</strong></span> <span class='ocrx_word' id='word_1_511' title='bbox 603 4677 631 4703; x_wconf 87' lang='grc'><strong>‹‹</strong></span> <span class='ocrx_word' id='word_1_512' title='bbox 663 4655 944 4727; x_wconf 68' lang='lat' dir='ltr'><strong>Praeterea</strong></span> <span class='ocrx_word' id='word_1_513' title='bbox 969 4655 1346 4727; x_wconf 76' lang='lat' dir='ltr'><strong>interpretati</strong></span> <span class='ocrx_word' id='word_1_514' title='bbox 1371 4670 1582 4710; x_wconf 90' lang='lat' dir='ltr'><strong>sumus</strong></span> <span class='ocrx_word' id='word_1_515' title='bbox 1613 4671 1682 4710; x_wconf 90' lang='lat' dir='ltr'><strong>ex</strong></span> <span class='ocrx_word' id='word_1_516' title='bbox 1724 4655 1972 4727; x_wconf 90' lang='lat' dir='ltr'><strong>epistola</strong></span> 
     </span>
    </p>
   </div>
   <div class='ocr_carea' id='block_1_64' title="bbox 316 4725 1968 4798">
    <p class='ocr_par' dir='ltr' id='par_1_64' title="bbox 316 4725 1968 4798">
     <span class='ocr_line' id='line_1_64' title="bbox 316 4725 1968 4798; baseline 0 -16"><span class='ocrx_word' id='word_1_517' title='bbox 316 4725 587 4798; x_wconf 79' lang='lat' dir='ltr'><strong>ejusdem</strong></span> <span class='ocrx_word' id='word_1_518' title='bbox 621 4726 802 4782; x_wconf 81' lang='lat' dir='ltr'><strong>sancti</strong></span> <span class='ocrx_word' id='word_1_519' title='bbox 835 4726 1063 4798; x_wconf 85' lang='lat' dir='ltr'><strong>Maximi</strong></span> <span class='ocrx_word' id='word_1_520' title='bbox 1096 4728 1167 4782; x_wconf 92' lang='lat' dir='ltr'><strong>ad</strong></span> <span class='ocrx_word' id='word_1_521' title='bbox 1211 4725 1498 4782; x_wconf 89' lang='lat' dir='ltr'><strong>Marinum</strong></span> <span class='ocrx_word' id='word_1_522' title='bbox 1531 4727 1746 4798; x_wconf 89' lang='lat' dir='ltr'><strong>scripta</strong></span> <span class='ocrx_word' id='word_1_523' title='bbox 1776 4726 1968 4798; x_wconf 89' lang='lat' dir='ltr'><strong>presb.</strong></span> 
     </span>
    </p>
   </div>
   <div class='ocr_carea' id='block_1_65' title="bbox 316 4797 1969 4868">
    <p class='ocr_par' dir='ltr' id='par_1_65' title="bbox 316 4797 1969 4868">
     <span class='ocr_line' id='line_1_65' title="bbox 316 4797 1969 4868; baseline -0.001 -15"><span class='ocrx_word' id='word_1_524' title='bbox 316 4797 822 4854; x_wconf 87' lang='lat' dir='ltr'><strong>circumstantiam</strong></span> <span class='ocrx_word' id='word_1_525' title='bbox 856 4801 924 4852; x_wconf 94' lang='lat' dir='ltr'><strong>de</strong></span> <span class='ocrx_word' id='word_1_526' title='bbox 955 4797 1206 4868; x_wconf 91' lang='lat' dir='ltr'><strong>Spiritus</strong></span> <span class='ocrx_word' id='word_1_527' title='bbox 1239 4799 1424 4852; x_wconf 90' lang='lat' dir='ltr'><strong>sancti</strong></span> <span class='ocrx_word' id='word_1_528' title='bbox 1459 4797 1845 4867; x_wconf 87' lang='lat' dir='ltr'><strong>processione,</strong></span> <span class='ocrx_word' id='word_1_529' title='bbox 1872 4798 1969 4852; x_wconf 88' lang='lat' dir='ltr'><strong>ubi</strong></span> 
     </span>
    </p>
   </div>
   <div class='ocr_carea' id='block_1_66' title="bbox 316 4868 1968 4937">
    <p class='ocr_par' dir='ltr' id='par_1_66' title="bbox 316 4868 1968 4937">
     <span class='ocr_line' id='line_1_66' title="bbox 316 4868 1968 4937; baseline 0.001 -13"><span class='ocrx_word' id='word_1_530' title='bbox 316 4871 540 4926; x_wconf 78' lang='lat' dir='ltr'><strong>frustra</strong></span> <span class='ocrx_word' id='word_1_531' title='bbox 565 4869 793 4924; x_wconf 87' lang='lat' dir='ltr'><strong>causari</strong></span> <span class='ocrx_word' id='word_1_532' title='bbox 831 4874 1032 4925; x_wconf 89' lang='lat' dir='ltr'><strong>contra</strong></span> <span class='ocrx_word' id='word_1_533' title='bbox 1063 4885 1169 4924; x_wconf 91' lang='lat' dir='ltr'><strong>nos</strong></span> <span class='ocrx_word' id='word_1_534' title='bbox 1195 4868 1389 4924; x_wconf 91' lang='lat' dir='ltr'><strong>innuit</strong></span> <span class='ocrx_word' id='word_1_535' title='bbox 1422 4868 1673 4937; x_wconf 74' lang='lat' dir='ltr'><strong>Graecos,</strong></span> <span class='ocrx_word' id='word_1_536' title='bbox 1697 4886 1830 4925; x_wconf 91' lang='lat' dir='ltr'><strong>cum</strong></span> <span class='ocrx_word' id='word_1_537' title='bbox 1863 4886 1968 4925; x_wconf 91' lang='lat' dir='ltr'><strong>nos</strong></span> 
     </span>
    </p>
   </div>
   <div class='ocr_carea' id='block_1_67' title="bbox 317 4939 1969 5012">
    <p class='ocr_par' dir='ltr' id='par_1_67' title="bbox 317 4939 1969 5012">
     <span class='ocr_line' id='line_1_67' title="bbox 317 4939 1969 5012; baseline 0 -16"><span class='ocrx_word' id='word_1_538' title='bbox 317 4958 434 4998; x_wconf 92' lang='lat' dir='ltr'><strong>non</strong></span> <span class='ocrx_word' id='word_1_539' title='bbox 467 4957 692 4996; x_wconf 80' lang='lat' dir='ltr'><strong>causam</strong></span> <span class='ocrx_word' id='word_1_540' title='bbox 722 4942 804 4996; x_wconf 85' lang='lat' dir='ltr'><strong>vel</strong></span> <span class='ocrx_word' id='word_1_541' title='bbox 825 4939 1166 5012; x_wconf 84' lang='lat' dir='ltr'><strong>principium</strong></span> <span class='ocrx_word' id='word_1_542' title='bbox 1185 4939 1396 4996; x_wconf 88' lang='lat' dir='ltr'><strong>Filium</strong></span> <span class='ocrx_word' id='word_1_543' title='bbox 1427 4941 1694 5012; x_wconf 85' lang='lat' dir='ltr'><strong>dicamus</strong></span> <span class='ocrx_word' id='word_1_544' title='bbox 1717 4941 1969 5011; x_wconf 87' lang='lat' dir='ltr'><strong>Spiritus</strong></span> 
     </span>
    </p>
   </div>
   <div class='ocr_carea' id='block_1_68' title="bbox 317 5011 1968 5081">
    <p class='ocr_par' dir='ltr' id='par_1_68' title="bbox 317 5011 1968 5081">
     <span class='ocr_line' id='line_1_68' title="bbox 317 5011 1968 5081; baseline -0.001 -13"><span class='ocrx_word' id='word_1_545' title='bbox 317 5013 532 5078; x_wconf 85' lang='lat' dir='ltr'><strong>sancti,</strong></span> <span class='ocrx_word' id='word_1_546' title='bbox 558 5017 623 5068; x_wconf 92' lang='lat' dir='ltr'><strong>ut</strong></span> <span class='ocrx_word' id='word_1_547' title='bbox 644 5011 974 5081; x_wconf 88' lang='lat' dir='ltr'><strong>autumant,</strong></span> <span class='ocrx_word' id='word_1_548' title='bbox 998 5013 1097 5066; x_wconf 91' lang='lat' dir='ltr'><strong>sed</strong></span> <span class='ocrx_word' id='word_1_549' title='bbox 1114 5013 1400 5066; x_wconf 90' lang='lat' dir='ltr'><strong>unitatem</strong></span> <span class='ocrx_word' id='word_1_550' title='bbox 1421 5011 1759 5067; x_wconf 71' lang='lat' dir='ltr'><strong>substantiae</strong></span> <span class='ocrx_word' id='word_1_551' title='bbox 1782 5013 1968 5067; x_wconf 89' lang='lat' dir='ltr'><strong>Patris</strong></span> 
     </span>
    </p>
   </div>
   <div class='ocr_carea' id='block_1_69' title="bbox 315 5083 1969 5152">
    <p class='ocr_par' dir='ltr' id='par_1_69' title="bbox 315 5083 1969 5152">
     <span class='ocr_line' id='line_1_69' title="bbox 315 5083 1969 5152; baseline 0 -13"><span class='ocrx_word' id='word_1_552' title='bbox 315 5102 382 5140; x_wconf 87' lang='lat' dir='ltr'><strong>ac</strong></span> <span class='ocrx_word' id='word_1_553' title='bbox 413 5084 544 5140; x_wconf 86' lang='lat' dir='ltr'><strong>Filii</strong></span> <span class='ocrx_word' id='word_1_554' title='bbox 604 5099 719 5139; x_wconf 90' lang='lat' dir='ltr'><strong>non</strong></span> <span class='ocrx_word' id='word_1_555' title='bbox 747 5085 1092 5151; x_wconf 89' lang='lat' dir='ltr'><strong>nescientes,</strong></span> <span class='ocrx_word' id='word_1_556' title='bbox 1125 5084 1277 5139; x_wconf 88' lang='lat' dir='ltr'><strong>sicut</strong></span> <span class='ocrx_word' id='word_1_557' title='bbox 1307 5083 1568 5152; x_wconf 89' lang='lat' dir='ltr'><strong>procedit</strong></span> <span class='ocrx_word' id='word_1_558' title='bbox 1587 5099 1656 5139; x_wconf 89' lang='lat' dir='ltr'><strong>ex</strong></span> <span class='ocrx_word' id='word_1_559' title='bbox 1675 5083 1861 5152; x_wconf 90' lang='lat' dir='ltr'><strong>Patre,</strong></span> <span class='ocrx_word' id='word_1_560' title='bbox 1887 5083 1969 5140; x_wconf 89' lang='lat' dir='ltr'><strong>ita</strong></span> 
     </span>
    </p>
   </div>
   <div class='ocr_carea' id='block_1_70' title="bbox 317 5153 1966 5228">
    <p class='ocr_par' dir='ltr' id='par_1_70' title="bbox 317 5153 1966 5228">
     <span class='ocr_line' id='line_1_70' title="bbox 317 5153 1966 5228; baseline -0.001 -16"><span class='ocrx_word' id='word_1_561' title='bbox 317 5172 451 5212; x_wconf 89' lang='lat' dir='ltr'><strong>eum</strong></span> <span class='ocrx_word' id='word_1_562' title='bbox 485 5156 798 5228; x_wconf 89' lang='lat' dir='ltr'><strong>procedere</strong></span> <span class='ocrx_word' id='word_1_563' title='bbox 827 5171 896 5211; x_wconf 89' lang='lat' dir='ltr'><strong>ex</strong></span> <span class='ocrx_word' id='word_1_564' title='bbox 938 5154 1124 5228; x_wconf 70' lang='lat' dir='ltr'><strong>Filio,</strong></span> <span class='ocrx_word' id='word_1_565' title='bbox 1152 5153 1470 5228; x_wconf 71' lang='lat' dir='ltr'><strong>missionem</strong></span> <span class='ocrx_word' id='word_1_566' title='bbox 1511 5154 1788 5228; x_wconf 83' lang='lat' dir='ltr'><strong>nimirum</strong></span> <span class='ocrx_word' id='word_1_567' title='bbox 1835 5169 1966 5226; x_wconf 89' lang='lat' dir='ltr'><strong>pro-</strong></span> 
     </span>
    </p>
   </div>
   <div class='ocr_carea' id='block_1_71' title="bbox 315 5226 1966 5298">
    <p class='ocr_par' dir='ltr' id='par_1_71' title="bbox 315 5226 1966 5298">
     <span class='ocr_line' id='line_1_71' title="bbox 315 5226 1966 5298; baseline -0.001 -15"><span class='ocrx_word' id='word_1_568' title='bbox 315 5226 618 5283; x_wconf 79' lang='lat' dir='ltr'><strong>cessionem</strong></span> <span class='ocrx_word' id='word_1_569' title='bbox 649 5227 1042 5295; x_wconf 80' lang='lat' dir='ltr'><strong>intelligentes,</strong></span> <span class='ocrx_word' id='word_1_570' title='bbox 1073 5226 1164 5298; x_wconf 92' lang='lat' dir='ltr'><strong>pie</strong></span> <span class='ocrx_word' id='word_1_571' title='bbox 1205 5226 1622 5297; x_wconf 88' lang='lat' dir='ltr'><strong>interpretans,</strong></span> <span class='ocrx_word' id='word_1_572' title='bbox 1663 5226 1966 5298; x_wconf 89' lang='lat' dir='ltr'><strong>utriusque</strong></span> 
     </span>
    </p>
   </div>
   <div class='ocr_carea' id='block_1_72' title="bbox 317 5297 1967 5394">
    <p class='ocr_par' dir='ltr' id='par_1_72' title="bbox 317 5297 1967 5394">
     <span class='ocr_line' id='line_1_72' title="bbox 317 5297 1967 5394; baseline 0 -42"><span class='ocrx_word' id='word_1_573' title='bbox 317 5299 781 5394; x_wconf 48' lang='lat' dir='ltr'><strong>linguaa‘gnaros</strong></span> <span class='ocrx_word' id='word_1_574' title='bbox 811 5299 882 5394; x_wconf 63' lang='lat' dir='ltr'><strong>ad</strong></span> <span class='ocrx_word' id='word_1_575' title='bbox 925 5313 1122 5394; x_wconf 60' lang='lat' dir='ltr'><strong>pacem</strong></span> <span class='ocrx_word' id='word_1_576' title='bbox 1165 5297 1685 5394; x_wconf 41' lang='lat' dir='ltr'><strong>eu&#39;utrienshdum</strong></span> <span class='ocrx_word' id='word_1_577' title='bbox 1732 5297 1873 5394; x_wconf 71' lang='lat' dir='ltr'><strong>scil.J</strong></span> <span class='ocrx_word' id='word_1_578' title='bbox 1911 5301 1967 5352; x_wconf 88' lang='lat' dir='ltr'><strong>et</strong></span> 
     </span>
    </p>
   </div>
   <div class='ocr_carea' id='block_1_73' title="bbox 319 5369 1968 5440">
    <p class='ocr_par' dir='ltr' id='par_1_73' title="bbox 319 5369 1968 5440">
     <span class='ocr_line' id='line_1_73' title="bbox 319 5369 1968 5440; baseline -0.001 -14"><span class='ocrx_word' id='word_1_579' title='bbox 319 5369 433 5426; x_wconf 69' lang='lat' dir='ltr'><strong>nos</strong></span> <span class='ocrx_word' id='word_1_580' title='bbox 454 5375 514 5426; x_wconf 90' lang='lat' dir='ltr'><strong>et</strong></span> <span class='ocrx_word' id='word_1_581' title='bbox 546 5369 777 5426; x_wconf 63' lang='lat' dir='ltr'><strong>Grecos</strong></span> <span class='ocrx_word' id='word_1_582' title='bbox 807 5369 1009 5426; x_wconf 88' lang='lat' dir='ltr'><strong>edocet</strong></span> <span class='ocrx_word' id='word_1_583' title='bbox 1038 5369 1338 5426; x_wconf 85' lang='lat' dir='ltr'><strong>secundum</strong></span> <span class='ocrx_word' id='word_1_584' title='bbox 1367 5369 1632 5440; x_wconf 83' lang='lat' dir='ltr'><strong>quiddam</strong></span> <span class='ocrx_word' id='word_1_585' title='bbox 1670 5369 1968 5439; x_wconf 84' lang='lat' dir='ltr'><strong>procedere</strong></span> 
     </span>
    </p>
   </div>
   <div class='ocr_carea' id='block_1_74' title="bbox 320 5440 1966 5512">
    <p class='ocr_par' dir='ltr' id='par_1_74' title="bbox 320 5440 1966 5512">
     <span class='ocr_line' id='line_1_74' title="bbox 320 5440 1966 5512; baseline 0 -16"><span class='ocrx_word' id='word_1_586' title='bbox 320 5451 369 5496; x_wconf 86' lang='lat' dir='ltr'><strong>et</strong></span> <span class='ocrx_word' id='word_1_587' title='bbox 396 5444 700 5498; x_wconf 83' lang='lat' dir='ltr'><strong>secundum</strong></span> <span class='ocrx_word' id='word_1_588' title='bbox 747 5441 1009 5512; x_wconf 85' lang='lat' dir='ltr'><strong>quiddam</strong></span> <span class='ocrx_word' id='word_1_589' title='bbox 1067 5457 1175 5497; x_wconf 87' lang='lat' dir='ltr'><strong>non</strong></span> <span class='ocrx_word' id='word_1_590' title='bbox 1226 5440 1522 5512; x_wconf 87' lang='lat' dir='ltr'><strong>procedere</strong></span> <span class='ocrx_word' id='word_1_591' title='bbox 1564 5440 1966 5512; x_wconf 12' lang='lat' dir='ltr'><strong>Spiritumgex</strong></span> 
     </span>
    </p>
   </div>
   <div class='ocr_carea' id='block_1_75' title="bbox 320 5510 1968 5584">
    <p class='ocr_par' dir='ltr' id='par_1_75' title="bbox 320 5510 1968 5584">
     <span class='ocr_line' id='line_1_75' title="bbox 320 5510 1968 5584; baseline -0.001 -16"><span class='ocrx_word' id='word_1_592' title='bbox 320 5513 462 5569; x_wconf 84' lang='lat' dir='ltr'><strong>Filio</strong></span> <span class='ocrx_word' id='word_1_593' title='bbox 496 5531 511 5580; x_wconf 89' lang='lat'><strong>;</strong></span> <span class='ocrx_word' id='word_1_594' title='bbox 545 5510 951 5570; x_wconf 81' lang='lat' dir='ltr'><strong>difﬁcultatem</strong></span> <span class='ocrx_word' id='word_1_595' title='bbox 984 5510 1343 5584; x_wconf 82' lang='lat' dir='ltr'><strong>exprimendi</strong></span> <span class='ocrx_word' id='word_1_596' title='bbox 1378 5513 1449 5567; x_wconf 93' lang='lat' dir='ltr'><strong>de</strong></span> <span class='ocrx_word' id='word_1_597' title='bbox 1477 5511 1714 5584; x_wconf 73' lang='lat' dir='ltr'><strong>alterius</strong></span> <span class='ocrx_word' id='word_1_598' title='bbox 1745 5511 1802 5566; x_wconf 90' lang='lat' dir='ltr'><strong>in</strong></span> <span class='ocrx_word' id='word_1_599' title='bbox 1827 5510 1968 5567; x_wconf 89' lang='lat' dir='ltr'><strong>alte-</strong></span> 
     </span>
    </p>
   </div>
   <div class='ocr_carea' id='block_1_76' title="bbox 321 5582 1964 5666">
    <p class='ocr_par' dir='ltr' id='par_1_76' title="bbox 321 5582 1964 5666">
     <span class='ocr_line' id='line_1_76' title="bbox 321 5582 1964 5666; baseline -0.001 -26"><span class='ocrx_word' id='word_1_600' title='bbox 321 5585 684 5666; x_wconf 72' lang='lat' dir='ltr'><strong>rius_linguaa</strong></span> <span class='ocrx_word' id='word_1_601' title='bbox 717 5582 1125 5666; x_wconf 74' lang='lat' dir='ltr'><strong>proprietatem</strong></span> <span class='ocrx_word' id='word_1_602' title='bbox 1157 5583 1516 5666; x_wconf 76' lang='lat' dir='ltr'><strong>significans.</strong></span> <span class='ocrx_word' id='word_1_603' title='bbox 1552 5604 1594 5666; x_wconf 50' lang='grc' dir='ltr'><strong>ξε</strong></span> <span class='ocrx_word' id='word_1_604' title='bbox 1613 5582 1797 5666; x_wconf 73' lang='lat' dir='ltr'><strong>Quam</strong></span> <span class='ocrx_word' id='word_1_605' title='bbox 1831 5599 1964 5666; x_wconf 70' lang='lat' dir='ltr'><strong>sen-</strong></span> 
     </span>
    </p>
   </div>
   <div class='ocr_carea' id='block_1_77' title="bbox 322 5654 1966 5728">
    <p class='ocr_par' dir='ltr' id='par_1_77' title="bbox 322 5654 1966 5728">
     <span class='ocr_line' id='line_1_77' title="bbox 322 5654 1966 5728; baseline 0.001 -17"><span class='ocrx_word' id='word_1_606' title='bbox 322 5654 898 5728; x_wconf 48' lang='lat' dir='ltr'><strong>gntiam&#39;merito&#39;ut</strong></span> <span class='ocrx_word' id='word_1_607' title='bbox 949 5654 1238 5728; x_wconf 32' lang='lat' dir='ltr'><strong>insulsamf</strong></span> <span class='ocrx_word' id='word_1_608' title='bbox 1267 5654 1513 5728; x_wconf 82' lang='lat' dir='ltr'><strong>castigat</strong></span> <span class='ocrx_word' id='word_1_609' title='bbox 1556 5654 1842 5726; x_wconf 85' lang='lat' dir='ltr'><strong>Petavius,</strong></span> <span class='ocrx_word' id='word_1_610' title='bbox 1895 5655 1966 5712; x_wconf 90' lang='lat' dir='ltr'><strong>De</strong></span> 
     </span>
    </p>
   </div>
   <div class='ocr_carea' id='block_1_78' title="bbox 323 5727 1784 5800">
    <p class='ocr_par' dir='ltr' id='par_1_78' title="bbox 323 5727 1784 5800">
     <span class='ocr_line' id='line_1_78' title="bbox 323 5727 1784 5800; baseline 0 -16"><span class='ocrx_word' id='word_1_611' title='bbox 323 5727 468 5785; x_wconf 80' lang='lat' dir='ltr'><strong>Trin.</strong></span> <span class='ocrx_word' id='word_1_612' title='bbox 500 5727 541 5785; x_wconf 91' lang='grc' dir='ltr'><strong>Ι.</strong></span> <span class='ocrx_word' id='word_1_613' title='bbox 571 5744 674 5800; x_wconf 85' lang='lat' dir='ltr'><strong>vn,</strong></span> <span class='ocrx_word' id='word_1_614' title='bbox 697 5743 750 5787; x_wconf 86' lang='grc' dir='ltr'><strong>ο.</strong></span> <span class='ocrx_word' id='word_1_615' title='bbox 783 5729 872 5800; x_wconf 79' lang='grc'><strong>17,</strong></span> <span class='ocrx_word' id='word_1_616' title='bbox 902 5745 962 5787; x_wconf 84' lang='grc' dir='ltr'>ιι.</span> <span class='ocrx_word' id='word_1_617' title='bbox 994 5730 1082 5800; x_wconf 83' lang='grc'><strong>12,</strong></span> <span class='ocrx_word' id='word_1_618' title='bbox 1112 5729 1173 5784; x_wconf 92' lang='lat' dir='ltr'><strong>in</strong></span> <span class='ocrx_word' id='word_1_619' title='bbox 1202 5727 1338 5784; x_wconf 81' lang='lat' dir='ltr'><strong>fine.</strong></span> <span class='ocrx_word' id='word_1_620' title='bbox 1775 5731 1784 5740; x_wconf 80' lang='grc'><em>’</em></span> 
     </span>
    </p>
   </div>
   <div class='ocr_carea' id='block_1_79' title="bbox 2069 1891 3716 1972">
    <p class='ocr_par' dir='ltr' id='par_1_79' title="bbox 2069 1891 3716 1972">
     <span class='ocr_line' id='line_1_79' title="bbox 2069 1891 3716 1972; baseline 0.008 -27"><span class='ocrx_word' id='word_1_621' title='bbox 2069 1891 2344 1948; x_wconf 87' lang='lat' dir='ltr'><strong>Evertunt</strong></span> <span class='ocrx_word' id='word_1_622' title='bbox 2365 1893 2517 1950; x_wconf 90' lang='lat' dir='ltr'><strong>hanc</strong></span> <span class='ocrx_word' id='word_1_623' title='bbox 2533 1897 2931 1967; x_wconf 87' lang='lat' dir='ltr'><strong>exceptionem</strong></span> <span class='ocrx_word' id='word_1_624' title='bbox 2955 1917 3080 1972; x_wconf 66' lang='lat' dir='ltr'><strong>qua</strong></span> <span class='ocrx_word' id='word_1_625' title='bbox 3113 1901 3528 1971; x_wconf 68' lang='lat' dir='ltr'><strong>praemisimus,</strong></span> <span class='ocrx_word' id='word_1_626' title='bbox 3562 1920 3716 1960; x_wconf 87' lang='lat' dir='ltr'><strong>ever-</strong></span> 
     </span>
    </p>
   </div>
   <div class='ocr_carea' id='block_1_80' title="bbox 2067 1981 3714 2062">
    <p class='ocr_par' dir='ltr' id='par_1_80' title="bbox 2067 1981 3714 2062">
     <span class='ocr_line' id='line_1_80' title="bbox 2067 1981 3714 2062; baseline 0.009 -27"><span class='ocrx_word' id='word_1_627' title='bbox 2067 1985 2202 2036; x_wconf 89' lang='lat' dir='ltr'><strong>tunt</strong></span> <span class='ocrx_word' id='word_1_628' title='bbox 2228 1981 2353 2053; x_wconf 87' lang='lat' dir='ltr'><strong>ipsa</strong></span> <span class='ocrx_word' id='word_1_629' title='bbox 2386 1984 2616 2040; x_wconf 89' lang='lat' dir='ltr'><strong>Patrum</strong></span> <span class='ocrx_word' id='word_1_630' title='bbox 2652 1989 2842 2053; x_wconf 84' lang='lat' dir='ltr'><strong>verba,</strong></span> <span class='ocrx_word' id='word_1_631' title='bbox 2876 1988 3088 2059; x_wconf 91' lang='lat' dir='ltr'><strong>quibus</strong></span> <span class='ocrx_word' id='word_1_632' title='bbox 3110 1990 3308 2045; x_wconf 92' lang='lat' dir='ltr'><strong>dicunt</strong></span> <span class='ocrx_word' id='word_1_633' title='bbox 3329 1991 3612 2062; x_wconf 76' lang='lat' dir='ltr'><strong>Spiritum</strong></span> <span class='ocrx_word' id='word_1_634' title='bbox 3635 1995 3714 2050; x_wconf 83' lang='lat' dir='ltr'><strong>ef-</strong></span> 
     </span>
    </p>
   </div>
   <div class='ocr_carea' id='block_1_81' title="bbox 2068 2069 3716 2154">
    <p class='ocr_par' dir='ltr' id='par_1_81' title="bbox 2068 2069 3716 2154">
     <span class='ocr_line' id='line_1_81' title="bbox 2068 2069 3716 2154; baseline 0.008 -30"><span class='ocrx_word' id='word_1_635' title='bbox 2068 2069 2236 2125; x_wconf 87' lang='lat' dir='ltr'><strong>fundi</strong></span> <span class='ocrx_word' id='word_1_636' title='bbox 2269 2088 2302 2127; x_wconf 93' lang='lat' dir='ltr'><strong>a</strong></span> <span class='ocrx_word' id='word_1_637' title='bbox 2324 2071 2462 2129; x_wconf 88' lang='lat' dir='ltr'><strong>Filio</strong></span> <span class='ocrx_word' id='word_1_638' title='bbox 2491 2076 2627 2130; x_wconf 82' lang='lat' dir='ltr'><strong>sicut</strong></span> <span class='ocrx_word' id='word_1_639' title='bbox 2659 2092 2694 2130; x_wconf 89' lang='lat' dir='ltr'><strong>a</strong></span> <span class='ocrx_word' id='word_1_640' title='bbox 2717 2078 2882 2132; x_wconf 86' lang='lat' dir='ltr'><strong>Patre</strong></span> <span class='ocrx_word' id='word_1_641' title='bbox 2911 2082 2968 2133; x_wconf 93' lang='lat' dir='ltr'><strong>et</strong></span> <span class='ocrx_word' id='word_1_642' title='bbox 2992 2079 3068 2133; x_wconf 91' lang='lat' dir='ltr'><strong>ita</strong></span> <span class='ocrx_word' id='word_1_643' title='bbox 3098 2087 3159 2134; x_wconf 89' lang='lat' dir='ltr'><strong>ut</strong></span> <span class='ocrx_word' id='word_1_644' title='bbox 3179 2082 3556 2136; x_wconf 86' lang='lat' dir='ltr'><strong>connaturalis</strong></span> <span class='ocrx_word' id='word_1_645' title='bbox 3585 2082 3716 2154; x_wconf 83' lang='lat' dir='ltr'><strong>Spi-</strong></span> 
     </span>
    </p>
   </div>
   <div class='ocr_carea' id='block_1_82' title="bbox 2067 2156 3715 2236">
    <p class='ocr_par' dir='ltr' id='par_1_82' title="bbox 2067 2156 3715 2236">
     <span class='ocr_line' id='line_1_82' title="bbox 2067 2156 3715 2236; baseline 0.008 -27"><span class='ocrx_word' id='word_1_646' title='bbox 2067 2156 2210 2212; x_wconf 87' lang='lat' dir='ltr'><strong>ritus</strong></span> <span class='ocrx_word' id='word_1_647' title='bbox 2236 2157 2290 2213; x_wconf 87' lang='lat' dir='ltr'><strong>ei</strong></span> <span class='ocrx_word' id='word_1_648' title='bbox 2319 2157 2414 2227; x_wconf 87' lang='lat' dir='ltr'><strong>sit,</strong></span> <span class='ocrx_word' id='word_1_649' title='bbox 2449 2161 2600 2230; x_wconf 91' lang='lat' dir='ltr'><strong>quod</strong></span> <span class='ocrx_word' id='word_1_650' title='bbox 2624 2162 2695 2217; x_wconf 91' lang='lat' dir='ltr'><strong>de</strong></span> <span class='ocrx_word' id='word_1_651' title='bbox 2717 2161 2887 2218; x_wconf 91' lang='lat' dir='ltr'><strong>donis</strong></span> <span class='ocrx_word' id='word_1_652' title='bbox 2911 2180 3011 2235; x_wconf 90' lang='lat' dir='ltr'><strong>per</strong></span> <span class='ocrx_word' id='word_1_653' title='bbox 3027 2181 3089 2220; x_wconf 89' lang='lat' dir='ltr'><strong>se</strong></span> <span class='ocrx_word' id='word_1_654' title='bbox 3110 2163 3224 2220; x_wconf 91' lang='lat' dir='ltr'><strong>dici</strong></span> <span class='ocrx_word' id='word_1_655' title='bbox 3249 2166 3468 2236; x_wconf 89' lang='lat' dir='ltr'><strong>nequit,</strong></span> <span class='ocrx_word' id='word_1_656' title='bbox 3494 2167 3715 2223; x_wconf 84' lang='lat' dir='ltr'><strong>ellundi</strong></span> 
     </span>
    </p>
   </div>
   <div class='ocr_carea' id='block_1_83' title="bbox 2067 2245 3712 2326">
    <p class='ocr_par' dir='ltr' id='par_1_83' title="bbox 2067 2245 3712 2326">
     <span class='ocr_line' id='line_1_83' title="bbox 2067 2245 3712 2326; baseline 0.008 -27"><span class='ocrx_word' id='word_1_657' title='bbox 2067 2245 2351 2317; x_wconf 91' lang='lat' dir='ltr'><strong>Spiritum</strong></span> <span class='ocrx_word' id='word_1_658' title='bbox 2383 2265 2417 2304; x_wconf 92' lang='lat' dir='ltr'><strong>a</strong></span> <span class='ocrx_word' id='word_1_659' title='bbox 2447 2249 2591 2304; x_wconf 90' lang='lat' dir='ltr'><strong>Filio</strong></span> <span class='ocrx_word' id='word_1_660' title='bbox 2638 2267 2706 2306; x_wconf 93' lang='lat' dir='ltr'><strong>ex</strong></span> <span class='ocrx_word' id='word_1_661' title='bbox 2732 2252 2963 2324; x_wconf 88' lang='lat' dir='ltr'><strong>prapria</strong></span> <span class='ocrx_word' id='word_1_662' title='bbox 3008 2257 3206 2310; x_wconf 84' lang='lat' dir='ltr'><strong>natura</strong></span> <span class='ocrx_word' id='word_1_663' title='bbox 3252 2265 3415 2326; x_wconf 82' lang='lat' dir='ltr'><strong>atque</strong></span> <span class='ocrx_word' id='word_1_664' title='bbox 3456 2256 3712 2311; x_wconf 80' lang='lat' dir='ltr'><strong>substan-</strong></span> 
     </span>
    </p>
   </div>
   <div class='ocr_carea' id='block_1_84' title="bbox 2069 2335 3710 2415">
    <p class='ocr_par' dir='ltr' id='par_1_84' title="bbox 2069 2335 3710 2415">
     <span class='ocr_line' id='line_1_84' title="bbox 2069 2335 3710 2415; baseline 0.007 -27"><span class='ocrx_word' id='word_1_665' title='bbox 2069 2336 2152 2389; x_wconf 83' lang='lat' dir='ltr'><strong>tia</strong></span> <span class='ocrx_word' id='word_1_666' title='bbox 2183 2335 2319 2407; x_wconf 90' lang='lat'><strong>(99),</strong></span> <span class='ocrx_word' id='word_1_667' title='bbox 2352 2336 2580 2409; x_wconf 86' lang='lat' dir='ltr'><strong>aliaque</strong></span> <span class='ocrx_word' id='word_1_668' title='bbox 2611 2339 2954 2410; x_wconf 85' lang='lat' dir='ltr'><strong>hujusmodi</strong></span> <span class='ocrx_word' id='word_1_669' title='bbox 2985 2347 3276 2398; x_wconf 89' lang='lat' dir='ltr'><strong>sexcenta.</strong></span> <span class='ocrx_word' id='word_1_670' title='bbox 3309 2348 3499 2415; x_wconf 83' lang='lat' dir='ltr'><strong>Neque</strong></span> <span class='ocrx_word' id='word_1_671' title='bbox 3519 2344 3710 2400; x_wconf 92' lang='lat' dir='ltr'><strong>solum</strong></span> 
     </span>
    </p>
   </div>
   <div class='ocr_carea' id='block_1_85' title="bbox 2070 2423 3715 2506">
    <p class='ocr_par' dir='ltr' id='par_1_85' title="bbox 2070 2423 3715 2506">
     <span class='ocr_line' id='line_1_85' title="bbox 2070 2423 3715 2506; baseline 0.006 -28"><span class='ocrx_word' id='word_1_672' title='bbox 2070 2423 2223 2480; x_wconf 90' lang='lat' dir='ltr'><strong>dona</strong></span> <span class='ocrx_word' id='word_1_673' title='bbox 2254 2441 2319 2480; x_wconf 91' lang='lat' dir='ltr'><strong>ac</strong></span> <span class='ocrx_word' id='word_1_674' title='bbox 2346 2426 2702 2484; x_wconf 86' lang='lat' dir='ltr'><strong>charismata</strong></span> <span class='ocrx_word' id='word_1_675' title='bbox 2732 2429 3002 2486; x_wconf 80' lang='lat' dir='ltr'><strong>fidelibus</strong></span> <span class='ocrx_word' id='word_1_676' title='bbox 3024 2431 3359 2498; x_wconf 89' lang='lat' dir='ltr'><strong>dantur,sed</strong></span> <span class='ocrx_word' id='word_1_677' title='bbox 3385 2433 3510 2503; x_wconf 90' lang='lat' dir='ltr'><strong>ipse</strong></span> <span class='ocrx_word' id='word_1_678' title='bbox 3529 2433 3715 2506; x_wconf 89' lang='lat' dir='ltr'><strong>Spiri-</strong></span> 
     </span>
    </p>
   </div>
   <div class='ocr_carea' id='block_1_86' title="bbox 2070 2516 3712 2591">
    <p class='ocr_par' dir='ltr' id='par_1_86' title="bbox 2070 2516 3712 2591">
     <span class='ocr_line' id='line_1_86' title="bbox 2070 2516 3712 2591; baseline 0.005 -23"><span class='ocrx_word' id='word_1_679' title='bbox 2070 2516 2166 2568; x_wconf 90' lang='lat' dir='ltr'><strong>tus</strong></span> <span class='ocrx_word' id='word_1_680' title='bbox 2196 2519 2432 2570; x_wconf 87' lang='lat' dir='ltr'><strong>sanctus</strong></span> <span class='ocrx_word' id='word_1_681' title='bbox 2461 2516 2560 2587; x_wconf 92' lang='lat' dir='ltr'><strong>qui</strong></span> <span class='ocrx_word' id='word_1_682' title='bbox 2591 2516 2646 2571; x_wconf 93' lang='lat' dir='ltr'><strong>in</strong></span> <span class='ocrx_word' id='word_1_683' title='bbox 2666 2517 2751 2573; x_wconf 86' lang='lat' dir='ltr'><strong>eis</strong></span> <span class='ocrx_word' id='word_1_684' title='bbox 2774 2517 3063 2574; x_wconf 88' lang='lat' dir='ltr'><strong>inhabitat</strong></span> <span class='ocrx_word' id='word_1_685' title='bbox 3086 2519 3298 2588; x_wconf 89' lang='lat' dir='ltr'><strong>(Petav.</strong></span> <span class='ocrx_word' id='word_1_686' title='bbox 3320 2521 3393 2576; x_wconf 89' lang='lat' dir='ltr'><strong>De</strong></span> <span class='ocrx_word' id='word_1_687' title='bbox 3415 2521 3562 2576; x_wconf 86' lang='lat' dir='ltr'><strong>Trin.</strong></span> <span class='ocrx_word' id='word_1_688' title='bbox 3588 2537 3712 2591; x_wconf 85' lang='lat' dir='ltr'><strong>vm,</strong></span> 
     </span>
    </p>
   </div>
   <div class='ocr_carea' id='block_1_87' title="bbox 2070 2602 3712 2681">
    <p class='ocr_par' dir='ltr' id='par_1_87' title="bbox 2070 2602 3712 2681">
     <span class='ocr_line' id='line_1_87' title="bbox 2070 2602 3712 2681; baseline 0.006 -25"><span class='ocrx_word' id='word_1_689' title='bbox 2070 2602 2103 2656; x_wconf 86' lang='grc'>4</span> <span class='ocrx_word' id='word_1_690' title='bbox 2134 2606 2304 2674; x_wconf 89' lang='lat' dir='ltr'><strong>seq.),</strong></span> <span class='ocrx_word' id='word_1_691' title='bbox 2339 2605 2493 2676; x_wconf 89' lang='lat' dir='ltr'><strong>quod</strong></span> <span class='ocrx_word' id='word_1_692' title='bbox 2525 2606 2740 2661; x_wconf 82' lang='lat' dir='ltr'><strong>frustra</strong></span> <span class='ocrx_word' id='word_1_693' title='bbox 2769 2623 2803 2661; x_wconf 90' lang='lat' dir='ltr'><strong>a</strong></span> <span class='ocrx_word' id='word_1_694' title='bbox 2833 2605 3047 2664; x_wconf 66' lang='lat' dir='ltr'><strong>Graecis</strong></span> <span class='ocrx_word' id='word_1_695' title='bbox 3079 2607 3248 2680; x_wconf 85' lang='lat' dir='ltr'><strong>plane</strong></span> <span class='ocrx_word' id='word_1_696' title='bbox 3286 2618 3550 2681; x_wconf 83' lang='lat' dir='ltr'><strong>negatur.</strong></span> <span class='ocrx_word' id='word_1_697' title='bbox 3575 2614 3712 2666; x_wconf 85' lang='lat' dir='ltr'><strong>Late</strong></span> 
     </span>
    </p>
   </div>
   <div class='ocr_carea' id='block_1_88' title="bbox 2070 2693 3708 2769">
    <p class='ocr_par' dir='ltr' id='par_1_88' title="bbox 2070 2693 3708 2769">
     <span class='ocr_line' id='line_1_88' title="bbox 2070 2693 3708 2769; baseline 0.002 -19"><span class='ocrx_word' id='word_1_698' title='bbox 2070 2693 2218 2765; x_wconf 89' lang='grc'>[199]</span> <span class='ocrx_word' id='word_1_699' title='bbox 2252 2693 2323 2749; x_wconf 89' lang='lat' dir='ltr'><strong>de</strong></span> <span class='ocrx_word' id='word_1_700' title='bbox 2355 2694 2444 2750; x_wconf 89' lang='lat' dir='ltr'><strong>his</strong></span> <span class='ocrx_word' id='word_1_701' title='bbox 2473 2695 2776 2766; x_wconf 86' lang='lat' dir='ltr'><strong>disputant</strong></span> <span class='ocrx_word' id='word_1_702' title='bbox 2822 2696 2981 2767; x_wconf 86' lang='lat' dir='ltr'><strong>Ilugo</strong></span> <span class='ocrx_word' id='word_1_703' title='bbox 3033 2697 3224 2753; x_wconf 88' lang='lat' dir='ltr'><strong>Ether.</strong></span> <span class='ocrx_word' id='word_1_704' title='bbox 3277 2698 3339 2766; x_wconf 90' lang='grc' dir='ltr'><strong>(Ι.</strong></span> <span class='ocrx_word' id='word_1_705' title='bbox 3390 2715 3473 2769; x_wconf 88' lang='grc' dir='ltr'>ιιι,</span> <span class='ocrx_word' id='word_1_706' title='bbox 3520 2716 3568 2754; x_wconf 90' lang='lat' dir='ltr'><strong>c.</strong></span> <span class='ocrx_word' id='word_1_707' title='bbox 3623 2701 3708 2768; x_wconf 88' lang='grc'><strong>18,</strong></span> 
     </span>
    </p>
   </div>
   <div class='ocr_carea' id='block_1_89' title="bbox 2070 2784 3707 2859">
    <p class='ocr_par' dir='ltr' id='par_1_89' title="bbox 2070 2784 3707 2859">
     <span class='ocr_line' id='line_1_89' title="bbox 2070 2784 3707 2859; baseline 0.004 -20"><span class='ocrx_word' id='word_1_708' title='bbox 2070 2801 2126 2856; x_wconf 91' lang='lat' dir='ltr'><strong>p.</strong></span> <span class='ocrx_word' id='word_1_709' title='bbox 2162 2784 2299 2838; x_wconf 76' lang='grc'>1254</span> <span class='ocrx_word' id='word_1_710' title='bbox 2327 2800 2450 2856; x_wconf 89' lang='lat' dir='ltr'><strong>seq.</strong></span> <span class='ocrx_word' id='word_1_711' title='bbox 2482 2785 2566 2840; x_wconf 88' lang='lat' dir='ltr'><strong>Cf.</strong></span> <span class='ocrx_word' id='word_1_712' title='bbox 2601 2785 2673 2854; x_wconf 91' lang='grc' dir='ltr'><strong>ΙΙ,</strong></span> <span class='ocrx_word' id='word_1_713' title='bbox 2703 2784 2789 2853; x_wconf 89' lang='grc'><strong>13,</strong></span> <span class='ocrx_word' id='word_1_714' title='bbox 2819 2785 2906 2853; x_wconf 76' lang='grc'><strong>14,</strong></span> <span class='ocrx_word' id='word_1_715' title='bbox 2941 2803 2995 2856; x_wconf 92' lang='lat' dir='ltr'><strong>p.</strong></span> <span class='ocrx_word' id='word_1_716' title='bbox 3052 2787 3188 2841; x_wconf 83' lang='lat'><strong>1228</strong></span> <span class='ocrx_word' id='word_1_717' title='bbox 3236 2790 3384 2859; x_wconf 87' lang='lat' dir='ltr'><strong>seq.)</strong></span> <span class='ocrx_word' id='word_1_718' title='bbox 3419 2805 3432 2856; x_wconf 89' lang='lat'>;</span> <span class='ocrx_word' id='word_1_719' title='bbox 3488 2789 3707 2846; x_wconf 89' lang='lat' dir='ltr'><strong>Beccus</strong></span> 
     </span>
    </p>
   </div>
   <div class='ocr_carea' id='block_1_90' title="bbox 2071 2873 3707 2944">
    <p class='ocr_par' dir='ltr' id='par_1_90' title="bbox 2071 2873 3707 2944">
     <span class='ocr_line' id='line_1_90' title="bbox 2071 2873 3707 2944; baseline 0.002 -14"><span class='ocrx_word' id='word_1_720' title='bbox 2071 2873 2247 2944; x_wconf 85' lang='lat' dir='ltr'><strong>(Orat.</strong></span> <span class='ocrx_word' id='word_1_721' title='bbox 2274 2873 2339 2929; x_wconf 87' lang='lat' dir='ltr'><strong>de</strong></span> <span class='ocrx_word' id='word_1_722' title='bbox 2366 2890 2464 2928; x_wconf 87' lang='lat' dir='ltr'><strong>un.</strong></span> <span class='ocrx_word' id='word_1_723' title='bbox 2499 2874 2637 2930; x_wconf 82' lang='lat' dir='ltr'><strong>Eccl.</strong></span> <span class='ocrx_word' id='word_1_724' title='bbox 2685 2891 2733 2930; x_wconf 93' lang='lat' dir='ltr'><strong>c.</strong></span> <span class='ocrx_word' id='word_1_725' title='bbox 2789 2875 2958 2929; x_wconf 86' lang='lat'><strong>16-19</strong></span> <span class='ocrx_word' id='word_1_726' title='bbox 2989 2876 3061 2930; x_wconf 90' lang='lat' dir='ltr'><strong>ad</strong></span> <span class='ocrx_word' id='word_1_727' title='bbox 3103 2876 3320 2933; x_wconf 91' lang='lat' dir='ltr'><strong>Theod.</strong></span> <span class='ocrx_word' id='word_1_728' title='bbox 3353 2876 3393 2932; x_wconf 93' lang='lat' dir='ltr'><strong>l.</strong></span> <span class='ocrx_word' id='word_1_729' title='bbox 3428 2893 3466 2934; x_wconf 93' lang='grc' dir='ltr'>ι.</span> <span class='ocrx_word' id='word_1_730' title='bbox 3501 2894 3550 2933; x_wconf 86' lang='grc' dir='ltr'><strong>ο.</strong></span> <span class='ocrx_word' id='word_1_731' title='bbox 3585 2881 3618 2931; x_wconf 83' lang='grc'>2</span> <span class='ocrx_word' id='word_1_732' title='bbox 3648 2878 3707 2933; x_wconf 91' lang='lat' dir='ltr'><strong>in</strong></span> 
     </span>
    </p>
   </div>
   <div class='ocr_carea' id='block_1_91' title="bbox 2070 2962 3711 3037">
    <p class='ocr_par' dir='ltr' id='par_1_91' title="bbox 2070 2962 3711 3037">
     <span class='ocr_line' id='line_1_91' title="bbox 2070 2962 3711 3037; baseline 0.001 -20"><span class='ocrx_word' id='word_1_733' title='bbox 2070 2962 2291 3017; x_wconf 86' lang='lat' dir='ltr'><strong>Camat.</strong></span> <span class='ocrx_word' id='word_1_734' title='bbox 2326 2962 2615 3018; x_wconf 86' lang='lat' dir='ltr'><strong>Animadv.</strong></span> <span class='ocrx_word' id='word_1_735' title='bbox 2648 2970 2700 3018; x_wconf 89' lang='lat' dir='ltr'><strong>et</strong></span> <span class='ocrx_word' id='word_1_736' title='bbox 2730 2962 2915 3035; x_wconf 86' lang='lat' dir='ltr'><strong>epigr.</strong></span> <span class='ocrx_word' id='word_1_737' title='bbox 2945 2963 3001 3031; x_wconf 91' lang='lat'><strong>8,</strong></span> <span class='ocrx_word' id='word_1_738' title='bbox 3024 2964 3084 3020; x_wconf 86' lang='lat' dir='ltr'><strong>G.</strong></span> <span class='ocrx_word' id='word_1_739' title='bbox 3107 2967 3173 3024; x_wconf 89' lang='lat'><strong>0.</strong></span> <span class='ocrx_word' id='word_1_740' title='bbox 3199 2963 3240 3032; x_wconf 90' lang='grc' dir='ltr'><strong>Ι,</strong></span> <span class='ocrx_word' id='word_1_741' title='bbox 3265 2966 3370 3020; x_wconf 82' lang='grc'>104</span> <span class='ocrx_word' id='word_1_742' title='bbox 3391 2982 3512 3037; x_wconf 87' lang='lat' dir='ltr'><strong>seq.</strong></span> <span class='ocrx_word' id='word_1_743' title='bbox 3546 2967 3619 3036; x_wconf 88' lang='grc' dir='ltr'><strong>ΙΙ,</strong></span> <span class='ocrx_word' id='word_1_744' title='bbox 3640 2965 3711 3019; x_wconf 90' lang='grc'><strong>89</strong></span> 
     </span>
    </p>
   </div>
   <div class='ocr_carea' id='block_1_92' title="bbox 2071 3052 3717 3126">
    <p class='ocr_par' dir='ltr' id='par_1_92' title="bbox 2071 3052 3717 3126">
     <span class='ocr_line' id='line_1_92' title="bbox 2071 3052 3717 3126; baseline 0.001 -18"><span class='ocrx_word' id='word_1_745' title='bbox 2071 3068 2196 3123; x_wconf 90' lang='lat' dir='ltr'><strong>seq.</strong></span> <span class='ocrx_word' id='word_1_746' title='bbox 2213 3052 2475 3121; x_wconf 80' lang='lat'><strong>320—323,</strong></span> <span class='ocrx_word' id='word_1_747' title='bbox 2489 3052 2595 3106; x_wconf 87' lang='lat'><strong>586</strong></span> <span class='ocrx_word' id='word_1_748' title='bbox 2611 3055 2761 3124; x_wconf 86' lang='lat' dir='ltr'><strong>seq.)</strong></span> <span class='ocrx_word' id='word_1_749' title='bbox 2785 3052 3183 3119; x_wconf 86' lang='lat' dir='ltr'><strong>;Constantin.</strong></span> <span class='ocrx_word' id='word_1_750' title='bbox 3201 3053 3454 3109; x_wconf 89' lang='lat' dir='ltr'><strong>Meliten.</strong></span> <span class='ocrx_word' id='word_1_751' title='bbox 3477 3055 3644 3126; x_wconf 90' lang='lat' dir='ltr'><strong>(orat.</strong></span> <span class='ocrx_word' id='word_1_752' title='bbox 3664 3056 3717 3120; x_wconf 92' lang='lat'><strong>1,</strong></span> 
     </span>
    </p>
   </div>
   <div class='ocr_carea' id='block_1_93' title="bbox 2076 3140 3723 3214">
    <p class='ocr_par' dir='ltr' id='par_1_93' title="bbox 2076 3140 3723 3214">
     <span class='ocr_line' id='line_1_93' title="bbox 2076 3140 3723 3214; baseline 0.002 -19"><span class='ocrx_word' id='word_1_753' title='bbox 2076 3157 2126 3196; x_wconf 87' lang='grc' dir='ltr'><strong>ο.</strong></span> <span class='ocrx_word' id='word_1_754' title='bbox 2157 3141 2260 3207; x_wconf 88' lang='lat'><strong>20;</strong></span> <span class='ocrx_word' id='word_1_755' title='bbox 2295 3140 2373 3195; x_wconf 91' lang='lat' dir='ltr'><strong>ib.</strong></span> <span class='ocrx_word' id='word_1_756' title='bbox 2405 3141 2460 3209; x_wconf 87' lang='lat'><strong>2,</strong></span> <span class='ocrx_word' id='word_1_757' title='bbox 2491 3141 2596 3196; x_wconf 84' lang='lat'><strong>682</strong></span> <span class='ocrx_word' id='word_1_758' title='bbox 2628 3141 2772 3212; x_wconf 87' lang='lat' dir='ltr'><strong>seq.)</strong></span> <span class='ocrx_word' id='word_1_759' title='bbox 2805 3162 2825 3209; x_wconf 86' lang='lat'><strong>,-</strong></span> <span class='ocrx_word' id='word_1_760' title='bbox 2853 3141 3139 3213; x_wconf 86' lang='lat' dir='ltr'><strong>Georgius</strong></span> <span class='ocrx_word' id='word_1_761' title='bbox 3167 3143 3591 3214; x_wconf 87' lang='lat' dir='ltr'><strong>Trapezuntius</strong></span> <span class='ocrx_word' id='word_1_762' title='bbox 3622 3143 3723 3214; x_wconf 88' lang='lat' dir='ltr'><strong>(De</strong></span> 
     </span>
    </p>
   </div>
   <div class='ocr_carea' id='block_1_94' title="bbox 2073 3228 3720 3302">
    <p class='ocr_par' dir='ltr' id='par_1_94' title="bbox 2073 3228 3720 3302">
     <span class='ocr_line' id='line_1_94' title="bbox 2073 3228 3720 3302; baseline 0.001 -18"><span class='ocrx_word' id='word_1_763' title='bbox 2073 3245 2222 3302; x_wconf 89' lang='lat' dir='ltr'><strong>proc.</strong></span> <span class='ocrx_word' id='word_1_764' title='bbox 2256 3229 2495 3300; x_wconf 85' lang='lat' dir='ltr'><strong>Spiritus</strong></span> <span class='ocrx_word' id='word_1_765' title='bbox 2525 3228 2703 3285; x_wconf 87' lang='lat' dir='ltr'><strong>sancti</strong></span> <span class='ocrx_word' id='word_1_766' title='bbox 2733 3232 2803 3285; x_wconf 88' lang='lat' dir='ltr'><strong>ad</strong></span> <span class='ocrx_word' id='word_1_767' title='bbox 2842 3231 3012 3286; x_wconf 87' lang='lat' dir='ltr'><strong>Joan.</strong></span> <span class='ocrx_word' id='word_1_768' title='bbox 3075 3231 3217 3287; x_wconf 89' lang='lat' dir='ltr'><strong>Cub.</strong></span> <span class='ocrx_word' id='word_1_769' title='bbox 3269 3236 3333 3286; x_wconf 74' lang='grc' dir='ltr'><strong>Β.</strong></span> <span class='ocrx_word' id='word_1_770' title='bbox 3387 3231 3459 3288; x_wconf 90' lang='lat'><strong>0.</strong></span> <span class='ocrx_word' id='word_1_771' title='bbox 3517 3232 3562 3298; x_wconf 92' lang='grc' dir='ltr'><strong>Ι,</strong></span> <span class='ocrx_word' id='word_1_772' title='bbox 3615 3232 3720 3286; x_wconf 86' lang='grc'><strong>479</strong></span> 
     </span>
    </p>
   </div>
   <div class='ocr_carea' id='block_1_95' title="bbox 2078 3317 3724 3392">
    <p class='ocr_par' dir='ltr' id='par_1_95' title="bbox 2078 3317 3724 3392">
     <span class='ocr_line' id='line_1_95' title="bbox 2078 3317 3724 3392; baseline 0.002 -18"><span class='ocrx_word' id='word_1_773' title='bbox 2078 3334 2198 3390; x_wconf 88' lang='lat' dir='ltr'><strong>seq.</strong></span> <span class='ocrx_word' id='word_1_774' title='bbox 2233 3319 2330 3373; x_wconf 70' lang='grc'><strong>481</strong></span> <span class='ocrx_word' id='word_1_775' title='bbox 2367 3317 2516 3390; x_wconf 84' lang='lat' dir='ltr'><strong>seq.)</strong></span> <span class='ocrx_word' id='word_1_776' title='bbox 2551 3337 2565 3387; x_wconf 87' lang='lat'><strong>;</strong></span> <span class='ocrx_word' id='word_1_777' title='bbox 2619 3318 2924 3375; x_wconf 85' lang='lat' dir='ltr'><strong>Bessarion</strong></span> <span class='ocrx_word' id='word_1_778' title='bbox 2963 3319 3082 3389; x_wconf 85' lang='grc' dir='ltr'><strong>(ον.</strong></span> <span class='ocrx_word' id='word_1_779' title='bbox 3115 3319 3292 3391; x_wconf 86' lang='lat' dir='ltr'><strong>dogm.</strong></span> <span class='ocrx_word' id='word_1_780' title='bbox 3345 3336 3396 3376; x_wconf 87' lang='grc' dir='ltr'><strong>ο.</strong></span> <span class='ocrx_word' id='word_1_781' title='bbox 3453 3321 3508 3377; x_wconf 93' lang='grc'>8.</span> <span class='ocrx_word' id='word_1_782' title='bbox 3550 3322 3724 3392; x_wconf 88' lang='lat' dir='ltr'><strong>epist.</strong></span> 
     </span>
    </p>
   </div>
   <div class='ocr_carea' id='block_1_96' title="bbox 2078 3407 3721 3478">
    <p class='ocr_par' dir='ltr' id='par_1_96' title="bbox 2078 3407 3721 3478">
     <span class='ocr_line' id='line_1_96' title="bbox 2078 3407 3721 3478; baseline 0.002 -15"><span class='ocrx_word' id='word_1_783' title='bbox 2078 3408 2148 3463; x_wconf 89' lang='lat' dir='ltr'><strong>ad</strong></span> <span class='ocrx_word' id='word_1_784' title='bbox 2181 3407 2333 3464; x_wconf 80' lang='lat' dir='ltr'><strong>Alex.</strong></span> <span class='ocrx_word' id='word_1_785' title='bbox 2371 3408 2531 3463; x_wconf 88' lang='lat' dir='ltr'><strong>Lasc.</strong></span> <span class='ocrx_word' id='word_1_786' title='bbox 2557 3409 2614 3473; x_wconf 93' lang='lat'><strong>7,</strong></span> <span class='ocrx_word' id='word_1_787' title='bbox 2650 3409 2821 3464; x_wconf 84' lang='lat' dir='ltr'><strong>Hard.</strong></span> <span class='ocrx_word' id='word_1_788' title='bbox 2871 3411 2972 3475; x_wconf 86' lang='lat' dir='ltr'><strong>IX,</strong></span> <span class='ocrx_word' id='word_1_789' title='bbox 3023 3411 3152 3477; x_wconf 87' lang='lat'><strong>361,</strong></span> <span class='ocrx_word' id='word_1_790' title='bbox 3202 3410 3398 3478; x_wconf 85' lang='lat'><strong>1063);</strong></span> <span class='ocrx_word' id='word_1_791' title='bbox 3448 3409 3721 3466; x_wconf 88' lang='lat' dir='ltr'><strong>Bellarm.</strong></span> 
     </span>
    </p>
   </div>
   <div class='ocr_carea' id='block_1_97' title="bbox 2080 3497 3712 3570">
    <p class='ocr_par' dir='ltr' id='par_1_97' title="bbox 2080 3497 3712 3570">
     <span class='ocr_line' id='line_1_97' title="bbox 2080 3497 3712 3570; baseline 0.001 -18"><span class='ocrx_word' id='word_1_792' title='bbox 2080 3499 2154 3552; x_wconf 88' lang='lat' dir='ltr'><strong>De</strong></span> <span class='ocrx_word' id='word_1_793' title='bbox 2184 3498 2310 3553; x_wconf 85' lang='lat' dir='ltr'><strong>Chr.</strong></span> <span class='ocrx_word' id='word_1_794' title='bbox 2345 3499 2414 3564; x_wconf 89' lang='lat' dir='ltr'><strong>Ii,</strong></span> <span class='ocrx_word' id='word_1_795' title='bbox 2445 3498 2538 3570; x_wconf 89' lang='lat'>22)</span> <span class='ocrx_word' id='word_1_796' title='bbox 2560 3516 2583 3563; x_wconf 86' lang='grc'><strong>,·</strong></span> <span class='ocrx_word' id='word_1_797' title='bbox 2606 3497 2710 3554; x_wconf 87' lang='lat' dir='ltr'><strong>Leo</strong></span> <span class='ocrx_word' id='word_1_798' title='bbox 2739 3499 2989 3554; x_wconf 84' lang='lat' dir='ltr'><strong>Allatius</strong></span> <span class='ocrx_word' id='word_1_799' title='bbox 3021 3497 3204 3569; x_wconf 82' lang='lat' dir='ltr'><strong>(Vind.</strong></span> <span class='ocrx_word' id='word_1_800' title='bbox 3236 3515 3364 3570; x_wconf 85' lang='lat' dir='ltr'><strong>syn.</strong></span> <span class='ocrx_word' id='word_1_801' title='bbox 3384 3499 3519 3570; x_wconf 85' lang='lat' dir='ltr'><strong>Eph.</strong></span> <span class='ocrx_word' id='word_1_802' title='bbox 3544 3516 3593 3555; x_wconf 94' lang='lat' dir='ltr'><strong>c.</strong></span> <span class='ocrx_word' id='word_1_803' title='bbox 3620 3499 3712 3570; x_wconf 83' lang='grc'><strong>47,</strong></span> 
     </span>
    </p>
   </div>
   <div class='ocr_carea' id='block_1_98' title="bbox 2079 3587 3723 3660">
    <p class='ocr_par' dir='ltr' id='par_1_98' title="bbox 2079 3587 3723 3660">
     <span class='ocr_line' id='line_1_98' title="bbox 2079 3587 3723 3660; baseline 0.001 -18"><span class='ocrx_word' id='word_1_804' title='bbox 2079 3604 2136 3659; x_wconf 94' lang='lat' dir='ltr'><strong>p.</strong></span> <span class='ocrx_word' id='word_1_805' title='bbox 2165 3587 2273 3641; x_wconf 90' lang='lat'><strong>229</strong></span> <span class='ocrx_word' id='word_1_806' title='bbox 2303 3604 2425 3659; x_wconf 90' lang='lat' dir='ltr'><strong>seq.</strong></span> <span class='ocrx_word' id='word_1_807' title='bbox 2458 3604 2509 3644; x_wconf 80' lang='grc' dir='ltr'><strong>ο.</strong></span> <span class='ocrx_word' id='word_1_808' title='bbox 2543 3590 2629 3652; x_wconf 84' lang='grc'><strong>51,</strong></span> <span class='ocrx_word' id='word_1_809' title='bbox 2667 3605 2720 3659; x_wconf 91' lang='lat' dir='ltr'><strong>p.</strong></span> <span class='ocrx_word' id='word_1_810' title='bbox 2751 3587 2893 3649; x_wconf 84' lang='lat'>286;</span> <span class='ocrx_word' id='word_1_811' title='bbox 2925 3605 2974 3643; x_wconf 92' lang='lat' dir='ltr'><strong>c.</strong></span> <span class='ocrx_word' id='word_1_812' title='bbox 2999 3588 3091 3658; x_wconf 87' lang='grc'><strong>55,</strong></span> <span class='ocrx_word' id='word_1_813' title='bbox 3124 3605 3180 3660; x_wconf 90' lang='lat' dir='ltr'><strong>p.</strong></span> <span class='ocrx_word' id='word_1_814' title='bbox 3212 3588 3500 3659; x_wconf 73' lang='lat'><strong>354-357).</strong></span> <span class='ocrx_word' id='word_1_815' title='bbox 3533 3587 3723 3645; x_wconf 88' lang='lat' dir='ltr'><strong>Unum</strong></span> 
     </span>
    </p>
   </div>
   <div class='ocr_carea' id='block_1_99' title="bbox 2076 3675 3729 3751">
    <p class='ocr_par' dir='ltr' id='par_1_99' title="bbox 2076 3675 3729 3751">
     <span class='ocr_line' id='line_1_99' title="bbox 2076 3675 3729 3751; baseline 0.001 -21"><span class='ocrx_word' id='word_1_816' title='bbox 2076 3675 2377 3746; x_wconf 82' lang='lat' dir='ltr'><strong>Hugonem</strong></span> <span class='ocrx_word' id='word_1_817' title='bbox 2410 3677 2788 3734; x_wconf 87' lang='lat' dir='ltr'><strong>Etherianum</strong></span> <span class='ocrx_word' id='word_1_818' title='bbox 2817 3678 3198 3743; x_wconf 87' lang='lat' dir='ltr'><strong>adducamus,</strong></span> <span class='ocrx_word' id='word_1_819' title='bbox 3231 3677 3330 3749; x_wconf 91' lang='lat' dir='ltr'><strong>qui</strong></span> <span class='ocrx_word' id='word_1_820' title='bbox 3373 3676 3435 3749; x_wconf 95' lang='lat' dir='ltr'><strong>(l.</strong></span> <span class='ocrx_word' id='word_1_821' title='bbox 3471 3678 3548 3751; x_wconf 94' lang='lat' dir='ltr'><strong>c.)</strong></span> <span class='ocrx_word' id='word_1_822' title='bbox 3579 3677 3729 3734; x_wconf 89' lang='lat' dir='ltr'><strong>scri-</strong></span> 
     </span>
    </p>
   </div>
   <div class='ocr_carea' id='block_1_100' title="bbox 2077 3765 3731 3838">
    <p class='ocr_par' dir='ltr' id='par_1_100' title="bbox 2077 3765 3731 3838">
     <span class='ocr_line' id='line_1_100' title="bbox 2077 3765 3731 3838; baseline 0.001 -18"><span class='ocrx_word' id='word_1_823' title='bbox 2077 3765 2207 3821; x_wconf 91' lang='lat' dir='ltr'><strong>bit:</strong></span> <span class='ocrx_word' id='word_1_824' title='bbox 2246 3786 2270 3816; x_wconf 78' lang='lat' dir='ltr'><strong>a</strong></span> <span class='ocrx_word' id='word_1_825' title='bbox 2319 3766 2472 3820; x_wconf 88' lang='lat' dir='ltr'><strong>Licet</strong></span> <span class='ocrx_word' id='word_1_826' title='bbox 2529 3766 2771 3836; x_wconf 87' lang='lat' dir='ltr'><strong>apostoli</strong></span> <span class='ocrx_word' id='word_1_827' title='bbox 2828 3771 2886 3820; x_wconf 91' lang='lat' dir='ltr'><strong>et</strong></span> <span class='ocrx_word' id='word_1_828' title='bbox 2947 3766 3242 3837; x_wconf 71' lang='lat' dir='ltr'><strong>prepheta:</strong></span> <span class='ocrx_word' id='word_1_829' title='bbox 3284 3767 3345 3822; x_wconf 93' lang='lat' dir='ltr'><strong>in</strong></span> <span class='ocrx_word' id='word_1_830' title='bbox 3395 3771 3660 3838; x_wconf 88' lang='lat' dir='ltr'><strong>tempore</strong></span> <span class='ocrx_word' id='word_1_831' title='bbox 3697 3783 3731 3821; x_wconf 90' lang='lat' dir='ltr'><strong>a</strong></span> 
     </span>
    </p>
   </div>
   <div class='ocr_carea' id='block_1_101' title="bbox 2075 3853 3724 3925">
    <p class='ocr_par' dir='ltr' id='par_1_101' title="bbox 2075 3853 3724 3925">
     <span class='ocr_line' id='line_1_101' title="bbox 2075 3853 3724 3925; baseline 0.001 -16"><span class='ocrx_word' id='word_1_832' title='bbox 2075 3853 2303 3909; x_wconf 83' lang='lat' dir='ltr'><strong>Christo</strong></span> <span class='ocrx_word' id='word_1_833' title='bbox 2335 3854 2613 3924; x_wconf 89' lang='lat' dir='ltr'><strong>Spiritum</strong></span> <span class='ocrx_word' id='word_1_834' title='bbox 2646 3853 2998 3925; x_wconf 87' lang='lat' dir='ltr'><strong>acceperint,</strong></span> <span class='ocrx_word' id='word_1_835' title='bbox 3033 3855 3132 3909; x_wconf 91' lang='lat' dir='ltr'><strong>Dei</strong></span> <span class='ocrx_word' id='word_1_836' title='bbox 3166 3859 3362 3909; x_wconf 89' lang='lat' dir='ltr'><strong>tamen</strong></span> <span class='ocrx_word' id='word_1_837' title='bbox 3386 3855 3572 3910; x_wconf 90' lang='lat' dir='ltr'><strong>Filius</strong></span> <span class='ocrx_word' id='word_1_838' title='bbox 3607 3872 3724 3911; x_wconf 91' lang='lat' dir='ltr'><strong>non</strong></span> 
     </span>
    </p>
   </div>
   <div class='ocr_carea' id='block_1_102' title="bbox 2075 3941 3722 4014">
    <p class='ocr_par' dir='ltr' id='par_1_102' title="bbox 2075 3941 3722 4014">
     <span class='ocr_line' id='line_1_102' title="bbox 2075 3941 3722 4014; baseline 0.001 -17"><span class='ocrx_word' id='word_1_839' title='bbox 2075 3942 2135 3997; x_wconf 91' lang='lat' dir='ltr'><strong>in</strong></span> <span class='ocrx_word' id='word_1_840' title='bbox 2168 3946 2429 4014; x_wconf 90' lang='lat' dir='ltr'><strong>tempore</strong></span> <span class='ocrx_word' id='word_1_841' title='bbox 2476 3941 2756 4012; x_wconf 89' lang='lat' dir='ltr'><strong>Spiritum</strong></span> <span class='ocrx_word' id='word_1_842' title='bbox 2810 3941 3019 3997; x_wconf 87' lang='lat' dir='ltr'><strong>habere</strong></span> <span class='ocrx_word' id='word_1_843' title='bbox 3067 3943 3260 4011; x_wconf 78' lang='lat' dir='ltr'><strong>cmpit,</strong></span> <span class='ocrx_word' id='word_1_844' title='bbox 3315 3958 3506 4013; x_wconf 90' lang='lat' dir='ltr'><strong>neque</strong></span> <span class='ocrx_word' id='word_1_845' title='bbox 3564 3942 3722 3998; x_wconf 89' lang='lat' dir='ltr'><strong>idem</strong></span> 
     </span>
    </p>
   </div>
   <div class='ocr_carea' id='block_1_103' title="bbox 2077 4030 3720 4102">
    <p class='ocr_par' dir='ltr' id='par_1_103' title="bbox 2077 4030 3720 4102">
     <span class='ocr_line' id='line_1_103' title="bbox 2077 4030 3720 4102; baseline 0.001 -17"><span class='ocrx_word' id='word_1_846' title='bbox 2077 4030 2324 4102; x_wconf 90' lang='lat' dir='ltr'><strong>Spiritus</strong></span> <span class='ocrx_word' id='word_1_847' title='bbox 2357 4048 2389 4086; x_wconf 90' lang='lat' dir='ltr'><strong>a</strong></span> <span class='ocrx_word' id='word_1_848' title='bbox 2420 4031 2560 4086; x_wconf 87' lang='lat' dir='ltr'><strong>Filio</strong></span> <span class='ocrx_word' id='word_1_849' title='bbox 2585 4031 2741 4087; x_wconf 90' lang='lat' dir='ltr'><strong>exire</strong></span> <span class='ocrx_word' id='word_1_850' title='bbox 2767 4031 2998 4086; x_wconf 91' lang='lat' dir='ltr'><strong>initium</strong></span> <span class='ocrx_word' id='word_1_851' title='bbox 3049 4030 3305 4101; x_wconf 91' lang='lat' dir='ltr'><strong>sumpsit</strong></span> <span class='ocrx_word' id='word_1_852' title='bbox 3334 4045 3437 4102; x_wconf 90' lang='lat' dir='ltr'><strong>per</strong></span> <span class='ocrx_word' id='word_1_853' title='bbox 3483 4035 3720 4100; x_wconf 90' lang='lat' dir='ltr'><strong>tempus</strong></span> 
     </span>
    </p>
   </div>
   <div class='ocr_carea' id='block_1_104' title="bbox 2077 4119 3715 4193">
    <p class='ocr_par' dir='ltr' id='par_1_104' title="bbox 2077 4119 3715 4193">
     <span class='ocr_line' id='line_1_104' title="bbox 2077 4119 3715 4193; baseline 0 -17"><span class='ocrx_word' id='word_1_854' title='bbox 2077 4119 2308 4192; x_wconf 90' lang='lat' dir='ltr'><strong>aliquod</strong></span> <span class='ocrx_word' id='word_1_855' title='bbox 2341 4120 2446 4193; x_wconf 91' lang='lat'><strong>(1).</strong></span> <span class='ocrx_word' id='word_1_856' title='bbox 2478 4125 2627 4176; x_wconf 86' lang='lat' dir='ltr'><strong>Sane</strong></span> <span class='ocrx_word' id='word_1_857' title='bbox 2650 4137 2684 4177; x_wconf 91' lang='lat' dir='ltr'><strong>a</strong></span> <span class='ocrx_word' id='word_1_858' title='bbox 2713 4121 2920 4176; x_wconf 91' lang='lat' dir='ltr'><strong>diebus</strong></span> <span class='ocrx_word' id='word_1_859' title='bbox 2949 4119 3310 4185; x_wconf 69' lang='lat' dir='ltr'><strong>aeternitatis,</strong></span> <span class='ocrx_word' id='word_1_860' title='bbox 3353 4119 3505 4175; x_wconf 76' lang='lat' dir='ltr'><strong>sicut</strong></span> <span class='ocrx_word' id='word_1_861' title='bbox 3535 4119 3715 4176; x_wconf 84' lang='lat' dir='ltr'><strong>Filius</strong></span> 
     </span>
    </p>
   </div>
   <div class='ocr_carea' id='block_1_105' title="bbox 2146 4285 3720 4374">
    <p class='ocr_par' dir='ltr' id='par_1_105' title="bbox 2146 4285 3720 4374">
     <span class='ocr_line' id='line_1_105' title="bbox 2146 4285 3720 4374; baseline -0.003 -29"><span class='ocrx_word' id='word_1_862' title='bbox 2146 4289 2262 4374; x_wconf 68' lang='lat'><strong>(99)</strong></span> <span class='ocrx_word' id='word_1_863' title='bbox 2284 4287 2359 4374; x_wconf 60' lang='grc' dir='ltr'><strong>γ.</strong></span> <span class='ocrx_word' id='word_1_864' title='bbox 2383 4288 2821 4374; x_wconf 34' lang='grc' dir='ltr'><strong>βτᾴογῃιιιηαςι</strong></span> <span class='ocrx_word' id='word_1_865' title='bbox 2867 4286 3081 4374; x_wconf 70' lang='lat' dir='ltr'><strong>Theod.</strong></span> <span class='ocrx_word' id='word_1_866' title='bbox 3123 4286 3326 4374; x_wconf 46' lang='grc' dir='ltr'><strong>(μειβ.</strong></span> <span class='ocrx_word' id='word_1_867' title='bbox 3383 4286 3543 4374; x_wconf 33' lang='grc' dir='ltr'><strong>γαίης.</strong></span> <span class='ocrx_word' id='word_1_868' title='bbox 3593 4285 3720 4374; x_wconf 67' lang='lat' dir='ltr'><strong>s33)</strong></span> 
     </span>
    </p>
   </div>
   <div class='ocr_carea' id='block_1_106' title="bbox 2075 4355 3721 4434">
    <p class='ocr_par' dir='ltr' id='par_1_106' title="bbox 2075 4355 3721 4434">
     <span class='ocr_line' id='line_1_106' title="bbox 2075 4355 3721 4434; baseline -0.002 -20"><span class='ocrx_word' id='word_1_869' title='bbox 2075 4355 2411 4434; x_wconf 52' lang='grc' dir='ltr'><strong>ὪὲδίΘεοῦ</strong></span> <span class='ocrx_word' id='word_1_870' title='bbox 2460 4355 2672 4434; x_wconf 60' lang='grc' dir='ltr'>Παίρὸς</span> <span class='ocrx_word' id='word_1_871' title='bbox 2720 4359 2930 4434; x_wconf 74' lang='grc' dir='ltr'><strong>Λόγοςο</strong></span> <span class='ocrx_word' id='word_1_872' title='bbox 2979 4358 3068 4434; x_wconf 70' lang='grc' dir='ltr'><strong>καὶ</strong></span> <span class='ocrx_word' id='word_1_873' title='bbox 3119 4357 3185 4434; x_wconf 22' lang='grc' dir='ltr'><strong>ἐξ*</strong></span> <span class='ocrx_word' id='word_1_874' title='bbox 3220 4355 3362 4434; x_wconf 62' lang='grc' dir='ltr'>ἰδίας</span> <span class='ocrx_word' id='word_1_875' title='bbox 3411 4359 3547 4434; x_wconf 66' lang='grc' dir='ltr'><strong>ἡμῖγ</strong></span> <span class='ocrx_word' id='word_1_876' title='bbox 3590 4355 3721 4410; x_wconf 70' lang='lat' dir='ltr'><strong>tian</strong></span> 
     </span>
    </p>
   </div>
   <div class='ocr_carea' id='block_1_107' title="bbox 1998 4426 3720 4515">
    <p class='ocr_par' dir='ltr' id='par_1_107' title="bbox 1998 4426 3720 4515">
     <span class='ocr_line' id='line_1_107' title="bbox 1998 4426 3720 4515; baseline -0.002 -29"><span class='ocrx_word' id='word_1_877' title='bbox 1998 4426 2040 4490; x_wconf 89' lang='lat' dir='ltr'><strong>D</strong></span> <span class='ocrx_word' id='word_1_878' title='bbox 2071 4434 2303 4515; x_wconf 56' lang='grc' dir='ltr'><strong>σξηγάζει</strong></span> <span class='ocrx_word' id='word_1_879' title='bbox 2334 4426 2756 4515; x_wconf 54' lang='grc' dir='ltr'><strong>φιξεεωςξιᾱςω</strong></span> <span class='ocrx_word' id='word_1_880' title='bbox 2892 4426 3294 4515; x_wconf 40' lang='grc' dir='ltr'><strong>ῖςιςδεξξηιξὶάζ</strong></span> <span class='ocrx_word' id='word_1_881' title='bbox 3307 4426 3720 4515; x_wconf 62' lang='lat' dir='ltr'><strong>descendentem</strong></span> 
     </span>
    </p>
   </div>
   <div class='ocr_carea' id='block_1_108' title="bbox 2077 4497 3717 4592">
    <p class='ocr_par' dir='ltr' id='par_1_108' title="bbox 2077 4497 3717 4592">
     <span class='ocr_line' id='line_1_108' title="bbox 2077 4497 3717 4592; baseline -0.004 -33"><span class='ocrx_word' id='word_1_882' title='bbox 2077 4497 2356 4592; x_wconf 70' lang='lat' dir='ltr'><strong>Spiritum</strong></span> <span class='ocrx_word' id='word_1_883' title='bbox 2377 4506 2564 4592; x_wconf 64' lang='lat' dir='ltr'><strong>(Decc.</strong></span> <span class='ocrx_word' id='word_1_884' title='bbox 2597 4505 2779 4592; x_wconf 51' lang='lat' dir='ltr'><strong>e‘pigr.</strong></span> <span class='ocrx_word' id='word_1_885' title='bbox 2813 4505 2866 4572; x_wconf 77' lang='grc'>4,</span> <span class='ocrx_word' id='word_1_886' title='bbox 2897 4503 3178 4592; x_wconf 66' lang='grc' dir='ltr'><strong>561,ρῦὃὲ)</strong></span> <span class='ocrx_word' id='word_1_887' title='bbox 3209 4518 3231 4592; x_wconf 9' lang='lat'><strong>:7</strong></span> <span class='ocrx_word' id='word_1_888' title='bbox 3245 4499 3332 4592; x_wconf 69' lang='grc' dir='ltr'>ρύ</span> <span class='ocrx_word' id='word_1_889' title='bbox 3379 4500 3482 4592; x_wconf 68' lang='grc' dir='ltr'>γὰρ</span> <span class='ocrx_word' id='word_1_890' title='bbox 3536 4497 3717 4592; x_wconf 42' lang='lat' dir='ltr'><strong>(Stin-ou</strong></span> 
     </span>
    </p>
   </div>
   <div class='ocr_carea' id='block_1_109' title="bbox 2075 4567 3712 4662">
    <p class='ocr_par' dir='ltr' id='par_1_109' title="bbox 2075 4567 3712 4662">
     <span class='ocr_line' id='line_1_109' title="bbox 2075 4567 3712 4662; baseline -0.003 -33"><span class='ocrx_word' id='word_1_891' title='bbox 2075 4567 2210 4662; x_wconf 60' lang='grc' dir='ltr'><strong>τξρὸς</strong></span> <span class='ocrx_word' id='word_1_892' title='bbox 2267 4567 2533 4662; x_wconf 51' lang='lat' dir='ltr'><strong>foederi)»:</strong></span> <span class='ocrx_word' id='word_1_893' title='bbox 2584 4567 2862 4662; x_wconf 42' lang='lat' dir='ltr'><strong>dicitur);</strong></span> <span class='ocrx_word' id='word_1_894' title='bbox 2891 4567 3331 4662; x_wconf 52' lang='lat' dir='ltr'><strong>xaEanedpsOa’</strong></span> <span class='ocrx_word' id='word_1_895' title='bbox 3379 4567 3712 4662; x_wconf 30' lang='grc' dir='ltr'><strong>δὶαὶὶηῂθμεῖς,</strong></span> 
     </span>
    </p>
   </div>
   <div class='ocr_carea' id='block_1_110' title="bbox 2076 4641 3716 4717">
    <p class='ocr_par' dir='ltr' id='par_1_110' title="bbox 2076 4641 3716 4717">
     <span class='ocr_line' id='line_1_110' title="bbox 2076 4641 3716 4717; baseline 0.001 -18"><span class='ocrx_word' id='word_1_896' title='bbox 2076 4641 2150 4706; x_wconf 72' lang='grc' dir='ltr'>ὥς</span> <span class='ocrx_word' id='word_1_897' title='bbox 2227 4644 2435 4700; x_wconf 69' lang='grc' dir='ltr'><strong>οἴεσθαι</strong></span> <span class='ocrx_word' id='word_1_898' title='bbox 2491 4641 2767 4717; x_wconf 55' lang='grc' dir='ltr'><strong>⁷μεθεικιέὸν</strong></span> <span class='ocrx_word' id='word_1_899' title='bbox 2821 4641 3206 4717; x_wconf 62' lang='lat' dir='ltr'><strong>_év_1:ii)_:_tatit</strong></span> <span class='ocrx_word' id='word_1_900' title='bbox 3265 4641 3425 4717; x_wconf 54' lang='grc' dir='ltr'><strong>φύσας</strong></span> <span class='ocrx_word' id='word_1_901' title='bbox 3482 4641 3590 4717; x_wconf 72' lang='grc' dir='ltr'><strong>Υἱῷ</strong></span> <span class='ocrx_word' id='word_1_902' title='bbox 3652 4643 3716 4696; x_wconf 83' lang='grc' dir='ltr'><strong>τὸ</strong></span> 
     </span>
    </p>
   </div>
   <div class='ocr_carea' id='block_1_111' title="bbox 2075 4711 3718 4791">
    <p class='ocr_par' dir='ltr' id='par_1_111' title="bbox 2075 4711 3718 4791">
     <span class='ocr_line' id='line_1_111' title="bbox 2075 4711 3718 4791; baseline -0.002 -20"><span class='ocrx_word' id='word_1_903' title='bbox 2075 4721 2291 4791; x_wconf 63' lang='grc' dir='ltr'><strong>Πνεῦμα</strong></span> <span class='ocrx_word' id='word_1_904' title='bbox 2333 4711 2618 4791; x_wconf 53' lang='grc' dir='ltr'><strong>ὑπάρχειν,</strong></span> <span class='ocrx_word' id='word_1_905' title='bbox 2644 4719 2734 4791; x_wconf 47' lang='grc' dir='ltr'><strong>καὶ</strong></span> <span class='ocrx_word' id='word_1_906' title='bbox 2777 4715 2907 4791; x_wconf 57' lang='grc' dir='ltr'><strong>οὐχξ</strong></span> <span class='ocrx_word' id='word_1_907' title='bbox 2961 4711 3172 4791; x_wconf 52' lang='grc' dir='ltr'><strong>μζᾷλλον</strong></span> <span class='ocrx_word' id='word_1_908' title='bbox 3203 4711 3512 4791; x_wconf 29' lang='grc' dir='ltr'><strong>μοῦσιωδῷς</strong></span> <span class='ocrx_word' id='word_1_909' title='bbox 3546 4711 3718 4791; x_wconf 52' lang='lat' dir='ltr'><strong>itane-</strong></span> 
     </span>
    </p>
   </div>
   <div class='ocr_carea' id='block_1_112' title="bbox 2073 4784 3715 4872">
    <p class='ocr_par' dir='ltr' id='par_1_112' title="bbox 2073 4784 3715 4872">
     <span class='ocr_line' id='line_1_112' title="bbox 2073 4784 3715 4872; baseline -0.002 -29"><span class='ocrx_word' id='word_1_910' title='bbox 2073 4784 2265 4872; x_wconf 57' lang='grc' dir='ltr'><strong>φεηςὸὲ,</strong></span> <span class='ocrx_word' id='word_1_911' title='bbox 2327 4784 2520 4862; x_wconf 60' lang='grc' dir='ltr'><strong>ὥσπὲᾷ</strong></span> <span class='ocrx_word' id='word_1_912' title='bbox 2555 4784 2748 4872; x_wconf 47' lang='lat' dir='ltr'><strong>{illi}?</strong></span> <span class='ocrx_word' id='word_1_913' title='bbox 2815 4784 3109 4872; x_wconf 46' lang='lat' dir='ltr'><strong>xii‘at’mp</strong></span> <span class='ocrx_word' id='word_1_914' title='bbox 3163 4788 3247 4869; x_wconf 52' lang='lat' dir='ltr'><strong>xiii</strong></span> <span class='ocrx_word' id='word_1_915' title='bbox 3291 4784 3498 4872; x_wconf 54' lang='lat' dir='ltr'><strong>Burgi:</strong></span> <span class='ocrx_word' id='word_1_916' title='bbox 3533 4784 3715 4872; x_wconf 63' lang='grc' dir='ltr'><strong>ᾥὰπερ</strong></span> 
     </span>
    </p>
   </div>
   <div class='ocr_carea' id='block_1_113' title="bbox 2073 4853 3714 4934">
    <p class='ocr_par' dir='ltr' id='par_1_113' title="bbox 2073 4853 3714 4934">
     <span class='ocr_line' id='line_1_113' title="bbox 2073 4853 3714 4934; baseline -0.003 -19"><span class='ocrx_word' id='word_1_917' title='bbox 2073 4853 2175 4933; x_wconf 62' lang='grc' dir='ltr'>Ῠάρ</span> <span class='ocrx_word' id='word_1_918' title='bbox 2243 4853 2338 4915; x_wconf 69' lang='grc' dir='ltr'><strong>’ὲοῦ</strong></span> <span class='ocrx_word' id='word_1_919' title='bbox 2381 4853 2631 4934; x_wconf 57' lang='grc' dir='ltr'><strong>Πᾳέρὸέ,</strong></span> <span class='ocrx_word' id='word_1_920' title='bbox 2682 4858 2824 4934; x_wconf 58' lang='grc' dir='ltr'><strong>οὓτω</strong></span> <span class='ocrx_word' id='word_1_921' title='bbox 2877 4853 2948 4934; x_wconf 70' lang='grc' dir='ltr'><strong>δῄ</strong></span> <span class='ocrx_word' id='word_1_922' title='bbox 3011 4853 3252 4934; x_wconf 22' lang='grc' dir='ltr'><strong>καὶιτοίῦ</strong></span> <span class='ocrx_word' id='word_1_923' title='bbox 3313 4853 3438 4934; x_wconf 61' lang='grc' dir='ltr'><strong>ξ”ιοῧ</strong></span> <span class='ocrx_word' id='word_1_924' title='bbox 3469 4855 3612 4934; x_wconf 59' lang='grc' dir='ltr'><strong>ἐστὶγ</strong></span> <span class='ocrx_word' id='word_1_925' title='bbox 3653 4853 3714 4910; x_wconf 77' lang='grc' dir='ltr'><strong>τὸ</strong></span> 
     </span>
    </p>
   </div>
   <div class='ocr_carea' id='block_1_114' title="bbox 2072 4927 3715 5006">
    <p class='ocr_par' dir='ltr' id='par_1_114' title="bbox 2072 4927 3715 5006">
     <span class='ocr_line' id='line_1_114' title="bbox 2072 4927 3715 5006; baseline -0.003 -21"><span class='ocrx_word' id='word_1_926' title='bbox 2072 4927 2294 5006; x_wconf 78' lang='grc' dir='ltr'>Πνέὒμα</span> <span class='ocrx_word' id='word_1_927' title='bbox 2339 4933 2401 4987; x_wconf 83' lang='grc' dir='ltr'><strong>τὸ</strong></span> <span class='ocrx_word' id='word_1_928' title='bbox 2444 4927 2668 5006; x_wconf 49' lang='grc' dir='ltr'><strong>ἄγίονζτ</strong></span> <span class='ocrx_word' id='word_1_929' title='bbox 2711 4927 2990 5006; x_wconf 24' lang='grc' dir='ltr'><strong>ςιναμοῦγι</strong></span> <span class='ocrx_word' id='word_1_930' title='bbox 3040 4927 3242 5006; x_wconf 62' lang='grc' dir='ltr'><strong>τρότεον</strong></span> <span class='ocrx_word' id='word_1_931' title='bbox 3304 4928 3715 5006; x_wconf 41' lang='lat' dir='ltr'><strong>dirempto-Gtc“</strong></span> 
     </span>
    </p>
   </div>
   <div class='ocr_carea' id='block_1_115' title="bbox 2068 4997 3718 5078">
    <p class='ocr_par' dir='ltr' id='par_1_115' title="bbox 2068 4997 3718 5078">
     <span class='ocr_line' id='line_1_115' title="bbox 2068 4997 3718 5078; baseline -0.003 -20"><span class='ocrx_word' id='word_1_932' title='bbox 2068 5005 2131 5058; x_wconf 83' lang='grc' dir='ltr'><strong>τὸ</strong></span> <span class='ocrx_word' id='word_1_933' title='bbox 2179 4997 2407 5078; x_wconf 63' lang='grc' dir='ltr'><strong>ΔΠνεῦμα</strong></span> <span class='ocrx_word' id='word_1_934' title='bbox 2451 4997 2548 5058; x_wconf 80' lang='grc' dir='ltr'><strong>τόὔ</strong></span> <span class='ocrx_word' id='word_1_935' title='bbox 2610 5001 2768 5078; x_wconf 50' lang='grc' dir='ltr'><strong>Υἱορι</strong></span> <span class='ocrx_word' id='word_1_936' title='bbox 2818 4999 2883 5078; x_wconf 58' lang='lat' dir='ltr'><strong>to</strong></span> <span class='ocrx_word' id='word_1_937' title='bbox 2930 4997 3104 5061; x_wconf 66' lang='grc' dir='ltr'>οὕτωξ</span> <span class='ocrx_word' id='word_1_938' title='bbox 3154 4997 3463 5078; x_wconf 57' lang='lat' dir='ltr'><strong>iunpo)th</strong></span> <span class='ocrx_word' id='word_1_939' title='bbox 3491 4997 3590 5054; x_wconf 71' lang='grc' dir='ltr'><strong>’καὶ</strong></span> <span class='ocrx_word' id='word_1_940' title='bbox 3623 4997 3718 5078; x_wconf 60' lang='grc' dir='ltr'><strong>οὓς</strong></span> 
     </span>
    </p>
   </div>
   <div class='ocr_carea' id='block_1_116' title="bbox 2069 5069 3716 5147">
    <p class='ocr_par' dir='ltr' id='par_1_116' title="bbox 2069 5069 3716 5147">
     <span class='ocr_line' id='line_1_116' title="bbox 2069 5069 3716 5147; baseline -0.002 -18"><span class='ocrx_word' id='word_1_941' title='bbox 2069 5071 2284 5136; x_wconf 77' lang='grc' dir='ltr'><strong>σιωδῶς</strong></span> <span class='ocrx_word' id='word_1_942' title='bbox 2333 5069 2639 5147; x_wconf 73' lang='grc' dir='ltr'><strong>’ἡνωμένον,</strong></span> <span class='ocrx_word' id='word_1_943' title='bbox 2699 5069 2771 5128; x_wconf 65' lang='grc' dir='ltr'><strong>δι’</strong></span> <span class='ocrx_word' id='word_1_944' title='bbox 2825 5071 2990 5127; x_wconf 80' lang='grc' dir='ltr'><strong>αὐτοῦ</strong></span> <span class='ocrx_word' id='word_1_945' title='bbox 3040 5093 3117 5147; x_wconf 64' lang='grc' dir='ltr'><strong>Διιτε</strong></span> <span class='ocrx_word' id='word_1_946' title='bbox 3187 5069 3568 5147; x_wconf 58' lang='grc' dir='ltr'><strong>ἠρθὶιιξύπτον,</strong></span> <span class='ocrx_word' id='word_1_947' title='bbox 3602 5071 3716 5147; x_wconf 37' lang='lat' dir='ltr'><strong>una?</strong></span> 
     </span>
    </p>
   </div>
   <div class='ocr_carea' id='block_1_117' title="bbox 2072 5140 3715 5224">
    <p class='ocr_par' dir='ltr' id='par_1_117' title="bbox 2072 5140 3715 5224">
     <span class='ocr_line' id='line_1_117' title="bbox 2072 5140 3715 5224; baseline -0.002 -23"><span class='ocrx_word' id='word_1_948' title='bbox 2072 5147 2323 5224; x_wconf 62' lang='grc' dir='ltr'>ὑπάρχογ</span> <span class='ocrx_word' id='word_1_949' title='bbox 2366 5140 2430 5201; x_wconf 69' lang='grc' dir='ltr'><strong>⁷ἐν</strong></span> <span class='ocrx_word' id='word_1_950' title='bbox 2464 5140 2638 5224; x_wconf 66' lang='grc' dir='ltr'><strong>ἀὐῖῷ</strong></span> <span class='ocrx_word' id='word_1_951' title='bbox 2660 5216 2672 5224; x_wconf 83' lang='lat'><em>_</em></span> <span class='ocrx_word' id='word_1_952' title='bbox 2706 5149 2965 5224; x_wconf 65' lang='grc' dir='ltr'><strong>φρσικῶς,</strong></span> <span class='ocrx_word' id='word_1_953' title='bbox 3001 5143 3100 5224; x_wconf 71' lang='grc' dir='ltr'><strong>⁵ὡς</strong></span> <span class='ocrx_word' id='word_1_954' title='bbox 3145 5140 3315 5224; x_wconf 36' lang='grc' dir='ltr'><strong>μῃιδξεν</strong></span> <span class='ocrx_word' id='word_1_955' title='bbox 3352 5140 3715 5224; x_wconf 46' lang='grc' dir='ltr'><strong>’ἐτςείῖιονίεῖκηιέ⁵</strong></span> 
     </span>
    </p>
   </div>
   <div class='ocr_carea' id='block_1_118' title="bbox 2067 5213 3716 5292">
    <p class='ocr_par' dir='ltr' id='par_1_118' title="bbox 2067 5213 3716 5292">
     <span class='ocr_line' id='line_1_118' title="bbox 2067 5213 3716 5292; baseline -0.003 -20"><span class='ocrx_word' id='word_1_956' title='bbox 2067 5213 2385 5292; x_wconf 63' lang='grc' dir='ltr'><strong>γρμέζέσθαι</strong></span> <span class='ocrx_word' id='word_1_957' title='bbox 2445 5219 2570 5292; x_wconf 68' lang='grc' dir='ltr'><strong>παρ’</strong></span> <span class='ocrx_word' id='word_1_958' title='bbox 2613 5213 2821 5292; x_wconf 64' lang='grc' dir='ltr'><strong>ἀῦτὸγ;</strong></span> <span class='ocrx_word' id='word_1_959' title='bbox 2859 5259 2922 5292; x_wconf 68' lang='lat'><strong>...</strong></span> <span class='ocrx_word' id='word_1_960' title='bbox 2952 5213 3452 5292; x_wconf 43' lang='grc' dir='ltr'><strong>ὐςΔπαράλλᾳκτοέ</strong></span> <span class='ocrx_word' id='word_1_961' title='bbox 3487 5216 3551 5292; x_wconf 25' lang='grc' dir='ltr'>μή</span> <span class='ocrx_word' id='word_1_962' title='bbox 3618 5218 3716 5292; x_wconf 56' lang='grc' dir='ltr'><strong>τοῦ</strong></span> 
     </span>
    </p>
   </div>
   <div class='ocr_carea' id='block_1_119' title="bbox 2070 5284 3717 5381">
    <p class='ocr_par' dir='ltr' id='par_1_119' title="bbox 2070 5284 3717 5381">
     <span class='ocr_line' id='line_1_119' title="bbox 2070 5284 3717 5381; baseline -0.004 -35"><span class='ocrx_word' id='word_1_963' title='bbox 2070 5284 2304 5381; x_wconf 58' lang='grc' dir='ltr'>Χρισξοῦ</span> <span class='ocrx_word' id='word_1_964' title='bbox 2356 5284 2622 5380; x_wconf 47' lang='lat' dir='ltr'><strong>quaterue</strong></span> <span class='ocrx_word' id='word_1_965' title='bbox 2680 5289 2815 5381; x_wconf 60' lang='grc' dir='ltr'><strong>πρὸς</strong></span> <span class='ocrx_word' id='word_1_966' title='bbox 2843 5289 2905 5343; x_wconf 87' lang='grc' dir='ltr'><strong>τὸ</strong></span> <span class='ocrx_word' id='word_1_967' title='bbox 2965 5284 3102 5342; x_wconf 56' lang='grc' dir='ltr'><strong>ἴδιον</strong></span> <span class='ocrx_word' id='word_1_968' title='bbox 3144 5284 3335 5343; x_wconf 73' lang='grc' dir='ltr'><strong>ἀὐτοῦ</strong></span> <span class='ocrx_word' id='word_1_969' title='bbox 3413 5284 3504 5340; x_wconf 79' lang='grc' dir='ltr'>καὶ</span> <span class='ocrx_word' id='word_1_970' title='bbox 3588 5291 3717 5361; x_wconf 81' lang='grc' dir='ltr'>παρ’</span> 
     </span>
    </p>
   </div>
   <div class='ocr_carea' id='block_1_120' title="bbox 2068 5360 3255 5436">
    <p class='ocr_par' dir='ltr' id='par_1_120' title="bbox 2068 5360 3255 5436">
     <span class='ocr_line' id='line_1_120' title="bbox 2068 5360 3255 5436; baseline -0.001 -19"><span class='ocrx_word' id='word_1_971' title='bbox 2068 5360 2232 5436; x_wconf 65' lang='grc' dir='ltr'>αὑτοῦ</span> <span class='ocrx_word' id='word_1_972' title='bbox 2249 5360 2402 5436; x_wconf 23' lang='grc' dir='ltr'><strong>χατὰ.</strong></span> <span class='ocrx_word' id='word_1_973' title='bbox 2419 5360 2572 5436; x_wconf 68' lang='grc' dir='ltr'><strong>φύσιν</strong></span> <span class='ocrx_word' id='word_1_974' title='bbox 2603 5360 2979 5436; x_wconf 55' lang='grc' dir='ltr'><strong>προχεόμενον</strong></span> <span class='ocrx_word' id='word_1_975' title='bbox 3018 5363 3255 5436; x_wconf 56' lang='grc' dir='ltr'><strong>Πνεῇμα.</strong></span> 
     </span>
    </p>
   </div>
   <div class='ocr_carea' id='block_1_121' title="bbox 2141 5379 3715 5509">
    <p class='ocr_par' dir='ltr' id='par_1_121' title="bbox 2141 5379 3715 5509">
     <span class='ocr_line' id='line_1_121' title="bbox 2141 5379 3255 5436; baseline 0 -20"><span class='ocrx_word' id='word_1_976' title='bbox 2141 5383 2232 5417; x_wconf 78' lang='grc' dir='ltr'><strong>του</strong></span> <span class='ocrx_word' id='word_1_977' title='bbox 2262 5382 2398 5416; x_wconf 77' lang='grc' dir='ltr'><strong>κατα</strong></span> <span class='ocrx_word' id='word_1_978' title='bbox 2460 5379 2572 5415; x_wconf 71' lang='grc' dir='ltr'><strong>ῡσιν</strong></span> <span class='ocrx_word' id='word_1_979' title='bbox 2603 5380 2708 5436; x_wconf 86' lang='grc' dir='ltr'><strong>προ</strong></span> <span class='ocrx_word' id='word_1_980' title='bbox 2759 5379 2979 5430; x_wconf 81' lang='grc' dir='ltr'><strong>εομενον</strong></span> <span class='ocrx_word' id='word_1_981' title='bbox 3018 5379 3255 5432; x_wconf 79' lang='grc' dir='ltr'><strong>ιινευμα.</strong></span> 
     </span>
     <span class='ocr_line' id='line_1_122' title="bbox 2141 5379 3715 5509; baseline -0.006 -18"><span class='ocrx_word' id='word_1_982' title='bbox 2141 5435 2216 5509; x_wconf 77' lang='grc'><strong>(1)</strong></span> <span class='ocrx_word' id='word_1_983' title='bbox 2245 5434 2400 5509; x_wconf 72' lang='lat' dir='ltr'><strong>Idem</strong></span> <span class='ocrx_word' id='word_1_984' title='bbox 2419 5383 2470 5509; x_wconf 44' lang='grc' dir='ltr'><strong>εἴ,</strong></span> <span class='ocrx_word' id='word_1_985' title='bbox 2506 5451 2652 5509; x_wconf 84' lang='lat' dir='ltr'><strong>n,_c.</strong></span> <span class='ocrx_word' id='word_1_986' title='bbox 2690 5379 2775 5502; x_wconf 52' lang='lat'><strong>15,</strong></span> <span class='ocrx_word' id='word_1_987' title='bbox 2819 5434 3002 5509; x_wconf 84' lang='lat' dir='ltr'><strong>16_,_p._</strong></span> <span class='ocrx_word' id='word_1_988' title='bbox 3051 5433 3211 5501; x_wconf 83' lang='lat'><strong>1229,</strong></span> <span class='ocrx_word' id='word_1_989' title='bbox 3245 5431 3386 5487; x_wconf 89' lang='lat'><strong>1230</strong></span> <span class='ocrx_word' id='word_1_990' title='bbox 3415 5426 3715 5509; x_wconf 76' lang='lat' dir='ltr'><strong>e_x_Bibliis</strong></span> 
     </span>
    </p>
   </div>
   <div class='ocr_carea' id='block_1_122' title="bbox 2068 5499 3715 5574">
    <p class='ocr_par' dir='ltr' id='par_1_122' title="bbox 2068 5499 3715 5574">
     <span class='ocr_line' id='line_1_123' title="bbox 2068 5499 3715 5574; baseline -0.006 -12"><span class='ocrx_word' id='word_1_991' title='bbox 2068 5512 2125 5562; x_wconf 93' lang='lat' dir='ltr'><strong>et</strong></span> <span class='ocrx_word' id='word_1_992' title='bbox 2148 5499 2422 5562; x_wconf 44' lang='lat' dir='ltr'><strong>‘Patribus</strong></span> <span class='ocrx_word' id='word_1_993' title='bbox 2451 5499 2855 5574; x_wconf 81' lang='lat' dir='ltr'><strong>inculcaverat,</strong></span> <span class='ocrx_word' id='word_1_994' title='bbox 2869 5499 3169 5560; x_wconf 71' lang='lat' dir='ltr'><strong>Christum</strong></span> <span class='ocrx_word' id='word_1_995' title='bbox 3193 5499 3306 5560; x_wconf 85' lang='lat' dir='ltr'><strong>non</strong></span> <span class='ocrx_word' id='word_1_996' title='bbox 3339 5499 3715 5574; x_wconf 75' lang='lat' dir='ltr'><strong>occidentali-</strong></span> 
     </span>
    </p>
   </div>
   <div class='ocr_carea' id='block_1_123' title="bbox 2069 5571 3712 5649">
    <p class='ocr_par' dir='ltr' id='par_1_123' title="bbox 2069 5571 3712 5649">
     <span class='ocr_line' id='line_1_124' title="bbox 2069 5571 3712 5649; baseline -0.006 -16"><span class='ocrx_word' id='word_1_997' title='bbox 2069 5585 2174 5644; x_wconf 91' lang='lat' dir='ltr'><strong>ter,</strong></span> <span class='ocrx_word' id='word_1_998' title='bbox 2204 5595 2320 5634; x_wconf 92' lang='lat' dir='ltr'><strong>non</strong></span> <span class='ocrx_word' id='word_1_999' title='bbox 2352 5593 2420 5634; x_wconf 90' lang='lat' dir='ltr'><strong>ex</strong></span> <span class='ocrx_word' id='word_1_1000' title='bbox 2475 5577 2798 5649; x_wconf 88' lang='lat' dir='ltr'><strong>adjectione</strong></span> <span class='ocrx_word' id='word_1_1001' title='bbox 2841 5571 2942 5632; x_wconf 34' lang='lat' dir='ltr'><strong>’vel</strong></span> <span class='ocrx_word' id='word_1_1002' title='bbox 2996 5576 3386 5649; x_wconf 83' lang='lat' dir='ltr'><strong>extrinsecus,</strong></span> <span class='ocrx_word' id='word_1_1003' title='bbox 3413 5571 3517 5649; x_wconf 78' lang='lat' dir='ltr'><strong>sed</strong></span> <span class='ocrx_word' id='word_1_1004' title='bbox 3549 5584 3619 5649; x_wconf 81' lang='lat' dir='ltr'><strong>ex</strong></span> <span class='ocrx_word' id='word_1_1005' title='bbox 3648 5583 3712 5625; x_wconf 91' lang='lat' dir='ltr'><strong>se</strong></span> 
     </span>
    </p>
   </div>
   <div class='ocr_carea' id='block_1_124' title="bbox 2067 5642 3704 5722">
    <p class='ocr_par' dir='ltr' id='par_1_124' title="bbox 2067 5642 3704 5722">
     <span class='ocr_line' id='line_1_125' title="bbox 2067 5642 3704 5722; baseline 0.002 -18"><span class='ocrx_word' id='word_1_1006' title='bbox 2067 5642 2192 5720; x_wconf 89' lang='lat' dir='ltr'><strong>ipso</strong></span> <span class='ocrx_word' id='word_1_1007' title='bbox 2225 5655 2289 5706; x_wconf 92' lang='lat' dir='ltr'><strong>ut</strong></span> <span class='ocrx_word' id='word_1_1008' title='bbox 2318 5650 2413 5706; x_wconf 91' lang='lat' dir='ltr'><strong>Dei</strong></span> <span class='ocrx_word' id='word_1_1009' title='bbox 2437 5642 2646 5706; x_wconf 74' lang='lat' dir='ltr'><strong>Filium</strong></span> <span class='ocrx_word' id='word_1_1010' title='bbox 2678 5649 2926 5722; x_wconf 83' lang='lat' dir='ltr'><strong>Spiritus</strong></span> <span class='ocrx_word' id='word_1_1011' title='bbox 2957 5647 3378 5722; x_wconf 78' lang='lat' dir='ltr'><strong>plenitudinem</strong></span> <span class='ocrx_word' id='word_1_1012' title='bbox 3413 5642 3704 5722; x_wconf 68' lang='lat' dir='ltr'><strong>habuisse.</strong></span> 
     </span>
    </p>
   </div>
   <div class='ocr_carea' id='block_1_125' title="bbox 2071 5715 3706 5797">
    <p class='ocr_par' dir='ltr' id='par_1_125' title="bbox 2071 5715 3706 5797">
     <span class='ocr_line' id='line_1_126' title="bbox 2071 5715 3706 5797; baseline -0.006 -19"><span class='ocrx_word' id='word_1_1013' title='bbox 2071 5715 2248 5797; x_wconf 79' lang='lat' dir='ltr'><strong>quam</strong></span> <span class='ocrx_word' id='word_1_1014' title='bbox 2280 5723 2341 5780; x_wconf 90' lang='lat' dir='ltr'><strong>in</strong></span> <span class='ocrx_word' id='word_1_1015' title='bbox 2363 5738 2478 5780; x_wconf 85' lang='lat' dir='ltr'><strong>rem</strong></span> <span class='ocrx_word' id='word_1_1016' title='bbox 2510 5730 2564 5779; x_wconf 90' lang='lat' dir='ltr'><strong>et</strong></span> <span class='ocrx_word' id='word_1_1017' title='bbox 2591 5715 2788 5796; x_wconf 78' lang='lat' dir='ltr'><strong>Cyrilli</strong></span> <span class='ocrx_word' id='word_1_1018' title='bbox 2808 5715 3190 5777; x_wconf 74' lang='lat' dir='ltr'><strong>Alexandrini</strong></span> <span class='ocrx_word' id='word_1_1019' title='bbox 3217 5715 3706 5776; x_wconf 89' lang='lat' dir='ltr'><strong>anathematismo</strong></span> 
     </span>
    </p>
   </div>
  </div>
