4058 6216
344 364 460 427 451

1536 328 1798 408 PHOTII
1845 341 2373 405 PATRIARCHAE
2410 344 2527 406 op.

3620 351 3732 412 452

342 517 375 556 a
407 500 575 555 Patre
602 497 937 569 generatur,
968 490 1050 548 ita
1079 487 1327 562 Spiritus
1359 485 1595 540 sanctus
1625 480 1697 536 ab
1729 482 1981 551 utroque
2006 477 2061 545 Α
2091 479 2361 569 omnibus
2390 479 2691 553 disciplina
2721 487 3009 540 censetur.
3043 486 3166 542 Lux
3198 500 3431 557 quoque
3464 485 3608 543 solis
3641 503 3736 553 pe-

344 588 481 656 exit,
505 588 577 644 ab
601 590 849 656 utroque
870 581 1125 638 mittitur
1145 573 1512 638 asternaliter,
1539 575 1597 626 et
1615 570 1687 627 ab
1710 573 1977 640 utroque,

2088 568 2291 625 rennis
2322 574 2445 640 est;
2478 570 2739 642 quandiu
2771 572 2939 630 nobis
2978 574 3181 644 oritur,
3236 574 3387 631 diem
3437 592 3739 643 vocamus,

342 684 407 735 ut
439 684 743 735 ostensum
774 680 884 741 est,
916 674 1142 728 univoce
1170 666 1450 741 procedit.
1483 664 1631 720 Nam
1663 661 1816 734 apud
1862 665 1980 715 tres
2091 656 2263 714 breve
2292 660 2676 718 attribuentes
2708 661 2759 718 ei
2806 663 3085 735 temporis
3127 664 3407 735 spatium.
3450 687 3479 716 ι)
3522 665 3743 729 Quibus

341 768 487 825 nihil
520 763 944 838 praeterit,nihil
973 762 1231 816 futurum
1253 760 1342 813 est
1360 773 1373 824 ;
1392 755 1545 826 apud
1568 757 1683 808 tres
1706 765 1986 823 personas

343 876 458 915 non
474 851 976 913 esttransmutatio
991 866 1094 906 nec
1105 843 1531 903 vicissitudinis
1544 839 1983 898 obumbratio...

344 949 621 1016 Quantum
652 944 721 999 ad
752 945 893 1014 ipsos
936 941 1187 1005 (Patrem
1222 939 1276 992 et
1307 933 1537 1003 Filium)
1578 933 1822 1003 spectat,
1852 930 1986 983 ante

341 1035 540 1094 omnia
554 1032 761 1090 saecula
777 1031 1021 1087 mittunt
1038 1032 1094 1085 et
1118 1028 1338 1082 donant
1349 1022 1656 1095 (Spiritum
1672 1018 1984 1088 sanetum).

344 1122 768 1181 Exsistentibus
781 1127 973 1176 autem
988 1118 1136 1174 dono
1152 1113 1499 1171 missioneve
1516 1110 1709 1181 dignis
1730 1108 1985 1178 incipere

347 1214 625 1269 dicuntur
654 1211 887 1266 mittere
918 1208 1004 1264 vel
1036 1208 1283 1271 donare;
1315 1216 1662 1274 nequaquam
1688 1196 1989 1254 secundum

340 1319 416 1369 se,
450 1302 597 1372 (sed)
629 1309 897 1373 quantum
928 1298 1004 1352 ad
1033 1294 1411 1367 suscipientes.
1450 1291 1633 1363 [gitur
1664 1289 1713 1345 si
1758 1287 1988 1343 mittere

346 1396 651 1459 asternum,
704 1392 761 1445 et
814 1386 1050 1452 missio;
1112 1397 1386 1453 versaque
1442 1380 1564 1436 vice
1606 1395 1621 1436 :
1671 1378 1723 1433 si
1786 1376 1986 1433 missio

344 1485 581 1548 aeterna,
614 1481 671 1533 et
703 1476 951 1532 mittere.
984 1472 1159 1543 Atqui
1202 1470 1406 1527 missio
1450 1472 1666 1523 aeterna
1706 1468 1813 1521 est.
1861 1464 1986 1520 Non

342 1570 492 1625 enim
524 1576 586 1624 ut
623 1566 681 1621 in
716 1566 1058 1621 lithotomon
1091 1561 1198 1631 sic)
1231 1559 1376 1615 ratio
1408 1556 1587 1614 turris
1638 1553 1987 1611 fabricandis

346 1655 785 1715 fabricationem
828 1651 1101 1725 praecedit
1150 1655 1205 1705 et
1246 1649 1317 1704 ab
1361 1664 1428 1705 ea
1476 1646 1774 1711 dividitur,
1808 1644 1887 1698 ita
1928 1642 1987 1698 in

340 1747 487 1803 Filio
519 1751 576 1801 et
607 1746 775 1800 Patre
807 1742 956 1813 [200]
989 1739 1135 1796 ratio
1153 1737 1454 1794 missionis
1478 1733 1731 1807 Spiritus
1754 1730 1989 1788 missio-

340 1852 476 1895 nem
511 1833 791 1906 prasvenit
820 1836 876 1888 et
905 1832 977 1887 ab
1021 1830 1150 1900 ipsa
1188 1830 1512 1899 separatur.
1556 1823 1699 1881 Nam
1757 1822 1807 1879 si
1848 1819 1992 1876 ratio

348 1925 651 1982 missionis
681 1922 933 1994 Spiritus
964 1920 1150 1976 sancti
1183 1918 1254 1974 ab
1292 1921 1505 1973 aeterno
1536 1914 1594 1970 in
1619 1912 1758 1968 Filio
1796 1916 1907 1978 est,
1940 1917 1993 1966 et

342 2014 546 2071 missio
579 2012 767 2085 ipsius
795 2009 1045 2081 Spiritus
1077 2008 1249 2079 erepit
1277 2021 1405 2062 esse
1435 2005 1494 2060 in
1520 2002 1663 2059 Filio
1696 2002 1768 2057 ab
1791 2000 1987 2072 aliquo

341 2110 454 2161 tem
465 2121 623 2177 pore,
655 2102 820 2174 prius
842 2106 899 2157 et
921 2100 1235 2171 posterius,
1261 2097 1553 2167 adjectum
1585 2097 1642 2149 et
1664 2089 1991 2164 separabile

340 2193 516 2249 habet
543 2192 724 2247 Filius
752 2195 809 2246 et
838 2188 1230 2247 accidentium
1270 2202 1386 2242 non
1419 2184 1623 2256 effugit
1653 2179 1992 2252 multiplici-

337 2286 542 2338 tatem.
568 2279 770 2336 Nonne
792 2277 877 2335 sol
899 2293 1032 2334 cum
1059 2275 1359 2332 illuminat
1385 2274 1650 2339 domum,
1673 2269 1869 2341 aliqua
1892 2268 1991 2324 ho-

344 2371 436 2427 die
465 2369 673 2440 incipit
716 2367 1039 2434 irradiare;
1086 2363 1326 2436 pretiosi
1367 2360 1641 2417 similiter
1682 2358 1992 2429 splendent

336 2460 563 2530 jugiter
590 2457 837 2526 lapides,
868 2453 1045 2511 stellas
1078 2468 1342 2524 quoque;
1375 2455 1633 2505 attamen
1665 2447 1897 2503 illarum
1928 2446 1987 2500 in

344 2546 617 2612 tenebris,
653 2544 864 2600 harum
895 2558 1030 2597 vero
1064 2542 1126 2597 in
1154 2540 1285 2596 luce
1316 2539 1561 2595 minime
1581 2537 1856 2608 splendor
1887 2551 1990 2589 ru-

344 2635 496 2701 tilat,
525 2650 642 2688 non
669 2649 740 2689 ea:
776 2633 1172 2702 interceptione
1216 2630 1548 2701 splendoris,
1579 2626 1672 2682 sed
1718 2641 1788 2682 ea:
1834 2622 1990 2692 aspi-

347 2724 613 2781 cientium
658 2720 1088 2777 imbecillitate?
1135 2719 1398 2791 Amplius
1434 2736 1446 2773 :
1482 2717 1684 2774 missio
1732 2716 1989 2788 Spiritus

346 2813 534 2870 sancti
578 2818 635 2869 et
666 2810 919 2883 cognitio
950 2809 1251 2866 missionis
1282 2808 1455 2865 simul
1487 2811 1626 2863 sunt
1656 2807 1716 2864 in
1745 2806 1911 2861 Patre
1932 2808 1991 2862 et

347 2903 526 2972 Filio;
562 2906 833 2958 neutrum
866 2900 1021 2956 enim
1056 2899 1263 2955 horum
1297 2899 1547 2954 duorum
1581 2901 1810 2968 tempus
1840 2911 1990 2967 prat-

338 2993 597 3065 judieat;
632 2994 692 3047 at
720 3006 850 3047 vero
881 2990 1122 3059 cognitio
1149 2992 1362 3044 aeterna
1393 2992 1512 3057 est;
1545 3002 1680 3057 ergo
1711 2989 1767 3041 et
1790 2984 1989 3040 missio

345 3081 595 3154 Spiritus
626 3079 813 3136 sancti
844 3079 915 3134 ab
965 3083 1208 3148 utroque
1257 3085 1470 3133 aeterna
1524 3078 1697 3131 estet
1744 3078 1989 3145 uterque

343 3170 645 3243 aequaliter
672 3173 729 3226 et
760 3167 1113 3226 etsrnaliter
1142 3183 1314 3223 causa
1347 3165 1642 3221 missionis
1664 3163 1982 3234 Spiritus...

344 3260 407 3316 Si
437 3260 636 3330 utique
661 3257 872 3330 (Pater)
914 3272 1092 3314 causa
1146 3260 1255 3326 est,
1313 3259 1370 3311 et
1422 3254 1604 3311 Filius
1659 3260 1747 3309 est
1793 3251 1990 3323 aliqua

343 3365 516 3405 causa
547 3347 801 3419 Spiritus
830 3347 1016 3403 sancti
1045 3363 1060 3414 ;
1093 3347 1143 3403 si
1174 3350 1380 3402 neuter
1409 3349 1500 3401 est
1548 3359 1741 3409 causa,
1786 3340 1988 3396 missio

344 3438 600 3510 Spiritus
633 3436 821 3494 sancti
853 3453 960 3492 nec
991 3453 1229 3493 causam
1272 3435 1446 3490 habet
1475 3449 1581 3488 nec
1612 3430 1987 3504 principium,

346 3528 502 3598 quod
556 3534 643 3581 est
690 3525 875 3581 solius
921 3525 1113 3581 Patris
1165 3523 1530 3595 privilegium
1579 3522 1636 3576 in
1683 3520 1985 3575 Trinitate.

348 3618 539 3682 Quare
570 3617 811 3674 forsitan
844 3632 957 3673 non
990 3616 1067 3671 sit
1114 3613 1548 3682 inconveniens,
1598 3613 1646 3670 si
1696 3612 1988 3681 processio

347 3707 600 3780 Spiritus
621 3704 810 3763 sancti
832 3704 1180 3761 mternaliter
1201 3704 1271 3760 de
1293 3704 1456 3759 Patre
1482 3720 1546 3759 ac
1570 3701 1714 3758 Filio
1738 3716 1989 3758 manans

342 3813 522 3870 penes
555 3795 942 3868 suscipientes
972 3797 1271 3852 creaturas
1292 3791 1504 3861 missio,
1529 3791 1802 3848 usitatius
1822 3790 1989 3847 dona-

343 3888 423 3943 tio
453 3892 511 3942 et
541 3886 588 3941 si
624 3884 765 3956 quid
798 3882 962 3939 aliud
994 3882 1329 3953 hujusmodi
1372 3885 1765 3953 nuncupatur,
1805 3878 1987 3935 subli-

340 3974 628 4032 mioribus
659 3973 895 4045 quidem
928 3989 1159 4044 semper
1185 3971 1406 4043 divino,
1439 3969 1809 4028 inferioribus
1854 3986 1987 4026 vero

340 4080 566 4137 semper
597 4069 791 4120 creato
824 4062 1163 4120 referendis.
1198 4062 1343 4119 Nam
1396 4061 1551 4118 idem
1605 4059 1986 4131 Evangelium

339 4155 402 4211 in
445 4154 674 4212 Christo
732 4155 1008 4222 doctrina,
1058 4153 1120 4209 in
1178 4151 1462 4223 apostolis
1520 4167 1653 4207 vero
1707 4149 1988 4219 nobisque

344 4346 498 4388 nono
530 4329 712 4385 utitur
743 4327 1059 4381 adnectens
1089 4324 1436 4380 Theodoreti
1468 4324 1887 4395 Oppositionem
1920 4339 1986 4379 ac

2093 749 2371 819 exemplis
2393 749 2551 806 aliud
2583 751 2817 824 copulat
2839 753 2983 809 duce
3007 753 3355 825 Hieronymo
3376 771 3444 810 ex
3470 755 3741 810 incarna-

2094 836 2252 893 tione
2281 839 2674 912 desumptum,
2709 858 2835 914 quas
2866 843 3018 898 velut
3043 843 3167 913 jam
3208 844 3280 898 ab
3328 844 3494 900 initio
3546 844 3745 900 seaculi

2094 927 2247 984 facta
2277 929 2631 1001 perhibetur,
2680 949 2746 987 ac
2791 933 3001 989 deinde
3051 933 3132 1003 (p.
3186 934 3324 988 1255
3368 933 3457 1006 C.)
3508 936 3740 1007 pergit:

2096 1040 2125 1069 «
2157 1019 2318 1084 Quod
2352 1019 2398 1074 si
2431 1021 2625 1076 unitas
2656 1022 2915 1093 mysterii
2961 1021 3278 1078 Dominicis
3318 1023 3743 1079 incarnationis

2094 1107 2152 1161 in
2202 1105 2344 1163 Filio
2393 1108 2743 1181 principium
2796 1111 3078 1183 temporis
3114 1128 3229 1167 non
3281 1110 3508 1179 habuit,
3557 1111 3744 1168 multo

2097 1198 2294 1253 minus
2359 1198 2637 1256 credibile
2704 1204 2790 1256 est
2853 1201 3151 1257 missionis
3223 1200 3474 1273 Spiritus
3546 1201 3739 1259 sancti

2096 1302 2131 1342 a
2160 1288 2330 1342 Patre
2358 1303 2424 1343 ac
2459 1287 2597 1344 Filio
2623 1287 2684 1344 in
2714 1287 2993 1346 alterutro
3043 1305 3245 1346 eorum
3292 1289 3583 1361 incepisse
3626 1292 3738 1347 sub

2097 1388 2379 1456 tempore.
2431 1406 2460 1435 »
2516 1390 2795 1443 Prasterea
2845 1386 2995 1443 idem
3055 1392 3259 1443 auctor
3306 1393 3511 1443 contra
3555 1388 3746 1446 Theo-

2096 1473 2433 1546 phylactum
2465 1475 2745 1548 aliosque,
2779 1476 2874 1547 qui
2922 1477 3241 1547 arguebant
3288 1476 3574 1549 Spiritum
3626 1495 3745 1535 non

2095 1569 2185 1620 ter
2213 1564 2298 1621 vel
2331 1566 2545 1636 saepius
2574 1568 2771 1624 datum
2803 1566 3135 1639 discipulis,
3159 1568 3310 1640 [201]
3335 1585 3527 1640 neque
3548 1569 3742 1627 verbis

2094 1660 2257 1713 Joan.
2289 1673 2384 1725 xx,
2414 1657 2506 1724 2'2,
2538 1673 2727 1729 neque
2756 1661 2890 1712 ante
2929 1656 3143 1713 Christi
3187 1673 3217 1713 e
3266 1659 3487 1714 mundo
3528 1659 3745 1715 disces-

2101 1761 2255 1813 sum,
2288 1746 2391 1802 sed
2422 1745 2642 1818 priores
2670 1750 2805 1802 ante
2843 1745 3241 1802 Pentecostem
3290 1746 3641 1804 donationes
3673 1749 3746 1805 ad

2021 1797 2069 1863 Β
2103 1797 3524 1904 assignas;'gs‘..;};r.;.;;a;;1:51.;3;;
3538 1797 3639 1890 ‘2;
3675 1797 3747 1893 ζεῖ

2102 1925 2321 1982 donum
2355 1926 2635 1981 duntaxat
2663 1924 2998 1981 dimittendi
3031 1929 3266 1996 peccata
3295 1926 3397 1997 (2),
3442 1927 3596 1982 inter
3633 1925 3746 1983 alia

2104 2016 2272 2071 docet
2301 2014 2364 2087 (Ι.
2396 2030 2462 2081 ιι,
2495 2014 2581 2081 13,
2614 2030 2672 2085 p.
2706 2013 2868 2087 1228)
2897 2030 2965 2070 ex
2994 2013 3269 2086 Gregorio
3299 2013 3663 2071 Nazianzeno
3689 2020 3744 2071 et

2097 2104 2370 2176 Gregorio
2401 2104 2443 2159 Ι.
2478 2104 2759 2169 Romano,
2792 2103 3088 2159 Christum
3124 2120 3237 2159 non
3270 2104 3501 2160 dedisse
3549 2104 3744 2161 solum

2097 2194 2314 2250 donum
2376 2193 2690 2265 quoddam,
2744 2194 2844 2248 sed
2903 2194 3084 2262 ipsum
3147 2194 3420 2264 Spiritum
3469 2199 3741 2251 sanctum.

2095 2284 2259 2348 Quod
2290 2283 2477 2340 denuo
2506 2284 2578 2352 (ο.
2615 2282 2704 2352 15,
2737 2298 2795 2352 p.
2831 2282 2990 2353 1229)
3024 2282 3155 2338 aliis
3198 2284 3563 2355 argumentis
3602 2300 3738 2340 con-

2097 2372 2329 2427 ﬁrmare
2369 2371 2584 2438 studet,
2631 2370 3051 2441 Chrysostomi,
3094 2387 3224 2443 quae
3279 2373 3573 2427 contraria
3615 2389 3746 2429 esse

2096 2461 2272 2517 verba
2296 2460 2668 2527 videbantur,
2712 2460 3033 2530 explanans
3083 2464 3139 2515 et
3187 2460 3245 2514 in
3301 2460 3495 2516 verbis
3543 2460 3745 2533 ipsis:

2096 2550 2332 2622 Accipite
2357 2549 2640 2620 Spiritum
2687 2555 2936 2604 sanctum
2981 2548 3283 2604 insistens.
3326 2550 3382 2604 Si
3427 2550 3565 2621 quis
3611 2567 3746 2609 vero

2096 2639 2252 2695 dicat
2295 2638 2529 2694 nonnisi
2580 2637 2798 2693 donum
2849 2636 3185 2693 remittendi
3243 2642 3480 2707 peccata
3539 2639 3744 2695 datum

2096 2728 2299 2796 fuisse,
2334 2750 2362 2779 ‹‹
2393 2727 2682 2795 attendat,
2727 2726 2807 2782 ait
2836 2730 3024 2797 Hugo,
3067 2726 3116 2781 si
3167 2725 3506 2796 hujusmodi
3557 2727 3745 2786 virtus

2095 2817 2420 2888 separabilis
2450 2816 2546 2873 sit.
2577 2816 2686 2872 Sed
2719 2820 2900 2886 patet,
2932 2816 3086 2886 quod
3119 2832 3235 2871 non
3269 2815 3346 2872 sit
3366 2816 3745 2887 separabilis,

2096 2922 2230 2963 cum
2264 2905 2409 2962 nihil
2442 2905 2760 2962 secundum
2785 2904 3056 2960 accidens
3076 2904 3286 2960 divinis
3310 2904 3447 2960 insit
3469 2905 3749 2977 byposta-

2097 2996 2296 3064 sibus;
2329 3010 2463 3065 ergo
2495 2996 2633 3049 dum
2664 2994 2758 3049 dat
2786 2993 3081 3064 Spiritum,
3117 2992 3358 3065 largitur
3403 3001 3594 3063 totum,
3628 3010 3743 3049 non

2018 3105 2062 3172 ρ
2100 3090 2328 3159 partem.
2367 3108 2389 3137 ι
2428 3083 2648 3141 Deinde
2685 3084 2848 3139 docet
2897 3083 3191 3140 Christum
3242 3086 3303 3139 in
3344 3083 3435 3140 die
3477 3099 3747 3140 resurre-

2099 3176 2305 3236 ctionis
2336 3172 2566 3230 dedisse
2596 3181 2766 3229 totum
2796 3174 3099 3245 Spiritum,
3148 3173 3249 3229 sed
3292 3189 3399 3229 non
3446 3173 3745 3230 secundum

2100 3282 2319 3324 omnem
2349 3263 2684 3337 operationis
2713 3265 2968 3335 speciem,
2999 3262 3058 3317 in
3085 3263 3179 3319 die
3210 3278 3342 3320 vero
3377 3262 3743 3321 Pentecosles

2096 3359 2328 3415 dedisse
2355 3355 2651 3412 secundum
2691 3371 2908 3410 omnem
2951 3355 3009 3410 in
3058 3355 3197 3426 ipsis
3239 3355 3578 3426 Operatiom's
3624 3372 3744 3426 spe-

2096 3450 2274 3509 ciem;
2306 3444 2709 3501 distinctiones
2740 3443 2862 3499 tieri
2896 3444 2966 3498 ad
3017 3458 3402 3515 personarum
3446 3444 3750 3501 discretio-

2096 3552 2232 3592 nem
2263 3538 2321 3591 et
2352 3538 2585 3605 propter
2610 3534 3015 3598 operationum
3050 3532 3108 3587 in
3140 3533 3282 3604 ipsis
3313 3532 3598 3605 apostolis
3626 3534 3749 3588 elﬁ-

2094 3625 2313 3682 caciam
2345 3624 2447 3695 (3).
2496 3644 2526 3672 «
2559 3624 2647 3678 Ad
2697 3624 2806 3679 hoc
2834 3653 2905 3663 —
2952 3622 3101 3695 [202]
3157 3621 3240 3677 ita
3274 3623 3653 3693 prosequitur
3683 3653 3748 3665 --

2089 3715 2428 3772 insufﬂasse
2467 3711 2730 3768 Christus
2761 3716 2827 3768 ut
2855 3712 3104 3768 emissor
3133 3711 3193 3766 in
3223 3727 3290 3767 eo
3333 3713 3474 3781 quod
3507 3716 3654 3767 Deus
3683 3713 3742 3768 in

2096 3806 2306 3862 faciem
2339 3801 2758 3873 discipulorum
2794 3801 3067 3868 creditur,
3090 3806 3211 3856 tum
3235 3805 3299 3856 ut
3321 3817 3423 3873 per
3441 3800 3552 3857 hoe
3586 3800 3752 3857 intelo

2092 3894 2407 3967 ligeremus
2435 3890 2715 3963 Spiritum
2749 3906 2879 3946 vere
2910 3890 2981 3946 de
3035 3889 3135 3945 illo
3184 3890 3518 3962 procedere,
3570 3895 3636 3946 ut
3682 3891 3751 3945 de

2097 3982 2389 4056 profundo
2419 3980 2683 4052 corporis
2713 3979 2839 4051 ejus
2862 3978 2960 4036 ille
2982 3978 3157 4035 ﬂatus
3178 3980 3535 4051 evaporabat
3554 3980 3737 4036 sensi-

2096 4073 2295 4130 biliter
2322 4073 2420 4144 (ll),
2451 4076 2577 4126 tum
2610 4070 2764 4140 quod
2803 4070 2873 4125 ad
2904 4068 3239 4126 habendum
3272 4074 3332 4125 et
3362 4069 3535 4140 quasi
3568 4071 3759 4141 possi-

2092 4163 2351 4219 dendum
2375 4160 2657 4232 Spiritum
2676 4160 2762 4215 eis
2787 4160 2971 4227 daret,
2996 4159 3147 4231 quod
3178 4159 3235 4214 in
3262 4160 3360 4216 die
3380 4158 3752 4217 Pentecoste:

2092 4327 2357 4394 muneris,
2389 4326 2484 4398 sed
2512 4326 2748 4398 adjectio
2779 4326 3053 4397 largitatis
3076 4341 3098 4388 ;
3129 4324 3406 4397 quoniam
3432 4330 3489 4380 et
3510 4324 3761 4396 patriar-

342 4401 562 4481 Cyrilli.
590 4412 933 4479 responsum
964 4412 1076 4450 una
1109 4410 1240 4450 eum
1288 4396 1623 4452 testimonio
1653 4412 1723 4452 ex
1752 4397 1879 4465 ejus
1912 4395 1980 4451 ad
2019 4426 2066 4493 Β
2098 4400 2218 4456 aha;
2250 4406 2308 4456 et
2326 4416 2428 4471 pro
2472 4395 2618 4453 hstes
2638 4403 2691 4453 et
2713 4395 3042 4454 sacerdotes
3066 4395 3388 4469 omnesque
3409 4395 3627 4464 sancti,
3654 4398 3756 4469 qui

344 4475 672 4525 Nestorium
705 4466 989 4525 epistolis.
2099 4472 2391 4525 mioribus
2424 4416 2578 4525 (Fuere
2610 4470 2998 4525 temporibus.
3032 4469 3302 4525 eiusdem
3336 4476 3471 4523 sunt
3493 4468 3755 4525 Spiritus

344 4466 989 4539 Nestorium-epistolis.

421 4541 497 4613 (2)
527 4536 946 4613 TheOphylact:
1006 4536 1177 4613 apud]
1215 4536 1435 4613 llugon.
1471 4539 1659 4613 [1,13,
1701 4554 1759 4609 p.
1800 4537 1984 4613 _l2_28;

345 4608 503 4685 apud
561 4608 805 4669 Beccum
840 4610 929 4666 Gr.
961 4609 1120 4685 orta.
1158 4609 1197 4676 l,
1231 4625 1288 4685 p.
1319 4610 1449 4685 [229,
1478 4611 1577 4685 221
1607 4628 1620 4678 ;
1653 4608 1835 4685 Nicpl.
1870 4610 1986 4685 Me:

341 4680 517 4757 thon.
539 4685 752 4757 Syllog.
784 4685 840 4757 in
873 4680 1187 4757 codhltlpn.
1222 4682 1291 4757 S6
1323 4682 1364 4757 f1
1392 4681 1455 4757 81
1505 4681 1559 4738 b.
1592 4698 1717 4757 cap.
1750 4682 1821 4757 35_
1854 4696 1867 4733 :
1922 4680 1985 4736 El

344 4750 955 4832 {adsocfllupvéxlmroc
987 4750 1164 4832 ἐδόθη.
1186 4752 1310 4832 tota
1340 4750 1429 4807 διὰ
1455 4759 1554 4832 ’ξῆς
1596 4750 1986 4832 incontinens.“

343 4824 490 4901 ἀλλᾲ
519 4829 594 4901 pf,
621 4823 976 4901 dea'tptcpa
1003 4832 1103 4901 τῆς
1141 4823 1529 4901 ἀφέσεωςλτᾶξν
1585 4823 1883 4901 ἁμάρτιῷν,
1912 4825 1987 4889 ὡς

343 4845 490 4881 eum
519 4849 594 4899 μη
627 4847 688 4881 το
729 4845 976 4901 χαρισμα
1003 4845 1103 4893 της
1141 4845 1172 4878 α
1217 4845 1377 4886 εσεως
1420 4845 1529 4879 των
1585 4845 1883 4898 αμαρτιων,
1912 4846 1987 4889 ως

337 4897 528 4972 αὖτῖκᾳ
556 4896 873 4972 δεδήλωκεν
912 4845 1212 4972 ἐπειπὼν-ἴ
1255 4898 1453 4972 Σωτὴρ
1484 4898 1584 4972 ’Δνν
1616 4918 1777 4972 τινῳγ
1819 4897 1990 4972 ἀφῆτε

337 4971 433 5047 δᾲς
481 4938 772 5047 ἁμαρτίας,
826 4968 1071 5047 ἀφίενται
1122 4970 1327 5047 (Joan.
1373 4938 1468 5039 ἐξ,
1525 4971 1654 5047 23)·
1689 4938 1989 5047 οἶδιιγξβρ

338 5039 633 5131 Hypsaei
683 5041 752 5131 ’Ξὰ
809 5039 1357 5131 χάρίσιιῖατα’“καλξῖν
1415 5039 1724 5131 nuculeum:
1774 5039 1921 5129 τίέοὲ
1953 5044 1988 5111 ἡ

339 5112 750 5188 καέὰᾼτὴνᾼγῇν
788 5112 1058 5188 stupenda
1089 5131 1102 5180 ;
1133 5113 1168 5181 ἢ
1237 5114 1340 5187 γὰρ
1406 5113 1502 5169 τοῦ
1556 5112 1722 5167 αὐτοῦ
1760 5112 1850 5167 καὶ
1902 5135 1994 5170 πε-

343 5183 589 5262 ριτῖὴ,-ἢ
621 5183 938 5262 ὲεέ-ἑρουρὲαὶ
980 5189 1138 5262 πρίῐον
1161 5183 1323 5240 τοῦτό
1348 5205 1363 5254 ;

413 5259 492 5330 (3)
519 5257 792 5314 Praeclare
823 5258 993 5326 Greg.
1026 5257 1261 5313 Nazian.
1291 5263 1457 5330 erat.)
1486 5258 1575 5326 37,
1611 5275 1666 5329 p.
1715 5257 1842 5325 608,
1878 5261 1990 5314 tres

340 5331 520 5413 veluti
552 5331 766 5413 grad‘us
793 5329 1335 5413 communicationis
1368 5329 1617 5413 Spiritus
1649 5330 1989 5413 distinguit:

341 5394 597 5491 primpm
632 5399 744 5491 (36-
759 5400 1021 5491 magna):
1037 5395 1088 5451 ἐν
1110 5394 1280 5491 ²ἀρχῇ
1298 5394 1426 5491 ρτοῖί
1465 5398 1785 5491 way-{skies
1836 5394 1992 5491 33‘qu-

343 5468 460 5548 ξιεις
494 5468 803 5548 ἐπνιξέλοῐξν2
854 5468 1058 5526 deinde
1106 5468 1508 5548 ἐκῇρῦεὲώμενονΔ
1532 5468 1717 5545 (Idan.
1749 5491 1841 5548 xx,
1873 5475 1986 5548 2'2),

340 5541 540 5621 postea
595 5541 647 5598 ἐν
694 5541 972 5621 γλῴσᾳαις
1014 5541 1703 5621 βυρέῇαιςᾴραινὸᾠγογ.
1770 5541 1989 5616 Insigni

336 5614 644 5675 verborum
679 5614 983 5685 majestate
1013 5614 1124 5669 Leo
1156 5615 1231 5669 M.
1280 5614 1559 5672 Sermone
1591 5620 1624 5672 2
1652 5619 1721 5674 de
1751 5614 1986 5675 Pentec.

339 5708 390 5749 e.
423 5691 477 5758 3,
511 5689 563 5756 4,
596 5687 828 5761 (Baiter.
852 5686 944 5751 76,
977 5703 1031 5757 p.
1062 5686 1168 5741 405
1196 5702 1321 5814 seq;
1370 5686 1459 5741 ed.
1493 5687 1746 5757 MIGNE):
1800 5712 1828 5741 «
1861 5689 1988 5746 Non

339 5762 731 5814 ambiamus.
761 5758 913 5814 auod
931 5774 1064 5814 cum
1087 5759 1146 5814 in
1164 5758 1261 5814 die
1323 5762 1644 5814 enteeostes
1666 5760 1987 5814 discipulos

339 5758 745 5834 ambigamus,
761 5758 913 5831 quod
931 5774 1064 5815 cum
1087 5758 1261 5834 indie
1274 5758 1987 5834 Pentecostssdiscipulos

339 5829 569 5893 Domini
603 5829 849 5906 Spiritus
878 5835 1118 5888 sanctus
1148 5829 1557 5903 implevit,non
1581 5831 1691 5888 fuit
1713 5829 1988 5889 inchoatio

2099 4468 2391 4544 prioribus
2424 4468 2578 4544 fuere
2610 4470 3013 4544 temporibus,
3032 4468 3303 4544 ejusdem
3336 4476 3471 4544 sunt
3493 4468 3755 4544 Spiritus

2099 4486 2391 4544 prioribus
2424 4486 2578 4526 tuere
2610 4486 2998 4540 temporibus,
3032 4486 3302 4539 ejusdem
3336 4486 3471 4523 sunt
3493 4486 3533 4524 δ
3580 4486 3755 4525 tritus

2097 4542 2554 4600 sanctificatione
2587 4540 2861 4613 vegetati,
2884 4546 2942 4597 et
2972 4541 3096 4596 sine
3119 4540 3225 4613 hac
3250 4539 3437 4613 gratia
3460 4486 3627 4595 nulla
3648 4558 3758 4595 un-

2097 4632 2273 4687 quam
2303 4615 2578 4687 instituta
2612 4611 3225 4687 sacramenta,_nulla
3260 4611 3412 4687 'sunt
3454 4612 3753 4687 celebrata

2100 4682 2393 4759 mysteria,
2426 4686 2706 4759 ut_eadem
2749 4700 2980 4759 semper
3019 4683 3193 4739 fuerit
3229 4685 3404 4739 virtus
3442 4682 3757 4759 charisma-

2095 4754 2237 4825 tum,
2271 4756 2538 4829 quamvis
2579 4772 2688 4812 non
2726 4754 3126 4829 eademfuerit
3160 4771 3421 4811 mensura
3448 4754 3752 4829 donorum.

2103 4829 2218 4899 Ipsi
2251 4826 2483 4899 quoque
2522 4828 2675 4883 beati
2713 4826 2971 4898 Apostoli
3011 4834 3137 4881 ante
3173 4828 3482 4899 passionem
3526 4827 3757 4882 Domini

2101 4898 2303 4956 sancto
2336 4898 2553 4970 spiritu
2585 4916 2695 4954 non
2721 4900 3008 4965 carebant,
3033 4914 3136 4953 nec
3155 4898 3412 4968 potentia
3434 4898 3613 4970 hujus
3638 4900 3755 4954 vir-

2098 4972 2244 5027 tutis
2276 4972 2472 5043 aberat
2502 4971 2574 5027 ab
2605 4971 2879 5043 Operibus
2908 4970 3244 5043 Salvatoris.
3268 5010 3297 5043 γ.
3344 5011 3357 5024 .
3394 5012 3408 5025 .
3433 5009 3457 5043 Α.
3504 4970 3618 5025 Sed
3668 4970 3761 5026 illi

2101 5042 2460 5115 perfectioni,
2492 5060 2619 5114 quae
2646 5040 2775 5115 erat
2805 5040 3109 5115 discipulis
3134 5040 3513 5115 conferenda,
3565 5044 3763 5113 major

2099 5112 2291 5186 gratia
2338 5124 2390 5171 et
2431 5112 2823 5170 abundantior
2879 5112 3185 5180 inspiratio
3241 5113 3611 5180 servabatur,
3656 5112 3768 5185 per

2098 5202 2277 5257 quam
2310 5191 2367 5241 et
2396 5203 2525 5257 quas
2557 5186 2819 5257 nondum
2851 5187 3217 5254 acceperant,
3244 5188 3551 5239 sumerent
3571 5191 3634 5257 et
3665 5201 3771 5241 ex-

2099 5256 2402 5314 cellentius
2422 5256 2675 5330 possent
2704 5256 2915 5330 habere
2946 5271 3079 5330 quis
3100 5263 3563 5330 sumpserant.»
3588 5256 3678 5330 Cf.
3706 5263 3774 5330 et

2098 5334 2365 5402 Beccum,
2400 5326 2491 5402 0r.
2524 5330 2590 5384 de
2619 5346 2731 5384 una
2762 5328 2900 5383 Eccl.
2922 5343 2987 5402 _c._
3014 5327 3084 5380 68
3111 5326 3293 5402 (G._0,
3325 5326 3395 5402 ll,
3427 5326 3561 5402 220,
3600 5328 3775 5402 221),

2097 5402 2181 5472 Ἐξ
2227 5395 2356 5455 ὅτου)
2400 5401 2500 5473 γὰρ
2557 5403 2637 5471 τῷ
2688 5395 3246 5473 πρωτοπλάστῳ’ῌεῖς
3295 5396 3499 5473 -ψυχῇν
3578 5395 3774 5473 ζῷστὶύ

2096 5467 2244 5547 stripe
2272 5475 2368 5527 τοῦ
2388 5467 2883 5547 -Ᾱῄμιούργοῧντος
2914 5467 3240 5547 ἐγξφυὰήθη,
3292 5467 3582 5547 Statii—opai;
3632 5468 3774 5547 Birt:-

2098 5538 2679 5619 Snplat;_ta_t'ic'rspov:
2739 5547 2858 5619 τοῖς
2929 5538 3099 5619 digium
3134 5538 3595 5619 ⁷κᾳταπείφξοςλῑηκε
3672 5543 3771 5615 (τὸ

2097 5610 2399 5689 Πῦζ)’νάλλ’
2430 5610 2603 5689 ὅμῷέ·
2639 5614 2685 5689 εξ
2732 5613 2822 5669 καὶ
2852 5610 3088 5689 πολᾏοῖς
3128 5610 3219 5668 καὶ
3276 5610 3557 5673 nonem
3589 5610 3768 5670 κει-ἐα-

2094 5684 2722 5762 πεῴᾳίτηῃνέούδεμία
2772 5689 2880 5762 τῷν
2935 5685 3113 5742 αὐτῶν
3142 5703 3456 5758 παρουσιων
3492 5689 3771 5762 περιττή.

2198 5760 2252 5832 4)
2282 5760 2425 5817 Vide
2454 5758 2484 5832 §
2515 5763 2568 5829 5,
2600 5758 2799 5816 notam
2828 5759 2885 5816 2.
