4058 6216
281 384 398 445 653

999 383 1104 441 DE
1147 380 1209 440 S.
1258 380 1455 442 SPIR.
1502 383 2039 447 MYSTAGOGIA.
2095 417 2163 428 —
2204 382 2983 447 ANIMADVERSIONES.

3564 398 3683 458 ιδι

278 520 347 576 ad
370 519 551 575 robur
578 518 637 573 et
664 514 1059 588 operationem
1081 514 1596 588 ostensionemque
1620 516 1923 589 signorum
1949 518 2006 586 Α
2032 516 2283 588 Spiritus
2312 516 2491 585 Patri,
2524 516 2665 589 quia
2696 532 2764 573 ex
2793 517 2917 590 ipso
2938 522 3223 593 procedit,
3251 540 3367 581 non
3392 539 3526 583 vero
3550 530 3688 600 quia

278 625 310 665 e
336 607 498 665 costis
547 603 852 677 discipulis
895 604 1118 661 eisdem
1150 603 1383 661 misisse
1434 605 1635 662 fertur.
1667 605 1830 669 Quod
1860 623 1931 663 ex

281 698 386 754 hoc
434 696 662 769 liquido
692 698 936 766 apparet
966 710 982 748 :
1016 696 1297 764 praesente
1342 692 1567 751 Christo
1598 712 1726 751 raro
1758 696 1928 766 signa

280 787 574 843 faciebant
602 784 731 857 ejus
759 781 1071 854 discipuli:
1105 798 1222 854 quo
1252 782 1311 838 in
1345 782 1551 839 ctslum
1583 784 1832 841 abeunte
1861 802 1929 841 ac

280 879 554 933 mittente
600 873 886 945 Spiritum
936 888 1036 944 per
1079 888 1289 928 manus
1334 872 1733 945 apostolorum
1766 873 1932 945 signa

282 967 504 1022 fiebant
548 963 687 1035 (Aet.
720 978 783 1031 ιι,
814 962 945 1031 lt3);
985 962 1140 1017 unde
1172 961 1231 1016 in
1290 961 1481 1033 specie
1530 961 1685 1034 ignis
1716 964 1931 1019 missus

282 1054 519 1121 dicitur,
542 1057 607 1107 ut
635 1067 734 1107 eos
764 1051 861 1121 qui
892 1049 1086 1106 adhuc
1116 1050 1284 1121 quasi
1309 1049 1489 1106 limus
1518 1055 1705 1120 erant,
1725 1051 1929 1109 molles

279 1144 625 1201 exsistentes
655 1139 1058 1196 corroboraret
1090 1144 1269 1211 atque
1295 1140 1671 1197 confirmaret
1701 1182 1715 1197 .
1751 1181 1766 1197 .
1804 1182 1817 1197 .
1848 1142 1931 1197 Ex

277 1232 368 1288 his
398 1231 583 1303 igitur
614 1228 1134 1285 manilestumesse
1163 1233 1375 1299 potest,
1397 1230 1552 1301 quod
1585 1246 1699 1286 non
1729 1230 1807 1287 sit
1834 1247 1927 1287 ve-

275 1323 489 1381 cordiae
521 1338 710 1394 neque
740 1320 1173 1391 imprudentiae,
1206 1320 1251 1375 si
1282 1320 1416 1392 quis
1446 1320 1601 1377 dicat
1628 1321 1927 1378 Christum

276 1411 584 1484 discipulis
613 1416 755 1466 tunc
800 1409 1078 1481 Spiritum
1110 1409 1359 1477 dedisse,
1392 1411 1627 1481 quando
1675 1414 1810 1482 post
1840 1426 1932 1467 re-

275 1502 703 1559 surrectionem
732 1499 817 1555 eis
869 1499 1017 1555 dixit
1048 1516 1063 1556 :
1090 1498 1334 1570 Accipite
1356 1498 1627 1571 Spiritum
1652 1508 1927 1567 sanctum,

274 1607 410 1648 cum
443 1588 821 1647 scientissimi
863 1589 1201 1645 Graaeorum
1250 1588 1543 1660 iidemque
1571 1588 1928 1646 sanctissimi

279 1682 389 1736 hoc
438 1677 967 1751 comprobaverint,
1000 1682 1066 1734 ut
1114 1682 1411 1735 ostensum
1444 1682 1569 1748 est;
1622 1695 1793 1751 porro
1824 1694 1927 1735 no-

277 1771 378 1826 stri
412 1770 691 1841 temporis
725 1768 987 1824 homines
1018 1783 1274 1824 errorem
1306 1767 1416 1823 hoc
1446 1772 1721 1840 reputant
1756 1771 1812 1824 et
1841 1768 1931 1823 in-

2037 605 2575 676 consubstantialis,
2608 606 2737 662 ideo
2789 610 3106 681 procedens
3154 612 3276 685 (7)],
3321 615 3564 687 proinde
3611 618 3683 673 ad

2043 696 2470 767 processionem
2531 695 2729 751 referri
2801 704 3048 768 possunt
3105 710 3166 757 ut
3240 703 3313 758 ad
3391 704 3685 777 principa-

2038 784 2323 841 lissimam
2363 800 2616 843 causam.
2650 786 2763 841 Sed
2809 803 2914 844 nec
2961 790 3139 845 semel
3180 791 3396 847 dicitur
3432 793 3685 866 Spiritus

2039 879 2278 931 sanctus
2310 892 2379 931 ex
2406 873 2548 931 Filio
2581 877 2910 947 procedere,
2945 894 3128 950 neque
3151 879 3211 935 in
3244 881 3464 949 Bibliis,
3498 901 3687 956 neque

2039 966 2193 1036 apud
2217 966 2420 1021 Patres
2445 982 2459 1034 ;
2485 965 2729 1037 proinde
2754 965 2962 1037 ingens
2984 972 3074 1023 est
3093 969 3435 1040 disparitas;
3461 972 3685 1031 nullum

2038 1054 2207 1110 nobis
2232 1054 2333 1124 jus
2364 1055 2621 1127 suppetit
2640 1055 3031 1127 processionis
3058 1073 3127 1113 ex
3158 1058 3300 1116 Filio
3332 1064 3683 1135 astruendte,

2039 1159 2226 1215 neque
2266 1143 2327 1199 id
2374 1158 2442 1199 ex
2488 1143 2681 1199 verbis
2723 1144 2859 1197 κατὰ
2903 1142 3068 1219 ῥητὸν
3098 1146 3153 1202 id
3198 1165 3314 1203 non
3355 1149 3681 1209 dicentibus

2039 1232 2169 1288 elici
2201 1237 2409 1304 potest.
2433 1233 2647 1288 Verum
2698 1234 2822 1289 alia;
2870 1236 3082 1290 adsunt
3115 1236 3365 1294 rationes
3412 1240 3485 1295 ob
3535 1257 3681 1313 quas

2039 1322 2263 1378 dicatur
2304 1322 2553 1395 Spiritus
2608 1322 2734 1377 Filii
2767 1323 2856 1379 vel
2888 1323 3127 1392 Christi,
3160 1344 3353 1399 eaeque
3385 1330 3551 1387 variae
3586 1348 3600 1386 :
3636 1332 3682 1404 Ι)

2040 1412 2180 1483 quia
2234 1412 2753 1468 consubstantialis
2820 1417 2909 1469 est
2967 1413 3133 1485 Filio,
3192 1419 3266 1488 Il)
3321 1420 3457 1489 quia
3514 1418 3684 1493 ungit

2039 1500 2356 1569 Christum,
2388 1501 2509 1570 ΙΙΙ),
2542 1501 2682 1572 quia
2712 1507 2908 1557 manet
2938 1518 3114 1574 super
3138 1505 3328 1576 ipsum
3362 1512 3418 1563 et
3447 1508 3506 1564 in
3528 1509 3683 1581 ipso.

2038 1592 2120 1644 En
2151 1589 2297 1645 duas
2326 1606 2508 1648 novas
2542 1590 2800 1646 rationes
2848 1591 3025 1658 addit,
3059 1610 3184 1664 quis
3218 1611 3330 1650 non
3376 1597 3447 1652 ad
3492 1597 3683 1669 ipsam

2041 1677 2428 1748 divinitatem,
2459 1680 2559 1735 sed
2594 1680 2663 1734 ad
2693 1679 3119 1738 humanitatem
3153 1682 3367 1740 Christi
3390 1691 3684 1757 spectant,

2041 1785 2411 1842 quarumque
2472 1770 2849 1841 posteriorem
2896 1771 3023 1841 jam
3074 1789 3200 1844 cap.
3262 1773 3332 1827 85
3384 1776 3688 1835 occasione

280 1859 534 1930 saniem,
567 1874 670 1931 pro
701 1874 768 1916 eo
800 1857 1014 1927 solum,
1039 1858 1194 1929 quod
1225 1857 1476 1930 Spiritus
1506 1858 1935 1930 processionem
1966 1848 2015 1915 B
2046 1857 2255 1914 Graecis
2286 1858 2566 1914 versionis
2600 1858 2961 1928 Dialogorum
2990 1858 3249 1932 Gregorii
3278 1864 3492 1936 Magni,
3516 1867 3687 1939 cujus

283 1967 349 2007 ex
378 1948 523 2005 Filio
550 1948 777 2005 abolere
809 1952 1119 2005 conantur.

341 2040 433 2093 20.
487 2038 762 2094 Eamdem
813 2036 1116 2093 materiam
1167 2053 1374 2095 rursus
1420 2044 1614 2095 versat
1663 2037 1932 2109 Photius,

274 2146 327 2185 c.
354 2127 557 2195 90-94,
589 2127 689 2182 ubi
722 2126 1011 2198 imprimis
1051 2126 1127 2197 (c.
1159 2127 1250 2198 90)
1281 2126 1472 2183 varias
1497 2144 1567 2183 ex
1613 2127 1931 2199 Scripturis

275 2216 559 2273 formulas
571 2215 785 2288 colligit
797 2215 1188 2288 ,quibus[203]
1204 2215 1458 2288 Spiritus
1471 2220 1708 2274 sanctus
1721 2218 1933 2273 dicitur

279 2306 537 2378 Spiritus
568 2306 693 2373 Dei,
728 2304 985 2377 Spiritus
1006 2304 1240 2360 Domini
1270 2305 1370 2376 (5),
1404 2304 1683 2376 Spiritus,
1717 2305 1814 2378 qui
1866 2322 1935 2362 ex

279 2395 396 2452 Deo
429 2400 542 2465 est,
565 2394 818 2467 Spiritus
850 2393 1049 2459 Patris,
1076 2393 1328 2467 Spiritus
1360 2394 1699 2451 suscitantis
1728 2394 1932 2451 Jesum

274 2485 603 2555 Christum,
634 2484 888 2555 Spiritus
931 2483 1167 2551 Christi,
1199 2482 1447 2553 Spiritus
1491 2483 1648 2553 Filii,
1678 2488 1785 2541 etc.
1834 2483 1932 2555 (6).

272 2574 451 2631 Porro
483 2572 701 2646 pergit:
726 2572 881 2628 Nihil
902 2572 1110 2627 horum
1143 2572 1392 2628 declarat
1413 2589 1515 2644 per
1538 2588 1601 2629 se
1623 2578 1681 2629 et
1706 2574 1758 2627 vi
1782 2572 1933 2644 [204]

273 2663 586 2720 verborum
628 2661 1058 2735 processionem
1104 2660 1357 2731 Spiritus
1408 2663 1617 2727 sancti,
1650 2663 1938 2733 quemad-

281 2754 528 2808 modum
560 2753 739 2809 dictio
762 2767 1038 2823 expressa
1066 2750 1335 2822 :Spiritus
1362 2768 1397 2805 a
1419 2757 1593 2807 Patre
1619 2753 1936 2822 procedens.

283 2843 429 2897 Hinc
460 2842 702 2898 omnino
732 2840 1010 2896 differunt
1038 2839 1111 2894 ab
1143 2840 1255 2895 ista
1284 2838 1395 2895 illa:
1428 2839 1712 2896 formulae.
1746 2841 1804 2896 Si
1835 2858 1937 2898 au-

277 2935 398 2988 tem
433 2930 629 3003 quoad
657 2946 900 2987 sensum
931 2928 1217 3001 ejusmodi
1260 2928 1615 2985 dictionibus
1646 2930 1939 3001 processio

276 3019 530 3076 indicari
568 3019 815 3086 dicatur,
850 3017 931 3075 nil
972 3018 1083 3074 hoc
1115 3018 1478 3075 adversarios
1518 3019 1687 3091 juvat
1718 3022 1787 3090 (c.
1818 3021 1932 3090 91).

277 3110 512 3167 Etenim
553 3126 690 3166 eum
734 3108 1057 3166 sexcenties
1116 3109 1233 3164 fere
1279 3108 1506 3163 dicatur
1560 3108 1818 3181 Spiritus
1867 3127 1936 3166 ex

280 3206 452 3258 Patre
491 3202 821 3272 procedere,
854 3204 1093 3274 possent
1138 3216 1277 3256 sane
1324 3200 1586 3257 formulae
1632 3218 1645 3257 :
1686 3202 1935 3274 Spiritus

276 3292 401 3352 Dei,
436 3290 698 3362 Spiritus
730 3290 916 3346 Patris
948 3291 1017 3347 ad
1040 3289 1469 3361 processionem
1505 3292 1937 3363 quodammodo

278 3380 485 3435 referri
506 3382 793 3452 tanquam
816 3381 888 3436 ad
920 3378 1169 3451 primam
1201 3382 1260 3434 et
1279 3379 1633 3451 praecipuam
1666 3380 1937 3439 dictionis

280 3469 601 3535 rationem,
634 3485 736 3540 per
766 3486 828 3525 se
858 3470 929 3525 ad
963 3468 1640 3525 consubstantialitatem
1673 3470 1937 3527 referun-

280 3563 424 3627 tur;
479 3559 580 3615 sed
645 3557 1229 3615 consubstantialitas
1278 3557 1531 3630 Spiritus
1576 3559 1762 3615 sancti
1803 3576 1936 3615 cum

281 3646 456 3704 Patre
511 3648 575 3702 in
626 3646 992 3719 processione
1042 3647 1325 3703 fundatur
1393 3647 1939 3719 [consubstantialis

350 3815 436 3887 (5)
464 3816 613 3870 Cum
653 3812 856 3887 Κυρίου
887 3832 1101 3890 nomen
1152 3817 1514 3890 appropriari
1564 3817 1747 3874 soleat
1795 3817 1938 3874 Filio

281 3887 657 3960 (Gr_eg._Naz.
702 3892 850 3960 orat.
881 3889 971 3960 23,
1006 3905 1063 3959 p.
1113 3887 1245 3957 420,
1269 3887 1356 3945 29ζ
1391 3906 1448 3960 p.
1497 3890 1623 3957 490,
1668 3890 1821 3945 unde
1849 3908 1939 3943 κυ-

284 3955 556 4032 ριολόγῄι-
577 3959 730 4032 apud
761 3955 1107 4032 Theologos)
1142 3955 1655 4032 Spiritus—Domini
1674 3977 1938 4017 commu-

284 4029 809 4103 niter’Theologis
864 4036 951 4086 est
988 4029 1256 4100 Spiritus
1318 4031 1465 4087 Filii.
1526 4034 1714 4099 Quare
1769 4037 1938 4103 Hugo

285 4100 549 4173 Ether.l.
571 4117 644 4173 _n,
674 4100 844 4173 c.'20,
877 4118 932 4173 p.
972 4103 1107 4156 1236
1141 4119 1154 4157 :
1192 4124 1219 4153 ‹‹
1252 4104 1305 4158 Is
1333 4104 1488 4159 idem
1538 4106 1689 4160 sicut
1717 4104 1820 4159 Dei
1850 4100 1938 4158 di-

282 4173 439 4228 citur
481 4171 758 4242 Spiritus,
802 4171 893 4227 ita
939 4177 1003 4245 et
1039 4175 1273 4245 Domini
1293 4174 1535 4245 Spiritus
1580 4175 1936 4239 nominatur,

283 4246 382 4300 sed
419 4260 538 4299 non
584 4245 958 4300 convertitur.
993 4244 1220 4301 Etenim
1263 4244 1398 4302 licet
1428 4246 1582 4302 Deus
1616 4248 1786 4302 Pater
1815 4246 1938 4316 Spi-

280 4316 429 4371 ritus
453 4316 629 4388 juxta
683 4316 916 4371 Domini
963 4332 1163 4373 vocem
1214 4323 1540 4387 censeatur,
1572 4318 1819 4388 Spiritus
1865 4319 1944 4373 est

283 4387 705 4459 Deus.5piritus
727 4404 962 4459 quoque
984 4393 1041 4444 et
1062 4389 1245 4444 Filius
1280 4390 1375 4445 Dei
1407 4387 1730 4446 secundum
1757 4388 1941 4443 illud:

2041 1948 2219 2004 verba
2242 1946 2614 2018 allegaverat,
2647 1947 2881 2003 uberius
2909 1946 3239 2006 illustravit.
3274 1951 3417 2008 Hinc
3447 1960 3686 2013 conten-

2041 2036 2125 2091 dit
2182 2039 2255 2105 (ο.
2286 2036 2375 2090 93.
2421 2036 2533 2106 94),
2564 2034 2723 2091 aliud
2782 2051 2911 2092 esse
2963 2037 3239 2109 Spiritum
3290 2041 3431 2097 Filii
3472 2043 3685 2112 dicere,

2041 2125 2199 2180 aliud
2232 2125 2509 2195 Spiritum
2543 2124 2797 2186 Christi;
2827 2124 3042 2181 Christi
3073 2127 3328 2199 Spiritus
3360 2130 3576 2187 dicitur
3599 2138 3689 2189 ut-

2042 2219 2175 2287 pote
2199 2214 2486 2285 inungens
2508 2212 2827 2283 Christum,
2846 2214 2947 2270 sed
2971 2216 3300 2287 angebatur
3319 2217 3608 2292 Christus,
3628 2230 3689 2277 ut

2042 2305 2238 2372 homo,
2265 2301 2414 2374 [205]
2438 2318 2548 2357 non
2579 2306 2643 2357 ut
2672 2303 3046 2367 Deus.Quare
3065 2304 3167 2376 qui
3197 2308 3689 2381 arguit:Spiritus

2043 2395 2257 2451 dicitur
2286 2394 2519 2462 Christi,
2544 2410 2678 2467 ergo
2719 2411 2789 2451 ex
2835 2395 3063 2453 Christo
3089 2400 3363 2467 procedit,
3398 2400 3447 2456 is
3475 2418 3542 2457 ex
3575 2402 3692 2460 hu-

2043 2483 2325 2541 manitate
2362 2483 2577 2539 Christi
2622 2484 2934 2555 procedere
2991 2486 3296 2559 Spiritum,
3328 2488 3379 2545 is
3422 2490 3692 2549 humani-

2042 2577 2220 2629 tatem
2276 2570 2571 2627 divinitati
2623 2573 3178 2631 consubstantialem
3236 2592 3360 2634 esse
3406 2578 3693 2640 horrendo

2044 2678 2236 2719 errore
2265 2661 2490 2719 asserit.
2523 2662 2670 2718 Cum
2707 2679 2838 2719 vero
2873 2668 2955 2721 tot
3004 2665 3259 2723 rationes
3291 2678 3508 2739 queant
3538 2673 3692 2728 assi-

2044 2752 2233 2823 gnari,
2267 2752 2338 2808 ob
2389 2768 2536 2824 quas
2582 2752 2836 2824 Spiritus
2884 2754 3097 2811 dicitur
3149 2756 3278 2811 Filii
3317 2758 3404 2814 vel
3456 2759 3693 2831 Christi,

2038 2842 2164 2914 jam
2205 2841 2438 2897 eliditur
2483 2846 2899 2913 argumentum
2950 2844 3306 2915 Latinorum,
3338 2864 3446 2919 quo
3495 2849 3695 2907 dictio-

2045 2946 2181 2987 nem
2228 2930 2562 3002 hujusmodi
2620 2930 2853 2986 nonnisi
2903 2932 2976 2987 ad
3024 2934 3449 3004 processionem
3496 2939 3696 2996 referri

2044 3036 2216 3091 posse
2264 3023 2553 3076 statuunt.
2589 3019 2710 3076 Imo
2742 3036 2877 3076 vero
2906 3035 3040 3077 cum
3070 3038 3169 3093 per
3194 3040 3254 3079 se
3281 3028 3333 3079 et
3381 3024 3695 3083 immediate

2049 3124 2234 3180 neque
2301 3125 2468 3165 voces
2542 3110 2762 3179 Πνεῦμα
2830 3111 2986 3177 Θεοῦ,
3044 3114 3138 3167 Πν.
3202 3112 3409 3187 [ἰατρὸς
3467 3132 3694 3185 procas-

2044 3200 2263 3256 sionem
2292 3200 2509 3267 dicant,
2534 3198 2590 3254 id
2615 3200 2795 3256 multo
2823 3201 3021 3257 minus
3052 3203 3122 3257 de
3149 3202 3269 3258 illis
3292 3206 3510 3275 Πνεῦμα
3542 3204 3690 3262 Υἱοῦ.

2048 3294 2146 3344 Πν.
2178 3289 2415 3361 Χριστοῦ
2446 3286 2688 3359 cogitari
2732 3288 2922 3355 debet,
2956 3288 3055 3345 ubi
3094 3290 3318 3347 nullum
3345 3293 3509 3349 adest
3559 3295 3693 3350 fun-

2047 3379 2383 3435 damentum
2428 3376 2740 3447 ejusmodi,
2774 3377 2873 3432 ubi
2907 3382 3208 3449 praemissa
3247 3380 3406 3437 nulla
3452 3382 3695 3440 habetur

2047 3483 2115 3523 ea
2136 3465 2485 3522 certitudine
2504 3465 2755 3537 fulgens,
2779 3482 2894 3537 qua
2915 3466 3196 3525 divinitus
3217 3468 3467 3526 revelata
3486 3472 3698 3541 gaudet

2048 3554 2371 3628 propositio
2428 3570 2441 3608 :
2497 3554 2754 3626 Spiritus
2785 3572 2854 3611 ex
2897 3555 3064 3613 Patre
3113 3559 3393 3631 procedit,
3430 3560 3528 3616 ubi
3559 3577 3697 3617 con-

2048 3641 2518 3699 substantialitas
2565 3658 2680 3699 non
2740 3660 2904 3715 teque
2948 3644 3008 3700 in
3059 3647 3425 3717 processione
3484 3649 3694 3706 funda-

2047 3814 2288 3887 (l1_Tess.
2313 3830 2375 3870 ιι.
2407 3815 2565 3887 8),ut
2586 3814 2800 3871 Paulus
2831 3815 3151 3886 dicit,quod
3176 3818 3246 3873 de
3267 3818 3463 3875 anima
3479 3819 3696 3877 Christi

2048 3885 2245 3967 nullus
2277 3885 2602 3968 intelligere
2634 3895 2968 3968 praesumat.
2999 3885 3144 3943 Nam
3181 3889 3289 3968 illa
3328 3891 3401 3968 in
3432 3893 3693 3968 eojquod

2049 3960 2243 4033 anima
2274 3964 2603 4033 esl,‘n_eque
2632 3958 2907 4012 interficit
2936 3973 3123 4029 neque
3154 3960 3411 4033 destruit
3450 3958 3692 4033 aliquid.

2047 4029 2359 4101 Reliquum
2394 4028 2570 4099 igitur
2599 4033 2707 4101 est,
2741 4033 2804 4083 ut
2832 4034 3036 4085 sancto
3066 4030 3306 4101 Spiritui
3331 4028 3697 4089 solummodo

2048 4100 2401 4175 a_ttribu_atur
2433 4102 2557 4175 hoc.
2594 4100 2716 4164 Qua
2753 4115 2821 4155 ex
2866 4116 2928 4156 re
2978 4100 3349 4175 manifestum
3399 4110 3508 4173 est,
3541 4105 3696 4175 quod

2047 4172 2197 4227 sicut
2248 4171 2432 4226 Filius
2473 4171 2544 4225 de
2592 4175 2761 4226 Patre
2794 4187 2893 4240 per
2930 4172 3295 4229 nativitatem
3342 4171 3588 4240 exsistit,
3620 4178 3701 4232 ita

2044 4243 2298 4315 Spiritus
2344 4241 2608 4316 ex_Patre
2657 4246 2714 4298 et
2745 4243 2884 4316 Filio
2920 4259 3017 4314 per
3048 4246 3500 4316 processionem.
3533 4247 3695 4311 Quod

2054 4313 2274 4388 iterum
2301 4318 2358 4369 et
2386 4313 2471 4369 sic
2504 4315 2812 4388 monstrari
2845 4313 3333 4388 potesthpiritus
3355 4318 3471 4374 oris
3489 4318 3699 4375 Christi

2055 4404 2124 4442 ex
2145 4385 2373 4459 Christo
2398 4386 2675 4459 procedit,
2699 4385 2870 4456 cujus
2893 4387 2974 4459 rei
3006 4385 3240 4459 signum
3264 4394 3351 4445 est
3375 4390 3697 4446 insufﬂatio

283 4458 540 4529 Spiritus
569 4462 697 4540 ante
725 4456 1228 4554 [apifm‘veslramc
1247 4460 1503 4554 C‘léristui
1539 4462 1799 4554 D'ominus
1829 4460 1941 4554 (gi-
1976 4489 2028 4554 D
2174 4456 2852 4554 iacieom.ti‘iseipulo‘i'um
2902 4456 3089 4554 facta}
3132 4459 3542 4554 scil..SpiLritLus
3574 4461 3698 4554 cciris

281 4541 505 4587 cuntur
534 4530 806 4597 enim,'ut
836 4531 1052 4587 dictum
1085 4536 1172 4588 est
1203 4532 1230 4599 §
1260 4533 1345 4599 15,
1379 4549 1439 4587 ιι.
1469 4533 1524 4600 3,
1566 4531 1728 4588 Pater
1757 4540 1810 4588 et
1840 4531 1942 4586 Fi-

285 4602 403 4658 lius
441 4602 675 4675 spiritus
713 4603 1097 4675 essentialiter
1145 4603 1381 4675 nomine
1411 4605 1665 4674 accepto)
1700 4620 1714 4657 :
1755 4618 1941 4675 neque

280 4674 705 4746 tamenPater
758 4690 944 4745 neque
992 4674 1176 4731 Filius
1249 4674 1345 4729 Dei
1399 4677 1640 4746 Spiritus
1687 4674 1939 4742 dicitur;

282 4748 443 4801 sicut
494 4744 676 4816 igitur
727 4744 1016 4802 commune
1053 4750 1142 4802 est
1187 4746 1337 4801 Patri
1377 4744 1446 4802 et
1476 4746 1636 4815 Filio,
1668 4762 1780 4802 non
1832 4761 1944 4802 esse

278 4819 549 4889 spiritum
593 4817 854 4889 alicuius,
915 4817 1000 4873 sic
1048 4819 1344 4889 proprium
1388 4822 1478 4874 est
1521 4818 1799 4889 Spiritus,
1832 4833 1944 4874 esse

280 4886 583 4958 ambarum
615 4886 911 4958 Spiritum.
938 4910 966 4937 ››

359 4960 434 5029 (6)
469 4957 665 5014 Multos
690 4959 815 5032 alia:
840 4960 972 5032 addi
998 4963 1245 5032 possunt
1269 4958 1439 5027 hujus
1459 4960 1689 5032 generis
1718 4977 1946 5032 expres-

281 5031 585 5098 siones,ut
604 5030 850 5099 Spiritus
873 5031 1015 5087 Jesu
1037 5031 1389 5103 (Act,xv1,17)
1407 5030 1657 5103 spiritus
1677 5030 1944 5088 veritatis

281 5105 475 5175 (locu.
500 5118 597 5171 xv,
628 5102 717 5170 26)
738 5103 990 5173 Spiritus
1021 5101 1389 5175 orisiDomini
1410 5101 1549 5159 Jesu
1583 5104 1653 5175 (11
1677 5104 1853 5161 Thess.
1880 5121 1942 5173 ιι,

278 5178 362 5245 8).
396 5173 563 5247 Hanc
603 5175 983 5247 posteriorem,
1017 5174 1447 5247 dictionemita
1495 5173 1750 5247 illustrat
1781 5175 1944 5247 Hugo

279 5243 639 5318 Etherianus
671 5243 710 5300 l.
742 5260 899 5318 οτι-ει
930 5245 1092 5318 Sicut
1121 5245 1269 5318 inter
1290 5245 1559 5318 illos,qui
1588 5263 1657 5302 ex
1688 5247 1804 5303 Deo
1829 5243 1943 5302 nali

281 5323 451 5383 sunt,
484 5316 678 5389 solum
710 5317 809 5372 Dei
832 5315 1085 5373 Verbum
1108 5317 1181 5373 de
1206 5321 1365 5375 utero
1386 5315 1513 5389 ejus
1535 5319 1794 5389 genitum
1818 5334 1946 5374 esse

283 5388 752 5463 pronuntiatur:
787 5389 869 5463 ita
894 5389 1062 5463 inter
1105 5389 1344 5463 spiritus
1375 5392 1469 5463 Dei
1508 5388 1944 5463 solusASpiritus

284 5460 536 5518 sanctus
584 5460 649 5515 de
694 5475 789 5517 ore
820 5460 953 5516 Filii
984 5461 1216 5531 prodire
1254 5462 1525 5517 creditur.
1560 5460 1756 5517 Verbo'
1788 5460 1943 5517 enim

282 5534 521 5590 Domini
540 5530 666 5587 caeli
693 5533 905 5604 ﬁrmati
929 5530 1059 5604 sunt
1095 5541 1147 5589 et
1200 5534 1404 5604 spiritu
1445 5535 1560 5588 oris
1602 5534 1720 5603 eius
1749 5532 1946 5602 (Verbi

285 5605 525 5676 scilicet,
544 5602 712 5676 juxta
742 5603 1112 5676 Apostolum)
1142 5602 1321 5676 omnis
1350 5604 1522 5659 virtus
1558 5620 1749 5676 eorum
1774 5604 1943 5671 (Psal.

285 5693 470 5742 χχχιι,
503 5675 584 5747 6).
618 5674 738 5748 Isto
769 5674 988 5748 Spiritu
1023 5675 1122 5732 ille
1144 5675 1384 5747 iniquus
1413 5675 1806 5748 Antichristus
1837 5676 1947 5732 dis-

289 5749 594 5818 perdetur,
610 5747 750 5819 quia
771 5746 1087 5804 «Dominus
1115 5748 1273 5819 Iesus
1286 5746 1583 5819 interﬁciet
1604 5763 1729 5803 eum
1744 5749 1948 5819 spiritu

291 5816 411 5877 oris
465 5819 559 5875 sui
626 5816 687 5875 ξι
759 5821 1005 5878 destruet
1074 5816 1454 5878 illustrations
1517 5816 1784 5878 adventus
1858 5819 1949 5876 sui

2064 4529 2272 4604 Christi
2296 4528 2550 4604 Spiritus
2571 4534 2809 4604 sanctus
2838 4534 2927 4584 est
2950 4549 2963 4599 ;
2985 4547 3166 4604 unum
3184 4528 3354 4604 enim
3381 4532 3555 4604 habet
3574 4533 3699 4604 Spi-

2053 4602 2228 4674 ritum
2262 4600 2857 4674 cionsubstantialiter,
2888 4608 2951 4674 ut
2981 4601 3081 4674 Dei
3111 4602 3310 4674 Filius,
3334 4618 3449 4658 non
3483 4600 3695 4674 plures.

2051 4672 2525 4746 Itaque‘Spiritus
2555 4678 2889 4746 sanctusex
2922 4672 3147 4746 Christo
3186 4673 3287 4728 Dei
3325 4672 3697 4746 Filioi‘proce-

2052 4743 2167 4801 dit.‘
2191 4767 2219 4795 »
2252 4743 2451 4798 Notari
2481 4743 2669 4815 debet,
2702 4743 2917 4798 additis
2957 4744 3190 4798 Patrum
3233 4743 3693 4815 expositionibus

2052 4833 2119 4872 ex
2150 4815 2438 4887 ejusmodi
2481 4814 2793 4887 locutionem
2822 4814 3317 4887 non_incongrua’
3351 4822 3697 4887 argumenta

2053 4884 2257 4943 confici
2305 4886 2408 4953 (Cf.
2458 4885 2900 4957 Anastas.Syn.
2930 4884 2997 4940 de
3024 4884 3373 4956 reetfdogm.
3419 4884 3574 4944 hanc
3634 4890 3694 4944 in

2055 4976 2177 5015 rem
2209 4958 2279 5012 ab
2300 4958 2531 5012 Andrea
2560 4956 2815 5024 Rhod,in
2840 4972 3002 5012 conc.
3036 4958 3183 5014 Flor.
3208 4975 3355 5015 sese.
3378 4976 3485 5027 vn;
3517 4961 3692 5017 Hard.

2056 5033 2156 5099 IX,
2210 5029 2381 5083 93-96
2454 5027 3215 5099 allegatumsTheodorum
3287 5030 3554 5087 Raithen.
3633 5032 3695 5087 in

2054 5097 2323 5174 epi'gr._l,
2359 5116 2392 5155 a
2440 5099 2755 5174 Becco‘Gr.
2791 5097 2850 5154 0.
2895 5100 2976 5174 All,
3009 5101 3132 5166 531,
3166 5101 3504 5174 adductum,
3555 5104 3694 5159 Bec-

2055 5170 2190 5229 cum
2248 5171 2441 5246 ipsum
2484 5170 2558 5246 Δἰιι
2618 5170 2835 5246 Carpat.
2867 5170 3050 5246 duim,
3076 5189 3125 5228 c.
3161 5172 3248 5246 18,
3300 5173 3402 5246 lib.
3437 5170 3507 5246 II,
3541 5175 3644 5229 328
3676 5192 3693 5243 ;

2055 5241 2558 5318 GeorgIMetochr
2588 5257 2647 5318 c._
2683 5241 2825 5318 dicit.
2861 5243 3077 5318 Cret._c.
3131 5244 3197 5299 13
3228 5263 3243 5313 ;
3307 5244 3419 5318 lib.
3442 5241 3504 5318 pi
3535 5241 3693 5313 1013,

2056 5316 2193 5389 1014
2216 5313 2284 5389 et
2310 5313 2455 5369 infra
2480 5315 2585 5367 art.
2620 5313 2735 5389 3l§
2759 5315 2816 5389 ᾗ,
2837 5318 2956 5369 not.
2993 5316 3064 5380 1.)
3094 5345 3163 5356 —-
3212 5317 3340 5389 Alia
3372 5313 3537 5389 plura
3568 5334 3697 5389 qum

2054 5388 2167 5460 huc
2198 5386 2526 5441 referuntur
2554 5400 2622 5439 ex
2649 5385 2876 5449 Bibliis,
2912 5402 3062 5441 same
3094 5388 3320 5459 exegesi
3354 5385 3550 5445 minus
3569 5385 3697 5460 pro-

2056 5459 2286 5532 bantur,
2321 5473 2507 5532 neque
2540 5472 2644 5512 nos
2665 5472 2733 5532 ea
2763 5472 3076 5532 curamus;
3111 5475 3312 5515 verum
3340 5460 3485 5516 haud
3513 5459 3696 5532 pauca

2055 5535 2196 5605 sunt
2224 5530 2305 5605 ita
2334 5526 2572 5605 Patrum
2605 5526 2999 5605 solemniusu
3030 5536 3282 5601 recepta,
3318 5535 3379 5586 ut
3421 5526 3694 5605 spernere

2055 5619 2122 5659 ea
2152 5601 2307 5656 haud
2354 5601 2438 5673 fas
2473 5600 2570 5667 sit,
2602 5616 2786 5672 eaque
2825 5598 3180 5673 plerumque
3212 5606 3269 5658 et
3312 5598 3521 5659 melius
3563 5602 3697 5657 fun-

2056 5674 2191 5730 data
2221 5672 2609 5743 reperiuntur.

2124 5744 2311 5873 (alga
2344 5744 2452 5802 hoc
2480 5744 2657 5803 altero
2698 5742 2960 5802 membro
2991 5743 3142 5802 infra
3171 5746 3278 5800 art.
3312 5743 3363 5814 4,
3398 5745 3455 5813 §§
3482 5743 3571 5814 20,
3603 5743 3694 5816 21,

2055 5831 2280 5891 agetur.

4041 1082 4043 1187 l
