4058 6216
218 387 338 446 457
945 384 1048 443 DE
1093 382 1153 443 S.
1203 383 1403 444 SPIR.
1451 378 1984 443 MYSTAGOGIA.
2030 412 2110 426 —-
2150 383 2892 450 ANIMADVERSIONES
3511 396 3630 456 458

212 514 598 589 ἐκπορεύεσθαι
654 513 716 571 Ex
763 515 977 591 Πατρὸς
1027 514 1092 569 τὸ
1150 518 1388 588 Πνεῦμα,
1437 516 1592 572 aliud
1627 515 1686 570 ἐκ
1736 520 1870 572 Θεοῦ

1995 520 2288 576 exclamat.
2343 543 2371 571 ‹‹
2425 522 2619 592 Neque
2663 525 2820 580 enim
2879 527 3206 585 sufﬁciebat
3260 530 3420 604 ipsis,
3475 539 3630 607 quod

214 605 281 660 τὸ
313 608 533 679 Πνεῦμα
558 606 696 676 dici,
731 611 905 677 atque
934 607 1016 662 ita
1047 605 1342 662 concludit
1375 623 1388 661 :
1417 627 1445 656 ιι
1476 604 1657 662 Multo
1691 607 1872 676 magis

213 697 445 752 veritati
467 711 792 752 consonum
825 700 938 762 est,
961 696 1222 766 ejusdem
1255 711 1386 750 cum
1418 695 1583 751 Patre
1603 696 1874 752 essentia:

213 785 410 841 dicere
467 785 777 857 Spiritum,
821 783 955 856 quia
1002 801 1073 840 ex
1115 789 1283 839 Patre
1331 789 1436 855 est,
1493 790 1551 840 et
1605 785 1871 855 ejusdem

214 875 487 932 essentia:
505 890 638 929 cum
671 873 836 939 Filio,
855 873 992 944 quia
1021 890 1121 944 per
1139 874 1366 939 Filium,
1392 889 1568 945 quam
1589 873 1872 945 Spiritum

213 963 348 1020 Filii
381 968 442 1018 et
459 979 559 1033 per
589 961 801 1018 Filium
833 962 1140 1030 Spiritum,
1164 963 1317 1034 quod
1351 963 1615 1033 ejusdem
1647 964 1873 1018 sitcum

211 1051 366 1108 Filio
397 1053 682 1108 assentire.
715 1051 915 1124 Neque
945 1052 1104 1108 enim
1137 1051 1274 1124 quia
1300 1051 1542 1121 ejusdem
1570 1067 1705 1108 cum
1731 1053 1874 1108 Filio

209 1144 475 1198 essentia:
517 1146 625 1212 est,
657 1141 786 1196 ideo
845 1145 904 1196 et
951 1140 1204 1212 Spiritus
1261 1140 1388 1196 Filii
1449 1145 1504 1196 et
1535 1157 1636 1213 per
1661 1141 1872 1197 Filium

211 1229 436 1286 dicitur
477 1229 998 1302 (quemadmodum
1051 1231 1150 1300 qui
1194 1230 1371 1300 hujus
1413 1230 1492 1286 rei
1533 1236 1877 1302 argumenta

210 1319 549 1375 hauserunt
593 1334 664 1375 ex
693 1317 898 1374 Photio
948 1323 1243 1390 nugantur
1290 1319 1397 1374 hoc
1436 1321 1741 1391 tempore),
1773 1321 1872 1375 sed

214 1409 359 1481 quia
390 1425 462 1464 ex
492 1407 665 1464 Patre
693 1425 799 1481 per
825 1407 1035 1464 Filium
1077 1407 1477 1464 exsistentiam
1513 1407 1706 1474 habet,
1739 1425 1880 1480 pro-

217 1503 423 1570 pterea
452 1502 511 1553 et
571 1497 826 1570 Spiritus
875 1497 1004 1553 Filii
1061 1502 1119 1553 et
1175 1497 1318 1553 Filio
1365 1497 1880 1554 consubstantialis

217 1592 313 1644 est
347 1588 490 1657 (15).
529 1608 557 1637 »
607 1586 898 1643 Postremo
948 1587 1163 1642 Beccus
1212 1585 1330 1642 illis
1361 1603 1488 1658 quae
1537 1586 1781 1644 Photius
1811 1602 1880 1642 ex

215 1678 482 1750 Spiritus
511 1679 691 1734 sancti
715 1694 894 1748 super
906 1677 1199 1734 Christum
1221 1677 1575 1750 baptizatum
1598 1679 1880 1736 descensu

214 1769 484 1834 deducit,
522 1767 717 1840 magni
761 1766 1061 1822 Athanasii
1104 1767 1381 1838 praeclara
1411 1767 1587 1823 verba
1616 1768 1880 1840 opponit,

211 1858 443 1933 quibus
501 1857 801 1914 declarat:
858 1880 886 1909 «ι
940 1860 1070 1929 Ipse
1126 1858 1432 1928 (Christus)
1479 1859 1763 1928 Spiritum
1812 1860 1883 1915 de

212 1948 366 2004 caelo
403 1947 566 2003 misit
595 1951 660 2002 ut
694 1951 863 2013 Deus,
887 1951 945 2002 et
972 1948 1101 2018 ipse
1131 1945 1298 2001 illum
1353 1947 1409 2001 in
1445 1952 1599 2003 terra
1627 1949 1883 2020 suscepit

213 2045 279 2095 ut
309 2039 498 2095 homo.
533 2042 617 2094 Ex
664 2037 779 2108 ipso
813 2037 1007 2108 itaque
1046 2036 1105 2091 in
1137 2036 1321 2107 ipsum
1373 2037 1782 2106 descendebat,
1817 2055 1884 2093 ex

215 2127 534 2183 divinitate
591 2125 777 2198 ipsius
832 2124 893 2181 in
951 2124 1381 2181 humanitatem
1439 2125 1628 2197 ipsius
1672 2128 1808 2200 (16).
1852 2148 1882 2177 »

214 2218 358 2285 Quae
392 2233 510 2272 non
534 2215 721 2271 solum
754 2215 902 2288 [209]
930 2215 1003 2270 ad
1034 2220 1371 2285 praesentem
1405 2213 1595 2271 Photii
1630 2215 1886 2287 disputa-

213 2307 444 2363 tionem
478 2305 708 2379 egregie
740 2305 982 2373 faciunt,
1015 2321 1215 2361 verum
1246 2308 1304 2361 et
1324 2321 1393 2361 ex
1424 2304 1568 2360 Filio
1599 2305 1883 2376 Spiritum

215 2412 346 2453 esse
397 2393 786 2451 Athanasium
836 2395 1130 2451 censuisse
1188 2395 1558 2466 persuadent.
1593 2394 1688 2450 Sic
1730 2393 1884 2450 idem

212 2483 583 2540 Athanasius
641 2483 781 2539 dicit
818 2482 1116 2539 Christum
1163 2487 1406 2538 unctum
1459 2500 1493 2538 a
1547 2482 1765 2553 Spiritu
1821 2488 1886 2538 ut

213 2572 548 2641 hominem,
587 2572 820 2628 dantem
852 2587 988 2628 vero
1025 2572 1220 2643 ipsum
1254 2570 1526 2627 ﬁdelibus
1558 2578 1620 2626 ut
1651 2570 1834 2626 Deum
1868 2588 1882 2639 ;

215 2663 609 2736 accipientem
641 2661 922 2734 Spiritum
943 2678 1046 2732 pro
1075 2666 1281 2718 natura
1312 2662 1599 2727 humana,
1623 2677 1887 2716 commu-

215 2752 522 2808 nicantem
553 2767 686 2808 vero
709 2751 982 2807 eumdem
1008 2767 1112 2822 pro
1133 2755 1345 2806 natura
1377 2749 1594 2805 divina.
1621 2749 1736 2804 Sed
1768 2749 1882 2817 his,

213 2840 364 2896 licet
398 2839 565 2912 plura
586 2840 884 2912 supersint
905 2840 1360 2907 dicenda,ﬁnem
1391 2839 1779 2909 imponamus,
1813 2853 1885 2894 ne

212 2929 376 2985 ﬁnes
409 2930 768 2985 tractationis
797 2929 976 2985 nimis
1006 2930 1374 2985 excedamus.
1409 2928 1517 2993 Qui
1563 2929 1633 2983 de
1666 2935 1883 3000 postre-

213 3034 311 3074 mo
347 3017 532 3073 dictis
563 3017 726 3089 plura
749 3018 931 3089 cupit,
951 3019 1119 3074 adeat
1144 3017 1270 3072 Nic.
1301 3017 1679 3073 Blemmidam
1709 3016 1789 3088 (ϐ.
1819 3017 1877 3073 0.

1983 609 2159 664 verba
2181 608 2409 665 Domini
2433 627 2608 682 prava
2621 614 2980 684 expositione
3002 625 3425 693 perverterunt,
3451 640 3638 696 neque

1983 699 2137 769 quod
2155 698 2385 769 pietatis
2400 716 2720 769 praeconem
2742 702 2798 756 in
2823 703 3179 776 impietatem
3197 709 3450 768 violento
3467 715 3637 770 modo

1985 788 2390 855 abduxerunt;
2423 804 2619 843 verum
2656 789 2993 862 imperfecta
3015 811 3114 850 sua
3140 799 3336 854 studia
3357 801 3639 858 arbitran-

1987 881 2098 942 tur,
2133 876 2282 948 [210]
2315 877 2424 932 nisi
2473 885 2528 932 et
2585 894 2729 949 quos
2781 880 2979 938 Patres
3031 884 3350 958 celebrant,
3383 907 3638 962 quonam

1987 970 2157 1036 pacto
2215 965 2588 1021 contumeliis
2647 970 2862 1036 petant,
2897 971 3284 1042 exquisierint
3340 977 3414 1048 (c.
3453 979 3570 1051 66).
3609 1000 3636 1028 ››

1988 1053 2106 1109 Hos
2162 1053 2316 1108 enim
2375 1054 2574 1111 Patres
2637 1062 2843 1112 vocant
2905 1062 3141 1116 nomine
3197 1067 3390 1130 tenus,
3453 1069 3641 1140 reipsa

1989 1157 2120 1197 vero
2175 1145 2412 1197 Patrum
2465 1143 2550 1198 eis
2601 1147 3008 1216 praerogativae
3058 1150 3345 1221 adimunt,
3379 1171 3510 1212 cum
3543 1172 3640 1212 eos

1991 1230 2219 1287 Christo
2270 1232 2738 1289 contradicentes
2807 1237 3143 1309 conﬁngant
3194 1242 3269 1311 (c.
3317 1243 3431 1311 67).
3493 1245 3640 1300 Hinc

1995 1319 2164 1391 quasi
2198 1324 2434 1375 Patrum
2467 1320 2699 1377 illorum
2749 1321 3031 1382 honorem
3070 1329 3473 1388 vindicaturus
3517 1349 3641 1388 om-

1994 1425 2128 1464 nem
2161 1410 2219 1464 in
2266 1425 2330 1466 eo
2379 1410 2618 1466 collocat
2671 1427 2930 1484 operam,
2967 1420 3031 1471 ut
3077 1420 3502 1488 quadamtenus
3541 1439 3641 1479 eos

1993 1503 2250 1567 excuset,
2283 1513 2350 1554 ex
2380 1499 2637 1556 humana
2668 1500 3070 1560 imbecillitate
3107 1511 3164 1562 et
3193 1507 3543 1580 ignorantia,
3575 1528 3643 1568 ex

1996 1586 2141 1642 bona
2174 1587 2317 1642 -ﬁde
2375 1604 2506 1643 cum
2557 1589 2786 1645 defectu
2839 1594 3179 1649 necessariae
3237 1600 3640 1668 correptionis,

1995 1681 2171 1747 atque
2215 1693 2283 1732 ex
2325 1692 2392 1732 eo
2439 1677 2589 1748 quod
2640 1695 2753 1734 non
2799 1680 3011 1752 dogma
3068 1683 3155 1738 vel
3195 1685 3379 1757 legem
3423 1689 3647 1744 consti-

1914 1795 1962 1860 Β
1996 1769 2159 1860 tuere
2189 1764 2475 1860 voluerint
2517 1767 2590 1837 (c.
2644 1768 2759 1838 68).
2793 1769 2901 1824 Sed
2935 1776 3420 1845 quantuscunque
3462 1776 3648 1833 honor

1996 1854 2080 1909 eis
2132 1854 2446 1921 tribuatur,
2481 1872 2596 1910 non
2655 1857 3101 1928 obsequendum
3140 1877 3269 1917 esse
3321 1869 3488 1935 urget
3527 1865 3647 1923 illis
3759 1931 3762 1934 ,

1994 1960 2121 2016 quae
2167 1948 2371 2016 praeter
2419 1945 2631 2000 Christi
2680 1952 2735 2000 et
2791 1949 3184 2018 apostolorum
3216 1951 3645 2012 institutionem

1999 2033 2327 2101 docuerint,
2351 2050 2483 2088 cum
2518 2050 2705 2105 neque
2735 2036 2939 2107 angelo
2970 2039 3040 2092 de
3070 2039 3211 2094 coelo
3246 2041 3389 2096 fides
3431 2043 3508 2097 sit
3539 2044 3646 2100 ha-

1991 2121 2187 2177 benda
2220 2126 2421 2192 praeter
2450 2123 2824 2195 Evangelium
2860 2125 2998 2195 quid
3030 2128 3368 2197 praedicanti
3399 2133 3471 2200 (c.
3503 2133 3594 2202 69)
3631 2148 3644 2199 ;

1991 2212 2185 2284 potius
2233 2211 2555 2266 obvelanda
2606 2212 2788 2268 fuisse
2837 2230 2964 2284 quae
3028 2216 3090 2272 in
3147 2233 3349 2273 eorum
3399 2221 3648 2277 dedecus

1990 2304 2240 2371 vergunt
2289 2300 2540 2355 ﬁliorum
2581 2300 2700 2356 Noe
2731 2302 3013 2373 exemplo,
3042 2320 3220 2376 quam
3252 2321 3448 2362 coram
3511 2309 3647 2367 orbe

1995 2397 2278 2446 terrarum
2338 2389 2769 2446 manifestanda
2798 2391 2868 2460 (c.
2890 2391 3006 2464 70).
3039 2394 3320 2451 Praeterea
3349 2412 3484 2452 cum
3517 2401 3639 2455 tam

1989 2477 2234 2550 longum
2295 2485 2522 2550 tempus
2571 2479 2792 2535 interea
2841 2479 3151 2551 efﬂuxerit,
3183 2483 3463 2542 incertam
3516 2503 3644 2544 esse

1989 2567 2276 2622 librorum
2311 2567 2508 2633 ﬁdem,
2543 2566 2644 2638 qui
2673 2568 2919 2624 fortasse
2941 2569 3276 2642 interpolati
3300 2589 3366 2630 ac
3389 2575 3644 2647 corrupti

1994 2655 2208 2711 fuerint
2235 2657 2307 2725 (c.
2335 2656 2464 2726 71);
2498 2657 2709 2713 deinde
2762 2657 2926 2714 facile
2967 2659 3229 2716 accidere
3272 2663 3548 2733 potuisse,
3584 2667 3646 2720 ut

1994 2744 2264 2800 Patrihus
2293 2743 2554 2800 illiscum
2580 2745 2894 2816 gentilibus
2907 2752 2964 2803 et
2985 2765 3116 2805 cum
3139 2749 3426 2808 haereticis
3447 2754 3642 2809 decer-

1994 2833 2257 2888 tantibus
2277 2849 2384 2888 vox
2406 2833 2671 2904 quedam
2697 2833 2892 2891 minus
2909 2843 3175 2893 accurata
3193 2839 3486 2910 exciderit,
3504 2841 3644 2915 ἀγωι

1993 2926 2246 2982 νιστικῶς
2302 2939 2404 2978 seu
2451 2923 2733 2994 polemice
2764 2924 2936 2995 dicta,
2970 2943 3084 2982 non
3115 2943 3246 2983 vero
3278 2923 3644 3002 δογματικῶς,

1991 3012 2074 3068 vel
2110 3017 2175 3066 ut
2222 3010 2546 3067 teconomia
2577 3013 2823 3081 quadam
2862 3014 2953 3069 usi
3006 3015 3222 3071 fuerint
3255 3016 3326 3088 (c.
3357 3019 3450 3086 72)
3480 3021 3642 3075 Pauli

213 3107 260 3173 Ι,
303 3108 440 3176 50);
504 3110 752 3162 Beccum
789 3107 892 3178 (ib.
920 3107 964 3176 Ι,
1011 3107 1172 3176 201);
1230 3106 1438 3177 Georg.
1489 3105 1734 3162 Metoch.
1783 3107 1881 3176 (ib.

1998 3100 2069 3172 (c.
2100 3102 2190 3167 73,
2221 3101 2311 3170 ’74)
2334 3104 2390 3154 et
2425 3099 2620 3156 Basilii
2655 3102 2727 3172 (c.
2760 3103 2854 3174 77)
2872 3104 3081 3174 agendi
3110 3104 3393 3161 rationem
3429 3109 3640 3176 secuti,

206 3198 276 3260 ll,
324 3195 445 3249 968
505 3195 676 3266 seq.),
725 3199 783 3251 et
848 3195 1024 3251 Leon.
1073 3195 1248 3250 Allat.
1309 3195 1491 3266 (Vind.
1552 3211 1676 3267 syn.
1745 3194 1879 3266 Eph.

211 3301 263 3340 c.
296 3286 402 3350 73,
429 3301 488 3356 p.
511 3285 616 3339 574
632 3286 774 3356 seq.)
795 3283 1186 3357 nequeCyrilli
1207 3283 1586 3340 Alexandrini
1608 3285 1884 3356 praeclara

212 3376 404 3430 verba
435 3374 497 3428 in
518 3373 806 3430 Joan.Ev.
839 3375 1262 3446 praetermittat,
1300 3390 1424 3445 qua:
1457 3378 1673 3430 Beccus
1707 3374 1784 3446 (ϐ.
1819 3374 1879 3430 0.

215 3464 290 3532 Il,
354 3461 610 3517 561-567
661 3463 811 3534 seq.)
861 3479 978 3518 suae
1051 3463 1481 3518 sententiarum
1559 3462 1882 3520 collectioni

213 3551 438 3608 merito
468 3550 693 3606 inserta
722 3551 902 3606 voluit
934 3552 1066 3623 (17).

284 3642 392 3696 22.
445 3639 712 3695 Tandem
772 3639 1015 3696 Photius
1063 3640 1138 3711 (c.
1190 3641 1261 3695 66
1319 3643 1470 3712 seq.)
1529 3640 1887 3697 adversarios

207 3727 455 3786 inducit
485 3727 1506 3801 Ambrosii,Augustini,Hieronymi
1526 3730 1887 3802 aliorumque

207 3820 535 3875 doctorum
573 3817 1030 3874 Occidentalium
1070 3820 1412 3875 auctoritate
1464 3818 1781 3874 innitentes
1823 3835 1888 3874 ac

205 3909 382 3965 hunc
417 3909 477 3962 in
504 3908 743 3964 modum
777 3908 1146 3978 disputantes
1181 3925 1195 3962 :
1231 3929 1258 3958 ‹‹
1302 3910 1412 3962 Aut
1442 3907 1537 3961 isti
1567 3912 1767 3963 Patres
1799 3907 1889 3977 pia

209 3999 515 4071 dogmata
571 3997 936 4052 tradiderunt
993 4001 1050 4053 et
1102 4001 1241 4054 tunc
1300 3996 1634 4068 quicunque
1687 3998 1889 4052 Patres

208 4105 317 4145 eos
373 4103 518 4143 cum
551 4085 772 4142 honore
821 4094 1186 4158 nuncupant,
1220 4101 1418 4142 eorum
1474 4085 1766 4141 sententiae
1798 4102 1890 4142 as-

209 4177 570 4235 sentiantur
599 4180 831 4248 oportet
863 4191 877 4242 ;
909 4180 1010 4232 aut
1039 4177 1351 4246 impiorum
1411 4176 1751 4247 dogmatum
1802 4176 1891 4232 in-

207 4272 503 4323 ventores
542 4269 1080 4337 propagatoresque
1117 4265 1408 4333 exstitere,
1440 4269 1496 4319 et
1535 4269 1673 4319 tunc
1706 4265 1883 4320 simul

1994 3190 2245 3260 denique
2286 3205 2475 3262 neque
2533 3190 2733 3246 deesse
2784 3196 3002 3261 Patres,
3039 3209 3289 3264 quorum
3322 3196 3640 3253 sententias

1992 3281 2248 3336 Ecclesia
2280 3281 2432 3335 haud
2479 3282 2821 3354 susceperit,
2847 3281 2980 3338 licet
3019 3283 3278 3356 alioquin
3322 3287 3520 3358 magni
3549 3305 3646 3344 eos

1994 3370 2168 3428 faciat
2207 3371 2276 3440 (c.
2310 3370 2403 3442 75)
2436 3387 2452 3437 ;
2499 3374 2671 3440 atque
2710 3370 2790 3426 sic
2840 3387 3037 3428 revera
3069 3372 3390 3444 parricidas
3433 3391 3644 3432 manus

1993 3478 2093 3518 eos
2144 3461 2696 3532 Patribusinjicere,
2739 3463 2838 3535 qui
2888 3471 3087 3519 contra
3131 3463 3390 3535 ipsorum
3449 3466 3646 3522 inten-

1996 3551 2212 3608 tionem
2264 3550 2500 3606 illorum
2542 3551 3012 3622 expressionibus
3053 3554 3124 3608 ad
3183 3552 3644 3626 impugnandam

1995 3639 2206 3696 Christi
2237 3639 2685 3695 saluberrimam
2707 3641 3028 3698 doctrinam
3064 3643 3421 3714 abutantur;
3451 3646 3508 3701 in
3541 3645 3647 3701 bos

1995 3731 2195 3786 Patres
2227 3729 2386 3800 ipsos
2443 3729 2868 3786 insurrecturos
2911 3738 2963 3786 et
3012 3737 3212 3788 contra
3247 3739 3498 3790 mentem
3534 3734 3648 3790 sibi

1997 3819 2249 3874 afﬁctam
2293 3817 2625 3873 solemniter
2673 3823 3098 3889 protestaturos
3135 3823 3210 3893 (c.
3237 3823 3346 3894 76).
3381 3825 3489 3878 Sed
3531 3840 3647 3896 quo

1999 3905 2167 3978 plura
2211 3907 2319 3960 hac
2358 3905 2420 3960 in
2467 3920 2527 3960 re
2558 3906 2816 3976 congerit
2848 3906 3113 3978 Photius,
3143 3926 3208 3965 eo
3249 3911 3536 3966 infelicior
3565 3918 3648 3967 est

2002 4011 2194 4067 pugna
2223 3999 2280 4050 et
2310 3994 2547 4065 quidem
2582 3996 2771 4065 quoad
2815 4012 3019 4050 omnes
3063 4002 3277 4067 partes.
3310 3999 3646 4056 Consultius

2001 4084 2230 4150 Photio,
2263 4083 2363 4154 qui
2411 4083 2641 4138 nonnisi
2683 4083 3044 4155 paucissima
3081 4085 3412 4142 Latinorum
3446 4088 3646 4143 docto-

2003 4191 2132 4230 rum
2167 4173 2382 4244 scripta
2423 4177 2679 4239 noverat,
2712 4177 2865 4230 certe
2902 4175 3086 4230 fuerat
3116 4176 3174 4230 in
3214 4176 3362 4232 hanc
3409 4194 3647 4234 arenam

1997 4280 2111 4319 non
2162 4262 2532 4318 descendere.
2567 4263 2794 4320 Etenim
2841 4263 2900 4318 in
2934 4264 3138 4335 primis
3167 4281 3284 4322 non
3339 4265 3529 4323 solum
3560 4266 3647 4322 illi

208 4371 358 4410 cum
410 4369 521 4409 sua
561 4353 832 4408 doctrina
877 4354 1036 4408 velut
1067 4353 1232 4425 impii
1275 4353 1638 4423 rejiciantur.
1676 4375 1704 4402 »
1757 4353 1883 4409 Non
1929 4424 1936 4425 γ
1994 4356 2114 4408 tres
2144 4369 2277 4407 cum
2337 4351 2470 4408 aliis
2529 4353 2734 4423 paucis
2766 4353 3072 4409 tradidere.
3105 4353 3388 4425 Spiritum
3430 4373 3460 4409 a
3503 4355 3647 4411 Filio

206 4445 408 4500 audet
438 4441 682 4498 Photius
710 4424 1171 4498 Occidentalium
1196 4443 1502 4498 doctorum
1533 4443 1767 4514 penitus
1799 4460 1886 4499 re-
1919 4424 1965 4489 Ῑ)
1999 4457 2225 4514 quoque
2272 4441 2607 4512 procedere,
2643 4457 2840 4497 verum
2875 4442 3024 4514 [211]
3058 4424 3245 4498 Latini
3277 4443 3544 4499 doctores
3575 4445 3647 4500 ad

204 4547 440 4605 spuere
471 4531 883 4587 auctoritatem
920 4549 933 4597 ;
989 4531 1590 4600 tergiversationibus,
1619 4532 1884 4603 argutiis,

200 4619 674 4694 suspicionibus
689 4624 746 4676 et
762 4619 1201 4690 exceptionibus
1233 4618 1410 4675 variis
1437 4620 1635 4689 utitur,
1654 4621 1884 4689 callide,

199 4710 383 4767 velut
418 4710 469 4766 si
491 4725 619 4780 qua:
651 4711 721 4765 de
751 4708 1070 4764 Bibliorum
1120 4709 1474 4764 testimoniis
1516 4710 1882 4776 disseruerat,

203 4806 382 4858 certa
436 4799 638 4856 omnia
681 4799 889 4860 forent.
948 4804 1122 4871 atque
1169 4797 1525 4868 indubitare,
1565 4799 1891 4872 ignominia

203 4888 597 4948 adversarios
653 4891 836 4961 ipsos,
881 4905 1029 4960 quos
1089 4888 1332 4944 laudant
1379 4887 1600 4956 Patres,
1661 4889 1890 4946 afﬁcere

284 5069 416 5138 (15)
449 5066 595 5140 n._8.
631 5066 824 5140 [1.77143
843 5063 968 5140 :‘06
1001 5064 1106 5140 γᾷρ
1122 5063 1220 5140 Δδ’ςι
1269 5063 1576 5140 ὁμοο-ύσιονΔ
1614 5064 1747 5140 Titi),
1798 5060 1887 5140 διᾲ

208 5133 406 5193 τοῦτο’
433 5137 528 5208 καὶ
573 5133 792 5208 [Iw—(stipa
821 5135 972 5208 Υἱοῦ,
993 5133 1087 5190 iani
1117 5133 1208 5190 διὰ
1235 5133 1333 5208 τοῦ
1364 5137 1514 5208 Υἱοᾲῦ,
1549 5136 1624 5196 ὡς
1650 5133 1705 5189 οἵ
1734 5133 1891 5206 παρὰ

209 5209 457 5285 furios
515 5203 776 5285 ᾎᾳβᾷγςὲς
797 5207 918 5285 Δσιτᾷις
959 5203 1219 5285 ᾇφορμρις
1243 5205 1621 5285 ⁸ἐρι-ιςτχελοῦςιέ
1776 5203 1888 5278 νῦν,

210 5280 477 5358 λέγξταιο
512 5277 639 5358 ξλλν
670 5277 752 5358 ετξ-ι
793 5276 881 5334 διὰ
911 5276 1167 5358 ’ςοῦΤῖοῦ
1198 5276 1428 5358 his}?
1453 5279 1664 5358 Παςερρς
1714 5276 1889 5358 ῦττπρᾴ

207 5347 485 5428 ειιίέχεί,
519 5347 609 5406 διὰ
648 5351 808 5406 τοῦτο
851 5350 942 5406 καὶ
997 5354 1220 5424 Πνεῦμα
1275 5350 1405 5404 Υἱοῦ
1453 5349 1545 5404 καὶ
1571 5347 1891 5423 ’ὁμοούσιον

279 5446 422 5566 t8.6)
453 5496 663 5568 Athan.
690 5497 774 5568 De
813 5496 1074 5568 incorp.)
1130 5493 1306 5568 A3375:
1357 5493 1479 5568 γὰρ⁸
1511 5492 1641 5568 adeo
1687 5492 1890 5568 ᾅγωθεν

205 5561 471 5642 Euergetas
502 5567 578 5628 ὡς
611 5566 882 5642 Beccum!
906 5565 1085 5642 _a61:6q
1116 5564 1256 5642 9ιύτῆ
1304 5561 1544 5642 uirtuti“
1593 5561 1891 5642 6ne8éxe'go

206 5641 292 5699 ὡς
323 5633 659 5711 ’ἄνθρωπος
720 5633 804 5711 Ἐξ
860 5636 1026 5711 αὐτοῦ
1082 5637 1173 5692 οὗν
1212 5635 1291 5711 εἰς
1324 5633 1512 5711 Δαὐτὸν
1561 5633 1799 5711 atumet:
1833 5635 1895 5692 ἐκ

205 5717 321 5782 τῆς
404 5707 662 5782 (litim-Ioc
720 5709 885 5764 αὐτοῦ
952 5709 1027 5770 εἷς
1093 5711 1193 5779 τὴν
1252 5707 1888 5782 ἁνθρωπότηταάὐτοῦ.

557 5811 834 5894 ΡΑτιιοι..
880 5810 988 5872 Gn.
1036 5809 1166 5872 CII.

2000 4548 2179 4587 unum
2225 4547 2451 4598 omnes,
2486 4534 2773 4604 quotquot
2801 4530 2990 4588 fusius
3022 4533 3093 4588 de
3138 4532 3333 4587 divina
3362 4532 3649 4589 Trinitate

1996 4623 2279 4693 egerunt;
2316 4624 2381 4674 ut
2426 4620 2825 4676 Tertulianum
2884 4625 3320 4692 praetereamus,
3348 4623 3472 4692 jam
3518 4630 3650 4678 ante

1996 4709 2368 4764 Ambrosium
2424 4709 2482 4763 id
2524 4710 2773 4764 docuere
2830 4710 3041 4764 Marius
3075 4709 3412 4765 Victorinus
3449 4714 3505 4764 et
3561 4729 3647 4768 co-

1992 4797 2321 4869 piosissime
2340 4796 2598 4853 Hilarius
2633 4797 3008 4853 Pictaviensis
3030 4799 3135 4868 (18)
3170 4816 3184 4867 ;
3217 4798 3271 4853 id
3305 4815 3439 4854 cum
3464 4801 3650 4871 Augu-

1991 4887 2147 4943 8tino
2208 4886 2502 4942 innumeri
2555 4887 2819 4942 doctores
2879 4900 2946 4942 ac
2988 4886 3234 4944 concilia
3272 4888 3566 4960 Hispania:
3596 4895 3655 4947 et

1993 5067 2208 5122 Eodem
2247 5065 2579 5121 testimonio
2630 5081 2861 5120 rursum
2905 5069 3131 5122 Buccus
3179 5067 3365 5122 utitur
3395 5067 3550 5124 Orat.
3585 5068 3650 5126 de

1993 5155 2124 5211 una.
2160 5138 2303 5193 Eccl.
2331 5154 2380 5211 c.
2411 5138 2520 5211 60‘;
2553 5137 2620 5191 de
2643 5153 2798 5211 prec.
2822 5137 3021 5211 Spiril.
3054 5149 3232 5193 sanet.
3267 5141 3461 5211 Epigr.
3498 5142 3548 5204 1,
3587 5141 3646 5196 in

1993 5209 2214 5286 Camat.
2258 5226 2306 5263 c.
2337 5210 2408 5286 22
2440 5207 2522 5286 (’3,
2654 5208 2692 5262 l.
2726 5208 2854 5275 202,
2886 5209 3028 5286 329;
3079 5212 3144 5286 Il.
3493 5213 3646 5286 334),

1995 5287 2051 5336 et
2080 5281 2443 5336 Constantia.
2475 5279 2724 5334 Meliten.
2758 5286 2905 5335 orat.
2936 5285 2992 5348 2,
3027 5299 3077 5338 ο.
3107 5282 3142 5336 9
3173 5283 3270 5349 (ib.
3308 5283 3378 5349 ll,
3411 5284 3560 5349 791).

2093 5283 2443 5336 Jonstautin.
2475 5283 2724 5334 Meliten.
2758 5286 2905 5335 orat.
2936 5285 2992 5348 2,
3027 5299 3077 5338 ο.
3107 5283 3142 5336 9
3196 5283 3270 5338 ib.
3308 5283 3378 5349 ll,
3411 5284 3560 5407 791g.

2093 5353 2177 5426 17)
2209 5352 2489 5426 Quaedam
2517 5367 2585 5405 ex
2618 5350 2711 5426 his
2746 5351 2935 5426 habes
2965 5283 3192 5426 δυρρειὲ
3225 5354 3315 5422 19,
3350 5361 3486 5426 nota
3557 5399 3570 5412 .

2097 5422 2180 5494 18)
2215 5423 2357 5496 Vide
2409 5422 2583 5496 Hilar.
2615 5424 2693 5477 De
2743 5423 2890 5496 Irin.
2924 5422 3054 5492 vm,
3079 5422 3187 5491 2οξ
3214 5429 3366 5496 apud
3412 5425 3640 5496 Hugon.

1995 5494 2191 5567 Ether.
2227 5495 2265 5549 Ι.
2299 5512 2380 5559 ιιι,
2415 5510 2482 5567 (ε.Δ
2510 5494 2600 5567 17,
2636 5511 2690 5564 p.
2733 5494 2884 5567 1253
2915 5511 3040 5567 seq.
3092 5503 3150 5552 et
3207 5494 3360 5566 apud
3422 5494 3642 5552 Maium

1995 5565 2184 5638 Spicil.
2235 5567 2398 5638 Rom.
2429 5565 2584 5632 1841,
2644 5571 2685 5620 t.
2732 5565 2828 5638 Vl,
2891 5565 3051 5624 Prae—1'.
3112 5586 3166 5638 p.
3227 5565 3417 5633 xxxv;
3473 5575 3646 5637 atque

1997 5637 2251 5710 Patrum,
2281 5637 2620 5710 Latinorum
2668 5637 2878 5710 seriem
2925 5641 3076 5710 apud
3109 5637 3347 5695 [Eneam
3380 5638 3558 5704 Paris,
3590 5641 3647 5694 et

1994 5709 2186 5768 Petav.
2225 5709 2297 5765 De
2328 5709 2475 5765 Trin.
2510 5708 2546 5764 l.
2579 5723 2682 5780 vn,
2715 5726 2765 5766 c.
2788 5709 2846 5764 8.

3250 5808 3324 5866 15
