4058 6216
382 379 494 438 461
1092 382 1190 442 DE
1234 383 1298 444 S.
1349 381 1546 444 SPIR.
1595 382 2130 446 MYSTAGOGIA.
2177 419 2252 431 —
2295 387 3075 452 ANIMADVERSIONES.
3666 397 3784 459 462
3817 367 3826 374 κ

385 512 1921 590 thonem,GregoriumMagnum,Zachartam,Leonem
1951 523 2028 579 III
2056 523 2111 592 Α
2141 525 2356 582 festum
2388 529 2477 582 est
2525 527 2816 597 ejusmodi
2859 529 3101 586 vetitum
3147 530 3385 588 nonnisi
3431 535 3786 593 contrariam

382 603 470 659 vel
513 603 631 694 ιν.
665 605 1046 662 Benedictum
1085 608 1182 677 ΙΙΙ,
1231 608 1515 666 Joannem
1548 610 1671 667 VIII
1720 616 1776 667 et
1822 613 2026 668 Adria-
2141 615 2274 672 ﬁdei
2304 616 2724 689 expositionem
2775 619 3134 690 proscribere
3173 638 3240 679 ac
3272 621 3496 694 privata
3532 625 3792 682 auctori-

382 709 526 749 num
557 693 654 750 III.
687 695 874 760 Quam
915 701 1133 753 temere
1182 697 1525 770 Gregorium
1562 699 1582 755 Ι
1616 705 1824 756 testem
1849 702 2032 758 addu-
2139 708 2256 760 tate
2287 706 2656 774 factam,non
2678 723 2810 763 vero
2832 709 3252 780 expositionem
3274 693 3411 768 fidei
3435 712 3789 784 uberiorem,

381 787 497 853 cat,
535 784 659 854 jam
699 789 1004 842 ostensum
1051 786 1162 842 fuit
1213 789 1367 858 (25);
1403 788 1555 844 idem
1609 789 1921 847 dicendum
1963 792 2034 847 de
2139 809 2382 866 eamque
2411 812 2443 850 a
2470 795 2724 866 legitima
2757 801 3102 856 auctoritate
3125 801 3551 859 factam.Porro
3583 803 3789 860 Catho-

379 872 570 929 Leone
619 873 850 946 Magno,
901 877 1002 947 qui
1051 876 1188 932 licet
1237 877 1576 947 Symbolum
1634 885 1864 936 vetusta
1927 897 2036 936 sua

383 963 572 1019 forma
601 962 923 1035 retinuerit,
959 971 1155 1021 tamen
1200 971 1397 1038 aperte
1446 968 1643 1023 docuit
1688 969 1969 1040 Spiritum
2003 985 2038 1024 a

381 1051 548 1107 Patre
579 1055 636 1107 et
667 1052 811 1108 Filio
860 1055 1170 1125 procedere
1221 1055 1352 1126 (24).
1399 1056 1596 1128 Neque
1651 1059 1843 1129 ipsum
1871 1059 2038 1128 juvat

385 1143 540 1214 quod
571 1142 722 1215 (cap.
753 1143 843 1215 88)
889 1161 923 1199 a
970 1145 1149 1202 Leone
1198 1147 1275 1201 III
1327 1146 1414 1202 vel
1451 1146 1520 1202 IV
1554 1148 1774 1204 factum
1824 1149 2034 1218 refert;

384 1248 546 1300 nam,
597 1236 662 1287 ut
709 1231 787 1288 ait
830 1233 1047 1289 Natalis
1078 1234 1396 1292 Alexander
1423 1236 1488 1306 (1.
1530 1253 1580 1291 c.
1624 1254 1682 1309 p.
1727 1238 1834 1293 525
1863 1240 2034 1310 seq.),

314 1329 320 1334 ’
381 1321 622 1378 tametsi
668 1321 781 1379 Leo
823 1322 904 1377 III
956 1321 1098 1380 illud
1157 1325 1407 1396 Filioque
1463 1326 1597 1382 addi
1654 1325 1930 1398 Symbolo
1978 1330 2036 1382 et

384 1411 606 1467 cantari
640 1427 754 1468 non
787 1411 1137 1484 probaverit,
1169 1413 1333 1470 nulla
1363 1430 1544 1471 causa
1575 1423 1711 1471 tunc
1739 1416 1796 1471 id
1828 1421 2033 1488 postu-

383 1501 565 1568 lante,
599 1501 764 1559 nulla
794 1507 1036 1576 urgente
1057 1505 1428 1574 necessitate,
1448 1509 1506 1562 et
1529 1505 1871 1578 Symbolum
1902 1507 2037 1563 abs-

383 1608 500 1663 que
529 1591 633 1648 illa
672 1592 968 1649 additione
1017 1593 1076 1650 in
1127 1594 1417 1666 argenteis
1467 1595 1684 1651 tabulis
1733 1599 2032 1652 exaratum

383 1682 602 1738 servari
647 1684 896 1754 jusserit
945 1685 1060 1756 (25)
1119 1686 1186 1741 ad
1249 1687 1594 1742 memoriam
1675 1685 2035 1758 posteritatis

385 1772 828 1844 sempiternam,
876 1777 1067 1830 tamen
1099 1775 1530 1845 processionem
1560 1775 1812 1847 Spiritus
1844 1775 2034 1831 sancti

2143 885 2240 941 lici
2272 886 2680 942 demonstrant
2708 887 3176 946 additamentum
3206 890 3354 948 illud
3379 894 3626 965 Filioque
3641 910 3792 951 non-

2143 972 2258 1029 nisi
2289 973 2731 1046 explicationem
2763 993 2889 1034 esse
2916 979 3227 1035 verborum
3261 981 3389 1051 jam
3420 981 3480 1037 in
3512 982 3790 1052 Symbolo

2143 1078 2549 1134 expressorum
2598 1065 2746 1136 [216]
2797 1068 2842 1133 (§
2881 1067 2915 1120 2
2945 1072 3002 1123 et
3026 1067 3086 1136 7)
3134 1085 3374 1141 eamque
3435 1075 3786 1129 auctoritate

2143 1151 2429 1222 Ecclesiae,
2447 1171 2511 1210 ac
2535 1153 2780 1210 Romani
2799 1156 3088 1228 pontiﬁcis
3105 1159 3163 1212 in
3189 1159 3413 1231 primis,
3428 1162 3789 1233 synodorum

2144 1241 2530 1313 plurimarum
2581 1247 2638 1299 et
2685 1245 2921 1301 demum
2975 1247 3238 1318 Lugdun.
3285 1266 3350 1316 ιι,
3383 1252 3440 1304 et
3473 1249 3791 1306 Florentini

2142 1331 2374 1388 concilii
2404 1331 2738 1389 stabilitam.
2764 1334 2925 1400 Quod
2949 1335 2998 1391 si
3024 1335 3235 1392 nullam
3272 1338 3665 1410 dogmaticam
3689 1339 3790 1397 de-

2146 1419 2467 1477 ﬁnitionem
2497 1423 2798 1478 sanciendi
2829 1428 2961 1495 post
2991 1424 3217 1481 tertiam
3241 1429 3299 1482 et
3319 1431 3589 1498 quartam
3621 1443 3794 1501 syno-

2144 1511 2285 1566 dum
2317 1511 2571 1568 Ecclesia
2601 1511 2841 1569 haberet
2887 1518 3248 1585 potestatem,
3283 1515 3534 1573 absurda
3562 1517 3793 1575 eviden-

2147 1599 2372 1656 tissima
2411 1606 2814 1673 sequerentur.
2868 1603 2978 1658 Sed
3029 1618 3118 1659 res
3161 1604 3284 1660 haec
3332 1605 3492 1661 omni
3528 1622 3600 1662 ex
3629 1613 3791 1679 parte

2143 1688 2202 1743 in
2235 1689 2568 1745 Florentina
2597 1693 2818 1762 synodo
2849 1695 3203 1762 pertractata
3233 1697 3289 1748 et
3330 1693 3624 1751 illustrata
3653 1695 3786 1752 fuit.

2142 1777 2227 1834 Cf.
2259 1783 2536 1848 praeterea
2565 1780 2755 1836 Natal.
2789 1780 2945 1836 Alex.
2975 1783 3040 1838 H.
3073 1783 3136 1836 E.
3157 1799 3288 1840 sec.
3322 1800 3400 1851 1x,
3430 1783 3662 1841 dissert.
3700 1786 3790 1854 18,

385 1877 419 1916 a
445 1860 613 1915 Patre
650 1865 706 1916 et
739 1861 878 1917 Filio
927 1877 1032 1916 ceu
1083 1862 1293 1933 dogma
1324 1863 1457 1918 ﬁdei
1491 1863 1563 1918 ab
1593 1863 1850 1919 Ecclesia
1879 1863 2035 1920 credi
2064 1848 2120 1914 Β
2152 1872 2358 1923 assert.
2388 1872 2459 1936 2;
2489 1874 2544 1924 et
2591 1869 2891 1942 Pitzipium
2933 1869 3174 1942 L’Eglise
3219 1848 3489 1929 orientale
3538 1873 3579 1940 Ι,
3631 1891 3690 1946 p.
3722 1848 3795 1930 Z'l

385 1952 690 2026 professus
720 1956 832 2021 est,
865 1961 926 2008 ut
954 1957 1184 2010 constat
1204 1970 1272 2010 ex
1303 1955 1447 2012 actis
1469 1954 1798 2011 collationis
1821 1955 2034 2027 legato-

383 2059 516 2098 rum
531 2040 840 2098 Gallicanae
861 2042 1130 2100 Ecclesiae
1156 2048 1212 2100 et
1232 2044 1419 2101 Caroli
1451 2044 1646 2116 Magni
1669 2043 2035 2116 imperatoris

382 2148 455 2188 ex
485 2133 708 2204 synodo
739 2133 1202 2206 Aquisgranensi
1231 2134 1302 2190 ad
1333 2133 1528 2190 sedem
1560 2135 1764 2206 Apost.
1792 2133 2039 2190 directo-

384 2238 520 2278 rum
537 2238 672 2278 cum
689 2223 870 2279 Leone
887 2222 979 2292 III,
997 2239 1122 2295 quas
1139 2239 1211 2278 ex
1224 2223 1434 2280 abbate
1452 2223 1763 2294 Smaragdo
1782 2223 2040 2279 Sirmon-

382 2312 498 2368 dus
527 2310 832 2382 descripsit
855 2311 989 2383 (26).
1025 2334 1055 2363 «
1081 2311 1271 2369 Lectis
1294 2313 1452 2368 enim
1475 2330 1508 2368 a
1527 2311 1819 2384 praedictis
1841 2312 2040 2369 missis

384 2401 542 2472 [215]
601 2400 873 2457 Bernario
933 2402 1364 2468 Wormatiensi,
1438 2402 1603 2460 Jesse
1659 2402 2036 2460 Ambianensi

383 2487 678 2562 episcopis
706 2494 763 2546 et
792 2489 1077 2547 Adalardo
1125 2491 1334 2548 abbate
1362 2491 1722 2565 Corbeiensi)
1755 2510 1858 2566 per
1886 2493 2038 2550 ordi-

389 2595 531 2636 nem
585 2578 940 2636 testimoniis
996 2579 1096 2652 (De
1137 2595 1374 2652 process.
1425 2581 1517 2653 Sp.
1566 2587 1626 2637 S.
1676 2599 1710 2637 a
1759 2588 1820 2639 P.
1858 2590 1910 2638 et
1955 2582 2038 2653 F.)

385 2675 568 2742 atque
590 2687 623 2727 ει
643 2669 889 2726 Domino
902 2670 1221 2742 apostolico
1235 2670 1681 2743 diligentissime
1701 2671 1915 2728 auditis
1929 2673 2034 2728 ait:

385 2763 480 2816 Ita
519 2759 729 2828 sentio,
758 2759 842 2815 ita
875 2763 1064 2828 teneo,
1096 2776 1231 2817 cum
1275 2759 1367 2816 his
1413 2761 1748 2817 auctoribus
1777 2765 1835 2816 et
1865 2777 2040 2816 sacrm

383 2848 698 2922 Scriptum
730 2849 1192 2906 auctoritatibus.
1242 2849 1298 2904 Si
1348 2849 1480 2921 quis
1526 2849 1696 2906 aliter
1739 2851 1810 2905 de
1841 2850 1950 2906 hac
1981 2865 2040 2906 re

386 2939 610 2996 sentire
639 2937 729 2995 vel
761 2939 966 2995 docere
995 2939 1262 3006 voluerit,
1295 2939 1564 3006 defendo,
1588 2944 1644 2995 et
1669 2940 1782 2996 nisi
1803 2955 2044 2996 conver-

387 3046 497 3086 sus
525 3029 724 3099 fuerit,
757 3034 814 3084 et
841 3029 1166 3086 secundum
1217 3028 1372 3084 hunc
1421 3045 1660 3086 sensum
1711 3037 1904 3086 tenere
1943 3045 2040 3085 vo-

2145 1972 2268 2029 seq.
2307 1958 2405 2012 113
2435 1975 2555 2030 seq.

2145 2102 2242 2158 Ill.
2277 2134 2347 2143 —
2379 2101 2808 2159 Consideranlnr
2853 2101 3138 2174 principia
3186 2103 3488 2173 theologica
3533 2121 3567 2160 a
3598 2103 3792 2162 Pholio

2781 2178 3157 2246 prOpugnata.

2219 2320 2268 2371 1.
2294 2315 2458 2382 Quod
2479 2314 2598 2370 fere
2617 2314 2835 2386 ubique
2856 2314 3101 2370 Photius
3123 2317 3180 2371 et
3193 2313 3464 2372 Photiani
3493 2319 3791 2390 astruunt,

2145 2403 2290 2461 Filio
2319 2419 2528 2476 quoque
2552 2402 2794 2460 tribuere
2813 2403 3174 2475 spirationem
3186 2403 3428 2478 Spiritus
3447 2408 3626 2463 sancti
3643 2406 3792 2463 idem

2144 2509 2257 2550 esse
2284 2509 2350 2549 ac
2367 2493 2471 2548 duo
2498 2493 2554 2548 in
2582 2492 2842 2549 Trinitale
2860 2499 3104 2550 statuere
3121 2495 3402 2566 principia
3428 2511 3492 2551 ac
3519 2495 3795 2567 duplicem

2146 2574 2464 2655 προϐολήνε
2497 2582 2556 2638 id
2583 2582 2701 2652 iam
2729 2597 2856 2654 cap.
2890 2583 2922 2636 4
2954 2582 3169 2640 diserte
3185 2584 3546 2640 enuntiatur.
3567 2583 3788 2641 Verum

2147 2673 2205 2730 id
2237 2672 2398 2729 nullo
2430 2673 2600 2729 modo
2631 2673 2862 2729 ostendi
2892 2689 3084 2744 posse,
3110 2673 3230 2730 imo
3253 2674 3636 2732 falsissimum
3664 2691 3796 2732 esse

2149 2763 2527 2818 manifestum
2559 2767 2669 2828 est,
2703 2778 2836 2818 cum
2870 2764 3040 2818 Pater
3084 2767 3142 2818 et
3180 2762 3360 2820 Filius
3389 2763 3448 2818 in
3477 2763 3797 2836 spiratione

2150 2851 2389 2907 nonnisi
2418 2867 2596 2906 unum
2633 2852 2904 2907 dicantur
2943 2851 3309 2923 principium,
3341 2867 3448 2907 nec
3479 2852 3702 2924 spirent
3732 2857 3798 2908 ut

2149 2941 2496 3013 bypostases
2527 2939 2842 3008 distinctas,
2894 2956 3000 2996 nec
3029 2955 3098 2995 ex
3126 2939 3483 2996 distinctivis
3513 2942 3659 3010 suis,
3693 2942 3793 2997 sed

2151 3045 2218 3085 ex
2249 3028 2660 3086 communibus
2681 3029 3112 3086 essentialibus.
3134 3031 3640 3096 Quemadmodum
3662 3045 3799 3085 con-

383 3119 590 3187 luerit,
624 3117 918 3175 contraria
948 3118 1294 3174 sentientem
1343 3117 1611 3175 funditus
1662 3118 1891 3189 abjicio.
1927 3119 2043 3174 Ro-
2076 3170 2116 3190 η
2154 3119 2353 3175 cilium
2384 3119 2773 3190 Lugdunense
2821 3135 2860 3173 ιι
2898 3117 3084 3187 docet,
3115 3118 3395 3190 Spiritum
3426 3122 3693 3174 sanctum
3724 3134 3794 3174 ex

384 3170 2040 3279 gigtisa'"aeira.'1.55.;‘..;";.;.;'.;.;;'{;..1;;..
2073 3170 2117 3242 α
2155 3170 2584 3264 ἰέέιὶξῖεἶινῗιὲίῖ
2594 3170 2963 3263 latinius}
2980 3170 3146 3263 113a"
3159 3170 3447 3278 ἶέὲζᾴἷιῖαἷ
3461 3170 3793 3264 Ralla—bus

383 3296 650 3353 inserere
680 3295 952 3368 Symbolo
983 3300 1040 3352 et
1073 3299 1330 3364 cantare,
1363 3298 1519 3369 quod
1560 3298 1792 3354 credere
1819 3297 2038 3353 bonum

385 3389 538 3453 erat,
591 3386 905 3457 respondet
957 3385 1264 3442 Pontifex:
1300 3385 1523 3443 Bonum
1572 3391 1728 3444 certe
1774 3391 1832 3443 et
1877 3386 2043 3444 valde

383 3480 637 3547 bonum,
681 3482 874 3551 utpote
907 3479 1029 3550 jam
1079 3477 1214 3534 ﬁdei
1255 3483 1686 3538 sacramentum
1737 3497 2040 3553 magnum,

387 3568 545 3639 quod
576 3585 692 3622 non
725 3567 858 3624 licet
891 3584 1002 3624 non
1036 3570 1288 3641 credere,
1349 3568 1618 3642 quisquis
1650 3569 1716 3624 ad
1752 3569 1860 3624 hoc
1889 3570 2042 3626 valet

385 3655 742 3728 pertingere.
780 3677 800 3706 ι
836 3657 901 3712 In
933 3660 1316 3729 sequentibus
1347 3664 1563 3732 perstat
1613 3658 1866 3728 pontifex
1897 3658 2038 3729 peti-

387 3745 609 3801 tionem
633 3745 942 3802 abnuendo
990 3764 1186 3805 amore
1236 3749 1628 3806 custodiendas
1675 3747 2039 3819 antiquitatis

386 3842 449 3889 et
476 3835 770 3891 servandae
802 3835 963 3906 pacis
993 3853 1123 3894 cum
1175 3838 1391 3896 Gracis
1426 3837 1622 3894 studio
1653 3838 1886 3904 ductus,
1919 3853 2037 3894 non

388 3928 590 3980 autem
622 3941 655 3980 a
685 3925 954 3980 doctrina
975 3927 1316 3997 abhorrens,
1349 3943 1525 4000 quam
1556 3930 1612 3982 et
1643 3941 1812 3981 suam
1845 3932 2037 3997 aperte

387 4012 701 4084 proﬁtetur
729 4016 786 4068 et
814 4029 994 4086 quam
1041 4015 1100 4072 in
1151 4034 1261 4074 sua
1307 4031 1538 4088 quoque
1585 4015 1656 4070 ad
1715 4013 2036 4072 Orientales

388 4100 642 4171 epistola
693 4101 804 4172 (27)
850 4105 1138 4175 expressit
1211 4104 1540 4177 diligenter.
1613 4101 1846 4157 Additio
1903 4118 2036 4159 vero

387 4189 613 4247 sensim
644 4189 702 4245 in
734 4191 911 4247 variis
933 4192 1263 4250 Occidentis
1298 4193 1558 4250 ecclesiis
1591 4194 1820 4262 recepta
1841 4191 2034 4262 paula-

385 4279 499 4335 tim
531 4278 591 4334 in
621 4279 896 4337 universo
929 4281 1243 4339 Occidente
1287 4282 1542 4340 obtinuit
1588 4285 1645 4336 et
1685 4279 1870 4336 Photii
1900 4281 2034 4338 doc-

385 4369 548 4426 trina
577 4370 965 4428 necessariam
1008 4373 1137 4444 ejus
1169 4382 1428 4446 apertam
1473 4372 1534 4428 in
1584 4372 1922 4444 Symbolum
1955 4387 2036 4429 re-

2151 3297 2476 3370 principiis,
2526 3297 2628 3352 sed
2674 3300 2954 3367 tanquam
3015 3295 3088 3352 ab
3153 3312 3266 3352 uno
3314 3295 3619 3368 principio,
3681 3311 3799 3352 non

2149 3388 2380 3444 duabus
2394 3386 2838 3459 spirationibus,
2855 3385 2955 3440 sed
2971 3386 3146 3441 unica
3159 3385 3475 3457 spiratione
3489 3385 3799 3456 procedere

2149 3479 2344 3548 (Hard.
2377 3476 2499 3542 VII,
2529 3474 2658 3547 680)
2707 3478 2762 3530 et
2809 3473 3208 3530 Florentinum
3242 3473 3386 3529 illud
3419 3473 3493 3534 ὡς
3527 3471 3633 3527 ἀπὸ
3668 3477 3796 3545 μιᾶς

2149 3566 2328 3640 ἀρχῆς
2380 3565 2466 3620 καὶ
2523 3559 2824 3638 μοναδικῆς
2871 3556 3157 3634 προϐολῆς
3215 3579 3454 3619 rursum
3505 3562 3794 3620 inculcat:

2147 3657 2229 3713 ita
2255 3671 2481 3726 semper
2533 3654 2792 3710 Ecclesia
2826 3653 3033 3710 Latina
3081 3653 3288 3720 tenuit,
3323 3653 3447 3724 ejus
3495 3653 3696 3710 Patres
3727 3668 3796 3709 ac

2146 3745 2400 3817 theologi
2430 3745 2528 3800 diu
2560 3748 2694 3800 ante
2725 3745 3068 3799 docuerunt.
3103 3744 3268 3814 Hugo
3299 3742 3729 3814 Etherianus(l.
3750 3759 3793 3812 ι,

2147 3852 2196 3891 c.
2228 3835 2283 3904 4,
2319 3850 2374 3905 p.
2409 3834 2541 3888 1201
2578 3834 2702 3903 D.):
2743 3852 2770 3882 ‹‹
2799 3832 2924 3888 Νοιι
2975 3832 3152 3896 enim,
3185 3831 3397 3903 inquit,
3453 3831 3801 3904 simpliciter

2147 3923 2344 3996 aliqua
2373 3923 2487 3978 duo
2518 3928 2653 3976 sunt
2683 3924 2849 3976 Pater
2878 3923 2934 3976 et
2971 3919 3170 3990 Filius,
3203 3937 3271 3975 ex
3293 3921 3509 3990 quibus
3533 3921 3797 3992 provenit

2145 4013 2398 4085 Spiritus
2423 4014 2685 4067 sanctus.
2718 4013 2864 4065 Nam
2898 4025 3084 4080 neque
3115 4010 3245 4065 duas
3272 4025 3361 4064 res
3383 4011 3612 4080 proprie
3635 4016 3793 4077 sunt,

2145 4106 2242 4162 sed
2275 4120 2411 4172 una,
2439 4117 2630 4174 neque
2659 4101 2784 4157 dum
2806 4099 3150 4157 substantias
3173 4101 3275 4156 sed
3300 4116 3438 4168 una,
3459 4116 3650 4172 neque
3671 4101 3790 4157 duo

2142 4193 2448 4269 principia,
2465 4192 2566 4248 sed
2586 4207 2840 4248 unum...
2863 4190 3048 4263 Igitur
3070 4190 3218 4262 [217]
3241 4205 3378 4246 cum
3402 4189 3487 4244 tm
3508 4189 3637 4246 duae
3659 4205 3794 4262 per-

2146 4301 2298 4341 sonaa
2328 4299 2443 4339 non
2466 4281 2582 4338 sint
2604 4282 2719 4337 duo
2744 4279 3051 4352 principia,
3075 4295 3266 4351 neque
3287 4279 3402 4335 duo
3421 4277 3786 4351 simpliciter,

2148 4373 2523 4430 manifestum
2543 4374 2650 4442 est,
2669 4369 2953 4442 quidquid
2979 4370 3052 4425 ab
3077 4368 3150 4426 iis
3171 4368 3452 4440 provenit,
3474 4385 3542 4426 ex
3559 4369 3792 4426 duobus

389 4459 722 4531 captionem
763 4462 1035 4520 ostendit.
1087 4465 1442 4535 Quocunque
1492 4463 1726 4518 demum
1781 4469 2040 4534 tempore
2068 4495 2116 4560 Β
2149 4462 2394 4518 minime
2425 4459 2656 4534 prodire
2687 4457 3013 4531 principiis,
3046 4457 3234 4530 posito
3265 4462 3324 4514 et
3354 4473 3632 4514 concesso
3664 4455 3800 4560 Spi-

391 4549 664 4605 Romana
683 4548 938 4607 Ecclesia
959 4550 1016 4607 in
1035 4551 1167 4608 ﬁdei
1192 4552 1610 4624 professionem
1625 4572 1752 4614 eam
1775 4556 2041 4630 explicito
2068 4545 2113 4560 ”
2151 4553 2328 4609 ritum
2347 4558 2616 4608 sanctum
2640 4564 2708 4605 ex
2730 4553 2978 4620 utroque
2996 4547 3326 4619 procedere.
3355 4568 3383 4596 »
3406 4546 3567 4611 Quod
3592 4545 3803 4601 deinde

389 4638 666 4707 inseruit,
699 4638 844 4696 fides
871 4639 1137 4710 ejusdem
1169 4657 1402 4714 semper
1429 4643 1632 4700 eadem
1664 4646 1795 4710 fuit.

465 4726 560 4780 24.
582 4726 879 4799 Superest,
901 4732 965 4784 ut
977 4744 1160 4800 pauca
1173 4729 1438 4786 dicamus
1465 4735 1660 4804 quoad
1682 4735 1840 4793 illam
1865 4735 2048 4794 schis-

389 4816 750 4874 maticorum
806 4817 1224 4890 exceptionem,
1266 4821 1583 4878 concilium
1628 4842 1714 4892 ιιι,
1765 4829 1876 4882 act.
1908 4827 1944 4880 6
1992 4829 2049 4883 et

389 4904 712 4962 concilium
745 4922 821 4975 1v,
845 4914 955 4962 act.
985 4908 1021 4962 5
1047 4909 1140 4978 (cf.
1169 4908 1333 4966 Phot.
1358 4926 1409 4967 c.
1430 4912 1529 4982 80)
1554 4929 1784 4971 omnem
1808 4916 2044 4972 omnino

389 4996 468 5052 ad
497 4993 846 5066 Symbolum
892 4995 1245 5054 additionem
1278 4999 1671 5072 prohibuisse.
1704 5003 1818 5074 _Sed
1856 5005 2048 5060 mani-

467 5162 582 5236 (23)
613 5162 747 5238 Not.
779 5163 938 5238 9,Aad
971 5179 1096 5238 cap.
1131 5165 1300 5224 Phot.
1333 5168 1422 5223 84.

468 5235 785 5316 (24)_Vide_
842 5235 1060 5316 Leonis
1104 5239 1694 5316 verba__§_»16,__nota
1759 5245 1810 5316 1.
1843 5273 1913 5284 --
1942 5246 2042 5316 Ep.

389 5308 468 5385 1_5_
495 5311 570 5362 ad
599 5308 816 5385 Turrib.
851 5309 1063 5380 (MIGNE
1104 5310 1149 5375 Ι,
1184 5311 1441 5385 p.__631):
1474 5308 1638 5385 Alius
1689 5314 1788 5385 qui
1820 5308 2044 5385 genuit,

386 5379 551 5456 alius
581 5379 682 5451 qui
717 5386 1030 5456 generatus
1061 5379 1356 5456 es_t,'a|ius
1388 5379 1496 5454 qui
1531 5385 1602 5440 de
1633 5379 1878 5455 utroque
1921 5379 2046 5456 pro;

383 5452 603 5524 cessit.
626 5481 704 5524 -;
730 5451 915 5524 serm.
958 5453 1050 5521 76,
1094 5451 1162 5524 de
1211 5451 1431 5511 Pentec:
1469 5471 1519 5510 c.
1549 5459 1607 5521 2,
1639 5457 1716 5524 5;
1746 5451 1937 5512 sérmf
1953 5459 2046 5524 77,

384 5539 443 5580 c.
473 5525 511 5580 6
535 5523 650 5597 (ib.
680 5521 884 5597 1,4494,
917 5525 1038 5597 465,
1079 5523 1206 5592 407,
1240 5525 1407 5597 415);
1441 5527 1649 5584 Baron.
1684 5521 1754 5582 ad
1789 5543 1885 5586 an.
1920 5521 2046 5596 447,

381 5600 451 5652 et
475 5596 550 5650 ad
584 5610 684 5649 an.
717 5593 845 5663 883,
875 5611 935 5650 ιι.
969 5596 1056 5650 32.

461 5667 580 5738 (25)
637 5665 810 5738 Liber
840 5665 1212 5738 ,Pontificalis
1259 5669 1319 5726 in
1370 5669 1558 5726 Leone
1623 5669 1723 5727 III.
1777 5701 1845 5714 —
1893 5672 2045 5729 Petr.

385 5735 599 5797 Lamb.
636 5735 742 5793 lib.
774 5735 796 5793 Ι
827 5735 971 5795 Sent.
1007 5739 1063 5795 d.
1100 5740 1160 5796 11
1189 5759 1204 5810 ;
1230 5739 1506 5798 Abalard.
1535 5741 1736 5800 Introd.
1771 5744 1832 5800 in
1867 5742 2046 5814 Theol,

2155 4642 2510 4716 quibusdam
2552 4638 2830 4712 exemplis
2873 4636 3166 4693 illustrare
3211 4643 3471 4692 conatur.
3523 4633 3807 4690 Praeclare

2156 4733 2216 4789 S.
2247 4729 2556 4787 Anselmus
2587 4727 2712 4800 (lib.
2749 4729 2819 4783 De
2836 4742 2989 4800 proc.
3034 4724 3275 4798 Spiritus
3302 4721 3501 4792 sancti,
3535 4739 3664 4795 cap.
3694 4722 3748 4795 9)
3781 4739 3796 4778 :

2155 4843 2184 4872 «
2215 4821 2379 4886 Quod
2414 4819 2464 4877 si
2494 4819 2719 4886 dicunt,
2751 4833 2866 4872 non
2898 4831 3034 4872 eum
3084 4831 3213 4872 esse
3257 4829 3430 4887 posse
3467 4814 3539 4870 de
3567 4812 3799 4870 duabus

2153 4909 2350 4966 causis
2365 4908 2484 4966 sive
2498 4909 2726 4964 duobus
2749 4903 3804 4979 principiis,respondemus,quoniam

2155 5001 2308 5058 sicut
2337 5015 2452 5056 non
2485 4997 2776 5056 credimus
2823 4996 3106 5069 Spiritum
3155 4997 3424 5052 sanctum
3456 5010 3586 5051 esse
3613 4994 3679 5050 de
3707 4994 3808 5052 hoc

2157 5173 2194 5227 l.
2227 5189 2288 5240 ιι,
2321 5187 2372 5229 c.
2410 5171 2510 5237 14;
2549 5169 2697 5226 Petr.
2732 5171 2894 5225 Dam.
2927 5182 3129 5238 opusc.
3153 5167 3243 5235 32,
3267 5182 3318 5222 c.
3341 5165 3414 5234 2;
3439 5163 3809 5240 Bellarm._l_)e

2158 5235 2285 5302 Chr.
2318 5243 2392 5308 II,
2439 5235 2547 5311 27;
2582 5241 2758 5297 Allat.
2806 5235 3010 5296 Contra
3060 5240 3322 5311 Holting._
3353 5237 3545 5311 c_._19_,
3597 5253 3653 5307 p.
3699 5235 3807 5291 416

2156 5333 2279 5443 ggq.
2316 5308 2544 5441 Waggh.
2582 5331 2676 5386 op.
2726 5315 2827 5370 cit.
2861 5329 2913 5370 c.
2943 5313 3000 5382 2,
3033 5312 3142 5382 §4,
3175 5327 3229 5382 p.
3263 5309 3473 5380 28-30;
3505 5308 3716 5365 Baron.
3747 5323 3804 5364 a.

2269 5431 2282 5443 .
2317 5404 2375 5442 ιι.
2487 5426 2500 5439 .

2269 5431 2282 5452 ,
2317 5404 2375 5442 ιι.
2410 5404 2500 5441 ω.

2227 5451 2339 5531 (26)
2371 5457 2864 5531 Sirmond.‘_Conc.
2899 5452 3044 5531 Gall.
3071 5456 3113 5509 t.
3149 5453 3314 5531 II_,p_.
3484 5455 3801 5531 .—_l_3aron.

2157 5521 2247 5585 ad‘
2279 5521 2331 5585 aI
2383 5530 2509 5593 809,
2560 5545 2618 5584 ιι.
2661 5529 2731 5582 53
2771 5543 2894 5598 seq.
2945 5526 3136 5598 Jager.
3184 5521 3424 5582 Histoire
3461 5521 3528 5578 de
3553 5522 3801 5579 Photius.

2155 5603 2190 5654 2
2219 5602 2358 5657 edit.
2394 5618 2449 5672 p.
2482 5599 2748 5672 εδδ-357.

2229 5673 2343 5743 (27)
2375 5663 2565 5730 Mansi
2596 5671 2753 5728 Conc.
2805 5669 2954 5743 XIII,
2985 5667 3321 5743 7938,1836,
3355 5668 3482 5736 Reg.
3532 5680 3594 5720 ιι.
3629 5663 3806 5735 1930;

2158 5741 2392 5815 walch,
2423 5743 2462 5799 Ι.
2497 5759 2571 5812 c.,
2606 5760 2655 5801 c.
2678 5744 2732 5798 2.
2767 5743 2794 5810 §
2821 5742 2875 5810 5,
2905 5741 3079 5812 p.30,
3112 5741 3202 5796 31.
