4058 6216
333 385 452 446 467
1544 380 1814 442 PHOTII
1863 379 2033 441 PATI

2145 380 2381 442 .BCHJE
2425 381 2541 442 ΟΡ.
3625 378 3738 438 468

333 525 492 581 esset
537 521 714 589 Deus,
765 519 930 580 nulla
976 519 1297 576 necessitas
1345 517 1495 591 [223]
1545 517 1980 588 compositionis
2013 519 2068 586 Α
2097 517 2300 574 rianus
2331 518 2391 589 (1.
2425 518 2495 587 ΙΙ,
2523 533 2575 573 c.
2605 517 2660 584 3,
2711 532 2768 588 p,
2802 517 2958 587 1216)
3012 516 3321 587 disputans
3354 530 3368 571 :
3403 534 3433 564 ‹‹
3485 512 3546 569 Si
3575 513 3743 569 Pater

338 617 516 683 esset,
554 621 608 669 et
651 613 803 684 quod
863 615 1210 677 extremum,
1271 608 1662 680 processionis
1721 609 1925 665 ordine
1955 625 1988 664 a
2096 612 2154 664 et
2183 607 2363 663 Filius
2397 624 2508 663 non
2541 606 2882 678 simpliciter
2909 607 3022 661 duo
3073 606 3371 672 dicuntur,
3402 605 3499 659 sed
3534 618 3739 659 secun-

337 701 590 775 singulis
623 700 927 772 acciperet.
952 699 1079 755 Non
1111 701 1269 754 enim
1301 698 1556 754 dantium
1590 697 1986 768 multitudine,

339 793 444 851 sed
474 809 542 849 ex
599 807 802 848 eorum
854 807 980 862 quas
1037 791 1198 858 dant,
1231 805 1544 860 eorumque
1601 805 1728 860 quae
1764 787 1985 857 insunt,

338 881 666 939 differentia
723 878 1066 951 compositio
1101 878 1424 950 judicatur.
1481 878 1539 932 Si
1594 882 1809 944 autem,
1861 891 1990 948 quas

339 973 576 1040 dantur,
631 969 958 1025 differentia
1006 973 1168 1034 sunt,
1231 971 1288 1023 et
1343 984 1466 1039 qua:
1509 967 1726 1034 insunt,
1759 966 1991 1022 differre

344 1076 580 1118 necesse
610 1063 699 1116 est
731 1074 746 1126 ;
780 1063 956 1130 atque
1013 1059 1090 1114 ita
1120 1057 1510 1130 compositum
1550 1057 1682 1122 erit,
1741 1057 1892 1128 quod
1925 1071 1994 1111 ex

341 1147 686 1222 bujusmodi
717 1146 1010 1204 constabit
1043 1167 1057 1215 ;
1093 1145 1252 1219 quod
1274 1147 1334 1200 in
1367 1145 1588 1218 Spiritu
1623 1152 1824 1202 sancto
1844 1160 1994 1201 nun-
2106 1147 2376 1200 Attamen
2429 1160 2545 1200 non
2599 1152 2733 1200 sunt
2764 1144 2878 1200 duo
2908 1144 3020 1212 Dii,
3051 1143 3281 1216 genitus
3321 1146 3379 1198 et
3429 1142 3751 1214 ingenitus,

343 1255 522 1312 quam
547 1238 721 1294 habet
750 1236 964 1293 locum.
1001 1257 1030 1285 »
2107 1235 2208 1292 sed
2232 1251 2384 1291 unus
2415 1239 2471 1291 et
2491 1235 2642 1290 idem
2673 1234 2840 1290 Deus.
2863 1232 2956 1290 Sic
2977 1233 3155 1305 igitur
3186 1250 3369 1290 unum
3402 1233 3749 1306 principium

416 1329 469 1383 4.
503 1327 586 1382 Ex
633 1326 804 1382 dictis
837 1326 1011 1381 etiam
1044 1324 1191 1380 illud
1239 1323 1545 1396 dijudicari
1603 1327 1812 1396 potest,
1846 1324 1998 1396 quod
2111 1341 2348 1398 unaque
2395 1341 2575 1381 causa
2606 1323 2862 1396 Spiritus
2899 1328 3162 1394 sanctus,
3184 1323 3286 1396 qui
3322 1331 3410 1380 est
3439 1325 3564 1380 sine
3593 1322 3757 1380 initio

345 1417 603 1473 afﬁrmat
629 1414 872 1470 Photius
924 1417 996 1483 (c.
1028 1414 1134 1483 14),
1169 1430 1285 1470 non
1335 1413 1530 1470 solum
1570 1415 1680 1470 duo
1716 1413 2003 1485 principia
2110 1415 2279 1471 Pater
2309 1419 2366 1470 et
2397 1413 2600 1480 Filius,
2633 1412 2730 1483 qui
2763 1412 3116 1484 principium
3147 1416 3205 1468 et
3233 1414 3409 1484 caput
3438 1411 3675 1479 dicitur,
3697 1414 3760 1466 ut

346 1507 409 1563 in
443 1506 724 1562 Trinitate
755 1511 1004 1560 statuere
1062 1503 1321 1572 Latinos,
1370 1519 1571 1560 verum
1633 1503 1808 1559 etiam
1841 1504 2003 1575 prin-
2112 1502 2363 1559 Hilarius
2389 1503 2526 1559 dicit
2559 1521 2572 1570 ;
2612 1506 2786 1573 caput
2815 1502 2971 1558 enim
3003 1501 3271 1558 omnium
3306 1500 3488 1556 Filius
3520 1503 3631 1568 est,
3661 1500 3756 1555 sed

351 1594 508 1665 cipia
538 1595 652 1649 duo
691 1592 912 1649 diversa
944 1609 1008 1648 ac
1035 1592 1372 1664 diﬂerentia,
1403 1592 1649 1649 alterum
1683 1593 1813 1649 sine
1843 1593 2004 1664 prin-
2115 1600 2289 1664 caput
2315 1591 2450 1648 Filii
2481 1591 2632 1648 Deus
2663 1595 2772 1647 est.
2817 1592 2932 1647 Duo
2967 1595 3129 1658 sunt,
3162 1590 3263 1646 ubi
3294 1589 3508 1646 similia
3560 1605 3760 1646 nume-

348 1684 525 1755 cipio,
559 1683 808 1738 alterum
868 1683 1306 1754 principiatum.
1365 1683 1516 1739 Sane
1556 1685 1608 1738 si
1666 1687 2006 1755 spectantur
2115 1680 2540 1738 randinomina
2559 1697 2749 1736 rerum
2767 1679 3025 1751 aliquam
3041 1679 3440 1752 pluralitatem
3462 1679 3764 1735 ostendere

351 1788 618 1845 personae,
651 1771 878 1828 duabus
909 1772 1170 1842 ejusdem
1200 1776 1424 1828 natura:
1447 1772 1710 1843 personis
1741 1771 2009 1828 convenit
2119 1771 2339 1839 volunt,
2363 1769 2684 1826 etsiearum
2708 1769 3330 1826 exsistendirationem
3354 1771 3606 1824 taceant.
3624 1768 3766 1824 Nam

351 1862 497 1918 ratio
530 1860 824 1931 principii,
856 1868 1098 1917 eatenus
1132 1861 1367 1932 quidem
1397 1857 1640 1917 diverso
1663 1861 1834 1918 modo
1866 1877 2016 1934 qua-
2045 1847 2094 1912 Β
2123 1878 2314 1933 naque
2359 1859 2804 1916 continuitatem
2866 1876 3058 1932 neque
3113 1859 3522 1916 discretionem
3580 1874 3771 1931 neque

2097 698 2233 753 dum
2257 697 2420 769 quid,
2444 712 2546 752 nec
2570 696 2716 752 alter
2745 698 2819 751 ab
2853 696 3030 750 altero
3063 697 3388 766 separatur,
3413 693 3598 748 multo
3633 693 3741 748 mi-

2099 802 2210 841 nus
2241 787 2355 842 duo
2389 786 2674 858 principia
2695 802 2797 841 seu
2824 786 2952 840 dua:
2983 800 3170 842 causa:
3193 800 3260 840 eo
3291 785 3444 857 quod
3471 783 3751 840 alteruter

2101 875 2394 948 (uterque)
2433 891 2611 932 causa
2669 876 2746 931 sit
2777 875 3082 946 sanctique
3111 875 3363 946 Spiritus
3394 873 3750 945 principium

2103 965 2596 1030 praedicabuntur.
2629 964 2908 1035 Nunquid
2956 963 3213 1019 Verbum
3245 963 3346 1019 Dei
3375 962 3565 1018 Patris
3595 962 3749 1020 Deus

2102 1070 2237 1113 cum
2271 1059 2382 1110 Deo
2403 1054 2430 1110 ‘I
2446 1054 2514 1109 Et
2534 1054 2689 1110 Deus
2721 1053 2957 1124 quidem
2990 1053 3218 1123 genitus
3239 1068 3307 1108 ex
3329 1053 3445 1108 Deo
3468 1052 3748 1125 ingenito.

355 1954 524 2006 tenus
577 1954 668 2006 est
698 1949 756 2004 in
807 1950 1092 2006 Trinitate
1125 1973 1152 2000 «
1189 1949 1544 2022 principium
1579 1967 1693 2007 non
1751 1952 1821 2006 de
1858 1950 2010 2022 prin-

360 2039 530 2110 cipio,
565 2039 716 2109 quod
772 2044 858 2094 est
885 2039 1077 2107 Pater,
1134 2045 1191 2095 et
1247 2039 1606 2111 principium
1638 2057 1672 2095 a
1700 2040 2012 2112 principio,

359 2128 514 2201 quod
546 2131 636 2184 est
680 2127 880 2185 Filius.
925 2150 954 2178 »
986 2129 1264 2200 (Thomas
1297 2131 1338 2184 Ι.
1373 2145 1423 2184 c.
1467 2145 1526 2200 q.
1558 2129 1648 2184 33.
1697 2147 1748 2184 a.
1783 2130 1834 2201 4)
1870 2136 2014 2197 ;sed

357 2218 512 2275 sicut
543 2216 812 2290 principii
846 2219 991 2274 ratio
1036 2222 1093 2274 et
1140 2218 1474 2290 principiali
1509 2223 1726 2274 natura;
1778 2217 2015 2290 aequali-

364 2311 545 2364 tatem
577 2323 694 2362 non
730 2305 898 2376 tollit,
927 2307 1011 2363 sic
1041 2323 1148 2363 nec
1165 2307 1393 2364 diversa
1423 2306 1481 2362 in
1506 2308 1890 2380 principiaute
1923 2324 2022 2364 re-

367 2397 531 2454 latio.
565 2398 675 2453 Sed
709 2397 758 2453 si
784 2404 1080 2469 spectatur
1107 2399 1284 2454 virtus
1302 2402 1354 2454 et
1382 2401 1524 2454 actio
1555 2398 2020 2470 spirandi,Pater

365 2490 422 2542 et
442 2485 621 2542 Filius
639 2490 780 2542 sunt
803 2502 986 2542 unum
1010 2486 1387 2558 principium,
1415 2503 1532 2542 uno
1553 2489 1865 2558 eodemque
1885 2491 2020 2543 actu

371 2575 614 2646 spirant.
651 2573 814 2640 Quod
845 2573 894 2630 si
925 2574 1126 2630 stricte
1172 2574 1462 2645 loquendo
1495 2576 1566 2631 de
1598 2576 1827 2632 duobus
1861 2576 2024 2646 prin-

377 2663 547 2734 cipiis
578 2679 770 2720 sermo
800 2662 1000 2719 haberi
1020 2665 1244 2734 nequit,
1269 2665 1455 2720 multo
1478 2665 1677 2721 minus
1699 2665 1770 2722 de
1794 2665 2024 2721 duobus

375 2751 684 2825 principiis
717 2751 869 2807 inter
897 2769 957 2808 se
987 2753 1252 2808 diversis.
1287 2753 1623 2810 Diﬂ'erentia
1656 2753 2024 2810 solummodo

373 2847 461 2898 est
509 2857 579 2898 ex
637 2844 798 2913 parte
846 2857 1256 2914 personarum,
1314 2849 1600 2915 quatenus
1664 2845 1848 2901 altera
1902 2845 2027 2902 sine

372 2930 661 3002 principio
693 2934 783 2988 est
810 2934 868 2987 et
897 2947 966 2987 ex
997 2947 1058 2988 se
1081 2931 1257 2989 habet
1285 2933 1652 3005 spiratricem
1682 2934 1822 3005 vim,
1843 2934 2028 2991 altera

375 3039 410 3079 a
441 3020 727 3094 principio
758 3024 846 3076 est
876 3025 933 3076 et
961 3021 1078 3076 vim
1111 3022 1376 3093 spirandi
1419 3022 1596 3080 habet
1626 3023 2026 3080 communica-

371 3117 497 3168 tam
529 3128 544 3180 ;
573 3127 677 3167 seu
707 3115 999 3183 quatenus
1019 3115 1156 3168 sunt
1193 3112 1361 3169 Pater
1389 3119 1444 3169 et
1473 3113 1653 3169 Filius
1683 3132 1698 3182 ;
1731 3131 1866 3170 cum
1897 3131 2026 3171 vero

372 3217 489 3260 non
525 3200 752 3270 spirent
796 3217 914 3272 qua
945 3200 1042 3258 ille
1072 3203 1264 3271 Pater,
1295 3201 1394 3260 hic
1425 3201 1630 3270 Filius,
1659 3203 1824 3260 nulla
1852 3208 1941 3260 est
1969 3203 2028 3259 in

376 3290 658 3362 spirando
689 3289 1006 3346 diversitas
1042 3309 1058 3362 ;
1088 3295 1145 3346 et
1166 3290 1315 3349 sicut
1347 3297 1552 3348 natura
1581 3309 1698 3350 non
1736 3293 2032 3363 dili‘erunt,

379 3379 517 3452 quia
547 3378 716 3434 Pater
745 3379 1056 3451 ingenitus,
1093 3380 1276 3436 Filius
1304 3381 1559 3453 genitus,
1585 3382 1670 3438 sic
1695 3398 1798 3438 nec
1831 3388 2038 3438 natura

389 3467 686 3538 differunt,
719 3467 859 3539 quia
889 3469 1056 3524 Pater
1084 3486 1118 3525 a
1151 3469 1337 3538 nullo,
1378 3469 1561 3526 Filius
1591 3487 1624 3526 a
1651 3471 1820 3526 Patre
1868 3471 2039 3528 habet

390 3555 736 3627 spirativam
795 3556 1090 3613 virtutem.
1147 3558 1364 3627 Potest,
1409 3575 1548 3614 sane
1595 3559 1709 3616 dici
1739 3561 1884 3616 duas
1913 3576 2038 3616 esse

393 3660 677 3716 personas
699 3643 1138 3716 principiantes,
1162 3647 1267 3704 sed
1285 3648 1410 3704 ideo
1435 3665 1548 3704 non
1570 3655 1710 3704 sunt
1739 3650 1854 3706 duo
1886 3652 2041 3721 prin-

387 3731 566 3804 cipia.
617 3732 880 3788 Advertit
918 3734 1090 3792 Joan.
1123 3736 1524 3808 Argyropulus
1557 3739 1648 3800 (De
1668 3754 1817 3810 proc.
1848 3739 2040 3812 Spirit.

385 3824 565 3877 sanet.
604 3837 652 3876 c.
714 3822 781 3876 10
814 3839 828 3890 ;
864 3819 923 3877 G.
955 3823 1016 3878 0.
1051 3824 1096 3890 Ι,
1128 3823 1393 3897 414-416)
1441 3823 1620 3899 ἀρχὴν
1655 3826 1838 3899 accipi
1870 3843 2042 3899 posse

386 3912 518 3965 tum
552 3925 654 3980 pro
714 3908 941 3982 δυνάμει
988 3916 1110 3968 tum
1146 3930 1248 3984 pro
1277 3911 1565 3968 ὑποστάσει
1599 3933 1614 3983 ;
1658 3917 1836 3988 priori
1866 3933 2042 3974 sensu

390 4014 510 4054 non
577 3997 776 4054 haberi
823 4000 940 4057 duo
997 4001 1306 4074 principia,
1340 4019 1466 4060 cum
1523 3999 1750 4078 δύναμις
1788 4001 2042 4080 προϐλη-

391 4087 521 4156 τική
584 4088 821 4145 nonnisi
851 4105 969 4145 una
999 4091 1323 4164 eademque
1362 4093 1438 4149 sit
1485 4092 1544 4149 in
1593 4094 1746 4166 [224]
1796 4095 1962 4152 Patre
1991 4101 2047 4153 et

393 4176 537 4234 Filio
562 4196 576 4247 ;
599 4178 904 4248 posteriori
937 4194 1115 4236 sensu
1136 4181 1480 4238 vocabulum
1505 4177 1600 4236 δύο
1633 4180 1810 4256 ἀρχὰς
1839 4184 2045 4241 admit-

392 4267 489 4336 tit,
521 4284 654 4325 cum
689 4268 791 4325 tali
833 4273 1000 4340 pacto
1041 4274 1156 4326 tres
1185 4287 1444 4341 personas
1475 4272 1534 4328 in
1581 4275 1872 4330 creatione
1903 4292 2041 4346 quo-

395 4372 508 4427 que
533 4360 680 4429 τρεῖς
729 4356 899 4430 ἀρχαὶ
931 4358 1058 4414 sine
1103 4359 1462 4416 absurditate
1495 4361 1628 4430 dici,
1679 4367 1736 4418 et
1767 4363 1849 4418 uti
1907 4371 2042 4435 tres,

397 4447 636 4546 ita.dute
668 4462 933 4547 peragam
964 4448 1227 4547 ejusdem
1261 4450 1508 4505 actionis
1539 4453 1854 4523 participes
1885 4453 2045 4525 cogi-
2077 4481 2123 4547 Β

396 4535 502 4590 tari
535 4536 772 4606 queant.
804 4532 1052 4590 Demum
1087 4536 1358 4592 audiatur
1387 4553 1613 4595 rursum
1673 4539 1837 4613 Hugo
1872 4542 2046 4599 Ethe-

475 4661 944 4738 (_3§).Aﬂ’eruntur
973 4663 1205 4738 quidem
1239 4665 1500 4738 Gregorii
1529 4668 1776 4738 Nysseni
1824 4670 2004 4738 verba,
2031 4687 2044 4724 :

402 4727 587 4813 Τρῦᾃξ
600 4727 757 4813 ἕνεκα
804 4727 1024 4813 ΙΙνεῦμᾶ
1071 4735 1340 4813 σςςτὸματος
1353 4727 1560 4813 ”(Ρξξι1.
1577 4727 1672 4813 ξι
1683 4757 1788 4813 x11,
1811 4743 1896 4813 6),
1920 4737 2048 4794 ἀλλ’

406 4801 536 4877 οὗχῖ
568 4799 742 4884 lsi-{el
761 4799 1274 4884 ayépa'ioesi'pqxsv
1318 4809 1354 4884 ὁ⁸
1377 4799 1566 4879 Ᾰαϐὶδ,
1605 4808 1697 4864 ἵνα
1735 4799 2048 4880 τῆνἛκπο-

408 4872 670 4957 passm-hy:
694 4872 940 4950 ἰδιότήτα
974 4872 1126 4957 μόνῴ
1157 4872 1464 4957 ἦροᾳοῦσαγ
1495 4872 1574 4955 τῷ
1625 4872 1801 4957 Πατρῖ
1841 4885 2049 4957 mordi-

406 4964 588 5028 Ξητᾳι.
623 4947 836 5028 Verum
860 4947 1232 5028 revera'loc'o
1282 4955 1390 5010 hoc
1443 4947 1754 5028 legendum
1797 4974 1925 5013 esse
1969 4956 2048 5027 τῷ

405 5017 679 5091 Πνεύματι
736 5024 1333 5100 et__nonnisi_errore
1389 5017 1736 5100 velufraude
1791 5017 2048 5100 (sumpto

403 5109 494 5144 πνι
528 5107 631 5162 pro
657 5094 778 5164 πρι)
801 5093 959 5149 illam
982 5094 1288 5153 lectionem
1316 5098 1612 5154 inductam
1642 5093 1893 5156 ostendit
1914 5093 2048 5156 con-

411 5167 602 5246 textus
635 5168 760 5246 tum
791 5164 914 5246 aliae
946 5168 1218 5246 rationes,
1265 5184 1412 5246 quas
1453 5171 1763 5246 diligenter
1811 5171 2050 5246 Niceph.

405 5233 938 5315 Blemmida,_ora_t.
969 5239 1024 5305 2,
1053 5254 1106 5315 _c.
1139 5243 1248 5315 _12;_
1281 5233 1520 5315 Beccus,
1553 5233 2055 5315 (Ἰθνρνοεηδρίνὶιαδ

408 5307 590 5387 sancti
644 5311 702 5362 et
751 5307 1152 5387 _in_Camater_i
1211 5312 1404 5387 4nim.
1439 5307 1515 5387 Ac.’
1557 5307 1673 5387 106
1692 5332 1710 5387 _;
1767 5307 2056 5387 Georgius

405 5379 644 5455 Trapez.
697 5379 1000 5455 ad__Joan._
1039 5380 1274 5455 Gubocl.
1325 5399 1378 5440 c.
1429 5385 1495 5438 19
1543 5386 1629 5455 (G.
1673 5385 1806 5453 0.1,
1838 5379 2052 5453 53Ϊ54,

407 5448 515 5502 245
566 5464 749 5528 ειδᾳίιζ
783 5452 855 5517 ΙΙ,
901 5452 1024 5520 455,
1073 5453 1314 5528 456_;__I,
1363 5448 1606 5510 510-512
1643 5448 1858 5528 aliique
1887 5448 2056 5528 expo-

408 5525 677 5596 suerunt.
712 5523 852 5596 Qum
884 5538 1015 5596 vero
1046 5525 1197 5596 apud
1239 5524 1568 5596 Nyssenum
1620 5545 1733 5584 non
1768 5523 2053 5586 secus—ac

407 5591 564 5675 apud
595 5590 771 5675 Basil.
802 5608 857 5675 ε.
891 5594 1143 5675 Ξξιωοῐιῑιζ
1173 5590 1340 5675 l_.‘Il'I,
1383 5600 1601 5675 ﬂvs‘upa
1637 5601 1734 5653 τοῦ
1779 5599 2052 5675 στόματρς

408 5663 562 5750 idem
596 5664 674 5746 sit
703 5679 770 5720 ac
799 5667 1020 5750 ΙΙνεῢξα
1040 5668 1148 5750 ¹τεῇ
1167 5663 1603 5750 Λόγορ,“ρ.ΐίὶοέξ
1624 5687 1693 5727 ex
1720 5663 1911 5750 verbis
1933 5673 2053 5750 illis

415 5734 657 5804 Psalmi,
687 5741 861 5808 prout
889 5753 924 5796 a
949 5734 1224 5797 Patribus
1255 5734 1680 5814 intelliguntur,
1729 5745 2055 5801 desumitur

2121 1952 2569 2009 dividendorum
2602 1951 2871 2024 aperiunt
2896 1951 3304 2015 differentiam,
3339 1949 3602 2022 aliquam
3634 1955 3766 2006 tan-

2121 2042 2426 2098 tummodo
2450 2040 2880 2097 manifestantia
2900 2040 3257 2109 varietatem,
3275 2057 3403 2110 qua:
3435 2037 3600 2095 nulla
3619 2039 3766 2094 inter

2124 2135 2353 2186 Patrem
2411 2137 2464 2186 et
2525 2129 2755 2197 Filium,
2791 2146 2859 2186 ex
2889 2146 2954 2186 eo
2986 2130 3141 2200 quod
3190 2127 3433 2200 Spiritui
3462 2144 3592 2185 esse
3622 2145 3766 2199 prae-

2125 2223 2283 2276 stant
2317 2235 2329 2286 ;
2365 2235 2563 2276 verum
2597 2235 2714 2274 una
2735 2235 2909 2274 causa
2941 2227 3027 2274 est
3059 2218 3314 2290 Spiritus
3347 2225 3608 2288 uterque.
3635 2237 3662 2270 ι

2196 2309 2249 2363 5.
2283 2308 2544 2364 Alterum
2577 2309 2806 2365 axioma
2837 2325 2870 2364 a
2897 2307 3098 2364 Photio
3131 2307 3428 2362 invectum
3460 2307 3607 2377 (vide
3643 2322 3694 2362 c.
3717 2306 3775 2376 9,

2131 2398 2196 2453 17
2228 2413 2350 2468 seq.
2396 2398 2484 2469 47)
2515 2405 2599 2454 est
2630 2397 2816 2452 illud:
2868 2397 3174 2453 Producere
3227 2413 3322 2452 seu
3369 2397 3616 2452 emittere
3643 2394 3776 2466 Spi-

2129 2489 2300 2542 ritum
2341 2491 2592 2541 sanctum
2650 2494 2733 2542 est
2775 2486 2962 2542 Patris
3019 2485 3231 2541 idioma
3285 2501 3378 2542 seu
3432 2486 3782 2559 hypostat-ica

2128 2576 2322 2632 Patris
2353 2577 2681 2647 proprietas.
2716 2575 2860 2632 Hinc
2909 2575 3228 2645 concludit,
3261 2591 3295 2631 a
3327 2575 3550 2630 Latinis
3578 2590 3781 2646 perso-

2132 2682 2342 2723 narum
2387 2665 2665 2721 idiomata
2709 2664 2954 2731 destrui,
3004 2667 3164 2734 dum,
3212 2665 3368 2737 quod
3399 2663 3542 2720 dicit
3600 2663 3785 2720 Patris

2133 2754 2375 2823 idioma,
2402 2761 2456 2809 et
2501 2742 2644 2810 Filio
2673 2753 2997 2809 vindicant.
3028 2751 3246 2808 Verum
3288 2751 3396 2808 hoc
3427 2751 3784 2824 principium

2134 2843 2300 2900 nulla
2329 2842 2550 2899 ratione
2574 2843 2846 2914 nullaque
2868 2842 3210 2899 auctoritate
3241 2841 3450 2898 fultum
3483 2857 3730 2913 prorsus
3751 2858 3785 2896 a

2140 2933 2362 2990 Latinis
2415 2933 2697 3005 rejicitur.
2782 2933 2970 2989 Patris
3043 2932 3482 2989 constitutivum
3559 2930 3784 2987 idioma

2136 3039 2339 3080 omnes
2366 3022 2759 3096 patemitatem
2788 3023 3010 3092 dicunt,
3042 3039 3177 3079 cum
3209 3039 3327 3094 qua
3357 3020 3588 3094 spiratio
3617 3021 3784 3076 iden-

2141 3111 2353 3168 tificari
2387 3111 2624 3183 nequit;
2661 3127 2829 3168 nemo
2887 3114 3163 3183 presteres
3217 3114 3460 3166 Patrum
3493 3109 3591 3177 τὴν
3647 3125 3795 3182 προ-

2142 3197 2318 3270 ϐολὴν
2379 3203 2483 3258 uni
2531 3201 2684 3257 Patri
2724 3200 3036 3258 vindicavit
3071 3202 3157 3256 vel
3215 3202 3342 3271 ejus
3399 3199 3795 3256 characterem

2144 3290 2590 3347 constitutivum
2614 3289 2843 3346 censuit
2865 3290 2975 3361 (35)
2996 3307 3010 3358 ;
3035 3289 3194 3345 addit
3218 3290 3434 3345 Beccus
3451 3290 3629 3359 (orat.
3649 3289 3705 3355 2,
3726 3289 3799 3343 De

2144 3381 2356 3452 injuste
2413 3379 2562 3453 [225]
2595 3379 2715 3452 dep.
2762 3393 2813 3435 c.
2844 3379 2915 3434 24
2947 3395 2961 3446 ;
2995 3378 3054 3434 G.
3115 3377 3176 3434 0.
3233 3378 3304 3445 ΙΙ,
3334 3378 3427 3443 76,
3478 3378 3572 3449 77)
3608 3375 3793 3433 Photii

2144 3467 2405 3542 πρότασιν
2439 3468 2507 3524 iis
2565 3468 2840 3524 omnibus
2890 3467 3204 3524 Doctorum
3249 3466 3598 3522 testimoniis
3655 3481 3792 3522 con-

2151 3557 2346 3626 futari,
2395 3557 2454 3612 in
2515 3557 2730 3628 quibus
2768 3557 2803 3625 ὴ
2849 3559 2945 3609 τοῦ
3005 3555 3213 3629 Harpe:
3269 3557 3362 3609 καὶ
3421 3554 3552 3609 Υἱοῦ
3614 3553 3802 3621 ἑνότης

2149 3645 2238 3701 ἐπὶ
2295 3651 2455 3701 πᾶσιν
2489 3643 2586 3700 ὅσα
2619 3643 2679 3699 ἐκ
2734 3645 2944 3720 Πατρὸς
3005 3641 3075 3698 δι’
3132 3645 3260 3699 Υἱοῦ
3317 3643 3560 3720 λέγεται,
3621 3661 3803 3717 appa-

2153 3743 2262 3806 ret,
2295 3739 2451 3812 quod
2483 3737 2753 3794 adductis
2783 3736 2980 3792 Basilii
3013 3740 3070 3791 et
3089 3735 3393 3792 Athanasii
3417 3735 3679 3790 textibus
3709 3737 3800 3790 de-

2152 3828 2355 3885 clarat.
2396 3827 2609 3882 Verum
2639 3843 2753 3899 quo
2795 3842 2888 3882 res
2921 3823 3273 3882 luculentius
3302 3829 3518 3896 pateat,
3555 3840 3800 3881 accura-

2152 3919 2272 3975 tius
2297 3918 2624 3974 divinarum
2649 3932 3034 3988 personarum
3062 3915 3445 3988 proprietates
3474 3914 3591 3970 late
3612 3915 3798 3970 dictas

2154 4008 2560 4080 inspiciamus.
2620 4007 3076 4078 Distinguuntur
3131 4005 3368 4061 omnino
3408 4004 3798 4076 proprietates

2157 4097 2512 4170 personales,
2549 4095 2944 4169 hypostaticsa,
3004 4110 3280 4167 personas
3310 4093 3740 4150 constituentes
3770 4107 3801 4146 a

2156 4188 2495 4245 diacriticis.
2531 4187 2697 4259 (Vide
2730 4187 2924 4243 Petav.
2970 4186 3043 4242 De
3099 4187 3247 4241 Trin.
3299 4184 3549 4240 Promm.
3604 4183 3644 4239 1.
3700 4183 3798 4253 ιν.)

2153 4278 2399 4336 Nonnisi
2429 4286 2540 4334 tres
2568 4276 2936 4350 proprietate:
2965 4275 3335 4348 hypostaticas
3364 4275 3445 4330 vel
3464 4275 3802 4331 constituen-

2154 4375 2229 4424 tes
2308 4363 2601 4438 (ἰδιώματα
2659 4363 3016 4436 ὑποπατικὰ)
3078 4368 3404 4436 agnoscunt
3479 4362 3678 4420 Patres
3737 4377 3799 4418 ac

2155 4457 2406 4529 theologi
2434 4461 2612 4524 ;sunt
2638 4460 2833 4512 autem
2869 4473 2883 4512 :
2941 4452 3244 4526 πατρότης,
3284 4451 3493 4522 siem,
3549 4450 3800 4525 ἐκπόρευ-

2157 4567 2237 4608 σις
2270 4547 2458 4619 (36).»
2510 4547 2574 4602 In
2622 4545 2833 4602 divinis
2874 4544 3163 4617 porsonis,
3198 4565 3227 4594 ››
3286 4548 3440 4600 recte
3497 4543 3578 4599 ait
3636 4542 3799 4614 Hugo

2157 4677 2360 4729 contra
2389 4672 2701 4729 Photianos
2724 4677 3161 4744 argumentum,
3185 4673 3336 4744 quod
3355 4688 3503 4744 sese.
3527 4671 3614 4739 18,
3636 4687 3801 4728 conc.

2156 4746 2306 4801 Flor.
2365 4747 2527 4801 Joan.
2587 4743 2816 4800 Τὺεοιξ
2848 4760 3078 4816 quoque
3136 4743 3500 4816 inmedium
3559 4744 3805 4816 protulit

2160 4817 2359 4886 (Hard.
2393 4817 2479 4886 ιχ,
2511 4816 2660 4883 200).
2696 4815 2898 4872 Simile
2930 4816 3072 4888 quid
3103 4815 3423 4888 contigisse
3450 4815 3510 4870 in
3542 4815 3807 4886 Gregorii

2157 4888 2503 4959 Nazianzeni
2536 4892 2680 4942 orat.
2710 4889 2798 4954 8-1,
2833 4887 3035 4959 (Clem.
3071 4888 3182 4959 34),
3221 4887 3566 4959 Deodevntu
3597 4889 3805 4959 Αἰναρ-

2158 4962 2383 5048 ιίρνιεςη,
2417 4958 2786 5048 ηἰιῡξτροωηὶῃ
2817 4956 3194 5048 verbis‘illis‘:
3239 4957 3418 5048 [Ιάγτα
3465 4956 3566 5048 ὅσια
3613 4958 3640 5010 ὁ
3670 4956 3807 5012 ’Πὰ-

2155 5029 2258 5102 τὴρ
2291 5026 2431 5102 ἔχὲι,
2461 5032 2558 5083 τοῦ
2590 5029 2717 5083 Υἱοῦ
2748 5027 2888 5083 ἐστιν
2917 5027 3063 5098 πλὴν
3094 5034 3194 5096 τῆς
3235 5026 3435 5097 αἰτίας,
3485 5036 3662 5100 atque
3705 5045 3804 5103 pro

2159 5099 2334 5162 αἰτίας
2368 5102 2678 5174 legendum
2720 5117 2849 5158 esse
2896 5099 3213 5174 ἀγεννηᾳίᾳς
3261 5105 3388 5157 tum
3416 5117 3500 5174 rex
3549 5100 3810 5174 melioris

2165 5182 2309 5245 nolis
2341 5173 2659 5240 codicibus,
2693 5177 2819 5227 tum
2839 5189 2920 5245 fex
2947 5173 3242 5245 parallelis
3263 5173 3526 5245 ejusdem
3552 5173 3808 5245 theologi

2165 5244 2309 5301 locis
2339 5245 2596 5301 ostendit
2625 5245 2795 5300 Joan.
2838 5244 3074 5310 BecCus,
3107 5248 3253 5300 orat.
3283 5245 3338 5306 2,
3373 5245 3445 5299 De
3475 5244 3685 5312 injusta
3715 5244 3812 5300 de-

2161 5317 2423 5444 ἕὲδὶἓιὲ).
2477 5317 2543 5371 18
2587 5317 2625 5370 l.
2678 5332 2753 5384 iv,
2801 5317 2881 5372 Ad
2923 5318 3196 5372 Constant.
3229 5332 3276 5371 c.
3303 5317 3358 5384 6,
3393 5315 3473 5387 (ϐ.
3507 5315 3571 5372 0.
3608 5315 3678 5384 II,
3710 5317 3808 5370 63-

2488 5463 2732 5532 Beccum
2765 5456 3084 5532 ad‘fl‘heoid.
3115 5459 3294 5532 Sugd.
3329 5460 3367 5514 l.
3401 5475 3458 5518 ιι.
3493 5475 3542 5532 c.
3567 5459 3603 5510 7
3633 5457 3716 5532 (ϐ,
3743 5459 3807 5514 0.

2165 5529 2541 5602 Il,'128-133).
2588 5531 2794 5601 Georg.
2829 5529 3312 5602 Meloch.,Contra
3359 5530 3592 5586 Maxim.
3643 5531 3806 5585 Plan.

2161 5603 2282 5673 (lib.
2300 5603 2368 5670 II,
2387 5601 2697 5674 929'seqq.)
2721 5602 2801 5658 De
2817 5607 3065 5674 eo,quod
3085 5601 3645 5673 interdum,utapud
3673 5602 3808 5674 Naz.

2163 5678 2307 5730 orat.
2351 5675 2440 5742 38,
2469 5691 2550 5747 rp.
2595 5673 2730 5742 1186;
2781 5680 2927 5747 orat.
2960 5675 3068 5747 ‘13,
3115 5675 3348 5747 p._2ti,
3376 5675 3484 5747 _e_d.
3515 5681 3653 5747 yet.,
3685 5673 3810 5747 loco

2161 5750 2262 5815 τῆς
2303 5741 2649 5818 πατρόίξητος
2684 5745 2922 5819 ponitur
2949 5741 3280 5823 dysvvﬁata;
3337 5745 3466 5803 vide
3517 5744 3576 5802 L.
3633 5744 3813 5803 Allat.
