4058 6216
230 402 351 462 469

947 398 1050 458 DE
1095 398 1160 458 S.
1209 395 1412 457 SPIR.
1458 391 1997 456 MYSTAGOGIA.
2043 423 2121 438 —
2165 394 2939 459 ANIMADVERSIONES.

3535 404 3656 463 470

227 533 584 592 Etherianus
631 533 694 604 (1.
744 533 788 598 I,
834 549 882 588 ο.
933 532 988 589 8.
1041 548 1100 605 p.
1149 530 1332 602 1204),
1383 533 1500 586 tres
1559 528 1872 601 proprieta-

2001 544 2115 585 non
2146 529 2310 586 addit
2337 531 2436 598 τήν
2482 529 2770 606 προϐολὴν
2819 543 2881 591 ιιι
2926 537 3078 592 Patri
3117 537 3430 609 propriam.
3466 539 3526 594 Id
3581 541 3653 596 de

232 629 322 682 tes
355 625 506 697 [226]
534 622 873 679 immobiles
906 626 1081 677 sunt:
1119 620 1461 694 paternitas,
1495 617 1717 685 filiatio,
1753 635 1886 690 pro-

232 717 458 782 cessio;
491 712 818 770 secundum
869 728 1018 784 quas
1049 711 1200 767 solas
1239 717 1358 766 tres
1391 724 1672 782 personae,
1723 710 1889 764 Pater

233 805 366 861 scil.
405 811 458 860 et
509 802 692 859 Filius
742 806 798 858 et
846 800 1098 872 Spiritus
1143 803 1379 856 sanctus
1420 799 1824 870 insigniuntur.
1861 817 1886 848 ι

231 894 390 952 Sane
414 909 549 949 cum
582 892 762 949 Graeci
794 889 1028 947 nonnisi
1057 895 1178 946 tres
1209 905 1488 962 personas
1517 888 1577 944 in
1605 887 1889 942 Trinitate

223 987 568 1058 agnoscant,
593 981 768 1038 etiam
801 982 910 1037 tria
931 981 1122 1038 solum
1145 979 1451 1036 admittere
1475 981 1720 1051 possunt
1739 976 1886 1032 idio-

225 1083 388 1130 mata
446 1071 880 1138 constituentia,
945 1086 1072 1142 quas
1138 1073 1345 1125 notant
1403 1071 1518 1124 tres
1575 1066 1886 1122 relationes

225 1163 626 1220 subsistentes
656 1159 728 1216 ab
757 1159 1006 1217 invicem
1029 1157 1264 1215 realiter
1283 1157 1590 1214 distinctas
1609 1155 1886 1227 (Thomas

227 1269 286 1324 q.
338 1251 430 1317 30,
487 1266 540 1306 a.
590 1249 686 1321 2);
733 1249 1120 1321 proprietates
1164 1247 1320 1304 enim
1370 1245 1704 1319 personales
1751 1251 1886 1300 sunt

223 1341 384 1396 idem
415 1355 550 1396 cum
589 1338 856 1411 personis
886 1355 954 1395 ea
983 1338 1229 1407 ratione,
1263 1353 1381 1409 qua
1406 1337 1763 1393 abstractum
1799 1338 1885 1389 est

223 1431 382 1486 idem
414 1445 550 1484 cum
580 1433 847 1484 concreto
878 1427 979 1498 (ib.
1010 1443 1064 1497 q.
1098 1428 1187 1482 40.
1222 1444 1275 1482 a.
1310 1427 1363 1494 1,
1395 1427 1466 1482 ad
1500 1427 1573 1497 1).
1607 1425 1736 1480 Haec
1773 1424 1884 1478 tria

221 1517 707 1574 characteristica
737 1532 1120 1588 personarum
1151 1515 1433 1572 idiomata
1458 1515 1698 1570 immota
1727 1530 1883 1584 pror-

218 1621 324 1663 sus
356 1620 598 1661 manere
637 1620 838 1661 omnes
887 1604 1268 1661 consentiunt
1298 1605 1434 1677 (37).
1475 1603 1609 1659 Post
1647 1601 1766 1658 haec
1799 1619 1883 1658 re-

217 1697 539 1752 censentur
569 1693 876 1750 diacriticas
917 1698 976 1750 et
1007 1710 1122 1750 non
1163 1694 1584 1750 constituentes
1615 1691 1884 1764 proprie—

215 1786 412 1839 tates:
447 1781 896 1849 innascibilitas,
942 1797 1069 1852 quae
1111 1779 1412 1837 relationis
1443 1785 1532 1835 est
1577 1795 1779 1849 expers
1821 1782 1884 1834 'et

218 1873 294 1927 ad
328 1886 517 1926 unum
563 1870 785 1926 Patrem
817 1874 1059 1941 spectat,
1100 1874 1158 1926 et
1184 1865 1438 1943 προϐολή
1479 1870 1597 1924 sive
1636 1868 1879 1940 spiratio

219 1962 418 2019 activa
465 1977 498 2016 a
534 1961 768 2033 passiva
805 1975 909 2016 seu
959 1956 1272 2033 ἐκπορεύσει
1326 1959 1698 2015 secernenda.
1743 1960 1876 2025 Quae

219 2053 378 2106 nota
421 2049 739 2105 diacriticas
767 2065 902 2104 cum
937 2048 1128 2104 tribus
1159 2047 1274 2104 illis
1305 2045 1680 2120 hypostaticis
1725 2047 1878 2102 notis

217 2140 485 2212 quinque
536 2136 798 2195 notiones
855 2135 1105 2209 (ἐννοίας,
1155 2136 1531 2210 γνωρίσματα)
1590 2135 1876 2203 efficiunt,

217 2245 375 2302 quas
406 2228 803 2284 Damascenus
841 2227 940 2292 (De
974 2227 1080 2297 ﬁde
1107 2227 1255 2283 orth.
1303 2228 1346 2295 I,
1377 2226 1526 2296 9-11)
1565 2226 1685 2294 jam
1735 2224 1876 2279 satis

215 2318 400 2374 novit.
424 2316 700 2389 Triplicis
730 2315 960 2389 generis
991 2315 1129 2371 hinc
1156 2318 1542 2371 secernuntur
1563 2308 1835 2385 ἰδιώματα
1859 2328 1875 2368 :

216 2403 556 2461 ὑποστατικᾶ
600 2405 880 2477 primum,
922 2404 1134 2461 deinde
1175 2401 1422 2477 σχετικὰ,
1466 2401 1633 2459 tertio
1683 2421 1875 2455 συστα-

213 2496 362 2551 τικαὶ.
415 2495 580 2552 Ratio
635 2495 940 2566 objectiva,
982 2511 1100 2566 qua
1149 2509 1393 2565 persona
1427 2491 1773 2564 designatur
1821 2495 1879 2547 et

218 2586 294 2643 ab
325 2585 443 2642 alia
463 2583 848 2655 dignoscitur,
872 2588 962 2640 est
983 2583 1144 2640 notio
1176 2599 1276 2639 seu
1302 2577 1506 2653 ἰδίωμα
1527 2578 1873 2653 συστατικὸν;

215 2673 369 2730 tales
402 2673 671 2730 notiones
711 2672 894 2745 igitur
923 2677 1061 2729 sunt
1089 2671 1427 2743 paternitas,
1468 2669 1692 2736 filiatio,
1744 2686 1877 2741 pro-

211 2761 425 2828 cessio,
459 2761 889 2818 innascibilitas
914 2765 972 2817 et
1001 2761 1188 2817 activa
1217 2759 1480 2831 spiratio.
1515 2759 1652 2814 Dum
1685 2763 1877 2830 poste-

211 2852 401 2910 riores
459 2867 574 2908 non
622 2851 985 2908 constituunt
1015 2866 1368 2924 personam;
1421 2851 1550 2906 ideo
1600 2849 1880 2906 dicuntur

209 2947 445 3000 tantum
478 2941 745 2998 notiones
780 2957 1186 3013 personarum,
1221 2956 1336 2996 non
1376 2943 1571 2995 autem
1605 2955 1875 3011 persona-

214 3033 334 3101 les;
372 3031 484 3087 hoc
513 3046 645 3087 vero
679 3030 834 3086 inter
862 3047 924 3086 se
960 3030 1256 3098 diﬂ'erunt,
1289 3029 1444 3100 quod
1483 3029 1664 3085 activa
1694 3028 1875 3100 spira-

1997 620 2274 676 omnibus
2307 621 2520 677 Graecis
2552 624 2826 680 Patribus
2848 625 2962 681 dici
2985 627 3175 694 debet,
3210 628 3311 698 qui
3346 629 3406 683 in
3429 627 3531 684 illa
3553 630 3657 684 du-

2000 709 2133 780 plici
2155 714 2291 765 nota
2313 711 2697 767 immorantur
2718 729 2822 768 nec
2847 731 3106 784 unquam
3149 716 3511 785 spiratricem
3537 717 3652 772 vim

2004 806 2065 857 ut
2108 798 2310 873 ἷδίωμα
2355 801 2707 856 ὑποστατικὸν
2762 805 2946 860 Patris
2979 805 3249 861 efferunt.
3301 807 3406 875 (Cf.
3460 807 3652 862 Petav.

2004 891 2076 946 De
2097 892 2242 946 Trin.
2276 908 2358 961 ιιι,
2395 893 2602 963 iseq.;
2636 909 2733 958 vu,
2766 893 2851 958 10,
2885 910 2942 950 n.
2972 894 3036 948 19
3073 893 3226 966 seq.)
3247 894 3498 951 Vocatur
3529 897 3656 968 qui-

2003 981 2131 1036 dem
2165 980 2331 1036 Pater
2377 981 2655 1055 γεννήτωρ
2703 981 2792 1035 καὶ
2841 977 3148 1055 προϐολεὺς
3201 987 3309 1053 (ex.
3361 1001 3446 1056 gr.
3496 988 3651 1057 apud

2001 1069 2137 1124 Naz.
2169 1074 2315 1126 orat.
2346 1070 2437 1138 33,
2483 1088 2538 1140 p.
2585 1071 2710 1137 562,
2762 1072 2852 1126 ed.
2903 1071 3062 1142 vet.),
3115 1073 3218 1127 sed
3269 1072 3376 1128 hoc
3431 1073 3652 1144 liquido

2001 1160 2331 1216 ostenditur
2374 1176 2526 1229 eum,
2570 1176 2684 1216 non
2717 1166 3006 1232 quatenus
3035 1168 3124 1218 est
3171 1163 3360 1232 Pater,
3393 1164 3651 1234 adeoque

1999 1265 2116 1304 non
2142 1247 2522 1304 constitutiva
2547 1265 2656 1304 sua
2684 1250 3050 1320 proprietate,
3077 1251 3299 1322 spirare
3329 1251 3646 1323 Spiritum;

1999 1339 2096 1395 sed
2131 1355 2431 1410 nunquam
2469 1338 2496 1406 ἦ
2527 1333 2782 1412 προϐολή
2829 1339 2903 1396 iis
2935 1341 3272 1410 adjungitur
3302 1342 3477 1411 notis,
3520 1358 3648 1413 quae

1998 1427 2101 1484 uni
2131 1427 2241 1498 ipsi
2300 1427 2670 1498 conveniunt,
2702 1444 2860 1499 quas,
2906 1437 2965 1485 ut
3022 1429 3271 1486 Basilius
3324 1429 3427 1495 ait,
3483 1427 3648 1499 μόνος

1996 1515 2159 1576 αὐτὸς
2189 1509 2339 1589 exat;
2371 1517 2468 1572 sed
2520 1533 2828 1589 nunquam
2879 1519 3101 1575 ratione
3155 1523 3251 1572 τοῦ
3297 1515 3645 1593 προϐόλεως,

1997 1610 2061 1661 ut
2088 1623 2122 1662 a
2151 1605 2389 1678 Spiritu,
2423 1605 2508 1662 sic
2540 1624 2574 1662 a
2597 1606 2736 1662 Filio
2769 1607 3082 1664 distinctus
3105 1613 3359 1680 apparet.

2063 1695 2118 1749 6.
2151 1699 2284 1750 Haec
2307 1710 2542 1750 rursum
2573 1711 2640 1751 ex
2674 1695 2800 1752 Filii
2839 1696 3188 1768 proprietate
3220 1697 3648 1752 conﬁrmantur

1994 1800 2120 1855 quae
2154 1783 2234 1840 nil
2269 1800 2370 1854 per
2399 1801 2461 1840 se
2490 1784 2686 1852 habet,
2723 1787 2870 1856 quod
2905 1785 3116 1841 Filium
3147 1786 3218 1840 ab
3250 1785 3436 1842 activa
3467 1787 3648 1858 spira-

1987 1874 2146 1930 tione
2177 1871 2467 1928 excludat.
2512 1873 2668 1930 Scite
2713 1878 2878 1944 Hugo
2909 1875 3255 1930 Etherianus
3286 1875 3356 1944 (l.
3388 1892 3474 1943 ιιι,
3507 1891 3557 1932 c.
3588 1876 3644 1945 2,

1987 1981 2044 2036 p.
2097 1963 2234 2018 1238
2282 1963 2415 2031 G.):
2446 1984 2473 2012 ‹‹
2507 1963 2568 2018 Si
2620 1964 2940 2036 paternitas
2992 1981 3107 2020 non
3154 1964 3412 2021 excludit
3456 1964 3645 2036 Spiri-

1985 2059 2113 2110 tum
2147 2069 2180 2107 a
2231 2053 2399 2108 Patre
2445 2053 2670 2108 ratione
2719 2070 2906 2108 causae
2957 2071 3061 2109 seu
3111 2054 3404 2126 principii,
3459 2069 3645 2125 neque

1987 2141 2351 2197 nascibilitas
2392 2140 2651 2196 excludit
2693 2143 2960 2197 eumdem
3000 2143 3281 2212 Spiritum
3310 2160 3342 2198 a
3371 2141 3512 2197 Filio
3544 2159 3645 2198 se-

1987 2231 2244 2287 cundum
2267 2230 2523 2286 eamdem
2553 2229 2847 2285 rationem.
2875 2251 2902 2280 ››
2928 2233 3049 2286 Imo
3070 2231 3207 2287 dum
3233 2235 3428 2286 Patres
3450 2230 3648 2285 Filium

1990 2321 2341 2390 Unigenitum
2385 2323 2664 2392 Μονογενῆ
2718 2319 3088 2375 nominatum
3126 2319 3184 2374 in
3227 2319 3425 2374 Bibliis
3445 2319 3647 2376 vident

1987 2413 2045 2464 et
2074 2408 2154 2464 ita
2186 2409 2293 2464 hoc
2324 2408 2474 2480 [228]
2525 2424 2734 2465 nomen
2778 2407 3091 2478 explicant,
3127 2415 3188 2463 ut
3227 2407 3354 2480 ipse
3393 2409 3466 2464 sit
3493 2407 3645 2465 solus

1987 2499 2084 2569 qui
2104 2513 2178 2552 ex
2204 2496 2317 2552 solo
2345 2495 2420 2551 sit
2439 2497 2622 2563 Patre,
2660 2493 2823 2568 μόνος
2857 2493 2915 2548 ἐκ
2949 2495 3120 2567 μόνου
3154 2496 3291 2568 (39),
3337 2497 3645 2553 manifeste

1987 2585 2268 2658 Spiritum
2304 2602 2418 2640 non
2452 2601 2580 2640 esse
2613 2601 2646 2641 a
2676 2585 2798 2641 solo
2843 2585 3012 2641 Patre
3043 2584 3288 2641 tradunt
3327 2601 3394 2640 ac
3427 2585 3644 2641 mirum

1988 2675 2049 2730 in
2099 2676 2342 2730 modum
2377 2675 2591 2730 Latinae
2633 2672 2898 2729 Ecclesiae
2933 2673 3066 2729 fidei
3115 2673 3535 2746 sutl‘ragantur.
3585 2673 3645 2729 Si

1990 2763 2174 2821 Filius
2203 2773 2289 2821 est
2317 2765 2466 2820 solus
2507 2765 2578 2819 de
2608 2763 2732 2818 solo
2763 2767 2948 2833 Patre,
2983 2779 3118 2835 ergo
3143 2763 3394 2836 Spiritus
3419 2781 3533 2820 non
3556 2769 3646 2820 est

1989 2855 2059 2910 de
2090 2855 2213 2911 solo
2245 2854 2450 2922 Patre;
2486 2869 2656 2925 porro
2686 2853 2800 2908 alia
2830 2870 3079 2925 persona
3125 2870 3240 2910 non
3271 2855 3553 2926 suppetit,
3578 2855 3649 2910 de

1987 2959 2100 3014 qua
2129 2945 2207 2998 sit
2253 2941 2451 3010 simul,
2506 2941 2616 2996 nisi
2650 2941 2847 2996 Filius.
2883 2941 3045 2996 Unde
3089 2946 3244 2997 recte
3289 2941 3639 2996 Ratramnus

1988 3031 2155 3104 (LII,
2206 3049 2254 3088 c.
2299 3033 2354 3086 6.
2408 3049 2464 3104 p.
2521 3031 2648 3087 270.
2701 3032 2792 3087 ed.
2827 3030 3080 3101 MIGNE):
3128 3030 3452 3098 «Dicatur,
3485 3031 3635 3101 quod

211 3123 296 3179 tio
326 3123 511 3178 etiam
545 3119 738 3177 relatio
769 3127 856 3176 est
903 3136 1004 3176 seu
1053 3116 1256 3190 ἰδίωμα
1305 3118 1577 3192 σχετικὸν,
1621 3117 1874 3174 innasci-
1905 3134 1947 3201 ρ
1985 3122 2170 3177 nostri
2205 3121 2399 3177 dixere
2422 3121 2672 3191 majores
2701 3135 2714 3175 :
2751 3118 2930 3174 Filius
2973 3135 3043 3174 ex
3074 3120 3237 3174 Patre
3264 3124 3454 3185 natus,
3487 3119 3634 3174 solus

213 3210 416 3267 bilitas
445 3225 603 3274 vero,
645 3225 775 3280 qua:
806 3209 887 3264 nil
935 3209 1094 3264 aliud
1126 3209 1287 3277 dicit,
1323 3208 1436 3263 nisi
1495 3208 1720 3264 Patrem
1755 3223 1872 3262 non

213 3315 335 3356 esse
367 3300 444 3356 ab
469 3298 605 3367 alio,
637 3298 798 3354 nulla
829 3303 913 3355 est
942 3297 1163 3367 relatio,
1187 3297 1435 3369 ideoque
1468 3313 1625 3353 mera
1647 3300 1704 3352 et
1730 3313 1878 3368 pura

213 3390 373 3446 notio
403 3392 667 3445 vocatur.
695 3387 988 3444 Habemus
1020 3401 1156 3458 ergo
1186 3387 1446 3458 quinque
1488 3386 1773 3454 notiones,
1806 3402 1876 3442 ex

212 3478 431 3551 quibus
463 3481 714 3548 quatuor
763 3481 902 3532 sunt
934 3475 1266 3540 relationes,
1299 3479 1418 3531 tres
1467 3480 1616 3532 notae
1648 3475 1875 3530 consti-

210 3571 476 3625 tuentes.
506 3565 616 3636 (αι.
662 3565 863 3622 Thom.
897 3581 952 3636 q.
990 3564 1081 3620 32.
1125 3581 1179 3620 a.
1221 3564 1300 3635 3.)
1333 3566 1413 3620 Ex
1442 3563 1537 3620 his
1559 3566 1682 3636 jam
1717 3567 1876 3636 patet

215 3655 368 3728 [227]
402 3653 654 3710 activam
699 3653 1080 3725 spirationem
1122 3670 1239 3709 non
1270 3668 1400 3710 esse
1439 3652 1873 3725 hypostaticum

219 3744 410 3800 Patris
438 3743 684 3810 idioma,
733 3758 863 3799 esse
909 3758 1046 3798 vero
1087 3742 1453 3812 relationem,
1493 3758 1625 3798 cum
1685 3736 1870 3814 σχέσιν

220 3833 380 3890 dicat
409 3834 485 3890 ad
534 3833 844 3904 spiritum;
889 3837 1043 3904 patet
1073 3847 1306 3905 quoque
1335 3847 1464 3888 eam
1505 3832 1727 3886 nullam
1767 3830 1874 3886 ha-

214 3921 348 3978 bere
371 3922 803 3994 oppositionem
825 3922 1120 3978 relativam
1141 3923 1211 3978 ad
1236 3920 1664 3994 paternitatem,
1683 3935 1874 3991 neque

210 4013 278 4067 ad
339 4010 712 4069 ﬁliationem.
771 4011 827 4067 Si
859 4011 1239 4068 constitutiva
1271 4011 1416 4066 foret
1463 4011 1649 4066 Patris
1709 4013 1871 4076 nota,

210 4116 341 4157 cum
375 4100 720 4172 paternitate
746 4099 1228 4163 identiﬁcaretur.
1261 4104 1319 4156 et
1351 4099 1602 4171 Spiritus
1633 4103 1871 4156 sanctus

211 4196 360 4247 esset
411 4190 630 4258 Filius;
663 4189 712 4246 si
752 4205 887 4246 vero
930 4191 1304 4247 constitutiva
1335 4207 1451 4247 non
1481 4194 1590 4260 est,
1633 4189 1872 4246 aliunde

211 4278 479 4335 Photiani
509 4279 818 4335 ostendant
847 4283 1095 4350 oportet,
1127 4295 1254 4336 eam
1287 4279 1390 4336 uni
1420 4279 1574 4336 Patri
1605 4295 1733 4336 esse
1762 4279 1865 4335 tri-

211 4367 524 4425 buendam.
557 4368 618 4423 Si
650 4369 720 4424 ad
752 4368 980 4424 Gnaeos
1011 4369 1275 4425 doctores
1308 4385 1414 4425 nos
1449 4369 1860 4438 convertimus,

1983 3210 2052 3264 de
2081 3211 2214 3277 solo,
2279 3225 2344 3266 ac
2402 3225 2503 3280 per
2565 3209 2672 3264 hoc
2745 3207 3110 3279 Unigenitus,
3179 3207 3432 3278 Spiritus
3496 3222 3630 3262 vero

1985 3303 2220 3355 sanctus
2268 3299 2339 3353 de
2387 3301 2556 3354 Patre
2599 3297 2838 3370 quidem
2890 3297 3226 3366 procedens,
3273 3296 3370 3350 sed
3416 3311 3525 3351 non
3563 3295 3632 3349 de

1981 3388 2094 3444 solo
2141 3388 2310 3457 solus,
2358 3386 2631 3458 quoniam
2678 3383 2940 3458 prooedit
2987 3389 3042 3441 et
3090 3402 3122 3439 a
3170 3383 3333 3455 Filio,
3384 3400 3454 3439 ne
3497 3385 3631 3439 duos

1981 3476 2128 3548 ﬁlios
2157 3476 2466 3531 videamur
2508 3475 2844 3547 prrsdicare,
2900 3473 3335 3546 processionem
3380 3472 3633 3544 Spiritus

1983 3565 2034 3622 si
2073 3567 2142 3622 de
2199 3567 2367 3621 Patre
2427 3564 2790 3620 solummodo
2849 3563 3254 3620 confiteamur.
3295 3583 3323 3612 »
3383 3561 3535 3618 Sane
3583 3561 3633 3617 si

1983 3653 2128 3711 Filio
2160 3658 2246 3710 est
2273 3653 2584 3726 praprium,
2619 3661 2683 3708 ut
2711 3652 2788 3708 sit
2827 3653 2898 3707 de
2943 3652 3109 3707 Patre
3142 3649 3287 3718 solo,
3326 3651 3452 3722 jam
3501 3667 3637 3722 pro-

1982 3743 2176 3816 prium
2221 3742 2352 3797 Filii
2399 3742 2607 3814 migrat
2638 3743 2696 3796 in
2754 3740 3053 3810 Spiritum,
3086 3740 3135 3796 si
3184 3739 3259 3794 sit
3305 3745 3362 3795 et
3409 3739 3534 3810 ipse
3565 3739 3636 3794 de

1979 3831 2106 3889 solo
2157 3833 2349 3900 Patre,
2406 3832 2636 3902 duoque
2693 3829 2960 3885 dicentur
3006 3829 3154 3884 Filii.
3188 3849 3216 3880 ››
3271 3829 3340 3884 Et
3397 3845 3633 3884 rursum

1980 3922 2162 3993 (1.111,
2223 3936 2273 3976 ο.
2323 3923 2376 3975 5.
2430 3936 2486 3990 p.
2538 3920 2663 3989 295)
2694 3935 2762 3974 ex
2819 3918 3121 3990 Fulgentio
3179 3916 3333 3973 idem
3395 3926 3628 3974 auctor:

1981 4033 2012 4062 «
2043 4011 2368 4066 Commune
2414 4008 2650 4080 quidem
2707 4007 2860 4062 inest
2909 4007 3096 4062 tribus
3149 4007 3416 4078 personis
3459 4007 3636 4063 unius

1981 4101 2202 4152 natura:
2235 4093 2834 4159 consubstantialitas,
2869 4094 3165 4166 proprium
3197 4109 3331 4149 vero
3363 4093 3632 4165 singulis,

1981 4187 2138 4258 quod
2189 4186 2354 4242 Pater
2400 4184 2561 4241 solus
2608 4182 2827 4256 genuit,
2888 4181 3070 4238 Filius
3123 4183 3282 4238 solus
3331 4186 3504 4238 natus
3561 4182 3633 4238 de

1978 4281 2148 4332 Patre
2188 4275 2332 4344 solo,
2367 4275 2615 4348 Spiritus
2642 4277 2880 4330 sanctus
2912 4273 3063 4344 quod
3085 4272 3154 4328 de
3173 4272 3344 4328 Patre
3369 4271 3630 4344 Filioque

1974 4365 2302 4440 procedit...
2329 4363 2523 4436 Quod(
2544 4365 2924 4434 postremum)
2946 4361 2996 4417 si
3020 4377 3229 4434 negare
3246 4363 3628 4431 contendunt,

207 4457 240 4512 ii
281 4459 426 4514 dum
478 4457 667 4514 Patris
716 4457 1039 4528 peculiares
1088 4457 1448 4515 characteres
1497 4436 1858 4528 describunt,
1892 4436 1940 4501 D
1973 4436 2190 4526 dicant,
2239 4454 2378 4528 quid
2421 4455 2474 4512 ei
2514 4454 2654 4527 (Sp.)
2703 4454 2781 4509 sit
2831 4452 3154 4526 proprium.
3204 4457 3350 4510 Nam
3397 4467 3627 4525 proces-

211 4546 446 4604 nonnisi
469 4547 541 4602 de
562 4545 906 4618 paternitate
927 4556 983 4604 et
1007 4547 1078 4604 de
1112 4547 1566 4606 innascibilitate
1614 4550 1864 4621 loquun-

209 4637 320 4692 tur.
351 4638 437 4692 Ita
467 4635 722 4693 Basilius
753 4635 860 4692 has
886 4637 1032 4694 duas
1053 4635 1245 4695 solum
1273 4641 1440 4694 notas
1463 4639 1705 4696 adducit
1727 4639 1863 4710 (38),

221 4822 596 4896 Vindic._syn.
618 4823 815 4895 Ephes.
847 4838 901 4896 c.
930 4825 1022 4891 66,
1056 4842 1107 4894 p.
1143 4825 1249 4880 460
1265 4840 1388 4896 seq.
1425 4825 1728 4881 Interdum
1750 4824 1864 4881 alia

220 4893 503 4968 vocabula
544 4893 700 4950 idem
748 4893 1135 4968 exprimentia
1191 4893 1562 4968 adhibentur,
1604 4901 1665 4952 ut
1704 4899 1860 4968 apud

219 4966 386 5040 Basil.
422 4967 678 5040 9p._236,
713 4983 770 5040 ιι.
803 4965 839 5021 6
881 4983 894 5022 :
929 4965 1236 5039 Πατρότης,
1269 4967 1484 5040 υἱίότης,
1515 4965 1806 5040 ἂγιασμᾶς.

280 5037 390 5111 (31)
427 5039 506 5111 De
534 5037 627 5111 his
659 5037 809 5111 valet
839 5040 992 5109 quod
1025 5037 1106 5111 ait
1132 5041 1268 5111 Naz.
1300 5039 1462 5111 Orat.
1488 5037 1858 5111 in'Epiphan.

217 5109 288 5184 re
310 5105 469 5184 £6191
493 5108 722 5184 ἑκάστορ
747 5105 1117 5184 ἇκοξνῶτητόν
1138 5107 1322 5184 ῥέστιν·
1366 5107 1564 5184 ,ἄλλως
1742 5111 1859 5184 -ρύκ

223 5177 275 5232 ἓν
305 5179 369 5248 ἦν
395 5177 626 5259 ἷδίῳμα,
660 5181 705 5235 εἰ
740 5179 1033 5253 μετέπιπτε
1063 5178 1508 5259 καὶ-μετεφέρετο
1558 5177 1695 5254 πρὸέ
1741 5177 1858 5236 ἓτε-

256 5270 330 5326 ev,
375 5254 819 5326 quodiuberius
865 5255 1104 5326 exponit
1145 5253 1336 5309 Joan.'
1365 5253 1566 5310 Theol.
1604 5253 1758 5310 'sess.
1792 5255 1858 5309 18

265 5323 377 5396 lor.
394 5324 590 5393 (Hard.
626 5325 726 5388 IX,
756 5326 906 5396 201).

287 5391 600 5469 (38):Basil.
651 5398 748 5469 Ep.
789 5391 1028 5469 dedi/7".
1080 5413 1165 5453 us.
1214 5395 1522 5469 et_hppost.
1555 5397 1624 5451 38
1661 5396 1762 5469 :_‘O
1803 5391 1860 5450 δὲ

229 5459 310 5542 tsi
345 5459 558 5542 deum
603 5459 736 5542 Θξδς
786 5459 1053 5542 ἐξαιρείέᾴν
1102 5488 1155 5522 τι
1196 5459 1481 5542 γγῴρίάμα
1533 5470 1634 5530 τῆς
1669 5467 1858 5542 ἑαυτοῦ

229 5533 566 5611 ῥποστάσεως
613 5537 678 5611 τὸ
733 5533 918 5611 Πατἡρ
968 5541 1104 5611 εἶναι
1154 5533 1243 5594 xii
1276 5533 1334 5592 ἐιὲ
1361 5533 1649 5611 μὴδημιᾶς
1681 5537 1857 5611 uittae:

225 5603 508 5698 ὗπξπῆναι
563 5603 898 5698 ξιόγοεκέχεξ
940 5611 1030 5665 καὶ
1057 5608 1163 5698 ’διὰ
1209 5603 1602 5664 τούτὸυᾶτᾶλιν
1635 5607 1732 5665 τοῦ
1762 5630 1855 5681 ση-

226 5676 378 5756 μιγίρρΔ
398 5679 504 5756 καὶ.
520 5676 683 5756 cf:th
713 5676 1020 5756 i_8tatdv10c
1053 5682 1490 5756 ἐπιγινώσκεται.

287 5750 388 5824 (39)
444 5753 508 5809 Id
545 5753 673 5825 jam
731 5750 944 5828 legitur
995 5757 1054 5813 in
1121 5750 1381 5830 Gregorii
1437 5755 1852 5828 Thaumaturgi

1975 4547 2058 4605 sio
2078 4547 2196 4618 (40)
2243 4547 2315 4602 de
2357 4548 2526 4601 Patre
2569 4543 2892 4600 communis
2923 4547 3014 4601 est
3059 4545 3238 4600 etiam
3269 4543 3449 4612 Filio;
3481 4559 3629 4614 quo-

1974 4639 2134 4696 niam
2167 4652 2343 4694 omne
2383 4636 2535 4709 quod
2587 4634 2865 4704 nascitur,
2916 4633 3176 4706 procedit
3221 4636 3438 4700 etiam;
3488 4648 3626 4704 ergo

1974 4827 2236 4883 Confess.
2279 4826 2431 4894 apud
2465 4824 2636 4896 Greg.
2669 4823 2914 4896 Nysaea.
2945 4823 3091 4896 Opp.
3123 4821 3361 4896 ,III,_5«16
3407 4821 3517 4896 (cf.
3557 4822 3620 4896 Ω.

1973 4898 2274 4970 Passaglia
2303 4893 2628 4970 Comment.
2659 4893 2834 4950 theol.
2869 4895 2944 4949 De
2975 4893 3167 4970 Ίξνᾷηίι.
3213 4893 3433 4970 Romae"
3457 4893 3619 4970 _1_85_1,

1973 4975 2136 5042 parte
2157 4964 2322 5042 inp.
2362 4969 2426 5024 31
2461 4967 2574 5042 35),
2608 4982 2842 5042 rursum
2876 4981 2970 5036 ap.
2992 4966 3247 5042 Eyssen:
3280 4966 3350 5042 ad
3401 4964 3616 5042 Ablab.

1974 5036 2028 5109 ᾖ.
2063 5042 2185 5097 459.
2222 5036 2421 5096 Contra
2451 5036 2661 5093 Eunom
2709 5037 2838 5109 1.71,
2888 5053 2942 5108 p.
2986 5036 3094 5104 78’;
3144 5036 3424 5109 Epiphan.
3471 5037 3614 5093 haer.

1967 5107 2061 5184 73,
2092 5130 2151 5184 p.
2183 5113 2307 5184 382.
2342 5110 2540 5166 Basilii
2568 5109 2740 5184 verba
2759 5107 3069 5184 _in_ep._cit.
3094 5107 3276 5184 Μᾴξοξ
3298 5110 3615 5184 Δμιονογενῐιῐκτ

1969 5181 2032 5259 ἐξ
2049 5176 2160 5259 τόὖ-
2181 5182 2480 5259 ἀγεχγήτου
2499 5253 2510 5259 _
2529 5179 2710 5259 φωτᾷξ
2757 5176 3040 5259 ἐκλλᾶμψας
3062 5176 3340 5259 Ladducit
3377 5176 3613 5259 quoque

1967 5251 2613 5328 NieephfﬁBlemmida
2647 5251 2761 5328 (0._
2792 5251 2867 5328 0._
2912 5251 2958 5318 ι,
3018 5253 3123 5328 11).
3184 5253 3266 5328 ςι.

1969 5322 2170 5394 Georg.
2207 5326 2452 5382 Metoch.
2485 5325 2685 5381 Contra
2716 5324 2946 5379 Maxim.
2984 5323 3219 5380 Planud.
3263 5322 3363 5392 (ib.
3400 5322 3475 5385 Il,
3506 5323 3614 5377 952

1968 5415 2094 5470 seq.
2129 5399 2262 5453 1057
2285 5401 2430 5469 seq.)
2463 5401 2631 5466 Greg.
2663 5400 2818 5470 Patr.
2853 5397 2953 5458 (ib.
2986 5397 3029 5452 Ι.
3065 5396 3203 5470 425,
3233 5395 3358 5470 426,
3390 5394 3540 5466 463.)

2040 5466 2154 5539 (40)
2202 5466 2416 5525 Notum
2457 5473 2546 5524 est
2584 5466 2892 5539 dupliciter
2955 5467 3338 5539 processionis
3397 5481 3609 5539 nomen

1965 5536 2250 5596 adhiberi.
2284 5541 2368 5597 Cf.
2410 5542 2469 5596 S.
2502 5536 2704 5595 Thom.
2744 5556 2798 5608 p.
2838 5542 2886 5602 1,
2919 5536 2975 5611 q.
3017 5540 3106 5603 36,
3157 5555 3208 5595 a.
3251 5539 3495 5611 2,__corp.
3531 5536 3606 5611 in

1965 5612 2080 5668 ﬁne
2101 5617 2157 5667 et
2185 5612 2354 5668 Joan.
2389 5612 2590 5670 Theol.
2613 5627 2759 5668 sese.
2797 5611 2863 5667 18
2894 5608 3057 5668 conc.
3089 5611 3236 5667 Flor.
3270 5608 3466 5681 (Hard.
3504 5608 3602 5675 IX,

1965 5701 2024 5739 ι).
2061 5684 2182 5739 192.
2217 5684 2365 5739 193.)

1965 5701 2024 5756 ρ.
2061 5687 2182 5752 192,
2217 5687 2365 5754 193.)

3336 5255 3614 5322 praeterea
