4058 6216
367 385 483 446 4'71

1568 367 1834 431 ΡΗΟΤΙῙ
1879 366 2414 430 ΡΑΤΒΙΑΒΟΗΑΞ
2454 365 2570 426 GP.

3652 370 3771 429 472

367 515 691 572 secundum
722 510 976 568 doctoris
1011 509 1182 579 hujus
1212 504 1426 576 (Fulg.)
1474 501 1825 558 sententiam
1873 518 2008 574 pro-
2042 502 2095 568 Α
2125 503 2502 574 generantem
2536 503 2764 554 Patrem
2813 498 3131 570 appellant,
3181 514 3314 556 ecce
3359 504 3419 556 et
3464 501 3570 558 Dei
3609 503 3776 561 fatus

369 603 564 674 prium
605 605 694 656 est
723 598 973 670 Spiritus
1008 593 1193 651 sancti
1245 590 1402 662 quod
1428 591 1496 646 de
1542 594 1710 645 Patre
1753 589 2013 661 Filioque

371 691 520 763 [229]
551 689 828 761 procedit,
863 685 1020 757 quod
1071 699 1176 738 nec
1217 681 1370 736 Patri
1403 695 1507 735 nec
1559 679 1703 735 Filio
1757 678 2014 734 cernitur

371 795 704 836 commune.
753 800 780 826 ››
833 776 1084 830 Tantum
1137 787 1272 842 ergo
1312 771 1495 832 abest,
1536 777 1598 823 ut
1643 768 2018 841 hypostaticaa

370 869 558 924 Patris
589 871 646 923 et
676 865 804 921 Filii
847 868 996 919 notis
1038 860 1250 917 Filium
1288 876 1320 914 a
1353 858 1667 929 spiratione
1700 858 1884 913 activa
1913 872 2019 911 ex-

370 960 633 1026 cludant,
669 961 734 1012 ut
782 956 834 1011 ei
883 954 1144 1010 eamdem
1191 951 1414 1006 inessse
1445 949 1770 1005 ostendant.
1822 948 2019 1018 Neque

372 1064 500 1103 vero
543 1045 837 1118 processio
881 1058 978 1114 per
1010 1057 1071 1097 se
1101 1045 1273 1106 vetat,
1309 1056 1379 1095 ne
1409 1042 1466 1094 et
1494 1053 1562 1092 ex
1599 1037 1742 1092 Filio
1792 1036 2020 1092 dicatur

367 1136 658 1206 Spiritus;
692 1135 810 1188 imo
851 1132 941 1186 vix
979 1130 1097 1186 ulla
1145 1129 1331 1198 aptior
1365 1145 1456 1184 res
1503 1145 1632 1184 esse
1680 1127 1908 1185 videtur
1948 1131 2020 1187 ad

370 1223 779 1281 declarandam
834 1219 1223 1276 differentiam
1275 1220 1426 1273 inter
1481 1219 1921 1289 generationem
1970 1227 2024 1276 et

369 1312 823 1385 processionem,
874 1326 1053 1381 quam
1106 1307 1260 1379 quod
1302 1306 1402 1362 illa
1435 1306 1535 1364 ﬁat
1581 1323 1611 1361 e
1660 1307 1780 1363 solo
1832 1310 2020 1377 Patre,

370 1401 492 1457 haec
541 1417 672 1456 vero
721 1415 750 1454 e
796 1399 964 1454 Patre
997 1415 1108 1451 una
1141 1412 1272 1451 cum
1307 1395 1446 1451 Filio
1476 1414 1488 1463 ;
1523 1400 1740 1463 Patres,
1774 1397 1906 1453 licet
1953 1399 2023 1454 de

372 1490 754 1546 custodienda
786 1487 1128 1542 monarcbia
1199 1484 1451 1541 maxime
1512 1484 1742 1541 solliciti
1804 1487 2022 1558 primas

371 1587 566 1650 partes
617 1578 882 1632 tribuant
927 1591 1183 1645 personae
1235 1574 1440 1633 Patris.
1491 1578 1688 1629 tamen
1738 1575 2024 1645 Spiritum

372 1673 642 1722 sanctum
691 1664 1004 1720 immediate
1041 1663 1316 1733 conjungi
1369 1662 1508 1718 Filio
1549 1664 1876 1734 saepissime
1922 1665 2024 1720 do-

369 1758 519 1808 cent.
557 1753 697 1808 Hinc
722 1753 771 1808 si
812 1753 974 1808 Pater
1010 1751 1172 1822 μόνος
1205 1749 1376 1811 αἳτιος
1409 1751 1644 1819 dicitur,
1677 1751 1794 1807 sola
1824 1768 2022 1813 causa.

2125 590 2402 662 (genitus)
2434 592 2522 644 est
2561 588 2834 660 Spiritus,
2876 597 2929 645 et
2959 605 3214 659 quanam
3249 591 3475 648 ratione
3507 592 3771 665 unigeni-

2125 683 2222 735 tus
2257 679 2438 734 Filius
2468 679 2578 734 erit
2621 678 2760 749 (43).
2793 701 2820 728 ››

2195 771 2251 824 7.
2285 769 2564 824 Caeterum
2616 768 2755 822 dum
2790 766 3030 824 Photius
3077 768 3185 825 hoc
3221 770 3500 826 effatum:
3551 771 3784 842 Spirare

2126 861 2215 914 est
2245 857 2602 930 hypostatica
2631 856 2818 912 Patris
2864 858 3206 928 proprietas,
3247 863 3526 930 tanquam
3559 861 3786 932 princi-

2129 947 2287 1018 pium
2327 946 2846 1002 demonstrationis
2877 947 3143 1015 assumit,
3185 949 3468 1016 petitionis
3509 951 3789 1022 principii

2129 1052 2264 1091 reus
2294 1036 2569 1103 efficitur,
2591 1051 2723 1091 cum
2747 1034 2902 1090 idem
2934 1036 3105 1106 plane
3133 1036 3209 1091 sit
3229 1036 3374 1092 illud
3395 1040 3789 1110 pronuntiare

2129 1129 2185 1180 et
2216 1124 2646 1196 processionem
2689 1124 2937 1195 Spiritus
2975 1140 3044 1180 ex
3092 1124 3214 1181 solo
3258 1126 3421 1182 Patre
3466 1127 3786 1185 afﬁrmare.

2131 1214 2476 1269 Subtiliores
2525 1213 2634 1270 hac
2693 1213 2764 1268 de
2819 1227 2880 1267 re
2936 1213 3229 1283 agitantur
3275 1216 3427 1286 apud
3482 1215 3788 1286 theologos

2130 1304 2498 1376 questiones,
2523 1319 2654 1375 quas
2683 1302 2743 1358 in
2776 1302 3084 1375 praesentia
3114 1304 3184 1359 ad
3219 1320 3339 1360 rem
3372 1309 3628 1362 nostram
3662 1323 3788 1364 non

2132 1398 2414 1464 spectant.
2449 1393 2530 1448 En
2562 1400 2758 1448 tamen
2814 1392 2906 1448 hic
2955 1409 3280 1464 proponere
3311 1395 3498 1465 juvat,
3531 1412 3654 1467 qua
3709 1397 3786 1452 ad

2132 1482 2532 1554 quaestionem,
2566 1479 2715 1555 [231]
2750 1469 3109 1553 quibusnam
3150 1482 3607 1554 proprietatibus
3637 1501 3787 1542 con-

2131 1573 2449 1629 stituantur
2477 1572 2682 1627 divinas
2707 1587 2991 1644 personis,
3017 1572 3085 1628 H.
3118 1572 3315 1629 Kilher
3346 1574 3552 1644 (Tract.
3583 1576 3648 1630 de
3679 1576 3789 1633 Deo

2129 1662 2281 1717 trino
2342 1661 2402 1717 in
2453 1662 2654 1718 Theol.
2715 1660 2969 1716 Wirceb.
3037 1661 3192 1733 Disp.
3240 1663 3293 1729 6,
3354 1679 3404 1718 c.
3455 1666 3508 1731 1,
3558 1669 3669 1719 art.
3731 1666 3790 1736 3,

2131 1767 2190 1806 n.
2215 1751 2312 1806 381
2349 1754 2491 1822 seq.)
2518 1751 2705 1807 fusius
2733 1751 2998 1822 disputat
3017 1766 3199 1821 eaque
3222 1767 3324 1822 per
3343 1767 3574 1809 summa
3594 1755 3793 1826 capita

369 1842 601 1899 nonnisi
650 1847 714 1897 ut
759 1858 1037 1913 suprema
1085 1858 1289 1908 causa,
1339 1840 1578 1897 fontalis
1617 1846 1673 1896 et
1701 1841 2024 1913 originalis,
2059 1823 2102 1888 Β
2132 1855 2450 1895 recensere.
2528 1840 2776 1896 Persona
2840 1843 3086 1905 constat,
3152 1845 3216 1895 ut
3268 1839 3524 1897 Joannes
3581 1823 3792 1901 Theol.

369 1936 431 1986 ut
485 1929 716 2004 ἀρχικὸν
768 1927 969 1999 αἴτιον,
1024 1935 1087 1985 ut
1139 1927 1288 1982 αἰτία
1340 1930 1784 2002 προκαταρκτικὴ
1842 1931 2029 1986 consi-

366 2023 624 2091 deratur,
660 2025 725 2076 ut
770 2022 978 2076 Bcccus
1011 2036 1078 2075 ex
1107 2021 1470 2075 Damasceno
1503 2027 1662 2076 notat
1693 2021 1870 2091 (orat.
1901 2022 1934 2073 2
1957 2021 2030 2076 De

361 2111 569 2181 injusta
616 2110 794 2180 depos.
852 2125 902 2164 c.
961 2109 1068 2179 20;
1134 2107 1192 2164 Ο.
1259 2107 1318 2163 0.
1370 2109 1439 2175 Il,
1497 2109 1589 2179 68)
1638 2112 1812 2180 atque
1840 2109 2028 2179 quoad

370 2198 606 2256 Maximi
656 2199 830 2254 verba
889 2199 1000 2270 (ep.
1054 2199 1123 2253 ad
1185 2197 1502 2263 Marinum)
1551 2198 1853 2254 Bessarion
1914 2198 2028 2269 (41)

370 2304 596 2344 rursum
636 2287 910 2343 inculcat.
954 2286 1230 2344 Preclare
1279 2287 1434 2342 idem
1497 2289 1694 2343 Beccus
1743 2290 1841 2359 (De
1898 2306 2028 2346 una.

371 2377 512 2433 Eccl.
559 2394 609 2432 c.
640 2377 709 2431 50
740 2379 804 2433 G.
839 2376 900 2431 0.
961 2377 1005 2430 Ι.
1070 2377 1188 2445 183)
1231 2375 1477 2431 Ρὴυηιω
1527 2377 1855 2445 objicienti:
1889 2400 1917 2426 κ
1969 2375 2029 2432 Si

374 2466 629 2536 Spiritus
659 2470 896 2521 sanctus
926 2481 993 2519 ex
1026 2465 1195 2520 Patre
1226 2472 1279 2519 et
1320 2481 1389 2519 ex
1418 2464 1562 2519 Filio
1594 2466 1871 2536 procedit,
1905 2484 2034 2538 pro-

378 2555 592 2625 prietas
625 2553 815 2608 Patris
849 2553 1074 2609 dimota
1102 2557 1190 2608 est
1210 2575 1238 2602 ››
1272 2553 1352 2608 ita
1381 2555 1633 2608 occurrit
1657 2571 1670 2610 :
1696 2575 1724 2604 ‹‹
1754 2555 2033 2613 Asseren.

375 2649 462 2700 tes
505 2644 656 2714 (Itali
707 2644 989 2714 Spiritum
1049 2659 1175 2699 esse
1222 2648 1278 2697 et
1324 2659 1392 2697 ex
1453 2643 1616 2712 Filio,
1662 2644 1708 2700 si
1758 2645 1932 2701 veluti
1963 2663 2032 2702 ea:

375 2733 599 2803 proprio
627 2732 829 2804 absque
863 2733 1030 2787 Patre
1057 2733 1208 2802 [ante
1239 2731 1496 2788 dicerent
1540 2749 1674 2788 eum
1725 2750 1872 2802 esse,
1908 2741 2030 2792 tum

375 2823 626 2890 paternae
685 2819 1057 2892 proprietatis
1115 2820 1498 2876 dimotionem
1557 2822 1862 2888 inferrent,
1911 2826 2032 2881 sine

368 2908 649 2980 principio
690 2909 901 2965 fontem
935 2908 1187 2980 Spiritus
1237 2913 1293 2964 et
1353 2909 1561 2966 Filium
1586 2915 1650 2967 ut
1701 2915 1758 2967 et
1805 2911 2029 2969 Patrem

375 3000 753 3057 decernentes
783 3002 919 3072 (42),
951 3002 998 3056 si
1029 3017 1160 3057 vero
1191 3017 1325 3058 cum
1360 3003 1567 3058 dicunt
1594 3019 1663 3060 ex
1685 3003 1828 3061 Filio
1855 3005 2032 3076 Spiri-

2137 1945 2283 1984 sess.
2327 1930 2395 1983 19
2439 1929 2591 1985 Flor.
2642 1929 2856 2000 arguit,
2899 1944 2967 1984 ex
3016 1931 3271 1986 essentia
3326 1934 3381 1985 et
3435 1932 3793 2002 proprietate

2139 2017 2219 2088 (τὸ
2278 2017 2572 2090 πρόσωπον
2633 2018 2738 2072 ἀπὸ
2802 2024 2902 2086 τῆς
2963 2015 3115 2072 οὐσία
3181 2018 3271 2072 καὶ
3331 2022 3428 2073 τοῦ
3487 2015 3793 2093 ἰδιώματος

2140 2104 2469 2180 ὑφίσταται).
2503 2106 2792 2173 Quaeritur
2819 2122 2975 2178 ergo,
3011 2123 3274 2178 quasnam
3307 2106 3428 2162 haec
3469 2109 3794 2180 proprieta-

2139 2199 2224 2250 tes
2276 2196 2412 2264 sint,
2471 2213 2600 2267 qua:
2653 2212 2785 2251 cum
2849 2200 3052 2251 natura
3107 2196 3256 2252 hanc
3308 2197 3794 2254 constitutionem

2139 2285 2476 2356 perﬁciunt;
2504 2287 2678 2357 idque
2700 2285 2914 2356 duplici
2942 2285 3310 2358 potissimum
3333 2303 3542 2344 sensu:
3571 2289 3794 2360 primo:

2140 2391 2282 2430 num
2313 2375 2432 2430 sint
2459 2375 2679 2446 aliquid
2701 2375 3036 2444 absolutum,
3060 2392 3133 2432 an
3151 2393 3284 2432 vero
3308 2377 3446 2448 quid
3471 2379 3795 2448 relativum,

2139 2469 2195 2520 et
2226 2467 2317 2520 hic
2347 2483 2550 2522 omnes
2584 2468 2700 2522 fere
2733 2466 3087 2522 unanimiter
3121 2468 3415 2539 posterius
3443 2467 3798 2538 admittunt,

2141 2555 2290 2624 quod
2325 2554 2515 2610 solum
2550 2561 2700 2610 recte
2730 2555 2842 2610 dici
2892 2560 3128 2626 potest;
3167 2557 3456 2611 secundo:
3491 2557 3605 2612 sub
3645 2574 3797 2629 qua-

2141 2661 2272 2699 nam
2295 2643 2643 2715 formalitate
2673 2649 2774 2700 aut
2797 2644 3256 2701 consideratione
3286 2646 3608 2717 proprietas
3639 2647 3796 2704 rela-

2140 2733 2256 2790 tiva
2285 2734 2600 2790 constituat
2629 2733 2912 2790 rationem
2947 2751 3207 2804 personae.
3241 2735 3300 2790 in
3333 2733 3562 2791 divinis.
3601 2737 3675 2792 Ut
3705 2752 3798 2793 res

2142 2823 2310 2895 plane
2342 2823 2718 2895 intelligatur,
2773 2824 3093 2879 notandum
3142 2827 3272 2879 est:
3307 2826 3357 2880 1.
3405 2825 3615 2880 Eadem
3661 2842 3798 2896 pro-

2140 2914 2353 2985 prietas
2385 2917 2572 2986 potest
2601 2930 2726 2970 esse
2757 2913 3138 2986 hypostatica,
3185 2913 3428 2971 relative
3454 2919 3510 2970 et
3528 2916 3802 2972 nationa-

2143 3001 2258 3072 lis;
2317 3003 2470 3058 sicut
2529 3018 2720 3058 revera
2779 3002 3121 3073 paternitas,
3179 3003 3382 3060 ﬁliatio
3435 3009 3489 3060 et
3539 3004 3793 3074 spiratio

374 3093 501 3145 tum
531 3106 679 3159 esse,
725 3106 1004 3163 magnum
1051 3090 1332 3146 Basilium
1365 3093 1676 3172 proferunt
1725 3093 2026 3150 afﬁrman-
2057 3133 2099 3200 α
2143 3092 2370 3164 passiva
2400 3096 2536 3148 sunt
2585 3091 2642 3147 in
2684 3091 2793 3147 hoc
2823 3091 3040 3162 triplici
3097 3093 3320 3149 ordine.
3353 3097 3406 3150 2.
3459 3093 3798 3164 Proprietas

373 3181 493 3233 tem
545 3194 558 3232 :
603 3201 630 3228 «
665 3180 824 3245 Quod
856 3196 890 3234 a
919 3178 1059 3235 Filio
1090 3178 1302 3234 dicitur
1329 3195 1479 3248 esse,
1510 3181 1582 3236 ad
1614 3181 1862 3252 primam
1895 3199 2027 3240 cau-

373 3282 500 3322 sam
531 3267 868 3324 relationem
919 3268 1116 3336 habet,
1148 3268 1370 3324 nullam
1403 3270 1797 3340 suspicionem
1847 3272 2028 3328 dimo-

372 3357 550 3413 tionis
580 3364 835 3430 paternae
868 3359 1240 3431 proprietatis
1291 3359 1648 3432 relinquunt.
1681 3384 1710 3412 »
1741 3363 2027 3420 Audiatur

370 3445 608 3500 demum
632 3448 779 3519 [230]
813 3457 866 3503 et
897 3447 1253 3519 Nicephorus
1282 3447 1628 3518 Blemmida,
1660 3451 1756 3521 qui
1778 3452 1944 3522 (orat.
1971 3454 2024 3521 1,

373 3549 424 3587 ο.
461 3534 560 3600 18;
595 3536 658 3591 G.
694 3536 753 3591 0.
788 3535 831 3603 Ι,
863 3539 954 3604 23,
975 3537 1068 3606 24)
1090 3537 1168 3590 ita
1190 3536 1422 3591 disserit
1449 3554 1462 3590 :
1495 3560 1523 3586 «
1550 3538 1769 3594 Etenim
1789 3541 1838 3596 si
1860 3541 2030 3596 Pater

379 3627 617 3696 generat
644 3623 878 3691 Filium,
900 3642 932 3678 a
962 3623 1124 3679 nullo
1150 3625 1204 3678 id
1225 3625 1543 3696 accipiens,
1566 3631 1622 3682 ct
1650 3627 1824 3684 Filius
1853 3629 2027 3688 habet

375 3711 684 3783 Spiritum,
712 3729 847 3769 eum
880 3731 913 3768 a
960 3715 1132 3768 Patre
1173 3714 1512 3770 naturaliter
1542 3717 1858 3789 accipiens,
1909 3737 2022 3776 non

375 3801 658 3872 genitum,
690 3803 790 3857 sed
834 3818 935 3873 per
971 3803 1238 3858 eumdem
1276 3804 1678 3873 procedentem
1712 3822 1781 3862 ex
1831 3809 2020 3877 Patre,

375 3905 614 3960 prorsus
645 3907 760 3946 non
792 3890 1072 3961 intelligo,
1100 3907 1413 3962 quamnam
1439 3897 1738 3962 paternam
1763 3899 2021 3970 pr0prie-

367 3980 543 4034 tatem
594 3979 937 4037 habiturum
987 3985 1296 4036 autumant
1341 3981 1574 4037 Filium.
1621 3984 1690 4039 Et
1727 3988 2019 4056 quomodo

373 4067 823 4139 Dei-genitorem
873 4074 1103 4126 Patrem
1153 4070 1513 4143 indigitant?
1542 4072 1600 4128 Si
1633 4073 1790 4144 quod
1837 4079 2018 4134 Deum

369 4167 605 4230 generat
635 4159 868 4226 Filium,
899 4175 1032 4215 vere
1079 4159 1185 4215 hoc
1212 4165 1302 4214 est
1351 4164 1601 4232 paterna:
1632 4161 2017 4235 hypostaseos

367 4247 740 4318 praecipuum.
774 4250 846 4303 At
875 4248 1058 4304 Filius
1091 4265 1206 4303 non
1228 4247 1730 4319 Deum-generans
1751 4259 1860 4320 est,
1893 4271 2020 4312 cum

367 4334 580 4391 Filium
611 4353 730 4393 non
761 4340 1015 4406 generet.
1049 4336 1108 4390 Si
1138 4351 1268 4391 vero
1288 4352 1564 4407 generare
1592 4345 1649 4394 et
1672 4343 2009 4415 producere,

2138 3183 2339 3237 eadem
2371 3181 2613 3251 spectari
2645 3184 2829 3252 potest
2862 3181 3192 3237 secundum
3222 3198 3336 3238 esse
3363 3185 3444 3249 in,
3483 3181 3602 3238 sive
3628 3184 3793 3254 quod

2135 3271 2277 3327 dicit
2308 3272 2573 3340 absolute,
2606 3274 2663 3325 et
2693 3271 2930 3342 praecise
2959 3271 3030 3326 ad
3063 3275 3334 3327 naturam
3365 3271 3643 3337 divinam,
3689 3271 3789 3327 cui

2136 3376 2238 3431 per
2277 3360 2639 3415 identitatem
2680 3363 2768 3416 est
2806 3359 3175 3429 immanens;
3213 3365 3272 3418 et
3299 3361 3622 3416 secundum
3678 3375 3794 3418 esse

2136 3450 2226 3517 ad,
2259 3449 2380 3505 sive
2429 3449 2580 3520 quod
2632 3448 2773 3504 dicit
2820 3449 3076 3518 relative,
3108 3456 3161 3504 et
3209 3449 3280 3505 ad
3329 3448 3644 3504 terminum
3705 3449 3791 3506 vel

2137 3538 2511 3610 principium,
2546 3537 2636 3593 cui
2669 3537 3004 3610 opponitur.
3029 3538 3132 3594 His
3154 3536 3402 3612 aliisque
3421 3539 3488 3592 ad
3513 3537 3792 3608 quaestio-

2136 3626 2228 3681 nis
2277 3625 2714 3697 intelligentiam
2766 3627 3100 3699 praenotatis
3139 3628 3256 3698 jam
3292 3627 3461 3682 docet
3511 3626 3790 3683 laudatus

2132 3716 2492 3787 Theologus:
2527 3720 2569 3773 Ι.
2605 3718 2622 3788 )
2655 3717 2937 3773 Personas
2968 3716 3198 3772 divinas
3232 3732 3344 3772 non
3373 3715 3652 3772 constitui
3676 3715 3795 3771 for-

2134 3806 2363 3860 maliter
2403 3822 2502 3877 per
2550 3806 2932 3878 proprietates
2979 3805 3087 3860 sub
3134 3804 3361 3860 ratione
3411 3803 3794 3860 formalitatis

2129 3895 2393 3950 absolutae
2423 3904 2476 3949 et
2520 3898 2818 3950 secundum
2847 3909 2960 3950 esse
2988 3896 3072 3960 in,
3120 3894 3219 3949 sed
3264 3894 3374 3950 sub
3411 3893 3632 3949 ratione
3667 3895 3794 3950 for—

2130 3984 2413 4039 malitatis
2469 3983 2714 4039 relatives
2759 3990 2809 4039 et
2865 3983 3165 4039 secundum
3209 3999 3321 4039 esse
3365 3981 3437 4058 ad
3493 3987 3790 4054 acceptas,

2127 4073 2286 4144 quia,
2321 4079 2381 4129 ut
2411 4073 2572 4128 docet
2603 4075 2751 4144 Aug.
2786 4078 2863 4129 De
2915 4074 3061 4128 Trin.
3100 4074 3162 4128 V.
3204 4073 3259 4141 5,
3290 4074 3343 4140 8,
3378 4070 3670 4144 quidquid
3714 4073 3788 4128 ad

2125 4177 2209 4227 se,
2237 4166 2294 4217 et
2335 4178 2448 4217 non
2477 4162 2635 4218 aliud
2679 4161 2911 4232 dicitur,
2943 4163 3014 4217 ad
3064 4161 3450 4217 substantiam
3502 4159 3782 4231 pertinet,

2130 4252 2372 4322 ideoque
2386 4269 2498 4307 non
2531 4257 2593 4306 ut
2614 4251 2763 4307 ratio
2782 4267 3044 4323 personae
3069 4250 3784 4306 formaliterconstitutiva

2127 4339 2324 4395 haberi
2338 4338 3172 4411 potest;ll.)Psrsonasdivinas
3187 4339 3499 4395 formaliter
3510 4338 3794 4394 constitui

369 4426 428 4479 et
456 4428 702 4493 utraque
731 4422 788 4476 in
824 4438 1004 4477 unum
1027 4421 1390 4494 colligentes,
1444 4424 1552 4480 hac
1583 4428 1801 4486 ratione
1830 4431 2013 4490 Deum
2064 4439 2112 4503 [ι
2139 4445 2237 4501 per
2254 4431 2616 4501 proprietates
2633 4430 2916 4495 relativus,
2937 4429 3397 4497 prouthzdicunt
3421 4428 3790 4495 relationem,

446 4599 589 4678 (41A)_
607 4595 912 4678 Bessarion
962 4595 1402 4678 c’.__29.A_Contra
1450 4599 1632 4678 litat-ci
1675 4601 1866 4678 ζίρὴεξ.
1917 4605 2028 4678 gl-

372 4668 486 4744 lqg.
622 4667 764 4744 (cod.
791 4668 952 4744 lum}.
983 4667 1054 4720 27
1086 4668 1126 4734 f,
1158 4668 1261 4744 25/1
1295 4670 1350 4744 α)
1385 4686 1411 4744 :_
1431 4667 1616 4744 Alt_lav
1640 4667 1744 4744 γᾶῥ
1783 4674 1857 4744 μή
1893 4667 2023 4730 εἶναι

375 4737 468 4820 τρν
503 4737 626 4790 Υἱὸν
656 4741 754 4820 ίτοῦ
787 4737 1105 4820 Πνεύμριτος
1132 4737 1422 4820 δαὶ-αὐτοὶ.
1439 4737 1675 4820 φαίημεν
1707 4737 1792 4809 ἂνξ
1819 4737 1918 4813 τήὴν
1943 4746 2026 4820 gl-

372 4809 492 4861 τίαν
513 4808 836 4888 στενώτερον
1014 4811 1112 4888 ’ξῆν
1132 4808 1463 4888 Ἑλληνικὴν
1511 4808 1695 4888 φῴνὴν
1750 4808 2026 4888 ἐκλαμϐα-

376 4898 582 4960 vovisse,
605 4881 786 4960 inae
809 4882 997 4960 αὐτοῖς
1019 4882 1098 4938 ἀεὶ
1120 4884 1218 4960 τῄὴν
1243 4881 1507 4960 ᾅρχοει-δῆ
1523 4881 1717 4941 ἀἶ’τίαν
1742 4881 2016 4960 σημαίνει.

619 4951 834 5032 Βθρὸυε
859 4955 932 5032 _l.
968 4973 1048 5032 lc:
1105 4955 1166 5032 Ol:
1218 4951 1353 5032 yg‘tp“
1380 4951 1746 5032 @éyovrsgao
1797 4951 2019 5032 Πνεῦμα

377 5022 638 5104 ἓπάργειν
689 5023 747 5078 ἐκ
773 5028 884 5104 Afro?)
910 5026 1073 5104 “1:106,
1120 5026 1168 5104 εξ
1219 5022 1310 5104 at;
1365 5022 1466 5090 ὡς’
1490 5027 1539 5104 ἐξ
1586 5027 1725 5104 ἰδίας
1754 5033 1896 5104 παρὰ
1927 5022 2018 5104 ’ἐὸν

376 5093 588 5173 ῌατέρα
643 5101 830 5173 πηγῇς
908 5093 1092 5171 ἔλεγον
1151 5093 1418 5173 ὑπ’ἀρχειν
1480 5093 1608 5156 αὖτὸ
1667 5093 1901 5173 ἐμελὶξον
1962 5103 2020 5157 ἃν

381 5120 588 5167 ιιατερα
643 5120 830 5168 πηγης
908 5120 1092 5171 εΛεγον
1151 5120 1290 5172 υπαρ
1343 5121 1418 5154 ειν
1480 5121 1608 5156 αυτο
1667 5120 1901 5173 εμεΛΛον
1962 5120 2018 5157 αν

381 5163 656 5256 ἐμφαίνειν
738 5167 836 5256 τῇς
929 5176 1195 5256 πατρικῆς
1291 5120 1598 5256 ἀκίνητος.
1646 5173 2018 5256 percutiens-ty,

380 5240 642 5315 δι’νοιρχονΔ
667 5240 856 5315 πηγὴν
900 5243 996 5293 τοῦ
1043 5240 1359 5313 Πνεύματος
1407 5240 1496 5298 καὶ
1546 5240 1790 5300 τὸνΎὶὸν
1824 5240 1902 5309 die
1925 5240 2016 5300 τὸν

379 5306 588 5380 Παέέρἀ
619 5306 930 5380 δοξάζοντες
945 5355 952 5363 .

451 5382 563 5454 (43)
616 5381 680 5460 Eli
738 5383 838 5460 γᾲρ
860 5383 922 5460 ’.ᾧ
982 5384 1166 5460 Πατὴρ
1227 5391 1408 5460 few?“
1455 5388 1585 5460 τὸνῗ
1647 5387 1768 5442 Υἱὸν
1825 5389 1927 5460 μὴ-
1960 5385 2020 5442 ἔκ

373 5448 521 5534 εινος
547 5448 990 5534 ’κίοῖξτο’λάϐὼν,
1033 5454 1060 5506 ὁ
1115 5448 1170 5509 δὲ
1215 5448 1330 5518 flor;
1361 5448 1500 5534 ⁷ἔχει
1540 5459 1600 5514 τὸ
1660 5448 2018 5532 "vetula-Xa-

377 5517 490 5578 ὗὼν
547 5521 990 5605 αὐςρυφρσικῶς
1043 5529 1195 5605 ⁸’ποιρὰ
1254 5533 1348 5605 τοῦ
1408 5517 1641 5603 ίῙατρὸς,
1693 5530 1754 5585 οὐ
1803 5517 2020 5605 ’γεννώ-

383 5616 550 5676 μενον.
606 5593 732 5676 ἀλλ’
764 5593 1233 5676 ’ὲκ-τεορευόμενοει-
1295 5597 1382 5676 δινἈ
1447 5593 1639 5676 adio?
1695 5593 1841 5676 παρᾶ
1921 5607 2017 5658 τοῦ

382 5666 764 5749 ματρὸςηούκ
807 5666 952 5749 οἶδας,
1002 5666 1158 5749 ποῖον
1215 5668 1460 5749 ἐντεῦθενΔ
1506 5672 1709 5744 ἰδίωμα
1758 5666 2018 5749 θεατρικὸν

377 5737 512 5810 ἕξειν
569 5740 832 5820 φάσκουσι
889 5744 981 5797 τὸν
1038 5742 1184 5798 Υἱόνο
1245 5746 1360 5806 πῶς
1418 5740 1475 5800 δὲ
1512 5746 1601 5800 καὶ
1633 5737 1884 5821 θεογόνον
1921 5747 2012 5801 τὸν

2135 4600 2365 4674 Πατέρα,
2420 4600 2920 4674 καῖονομάζουσιη
3009 4597 3054 4652 εἰ
3136 4596 3231 4670 μὲν
3291 4593 3407 4674 ὅτι*
3434 4593 3564 4674 Θερν
3607 4599 3790 4674 ’γεννᾷ

2134 4672 2228 4726 τὸν
2281 4664 2432 4740 Υἱὸν,
2501 4664 2725 4740 dim-66):-
2775 4675 2935 4724 τοῦτο
2993 4675 3093 4736 τῆς
3137 4664 3443 4740 ’πατρικῆς
3502 4664 3786 4740 testeum

2135 4737 2498 4813 ὖποστάσεῴς·
2553 4737 2686 4796 δ’δέ
2740 4743 2863 4804 Υἱὸς
2921 4741 2986 4795 οὐ
3036 4737 3311 4813 Θεογένος.
3365 4738 3487 4791 Υἱὸν
3530 4737 3789 4813 ,μὴᾳγενο

2133 4818 2258 4867 νῶν·
2321 4813 2367 4867 εἰ
2425 4812 2481 4868 δὲ
2533 4813 2600 4888 fro
2658 4818 2845 4888 γεννᾷν
2901 4813 2990 4866 καὶ
3042 4805 3387 4888 ⁸’προϐάλλειν
3439 4805 3788 4888 ,καῖ-ἄμφω

2134 4885 2467 4958 συνάγοντες⁸
2505 4885 2579 4945 εἰς
2643 4879 2838 4958 τάὐτᾷν
2895 4879 3147 4958 Θεογόνον
3201 4879 3357 4958 οὕτιογ
3401 4879 3492 4933 τὸν
3567 4879 3786 4958 arripe

2132 4952 2311 5033 φασὶν,
2370 4955 2706 5033 ἷδοίῃβεοίξ⁸
2737 4955 2892 5033 γόνος
2950 4952 3038 5033 καὶ
3097 4954 3159 5009 τὸ
3229 4956 3467 5033 Ilva-faue,
3517 4952 3620 5033 nui
3657 4952 3783 5033 πιῖις

2135 5025 2430 5103 μονογενὴς
2462 5027 2586 5089 Υἱός
2614 5047 2627 5095 ;
2663 5025 2996 5085 Notandum
3026 5032 3221 5103 tamen
3252 5025 3530 5103 subtilius
3571 5028 3629 5080 et
3663 5025 3782 5103 ple-

2131 5097 2702 5172 nius'quaastionem,
2747 5117 2850 5156 cur
2892 5098 3214 5172 progressio
3261 5097 3438 5172 Verbi
3484 5100 3780 5172 generatio

2131 5174 2229 5248 sit,
2260 5166 2376 5248 non
2409 5175 2544 5248 item
2581 5166 3398 5248 processio:Spiritussancti,
3420 5184 3463 5248 .a
3493 5166 3782 5239 theologis

2128 5244 2212 5299 ita
2241 5245 2456 5318 dirimi,
2492 5249 2555 5298 ut
2582 5241 2845 5318 plerique
2876 5241 3074 5318 dicant
3101 5241 3384 5318 rationem
3407 5241 3476 5318 ⁸ἱῐι
3509 5255 3577 5318 eo
3625 5254 3781 5318 esse,

2130 5338 2159 5366 «
2191 5316 2342 5385 quod
2370 5310 2518 5372 actio
2551 5310 2704 5383 prior
2735 5310 2810 5370 sit
2839 5317 3074 5383 perfecte
3119 5310 3487 5385 assimilativa
3535 5310 3778 5385 termini

2128 5381 2572 5464 cumprincipio
2606 5393 2664 5443 et
2684 5381 2946 5464 Yerbum'
2965 5383 3291 5464 secundum
3309 5397 3435 5464 esse
3465 5381 3778 5464 personale

2127 5460 2206 5534 sit
2234 5453 2558 5534 similitudo
2590 5459 2860 5534 perfecta,
2896 5473 2996 5512 seu
3029 5457 3227 5534 imago
3251 5453 3658 5534 Patrisqualis
3681 5468 3784 5507 ac-

2129 5531 2205 5585 tio
2236 5535 2292 5587 et
2323 5532 2513 5602 imago
2548 5525 2663 5602 non
2697 5529 3276 5602 habeatur_i_'e_spectu
3296 5525 3562 5602 _Spirit_us
3597 5540 3781 5602 sanc-

2126 5603 2222 5656 cti.
2260 5626 2281 5655 ι
2322 5605 2406 5658 Ita
2433 5595 2504 5658 Π.
2541 5601 2744 5657 Kilher
2772 5599 2967 5656 Theol.
2990 5595 3247 5656 Wirceb.
3279 5596 3435 5668 disp.
3464 5595 3523 5664 6,
3554 5611 3612 5651 n.
3637 5595 3771 5650 376.

2125 5673 2210 5730 Cf.
2241 5674 2446 5731 Thom.
2481 5675 2630 5731 Sum.
2670 5674 2720 5743 1,
2752 5689 2810 5744 q.
2839 5672 2932 5728 27.
2972 5689 3025 5728 a.
3059 5671 3111 5729 4.
3144 5670 3204 5727 in
3235 5683 3391 5739 corp.
