4058 6216
297 389 415 451 4⁸73

1006 392 1108 453 DE
1153 391 1215 451 S.
1264 392 1465 453 SPIR.
1512 388 2045 454 MYSTAGOGIA.
2093 422 2170 435 —
2214 391 2977 457 ANIMADVERSIONES.

3577 400 3697 460 474

296 547 413 587 non
444 533 639 586 autem
673 533 741 585 ut
770 528 1051 600 originem
1102 528 1405 585 formalem
1448 526 1779 597 exprimunt
1798 526 1940 597 (44),
1974 526 2021 591 Α
2053 524 2332 591 Quaelibet
2365 542 2607 596 persona
2637 528 2870 584 nonnisi
2904 545 3080 583 unam
3113 528 3544 586 constitutivam
3568 548 3698 603 pro-

293 619 429 692 quia
444 621 630 675 forma
651 618 1178 691 constituens[232]
1200 634 1505 689 personam
1522 616 1943 688 concepidebet

291 714 356 765 ut
384 708 610 780 aliquid
636 723 895 780 personas
916 708 1314 771 intrinsecum,
1331 707 1582 761 ﬁxumet
1604 720 1944 777 permanen-

292 804 373 853 ter
394 801 705 868 exsistens,
741 798 896 869 quod
925 797 1051 868 ipsa
1089 796 1367 868 perseitas
1405 811 1568 866 asque
1598 810 1663 849 ac
1713 793 1936 849 subsis-

288 888 484 944 tentiaa
516 889 662 944 ratio
688 887 913 943 videtur
943 887 1192 959 exigere,
1218 884 1362 940 nihil
1395 900 1529 941 vero
1558 882 1849 956 ejusmodi
1878 882 1936 937 in

283 982 570 1050 conceptu
626 976 890 1033 formatis
957 975 1199 1047 originis
1240 978 1513 1046 apparet;
1565 974 1774 1029 deinde
1804 972 1940 1043 quia

292 1067 549 1141 origines
591 1072 791 1141 utpote
832 1067 1106 1136 actiones,
1140 1084 1264 1138 quae
1310 1065 1743 1137 suppositorum
1775 1068 1934 1128 sunt,

286 1174 405 1213 non
433 1158 801 1213 constituunt
843 1156 1146 1230 supposita
1178 1154 1554 1228 producentia
1591 1154 1693 1210 sed
1724 1168 1939 1208 secun-

288 1246 429 1302 dum
502 1251 771 1303 nostrum
827 1246 1193 1318 intelligendi
1267 1247 1501 1301 modum
1577 1246 1933 1315 supponunt.

291 1358 319 1385 «
349 1335 665 1408 Specistim
696 1336 767 1392 de
792 1335 1148 1407 paternitate.
1171 1338 1296 1390 Bac
1343 1334 1499 1389 enim
1531 1332 1589 1387 in
1631 1332 1844 1387 divinis
1875 1338 1937 1386 ut

286 1425 497 1481 relatio
525 1424 1051 1482 transcendentalis
1070 1425 1141 1480 ab
1173 1424 1399 1480 actione
1423 1423 1549 1495 ipsa
1579 1438 1695 1477 non
1727 1422 1935 1477 consti-

285 1514 496 1583 tuitur,
528 1518 586 1570 et
617 1519 679 1570 ut
711 1514 1069 1587 principium
1103 1531 1215 1583 quo
1246 1513 1573 1586 proximum
1616 1512 1938 1583 generatio-

286 1603 382 1659 nis
423 1611 557 1659 ante
603 1604 881 1675 originem
914 1603 1388 1675 praesupponitur
1415 1606 1471 1657 et
1512 1606 1576 1657 ut
1605 1600 1935 1657 subsistens

286 1692 481 1748 forma
511 1692 797 1749 antecedit
825 1692 1142 1748 terminum
1174 1692 1420 1762 ejusque
1467 1690 1932 1762 productionem.

285 1784 367 1835 De
409 1782 715 1852 spiratione
751 1784 945 1836 autem
992 1779 1172 1836 activa
1221 1796 1354 1835 cum
1404 1783 1651 1844 constet,
1684 1794 1756 1833 ne
1788 1778 1934 1833 hanc

2051 615 2355 687 prietatem
2383 615 2596 672 habere
2629 622 2836 688 potest,
2870 618 3010 689 quia
3035 618 3420 674 constitutiva;
3446 619 3697 691 proprie-

2051 707 2196 759 tates
2247 703 2479 760 realiter
2507 705 2661 761 idem
2709 710 2847 760 sunt
2886 723 2951 761 ac
3000 724 3261 778 personae
3310 707 3694 765 subsistentes

2048 796 2104 848 et
2134 809 2265 848 cum
2300 794 2393 849 his
2425 795 2858 851 identiﬁcantur
2886 796 3035 867 (45);
3070 797 3224 852 unde
3250 803 3436 863 Pater,
3471 799 3517 853 si
3553 800 3695 855 duas

2047 879 2289 937 haberet
2346 883 2635 953 eiusmodi
2689 885 3093 955 proprietates,
3120 902 3232 940 non
3284 902 3401 941 una
3451 903 3696 958 persona

2047 977 2223 1041 esset,
2258 974 2357 1028 sed
2390 974 2799 1030 duas.Proinde
2822 975 2990 1031 Pater
3006 992 3119 1030 non
3151 976 3325 1030 simul
3351 976 3697 1047 paternitate

2046 1067 2102 1117 ct
2140 1064 2453 1134 spiratione
2500 1067 2894 1133 constituitur,
2928 1069 3028 1123 sed
3078 1072 3179 1122 aut
3221 1069 3565 1139 paternitate
3596 1073 3697 1124 aut

2048 1153 2386 1223 spiratione.
2421 1154 2534 1211 Sed
2564 1155 2733 1211 Pater
2765 1156 3111 1228 paternitate
3145 1157 3449 1212 manifeste
3481 1160 3694 1213 consti-

2044 1242 2275 1300 tuitur:
2314 1244 2481 1300 Pater
2510 1246 2727 1300 dicitur
2766 1250 2822 1301 et
2852 1250 2939 1301 est
2978 1247 3116 1317 quia
3163 1254 3397 1317 generat
3430 1246 3637 1302 Filium
3676 1278 3691 1327 ς

2045 1335 2102 1387 et
2146 1339 2279 1390 ante
2318 1335 2603 1405 Spiritum
2655 1335 2980 1408 concipitur
3024 1336 3221 1395 Filius,
3256 1340 3389 1391 ante
3419 1335 3689 1407 spiratio-

2045 1437 2179 1479 nem
2208 1426 2505 1495 generatio
2536 1444 2551 1495 ;
2582 1425 2847 1481 universa
2878 1425 3128 1497 denique
3161 1425 3390 1480 traditio
3427 1426 3690 1496 paterni-

2047 1516 2221 1567 tatem
2255 1518 2320 1568 ut
2368 1515 2803 1570 constitutivam
2848 1515 3028 1570 Patris
3076 1519 3355 1569 tesseram
3388 1516 3692 1586 spectavit,

2046 1605 2111 1655 ut
2142 1617 2320 1671 supra
2352 1603 2400 1673 (§
2429 1605 2486 1673 5)
2545 1609 2842 1659 ostensum
2878 1608 2983 1658 est.
3017 1606 3148 1657 Jam
3201 1619 3333 1657 vero
3373 1602 3421 1657 si
3452 1602 3688 1672 spiratio

2045 1688 2275 1744 Patrem
2326 1706 2443 1745 non
2494 1692 2813 1758 constituit,
2860 1707 3046 1761 neque
3095 1690 3304 1746 rationi
3373 1689 3502 1746 Filii
3570 1690 3689 1745 ullo

2047 1778 2221 1834 modo
2270 1780 2602 1849 opponitur,
2632 1796 2699 1835 ea
2746 1796 2864 1836 non
2913 1779 3099 1835 Patris
3152 1783 3239 1835 est
3291 1778 3544 1851 propria,
3589 1780 3688 1835 sed

284 1844 521 1941 quidem
555 1870 908 1927 constituere
937 1870 1191 1939 Patrem,
1223 1873 1325 1925 aut
1346 1869 1575 1933 Filium,
1600 1869 1701 1925 sed
1734 1883 1938 1923 secun-
1972 1844 2017 1908 Β
2047 1866 2202 1922 Patri
2234 1844 2497 1940 Filioque
2527 1844 2859 1925 communis
2891 1870 3028 1941 (46).
3062 1844 3311 1925 Uberius
3341 1844 3693 1925 id-evolven-

287 1958 428 2012 dum
461 1958 744 2013 rationem
785 1973 1116 2030 supponere
1137 1957 1263 2027 jam
1295 1957 1640 2012 constitutos
1688 1971 1788 2026 per
1834 1972 1935 2026 pa-

279 2046 612 2103 ternitatem
655 2062 723 2103 ac
760 2045 1096 2103 ﬁliationem
1132 2064 1146 2113 ;
1182 2045 1362 2101 multo
1396 2045 1592 2100 minus
1639 2044 1799 2115 origo
1846 2043 1937 2099 vel

284 2139 439 2194 actio
462 2137 742 2209 spirativa
770 2145 1052 2209 tanquam
1084 2137 1316 2193 illarum
1344 2152 1719 2209 personarum
1751 2135 1938 2191 forma

282 2227 669 2283 constitutiva
710 2227 948 2298 cogitari
1000 2227 1227 2298 poterit.
1252 2227 1407 2292 Quod
1459 2224 1667 2280 attinet
1696 2225 1767 2280 ad
1803 2240 1936 2295 per-

279 2332 459 2373 sonas
486 2317 818 2387 productas,
847 2316 929 2371 has
961 2316 1020 2371 in
1055 2320 1335 2387 conceptu
1357 2315 1584 2371 formali
1617 2315 1935 2370 universim

284 2405 494 2460 dicunt
524 2405 811 2461 rationem
838 2405 1073 2461 termini
1095 2409 1152 2460 et
1174 2405 1460 2476 producti,
1482 2404 1781 2476 speciatim
1804 2420 1935 2460 vero

284 2493 576 2549 rationem
625 2493 718 2548 vel
753 2495 920 2549 Verbi
959 2493 1046 2550 vel
1088 2493 1342 2565 Spiritus
1385 2492 1798 2561 subsistentia;
1832 2493 1932 2549 sed

281 2587 507 2639 certum
565 2587 679 2652 est,
710 2583 854 2638 viam
902 2584 973 2638 ad
1018 2584 1360 2648 terminum,
1394 2582 1829 2655 productionem
1873 2582 1932 2639 in

282 2671 435 2739 ﬁeri,
467 2672 754 2729 actionem
795 2671 1064 2727 dictionis
1120 2677 1222 2727 aut
1267 2673 1484 2727 amoris
1531 2672 1724 2727 adhuc
1773 2671 1935 2743 quasi

284 2762 565 2817 ﬁucntem
598 2761 836 2831 anteire,
867 2777 977 2817 non
1006 2764 1340 2817 constituere
1370 2760 1685 2816 terminum
1718 2760 1932 2831 ipsum,

281 2849 635 2921 productum
687 2849 1065 2922 completum,
1116 2854 1174 2907 et
1217 2850 1469 2906 Verbum
1531 2866 1598 2906 ac
1652 2850 1932 2921 Spiritum

284 2936 633 3010 perfectum.
670 2960 692 2987 ο
742 2937 1008 3011 Denique
1052 2939 1319 2996 observat
1352 2940 1432 3008 (n.
1472 2939 1597 3010 386)
1632 2956 1646 2994 :
1680 2960 1709 2987 «
1743 2940 1936 3004 Quan-

283 3044 462 3101 quam
483 3044 553 3084 ex
580 3028 755 3085 dictis
784 3028 974 3084 omnis
1007 3030 1331 3101 proprietas
1353 3027 1715 3100 hypostatica
1746 3028 1820 3083 sit
1846 3044 1934 3084 re-

284 3117 475 3185 lative,
506 3120 704 3173 tamen
735 3133 837 3173 nec
864 3120 1042 3173 mnis
1072 3120 1307 3175 relativo
1335 3134 1437 3173 nec
1467 3119 1646 3173 omnis
1677 3118 1932 3174 notione-

285 3204 354 3259 lis
389 3206 704 3276 proprietas
750 3213 831 3262 est
860 3206 1222 3278 hypostatica.
1271 3206 1415 3263 Cum
1457 3205 1609 3262 enim
1662 3206 1784 3261 haec
1832 3223 1935 3278 per

290 3293 535 3349 modum
568 3294 1014 3351 determinantis
1034 3296 1105 3350 ad
1137 3313 1264 3352 esse
1280 3296 1600 3368 personale,
1629 3296 1931 3368 proprium

289 3399 355 3439 ac
414 3383 985 3455 incommunicabile,
1040 3401 1384 3441 concurrere
1460 3385 1709 3452 debeat;
1770 3382 1931 3438 illius

289 3473 435 3528 ratio
466 3478 525 3529 et
568 3472 892 3529 formalitas
920 3489 1021 3529 nec
1049 3475 1479 3531 innascibilitati
1505 3490 1603 3532 nec
1624 3473 1935 3546 ‘spirationi

282 3563 477 3618 activa
505 3562 921 3633 congruit.Non
956 3563 1562 3636 innascibilitati,quia
1580 3565 1750 3636 juxta
1778 3567 1927 3635 Aug.

282 3652 357 3707 De
377 3653 541 3708 Trin.
574 3668 630 3718 ν,
660 3654 713 3708 6.
746 3653 855 3709 Nec
886 3651 1004 3708 ideo
1052 3653 1279 3725 quisque
1304 3658 1489 3725 pater,
1522 3655 1659 3726 quia
1707 3653 1931 3726 ingeni-

274 3745 383 3809 tus,
415 3757 519 3797 me
566 3742 846 3813 ingenitus
893 3742 1011 3799 ideo
1040 3745 1172 3814 quia
1208 3747 1406 3815 pater;
1438 3743 1696 3814 adeoque
1735 3743 1808 3798 ab
1838 3743 1930 3798 in-

276 3829 674 3887 nascibilitate
721 3835 887 3903 pater
931 3832 988 3886 in
1033 3848 1162 3888 esse
1198 3833 1381 3903 patris
1438 3848 1504 3887 ac
1536 3848 1795 3904 personae
1828 3848 1932 3888 nec

274 3921 703 3976 determinatur
735 3936 840 3975 nec
876 3921 1270 3976 constituitur.
1303 3921 1502 3992 Neque
1547 3922 1718 3977 etiam
1753 3922 1933 3993 spira-

278 4010 429 4065 tioni
473 4009 698 4065 activae.
730 4010 1010 4075 Quamvis
1040 4010 1193 4066 enim
1226 4011 1348 4066 haec
1377 4010 1612 4082 propria
1654 4011 1727 4067 sit
1775 4011 1931 4066 Patri

278 4104 338 4155 et
367 4098 542 4168 Filio,
572 4104 771 4154 tamen
806 4115 911 4155 nec
941 4098 1103 4156 illum
1136 4100 1195 4156 in
1228 4115 1358 4156 esse
1388 4099 1595 4166 Patris,
1627 4115 1731 4155 nec
1772 4100 1931 4155 hunc

278 4189 341 4244 in
364 4204 498 4245 esss
530 4187 663 4242 Filii
694 4188 845 4261 [233]
888 4189 1269 4256 determinat;
1304 4188 1584 4261 alioquin,
1617 4205 1746 4245 cum
1788 4189 1930 4245 utri-

278 4294 396 4350 que
426 4277 508 4333 sit
552 4277 909 4343 communis,
942 4283 1109 4334 Pater
1145 4284 1300 4336 esset
1358 4278 1539 4336 Filius
1569 4282 1626 4335 et
1668 4278 1930 4335 vicissim

276 4367 421 4423 Filio
455 4367 776 4440 paternitas
810 4367 1160 4424 conveniret.
1182 4369 1344 4425 Unde
1366 4368 1543 4425 habet
1573 4384 1637 4425 se
1662 4373 1930 4441 respectu

2046 1959 2164 2011 tem
2197 1958 2599 2013 Bessarionem
2631 1965 2736 2013 art.
2770 1974 2885 2028 seq.
2920 1962 2946 2026 §
2979 1958 3063 2026 13,
3097 1958 3477 2013 adducemus.

2117 2046 2171 2103 8.
2208 2046 2481 2117 Sequitur
2513 2048 2746 2101 tertium
2771 2048 3005 2102 eﬁ‘atum
3026 2064 3038 2101 :
3060 2048 3226 2102 Pater
3253 2056 3328 2102 est
3349 2048 3697 2118 principium

2046 2151 2238 2190 eorum
2267 2150 2394 2206 quae
2423 2151 2492 2190 ea:
2521 2135 2637 2206 ipso
2667 2143 2795 2190 sunt
2823 2151 2932 2191 non
2971 2139 3187 2192 ratione
3218 2139 3457 2201 naturae,
3478 2135 3569 2191 sed
3598 2152 3694 2191 ra-

2046 2223 2193 2280 tione
2216 2239 2470 2296 personaz
2496 2226 2568 2294 (ο.
2604 2224 2715 2297 15),
2748 2225 2901 2295 quod
2932 2224 3083 2295 apud
3116 2224 3309 2281 Photii
3333 2224 3610 2293 asseclas,
3633 2229 3697 2280 ut

2046 2315 2261 2371 Beccus
2290 2314 2535 2369 advertit
2589 2314 2673 2383 (in
2723 2313 2867 2385 [234]
2902 2313 3119 2369 Gamat.
3154 2314 3219 2369 G.
3255 2313 3320 2369 0.
3355 2313 3427 2381 II,
3459 2315 3611 2385 291),
3636 2313 3698 2369 in

2046 2404 2276 2461 axioma
2290 2402 2519 2459 transiit
2531 2402 2665 2458 .Lex
2689 2402 2793 2459 hoc
2807 2403 2998 2475 arguit
3027 2408 3230 2458 contra
3248 2402 3501 2458 Beccum
3516 2402 3699 2459 Geor-

2046 2492 2178 2564 gius
2208 2492 2453 2565 Cyprius
2502 2492 2679 2563 (apud
2740 2496 2904 2548 Becc.
2937 2492 2994 2546 in
3040 2495 3181 2546 tom.
3223 2490 3394 2562 Cypr.
3432 2492 3497 2547 G.
3533 2492 3591 2548 0.
3625 2492 3697 2559 II,

2048 2582 2149 2636 158
2180 2597 2298 2652 seq.
2332 2581 2460 2649 236,
2491 2581 2645 2654 237).
2668 2579 2951 2636 Viderunt
2982 2578 3288 2635 orthodoxi
3318 2579 3458 2634 satis
3504 2583 3691 2648 acute,

2046 2688 2161 2727 non
2193 2671 2538 2742 simpliciter
2584 2670 2727 2726 illud
2770 2669 2965 2741 negari
3000 2685 3188 2741 posse,
3232 2668 3443 2724 habere
3492 2673 3691 2724 tamen

2046 2760 2196 2832 apud
2233 2760 2505 2815 Photium
2540 2775 2785 2831 pravum
2822 2758 3133 2830 quemdam
3166 2773 3398 2814 sensum
3452 2758 3692 2814 minime

2045 2848 2585 2905 tolerandum.Hinc
2602 2848 2873 2904 laudatus
2892 2847 3341 2920 Byzantinorum
3362 2846 3694 2917 patriarcha

2046 2938 2381 2994 adversario
2415 2937 2653 3009 quidem
2688 2937 2954 2993 concedit
2983 2936 3049 3007 (ι.
3072 2952 3121 2991 c.
3154 2952 3203 2991 c.
3231 2937 3319 3005 11,
3352 2953 3407 3007 p.
3442 2936 3700 3008 237),Pa-

2044 3032 2188 3085 trem
2222 3045 2335 3084 non
2366 3028 2587 3083 ratione
2618 3030 2864 3094 naturai,
2896 3025 2992 3080 sed
3028 3025 3251 3079 ratione
3282 3039 3539 3094 personae
3571 3038 3697 3079 esse

2045 3133 2280 3174 causam
2311 3132 2511 3173 eorum
2545 3132 2673 3188 quae
2705 3130 2772 3170 ex
2802 3115 2929 3185 ipso
2955 3130 2969 3181 ;
3004 3113 3103 3168 sed
3127 3112 3208 3167 ibi
3239 3127 3373 3167 cum
3396 3111 3698 3166 Photianis

2047 3212 2269 3264 naturae
2308 3211 2638 3279 respectum
2673 3220 2914 3276 prorsus
2939 3202 3165 3259 excludi
3200 3205 3586 3270 naturamque
3617 3199 3690 3253 ab

2046 3296 2336 3368 hypostasi
2381 3294 2637 3368 separari
2668 3296 2869 3359 vetat;
2914 3291 3244 3361 meliusque
3300 3305 3368 3344 ex
3417 3288 3688 3344 Patribus

2040 3385 2156 3441 dici
2204 3389 2535 3458 propugnat
2572 3385 2644 3456 (ο.
2681 3385 2765 3449 15,
2803 3399 2860 3455 p.
2889 3381 3016 3452 246)
3072 3384 3197 3434 tum
3230 3374 3381 3451 λόγῳ
3418 3381 3517 3445 τῆς
3560 3376 3699 3429 ὁπο-

2041 3477 2276 3536 στάσεως
2332 3485 2451 3530 tutn
2500 3471 2657 3549 λόγῳ
2712 3478 2814 3540 τῆς
2882 3468 3091 3547 φύσεως
3142 3467 3491 3538 principium
3561 3480 3691 3521 esse

2041 3570 2288 3623 Patrem.
2322 3566 2555 3621 Certum
2580 3572 2667 3619 est
2696 3562 3008 3619 essentiam
3024 3558 3095 3615 ab
3126 3557 3430 3630 hypostasi
3454 3555 3690 3611 nonnisi

2041 3657 2263 3713 ratione
2319 3654 2571 3720 diﬁ‘erre,
2605 3666 2794 3723 neque
2838 3647 3022 3703 οὐσίαν
3079 3646 3445 3701 ἄνυπόστατον
3501 3661 3695 3717 neque

2045 3743 2333 3800 ὑπόστασιν
2368 3742 2615 3795 ἆνούσιον
2659 3740 2903 3812 cogitari
2927 3754 3117 3809 posse,
3143 3742 3205 3792 ut
3234 3737 3493 3791 Thomas
3525 3734 3602 3805 (p.
3641 3735 3691 3805 1,

2041 3851 2097 3906 q.
2132 3835 2221 3901 39,
2254 3851 2307 3888 a.
2340 3833 2389 3897 1)
2432 3837 2490 3888 et
2536 3831 2801 3886 Petavius
2832 3829 2929 3900 (De
2972 3827 3121 3883 Trin.
3154 3825 3278 3895 VII,
3311 3826 3398 3892 15,
3434 3824 3500 3878 13
3548 3823 3695 3893 seq.)

2040 3921 2438 3981 declarant.Id
2457 3918 2685 3990 necipsi
2701 3916 3061 3973 schismatici
3080 3929 3322 3986 prorsus
3336 3912 3687 3980 difﬁtentur;

2041 4013 2099 4068 id
2148 4010 2460 4083 Gregorius
2510 4005 2753 4080 Cyprius
2799 4006 2973 4077 (apud
3011 4004 3172 4059 Becc.
3208 4003 3245 4056 l.
3286 4019 3303 4055 ι
3335 4004 3519 4057 Const.
3554 4016 3603 4055 c.
3634 4001 3691 4066 5,

2038 4104 2111 4171 6;
2166 4102 2224 4157 in
2259 4106 2395 4157 tom.
2444 4099 2613 4169 Cypr.
2642 4099 2786 4152 orat.
2819 4094 2875 4160 2,
2908 4110 2961 4148 c.
3003 4097 3074 4159 5;
3127 4091 3186 4147 ϐ.
3230 4090 3289 4147 0.
3319 4090 3390 4159 Il,
3424 4089 3527 4143 156
3567 4088 3688 4155 158,

2039 4193 2170 4265 258)
2200 4189 2466 4247 concedit
2496 4188 2625 4258 (47).
2661 4185 2804 4241 Hinc
2858 4182 3136 4254 Georgius
3167 4178 3587 4252 Trnpezuntius
3615 4178 3688 4232 ad

2040 4283 2132 4340 Jo.
2166 4278 2402 4338 Cubocl.
2437 4294 2490 4335 c.
2526 4278 2586 4331 11
2637 4274 2721 4348 (G.
2754 4274 2813 4330 0.
2859 4274 2905 4343 Ι,
2939 4271 3034 4326 491
3091 4286 3192 4341 seq
3220 4272 3239 4338 )
3272 4286 3284 4324 :
3321 4290 3350 4318 «
3394 4266 3694 4334 Quomodo

2040 4370 2334 4446 concipias
2363 4365 2729 4442 hypostasin,
2752 4364 2799 4421 si
2828 4364 2885 4419 in
2905 4360 3163 4418 essentia
3193 4359 3381 4431 ipsam
3414 4372 3528 4413 non
3556 4372 3693 4411 con-

278 4456 614 4527 utriusque,
656 4456 808 4511 sicut
864 4456 1135 4526 essentia,
1185 4473 1494 4514 commune
1550 4457 1817 4530 pluribus
1873 4466 1928 4515 et
1959 4461 2432 4543 Dsideraveris?
2464 4456 2789 4515 Essentiam
2823 4452 2979 4510 enim
3038 4455 3097 4506 et
3154 4452 3422 4543 naturam
3478 4446 3695 4543 absque

273 4544 1017 4616 determinabilc;dumque
1034 4546 1338 4602 constituit
1367 4553 1595 4604 Patrem
1628 4554 1684 4603 et
1715 4546 1925 4604 Filium

274 4636 336 4691 in
384 4650 517 4690 esse
567 4635 876 4705 spiratoris
923 4635 1188 4691 distincti
1229 4654 1261 4691 a
1290 4637 1510 4708 Spiritu
1550 4641 1776 4705 sancto,
1808 4635 1925 4690 illis

273 4723 591 4797 suppositis
611 4722 669 4779 in
693 4741 803 4781 sua
823 4724 1209 4797 personajam
1240 4726 1568 4782 constitutis
1599 4725 1929 4798 concipitur

272 4814 650 4886 supervenire
680 4813 802 4871 haec
831 4814 1057 4883 relatio,
1088 4818 1370 4888 tanquam
1405 4816 1709 4887 perﬁciens
1738 4815 1929 4887 expli-

273 4904 451 4959 citam
500 4919 707 4960 eorum
756 4903 1213 4962 distinctionem.
1244 4926 1273 4956 »
1304 4905 1415 4962 Sed
1463 4906 1533 4961 ad
1585 4911 1926 4978 praesentem

273 4992 681 5049 tractationem
735 4993 960 5050 sufﬁcit
1010 4994 1256 5064 simplex
1298 4993 1420 5052 hac
1459 4995 1924 5051 demonstratio:

340 5177 579 5252 (44)(31.
635 5178 945 5237 Bessarion
1005 5181 1158 5251 Resp.
1209 5180 1279 5237 ad
1329 5182 1493 5237 Marc.
1562 5181 1699 5252 Eph.
1750 5196 1809 5252 Ac.
1858 5183 1925 5238 18

277 5251 439 5325 (Cod.
493 5251 647 5325 hicn.
698 5254 768 5306 27
816 5252 855 5306 ἱ.
905 5252 1021 5325 230
1062 5250 1185 5325 ἃδε
1246 5252 1487 5325 Πρώτως
1516 5250 1839 5325 icui—nupta);
1867 5253 1923 5325 ᾳὶ

271 5320 540 5397 ἀνᾳφοραί
576 5321 885 5397 Δὺφιστῶσιλ
920 5321 1028 5397 Δκαὶ
1095 5319 1450 5397 δίᾳκρίνόμσι,
1512 5319 1790 5394 ἑπομένως
1865 5321 1923 5378 δὲ

271 5342 540 5397 αναφοραι
591 5342 620 5376 υ
669 5344 876 5390 ιστωσι,
938 5342 1028 5376 και
1095 5342 1450 5395 οιακρινουσι,
1513 5342 1790 5394 επομενως
1865 5342 1919 5378 οε

270 5342 737 5518 gelata-E26301,
796 5392 1028 5449 καθόσον
1085 5392 1263 5449 ταῦτὸ-
1308 5392 1409 5448 sic:
1465 5396 1743 5471 πράγματι
1800 5399 1919 5457 ταῖς

303 5483 591 5518 ναωοοαις.

303 5483 591 5526 ναφοραις,

339 5483 1021 5609 ῗῗὲξαέέεειτὶοοηεερ.
1071 5537 1141 5592 ad
1186 5537 1350 5609 Mare.
1394 5539 1541 5609 Eph.
1581 5537 1727 5609 cod._
1760 5537 1913 5594 Mon.

269 5606 359 5678 27,
408 5606 449 5663 l'.
502 5610 611 5664 229
668 5613 724 5666 b.
777 5608 922 5665 Δύτὰ
962 5606 1033 5663 τὰ
1072 5609 1190 5662 θεῖα
1217 5606 1479 5678 πρόσωτὲα
1524 5606 1831 5663 ὑποστάντα
1862 5609 1916 5663 αἱ

274 5677 630 5735 ὑποστατικαί
686 5682 819 5736 εἶσιν
876 5678 1170 5751 ἰδιότητες.
1229 5680 1374 5738 Vide
1429 5682 1634 5739 Thom.
1692 5681 1916 5753 §5,ci-

272 5756 473 5808 istum.

2034 4551 2332 4627 hypostasi
2382 4544 2795 4605 universaliori
2848 4541 3105 4615 quodam
3148 4538 3319 4594 modo
3374 4534 3695 4627 intelligere

2037 4624 2392 4717 possumus;
2425 4652 2605 4710 quare
2633 4639 2689 4689 et
2744 4630 3046 4689 nonnullis
3072 4628 3257 4717 visum
3291 4629 3540 4717 est,eam
3565 4624 3687 4680 uni-

2039 4714 2205 4790 verse
2235 4729 2580 4787 subsistere.
2605 4728 2678 4781 At
2716 4722 2872 4779 enim
2915 4716 3268 4791 hypostasim
3299 4714 3603 4786 concipere
3632 4716 3689 4770 et

2034 4820 2342 4879 enuntiare
2382 4832 2497 4872 non
2528 4811 2707 4869 simul
2737 4809 3106 4866 considerata
3142 4808 3245 4861 aut
3283 4809 3563 4875 concepta
3594 4818 3687 4859 es«

2033 4910 2219 4968 sentis
2251 4905 2441 4963 modis
2479 4900 2756 4959 omnibus
2786 4896 2909 4953 ﬁeri
2943 4894 3163 4966 nequit.
3197 4893 3329 4949 Ideo
3362 4897 3417 4948 et
3443 4908 3577 4947 cum
3599 4890 3686 4947 in-

2032 5000 2291 5072 genitum
2350 4998 2407 5051 et
2466 4990 2784 5064 procedens
2856 4982 3249 5059 hyposlaticae
3307 4981 3687 5052 proprietates

2102 5180 2215 5252 (46)
2246 5179 2391 5252 Ibid.
2425 5179 2461 5231 Υ.
2495 5176 2684 5252 2298.
2736 5169 2911 5252 Ἐπεὶ.
2941 5168 3045 5244 γὰρ
3096 5163 3322 5252 (ἑκοξστον
3383 5164 3679 5252 πρόσωπον

2031 5240 2118 5306 ἑνί
2146 5240 2252 5304 τινι
2287 5249 2455 5320 μόνον
2490 5240 3127 5320 ξδξῴματελσονίσταται,
3237 5242 3331 5320 τῇ⁸
3348 5241 3447 5293 τοῦ
3478 5242 3681 5320 ιγεν-νᾷν

2030 5322 2064 5391 ἢ
2117 5326 2186 5395 τῇ
2235 5310 2332 5375 τοῦ
2372 5310 2708 5395 προῦάλᾉὲιν
2754 5312 3008 5395 ἰδιότητι..
3048 5310 3395 5395 συνζστασθαέ
3438 5310 3533 5395 Et)";
3572 5315 3687 5364 [Ια-

2026 5378 2186 5468 t'épa:
2219 5378 2423 5468 ἀνάγκῇ
2447 5407 2461 5420 ⁵
2530 5387 2679 5468 ἀλλὰ
2730 5378 2930 5468 lla-rae;
2950 5382 3071 5468 "sti
3116 5384 3178 5437 τὸ
3204 5454 3216 5468 ς
3236 5386 3421 5468 γεννᾶν
3451 5378 3684 5468 λέχεται

2025 5452 2115 5519 xiii
2157 5452 2340 5519 ἔστιν.¹
2374 5452 2536 5517 ηξὶστε
2592 5460 2651 5515 οὐ
2691 5460 2753 5532 τὸ
2783 5452 3122 5532 προϐάλλειν
3157 5452 3324 5532 αὐτοῦ
3355 5452 3417 5532 τὸ
3448 5452 3692 5532 aptiora:-

2024 5557 2126 5591 πον
2178 5539 2395 5604 συνιστᾷ
2420 5553 2432 5566 ο
2481 5534 2558 5606 μὴ
2590 5534 2650 5606 ’ὃν
2693 5529 2755 5606 8‘s
2773 5519 2916 5584 (ἰδ’ων
2943 5531 3041 5606 τοᾷ
3071 5527 3286 5600 [ἰατρὸς
3321 5519 3501 5596 μόνοιί
3530 5519 3686 5594 μηδὲ

2026 5607 2341 5662 συστατικὸν
2369 5601 2457 5661 icui.
2482 5601 2570 5677 ’τῳ
2597 5605 2708 5677 Υἱῷ
2740 5602 2852 5658 ἐστι
2882 5601 3080 5677 κοινόν..

2024 5753 2049 5808 ἲ
2094 5682 2208 5810 £24221)
2232 5680 2333 5809 1sic
2365 5691 2416 5737 et
2448 5662 2690 5737 Marcus.
2722 5677 2935 5749 Ephes.
2968 5673 3171 5746 syllog.
3198 5688 3214 5738 ς
3246 5668 3383 5724 Cod.
3422 5666 3579 5721 Mon.
3611 5662 3685 5717 27
