4058 6216
323 381 440 440 475

1517 372 1785 433 PHOTII
1833 371 2365 433 PATRIARCHE
2410 372 2526 433 CP.

3608 379 3722 439 476

317 506 1539 580 dicimus,essentiamintelligimus,qumin
1554 506 1789 579 speciali
1815 508 1967 579 inge-
1996 508 2048 575 Α
2079 507 2366 564 stantialis
2405 507 2665 564 Genitori
2699 512 2788 565 est
2831 527 2845 566 :
2889 509 2970 565 ita
3000 509 3252 581 Spiritus
3281 514 3520 568 sanctus
3540 510 3593 566 ὲν
3625 511 3727 578 τῆς

320 601 640 674 niti,geniti
680 605 737 657 et
780 601 1144 672 procedentis
1202 597 1507 671 hypostasi
1545 596 1964 653 consideratur.

318 695 514 766 Neque
539 693 697 748 enim
728 692 788 748 in
812 694 997 746 nudas
1029 691 1412 762 proprietates
1441 688 1754 756 credimus,
1779 703 1967 759 neque

319 801 415 841 eas
436 782 724 840 essentias
757 779 1196 852 segregare,sed
1231 779 1384 833 circa
1414 776 1727 833 essentiam
1768 792 1968 849 segre-

319 875 446 948 gari
496 874 848 929 conﬁtemur
900 871 1037 943 (48).
1073 892 1101 920 »
1154 868 1438 925 Similiter
1467 868 1702 934 Beccus,
1736 867 1773 922 l.
1816 884 1856 933 ι,
1888 866 1968 922 Ad

323 965 500 1020 Const.
534 979 584 1017 c.
617 963 651 1016 8
708 960 857 1032 [235]
889 958 974 1029 (ϐ.
1027 958 1100 1015 Ο.
1138 959 1208 1022 ΙΙ,
1241 958 1344 1012 160
1373 957 1498 1028 seq)
1559 971 1679 1011 rem
1730 956 1966 1028 exponit

319 1057 377 1109 et
404 1051 818 1108 concordeuter
849 1048 1055 1120 reliqui
1097 1047 1336 1103 tradunt
1367 1062 1383 1103 :
1417 1047 1571 1117 quod
1612 1047 1662 1101 si
1710 1045 1964 1118 Spiritus

315 1149 402 1199 est
434 1158 498 1196 ex
535 1139 721 1195 Patris
753 1137 1074 1211 hypostasi,
1100 1142 1188 1193 est
1217 1137 1393 1192 simul
1425 1151 1494 1191 ex
1522 1136 1648 1206 ejus
1691 1135 1963 1192 essentia.

384 1232 440 1285 9.
472 1230 819 1300 Priusquam
855 1244 984 1283 vero
1013 1227 1251 1282 uberius
1286 1225 1468 1281 Photii
1499 1227 1734 1280 eil‘atum
1765 1224 1964 1280 discu-

310 1319 510 1388 tiatur,
544 1334 873 1376 connexum
924 1333 1059 1374 cum
1094 1316 1187 1371 his
1219 1314 1604 1388 plurimorum
1636 1315 1962 1370 Graecorum

311 1410 592 1481 eilugium
612 1407 1102 1463 considerandum
1135 1413 1242 1469 est,
1265 1421 1382 1476 quo
1413 1405 1482 1459 ad
1515 1403 1814 1459 clidendos
1838 1419 1965 1459 suo-

310 1516 440 1556 rum
491 1501 728 1554 Patrum
757 1500 950 1551 textus
1009 1495 1120 1550 sibi
1153 1497 1479 1549 contrarios
1539 1509 1733 1549 eorum
1768 1501 1962 1549 tamen

309 1588 502 1645 verbis
536 1587 722 1643 coacti
752 1585 1097 1651 concedunt,
1115 1583 1400 1654 Spiritum
1434 1586 1702 1639 sanctum
1735 1597 1863 1638 esse
1893 1599 1963 1638 ex

311 1680 546 1735 essentia
574 1677 728 1745 Filii,
745 1677 844 1731 sed
878 1691 944 1731 ex
977 1676 1252 1746 hyposlasi
1280 1674 1412 1728 Filii
1443 1689 1570 1729 esse
1593 1673 1962 1746 pertinaciter

312 1771 528 1839 negant
557 1766 693 1837 (49).
726 1765 837 1820 Sed
869 1765 925 1819 id
959 1764 1121 1818 irrito
1152 1768 1362 1819 conatu
1398 1763 1522 1819 fieri
1551 1762 1765 1819 cordati
1797 1763 1962 1818 theo-

2078 591 2443 650 ἒνυποστάτου
2483 599 2580 650 τοῦ
2629 596 2838 670 Πατρὸς
2896 595 3105 672 φύσεως
3151 596 3242 652 διὰ
3283 606 3382 668 τῆς
3439 597 3732 654 ἐνυποστά-

2074 705 2175 738 του
2205 682 2302 739 τοῦ
2331 685 2458 739 Υἱοῦ
2489 684 2674 746 οὐσίας
2706 688 3090 758 processionis
3137 690 3305 745 modo
3341 690 3568 746 habens
3599 706 3732 748 esse

2081 775 2213 832 ideo
2245 776 2397 832 Patri
2430 781 2485 832 et
2518 776 2661 832 Filio
2685 776 3203 834 consubstantialis
3233 787 3314 834 est
3330 780 3440 850 (50)
3469 780 3548 852 (p.
3573 779 3728 851 493).

2076 866 2158 920 Cf.
2217 865 2452 920 Maxim.
2528 865 2910 938 Chrysoberg.
2958 867 3033 922 De
3094 883 3244 938 proc.
3309 869 3502 940 Spirit.
3545 874 3728 926 sanet.

2075 969 2124 1010 ο.
2173 954 2228 1008 5.
2280 952 2363 1026 (G.
2425 951 2486 1010 0.
2537 953 2607 1024 ll,
2670 955 2850 1025 1086.)
2888 956 3166 1012 Prmterea
3220 972 3364 1012 sane
3419 962 3566 1025 erat,
3617 975 3727 1014 cur

2074 1047 2277 1098 contra
2306 1043 2703 1100 Eunomianos
2737 1060 2801 1100 ac
2834 1043 3280 1101 Macedonianos
3303 1046 3506 1103 Patres
3537 1046 3726 1103 incul-

2073 1137 2292 1199 carent,
2324 1132 2604 1204 Spiritum
2638 1138 2904 1189 sanctum
2936 1149 3064 1190 esse
3091 1150 3162 1190 ex
3189 1135 3426 1191 essentia
3453 1137 3636 1193 Patris
3665 1141 3729 1192 et

2073 1220 2239 1291 Filii;
2281 1222 2548 1278 videlicet
2580 1239 2649 1278 ne
2698 1228 2966 1279 creatura
2997 1228 3318 1295 putaretur,
3365 1230 3426 1280 ut
3479 1226 3721 1282 consub-

2074 1311 2430 1367 stantialitas
2454 1328 2584 1367 cum
2611 1313 2778 1368 Patre
2800 1318 2855 1368 et
2885 1312 3027 1368 Filio
3050 1315 3491 1383 ostenderetur;
3518 1319 3723 1372 utnon

2072 1415 2140 1456 ex
2171 1417 2325 1456 mera
2356 1401 2649 1456 voluntate
2679 1400 2960 1473 originem
3005 1401 3227 1458 habens
3273 1408 3577 1475 appareret
3606 1423 3622 1472 ;
3653 1420 3722 1460 ex

2072 1488 2196 1543 Filii
2229 1488 2529 1561 hypostasi
2559 1506 2693 1545 eum
2728 1489 2960 1562 prodire
2989 1506 3055 1546 ac
3087 1507 3189 1562 per
3236 1491 3444 1548 Filium
3477 1509 3603 1548 esse
3633 1491 3720 1546 illi

2075 1579 2224 1634 ultro
2256 1583 2692 1646 concesserunt,
2713 1579 2852 1634 Rem
2885 1578 3214 1636 luculenter
3239 1582 3561 1638 tractantJ.
3587 1583 3723 1638 Bec-

2071 1684 2190 1736 cus,
2226 1668 2285 1722 0.
2319 1670 2360 1734 1,
2393 1669 2468 1724 De
2498 1685 2632 1724 una.
2666 1668 2808 1724 Eccl.
2844 1685 2893 1725 c.
2923 1669 2992 1723 29
3027 1685 3151 1741 seq.
3185 1669 3268 1740 (G.
3306 1670 3368 1728 0.
3401 1672 3442 1738 Ι,
3478 1671 3722 1739 144,150

2073 1759 2217 1830 seq.)
2248 1766 2300 1813 et
2353 1762 2558 1830 Georg.
2593 1759 3022 1829 Trapezuntius
3061 1759 3163 1828 (ib.
3188 1777 3245 1832 p.
3275 1761 3404 1828 546,
3435 1761 3584 1833 547),
3617 1761 3724 1833 qui

309 1837 425 1927 logi
457 1858 879 1910 demonstrant.
911 1855 990 1908 Ac
1022 1853 1208 1924 primo
1239 1851 1465 1918 exinde,
1505 1851 1685 1923 quod,
1720 1859 1779 1906 ut
1811 1851 1959 1906 dixi-
1994 1837 2037 1902 Β
2069 1847 2337 1916 advertit,
2371 1848 2575 1903 merito
2607 1848 2665 1903 in
2716 1847 2952 1902 Patrum
2991 1848 3223 1919 scriptis
3265 1849 3568 1917 inculcari,
3615 1849 3722 1924 φύ-

312 1962 466 2012 mus,
489 1944 824 2016 hypostasis
850 1944 920 1999 ab
945 1942 1202 1998 essentia
1222 1946 1280 1998 et
1297 1940 1549 1997 essentia
1571 1942 1643 1996 ab
1666 1940 1964 2012 hypostasi

315 2037 508 2108 reipsa
537 2034 785 2105 separari
819 2033 1039 2105 nequit.
1072 2055 1099 2082 «
1135 2032 1240 2098 Qui
1264 2049 1335 2088 ex
1364 2037 1576 2087 natura
1629 2038 1681 2086 et
1713 2031 1964 2087 essentia

313 2125 465 2192 Filii,
509 2125 591 2178 ait
638 2122 922 2195 Georgius
973 2121 1399 2195 Trapezuntius
1429 2122 1527 2192 (De
1581 2137 1693 2176 una
1725 2120 1780 2176 S.
1815 2119 1960 2176 Eccl.

310 2232 360 2270 ο.
434 2216 508 2282 5;
573 2213 632 2269 G.
696 2214 756 2269 0.
822 2214 868 2278 Ι,
935 2212 1066 2283 543,
1128 2212 1256 2279 544,
1323 2211 1531 2267 asserit
1601 2209 1962 2266 Paracletum

309 2305 642 2377 procedere,
677 2318 746 2358 ex
799 2301 931 2374 ipsa
987 2300 1283 2373 hypostasi
1322 2300 1450 2355 Filii
1509 2300 1736 2356 asserit.
1797 2299 1963 2356 Haud

308 2394 465 2450 enim
495 2393 582 2449 fas
605 2396 716 2459 est,
740 2391 1073 2464 hypostases
1105 2391 1290 2445 nudas
1321 2389 1544 2461 absque
1566 2399 1775 2445 natura
1798 2387 1965 2459 (ὑπό-

306 2482 522 2541 στάσεις
554 2479 720 2553 ψιλὰς
765 2477 944 2557 χωρὶς
991 2478 1222 2554 φύσεως)
1263 2479 1586 2550 concipere,
1623 2493 1807 2548 neque
1858 2495 1961 2533 na-

310 2577 503 2628 turam
538 2571 666 2626 sine
706 2569 1010 2640 hypostasi
1051 2567 1206 2640 φύσιν
1257 2565 1664 2636 ἀνυπόστατον),
1697 2567 1962 2622 absolute

307 2661 367 2715 in
399 2657 674 2714 omnibus
707 2661 764 2714 et
792 2657 851 2712 in
883 2661 996 2712 Deo
1029 2658 1177 2728 ipso.
1212 2679 1240 2706 »
1284 2659 1351 2711 Et
1406 2671 1636 2710 rursum
1693 2656 1830 2710 alibi
1867 2656 1962 2724 (ad

305 2749 477 2805 Joan.
508 2745 745 2802 Cubocl.
787 2761 834 2803 c.
874 2745 976 2812 11;
1025 2747 1102 2801 ib.
1135 2763 1192 2816 p.
1225 2744 1350 2813 490,
1378 2745 1502 2815 491)
1537 2759 1553 2799 :
1603 2768 1632 2795 «
1667 2744 1959 2815 Quidquid

306 2843 617 2910 generatur
664 2835 1042 2907 proceditque
1089 2833 1151 2890 iu
1207 2834 1631 2906 exsistentiam,
1661 2835 1819 2906 [236]
1864 2842 1963 2890 aut

301 2931 396 2984 est
424 2943 490 2982 ex
535 2924 834 2998 hypostasi
873 2928 1101 2980 tantum
1135 2941 1249 2996 qua
1265 2923 1601 2997 hypostasis
1631 2929 1740 2994 est,
1773 2929 1872 2980 aut
1893 2940 1962 2980 ex

301 3015 553 3074 essentia
581 3018 638 3070 et
667 3017 881 3070 natura
909 3017 1151 3086 tantum,
1168 3017 1224 3070 et
1253 3015 1478 3086 absque
1508 3013 1804 3086 hypostasi
1827 3030 1960 3070 con-

302 3106 579 3172 siderata,
614 3107 716 3160 aut
751 3119 819 3160 ex
850 3107 1113 3176 utraque,
1143 3120 1211 3160 ex
1242 3108 1453 3160 natura
1483 3103 1612 3160 scil.
1643 3103 1730 3160 vel
1761 3119 1955 3160 essen-

301 3157 1586 3266 {i‘;,';,1;..'i;.magas};sesesese
1605 3157 1957 3265 magna...
1987 3157 2029 3225 δ

303 3285 640 3342 Secundum
697 3298 888 3355 neque
937 3283 1116 3338 Graeci
1165 3281 1278 3354 ipsi
1336 3281 1639 3352 dixerint;
1700 3299 1958 3355 namque

304 3373 646 3443 absurdum,
680 3377 746 3428 ut
794 3371 1040 3438 videtur,
1093 3371 1453 3438 existimant,
1485 3371 1642 3442 quod
1691 3370 1828 3427 inde
1867 3388 1960 3428 se-

303 3463 502 3535 quitur
537 3479 550 3530 ;
583 3462 850 3532 ejusdem
882 3461 1176 3532 siquidem
1204 3463 1417 3516 naturae
1440 3460 1688 3516 Trinitas
1717 3461 1955 3516 confun-

299 3553 557 3618 deretur,
583 3550 726 3605 adeo
759 3554 822 3604 ut
867 3565 937 3605 ex
967 3549 1152 3605 tribus
1195 3549 1678 3621 unumquodque,
1712 3557 1766 3606 et
1797 3565 1866 3604 ex
1895 3564 1957 3604 se

302 3641 429 3713 ipso
459 3644 516 3695 et
545 3656 611 3694 ex
656 3638 788 3694 aliis
827 3644 1012 3706 esset;
1061 3643 1484 3710 preptereaque
1537 3654 1606 3694 ex
1634 3639 1954 3711 hypostasi,

305 3745 418 3802 qua
449 3727 784 3800 hypostasis
825 3730 934 3797 est,
966 3726 1022 3798 (ἦ
1079 3726 1396 3798 ὑπόστασις)
1446 3727 1780 3784 existimant
1829 3745 1958 3786 esse

304 3818 622 3892 procedens
668 3820 724 3872 et
766 3820 1127 3890 generatum.
1170 3816 1292 3872 Heu
1337 3816 1673 3873 vesaniam!
1727 3817 1954 3874 Etenim

304 3909 354 3964 si
403 3904 758 3979 hypostasis,
819 3923 935 3978 qua
988 3905 1320 3978 hypostasis
1350 3910 1456 3974 est,
1517 3910 1756 3976 generat
1783 3912 1956 3980 atque

308 3999 599 4073 producit,
651 3997 761 4054 erit
798 4013 866 4052 ex
909 3997 1197 4069 bypostasi
1253 3997 1586 4070 hypostasis
1633 4001 1954 4056 secundum

305 4089 464 4145 idem
494 4087 631 4159 (κατ’
690 4085 822 4141 αὐτό
855 4088 896 4158 ),
947 4091 1004 4143 et
1032 4085 1116 4144 sic
1157 4102 1270 4142 non
1311 4093 1486 4143 erunt
1536 4087 1656 4145 haec
1715 4092 1952 4156 naturae,

305 4178 407 4235 sed
431 4176 859 4250 hypostasis....
881 4175 1082 4234 Sancti
1113 4192 1243 4232 vero
1275 4177 1549 4233 tradunt:
1582 4177 1749 4234 Sicut
1778 4177 1958 4234 Filius

302 4264 364 4322 ἐκ
409 4272 510 4335 τῆς
560 4263 923 4322 ἐνυποστάτου
969 4263 1179 4337 φύσεως
1227 4268 1324 4319 τοῦ
1375 4266 1587 4337 Πατρὸς
1624 4266 1714 4320 καὶ
1773 4264 1956 4329 οὐσίας

302 4358 532 4429 genitus
563 4356 847 4411 exsistens
879 4354 1007 4409 ideo
1040 4353 1341 4423 generanti
1383 4354 1564 4410 Filius
1605 4363 1659 4411 et
1705 4356 1954 4412 consub-

403 4525 494 4607 4§)
523 4519 718 4607 Oleciav
753 4518 844 4592 μὶν
877 4517 984 4607 γὰρ
1034 4517 1140 4607 καῖ’
1173 4517 1330 4607 (piari:
1381 4519 1559 4607 χῳρξς
1606 4520 1950 4583 ὑποστάσεως

374 4526 494 4649 848)
523 4526 718 4575 Οὐσίαν
753 4526 844 4592 μὲν
877 4526 984 4607 γὰρ
1034 4526 1126 4571 καί
1173 4526 1330 4595 φύσιν
1381 4526 1559 4594 χωρὶς
1606 4526 1948 4583 ὑποστάσεως

302 4616 368 4650 κα
408 4592 739 4664 ολικώῖερον
775 4595 928 4664 νοεῖν
951 4588 1191 4664 οονατόνο
1228 4586 1311 4664 8ξρ
1364 4589 1453 4643 καὶ
1504 4588 1652 4664 δοκεῖ
1696 4613 1805 4646 τισι
1855 4614 1948 4647 κα-

304 4666 485 4752 Θόλου.
522 4659 856 4752 ὑρίσλεασοοει·
910 4662 1200 4752 ὑτὶόστσσιν
1253 4659 1308 4716 δὲ
1365 4663 1562 4752 νοῆσαί
1603 4683 1675 4752 τε
1713 4667 1813 4752 καὶ,
1833 4664 1948 4752 53:1:-

305 4743 382 4792 εῖν
417 4737 493 4809 μὴ
529 4733 991 4809 συννοουμὲνηςῆ
1021 4733 1563 4809 καὶ-*προνοουμένῃς
1609 4741 1729 4809 τῆς.
1761 4735 1942 4798 οὐσίας

300 4829 358 4887 re
383 4803 606 4887 auiti:
637 4803 846 4887 φιξσέως
879 4803 1050 4887 ἁπάντῃ
1099 4803 1378 4887 ῥδύνατον.
1400 4803 1648 4887 @15qu
1699 4805 1824 4864 ὅταν
1850 4809 1944 4887 ab

302 4875 1072 4957 ἀγέννητον-δὶαὶ-ἐκεῖ-ορευτᾷν
1117 4878 1476 4957 ὑποστατεκάς
1526 4875 1817 4957 ἷδιᾷτητας-
1850 4877 1944 4957 λέ-

300 4949 508 5027 γὼμενν,
560 4953 686 5027 τήν-
711 4950 765 5006 ἐν
801 4949 961 5027 ⁸ῗδίκῇ
1017 4952 1306 5027 {sacerdos}
1354 4949 1733 5027 θεωρουμένην
1764 4950 1943 5027 οὐσίαν

297 5021 566 5098 νοοῦμενη
615 5021 693 5098 Οὐ
753 5023 855 5098 γὰρ
898 5023 972 5098 οἷς
1029 5021 1204 5098 ψιλὰς
1262 5021 1945 5098 ἱδιᾴῖῃέαςήπιστεύομςν,

301 5043 553 5096 νοουμεν.
615 5043 693 5081 υυ
793 5043 855 5097 ap
898 5043 972 5086 εις
1029 5043 1204 5098 ψιΛας
1264 5043 1540 5092 ιοιοτητας
1597 5044 1945 5096 πιστευομεν,

301 5092 458 5171 οὐδὲνΔ
511 5093 700 5171 oricia;
753 5043 1024 5171 ἔφορίζειν
1080 5098 1268 5166 ταῦτα,
1340 5094 1486 5150 ἀλλὰ
1572 5095 1696 5171 περὶ
1763 5095 1946 5150 οὐσίαν

297 5164 1089 5245 ἀφφρέζεσεὲαιρμολογοῦμεᾉσ

371 5239 485 5312 (49)
520 5239 882 5312 Photiusep.
918 5239 988 5312 ad
1039 5239 1281 5312 Zachar.
1310 5241 1685 5312 Armenorum
1717 5239 1943 5296 Calhol.

298 5310 446 5382 (Lat.
468 5310 779 5384 'apudMai
811 5310 1003 5381 Spicii.
1045 5314 1199 5366 Rom.
1240 5311 1402 5384 XLII,
1438 5328 1492 5382 p.
1527 5313 1653 5384 456)
1693 5312 1814 5366 hzec
1847 5312 1948 5367 ha-

297 5386 430 5441 bet:
465 5405 493 5434 «
517 5382 1026 5454 Spiritussanctus
1047 5387 1270 5437 Patrem
1287 5382 1616 5454 Filiumque
1632 5382 1945 5454 ’glorillcat,

297 5457 511 5528 quippe
538 5453 636 5527 qui
657 5457 725 5508 de
752 5453 977 5508 illorum
994 5454 1308 5509 substantia
1337 5455 1628 5580 accipiens
1646 5453 1947 5511 creaturas

297 5530 551 5580 innovat.
595 5549 625 5576 »
669 5527 934 5580 Fortasse
967 5526 1072 5580 hoc
1118 5525 1336 5580 dictum
1384 5541 1449 5580 eo
1495 5543 1586 5580 em
1619 5528 1790 5580 modo
1831 5544 1946 5580 auo

297 5525 571 5585 innovatf
595 5549 625 5576 »
669 5527 934 5599 Fortasse
967 5525 1336 5599 hoc__dictum
1384 5525 1586 5599 eodem
1619 5528 1790 5583 modo
1831 5544 1946 5599 quo

295 5599 644 5673 posteriores
701 5597 881 5673 Graeci
940 5597 1285 5673 intellexit_;_
1323 5597 1619 5673 probabile
1667 5603 1756 5654 est
1811 5597 1946 5654 eum

299 5669 370 5728 ad
402 5676 686 5730 Armenos
717 5669 1101 5742 scribentem,
1140 5671 1240 5740 qui
1271 5669 1381 5742 hoc
1409 5669 1776 5742 inAdogmate
1800 5687 1947 5742 ﬁcum

307 5750 571 5804 Romana
597 5741 856 5801 Ecclesia
899 5739 1230 5798 sentiebant
1259 5740 1413 5814 (Vide
1452 5739 1948 5801 Tscﬁamtschean
2003 5802 2010 5808 ,

2074 1955 2152 1989 σει
2183 1935 2394 1991 Filium
2449 1953 2516 1992 ex
2564 1939 2735 1994 Patre
2766 1954 2895 1995 esse
2952 1944 3011 1996 et
3054 1939 3193 1993 κατὰ
3223 1939 3378 2016 φύσιν
3435 1939 3721 2010 Spiritum

2074 2025 2218 2098 [237]
2271 2042 2341 2082 ex
2387 2027 2554 2082 Patre
2601 2033 2658 2083 et
2716 2027 2882 2099 Filio,
2917 2036 2979 2084 ut
3020 2030 3380 2096 ostendatur,
3413 2029 3487 2089 ὼς
3516 2026 3626 2102 οὐχ
3681 2030 3717 2097 ἡ

2075 2112 2342 2188 βούλησις
2371 2112 2534 2182 αἰτία,
2557 2112 2684 2169 ἀλλ’
2714 2117 2748 2185 ἠ
2788 2118 2986 2194 φυσικὴ
3040 2113 3270 2190 δύναμις
3320 2115 3511 2170 ἐνοῦσα
3555 2114 3716 2189 ἄλλῳ

2075 2205 2167 2276 μὲν
2187 2205 2374 2278 τρόπῳ
2397 2205 2546 2276 μόνῳ
2584 2208 2662 2276 τῷ
2714 2205 2905 2279 Πατρὶ,
2944 2209 3024 2277 τῷ
3069 2205 3206 2260 κατὰ
3249 2204 3515 2282 γέννησιν,
3556 2203 3718 2277 ἄλλῳ

2073 2291 2130 2348 δὲ
2160 2295 2329 2366 [largi
2381 2294 2521 2366 ὁμοῦ
2566 2293 2653 2348 καὶ
2704 2295 2811 2366 1⁸ἱῷ
2841 2300 2920 2367 τῷ
2975 2296 3090 2350 κατ’
3134 2294 3470 2371 ἐκπόρευσιν.
3499 2297 3719 2354 Deinde

2069 2384 2241 2440 tertio
2302 2385 2619 2439 ostendunt
2675 2384 2944 2456 theologi,
2999 2386 3453 2458 propositionem
3502 2382 3562 2438 ὲκ
3613 2389 3718 2453 τῆς

2071 2471 2260 2535 cista;
2309 2475 2405 2526 τοῦ
2454 2473 2580 2527 Υἱοῦ
2625 2490 2751 2530 esse
2807 2475 3107 2546 Spiritum,
3150 2492 3265 2531 non
3309 2491 3374 2531 eo
3433 2475 3719 2546 pertinere

2071 2579 2176 2619 nec
2209 2564 2375 2619 unice
2391 2579 2495 2618 nec
2518 2563 2931 2636 principaliter,
2947 2570 3012 2620 ut
3032 2564 3550 2621 consubstantialis
3571 2565 3718 2621 Filio

2070 2652 2414 2710 declaretur.
2448 2652 2614 2722 Nam,
2643 2659 2706 2708 ut
2753 2658 2907 2710 recte
2953 2654 3212 2726 disputat
3251 2655 3469 2711 Beccus
3515 2671 3610 2728 ep.
3645 2656 3718 2711 ad

2070 2742 2461 2815 Agallian.(G.
2496 2742 2555 2797 0.
2593 2742 2641 2809 Ι,
2671 2743 2777 2798 360
2815 2743 2987 2816 seq.),
3021 2742 3297 2800 differunt
3333 2743 3574 2800 omnino
3629 2744 3718 2800 his

2069 2833 2492 2903 propositiones
2550 2850 2563 2888 :
2609 2832 2823 2888 Paulus
2875 2837 2971 2888 est
2999 2835 3264 2906 ejusdem
3301 2840 3520 2890 natura
3579 2849 3716 2890 cum

2069 2922 2261 2992 Petro,
2295 2931 2348 2977 et
2396 2922 2610 2978 Paulus
2641 2927 2731 2978 est
2768 2937 2837 2978 ex
2875 2922 3025 2978 Petri
3083 2923 3338 2980 essentia
3370 2943 3386 2994 ;
3433 2923 3715 2994 posterior

2069 3009 2212 3066 dicit
2262 3009 2426 3066 Pauli
2486 3015 2786 3081 parentem
2843 3011 3099 3079 Petrum,
3157 3012 3315 3084 prior
3369 3027 3483 3068 non
3544 3010 3707 3068 item.

2073 3100 2193 3156 Duo
2252 3099 2467 3172 angeli,
2525 3101 2652 3155 duas
2713 3101 2922 3156 anima:
2971 3101 3085 3158 sibi
3133 3106 3274 3158 sunt
3329 3101 3716 3158 consubstan-

2068 3187 2272 3256 tiales;
2330 3204 2520 3260 neque
2568 3194 2760 3245 tamen
2822 3205 2974 3246 unus
3027 3189 3270 3263 angelus
3335 3207 3403 3246 ex
3458 3191 3717 3246 essentia

2068 3278 2304 3334 alterius
2325 3278 2515 3350 angeli
2537 3275 2623 3334 vel
2648 3279 2842 3337 anima
2871 3297 2940 3336 ex
2968 3281 3223 3338 essentia
3243 3280 3483 3337 alterius
3505 3281 3713 3337 animas

2069 3383 2196 3424 esse
2227 3366 2338 3422 dici
2369 3369 2457 3423 vel
2505 3368 2749 3440 cogitari
2807 3373 3015 3440 potest.
3046 3370 3305 3442 Accedit,
3336 3371 3492 3444 quod
3539 3369 3595 3425 si
3636 3369 3716 3425 ita

2069 3471 2160 3511 res
2215 3471 2279 3511 se
2319 3455 2578 3526 haberet,
2611 3461 2669 3513 et
2717 3458 2900 3514 Filius
2930 3475 2999 3515 ex
3043 3459 3297 3516 essentia
3347 3458 3628 3532 Spiritus,
3659 3464 3714 3514 et

2069 3547 2235 3603 Peter
2262 3563 2332 3603 ex
2369 3549 2621 3604 essentia
2668 3548 2797 3605 Filii
2853 3565 2984 3607 esse
3031 3551 3315 3607 dicendus
3364 3551 3532 3619 foret,
3564 3551 3714 3622 quod

2067 3652 2237 3693 nemo
2267 3641 2466 3693 tamen
2497 3639 2775 3695 admittit.
2816 3639 3070 3696 Rursum
3101 3656 3169 3696 ex
3206 3640 3474 3698 Patribus
3502 3640 3712 3696 iisdem

2067 3730 2240 3798 patet,
2289 3742 2465 3798 penes
2524 3743 2623 3783 eos
2676 3728 2830 3785 idem
2878 3744 3009 3786 esse
3055 3729 3247 3786 dicere
3305 3746 3371 3786 ex
3417 3729 3588 3798 Filio,
3645 3745 3714 3785 ex

2069 3831 2310 3886 persona
2356 3815 2506 3885 Filii,
2537 3833 2605 3874 ex
2635 3817 2890 3874 essentia
2937 3818 3097 3888 Filii;
3143 3819 3264 3876 haec
3308 3835 3712 3892 saepenumero

2068 3911 2190 3960 tum
2245 3906 2681 3977 conjunguntur
2729 3914 2850 3962 tum
2920 3913 3334 3966 convertuntur
3399 3910 3541 3982 (51).
3605 3913 3712 3965 Po-

2066 3999 2281 4050 stremo
2340 3995 2711 4068 perspicuum
2767 4002 2874 4066 est,
2931 3997 3140 4053 Filium
3196 4013 3328 4054 esse
3389 4014 3461 4055 ex
3523 3997 3712 4055 Patris

2065 4085 2315 4142 essentia
2370 4089 2426 4140 et
2473 4085 2652 4141 simul
2691 4102 2759 4143 ex
2811 4087 2997 4144 Patris
3042 4103 3308 4159 persona,
3346 4089 3518 4145 modo
3569 4088 3710 4144 illud

2067 4176 2238 4232 modo
2255 4175 2365 4231 hoc
2384 4175 2773 4249 pronuntiari,
2795 4180 3112 4248 utrumque
3131 4179 3307 4234 etiam
3324 4176 3536 4247 simul;
3560 4177 3710 4235 idem

2063 4264 2306 4334 proinde
2361 4263 2696 4331 dicendum,
2729 4264 2780 4320 si
2831 4265 3111 4336 Spiritum
3161 4282 3229 4322 ex
3287 4267 3547 4324 essentia
3583 4267 3708 4322 Filii

2063 4367 2192 4409 esse
2229 4354 2518 4412 audimus.
2551 4353 2636 4412 Cf.
2669 4355 2914 4411 Beccum
2949 4355 3017 4410 De
3069 4371 3180 4412 una
3231 4356 3374 4412 Eccl.
3405 4373 3459 4413 c.
3485 4356 3558 4410 29
3589 4372 3705 4427 seq.

1983 4478 2029 4543 Β
2061 4525 2196 4579 Hist.
2255 4523 2598 4589 ArmenJII,
2632 4539 2689 4594 p.
2732 4523 2836 4596 234
2875 4529 2931 4580 et
2986 4505 3359 4596 Avedichiam
3417 4527 3596 4596 Sopra
3653 4525 3708 4579 ia

2057 4596 2399 4722 processibus
2446 4596 2594 4678 delle.
2637 4595 2846 4666 Spirito
2891 4600 3068 4664 santo,
3098 4595 3346 4679 Yenezia
3380 4595 3558 4669 1824),
3589 4596 3706 4682 cal-

2083 4669 2172 4722 ide
2205 4667 2313 4722 hac
2343 4683 2711 4722 exnressione
2742 4683 2913 4722 suum
2943 4669 3012 4722 de
3042 4668 3261 4722 Snintu
3287 4675 3490 4722 sancto
3529 4669 3703 4722 claci-

2083 4668 2172 4722 ide
2205 4667 2313 4723 hac
2343 4667 2711 4738 expressione
2742 4683 2913 4739 suum
2943 4669 3012 4724 de
3042 4668 3261 4738 Spiritu
3287 4675 3490 4725 sancto
3516 4667 3703 4739 placi-

2054 4744 2179 4794 tum
2230 4739 2555 4795 occuluisse
2604 4748 2657 4794 et
2703 4738 3022 4806 obvolasse,
3059 4757 3129 4794 ne
3159 4745 3226 4796 ad
3262 4738 3542 4796 unionem
3571 4756 3703 4796 cum

2054 4809 2305 4866 Ecclesia
2349 4810 2994 4882 ConstantinOpolitana
3033 4811 3374 4870 sollicitatos
3423 4813 3704 4870 hereseos

2057 4882 2526 4937 manifestatione
2558 4884 2894 4938 deterreret.

2127 4953 2242 5028 (50)
2267 4953 2362 5008 Sic
2395 4954 2676 5028 Georgius
2716 4954 2976 5028 Cyprius,
3010 4954 3333 5028 Demetrius
3371 4955 3704 5028 Crysolaras

2059 5022 2274 5094 aliique
2307 5025 2459 5094 apud
2503 5022 2774 5080 Beccum'
2795 5022 2835 5078 Ι.
2868 5043 2910 5086 ι,
2963 5027 3032 5081 ad
3065 5027 3266 5084 Const.
3299 5032 3357 5083 et
3403 5022 3550 5084 orat.
3581 5033 3615 5084 2
3641 5026 3701 5082 in

2056 5101 2199 5151 tom.
2259 5096 2453 5166 Cyprii
2486 5095 2568 5166 (ϐ.
2622 5094 2682 5150 0.
2743 5096 2813 5163 ΙΙ,
2848 5097 2951 5152 150
3002 5113 3124 5167 seq.
3155 5099 3282 5167 254)
3329 5102 3388 5154 et
3422 5098 3699 5154 Allatium

2059 5167 2264 5222 Contra
2283 5168 2531 5237 IIotting.
2560 5183 2614 5235 p.
2648 5168 2773 5232 331,
2793 5176 2848 5222 et
2871 5168 3102 5226 Marcus
3128 5169 3417 5237 Ephesius
3446 5170 3508 5227 in
3538 5185 3697 5227 conc.

2055 5238 2490 5312 Florent:_sess.
2524 5240 2797 5312 18_et71_9.
2823 5239 2980 5312 (Har.
3019 5239 3106 5307 IX,
3129 5238 3259 5312 208,
3289 5242 3440 5312 209).

2125 5311 2242 5382 (41)
2281 5310 2376 5366 Sic
2407 5327 2548 5384 v.7g.
2581 5310 2828 5384 Cyrinus
2871 5310 2970 5366 lib.
3015 5313 3087 5377 ll,
3126 5311 3278 5368 Thes.
3313 5310 3423 5384 (ap.
3457 5311 3693 5384 Niceph.

2056 5380 2522 5472 illlam."orat‘.n2',
2544 5381 2815 5472 ξίφος.
2843 5385 3105 5472 Beccum‘
3147 5380 3530 5472 epigrln'l,_G.
3565 5380 3694 5470 0}},

2060 5454 2182 5529 4:7;-
2228 5454 2322 5529 II,_
2359 5454 2486 5529 528,
2542 5453 2710 5529 529):
2743 5452 3003 5529 ,Ἀνάγκη
3046 5453 3146 5529 γὰρ
3183 5452 3274 5529 ίτδ
3323 5457 3549 5529 ΙΙνεῦμᾳ
3601 5459 3697 5529 τῆς

2059 5521 2245 5601 edcta;
2308 5523 2570 5601 bndpxsiv
2631 5521 2930 5601 ὁμολογεῖν
2993 5521 3304 5601 aedifici:
3361 5521 3595 5601 ὼς-’γὰρ

2058 5594 2225 5675 autem}
2276 5594 2621 5675 κατὰζῷύσιν
2671 5594 2920 5675 ῥπᾲρχον
2969 5596 3067 5675 καὶ⁸
3106 5594 3194 5675 ἒῖτὶ
3243 5598 3342 5675 τὴν
3373 5594 3694 5670 κτίσὶν’πιρ’

2058 5668 2227 5723 αὐτοῦ
2256 5666 2608 5741 πεμπόμενον
2636 5667 2728 5722 τὸν
2761 5666 3108 5742 ἐλίίίαινισμὸν
3141 5668 3439 5745 ἐργάζεται.
