4058 6216
260 424 377 482 477

976 419 1078 480 DE
1124 420 1186 481 S.
1236 419 1437 481 SPIR.
1486 418 2010 484 MYSTAGOGIA.
2055 456 2135 471 —
2178 424 2968 487 ANIMADVERSIONES.

3561 427 3679 487 4⁵18

254 557 360 625 64;
420 557 569 611 orat.
619 554 676 621 2,
707 553 766 609 in
799 560 938 610 tom.
997 553 1165 627 Cypr.
1215 570 1263 612 c.
1315 556 1347 609 4
1376 570 1499 627 seq.
1533 559 1652 611 tota
1681 556 1904 629 epigra-
1935 559 1989 625 Α
2017 559 2305 629 Spiritus;
2340 561 2441 616 sed
2474 559 2583 616 hoc
2606 576 2711 615 nec
2731 576 2913 615 ausus
2942 562 3032 616 est
3059 576 3163 616 nec
3191 559 3429 615 audebit
3457 560 3674 632 aliquis

260 647 380 720 phe
410 648 478 701 12
508 644 592 717 (G.
630 645 689 701 0.
752 648 796 711 Ι,
858 644 958 699 144
989 661 1139 716 seq.,
1168 646 1275 701 208
1323 662 1471 717 scq.,
1508 644 1578 713 II,
1618 646 1722 700 257
1768 663 1913 719 seq.,

251 736 359 792 624
392 734 536 805 seq.)
595 733 873 789 Allatium
931 734 1227 790 Enehir.c.
1262 730 1323 790 δ’.
1393 752 1448 804 p.
1526 735 1598 800 ιη’
1656 752 1779 807 seq.
1824 740 1911 792 Jo.

250 826 455 882 Theol.
488 824 547 879 in
579 838 745 879 conc.
778 823 928 879 Flor.
965 840 1111 879 sess.
1147 824 1213 878 19
1242 824 1441 895 (Hard.
1494 825 1593 892 IX,
1635 841 1689 895 p.
1722 826 1827 880 217
1856 830 1912 881 et

253 916 452 985 sape).
485 914 827 984 Disputarat
854 913 1141 984 Georgius
1185 913 1425 985 Cyprius
1464 914 1636 985 (apud
1665 914 1911 971 Beccum

254 1002 317 1062 G.
354 1004 415 1060 0.
474 1004 549 1067 ΙΙ,
606 1002 734 1068 233,
784 1002 911 1069 234,
969 1003 1095 1074 256)
1127 1003 1283 1059 hunc
1327 1004 1389 1059 in
1423 1004 1662 1060 modum
1695 1020 1708 1058 :
1742 1005 1910 1062 Com-

255 1091 459 1149 munis
490 1092 643 1164 [238]
675 1093 933 1148 essentia
990 1110 1105 1149 non
1163 1096 1252 1148 est
1303 1108 1477 1150 causa
1506 1092 1906 1166 hypostaseos,

255 1198 399 1240 cum
430 1198 616 1252 neque
642 1185 1081 1252 generetneque
1108 1182 1389 1253 producat
1412 1198 1908 1254 unquam,verum

258 1272 518 1329 essentia
574 1288 709 1327 cum
782 1271 1234 1343 proprietatibus
1306 1272 1363 1343 (ἡ
1426 1274 1542 1343 per‘
1590 1268 1904 1344 ἰδιωμάτων

259 1360 460 1432 οὐσία),
494 1378 619 1433 qua
658 1361 847 1432 ipsam
892 1360 1232 1432 hypostasin
1264 1366 1444 1417 notat.
1487 1361 1659 1417 Porro
1691 1366 1906 1418 Beccus

253 1451 312 1507 id
346 1451 602 1507 libenter
630 1451 925 1519 admittit;
959 1467 1161 1506 verum
1213 1450 1374 1522 petit,
1427 1467 1502 1507 an
1541 1450 1704 1509 solus
1746 1456 1909 1507 Pater

254 1541 516 1597 essentia
528 1555 659 1596 cum
682 1540 1036 1611 proprietate
1058 1540 1361 1596 habendus
1381 1540 1490 1610 sit;
1514 1541 1571 1596 id
1584 1540 1630 1595 si
1647 1539 1904 1595 afﬁrme-

254 1634 351 1685 tur
383 1628 728 1699 universim,
761 1644 1020 1701 pugnam
1051 1644 1186 1684 cum
1218 1630 1458 1685 Patrum
1482 1628 1748 1684 doctrina
1778 1644 1905 1684 esse

253 1724 557 1792 apertam;
592 1718 641 1775 si
671 1734 803 1775 vero
863 1718 1221 1790 producendi
1264 1719 1587 1792 proprietas
1617 1719 1719 1774 uni
1751 1718 1905 1775 Patri

2026 649 2235 705 dicere.
2269 649 2551 706 Praeterea
2582 665 2715 704 cum
2744 650 2999 704 essentia
3030 667 3134 706 nec
3158 653 3394 721 generet
3423 665 3527 705 nec
3558 649 3676 721 spi-

2026 743 2131 806 ret,
2164 739 2484 796 secundum
2509 738 2827 810 theologos,
2850 739 2986 795 item
3003 741 3179 795 etiam
3196 741 3518 796 secundum
3545 740 3676 810 phi—

2020 828 2294 900 losOphos
2326 829 2405 899 (et
2445 829 2557 900 ipsi
2588 828 2743 883 enim
2790 828 3007 899 ubique
3056 830 3258 884 dicunt
3304 829 3670 899 operationes

2021 916 2457 974 individuorum
2490 933 2638 984 esse,
2671 934 2786 973 non
2828 917 3242 973 universalium
3285 923 3341 973 et
3368 933 3671 990 generum.

2027 1007 2114 1059 Me
2162 1006 2316 1061 enim
2368 1022 2477 1062 non
2534 1006 2691 1062 homo
2746 1006 3075 1077 simpliciter
3131 1005 3222 1061 sed
3251 1006 3481 1077 quidam
3510 1007 3671 1062 homo

2017 1094 2242 1166 genuit)
2276 1095 2518 1167 siigitur
2539 1098 2877 1167 operatione:
2910 1096 3350 1165 individuorum,
3385 1112 3501 1152 non
3538 1097 3669 1151 uni-

2014 1184 2326 1240 versalium
2341 1195 2603 1254 sunt,nec
2621 1185 2963 1241 substantia
2981 1184 3489 1256 simpliciter,quid
3506 1184 3665 1239 aliud

2015 1272 2458 1345 intelligendum
2490 1279 2597 1343 est,
2631 1292 2763 1330 cum
2796 1276 3110 1330 essentiam
3156 1274 3284 1329 Filii
3317 1274 3585 1329 audimus
3610 1279 3669 1330 et

2015 1378 2083 1418 ex
2114 1379 2181 1418 ea
2209 1364 2489 1434 Spiritum
2521 1364 2777 1435 prodire,
2814 1363 2927 1419 nisi
2980 1363 3240 1420 divinam
3301 1364 3428 1435 ejus
3478 1380 3670 1433 perso-

2017 1467 2151 1506 nam
2175 1451 2202 1507 ‘I
2233 1452 2500 1523 Amplius
2533 1470 2547 1507 :
2586 1470 2691 1508 nec
2723 1453 2831 1509 hoc
2863 1470 2969 1509 nos
3013 1451 3207 1520 lateat,
3238 1453 3392 1523 quod
3415 1453 3517 1523 qui
3548 1450 3669 1508 hac

2016 1538 2289 1595 dicebant
2320 1540 2507 1599 sancti
2538 1542 2823 1612 doctores,
2856 1546 3061 1598 contra
3116 1542 3359 1597 Arianos
3391 1549 3443 1596 et
3471 1541 3666 1596 Euno-

2017 1626 2244 1684 mianos
2313 1646 2371 1684 se
2421 1633 2779 1701 opponentes
2829 1630 2952 1686 hac
3005 1629 3295 1696 dicebant,
3329 1630 3429 1701 qui
3458 1628 3668 1684 Filium

2012 1732 2083 1772 ex
2111 1720 2296 1785 Patre,
2330 1717 2614 1789 Spiritum
2672 1734 2741 1774 ex
2771 1719 2960 1790 (Patre
3017 1721 3093 1789 ct)
3130 1718 3271 1775 Filio
3331 1721 3663 1774 asserentes

248 1809 605 1877 vindicetur,
638 1808 820 1880 gratis
841 1807 951 1864 hoc
972 1809 1212 1865 omnino
1249 1809 1497 1881 supponi
1538 1825 1605 1865 ac
1636 1809 1757 1865 sine
1784 1808 1903 1865 ullo
1936 1879 1967 1881 _
2012 1822 2081 1861 ex
2136 1807 2466 1864 substantia
2496 1812 2697 1866 tamen
2749 1826 2951 1865 eorum
3003 1826 3131 1867 esse
3184 1809 3496 1881 negabant,
3530 1823 3666 1862 cum

252 1898 594 1955 testimonio
651 1879 1000 1953 traditionis
1057 1898 1156 1971 (cf.
1226 1902 1252 1967 §
1292 1900 1329 1954 5
1365 1879 1545 1970 'seq.).
1607 1899 1903 1967 Praterea,
1936 1879 1981 1943 Β
2011 1895 2293 1966 dicerent,
2330 1898 2561 1968 Filium,
2597 1899 2706 1955 etsi
2749 1915 2817 1955 ex
2847 1902 3037 1967 Patre,
3064 1916 3180 1954 non
3215 1879 3406 1954 tet—men
3436 1914 3505 1953 ex
3538 1896 3668 1967 ejus

252 1987 477 2061 arguit,
508 1988 652 2042 dum
685 1987 1024 2043 conceditur
1070 1988 1355 2057 Spiritum
1404 2004 1529 2044 esse
1559 2004 1627 2043 ex
1652 1990 1907 2044 essentia

252 2078 407 2146 Filii,
435 2082 501 2133 ut
523 2094 593 2132 ex
611 2077 1361 2145 essentiaPatris,essentia
1396 2094 1533 2134 vero
1565 2078 1751 2133 Patris
1768 2094 1904 2134 cum

256 2169 615 2243 pmprietate
672 2168 766 2223 hic
817 2167 1185 2241 intelligitur,
1245 2169 1421 2225 etiam
1473 2169 1726 2225 essentia
1776 2168 1904 2225 Filii

256 2254 704 2332 μετ’ἰδιώματος
749 2258 992 2329 cogitari
1026 2258 1216 2328 debet,
1254 2275 1381 2330 qua
1424 2263 1512 2315 est
1552 2259 1903 2331 hypostasis,

253 2354 315 2406 ut
344 2349 432 2405 ait
453 2349 580 2418 ipse
609 2347 997 2404 adversarius.
1022 2348 1221 2421 Neque
1241 2349 1576 2417 dicendum,
1593 2349 1703 2405 alio
1729 2366 1905 2405 sensu

252 2438 365 2495 dici
398 2434 453 2509 ἐξ
496 2434 685 2500 οὐσίας
737 2439 835 2491 τοῦ
884 2436 1117 2511 Πατρὸς,
1160 2438 1273 2494 alio
1322 2436 1370 2506 ἐξ
1404 2436 1589 2499 οὐσίας
1630 2443 1726 2492 τοῦ
1754 2439 1904 2511 Υἱοῦ,

251 2528 483 2599 hocque
508 2527 799 2598 posterius
828 2528 898 2582 ad
923 2528 1207 2583 unitatem
1225 2528 1487 2584 essentia
1507 2528 1903 2599 referendum;

253 2617 337 2673 sic
357 2617 515 2672 enim
539 2620 597 2671 et
615 2614 864 2686 Spiritus
893 2632 962 2672 ex
1010 2621 1239 2673 suamet
1274 2618 1530 2674 essentia
1560 2634 1682 2675 esse
1711 2618 1905 2674 dicen-

253 2706 367 2760 dus
400 2706 549 2761 foret
577 2705 748 2775 (orat.
784 2705 837 2773 1,
882 2704 942 2761 in
974 2709 1115 2764 tom.
1164 2706 1333 2778 Cypr.
1394 2723 1443 2764 c.
1495 2708 1580 2773 11,
1620 2707 1659 2762 l.
1693 2724 1745 2764 c.
1776 2708 1902 2776 235,

252 2794 384 2848 236.
420 2793 506 2849 Cf.
542 2801 685 2848 orat.
716 2796 772 2859 2,
804 2810 856 2851 c.
886 2794 941 2865 2,
975 2812 1032 2866 p.
1063 2795 1211 2867 255).
1245 2795 1387 2851 Rem
1445 2797 1765 2853 usiversam
1798 2814 1903 2853 acu

252 2883 528 2965 tetigisse
558 2883 788 2939 videtur
808 2884 967 2939 card.
991 2884 1321 2953 Bessarion,
1338 2887 1478 2942 dum
1510 2886 1711 2943 scribit
1729 2886 1903 2959 epist.

253 2973 321 3028 ad
385 2971 551 3027 Alex.
604 2971 767 3027 Lasc.
793 2988 843 3027 c.
873 2973 908 3025 7
938 2974 1133 3043 (lIard.
1187 2972 1289 3043 IX,
1349 2975 1507 3040 1063,
1557 2976 1695 3031 1064
1729 2992 1743 3032 :
1776 2998 1804 3025 «
1840 2979 1902 3032 In

252 3068 461 3120 sancta
490 3061 975 3135 Trinitateﬁquod
999 3080 1066 3120 ex
1082 3064 1411 3120 substantia
1427 3064 1680 3137 alicujus
1711 3074 1813 3135 est,
1836 3084 1904 3123 ex

250 3168 507 3226 persona
560 3167 791 3224 quoque
845 3154 973 3224 ejus
1029 3154 1106 3210 sit
1160 3170 1399 3211 necesse
1455 3161 1634 3226 est,...
1684 3178 1706 3206 ι
1768 3173 1900 3212 cum
1938 3190 1980 3257 ρ

250 3242 592 3298 substantia
620 3245 677 3297 et
697 3256 947 3312 persona
976 3243 1210 3300 realiter
1229 3260 1413 3300 unum
1444 3243 1564 3300 sint
1592 3249 1649 3301 et
1672 3245 1908 3302 nonnisi

250 3330 469 3388 ratione
493 3329 1146 3403 distinguantur;secus
1171 3333 1356 3390 forent
1375 3334 1460 3389 uti
1484 3339 1601 3391 tres
1625 3350 1908 3406 persona,

252 3421 326 3476 ita
362 3426 419 3475 et
449 3425 573 3476 tres
603 3421 883 3476 essentia.
920 3421 1208 3478 Distinctio
1248 3422 1556 3496 hypostasis
1596 3431 1649 3479 et
1693 3428 1911 3479 natura

257 3510 507 3566 rationis
564 3518 663 3578 est,
707 3510 896 3569 unitas
954 3528 1084 3569 vero
1139 3513 1309 3569 realis
1340 3534 1361 3581 ,-
1391 3522 1592 3570 contra
1639 3514 1698 3569 in
1739 3514 1910 3569 nobis

252 3599 602 3655 hominibus
625 3603 733 3655 est.
753 3600 899 3655 Nam
924 3599 983 3655 in
1006 3601 1175 3658 nobis
1202 3602 1398 3659 unitas
1421 3604 1659 3674 quidem
1689 3608 1911 3659 natura

253 3705 392 3745 cum
407 3688 695 3759 cujusque
726 3704 975 3761 persona
1003 3690 1269 3760 rationis,
1303 3692 1599 3748 distinctio
1621 3710 1754 3750 vero
1783 3710 1910 3749 rea-

253 3777 325 3833 lis
365 3781 487 3848 est;
521 3775 636 3832 alia
665 3793 917 3848 namque
967 3794 1059 3835 res
1115 3784 1205 3835 est
1253 3779 1591 3837 humanitas
1623 3782 1767 3854 ipsa,
1798 3782 1912 3838 alia

250 3868 437 3938 hujus
473 3882 734 3938 persona
769 3866 1171 3926 individuatio.
1198 3871 1386 3935 Quare
1415 3871 1909 3942 quemadmodum

252 3972 471 4014 sumus
504 3956 703 4011 multa
751 3972 1034 4029 persona,
1069 3960 1151 4014 ita
1202 3959 1374 4015 etiam
1421 3960 1592 4015 multi
1623 3961 1908 4017 homines.

249 4048 377 4113 Quo
412 4047 501 4116 ﬁt,
536 4048 594 4102 ut
614 4045 755 4117 quod
783 4049 857 4102 sit
887 4064 959 4103 ex
977 4053 1185 4106 natura
1206 4050 1445 4120 alicujus
1474 4050 1777 4119 hominum,
1801 4067 1912 4107 non

252 4135 569 4193 messoria
596 4135 771 4192 etiam
804 4137 877 4194 sit
906 4154 977 4194 ex
1003 4141 1120 4211 ejus
1148 4156 1400 4211 persona.
1437 4141 1497 4195 1η
1537 4147 1728 4195 sancta
1783 4157 1912 4196 vero

252 4225 535 4280 Trinitate
560 4239 589 4279 e
609 4239 865 4280 converso
882 4228 1029 4282 est...
1068 4226 1260 4284 Unitas
1287 4228 1538 4285 essentia
1585 4237 1637 4285 et
1663 4245 1913 4300 personae

255 4320 331 4370 est
383 4315 584 4381 realis,
647 4314 936 4371 distinctio
992 4332 1119 4372 vero
1170 4319 1423 4373 rationis.
1447 4318 1555 4391 (Cf.
1586 4318 1678 4374 J0.
1709 4318 1909 4375 Theol.

258 4419 413 4460 sese.
451 4403 520 4458 19
550 4402 703 4461 Flor.
737 4419 750 4459 :
785 4404 958 4460 Hard.
993 4404 1087 4473 ΙΧ,
1118 4406 1244 4475 224,
1276 4407 1424 4478 225.)
1445 4411 1655 4472 Quatre
1686 4408 1825 4479 quod
1844 4423 1913 4463 ex

256 4495 501 4550 essentia
544 4493 785 4565 alicujus
810 4509 1175 4566 personarum
1220 4500 1320 4564 est,
1351 4513 1421 4553 ea:
1445 4512 1679 4569 persona
1708 4513 1917 4569 quoque

252 4584 374 4655 ejus
404 4597 622 4639 necesse
645 4592 724 4639 est
752 4599 882 4639 esse.
928 4584 987 4640 Si
1038 4586 1185 4657 [239]
1217 4586 1395 4657 igitur
1425 4587 1675 4658 Spiritus
1705 4603 1774 4642 ex
1805 4604 1916 4642 na-

250 4677 390 4729 tura
420 4677 480 4729 et
517 4672 774 4729 essentia
807 4674 936 4729 Filii
966 4679 1078 4744 est,
1113 4680 1178 4731 ut
1206 4676 1265 4731 in
1299 4676 1590 4747 plerisque
1621 4676 1765 4732 locis
1789 4684 1909 4732 tum

253 4762 350 4819 alii
386 4764 681 4830 doctores,
713 4766 841 4819 tum
894 4764 982 4821 vel
1026 4766 1279 4822 maxime
1308 4766 1557 4839 Cyrillus
1585 4768 1813 4839 probat,
1847 4783 1914 4823 ex

258 4868 515 4925 persona
545 4868 779 4925 quoque
830 4854 956 4925 ejus
1005 4859 1115 4911 est.
1146 4859 1221 4911 At
1273 4856 1457 4911 nostri
1500 4856 1743 4913 dicunt:
1786 4856 1917 4911 Ideo

259 4941 384 4997 hac
434 4941 717 4997 dicuntur
762 4958 796 4997 a
842 4942 1197 5012 doctoribus,
1247 4948 1312 4999 ut
1341 4945 1919 5002 consubstantialitas

258 5048 466 5089 eorum
526 5033 939 5104 comprobatur
994 5039 1051 5089 et
1109 5038 1173 5090 ut
1248 5034 1588 5092 ostendatur
1663 5036 1918 5108 Spiritus

256 5122 529 5192 ejusdem
563 5137 691 5178 esse
746 5121 1086 5179 substantia
1145 5139 1278 5180 cum
1339 5124 1500 5182 Filio.
1561 5125 1679 5180 Hoc
1721 5130 1917 5181 autem

256 5218 480 5282 quanto
511 5212 710 5268 verius
750 5216 858 5280 est,
901 5216 1059 5269 tanto
1106 5214 1295 5285 magis
1344 5230 1449 5286 pro
1501 5214 1720 5270 Latinis
1761 5213 1915 5270 facit.

255 5300 425 5357 Tunc
455 5301 613 5357 enim
645 5302 833 5373 magis
862 5302 1126 5373 ejusdem
1150 5303 1493 5359 substantia
1514 5302 1764 5374 Spiritus
1786 5318 1916 5358 cum

258 5389 433 5445 Patre
485 5393 542 5445 et
599 5389 743 5446 Filio
802 5397 910 5461 est,
958 5407 1093 5447 cum
1180 5407 1249 5447 ex
1335 5406 1537 5447 eorum
1592 5392 1918 5448 substantia

258 5478 651 5549 personisque
705 5494 906 5535 eorum
969 5481 1221 5550 prodeat,
1263 5478 1374 5535 hoc
1430 5484 1520 5535 est
1577 5481 1913 5552 procedat...

262 5569 407 5622 Nam
431 5570 480 5622 si
506 5567 617 5623 hoc
645 5568 825 5623 solum
849 5569 1523 5625 consubstantialitatem
1540 5570 1915 5641 signiﬁcaret,

258 5661 324 5710 ut
356 5655 542 5711 nostri
573 5661 801 5727 putant,
834 5657 1125 5715 diceretur
1151 5660 1328 5716 etiam
1362 5658 1525 5714 Pater
1547 5674 1615 5715 ex
1644 5659 1915 5716 substan-

267 5742 353 5798 tia
386 5744 513 5802 Filii
548 5749 606 5802 et
639 5744 884 5815 Spiritus
928 5748 1114 5804 sancti
1162 5747 1250 5806 vel
1284 5747 1465 5804 Filius
1496 5763 1564 5805 ex
1592 5748 1917 5808 substantia

2016 1985 2269 2042 essentia
2298 1986 2419 2042 sive
2464 1994 2687 2056 natura,
2722 1990 2818 2044 sed
2876 1989 3169 2045 voluntate
3229 1992 3430 2044 natum
3462 1987 3662 2055 fuisse,

2018 2075 2299 2146 Spiritum
2357 2091 2490 2133 vero
2548 2078 2741 2148 ipsum
2799 2078 2974 2133 etiam
3024 2094 3091 2134 ex
3120 2077 3284 2147 Filio,
3319 2094 3433 2133 non
3466 2081 3659 2132 tamen

2016 2166 2558 2235 essentialiter,sive
2588 2167 2955 2236 naturaliter,
2976 2170 3075 2224 sed
3106 2168 3663 2231 voluntarie.Quare

2014 2254 2227 2310 Filium
2261 2258 2546 2312 minorem
2579 2257 2746 2313 Patre
2777 2263 2833 2313 et
2875 2258 3114 2314 alterius
3146 2255 3487 2312 substantia
3515 2271 3663 2310 asse-

2016 2345 2222 2401 rebant
2267 2354 2500 2418 tresque
2550 2348 2609 2403 in
2672 2348 2977 2404 divinitate
3027 2348 3319 2420 ponebant
3358 2346 3658 2402 essentias.

2015 2438 2216 2492 Patres
2245 2435 2424 2509 igitur
2470 2437 2807 2509 opinionem
2867 2454 3067 2494 eorum
3130 2445 3401 2508 tanquam
3450 2433 3659 2490 falsam

2016 2524 2362 2596 refellentes,
2395 2543 2511 2583 non
2542 2541 2613 2582 ex
2652 2527 2795 2584 Filio
2828 2527 3043 2595 solum,
3075 2528 3174 2583 sed
3222 2525 3396 2581 etiam
3437 2540 3505 2581 ex
3539 2524 3665 2593 ejus

2015 2614 2346 2671 substantia
2366 2617 2730 2671 conabantur
2759 2616 3040 2688 Spiritum
3074 2619 3343 2671 sanctum
3373 2630 3502 2669 esse
3536 2629 3665 2683 pro-

2017 2702 2177 2773 bare,
2203 2703 2469 2761 similiter
2501 2705 2712 2761 Filium
2754 2722 2868 2761 non
2919 2722 2987 2761 ex
3017 2706 3180 2761 Patre
3211 2704 3429 2768 solum,
3460 2717 3663 2758 verum

2015 2792 2189 2849 etiam
2222 2809 2289 2850 ex
2323 2795 2449 2865 ejus
2496 2798 2769 2852 essentia.
2804 2795 2947 2870 [240]
2979 2795 3293 2851 Considera
3331 2809 3490 2866 ergo,
3524 2808 3665 2863 quo-

2015 2882 2185 2938 modo
2226 2883 2297 2938 ad
2342 2883 2471 2951 hoc,
2508 2885 2663 2955 quod
2722 2884 2973 2941 haretici
3032 2884 3320 2952 dicebant,
3353 2898 3424 2939 ex
3469 2880 3667 2938 volun-

2014 2978 2146 3038 tate,
2177 2987 2288 3027 non
2338 2987 2407 3027 ea:
2460 2973 2693 3028 essentia
2721 2974 2855 3030 Filii
2900 2973 3180 3045 Spiritum
3219 2987 3366 3039 esse,
3398 2988 3459 3026 se
3484 2986 3666 3042 oppo-

2013 3060 2267 3130 nebant;
2301 3060 2584 3131 doctores,
2617 3078 2687 3117 ex
2714 3062 2967 3119 essentia
2997 3062 3123 3117 Filii
3155 3063 3323 3117 illum
3355 3076 3479 3116 esse
3510 3076 3668 3116 assc-

2019 3151 2416 3218 verantes;ad
2479 3151 2584 3206 hoc
2640 3155 2856 3221 autem,
2914 3153 3070 3224 quod
3133 3150 3219 3207 illi
3268 3150 3537 3205 dicebant
3604 3163 3671 3202 ex

2020 3238 2189 3306 Filio,
2224 3255 2374 3307 esse,
2409 3239 2605 3295 nullus
2644 3241 3029 3305 contradixit;
3083 3256 3187 3297 nec
3230 3239 3375 3296 dixit
3403 3254 3516 3294 non
3548 3253 3672 3293 esse

2019 3325 2188 3381 illum
2214 3343 2280 3382 ex
2315 3326 2479 3394 Filio,
2514 3332 2793 3399 tanquam
2832 3332 2889 3385 et
2930 3329 3043 3400 ipsi
3074 3328 3183 3385 hoc
3212 3327 3533 3385 sentientes
3573 3325 3668 3394 (cf.

2018 3429 2082 3480 ιι,
2117 3414 2245 3481 §7),
2278 3421 2332 3469 et
2362 3414 2640 3481 dicentes,
2694 3431 2822 3472 esse
2852 3431 2920 3472 ex
2963 3415 3217 3473 essentia
3243 3415 3394 3480 Filii,
3427 3414 3582 3469 idem
3611 3415 3668 3469 et

2018 3501 2132 3574 ipsi
2182 3504 2613 3578 intelligentes;
2667 3523 2733 3562 ac
2762 3508 2812 3563 si
2864 3508 3141 3576 dicerent,
3197 3522 3268 3562 ea:
3323 3506 3562 3561 essentia
3616 3508 3669 3561 et

2017 3609 2251 3663 persona
2278 3598 2420 3667 ejus,
2453 3599 2509 3651 et
2538 3612 2646 3651 nos
2677 3595 2783 3651 hoc
2815 3597 2970 3652 idem
3002 3597 3282 3652 dicentes.
3315 3616 3345 3645 »

2100 3684 2187 3739 lO.
2223 3686 2437 3742 Natum
2475 3700 2613 3758 ergo
2643 3690 2728 3742 est
2760 3701 2776 3741 :
2811 3687 2866 3741 Si
2909 3687 3162 3757 Spiritus
3199 3693 3284 3742 est
3321 3701 3391 3741 ex
3416 3681 3672 3740 essentia

2017 3778 2264 3846 Filii,est
2287 3792 2519 3848 quoque
2543 3792 2610 3832 ex
2646 3776 2773 3847 ejus
2793 3776 3187 3845 persona.Sed
3219 3791 3335 3831 non
3370 3774 3571 3829 minus
3600 3787 3668 3827 ex

2019 3868 2198 3924 dictis
2224 3868 2303 3935 (ἓξ
2331 3866 2383 3919 8.
2416 3864 2472 3935 9)
2506 3868 2698 3920 ratum
2729 3869 2820 3921 est
2858 3882 2871 3920 :
2906 3865 2965 3920 Si
2998 3865 3246 3935 Spiritus
3276 3872 3362 3921 est
3394 3881 3463 3920 ex
3493 3863 3672 3934 hypo-

2020 3955 2163 4013 stasi
2193 3954 2403 4019 Patris,
2428 3968 2661 4025 quoque
2692 3969 2760 4008 ex
2805 3954 2929 4023 ejus
2976 3954 3248 4009 essentia.
3303 3954 3411 4008 Sed
3470 3967 3672 4009 essen-

2023 4046 2108 4103 tia
2135 4044 2461 4113 Patrisjam
2493 4041 2634 4097 Filio
2666 4042 3100 4098 communicata
3130 4042 3501 4114 intelligitur,
3524 4043 3664 4096 dum

2020 4132 2311 4207 processio
2342 4129 2594 4200 Spiritus
2623 4130 2810 4185 sancti
2834 4130 3367 4202 concipitur,Pater
3395 4133 3452 4185 et
3484 4127 3665 4183 Filius

2020 4226 2081 4280 in
2099 4239 2206 4279 sua
2229 4221 2473 4293 quisque
2497 4236 2745 4291 persona
2765 4220 3119 4277 constitutus
3137 4221 3258 4290 jam
3293 4216 3672 4289 supponitur,

2023 4316 2159 4370 dum
2192 4313 2262 4368 de
2294 4311 2392 4368 illa
2424 4311 2793 4383 processione
2822 4326 3017 4366 sermo
3053 4309 3319 4366 habetur.
3354 4307 3498 4363 Hinc
3539 4322 3674 4361 sus-

2026 4398 2204 4456 citata
2228 4416 2261 4455 a
2290 4398 2497 4456 Photio
2528 4399 2791 4471 quastio,
2826 4415 3083 4471 quanam
3135 4398 3357 4454 ratione
3401 4397 3479 4453 sit
3510 4395 3676 4451 Pater

1948 4489 2382 4575 Dprincipium
2458 4488 2588 4543 Filii
2657 4494 2714 4545 et
2762 4488 3013 4561 Spiritus
3070 4487 3279 4557 sancti,
3345 4490 3677 4575 opportuna

2024 4579 2522 4654 suggeritLatinis
2552 4587 2911 4650 argumenta.
2943 4576 3399 4641 Quodsidicatur
3416 4571 3674 4643 Spiritus

2023 4687 2091 4727 ex
2121 4671 2289 4726 Patre
2317 4682 2377 4725 ut
2407 4672 2569 4725 Patre
2617 4669 2946 4740 procedere,
2974 4668 3099 4736 jam
3144 4663 3395 4736 Spiritus
3443 4661 3670 4716 dicetur

2024 4761 2182 4816 filius
2201 4776 2266 4817 ac
2289 4759 2418 4815 Filii
2440 4758 2815 4831 prarogativa
2835 4757 3189 4820 destruetur;
3214 4752 3419 4823 quodsi
3443 4750 3674 4806 dicatur

2025 4850 2330 4922 procedere
2361 4864 2428 4904 ex
2462 4848 2627 4903 Patre
2675 4854 2940 4919 quatenus
2979 4854 3058 4900 est
3108 4846 3252 4900 Deus
3280 4842 3367 4899 vel
3399 4848 3671 4914 quatenus

2021 4948 2100 4996 est
2156 4940 2421 5010 spiralor,
2470 4953 2605 4994 cum
2679 4936 2773 4991 hic
2840 4934 3005 4991 nulla
3084 4934 3320 4991 relativa
3385 4931 3674 5004 oppositio

2022 5030 2309 5087 habeatur
2331 5030 2401 5085 ad
2427 5027 2663 5094 Filium,
2701 5026 2878 5081 Filius
2908 5026 3111 5098 nequit
3141 5024 3389 5081 excludi.
3424 5022 3676 5079 Ratioci-

2023 5125 2198 5176 natur
2280 5116 2616 5188 Theologi:
2687 5115 2940 5185 Spiritus
3028 5120 3265 5172 sanctus
3326 5112 3560 5187 procedi
3604 5127 3675 5167 ex

2025 5214 2196 5268 Patre
2225 5215 2325 5266 aut
2356 5217 2642 5280 quatenus
2665 5211 2754 5261 est
2772 5208 2944 5261 Pater
2968 5212 3070 5263 aut
3087 5210 3375 5279 quatenus
3393 5211 3481 5261 est
3511 5206 3669 5260 Deus.

2025 5299 2086 5355 Si
2146 5298 2330 5369 prius,
2381 5294 2634 5367 Spiritus
2691 5298 2930 5350 sanctus
2965 5294 3295 5350 necessario
3327 5294 3438 5350 erit
3470 5293 3671 5361 Filius,

2025 5389 2182 5461 quod
2214 5395 2412 5444 contra
2430 5383 2840 5443 revelationem
2867 5401 2880 5439 :
2905 5384 2953 5439 si
2978 5384 3291 5456 posterius,
3316 5389 3440 5439 tum
3474 5399 3672 5455 proce-

2026 5478 2293 5535 ditetiam
2314 5494 2382 5533 ex
2401 5477 2577 5545 Filio;
2601 5475 2740 5548 quia
2777 5475 3006 5533 nullum
3048 5474 3283 5546 signum
3316 5473 3542 5544 concipi
3580 5488 3683 5544 po-

2023 5574 2156 5639 test,
2190 5586 2305 5641 quo
2335 5571 2506 5624 Pater
2537 5568 2614 5623 sit
2661 5567 2839 5633 Deus,
2880 5583 2994 5639 quo
3036 5566 3220 5622 Filius
3262 5581 3378 5621 non
3409 5578 3571 5633 aque
3604 5562 3680 5616 sit

2024 5656 2454 5715 Deus.Proinde
2469 5660 2570 5712 aut
2587 5656 2701 5712 duo
2717 5656 2844 5712 Filii
2864 5657 2922 5712 in
2935 5655 3219 5712 Trinitate
3257 5654 3541 5711 subverso
3555 5663 3680 5722 per-

2024 5763 2296 5806 sonarum
2329 5746 2663 5806 discrimine
2696 5743 3066 5811 admittendi,
3092 5747 3195 5800 aut
3216 5740 3503 5815 processio
3542 5736 3671 5809 Spi-
