4058 6216
338 407 457 467 479
1551 408 1818 470 PHOTII
1860 407 2384 470 PATRIARCHAE
2428 409 2542 470 CP.
3631 403 3752 465 180

341 540 488 596 ritus
507 541 688 596 8888ιί
704 540 880 597 etiam
903 542 1093 598 aFilio
1116 546 1244 598 rata
1257 542 1641 610 est,Priorem
1655 543 1988 614 argumenti
2019 543 2073 609 Α
2103 543 2466 600 Bessarionis
2510 543 2684 599 verba
2709 545 2737 612 §
2781 544 2817 597 9
2844 542 3148 614 precem),
3177 556 3379 598 verum
3413 541 3648 612 quidem
3671 540 3761 595 fo-

343 635 566 702 partem
589 631 667 685 ita
699 633 862 688 effert
893 633 1134 703 Niceph.
1168 631 1494 689 Blemmida
1520 636 1693 705 (orat.
1729 634 1802 689 De
1837 649 1987 705 proc.
2103 638 2211 692 ret.
2237 634 2338 688 sed
2368 634 2438 689 ad
2477 648 2596 688 rem
2621 635 2971 704 praesentem
3001 647 3115 686 non
3149 631 3382 686 faceret.

345 719 539 790 Spirit.
596 721 795 788 sancti,
825 738 876 776 c.
916 725 1012 787 22;
1057 725 1123 777 G.
1165 722 1230 776 0.
1283 723 1327 778 Ι.
1377 722 1505 793 28);
1547 721 1608 776 Εἰ
1659 722 1843 795 Πατὴρ
1890 725 1988 776 τοῦ
2177 723 2374 778 11.8ed
2393 721 2932 778 accuratiusadhuc
2958 720 3756 792 efl'atumistudperpenden-

345 806 658 879 Πνεύματος
713 809 740 862 ὁ
800 810 950 878 Θεὸς,
1011 808 1062 879 ἐξ
1117 809 1354 884 ἀνάγκης
1407 811 1470 864 τὸ
1522 814 1739 883 Πνεῦμα
1769 811 1915 873 rte;-
1958 835 1964 860 ς

2100 813 2262 867 dum.
2283 812 2666 883 Distinguunt
2696 809 2950 881 theologi
2973 811 3320 881 principium
3341 807 3482 880 quod
3511 810 3755 880 generat

345 897 534 970 Πατήρ
582 897 682 972 γὰρ
737 897 938 971 nuptm:
995 898 1124 952 Υἱοὖ
1179 899 1387 973 Πατήρ’
1446 900 1536 953 καὶ
1593 904 1710 961 πῶς
1749 899 1776 953 ὁ
1809 899 1964 974 Λόγοι

2099 899 2186 956 vel
2248 901 2453 972 spirat,
2513 904 2571 954 et
2629 898 2965 972 principium
3013 913 3115 969 quo
3173 895 3314 953 illud
3371 901 3612 995 gen-erat
3666 894 3753 995 vel

347 986 662 1059 μονογενὴς,
695 986 745 1040 εἰ
774 987 864 1040 καὶ
894 985 957 1040 τὸ
991 990 1208 1060 Πνεῦμα
1240 988 1401 1058 Υἱόςς
1445 990 1699 1046 Alteram
1732 990 1815 1048 sic
1831 991 1964 1047 evol'

2096 989 2302 1062 spirat.
2337 990 2400 1044 Id
2432 990 2648 1061 optime
2697 986 2960 1058 exposuit
3001 987 3260 1042 Joannes
3317 985 3647 1057 Theologus
3692 985 3750 1039 in

344 1074 422 1129 vit
479 1075 822 1131 Batramnus
875 1076 1023 1148 [241]
1071 1078 1134 1146 (Ι.
1199 1095 1287 1144 m,
1339 1094 1389 1132 c.
1446 1079 1502 1145 6,
1563 1097 1618 1149 p.
1678 1079 1803 1148 297,
1855 1080 1985 1151 298)
2097 1095 2262 1134 conc.
2323 1077 2478 1134 Flor.
2541 1093 2686 1132 sees.
2723 1077 2786 1132 18
2837 1076 3036 1146 (Hard.
3086 1077 3187 1140 IX,
3226 1075 3390 1147 204):
3423 1074 3585 1138 Quod
3616 1090 3751 1145 pro-

341 1161 646 1218 Athanasii
707 1165 984 1221 doctrinm
1044 1166 1322 1222 insistens
1358 1185 1372 1223 :
1406 1189 1435 1217 ‹‹
1468 1168 1738 1223 Testatur
1777 1175 1832 1225 et
1860 1169 1987 1241 Spi-
2095 1169 2257 1224 ducit
2285 1168 2370 1223 vel
2402 1171 2664 1239 generat,
2691 1182 2929 1238 persona
2959 1169 3081 1232 est;
3106 1165 3458 1236 principium
3489 1180 3622 1220 vero
3642 1179 3750 1236 quo

341 1249 518 1306 ritum
587 1255 850 1322 ejusdem
908 1254 1251 1310 substantiae
1329 1256 1468 1325 fore,
1544 1257 1716 1327 cujus
1801 1259 1964 1314 site

2092 1256 2178 1312 vel
2221 1273 2326 1328 per
2375 1257 2516 1328 quod
2561 1253 2732 1328 (ἁρχὴ
2766 1249 2836 1307 δι’
2866 1255 2932 1320 ἧς
2963 1254 3146 1327 γεννᾷ)
3179 1257 3266 1309 est
3297 1253 3575 1321 essentia,
3615 1269 3743 1323 quas

343 1339 539 1407 Filius,
583 1342 856 1412 quoniam
887 1343 1127 1398 exsistat
1157 1344 1224 1399 de
1272 1347 1430 1400 unita
1461 1345 1674 1402 Deitate
1719 1348 1904 1402 Patris
1931 1354 1984 1403 et

340 1430 500 1488 Filii:
524 1432 675 1502 quod
696 1431 1138 1504 dicensliquido
1172 1439 1495 1503 monstrat;
1531 1437 1686 1506 quod
1712 1438 1983 1505 procedat

339 1519 409 1574 ab
442 1524 720 1591 utroque;
753 1538 876 1578 cum
908 1523 1061 1577 enim
1091 1525 1162 1578 sit
1189 1526 1374 1579 Deitas
1428 1526 1608 1581 Patris
1655 1535 1709 1581 et
1747 1526 1879 1582 Filii
1904 1529 1982 1582 sic

337 1611 516 1676 unita,
541 1619 637 1664 aut
654 1611 867 1666 nullam
896 1613 1269 1684 differentiam
1290 1616 1532 1688 recipere
1545 1617 1734 1687 possit,
1759 1632 1866 1672 non
1882 1634 1981 1688 po—

333 1702 437 1752 test
467 1699 758 1766 procedere
814 1699 1055 1772 Spiritus
1108 1702 1174 1758 de
1227 1704 1437 1760 Deitate
1466 1708 1672 1770 Patris,
1704 1708 1821 1762 nisi
1846 1723 1976 1778 pro-

332 1787 492 1842 cedat
518 1793 572 1843 et
600 1787 664 1843 de
694 1790 844 1855 Filii,
876 1793 1372 1861 quemadmodum
1431 1811 1537 1852 nec
1589 1796 1661 1851 de
1691 1795 1816 1850 Filii
1850 1795 1975 1852 Dei-

2093 1345 2221 1402 aliis
2249 1345 2719 1402 communicatur
2766 1345 2863 1416 [ch
2896 1345 3108 1400 Thom.
3144 1344 3194 1409 1,
3229 1359 3286 1414 q.
3313 1343 3405 1409 41,
3437 1360 3489 1400 a.
3519 1343 3576 1414 5)
3605 1344 3748 1414 (52).

2091 1435 2208 1490 Hoc
2237 1435 2392 1507 quod
2422 1435 2865 1491 communicatur
2884 1433 2942 1489 in
2974 1432 3366 1506 generatione,
3391 1439 3598 1488 natura
3615 1438 3706 1489 est
3731 1451 3747 1501 ;

2088 1541 2253 1596 agens
2282 1540 2413 1582 vero
2435 1530 2524 1581 est
2555 1523 2905 1596 bypostasis)
2931 1523 2994 1576 τὸ
3032 1522 3463 1595 κοινωνούμενόν
3496 1520 3608 1576 ἐστι
3639 1521 3742 1597 φύ-

2089 1634 2194 1682 σις,
2226 1615 2287 1669 τὸ
2338 1611 2394 1668 δὲ
2452 1613 2700 1687 ἐνεργοῦν
2760 1611 2902 1668 ἐστιν
2977 1610 3314 1683 ὑπόστασις).
3359 1612 3739 1684 Hypostases,

2090 1704 2272 1775 pergit
2310 1720 2454 1760 8888.
2485 1705 2571 1758 19.
2603 1703 2706 1774 (ib.
2743 1720 2796 1774 p.
2838 1703 2988 1772 216),
3014 1707 3155 1757 sunt
3187 1718 3314 1773 quin
3343 1707 3627 1774 generant
3649 1701 3738 1757 vel

2089 1793 2331 1864 spirant.
2385 1793 2653 1848 Actiones
2700 1797 2839 1848 sunt
2893 1792 3334 1864 suppositorum
3365 1789 3445 1858 (αἱ
3479 1787 3744 1865 ἐνέργειαι

333 1881 470 1943 tate,
503 1875 616 1931 nisi
659 1856 927 1947 procedat
959 1880 1133 1936 etiam
1169 1883 1240 1938 de
1264 1883 1484 1953 Patris;
1521 1883 1778 1956 alioquin
1813 1885 1964 1941 unita

2088 1856 2217 1936 εἶσιν
2275 1884 2384 1935 τῶν
2445 1878 2838 1952 ὑποστάσεων.)
2889 1880 3156 1936 Essentia
3209 1887 3290 1935 est
3349 1894 3561 1934 nomen
3603 1879 3744 1934 abs-

330 1963 528 2020 Deitas
567 1965 754 2023 Patris
787 1971 842 2022 et
872 1969 1004 2024 Filii
1051 1987 1166 2027 non
1225 1972 1332 2027 erit
1367 1974 1492 2043 jam
1524 1973 1882 2040 indifferens,
1925 1977 1973 2031 si

331 2055 604 2124 procedat
634 2055 888 2125 Spiritus
919 2057 994 2115 de
1025 2060 1242 2117 Deitate
1271 2061 1482 2129 Patris,
1515 2067 1572 2117 et
1617 2080 1731 2119 non
1764 2065 1976 2135 pariter

330 2143 602 2212 procedat
633 2144 706 2201 de
741 2146 964 2202 Deitate
994 2148 1162 2218 Filii;
1197 2165 1263 2205 ac
1305 2166 1406 2223 per
1436 2150 1544 2208 hoc
1568 2152 1688 2222 jam
1722 2170 1836 2209 non
1868 2154 1977 2210 erit

329 2231 507 2302 unita,
533 2234 688 2304 quod
738 2239 828 2290 est
871 2235 1117 2308 impium
1165 2244 1223 2294 et
1263 2240 1566 2297 Arianurn.
1593 2265 1620 2292 »
1654 2243 1975 2300 Confirmat

325 2319 480 2375 dicta
507 2322 658 2393 [Iugo
688 2324 1026 2380 Etherianus
1057 2327 1124 2397 (Ι.
1160 2345 1200 2396 ι,
1233 2344 1282 2384 0.
1313 2329 1369 2386 8.
1417 2347 1474 2402 p.
1528 2331 1684 2400 1203)
1717 2332 1797 2387 ita
1820 2334 1966 2388 scri-

326 2409 472 2466 bens
506 2427 520 2465 :
551 2432 581 2458 a
617 2411 676 2468 Si
706 2413 961 2485 Spiritus
995 2432 1110 2472 non
1142 2421 1207 2472 ut
1249 2418 1509 2489 genitum
1543 2437 1611 2476 ex
1633 2421 1799 2477 Patre
1831 2437 1969 2493 pro-

323 2500 607 2572 greditur,
635 2503 800 2558 Pater
829 2521 944 2560 non
977 2506 1183 2562 emittit
1210 2501 1565 2581 (προϐάλλει)
1595 2510 1875 2581 Spiritum
1909 2517 1972 2569 ut

320 2589 586 2660 genitor;
622 2608 755 2646 nam
779 2593 828 2647 si
857 2593 916 2648 in
946 2609 1012 2649 eo
1045 2595 1144 2666 qui
1189 2597 1392 2668 (quod)
1433 2599 1660 2670 genitor
1689 2600 1968 2671 Spiritum

320 2676 487 2734 Pater
516 2679 826 2748 emitteret,
854 2682 1110 2754 Spiritus
1141 2700 1209 2740 ex
1248 2686 1414 2742 Patre
1445 2693 1508 2742 ut
1537 2690 1799 2761 genitum
1833 2708 1966 2763 pro-

320 2765 472 2822 diret
493 2787 508 2835 ;
531 2772 590 2824 at
608 2784 737 2825 vero
769 2787 886 2826 non
917 2776 1007 2828 est
1023 2774 1276 2844 Spiritus
1297 2791 1365 2831 ex
1393 2775 1560 2832 Patre
1592 2779 1965 2850 utgenilum;

319 2869 432 2912 non
466 2856 623 2912 enim
656 2859 804 2916 duos
825 2859 996 2927 ﬁlios,
1019 2863 1118 2918 sed
1151 2879 1334 2920 unum
1354 2864 1544 2920 solum
1570 2866 1734 2923 Pater
1757 2867 1968 2926 habere

318 2945 578 3001 creditur
612 2964 626 3016 ;
667 2949 1039 3006 manifestum
1095 2967 1252 3024 ergo,
1286 2955 1437 3024 quod
1491 2971 1601 3011 non
1645 2961 1707 3012 ut
1742 2960 1969 3030 genitor

317 3035 596 3107 Spiritum
631 3037 800 3095 Pater
837 3039 1073 3096 emittit.
1117 3042 1387 3116 Amplius
1421 3061 1434 3100 :
1467 3046 1638 3102 Pater
1667 3063 1800 3104 cum
1838 3049 1964 3120 Spi-

319 3123 465 3222 ritus
495 3125 747 3227 emissor
793 3126 892 3194 sit,
925 3133 1027 3184 aut
1069 3128 1140 3227 in_
1180 3146 1420 3227 eo-quo
1471 3133 1758 3227 differta
1793 3135 1959 3208 Filio,
1991 3160 2034 3227 ρ

316 3211 510 3281 ipsum
541 3215 774 3284 emittit,
795 3222 897 3273 aut
925 3220 1248 3276 secundum
1267 3221 1348 3288 id,
1369 3239 1484 3295 quo
1507 3240 1623 3280 non
1656 3225 1868 3282 differt.
1890 3232 1961 3283 At

318 3300 378 3356 in
409 3317 475 3357 eo
507 3319 622 3375 quo
653 3305 846 3362 differt
877 3323 991 3363 non
1015 3309 1265 3378 emittit;
1291 3312 1496 3367 namin
1522 3329 1588 3368 eo
1609 3315 1751 3386 quod
1779 3318 1962 3386 Pater,

319 3407 434 3445 non
465 3393 683 3448 emittit
713 3394 1019 3464 Spiritum,
1051 3398 1109 3453 in
1142 3416 1256 3470 quo
1298 3402 1420 3456 solo
1451 3419 1484 3457 8
1512 3402 1656 3458 Filio
1687 3404 1898 3460 differt.
1935 3427 1964 3456 »

319 3479 517 3534 Difl'ert
545 3483 712 3537 Pater
739 3500 771 3537 a
792 3483 934 3539 Filio
966 3487 1194 3541 nonnisi
1229 3489 1681 3545 innascibilitate
1697 3496 1754 3546 et
1781 3497 1968 3564 pater-

316 3567 498 3624 nitate
527 3569 580 3638 (§
609 3571 678 3639 5),
715 3587 961 3640 quarum
996 3573 1299 3630 notionum
1350 3577 1507 3647 prior
1551 3579 1771 3634 nullam
1817 3581 1966 3637 rela-

316 3656 536 3712 tionem
570 3657 908 3731 nullumque
966 3667 1293 3733 respectum
1353 3665 1529 3722 habet
1588 3668 1659 3722 ad
1718 3670 1966 3740 Spiritus

319 3746 768 3818 processionem,
803 3749 1089 3818 posterior
1119 3753 1432 3809 terminum
1465 3754 1596 3810 talis
1627 3757 1868 3829 originis
1899 3777 1965 3817 88

319 3832 738 3906 principiatum
793 3837 1126 3895 ostenderet
1155 3858 1282 3898 esse
1315 3842 1560 3913 Filium;
1597 3847 1751 3902 unde
1799 3851 1966 3906 Pater

320 3924 552 3978 nonnisi
578 3939 646 3980 ex
675 3941 742 3980 eo
775 3927 980 3998 spirat,
1015 3929 1072 3984 in
1105 3946 1220 4002 quo
1251 3949 1282 3986 a
1314 3933 1458 3989 Filio
1491 3952 1603 3990 non
1653 3936 1875 4007 differt;
1908 3943 1966 3995 et

318 4016 460 4069 tunc
508 4015 752 4085 spiratio
780 4019 966 4075 activa
993 4024 1080 4074 est
1113 4020 1262 4076 Patri
1306 4022 1564 4096 Filioque
1608 4028 1960 4084 communis.

320 4127 349 4155 «
382 4107 591 4176 Aperte
621 4107 794 4163 datur
837 4108 1106 4184 intelligi,
1141 4133 1169 4162 ››
1221 4115 1298 4169 ait
1338 4115 1707 4185 Etherianus,
1741 4141 1768 4170 «
1804 4119 1960 4192 quod

320 4210 432 4250 non
465 4195 526 4252 in
557 4212 623 4250 eo
655 4213 771 4269 quo
803 4199 998 4255 differt
1019 4201 1413 4275 PateraFilio,
1444 4206 1658 4261 emittit
1686 4208 1960 4279 spiritum

317 4289 609 4352 sanctum,
644 4287 742 4341 sed
777 4286 834 4342 in
867 4303 933 4342 eo
963 4307 1074 4358 quo
1105 4294 1516 4349 communicat.
1555 4317 1581 4344 ››
1615 4296 1681 4350 Et
1727 4313 1960 4352 rursum

317 4374 385 4444 (c.
424 4375 510 4431 15.
564 4375 845 4445 p.1209):
908 4377 1239 4433 Secundum
1296 4383 1452 4451 quod
1509 4383 1724 4456 (Pater)
1775 4389 1962 4454 potest

2087 1975 2334 2028 tractum
2362 1989 2376 2039 ;
2410 1976 2466 2026 et
2495 1970 2633 2026 hinc
2677 1970 2799 2024 fieri
2851 1969 3076 2040 nequit,
3107 1973 3171 2024 ut
3192 1969 3244 2024 ei
3276 1969 3587 2024 conveniat
3630 1984 3734 2039 ge-

2084 2061 2402 2118 nerationis
2433 2061 2541 2133 (vel
2582 2059 2941 2130 spirationis)
2985 2060 3155 2116 actio.
3181 2058 3508 2114 Substantia
3553 2057 3748 2114 Patris

2083 2155 2135 2207 et
2163 2151 2296 2206 Filli
2350 2155 2430 2206 est
2473 2149 2824 2222 principium
2875 2163 2974 2217 per
3008 2146 3148 2219 quod
3176 2150 3422 2219 spiratur
3451 2148 3698 2218 Spiritus
3716 2164 3742 2209 ,'

2081 2239 2422 2311 principium
2462 2243 2601 2311 quod
2629 2243 2757 2293 sunt
2780 2237 3077 2309 spirantes.
3114 2258 3141 2287 ‹‹
3178 2236 3339 2292 Pater
3363 2266 3432 2277 -
3462 2237 3545 2291 ita
3575 2236 3734 2292 idem

2081 2327 2142 2384 in
2172 2345 2319 2385 8888.
2351 2329 2456 2383 244
2487 2328 2552 2399 (ι.
2587 2344 2637 2384 c.
2672 2344 2729 2399 p.
2770 2327 2896 2398 308,
2942 2326 3072 2396 309)
3104 2355 3170 2366 —-
3237 2324 3613 2382 indistinctus
3660 2327 3733 2381 ab

2081 2417 2356 2486 essentia,
2391 2419 2506 2472 imo
2560 2433 2693 2472 vero
2753 2417 2877 2486 ipse
2932 2411 3223 2468 αὖτοουσία
3269 2413 3580 2482 exsistens,
3613 2430 3730 2470 non

2082 2506 2423 2577 intelligitur
2466 2506 2802 2561 distinctam
2845 2504 3060 2560 habere
3089 2503 3406 2559 essentiam
3447 2504 3519 2558 ab
3541 2502 3740 2575 hypo-

2081 2598 2225 2654 stasi
2257 2615 2272 2666 ;
2307 2613 2422 2652 non
2452 2596 2611 2652 enim
2641 2613 2723 2665 re,
2757 2595 2854 2652 sed
2911 2595 3035 2651 sola
3080 2593 3300 2650 ratione
3347 2591 3733 2664 distinguitur

2080 2687 2230 2760 [243]
2267 2693 2504 2759 paterna
2553 2685 2877 2758 bypostasis
2925 2702 2958 2740 a
3008 2701 3116 2740 sua
3147 2684 3424 2740 essentia.
3461 2684 3561 2737 Est
3592 2697 3736 2753 ergo

2081 2779 2242 2835 Pater
2324 2775 2733 2832 substantialis
2830 2770 3153 2846 (οὖσιώδης)
3252 2772 3587 2846 hypostasis
3674 2776 3733 2828 et

2077 2869 2313 2938 generat
2331 2862 2796 2920 substantialiter
2821 2861 3060 2928 Filium;
3103 2865 3160 2916 et
3188 2863 3498 2932 generatur
3520 2857 3732 2926 Filius,

2077 2953 2484 3010 substantialis
2532 2956 2591 3008 et
2647 2952 2770 3024 ipse
2815 2950 3267 3022 hypostasis;et
3313 2952 3450 3005 sunt
3475 2945 3722 3018 quidem

2076 3045 2201 3098 dum
2232 3041 2598 3115 hypostases,
2631 3041 2729 3096 sed
2777 3056 2932 3096 unus
2977 3040 3130 3096 Deus
3173 3043 3233 3094 et
3266 3053 3381 3094 una
3407 3037 3725 3091 amborum

2074 3135 2304 3198 natura,
2337 3147 2470 3186 cum
2504 3146 2620 3202 qua
2645 3129 2897 3202 Spiritus
2929 3133 3168 3184 sanctus
3195 3123 3740 3198 indistincte(&xm-

2072 3219 2296 3291 ρίστως)
2328 3219 2712 3291 intelligitur;
2744 3223 2800 3276 et
2830 3234 3018 3290 neque
3066 3219 3241 3272 Pater
3269 3220 3359 3272 est
3401 3229 3590 3286 neque
3624 3214 3724 3270 Fi-

2073 3307 2211 3376 lius,
2243 3325 2433 3380 neque
2468 3308 2610 3379 quid
2633 3322 2858 3373 eorum,
2888 3322 3011 3377 qua
3043 3310 3185 3361 sunt
3229 3305 3301 3360 ad
3337 3303 3560 3375 aliquid
3594 3303 3722 3372 (τῶν

2075 3397 2211 3470 πρὸς
2238 3398 2335 3468 τι).
2367 3397 2474 3452 Sed
2527 3397 2834 3468 Spiritum,
2880 3396 2939 3451 in
2993 3399 3282 3466 quantum
3333 3398 3419 3448 est
3448 3391 3736 3464 Spiritus,

2077 3486 2147 3540 ad
2205 3485 2522 3556 spirantem
2566 3483 2720 3557 (πρὸς
2775 3484 2870 3538 τὸν
2926 3483 3175 3555 πνὲοντα)
3235 3481 3432 3540 referri
3473 3483 3736 3552 oportet.

2076 3574 2222 3638 Quia
2252 3590 2384 3630 vero
2415 3573 2663 3645 Spiritus
2692 3578 2779 3629 est
2807 3572 2998 3628 Patris
3035 3572 3306 3643 Spiritus,
3333 3575 3391 3626 et
3421 3569 3728 3640 Scriptura

2074 3667 2321 3719 testatur
2362 3663 2526 3718 illum
2577 3679 2700 3719 esse
2729 3679 2960 3734 quoque
3000 3659 3459 3733 FiliiSpiritum,
3493 3657 3728 3730 spiran-

2074 3757 2162 3808 tes
2193 3758 2333 3808 sunt
2388 3769 2524 3825 ergo
2576 3753 2743 3808 Pater
2772 3759 2828 3807 et
2861 3750 3063 3808 Filius.
3101 3774 3128 3800 υ
3161 3749 3402 3817 Quando
3425 3762 3567 3819 ergo
3588 3746 3734 3802 dici-

2073 3846 2204 3896 tur:
2239 3863 2266 3890 ‹‹
2296 3842 2462 3896 Pater
2493 3857 2607 3895 non
2649 3846 2738 3895 est
2790 3838 3140 3911 principium
3175 3837 3397 3893 ratione
3427 3835 3726 3905 essentia,

2073 3946 2268 3986 verum
2295 3931 2350 3985 id
2387 3936 2473 3986 est
2519 3930 2587 3984 de
2620 3930 2903 4000 principio
2935 3927 3196 4000 proximo
3226 3926 3369 3997 quod
3399 3928 3643 3996 generat
3670 3926 3731 3979 et

2073 4020 2277 4090 spirat,
2313 4036 2426 4075 non
2465 4034 2598 4073 vero
2668 4018 2738 4072 de
2795 4017 3082 4088 principio
3116 4021 3338 4073 remoto
3378 4029 3483 4085 quo
3537 4027 3726 4084 gene-

2075 4117 2160 4164 rat
2199 4116 2249 4164 et
2299 4108 2510 4179 spirat;
2546 4121 2746 4163 verum
2799 4122 2910 4161 non
2967 4113 3076 4172 est,
3108 4105 3156 4162 si
3203 4105 3454 4161 essentia
3480 4101 3725 4159 omnino

2071 4198 2416 4266 excluditur,
2450 4213 2578 4268 quae
2617 4200 2707 4253 est
2727 4195 2868 4251 illud
2893 4195 3108 4267 ipsum,
3143 4195 3295 4266 quod
3319 4197 3445 4248 tum
3477 4207 3724 4263 genera-

2073 4289 2231 4343 tione
2279 4293 2404 4343 tum
2454 4287 2770 4357 spiratione
2808 4283 3264 4340 communicatur.
3323 4281 3722 4337 Subdividunt

2073 4381 2349 4447 praeterea
2374 4375 2626 4448 theologi
2656 4373 2997 4446 principium
3053 4389 3154 4444 quo
3213 4375 3272 4428 in
3320 4371 3566 4426 radicale
3615 4385 3720 4425 seu

315 4461 572 4534 gignere,
615 4467 804 4534 potest
852 4464 1063 4520 Filium
1122 4467 1375 4537 habere;
1438 4473 1763 4528 secundum
1827 4491 1957 4530 vero
1991 4469 2041 4535 C
2072 4466 2516 4531 remotissimum,
2567 4465 2716 4536 quod
2776 4465 2832 4518 in
2885 4462 3260 4534 generatione
3325 4475 3488 4532 aeque
3548 4476 3614 4514 ac
3660 4457 3724 4514 in

315 4554 466 4622 quod
520 4558 708 4625 potest
762 4554 1044 4622 emittere,
1077 4573 1188 4612 non
1239 4562 1428 4628 potest
1477 4560 1687 4616 Filium
1724 4563 1952 4619 habere.

315 4643 497 4706 Quare
529 4643 852 4700 secundum
885 4643 1040 4700 aliud
1077 4650 1262 4716 potest
1296 4646 1532 4720 gignere
1580 4650 1730 4721 [242]
1767 4668 1832 4705 88
1859 4669 1953 4708 se-

316 4733 571 4787 cundum
597 4734 755 4789 aliud
785 4736 1070 4792 emittere.
1094 4759 1116 4788 ι
1145 4739 1310 4804 Quod
1341 4740 1389 4794 si
1409 4739 1587 4812 igitur
1607 4741 1792 4796 Photii
1815 4741 1954 4798 811⁸8-

315 4820 464 4884 tum,
489 4823 568 4889 τῷ
606 4818 761 4895 λόγῳ
789 4831 890 4893 τῆς
938 4824 1286 4889 ὑποστάσεως
1317 4828 1540 4885 Patrem
1599 4830 1952 4902 principium

317 4921 445 4962 esse
486 4907 734 4978 Spiritus
783 4915 986 4983 sancti,
1018 4915 1162 4972 illud
1221 4918 1334 4973 sibi
1393 4917 1538 4985 vult,
1572 4919 1797 4975 Patrem
1842 4938 1956 4991 qua

317 4993 508 5062 talem,
543 4996 762 5054 ratione
807 5004 1171 5070 paternitatis
1190 5023 1317 5063 esse
1349 5008 1719 5079 spiratorem,
1755 5009 1954 5066 mani-

316 5083 458 5140 feste
480 5083 686 5140 falsum
709 5096 827 5156 est;
861 5094 1011 5161 quod
1043 5094 1094 5148 si
1149 5111 1279 5151 vero
1310 5097 1482 5152 aliam
1509 5098 1607 5153 uni
1641 5099 1794 5154 Patri
1820 5116 1955 5170 pro-

313 5173 500 5245 priam
515 5176 712 5231 notam
729 5175 1002 5252 intelligit
1022 5199 1087 5237 ac
1107 5185 1344 5254 quidem
1368 5186 1468 5256 τήν
1486 5181 1954 5260 προϐολὴν,ῖ8188

311 5266 398 5318 est
428 5263 776 5336 suppositio,
811 5265 960 5323 hanc
993 5286 1118 5326 esse
1142 5279 1390 5343 paternae
1418 5277 1801 5349 hypostaseos
1817 5279 1952 5334 cha-

313 5352 737 5412 racteristicum
759 5353 1034 5428 idioma(§
1049 5359 1085 5412 5
1099 5363 1311 5432 seqq.).
1332 5364 1390 5419 Si
1412 5365 1664 5436 denique
1697 5366 1775 5422 nil
1793 5366 1949 5423 aliud

309 5440 499 5496 dicere
555 5439 746 5510 vellet,
811 5444 922 5499 nisi
985 5448 1134 5517 quod
1185 5453 1482 5508 communi
1555 5455 1950 5528 theologorum

309 5530 597 5603 principio
631 5532 898 5601 traditur,
929 5535 1185 5594 actiones
1216 5555 1345 5598 esse
1385 5544 1820 5615 suppositorum
1852 5546 1950 5617 (cf.

377 5656 643 5737 (52)_Sic
661 5656 998 5737 gesserim;
1055 5660 1207 5737 Resp.
1239 5663 1311 5737 ad
1368 5665 1539 5720 Marci
1569 5668 1706 5737 Eph.
1763 5685 1814 5724 c.
1863 5669 1951 5737 18,

303 5744 433 5787 con.
472 5729 628 5786 Mon.
659 5730 729 5783 27
761 5731 799 5784 Υ.
830 5730 937 5785 239
981 5731 1037 5785 b.
1076 5729 1190 5800 Τῆν
1237 5733 1295 5786 Θε
1318 5751 1378 5786 αν
1430 5737 1527 5788 τοῦ
1574 5729 1784 5810 Harpe;
1816 5729 1953 5792 ὑπὸέ

2068 4557 2387 4626 spiratione
2417 4563 2500 4611 est
2529 4555 2658 4626 ipsa
2686 4553 2883 4608 divina
2916 4558 3158 4618 natura;
3191 4551 3250 4606 in
3271 4549 3583 4621 potentiale
3614 4563 3720 4604 seu

2065 4655 2357 4712 remotum,
2409 4645 2560 4716 quod
2615 4651 2700 4698 est
2751 4642 3005 4715 potentia
3060 4641 3306 4696 actionis
3363 4656 3467 4695 seu
3527 4637 3724 4694 virtus

2063 4733 2274 4806 agendi
2297 4733 2757 4803 intermedia;in
2787 4731 3022 4802 formate
3053 4745 3154 4786 seu
3185 4731 3528 4801 proximum,
3562 4728 3719 4800 quod

2062 4828 2152 4878 est
2183 4823 2369 4878 forma
2398 4826 2496 4878 aut
2524 4822 2612 4878 vis
2634 4820 2880 4876 actionis
2901 4836 3004 4876 seu
3026 4819 3214 4874 virtus
3263 4816 3472 4890 agendi
3508 4816 3719 4872 imme-

2062 4912 2240 4968 diate.
2274 4912 2667 4968 Ccmmuniter
2698 4911 2905 4967 docent
2959 4908 3302 4980 principium
3352 4923 3460 4979 quo
3503 4907 3718 4978 proci-

2062 5017 2213 5056 mum
2262 5000 2640 5072 productivum
2694 5013 2824 5055 esse
2879 4998 3034 5056 solas
3085 4997 3469 5069 proprietates
3509 5010 3712 5066 perso-

2064 5105 2270 5146 narum
2310 5089 2783 5161 producentium,
2813 5084 3339 5142 communicatiuum
3369 5100 3505 5140 vero
3541 5087 3715 5140 natu-

2061 5195 2188 5234 ram
2223 5180 2407 5250 ipsam
2469 5178 2725 5233 divinam
2757 5177 2854 5250 (cf.
2903 5175 3094 5231 Kilber
3136 5175 3174 5230 l.
3208 5190 3258 5230 c.
3292 5191 3341 5229 c.
3395 5176 3445 5243 1,
3478 5190 3532 5230 a.
3554 5173 3610 5240 2,
3647 5189 3706 5228 n.

2058 5269 2164 5324 368
2195 5272 2362 5340 seq).
2395 5267 2613 5324 Deinde
2645 5267 2672 5320 ὁ
2702 5263 2870 5339 λόγος
2921 5269 3020 5332 τῆς
3080 5262 3421 5322 ὑποστάσεως
3460 5261 3707 5335 cogitari

2062 5362 2252 5430 potest
2279 5356 2363 5415 vel
2393 5361 2566 5430 prout
2611 5355 3010 5414 consideratur
3062 5369 3308 5426 persona
3349 5368 3450 5423 per
3480 5367 3545 5408 se
3577 5351 3708 5406 uni-

2060 5449 2270 5506 versim
2307 5453 2364 5504 et
2421 5448 2479 5502 in
2538 5447 2822 5504 abstracto
2867 5445 2955 5502 vel
2989 5451 3158 5516 prout
3190 5457 3441 5515 persona
3469 5439 3708 5497 talisin-

2061 5541 2348 5613 telligitur
2377 5541 2484 5597 hac
2504 5541 2592 5596 vel
2633 5539 2734 5596 illa
2763 5539 3170 5596 individuante
3209 5535 3417 5594 affecta
3447 5530 3705 5606 proprie-

2062 5685 2244 5720 στασιν
2287 5664 2460 5721 αἰτίαν
2496 5663 2654 5731 εἶναι,
2693 5663 2767 5727 ὡς
2811 5666 2874 5719 τὸ
2906 5663 2958 5734 ὃ,
2991 5661 3099 5718 εἶτε
3128 5661 3181 5732 ἐξ
3211 5661 3296 5734 οὗ,
3339 5661 3440 5729 τὴν
3474 5656 3531 5713 δὲ
3559 5655 3700 5712 θείαν

2064 5735 2227 5792 αὐτοῦ
2260 5737 2443 5793 οὐσίαν
2477 5738 2551 5798 ὡς
2581 5736 2643 5792 τὸ
