4058 6216
253 335 362 393 481

964 329 1070 389 DE
1113 328 1174 389 S.
1223 328 1418 389 SPIR.
1467 325 2004 392 MYSTAGOGIA.
2053 355 2129 372 --
2169 326 2959 398 ANIMADVERSI‘ONES.

3543 347 3662 408 482

252 471 392 524 tate.
452 466 690 522 Patrem
746 479 872 521 esse
925 459 1104 517 α’ίτιον
1158 467 1266 518 τῶν
1321 460 1371 532 ἐξ
1431 461 1596 516 αὐτοῦ
1675 461 1904 518 ratione

2019 461 2158 534 quod
2185 465 2276 520 hic
2322 467 2548 536 quidem
2572 471 2758 542 Pater,
2805 473 2897 530 hie
2925 490 3052 532 vero
3079 475 3257 534 Filius
3284 480 3525 548 exsistit,
3571 487 3666 539 sed

251 556 642 626 hypostaseos
672 553 732 610 in
765 554 1054 609 abstracto
1085 569 1254 609 nemo
1284 553 1516 619 dixerit,
1547 567 1678 608 cum
1709 551 1785 606 sit
1806 551 1912 606 ab-

253 647 502 702 surdum
538 664 553 714 ;
579 642 929 716 intelligitur
951 642 1087 699 hinc
1127 647 1186 698 ut
1205 659 1456 715 persona
1477 649 1766 698 concreta.
1795 641 1909 698 Sed

254 751 414 791 nunc
446 749 653 790 rursus
683 732 986 806 quaeritur,
1032 736 1230 788 utrum
1288 732 1456 788 Pater
1504 730 1912 787 consideretur

253 825 318 881 in
360 824 714 896 proprietate
751 820 1126 878 constitutiva
1157 821 1544 892 paternitatis,
1575 837 1694 892 qua
1743 819 1910 875 Pater

251 918 366 980 est,
388 931 461 968 an
485 912 545 968 in
570 911 687 967 alia
708 911 1085 984 praprietate,
1108 927 1236 982 quas
1265 911 1339 966 ab
1362 908 1465 965 illa
1486 910 1906 981 distinguatur.

251 1003 313 1060 Si
349 1003 632 1074 primum,
665 999 900 1058 nonnisi
932 1005 998 1057 ut
1029 1004 1193 1072 pater
1241 999 1498 1071 Spiritus
1531 998 1716 1056 sancti
1749 1013 1910 1068 spec-

256 1093 371 1149 tari
422 1096 614 1162 potest
645 1095 702 1145 et
731 1089 882 1162 [244]
915 1089 1008 1145 hic
1056 1090 1300 1162 proinde
1330 1089 1440 1145 erit
1499 1088 1698 1144 Filius.
1759 1087 1910 1143 Sane

253 1183 450 1236 Patris
495 1195 708 1236 nomen
740 1179 974 1236 nonnisi
1005 1178 1348 1236 relationem
1381 1181 1452 1234 ad
1477 1177 1686 1235 Filium
1710 1180 1910 1233 notare

249 1269 435 1326 Graeci
467 1270 738 1327 doctores
786 1285 989 1325 omnes
1047 1269 1258 1326 diserte
1289 1269 1500 1325 docent
1529 1267 1647 1339 (53)
1680 1287 1696 1338 ;
1755 1283 1906 1338 quo-

247 1361 429 1416 modo
460 1376 601 1430 ergo
636 1359 806 1414 Pater
857 1364 920 1414 ut
951 1359 1116 1414 Pater
1145 1357 1348 1430 spirat,
1382 1375 1487 1414 nec
1536 1363 1735 1414 tamen
1780 1355 1910 1426 Spi-

248 1450 404 1506 ritus
435 1449 549 1505 erit
578 1448 764 1504 Filius
789 1449 817 1502 ?
845 1447 906 1504 Si
953 1463 1089 1503 vero
1139 1446 1407 1507 alterum,
1440 1464 1508 1504 ea
1564 1446 1908 1519 proprietas,

247 1554 619 1611 quaecunque
649 1539 885 1596 demum
931 1554 996 1594 ea
1053 1537 1147 1607 sit,
1171 1553 1304 1594 cum
1345 1537 1614 1593 ﬁliationi
1657 1553 1772 1592 non
1811 1552 1911 1606 op-

2005 551 2066 606 in
2097 567 2156 606 eo
2185 553 2327 624 quod
2374 554 2428 610 ei
2465 559 2851 616 assistentium
2889 569 3183 633 prauam,
3224 565 3479 637 Spiritus
3536 585 3664 626 esse

2007 637 2202 710 habet,
2242 658 2425 712 neque
2483 654 2620 701 sunt
2669 647 2784 704 duo
2833 651 3142 722 principia,
3175 669 3308 709 cum
3341 657 3661 714 secundum

2006 727 2260 800 Spiritus
2319 733 2699 792 emissionem
2736 754 3048 795 numerum
3105 758 3218 797 non
3253 744 3601 816 suscipiant.
3631 766 3659 800 ι

2007 816 2153 873 Illud
2187 820 2439 892 denique
2469 825 2817 893 notandum,
2841 829 3037 884 verbis
3068 829 3186 887 illis
3218 828 3368 904 λόγῳ
3397 839 3498 901 τῆς
3533 834 3662 888 ὑπο-

2008 905 2248 969 στάσεως
2269 914 2378 966 etc.
2413 913 2603 984 potius
2625 914 2914 972 insinuari
2946 919 3303 989 principium
3334 939 3462 995 quo,
3496 940 3659 996 quan:

2008 996 2360 1069 principium
2393 1002 2540 1070 quod
2566 1021 2580 1070 ;
2618 1003 2749 1058 licet
2781 1009 2979 1062 autem
3003 1008 3259 1064 essentia
3289 1025 3393 1066 nec
3423 1017 3661 1082 generet

2008 1100 2112 1140 nec
2145 1087 2345 1157 spiret,
2369 1093 2567 1145 tamen
2593 1094 2916 1150 secundum
2949 1098 3267 1152 essentiam
3300 1099 3470 1155 Pater
3491 1117 3660 1172 gene-

2007 1181 2115 1240 rat,
2146 1179 2204 1230 et
2234 1175 2398 1233 Pater
2429 1179 2727 1252 Filiusque
2758 1183 2988 1254 spirant
3019 1204 3034 1253 ;
3071 1185 3184 1258 (55)
3215 1190 3363 1244 unde
3404 1190 3658 1246 essentia

1992 1267 2068 1326 ,ut
2084 1264 2423 1338 principium
2445 1285 2554 1340 quo
2575 1271 3034 1328 remotissimum
3055 1275 3366 1346 cogitatur.
3389 1277 3656 1334 Photium

2003 1356 2201 1409 autem
2234 1353 2377 1410 dum
2409 1357 2583 1413 dicit:
2620 1358 2783 1416 Pater
2811 1365 2902 1416 est
2933 1379 3108 1418 causa
3136 1365 3352 1421 ratione
3371 1381 3654 1439 personis,

2005 1444 2114 1498 sub
2147 1444 2245 1500 illa
2300 1449 2517 1505 ratione
2545 1450 2898 1521 principium
2946 1467 3051 1523 quo
3089 1454 3412 1527 intelligere
3443 1473 3653 1530 propo-

2005 1533 2134 1589 sitio
2173 1533 2303 1607 ipsa
2333 1537 2555 1604 suadet,
2588 1540 2755 1610 cujus
2784 1541 3113 1611 subjectum
3134 1549 3222 1600 est
3253 1545 3445 1615 ipsum
3476 1563 3654 1620 agens

4041 0 4043 50 ι

4042 437 4043 528 l

4041 579 4043 644 Ι

4041 649 4043 712 Ι

4042 781 4043 832 ι

245 1637 520 1701 ponatur,
547 1626 873 1683 Filioetiam
908 1625 1179 1683 inesseex
1199 1623 1902 1698 superiusdemonstratis
2010 1625 2382 1693 suppositum
2407 1642 2508 1682 seu
2537 1627 2894 1700 principium
2917 1632 3086 1701 quod.
3119 1631 3280 1688 Unde
3309 1635 3395 1689 sic
3425 1645 3658 1708 accepta

244 1717 526 1773 infertur.
561 1717 638 1772 Ea
686 1732 818 1771 vero
850 1715 964 1771 alia
984 1730 1113 1770 esse
1152 1731 1267 1772 non
1303 1718 1514 1787 potest,
1549 1713 1660 1770 nisi
1690 1715 1724 1780 ἡ
1758 1729 1898 1784 προ-
1930 1771 1976 1796 ἢ
2011 1713 2333 1783 propositio
2385 1716 2731 1786 simpliciter
2791 1719 2987 1790 negari
3038 1725 3248 1791 potest.
3297 1723 3656 1796 Principium

247 1798 400 1872 ϐολὴ
443 1823 542 1861 seu
573 1805 852 1876 spiratio;
887 1804 1023 1860 hinc
1045 1805 1186 1860 dum
1205 1804 1372 1860 Pater
1389 1805 1604 1860 dicitur
1625 1803 1900 1877 γεννήτωρ
1930 1798 1977 1837 υ
2009 1802 2166 1856 enim
2196 1819 2298 1873 quo
2329 1809 2420 1860 est
2447 1805 2644 1861 divina
2683 1807 2936 1864 essentia
2975 1810 3300 1866 secundum
3355 1815 3508 1883 quod
3569 1817 3660 1870 est

245 1894 341 1947 καί
375 1888 682 1968 προϐολεὺς
714 1894 767 1966 (Ξ
795 1895 870 1964 5),
922 1910 1038 1950 non
1089 1910 1200 1966 qua
1231 1893 1418 1959 Pater,
1471 1894 1568 1949 sed
1602 1909 1719 1964 qua
1765 1891 1900 1962 Spi-
2010 1891 2198 1946 activa
2227 1893 2495 1965 spiratio,
2547 1894 2697 1951 sicut
2727 1899 2978 1954 essentia
3011 1900 3337 1956 secundum
3383 1903 3538 1974 quod
3570 1908 3659 1959 est

224 1989 406 2040 rator
460 1983 740 2054 Spiritum
800 1983 1064 2039 emittere
1110 1983 1326 2038 dicitur
1374 1983 1537 2054 (54);
1593 1982 1713 2037 haac
1761 1996 1896 2036 vero
2009 1981 2822 2056 paternitas,estprincipium
2842 1989 3655 2061 quoingeneratione(Thom.

240 2072 572 2145 proprietas
597 2071 962 2144 hypostatica
979 2071 1155 2127 etuni
1179 2072 1338 2127 Patri
1362 2071 1595 2143 propria
1638 2086 1755 2127 non
1787 2072 1893 2141 est,
2006 2068 2089 2124 in.
2145 2069 2184 2124 Ι.
2218 2087 2258 2137 ι,
2307 2072 2444 2127 dist.
2477 2075 2530 2142 7,
2564 2089 2620 2144 q.
2657 2075 2710 2145 1,
2743 2092 2794 2130 a.
2829 2077 2883 2146 2)
2917 2092 2931 2142 ;
2966 2076 3194 2148 hocque
3251 2095 3429 2135 sensu
3487 2081 3658 2138 docet

241 2161 361 2218 imo
394 2166 452 2217 et
491 2159 636 2216 Filio
694 2160 983 2216 convenit.
1027 2159 1287 2232 Denique
1317 2159 1364 2214 si
1415 2175 1448 2214 a
1477 2158 1682 2214 Photio
1714 2157 1896 2230 hypo-

2018 2157 2292 2230 Georgius
2332 2161 2759 2244 Trapezuntius
2789 2163 2872 2234 (G.
2908 2164 2969 2222 0.
2995 2167 3038 2236 Ι,
3062 2167 3186 2238 492)
3214 2184 3227 2222 :
3257 2166 3408 2240 [246]
3439 2167 3509 2222 Τὸ
3532 2188 3654 2244 γεν-

243 2248 426 2305 stasis
449 2248 642 2304 Patris
665 2247 1015 2320 intelligitur
1044 2249 1170 2304 sine
1200 2247 1470 2317 essentia,
1497 2247 1782 2316 quomodo
1811 2261 1901 2301 es-

2018 2249 2100 2316 νᾷν
2151 2246 2240 2299 καὶ
2283 2248 2345 2301 τὸ
2392 2243 2730 2320 προϐάλλειν
2776 2251 2986 2329 φύσεως
3031 2246 3186 2328 ἔργον
3236 2253 3395 2325 εἶναι,
3445 2243 3656 2334 φύσεως

244 2339 503 2395 sentiam
536 2338 760 2408 Spiritu
811 2338 1206 2394 communicat
1227 2336 1254 2392 ?
1296 2337 1355 2392 Si
1387 2353 1521 2393 vero
1553 2335 1903 2407 intelligitur

2018 2331 2070 2388 δὲ
2099 2334 2164 2389 οὐ
2193 2336 2396 2408 πάσης,
2428 2335 2574 2392 ἀλλὰ
2603 2339 2727 2415 περί
2757 2338 2824 2409 ἢν
2854 2341 2888 2409 ἡ
2919 2345 3017 2395 τοῦ
3041 2346 3227 2416 γεννᾷν
3248 2340 3285 2412 ἤ
3315 2331 3654 2418 προϐάλλειν

244 2427 302 2483 in
338 2427 602 2482 essentia
625 2436 685 2488 et
715 2442 852 2482 cum
901 2427 1182 2494 essentia,
1230 2426 1524 2498 quomodo
1569 2425 1751 2480 Filius
1784 2440 1899 2479 non

247 2515 608 2588 participat?
639 2514 1034 2586 Undequaque
1055 2531 1187 2586 ergo
1211 2518 1390 2587 patet,
1413 2531 1480 2570 ex
1500 2513 1689 2572 Photii
1708 2513 1903 2582 strato,

247 2621 608 2677 quocunque
639 2603 895 2674 legitimo
943 2620 1121 2661 sensu
1152 2612 1535 2675 exponentur,
1569 2603 1650 2660 nil
1702 2608 1908 2660 contra

245 2693 489 2750 Latinos
537 2693 746 2750 deduci
803 2710 994 2764 posse,
1040 2693 1160 2750 imo
1217 2693 1396 2749 variis
1454 2694 1646 2749 modis
1705 2698 1910 2751 contra

248 2784 456 2855 ipsum
488 2783 698 2839 exinde
727 2783 912 2854 argui.
947 2783 1112 2850 Quod
1145 2782 1190 2837 si
1222 2783 1422 2837 eodem
1456 2783 1630 2838 modo
1656 2782 1908 2853 Spiritus

250 2873 617 2944 principium
667 2888 794 2928 esse
828 2872 1080 2942 Patrem,
1113 2887 1229 2943 quo
1260 2872 1389 2926 Filii
1432 2877 1521 2928 est
1558 2870 1730 2945 ἀρχὴ,
1771 2888 1911 2928 οοιι-

253 2961 483 3029 tendat,
517 2962 716 3017 eadem
745 2961 1114 3034 proprietate,
1149 2963 1346 3018 eadem
1379 2961 1605 3018 actione
1630 2963 1784 3032 ;jam
1820 2963 1910 3016 Fi-

250 3051 370 3107 lius
393 3056 456 3106 et
494 3050 764 3122 Spiritus,
789 3051 1086 3123 generatio
1117 3056 1173 3106 et
1202 3051 1499 3122 processio
1551 3051 1910 3106 confunden-

249 3146 365 3211 tur,
431 3139 808 3213 plurimaque
865 3156 936 3195 ex
974 3140 1046 3196 iis
1093 3149 1405 3212 sequentur
1451 3141 1742 3208 absurdis,
1777 3156 1906 3212 quas

247 3232 379 3302 ipse
413 3231 639 3298 Latinis
693 3230 996 3300 hucusque
1053 3230 1284 3300 obiecit.
1329 3229 1471 3286 Rem
1507 3232 1696 3302 quoad
1757 3229 1906 3302 [245]

251 3321 548 3392 potiorem
580 3324 802 3391 partem
846 3319 1138 3392 perspexit
1183 3322 1345 3390 Hugo
1377 3320 1749 3391 Etherianus,
1774 3321 1910 3377 licet

249 3427 369 3467 non
436 3409 584 3466 satis
617 3416 882 3466 accurate
936 3425 1065 3466 eam
1115 3411 1304 3466 verbis
1333 3414 1603 3481 eXponat.
1637 3411 1727 3466 Sic
1757 3411 1909 3467 inter

249 3502 366 3559 alia
428 3500 636 3557 scribit
667 3500 730 3572 (1.
789 3516 852 3571 ιι,
884 3517 934 3558 o.
987 3501 1042 3567 4,
1101 3518 1158 3572 p.
1223 3501 1576 3573 1217,1218)
1619 3518 1695 3557 :«
1749 3503 1905 3572 Dico,

247 3590 718 3649 insufﬁcientem
763 3605 892 3646 esse
921 3589 1132 3646 factam
1180 3589 1531 3657 divisionem,
1565 3607 1694 3663 quae
1722 3591 1905 3662 Spiri-

247 3688 372 3740 tum
408 3700 482 3741 ex
542 3683 682 3738 Filio
737 3691 842 3737 aut
872 3683 1090 3738 ratione
1117 3685 1341 3739 naturae
1384 3691 1479 3736 aut
1535 3681 1750 3739 ratione
1785 3697 1910 3754 per-

240 3787 404 3830 sona:
466 3770 770 3842 provenire
822 3769 1132 3841 signiﬁcat,
1185 3771 1451 3826 eamdem
1500 3770 1713 3842 quippe
1769 3788 1904 3828 cum

241 3860 515 3918 habeant
537 3867 829 3925 naturam,
858 3875 972 3915 non
989 3863 1079 3915 est
1099 3858 1242 3916 alter
1262 3875 1332 3914 ex
1361 3858 1546 3915 altero
1579 3861 1904 3918 secundum

241 3949 653 4007 substantiam
691 3972 706 4016 ;
738 3953 948 4004 natura
975 3949 1126 4004 enim
1155 3963 1217 4004 se
1248 3947 1438 4018 ipsam
1491 3949 1784 4018 quomodo
1810 3966 1908 4020 pa-

242 4039 357 4096 riat
394 4037 738 4096 ‘ISimiliter
793 4043 987 4094 autem
1031 4051 1214 4108 neque
1273 4037 1594 4092 secundum
1646 4053 1904 4108 personae

239 4128 558 4186 rationem.
618 4127 1122 4193 Quemadmodum
1179 4125 1336 4182 enim
1368 4127 1534 4182 Pater
1576 4142 1691 4182 non
1723 4128 1783 4182 in
1815 4144 1904 4198 eo,

238 4221 402 4289 quod
461 4217 649 4286 Pater,
682 4216 916 4286 emittit,
947 4217 1029 4272 ita
1082 4221 1138 4272 et
1168 4216 1344 4271 Filius
1375 4233 1490 4271 non
1535 4217 1594 4271 in
1627 4232 1714 4284 eo,
1748 4219 1903 4288 quod

239 4307 459 4375 Filius,
493 4323 671 4362 causa
723 4306 1199 4378 principiumque
1242 4305 1512 4376 Spiritus.
1546 4307 1904 4378 QuaprOpter

2013 2419 2225 2493 ἰδιότης
2272 2425 2579 2500 θεωρεῖται,
2635 2435 2803 2498 prout
2857 2433 2946 2486 est
3012 2431 3132 2487 sive
3199 2434 3474 2503 potentiae
3525 2451 3656 2506 pro-

2011 2513 2343 2586 prietatibus
2355 2516 2636 2588 gignendi
2656 2519 2743 2574 vel
2757 2518 3018 2591 spirandi
3035 2521 3232 2592 aﬂecta
3250 2529 3301 2578 et
3322 2523 3658 2594 modiﬁcata.

2091 2605 2174 2658 12.
2236 2604 2365 2662 Jam
2421 2623 2550 2679 cap.
2603 2609 2670 2662 17
2725 2609 2784 2664 in
2815 2609 2952 2676 ﬁne,
2984 2609 3195 2668 deinde
3225 2628 3352 2684 cap.
3385 2614 3452 2666 36
3483 2618 3540 2668 et
3588 2615 3658 2670 64

2017 2691 2259 2749 Photius
2289 2711 2354 2750 ac
2384 2711 2511 2768 cap.
2544 2697 2578 2751 9
2631 2697 2904 2754 Nicolaus
2954 2698 3345 2757 Methonensis
3389 2707 3660 2773 quartam

2017 2782 2322 2854 proferunt
2369 2783 2650 2857 πρότασιν,
2685 2804 2754 2842 ex
2793 2805 2911 2859 qua
2967 2805 3082 2844 non
3140 2789 3332 2846 minus
3375 2792 3663 2848 subtiliter

2019 2879 2509 2944 argumentantur
2539 2893 2554 2932 :
2601 2875 2877 2948 Quidquid
2905 2879 2967 2932 in
3001 2877 3271 2935 Trinitate
3295 2880 3526 2944 dicitur,
3559 2884 3660 2936 aut

2019 2964 2197 3018 trium
2223 2979 2590 3034 personarum
2635 2981 2917 3022 commune
2947 2975 3024 3022 est
3050 2971 3148 3022 aut
3199 2970 3368 3024 unius
3411 2985 3663 3040 persona

2021 3053 2310 3123 praprium
2339 3069 2360 3114 ,·
2391 3053 2546 3108 unde
2576 3055 2728 3124 quod
2761 3071 2872 3110 non
2903 3059 2993 3110 est
3021 3072 3333 3112 commune
3367 3057 3568 3123 trium,
3603 3059 3661 3115 id

2025 3144 2116 3197 est
2136 3141 2312 3197 unius
2335 3142 2632 3214 proprium
2663 3141 2748 3211 (τὸ
2787 3141 2870 3197 ἐπῖ
2905 3148 3004 3212 τῆς
3033 3140 3265 3218 Τριάὸος
3297 3143 3592 3220 λεγόμενον
3622 3145 3657 3214 ἢ

2007 3227 2137 3296 ἰἑνός
2169 3227 2309 3282 ἐστιν
2343 3229 2378 3298 ἢ
2408 3233 2516 3283 τῶν
2548 3234 2714 3302 τριῶν
2746 3231 2867 3288 sive
2897 3233 2932 3302 ἢ
2963 3229 3142 3286 κοινόν
3191 3229 3304 3286 ἐστι
3351 3239 3452 3302 τῆς
3500 3234 3659 3309 Τριά-

2018 3315 2110 3380 δος
2137 3316 2174 3387 ἢ
2225 3323 2352 3392 μιᾶς
2397 3319 2740 3382 ὑποστάσεως
2779 3317 2962 3395 ἴδιον).
3018 3323 3138 3380 Hoc
3168 3324 3523 3396 principium
3557 3342 3660 3398 pro

2018 3425 2198 3466 causa
2229 3409 2514 3466 Photiana
2556 3411 2870 3466 conﬁctum
2913 3411 3160 3483 primam
3193 3411 3453 3487 πρότασιν
3487 3413 3666 3470 habet

2016 3497 2234 3554 Beccus
2267 3503 2430 3567 (orat.
2467 3499 2503 3554 2
2533 3499 2606 3554 De
2632 3500 2841 3568 iniusta
2864 3499 3095 3573 deposit.
3129 3517 3179 3556 c.
3230 3501 3302 3556 24
3333 3519 3346 3558 :
3384 3501 3444 3557 G.
3489 3503 3552 3558 0.
3584 3502 3658 3570 II,

2015 3587 2126 3658 75),
2159 3605 2335 3659 quam
2369 3588 2456 3644 vel
2487 3605 2553 3645 eo
2586 3605 2702 3644 uno
2733 3588 2970 3646 Patrum
3028 3591 3199 3646 etl‘ato
3232 3591 3416 3647 refelli
3477 3596 3658 3660 notat,

2016 3677 2172 3747 quod
2195 3677 2334 3733 Filio
2352 3694 2416 3734 ac
2444 3677 2688 3750 Spiritui
2715 3695 3003 3735 commune
3021 3686 3095 3736 sit
3122 3697 3192 3736 ex
3213 3685 3378 3738 Patre
3396 3699 3506 3739 esse
3527 3682 3662 3755 (56).

2015 3765 2167 3820 Sane
2195 3764 2256 3818 τὸ
2296 3763 2356 3819 ἐκ
2391 3769 2489 3820 τοῦ
2549 3767 2765 3841 Πατρὸς
2806 3783 2994 3840 neque
3025 3774 3112 3825 est
3142 3770 3322 3825 trium
3353 3787 3665 3828 commune

2015 3869 2204 3925 neque
2236 3855 2410 3910 unius
2441 3872 2702 3926 personae
2734 3857 3070 3928 proprium;
3107 3859 3208 3914 sed
3249 3857 3490 3912 αἰτιατὸν
3523 3859 3659 3914 εἶναι

2015 3941 2157 3998 Filio
2171 3959 2238 4000 ac
2251 3943 2492 4014 Spiritui
2506 3950 2709 4001 sancto
2724 3945 3013 4002 convenit.
3029 3947 3190 4010 Quod
3210 3947 3260 4002 si
3275 3949 3358 4002 ita
3379 3953 3486 4019 est,
3503 3949 3660 4004 Pho—

2013 4033 2080 4089 tii
2111 4031 2339 4088 axioma
2367 4048 2484 4088 non
2516 4038 2605 4088 est
2633 4034 2983 4104 generaliter
3012 4051 3236 4090 verum.
3269 4035 3548 4092 Praeterea
3595 4041 3660 4092 ut

2014 4123 2205 4194 arguit
2225 4123 2587 4195 Nicephorus
2610 4123 2936 4180 Blemmida
2957 4123 3126 4194 (orat.
3149 4125 3204 4194 2,
3228 4141 3278 4182 c.
3313 4126 3399 4182 11.
3433 4127 3492 4183 G.
3519 4130 3588 4182 0.
3612 4126 3656 4196 Ι,

2012 4213 2101 4280 32,
2131 4213 2224 4284 53)
2275 4213 2503 4269 mittere
2558 4212 2844 4284 Spiritum
2903 4217 3170 4269 sanctum
3201 4231 3516 4271 commune
3570 4223 3659 4271 est

2015 4302 2164 4357 Patri
2195 4308 2251 4358 et
2283 4301 2427 4358 Filio
2451 4319 2465 4366 ;
2491 4318 2623 4373 ergo
2646 4318 2751 4358 nec
2773 4307 2859 4358 est
2893 4303 3067 4358 unius
3099 4307 3328 4358 tantum
3353 4320 3456 4360 nec
3479 4305 3658 4361 trium

231 4414 312 4453 ea:
340 4407 562 4452 natura
591 4396 826 4467 quidem
858 4397 1046 4450 Patris
1075 4401 1126 4450 et
1160 4394 1296 4449 Filii
1325 4399 1376 4450 et
1405 4411 1475 4450 ea:
1501 4411 1752 4466 persona,
1785 4414 1904 4470 quae
1935 4420 1990 4488 D
2023 4391 2222 4448 simul.
2257 4391 2397 4447 Hinc
2453 4395 2584 4462 post
2614 4390 3009 4460 Blemmidam,
3045 4396 3287 4448 Beccum
3338 4393 3396 4465 (Ι.
3432 4409 3482 4448 c.
3515 4398 3571 4448 et
3599 4393 3659 4449 in

232 4495 316 4542 est
345 4488 554 4553 Pater,
585 4489 637 4540 et
665 4501 782 4556 quae
811 4488 893 4540 est
921 4483 1120 4551 Filius,
1173 4499 1519 4556 nequaquam
1547 4501 1676 4541 vero
1732 4489 1790 4541 in
1819 4503 1906 4557 eo,

314 4631 442 4699 (53)
471 4628 606 4700 st.
637 4630 783 4700 orat.
830 4626 921 4700 35,
961 4641 1018 4697 p.
1057 4626 1164 4700 573
1197 4642 1209 4681 :
1257 4623 1391 4700 ρῦτε
1439 4625 1622 4700 οὐσίᾳς
1672 4625 1853 4700 ὄνομα
1882 4630 1910 4683 6

233 4694 1318 4777 Παξτὴρρῧτε.,ἐνεργείσςίσχέσεως-βὲ
1366 4697 1456 4777 mi
1503 4698 1601 4777 τοιῖ
1640 4694 1910 4777 πῶς’ἔχει

238 4715 448 4772 ιισιτηρ
478 4717 605 4752 ones
654 4715 945 4822 ενεργεισς,
987 4715 1226 4768 σχεσεως
1261 4715 1318 4751 οε
1366 4715 1456 4750 και
1503 4719 1601 4752 του
1640 4720 1759 4760 πως
1792 4715 1906 4777 εχει

231 4771 381 4844 πρὸς
417 4770 516 4823 τὸν
560 4768 681 4822 Υἱὸν
802 4768 986 4896 Πατὴὲ
1033 4769 1068 4837 ἢ
1120 4769 1149 4822 6
1195 4769 1318 4830 Υἱὸς
1347 4769 1484 4866 πρὸς
1529 4771 1622 4824 τὸν
1679 4773 1906 4847 Πατέρα.

229 4843 500 4898 stsen.
537 4842 574 4895 l.
610 4842 682 4898 ΙΙ.
713 4850 904 4897 contra
979 4857 1191 4898 unam.
1225 4859 1278 4898 ι).
1314 4842 1454 4897 43πιε
1489 4843 1905 4898 Φανεοὸν.ὅτιή

233 4847 500 4915 Nyssen.
537 4847 574 4895 1.
610 4847 682 4907 ΙΙ,
713 4850 904 4897 contra
936 4847 1191 4910 Eunom,
1225 4859 1278 4911 p.
1314 4847 1454 4897 1131:
1489 4847 1906 4916 Φανερὸν,δτιὴ

233 4918 338 4987 τοᾷ
371 4986 376 4987 ί
409 4911 627 4986 Πατρὸς
658 4911 880 4987 ⁸κλῆσις
937 4910 1034 4987 οὐκ
1092 4909 1280 4987 οὐσίας
1339 4910 1448 4987 ἐστὶ
1506 4918 1906 4987 παραπατική,

234 4984 398 5060 ῥλλὰ
435 4983 545 5060 τῆν’
575 4983 712 5060 πρὸς
751 4985 877 5060 Υιον
909 4983 1526 5060 σχέσιγνλάποσημαίνει.
1561 4983 1642 5044 Cf.
1677 4983 1904 5060 Hugon.

231 5057 477 5123 Ether.,
514 5058 552 5111 ι.
587 5057 684 5122 ιιι,
712 5071 762 5112 c.
795 5057 882 5126 18,
913 5057 977 5126 p;
1008 5058 1164 5112 1257.

313 5074 477 5123 ner.,
514 5074 552 5138 ι.
587 5074 684 5122 ιιι,
712 5074 762 5112 c.
795 5074 970 5184 υθέ).
1008 5074 1164 5112 12m.

306 5131 439 5198 (54)
473 5129 570 5185 Stc
621 5128 851 5183 Manuel
947 5135 1159 5183 retens.
1193 5129 1348 5198 apud
1398 5128 1602 5198 Georg.
1651 5129 1902 5187 Metoch.

306 5243 318 5253 .
361 5201 430 5253 0.
469 5200 629 5253 1036.
663 5201 822 5253 1037)
857 5215 871 5253 :
904 5198 961 5253 '0
996 5199 1182 5253 Πατῆο
1221 5199 1355 5252 καθὸ
1394 5203 1546 5253 γεννᾶ
1585 5199 1729 5253 Υἱὸν.
1772 5201 1902 5253 ὀνο-

229 5200 318 5270 (G.
361 5201 430 5258 0.
469 5200 629 5266 1036,
663 5201 822 5271 1037)
857 5215 871 5254 :
904 5200 961 5253 Ὀ
996 5200 1182 5272 Πατὴρ
1221 5200 1355 5252 καθὸ
1394 5203 1546 5270 γεννᾷ
1585 5200 1729 5268 Υἱὸν,
1772 5201 1908 5256 ὀνο-

233 5272 484 5345 pnite-rat
545 5272 731 5345 Πατήρ
765 5269 948 5345 ’μιεοιεν
1009 5268 1040 5323 ’ὀ
1090 5266 1170 5345 §‘s_
1208 5267 1504 5345 innopaést
1544 5272 1606 5325 τὸ
1662 5277 1903 5345 Πνεῦμα,

233 5289 484 5344 page-rm
547 5289 731 5343 ιιατηρ
765 5289 778 5301 ·
831 5289 943 5323 καιγ
1011 5289 1040 5323 o
1095 5289 1151 5323 os
1208 5289 1341 5324 εκπο
1382 5290 1488 5324 ausi
1544 5291 1606 5325 το
1664 5289 1903 5345 υνευμα,

230 5342 438 5419 οξκέῖι
500 5343 710 5419 Πατῄρ,
769 5338 916 5419 ἀλλᾶ
972 5336 1281 5419 προϐολεύς
1339 5289 1662 5419 ἕνομᾷάζεται
1705 5363 1723 5419 ’Δ
1762 5344 1907 5419 tari»;

229 5412 332 5487 οὖας
396 5415 430 5467 6
491 5409 826 5485 Πατήρκαὶ
887 5413 1076 5487 Πατῄρ
1133 5412 1220 5487 xui
1289 5409 1597 5487 προϐολεύς
1633 5433 1646 5446 ·
1710 5414 1787 5470 ἑνὶ
1848 5413 1906 5471 δὲ

229 5483 484 5562 ὀϊόματι
529 5483 867 5562 cavantur]:
922 5483 1126 5562 τούτων
1198 5483 1755 5562 ὀνομάζεταιλπηγή.
1813 5489 1904 5545 Sic

230 5558 461 5631 plures
492 5557 591 5631 alii
622 5561 804 5631 πηγῆς
829 5557 1065 5631 nomine
1096 5562 1406 5630 utramque
1438 5557 1729 5617 notionem
1754 5577 1912 5618 com-

2023 4480 2249 4538 Camat.
2281 4483 2391 4536 An.
2443 4481 2502 4538 G.
2538 4479 2596 4536 0.
2641 4480 2711 4547 ΙΙ,
2743 4481 2868 4549 291,
2911 4483 2992 4537 De
3017 4498 3130 4537 una
3158 4482 3300 4538 Eccl.
3345 4482 3416 4536 63
3444 4482 3585 4537 ibid.
3617 4499 3656 4552 ι,

2019 4626 2161 4681 libet
2190 4633 2246 4682 et
2276 4630 2414 4682 tunc
2446 4627 2619 4682 etiam
2654 4626 2798 4682 Filio
2844 4624 3243 4682 asseritur.Sic
3273 4629 3329 4680 et
3368 4625 3659 4683 Maximus

2019 4714 2108 4768 ep.
2141 4700 2211 4752 ad
2246 4698 2451 4752 Marin.
2500 4698 2679 4770 priori
2711 4714 2882 4752 sensu
2931 4695 3110 4758 αἲτίας
3140 4712 3348 4751 nomen
3396 4696 3656 4764 adhibet,

2019 4771 2090 4824 de
2120 4785 2234 4839 quo
2265 4771 2338 4824 cf.
2372 4770 2616 4826 Beccum
2664 4769 2700 4824 l.
2737 4785 2791 4824 ιν
2820 4769 2891 4824 ad
2924 4769 3264 4824 Constantia.
3296 4783 3346 4823 c.
3392 4770 3441 4823 1.
3477 4768 3559 4841 (ϐ.
3594 4769 3654 4826 0.

2019 4841 2088 4896 II.
2118 4841 2224 4895 203
2252 4856 2374 4896 sea.

2075 4843 2224 4983 ’(ἒξὲῗἶ
2244 4843 2550 4983 gignor;
2608 4927 2657 4965 ο.
2714 4911 2778 4965 18
2820 4909 3019 4983 Contra
3065 4911 3262 4983 Eph“.
3325 4911 3659 4983 syllog.,35

2017 4980 2365 5056 (COd.’iMon.
2397 4981 2494 5037 cit.
2529 4982 2571 5056 1't
2600 4983 2708 5056 252
2740 4983 2865 5056 b.)_:
2915 4981 3026 5036 Οὐκ
3052 4980 3274 5056 ἀκούοις
3303 4980 3412 5036 τῶν
3461 4981 3658 5056 Θεολό-

2014 5052 2143 5129 γιον-
2187 5053 2469 5129 βοώγτων,
2517 5052 2706 5129 οὐσίαν
2761 5053 3128 5129 μήτε-γεννᾷν
3179 5054 3652 5129 μήτε-γεγνᾶθαις

2012 5123 2145 5184 Κατ’
2187 5123 2354 5191 esse»;
2409 5124 2598 5201 μέντοι
2642 5125 2733 5179 τὸν
2762 5123 2992 5201 Corripe
3039 5123 3224 5201 γεννᾷν
3264 5123 3493 5201 mini)?
3543 5123 3658 5201 [Igi-

2013 5200 2139 5274 τέρα
2176 5190 2354 5274 cenaui
2386 5190 2478 5274 τὸν
2519 5197 2642 5274 Υξὸν
2673 5190 3014 5274 προϐάλλειν
3045 5190 3107 5250 τὸ
3153 5190 3375 5270 Πνεῦμα
3405 5193 3656 5260 εὐλαϐῶς

2013 5266 2195 5344 τείκαὶ
2229 5268 2342 5341 ἅμα
2372 5266 2728 5344 ἁρμοζόντῳέ
2761 5266 2996 5344 λέγεται.

2083 5342 2198 5414 (56)
2233 5338 2422 5415 Κομινὸύ
2449 5338 2564 5411 Υἱῷ
2618 5340 2711 5412 μὲν
2742 5338 2957 5415 καζτῷ-
2996 5339 3136 5415 ἁχίῳ
3180 5340 3445 5415 πνεύματι
3496 5341 3558 5394 τὸ
3597 5338 3658 5415 ἐκ

2010 5417 2110 5468 τοῦ
2138 5413 2377 5486 Πατρός.
2427 5415 2592 5540 ϐιοὲ.
2646 5417 2778 5468 Naz.
2811 5413 2908 5496 Or:
2944 5413 3003 5468 in
3045 5413 3264 5470 Heron.
3312 5413 3530 5540 ἕξεως.
3563 5413 3654 5467 23.

2013 5486 2217 5540 (Clem.
2249 5486 2366 5540 25.)
2399 5501 2494 5540 an.
2587 5491 2740 5540 onst.
2777 5484 2957 5540 Meitt.
3009 5491 3179 5540 orat..
3213 5503 3262 5540 c.
3405 5504 3420 5540 :
3470 5484 3531 5540 G.
3583 5489 3654 5539 0.

2037 5487 2217 5541 Clem.
2249 5484 2366 5552 25.)
2399 5501 2494 5556 ap.
2543 5484 2740 5540 Const.
2777 5484 2957 5540 Meiit.
3009 5491 3179 5553 orat.,
3213 5503 3262 5541 c.
3312 5484 3420 5553 23;
3470 5484 3531 5540 G.
3583 5489 3656 5556 0_.

2053 5558 2095 5624 Ι,
2125 5556 2250 5613 691.
2286 5551 2357 5612 Ιά
2380 5551 2720 5612 conceditur
2748 5557 2820 5614 ad
2851 5556 3106 5614 Andron.
3142 5551 3446 5613 Camatero
3475 5551 3656 5626 (apud

237 5627 660 5704 prehendunt.
696 5627 805 5684 Sed
852 5629 1005 5704 πηγή
1038 5631 1212 5686 modo
1255 5627 1344 5686 est
1385 5647 1562 5687 causa
1609 5649 1853 5704 προκατα

237 5701 374 5762 imit
399 5705 462 5758 et
493 5702 652 5760 Patri
678 5700 788 5758 soli
815 5693 1121 5762 tribuitur.
1145 5702 1321 5760 modo
1345 5701 1704 5762 principium
1725 5651 1905 5762 quocf:

2022 5629 2268 5686 Beccum
2297 5627 2356 5684 G.
2389 5627 2453 5684 0.
2487 5627 2562 5696 II,
2591 5627 2739 5698 373).

225 5693 374 5772 -Ξικὴ
399 5705 462 5758 et
493 5702 652 5760 Patri
678 5700 788 5758 soli
815 5693 1121 5773 tribuitur,
1145 5702 1321 5760 modo
1344 5693 1704 5776 principium
1725 5721 1841 5777 quo
