4058 6216
416 347 534 410 483

1619 345 1877 406 ΡΗΟΤΙΙ
1923 344 2449 407 PATRIARCHIE
2490 344 2608 406 CP.

3697 344 3814 405 484

415 483 543 548 206,
573 482 679 536 207
713 495 728 548 ;
759 482 834 538 cf.
867 497 924 552 p.
975 479 1078 536 162
1120 482 1290 552 seq),
1340 478 1782 534 Constantinum
1837 479 2059 535 Melite-
2088 482 2143 547 Α
2171 486 2259 534 est
2286 479 2537 549 Spiritus
2557 478 2767 534 sancti.
2801 499 2830 529 ‹‹
2859 478 3018 534 Licet
3045 477 3170 535 sint
3213 481 3463 550 quatuor
3505 479 3816 538 relationes

418 571 642 628 niotam
673 571 843 642 (crat.
876 571 930 638 2,
958 571 1029 626 De
1047 585 1197 639 proc.
1219 567 1416 639 Spirit.
1443 567 1643 634 sancti,
1677 585 1726 625 c.
1760 567 1954 635 39;ib.
1991 568 2062 638 ΙΙ,

421 661 550 732 897)
572 660 649 715 ita
680 660 790 715 Leo
822 659 1072 715 Allatius
1109 659 1266 714 Vind.
1308 675 1430 730 syn.
1465 659 1600 730 Eph.
1634 674 1684 715 c.
1723 659 1814 727 56,
1849 675 1902 727 p.
1934 659 2060 728 360)

421 749 736 805 Photianos
768 749 976 820 premit
1008 765 1020 802 :
1057 770 1086 797 «
1119 751 1291 802 Estne
1321 751 1632 802 causatum
1675 749 1795 803 sive
1827 747 2063 803 effectus

418 836 704 911 (αἰτιατόν)
734 837 793 892 in
815 837 1020 892 Triade
1041 838 1068 890 ?
1089 837 1312 892 Etillud
1329 840 1489 892 estne
1510 836 2060 892 communeTriadis

418 949 490 987 an
511 932 687 987 unius
730 928 1056 1002 hypostasis
1081 928 1378 999 proprium
1401 929 1430 981 ?
1449 927 1731 982 Neutrum
1756 927 1946 983 dicere
1968 943 2063 983 va-

413 1020 549 1076 lent.
577 1020 719 1074 Nam
747 1021 1078 1087 causatum,
1113 1017 1266 1088 quod
1298 1016 1358 1070 in
1398 1016 1514 1072 Deo
1547 1015 1924 1087 conspicitur,
1955 1031 2060 1072 nec

411 1113 500 1164 est
527 1108 676 1179 [247]
701 1107 930 1162 Triadis
961 1122 1294 1174 commune,
1339 1121 1446 1161 nec
1486 1106 1663 1160 unius
1700 1104 1925 1161 Triadis
1960 1105 2063 1176 hy-

414 1197 662 1269 postasis
675 1197 1141 1269 proprium,cum
1157 1195 1231 1250 sit
1245 1211 1559 1251 commune
1575 1193 1703 1249 Filii
1719 1194 2061 1265 etSpiritus,

419 1292 474 1343 et
507 1303 623 1342 non
663 1287 740 1342 sit
797 1301 1108 1341 commune
1139 1284 1351 1339 Patris.
1393 1284 1463 1339 Et
1491 1283 1734 1355 propius
1782 1283 1855 1339 ad
1886 1299 2007 1339 rem
2042 1297 2060 1340 :

412 1377 636 1432 Mittere
658 1375 940 1447 Spiritum
967 1378 1235 1430 sanctum
1258 1372 1450 1429 Patris
1471 1377 1528 1428 et
1544 1371 1672 1428 Filii
1697 1376 1819 1440 est;
1844 1373 1901 1428 id
1925 1388 2056 1430 vero

409 1468 479 1522 de
511 1465 729 1538 Spiritu
761 1467 965 1520 sancto
1006 1462 1168 1518 nullo
1201 1461 1374 1518 modo
1395 1461 1646 1530 dicitur;
1679 1477 1866 1534 neque
1895 1461 2054 1518 enim

405 1555 529 1612 ﬁeri
562 1557 768 1627 potest,
819 1557 885 1608 ut
915 1553 1066 1608 idem
1096 1553 1172 1608 sit
1219 1552 1453 1607 mittens
1494 1556 1552 1607 et
1599 1551 1838 1606 missus.
1873 1572 1900 1600 ››
1942 1551 2050 1621 (Cf.

405 1646 602 1701 eumd.
667 1644 886 1698 Enchir.
932 1661 1050 1717 κεφ.
1085 1640 1178 1708 κε’,
1214 1658 1269 1713 p.
1303 1639 1418 1714 ροα“
1450 1641 1594 1712 seq.)
1625 1641 1718 1695 Sic
1750 1648 1803 1696 et
1834 1655 1900 1695 ex
1932 1643 2052 1695 Ma-

406 1733 574 1790 nuele
605 1733 809 1790 Caleca
855 1737 912 1788 et
940 1731 1280 1788 Bessarione
1330 1731 1589 1786 Petavius
1641 1731 1714 1787 De
1769 1731 1916 1786 Trin.
1951 1748 2049 1798 vn,

404 1841 454 1881 c.
492 1824 577 1892 15,
610 1841 667 1878 n.
700 1824 754 1890 5,
786 1823 842 1895 6)
878 1838 890 1876 :
926 1845 954 1872 (‹

405 1915 728 1986 prietatem,
763 1929 890 1984 quas
919 1927 1033 1967 non
1083 1914 1182 1966 aut
1228 1910 1418 1966 tribus
1464 1909 1796 1966 communis
1842 1910 1921 1966 sit
1951 1914 2052 1966 aut

405 2003 583 2059 unius
615 2006 844 2058 tantum
885 1999 1136 2072 propria.
1172 1997 1312 2055 Esse
1343 1998 1495 2055 enim
1529 1997 1789 2070 aliquam
1820 1997 2044 2066 dicunt,

399 2109 528 2166 quia
559 2092 786 2148 duabus
819 2091 1110 2147 convenit.
1161 2089 1306 2146 Nam
1340 2105 1464 2160 quae
1496 2090 1569 2145 de
1597 2088 1714 2144 Deo
1747 2088 2048 2153 dicuntur,

398 2183 561 2240 aiunt
579 2181 814 2240 Calecas
838 2187 894 2236 et
909 2179 1242 2248 Bessarion,
1262 2179 1375 2235 alia
1391 2179 1579 2234 tribus
1600 2177 1867 2250 personis
1889 2193 2045 2234 com-

397 2273 602 2329 munia
633 2275 794 2339 sunt,
825 2275 894 2326 ut
947 2274 1087 2326 sunt
1116 2268 1387 2326 absoluta
1431 2269 1649 2336 omnia,
1684 2273 1786 2323 aut
1811 2283 1940 2338 quae
1970 2266 2042 2322 ad

395 2367 690 2420 creaturas
706 2360 971 2418 ordinem
985 2359 1301 2427 habent,ut
1317 2359 1566 2426 Creator,
1590 2357 2041 2423 Dominus,etc.,

397 2452 514 2508 alia
546 2452 779 2524 propria
811 2453 972 2517 sunt,
998 2463 1183 2518 eaque
1211 2447 1300 2503 vel
1325 2447 1554 2502 duabus
1586 2445 1846 2517 personis
1882 2461 2043 2500 com-

395 2544 603 2612 petunt
632 2536 982 2609 comparatis
1013 2538 1084 2592 ad
1117 2536 1374 2601 tertiam,
1407 2541 1472 2589 ut
1504 2533 1647 2590 Filio
1700 2537 1758 2590 et
1797 2533 2040 2605 Spiritui

397 2634 600 2686 sancto
619 2646 650 2684 a
673 2626 955 2698 principio
979 2626 1306 2698 procedere,
1341 2623 1497 2679 Patri
1521 2623 1657 2678 item
1680 2627 1737 2678 et
1755 2623 1898 2679 Filio
1919 2623 2043 2693 Spi-

398 2717 579 2772 ritum
615 2715 971 2783 mittere,vel
997 2713 1098 2770 uni
1120 2717 1347 2769 tantum
1375 2717 1726 2785 congruunt.
1752 2733 1780 2762 »
1804 2711 2038 2768 Falsum

393 2807 637 2879 proinde
669 2810 757 2862 est
782 2803 921 2859 illud
955 2802 1306 2875 principium
1335 2801 1659 2872 :Quidquid
1686 2801 1742 2856 in
1759 2800 2040 2857 Trinitate

393 2895 630 2965 dicitur,
664 2898 765 2950 aut
823 2897 908 2948 est
935 2893 1113 2948 trium
1163 2907 1546 2964 personarum
1599 2905 1906 2946 commune
1938 2893 2038 2944 aut

393 2985 570 3040 unius
610 2983 936 3055 proprium.
969 2981 1167 3052 Neque
1185 2981 1430 3046 dicatur,
1457 2979 1672 3036 similia
1699 2979 1980 3051 principia
2003 2995 2038 3034 a

395 3073 614 3129 Latinis
637 3071 926 3144 theologis
939 3069 1210 3128 stabiliri.
1229 3074 1376 3124 Nam
1400 3069 1571 3140 longe
1594 3085 1627 3124 a
1655 3067 1846 3124 Photii
1863 3067 2034 3123 etl‘ato

393 3163 672 3219 diﬁ‘erunt
703 3162 820 3217 haec
853 3159 1266 3217 catholicorum
1299 3158 1626 3214 axiomata:
1660 3157 2033 3228 Quidquidin

390 3252 676 3309 Trinitate
706 3251 939 3319 dicitur,
973 3253 1075 3307 aut
1102 3250 1345 3305 absolute
1375 3249 1591 3304 dicitur
1629 3255 1723 3302 aut
1753 3245 1992 3302 relative
2011 3262 2036 3311 ;

385 3342 476 3398 vel
507 3342 684 3398 etiam
721 3357 735 3396 :
767 3341 951 3397 Omne
1005 3339 1158 3411 quod
1201 3339 1270 3395 de
1323 3337 1606 3393 Trinitate
1659 3336 2031 3408 prtedicatur.

391 3435 490 3487 aut
518 3434 904 3487 communeest
918 3429 1334 3500 autprOprium.
1352 3427 1412 3482 In
1447 3426 1536 3482 bis
1557 3443 1694 3482 sane
1718 3425 2034 3496 disjunctio

389 3524 479 3576 est
509 3519 748 3576 omnino
809 3520 1128 3589 adaequatis.
1190 3517 1252 3571 In
1313 3516 1491 3587 priori
1535 3515 1821 3570 axiomate
1870 3513 2035 3570 nulla

387 3609 708 3664 difficultas
766 3613 876 3674 est,
937 3622 1070 3662 cum
1126 3605 1313 3660 activa
1345 3603 1586 3674 spiratio
1646 3603 2033 3659 relationibus

387 3696 916 3770 comprehendatur
945 3711 959 3750 :
992 3693 1052 3749 in
1085 3693 1266 3749 altero
1312 3692 1372 3745 τὸ
1406 3691 1708 3764 proprium
1751 3708 1864 3747 non
1897 3709 2033 3764 sup-

387 3788 552 3860 ponit
584 3803 686 3858 pro
717 3801 781 3840 eo
831 3783 982 3856 quod
1033 3784 1139 3838 uni
1167 3785 1393 3838 tantum
1429 3797 1684 3852 personae
1717 3781 1982 3836 convenit
2015 3797 2030 3849 ;

383 3882 661 3948 praeterea
691 3873 772 3931 nil
813 3878 963 3931 vetat
1024 3888 1094 3929 ne
1150 3887 1434 3928 commune
1476 3871 1722 3941 dicatur,
1754 3871 1910 3942 quod
1941 3869 2028 3925 vel

379 3966 568 4022 tribus
600 3965 684 4022 vel
727 3963 957 4020 duabus
989 3962 1250 4035 personis
1301 3960 1590 4029 convenit,
1623 3964 1679 4015 et
1720 3961 2024 4031 proprium,

378 4057 531 4128 quod
563 4055 665 4110 uni
698 4053 947 4110 exclusis
977 4052 1210 4108 duabus
1242 4051 1332 4106 vel
1373 4049 1604 4106 duabus
1644 4049 1879 4105 exclusa
1909 4065 2026 4104 una

377 4150 637 4217 aptatur,
655 4145 954 4200 dummodo
967 4141 1351 4215 appositionis
1364 4141 1510 4196 ratio
1527 4139 1744 4211 ubique
1761 4142 2025 4196 servetur

373 4235 525 4291 Sane
543 4234 606 4288 τὸ
637 4231 688 4303 ἐξ
719 4231 896 4294 αἰτίας
930 4231 1064 4286 εἶναι
1114 4231 1428 4303 Gregorius
1460 4229 1596 4285 Naz.
1651 4228 1712 4298 (l.
1747 4230 1822 4300 c.)
1883 4228 2022 4284 dicit

370 4325 512 4380 Filio
535 4329 591 4379 et
638 4323 881 4393 Spiritui
939 4319 1144 4386 κοινόν,
1188 4319 1502 4390 Gregorius
1534 4335 1666 4374 vero
1721 4317 2020 4390 Nyssenus

373 4413 466 4470 0r.
499 4414 562 4468 in
593 4411 812 4465 Domin.
847 4410 999 4464 Orat.
1033 4409 1187 4478 apud
1213 4407 1459 4463 Beccum
1509 4407 1567 4462 G.
1607 4407 1736 4472 0.1,
1771 4407 1909 4476 163;
1941 4407 2016 4475 ΙΙ,

369 4503 498 4568 522,
529 4498 658 4569 5'33)
688 4499 783 4550 τοῦ
813 4496 945 4548 Υἱοῦ
976 4494 1064 4548 καὶ
1100 4498 1202 4548 to?»
1234 4494 1546 4566 Πνεόματος
1580 4491 1717 4546 ἴδιον
1737 4512 1759 4558 ,·
1792 4502 2012 4552 utrum-

371 4605 484 4660 que
532 4604 670 4643 sane
699 4586 812 4642 dici
867 4589 1090 4658 potest;
1130 4584 1261 4639 hinc
1305 4587 1363 4638 et
1414 4588 1712 4654 Nyssenus
1772 4585 2008 4656 pergit:

367 4681 518 4752 [248]
545 4681 740 4732 Κοινοῦ
774 4674 829 4732 δὲ
859 4674 1014 4736 ὄντος
1044 4677 1123 4747 τῷ
1154 4673 1266 4746 Υἱῷ
1293 4671 1383 4728 καὶ
1413 4676 1492 4744 τῷ
1524 4673 1796 4746 Πνεύματι
1835 4672 1897 4728 τὸ
1932 4675 2007 4747 μή

363 4769 667 4842 ἀγεννήτως
698 4768 831 4823 εἶναι
863 4789 916 4825 κ.
957 4787 1008 4824 τ.
1043 4762 1098 4821 λ.
1133 4766 1276 4822 Cum
1309 4764 1544 4837 spiratio
1568 4765 1753 4822 activa
1775 4764 1927 4821 Patri
1951 4769 2009 4821 et

365 4859 507 4916 Filio
565 4862 881 4932 competat,
911 4857 1132 4930 utrique
1181 4856 1487 4912 communis
1517 4858 1628 4924 est,
1663 4859 1859 4926 utpote
1892 4871 2009 4912 non

363 4949 599 5024 propria
622 4949 796 5005 unius
819 4947 1004 5004 Patris
1027 4963 1130 5003 nec
1151 4945 1385 5018 propria
1409 4945 1584 5000 unius
1607 4943 1733 5000 Filii
1769 4961 1783 5014 ;
1819 4948 2009 5017 potest

362 5040 534 5097 etiam
575 5037 690 5095 dici
719 5038 936 5110 utrique
954 5037 1204 5108 propria,
1239 5040 1406 5107 prout
1436 5041 1522 5092 est
1553 5034 2009 5091 incommunica-

359 5129 495 5188 bilis
512 5126 756 5200 Spiritui
775 5130 976 5183 sancto
1003 5130 1058 5182 et
1079 5126 1330 5198 pertinet
1345 5126 1417 5180 ad
1441 5125 1588 5180 duas
1609 5141 1882 5196 personas
1897 5124 2010 5197 spi-

360 5224 559 5277 rantes
581 5215 814 5274 exclusa
845 5215 1087 5287 spirata.
1110 5215 1337 5270 Tritum
1369 5219 1458 5273 est
1483 5215 1630 5286 apud
1660 5213 2002 5284 Theologos,

360 5323 668 5368 commune
697 5306 758 5360 in
803 5305 1084 5362 Trinitate
1116 5320 1245 5361 esse
1293 5304 1649 5372 absolutum,
1700 5305 2004 5376 proprium

353 5417 490 5457 vero
524 5396 832 5454 relativum
869 5412 883 5464 ;
916 5394 1025 5451 hoc
1059 5398 1223 5464 pacto
1247 5393 1488 5464 spiratio
1512 5393 1720 5461 activa,
1745 5410 1872 5467 quas
1904 5411 2004 5450 re-

354 5489 498 5548 latio
529 5492 641 5558 est,
667 5489 818 5542 recte
840 5484 1051 5540 dicitur
1083 5484 1334 5538 duarum
1389 5499 1774 5554 personarum
1816 5485 2007 5541 Patris

353 5585 410 5642 et
468 5577 617 5646 Filii,
667 5574 916 5649 propria,
975 5572 1132 5630 sicut
1188 5571 1423 5644 passiva
1470 5573 1713 5644 spiratio
1764 5575 2000 5647 propria

421 5689 532 5762 (57)
565 5686 694 5762 Haec
727 5680 1125 5762 o_mnia,_sic§1t
1169 5682 1226 5736 et
1269 5678 1592 5762 sequentia,
1623 5679 1874 5762 Allatius
1903 5683 2004 5740 de-

349 5753 604 5834 sumpsit
627 5774 698 5816 ex
737 5753 1011 5828 Gregorio
1042 5753 1453 5826 Trapezuntio,
1483 5767 1656 5824 quem
1699 5754 1824 5825 ipse
1869 5762 2002 5813 ante

2170 570 2229 625 in
2248 568 2482 638 divinis,
2515 590 2542 620 »
2576 569 3091 642 aitS.Tbomas(q.
3114 569 3204 637 30,
3229 586 3282 626 a.
3306 571 3361 636 2,
3386 572 3458 626 ad
3487 571 3558 643 1),
3575 575 3816 628 «tamen

2169 675 2288 714 una
2307 674 2527 728 earum,
2554 659 2817 730 spiratio,
2842 675 2954 714 non
2971 667 3261 731 separatur
3289 677 3324 715 a
3354 677 3605 733 persona
3627 662 3815 718 Patris

2167 755 2221 804 et
2251 747 2398 816 Filii,
2425 749 2523 804 sed
2572 748 2824 804 convenit
2852 751 3086 820 utrique.
3122 749 3188 804 Et
3215 749 3295 805 sic
3326 750 3460 805 licet
3481 750 3560 806 sit
3583 750 3811 817 relatio,

2168 852 2283 892 non
2315 841 2404 892 est
2430 845 2619 892 tamen
2658 839 2966 908 proprietas
3007 840 3208 908 (sensu
3238 837 3442 895 stricto
3469 839 3812 912 theologico,

2168 927 2241 980 cf.
2270 927 2298 993 §
2333 927 2408 996 5),
2442 927 2578 996 quia
2627 942 2736 981 non
2765 925 3018 982 convenit
3041 927 3145 982 uni
3173 931 3388 982 tantum
3414 943 3682 998 personas,
3717 943 3817 984 nec

2166 1014 2368 1070 relatio
2396 1015 2721 1086 personalis,
2740 1015 2798 1070 id
2821 1020 2928 1081 est,
2957 1016 3322 1072 constituens
3351 1032 3690 1088 personam.
3712 1017 3818 1073 Sed

2169 1103 2258 1159 hae
2289 1107 2406 1160 tres
2438 1103 2747 1160 relationes
2778 1119 2792 1158 :
2826 1105 3167 1176 paternitas,
3194 1105 3398 1162 filiatio
3429 1111 3486 1162 et
3517 1106 3814 1179 processio

2167 1191 2445 1249 dicuntur
2481 1193 2856 1264 pr0prietates
2897 1195 3257 1266 personales,
3317 1196 3480 1266 quasi
3539 1211 3819 1267 personas

2166 1281 2610 1338 constituentes.
2639 1304 2666 1332 »
2707 1283 2816 1352 (Cf.
2846 1299 2906 1355 q.
2956 1283 3048 1350 28,
3079 1300 3134 1339 a.
3169 1285 3220 1351 1,
3253 1284 3309 1352 3,
3344 1284 3376 1338 4
3407 1303 3422 1343 :
3466 1301 3523 1356 q.
3549 1286 3638 1338 3:3.
3666 1301 3721 1340 a.
3743 1285 3822 1355 3.)

2165 1370 2322 1426 Licet
2350 1385 2486 1443 ergo
2507 1369 2772 1426 catholici
2791 1371 3103 1428 admittant
3133 1372 3363 1428 axioma
3393 1389 3406 1427 :
3438 1372 3736 1445 Quidquid
3758 1373 3819 1430 in

2163 1459 2447 1516 Trinitate
2475 1459 2702 1530 dicitur,
2735 1468 2834 1516 aut
2855 1476 3164 1518 commune
3195 1465 3280 1518 est
3301 1461 3422 1518 sive
3452 1461 3817 1532 absolutum,

2164 1551 2266 1604 aut
2297 1548 2600 1620 proprium
2643 1549 2764 1606 sive
2790 1549 3098 1606 relativum
3125 1566 3139 1606 :
3157 1550 3292 1620 jure
3321 1554 3515 1608 tamen
3539 1551 3817 1622 reiiciunt

2161 1638 2347 1693 Photii
2363 1638 2592 1694 effatum
2610 1655 2622 1694 :
2640 1639 2931 1710 Quidquid
2946 1641 3006 1696 in
3021 1641 3448 1697 sanctaTriade
3461 1642 3822 1714 praedicatur

2161 1726 2451 1784 auttribus
2466 1729 2734 1800 personis
2751 1743 3036 1784 commune
3047 1734 3136 1784 est
3149 1736 3246 1785 aut
3260 1729 3429 1785 unius
3437 1746 3823 1802 personaepro—

1011 1823 1235 1892 Negant
1265 1819 1449 1875 Latini
1490 1820 1713 1876 nullam
1746 1836 1867 1876 esse
1916 1837 2050 1892 pro-
2081 1802 2125 1868 Β
2154 1817 2520 1888 prium.»Sed
2539 1817 3012 1874 baecexdicendis
3028 1818 3218 1874 adhuc
3237 1819 3821 1877 manifestioraerunt

2237 1907 2323 1962 13.
2356 1907 2414 1961 Si
2449 1905 2656 1962 falsum
2707 1911 2797 1962 est
2841 1907 2948 1964 hoc
2972 1907 3158 1963 Photii
3189 1909 3569 1981 principium,
3604 1909 3818 1966 falsum

2161 1996 2476 2067 pariterest
2507 1995 2672 2062 illud,
2701 1997 2855 2068 quod
2884 1995 3446 2054 corollariiadinslar
3471 1998 3611 2054 inde
3631 1999 3820 2055 dedu-

2155 2085 2308 2140 citur
2339 2099 2354 2140 :
2394 2085 2485 2140 Nil
2513 2090 2592 2141 est
2608 2084 2822 2140 duabus
2853 2086 2912 2140 in
2949 2086 3227 2142 Trinitate
3252 2088 3501 2157 personis
3526 2102 3819 2143 commune

2155 2168 2350 2244 (μηδὲν
2379 2192 2429 2226 τι
2464 2173 2602 2226 εἶναι
2664 2176 2782 2234 τοῖς
2823 2169 2944 2226 δυσὶ
2973 2173 3291 2248 προσώποις
3348 2171 3437 2228 ἒπί
3493 2181 3602 2244 τῆς
3652 2173 3816 2252 ἁγίας

2154 2258 2379 2334 Τριάὂος
2407 2261 2610 2332 κοινόν)
2643 2281 2657 2332 ;
2691 2262 2788 2319 sed
2820 2263 2867 2318 si
2911 2264 3045 2334 quid
3076 2263 3302 2320 duabus
3339 2265 3612 2336 personis
3643 2281 3811 2323 com-

2155 2368 2334 2408 mune
2363 2353 2456 2420 sit,
2490 2351 2548 2407 id
2608 2357 2664 2409 et
2719 2351 2899 2408 tertiae
2930 2367 3245 2410 commune
3297 2354 3429 2410 erit.
3464 2354 3632 2412 Unde
3665 2372 3804 2412 cum

2153 2439 2356 2496 Photio
2400 2441 2550 2512 (cap.
2601 2441 2660 2511 6)
2717 2445 2971 2512 arguunt
2998 2441 3366 2498 Schismatici
3401 2457 3417 2498 :
3463 2443 3523 2498 Si
3557 2444 3802 2516 spiratio

2154 2528 2343 2585 activa
2381 2529 2455 2584 sit
2485 2529 2644 2585 Patri
2675 2535 2733 2586 et
2772 2529 2917 2586 Filio
2951 2532 3302 2601 communis,
3335 2535 3676 2590 communis
3698 2533 3806 2589 erit

2153 2618 2464 2690 etSpiritui
2488 2623 2707 2676 sancto.
2741 2624 2940 2677 Patres
2957 2621 3254 2678 interdum
3269 2621 3654 2691 concludunt,
3676 2640 3807 2696 qua:

2151 2709 2488 2765 communia
2509 2716 2646 2765 sunt
2663 2710 2814 2765 Patri
2831 2710 3068 2776 etFilio,
3083 2711 3664 2786 communiaquoque
3677 2729 3805 2770 esse

2147 2798 2389 2868 Spiritui
2429 2803 2631 2855 sancto
2657 2815 2670 2866 ;
2699 2806 2754 2854 at
2775 2800 2931 2855 enim
2967 2801 3104 2856 dum
3139 2800 3220 2855 ita
3260 2801 3706 2872 ratiocinantur,
3739 2803 3805 2859 de

2145 2887 2270 2960 ipsa
2351 2888 2542 2945 divina
2616 2889 2920 2946 substantia
2997 2890 3145 2961 [249]
3213 2890 3436 2961 ejusque
3509 2892 3806 2948 attributis

2144 2985 2344 3049 agunt,
2365 2994 2477 3034 non
2511 2994 2644 3034 vero
2662 2979 2733 3034 de
2753 2978 3167 3047 relationibus;
3191 2979 3260 3035 de
3283 2979 3353 3035 iis
3375 2995 3499 3051 quas
3521 2981 3804 3037 absolute

2149 3069 2448 3139 dicuntur,
2481 3085 2597 3126 non
2640 3071 2712 3126 de
2762 3070 2834 3127 iis
2867 3087 2993 3144 qua
3037 3071 3311 3128 dicuntur
3347 3074 3417 3128 ad
3449 3072 3701 3145 aliquid,
3733 3077 3804 3129 ut

2149 3163 2303 3216 recte
2326 3159 2571 3215 advertit
2593 3159 2872 3232 Georgius
2893 3161 3318 3232 Trapezuntius
3341 3163 3436 3234 (De
3462 3177 3613 3234 proc.
3667 3162 3800 3235 Spi-

2142 3250 2283 3304 ritus
2329 3251 2524 3318 sancti,
2555 3250 2626 3304 ad
2675 3249 2768 3305 Jo.
2828 3248 3063 3304 Cubocl.
3099 3267 3159 3305 n.
3205 3251 3292 3306 24.
3347 3251 3406 3307 G.
3461 3257 3536 3308 0.
3593 3251 3638 3320 Ι,
3687 3252 3796 3306 519

2143 3339 2294 3410 seq.)
2328 3355 2341 3406 ;
2379 3355 2450 3395 ne
2480 3355 2614 3394 vero
2646 3339 2700 3394 id
2733 3339 2805 3394 ad
2855 3338 3164 3396 relationes
3195 3344 3252 3396 et
3286 3340 3554 3396 notiones
3589 3345 3794 3397 exten-

2142 3430 2328 3495 datur,
2371 3428 2426 3482 id
2463 3444 2564 3499 per
2593 3443 2655 3484 se
2687 3443 2755 3484 ea
2778 3433 2992 3495 velant,
3017 3429 3232 3500 quibus
3267 3432 3541 3501 superius
3560 3431 3794 3486 axioma

2142 3517 2477 3574 convellunt
2503 3517 2790 3589 (cf.Allat.
2809 3517 2975 3573 Ench.
2993 3517 3030 3572 l.
3050 3535 3099 3574 c.
3117 3536 3172 3590 p.
3199 3517 3342 3592 ροβ).
3377 3540 3405 3570 ‹‹
3429 3519 3588 3575 Licet
3605 3521 3791 3587 enim,

2141 3607 2224 3662 ita
2239 3607 2349 3662 Leo
2365 3606 2811 3676 Allatius(Vind.
2843 3623 2964 3679 syn.
2983 3608 3116 3679 Eph.
3142 3624 3198 3679 p.
3224 3608 3351 3676 361,
3375 3608 3522 3678 362),
3543 3609 3792 3664 Nazian-

2139 3712 2320 3752 zenus
2350 3696 2526 3766 dicat,
2589 3712 2713 3768 quae
2771 3696 2922 3752 Patri
2953 3701 3010 3752 et
3039 3697 3182 3753 Filio
3213 3697 3438 3766 insunt,
3471 3714 3542 3753 ea
3591 3697 3790 3754 inesse

2137 3801 2366 3857 quoque
2396 3785 2631 3858 spiritui
2683 3784 2770 3856 (τὰ
2797 3788 2876 3856 τῷ
2918 3786 3088 3860 Πατρὶ
3118 3785 3206 3840 καὶ
3238 3786 3350 3857 Υῖῷ
3406 3785 3681 3858 προσόντα
3708 3791 3787 3859 τῷ

2139 3875 2413 3948 Πνεῦματι
2469 3873 2709 3948 ἐνεῖναι),
2755 3877 2941 3932 sciant
2971 3877 3234 3932 divinum
3287 3876 3455 3932 illum
3489 3877 3683 3933 virum
3715 3877 3787 3932 de

2134 3963 2446 4021 Divinitate
2487 3971 2690 4022 contra
2745 3965 3310 4023 Pneumatomachos
3341 3966 3518 4022 verba
3576 3967 3788 4033 facere,

2135 4054 2234 4125 qui
2257 4071 2374 4110 non
2397 4055 2468 4109 de
2489 4054 2857 4110 discernendi
2888 4054 2998 4110 vim
3036 4054 3401 4122 habentibus,
3437 4056 3539 4112 sed
3562 4056 3634 4111 de
3651 4055 3785 4128 Spi-

2133 4145 2277 4199 ritus
2293 4144 2601 4200 Divinitate
2618 4145 2965 4200 tractabant.
2991 4143 3292 4201 Ethaacest
3313 4145 3782 4217 doctrinaipsius

2130 4232 2323 4304 Cyrilli
2350 4232 2660 4288 scribentis
2698 4249 2711 4287 :
2739 4233 2963 4296 Quibus
2995 4233 3150 4290 enim
3175 4233 3429 4305 Spiritus
3445 4233 3778 4290 communis

2128 4326 2235 4389 est,
2258 4321 2375 4377 illis
2399 4338 2640 4393 prorsus
2660 4326 2871 4394 etquae
2892 4323 3156 4378 essentiae
3179 4327 3340 4389 sunt,
3371 4327 3643 4394 separata
3666 4340 3779 4380 non

2128 4411 2343 4468 fuerint
2367 4412 2498 4482 (art.
2533 4411 2776 4483 praised.
2802 4414 2829 4480 §
2853 4413 2938 4475 10,
2963 4416 3100 4468 nota
3131 4413 3209 4480 6).
3245 4411 3498 4484 Cyrillus
3522 4413 3626 4478 ait,
3649 4413 3786 4484 Spi-

2125 4502 2299 4557 ritum
2314 4517 2441 4557 esse
2457 4517 2832 4558 communem
2849 4501 3002 4557 Patri
3024 4505 3079 4557 et
3098 4501 3238 4558 Filio
3259 4519 3272 4570 ;
3289 4501 3373 4556 uti
3387 4502 3546 4558 enim
3565 4502 3776 4570 Patris,

2121 4589 2200 4647 ita
2213 4590 2427 4646 dicitur
2440 4598 2492 4646 et
2506 4589 2656 4659 Filii,
2672 4606 2777 4646 nec
2790 4594 2984 4646 tamen
3001 4589 3212 4646 dicitur
3229 4589 3485 4664 Spiritus
3501 4591 3777 4662 Spiritus,

2122 4696 2194 4735 ne
2225 4681 2336 4735 duo
2360 4679 2609 4751 Spiritus
2640 4679 3033 4736 insinuentur.
3059 4681 3127 4735 Et
3159 4684 3226 4735 ut
3249 4680 3438 4753 magis
3459 4681 3518 4736 in
3543 4683 3782 4737 univer-

2118 4786 2246 4826 sum
2273 4785 2362 4826 res
2383 4773 2777 4841 pertractetur,
2803 4769 2862 4825 in
2885 4770 3261 4826 sanctissima
3280 4770 3490 4826 Triade
3511 4779 3619 4827 tres
3638 4787 3776 4827 con-

2118 4861 2451 4916 siderantur
2463 4860 2956 4933 conjunctioncs,et
2969 4861 3026 4915 in
3041 4861 3288 4932 singulis
3301 4860 3441 4932 quid
3459 4877 3651 4918 comm
3663 4877 3776 4918 une

2117 4948 2346 5004 duabus
2368 4949 2670 5019 reperitur.
2693 4950 2787 5006 Sic
2819 4965 2953 5005 cum
2976 4948 3288 5020 ingenitum
3319 4949 3554 5006 duobus
3578 4950 3772 5007 modis

2117 5038 2368 5106 dicatur,
2391 5042 2448 5093 et
2469 5055 2603 5094 cum
2627 5039 2830 5110 absque
2857 5038 3133 5111 principio
3161 5045 3267 5105 est,
3292 5043 3348 5094 et
3377 5039 3639 5095 dicimus
3661 5041 3772 5097 Pa-

2115 5128 2261 5181 trem
2279 5125 2604 5196 ingenitum
2623 5144 2636 5194 ;
2662 5130 2874 5182 etcum
2895 5141 3003 5181 non
3023 5141 3126 5198 per
3155 5126 3379 5182 modum
3390 5130 3775 5196 generationis

2114 5212 2296 5270 veluti
2325 5217 2524 5283 Filius,
2583 5219 2640 5271 et
2669 5220 2792 5272 tum
2847 5216 3098 5288 Spiritus
3157 5215 3456 5288 ingenitus
3491 5223 3602 5274 est.
3640 5219 3777 5274 Pari

2115 5303 2338 5361 ratione
2385 5311 2443 5361 et
2489 5306 2804 5374 genitum...
2835 5310 2892 5362 et
2933 5305 3089 5376 quod
3124 5305 3479 5377 principium
3509 5307 3688 5363 habet
3717 5311 3780 5364 et

2118 5395 2270 5466 quod
2312 5395 2676 5465 naturaliter,
2704 5394 2814 5450 hoc
2842 5397 2929 5450 est
2964 5411 3066 5467 per
3101 5394 3341 5450 modum
3375 5397 3775 5466 processionis

2115 5485 2344 5541 exsistit
2368 5501 2382 5553 ;
2407 5491 2461 5540 et
2483 5487 2786 5556 oppositum
2801 5502 2821 5539 :
2837 5485 2991 5556 quod
3013 5483 3367 5556 principium
3389 5501 3506 5542 non
3523 5485 3781 5543 habetat

2113 5589 2218 5646 per
2237 5573 2474 5630 modum
2499 5573 2890 5646 processionis
2923 5589 3039 5630 non
3068 5572 3298 5629 exsistit
3328 5574 3458 5646 (57).
3481 5575 3732 5632 Pbotius
3755 5591 3780 5634 :

2112 5680 2512 5775 εέίίὲξτξιι-Εζε
2563 5681 2916 5775 ,ίξτιξκρῖτ-,μ
2941 5678 3789 5775 4539.3353313'7:rural“

2111 5749 2338 5828 Τριάδος
2369 5756 2513 5829 τρεῖς
2563 5749 2893 5828 θεωροῦνται
2934 5749 3271 5827 συνδυασμοὶ
3301 5749 3508 5832 καῖἐφδ
3538 5749 3789 5812 Eudemo
