4058 6216
246 347 364 414 489

972 357 1076 418 DE
1117 358 1180 419 S.
1227 357 1430 419 SPIB.
1477 352 2012 419 MYSTAGOGIA.
2066 387 2136 401 --
2179 351 2934 419 ANIMADVERSIONES

3537 363 3654 425 490

245 486 553 562 tivis,quas
601 489 848 562 propria
907 489 1200 554 dicuntur,
1235 490 1486 547 secernit
1512 490 1572 546 id
1613 489 1766 563 quod
1798 488 1901 546 uni
1929 491 1985 556 Α
2016 488 2488 558 municat,veluti
2511 507 2626 546 non
2649 507 2776 548 esse
2808 491 3042 560 Filium,
3071 509 3188 548 non
3217 507 3345 550 esse
3375 495 3660 566 genitum,

251 579 522 635 convenit
551 593 812 650 persona
843 582 900 634 et
930 579 1013 635 ita
1041 579 1091 635 ei
1123 585 1216 637 est
1241 582 1550 652 proprium,
1579 585 1646 636 ut
1695 583 1751 635 et
1779 593 1912 650 per-

251 684 462 724 sonam
507 669 850 734 constituat,
882 675 1060 742 atque
1115 669 1173 726 id
1228 673 1380 743 quod
1429 671 1656 726 duabus
1701 685 1912 726 conve-

252 759 343 813 nit
375 763 433 814 et
473 775 786 830 personam
845 761 1192 832 neutiquam
1252 759 1558 817 constituit
1614 759 1781 831 (67);
1834 762 1916 814 at-

254 865 371 920 que
413 864 747 906 consonans
792 850 1089 906 Scholario
1128 851 1315 922 docet,
1360 851 1646 922 posterius
1676 855 1734 906 et
1763 847 1915 922 [256]

260 936 453 992 tribus
483 937 751 1008 personis
787 953 1097 994 commune
1131 939 1268 1006 fore,
1304 940 1414 995 nisi
1457 941 1798 995 adversetur
1827 953 1916 992 ra-

254 1025 406 1082 tioni
439 1026 812 1098 hypostaseos
827 1029 1002 1084 unius
1031 1028 1146 1100 (68)
1175 1048 1189 1097 ;
1225 1029 1444 1100 spirare
1465 1029 1586 1085 sive
1603 1021 1923 1102 τὸπροϐἀλ-

258 1112 401 1184 λειν,
438 1117 597 1172 Patri
633 1117 888 1191 Filioque
920 1135 1250 1188 commune,
1283 1121 1413 1176 ideo
1444 1119 1686 1191 Spiritui
1719 1123 1916 1176 sancto

258 1221 576 1262 commune
605 1222 731 1263 esse
790 1225 906 1264 non
939 1225 1130 1280 posse,
1164 1209 1302 1281 quia
1349 1209 1560 1266 rationi
1604 1209 1808 1280 spirati
1857 1209 1913 1263 id

257 1298 569 1366 repugnat,
594 1294 732 1367 quia
761 1296 933 1353 simul
967 1297 1025 1352 in
1051 1298 1251 1354 eadem
1280 1299 1505 1354 actione
1524 1298 1669 1353 foret
1699 1299 1914 1370 produ-

258 1399 402 1440 cens
432 1387 492 1438 et
536 1385 912 1456 productum,
944 1387 1272 1458 producens
1316 1392 1373 1443 et
1401 1404 1518 1443 non
1568 1389 1915 1458 producens,

260 1472 408 1544 quia
437 1473 534 1528 sui
564 1472 749 1543 ipsius
779 1477 921 1530 tunc
953 1475 1112 1530 fieret
1142 1475 1520 1548 principium.

335 1562 428 1617 15.
492 1561 754 1618 Photiaui
805 1563 1113 1620 axiomatis
1170 1564 1488 1620 falsitatem
1547 1569 1920 1638 perspexerat

263 1647 392 1719 jam
425 1648 526 1704 diu
558 1647 724 1720 Hugo
755 1649 1121 1719 Etherianus,
1155 1650 1256 1722 qui
1286 1656 1344 1707 et
1373 1651 1516 1707 illud
1550 1656 1701 1708 recte
1731 1659 1916 1724 notat,

2021 577 2252 634 diﬂ‘erre
2282 597 2314 634 a
2346 579 2508 648 Filio,
2543 583 2600 636 et
2647 580 2760 636 alia
2800 581 3160 652 hujusmodi,
3192 599 3319 653 quas
3365 599 3480 639 non
3531 589 3670 641 sunt

2024 667 2396 739 hypostaticze
2429 667 2812 739 proprietates
2833 668 2946 724 sive
2969 670 3320 741 personales.
3346 671 3442 727 Hes
3465 686 3670 728 omnes

2023 755 2175 811 circa
2207 755 2594 812 substantiam
2628 756 3073 813 considerantur
3089 766 3143 813 et
3161 759 3524 831 singularem
3554 776 3669 816 non

2025 848 2164 899 sunt
2210 845 2425 899 sortitae
2481 860 2826 915 personam;
2877 861 3013 916 ergo
3073 849 3211 901 sunt
3268 849 3668 919 proprietates,

2027 949 2153 1004 quae
2212 949 2578 1006 nequaquam
2620 950 2999 1004 personarum
3031 933 3375 1004 insignia-v.3
3415 942 3668 995 sunt.....

2026 1022 2416 1086 Quamobrem
2475 1039 2590 1079 non
2648 1023 2804 1079 idem
2857 1028 2945 1081 est
2991 1025 3186 1081 habere
3219 1028 3585 1098 proprietates
3617 1030 3674 1082 et

2025 1113 2093 1166 ab
2117 1112 2306 1168 iisdem
2319 1113 2589 1184 insigniri
2602 1134 2621 1180 ,-
2638 1111 2832 1184 plures
2853 1114 3005 1170 enim
3022 1114 3324 1186 quodlibet
3345 1115 3676 1172 animalium

2027 1201 2411 1273 proprietates
2461 1202 2657 1270 habet,
2717 1219 2752 1257 a
2808 1202 2973 1259 nulla
3029 1220 3276 1275 quarum
3335 1205 3674 1276 insignitur.

2028 1291 2189 1345 Patet
2209 1290 2411 1363 igitur,
2429 1294 2494 1346 ut
2522 1291 2790 1356 arbitror,
2805 1291 3030 1347 nullum
3053 1292 3465 1350 inconveniens
3489 1295 3673 1366 sequi,

2026 1379 2076 1435 si
2111 1380 2275 1436 Pater
2297 1385 2354 1435 et
2389 1397 2520 1452 quas
2551 1395 2686 1437 cum
2717 1397 2783 1437 eo
2815 1382 2941 1436 duae
2976 1397 3235 1452 personas
3277 1387 3435 1452 sunt,
3468 1382 3681 1454 hujus-

2029 1469 2190 1524 modi
2205 1469 2509 1539 possident
2531 1469 2934 1542 proprietates,
2949 1487 3082 1527 cum
3099 1471 3375 1528 differens
3397 1472 3678 1528 habitudo

2029 1557 2509 1629 compositionem
2553 1575 2668 1614 non
2718 1559 2991 1616 adducat.
3030 1581 3059 1610 »
3102 1561 3238 1616 Item
3287 1565 3490 1617 contra
3517 1562 3683 1618 Nico-

2029 1649 2390 1703 medicnsem
2441 1648 2756 1704 antistitem
2799 1665 2865 1704 ex
2899 1649 3022 1719 pari
3072 1649 3294 1706 ratione
3339 1655 3681 1722 arguentem

263 1736 376 1792 sibi
408 1736 523 1809 ipsi
565 1740 964 1796 contradicere
1005 1740 1294 1808 Photium,
1326 1742 1468 1797 dum
1500 1759 1570 1798 ex
1609 1760 1726 1798 una
1758 1748 1918 1816 parte

2045 1737 2358 1809 l‘heologus
2417 1743 2617 1793 noster
2647 1737 2708 1806 (l.
2741 1755 2781 1806 ι,
2815 1754 2864 1793 c.
2899 1739 2990 1808 13,
3022 1755 3078 1810 p.
3124 1739 3284 1812 1207)
3324 1739 3682 1810 observarat,

268 1825 360 1896 (ut
392 1841 516 1896 cap.
549 1826 606 1898 3)
640 1828 1257 1900 agnoscit,commune
1287 1846 1412 1886 esse
1440 1830 1580 1887 Filio
1604 1835 1661 1886 et
1679 1813 1922 1904 Spiritui
1953 1813 1999 1879 Β
2031 1843 2346 1883 commune
2375 1843 2503 1883 esse
2533 1827 2690 1882 Patri
2723 1832 2781 1883 et
2813 1827 2977 1894 Filio,
3005 1845 3074 1884 ex
3103 1829 3298 1901 aliquo
3333 1847 3448 1886 non
3481 1847 3681 1902 proce-

263 1929 335 1970 ex
365 1914 540 1970 Patre
569 1931 720 1986 esse,
757 1933 823 1972 ex
856 1915 1039 1974 altera
1068 1934 1200 1974 vero
1245 1918 1334 1991 (ut
1363 1936 1489 1990 cap.
1520 1921 1576 1991 6)
1609 1921 1921 1990 contendit,

269 2017 402 2075 quae
457 2002 684 2059 duabus
743 2006 1004 2076 personis
1057 2008 1397 2064 communia
1445 2012 1605 2075 sunt,
1637 2013 1696 2065 et
1742 2009 1924 2064 tertias

267 2093 607 2148 convenire.
656 2093 752 2150 Ait
823 2093 979 2150 enim
1056 2095 1401 2152 Etherianus
1478 2097 1540 2170 (l.
1592 2115 1656 2163 ιι,
1725 2114 1772 2153 c.
1835 2098 1923 2167 18,

269 2197 325 2253 p.
363 2180 508 2236 1232
537 2181 608 2252 Η)
641 2197 656 2236 :
692 2204 720 2233 «
741 2184 812 2238 At
832 2199 964 2240 vero
987 2200 1119 2240 cum
1143 2201 1525 2258 quascunque
1545 2187 1926 2258 proprietates

265 2271 493 2328 habent
519 2272 656 2340 duo,
689 2276 747 2328 et
775 2275 1002 2342 tertius,
1029 2280 1092 2331 ut
1123 2279 1278 2332 retro
1311 2281 1698 2335 monstratum
1722 2281 1811 2334 est
1840 2279 1928 2350 (ex

267 2365 468 2418 mente
502 2361 734 2433 Photii).
767 2364 1080 2434 PrOpterea
1126 2364 1238 2422 hoc
1268 2365 1423 2423 idem
1467 2367 1609 2423 dicit
1639 2367 1926 2440 sophista,

263 2451 510 2508 sibimet
527 2451 789 2510 invenire
805 2454 1157 2526 contrarius,
1181 2471 1316 2512 cum
1349 2457 1503 2512 dicat
1530 2458 1765 2528 (cap.53
1780 2457 1926 2528 tim),

265 2540 534 2613 Spiritus
566 2543 623 2596 et
653 2540 783 2597 Filii
809 2558 1123 2600 commune
1154 2561 1301 2613 esse,
1336 2561 1450 2602 una
1470 2563 1537 2602 ex
1569 2563 1746 2603 causa
1767 2551 1823 2602 et
1845 2547 1932 2602 in-

267 2629 557 2686 divisibili
587 2629 801 2688 habere
839 2647 1232 2705 progressum.
1267 2635 1430 2698 Quod
1479 2635 1675 2707 utique
1714 2653 1932 2708 nequa-

269 2735 457 2791 quam
511 2719 669 2775 Patri
723 2722 953 2776 causam
1024 2739 1141 2779 non
1199 2723 1432 2780 habenti
1481 2726 1767 2782 convenit.
1817 2727 1929 2782 Sed

270 2809 814 2883 nequeTheologus
836 2811 1148 2885 Gregorius
1170 2817 1456 2870 consentit
1471 2815 1610 2872 huic
1631 2818 1930 2874 sententiae

267 2899 327 2955 in
381 2899 645 2970 quodam
691 2915 960 2958 sermone
997 2903 1070 2958 ad
1104 2905 1328 2959 lronam
1367 2907 1698 2979 (Heronem)
1741 2907 1931 2977 philo-

268 2988 551 3058 sOphum.
595 2989 942 3059 Commune,
978 2991 1184 3061 inquit,
1223 2993 1369 3048 Patri
1419 2995 1656 3065 quidem
1700 3000 1757 3050 et
1791 2996 1928 3054 Filio

270 3082 329 3133 et
371 3076 624 3149 Spiritui
655 3087 860 3135 sancto
908 3095 1023 3135 non
1071 3081 1214 3148 fieri,
1249 3081 1439 3137 Deitas
1477 3075 1748 3156 quoque;
1788 3085 1926 3142 Filio

2034 1917 2188 1983 dere,
2250 1933 2366 1972 non
2421 1932 2550 1972 esse
2598 1917 2876 1988 Spiritum
2931 1918 3206 1989 alicujus,
3249 1936 3353 1976 nec
3401 1921 3685 1993 Spiritum

2036 2010 2308 2062 sanctum
2367 2021 2514 2072 esse,
2559 2005 2772 2061 habere
2823 2006 3223 2064 habitudinem
3280 2009 3353 2064 ad
3415 2009 3686 2076 invicem,

2036 2093 2423 2150 characterem
2465 2093 2680 2150 habere
2726 2095 2796 2149 ad
2846 2094 3093 2152 invicem
3125 2113 3187 2153 se
3227 2097 3600 2170 respiciendi,
3631 2103 3688 2155 et

2038 2201 2274 2240 rursum
2305 2183 2602 2257 aequaliter
2639 2186 2960 2242 secundum
3002 2186 3399 2245 habitudinem
3432 2189 3503 2244 ad
3535 2188 3685 2245 invi-

2037 2291 2188 2344 cem,
2220 2278 2327 2331 etc.

2111 2364 2198 2422 16.
2230 2363 2420 2419 Aftine
2448 2363 2541 2419 his
2573 2364 2876 2435 principiis
2902 2372 2990 2422 est
3019 2366 3162 2422 illud
3196 2369 3414 2439 pariter
3444 2387 3476 2426 a
3507 2371 3684 2426 Becco

2039 2454 2206 2527 (orat.
2233 2453 2288 2520 2,
2323 2452 2474 2523 [258]
2516 2453 2587 2508 de
2617 2454 2841 2522 injusta
2869 2455 3068 2526 depos.
3100 2472 3153 2515 c.
3182 2457 3252 2511 24
3293 2461 3348 2514 et
3379 2459 3436 2514 in
3470 2461 3685 2517 Camat.

2038 2542 2237 2598 Anim.
2299 2541 2357 2596 G.
2404 2544 2470 2600 0.
2507 2541 2577 2611 ΙΙ,
2634 2544 2724 2609 ’75,
2771 2543 2901 2615 291)
2949 2545 3317 2617 castigatum,
3371 2547 3684 2603 videlicet:

2039 2631 2210 2685 Omne
2255 2628 2398 2701 quod
2443 2628 2508 2684 de
2561 2627 2767 2686 divini:
2811 2633 3062 2702 personis
3099 2631 3327 2700 dicitur,
3358 2639 3456 2689 aut
3499 2650 3694 2706 perso-

2037 2720 2168 2775 nate
2213 2722 2289 2774 est
2345 2720 2442 2772 aut
2491 2719 2747 2774 naturale
2793 2720 2915 2790 (πᾶν
2967 2719 3031 2773 τὸ
3074 2718 3159 2774 ἐπὶ
3220 2725 3327 2776 τῶν
3381 2723 3690 2800 θεαρχικῶν

2040 2803 2342 2882 λεγόμενον
2413 2805 2850 2876 ὑποστάσεων,ἢ
2914 2809 3273 2865 ὑποστατικόν
3331 2809 3442 2866 ἔστι
3501 2811 3536 2880 ἢ
3587 2834 3692 2889 φυ-

2041 2896 2233 2968 σικόν),
2255 2897 2409 2968 quod
2444 2898 2765 2968 praesertim
2797 2898 3072 2956 Nicolaus
3096 2900 3494 2959 Methonensis
3527 2911 3691 2975 urget

2037 2987 2110 3057 (c.
2134 2987 2188 3040 9.
2216 2987 2287 3042 ad
2319 3003 2443 3058 cap.
2463 2987 2534 3041 36
2565 2986 2752 3042 Pholii
2777 2991 2913 3043 nota
2933 2988 3008 3059 3).
3043 3011 3071 3039 «
3097 2989 3213 3045 Hoc
3242 2997 3685 3063 assumptum,»

2039 3075 2117 3130 ait
2156 3075 2374 3131 Beccus
2412 3075 2476 3147 (l.
2506 3091 2556 3131 o.
2604 3091 2660 3146 p.
2694 3077 2784 3141 75,
2832 3077 2946 3147 76),
2979 3100 3007 3127 «
3063 3079 3448 3136 communiter
3505 3081 3687 3136 multa

419 3134 438 3149 .
1201 3134 1214 3148 .
1249 3134 1278 3135 κ
1484 3134 1710 3156 in,"
1736 3134 1748 3152 ι
1789 3134 1923 3142 ----ν

269 3171 473 3222 autem
509 3170 567 3221 et
594 3173 794 3224 sancto
825 3167 1068 3240 Spiritui
1101 3185 1228 3225 esse
1259 3187 1326 3225 ex
1359 3171 1540 3228 Patre.
1574 3174 1926 3244 Secundum,

2045 3164 2282 3219 Patrum
2315 3134 2463 3218 dicta
2489 3134 2838 3233 conirellunt,
2857 3134 3073 3236 quibus
3095 3134 3475 3238 proprietates
3503 3134 3686 3241 sm;

265 3255 764 3327 quemadmodum
786 3257 1037 3328 Spiritus
1058 3274 1126 3314 ex
1139 3257 1305 3315 Patre
1319 3259 1935 3335 Filioqueprogressio,

272 3344 602 3415 proprietas
655 3349 764 3412 est,
799 3362 901 3401 nec
959 3346 1079 3403 ulla
1130 3347 1282 3417 cOgit
1339 3349 1507 3420 ratio,
1547 3351 1726 3408 trium
1784 3369 1934 3422 esse,

279 3435 424 3504 quia
471 3433 726 3489 duorum
787 3439 877 3490 est
920 3437 1264 3506 proprietas.
1296 3458 1324 3488 »
1367 3437 1447 3493 De
1499 3438 1608 3495 hac
1640 3442 1767 3511 ipsa
1815 3458 1939 3497 ma-

282 3523 431 3578 teria
479 3523 632 3595 [257]
691 3524 841 3580 idem
911 3530 1115 3581 auctor
1169 3526 1296 3596 jam
1359 3531 1528 3584 antea
1585 3529 1942 3588 disseruerat

287 3613 353 3684 (l.
388 3629 430 3681 ι,
465 3629 517 3668 c.
570 3612 656 3680 12,
701 3629 756 3684 p.
810 3613 968 3681 1205,
1003 3614 1188 3682 1206;
1240 3631 1291 3670 c.
1346 3617 1434 3684 16,
1469 3634 1522 3686 p.
1569 3619 1750 3689 1210;
1801 3621 1839 3676 l.
1875 3638 1937 3677 ιι.

288 3717 420 3773 cap.
452 3701 508 3767 3,
541 3717 598 3771 p.
633 3701 816 3773 1217).
848 3705 914 3757 Et
939 3701 997 3758 in
1039 3703 1218 3774 priori
1250 3708 1404 3760 textu
1450 3706 1530 3777 (p.
1566 3707 1703 3763 1205
1741 3711 1887 3782 seq.)
1923 3727 1938 3767 :

283 3813 312 3841 «
357 3792 522 3858 Quod
551 3791 660 3846 erit
689 3789 1125 3858 inconveniens,
1159 3793 1372 3866 inquit,
1407 3799 1672 3866 personis
1705 3815 1942 3868 prorsus

281 3878 770 3952 inseparabiliter
809 3884 1337 3952 commanentibus,
1371 3885 1793 3956 proprietatum
1835 3889 1940 3944 ali-

281 3985 467 4042 quam
501 3967 633 4024 Filii
675 3968 932 4027 Patrisve
981 3987 1354 4029 communem
1397 3977 1564 4031 esse?
1590 3977 1717 4034 Non
1749 3979 1943 4035 omnis

283 4057 611 4130 proprietas
640 4075 950 4130 personam
997 4060 1387 4120 describit.....
1421 4066 1774 4136 Proprietas,
1813 4084 1940 4139 qua:

287 4164 469 4206 causa
525 4152 898 4219 nuncupatur
944 4149 1066 4206 sive
1114 4150 1490 4224 principium,
1524 4155 1776 4226 alicuius
1808 4173 1940 4228 per-

287 4254 449 4294 sona:
484 4236 728 4293 minime
755 4237 1081 4309 insignitan
1111 4243 1218 4307 est,
1242 4241 1396 4297 sicut
1417 4248 1474 4298 et
1503 4246 1771 4315 quasdam
1792 4245 1941 4318 aliae,

295 4331 360 4382 ut
391 4325 746 4398 ingenitum,
772 4328 899 4382 sine
928 4343 1107 4384 causa
1135 4344 1285 4396 esse,
1318 4331 1444 4386 sine
1476 4332 1763 4405 principio
1794 4351 1941 4404 esse,

2045 3253 2262 3309 statim
2309 3252 2652 3308 naturaliter
2707 3254 3000 3330 (φυσικῶς)
3059 3255 3371 3328 unicuique
3427 3273 3686 3329 persona

2045 3343 2239 3400 inesse
2269 3343 2767 3398 demonstrantur.
2801 3348 2996 3414 Neque
3025 3345 3180 3401 enim
3211 3347 3364 3416 quod
3401 3346 3532 3404 talis
3563 3364 3691 3419 pro-

2049 3432 2259 3504 prietas
2291 3431 2650 3504 hypostatica
2679 3437 2772 3488 est
2800 3433 2957 3488 Patri
2989 3439 3092 3490 aut
3126 3435 3265 3491 Filio
3312 3440 3415 3491 aut
3451 3437 3692 3509 Spiritui

2048 3525 2271 3590 sancto,
2309 3526 2607 3593 propterea
2656 3521 2940 3578 naturalis
2973 3540 3086 3579 non
3137 3529 3265 3593 est;
3299 3529 3508 3582 natura
3537 3526 3693 3583 enim

2049 3615 2108 3668 et
2163 3627 2277 3667 non
2337 3611 2625 3682 positione
2655 3608 2832 3688 (φύσει
2857 3610 2985 3686 γὰρ,
3017 3612 3105 3666 καὶ
3159 3612 3290 3687 οὐχὶ
3336 3613 3499 3688 Θέσει)
3534 3617 3700 3672 Pater

2049 3703 2223 3757 Pater
2250 3704 2356 3766 est,
2383 3716 2506 3770 quae
2538 3705 2628 3755 est
2666 3717 2902 3756 suarum
2935 3702 3357 3774 proprietatum
3389 3706 3616 3775 prima;
3647 3713 3702 3762 et

2053 3794 2257 3845 natura
2287 3793 2376 3844 est
2417 3787 2598 3843 Filius
2634 3788 2838 3856 Filius,
2871 3794 2928 3844 et
2958 3807 3073 3846 non
3105 3791 3414 3861 positione,
3448 3810 3576 3864 qua:
3615 3798 3704 3850 est

2051 3893 2291 3934 suarum
2307 3876 2732 3948 proprietatum
2753 3878 3055 3948 potissima
3079 3899 3093 3948 ;
3119 3884 3175 3935 et
3196 3881 3447 3952 Spiritus
3464 3888 3703 3938 sanctus

2054 3963 2398 4020 naturaliter
2427 3979 2493 4018 ex
2512 3963 2681 4018 Patre
2704 3965 2982 4034 procedit,
3010 3971 3067 4021 et
3089 3967 3418 4036 processiva
3441 3968 3498 4039 (ἡ
3532 3965 3702 4022 ἐκπο-

2052 4051 2298 4123 ρευτική)
2329 4067 2447 4106 suae
2497 4050 2825 4122 hypostasis
2857 4053 3178 4123 proprietas
3221 4055 3563 4110 naturaliter
3594 4054 3707 4112 soli

2052 4141 2209 4197 illius
2238 4140 2720 4212 hypostasiinest.
2745 4140 3373 4214 Proptereadicendum
3393 4159 3508 4200 non
3540 4149 3664 4201 erat
3689 4161 3702 4200 :

2052 4230 2341 4301 Quidquid
2371 4231 2441 4286 de
2503 4231 2718 4287 divinis
2761 4230 2972 4287 dicitur
3017 4231 3456 4304 hypostasibus,
3487 4241 3586 4290 aut
3615 4239 3707 4291 est

2056 4319 2490 4394 hypostaticum
2517 4320 2638 4377 sive
2654 4323 2953 4394 proprium
2975 4327 3075 4379 aut
3087 4323 3370 4380 naturale.
3386 4326 3708 4382 Commune

293 4415 593 4482 emittere,
628 4415 756 4471 sine
785 4417 954 4472 Patre
985 4433 1136 4485 esse,
1171 4433 1284 4474 non
1323 4434 1452 4476 esse
1491 4420 1774 4490 Spiritum
1808 4441 1932 4479 san-

2056 4411 2211 4467 enim
2242 4408 2467 4482 (κοινόν)
2499 4410 2903 4483 hypostaticis,
2935 4428 3048 4468 non
3082 4412 3347 4469 naturale
3364 4414 3702 4484 opponitur.

286 4510 474 4571 ctum,
535 4521 652 4561 non
719 4520 845 4561 esse
922 4507 1319 4579 processibus,
1379 4507 1595 4566 habere
1667 4514 1948 4585 spiritum
1979 4501 2019 4510 ”
2060 4501 2244 4557 Simul
2273 4501 2429 4558 enim
2449 4506 2504 4558 et
2526 4501 2862 4558 communia
2887 4507 2944 4558 et
2973 4503 3332 4576 hypostatica
3362 4503 3708 4560 naturaliter

283 4598 589 4657 sanctum,
648 4593 880 4650 mittere
927 4595 1203 4666 Spiritum
1244 4604 1534 4653 sanctum,
1578 4601 1765 4666 Quare
1823 4602 1948 4675 p16-
2060 4589 2276 4646 divinis
2297 4589 2715 4662 hypostasibus
2745 4590 2971 4654 insunt,
2996 4595 3052 4646 ct
3072 4591 3218 4646 nihil
3249 4593 3404 4662 quod
3436 4598 3525 4648 est
3555 4592 3705 4664 posi-

289 4701 476 4757 raque
506 4685 652 4742 Filio
684 4685 848 4742 Pater
888 4689 1281 4745 communicat
1317 4707 1328 4756 ;
1365 4689 1636 4748 similiter
1664 4695 1948 4764 quasdam
2061 4678 2216 4734 ίίοηθ
2259 4682 2314 4734 et
2363 4684 2699 4764 θκῖτθβθυῐη
2745 4683 2804 4735 εί
2850 4681 3171 4734 secundum
3217 4681 3489 4764 εορίᾶθηε
3515 4677 3706 4752 (μηδὲν

291 4777 473 4834 habet
515 4776 900 4848 proprietates
945 4782 1002 4835 et
1049 4779 1254 4850 Filius,
1288 4797 1413 4853 quas
1454 4760 1801 4856 insignitivaa
1833 4804 1932 4842 nor

2057 4769 2166 4820 τῶν
2200 4764 2340 4820 θέσει
2382 4764 2472 4820 καὶ
2511 4760 2701 4836 ἔξωθεν
2753 4766 2842 4821 καὶ
2873 4766 3008 4820 κατὰ
3058 4766 3120 4822 τὸ
3150 4761 3498 4840 συμϐεϐηκὸς
3532 4770 3708 4845 ὑπαρ-

291 4871 455 4924 sunt.
512 4866 701 4931 Quare
759 4868 1045 4938 quasdam
1123 4869 1361 4940 Spiritui
1421 4854 1828 4942 οοωιξιυηίοαι,
1890 4881 1953 4933 ιη
2059 4854 2296 4931 χόντων)
2329 4855 2520 4912 locum
2552 4857 2610 4911 in
2637 4856 2755 4912 illis
2797 4857 2988 4914 habet.
3023 4879 3052 4907 ››
3082 4857 3209 4914 Non
3240 4858 3404 4916 aliter
3443 4864 3708 4918 statuunt

293 4955 662 5012 causativum
720 4953 1033 5027 (αἰτιατόν),
1088 4973 1207 5014 non
1265 4974 1391 5015 esse
1449 4963 1794 5030 anarchum,
1836 4981 1950 5023 non

291 5062 418 5104 esse
479 5044 734 5116 Patrem,
763 5050 822 5102 et
871 5045 986 5102 alia
1031 5046 1122 5102 his
1173 5047 1412 5104 similia.
1453 5051 1625 5107 Juxta
1679 5054 1950 5111 eumdem

295 5137 542 5193 modum
576 5141 629 5191 et
659 5134 909 5207 Spiritus
939 5135 1170 5207 aliquas
1201 5135 1399 5209 habet,
1424 5157 1572 5211 quas
1603 5141 1769 5199 Pater
1799 5161 1952 5202 com-

360 5253 483 5326 (67)
513 5250 662 5329 Ibid_.
696 5252 736 5308 ἰ.
792 5252 901 5306 227
932 5253 1038 5329 b._:
1097 5256 1231 5329 Tritia
1259 5249 1317 5308 δὲ
1367 5253 1509 5329 θ-ἐσιν
1546 5259 1950 5329 Δσημαινόντιιυν

297 5323 689 5398 (προσωπικῶν
723 5323 1149 5450 γνωρισμάτωνέ
1180 5325 1319 5380 εἶναι
1355 5327 1449 5400 μὲν
1480 5328 1509 5382 ’ὀ
1541 5323 1752 5386 ἐνίῖτινι
1782 5353 1951 5422 προσ-

299 5395 433 5450 ώπω
475 5387 761 5450 συμϐαίνει
789 5395 879 5449 καὶ
923 5393 1086 5450 αὐτοῦ
1145 5417 1260 5450 στιν
1305 5395 1475 5450 'i8mv-
1509 5399 1652 5450 οὕτω
1692 5423 1749 5450 τε
1781 5403 1929 5450 ’ἰσων

299 5387 433 5478 iiii-rm
475 5387 761 5478 ςυιξϐαίνρί
789 5387 879 5449 κάὶ
923 5387 1086 5478 ciu-105
1117 5387 1260 5478 έρτιν
1305 5387 1476 5469 Ἰξιον,
1509 5399 1652 5455 οὕτω
1692 5423 1749 5458 τε
1781 5387 1948 5478 ⁷ίέιον,

300 5467 367 5535 ᾡς
397 5464 494 5546 ita}
523 5464 588 5546 ’έρ
619 5464 914 5546 πρόσωπον
965 5467 1277 5546 ὖφιᾳῖάνειν-
1308 5488 1347 5546 ’Δ
1375 5464 1784 5546 ὡς’πματρᾴτης,
1829 5464 1952 5532 υἱόί.

301 5559 416 5622 ἵης,
448 5536 814 5622 ἐκπηόρευσιςι·
842 5537 988 5622 ,εἶναι
1009 5536 1078 5622 '3"
1109 5540 1138 5594 ὃ
1191 5540 1282 5622 agi
1323 5537 1471 5622 δυσξν
1504 5536 1729 5622 ἁρμόζει
1773 5536 1952 5622 5:99a—

301 5605 496 5687 ῴὲτὸις,
532 5605 810 5687 ὥὸςπερμτρ
840 5610 1168 5687 ἐκτεορεύειν,
1199 5609 1346 5687 ’ίδιέον
1393 5615 1510 5687 μὲν,
1529 5605 1835 5674 iob-Bue?)
1865 5619 1949 5687 ὃν,

309 5679 511 5757 Πατρὸς
541 5679 634 5735 καὶ
684 5679 833 5750 Υἱοῢ,
887 5679 994 5756 οὐχ
1041 5679 1187 5738 οὕτω
1232 5679 1415 5759 μέντοι
1459 5682 1625 5758 *ἱδιον,
1675 5688 1813 5747 ὥστε
1859 5679 1948 5748 mi

585 5783 858 5846 ΡΑτιιοι..
900 5786 1016 5847 Gs.
1063 5785 1192 5849 CII.

2061 4945 2476 5004 Constantinus
2498 4945 2843 5002 Metiteniota
2874 4945 3108 5017 (orat.2,
3131 4948 3196 5004 de
3218 4949 3470 5022 proc.Sp.
3501 4954 3704 5020 sancti,

2061 5051 2108 5093 c.
2143 5037 2213 5090 39
2238 5051 2252 5103 ;
2286 5037 2344 5093 G.
2380 5035 2445 5090 Ο.
2474 5034 2542 5096 ΙΙ,
2563 5035 2687 5101 899,
2707 5035 2834 5107 900)
2857 5036 3114 5108 quidque
3145 5054 3277 5094 cum
3304 5055 3499 5110 presse
3521 5041 3708 5111 sequi-

2063 5129 2158 5180 tur
2189 5125 2298 5180 Leo
2331 5123 2578 5186 Allatius
2599 5123 2834 5194 (Vindic.
2864 5141 2989 5197 syn.
3021 5126 3216 5198 Ephcs.
3241 5129 3446 5200 p.361;
3481 5130 3703 5186 Enchir.

2063 5267 2355 5343 πρόίσξυτῑρν
2382 5265 2711 5343 aestivar-

2275 5337 2514 5414 Ibid.'_f.
2564 5340 2756 5414 _a.
2788 5338 2919 5414 Περὶ
2953 5337 3026 5414 Δδὲ
3074 5345 3174 5394 τοῦ
3220 5345 3315 5396 τοῦ
3365 5337 3702 5414 προϐάλλειν

2065 5407 2388 5484 ἰδιώματος,
2435 5410 2510 5484 ᾡς
2539 5410 2584 5464 εἰ
2639 5410 2715 5484 μὴ
2747 5409 2811 5465 τὸ
2855 5407 3148 5484 ¹ἐιρὸσωιπιὶν
3193 5407 3416 5484 συνιστᾷ
3451 5417 3547 5468 τοῦ
3602 5420 3706 5468 Πα-

2061 5479 2422 5559 τρὸςλκοινὸν
2455 5479 2600 5559 ἔᾳται
2631 5479 2721 5559 acti
2746 5486 2830 5559 sip
2859 5479 2968 5556 Υἱῷ
2990 5503 3013 5559 _°
3047 5483 3195 5554 πλὴν
3238 5485 3340 5559 γὰρ
3373 5479 3504 5559 ἑῶν-ι
3526 5504 3702 5559 προς-

2063 5551 2282 5624 ώπικῷν
2318 5551 2607 5624 ἷδιοτήτων
2634 5551 2816 5610 τᾶλλά
2861 5551 3015 5610 κοινὰ
3045 5551 3204 5624 πᾶσιν
3235 5551 3367 5610 sic-iv
3401 5576 3414 5589 ·
3465 5551 3594 5608 die?
3633 5555 3702 5622 ἦν

2063 5624 2123 5703 ᾂν
2151 5623 2242 5703 aui
2271 5628 2350 5703 τῷ
2383 5621 2652 5703 ῌνείἷιμαςι
2673 5625 2874 5703 Δκοινὸν
2914 5628 2976 5682 τὸ
3024 5621 3388 5703 προϐάλλειν,
3421 5625 3464 5681 εἰ
3497 5627 3573 5698 μή
3622 5621 3701 5699 τῷ

2060 5693 2196 5752 ἒκείν
2206 5715 2267 5750 ου
2297 5693 2588 5754 diarium-ts
2619 5694 2793 5776 λόγῳ.

3351 5800 3425 5860 16
