4058 6216
287 421 402 482 491

1485 395 1750 459 PHOTll
1794 391 2324 455 PATRIARCHE
2365 389 2482 450 ΟΡ.

3565 387 3686 447 492

282 557 321 611 l.
355 572 405 610 c.
430 570 485 624 p.
507 550 647 626 ροβ’,
681 549 842 623 ρογ’).
876 545 987 601 Sed
1019 537 1305 613 ejusmodi
1335 531 1633 626 responsio
1663 547 1778 626 non
1816 545 1922 602 pe—
1953 533 2004 599 Α
2038 528 2315 626 diximus,
2343 526 2635 626 necetiam
2667 524 3240 626 incommuuicabitis
3257 525 3687 626 alt_F'ilio,cum

283 644 436 699 nitus
465 624 803 697 satisfacere
842 635 1092 690 videtur.
1127 629 1337 684 Verum
1386 624 1616 696 quidem
1656 625 1764 690 est,
1799 636 1925 692 quae

281 729 649 804 hypostatica
677 731 834 794 sunt,
865 740 933 780 ea
978 717 1269 777 naturalia
1303 715 1555 787 quodam
1607 727 1780 768 sensu
1813 707 1927 808 dici

280 836 475 894 posse,
509 821 800 892 quatenus
831 830 946 869 non
988 812 1126 866 sunt
1167 823 1235 863 ex
1265 804 1581 868 accidente,
1612 817 1680 857 ex
1711 804 1924 899 astrin-

281 925 434 975 seco,
454 914 741 978 quatenus
765 922 798 960 a
827 910 1035 958 natura
1059 899 1180 970 ipsa
1203 897 1456 967 pendent
1473 899 1526 946 et
1549 897 1808 962 personis
1840 901 1926 978 re-

279 975 628 1070 duplicative
651 993 899 1064 sumptis
913 983 1645 1050 suntessentiatia;verum
1677 984 1817 1034 tunc
1838 975 1926 1032 la-

278 1089 416 1144 tiori
443 1103 604 1143 sensu
637 1087 720 1140 ita
741 1087 1179 1145 vocantur,non
1203 1074 1611 1143 stricto,prout
1632 1084 1790 1124 nunc
1819 1083 1923 1138 op—

273 1177 580 1248 positionis
612 1173 761 1230 ratio
802 1172 1031 1226 videtur
1071 1167 1317 1238 exigere.
1349 1163 1717 1231 Interrogant
1745 1157 1920 1248 etiam

273 1245 582 1323 axiomatis
630 1263 789 1319 illius
834 1263 1172 1321 assertores,
1211 1253 1360 1325 [259]
1393 1249 1637 1307 Allatius
1667 1245 1918 1320 (Enchir.

271 1374 392 1432 κεφ.
429 1354 512 1423 ιζ’,
546 1371 602 1426 p.
633 1353 726 1423 95)
757 1349 972 1421 aliique
1014 1363 1026 1402 :
1069 1363 1142 1402 an
1193 1342 1434 1398 Trinitas
1464 1336 1807 1432 sit_<pu_etxo'v
1849 1352 1921 1390 an

278 1427 635 1498 ὑπόστατικόν
694 1460 745 1493 τι
799 1439 893 1508 (de
940 1452 1057 1506 qua
1105 1433 1426 1506 quaestione
1480 1427 1612 1484 vide
1636 1427 1922 1482 Thomam

276 1550 332 1605 q.
365 1535 457 1601 31,
487 1551 541 1590 a.
583 1532 634 1599 1,
667 1531 738 1585 ad
770 1528 848 1599 1),
882 1533 1080 1582 utrum
1123 1534 1372 1594 personas
1406 1533 1619 1574 nomen
1650 1516 1926 1605 censeant

274 1604 542 1679 naturale
572 1636 646 1675 an
678 1614 982 1690 personale
1004 1613 1100 1683 (de
1131 1627 1246 1684 qua
1265 1609 1586 1682 quaestione
1615 1604 1744 1660 vide
1765 1619 1925 1659 eum-

271 1711 426 1778 dem,
459 1726 516 1780 q.
551 1709 645 1778 30,
668 1724 719 1762 a.
749 1707 835 1778 4);
871 1721 936 1760 ac
971 1701 1152 1772 premi
1185 1698 1392 1757 exinde
1440 1711 1578 1753 sane
1608 1691 1924 1750 adversarii

273 1802 552 1868 possunt:
570 1797 627 1852 Si
646 1810 936 1867 personam
959 1789 1213 1847 dixerint
1234 1803 1446 1844 nomen
1469 1783 1920 1858 hypostaticum,

2036 617 2301 674 ﬁliationi
2334 617 2567 673 relative
2599 633 2711 672 non
2744 619 3092 688 opponatur,
3126 615 3198 672 ad
3241 615 3680 674 distinctionem

2037 711 2230 762 tamen
2262 724 2296 763 a
2321 707 2541 780 Spiritu
2565 710 2763 762 sancto
2793 710 2852 762 et
2879 705 3336 762 notiﬁcationem
3369 705 3685 778 utriusque

2034 812 2294 868 personae
2325 797 2599 868 pertinet.
2631 817 2661 846 ››

2109 887 2194 940 17.
2224 890 2525 943 Postremo
2557 891 2614 941 et
2634 885 2745 941 hoc
2773 885 3034 942 solemne
3068 884 3266 944 Photio
3295 891 3350 943 et
3383 885 3688 943 Photianis

2035 974 2273 1030 effatum
2331 984 2416 1031 est
2449 991 2463 1032 :
2501 976 2562 1032 Ut
2619 974 2816 1046 Filius,
2849 974 2930 1031 ita
2977 974 3216 1046 Spiritus
3273 980 3351 1031 est
3405 991 3476 1032 ea:
3520 976 3690 1033 Patre

2033 1069 2286 1135 proxime
2339 1069 2394 1120 et
2479 1064 2794 1120 immediate
2869 1060 3110 1135 (ἀμέσως
3173 1063 3262 1117 καὶ
3343 1066 3688 1138 προσεχῶς),

2036 1154 2196 1210 nullo
2243 1155 2430 1211 medio
2481 1155 2790 1212 exsistente
2822 1155 3010 1226 (Phot.
3045 1171 3173 1227 cap.
3204 1155 3295 1225 62,
3344 1155 3528 1211 Nicol.
3561 1155 3690 1212 Me-

2035 1244 2196 1300 thon.
2247 1260 2296 1301 c.
2333 1245 2446 1314 22).
2489 1248 2680 1316 Atque
2726 1243 2864 1301 hinc
2921 1244 2983 1300 ln
3031 1245 3261 1300 Latinos
3305 1244 3684 1314 invehuntur,

2035 1335 2190 1406 quod
2240 1335 2468 1390 Patrem
2520 1335 2732 1390 faciant
2767 1333 3022 1406 Spiritus
3079 1333 3430 1407 principium
3495 1333 3682 1390 simul

2033 1423 2363 1493 proximum
2407 1427 2464 1480 et
2515 1427 2803 1480 remotum
2839 1440 2853 1492 ;
2895 1423 3250 1495 proximum,
3285 1430 3447 1494 prout
3485 1429 3570 1480 est
3607 1438 3686 1479 ex

2033 1514 2201 1570 Patre
2230 1513 2483 1585 Spiritus
2515 1513 2870 1582 immediate,
2894 1518 3184 1569 remotum
3220 1528 3370 1579 vero,
3401 1518 3570 1584 prout
3590 1516 3690 1569 est.

2033 1621 2103 1660 ex
2133 1604 2297 1672 Filio,
2328 1605 2428 1676 qui
2450 1603 2628 1660 habet
2655 1620 2782 1660 esse
2810 1621 2842 1660 a
2867 1604 3050 1660 Patre.
3085 1603 3194 1659 Alii
3215 1603 3408 1660 adhuc
3429 1603 3688 1675 iniquio-

2035 1705 2126 1745 res
2157 1690 2546 1761 praetendunt,
2581 1689 2861 1760 Spiritum
2894 1687 2978 1745 ita
3007 1688 3247 1745 mediate
3266 1705 3335 1744 ex
3363 1688 3529 1745 Patre
3555 1703 3686 1746 esse

2033 1779 2188 1850 apud
2237 1777 2495 1846 Latinos,
2539 1783 2603 1834 ut
2649 1794 2846 1834 revera
2902 1777 3140 1834 nonnisi
3185 1793 3254 1833 ex
3295 1777 3438 1834 Filio
3488 1777 3583 1846 sit,
3614 1795 3692 1835 ex

270 1857 337 1943 ex
366 1903 571 1943 eorum
604 1857 894 1942 sententia
924 1880 1307 1954 personalitas
1338 1875 1440 1932 uni
1475 1857 1703 1930 tantum
1735 1886 1805 1926 ex
1825 1870 1927 1926 tri-
1955 1857 2003 1923 Β
2036 1868 2200 1924 Patre
2232 1884 2364 1924 vero
2396 1867 2792 1936 solummodo,
2827 1873 3004 1939 prout
3032 1872 3122 1924 est
3164 1867 3296 1923 Filii
3330 1868 3689 1940 principium

267 1976 380 2033 bus
427 1979 739 2048 competet;
789 1974 836 2030 si
886 1969 1132 2047 φυσικὸν,
1185 1983 1437 2040 persona
1487 1973 1538 2021 et
1591 1966 1802 2018 natura
1861 1959 1922 2014 in

274 2083 461 2122 unum
494 2065 702 2121 collabi
750 2064 1141 2127 videbuntur;
1175 2073 1432 2130 persona:
1475 2068 1710 2115 nomen,
1743 2057 1806 2105 ut
1844 2048 1925 2104 ait

267 2156 518 2212 Thomas
549 2154 611 2226 (l.
647 2156 742 2223 0.),
777 2166 1089 2208 commune
1126 2154 1217 2206 est
1249 2146 1438 2202 tribus
1469 2140 1734 2216 personis
1765 2153 1921 2195 com-

271 2244 559 2302 munitate
577 2243 843 2308 rationis,
876 2257 992 2297 non
1027 2239 1126 2296 rei.
1151 2239 1231 2293 Ex
1256 2236 1348 2292 his
1376 2233 1621 2304 aliisque
1636 2227 1924 2301 ejusmodi

282 2333 552 2392 Photiani
603 2331 1033 2404 deprehendere
1108 2329 1372 2400 possunt,
1425 2337 1678 2394 quonam
1758 2321 1924 2390 pacto

285 2427 513 2483 axioma
542 2423 689 2481 illud
722 2420 1002 2478 afﬁrmari
1043 2422 1220 2491 queat
1265 2417 1395 2487 (69).
1429 2414 1492 2470 Si
1536 2411 1677 2467 illud
1709 2412 1878 2466 sonat
1909 2421 1923 2462 :

282 2515 467 2571 Omne
496 2512 648 2585 quod
688 2511 748 2566 in
778 2510 1063 2566 Trinitatc
1093 2504 1431 2578 percipitur,
1463 2505 1563 2556 aut
1590 2499 1800 2554 divinae
1839 2511 1927 2585 es-

278 2603 482 2660 sentia
511 2583 601 2659 est
625 2605 724 2657 aut
754 2601 919 2655 unius
947 2609 1197 2669 personae
1225 2598 1478 2657 tantum,
1500 2594 1639 2646 tunc
1671 2583 1927 2643 refundi-

282 2699 380 2749 tur
408 2693 468 2749 in
501 2691 758 2764 primum
791 2688 1073 2760 illudjam
1099 2685 1410 2740 refutatum
1435 2681 1484 2751 (§
1508 2681 1592 2749 12)
1615 2677 1854 2732 effatum
1869 2679 1928 2731 et

279 2797 411 2838 cum
443 2797 510 2838 eo
541 2780 718 2836 cadit.
751 2778 810 2834 Si
838 2791 969 2833 vero
999 2782 1202 2831 sonat:
1235 2770 1522 2842 Quidquid
1557 2767 1618 2823 in
1649 2765 1928 2821 Trinitate

287 2870 660 2943 intelligitur,
693 2871 793 2923 aut
824 2865 1148 2923 secundum
1182 2859 1714 2923 substantiam,aut
1734 2857 1804 2910 ad
1827 2853 1929 2909 ali-

293 2961 432 3032 quid
463 2959 696 3026 dicitur,
726 2958 845 3013 sive
866 2961 967 3011 aut
987 2951 1324 3010 absolutum
1355 2952 1456 3004 aut
1485 2944 1788 3002 relativum
1811 2947 1922 3012 est,

277 3050 400 3107 sive
430 3049 663 3106 demum
697 3064 712 3103 :
746 3051 847 3103 aut
875 3046 944 3101 ad
993 3043 1309 3101 essentiam
1341 3041 1562 3113 spectat
1580 3043 1678 3093 aut
1707 3035 1776 3090 ad
1803 3051 1923 3107 per-

275 3155 458 3210 sonas,
492 3140 706 3210 poterit
734 3137 818 3192 eis
839 3133 1120 3240 permitti.
1147 3132 1304 3240 Sane
1317 3127 1613 3240 quidquid
1646 3126 1703 3240 iu
1735 3121 1927 3240 Trini;
1955 3172 1998 3240 Ε

277 3233 394 3285 tate
422 3228 843 3293 consideratur,
876 3223 966 3283 vel
1010 3223 1082 3278 ad
1113 3220 1430 3278 essentiam
1457 3215 1703 3288 pertinet
1732 3211 1817 3268 vel
1854 3210 1925 3266 ad

273 3335 535 3393 personas
559 3336 581 3383 ;
612 3319 709 3374 sed
745 3333 860 3373 non
893 3328 1066 3371 omne
1091 3312 1246 3383 quod
1279 3309 1350 3365 ad
1383 3305 1687 3364 essentiam
1715 3319 1820 3359 ceu
1850 3305 1930 3356 ta-

277 3409 392 3466 lem
418 3425 530 3464 non
564 3407 834 3478 pertinet,
860 3405 988 3458 ideo
1015 3409 1100 3457 est
1125 3399 1426 3471 proprium
1447 3396 1619 3451 unius
1641 3407 1920 3464 personae.

280 3497 559 3553 Praeterea
597 3499 803 3550 notant
834 3490 1088 3561 theologi
1121 3505 1251 3544 cum
1285 3487 1342 3542 S.
1386 3485 1609 3540 Thoma
1640 3484 1721 3554 (q.
1755 3481 1842 3550 41,
1872 3497 1926 3536 a.

282 3587 334 3652 1,
368 3586 438 3639 ad
466 3584 543 3656 1),
572 3580 888 3638 notionales
918 3583 1107 3645 actus,
1130 3576 1280 3646 quia
1299 3586 1682 3645 personarum
1704 3569 1927 3625 relatio-

283 3673 460 3728 nibus
489 3671 765 3726 ditl‘erunt
786 3667 1110 3723 secundum
1136 3664 1377 3719 modum
1411 3659 1784 3732 significandi
1805 3664 1930 3713 tan-

281 3766 432 3829 tum,
462 3774 661 3815 revera
685 3758 922 3815 omnino
965 3759 1104 3810 sunt
1133 3754 1310 3817 idem,
1342 3750 1626 3822 distingui
1658 3748 1866 3804 merito
1896 3765 1931 3805 a

279 3848 689 3921 personalibus
715 3864 730 3916 ;
763 3861 889 3903 eam
922 3842 1290 3910 divisionem,
1323 3857 1438 3912 qua
1467 3839 1680 3895 dicitur
1711 3855 1724 3893 :
1753 3837 1929 3904 Quid-

282 3939 422 4013 quid
455 3938 516 3993 in
548 3936 764 3993 divinis
795 3942 902 4005 est,
925 3933 1012 3989 vel
1035 3937 1124 3989 est
1160 3932 1417 3988 essentia
1448 3929 1532 3986 vel
1564 3944 1814 4000 persona
1843 3926 1930 3983 vel

277 4030 446 4097 notio,
470 4042 674 4084 omnes
703 4024 1020 4082 admittunt
1048 4022 1147 4094 (cf.
1184 4020 1337 4077 Sum.
1379 4037 1435 4093 q.
1473 4020 1561 4087 43,
1595 4037 1648 4075 a.
1679 4020 1731 4073 3.
1764 4018 1833 4074 ad
1878 4016 1928 4088 1)

287 4124 343 4175 et
372 4133 512 4174 sane
533 4132 600 4173 ea
622 4118 891 4172 accurata
913 4113 1304 4184 undequaque
1325 4116 1434 4167 est.
1451 4111 1596 4164 Hinc
1617 4107 1930 4178 objectioni

287 4209 373 4264 illi
404 4207 552 4280 [260]
589 4222 600 4260 :
636 4227 664 4257 «
700 4203 997 4260 Productio
1024 4202 1276 4273 Spiritus
1305 4199 1491 4256 sancti
1512 4198 1706 4254 activa
1727 4201 1828 4253 aut
1842 4199 1933 4252 est

286 4295 613 4370 personalis
635 4297 737 4350 aut
765 4291 1202 4357 substantialis;
1243 4290 1302 4345 in
1336 4288 1512 4360 priori
1541 4303 1673 4344 casu
1716 4303 1782 4342 ea
1815 4301 1930 4341 non
1961 4331 1964 4334 .

283 4389 475 4458 potest
504 4382 770 4455 pluribus
802 4379 1110 4436 convenire
1140 4379 1425 4450 personis,
1449 4377 1508 4432 in
1539 4375 1718 4432 altero
1743 4389 1808 4430 ea
1839 4378 1929 4430 est

281 4475 394 4548 ipsi
419 4469 1008 4546 Spirituitribuenda,
1040 4469 1121 4524 ita
1153 4467 1406 4524 occurrit
1433 4466 1718 4522 Henricus
1741 4464 1935 4520 Kilber

281 4566 501 4636 (Theol.
535 4563 779 4619 Wirceb.
813 4562 887 4617 De
916 4560 1021 4616 Deo
1052 4574 1160 4614 uno
1214 4567 1265 4614 et
1315 4558 1461 4614 trino
1505 4556 1656 4628 disp.
1693 4573 1765 4622 vr,
1795 4570 1847 4612 c.
1879 4558 1933 4626 2,

286 4673 339 4712 a.
372 4657 425 4724 4,
455 4673 513 4711 n.
549 4655 706 4725 406):
734 4649 1177 4725 productionem
1206 4648 1450 4705 activam
1475 4662 1644 4718 posse
1674 4644 1788 4701 dici
1813 4660 1938 4716 per-

289 4747 535 4801 sonatem
556 4749 612 4800 et
642 4741 1032 4814 ncgari,quod
1049 4757 1117 4796 ea
1147 4740 1378 4796 duabus
1407 4736 1674 4810 personis
1688 4739 1938 4807 nequeat

296 4851 425 4891 esse
454 4836 820 4904 communis;
852 4834 1034 4890 videri
1063 4841 1254 4888 tamen
1279 4830 1472 4903 potius
1493 4828 1799 4884 dicendam
1833 4844 1937 4884 nec

295 4924 656 4996 pcrsonalem
689 4939 793 4980 nec
823 4924 1208 4990 essentialem,
1231 4921 1331 4978 sed
1362 4919 1714 4982 notionalem,
1739 4940 1768 4968 «
1801 4917 1941 4988 quia

293 5012 515 5069 scilicet
545 5014 812 5084 quamvis
844 5030 958 5068 non
989 5013 1312 5068 constituat
1355 5015 1586 5066 Patrem
1644 5015 1700 5064 et
1729 5007 1936 5062 Filium

292 5105 351 5159 in
368 5119 498 5159 esse
518 5105 956 5174 personae,utde
977 5101 1430 5158 iunascibilitate
1464 5102 1732 5170 respectu
1755 5095 1940 5152 Patris

368 5247 480 5319 (69)
512 5243 795 5319 Similiter
815 5243 1450 5319 GeorgiusScbolarius
1478 5240 1644 5312 Apol.
1678 5241 1935 5319 c..Marc.

300 5311 508 5392 Ep‘he's.
542 5316 767 5392 quaerit,
822 5332 900 5392 an
944 5311 1006 5367 τὶ
1064 5313 1328 5392 αἷτξατὸν,
1362 5315 1437 5392 sit
1481 5311 1823 5392 essent‘iale,
1865 5328 1939 5392 a_n

301 5383 623 5464 personale.
654 5389 715 5444 Si
751 5388 1023 5464 primum,
1051 5393 1109 5441 et
1140 5383 1449 5464 Patererit
1483 5383 1744 5464 mirificos,
1777 5385 1828 5439 si
1859 5383 1942 5464 al:

301 5457 492 5521 terum
527 5477 680 5516 unus
711 5457 797 5516 est
824 5457 1088 5519 αἰτιατὸς,
1121 5460 1208 5514 vel
1248 5459 1426 5514 Filius
1457 5459 1544 5515 vel
1582 5457 1857 5528 Spiritus,
1885 5459 1943 5511 et

301 5541 442 5592 tunc
466 5549 663 5589 verum
697 5547 810 5586 non
863 5529 1122 5601 amplius
1165 5531 1294 5600 erit,
1325 5530 1477 5601 quod
1513 5535 1570 5586 et
1599 5528 1781 5585 Graeci
1813 5543 1943 5598 pro-

301 5611 584 5682 pugnant,
616 5601 830 5682 αἰτιᾳιεὰ
860 5599 992 5682 esse
1021 5599 1231 5682 Filium
1251 5599 1357 5682 *ρι’
1377 5603 1681 5682 Spiritum,
1715 5605 1943 5656 utrum-

299 5673 415 5753 qua
441 5695 508 5753 ex
522 5676 897 5753 _Patre_(Cod.
932 5673 1088 5753 Mon.
1121 5673 1212 5753 27,
1242 5673 1341 5753 fol.
1369 5675 1472 5753 1_86
1499 5678 1573 5753 a)_.

374 5752 485 5824 (70)
520 5751 598 5808 De
628 5744 828 5807 eodem
860 5745 1195 5803 testimonio
1226 5745 1527 5816 disputant
1549 5746 1714 5814 Hugo
1746 5744 1942 5810 Ether.

2032 1963 2090 2014 et
2117 1959 2366 2030 genitor,
2398 1959 2548 2014 sicut
2579 1959 2730 2014 Eoos
2752 1957 2908 2014 ﬁlius
2929 1957 3066 2014 Seth
3091 1957 3344 2014 mediate
3371 1958 3442 2013 ab
3466 1959 3696 2014 Adamo

2033 2053 2122 2104 est
2152 2052 2314 2104 ortus
2339 2063 2353 2114 ;
2385 2050 2537 2104 etab
2570 2047 2678 2104 hac
2709 2048 3041 2118 corruptela
3070 2063 3178 2104 nec
3198 2047 3442 2104 Photius
3461 2046 3694 2104 alienus

2033 2140 2141 2204 est,
2176 2144 2236 2192 ut
2269 2154 2394 2208 cap.
2436 2138 2500 2192 61
2537 2136 2894 2193 manifestat.
2923 2137 3031 2193 Sed
3066 2136 3282 2192 omissa
3329 2137 3388 2192 in
3422 2137 3694 2210 praesenti

2035 2226 2140 2281 hac
2175 2227 2431 2282 absurda
2459 2226 2939 2299 interpretatione
2970 2227 3042 2282 de
3081 2225 3258 2298 priori
3299 2229 3522 2282 tantum
3549 2243 3692 2299 age-

2037 2332 2185 2372 mus.
2233 2315 2565 2387 Respondet
2622 2317 2837 2373 Beccus
2867 2315 2956 2386 (G.
2996 2316 3055 2372 0.
3089 2315 3133 2382 Ι,
3164 2319 3299 2384 215;
3358 2319 3457 2375 0r.
3488 2317 3555 2372 de
3583 2333 3686 2372 un.

2035 2406 2190 2462 Eccl.
2217 2422 2274 2460 n.
2298 2406 2388 2477 64)
2410 2405 2700 2462 neminem
2719 2406 2818 2461 SS.
2843 2406 3080 2462 Patrum
3105 2406 3342 2476 dixisse,
3366 2404 3431 2460 τὸ
3461 2408 3686 2478 Πνεῦμα

2037 2494 2254 2566 ἀμέσως
2294 2492 2353 2548 ἐκ
2398 2498 2494 2548 τοῦ
2547 2494 2754 2568 Harpe:
2786 2493 2944 2552 εἶναι.
2976 2495 3107 2551 Jam
3140 2500 3273 2553 ante
3331 2495 3498 2551 illum
3529 2496 3682 2553 Nice-

2034 2589 2238 2659 phorus
2290 2587 2594 2644 Blemmida
2625 2588 3073 2645 controversiam
3116 2589 3196 2644 ita
3236 2592 3532 2661 proposuit
3567 2606 3580 2644 :
3614 2595 3696 2646 Et.

2038 2672 2110 2729 δι’
2142 2676 2269 2731 Υἱοῦ
2324 2676 2388 2731 τὸ
2429 2677 2581 2751 ἅγιον
2620 2681 2838 2750 Πνεῦμα
2879 2675 3226 2752 ἐκπορεύεται
3269 2678 3413 2748 παρὰ
3447 2679 3686 2752 Ιίατρὸς,

2037 2763 2072 2834 ἢ
2134 2767 2241 2837 μὴν
2301 2765 2362 2820 ἐκ
2403 2766 2612 2840 Πατρὸς
2669 2771 2960 2842 προσεχῶς
3012 2764 3136 2821 ἁλλ’
3189 2766 3251 2822 οὐ
3296 2763 3367 2822 δι’
3413 2769 3565 2822 Υἱοῦ·
3619 2786 3694 2826 ac

2037 2857 2198 2925 prius
2222 2857 2458 2928 quidem
2493 2858 2833 2928 permultos,
2869 2858 3158 2930 posterius
3202 2874 3335 2914 vero
3392 2859 3694 2916 neminem

2038 2945 2370 3001 Grecorum
2403 2947 2700 3002 doctorum
2734 2947 3044 3003 tradidisse
3075 2947 3331 3003 affirmat
3370 2963 3437 3005 ac
3481 2950 3695 3021 probat

2035 3037 2204 3104 (orat.
2231 3035 2284 3104 1,
2319 3053 2374 3090 n.
2409 3036 2444 3089 2
2493 3052 2633 3107 seq;
2667 3040 2813 3092 orat.
2845 3038 2900 3107 2,
2935 3053 2984 3094 c.
3018 3037 3086 3107 4;
3115 3037 3262 3109 I261]
3297 3036 3354 3092 G.
3390 3037 3462 3094 Ο.
3495 3038 3534 3106 l,
3569 3055 3624 3110 p.
3655 3040 3698 3092 2

2037 3140 2160 3196 seq.
2197 3125 2306 3196 42).
2337 3126 2525 3196 Atque
2553 3125 2704 3180 inter
2731 3125 2875 3181 alios
2905 3129 3082 3182 testes
3111 3126 3454 3198 Gregorium
3489 3126 3702 3199 Nysse-

2038 3233 2180 3272 num
2225 3216 2465 3272 adducit
2508 3217 2588 3288 (p.
2617 3217 2694 3287 7),
2725 3217 2826 3288 qui
2859 3217 3072 3273 Filium
3103 3227 3261 3274 vocat
3289 3215 3352 3270 τὸ
3389 3221 3693 3295 προσεχῶς

2037 3303 2095 3359 ἐκ
2123 3308 2224 3360 τοῦ
2250 3304 2475 3380 πρώτου
2505 3306 2782 3378 Spiritum
2805 3323 2938 3363 vero
2968 3306 3030 3360 τὸ
3063 3303 3151 3360 διὰ.
3187 3310 3284 3360 τοῦ
3314 3311 3605 3382 προσεχῶς
3628 3305 3697 3362 ἐκ

2035 3397 2131 3447 τοῦ
2162 3393 2383 3468 πρώτου
2434 3394 2559 3467 [lib.
2618 3394 2697 3450 Ad
2726 3395 2913 3451 Ablab.
2949 3399 2986 3450 t.
3025 3396 3092 3462 II,
3120 3412 3180 3467 p.
3220 3395 3344 3469 459]
3375 3397 3507 3468 (70).
3556 3395 3695 3452 Suf-

2039 3483 2340 3556 fragantur
2371 3484 2568 3540 Patres
2609 3485 2846 3540 omnino
2897 3501 3121 3554 omnes,
3153 3487 3253 3558 qui
3286 3485 3567 3558 Spiritum
3599 3480 3699 3538 διὰ

2038 3575 2134 3626 τοῦ
2173 3572 2301 3626 Υὶοῦ
2331 3590 2397 3629 ex
2430 3574 2592 3630 Patre
2626 3575 2932 3646 procedere
2964 3576 3285 3632 docuerunt
3313 3579 3445 3645 (art.
3485 3577 3543 3648 2,
3573 3575 3604 3649 §
3631 3577 3695 3646 6,

2040 3670 2174 3718 nota
2207 3662 2259 3732 2)
2285 3682 2298 3732 ;
2334 3679 2488 3731 nam,
2508 3667 2570 3718 ut
2593 3663 2671 3718 ait
2700 3663 3122 3721 Constantinus
3146 3663 3695 3737 Meliteniota(orst.

2043 3753 2093 3820 1,
2130 3769 2180 3807 c.
2206 3754 2270 3808 31
2306 3773 2320 3819 ;
2354 3753 2422 3809 G.
2466 3757 2536 3810 0.
2570 3754 2642 3822 Il,
2672 3753 2799 3825 712)
2834 3769 2846 3808 :
2883 3775 2912 3803 «
2947 3753 3104 3809 Idem
3136 3759 3225 3810 est
3253 3755 3445 3810 dicere
3474 3771 3580 3827 per
3597 3755 3696 3811 Fi-

2039 3841 2184 3899 lium
2218 3848 2273 3900 et
2303 3861 2416 3900 non
2449 3843 2782 3901 immediate
2804 3844 3018 3916 (ταυτὸν
3051 3843 3154 3921 γάρ
3187 3842 3296 3899 ἐστι
3328 3841 3400 3900 δι’
3430 3846 3558 3899 rio?)
3600 3845 3700 3899 καὶ

2041 3930 2140 3986 οὐκ
2195 3930 2410 4004 ἀμέσως
2468 3931 2710 4006 εἰπεῖν);
2770 3934 2915 3990 illud
2971 3930 3060 3988 διὰ
3119 3935 3406 4008 signiﬁcat
3447 3953 3698 3994 causam

2040 4024 2355 4094 quamdam
2390 4023 2745 4080 mediantem
2777 4021 2975 4095 (αἰτίαν
3004 4022 3126 4078 τινὰ
3167 4023 3595 4097 μεσιτεύουσαν),
3629 4034 3700 4084 ut

2039 4111 2152 4167 late
2203 4111 2406 4184 probat
2457 4113 2614 4168 card.
2665 4113 2972 4169 Bessarion
3015 4113 3074 4170 in
3115 4120 3260 4172 orat.
3312 4113 3508 4187 dogm.
3561 4132 3610 4173 c.
3655 4117 3702 4170 5

2041 4201 2235 4273 (Hard.
2286 4201 2380 4272 ΙΧ,
2418 4201 2526 4257 332
2577 4204 2744 4275 seq.).
2791 4203 3196 4274 Sutl'ragantur
3237 4203 3277 4259 ii
3329 4221 3556 4275 omnes,
3589 4206 3698 4278 qui

2041 4288 2323 4360 Spiritum
2355 4304 2458 4360 per
2491 4288 2701 4344 Filium
2734 4291 2890 4345 Patri
2915 4290 3190 4363 conjungi
3234 4291 3442 4347 docent
3470 4292 3696 4362 (Const.

2041 4379 2287 4437 Meliten.
2334 4384 2478 4436 orat.
2515 4381 2567 4446 1,
2599 4397 2648 4436 ο.
2681 4382 2744 4436 41
2779 4398 2908 4454 seq.
2949 4383 3009 4438 ϐ.
3043 4382 3105 4439 0.
3135 4384 3208 4453 ΙΙ,
3234 4383 3341 4437 760
3377 4383 3529 4456 seq.)
3559 4383 3700 4456 qui-

1968 4495 2011 4561 D
2043 4486 2154 4541 que
2185 4470 2369 4526 solum
2401 4469 2612 4527 Filium
2645 4471 2809 4528 nullo
2839 4473 3152 4529 exsistente
3189 4473 3402 4542 medio,
3436 4490 3504 4530 ex
3524 4473 3702 4531 Patre

2045 4575 2173 4616 esse
2225 4564 2488 4618 statuunt
2545 4562 2806 4634 (Beccus,
2839 4563 3019 4636 epigr.
3073 4564 3185 4632 2-1,
3230 4564 3288 4621 G.
3331 4565 3394 4621 0.
3441 4565 3511 4634 II,
3560 4565 3704 4618 544-

2041 4650 2196 4722 558).
2229 4650 2441 4707 Eodem
2473 4653 2711 4708 omnino
2756 4659 2922 4725 pacto
2969 4653 3161 4710 caeteri
3210 4652 3262 4707 ot
3315 4658 3415 4722 τῆς
3446 4652 3702 4714 ἒνώσεως

2045 4742 2220 4797 Graeci
2276 4740 2713 4798 ratiocinantur.
2757 4743 2912 4806 Quos
2955 4759 3156 4814 presse
3202 4744 3466 4814 sequitur
3523 4743 3702 4814 Hugo

2044 4830 2414 4901 Etherianus,
2448 4832 2547 4902 qui
2581 4831 2842 4888 Graacum
2871 4830 3148 4903 loquendi
3176 4849 3392 4890 morem
3427 4834 3485 4888 in
3515 4833 3707 4903 pluri-

2048 4920 2158 4977 mis
2193 4921 2473 4977 imitatur.
2509 4943 2536 4970 ‹‹
2570 4921 2767 4987 Filius,
2803 4943 2832 4972 ››
2861 4920 3050 4992 inquit
3079 4922 3142 4994 (Ι.
3173 4937 3212 4989 i,
3246 4939 3298 4980 c.
3333 4927 3384 4992 1,
3419 4939 3474 4993 p.
3509 4921 3704 4991 1200),

2048 5033 2075 5060 (ι
2106 5012 2268 5080 jux1a
2296 5011 2602 5066 fecundam
2634 5011 2911 5083 genitoris
2933 5012 3204 5068 virtutem
3230 5018 3703 5084 generatur,quo

2048 5101 2226 5157 medio
2251 5104 2522 5158 existente
2555 5117 2624 5157 ex
2669 5103 2871 5158 eodem
2903 5101 3069 5158 Patre
3115 5101 3366 5175 Spiritus
3407 5102 3600 5173 prodit
3633 5109 3707 5158 ut

2048 5246 2086 5301 l.
2148 5263 2232 5313 ιιι,
2264 5263 2312 5304 c.
2349 5249 2415 5301 t2
2447 5247 2545 5304 (in.
2577 5247 2817 5318 ρ.1248;
2851 5247 3065 5304 Beccus
3097 5247 3266 5319 (orat.
3289 5245 3708 5319 ,2,_Degiajasla

2047 5319 2225 5390 depos.
2263 5336 2314 5375 c.
2375 5321 2476 5381 12;
2512 5317 2591 5375 De
2629 5337 2727 5376 un.
2779 5319 2920 5375 Eccl.
2955 5335 3005 5374 c.
3029 5317 3137 5386 23‘;
3172 5318 3231 5373 G.
3265 5318 3326 5375 0.
3358 5317 3430 5386 Il,
3461 5317 3654 5390 56,67
3685 5335 3702 5386 ς

2047 5388 2247 5463 1.120)
2277 5408 2290 5458 ;
2326 5391 2531 5463 Georg.
2565 5391 2811 5447 Metoeb.
2845 5390 3094 5462 (c.Man.
3115 5393 3264 5463 Cret,
3291 5391 3422 5463 9.6,
3455 5404 3518 5463 c._
3541 5388 3706 5463 Max.

2049 5460 2324 5520 Plan.’ib.
2359 5465 2431 5532 II,
2479 5460 2605 5531 976,
2637 5463 2800 5532 913);
2846 5460 3146 5519 Constant.
3198 5460 3452 5517 Meliten.
3502 5461 3706 5532 (or._1,

2055 5551 2105 5590 ο.
2149 5537 2234 5604 12,
2282 5536 2352 5590 39
2384 5530 2527 5604 ;Vib.
2581 5530 2653 5604 ΙΙ,
2684 5530 2811 5602 604,
2863 5534 3028 5606 754),
3078 5533 3293 5606 Georg.
3322 5530 3563 5606 Traper.
3602 5530 3709 5602 (ad

2053 5603 2227 5663 Joan.
2259 5603 2496 5666 CubOcl.
2521 5625 2569 5664 c.
2607 5603 2693 5675 16,
2737 5607 2802 5660 17
2831 5625 2846 5675 ;
2891 5603 2979 5661 ib.
3003 5605 3046 5672 Ι,
3076 5605 3204 5675 505,
3233 5603 3404 5675 506);
3458 5603 3708 5675 Gregor.

2055 5677 2399 5754 Protosync.
2428 5681 2521 5754 (ad
2551 5680 2694 5754 imp2
2728 5677 3073 5754 T_r_ap._c._j_,
3094 5677 3181 5754 ib.
3203 5675 3260 5754 Ἰ,
3293 5675 3460 5749 425);
3495 5675 3708 5732 Bessa-

2055 5748 2180 5807 rion
2212 5747 2332 5826 (σν.
2364 5747 2551 5826 daym.
2585 5747 2738 5818 c.'6;
2775 5747 2948 5807 Hard.
2987 5747 3090 5818 IX,
3120 5747 3270 5819 341).
