4058 6216
291 403 390 465 493

995 402 1095 461 DE
1139 399 1198 461 S.
1249 400 1449 461 SPIR.
1500 397 2030 461 MYSTAGOGIA.
2076 431 2152 443 -·
2198 397 2947 462 ANIMADVEBSIONES

3549 402 3668 462 494

295 552 356 592 ex
378 549 482 590 sua
511 548 687 591 causa
715 533 1066 590 inexhausta
1095 541 1150 590 et
1195 532 1494 590 inﬁnibili.
1547 555 1570 586 ι
1621 533 1690 588 Et
1746 531 1919 605 paulo
1950 535 2005 602 Α
2036 536 2230 588 tamen
2258 531 2370 588 dici
2403 537 2669 604 respectu
2693 533 2821 588 Filii
2843 532 3012 589 simul
3034 547 3167 588 cum
3197 531 3364 588 Patre
3395 531 3674 604 spirantis

295 629 444 697 post:
478 644 507 674 ς(
537 621 762 679 Similis
788 627 880 679 est
911 623 1056 680 Filio
1103 622 1378 695 Spiritus,
1401 623 1554 679 sicut
1593 621 1826 693 quidem
1858 637 1928 678 ex
2037 620 2321 692 Spiritum
2362 620 2597 677 mediate
2651 637 2721 676 ex
2763 622 2936 678 Patre
2968 621 3280 694 procedere
3311 637 3326 688 ;
3374 622 3431 692 3)
3470 619 3678 681 deduci

296 729 454 770 causa
482 720 535 770 et
565 729 673 769 suo
692 710 1018 769 immediate
1047 712 1342 785 principio,
1367 711 1460 768 cui
1501 715 1568 768 ut
1591 710 1930 767 immediate

298 803 696 869 communicat,
747 801 832 860 sic
860 802 931 859 ab
962 802 1088 873 ipso
1119 803 1322 874 absque
1361 800 1540 858 medio
1587 801 1848 873 provenit
1877 804 1936 856 et

299 910 392 967 per
419 893 612 965 ipsum
645 891 800 948 Patri
853 892 1254 965 conjungitur.
1289 913 1318 941 »
1352 890 1498 947 Cum
1529 889 1722 962 itaque
1754 889 1938 946 Graeci

299 984 554 1041 doctores
586 983 796 1040 Filium
854 998 1124 1055 expresse
1155 982 1346 1038 solum
1400 979 1616 1054 ἀμὲσως
1648 997 1719 1036 ex
1771 984 1939 1036 Patre

303 1091 424 1130 esse
453 1075 670 1143 dicant,
701 1073 980 1144 Spiritum
1031 1089 1164 1129 vero
1218 1088 1334 1128 non
1385 1070 1540 1143 [262]
1587 1070 1752 1139 item,
1802 1085 1938 1124 cum

301 1159 387 1218 διὰ
412 1165 508 1217 τοῦ
539 1162 665 1216 Υἱοῦ
696 1179 766 1219 ex
796 1163 964 1219 Patre
996 1162 1304 1233 procedere
1327 1161 1612 1233 Spiritum
1631 1160 1779 1215 miro
1803 1175 1939 1215 con-

301 1269 469 1311 sensu
504 1257 869 1325 propugnant
902 1269 917 1322 ;
951 1268 1084 1309 cum
1119 1259 1392 1324 praeterea
1423 1251 1724 1306 doctorum
1756 1246 1938 1319 aliqui

301 1342 673 1416 quaestionem
693 1340 851 1398 illam
874 1340 1330 1410 celeberrimam,
1349 1356 1451 1396 cur
1472 1338 1720 1410 Spiritus
1753 1335 1940 1393 sancti

302 1431 537 1504 spiratio
569 1447 684 1488 non
707 1431 787 1488 sit
807 1429 1106 1503 generatio
1129 1439 1182 1486 et
1205 1445 1458 1502 quanam
1487 1427 1708 1483 ratione
1728 1426 1848 1482 haec
1869 1426 1940 1482 ab

301 1521 398 1578 illa
425 1521 654 1578 diﬂ'erat
673 1521 771 1592 (de
802 1537 920 1592 qua
948 1520 1344 1577 consulendus
1374 1517 1664 1584 Petavius,
1696 1517 1768 1572 De
1791 1514 1942 1574 Trin.

299 1625 398 1679 vn,
429 1624 478 1664 c.
515 1608 626 1678 14),
659 1609 866 1664 exinde
895 1607 1143 1674 solvant,
1188 1606 1342 1678 quod
1372 1605 1627 1676 Spiritus
1675 1607 1944 1671 sanctus,

305 1715 419 1755 non
448 1696 784 1754 immediate
817 1715 851 1753 a
899 1701 1067 1753 Patre
1097 1697 1194 1764 sit,
1228 1694 1724 1766 quemadmodum
1765 1691 1944 1748 Filius

2041 727 2156 768 non
2174 725 2366 782 posse,
2391 710 2621 768 Patrem
2646 711 2832 767 eodem
2853 727 3095 784 prorsus
3119 713 3365 783 respectu
3386 710 3684 767 immedia-

2045 808 2166 860 tum
2198 807 2256 860 et
2309 803 2650 870 mediatum,
2706 804 3038 876 proximum
3078 807 3135 860 ot
3166 807 3450 860 remotum
3484 803 3686 860 haberi

2041 892 2293 964 Spiritus
2322 893 2510 949 sancti
2545 893 2920 965 principium.
2978 894 3299 965 Utrumque
3329 893 3444 949 dici
3478 896 3686 965 potest,

2047 981 2150 1038 sed
2180 981 2286 1037 sub
2325 981 2782 1040 consideratione
2812 983 2982 1054 plane
3011 982 3251 1040 diversa.

2120 1073 2207 1128 19.
2242 1072 2541 1139 Quomodo
2564 1073 2746 1145 igitur
2776 1073 3043 1130 Photium
3074 1073 3494 1146 impugnantes
3517 1073 3693 1129 Graeci

2049 1162 2351 1220 orthodoxi
2381 1163 2440 1218 id
2473 1162 2784 1235 denegant,
2817 1162 3100 1236 Spiritum
3131 1179 3257 1220 esse
3288 1163 3608 1220 immediate
3627 1178 3692 1218 ex

2051 1257 2236 1319 Patre,
2287 1253 2437 1324 quod
2474 1252 2808 1309 Latinorum
2841 1251 3312 1325 praestantissimi
3344 1251 3513 1324 plane
3552 1268 3695 1308 oon-

2051 1342 2262 1397 ceduut
2289 1341 2316 1396 ?
2349 1341 2460 1398 Sed
2491 1339 2601 1396 hoc
2633 1339 2718 1396 illi
2751 1357 2865 1397 non
2897 1340 3126 1399 inﬁnite
3157 1345 3446 1410 statuunt,
3495 1356 3694 1397 verum

2051 1447 2155 1502 pro
2186 1447 2430 1487 suorum
2461 1431 2703 1487 Patrum
2735 1430 2966 1487 dicendi
2999 1446 3178 1499 more,
3230 1431 3593 1488 attendentes
3623 1431 3694 1485 ad

2052 1533 2151 1575 eas
2181 1520 2519 1576 eorumdcm
2552 1519 2894 1588 locutiones,
2931 1521 3147 1592 quibus
3191 1521 3420 1594 egregie
3447 1521 3698 1592 Spiritus

2053 1609 2240 1664 sancti
2289 1624 2358 1664 ex
2409 1608 2554 1664 Filio
2585 1608 2762 1664 etiam
2796 1608 3088 1680 processio
3119 1610 3516 1679 conﬁrmatur,
3549 1624 3701 1666 com-

2056 1697 2351 1754 municata
2388 1714 2522 1754 vero
2549 1715 2582 1754 a
2610 1699 2781 1755 Patre
2814 1698 2958 1756 Filio
3000 1698 3184 1756 virtus
3216 1699 3498 1772 spirativa
3527 1697 3700 1756 simul

306 1787 398 1858 (ci.
431 1788 621 1844 Petav.
653 1785 693 1841 1.
727 1802 777 1840 c.
811 1801 861 1842 c.
900 1786 987 1855 13,
1021 1803 1082 1841 n.
1116 1785 1204 1856 11)
1231 1784 1386 1840 sicut
1415 1782 1516 1839 alii
1540 1799 1605 1838 ex
1631 1782 1758 1849 hoe,
1793 1779 1946 1854 quod
1982 1857 2015 1860 _
2057 1788 2417 1856 ostenditur;
2439 1787 2497 1844 id
2522 1789 2890 1845 contracives
2913 1805 3052 1846 suos
3071 1789 3704 1860 schismaticosurgent

305 1893 375 1933 ex
433 1883 671 1948 utroque
713 1876 990 1948 procedat
1031 1876 1134 1947 (ib.
1186 1891 1245 1931 n.
1295 1875 1392 1946 9):
1441 1875 1566 1945 jam
1612 1872 1755 1928 satis
1799 1875 1952 1943 patet
1982 1857 2028 1922 Β
2060 1878 2157 1949 qui
2188 1879 2255 1933 ad
2307 1876 2734 1934 excludendum
2794 1878 3006 1934 Filium
3063 1879 3464 1935 immediatam
3513 1857 3701 1934 sa—ncti

303 1983 402 2024 eos
431 1983 464 2021 a
487 1965 765 2022 Photiana
796 1965 1062 2021 doctrina
1093 1965 1248 2020 haud
1275 1979 1478 2036 parum
1507 1962 1860 2034 discrepare,
1885 1963 1948 2015 ut

303 2056 548 2113 Allatius
575 2053 772 2126 (Each.
805 2071 854 2111 c.
886 2057 942 2123 6,
977 2073 1034 2126 p.
1065 2055 1136 2108 3O
1174 2055 1316 2125 seq.)
1341 2069 1475 2108 cum
1509 2051 1730 2108 cateris
1761 2054 1944 2119 urget.

379 2145 461 2201 18.
496 2150 769 2202 Attamen
800 2145 857 2200 id
888 2143 1228 2199 difﬁcultate
1259 2159 1374 2199 non
1399 2145 1553 2198 caret
1585 2159 1599 2208 ;
1635 2140 1788 2196 unde
1809 2139 1864 2194 id
1891 2138 1950 2193 in

303 2233 511 2308 primis
524 2232 930 2305 indagandum,
947 2246 1198 2302 quonam
1215 2233 1383 2301 pacto
1398 2227 1822 2297 sitintelligend
1834 2241 1864 2281 u
1877 2241 1950 2288 m,

300 2323 582 2395 Spiritum
615 2325 880 2377 sanetum
931 2319 1165 2375 mediate
1198 2336 1231 2374 a
1288 2323 1458 2374 Patre
1507 2318 1834 2390 procedere.
1889 2319 1948 2372 S.

304 2411 562 2468 Thomas
583 2409 756 2482 (Sum.
791 2427 846 2482 p.
874 2411 923 2480 1,
959 2425 1015 2481 q.
1049 2410 1139 2474 36,
1164 2425 1217 2464 a.
1252 2409 1304 2480 1)
1343 2407 1492 2462 hanc
1525 2406 1712 2479 primo
1735 2405 1859 2460 loco
1879 2404 1951 2458 si-

305 2503 364 2561 bi
397 2502 785 2573 obiectionem
819 2501 1092 2573 proponit
1133 2518 1146 2555 :
1182 2521 1210 2550 <<
1264 2499 1426 2565 Quod
1457 2497 1719 2570 procedit
1747 2497 1818 2552 ab
1849 2494 1955 2550 ali-

305 2609 421 2665 quo
453 2608 558 2664 per
617 2591 894 2664 aliquem,
927 2606 1042 2647 non
1085 2589 1346 2662 procedit
1393 2588 1466 2644 ab
1498 2603 1564 2643 eo
1595 2585 1953 2642 immediate.

308 2682 371 2739 Si
400 2682 585 2754 igitur
613 2681 870 2753 Spiritus
909 2683 1151 2736 sanctus
1192 2677 1449 2750 procedit
1479 2694 1512 2732 a
1543 2675 1710 2731 Patre
1736 2690 1838 2746 per
1869 2675 1954 2728 Fi-

316 2771 485 2841 lium,
516 2787 628 2828 non
655 2769 901 2844 procedit
922 2787 956 2826 a
985 2771 1151 2826 Patre
1181 2767 1513 2832 immediate,
1546 2765 1700 2837 quod
1731 2763 1960 2818 videtur

307 2860 751 2920 inconveniens.
786 2884 810 2913 ι
840 2859 946 2916 Cui
995 2859 1072 2914 ita
1111 2859 1237 2931 ipse
1287 2855 1573 2912 satisfacit
1605 2870 1618 2910 :
1657 2877 1677 2903 ι
1713 2854 1779 2908 In
1811 2869 1958 2924 qua-

305 2951 456 3007 libet
483 2950 710 3007 actione
741 2953 832 3005 est
859 2949 975 3005 duo
1007 2947 1400 3015 considerare,
1433 2943 1558 3000 scil.
1593 2942 1959 3014 suppositum

306 3055 494 3111 agens
525 3041 584 3094 et
611 3037 907 3106 virtutem,
941 3053 1058 3108 qua
1088 3035 1227 3106 agit,
1251 3033 1572 3106 sicutignis
1595 3031 1962 3088 calefacitca-

307 3129 454 3186 lore.
491 3127 750 3200 Siigitur
787 3127 845 3182 in
865 3128 1036 3182 Patre
1059 3130 1117 3181 et
1152 3124 1292 3180 Filio
1325 3122 1732 3179 consideratur
1763 3122 1954 3190 virtus,

297 3235 414 3293 qua
435 3221 655 3291 spirant
682 3216 963 3288 Spiritum
995 3223 1281 3282 sanctum,
1301 3231 1415 3270 non
1440 3213 1592 3268 cadit
1616 3212 1694 3268 ibi
1719 3210 1957 3282 aliquod

301 3309 598 3375 medium,
627 3307 765 3380 quia
795 3305 916 3362 haec
945 3306 1135 3366 virtus
1165 3309 1251 3360 est
1270 3320 1386 3360 una
1414 3308 1472 3359 et
1491 3303 1712 3359 eadem.
1739 3301 1798 3358 Si
1819 3315 1958 3357 con-

301 3400 639 3456 ciderentur
693 3402 886 3453 autem
917 3395 1055 3467 ipsis
1090 3408 1338 3467 persona:
1368 3395 1656 3465 spirantes,
1709 3390 1792 3446 sic
1822 3404 1955 3446 cum

297 3491 558 3562 Spiritus
579 3492 817 3545 sanctus
848 3487 1211 3543 communiter
1239 3483 1515 3557 procedat
1536 3499 1570 3538 a
1597 3482 1762 3538 Patre
1791 3487 1845 3536 et
1867 3478 1957 3535 Fi-

297 3581 407 3649 lio,
442 3581 736 3637 invenitur
783 3578 1036 3650 Spiritus
1097 3582 1334 3633 sanctus
1366 3574 1684 3630 immediate
1731 3591 1764 3628 a
1794 3571 1960 3628 Patre

303 3670 648 3742 procedere,
699 3668 758 3724 in
808 3670 1094 3739 quantum
1155 3669 1240 3722 est
1271 3666 1340 3738 ab
1373 3681 1460 3735 eo,
1501 3667 1557 3719 et
1611 3661 1870 3728 mediate,
1900 3659 1958 3714 in

301 3763 600 3831 quantum
631 3760 722 3814 est
753 3774 786 3812 a
819 3755 960 3812 Filio
985 3774 999 3825 ;
1022 3762 1076 3812 et
1099 3754 1178 3811 sic
1210 3754 1429 3810 dicitur
1456 3752 1762 3824 procedere
1792 3768 1823 3804 a
1853 3751 1963 3804 Pa-

299 3858 400 3904 tre
425 3863 526 3920 per
562 3847 813 3908 Filium;
862 3845 1013 3902 sicut
1041 3844 1214 3901 etiam
1246 3841 1386 3898 Abel
1433 3839 1713 3912 processit
1751 3838 1959 3894 imme-

297 3937 469 3994 diate
506 3937 576 3993 ab
619 3937 827 4004 Adam,
857 3935 918 3990 in
947 3939 1228 4007 quantum
1262 3933 1442 3988 Adam
1477 3931 1587 3985 fuit
1618 3933 1780 4000 pater
1809 3928 1959 3998 ejus,

293 4032 366 4084 et
397 4025 668 4094 mediate,
724 4025 785 4080 in
817 4029 1103 4097 quantum
1137 4023 1245 4078 fuit
1292 4021 1409 4077 Eva
1441 4023 1628 4076 mater
1657 4017 1804 4089 ejus,
1837 4032 1965 4088 quae

296 4115 602 4189 processit
630 4114 702 4170 ab
728 4114 910 4169 Adam
937 4137 952 4182 ς
975 4111 1112 4168 licet
1141 4111 1250 4167 hoc
1281 4108 1612 4180 exemplum
1649 4103 1964 4162 materialis

292 4203 708 4280 processionis
766 4203 1032 4275 ineptum
1082 4201 1345 4257 videatur
1399 4198 1469 4253 ad
1521 4194 1962 4267 signiﬁcandam

293 4290 709 4349 immediatum
727 4291 1154 4363 processionem
1170 4287 1496 4344 divinarum
1514 4297 1918 4357 personarum.
1937 4301 1964 4330 »

289 4380 458 4436 Hinc
490 4381 571 4453 (in
603 4396 764 4451 corp.
799 4380 935 4452 art.)
970 4397 997 4431 σι
1029 4378 1168 4450 quia
1198 4376 1380 4433 Filius
1414 4375 1587 4431 habet
1617 4373 1858 4438 aPatre,
1882 4371 1970 4425 in-

2059 1967 2311 2038 Spiritus
2330 1983 2395 2022 ex
2409 1969 2573 2022 Patre
2592 1968 3018 2038 processionem
3035 1969 3508 2040 prOpugnabant;
3536 1973 3706 2040 atque

2061 2056 2197 2112 licet
2243 2071 2308 2111 ea
2364 2049 2609 2128 ἀκριϐείᾳ
2665 2057 2920 2113 diversas
2977 2062 3077 2124 τῆς
3127 2055 3396 2128 μεσιτείας
3449 2057 3705 2114 rationes

2064 2162 2180 2202 non
2212 2144 2596 2216 distinguant,
2622 2161 2736 2216 qua
2763 2146 3015 2202 Thomas
3045 2145 3246 2209 utitur,
3279 2149 3476 2201 tamen
3512 2146 3704 2216 quoad

2062 2251 2182 2291 rem
2214 2235 2399 2306 ipsam
2450 2251 2586 2290 cum
2622 2234 2840 2291 Latinis
2869 2234 3108 2291 omnino
3140 2235 3516 2303 concordant,
3552 2253 3708 2305 μεσι-

2061 2323 2208 2378 τείαν
2264 2325 2323 2380 in
2371 2341 2438 2380 eo
2497 2325 2870 2396 potissimum
2948 2329 3318 2396 reponentes,
3385 2325 3537 2397 quod
3596 2326 3707 2382 vim

2063 2415 2433 2489 spiratricem
2465 2417 2647 2473 Filius
2677 2417 2851 2474 habet
2879 2435 2913 2474 a
2969 2418 3135 2474 Patre
3191 2417 3706 2483 communicatam,

2063 2507 2207 2562 illud
2239 2502 2327 2560 διὰ
2357 2523 2549 2563 veram
2581 2505 2753 2562 αἰτίαν
2808 2506 2897 2562 καὶ
2931 2507 3109 2581 ἀρχὴν
3139 2513 3239 2577 τῆς
3267 2510 3368 2562 τοῦ
3400 2505 3710 2580 [πνεύματος

2069 2593 2344 2668 ὑπάρξεως
2399 2595 2576 2667 (Flor.
2611 2612 2771 2653 conc.
2829 2597 3003 2652 Hard.
3048 2595 3140 2664 1X,
3198 2596 3325 2668 421)
3379 2595 3713 2668 signiﬁcare

2067 2691 2406 2753 statuentes,
2457 2688 2700 2742 eatenus
2751 2685 2952 2757 primae
3003 2702 3191 2742 causae
3241 2685 3711 2752 subordinatam,

2067 2779 2355 2847 quatenus
2385 2775 2456 2832 ab
2489 2775 2615 2848 ipsa
2642 2776 2855 2848 pendet
2885 2779 2942 2832 et
2970 2791 3038 2830 ex
3078 2775 3204 2848 ipsa
3234 2779 3344 2832 est.
3395 2775 3502 2845 (Cf.
3537 2774 3711 2830 Allat.

2065 2864 2226 2921 Vind.
2256 2881 2379 2936 syn.
2412 2865 2546 2935 Eph.
2579 2879 2628 2919 o.
2678 2864 2767 2931 58,
2804 2881 2856 2934 p.
2907 2863 3012 2918 375
3043 2864 3191 2935 seq.)
3232 2863 3392 2919 Hanc
3444 2859 3712 2934 μεσιτείαν

2069 2953 2218 3026 [264]
2277 2953 2578 3010 Photianis
2635 2954 2777 3010 adeo
2823 2969 3055 3010 exosum
3115 2951 3386 3023 praeclare
3443 2953 3715 3024 explanat

2066 3043 2236 3098 Joan.
2297 3043 2515 3098 Beccus
2574 3041 2698 3114 (lib.
2749 3043 2822 3098 De
2861 3057 3009 3113 proc.
3070 3040 3266 3112 Spirit.
3325 3041 3510 3095 sancti
3546 3056 3598 3094 c.
3653 3042 3708 3107 7,

2070 3148 2126 3186 n.
2150 3135 2185 3184 2
2219 3156 2233 3200 ;
2267 3131 2326 3186 G.
2361 3132 2420 3187 0.
2455 3132 2499 3201 Ι,
2538 3131 2666 3199 292,
2697 3131 2824 3203 293)
2859 3131 3117 3203 primum
3151 3145 3372 3201 negans
3405 3127 3710 3184 intervalla

2069 3222 2158 3280 vel
2200 3221 2413 3278 realem
2475 3223 2904 3293 separationem
2955 3221 3054 3276 illo
3113 3219 3350 3276 nomine
3395 3219 3706 3286 insinuari,

2068 3310 2277 3367 deinde
2303 3326 2431 3366 eam
2455 3310 2698 3382 positive
2729 3310 3060 3366 describens
3108 3327 3174 3366 ac
3225 3308 3511 3365 deﬁniens
3544 3324 3558 3363 :
3592 3307 3706 3376 Τὴν

2072 3397 2340 3473 μεσιτείαν
2396 3399 2596 3470 rat-$th
2657 3395 2807 3453 οῦδὲν
2855 3395 2996 3452 ἄλλο
3057 3398 3192 3452 εἶναί
3241 3419 3386 3472 φημι
3415 3395 3450 3465 ἢ
3481 3397 3713 3473 φυσικὴν

2067 3491 2275 3564 σχέσιν,
2302 3490 2422 3544 καθ’
2466 3488 2531 3558 ἢν
2585 3488 2696 3543 ἐστι
2747 3485 2838 3542 διὰ
2885 3490 2980 3541 τοῦ
3027 3487 3157 3542 Υἱοῦ
3204 3487 3265 3542 τὸ
3321 3489 3544 3558 Πνεῦμα
3599 3505 3718 3540 συν-

2069 3580 2368 3652 απτόμενον
2416 3582 2494 3650 τῷ
2550 3575 2738 3653 Πατρὶ,
2791 3576 2865 3638 ὡς
2908 3574 2968 3631 ἐκ
3021 3579 3118 3632 τοῦ
3162 3576 3373 3652 Πατρὸς
3422 3573 3716 3650 ἐκπορευό-

2075 3685 2232 3742 μενον
2267 3667 2337 3724 δι’
2366 3670 2551 3724 αὐτοῦ.
2589 3671 2716 3726 Ηωο
2774 3669 3014 3726 uberius
3061 3668 3317 3725 illustrat
3346 3670 3424 3741 (p.
3459 3668 3716 3737 294-298)

2072 3775 2367 3832 exponens
2400 3777 2511 3830 quo
2535 3776 2712 3816 sensu
2738 3758 2919 3814 Filius
2951 3759 3182 3814 dicatur
3211 3759 3502 3814 secundus
3523 3759 3592 3812 ad
3614 3762 3720 3812 Pa-

2072 3853 2242 3906 trem.
2273 3847 2471 3920 Neque
2500 3847 2670 3904 aliam
2689 3851 2943 3903 mentem
2969 3863 3096 3903 esse
3126 3848 3387 3918 Hugonis
3405 3843 3718 3911 Etheriani,

2074 3955 2142 3994 ex
2199 3937 2290 3993 his
2349 3954 2475 4008 qua:
2531 3936 2635 3992 lib.
2691 3953 2753 4003 ιι,
2804 3952 2854 3991 c.
2905 3936 2960 4001 9,
3029 3952 3083 4005 p.
3140 3936 3299 4004 1222,
3345 3935 3483 3990 1223
3534 3933 3723 3989 fusius

2075 4027 2355 4098 disputat,
2389 4024 2552 4081 facile
2585 4023 2964 4094 dignoscitur.
3006 4023 3221 4078 Verum
3264 4023 3323 4078 in
3358 4021 3556 4092 primis
3587 4022 3723 4076 Bes-

2075 4117 2358 4172 sarionem
2390 4114 2593 4170 audire
2619 4114 2789 4184 juvat
2815 4113 2895 4168 ita
2941 4113 3011 4168 de
3063 4111 3363 4184 proposita
3395 4109 3717 4183 quaestione

2076 4206 2340 4276 agentem
2373 4201 2497 4272 (lib.
2531 4201 2610 4256 Ad
2639 4201 2796 4256 Alex.
2841 4201 3062 4255 Lascar.
3098 4215 3150 4254 c.
3180 4199 3215 4250 7
3250 4213 3263 4264 ;
3299 4197 3469 4253 Hard.
3501 4195 3546 4252 l.
3581 4213 3632 4257 c.
3665 4213 3722 4268 p.

2077 4294 2236 4359 1061,
2277 4290 2437 4362 1062)
2464 4307 2477 4345 :
2512 4312 2540 4341 ‹‹
2569 4290 2861 4346 Tenemus
2884 4304 3019 4344 cum
3041 4286 3391 4360 Augustino,
3425 4286 3575 4357 quod
3601 4285 3727 4355 Spi-

2077 4383 2228 4438 ritus
2250 4381 2583 4437 immediate
2616 4379 2688 4436 ab
2719 4382 2961 4449 utroque
2994 4376 3287 4450 procedat,
3314 4376 3413 4432 sed
3445 4373 3722 4445 intelligi-

289 4471 460 4544 quit:
495 4471 644 4542 (μιοά
693 4470 766 4526 ab
805 4485 871 4526 θο
903 4469 1178 4541 Procedat
1207 4466 1460 4539 Spiritus
1492 4467 1752 4554 ΨηφΨῆ
1785 4464 1970 4533 Ροιθεῐ
2003 4489 2047 4554 D
2079 4488 2211 4528 mus
2234 4472 2388 4543 quod
2423 4469 2630 4538 Filius,
2677 4467 2778 4540 qui
2808 4472 2900 4524 est
2927 4465 3185 4539 Spiritus
3227 4462 3603 4536 principium,
3639 4466 3730 4518 est

289 4561 431 4616 dici
484 4559 645 4630 quod
678 4559 846 4615 Pater
875 4573 980 4630 per
1029 4556 1240 4615 Filium
1291 4554 1477 4626 spirat
1523 4551 1808 4625 Spiritum
1840 4567 1971 4606 san-

288 4657 495 4706 ctum.
556 4648 703 4704 Hinc
759 4647 898 4704 alibi
953 4647 1102 4720 [263}
1147 4645 1232 4716 (in
1282 4645 1321 4698 l.
1377 4661 1416 4711 Ι,
1466 4643 1618 4699 Sent.
1676 4642 1733 4696 d.
1787 4641 1874 4708 12,
1909 4656 1965 4711 q.

293 4741 361 4794 1.
404 4755 456 4794 a.
515 4738 573 4809 3)
631 4737 906 4793 Richardi
939 4735 1217 4795 Victorini
1272 4733 1448 4790 verba
1480 4732 1564 4802 (de
1594 4732 1742 4786 Trin.
1793 4746 1847 4797 v,
1890 4729 1968 4798 7),

287 4828 754 4902 generationem
804 4826 864 4882 in
913 4825 1128 4882 divinis
1156 4839 1287 4880 esse
1337 4821 1673 4878 immediate
1712 4837 1744 4875 a
1775 4820 1968 4883 Patre,

288 4918 419 4975 sed
448 4916 702 4988 Spiritus
726 4915 910 4972 sancti
941 4913 1374 4986 processionem
1402 4909 1821 4981 quodammodo
1843 4921 1972 4962 esse

289 5004 570 5064 mediate
599 5009 657 5062 et
679 5005 1100 5076 quodammodo
1133 5001 1492 5067 immediate,
1545 4999 1704 5055 hunc
1752 4996 1811 5051 in
1848 5012 1968 5052 mo-

286 5099 454 5153 dum
485 5095 759 5167 explanat
791 5111 804 5150 :
843 5118 864 5145 ι
895 5092 1234 5159 immediate,
1258 5094 1543 5162 quantum
1577 5089 1647 5143 ad
1695 5085 1971 5142 virtutem

289 5185 685 5258 spirativam,
718 5200 846 5256 quae
874 5189 966 5241 est
1013 5197 1134 5239 una
1163 5179 1345 5236 Patris
1375 5186 1430 5235 et
1460 5176 1614 5246 Filii,
1663 5182 1720 5232 et
1760 5175 1970 5231 iterum

287 5278 606 5348 quantum
631 5273 703 5330 ad
732 5273 922 5345 ipsum
946 5270 1319 5344 suppositum
1342 5266 1556 5335 Patris,
1590 5265 1742 5338 quod
1765 5265 1975 5319 imme-

285 5364 474 5420 diate
506 5367 596 5420 est
616 5362 973 5437 principium
1018 5357 1428 5433 processionis,
1471 5357 1610 5428 quia
1639 5354 1762 5427 ipse
1793 5350 1975 5408 simul

285 5457 364 5512 et.
405 5452 588 5510 Filius
619 5452 849 5525 spirant
880 5469 894 5519 ;
927 5451 1030 5508 sed
1080 5448 1339 5515 mediate,
1370 5446 1429 5501 in
1454 5448 1741 5516 quantum
1770 5439 1970 5509 Filius,

287 5544 420 5618 qui
449 5542 662 5617 spirat,
685 5546 776 5600 est
796 5559 830 5599 a
859 5541 1044 5598 Patre.
1074 5562 1104 5591 »
1136 5569 1205 5580 —-
1233 5539 1316 5594 Ex
1336 5535 1431 5592 his
1461 5535 1574 5590 tria
1603 5546 1976 5602 consequun-

286 5641 421 5694 tur
450 5651 466 5694 :
519 5636 571 5696 1)
631 5650 752 5690 non
804 5632 1005 5707 negari
1038 5648 1072 5688 a
1098 5627 1320 5688 Latinis
1351 5624 1719 5698 simpliciter,
1750 5621 1979 5679 Patrem

290 5741 450 5784 esse
477 5723 888 5782 immediatum
907 5720 1295 5795 processionis
1322 5714 1679 5791 principium
1715 5713 1807 5786 ;2)
1829 5717 1980 5767 recte

2081 4559 2328 4618 mediana
2359 4565 2644 4632 quantum
2674 4558 2746 4612 ad
2776 4572 2904 4613 esse
2937 4555 3084 4611 inter
3115 4554 3346 4610 Patrem
3370 4557 3424 4608 et
3443 4551 3726 4624 Spiritum

2075 4653 2365 4717 sanctum,
2391 4665 2525 4704 cum
2549 4646 2711 4718 prius
2733 4643 3076 4702 naturaliter
3105 4640 3471 4713 intelligatur
3499 4657 3531 4695 a
3563 4643 3730 4696 Patre

2079 4737 2427 4792 naturaliter
2467 4736 2808 4806 productus,
2841 4747 3011 4802 quam
3067 4728 3322 4802 Spiritus
3379 4731 3621 4785 sanctus
3653 4728 3726 4785 ab

2077 4831 2345 4897 utroque.
2384 4846 2411 4873 »
2444 4825 2513 4880 Et
2534 4823 2956 4894 alibi(Re/utat.
2988 4818 3286 4876 antirrhet.
3318 4818 3568 4876 Patama:
3597 4817 3722 4874 adv.

2075 4917 2233 4972 Joan.
2267 4917 2423 4970 Becci
2451 4914 2663 4985 capita)
2697 4929 2710 4966 :
2743 4934 2772 4962 «
2794 4913 3056 4967 Jamvcro
3087 4909 3136 4966 si
3167 4908 3301 4981 quis
3333 4908 3403 4964 ad
3465 4907 3728 4979 singula-

2079 5020 2198 5060 rem
2228 5004 2602 5061 emissionem
2616 4999 3046 5058 etidentitatem
3071 4997 3464 5072 processionis
3478 5012 3547 5052 ex
3569 5001 3728 5054 utro-

2081 5110 2194 5166 que
2226 5093 2516 5166 respiciat,
2547 5095 2675 5148 tum
2697 5089 2808 5147 hoc
2849 5088 3276 5146 animadvertat
3319 5090 3548 5143 Patrem
3593 5101 3724 5143 esse

2081 5185 2297 5240 fontem
2347 5187 2404 5238 et
2451 5198 2691 5238 causam
2745 5177 3064 5235 divinitatis
3101 5194 3114 5233 :
3149 5177 3475 5233 immediate
3503 5191 3631 5231 esse
3663 5192 3732 5232 ex

2081 5275 2247 5329 Patre
2301 5271 2583 5344 Spiritum
2644 5268 2919 5338 inveniet,
2978 5284 3164 5340 eoque
3214 5266 3522 5338 pertinere,
3585 5281 3731 5336 quas

2081 5360 2268 5428 aﬁ‘ert,
2325 5359 2665 5415 sententias.
2740 5356 2840 5412 Sin
2900 5355 3169 5412 ordinem
3229 5353 3574 5417 consideret,
3626 5350 3728 5423 qui

2083 5451 2277 5521 reipsa
2300 5449 2525 5504 inestin
2546 5446 2846 5513 Trinitate,
2875 5461 2978 5504 nec
2999 5445 3124 5501 sola
3156 5447 3355 5500 nostra
3381 5442 3731 5513 cogitatione

2084 5542 2328 5606 constat,
2383 5537 2624 5593 medium
2650 5536 2870 5592 videbit
2916 5551 3040 5591 esse
3097 5533 3310 5590 Filium
3373 5539 3426 5586 et
3482 5529 3722 5585 tertium

2085 5645 2119 5686 a
2148 5628 2314 5684 Patre
2341 5627 2648 5700 Spiritum,
2673 5643 2738 5682 ac
2769 5642 2871 5699 per
2899 5624 3112 5682 Filium
3145 5640 3179 5679 a
3211 5624 3382 5677 Patre
3415 5617 3729 5691 proceden-

2083 5722 2225 5787 tem,
2267 5735 2332 5775 ac
2359 5716 2601 5791 priorem
2660 5733 2723 5774 se
2750 5713 3076 5788 cogitatione
3126 5709 3432 5767 habentem
3491 5705 3726 5776 Filium,
