4058 6216
390 445 504 504 495

1585 435 1859 497 ΡΗΟἸῚΙ
1905 435 2197 496 PATitlA
2211 436 2436 495 RCH/E
2481 436 2599 497 ΟΡ.

3674 439 3783 500 496

391 579 888 652 quemadmodum
951 580 1178 631 Patrem
1242 573 1419 628 habet
1457 571 1634 626 Filius
1666 571 1792 640 (7f).
1827 591 1854 619 ››
1884 570 2032 624 Sane
2062 577 2110 643 Α
2147 579 2446 641 muntque,
2480 585 2612 623 cum
2645 567 2756 624 alio
2789 569 2960 624 modo
3016 568 3088 624 de
3143 569 3310 625 nobis
3342 569 3515 639 dicta,
3556 569 3670 626 alio
3717 572 3786 626 de

391 671 553 724 Pater
583 685 695 723 non
731 667 894 739 prius
944 665 1092 735 [265]
1128 667 1315 734 potest
1361 666 1420 716 ut
1470 660 1720 732 spirator
1767 659 2028 730 cogitari,

393 775 565 829 quam
601 763 662 812 ut
716 762 886 812 Pater
943 753 1326 824 concipiatur,
1387 751 1627 820 proinde
1677 765 1792 803 non
1849 749 2030 818 prius,

395 861 564 918 quam
596 847 778 902 Filius
808 845 1092 916 cogitetur
1123 843 1282 910 ;ideo
1311 841 1555 895 medium
1594 843 1803 894 vocant
1835 837 2030 893 Patres

395 937 630 1004 Filium,
681 933 902 1006 μεσίτην
960 949 1092 988 eum
1169 931 1310 986 dicit
1365 929 1676 1001 Gregorius
1735 927 2030 998 Nyssenus

396 1027 611 1098 (Tract.
647 1024 810 1091 Quod
842 1040 952 1078 non
987 1027 1104 1077 tres
1137 1030 1269 1076 sunt
1301 1019 1408 1074 Dii.
1444 1017 1528 1072 Cf.
1564 1017 1767 1088 Gecrg.
1793 1017 2026 1087 Trapez.

396 1117 467 1171 ad
497 1115 666 1170 Joan.
700 1115 933 1170 Cubocl.
967 1129 1015 1166 c.
1056 1111 1119 1164 21
1159 1130 1172 1176 ;
1207 1111 1265 1166 ϐ.
1329 1110 1388 1164 0.
1425 1110 1466 1173 Ι,
1499 1109 1605 1162 515
1635 1107 1803 1177 seq.).
1837 1107 2032 1176 Neque

394 1222 425 1261 e
456 1219 731 1260 converso
773 1202 886 1258 dici
946 1205 1133 1270 potest
1179 1198 1454 1269 Spiritum
1506 1212 1632 1251 esse
1684 1210 1779 1266 per
1809 1197 2030 1250 Patrem

394 1310 464 1349 ex
492 1293 656 1360 Filio,
691 1293 914 1346 Patrem
947 1305 1075 1344 esse
1106 1286 1362 1342 medium
1397 1287 1546 1340 inter
1579 1284 1785 1339 Filium
1813 1290 1870 1339 et
1900 1284 2029 1355 Spi-

393 1385 593 1451 ritum,
627 1381 908 1453 Spiritum
959 1395 1086 1434 csse
1135 1392 1203 1432 ex
1253 1375 1394 1430 Filio
1457 1375 1723 1430 mediate.
1763 1374 2033 1430 Praeclare

393 1474 622 1530 Thomas
652 1474 720 1540 (I.
780 1487 830 1526 c.
870 1486 922 1524 a.
977 1469 1031 1532 3,
1066 1468 1132 1521 ad
1167 1466 1268 1536 lt):
1327 1467 1482 1523 Ordo
1540 1481 1654 1519 non
1713 1463 2033 1520 attenditur

392 1564 538 1617 inter
568 1562 788 1614 Patrem
822 1563 878 1612 et
917 1555 1126 1610 Filium
1161 1558 1442 1623 quantum
1480 1553 1550 1606 ad
1600 1552 1894 1619 virtutem,
1930 1551 2030 1606 sed

393 1649 583 1704 solum
618 1656 893 1718 quantum
927 1644 996 1698 ad
1025 1644 1306 1714 supposita
1327 1661 1350 1707 ,-
1381 1647 1438 1696 et
1461 1642 1587 1696 ideo
1611 1641 1844 1704 dicitur,
1876 1640 2030 1710 quod

391 1743 559 1793 Pater
587 1737 765 1806 spirat
815 1750 916 1805 per
945 1733 1178 1798 Filium,
1211 1735 1268 1786 et
1295 1746 1404 1786 non
1433 1745 1463 1784 e
1514 1745 1769 1785 converso
1793 1750 1820 1778 ››
1873 1728 1945 1782 cf.
1979 1734 2034 1782 et

391 1827 586 1892 Petav,
618 1825 684 1879 de
714 1824 863 1878 Trin.
899 1821 937 1876 l.
981 1838 1080 1876 vn.
1116 1836 1166 1877 c.
1201 1822 1287 1884 ff,
1329 1837 1386 1874 n.
1421 1821 1529 1889 11).

2143 658 2338 713 divina
2364 659 2572 713 Triade
2603 657 3048 713 considerentur
3073 675 3086 725 ;
3119 662 3177 713 et
3204 657 3464 714 dictionis
3485 659 3792 716 communio

2143 764 2326 802 rerum
2341 748 2688 818 differentias
2711 763 2820 803 non
2846 746 3099 814 dirimit;
3123 748 3219 802 sed
3245 763 3428 802 rerum
3445 749 3790 819 differentia,

2137 854 2266 908 qua:
2305 837 2570 891 diversos
2631 837 2700 891 de
2759 836 2967 891 iisdem
3026 845 3341 908 conceptus
3398 838 3687 907 insinuat,
3737 843 3792 894 et

2139 942 2341 980 vocum
2401 925 2790 980 similitudine
2849 925 3010 980 nullo
3086 926 3256 982 modo
3309 927 3489 996 pietas
3535 926 3797 985 laeditur.

2139 1015 2336 1088 Neque
2385 1021 2688 1088 propterea
2748 1016 2903 1088 quod
2965 1017 3113 1086 apud
3150 1016 3450 1073 hereticos
3495 1019 3794 1074 nonnulla

2140 1122 2310 1160 voces
2341 1105 2551 1175 impias
2610 1105 2929 1161 sententias
2968 1106 3320 1177 exprimunt,
3382 1122 3587 1162 earum
3649 1123 3792 1163 usus

2141 1193 2490 1263 rejiciendus
2528 1200 2635 1263 est,
2667 1195 2767 1250 sed
2828 1195 3223 1263 admittendis,
3254 1196 3305 1251 si
3355 1199 3525 1251 modo
3557 1195 3669 1251 illa:
3704 1198 3794 1268 pie

2141 1282 2544 1355 intelligantur
2573 1292 2624 1339 et
2655 1288 3012 1339 asserantur.
3040 1305 3067 1332 ››
3090 1315 3158 1323 -
3190 1285 3436 1340 Domum
3468 1293 3523 1341 et
3553 1301 3624 1340 ea
3654 1302 3793 1358 pen-

2141 1373 2324 1428 sanda
2354 1378 2489 1428 sunt
2520 1388 2648 1444 quas
2680 1373 2744 1428 D.
2781 1374 2891 1428 Leo
2924 1372 3000 1427 M.
3029 1374 3288 1429 inculcat
3321 1389 3387 1429 :«
3423 1374 3795 1444 Nullaibitin

2140 1461 2445 1531 Trinitate)
2468 1466 2750 1534 tempora,
2785 1461 2928 1517 nulli
2963 1464 3201 1534 gradus,
3246 1462 3420 1518 nulla:
3452 1464 3796 1520 ditf‘erentiie

2141 1554 2506 1621 cogitentur;
2532 1559 2587 1606 et
2617 1551 2668 1606 si
2701 1567 2868 1606 nemo
2891 1552 2961 1606 de
2979 1552 3093 1606 Deo
3116 1556 3308 1622 potest
3325 1551 3618 1622 explicare
3638 1552 3796 1624 quod

2140 1645 2247 1707 est,
2277 1656 2446 1695 nemo
2479 1641 2685 1695 audeat
2734 1641 3046 1710 afﬁrmare,
3079 1640 3221 1711 quod
3261 1657 3374 1694 non
3404 1649 3502 1695 est.
3535 1641 3798 1697 Excusa-

2142 1728 2317 1783 bilius
2347 1728 2499 1783 enim
2522 1734 2607 1782 est
2631 1729 2699 1784 de
2719 1736 2925 1785 natura
2949 1728 3228 1784 ineffabili
3257 1745 3362 1784 non
3387 1729 3574 1801 eloqui
3601 1729 3794 1800 digna,

2143 1834 2319 1888 quam
2351 1818 2581 1887 deﬁnire
2608 1821 2905 1874 contraria.
2940 1819 3234 1890 Quidquid
3261 1819 3456 1891 itaque
3491 1821 3562 1874 de
3585 1820 3803 1890 sempi-

459 1916 549 1968 20.
573 1881 585 1892 1
611 1917 738 1968 Haec
787 1914 844 1967 in
905 1928 961 1966 re
993 1928 1105 1965 non
1165 1881 1360 1964 absvre
1392 1881 1565 1963 fuerit
1593 1908 1798 1963 Leonis
1831 1906 2027 1961 Allatii
2065 1881 2110 1944 Β
2137 1881 2300 1961 terna
2358 1881 2914 1962 et'incommutabili
2961 1881 3156 1978 gloria
3189 1881 3377 1962 Patris
3417 1907 3513 1979 pia
3544 1881 3798 1979 possunt

391 2003 822 2058 observationes
855 2000 1132 2073 quasdam
1179 2000 1486 2071 subjicere,
1516 2015 1642 2069 qum
1680 2003 1737 2052 et
1784 1998 1840 2051 in
1896 1996 2027 2051 aliis

390 2095 563 2148 rebus
589 2091 1054 2146 consideratione
1074 2089 1260 2161 digna:
1294 2093 1452 2143 sunt.
1479 2088 1686 2143 Scribit
1711 2086 1862 2142 enim
1880 2087 2028 2158 (Vin-

388 2181 494 2235 dic.
526 2198 649 2248 syn.
683 2180 817 2250 Eph.
853 2196 900 2234 c.
928 2180 1019 2245 71,
1053 2195 1109 2250 q.
1149 2179 1257 2232 555
1304 2180 1492 2248 seq.):
1530 2199 1557 2226 ‹‹
1589 2177 1642 2230 Si
1677 2175 1830 2230 dicat
1856 2176 2026 2230 Schi-

387 2270 668 2326 smaticus
703 2270 942 2339 :ltaque
967 2270 1012 2322 si
1045 2270 1215 2323 Pater
1246 2284 1346 2337 per
1379 2267 1633 2321 medium
1670 2265 1878 2320 Filium
1902 2265 2024 2336 Spi-

386 2360 564 2414 ritum
596 2359 920 2430 producens
980 2359 1232 2412 mediate
1280 2357 1475 2425 ipsum
1526 2355 1811 2425 producit,
1846 2353 2025 2407 Filius

383 2464 517 2505 vero
547 2447 885 2502 immediate
933 2445 1163 2511 emittit,
1218 2444 1375 2516 quod
1435 2459 1532 2515 per
1572 2442 1801 2498 nullum
1845 2441 2023 2496 alium

389 2537 571 2590 Filius
593 2536 662 2591 sit
694 2533 964 2605 contigua
997 2550 1173 2588 causa
1205 2531 1474 2604 Spiritus,
1506 2535 1562 2586 et
1591 2536 1760 2586 Pater
1792 2546 1906 2584 non
1940 2536 2026 2584 est

385 2623 717 2692 contiguus,
750 2622 942 2676 denuo
1002 2625 1339 2690 sequeretur
1381 2625 1481 2674 aut
1537 2618 1867 2674 imminutio
1900 2617 2028 2672 Filii

385 2718 647 2781 respectu
701 2710 888 2764 Patris
921 2714 1020 2764 aut
1075 2709 1323 2780 Spiritus
1375 2715 1632 2778 respectu
1681 2707 1825 2772 Filii,
1859 2715 1912 2760 et
1943 2705 2026 2759 sic

386 2801 620 2855 dabitur
651 2799 811 2854 locus
846 2801 999 2866 Ario,
1036 2798 1340 2867 Eunomio,
1367 2796 1698 2853 Macedonio
1738 2801 1795 2852 et
1853 2795 2029 2867 Apol-

385 2888 591 2946 linario
631 2905 643 2943 :
679 2891 870 2944 locum
931 2905 1046 2943 non
1078 2887 1204 2942 dari
1236 2888 1407 2943 dictis
1441 2887 1727 2942 haereticis
1781 2887 2026 2941 manife-

384 2983 539 3035 stum
571 2984 679 3034 est.
723 2977 787 3033 lli
825 2992 1069 3048 namque
1103 2977 1375 3031 deitatem
1411 2977 1469 3030 in
1492 2975 1752 3031 diversas
1783 2975 2026 3030 deitates

385 3069 744 3139 discerpunt,
780 3083 1030 3138 quarum
1085 3083 1260 3121 unam
1294 3067 1597 3135 majorem,
1631 3063 1801 3120 aliam
1845 3063 2026 3118 mino-

389 3174 533 3224 rem,
593 3157 817 3212 tertiam
866 3155 1113 3211 mediam
1164 3155 1558 3222 constituunt,
1605 3158 1706 3208 aut
1753 3170 1786 3208 a
1820 3157 2027 3208 natura
2057 3197 2108 3262 Ο

389 3245 425 3262 τι
471 3251 481 3262 ι
527 3247 537 3257 ο
628 3245 642 3262 9
764 3261 771 3262 κ
823 3247 838 3262 ι
953 3245 965 3262 1
1035 3244 1193 3262 κξημὶη
1254 3249 1269 3262 ι
1313 3248 1356 3262 Aa
1389 3243 1665 3262 n,!,,:nu_._
1729 3248 1775 3262 ,ι
1814 3241 2017 3262 n11:_-_..

386 3245 574 3301 Patris
627 3245 878 3301 increata
917 3244 1274 3299 abscindunt
1305 3248 1360 3298 et
1389 3243 1671 3315 Spiritum
1724 3248 1782 3298 et
1814 3241 2025 3296 Filium

386 3335 752 3390 subalternas
804 3338 1060 3397 naturas,
1103 3336 1169 3387 ut
1217 3333 1297 3387 ita
1328 3333 1538 3398 dicam,
1589 3337 1646 3386 et
1701 3339 2027 3386 creaturam

388 3421 537 3475 hanc
569 3421 814 3492 hujusce
857 3427 914 3475 et
965 3421 1112 3475 hanc
1143 3421 1382 3475 alterius
1416 3421 1672 3485 firmant,
1705 3424 1806 3472 aut
1837 3418 2028 3488 Spiri—

387 3513 510 3562 tum
530 3526 735 3563 rursus
751 3511 808 3563 in
826 3509 1090 3563 ordinem
1112 3517 1502 3562 creaturarum
1525 3506 1860 3571 detrahunt,
1880 3507 2027 3575 apud

388 3613 535 3667 quos
568 3602 622 3650 et
654 3597 906 3666 primum
940 3611 1058 3650 non
1110 3595 1294 3664 pium,
1327 3598 1383 3649 et
1403 3595 1747 3664 contiguum
1779 3593 2027 3664 impium

387 3690 444 3740 et
477 3685 732 3740 medium
759 3701 870 3739 non
904 3684 1101 3738 minus
1125 3687 1424 3754 reputatur
1454 3687 1511 3738 et
1534 3683 1723 3751 majus
1745 3688 1798 3738 et
1831 3685 2026 3737 minus

388 3779 445 3829 et
474 3774 822 3844 simpliciter
877 3772 1028 3844 [266]
1088 3773 1229 3827 ordo
1253 3776 1308 3827 et
1337 3771 1598 3826 anterius
1622 3775 1679 3827 et
1713 3772 2025 3842 posterius,

391 3869 447 3919 et
477 3865 628 3934 quod
660 3862 795 3917 inde
825 3863 1228 3934 subsequitur,
1260 3866 1314 3918 et
1346 3861 1573 3917 similes
1603 3877 1772 3916 voces
1801 3877 2029 3917 summa

390 3969 521 4008 cum
555 3951 848 4022 impietate
877 3952 946 4007 ab
977 3951 1194 4006 eisdem
1218 3951 1629 4022 intelliguntur
1647 3955 1704 4006 et
1726 3949 2026 4005 declaran-

388 4049 502 4100 tur.
535 4044 698 4116 Apud
748 4042 1073 4097 Calholicos
1118 4058 1249 4098 vero
1297 4048 1352 4096 et
1379 4041 1511 4096 ordo
1555 4042 1695 4096 dum
1728 4042 2026 4108 asseritur,

388 4150 503 4190 non
537 4135 756 4188 absona
778 4149 811 4187 a
829 4133 1038 4202 pietate
1061 4131 1287 4186 ratione
1309 4131 1366 4185 in
1386 4131 1663 4186 Trinitate
1685 4131 2024 4197 assumitur,

389 4229 447 4278 et
473 4225 720 4289 primum
751 4227 808 4276 et
837 4221 1016 4292 prius,
1040 4226 1096 4275 et
1127 4222 1375 4275 anterius
1415 4225 1472 4274 et
1507 4221 1796 4291 posterius,
1829 4225 1885 4274 et
1915 4235 2025 4276 me-

387 4315 540 4368 dium
570 4319 625 4367 et
645 4311 824 4382 majus
855 4320 904 4366 et
936 4311 1252 4380 contiguum
1291 4310 1570 4381 quidquid
1608 4309 1763 4364 aliud
1799 4310 1855 4364 in
1880 4310 2024 4364 divi-

389 4419 596 4458 norum
635 4401 865 4456 Patrum
890 4399 1322 4455 commentariis
1346 4399 1627 4470 reperitur
1647 4416 1678 4453 a
1701 4398 1812 4470 piis
1845 4398 2027 4454 homi-

389 4493 586 4559 nibus,
622 4495 686 4546 ut
719 4491 898 4545 Deum
949 4490 1189 4584 addecet
1239 4493 1296 4543 et
1343 4487 1553 4584 divinis
1611 4488 2026 4584 hypostasibus
2059 4519 2106 4584 Β

389 4582 679 4653 congruit,
715 4579 1099 4652 accipiuntur.
1123 4577 1272 4633 Licet
1301 4576 1456 4632 enim
1507 4593 1576 4632 ex
1605 4579 1758 4632 nobis
1796 4575 2026 4632 nostris-

388 4689 491 4741 que
537 4687 685 4728 vores
739 4670 948 4726 similes
1003 4667 1320 4734 trahantur,
1352 4681 1461 4722 non
1491 4666 1610 4722 ideo
1641 4675 1821 4722 tamen
1849 4666 1914 4722 de
1943 4665 2030 4722 di-

394 4763 534 4814 vinis
584 4763 669 4815 uti
714 4759 778 4814 de
833 4761 1041 4816 nostris
1095 4757 1576 4830 philosophamur,
1615 4757 1714 4812 sed
1743 4756 2028 4828 superiori

394 4849 643 4916 quodam
678 4851 873 4917 modo,
906 4855 969 4904 ut
999 4849 1208 4904 divinas
1239 4851 1458 4903 natura;
1501 4852 1553 4902 et
1586 4845 1797 4902 divinis
1848 4846 2029 4918 hypo-

393 4939 650 4993 stasibus
682 4940 973 5009 convenit,
1006 4941 1089 4995 sic
1119 4942 1188 4995 de
1219 4939 1460 5011 reliquis
1504 4939 1634 4996 aliis
1665 4940 2024 5006 nominibus,

390 5025 569 5083 veluti
627 5032 765 5082 sunt
829 5030 1142 5098 generatio,
1220 5029 1493 5098 Verbum,
1570 5033 1759 5097 Pater,
1828 5027 2024 5094 Filius,

389 5117 643 5188 Spiritus
685 5123 741 5174 et
771 5120 885 5174 alia
932 5119 1276 5191 theologica,
1322 5137 1452 5192 quae
1513 5120 1651 5175 licet
1687 5136 1754 5175 ex
1810 5118 2026 5175 nostris

389 5206 794 5277 desumentur,
819 5223 908 5263 res
928 5212 1121 5264 tamen
1145 5225 1324 5280 supra
1347 5225 1453 5264 nos
1484 5208 1821 5279 significant
1839 5207 2025 5279 expri-

457 5421 564 5492 (71)
598 5421 808 5492 Eodem
843 5423 1008 5492 pacto
1041 5436 1242 5474 rursus
1289 5419 1594 5476 Bessarion
1629 5420 1910 5492 Respons.
1948 5421 2018 5476 ad

385 5491 565 5549 Marci
598 5491 794 5563 Ephes.
844 5491 1171 5563 syllog._18,
1219 5507 1346 5562 cap.
1395 5492 1632 5563 t_(C_od._
1661 5491 1822 5563 Mon._
1858 5493 1927 5547 27
1979 5493 2018 5547 f.

2137 1995 2311 2050 corda
2340 1996 2664 2065 concipere,
2692 1996 2796 2050 hoc
2819 1996 2990 2050 simul
3025 2001 3082 2051 et
3100 1995 3171 2050 de
3201 1996 3344 2051 Filio
3375 2002 3431 2052 et
3463 1997 3534 2052 de
3564 1997 3792 2068 Spiritu

2138 2089 2338 2141 sancto
2378 2084 2841 2154 inseparabiliter
2908 2094 3082 2156 atque
3127 2084 3529 2140 indifferenter
3567 2086 3789 2141 intelli-

2136 2178 2288 2243 gant.
2308 2196 2334 2224 ››
2350 2175 2540 2243 (Serm.
2555 2175 2576 2227 1
2591 2215 2603 2240 ,
2621 2174 2689 2228 de
2705 2174 2928 2229 Pentec.
2945 2191 2996 2229 c.
3011 2175 3073 2240 3;
3093 2173 3299 2229 Baller.
3315 2176 3582 2242 serm.75,
3608 2192 3662 2244 p.
3681 2176 3789 2230 402

2137 2263 2226 2317 ed.
2261 2263 2495 2334 MIGNE.)
2518 2284 2544 2312 ‹‹
2575 2268 2650 2316 De
2682 2280 2798 2334 qua
2820 2263 2902 2334 (S.
2935 2264 3228 2333 Trinitate}
3262 2280 3391 2318 cum
3425 2265 3482 2318 S.
3511 2266 3780 2334 Scriptu-

2137 2367 2199 2404 ra
2230 2353 2312 2405 sic
2341 2351 2616 2422 loquitur,
2640 2361 2694 2406 ut
2717 2357 2822 2406 aut
2849 2353 2906 2406 in
2929 2352 3094 2407 factis
3126 2358 3226 2406 aut
3255 2353 3311 2406 in
3345 2351 3526 2408 verbis
3555 2351 3786 2423 aliquid

2138 2439 2417 2509 assignet,
2454 2441 2600 2508 quod
2635 2440 2874 2507 singulis
2905 2441 3169 2495 videatur
3207 2443 3497 2496 convenire
3514 2443 3793 2512 personis,

2138 2545 2250 2583 non
2285 2531 2655 2598 perturbatur
2690 2529 2830 2584 fides
2854 2530 3160 2600 catholica,
3187 2531 3285 2586 sed
3306 2532 3578 2598 docetur;
3605 2536 3666 2586 ut
3688 2547 3798 2602 per

2138 2616 2284 2688 [267]
2320 2619 2724 2688 pr0prietatem
2759 2623 2856 2672 aut
2886 2621 3043 2674 vocis
3085 2625 3185 2675 aut
3214 2619 3404 2691 operis
3458 2619 3799 2676 insinuetur

2140 2707 2308 2761 nobis
2339 2707 2548 2761 veritas
2577 2707 2900 2772 Trinitatis,
2950 2717 3005 2763 et
3051 2723 3163 2763 non
3190 2708 3404 2763 dividat
3453 2710 3793 2777 intellectus,

2137 2796 2280 2865 quod
2313 2796 2614 2866 distinguit
2645 2796 2891 2850 auditus.
2918 2798 3004 2851 Ob
3040 2798 3144 2851 hoc
3177 2797 3334 2852 enim
3367 2798 3636 2868 quaedam
3671 2799 3794 2855 sive

2137 2886 2247 2939 sub
2277 2885 2460 2939 Patris
2493 2887 2612 2940 sive
2662 2887 2772 2941 sub
2807 2886 2934 2940 Filii
2979 2887 3099 2941 sive
3150 2887 3258 2941 sub
3307 2887 3561 2958 Spiritus
3592 2889 3788 2944 sancti

2139 2972 2526 3043 appellatione
2563 2981 2932 3043 promuntur,
2968 2979 3031 3030 ut
3077 2977 3366 3032 confessio
3415 2977 3679 3031 fidelium
3727 2977 3794 3032 in

2139 3062 2413 3116 Trinitate
2447 3079 2560 3118 non
2585 3068 2773 3132 erret;
2807 3079 3072 3135 quaecum
3096 3064 3169 3120 sit
3197 3067 3613 3136 inseparabilis,
3643 3083 3798 3120 nun-

2137 3168 2301 3221 quam
2322 3151 2725 3221 intelligeretur
2753 3168 2868 3208 esse
2905 3154 3160 3220 Trinitas,
3183 3153 3236 3208 si
3255 3170 3468 3225 semper
3499 3156 3791 3226 insepara-

2139 3239 2324 3295 biliter
2349 3239 2645 3296 diceretur.
2681 3245 2831 3296 Bene
2854 3257 2989 3312 ergo
3012 3242 3140 3314 ipsa
3163 3243 3482 3298 difﬁcultas
3507 3242 3792 3314 loquendi

2137 3347 2235 3384 cor
2268 3334 2529 3384 nostrum
2569 3331 2638 3383 ad
2687 3329 3133 3402 intelligentiam
3167 3331 3367 3400 trahit,
3399 3339 3453 3387 et
3493 3348 3590 3401 per
3621 3332 3789 3386 inﬁr-

2145 3418 2405 3471 mitatem
2441 3425 2696 3472 nostram
2729 3417 2974 3473 cmlestis
3007 3419 3268 3476 doctrina
3296 3436 3398 3475 uos
3430 3421 3684 3490 adjuvat,
3723 3427 3794 3474 ut

2142 3507 2279 3575 quia
2309 3505 2368 3559 iu
2393 3505 2609 3561 Deitate
2634 3506 2816 3562 Patris
2851 3513 2908 3562 et
2938 3507 3065 3563 Filii
3087 3513 3142 3563 et
3180 3509 3438 3579 Spiritus
3473 3511 3660 3564 sancti
3684 3525 3793 3566 nec

2141 3593 2523 3664 singularitas
2554 3601 2642 3650 est
2673 3612 2776 3651 nec
2800 3597 3108 3653 diversitas
3131 3599 3463 3669 cogitanda,
3493 3614 3630 3653 vera
3663 3598 3800 3653 uni-

2138 3687 2223 3738 tas
2254 3690 2310 3738 et
2332 3701 2464 3740 vera
2480 3685 2733 3740 Trinitas
2766 3686 2950 3757 possit
2981 3687 3217 3758 quidem
3243 3688 3421 3742 simul
3453 3693 3648 3742 mente
3678 3687 3796 3742 ali-

2139 3778 2426 3843 quatenus
2448 3774 2674 3842 sentiri,
2703 3771 2934 3830 sed'non
2957 3777 3138 3846 possit
3160 3779 3329 3831 simul
3355 3793 3447 3832 ore
3464 3778 3734 3847 proferri.
3759 3798 3790 3825 ι»

2136 3864 2349 3932 (Serm.
2382 3865 2437 3934 2,
2470 3865 2529 3919 in
2563 3865 2787 3921 Pentec.
2822 3881 2872 3922 ο.
2905 3866 2940 3919 2
2972 3885 2986 3935 ;
3021 3867 3164 3923 Ball.
3215 3883 3388 3924 serm.
3422 3868 3513 3935 '76,
3548 3885 3602 3938 p.
3656 3868 3788 3935 405,

2136 3952 2226 4006 ed.
2259 3954 2380 4023 cit.)

2141 4042 2230 4097 IV.
2264 4074 2331 4082 —
2362 4043 2440 4098 Ad
2462 4047 2746 4115 praecipua
2768 4046 2953 4102 Photii
2971 4049 3308 4118 sophismata
3328 4048 3615 4102 variorum
3636 4045 3790 4101 thea-

2456 4133 2705 4204 logorum
2745 4151 3006 4202 responsa
3047 4142 3456 4208 proponuntur.

2210 4223 2258 4276 1.
2295 4222 2394 4277 His
2429 4225 2498 4277 de
2525 4223 2826 4295 principiis
2859 4225 3047 4281 Photii
3099 4226 3368 4282 delibatis
3399 4227 3524 4296 jam
3571 4225 3784 4281 miram

2138 4312 2296 4366 illam
2316 4310 2742 4382 sephismatum
2767 4314 2974 4370 seriem
2999 4314 3444 4386 perlustremus,
3470 4332 3586 4386 qua
3606 4329 3787 4368 suum

2137 4398 2418 4471 placitum
2451 4400 2714 4457 stabilire
2745 4409 3006 4458 conatur.
3031 4404 3306 4459 Adductis
3337 4404 3536 4476 itaque
3568 4401 3791 4457 Christi

2137 4490 2326 4546 verbis
2344 4493 2511 4546 Joan.
2531 4507 2624 4559 xv,
2651 4493 2722 4546 26
2742 4496 2895 4564 (cap.
2925 4493 2982 4564 ‘2.)
3007 4494 3086 4548 ita
3111 4493 3496 4550 ratiocinatur
3517 4495 3667 4564 (cap.
3692 4493 3750 4562 3)
3775 4509 3793 4548 :

2139 4578 2318 4635 Filius
2347 4585 2404 4636 et
2445 4581 2700 4651 Spiritus
2732 4597 2798 4638 ex
2829 4583 3031 4637 eodem
3067 4583 3382 4656 principio,
3415 4583 3578 4638 Patre
3625 4580 3790 4648 scil.,

2137 4685 2311 4724 suum
2345 4668 2556 4725 habent
2575 4687 2721 4739 esse,
2744 4670 2876 4727 licet
2897 4671 3122 4728 diverso
3152 4673 3344 4737 modo,
3371 4677 3510 4728 sunt
3539 4671 3790 4727 omnino

2139 4760 2336 4814 eadem
2371 4769 2580 4815 natura
2627 4767 2683 4815 et
2723 4761 2844 4831 pari
2880 4759 3098 4817 honore
3130 4762 3353 4833 praediti
3388 4779 3400 4828 ;
3457 4761 3696 4833 proinde
3727 4760 3788 4816 si

2137 4847 2314 4902 Filius
2371 4849 2625 4919 Spiritus
2674 4850 2864 4906 sancti
2913 4853 3062 4906 esset
3128 4849 3504 4922 principium,
3567 4849 3794 4921 pariter

2137 4937 2262 4992 Filii
2296 4939 2647 5011 principium
2672 4939 2809 4995 foret
2825 4939 3078 5010 Spiritus
3100 4946 3339 4995 sanctus
3357 4940 3498 4995 alter
3515 4939 3678 4994 alteri
3698 4940 3796 4994 vi-

2137 5027 2334 5082 cissim
2366 5027 2600 5084 deberet
2622 5045 2796 5084 causa
2817 5029 3060 5085 existere
3082 5033 3257 5098 atque
3279 5029 3459 5085 Filius
3478 5045 3542 5084 ex
3567 5027 3792 5098 Spiritu

2137 5134 2369 5188 quoque
2399 5119 2681 5190 generari.
2719 5120 2879 5184 Quod
2902 5136 3044 5175 sane
3074 5128 3484 5190 argumentum
3518 5135 3633 5174 non
3659 5135 3788 5174 ma-

2135 5209 2230 5280 gni
2257 5209 2528 5280 ponderis
2559 5214 2666 5265 est.
2699 5211 2858 5266 Sicut
2890 5210 3044 5266 enim
3078 5209 3393 5281 aequalitati
3443 5213 3500 5265 et
3529 5208 3794 5264 consub-

2129 5436 2216 5487 ‘gat'.
2252 5412 2309 5469 δὲ
2361 5415 2388 5468 ὁ
2447 5415 2594 5487 Υἱὸῆ
2625 5415 2718 5487 καὶ
2775 5416 2892 5487 μετ’
2953 5414 3158 5487 ἐκεῖ-νον
3211 5413 3274 5467 τὸ
3319 5415 3572 5487 Πνεῦμα,
3607 5409 3797 5487 ὀρθῶς

2131 5484 2446 5573 Sinnianae
2472 5491 2556 5573 ςεῷ
2587 5484 2912 5573 λόγὲρίςζξξχ
2942 5487 3045 5573 ὡς.ι
3059 5484 3268 5573 ἐκεῖγρξ
3296 5485 3568 5573 (Muralis)
3597 5484 3659 5538 τὲ
3697 5484 3800 5573 xui

381 5566 488 5620 226
519 5567 573 5636 a)
609 5552 655 5619 τ’
693 5552 938 5648 Ἀμέσὶὧς
993 5552 1186 5648 ’ῥένξόι
1214 5552 1308 5644 ,γε’
1354 5552 1468 5648 καῖ’
1498 5561 1748 5648 ἐμμὲῖιιδς
1807 5560 1866 5648 ἐκ
1900 5565 2019 5648 (7.0.5
2129 5558 2179 5648 9i.
2367 5552 2548 5644 αὐτὸνς.
2605 5552 2993 5648 μῄδέὴὸὶξέοςῇ
3018 5552 3374 5648 ξιμστέλλέιχ
3411 5552 3616 5648 eiseis:
3651 5574 3692 5641 °‘
3717 5555 3800 5648 03';

383 5638 511 5691 Υἱοῦ
541 5630 628 5709 ἰἒὸΔ
653 5630 870 5709 "vestio?
912 5630 1038 5709 φαάι
1079 5630 1357 5709 (Ιιᾶιίῐῇὶη’
1399 5633 1461 5686 τὸ
1494 5630 1587 5705 μ.ὶὺ
1618 5630 1735 5709 Δ’διὰ⁸
1768 5634 1866 5703 τὴν
1900 5633 2018 5709 ἑνός-

381 5730 518 5777 τητα
547 5705 634 5762 καὶ
683 5699 990 5775 ταυάὁτηίεα
1033 5699 1132 5773 τῆς
1175 5699 1576 5777 ,προϐλητςκῆεί
1616 5699 1916 5777 δυνάμεὼςι
1955 5705 2015 5758 τὸ

382 5774 558 5836 Siste
607 5783 702 5848 τήν
739 5774 974 5852 τάξινέῇ
1019 5774 1377 5856 προτέτακται
1411 5775 1508 5850 μὲν
1558 5775 1586 5829 ὁ
1636 5774 1846 5851 Πατὴρ,
1893 5774 2015 5831 ἕπε-

2125 5627 2178 5684 ἐν
2211 5628 2408 5703 ἄλλοις
2441 5630 2576 5703 πρὸς
2605 5626 2697 5684 ira»
2742 5628 2911 5686 αὐτοῦ
2966 5626 3296 5684 διδάσκαλον
3332 5626 3598 5700 Παλαμᾶν
3647 5627 3802 5703 εὶρήο

2126 5720 2190 5754 κα
2200 5722 2292 5776 μεν
2318 5701 2666 5776 τελεώτερον.
