4058 6216
351 407 470 470 499

1549 395 1818 459 PHOTIl
1865 394 2394 458 ΡΑἸἫΙΑΗΟΗᾸΞ
2434 395 2552 457 ΟΡ.

3639 396 3746 458 500

344 539 731 615 legationibus
752 540 809 594 et
830 536 1239 592 donationibus
1267 533 1521 606 Spiritus
1545 547 1778 604 semper
1801 529 1988 587 Patris
2017 532 2071 598 Α
2100 529 2298 586 omnia
2321 529 2614 586 naturalia
2636 528 2936 598 attributa,
2969 527 3073 584 sed
3101 527 3346 586 minime
3374 528 3668 586 idiomata-
3687 549 3754 589 ac

348 630 533 690 Filius
564 644 802 684 consors
847 630 932 681 est
963 644 976 693 ;
1010 630 1066 680 at
1109 624 1363 696 Spiritus
1401 622 1589 678 dicere
1633 626 1854 693 patrem
1886 635 1991 676 seu

351 719 563 778 Filium
597 717 878 790 Spiritum
906 715 1091 770 ﬁlium
1116 712 1405 786 appellare
1427 710 1780 768 exsecrabile
1803 709 1992 782 profa-

353 824 610 879 numque
647 810 758 862 est.
806 805 915 860 Sed
953 819 1140 874 neque
1185 801 1496 874 propositio
1529 800 1649 868 illa,
1697 815 1818 871 qua
1851 797 1994 854 dicit

350 897 716 954 emissionem
756 893 907 948 Patri
955 897 1011 947 et
1060 891 1202 947 Filio
1241 905 1614 946 communem
1654 905 1800 956 esse,
1842 887 1991 959 [271]

351 986 649 1058 proprium
691 989 943 1054 paterna
993 997 1273 1053 personae,
1333 997 1446 1052 quo
1490 985 1663 1050 aptus
1704 982 1877 1033 natus
1907 983 1994 1032 est

351 1074 621 1147 insigniri
659 1073 828 1128 Pater
867 1070 1046 1139 solus,
1103 1069 1387 1125 interimit
1433 1069 1605 1139 (sicut
1635 1066 1994 1122 interimeret

349 1164 763 1235 proprietatem
787 1160 1181 1232 insignitivam
1206 1159 1329 1215 Filii
1365 1157 1654 1228 processio
1685 1171 1752 1211 ex
1771 1154 1990 1227 Spiritu

348 1252 593 1320 sancto).
643 1272 674 1302 ››
705 1250 923 1307 Deinde
973 1249 1044 1303 ad
1092 1248 1273 1302 alium
1316 1245 1711 1302 Methonensis
1765 1242 1996 1316 syllogi-

350 1356 548 1397 smum
599 1339 669 1412 (c.
721 1340 797 1410 6),
849 1337 947 1408 qui
994 1336 1265 1407 prasenti
1305 1334 1494 1390 Pholii
1544 1337 1891 1405 argumento
1920 1330 1991 1388 ad

347 1429 589 1488 verbum
623 1429 736 1484 fere
759 1427 1095 1498 respondet,
1129 1425 1431 1492 accedens,
1456 1428 1768 1496 postquam
1791 1420 1994 1478 sedulo

352 1517 666 1576 inculcavit
714 1535 726 1571 :
769 1541 795 1566 α
829 1515 1158 1570 Genitorem
1207 1514 1504 1569 secundum
1533 1514 1707 1568 aliam
1743 1511 1995 1584 praprie-

350 1612 518 1664 tatem
547 1621 839 1678 generare,
891 1609 946 1660 et
989 1603 1275 1660 secundum
1312 1603 1484 1658 aliam
1515 1602 1778 1659 emittere
1809 1600 1992 1672 Spiri-

354 1703 498 1763 tum,
533 1718 561 1746 »
595 1696 673 1750 ita
713 1693 1088 1766 prosequitur
1120 1710 1134 1748 :
1192 1715 1220 1742 ‹‹
1269 1693 1332 1748 Et
1365 1692 1813 1760 attendendum,
1857 1705 1998 1760 quo-

353 1787 512 1842 niam
537 1801 650 1841 non
675 1787 912 1856 propter
930 1782 1167 1838 honoris
1190 1781 1533 1852 parilitatem
1557 1781 1743 1836 Patris
1765 1784 1821 1835 et
1847 1778 1993 1840 Filii,

2106 619 2407 676 relationes
2439 618 2719 691 opposita
2767 636 2781 686 ;
2817 618 2969 673 unde
3013 618 3190 674 sicuti
3221 617 3403 675 Filius
3433 636 3548 676 non
3583 620 3756 678 habet

2103 709 2510 781 paternitatem
2543 724 2643 764 seu
2691 708 2938 764 activam
2991 708 3450 780 generationem,
3482 709 3569 766 ita
3600 713 3754 782 quod

2100 798 2358 869 spiratur
2390 799 2592 870 nequit
2621 799 2870 854 activam
2901 798 3117 855 habere
3147 799 3554 872 spirationem.
3595 801 3756 862 Hanc

2099 888 2355 960 Spiritus
2394 888 2608 955 inesse,
2652 888 2730 944 ait
2769 887 3070 944 Bessarion
3113 890 3230 962 (ep.
3276 889 3354 945 Ad
3391 892 3554 950 Alex.
3599 893 3756 949 Lasc.

2101 993 2151 1032 c.
2180 979 2262 1046 7;
2312 977 2486 1034 Hard.
2539 979 2637 1045 IX,
2679 978 2819 1032 1062
2850 977 3218 1049 impossibile
3259 984 3336 1035 est
3375 996 3438 1036 eo
3475 981 3620 1053 quod
3658 999 3756 1056 op-

2099 1068 2327 1139 ponitur
2372 1069 2490 1139 ejus
2523 1069 2876 1140 proprietati.
2939 1068 3110 1124 Recte
3159 1068 3379 1125 Natalis
3426 1070 3758 1129 Alexander

2103 1173 2256 1228 resp.
2289 1159 2375 1229 (Η.
2408 1159 2468 1213 Ε.
2523 1174 2652 1214 sac.
2707 1174 2785 1224 1x,
2837 1158 2980 1214 diss.
3035 1159 3126 1225 18,
3157 1175 3266 1215 ass.
3304 1159 3354 1230 1,
3391 1177 3447 1233 p.
3493 1161 3622 1231 531,
3657 1163 3748 1219 ed.

2104 1247 2264 1317 1788,
2297 1249 2352 1321 4)
2405 1263 2419 1303 :
2472 1248 2736 1304 absoluta
2782 1247 2983 1304 omnia
3013 1247 3295 1304 attributa
3325 1250 3513 1307 tribus
3545 1266 3754 1324 perso-

2103 1337 2195 1392 nis
2225 1337 2565 1393 communia
2587 1341 2644 1394 et
2665 1354 2794 1410 qua
2817 1337 2886 1393 ad
2915 1345 3203 1394 creaturas
3225 1339 3490 1396 ordinem
3515 1340 3756 1412 habent,

2104 1431 2168 1482 ut
2197 1431 2440 1495 creator,
2474 1427 2772 1496 dominus,
2822 1432 2960 1496 etc.,
3011 1445 3124 1484 non
3156 1433 3353 1485 autem
3385 1429 3764 1502 proprietates

2103 1532 2506 1588 personarum.
2526 1515 2743 1572 Harum
2757 1516 2913 1573 enim
2931 1532 3004 1589 qu
3015 1517 3198 1573 adem
3221 1522 3358 1574 sunt
3376 1519 3764 1592 hypostaticw,

2111 1621 2254 1678 quas
2286 1609 2450 1678 Hugo
2482 1606 2826 1662 Etherianus
2859 1607 2921 1679 (Ι.
2956 1624 2990 1675 ι,
3027 1623 3077 1664 c.
3109 1607 3164 1673 8,
3201 1607 3268 1662 12
3297 1611 3352 1664 et
3383 1609 3633 1682 passim)
3665 1626 3763 1666 vo-

2106 1698 2200 1749 cat
2224 1709 2590 1760 personarum
2611 1695 2984 1766 insignitivas,
3009 1695 3132 1752 sive
3160 1713 3288 1767 qua
3311 1713 3590 1768 personas
3619 1714 3759 1755 con-

2108 1785 2380 1852 stituunt,
2413 1787 2741 1856 cujusmodi
2790 1790 2907 1842 tres
2954 1785 3094 1842 sola
3124 1786 3183 1840 in
3214 1786 3328 1843 Deo
3361 1787 3766 1860 reperiuntur,

354 1881 418 1932 ut
447 1891 516 1930 ex
543 1855 726 1940 Patre,
761 1872 846 1928 sic
874 1889 944 1928 ex
976 1871 1120 1928 Filio
1149 1871 1407 1944 Spiritus
1440 1869 1718 1943 procedit.
1750 1869 1810 1925 Si
1841 1869 1998 1924 enim
2032 1855 2075 1920 Β
2107 1873 2234 1930 scil.
2273 1855 2612 1946 paternitas,
2647 1875 2850 1931 tiliatio
2893 1881 2950 1932 et
2979 1876 3283 1947 processio.
3321 1855 3463 1933 Alia
3495 1886 3636 1934 sunt
3669 1855 3767 1935 ne?

353 1969 589 2038 propter
629 1963 864 2018 honoris
915 1959 1264 2033 parilitatem
1307 1977 1376 2016 ex
1422 1959 1710 2016 ambobus
1748 1958 2002 2030 Spiritus

353 2057 673 2121 emanaret,
731 2051 1010 2124 consequi
1067 2051 1382 2117 videretur,
1433 2059 1496 2106 ut
1540 2049 1721 2105 Filius
1770 2052 2005 2120 propter

353 2143 595 2202 honoris
640 2141 1018 2213 parilitatem,
1051 2142 1208 2197 sicut
1253 2144 1342 2196 est
1389 2155 1458 2195 ex
1507 2143 1696 2202 Patre.
1731 2138 1812 2193 ita
1851 2141 1907 2193 et
1935 2153 2004 2193 ex

356 2233 576 2304 Spiritu
608 2235 764 2287 esset
793 2250 807 2299 ;
845 2228 997 2302 quod
1027 2229 1309 2285 Methona
1352 2229 1564 2285 astruit
1608 2228 1939 2300 episcopus.
1971 2247 2001 2276 »

360 2322 548 2393 Hujus
572 2320 766 2376 relatis
789 2319 999 2387 verbis,
1025 2342 1051 2369 ‹‹
1078 2319 1183 2376 Hic
1204 2319 1436 2390 quidem
1457 2319 1566 2387 vir,
1599 2318 1791 2388 inquit
1821 2318 2004 2387 Hugo,

361 2419 414 2468 el
443 2411 637 2468 omnis
661 2408 983 2480 intelligere
1015 2407 1210 2463 volens
1230 2424 1430 2462 verum
1454 2423 1582 2463 esse
1603 2406 1759 2477 quod
1782 2406 2005 2462 dictum

361 2513 446 2560 est
478 2501 718 2572 reperiet
771 2517 783 2555 :
819 2499 1067 2568 Spiritus
1099 2514 1239 2554 sane
1285 2498 1426 2554 Filio
1476 2497 1715 2570 aqualis
1760 2502 1825 2552 ut
1854 2500 2007 2552 Deus

362 2592 481 2647 Deo
503 2589 745 2661 gratiam
770 2589 976 2643 reddit.
1011 2587 1155 2642 Nam
1187 2586 1421 2658 qualem
1444 2586 1689 2658 gratiam
1711 2585 1866 2642 Patri
1890 2585 2006 2656 (ed.

360 2680 546 2749 Pater)
587 2694 656 2734 ex
705 2677 833 2749 ipso
878 2677 1155 2748 prodiens
1209 2676 1504 2745 retribuit,
1552 2674 1816 2731 eamdem
1865 2675 2008 2730 Filio

363 2769 760 2839 recompensat
811 2781 879 2821 ex
910 2766 1034 2836 ipso
1083 2766 1405 2836 procedens
1443 2781 1461 2833 ;
1495 2775 1811 2836 utrumque
1851 2766 2007 2820 enim

363 2857 645 2914 emissum
677 2855 883 2912 dicitur
922 2859 979 2910 et
1008 2858 1113 2911 est.
1153 2877 1183 2905 »
1214 2855 1472 2911 Tandem
1505 2858 1736 2912 notetur
1767 2854 2011 2910 minime

365 2951 518 3004 recte
547 2945 662 3002 dici
689 2963 722 3002 a
752 2944 946 3001 Marco
976 2944 1225 3016 Ephesio
1255 2946 1370 3017 (73)
1407 2961 1420 2999 :
1453 2945 1616 3000 Sicut
1646 2944 1897 3014 Spiritus
1928 2943 2012 2999 nil

368 3036 591 3093 confert
612 3035 683 3091 ad
716 3034 1167 3106 generationem,
1201 3033 1283 3089 ita
1311 3049 1416 3090 nec
1446 3033 1625 3090 Filius
1667 3033 1738 3090 ad
1780 3048 2012 3106 proces-

2109 1964 2364 2030 tionales,
2398 1980 2521 2035 qua
2555 1981 2668 2020 non
2713 1965 3103 2034 constituunt,
3135 1966 3234 2022 sed
3267 1966 3529 2023 indicant
3565 1985 3764 2040 perso~

2112 2069 2236 2121 nas,
2261 2060 2318 2109 et
2341 2054 2548 2110 harum
2573 2054 2870 2110 nonnulla
2894 2055 2990 2111 uni
3018 2072 3277 2127 persona
3300 2061 3521 2112 tantum
3546 2074 3762 2115 conve-

2115 2144 2305 2214 niunt,
2341 2149 2404 2200 ut
2434 2161 2562 2200 esse
2585 2146 2907 2217 ingenitum
2932 2146 3104 2214 Patri,
3125 2145 3250 2201 alia
3277 2147 3528 2214 duobus,
3566 2153 3627 2204 ut
3646 2148 3765 2221 spi-

2116 2233 2264 2288 ratio
2296 2233 2481 2290 activa
2506 2233 2654 2290 Patri
2681 2240 2734 2290 et
2767 2233 2911 2292 Filio
2935 2236 3071 2308 (74).
3097 2235 3212 2292 Nec
3242 2253 3373 2292 vero
3398 2253 3765 2309 consequens

2114 2332 2201 2380 est
2257 2324 2427 2380 etiam
2487 2323 2774 2396 Spiritum
2844 2329 3115 2380 sanctum
3191 2342 3310 2381 su
3381 2326 3764 2397 processionis

2117 2417 2411 2469 auctorem
2454 2414 2741 2482 futurum,
2792 2416 2930 2486 quia
2972 2414 3175 2470 eadem
3228 2415 3401 2471 habet
3445 2415 3768 2472 essentiam

2118 2521 2253 2562 cum
2281 2509 2449 2561 Patre
2471 2509 2526 2560 et
2566 2505 2730 2562 Filio.
2752 2507 3050 2578 Siquidem
3075 2523 3190 2562 non
3227 2507 3461 2578 pracise
3483 2507 3540 2562 id
3565 2523 3773 2564 essen-

2117 2599 2211 2660 tia
2242 2598 2450 2653 divina
2481 2599 2768 2667 convenit,
2802 2616 2920 2672 qua
2950 2600 3205 2656 essentia
3253 2604 3359 2667 est,
3395 2603 3460 2655 ut
3491 2601 3778 2672 producat

2119 2687 2402 2760 Spiritum
2437 2691 2730 2755 sanctum,
2763 2690 2863 2744 sed
2898 2689 3049 2761 [275]
3082 2692 3354 2758 essentia,
3387 2705 3493 2762 qua
3525 2693 3774 2758 paterni-

2121 2781 2232 2833 tate
2262 2781 2310 2834 et
2332 2777 2604 2846 ﬁtialtone
2630 2779 2828 2850 affecta
2857 2783 2936 2834 est
2965 2782 3015 2834 et
3044 2777 3378 2847 modiﬁcata,
3413 2778 3774 2850 quibuscum

2120 2867 2382 2939 spirandi
2422 2868 2745 2939 proprietas
2786 2867 3081 2939 complexa
3128 2871 3311 2924 estut
3341 2866 3638 2942 theologia
3671 2870 3778 2926 do-

2122 2960 2234 3014 cet.
2270 2977 2297 3006 »
2327 2956 2458 3012 Jam
2490 2957 2654 3030 Hugo
2679 2957 3022 3016 Etherianus
3053 2955 3346 3012 Photiana
3381 2957 3778 3015 ratiocinatio-

2125 3050 2216 3107 nis
2238 3050 2439 3106 vitium
2464 3049 2607 3105 satis
2629 3048 2790 3116 vidit,
2823 3048 2961 3103 dum
2991 3046 3098 3102 hoc
3122 3050 3290 3118 pacto
3314 3045 3374 3102 in
3405 3046 3600 3118 ipsum
3631 3049 3792 3106 Pho-

369 3126 596 3183 sionem
631 3145 644 3195 ;
679 3123 989 3196 disparitas
1019 3131 1106 3180 est
1139 3123 1452 3180 manifesta
1486 3141 1500 3193 ;
1533 3123 1669 3196 quia
1699 3127 1832 3180 ante
1881 3138 2007 3195 pro-

374 3216 691 3242 ---_:...........
728 3215 1020 3242 --_--..e:-
1076 3217 1209 3242 ..ι-ιιι.
1258 3213 1537 3242 unum“...
1573 3213 1753 3242 IMR..-
1785 3215 2007 3242 ρηηὲιη...

2129 3143 2268 3198 tium
2301 3140 2615 3196 insurrexit
2662 3139 2721 3209 (l.
2758 3155 2821 3206 ιι,
2863 3154 2910 3192 c.
2965 3137 3052 3205 18,
3102 3152 3161 3208 p.
3214 3136 3352 3242 1232
3381 3135 3451 3205 Η)
3502 3154 3516 3194 :
3550 3160 3580 3188 ‹‹
3612 3138 3785 3195 Acuti

372 3216 693 3275 cessionem
726 3215 1041 3289 generatio,
1075 3217 1211 3270 ante
1258 3213 1540 3284 Spiritum
1572 3213 1754 3270 Filius
1783 3213 2015 3284 cogitari

375 3307 614 3362 omnino
646 3305 838 3375 debet,
883 3303 1017 3360 licet
1065 3307 1298 3375 tempus
1331 3318 1429 3358 eos
1461 3319 1576 3358 non
1607 3302 1844 3372 dividat,
1880 3302 2017 3374 quia

373 3395 569 3450 divina
598 3394 853 3450 essentia
876 3395 999 3464 jam
1033 3392 1177 3448 Filio
1208 3391 1637 3448 communicata
1667 3391 2016 3463 concipitur,

373 3484 515 3539 dum
545 3483 800 3553 Spiritus
857 3484 1092 3537 aPatre
1149 3481 1458 3551 procedere
1514 3480 1879 3550 intelligitur.
1930 3479 2014 3536 Cf.

372 3573 403 3642 §
455 3571 526 3626 30
588 3587 710 3643 seq.

442 3670 593 3742 [272]
612 3670 665 3724 3.
680 3668 817 3739 Cap.
837 3669 870 3722 6
887 3667 1081 3740 arguit
1099 3667 1342 3723 Photius
1355 3683 1423 3724 ex
1436 3684 1524 3739 eo,
1539 3670 1693 3740 quod
1715 3667 2015 3740 sispiratio

368 3759 622 3830 Spiritus
654 3756 843 3814 sancti
873 3756 1206 3813 communis
1235 3756 1307 3811 sit
1335 3758 1494 3812 Patri
1525 3761 1582 3813 et
1612 3757 1777 3827 Filio,
1810 3757 2017 3814 debeat

369 3850 427 3904 et
457 3846 706 3920 Spiritus
735 3853 974 3902 sanctus
1005 3846 1133 3917 eius
1180 3861 1308 3902 esse
1339 3846 1648 3918 particeps,
1679 3846 1760 3903 ita
1790 3850 1852 3903 ut
1881 3863 2014 3919 pars

371 3936 497 4007 ejus
527 3936 602 3992 sit
634 3935 1007 4008 principium,
1041 3951 1176 4008 pars
1209 3935 1619 4008 principiatum
1651 3941 1707 3992 et
1735 3937 1859 4008 ipse
1890 3938 2013 4010 Spi-

372 4027 522 4083 ritus
551 4043 586 4082 a
615 4042 679 4083 se
709 4025 835 4096 ipso
867 4026 1164 4097 procedat.
1197 4027 1275 4080 Ac
1305 4024 1357 4082 si
1388 4025 1603 4082 diceret
1635 4042 1648 4081 :
1702 4027 1888 4083 Latini
1918 4027 2018 4096 τήν

371 4109 659 4191 προϐολὴν
690 4115 820 4172 ideo
864 4130 1237 4172 communem
1289 4114 1493 4172 volunt
1539 4115 1693 4172 Patri
1739 4119 1796 4172 et
1847 4116 2011 4184 Filio,

372 4207 510 4278 quia
557 4221 922 4279 quacunque
969 4205 1143 4261 habet
1205 4206 1394 4274 Pater,
1459 4204 1634 4262 habet
1680 4209 1736 4260 et
1783 4205 2011 4274 Filius;

371 4297 472 4352 sed
529 4295 777 4368 Spiritus
836 4299 1078 4351 sanctus
1151 4295 1354 4350 eodem
1434 4294 1606 4350 modo
1665 4293 1838 4350 habet
1889 4311 2014 4366 qua

370 4389 509 4442 sunt
538 4386 722 4441 Patris
773 4387 829 4439 et
859 4383 987 4438 Filii
1042 4400 1055 4452 ;
1100 4383 1344 4455 ideoque
1385 4383 1444 4439 in
1491 4400 1694 4439 eorum
1727 4385 2017 4440 sententia

368 4474 556 4532 eidem
605 4473 698 4530 sui
771 4472 958 4545 ipsius
1011 4472 1252 4544 spiratio
1301 4471 1654 4528 vindicanda
1702 4480 1786 4528 est
1841 4489 1854 4542 ;

369 4563 566 4638 itaque
625 4561 880 4636 Spiritus
963 4577 1030 4617 ex
1115 4577 1232 4617 una
1308 4565 1468 4633 parte
1526 4561 1878 4633 producens,
1952 4579 2020 4618 ex

371 4654 552 4710 altera
598 4669 731 4710 vero
781 4651 1120 4726 productus.
1190 4652 1258 4707 At
1323 4650 1479 4707 enim
1552 4650 1673 4708 hac
1721 4668 1843 4708 rem
1902 4667 2018 4708 non

372 4745 639 4814 probant.
681 4744 965 4817 Supponit
995 4743 1181 4817 primo
1214 4742 1456 4800 Photius
1487 4742 1629 4800 illud
1664 4744 2017 4817 principium

366 4831 492 4902 jam
519 4834 865 4902 refutatum,
898 4833 1044 4891 nihil
1087 4849 1216 4891 esse
1247 4849 1419 4905 posse
1473 4833 1704 4890 duabus
1753 4835 2019 4906 personis

374 4935 706 4989 commune,
731 4923 883 4993 quod
911 4939 1026 4979 non
1048 4927 1342 4996 competat
1365 4923 1541 4979 etiam
1563 4922 1746 4980 tertia
1771 4941 1786 4992 ;
1809 4923 2019 4980 deinde

375 5011 680 5068 confundit
734 5011 1003 5070 idiomata
1058 5031 1124 5070 ac
1170 5029 1535 5086 personarum
1593 5020 1826 5070 tesseras
1885 5029 2020 5069 cum

374 5102 754 5160 essentialibu:
796 5103 1096 5175 attributis,
1130 5111 1196 5161 ut
1219 5106 1342 5176 jam
1385 5104 1552 5161 Joan.
1587 5103 1802 5160 Beccus
1835 5103 1917 5175 (G.
1951 5105 2017 5162 Ο.

375 5193 418 5262 Ι,
479 5209 536 5266 p.
589 5192 842 5266 166-168)
893 5194 1238 5251 observavit.
1299 5193 1646 5252 Communia
1694 5207 1834 5250 sane
1884 5197 2021 5250 sunt

450 5438 570 5512 (73)
594 5435 894 5512 Confessio
933 5434 1441 5512 MarciapaGireg.
1490 5437 1617 5512 gpl._
1656 5438 1811 5512 (cod.
1862 5437 2014 5512 Mon.

375 5503 520 5582 27’1”ἶ
546 5503 656 5582 ’115
700 5511 755 5580 a)
788 5524 802 5562 :
854 5504 1035 5582 Βιξηδὲν
1064 5503 1337 5582 τοζηίΐὶοὖ
1378 5503 1838 5582 ἆυμὸὰλλόμένορ
1885 5509 2018 5582 πρὸς

374 5583 475 5651 τὴν
504 5573 840 5655 ἐκπόρευὶτιν,
871 5573 1054 5654 ὥάπερ
1095 5573 1222 5632 οὐδὲ
1271 5582 1368 5634 τοῦ
1401 5573 1710 5653 Ηῦεύματός
1741 5580 1876 5654 πρὸς
1922 5573 2020 5650 ἰὴν

377 5655 784 5798 γέἓέἵίᾶᾉιίυε
803 5725 998 5798 dices:
1023 5723 1233 5781 harum
1259 5739 1376 5780 una
1396 5723 1492 5779 uni
1516 5738 1773 5794 persona
1792 5728 2019 5782 tantum

377 5797 664 5873 convenit,
696 5798 809 5857 alia
843 5797 1093 5856 duobus.

2129 3231 2405 3304 sophista
2454 3246 2516 3285 ac
2568 3227 2735 3300 periti
2767 3225 3007 3282 artificis
3047 3223 3387 3296 complexio,
3423 3229 3484 3280 ut
3527 3226 3783 3297 videtur,

2131 3338 2247 3379 non
2277 3320 2618 3376 inviolatam
2666 3321 2856 3374 servat
2885 3317 3084 3383 ﬁdem,
3119 3314 3404 3370 dictiones
3435 3316 3784 3387 proferendo

2129 3412 2188 3466 in
2222 3409 2354 3466 dolo
2385 3414 2443 3466 et
2473 3407 2709 3478 astutia,
2734 3411 2790 3463 et
2819 3405 2879 3462 in
2910 3405 3188 3460 haretica
3215 3403 3536 3476 impietatis
3561 3422 3787 3463 veneno

2128 3500 2442 3558 obnoxium
2473 3496 2895 3555 invectionibus
2932 3511 2994 3551 se
3027 3493 3221 3566 ipsum
3261 3492 3414 3558 fecit,
3446 3492 3585 3549 licet
3614 3494 3786 3562 nolit,

2128 3608 2260 3647 cum
2286 3607 2400 3647 non
2423 3590 2634 3645 habeat
2669 3587 2928 3643 divinam
2952 3583 3371 3641 advocatricem
3393 3583 3786 3654 Scripturam,

2127 3683 2334 3738 miscet
2367 3697 2485 3736 non
2528 3677 2828 3735 miscenda
2865 3681 2924 3732 et
2952 3677 3252 3746 comparat
3280 3689 3395 3728 non
3426 3688 3783 3745 comparan-

2129 3771 2224 3836 da,
2255 3774 2312 3825 et
2342 3770 2481 3842 quia
2503 3785 2616 3824 non
2641 3765 2929 3838 dijudicat
2956 3761 3254 3819 naturales
3274 3762 3574 3833 qualitates
3597 3781 3632 3818 a
3651 3779 3788 3832 pro-

2123 3859 2450 3933 prietatibus
2493 3859 2552 3914 in
2595 3857 2976 3913 Acherusiam
3026 3851 3298 3925 paludem
3357 3851 3786 3924 pracipitatur.

2126 3949 2250 4005 Non
2282 3949 2438 4004 enim
2472 3948 2624 4003 idem
2656 3949 2744 4002 est
2774 3943 3098 4017 proprietas
3130 3940 3386 3997 naturaIi
3416 3944 3473 3995 et
3502 3941 3790 3998 substan-

2125 4040 2250 4096 tiali
2283 4037 2548 4112 qualitati
2572 4037 2707 4108 (75).
2737 4056 2765 4086 »
2803 4033 3022 4090 Deinde
3045 4031 3302 4088 ostendit
3333 4027 3461 4084 illas
3483 4031 3791 4087 naturales

2126 4129 2441 4202 qualitates
2491 4125 2673 4182 tribus
2735 4122 3000 4195 personis
3049 4134 3178 4177 esse
3241 4134 3608 4189 communes,
3677 4136 3792 4175 non

2123 4235 2254 4276 vero
2286 4216 2682 4290 proprietates.
2719 4213 2779 4268 Id
2812 4211 2984 4268 etiam
3020 4209 3190 4266 Joan.
3226 4207 3480 4263 Phurnes
3510 4223 3797 4279 agnosce-

2127 4310 2226 4364 bat
2282 4307 2459 4378 (apud
2521 4305 2768 4360 Beccum
2826 4301 2864 4356 l.
2934 4317 2985 4358 c.
3060 4316 3117 4372 p.
3169 4297 3312 4368 180),
3364 4297 3463 4367 qui
3515 4302 3789 4369 prepter-

2126 4413 2194 4453 ea
2258 4396 2332 4452 ad
2408 4394 2756 4468 principium
2825 4390 2969 4446 illud
3051 4387 3312 4448 recurrit.
3387 4384 3449 4438 τὸ
3515 4380 3790 4458 προϐάλ-

1906 4473 2007 4530 erit

2128 4483 2242 4541 λειν
2310 4503 2434 4542 esse
2513 4483 2692 4540 Patris
2766 4479 3176 4553 proprietatem
3245 4491 3345 4532 seu
3413 4475 3794 4545 personatam

2128 4581 2429 4643 tesseram,
2464 4575 2534 4630 de
2565 4590 2675 4646 quo
2701 4572 2831 4642 jam
2865 4569 3009 4626 satis
3039 4567 3315 4633 diximus,

2197 4667 2251 4721 4.
2283 4664 2555 4736 Sequitur
2605 4679 2734 4734 cap.
2764 4659 2801 4716 7
2851 4656 3134 4714 dilemma
3169 4671 3182 4710 :
3216 4657 3332 4711 Aut
3361 4651 3617 4724 Spiritus
3650 4669 3792 4710 sau-

2129 4760 2257 4812 ctus
2290 4771 2391 4827 per
2422 4751 2850 4825 processionem
2894 4765 2928 4804 a
2957 4745 3100 4804 Filio
3131 4743 3213 4800 nil
3243 4742 3456 4815 accipit
3484 4741 3790 4800 diversum

2130 4844 2201 4901 ab
2239 4860 2305 4901 eo
2337 4843 2492 4916 quod
2545 4839 2753 4911 accipit
2799 4834 3162 4912 procedendo
3213 4850 3247 4889 a
3293 4831 3479 4899 Patre,
3532 4835 3598 4887 et
3646 4837 3792 4888 tunc

2130 4933 2423 5007 processio
2460 4949 2493 4987 a
2524 4929 2670 4987 Filio
2701 4935 2788 4985 est
2815 4925 3046 4984 inutilis
3077 4939 3144 4980 ac
3174 4936 3609 4994 supervacanea
3640 4940 3656 4991 ;
3687 4925 3795 4977 aut

2128 5025 2339 5098 accipit
2360 5022 2498 5095 quid
2523 5021 2593 5077 ab
2617 5019 2717 5076 illo
2739 5018 3059 5086 diversum,
3084 5018 3141 5071 et
3161 5018 3297 5070 tunc
3319 5011 3596 5084 sequitur
3619 5027 3790 5070 com-

2128 5114 2359 5188 positio.
2394 5112 2766 5184 Respondent
2794 5105 3048 5177 theologi
3072 5103 3152 5160 nil
3192 5102 3486 5158 diversum
3519 5101 3790 5173 accipere

2127 5205 2407 5279 Spiritum
2440 5206 2708 5260 sanctum
2748 5215 2850 5272 per
2871 5194 3300 5270 processionem
3325 5209 3359 5248 a
3380 5191 3526 5248 Filio
3557 5196 3617 5248 et
3649 5191 3790 5248 hinc

2201 5432 2314 5504 ('75)
2344 5430 2438 5486 Sic
2469 5424 3067 5504 omninolegendum
3130 5438 3142 5488 ;
3185 5419 3473 5504 editiones
3514 5417 3742 5504 habent
3773 5435 3786 5471 :

2132 5527 2160 5555 ‹‹
2206 5489 2361 5558 ‘Non
2428 5502 2584 5557 enim
2650 5503 2740 5554 est
2811 5489 3138 5567 proprietas
3198 5489 3475 5567 naturali_
3514 5498 3569 5567 et
3635 5489 3791 5567 sub-

2131 5575 2349 5632 stantia
2378 5571 2716 5645 aqualitati.
2755 5591 2782 5616 ι»
2811 5560 3030 5645 Teitus
3050 5563 3242 5645 editus
3264 5563 3324 5618 in
3358 5560 3791 5645 multis‘adhuc

2130 5635 2475 5704 correctione
2506 5644 2745 5715 indiget,
2778 5656 2894 5715 qua
2925 5641 3076 5715 facta
3105 5635 3285 5706 hujus
3317 5635 3788 5715 praetentissimi

2129 5717 2384 5790 theologi
2417 5733 2582 5774 mens
2611 5705 3108 5786 longe'illustrius
3136 5705 3454 5780 apparebit.
