4058 6216
0 4278 21 4285 ι.

68 4324 99 4557 ἓ

88 4564 109 4805 l

416 393 535 455 501
1146 388 1247 450 DE
1290 390 1354 449 S.
1405 387 1606 449 SPIR.
1654 388 2179 451 MYSTAGOGIA.
2232 422 2301 433 —
2352 390 3106 453 ANIMADVERSIONES
3713 398 3832 458 502

419 524 646 583 nullam
679 524 845 596 sequi
893 522 1397 595 compositionem,
1442 522 1538 578 sed
1590 523 1848 595 accipere
1894 522 2051 579 idem

2190 542 2267 577 σει
2299 521 2391 577 καὶ
2443 525 2542 595 μιᾷ
2598 521 2865 601 χορηγίᾳ)
2909 524 3028 580 imo
3078 526 3248 596 juxta
3302 527 3685 585 Athanasium
3744 536 3835 588 est

420 630 615 687 neque
655 614 800 671 duas
848 629 981 670 esse
1028 610 1447 685 processiones,
1499 611 1599 667 sed
1646 626 1843 679 unam,
1894 627 2044 682 nequ

2200 612 2365 684 μόνος
2394 615 2491 666 τοῦ
2522 610 2835 684 Πνεύματος
2865 612 3107 686 χορηγὸς
3141 614 3168 667 ὁ
3216 615 3339 676 Υἱός
3378 617 3507 688 (77).
3541 618 3628 674 Ita
3656 619 3834 674 Maxi-

417 683 857 778 pro—cessionem
890 720 925 758 a
968 683 1114 758 Filio
1146 700 1260 756 dici
1291 716 1462 773 posse
1505 700 1794 756 inutilem.
1849 683 2081 757 Manue1
2193 683 2325 758 mus
2350 683 2751 771 Chrysoherga
2795 701 2832 755 l.
2866 683 2915 757 ci.
2944 683 2998 757 Io.
3031 683 3083 755 '5
3122 705 3200 775 (p.
3239 683 3415 775 108%).
3461 683 3575 763 Nec
3606 706 3834 764 abludit

414 793 660 850 Calecas
700 792 762 863 (l.
795 809 879 861 ιιι,
913 809 968 864 p.
1022 790 1153 860 439)
1186 793 1242 845 et
1272 790 1580 845 Bessarion
1632 789 1755 854 (lib.
1798 791 1874 845 De
1923 806 2051 861 pruc

2189 790 2263 846 ah
2298 791 2383 846 his
2421 792 2580 862 [iugo
2639 790 3002 859 Etherianus,
3030 794 3127 862 qui
3172 793 3229 863 (Ι.
3264 810 3303 862 ι,
3355 810 3402 848 c.
3438 795 3521 864 14,
3558 813 3613 867 p.
3676 797 3831 866 1207,

411 883 619 954 Spirit.
651 884 861 949 sancti,
895 898 952 953 p.
994 881 1124 950 254)
1156 880 1487 944 advertunt,
1539 878 1685 935 falso
1716 879 1810 936 hic
1845 895 2076 935 rursum
2191 879 2349 950 1208)
2407 880 2486 935 ita
2542 880 2736 951 arguit
2791 882 2993 935 contra
3032 880 3335 937 Nicolaum
3393 882 3832 941 Methonensem

413 973 537 1028 duo
562 971 818 1043 supponi
857 968 1142 1043 principia
1171 968 1324 1041 (vide
1346 968 1592 1039 praeced.
1630 972 1737 1024 art.
1780 972 1806 1038 §
1834 970 1858 1023 1
1892 971 2075 1041 seq.);

415 1060 571 1132 [274]
594 1059 803 1116 deinde
824 1060 1238 1129 argumentum
1263 1056 1482 1129 duplici
1510 1056 1681 1113 modo
1704 1062 2073 1128 retorquent:

413 1148 753 1217 Productio,
786 1164 906 1219 qua
947 1148 1211 1203 mundus
1239 1149 1330 1201 est
1369 1162 1403 1200 a
1450 1146 1641 1207 Patre.
1695 1149 1799 1201 aut
1828 1146 2077 1217 perfecta

414 1241 512 1295 est
539 1242 599 1294 et
626 1241 769 1294 tunc
799 1238 1129 1292 frustranea
1156 1238 1245 1292 est
1285 1234 1419 1290 Filii
1450 1252 1515 1291 ac
1544 1235 1796 1307 Spiritus
1817 1234 2075 1292 efﬁcien-

410 1326 538 1393 tia;
573 1330 676 1382 aut
715 1324 1056 1397 imperfecta
1105 1328 1162 1380 et
1210 1327 1350 1380 tunc
1399 1322 1843 1395 blasphematur
1886 1322 2071 1382 Pater.

410 1416 518 1473 Vel
550 1416 667 1473 sic:
714 1416 765 1472 si
795 1416 1044 1485 perfecte
1072 1431 1107 1470 a
1154 1414 1322 1470 Patre
1353 1413 1602 1469 mittitur
1648 1412 1900 1485 Spiritus
1930 1430 2071 1470 san-

409 1509 570 1574 ctus,
604 1504 966 1577 superﬂuum
998 1505 1129 1573 erit,
1176 1506 1236 1559 et
1276 1518 1311 1557 a
1342 1501 1486 1557 Filio
1518 1501 1710 1569 mitti;
1745 1501 1837 1557 sin
1874 1505 2070 1558 autem

408 1597 775 1668 imperfecte,
824 1611 943 1652 non
989 1610 1127 1666 ergo
1176 1593 1468 1666 perfectus
1516 1596 1603 1648 est
1658 1593 1846 1649 Pater.
1905 1593 2070 1657 Quod

407 1702 546 1743 vero
594 1684 689 1742 hic
744 1683 918 1750 valet,
964 1683 1020 1739 id
1072 1681 1219 1738 valet
1275 1698 1509 1753 quoque
1553 1683 1621 1738 de
1669 1681 2063 1753 processione,

406 1776 534 1833 imo
564 1774 745 1832 multo
776 1773 984 1847 magis.
1010 1795 1039 1824 «
1073 1774 1352 1841 Perfecta,
1387 1778 1450 1827 ut
1480 1772 1747 1841 arbitror,
1791 1774 1871 1829 ait
1902 1773 2064 1830 Cale-

2185 970 2259 1042 (c.
2292 970 2400 1039 11).
2434 991 2463 1021 ‹‹
2496 970 2555 1025 Si
2586 968 2760 1039 igitur
2790 971 3077 1041 perfectus
3108 971 3261 1027 Deus
3291 975 3378 1027 est
3407 972 3586 1029 Filius
3619 990 3686 1031 ex
3718 975 3834 1032 Deo

2184 1062 2353 1114 Patre
2383 1060 2657 1131 perfecto,
2710 1059 2869 1131 quid,
2918 1060 3172 1131 inquam,
3233 1060 3483 1131 Spiritus
3513 1064 3584 1119 ad
3633 1064 3833 1134 hujus-

2187 1149 2341 1204 modi
2372 1148 2631 1204 conferat
2648 1149 3058 1219 perfectionem
3079 1149 3107 1203 ‘?
3138 1150 3245 1214 Qui
3275 1151 3324 1205 si
3358 1151 3603 1220 confert,
3629 1159 3834 1210 neuter

2183 1244 2269 1293 est
2301 1237 2608 1309 perfectus,
2642 1252 2829 1307 neque
2860 1238 3041 1303 Pater,
3081 1253 3268 1309 neque
3295 1238 3494 1296 Filius.
3531 1242 3829 1307 Quomodo

2182 1320 2338 1377 enim
2382 1322 2672 1392 perfectus
2703 1321 2753 1376 si
2797 1321 2941 1376 tanti
2973 1326 3126 1393 eget,
3157 1323 3359 1394 quanti
3390 1324 3642 1395 Spiritus
3671 1326 3833 1383 dator

2179 1414 2314 1468 est?
2342 1412 2442 1468 Sin
2475 1429 2605 1468 vero
2638 1429 2792 1468 unus
2824 1414 2973 1468 Deus
3006 1414 3290 1483 perfectus
3320 1418 3425 1483 est,
3454 1415 3619 1471 Pater
3646 1421 3703 1473 et
3738 1418 3834 1473 Fi-

2178 1500 2315 1568 lius,
2348 1505 2403 1557 et
2433 1501 2581 1556 nihil
2626 1502 2877 1572 amplius
2916 1506 3004 1558 est
3032 1502 3293 1559 invenire
3325 1519 3512 1575 neque
3543 1506 3730 1562 dicere
3760 1508 3828 1563 ad

2181 1590 2714 1647 manifestationem
2765 1594 3013 1661 paternas
3055 1591 3450 1663 perfectionis,
3499 1595 3833 1665 superfluus

2176 1679 2376 1752 utique
2407 1679 2484 1736 sit
2514 1679 2789 1751 Spiritus.
2819 1681 2979 1744 Quod
3010 1681 3265 1750 cOgitare
3286 1681 3529 1753 impium
3558 1688 3665 1738 est.
3685 1682 3830 1739 Nam

2175 1768 2324 1825 sicut
2356 1769 2707 1826 universitas
2738 1770 2961 1826 videtur
2991 1769 3176 1825 Patris
3207 1778 3263 1826 et
3303 1770 3430 1825 Filii
3462 1786 3608 1839 esse,
3638 1772 3720 1828 ita
3772 1776 3829 1828 et

410 1882 530 1933 cas,
568 1873 652 1921 est
682 1881 750 1921 ex
783 1841 949 1920 Patre
978 1861 1200 1919 entium
1250 1863 1573 1933 productio,
1608 1877 1725 1917 una
1755 1865 1812 1917 et
1857 1863 2060 1919 eadem
2093 1841 2138 1907 Β
2169 1858 2424 1931 Spiritus
2469 1860 2656 1915 sancti
2685 1878 2698 1927 ;
2734 1864 2899 1931 atque
2929 1876 3072 1932 quos
3118 1864 3283 1916 vocat
3311 1863 3482 1917 Pater
3511 1866 3567 1917 et
3617 1861 3823 1931 Filius,

408 1971 657 2012 numero
685 1953 813 2011 Filii
834 1957 892 2010 et
922 1952 1176 2025 Spiritus
1216 1951 1287 2008 ad
1334 1967 1403 2007 ea
1449 1952 1820 2024 producenda
1864 1969 2063 2025 opera-

408 2046 514 2116 tio,
547 2060 735 2116 neque
779 2043 895 2100 alia
922 2045 1006 2099 est
1056 2040 1243 2112 illius,
1291 2040 1406 2097 alia
1435 2041 1669 2098 horum.
1702 2042 1798 2098 Sic
1828 2058 1963 2114 ergo
2007 2047 2063 2099 et

404 2134 469 2191 in
502 2132 597 2190 his
626 2132 835 2188 evenit.
869 2130 1127 2187 Perfecta
1155 2134 1263 2198 est,
1296 2134 1352 2187 et
1382 2130 1572 2202 magis
1603 2146 1780 2201 quam
1818 2131 2065 2201 perfecta

405 2229 494 2279 est
518 2238 590 2278 ex
620 2222 789 2277 Patre
813 2220 1059 2293 Spiritus
1090 2220 1270 2276 sancti
1293 2220 1608 2290 processio,
1632 2235 1749 2275 una
1776 2223 1835 2274 et
1864 2220 2060 2275 eadem

404 2327 655 2368 numero
685 2314 795 2376 est,
826 2326 951 2381 qua:
990 2313 1080 2365 est
1137 2325 1204 2364 ex
1256 2310 1459 2366 eodem
1508 2308 1650 2364 Filio
1698 2308 2057 2379 processio...

404 2416 544 2457 cum
576 2415 696 2456 una
724 2403 781 2455 et
819 2400 1024 2455 eadem
1056 2414 1299 2455 numero
1347 2402 1634 2470 potestate
1667 2402 1905 2469 uterque
1935 2414 2062 2469 pro-

402 2492 602 2548 ducat.
628 2511 657 2539 »
677 2488 962 2545 Similiter
978 2488 1294 2545 retorsione
1307 2489 1435 2559 jam
1455 2502 1594 2543 usus
1617 2487 1796 2543 fuerat
1818 2488 2057 2554 Beccus,

405 2579 544 2636 Orat
592 2579 660 2636 dc
715 2595 815 2636 un.
865 2579 1009 2635 Eccl.
1044 2594 1104 2635 ιι.
1147 2579 1216 2633 40
1244 2577 1326 2647 (G.
1362 2578 1423 2635 0.
1481 2578 1524 2647 Ι,
1570 2578 1692 2648 160,
1729 2576 1847 2648 161)
1875 2594 1890 2633 :
1923 2599 1951 2626 ‹‹
2000 2577 2057 2631 Si

402 2678 641 2742 propter
666 2670 988 2742 perfectum
1019 2667 1409 2741 processionis
1430 2683 1499 2723 ex
1520 2671 1688 2723 Patre
1716 2681 2055 2736 supervaca-

402 2775 577 2816 neam
609 2774 736 2815 esse
771 2758 938 2815 ducis
983 2758 1412 2830 processionem
1443 2772 1512 2812 ex
1561 2755 1724 2823 Filio,
1775 2755 1915 2827 quid
1965 2770 2055 2810 re-

389 2847 713 2920 spondebis
780 2846 1169 2903 dicentibus:
1230 2845 1290 2901 Si
1347 2844 1742 2915 suppeditatio
1802 2843 2053 2915 Spiritus

390 2938 585 2995 sancti
615 2952 685 2992 ex
735 2936 901 2993 Patre
945 2936 1199 3007 perfecta
1237 2943 1340 3002 est;
1392 2948 1819 3005 supervacanea
1875 2932 2055 3005 igitur

395 3028 504 3085 erit
534 3042 663 3099 qua
704 3043 772 3083 ex
812 3025 1001 3082 Filio?
1032 3026 1444 3082 Verumtamen
1484 3029 1541 3080 et
1570 3024 1879 3095 perfectam
1927 3038 2051 3079 esse

394 3133 460 3173 ex
488 3117 662 3173 Patre
682 3115 936 3189 Spiritus
966 3116 1155 3171 sancti
1184 3113 1719 3185 suppeditationem
1748 3117 1806 3168 et
1836 3110 2051 3167 nihilo—

2080 3160 2129 3227 Ο

2174 1953 2281 2010 hos
2319 1958 2485 2009 vocat
2514 1953 2694 2009 Filius
2724 1962 2779 2009 et
2809 1954 3090 2025 Spiritus;
3117 1970 3260 2026 quos
3290 1956 3611 2013 sanctiﬁcat
3637 1956 3824 2025 Pater,

2173 2042 2282 2098 hos
2340 2042 2673 2099 sanctiﬁcat
2712 2049 2765 2098 et
2808 2043 3153 2114 Spiritus....
3206 2048 3514 2114 Propterea
3569 2046 3826 2116 perlecta

2174 2131 2428 2203 Spiritus
2478 2148 2545 2187 ex
2590 2135 2763 2188 Patre
2802 2132 3094 2202 processio
3143 2148 3259 2188 non
3302 2132 3473 2187 debet
3520 2133 3828 2203 prohibere

2171 2236 2298 2277 eam
2340 2237 2467 2292 quae
2498 2237 2565 2275 ex
2610 2221 2755 2277 Filio
2802 2220 2951 2292 [276]
2995 2235 3123 2277 esse
3176 2220 3410 2290 dicitur,
3468 2235 3603 2276 cum
3638 2238 3826 2294 neque

2169 2311 2445 2382 perfectio
2476 2311 2607 2366 Filii
2637 2329 2708 2368 ex
2731 2312 2897 2368 Patre
2929 2312 3233 2384 prohibeat
3254 2312 3665 2382 perfectionem
3692 2330 3824 2369 san-

2168 2399 2243 2454 cti
2275 2399 2529 2471 Spiritus
2561 2416 2629 2456 ex
2659 2402 2901 2470 eodem;
2936 2417 3115 2473 quare
3147 2400 3386 2471 planum
3419 2404 3527 2469 est,
3568 2402 3724 2473 quod
3752 2418 3821 2458 ex

2166 2494 2415 2560 utroque
2445 2490 2850 2561 perfectionem
2884 2494 2941 2546 et
2968 2507 3098 2547 esse
3122 2490 3328 2545 habeat
3348 2490 3623 2560 Spiritus.
3659 2511 3688 2540 »δ
3731 2490 3821 2545 Ad

2167 2595 2421 2649 praesens
2453 2596 2584 2635 vero
2616 2580 2808 2636 Photii
2843 2583 3020 2650 caput
3054 2580 3209 2634 idem
3234 2582 3434 2635 auctor
3466 2579 3527 2650 (l.
3553 2597 3614 2648 ιι,
3647 2596 3698 2635 c.
3733 2580 3823 2647 18,

2167 2685 2223 2740 p.
2261 2668 2423 2741 1233)
2472 2669 2548 2724 ita
2596 2670 2956 2741 respondet:
2992 2691 3020 2719 «
3052 2671 3223 2723 Pater
3276 2667 3410 2723 facit
3454 2685 3553 2740 per
3586 2668 3823 2737 Filium,

2166 2757 2384 2829 aliquid
2417 2758 2728 2829 accipiens,
2780 2758 2908 2814 sine
2947 2774 3065 2829 quo
3096 2773 3289 2814 creare
3334 2756 3627 2828 impotens
3675 2761 3821 2826 erat,

2162 2846 2261 2916 qui
2290 2850 2568 2917 operatur
2614 2845 2812 2901 omnia
2859 2847 2918 2902 in
2951 2846 3247 2901 omnibus.
3282 2846 3559 2917 Nunquid
3603 2846 3822 2917 imper-

2161 2932 2315 2991 fecta
2345 2940 2435 2990 est
2465 2934 2724 3006 operatio
2746 2934 2933 2991 Patris
2956 2939 3058 2990 aut
3080 2933 3205 2991 Filii
3236 2938 3339 2989 aut
3367 2934 3615 3005 Spiritus
3637 2935 3665 2989 ‘l
3693 2934 3821 2992 Non

2158 3022 2379 3095 indiget
2431 3024 2599 3081 Pater
2646 3023 2918 3096 alicujus,
2968 3024 3260 3096 perfectus
3309 3037 3440 3079 cum
3491 3024 3564 3079 sit
3593 3038 3660 3079 ac
3706 3024 3819 3079 sibi

2162 3111 2486 3168 sufficiens.
2520 3114 2928 3170 Verumtamen
2961 3112 3161 3167 omnia
3202 3128 3303 3183 per
3330 3111 3541 3166 Filium
3594 3110 3816 3178 condit,

392 3207 591 3263 minus
624 3222 741 3261 non
774 3219 1267 3276 supervacaneam
1295 3205 1445 3275 (eam
1477 3220 1602 3275 quas
1634 3204 1741 3272 est)
1787 3218 1855 3257 ex
1904 3200 2048 3257 Filio
2080 3198 2129 3227 υ
2161 3200 2309 3257 nihil
2358 3201 2671 3272 accipiens,
2706 3202 2860 3271 quod
2894 3217 3010 3257 non
3058 3200 3279 3255 habuit.
3311 3198 3426 3255 Sed
3456 3203 3513 3254 et
3562 3198 3817 3270 Spiritus

392 3300 635 3367 pmpter
664 3294 1098 3366 perfectionem,
1131 3310 1309 3365 quam
1340 3309 1409 3348 cx
1446 3297 1612 3347 Patre
1645 3290 1843 3357 habet,
1875 3290 2047 3346 indu-

389 3385 642 3441 bitatum
694 3389 785 3441 est
830 3384 966 3457 (76).
1014 3406 1043 3434 ››
1086 3384 1370 3439 Maximus
1413 3382 1832 3455 Chrysoberga,
1894 3382 2047 3439 Orat.

386 3475 454 3531 dc
481 3489 634 3547 proc.
669 3473 861 3547 Spirit.
913 3489 965 3529 c.
1016 3474 1049 3528 4
1094 3473 1243 3545 [275]
1293 3472 1379 3545 (G.
1414 3472 1473 3530 0.
1518 3472 1588 3540 II,
1628 3471 1783 3542 1083)
1845 3470 2047 3529 obser-

385 3567 501 3635 vat,
536 3568 889 3637 argumento
914 3562 1106 3619 Photii
1137 3578 1150 3618 :
1188 3585 1209 3613 ι
1245 3562 1307 3619 Si
1339 3563 1588 3634 perfecte
1618 3577 1687 3618 ex
1716 3564 1887 3618 Patre
1916 3577 2046 3634 pro-

387 3655 536 3712 cedit
564 3654 838 3726 Spiritus,
875 3669 992 3710 non
1022 3653 1278 3727 amplius
1309 3669 1545 3711 necesse
1566 3658 1652 3710 est
1680 3670 1813 3709 eum
1846 3668 2046 3724 proce-

387 3743 521 3801 dere
552 3758 790 3815 quoque
812 3759 880 3799 ex
902 3742 1066 3812 Filio,
1095 3766 1115 3793 ι
1144 3743 1383 3800 omnino
1405 3742 1555 3798 illud
1577 3742 1909 3811 assimilari,
1934 3757 2046 3814 quo

384 3837 586 3892 Ariani
620 3835 706 3891 uti
736 3835 843 3891 visi
894 3840 1070 3893 sunt:
1104 3836 1164 3892 Si
1197 3837 1352 3893 Deus
1385 3835 1675 3908 perfectus
1717 3839 1808 3890 est
1854 3834 2042 3900 Pater,

384 3926 525 3997 quid
565 3941 719 3997 opus
764 3927 873 3992 est,
924 3928 981 3980 et
1028 3924 1235 3981 Filium
1287 3926 1611 3996 perfectum
1673 3924 1858 3979 Deum
1916 3939 2045 3980 esse

384 4015 621 4071 credere
651 4015 681 4070 ?
735 4014 793 4070 Si
851 4016 1105 4086 perfecta
1150 4015 1333 4071 Patris
1386 4014 1579 4071 Deitas
1611 4030 1725 4071 non
1778 4014 2043 4084 impedit,

385 4105 703 4177 quominus
734 4119 802 4159 ea
828 4109 885 4160 et
914 4104 1058 4161 Filio
1090 4109 1397 4177 competat,
1432 4121 1538 4161 nec
1578 4104 1832 4177 perfecta
1860 4103 2043 4175 Spiri-

384 4197 480 4249 tus
508 4209 582 4250 ex
630 4192 796 4249 Patre
827 4193 1086 4264 pocessio
1132 4194 1416 4267 prohibet,
1448 4210 1518 4250 ne
1557 4198 1616 4250 et
1659 4192 1837 4249 Filius
1885 4192 1944 4248 in
1975 4209 2043 4249 ea

385 4298 518 4338 cum
551 4282 719 4338 Patre
765 4284 1174 4339 communicet.
1207 4285 1487 4340 Praeterea
1522 4282 1725 4339 eodem
1761 4283 1893 4353 jure
1944 4297 2042 4339 ne-

382 4372 508 4444 gari
559 4374 747 4444 potest
804 4370 1013 4428 Filium
1068 4388 1197 4429 esse
1254 4373 1520 4429 datorem
1575 4373 1849 4445 Spiritus,
1902 4372 2042 4444 quia

384 4462 641 4531 perfecte
670 4460 845 4517 datur
872 4479 903 4517 a
926 4462 1092 4519 Patre
1119 4480 1133 4530 ;
1166 4465 1224 4518 et
1248 4466 1466 4530 tamen,
1508 4462 1744 4533 Basilio,
1775 4467 1942 4531 teste,
1986 4467 2044 4519 et

381 4551 555 4606 Pater
575 4557 632 4607 et
658 4549 842 4606 Filius
871 4565 983 4607 uno
1015 4556 1151 4607 actu
1202 4551 1342 4606 dant
1379 4551 1659 4623 Spiritum
1704 4549 1820 4624 (διὰ
1874 4554 2040 4605 τοῦτο

383 4634 631 4698 διδόντος
657 4636 789 4693 αὐτὸ
814 4641 913 4693 τοῦ
952 4639 1164 4712 Πατρὸς
1193 4639 1222 4693 ὁ
1252 4639 1377 4701 Υἱὸς
1407 4637 1536 4693 αὐτὸ
1588 4636 1777 4695 δίδωσι
1822 4644 1921 4714 μιᾷ
1948 4636 2040 4694 δό-

456 4807 577 4880 (76)
610 4805 673 4883 εἰ
716 4808 821 4882 γὰρ
879 4804 972 4863 διὰ
1020 4808 1084 4883 τὸ
1140 4806 1370 4883 σξὲλειοαν-
1407 4814 1506 4877 τῆς
1566 4809 1624 4883 ἐκ
1675 4813 1774 4883 τοῦ
1831 4811 2040 4883 [ἰατρὸς

383 4877 767 4967 ξχτὶςρεόσεώς
793 4877 1096 4967 ’,στειριτςιιήνκ
1129 4879 1264 4967 slva:
1315 4878 1618 4967 XéYEIC‘TﬁV
1665 4880 1730 4967 ἐκ
1774 4885 1873 4937 τοῦ
1913 4877 2042 4967 ξδὶοῦ

380 4946 732 5030 ξκῖιόρξυσινι,
764 4950 817 5007 τί
850 4946 911 5004 σὺ
963 4946 1677 5030 ἀξιολογήιξῃιτοῗςηίρρὖσί
1718 4974 1811 5030 σοιΔ
1837 4970 1852 4984 ⁸
1895 4952 2043 5030 {imp

378 5025 417 5093 ἡ
452 5022 758 5112 ἐκἸΙατξὸς
804 5024 1054 5150 ἔοῖηγία
1096 5022 1198 5079 τοῦ
1230 5022 1385 5099 ἁγίου
1435 5022 1747 5098 Πνέύματος
1793 5022 2038 5094 ἐντελὴς,

378 5094 616 5150 περιττῆ
664 5114 767 5150 ac:
908 5114 941 5149 κ
988 5097 1086 5150 τοῦ
1136 5097 1310 5150 l‘ioii:
1360 5097 1444 5150 ὅτι
1493 5097 1597 5150 γὰο
1646 5098 1736 5150 καὶ
1783 5096 1966 5150 τελεία
2005 5100 2038 5150 ἢ

378 5042 417 5093 η
452 5042 517 5078 εκ
548 5042 758 5112 uerene
854 5042 1054 5150 οῖηγια
1096 5043 1198 5079 του
1230 5042 1385 5099 αγιου
1436 5042 1747 5098 ιινευματος
1793 5042 2038 5094 evnit-nc,

377 5094 616 5171 ῃεριττή
647 5042 850 5171 λαρατξ
908 5114 956 5171 ιιΔ
988 5097 1086 5150 τοῦ
1136 5097 1310 5171 ficii:
1360 5097 1444 5151 ὅτι
1493 5097 1597 5171 γὰρ
1646 5098 1736 5151 καὶ
1783 5096 1966 5171 relata
2005 5100 2039 5166 ἠ

377 5165 701 5293 ἔχ’Πατξιὸς
750 5167 996 5293 χορηᾟία
1041 5171 1140 5222 τοῦ
1180 5166 1339 5244 ἁγίου
1388 5165 1703 5242 metum;
1750 5168 1838 5222 καὶ
1888 5165 2040 5240 ὅμως

379 5238 448 5293 οὗ
484 5258 588 5293 περ
612 5238 712 5293 ττῆ
771 5239 861 5293 καὶ
987 5237 1046 5293 ἐκ
1099 5243 1195 5293 τοῦ
1236 5240 1362 5293 Υἱοῦ
1421 5237 1511 5293 διὰ
1564 5246 1663 5293 τὴν
1722 5240 2040 5293 τελειότητα

379 5238 448 5295 οὗ
484 5237 713 5311 napi-cn)
755 5237 861 5293 is:
987 5237 1065 5311 ἐκ,
1099 5243 1195 5295 τοῦ
1229 5237 1362 5311 ’Υμὶοῦ
1421 5237 1663 5311 διᾶ’τήν
1722 5237 2043 5309 τελειόέητα

376 5306 586 5390 ιςὴνεέιι
620 5313 718 5390 τῂοῦ
771 5306 1014 5390 Πριιερὸς,
1046 5306 1445 5390 ἀνοιμφίὸρλον.
1481 5314 1554 5390 gi:
1610 5310 1692 5390 8i:_
1714 5311 1756 5366 εἷ
1812 5312 1904 5384 μὲν
1936 5306 2044 5390 οξύχ

379 5379 693 5458 ὁμολογεῖς
739 5382 831 5436 καὶ
864 5379 924 5438 ἐὶς
973 5379 1589 5458 Ιξατρὸςὶξλείιιιίγεῖνᾳι
1638 5385 1735 5458 τὴν
1768 5379 2040 5458 χὸρῃγίαίιῖ

379 5452 490 5509 τὸῦ
546 5452 880 5528 liventia-50;,
932 5455 1022 5528 xei
1070 5452 1166 5510 ’ἑοῦ
1223 5455 1350 5528 ἴ).οὗ
1408 5452 1465 5510 δὲ
1521 5452 1901 5528 ὁμρίως,”κὰί
1935 5452 2041 5527 ’μὴ

378 5524 699 5599 τεεριττῂνί
739 5525 897 5599 οὕειτιιι⁸
938 5526 1004 5580 τὰ
1059 5527 1287 5599 περιττὰ
1338 5532 1437 5599 τῆς
1496 5524 1630 5599 κοιτίδι
1669 5527 1726 5581 σὲ
1780 5524 2041 5597 περιττῆς

373 5595 1012 5672 ἒχτὶορερσεωςᾼλάλειη
1072 5595 1229 5672 εἶ’δὲ-
1266 5597 1356 5652 καὶ
1416 5598 1626 5672 sint};
1682 5602 1778 5672 τοῦ
1836 5595 2042 5672 ῌατρὸς

376 5667 695 5763 χεζρέᾀγίιιν⁸
723 5670 820 5763 1:3?
852 5667 1043 5763 ,ἁγίου
1087 5669 1410 5763 ξιξεόμξςος
1476 5667 1684 5761 τελείαν
1742 5667 2041 5763 ὁμρλοῖεῖς

373 5737 481 5799 ἷιιῖ
510 5737 572 5795 ii
602 5741 700 5796 τοῦ
753 5740 882 5795 Υἱοῦ
933 5737 991 5799 δὲ
1028 5737 1252 5797 τελείαιί
1292 5737 1430 5814 δέχῃ
1463 5742 1549 5797 καὶ
1604 5737 1859 5817 napi-trav
1911 5737 2043 5799 εἶναι

2158 3305 2227 3346 ex
2276 3289 2421 3345 Filio
2451 3293 2508 3345 et
2556 3306 2657 3360 per
2700 3289 2911 3345 Filium
2944 3289 3225 3360 procedit,
3278 3287 3421 3343 nihil
3452 3288 3523 3343 ab
3556 3288 3677 3358 ipso
3708 3303 3811 3343 su-

2159 3394 2345 3447 mens,
2378 3379 2489 3435 nisi
2525 3379 2677 3451 quod
2712 3397 2746 3434 a
2789 3378 2955 3434 Patre
2998 3377 3241 3448 accipit;
3275 3377 3567 3449 perfectus
3612 3376 3814 3447 utique

2158 3467 2312 3524 Deus
2333 3484 2399 3524 ac
2423 3467 2641 3523 nullius
2663 3467 2897 3541 indigus
2919 3482 3052 3525 cum
3074 3466 3345 3535 sitPatcr,
3369 3469 3605 3535 generat
3625 3469 3809 3521 tamen

2157 3572 2226 3614 ex
2271 3558 2606 3615 substantia
2638 3557 2871 3625 Filium,
2929 3573 3033 3630 per
3079 3571 3250 3628 quem
3290 3554 3487 3612 condit
3523 3553 3811 3622 universa,

2156 3668 2318 3723 teque
2347 3650 2459 3707 sibi
2492 3654 2805 3722 potentem.
2837 3650 2951 3707 Nec
2981 3649 3124 3707 adeo
3156 3648 3595 3721 superabundat
3628 3646 3809 3719 Spiri-

2156 3744 2253 3797 tus
2282 3758 2347 3797 ex
2379 3747 2630 3813 utroque
2661 3739 3011 3813 progressio,
3040 3755 3173 3794 cum
3197 3754 3386 3809 neque
3408 3737 3809 3808 imperfectum

2156 3829 2439 3900 Spiritum
2500 3827 2741 3896 indicet,
2793 3842 2981 3897 neque
3029 3828 3412 3895 impotentem
3460 3824 3690 3880 Patrem
3722 3823 3812 3880 vel

2156 3916 2368 3974 Filium
2391 3918 2775 3982 demonstret,
2808 3930 2995 3986 neque
3028 3914 3287 3985 aliquam
3313 3913 3554 3968 inducat
3575 3929 3810 3985 compo-

2152 4007 2447 4063 sitionem.
2480 4006 2537 4061 Si
2566 4006 2887 4062 substnntz’m
2928 4021 3059 4076 pars
3089 4004 3230 4060 foret
3262 4019 3441 4059 causa
3471 4006 3527 4059 et
3556 4003 3812 4058 causati-

2153 4113 2307 4166 vum,
2362 4098 2596 4155 haberet
2641 4098 2841 4168 utique
2906 4094 3099 4151 locum
3154 4092 3303 4149 ratio
3351 4090 3808 4163 compositionis.

2152 4189 2315 4243 Nunc
2336 4202 2467 4243 vero
2497 4190 2666 4243 natus
2692 4183 2806 4256 (ed.
2832 4182 3059 4255 natura)
3083 4182 3295 4238 dicitur
3323 4180 3525 4247 Filius,
3553 4178 3809 4236 emissus

2150 4294 2285 4335 vero
2330 4277 2599 4350 Spiritus,
2632 4293 2749 4333 non
2789 4278 2849 4331 in
2889 4291 2955 4332 eo
3006 4274 3159 4347 quod
3205 4272 3555 4341 substantia,
3598 4269 3701 4327 sed
3745 4271 3805 4326 in

2150 4384 2218 4425 eo
2249 4370 2403 4440 quod
2444 4367 2538 4423 hic
2588 4366 2822 4439 quidem
2877 4364 3163 4439 gignitur,
3213 4362 3311 4419 ille
3353 4377 3487 4417 vero
3520 4360 3800 4433 procedit.

2074 4431 2119 4495 D
2151 4431 2407 4516 Sed-hoc
2446 4459 2515 4514 ad
2549 4431 2821 4514 naturam
2869 4431 2985 4513 non
3031 4458 3256 4524 spectat
3300 4431 3634 4509 Divinitatis
3664 4450 3801 4523 (78).

2151 4548 2457 4617 Amplius:
2509 4547 2766 4603 Verbum
2814 4544 2913 4602 Dei
2954 4561 3089 4601 cum
3123 4544 3201 4600 sit
3231 4543 3550 4615 perfectum
3582 4544 3638 4596 et
3666 4538 3802 4595 nul-

2150 4637 2267 4694 lius
2295 4637 2587 4709 indigens,
2615 4637 2753 4708 quid
2784 4634 3005 4705 accepit
3026 4650 3059 4688 a
3079 4632 3292 4705 Spiritu
3316 4634 3537 4697 sancto,
3564 4628 3799 4699 quando

2153 4813 2215 4887 of)
2257 4812 2459 4887 λὲγεις,
2489 4808 2611 4887 ἵνα.
2647 4812 2721 4884 μὴ
2784 4809 2914 4887 τρὺς
2965 4802 3460 4887 ἐκκλησιαστ-ικοίις
3519 4796 3802 4887 ὑπερϐήῃ

2154 4873 2347 4960 δροῡςξ
2389 4873 2759 4958 τιὲριττά’σὸι
2822 4878 3016 4936 λοιπὸν
3072 4873 3144 4933 τᾶ
3193 4881 3319 4953 περί
3374 4882 3474 4946 τῆς
3541 4873 3801 4949 ἐκτιορεύζ

2154 4976 2311 5016 σεως.

2228 5028 2341 5100 (77)
2374 5029 2453 5084 De
2495 5027 2606 5100 hoc
2636 5022 2941 5081 Athanasii
2974 5023 3261 5100 dicto_7(ex
3292 5023 3435 5078 orat.
3469 5020 3519 5085 1,
3555 5036 3607 5100 c.
3637 5018 3808 5075 Aria-

2154 5095 2282 5168 nos,
2317 5095 2436 5156 sive
2464 5099 2700 5170 potius,
2752 5095 3418 5170 ut‘communiter‘nunc
3447 5095 3711 5170 vocatur,
3742 5106 3811 5170 ex

2152 5189 2241 5239 ep.
2269 5161 2591 5243 'encycl'ica
2645 5161 2721 5243 ad
2756 5167 2941 5243 _Al'ros_
2980 5166 3184 5243 epise.)
3210 5165 3528 5243 disputant
3564 5161 3808 5243 Niceph.

2154 5234 2483 5317 Blemmida
2518 5240 2800 5317 θυεμ-24,
2832 5255 2885 5317 (ιἶ
2913 5234 3079 5317 6-(6.
3115 5234 3174 5294 Οζ
3209 5240 3252 5303 Ι,
3287 5234 3398 5317 ιὶἶι)ζ
3429 5236 3665 5317 Gegrg.”
3691 5234 3814 5289 Me-

2156 5316 2372 5371 tochita
2402 5320 2603 5371 contra
2656 5310 2911 5369 Manuel.
2946 5306 3200 5366 cretens.
3234 5326 3283 5367 c.
3336 5306 3422 5373 1⁷9,
3472 5308 3541 5362 20
3586 5306 3809 5377 (Ιὶδειι,

2156 5387 2292 5442 1034
2333 5388 2501 5458 seq.),
2545 5385 2791 5441 Allatitts
2832 5382 2892 5438 in
2944 5381 3153 5437 Vindz'c.
3209 5398 3331 5453 syn.
3385 5376 3658 5451 Ephesyc.
3717 5376 3808 5442 55,

2200 5502 2212 5514 .
2244 5460 2348 5513 344
2380 5474 2504 5515 seu.

2156 5476 2212 5530 p.
2244 5475 2348 5513 alia
2380 5475 2504 5530 seq.

2225 5529 2339 5601 (78)
2370 5533 2489 5601 Hoc
2522 5528 2602 5585 nil
2635 5526 2794 5584 aliud
2846 5525 2959 5581 sibi
3004 5524 3147 5601 vult,
3200 5523 3313 5601 nisi
3360 5522 3420 5575 τὸ
3450 5517 3719 5601 γεννητὸγ,
3745 5514 3807 5568 τὸ

2180 5592 2504 5673 κτιορὲυτὸν,
2565 5601 2717 5656 sicut
2766 5613 2955 5673 neque
3000 5595 3062 5650 τὸ
3121 5592 3809 5673 éyévvnzpv,'cgssentiam

2156 5688 2271 5799 nep
2292 5658 2685 5799 'copstituere,
2719 5658 2876 5743 quod
2901 5674 3107 5726 contra
3127 5658 3475 5723 E'unomium
3506 5662 3701 5718 Patres
3721 5658 3809 5713 in-

2163 5759 2232 5799 cu
2260 5758 2368 5799 can
2404 5785 2417 5799 .

2163 5747 2417 5801 culcant.
