4058 6216
379 368 495 433 503
756 378 759 385 ⁴
1582 367 1685 429 ΡΗ
1695 364 1855 427 OTII
1897 363 2015 423 PA'

2126 362 2426 426 lARCH/E
2467 366 2585 426 CP.
3672 366 3788 427 504

376 509 702 580 assumpsit
723 522 957 564 carnem
976 506 1135 564 carni
1160 505 1551 571 assistentem,
1576 503 2032 571 unotionemque
2061 498 2116 564 Α
2146 501 2365 557 amoris
2402 502 2831 573 processionem
2890 498 3316 572 intelligibilem
3337 499 3658 574 praeexigat
3675 506 3733 557 et
3760 518 3792 557 a

372 597 533 653 illius
557 598 789 664 factam,
833 597 982 651 sicut
1012 595 1291 665 scripturn
1325 597 1449 648 est:
1490 613 1513 643 α
1547 593 1743 646 Iesum
1777 606 1809 643 a
1838 587 2024 642 Naza-

371 688 520 755 reth,
556 704 727 759 quem
753 687 918 741 unxit
950 692 1099 741 Deus
1132 684 1347 756 Spiritu
1381 692 1580 740 sancto
1621 688 1677 738 et
1705 681 1961 736 virtute?
1990 702 2017 729 ι)

370 782 494 833 Non
546 777 725 847 igitur
777 775 1160 847 indigentiam
1196 773 1454 845 aliquam
1496 773 1582 827 vel
1616 770 2021 843 imperfectum

373 864 677 936 quidpiam
710 864 886 918 Filius
919 862 1195 934 supplens
1227 861 1483 933 Spiritus
1504 861 1751 916 emissor
1776 857 2019 913 exsistit.

368 956 442 1009 At
471 970 603 1009 vero
653 953 913 1008 emittere
944 952 1096 1007 Deus
1137 954 1248 1022 (79)
1290 951 1441 1022 [277]
1491 966 1619 1006 cum
1671 949 1839 1003 Patre
1887 944 2022 1001 nul-

370 1042 484 1097 lius
527 1042 745 1114 indigo,
780 1046 905 1096 tum
940 1042 1093 1111 quod
1146 1040 1454 1095 amborum
1497 1038 1892 1093 indiﬂ‘erenter
1939 1037 2024 1089 est

367 1131 640 1202 Spiritus,
674 1135 801 1185 tum
834 1131 986 1200 quod
1014 1129 1143 1184 sine
1175 1130 1366 1184 medio
1398 1129 1467 1183 de
1498 1128 1664 1183 Patre
1692 1125 1874 1180 Filius
1892 1139 2022 1196 pro-

366 1220 559 1287 venit;
595 1219 809 1275 idcirco
860 1235 972 1273 non
1006 1234 1072 1271 ex
1115 1217 1237 1273 solo
1291 1217 1457 1272 Patre
1486 1217 1763 1287 Spiritus,
1793 1214 1893 1269 sed
1927 1213 2023 1283 (et)

366 1324 433 1363 ex
467 1307 631 1375 Filio,
667 1307 766 1378 qui
801 1306 960 1362 solus
984 1307 1210 1360 fructus
1233 1305 1457 1360 exsistit
1489 1304 1677 1361 Patris
1707 1303 2023 1361 secundum

364 1397 634 1453 eamdem
657 1395 1084 1458 habitudinem,
1115 1410 1242 1465 quae
1268 1410 1337 1448 ex
1368 1394 1535 1449 Patre
1560 1392 1840 1465 procedit.
1866 1413 1895 1441 »
1926 1391 2027 1444 De-

368 1502 533 1540 mum
608 1499 793 1555 neque
843 1483 951 1538 hoc
1011 1484 1495 1553 praetereundum,
1556 1483 1706 1554 quod
1769 1479 2024 1536 similem

369 1573 753 1643 objectionem
804 1577 1041 1627 sanctus
1080 1572 1333 1627 Thomas
1385 1572 1493 1626 sibi
1550 1570 1851 1642 proposuit
1880 1585 2024 1623 eno-

365 1663 668 1716 dandatn:
722 1683 748 1710 ‹‹
799 1660 1054 1731 Spiritus
1104 1667 1344 1716 sanctus
1386 1662 1634 1733 perfecte
1686 1658 1942 1730 procedit
1992 1673 2025 1711 a

2130 588 2317 645 Verbo
2347 592 2563 646 oriatur
2584 597 2780 658 Amor,
2809 595 2875 645 ut
2894 591 3049 645 idem
3083 591 3285 647 doctor
3306 590 3547 662 (Opusc.
3575 606 3664 658 tu,
3686 592 3790 659 c.3)

2130 680 2403 737 ostendit.
2463 681 2579 737 Hoc
2627 680 2879 736 sublime
2917 682 3326 751 argumentum
3359 681 3485 750 jam
3525 681 3789 751 exposui.

2128 770 2491 840 Augustinus
2521 771 2617 841 (De
2643 770 2794 825 Trin.
2826 786 2917 838 xv,
2951 770 3019 823 17
3044 770 3189 840 seq.)
3219 784 3400 841 eoque
3432 770 3625 824 utitur
3672 774 3792 824 tum

2131 859 2482 916 Ratramnns
2513 860 2571 932 (v
2601 877 2777 932 supra
2808 877 2870 927 II,
2903 858 2933 931 §
2966 864 3041 927 7),
3066 863 3189 914 tum
3221 859 3382 931 Hugo
3414 860 3794 929 Etherianus,

2131 949 2229 1020 qui
2263 949 2327 1021 (l.
2358 966 2397 1014 ι,
2430 966 2481 1007 c.
2518 952 2603 1014 14,
2639 967 2693 1021 ρ.
2732 949 2890 1020 1208)
2920 948 3188 1004 adductis
3222 948 3565 1021 Hieronymi
3599 949 3792 1005 verbis

2130 1038 2212 1109 (in
2246 1037 2391 1109 psal.
2426 1040 2582 1111 xxv):
2619 1062 2647 1089 «
2679 1039 2929 1109 Spiritus
2957 1046 3197 1093 sanctus
3232 1054 3336 1093 nec
3366 1040 3539 1094 Pater
3569 1043 3661 1094 est
3695 1055 3795 1094 nec

2131 1126 2331 1199 Filius,
2364 1129 2461 1184 sed
2495 1127 2746 1196 dilectio,
2775 1144 2950 1199 quam
2981 1127 3156 1183 habet
3197 1128 3361 1183 Pater
3390 1127 3449 1183 in
3483 1127 3704 1183 Filium
3740 1132 3795 1183 et

2132 1216 2312 1274 Filius
2341 1217 2400 1272 in
2432 1219 2683 1284 Patrem,
2711 1239 2734 1269 ν
2758 1218 2842 1273 ita
2863 1217 3269 1288 prosequitur:
3306 1238 3333 1270 α
3365 1218 3661 1282 Quoniam
3695 1206 3795 1289 igi-

2134 1309 2230 1360 tur
2272 1307 2548 1377 Spiritus,
2584 1313 2647 1363 ut
2691 1311 2779 1362 est
2823 1322 2991 1362 amor
3039 1306 3246 1373 Patris,
3296 1306 3373 1361 ita
3423 1314 3479 1362 et
3524 1306 3681 1375 Filii,
3732 1310 3795 1361 ut

2136 1396 2391 1464 procedit
2422 1412 2492 1451 ex
2540 1398 2723 1465 Patre,
2776 1396 3036 1466 procedit
3084 1411 3153 1451 ex
3195 1396 3360 1464 Filio,
3411 1397 3791 1452 manifestum

2133 1483 2315 1555 igitur
2340 1492 2429 1540 est
2456 1501 2525 1541 ex
2550 1486 2736 1552 dictis,
2763 1486 2915 1556 quod
2945 1501 3062 1542 non
3081 1486 3397 1541 exsistente
3424 1486 3549 1540 Filii
3577 1486 3793 1557 Spiritu

2132 1589 2322 1643 neque
2352 1574 2567 1645 exipso
2601 1575 2945 1646 procedente
2987 1573 3352 1645 impossibile
3393 1579 3484 1629 est
3521 1576 3792 1630 eumdem

2134 1661 2417 1733 Spiritum
2467 1663 2656 1719 Patris
2683 1680 2811 1719 esse
2850 1663 2936 1718 vel
2969 1679 3037 1718 ex
3088 1663 3255 1718 Patre
3303 1664 3637 1733 procedere.
3675 1684 3703 1712 »
3733 1662 3795 1719 Id

363 1750 565 1818 Patre;
603 1766 739 1821 ergo
793 1749 1159 1821 superﬂuum
1192 1754 1280 1805 est
1309 1751 1522 1816 dicere,
1566 1750 1721 1821 quod
1756 1747 2027 1820 procedat
2056 1818 2096 1824 _
2136 1751 2350 1822 pariter
2391 1753 2601 1822 probat
2629 1752 2798 1807 Joan.
2846 1750 3249 1824 Argyropulus
3277 1756 3380 1821 (De
3408 1768 3563 1820 proc.
3600 1752 3789 1824 Spirit.

362 1855 396 1895 ει
435 1838 598 1894 Filio.
635 1818 896 1901 {Quam
933 1839 1012 1893 ita
1062 1838 1232 1894 solvit
1262 1840 1337 1910 (ι,
1382 1855 1438 1910 q.
1487 1818 1673 1909 36,—tl.
1724 1818 1769 1891 2'
1801 1838 1871 1891 ad
1927 1836 2021 1907 6):
2056 1818 2104 1883 B
2134 1818 2330 1906 sancti,
2365 1818 2414 1895 οῖ
2456 1841 2489 1895 3
2539 1857 2657 1912 seq.
2694 1844 2757 1897 G.
2811 1842 2871 1897 0.
2907 1818 3099 1907 ξιιοᾸ
3131 1818 3299 1912 seq.),
3340 1818 3790 1897 occidentalium

364 1951 391 1979 ‹‹
424 1932 534 1984 Per
567 1928 697 1997 hoc,
744 1930 897 2000 quod
930 1929 1177 2001 Spiritus
1212 1934 1445 1985 sanctus
1479 1929 1729 1998 perfecte
1762 1928 2023 1999 procedit

362 2036 394 2073 a
426 2020 615 2087 Patre,
641 2036 756 2074 non
781 2019 966 2074 solum
997 2037 1106 2074 non
1133 2025 1493 2092 superﬂuum
1517 2025 1607 2077 est
1634 2020 1842 2087 dicere,
1866 2018 2021 2089 quod

364 2107 618 2180 Spiritus
673 2114 911 2164 sanctus
940 2110 1213 2181 procedat
1243 2127 1277 2166 a
1309 2109 1474 2177 Filio,
1524 2110 1618 2165 sed
1651 2108 1891 2165 omnino
1924 2124 2022 2162 ne-

362 2198 709 2264 cessarium,
759 2198 898 2269 quia
942 2215 1058 2253 una
1091 2200 1270 2255 virtus
1321 2205 1412 2256 est
1441 2199 1647 2266 gPatris
1676 2203 1732 2253 et
1771 2197 1919 2253 Filii.
1954 2198 2023 2252 Et

362 2286 638 2357 quidquid
672 2290 761 2342 est
801 2304 833 2343 a
882 2287 1072 2357 Patre,
1106 2302 1341 2343 necesse
1371 2291 1460 2343 est
1489 2304 1617 2343 esse
1642 2306 1674 2343 a
1707 2287 1870 2354 Filio,
1909 2286 2020 2342 nisi

371 2375 715 2446 proprietati
740 2375 1039 2431 ﬁliationis
1065 2381 1368 2447 repugnet.
1397 2381 1521 2432 Non
1548 2376 1701 2431 enim
1724 2375 1904 2430 Filius
1936 2382 2022 2431 est

369 2480 403 2518 a
436 2480 494 2519 se
518 2463 666 2534 ipso,
704 2463 835 2519 licet
867 2481 899 2519 a
927 2464 1115 2519 Patre.
1154 2486 1181 2513 ››
1213 2465 1295 2519 Cf.
1329 2465 1503 2520 etiam
1528 2468 1723 2519 Petav.
1757 2465 1829 2519 de
1853 2465 2015 2519 Trin.

373 2570 475 2620 vu,
510 2554 596 2615 16,
628 2553 679 2605 2.

442 2644 494 2694 5.
529 2640 717 2710 Pergit
761 2640 997 2696 Photius
1020 2642 1094 2711 (ο.
1127 2643 1221 2711 8);
1255 2642 1412 2697 Nova
1442 2642 1638 2714 aliqua
1683 2641 1885 2698 relatio
1918 2643 2015 2698 de-

372 2726 533 2782 beret
562 2726 620 2781 in
674 2727 1006 2783 Latinorum
1038 2727 1340 2801 hypothesi
1381 2728 1715 2800 excogitari,
1764 2727 1818 2782 vi
1848 2728 2015 2797 cujus

364 2814 620 2884 Spiritus
643 2820 885 2871 sanctus
904 2816 1046 2872 Filio
1068 2818 1587 2874 consubstantialis
1607 2818 1781 2873 etiam
1807 2817 2018 2889 princi-

372 2903 571 2974 piandi
617 2903 857 2960 haberet
888 2907 1327 2977 praerogativam
1362 2908 1430 2963 ad
1473 2924 1635 2964 suam
1670 2907 2015 2979 dignitatem

365 2993 736 3049 servandam.
760 2993 877 3050 Hoc
898 3000 1089 3066 caput,
1113 2998 1222 3053 etsi
1252 2997 1684 3063 brevissimum,
1714 2996 1822 3051 etsi
1842 2996 2015 3051 afﬁne

365 3098 491 3153 cap.
524 3081 558 3135 3
580 3082 727 3153 (vide
749 3100 929 3155 supra
954 3087 1051 3155 §1,
1082 3085 1137 3157 2)
1169 3090 1344 3157 atque
1374 3102 1443 3141 ex
1480 3091 1642 3158 parte
1668 3086 1727 3141 in
1758 3102 1823 3141 eo
1853 3085 2010 3141 refu-

367 3177 573 3241 tatum,
605 3172 714 3228 etsi
759 3174 1109 3230 assertiones
1139 3177 1524 3249 complectens
1571 3195 1603 3231 a
1646 3175 1846 3231 Photio
1893 3192 2008 3230 non

366 3262 658 3332 probatas,
691 3268 885 3319 tamen
918 3264 1113 3337 plures
1160 3267 1693 3322 animadversiones
1735 3266 2006 3337 exposcit,

364 3366 488 3420 quae
519 3355 575 3406 et
622 3352 776 3408 circa
806 3352 953 3409 alios
997 3356 1257 3425 ejusdem
1307 3356 1674 3427 syllogismos
1711 3356 2006 3410 valebunt.

364 3438 406 3492 Ῑ.
441 3439 669 3494 Certum
720 3448 805 3495 est
848 3458 916 3496 ex
948 3443 1202 3497 revelata
1244 3444 1523 3510 doctrina,
1548 3444 1830 3515 Spiritum
1879 3461 2011 3500 san-

365 3529 524 3581 ctum
555 3542 682 3582 esse
732 3530 1045 3585 terminum
1078 3535 1429 3587 internarum
1459 3536 1516 3588 et
1558 3534 2009 3591 immanentium

366 3615 661 3687 originum
708 3621 766 3672 et
812 3618 962 3674 ultra
992 3623 1110 3675 tres
1157 3638 1436 3692 personas
1473 3622 1845 3681 Divinitatem
1895 3643 2009 3683 non

366 3704 616 3761 extendi.
650 3705 907 3763 Thomas
933 3708 995 3779 (l.
1023 3726 1072 3765 c.
1107 3726 1164 3781 q.
1188 3712 1278 3778 27,
1311 3728 1362 3767 a.
1396 3713 1486 3783 3):
1522 3716 1636 3768 «In
1662 3714 1870 3771 divinis
1896 3732 2010 3771 non

366 3798 451 3851 est
488 3795 800 3865 processio,
854 3798 963 3854 nisi
1015 3802 1335 3857 secundum
1390 3803 1698 3873 actionem,
1735 3821 1862 3876 qum
1895 3822 2011 3863 non

364 3882 554 3938 tendit
582 3883 643 3939 in
676 3883 899 3957 aliquid
951 3889 1362 3960 extrinsecum,
1412 3894 1509 3947 sed
1553 3898 1749 3949 manet
1776 3894 1837 3949 in
1884 3895 2009 3966 ipso

366 3976 592 4045 agente.
625 3972 971 4045 Hujusmodi
995 3983 1187 4034 autem
1209 3980 1359 4036 actio
1388 3982 1446 4037 in
1481 3982 1859 4039 intellectuali
1902 4002 2012 4040 na-

362 4065 496 4118 tura
516 4066 603 4118 est
620 4065 771 4119 actio
794 4067 1100 4122 intellectus
1116 4073 1171 4124 et
1194 4071 1343 4126 actio
1377 4071 1697 4128 voluntatis.
1732 4074 2013 4130 Processio

363 4158 549 4206 autem
584 4152 736 4208 Verbi
764 4157 1083 4211 attenditur
1120 4161 1442 4215 secundum
1475 4163 1762 4218 actionem
1798 4164 2012 4219 intelli-

362 4241 622 4313 gibilem.
667 4244 996 4300 Secundum
1028 4252 1222 4303 autem
1269 4251 1665 4319 operationem
1697 4252 2013 4310 voluntatis

364 4330 658 4387 invenitur
702 4332 763 4387 in
812 4334 979 4389 nobis
1021 4337 1288 4406 quaedam
1345 4339 1459 4394 alia
1516 4342 1831 4411 processio,
1883 4344 2010 4400 scil.

2132 1945 2362 2000 quoque
2391 1930 2693 1985 doctorum
2725 1930 3030 2001 principiis
3053 1932 3332 1995 imbutus,
3361 1929 3418 1984 in
3451 1932 3791 1987 nominibus

2134 2014 2301 2093 λόγου
2328 2024 2384 2074 et
2412 2017 2626 2091 ἀγάπης
2656 2020 2952 2075 insistens.
2992 2022 3061 2076 II.
3095 2019 3463 2091 Inaequalitas
3484 2021 3791 2093 dignitatis

2133 2124 2515 2178 personarum
2539 2108 2673 2163 inde
2694 2109 2868 2180 repeti
2895 2107 3118 2179 nequit,
3141 2107 3299 2179 quod
3317 2125 3429 2163 una
3451 2113 3541 2163 est
3566 2111 3790 2180 absque

2132 2195 2439 2267 principio,
2496 2196 2675 2251 altera
2731 2213 2764 2249 a
2821 2195 3103 2268 principio
3163 2204 3338 2267 atque
3397 2195 3789 2267 principians,

2132 2284 2304 2338 tertia
2354 2302 2388 2339 a
2437 2284 2746 2356 principio,
2793 2301 2981 2355 neque
3030 2290 3224 2339 tamen
3276 2284 3652 2355 principians.
3716 2285 3785 2340 Id

2131 2372 2368 2427 Photius
2387 2375 2615 2439 statuit,
2638 2374 2778 2428 dum
2803 2373 3079 2443 supponit
3100 2372 3381 2442 Spiritum
3406 2389 3515 2428 non
3540 2388 3788 2429 servare

2128 2462 2467 2530 dignitatem
2500 2478 2688 2528 suam,
2723 2464 2769 2517 si
2822 2479 2936 2518 non
2982 2466 3073 2517 est
3110 2462 3236 2533 ipse
3265 2478 3490 2533 quoque
3521 2459 3785 2533 alicujus

2126 2550 2498 2622 principium,
2532 2552 3031 2622 quemadmodum
3063 2550 3263 2607 Filius.
3318 2552 3532 2607 Revera
3581 2555 3781 2620 posset

2125 2639 2271 2708 ipse,
2332 2641 2431 2711 qui
2488 2645 2570 2695 tot
2629 2640 2921 2695 haereseon
2972 2639 3209 2696 Latinos
3270 2640 3519 2707 incusat,
3582 2641 3782 2695 Euno—

2127 2729 2424 2785 mianismi
2485 2731 2672 2803 argui,
2729 2731 2870 2785 dum
2932 2729 3026 2785 hic
3076 2735 3135 2785 et
3212 2730 3349 2785 alibi
3406 2746 3476 2785 ex
3531 2730 3786 2801 originis

2123 2818 2507 2875 relationibus
2559 2819 2822 2875 essentia;
2896 2818 3283 2889 aequalitatem
3344 2818 3497 2874 attici
3554 2825 3778 2875 censet.

2125 2927 2155 2956 ‹‹
2186 2908 2526 2979 ΑΞᾳιιαΙὶῐειε,
2576 2909 2654 2963 ait
2684 2908 2962 2977 Thomas,
3008 2908 3067 2964 in
3102 2908 3314 2963 divinis
3342 2913 3400 2963 et
3448 2907 3776 2964 similitudo

2123 2996 2445 3051 attenditur
2474 2998 2798 3052 secundum
2832 2996 3185 3066 essentialia,
3211 3013 3315 3053 nec
3349 3002 3539 3068 potest
3569 3014 3782 3053 secun-

2122 3084 2263 3140 dum
2305 3085 2616 3141 dictionem
2663 3086 3012 3141 relationum
3063 3085 3427 3157 inaequalitas
3474 3086 3633 3158 [279]
3690 3088 3781 3144 vel

2122 3174 2539 3230 dissimilitudo
2562 3175 2692 3230 dici.
2716 3174 2877 3231 Unde
2901 3178 3040 3247 Aug.
3061 3192 3111 3231 c.
3134 3175 3363 3232 Maxim.
3393 3192 3479 3243 In,
3506 3177 3574 3231 18
3603 3176 3778 3232 dicit:

2119 3262 2370 3335 Originis
2409 3264 2648 3334 quaestio
2679 3268 2787 3331 est,
2837 3264 2993 3334 quod
3040 3264 3106 3319 de
3133 3279 3236 3335 quo
3277 3264 3371 3331 sit,
3423 3250 3805 3334 aequalitatis.

2120 3358 2336 3415 autem,
2370 3353 2549 3423 qualis
2580 3357 2682 3408 aut
2724 3355 2961 3423 quantus
3007 3352 3198 3408 sit.....
3231 3352 3395 3408 Sicut
3422 3354 3633 3410 eadem
3687 3372 3785 3409 cs-

2119 3441 2329 3507 sentia,
2362 3458 2484 3511 quea
2532 3447 2621 3497 est
2671 3443 2727 3497 in
2775 3442 2943 3498 Patre
2996 3442 3335 3513 paternitas,
3368 3442 3426 3497 in
3481 3442 3630 3499 Filio
3689 3449 3786 3500 est

2120 3531 2344 3598 filiatio,
2372 3530 2453 3586 ita
2476 3531 2677 3587 eadem
2708 3531 2985 3603 dignitas,
3020 3547 3143 3602 quas
3174 3531 3232 3586 in
3264 3531 3430 3587 Patre
3460 3539 3549 3588 est
3581 3537 3787 3602 pater-

2120 3620 2295 3686 nitas,
2346 3621 2406 3675 in
2454 3621 2600 3677 Filio
2642 3625 2727 3677 est
2779 3620 3007 3677 ﬁliatio.
3058 3642 3087 3670 »
3131 3621 3218 3692 (0.
3256 3622 3343 3688 42,
3387 3637 3447 3677 a.
3503 3621 3534 3674 4
3570 3622 3648 3677 ad
3706 3623 3787 3693 2.)

2120 3709 2250 3764 Pari
2274 3710 2443 3765 modo
2466 3711 2538 3765 ad
2556 3717 2962 3781 argumentum
2982 3707 3127 3764 illud
3155 3726 3218 3766 τι(
3249 3707 3423 3764 Filius
3450 3726 3567 3765 non
3590 3713 3792 3782 magis

2120 3798 2386 3856 convenit
2423 3816 2557 3855 cum
2606 3803 2791 3865 Patre,
2845 3815 3024 3870 quam
3068 3799 3317 3871 Spiritus
3364 3804 3641 3865 sanctus;
3678 3803 3788 3857 sed

2120 3889 2368 3959 Spiritus
2418 3892 2657 3944 sanctus
2688 3897 2742 3944 et
2782 3889 2952 3943 Pater
2982 3904 3096 3944 non
3144 3893 3283 3943 sunt
3334 3904 3518 3943 unum
3554 3890 3788 3961 princi-

2123 3978 2284 4049 pium
2341 3982 2604 4049 respectu
2673 3977 2923 4047 alicujus
3000 3978 3208 4032 divinaa
3273 3993 3584 4048 personae;
3642 3994 3791 4051 ergo

2123 4084 2312 4139 neque
2342 4068 2506 4123 Pater
2535 4075 2591 4123 at
2637 4066 2842 4136 Filius,
2875 4088 2904 4117 »
2936 4067 3017 4122 ita
3058 4069 3367 4138 respondet
3420 4073 3499 4137 (q.
3537 4068 3634 4138 36,
3674 4086 3732 4124 ιι.
3764 4070 3793 4124 4

2123 4158 2194 4212 ad
2225 4158 2319 4225 3):
2373 4177 2399 4206 ‹‹
2449 4157 2533 4211 Ad
2584 4156 2816 4212 tertium
2860 4154 3194 4222 dicendum,
3251 4156 3405 4226 quod
3451 4158 3793 4214 secundum

2122 4247 2386 4303 relatives
2418 4248 2795 4317 praprietates
2846 4263 2960 4302 non
2994 4245 3317 4303 attenditur
3356 4244 3415 4300 in
3445 4244 3674 4303 divinis
3712 4248 3793 4304 si-

2126 4335 2394 4392 militudo
2409 4335 2493 4390 vel
2519 4334 2962 4401 dissimilitudo,
2989 4336 3089 4390 sed
3106 4335 3428 4391 secundum
3444 4336 3796 4393 essentiam.

360 4422 632 4490 processio
662 4420 909 4491 Amoris,
941 4426 1266 4481 secundum
1309 4444 1486 4497 quam
1516 4439 1774 4486 amatum
1824 4438 1915 4488 est
1954 4434 2010 4487 in
2045 4454 2092 4520 D
2130 4425 2287 4481 Unde
2317 4425 2470 4480 sicut
2504 4425 2671 4480 Pater
2702 4440 2817 4480 non
2847 4429 2933 4480 est
2962 4424 3210 4480 similior
3230 4424 3361 4494 sibi,
3401 4440 3583 4495 quam
3609 4425 3790 4493 Filio,

365 4514 620 4577 amante,
648 4511 803 4566 sicut
826 4528 928 4583 per
948 4514 1385 4584 conceptionem
1410 4518 1561 4590 [278]
1580 4520 1838 4577 verbires
1860 4522 2015 4579 dicta

363 4598 453 4653 vel
487 4599 783 4657 intellecta
831 4606 921 4658 est
968 4602 1028 4658 in
1078 4603 1456 4676 intelligente.
1504 4608 1666 4664 Unde
1709 4614 1766 4665 et
1814 4618 2015 4681 praeter

366 4690 795 4756 processionem
821 4691 992 4748 Verbi
1015 4693 1251 4765 ponitur
1262 4696 1375 4751 alia
1394 4699 1683 4767 processio
1702 4698 1758 4753 in
1775 4700 2013 4769 divinis,

366 4789 493 4843 qua
541 4781 629 4831 est
672 4782 946 4849 processio
985 4783 1219 4840 Amoris.
1257 4806 1284 4834 ι›
1341 4785 1559 4843 Exinde
1589 4787 1762 4844 etiam
1810 4790 2015 4859 probat

365 4862 445 4931 (a.
476 4861 532 4933 5)
565 4864 625 4921 in
656 4865 868 4924 divinis
897 4888 1012 4927 non
1038 4872 1233 4944 plures
1254 4891 1426 4945 quam
1452 4876 1594 4931 duas
1616 4880 2013 4948 processiones

366 4962 514 5017 esse,
547 4957 601 5006 et
632 4953 708 5026 (a.
739 4956 794 5009 3.
845 4959 916 5013 ad
949 4961 1000 5030 1)
1031 4963 1196 5019 docet
1223 4984 1250 5014 «
1290 4964 1446 5035 quod
1486 4982 1597 5022 non
1632 4971 1720 5022 est
1750 4983 2013 5024 necessa-

366 5036 520 5095 rium
571 5044 879 5112 procedere
916 5048 973 5102 in
1008 5050 1219 5108 divinis
1262 5054 1725 5122 processionibus
1772 5057 1830 5112 in
1880 5056 2015 5112 inﬁ-

364 5127 573 5186 nitum.
605 5134 904 5191 Processio
934 5139 1113 5207 enim,
1146 5159 1273 5211 qua;
1304 5152 1384 5198 est
1405 5144 1478 5200 ad
1507 5145 1681 5213 intra,
1712 5145 1771 5201 in
1795 5147 2015 5204 intelle-

367 5217 543 5275 ctuali
564 5224 789 5289 natura,
810 5226 1151 5283 terminatur
1172 5232 1228 5285 in
1249 5233 1617 5302 processione
1636 5234 2012 5291 voluntatis.»

366 5308 448 5365 Ex
480 5307 588 5364 hac
619 5311 851 5383 egregia
882 5314 1143 5371 doctrina
1174 5319 1349 5374 etiam
1402 5337 1499 5389 per
1539 5337 1600 5377 se
1641 5326 2015 5394 consequitur

368 5399 660 5471 processio
705 5401 958 5473 Spiritus
1010 5408 1197 5462 sancti
1230 5424 1297 5463 ex
1340 5411 1505 5479 Filio,
1537 5428 1670 5467 cum
1724 5416 2013 5484 processio

442 5526 558 5598 (79)
590 5527 655 5582 Et
704 5526 793 5583 hic
834 5529 1023 5597 lectio,
1080 5539 1351 5604 corrupta
1396 5538 1661 5606 videtur;
1702 5539 2010 5610 legendum

371 5618 639 5688 fortasse,
672 5624 743 5676 At
782 5636 915 5677 vero
946 5623 1157 5679 emittit
1184 5639 1337 5681 eum.

442 5708 556 5781 (80)
591 5710 677 5768 Cf.
705 5715 873 5786 Greg.
906 5711 1041 5773 Naz.
1076 5718 1217 5772 orat.
1250 5715 1341 5784 32,
1375 5732 1429 5788 p.
1456 5718 1585 5792 519,
1612 5721 1703 5778 ed.
1741 5721 1870 5778 Bill.
1905 5724 2011 5782 Ba-

2122 4514 2202 4569 ita
2220 4530 2323 4569 nec
2348 4514 2529 4568 Filius
2553 4512 2799 4569 similior
2815 4514 2968 4568 Patri
2984 4528 3161 4584 quam
3183 4512 3437 4583 Spiritus
3452 4520 3740 4571 sanctus.
3765 4538 3793 4565 ››

2123 4603 2271 4675 Ergo
2303 4620 2418 4658 non
2451 4603 2663 4657 amittit
2691 4602 2943 4673 Spiritus
2965 4608 3201 4657 sanctus
3230 4618 3398 4658 suam
3431 4601 3797 4674 dignitatem

2123 4711 2188 4751 eo
2220 4695 2373 4766 quod
2409 4695 2566 4750 nulla
2596 4694 2669 4750 ab
2699 4710 2764 4750 eo
2787 4710 3033 4764 persona
3064 4694 3334 4765 procedat
3360 4697 3418 4749 et
3447 4693 3497 4749 si
3530 4693 3795 4752 Photius

2122 4783 2180 4839 id
2240 4784 2558 4852 contendit,
2619 4800 2753 4839 cum
2813 4782 3097 4840 Eunomio
3152 4783 3469 4839 contendat
3525 4788 3798 4855 oportet,

2123 4873 2468 4944 ingenitum,
2511 4875 2788 4943 genitum,
2822 4889 2886 4928 ac
2916 4872 3232 4944 generatim
3280 4872 3341 4924 τὸ
3370 4868 3553 4944 ἀρχήν
3587 4890 3795 4941 τινοςς

2124 4966 2259 5020 εἶναι
2293 4967 2480 5038 ipsam
2512 4966 2867 5021 constituere
2906 4970 3194 5031 naturam,
3227 4965 3385 5036 quod
3416 4981 3451 5019 a
3503 4964 3797 5023 Patribus

2123 5055 2292 5111 toties
2339 5054 2793 5110 condemnatum
2852 5058 2942 5108 est
2990 5053 3123 5124 (80).
3175 5052 3277 5107 III.
3317 5053 3483 5123 Apud
3541 5053 3800 5111 Latinos

2123 5144 2395 5215 quaelibet
2443 5159 2691 5215 persona
2734 5143 2806 5198 ab
2855 5142 3037 5197 altera
3084 5140 3345 5213 qualibet
3393 5140 3799 5199 relationibus

2123 5233 2524 5305 distinguitur,
2557 5233 2699 5288 adeo
2732 5236 2795 5286 ut
2825 5230 2985 5286 nulla
3019 5247 3164 5285 nova
3186 5228 3465 5286 relatione
3486 5247 3642 5299 opus
3682 5234 3793 5298 sit;

2121 5324 2309 5381 Latini
2334 5342 2437 5381 nec
2460 5324 2677 5396 plures,
2700 5339 2803 5379 nec
2829 5322 3131 5395 pauciores
3173 5315 3386 5394 σχέσεις
3430 5321 3795 5389 admittunt,

2124 5432 2297 5486 quam
2334 5415 2527 5470 Patres
2559 5414 2744 5471 Greci.
2791 5412 2956 5477 Quod
2988 5412 3037 5467 si
3071 5410 3253 5467 activa
3276 5410 3516 5483 spiratio
3548 5416 3612 5466 et
3643 5413 3798 5470 Filio

2250 5543 2308 5595 (ἱ.
2361 5542 2499 5596 Eun.
2534 5556 2573 5610 ι,
2606 5543 2636 5593 5
2687 5555 2809 5611 seq.
2858 5536 3052 5608 Cyrill.
3103 5535 3272 5593 Thes.
3325 5550 3484 5600 xvm,
3531 5550 3591 5606 p.
3662 5538 3794 5605 184,
