4090 6228
2598 0 4090 368 *ἡ

951 401 1054 462 DE
1099 402 1163 461 S.
1209 399 1409 462 SPIR.
1457 397 1994 461 MYSTAGOGIA.
2042 430 2118 444 —
2160 398 2908 464 ANIMADVERSIONES

3520 416 3639 479 510

224 542 591 603 materialem
626 540 1089 608 distinctionem,
1121 537 1278 610 quod
1307 539 1396 593 est
1426 534 1810 607 impossibile.
1850 555 1879 588 »
1912 540 1966 608 Α
1993 534 2084 588 καὶ
2115 536 2337 607 Πνεῦμα
2369 550 2485 592 non
2517 536 2777 609 amplius
2807 556 3010 597 verum
3056 543 3215 615 fore;
3260 546 3393 605 hinc
3421 553 3478 605 et
3500 551 3630 609 Bes-

226 410 347 471 509

220 641 350 693 Imo
381 650 552 692 secus
582 648 689 690 nec
716 632 857 705 ipsa:
896 626 1301 701 processiones
1359 626 1876 698 distinguerentur,

218 730 287 784 ut
318 725 574 782 Thomas
606 722 709 795 (ib.
733 721 803 777 ad
823 721 883 792 7)
915 720 1083 775 docet
1112 733 1126 772 :
1153 739 1181 769 ‹‹
1209 716 1463 789 Spiritus
1506 724 1742 771 sanctus
1768 716 1878 772 dis-

220 816 515 887 tinguitur
570 808 959 885 personaliter
1002 825 1037 864 a
1094 806 1238 863 Filio
1269 807 1328 861 in
1368 806 1498 871 hoc,
1531 806 1682 877 quod
1716 805 1874 877 origo

222 904 404 961 unius
418 902 799 974 distinguitur
828 898 901 955 ab
923 897 1147 969 origine
1177 895 1441 952 alterius.
1467 895 1581 950 Sed
1602 894 1733 965 ipsa
1753 894 1873 949 dif-

225 994 478 1050 ferentia
502 990 741 1061 originis
770 992 860 1046 est
880 1004 978 1059 per
1008 986 1139 1054 hoc,
1162 986 1319 1058 quod
1348 984 1528 1041 Filius
1568 988 1655 1040 est
1683 983 1874 1040 solum

222 1101 258 1141 a
315 1084 510 1151 Patre,
550 1080 804 1151 Spiritus
835 1081 1074 1134 sanctus
1130 1092 1262 1132 vero
1322 1094 1355 1132 a
1404 1076 1573 1130 Patre
1620 1078 1677 1130 et
1706 1073 1869 1130 Filio.

222 1175 355 1233 Non
385 1172 544 1230 enim
577 1170 749 1228 aliter
780 1168 1176 1243 processiones
1189 1166 1703 1236 distinguerentur,
1719 1164 1872 1221 sicut

214 1281 401 1336 supra
457 1267 763 1320 ostensum
818 1263 929 1315 est.
989 1279 1019 1308 »
1068 1256 1260 1313 Simili
1324 1256 1495 1312 modo
1548 1256 1671 1326 jam
1704 1254 1869 1327 Hugo

214 1353 564 1412 Etherianus
621 1351 951 1422 disputaret
1013 1348 1079 1419 (Ι.
1165 1364 1247 1414 1n,
1315 1361 1366 1401 c.
1416 1347 1502 1416 12,
1552 1362 1608 1417 p.
1659 1345 1864 1417 1247):

216 1468 245 1497 α
281 1446 449 1501 Pater
517 1458 550 1497 a
593 1440 736 1497 Filio
794 1438 909 1495 alia
951 1454 1197 1511 persona
1231 1440 1337 1506 est,
1369 1451 1435 1493 eo
1466 1434 1620 1507 quod
1654 1451 1752 1504 per
1772 1450 1868 1506 ge-

1987 624 2179 681 sarion
2212 626 2307 696 (De
2334 641 2483 697 proc.
2517 625 2716 697 Spirit.
2750 631 2949 699 sancti,
2978 631 3145 703 Apud
3175 636 3386 695 Arcud.
3416 640 3633 710 Opusc.
3668 700 3673 703 ,

1985 711 2160 768 theol.
2193 729 2389 786 aur.q.
2422 715 2527 769 232
2555 719 2706 787 seq.)
2737 718 2975 774 omnino
3000 721 3235 779 Thomas
3267 729 3628 787 concordans

1985 802 2135 859 hanc
2166 803 2623 875 propositionem
2684 813 3044 877 propugnat:
3090 812 3152 866 Et
3207 815 3281 884 μή
3322 815 3385 869 τὸ
3417 819 3634 891 [haemi

1983 897 2124 954 ἐστιν
2154 899 2203 972 ἐξ
2237 901 2364 955 Υἱοῦ
2396 900 2494 956 οὐκ
2550 902 2609 956 ἂν
2672 903 2838 959 αὐτοῦ
2869 915 3236 980 προσωπικῶς
3275 909 3631 988 διακρίνοιτο.

1981 989 2113 1055 Quae
2138 989 2457 1061 conclusio,
2489 991 2624 1047 licet
2656 994 2917 1051 Scotistee
2966 1014 3096 1054 eam
3138 1007 3476 1071 negaverint
3497 1008 3632 1079 (89),

1981 1080 2262 1151 spectatis
2294 1085 2351 1137 et
2381 1084 2683 1152 perpensis
2714 1084 2946 1141 Patrum
2974 1087 3122 1159 [287]
3156 1092 3459 1163 principiis
3490 1096 3633 1151 vali-

1981 1168 2224 1225 dissima
2277 1170 2595 1227 existimari
2666 1172 2854 1229 debet.
2913 1175 3193 1235 Caeterum
3281 1182 3355 1236 cf.
3429 1185 3628 1240 Petav.

1980 1258 2052 1313 De
2086 1260 2233 1313 Trin.
2295 1276 2394 1325 vn,
2455 1277 2505 1316 c.
2564 1262 2619 1331 6,
2672 1277 2730 1318 n.
2791 1264 2847 1331 6,
2872 1265 2934 1331 7;
2969 1282 3017 1321 c.
3049 1267 3102 1335 9,
3137 1286 3196 1322 II.
3228 1270 3264 1323 5
3294 1287 3416 1342 seq.
3452 1273 3627 1329 Henr.

1979 1348 2176 1406 Kilber
2206 1350 2263 1404 in
2295 1352 2448 1423 [288]
2501 1351 2703 1408 Theol.
2738 1352 2996 1410 Wirceb.
3031 1362 3197 1415 tract.
3236 1361 3307 1416 De
3360 1363 3469 1419 Deo
3523 1380 3632 1422 uno

1976 1443 2027 1493 et
2092 1441 2262 1505 trino,
2296 1438 2451 1511 diap.
2484 1441 2541 1508 6,
2573 1456 2621 1495 c.
2682 1444 2735 1509 2,
2781 1459 2840 1499 n.
2885 1442 3007 1498 407.
3040 1445 3172 1509 Quia
3204 1462 3335 1504 cum
3378 1449 3461 1506 ita
3491 1450 3628 1522 sint,

213 1532 578 1590 nerationern
610 1530 661 1586 ei
692 1544 821 1586 esse
852 1531 1101 1600 praestat.
1157 1528 1219 1583 In
1260 1526 1368 1581 hoc
1399 1525 1557 1580 enim
1586 1522 1779 1579 differt
1835 1541 1867 1578 a
1974 1529 2132 1596 patet
2159 1531 2392 1583 tantum
2424 1529 2629 1585 abesse
2668 1533 2730 1584 ut
2766 1531 2983 1588 Latinis
3018 1534 3208 1606 aliqua
3244 1554 3394 1594 nova
3425 1539 3627 1599 relatio

216 1622 385 1691 Filio,
421 1621 572 1692 quod
604 1620 655 1675 ei
687 1634 814 1675 esse
858 1620 958 1675 dat
1012 1633 1116 1691 per
1174 1615 1571 1679 nativitatem;
1596 1629 1802 1669 rursus
1833 1630 1867 1669 a
1973 1615 2304 1686 efﬁngenda
2333 1616 2426 1684 sit,
2459 1634 2573 1689 qua
2595 1618 2854 1689 ipsorum
2888 1626 3151 1693 systema
3180 1626 3624 1698 perﬁciatur,ut

215 1712 485 1785 genitore
515 1709 717 1766 Fillius
748 1707 962 1778 differt,
997 1706 1152 1780 quod
1204 1706 1496 1762 nascendo
1528 1703 1753 1774 accepit
1786 1702 1859 1758 ab
1974 1720 2089 1777 pris
2104 1705 2517 1764 Photianorum
2534 1708 2800 1765 doctrina
2828 1708 2975 1766 illud
2991 1712 3247 1785 undique
3270 1714 3622 1787 absolutum,

213 1804 350 1875 ipso
380 1799 802 1857 exsistentiam.
836 1800 981 1854 Item
1013 1815 1046 1853 a
1095 1796 1313 1869 Spiritu
1354 1798 1560 1851 sancta
1591 1793 1738 1865 [286]
1765 1808 1864 1864 per
1894 1864 1938 1880 n
1976 1794 2293 1866 perfectum
2326 1796 2560 1868 sibique
2600 1798 2897 1856 cohaerens
2938 1802 3306 1873 ostendatur;
3332 1811 3487 1880 patet
3516 1824 3627 1865 ne-

211 1864 330 1948 hoc
386 1890 579 1945 differt
608 1888 790 1959 Pater,
843 1887 985 1961 quia
1039 1864 1165 1943 esse
1218 1884 1304 1942 illi
1327 1885 1460 1957 ﬁdat,
1493 1885 1631 1939 dum
1664 1864 1859 1956 ipsum
1893 1864 1941 1929 B
1972 1864 2291 1941 cessariam
2326 1864 2640 1957 quamdam
2666 1886 2852 1961 σχέσιν
2898 1891 3134 1948 omnino
3179 1892 3239 1950 in
3286 1864 3626 1955 schismati—

213 1979 454 2037 emittit.
470 1980 542 2034 At
556 1976 946 2049 veroSpiritus
967 1980 1206 2033 sanctus
1225 1992 1338 2031 non
1361 1976 1432 2032 ob
1447 1973 1605 2030 aliud
1628 1970 1860 2028 exsistit
1968 1990 2170 2031 corum
2188 1974 2411 2031 theoria
2440 1976 2777 2047 desiderari,
2812 1995 3003 2051 neque
3055 1982 3248 2039 solum
3317 1985 3506 2043 Photii
3534 2004 3628 2044 ar-

213 2070 333 2127 alia
362 2087 397 2124 a
428 2072 596 2125 Patre
641 2083 908 2139 persona,
930 2066 1042 2122 nisi
1069 2065 1206 2137 quia
1234 2083 1304 2122 ex
1335 2066 1460 2137 ipso
1493 2064 1856 2136 procedendo

208 2158 448 2229 accipit.
474 2158 656 2230 Igitur
677 2161 735 2211 et
763 2174 795 2212 a
826 2155 973 2212 Filio
995 2156 1133 2211 dum
1160 2155 1276 2211 alia
1296 2156 1373 2211 sit
1401 2171 1670 2227 persona,
1699 2155 1856 2210 idem

206 2248 466 2317 Spiritus
496 2250 598 2303 aut
626 2246 712 2301 illi
741 2261 870 2301 esse
899 2246 992 2300 dat
1039 2252 1138 2301 aut
1185 2246 1255 2302 ab
1312 2244 1436 2317 ipso
1467 2244 1695 2316 accipit.
1730 2244 1856 2302 Non

142 2412 145 2415 Α
208 2344 417 2395 autem
449 2339 564 2407 dat,
596 2341 660 2392 ut
690 2335 882 2408 palam
915 2340 1031 2402 est;
1063 2335 1269 2406 accipit
1290 2351 1446 2407 ergo.
1480 2334 1648 2390 Circa
1678 2351 1855 2391 unam

205 2427 366 2485 enim
396 2430 457 2483 et
485 2424 811 2496 simplicem
867 2424 1260 2480 substantiam
1313 2424 1501 2480 Patris
1558 2428 1614 2479 et
1643 2423 1770 2480 Filii
1801 2427 1858 2479 et

204 2516 467 2588 Spiritus
494 2516 678 2572 sancti
734 2514 908 2570 aliam
964 2519 1168 2585 praeter
1214 2529 1310 2570 eas
1339 2530 1465 2586 quas
1497 2512 1662 2570 dicta:
1694 2517 1853 2580 sunt,

207 2622 454 2663 causam
480 2605 711 2661 differre
728 2604 800 2659 ad
831 2602 1082 2659 invicem
1114 2603 1208 2658 vix
1234 2604 1365 2675 quis
1387 2608 1555 2660 recta:
1568 2602 1699 2658 ﬁdei
1714 2604 1857 2659 assi-

207 2697 434 2770 gnabit.
467 2698 652 2763 Quare
682 2695 730 2751 si
764 2695 877 2750 alia
935 2698 1024 2750 est
1061 2711 1095 2750 a
1150 2694 1291 2751 Filio
1323 2711 1568 2767 persona
1583 2694 1855 2765 Spiritus,

212 2789 508 2844 dicturum
527 2786 787 2859 aliquam
801 2783 1216 2841 habitudinum
1231 2785 1301 2840 ad
1333 2785 1527 2856 ipsum
1544 2784 1736 2842 habet.
1754 2786 1857 2842 Sin

211 2882 409 2934 autem
441 2892 582 2947 non,
616 2877 688 2932 ab
711 2874 839 2947 ipso
873 2891 986 2931 non
1018 2877 1105 2931 est
1137 2874 1252 2930 alia
1278 2890 1541 2946 persona.
1577 2896 1605 2925 (ι
1633 2875 1775 2932 Hinc
1804 2883 1859 2933 et

210 2967 580 3040 Nicephorus
630 2964 956 3021 Blemmida
1006 2968 1173 3034 (orat.
1204 2965 1260 3031 2,
1290 2980 1339 3019 c.
1377 2964 1470 3033 14;
1506 2963 1564 3021 G.
1599 2964 1658 3020 0.
1688 2965 1731 3036 Ι,
1762 2967 1855 3040 58)

216 3060 432 3128 praeter
477 3055 591 3112 alia
655 3056 907 3112 absurda
960 3071 1029 3111 ex
1083 3052 1501 3110 Photianorum
1544 3058 1858 3126 systemate

206 3148 381 3217 sequi
412 3148 469 3202 et
488 3143 633 3200 illud
666 3144 941 3213 afﬁrmat,
970 3143 1032 3197 τὸ
1063 3138 1341 3216 ἀντιδιῃρη
1354 3141 1486 3215 μένα
1516 3142 1647 3196 εἶναι
1678 3143 1853 3217 Λόγον

280 3289 392 3360 (89)
425 3287 694 3344 Pholium
729 3288 815 3357 (ut
834 3286 1131 3358 Scotistas)
1149 3286 1467 3360 censuisse,
1499 3285 1859 3360 sufﬁcienter

208 3358 493 3431 Spiritum
520 3365 788 3417 sanctum
807 3377 839 3415 a
863 3360 1007 3416 Filio
1028 3358 1336 3431 distingui,
1364 3358 1472 3414 etsi
1502 3375 1616 3414 non
1649 3359 1861 3415 habeat

208 3434 278 3488 ab
310 3449 379 3490 eo
422 3433 734 3505 originem,
791 3431 1013 3505 scilicet
1056 3447 1125 3487 ex
1180 3447 1268 3505 eo,
1301 3431 1456 3501 quod
1505 3447 1620 3486 non
1661 3432 1863 3487 eadem

208 3508 440 3560 ratione
473 3502 648 3560 ambo
698 3521 765 3560 ex
820 3504 989 3559 Patre
1028 3502 1361 3574 procedant,
1405 3507 1528 3557 tum
1577 3517 1647 3557 ex
1694 3519 1867 3574 opere

204 3581 413 3631 nostro
446 3575 641 3648 colligi
676 3579 888 3648 potest,
920 3580 1046 3648 tum
1072 3592 1140 3631 ex
1170 3576 1243 3629 iis
1272 3574 1646 3648 manifestum
1678 3574 1865 3648 effici-

205 3652 322 3721 tur,
359 3663 493 3721 qua
545 3645 613 3703 in
663 3645 1004 3721 Agmphil‘och.
1064 3651 1267 3721 quaest.
1302 3647 1371 3721 28
1402 3663 1435 3700 a
1466 3645 1680 3721 S_c_ot_t9_
1708 3647 1865 3721 edita

210 3664 322 3713 tur,
359 3664 493 3721 quas
545 3664 605 3703 1n
663 3664 1004 3717 ampmwcn.
1064 3664 1267 3773 quasi.
1302 3664 1371 3700 zu
1402 3664 1435 3700 a
1467 3664 1659 3701 Scouo
1709 3664 1861 3702 euua

210 3720 515 3790 (Quasdam
570 3718 887 3790 exrinotii
934 3719 1067 3789 Amp
1111 3717 1272 3774 iloch.
1310 3716 1545 3790 Neapoli
1591 3717 1746 3787 1814,
1808 3719 1861 3788 4,

208 3789 267 3862 p.
301 3790 495 3862 26-31)
528 3792 597 3846 de
627 3789 728 3845 illa
766 3791 1085 3862 quaestione
1116 3790 1415 3860 disputat:
1449 3789 1509 3844 Si
1541 3805 1608 3862 ex
1658 3790 1862 3844 eodem

206 3859 504 3934 principio
537 3862 720 3917 Filius
752 3859 809 3917 et
830 3860 1082 3934 Spiritus,
1098 3859 1339 3934 sanctus
1362 3859 1865 3934 procedunt,quo-

214 3931 428 4012 modo'
460 3949 567 3989 nec
602 3931 883 4012 fratrum
922 3931 1716 4012 appellationem:accipi-ent,
1760 3947 1864 3989 nec

212 4006 317 4061 ﬁlii
350 4021 564 4062 nomen
598 4005 849 4075 Spiritus
878 4002 1115 4060 sanctus
1140 4005 1445 4075 acquirat?
1465 4002 1550 4075 ibi
1583 4002 1642 4057 in
1670 4018 1735 4075 eo
1766 4020 1865 4073 po-

211 4077 519 4134 tissimum
574 4071 998 4147 infsistit,quod
1058 4071 1303 4147 uterque
1346 4076 1422 4131 sit
1461 4071 1520 4127 ἐκ
1548 4075 1644 4126 τοῦ
1676 4071 1861 4144 aii-606,

205 4147 481 4223 ἀλλὀὐχ
511 4145 788 4223 ὡσαύτως,
822 4145 973 4223 hanc
1004 4164 1135 4204 vero
1167 4145 1561 4223 diversitatem
1583 4162 1863 4223 progres-

206 4222 403 4279 sionis
435 4217 743 4292 utriusque
772 4220 1037 4276 intimius
1059 4220 1412 4292 perscrutari
1436 4217 1636 4292 sedulo
1662 4219 1858 4292 evitat,

203 4294 406 4351 solum
459 4310 582 4349 rem
635 4290 917 4362 exemplis
949 4290 1301 4363 quibusdam
1343 4308 1409 4347 ex
1445 4290 1622 4346 rebus
1650 4290 1861 4347 creatis

206 4364 545 4435 desumptis
588 4363 884 4419 illustrare
931 4365 1338 4435 quadantenus
1371 4370 1631 4435 conatur.
1674 4382 1701 4414 α
1732 4363 1858 4417 Jam

202 4453 366 4507 vero,
400 4434 480 4491 ait
508 4440 738 4492 Scottus
767 4436 849 4507 (p.
882 4436 972 4507 31.
1002 4453 1063 4491 n.
1101 4438 1171 4504 1),
1200 4434 1648 4507 ᾳῃίεᾳυοᾲνὶἁ-οι,
1676 4449 1857 4507 quam

1967 2073 2312 2142 gumentum
2329 2070 2547 2143 optime
2562 2074 2885 2144 retorqueri
2897 2090 3097 2131 verum
3112 2078 3287 2134 simul
3304 2084 3625 2153 oppugnati

1966 2160 2038 2217 ab
2052 2175 2118 2216 eo
2132 2160 2423 2232 dogmatis
2439 2162 2740 2218 veritatem
2763 2163 3621 2227 luculentissimedemonstrari

2037 2251 2089 2305 8.
2140 2250 2247 2305 Sed
2304 2251 2376 2305 ad
2419 2251 2687 2307 Photium
2743 2258 3112 2313 revertamur.
3176 2257 3332 2314 Nova
3389 2261 3619 2333 effingit

1969 2344 2250 2409 monstra,
2284 2356 2408 2411 quae
2438 2340 2771 2397 Latinorum
2804 2342 3072 2399 doctrina
3094 2347 3422 2404 necessario
3447 2349 3615 2407 indu-

1968 2430 2080 2484 cat.
2134 2447 2163 2478 «
2205 2431 2274 2483 At
2318 2428 2612 2485 enimvero
2654 2431 2966 2488 concidunt
2997 2435 3380 2505 proprietates
3412 2454 3614 2508 perso-

1970 2531 2181 2571 narum
2216 2537 2245 2566 »
2280 2516 2433 2589 (cap.
2466 2516 2542 2589 9).
2566 2517 2883 2575 Videlicet:
2922 2520 3104 2577 Patris
3127 2523 3453 2595 proprietas
3488 2542 3622 2583 con-

1968 2604 2232 2661 stitutiva
2288 2610 2378 2662 est
2408 2606 2628 2679 spirare
2658 2608 2972 2679 Spiritum;
3006 2610 3128 2666 hac
3183 2628 3317 2669 vero
3369 2614 3614 2685 tollitur,

1969 2694 2019 2751 si
2050 2696 2378 2752 communis
2410 2697 2481 2752 sit
2512 2697 2752 2768 spiratio
2769 2702 2825 2755 et
2855 2699 3020 2756 Filio.
3059 2702 3169 2757 Sed
3202 2701 3349 2759 illud
3381 2721 3618 2762 assum-

1969 2788 2130 2856 ptum
2152 2786 2277 2855 jam
2310 2787 2621 2843 refutatum
2653 2792 2740 2843 est
2761 2788 2820 2843 in
2848 2788 3027 2846 altero
3058 2790 3251 2847 Photii
3301 2793 3470 2851 ell'ato
3497 2795 3620 2868 (su-

1968 2889 2075 2945 pra
2109 2874 2207 2944 ΙΙΙ,
2239 2878 2295 2944 §§
2344 2876 2399 2945 5,
2433 2877 2511 2947 6).
2546 2876 2709 2933 Unde
2738 2878 2893 2934 cadit
2948 2884 3005 2935 et
3035 2882 3187 2951 quod
3219 2880 3355 2938 inde
3385 2883 3618 2942 deduci-

1970 2970 2164 3020 tur:«
2223 2964 2387 3021 Pater
2462 2969 2517 3021 et
2575 2965 2758 3023 Filius
2816 2967 2875 3023 in
2935 2984 3113 3024 unam
3190 2971 3618 3031 contrahuntur

1968 3070 2303 3126 personam,
2338 3057 2493 3129 quod
2525 3056 2918 3113 Sabellianum
2949 3058 3037 3114 vel
3069 3059 3613 3120 Semisabellianum

1965 3150 2072 3199 est.
2105 3166 2135 3195 »
2166 3175 2233 3186 —
2263 3148 2386 3200 Non
2435 3145 2723 3217 sequitur,
2782 3146 2863 3201 ait
2909 3147 3175 3205 Petavius
3233 3148 3297 3220 (l.
3356 3166 3403 3205 c.
3438 3166 3488 3205 c.
3524 3154 3613 3215 10,

1975 3295 2096 3344 tum
2129 3291 2190 3361 et
2212 3288 2417 3361 Filium
2452 3288 2820 3361 solummodo
2834 3289 3111 3361 distingui
3136 3295 3339 3361 putant
3363 3295 3483 3355 ταῖς
3510 3293 3615 3347 ἀπὸ

1972 3358 2182 3438 Πατρός
2213 3355 2495 3438 δεᾳφρροις
2546 3356 2833 3438 ςπροόδοις,
2890 3355 3098 3438 audiri“
3133 3355 3197 3414 is
3234 3362 3325 3433 μὲν
3359 3364 3609 3438 γεγέννη-

1973 3427 2098 3505 tat,
2123 3430 2185 3484 τὸ
2245 3427 2701 3505 ᾆξ’ἐκπορβύεὲαι,
2752 3434 2980 3504 quaerit,
3032 3427 3295 3504 inquam,
3356 3427 3614 3505 quanam

1975 3504 2197 3559 ratione
2227 3503 2475 3560 diversae
2503 3503 2827 3560 habeantur
2860 3503 3292 3574 progressiones
3325 3503 3432 3562 illas
3460 3509 3615 3575 dum,

1977 3591 2092 3646 qua
2122 3575 2179 3630 in
2212 3591 2273 3650 re
2297 3576 2419 3650 hinc
2440 3576 2769 3632 dill'erentia
2798 3577 3101 3650 consistat.
3132 3577 3190 3632 Si
3222 3579 3282 3650 in
3313 3594 3401 3647 eo,
3453 3582 3615 3650 quod

1973 3647 2268 3719 generatio
2314 3649 2651 3704 immediate
2707 3653 2795 3703 est
2842 3665 2874 3703 a
2932 3648 3097 3706 Patre
3154 3649 3294 3719 solo,
3329 3647 3624 3719 processio

1973 3736 2105 3775 vero
2162 3735 2261 3791 per
2300 3720 2734 3791 generationem
2765 3722 2822 3774 et
2850 3720 3098 3789 Spiritus
3149 3738 3247 3791 per
3296 3722 3533 3790 Filium,
3567 3724 3622 3779 id

1973 3807 2077 3861 pro
2129 3790 2433 3856 nobisest,
2468 3792 2567 3859 ait,
2620 3792 2675 3846 id
2709 3793 2822 3845 fere
2862 3791 2920 3845 in
2953 3790 3185 3847 Thomée
3219 3795 3502 3849 rationem
3537 3811 3624 3849 re-

1972 3861 2133 3917 cidit.
2166 3862 2221 3914 Si
2240 3876 2373 3936 vero
2396 3863 2456 3917 in
2487 3878 2577 3929 eo,
2601 3862 3026 3936 quo_d_utraque
3057 3882 3090 3936 a
3120 3865 3283 3919 Patre
3314 3866 3458 3936 solo,
3487 3872 3624 3922 tunc

1976 3931 2367 4004 nonamplius
2408 3939 2656 4004 possunt
2696 3933 2877 3987 Filius
2917 3931 2972 3988 et
2999 3935 3347 4004 Spiritus_ab
3371 3931 3617 3993 invicem

1973 4001 2427 4078 distingui._Nani
2448 4001 3087 4078 diversaquorumdam
3110 4001 3342 4078 πρόοδοι
3374 4012 3622 4063 suntaut

1970 4072 2206 4148 rapito
2237 4072 2408 4128 a'ittov
2438 4084 2535 4130 aut
2556 4072 2785 4148 παρᾶὶρ
2811 4072 3072 4148 αἷτιᾳτόν·
3101 4072 3389 4146 posterius
3418 4095 3621 4134 rursus

1971 4142 2190 4221 duplici
2210 4148 2380 4203 modo
2393 4163 2520 4221 esse
2536 4142 2731 4221 potest
2743 4142 2791 4216 (δ
2802 4147 2999 4221 ιχῶςλε
3018 4142 3257 4221 νοιὶιυὶσ
3270 4149 3458 4221 princi
3465 4150 3622 4221 piata

1970 4220 2043 4275 ad
2075 4219 2333 4291 diversas
2350 4219 2571 4290 species
2588 4218 2881 4288 pertinent
2896 4218 2981 4272 vel
2998 4218 3453 4291 quiajndiversa
3466 4218 3620 4291 sup-

1969 4290 2152 4362 posita
2173 4286 3034 4362 secernunture‘tterminantur
3062 4288 3115 4360 (ἣ
3138 4286 3226 4362 8ξὰ
3255 4288 3318 4344 τὸ
3345 4291 3411 4343 τὰ
3442 4286 3619 4346 αἰτιᾶ-

1967 4357 2033 4437 id:
2065 4358 2336 4437 Siqqdpmv
2370 4357 2526 4415 εἰδῶν
2571 4360 2814 4437 εἷναι-,ἣΔ
2854 4358 2941 4415 διὰ
2974 4357 3143 4437 mea;
3173 4359 3408 4437 διάφορα
3437 4362 3615 4437 ὁρίζε-

1969 4381 2033 4415 τα
2065 4381 2336 4435 οιαφορων
2370 4381 2526 4415 ειοων
2571 4381 2708 4415 sum
2768 4381 2803 4430 η
2854 4381 2941 4415 οια
2974 4381 3036 4415 το
3070 4381 3143 4422 εις
3174 4381 3335 4434 οιαφο
3376 4382 3408 4415 α
3437 4381 3615 4437 οριςε-

1969 4433 2087 4487 σθαι
2106 4430 2343 4507 ἄτομα).
2376 4438 2502 4507 Jam
2532 4450 2664 4507 vero
2711 4434 2892 4489 Filius
2949 4438 3006 4489 et
3036 4434 3287 4507 Spiritus
3342 4381 3499 4491 haud
3532 4452 3619 4491 se-

202 4509 326 4565 sint
351 4504 575 4579 ineptae
604 4504 1087 4579 comparationes,
1137 4504 1508 4579 quibusiille
1564 4504 1856 4579 innititur,
1892 4508 1937 4572 D
1970 4506 2226 4561 cundum
2259 4504 2508 4576 speciem
2553 4505 2853 4579 differunt,
2896 4504 3163 4579 unam‘et
3193 4506 3459 4579 eamdem
3513 4524 3619 4563 nu-

201 4596 345 4635 cum
379 4576 494 4646 res,
529 4596 674 4651 quas
709 4576 769 4658 in
818 4576 1443 4658 exemplum’adducit,
1472 4592 1588 4658 non
1638 4592 1740 4658 per
1768 4576 1861 4658 di-
1972 4593 2135 4658 mero
2164 4582 2433 4658 naturam
2467 4582 2523 4658 et
2551 4577 2803 4658 divinam
2853 4578 3188 4658 essentiam
3213 4594 3246 4632 a
3286 4577 3452 4658 Patre
3487 4595 3617 4658 pro:

196 4667 445 4707 versum
487 4647 876 4722 processionis
908 4647 1285 4715 modum,sed
1319 4665 1433 4722 per,
1452 4647 1753 4722 materiem
1778 4647 1864 4703 in-

200 4721 612 4779 dividuantem
653 4728 708 4779 et
742 4724 938 4778 formes
977 4721 1367 4777 diversitatem
1407 4721 1859 4788 distinguantur,

202 4811 333 4866 qua:
365 4794 572 4851 omnia
601 4793 660 4851 in
694 4793 907 4866 divinis
937 4792 1203 4864 personis
1236 4792 1573 4866 lo_cym_non
1604 4790 1858 4858 habent;

203 4862 328 4922 imo
358 4866 681 4931 interdum,
716 4870 779 4921 ut
808 4862 999 4920 videre
1029 4871 1115 4920 est
1144 4864 1297 4934 apud
1322 4863 1389 4920 D.
1419 4862 1705 4917 Thomam
1736 4879 1792 4933 p.
1818 4878 1859 4930 ι,

200 4954 262 5064 g.
296 4937 392 5020 36_,
427 4954 480 4995 α.
539 4937 573 4993 3
616 4938 686 5020 ad
742 4940 790 5005 l,
822 4935 1237 5018 similitudines
1294 4934 1603 5006 propositae
1645 4941 1861 5017 contra

250 5009 481 5064 hotium
516 5012 707 5064 potius
746 5008 988 5063 faciunt.
1027 5026 1056 5056 »
1086 5010 1247 5063 Patet
1281 5011 1405 5062 tum
1446 5022 1515 5061 ex
1571 5021 1858 5064 principio

250 5009 481 5065 hotium
515 5007 707 5080 potius
746 5006 988 5080 faciunt.
1027 5010 1257 5080 »4Patet_
1279 5011 1405 5080 tum
1446 5022 1515 5061 ex
1571 5005 1858 5077 principio

202 5088 329 5136 tum
363 5096 434 5136 ex
453 5078 569 5135 fine
589 5079 769 5149 hujus
792 5078 1203 5151 disputationis
1230 5078 1546 5147 Photianaz,
1567 5080 1856 5151 quosdam

203 5151 559 5208 orthodoxos
582 5149 986 5207 difﬁcultatem
1008 5151 1281 5217 movisse,
1305 5166 1478 5221 quam
1496 5151 1619 5221 ipse
1644 5149 1858 5205 frustra

204 5239 486 5281 enervare
538 5223 849 5279 contendit.
884 5223 1164 5279 Ceterum
1222 5223 1375 5277 inter
1404 5222 1629 5277 Graecos
1658 5225 1854 5277 aucto-

201 5311 316 5362 res,
341 5296 445 5368 qui
476 5296 688 5368 dogma
716 5293 1069 5351 catholicum
1096 5293 1434 5360 tuebantur,
1473 5292 1855 5368 plu‘resinve-

202 5368 327 5424 nire
357 5362 472 5437 est,
506 5362 604 5438 qui
625 5366 863 5423 Thomas
894 5370 1304 5438 argumentum
1346 5362 1852 5438 non'_ad_mi_ttan_t;

199 5439 417 5506 quibus
448 5433 758 5509 suﬂragari
810 5433 1038 5493 videtur
1096 5436 1380 5509 Georgius
1418 5433 1761 5509 Scholarius
1792 5436 1853 5509 in

202 5510 575 5581 Responsione
622 5507 694 5564 (id
748 5509 917 5565 Marci
960 5509 1186 5581 Ephesii
1224 5508 1584 5581 syllogismos,
1635 5520 1763 5578 cap.
1795 5507 1850 5562 6.

196 5580 356 5650 (Cod.
395 5581 620 5638 Monac.
649 5582 717 5634 27
760 5582 799 5638 f.
833 5582 937 5636 194
983 5580 1035 5637 a.
1070 5581 1216 5652 seq.)
1245 5580 1361 5652 late
1390 5595 1517 5652 eam
1563 5592 1682 5652 rem
1717 5593 1850 5652 per-

202 5656 491 5709 tractans.
525 5651 803 5708 Praaclare
833 5667 963 5708 vero
994 5650 1248 5708 ostendit
1278 5650 1607 5718 Bessarion,
1642 5650 1852 5704 doctri-

200 5739 335 5779 nam
388 5723 554 5780 illam
587 5722 778 5780 Photii
809 5728 909 5779 aut
938 5723 1088 5779 nihil
1128 5724 1358 5780 efficere
1405 5721 1585 5777 autin
1616 5719 1849 5777 Themis

204 5797 494 5868 rationem
525 5795 779 5868 refundi.
814 5794 1028 5868 Querit
1056 5796 1215 5852 enim
1248 5795 1525 5868 (Rapum.
1558 5791 1846 5868 αᾴΙσξρΙξσρ.

205 5868 403 5939 ινιιος.
432 5866 536 5936 48ς
570 5866 697 5924 cod.
737 5868 898 5927 citat.
921 5867 961 5924 Ι.
980 5868 1157 5924 230a.
1194 5863 1274 5939 b.)
1304 5863 1382 5923 ex'
1429 5865 1502 5923 iis
1533 5864 1634 5938 qui
1664 5863 1846 5936 Spiri-

1968 4648 2286 4720 grediendo
2316 4649 2668 4720 accipientes
2693 4666 2707 4716 ;
2741 4664 2932 4719 neque
2962 4648 3046 4704 sic
3077 4648 3357 4720 differunt
3388 4649 3526 4703 κατά
3553 4648 3621 4703 τὰ

1970 4717 2169 4794 ἄτομον
2206 4717 2461 4792 primum
2482 4722 2719 4794 quidem
2772 4717 2907 4790 quia
2945 4720 3023 4775 ibi
3058 4718 3496 4794 nullamateria
3528 4722 3615 4777 ni-

1968 4792 2169 4863 hilque
2203 4794 2455 4848 materiis
2488 4792 2880 4863 analogicum,
2914 4807 3031 4861 qua
3088 4792 3349 4863 ejusdem
3398 4798 3619 4848 natura:

1969 4861 2274 4933 sup—posita
2320 4864 2393 4919 ab
2446 4861 2693 4918 invicem
2738 4865 3104 4935 separantur,
3138 4861 3348 4935 deinde
3398 4866 3533 4935 quia
3562 4869 3620 4920 et

1968 4935 2416 5007 suppositarum
2439 4949 2507 4989 ex
2551 4935 2745 5007 iisdem
2776 4933 2971 5007 causis
3002 4933 3438 5003 progressiones
3466 4936 3618 5007 ejus-

1967 5002 2103 5063 dein
2130 5006 2341 5077 speciei
2372 5002 2872 5077 (euocauit-ﬁunt:
2897 5004 2989 5077 hic
3014 5002 3158 5060 vero
3188 5020 3375 5077 neque
3429 5002 3615 5062 ambas

1966 5083 2107 5135 sunt
2135 5076 2558 5149 generationes,
2592 5076 2781 5147 neque
2816 5076 3015 5149 ambas
3044 5076 3481 5149 processiones.
3517 5078 3618 5134 Re-

1964 5154 2085 5207 stat
2113 5148 2245 5221 ergo
2278 5149 2744 5221 progressionum
2774 5148 3154 5221 differentiam
3186 5164 3323 5221 esse
3344 5150 3492 5203 κατὰ
3520 5151 3613 5203 τὸν

1963 5225 2061 5294 τοῦ
2092 5218 2495 5294 αἷτίοιίλόήον.
2529 5221 2637 5276 Sed
2669 5219 2719 5275 si
2752 5219 3060 5294 utrobique
3092 5219 3462 5294 unus__Pater
3507 5223 3618 5277 erit

1963 5291 2159 5361 αἴτιος,
2179 5297 2320 5349 tunc
2343 5289 2494 5348 certe
2525 5308 2594 5347 ex
2626 5298 2785 5363 parte
2814 5292 2911 5343 τοῦ
2930 5289 3122 5363 γαῖτίου
3172 5290 3337 5363 nulla
3376 5308 3613 5362 prorsus

1962 5366 2310 5429 differentia,
2344 5369 2400 5420 et
2430 5362 2727 5420 distinetio
2789 5362 3039 5435 Spiritus
3087 5367 3144 5418 et
3197 5362 3322 5417 Filii
3373 5365 3608 5420 omnino

1961 5437 2134 5506 cadit,
2167 5438 2246 5492 ita
2276 5442 2340 5491 ut
2371 5453 2487 5507 una
2542 5440 2773 5490 tantum
2835 5450 3081 5507 persona
3137 5435 3403 5502 evadant,
3448 5437 3599 5507 quod

1961 5509 2285 5564 absurdum
2320 5512 2375 5563 et
2417 5506 2548 5562 ﬁdei
2582 5522 2937 5579 repugnans.
2975 5505 3340 5579 Necesseest
3374 5505 3533 5579 ergo,
3558 5508 3605 5562 si

1960 5580 2166 5635 divinae
2203 5595 2458 5648 persona:
2488 5579 2558 5633 ab
2591 5577 2834 5634 invicem
2870 5577 3290 5648 distinguenda:
3321 5577 3477 5645 sunt,
3510 5595 3609 5634 eas

1960 5651 2244 5722 oppositis
2261 5650 2639 5705 relationibus
2656 5649 2980 5706 secundum
2996 5649 3428 5722 principiumget
3451 5649 3608 5720 prin-

1962 5720 2234 5794 cipiatum
2268 5722 2555 5794 distingui
2599 5727 2654 5777 et
2674 5722 2971 5794 Spiritum
3017 5720 3224 5794 alliil‘io
3255 5725 3311 5775 et
3340 5720 3501 5794 Patre
3537 5722 3608 5792 τῇ

1956 5784 2055 5867 toi:
2084 5784 2549 5867 προᾷᾳλλομίὲἷου
2584 5784 2747 5867 ’πρὸξ
2783 5791 2897 5867 to:
2935 5784 3320 5867 προϐάλλοντα
3351 5784 3604 5867 διαφορᾷ,

1959 5865 2050 5920 καὶ
2084 5860 2160 5939 μὴ
2193 5860 2797 5939 ἅλλωξδιακρίνέσθαι.
2842 5861 2936 5920 Sic
2967 5860 3289 5918 Bessarion.
