4090 6228
429 405 541 467 511

1637 397 1903 460 PHOTII
1951 395 2473 460 PATRIARCHZE
2513 399 2633 458 ΟΡ.

3715 396 3848 456 512

427 541 460 612 §
490 541 576 611 17)
603 556 617 594 :
651 561 682 590 α
712 539 855 595 Nam
880 556 1135 612 persona
1157 540 1284 594 dua
1317 553 1425 594 sua
1454 535 1697 608 singula
1731 536 2082 607 pr0prietate
2109 539 2164 604 Α
2194 534 2348 601 illos,
2384 534 2522 606 quia
2549 533 2755 589 Filium
2786 533 2985 588 omnia
3014 531 3201 588 Patris
3227 531 3620 602 possidentem
3656 547 3690 587 a
3717 532 3842 602 spi-

427 629 731 686 constitua
764 634 923 696 sunt,
959 646 1089 701 qua
1129 632 1267 684 sunt
1313 627 1347 694 ἡ
1380 624 1660 700 πατρότης
1716 624 1806 679 καὶ
1871 622 2078 694 υἱότης,

427 718 640 790 quibus
673 718 894 790 integre
915 724 973 773 et
1003 719 1248 774 invicem
1281 717 1567 772 distincta
1599 716 1914 788 hypotases
1933 717 2081 772 exsi-

429 811 612 864 stunt.
645 807 747 862 His
762 809 885 878 jam
911 807 1243 862 constitutis
1263 806 1375 861 alia
1392 823 1520 877 qua
1551 810 1639 861 est
1659 807 1916 878 spirandi
1939 823 2080 878 pro-

427 895 643 966 prietes
689 895 930 962 accedit,
977 909 1160 965 eaque
1207 893 1465 948 divinam
1509 894 1846 960 essentiam,
1879 898 1941 948 ut
1987 899 2077 950 est

427 982 487 1038 in
520 982 685 1038 Patre
717 999 781 1037 ac
806 982 968 1048 Filio,
993 984 1113 1039 sive
1145 986 1207 1038 ut
1237 983 1296 1038 in
1331 984 1498 1038 Patre
1527 987 1585 1038 et
1637 1001 1670 1038 a
1702 987 1869 1038 Patre
1901 991 1986 1039 est
2013 984 2074 1039 in

426 1070 590 1138 Filio,
649 1074 1000 1143 consequitur
1025 1089 1091 1128 ac
1131 1073 1445 1128 modiﬁcat.
1469 1072 1646 1141 Itaﬁt,
1679 1078 1944 1128 utunum
1977 1073 2075 1128 fiat

425 1175 493 1214 ex
531 1160 819 1216 ambobus
871 1161 1248 1233 principium,
1297 1177 1568 1232 unusque
1629 1161 1897 1232 spirator,
1958 1177 2072 1218 non

428 1251 622 1304 tamen
657 1266 771 1304 una
804 1265 1078 1320 persona;
1113 1250 1162 1305 si
1195 1249 1433 1320 quidem
1463 1250 1497 1318 ἡ
1530 1244 1784 1324 προϐολή
1825 1268 1940 1307 non
1987 1257 2074 1308 est

423 1337 747 1408 personalis
771 1337 1116 1409 proprietas,
1150 1338 1265 1394 sive
1295 1337 1357 1391 τὸ
1390 1334 1527 1391 ἴδιον
1562 1338 1944 1408 ὑποστατικὸν,
1965 1341 2071 1397 hoc

422 1431 528 1492 est,
589 1443 892 1497 personam
955 1427 1338 1483 constituens.
1384 1449 1414 1476 ››
1460 1428 1816 1498 Gennadius,
1849 1430 1908 1486 in
1956 1432 2070 1485 Ex-

419 1518 578 1587 posit.
613 1531 734 1570 con.
795 1516 942 1571 Flor.
995 1533 1050 1586 p.
1104 1533 1142 1583 1,
1205 1517 1465 1584 sect.10,
1543 1517 1651 1572 hoc
1715 1523 2068 1591 postremum

424 1605 629 1660 merito
674 1604 928 1660 inculcat
971 1621 1045 1661 τα
1081 1606 1139 1661 Si
1180 1605 1613 1678 hypostaticum
1664 1624 1926 1680 persona
1971 1611 2074 1664 Pa-

422 1694 530 1748 tris
563 1693 917 1765 producendi
949 1700 1144 1750 actum
1187 1711 1559 1765 poneremus,
1591 1703 1733 1754 tunc
1783 1699 1984 1768 utique
2013 1699 2069 1754 id

420 1779 838 1838 inconveniens
866 1788 1226 1854 sequeretur,
1261 1800 1507 1856 vereque
1538 1789 1692 1841 esset
1731 1786 1913 1842 Filius
1953 1803 2070 1843 una

2193 624 2414 680 ratione
2443 623 2779 690 excludunt,
2796 622 2923 678 Filii
2945 621 3326 678 coefﬁcientia
3348 621 3532 677 Patris
3552 621 3838 677 honorem

2191 716 2370 772 minui
2401 718 2710 770 autumant
2730 713 2966 769 etanxie
2994 711 3175 768 nimis
3201 711 3384 766 Patris
3415 711 3834 782 prarogativas

2185 804 2501 872 inculcant,
2529 803 2838 859 Arianismi
2859 817 3120 872 arguere.
3155 803 3277 866 Quo
3312 800 3667 855 Ratramnus
3689 799 3757 870 (Ι.
3795 816 3834 868 ι,

2185 910 2236 950 c.
2285 895 2340 959 3,
2374 910 2428 965 p.
2480 893 2585 948 229
2611 911 2627 962 ;
2663 893 2702 947 Ι.
2739 909 2828 955 ιιι,
2859 907 2908 946 c.
2932 892 2987 958 6,
3018 907 3072 961 p.
3094 888 3220 959 298)
3249 909 3265 960 ;
3297 889 3498 945 Petrus
3521 888 3838 944 Mediolan.

2185 982 2280 1054 (ad
2337 983 2480 1054 imp.
2542 981 2700 1036 Alex.
2746 979 2805 1036 G.
2840 979 2900 1034 0.
2935 978 2976 1047 Ι,
3009 978 3115 1033 380
3143 980 3316 1049 seq);
3357 979 3575 1034 Beccus
3618 978 3698 1045 (in
3728 981 3839 1032 Te-

2184 1075 2358 1138 stam,
2389 1071 2466 1126 ib.
2502 1088 2556 1140 p.
2578 1069 2705 1141 377)
2727 1068 2939 1140 aliique
2979 1071 3269 1138 spectasse
3301 1066 3594 1122 videntur.
3632 1067 3838 1137 Neque

2185 1165 2478 1233 postremo
2526 1161 2582 1214 id
2639 1157 2958 1213 advertisse
2990 1157 3243 1227 amplius
3273 1173 3420 1228 opus
3464 1161 3573 1224 est,
3607 1155 3838 1211 nullam

2185 1249 2320 1305 hinc
2376 1248 2721 1304 divisionem
2780 1246 3352 1317 discerptionemque
3412 1245 3598 1317 sequi,
3644 1259 3841 1316 neque

2183 1354 2366 1396 unum
2397 1339 2585 1394 Patris
2616 1337 2838 1393 idioma
2867 1335 2976 1407 ipsi
3005 1335 3298 1404 integrum
3323 1335 3558 1393 servari,
3583 1332 3840 1388 alterum

2180 1445 2314 1484 vero
2335 1428 2577 1495 destrui,
2606 1444 2734 1499 qua
2755 1442 2824 1482 ex
2843 1425 3017 1481 dictis
3044 1425 3168 1493 jam
3197 1423 3342 1480 satis
3383 1423 3631 1478 refutata
3671 1427 3839 1477 sunt.

2251 1521 2302 1573 9.
2340 1517 2595 1573 Rursum
2627 1516 2914 1574 declamat
2945 1514 3183 1570 Pholius
3211 1513 3367 1588 (cap.
3402 1515 3463 1568 11
3494 1530 3508 1569 :
3543 1533 3570 1562 «
3595 1512 3842 1567 Prater-

2180 1623 2245 1664 ea
2296 1608 2346 1663 si
2398 1608 2513 1662 duo
2555 1606 2844 1678 principia
2884 1606 2941 1661 in
2973 1603 3309 1660 thearcbica
3352 1607 3408 1658 et
3453 1618 3839 1674 superessen-

2180 1696 2304 1752 tiali
2339 1696 2626 1751 Trinitate
2648 1693 3112 1766 conspiciuntur,
3138 1692 3236 1748 ubi
3265 1693 3372 1747 erit
3397 1692 3632 1748 tandem
3665 1691 3843 1748 toties

2178 1787 2488 1841 decantata
2519 1789 2748 1857 Deoque
2776 1785 2952 1855 digna
2981 1781 3331 1838 monarchia
3361 1782 3449 1837 vis
3468 1782 3497 1836 ?
3526 1781 3837 1845 Quomodo

422 1883 557 1927 cum
611 1871 772 1926 Patre
799 1887 1067 1942 persona,
1103 1873 1493 1929 constitutiva
1523 1875 1890 1946 proprietatis
1928 1893 2062 1932 cum
2095 1864 2141 1929 Β
2173 1891 2285 1930 non
2316 1875 2677 1945 polytheismi
2712 1873 2979 1944 impietas
3004 1887 3158 1928 nunc
3187 1871 3838 1942 irrumpet?Quomodo

422 1974 488 2015 eo
509 1961 1094 2017 communicans.Sed
1118 1962 1256 2032 quia
1277 1979 1535 2032 persona
1565 1963 1753 2020 Patris
1781 1967 2062 2021 constitu-

419 2049 534 2104 tiva
582 2049 900 2120 proprietas
960 2052 1280 2121 paternitas
1331 2056 1388 2106 et
1442 2054 1737 2124 generatio
1785 2054 1944 2112 dicta
1974 2058 2064 2110 est

418 2153 565 2206 esse,
597 2137 747 2209 [289]
797 2139 1114 2210 producere
1146 2157 1276 2196 vero
1326 2142 1652 2213 proprietas
1710 2144 1830 2199 sive
1890 2145 2069 2212 notio,

419 2243 546 2298 qua
603 2228 872 2299 sequitur
926 2229 1227 2285 Personam
1267 2232 1626 2287 constitutam
1675 2232 1880 2302 ipsius,
1941 2249 2067 2303 qua

417 2315 738 2372 necessitas
769 2321 877 2386 est,
909 2333 1040 2373 eum
1069 2323 1171 2390 qui
1203 2334 1336 2374 cum
1369 2319 1466 2375 illo
1497 2336 1870 2379 communem
1896 2323 2069 2380 habet

420 2421 548 2462 eam
581 2406 1013 2478 proprietatem,
1057 2423 1182 2478 qua
1213 2423 1472 2478 persona
1521 2411 1650 2480 ejus
1698 2413 2069 2469 constitutiva

420 2512 536 2552 non
568 2500 678 2561 est,
711 2511 884 2551 unam
915 2512 1044 2552 esse
1075 2514 1210 2552 cum
1244 2513 1310 2553 eo
1338 2502 1687 2568 personam?
1716 2503 1859 2556 Nam
1893 2502 2065 2558 sicuti

421 2585 866 2640 communicans
896 2601 1030 2640 cum
1064 2586 1232 2641 Patre
1261 2586 1463 2656 Filius,
1516 2588 1740 2646 scilicet
1780 2591 2064 2663 Spiritum

419 2672 545 2742 ejus
574 2687 722 2741 esse,
758 2673 1249 2742 quemadmodum
1281 2680 1338 2731 et
1369 2676 1579 2742 Patris,
1605 2682 1663 2734 et
1691 2679 1844 2735 mitti
1871 2680 1945 2736 ab
1975 2697 2066 2752 eo,

419 2761 907 2830 quemadmodum
930 2766 986 2818 et
1014 2779 1050 2818 a
1079 2763 1265 2832 Patre,
1298 2769 1490 2820 tamen
1523 2782 1639 2822 non
1670 2783 1802 2823 cum
1826 2785 1892 2824 eo
1931 2787 2066 2842 per-

421 2867 594 2908 sonas
622 2851 1036 2918 communicat,
1067 2853 1208 2924 quia
1255 2854 1539 2925 Spiritum
1596 2856 1710 2911 dici
1757 2858 1944 2916 Patris
1973 2861 2062 2916 vel

421 2939 497 2995 ab
519 2956 586 2996 eo
601 2939 751 2995 mitti
775 2956 888 2996 non
910 2945 999 2998 est
1020 2947 1272 3012 paterna
1299 2959 1560 3015 persona
1590 2948 2023 3006 constitutivum
2045 2967 2060 3018 ;

420 3029 507 3086 sic
538 3043 728 3102 neque
759 3031 856 3103 qui
882 3031 1323 3102 productionem
1343 3049 1711 3092 communem
1735 3052 1868 3093 cum
1894 3043 2061 3096 Patre

415 3115 613 3183 habet,
635 3113 694 3171 in
729 3133 1242 3215 unampersonam
1266 3121 1662 3215 conjungitur,
1683 3123 1822 3215 quia
1844 3127 2060 3215 produ-
2087 3149 2131 3215 ο

414 3220 546 3262 cere
577 3222 692 3261 non
722 3210 807 3262 est
837 3212 1088 3278 paterna
1120 3225 1375 3280 persona
1405 3213 1866 3269 constitutivum.
1892 3214 2053 3278 Quod

410 3293 457 3350 si
491 3293 706 3350 mirum
739 3299 829 3352 est
857 3296 1003 3352 duas
1029 3313 1306 3367 personas
1338 3314 1466 3356 esse
1496 3316 1674 3357 unum
1696 3303 2052 3376 principium

411 3392 463 3442 et
488 3401 604 3440 non
635 3387 916 3459 conjungi
937 3388 1280 3459 (confundi),
1299 3389 1487 3462 magis
1509 3391 1723 3447 mirum
1748 3394 1876 3462 erit,
1904 3398 2056 3466 quod

414 3476 537 3528 tres
566 3490 824 3544 persona
845 3475 964 3530 sint
985 3493 1164 3532 unum
1191 3477 1544 3550 principium
1577 3495 1683 3536 nec
1700 3484 2059 3554 conjungan-

412 3566 507 3618 tur
534 3563 1037 3637 (confundantur).
1082 3588 1110 3616 »
1151 3566 1479 3635 Bessarion,
1537 3571 1708 3641 epist.
1769 3573 1841 3627 ad
1896 3574 2055 3631 Alex.

413 3648 578 3706 Lasc.
638 3666 688 3704 c.
739 3651 792 3703 8.
853 3651 1048 3723 (Hard.
1109 3653 1202 3722 lX,
1239 3655 1395 3726 1070)
1445 3674 1457 3712 :
1511 3678 1540 3707 «
1571 3659 1731 3723 Quod
1775 3660 1824 3714 si
1855 3678 2054 3734 opera-

408 3738 628 3794 tionem
679 3738 964 3809 spirandi,
1024 3740 1238 3813 inquit,
1297 3744 1732 3801 constitutivam
1793 3765 2052 3818 persona

410 3830 665 3900 paterna
699 3844 1066 3901 poneremus,
1099 3835 1242 3886 tunc
1273 3838 1613 3904 sequeretur
1643 3835 1751 3892 hoc
1781 3836 2051 3896 inconve-

414 3917 646 3972 niens...
684 3918 898 3974 Ponere
936 3926 1126 3976 autem
1177 3923 1490 3992 potentiam
1524 3925 1787 3997 spirandi
1837 3930 2051 3986 consti-

407 4004 652 4061 tutivam
711 4023 839 4062 esse
892 4024 1150 4080 persona
1208 4010 1416 4081 Patris,
1466 4017 1524 4068 et
1574 4030 1642 4070 ex
1717 4015 1840 4072 solo
1884 4019 2054 4075 Patre

409 4094 685 4167 Spiritum
718 4097 1044 4167 procedere,
1073 4115 1246 4155 unum
1293 4105 1346 4156 et
1394 4101 1540 4157 idem
1579 4108 1680 4158 est.
1716 4105 1904 4169 Quare
1951 4109 2049 4180 qui

407 4184 516 4242 hoc
565 4185 728 4253 dicit,
784 4189 920 4258 petit
969 4191 1396 4262 principium.»
1438 4194 1572 4258 Qua
1619 4193 1670 4249 J.
1733 4199 1949 4252 Beccus
1992 4199 2050 4254 in

408 4273 561 4330 hanc
592 4291 714 4330 rem
765 4278 1098 4347 respondet,
1130 4295 1193 4333 ea
1234 4279 1429 4350 potius
1477 4281 1535 4336 in
1569 4285 1916 4353 posteriores
1945 4287 2049 4342 La-

402 4364 772 4420 tinomachos
823 4367 1133 4437 quadrent,
1177 4369 1522 4438 quibuscum
1583 4371 1678 4426 ille
1731 4377 2047 4445 pugnabat,

2172 1980 2288 2021 non
2320 1965 2431 2020 sub
2471 1962 2900 2018 Christianismi
2925 1962 3114 2031 specie
3145 1960 3363 2016 ethnici
3397 1961 3611 2016 erroris
3661 1975 3844 2032 super

2172 2056 2328 2112 stitio
2359 2055 2431 2110 ab
2461 2053 2535 2108 iis
2568 2053 2666 2124 qui
2700 2051 2838 2107 talia
2868 2052 3087 2107 audent
3115 2052 3306 2107 dicere
3328 2050 3741 2106 introducetur
3764 2050 3840 2104 ‘?»

2178 2147 2286 2201 Sed
2320 2159 2574 2217 quonam
2618 2146 2781 2212 pacto
2830 2139 3168 2197 monarchia
3206 2139 3527 2195 destruitur
3555 2144 3611 2195 et
3645 2139 3741 2194 ind
3757 2157 3838 2196 n-

2180 2236 2331 2292 citur
2359 2231 2822 2305 polytheismus?
2853 2252 2882 2280 «
2913 2229 3038 2286 Duo
3071 2229 3360 2301 principia
3391 2228 3830 2285 inducuntur.»

2179 2324 2290 2381 Sed
2312 2323 2417 2379 hoc
2441 2321 2805 2392 probandum
2831 2319 3031 2375 Pbotio
3067 2323 3210 2387 erat,
3228 2335 3341 2374 non
3377 2319 3838 2389 assumendum,

2177 2421 2241 2469 ut
2271 2411 2479 2468 merito
2511 2409 2817 2481 respondet
2849 2408 3064 2464 Beccus
3085 2408 3202 2479 (0r.
3235 2408 3300 2464 de
3328 2424 3424 2463 un.
3457 2425 3509 2462 ο.
3538 2407 3648 2470 38;
3678 2406 3740 2463 G.
3771 2410 3841 2466 0.

2179 2502 2223 2571 Ι,
2252 2502 2373 2568 158,
2407 2500 2565 2572 159);
2597 2498 2715 2554 imo
2763 2497 3117 2554 contrarium
3166 2513 3346 2568 supra
3391 2497 3701 2566 probatum
3736 2503 3843 2554 est

2176 2590 2356 2663 (III,§
2387 2589 2410 2646 Ι
2441 2591 2612 2661 seq.).
2643 2610 2671 2639 «
2704 2587 2947 2643 Etiamsi
3005 2586 3184 2657 enim,
3216 2587 3300 2642 ait
3349 2585 3660 2642 Bessarion
3693 2587 3846 2658 (91),

2173 2681 2341 2736 Pater
2369 2683 2426 2735 et
2446 2678 2628 2734 Filius
2659 2694 2774 2733 non
2807 2692 2992 2732 unum
3023 2676 3140 2731 sint
3169 2675 3542 2746 principium,
3577 2691 3688 2746 qua
3721 2679 3840 2731 Pa-

2173 2774 2258 2825 ter
2287 2774 2344 2824 et
2371 2769 2551 2824 Filius
2583 2771 2780 2822 tamen
2814 2781 2996 2822 unum
3018 2769 3158 2821 sunt
3183 2765 3242 2819 in
3286 2763 3578 2836 principio
3609 2758 3836 2835 εἰδικῷ,

2173 2860 2326 2930 quod
2357 2863 2444 2914 est
2471 2857 2670 2912 divina
2689 2856 2966 2922 essentia,
2991 2853 3318 2910 secundum
3351 2868 3528 2923 quam
3561 2867 3744 2908 unam
3783 2860 3843 2910 et

2171 2948 2434 3002 eamdem
2463 2961 2708 3002 numero
2733 2946 2789 2999 in
2814 2944 3102 3000 ambobus
3139 2943 3515 2998 exsistentem
3538 2940 3833 3012 Spiritum

2170 3037 2528 3109 producunt;
2589 3034 2739 3107 [291)
2798 3042 2855 3090 et
2912 3033 3020 3089 hoc
3079 3031 3299 3088 sufﬁcit
3345 3031 3416 3086 ad
3471 3031 3599 3096 hoc,
3655 3033 3830 3102 quod

2169 3141 2354 3181 unum
2379 3125 2454 3180 sit
2479 3123 2832 3195 principium
2860 3121 3192 3177 Divinitatis
3220 3136 3235 3187 ;
3263 3120 3412 3176 sicut
3436 3119 3610 3175 etiam
3640 3134 3836 3176 unum

2168 3214 2523 3288 principium
2571 3211 2882 3270 creationis
2940 3210 3218 3279 Trinitas,
3264 3209 3400 3265 licet
3429 3208 3690 3264 Trinitas
3723 3209 3832 3276 sit,

2167 3309 2402 3377 prapter
2459 3318 2632 3358 unam
2703 3308 2759 3358 et
2813 3300 3076 3356 eamdem
3133 3299 3311 3354 trium
3365 3297 3760 3353 voluntatem.
3804 3321 3832 3347 ››

2165 3394 2379 3450 Eodem
2402 3394 2560 3464 jure,
2586 3392 2670 3447 ait
2699 3390 2840 3448 alibi
2873 3389 2986 3462 (ep.
3017 3388 3088 3444 ad
3115 3389 3268 3444 Alex.
3302 3391 3456 3442 Lasc.
3509 3387 3691 3442 Hard.
3727 3387 3829 3459 IX,

2168 3483 2326 3555 1071)
2360 3483 2626 3553 prafatus
2659 3479 2995 3548 cardinalis,
3028 3495 3142 3550 quo
3190 3477 3440 3549 gentiles
3470 3476 3614 3532 olim
3648 3477 3826 3534 Chri-

2165 3573 2388 3629 stianos
2419 3580 2788 3636 accusarunt,
2822 3570 2970 3640 quod
3030 3575 3145 3624 tres
3194 3570 3454 3622 statuant
3511 3565 3677 3633 deos,
3709 3567 3830 3622 tria

2166 3661 2468 3733 principia,
2501 3661 2638 3716 dum
2673 3658 2977 3730 aqualiter
3009 3655 3160 3712 Patri
3209 3660 3268 3711 et
3320 3654 3462 3710 Filio
3493 3657 3550 3710 et
3578 3654 3832 3726 Spiritui

2164 3754 2368 3807 sancto
2421 3750 2690 3804 tribuunt
2735 3763 2925 3802 rerum
2958 3744 3309 3801 creationem
3335 3759 3402 3799 ac
3431 3743 3829 3814 gubernatio-

2163 3856 2316 3905 nem,
2338 3839 2433 3895 hic
2463 3837 2642 3894 Graci
2676 3839 2954 3892 accusant
2990 3835 3260 3901 Latinos;
3293 3837 3348 3890 et
3379 3834 3583 3888 eodem
3619 3835 3824 3904 modo,

2162 3945 2274 4000 quo
2306 3929 2399 3984 SS.
2463 3927 2660 3982 Patres
2716 3926 2846 3981 illos
2886 3924 3154 3980 ethnicos
3212 3922 3540 3978 refutarunt
3580 3936 3830 3978 monar-

2161 4019 2303 4074 chia
2335 4018 2550 4090 dogma
2577 4018 2952 4086 exponentes,
2983 4014 3183 4068 eodem
3225 4017 3282 4066 et
3311 4011 3371 4066 hi
3407 4011 3831 4068 criminatores

2162 4108 2528 4173 refelluntur,
2563 4105 2842 4178 quoniam
2877 4105 2946 4159 ad
2981 4105 3208 4159 Patrem
3232 4102 3427 4158 omnia
3457 4101 3826 4167 referuntur,

2160 4200 2231 4254 ab
2263 4214 2328 4254 eo
2351 4197 2639 4270 quidquid
2671 4194 2864 4262 habet,
2901 4193 3073 4249 habet
3107 4192 3310 4261 Filius,
3343 4195 3400 4246 et
3431 4208 3548 4247 una
3575 4191 3830 4248 eadem-

2161 4304 2274 4360 que
2306 4289 2363 4342 in
2387 4286 2664 4357 spirando
2695 4289 2782 4341 est
2807 4285 2956 4340 actio
2989 4282 3168 4338 Patris
3198 4286 3368 4352 atque
3389 4284 3446 4336 et
3481 4280 3630 4337 Filii.

2233 4377 2318 4432 19.
2360 4375 2474 4431 Nec
2515 4375 2714 4430 minus
2771 4372 3053 4428 fallaciter
3103 4370 3479 4426 ratiocinator
3536 4368 3823 4434 Photius,

409 4470 586 4524 quam
619 4454 678 4508 in
711 4454 904 4524 ipsum
935 4455 1202 4512 Photium
1237 4457 1370 4529 (90).
1399 4459 1640 4515 Demum
1673 4463 1873 4519 eodem
1899 4465 2051 4534 jure,
2085 4475 2128 4540 [)
2160 4467 2300 4522 c.12
2332 4484 2344 4521 :
2371 4465 2430 4520 Si
2465 4465 2578 4520 duo
2630 4464 2688 4518 in
2717 4463 3003 4518 Trinitate
3045 4458 3334 4532 principia
3390 4457 3830 4528 admittuntur,

403 4542 554 4616 [290]
587 4559 702 4614 quo
735 4543 920 4600 Graci
948 4544 1217 4601 Pbotiani
1243 4546 1652 4620 Latinos,quia
1681 4566 2049 4610 communem

408 4633 633 4690 faciunt
663 4632 815 4689 Patri
850 4633 1113 4706 Filioque
1140 4635 1516 4707 spirationem
1560 4639 1828 4708 activam,
1859 4642 2054 4698 Sabel-

405 4720 660 4778 lianismi
707 4724 999 4794 incusant,
1031 4724 1256 4795 eodem,
1290 4726 1406 4781 imo
1465 4727 1673 4798 majori
1714 4735 1962 4799 possunt
1992 4731 2050 4786 bi

410 4890 586 4973 m(99)
610 4891 1046 4973 Nimi_rum_‘,'(0r.
1077 4894 1144 4951 de
1165 4911 1346 4973 anno.
1388 4895 1497 4973 3ος
1526 4897 1589 4973 ρ.
1622 4898 1686 4955 0.
1715 4901 1758 4969 Ι,
1794 4900 2053 4973 156-158)

406 4959 565 5046 illud.
613 4968 812 5046 urget;
844 4959 946 5017 Τὸ’
971 4962 1356 5046 ἐκττορεύςσθαει
1387 4959 1717 5046 signiﬁcare
1742 4959 1809 5027 ex
1847 4959 2051 5046 Photio

406 5031 507 5122 ξήν
549 5031 609 5122 ἐκ
673 5031 806 5122 ᾇεοῦ
863 5031 1222 5122 φυσικήχάαί
1281 5031 1524 5111 οὐσιῶδη
1584 5044 1679 5094 τοῦ
1737 5042 2049 5116 Πνεύματος

404 5104 650 5177 ὕπαρξιν,
688 5105 834 5160 banc
875 5104 1006 5164 'vero
1052 5104 1304 5183 ὕπαρξιν,
1337 5104 1524 5169 θὶὶειιιι
1567 5131 1666 5182 per
1708 5104 2050 5187 verba'rtpo-l

402 5175 541 5257 :iévat
597 5177 1360 5257 apoxsieflai,_npgépxeatiai
1393 5185 1680 5257 _exprim_i,
1713 5202 1840 5256 qua
1878 5204 2050 5244 voca-

397 5247 536 5331 bula
588 5228 672 5331 ἐξ
709 5228 1343 5331 sententiafEéc’lesia
1377 5228 1585 5331 Grarca
1626 5228 1686 5310 ἐιξ
1714 5228 2048 5331 122

409 5317 538 5373 Υἶοῦ
586 5315 674 5402 ἕτςί
731 5321 828 5372 τοῦ
876 5318 1054 5374 ἁπλοῦ
1111 5327 1421 5395 Ιῐνεύματος
1481 5315 2046 5402 λέγεσθαιᾼεοῖιδξεη

412 5407 601 5472 neque
641 5396 832 5472 tamen
866 5409 1220 5472 quemquam
1255 5403 1477 5472 putare,
1513 5396 1644 5455 inde
1674 5399 1758 5456 vel
1799 5396 2049 5472 Spiritus

403 5463 836 5549 simplicitatem
853 5463 1569 5549 destruivelﬂécvarlotipﬁy
1600 5463 1890 5549 Patris‘et
1920 5475 2048 5549 Filii

402 5534 907 5616 mammonae
929 5539 1118 5616 arguit
1150 5539 1297 5616 :_Vel
1339 5534 1486 5616 dum'
1513 5534 1761 5616 simplex
1795 5546 2048 5616 Spiritus

402 5561 709 5592 lusmuurt.
749 5561 907 5592 unus
929 5561 1118 5606 urgun.
1150 5561 1162 5595 :
1207 5561 1297 5594 νει
1339 5561 1478 5596 aum
1513 5561 1623 5598 81m
1675 5561 1761 5600 lex
1795 5561 2047 5616 bplrltus

402 5624 468 5690 ex
491 5610 659 5690 Patre
681 5606 895 5690 etOFilio
912 5608 1125 5690 dicitur
1147 5611 1216 5666 ab
1231 5611 1489 5690 Ecclesia
1511 5561 1799 5686 pro/Bima,
1819 5617 2047 5674 Patrem

402 5685 459 5736 et
489 5679 700 5761 Filium
734 5679 792 5734 in
827 5695 1004 5761 unam
1037 5681 1196 5738 dices
1211 5679 1860 5761 _cont_rah_i'personam,
1894 5691 2046 5761 quod

404 5753 698 5810 communi
719 5757 1006 5826 repugnat
1025 5754 1226 5813 sensui
1249 5773 1265 5826 ;
1284 5753 1372 5810 vel
1395 5757 1445 5812 si
1466 5753 1576 5816 ho'c
1597 5773 1713 5816 non
1733 5753 2049 5834 vis,'néque

2159 4558 2334 4612 etiam
2369 4556 2598 4611 tertium
2650 4552 3079 4609 admittendum
3128 4555 3236 4619 est,
3269 4565 3402 4604 cum
3439 4549 3662 4604 trinum
3697 4566 3829 4606 ma-

2159 4647 2247 4718 gis
2271 4645 2456 4701 locum
2489 4644 2699 4698 habeat
2729 4643 2788 4696 in
2837 4640 3120 4696 Trinitate
3149 4654 3324 4710 quam
3379 4635 3649 4693 dualitas.
3703 4638 3833 4695 Re-

2160 4733 2432 4805 sponderi
2480 4736 2671 4805 potest
2703 4731 2913 4804 primo,
2948 4729 3092 4786 falso
3125 4726 3400 4799 supponi,
3432 4727 3547 4782 duo
3578 4727 3834 4784 admitti

2160 4905 2506 4964 contendere
2530 4907 2706 4971 potes,
2740 4900 2974 4973 quando
3005 4899 3250 4955 Romani
3296 4897 3502 4973 dicunt
3526 4896 3826 4973 Spiritum

2159 4993 2228 5034 ex
2265 4976 2426 5031 Patre
2455 4968 2710 5045 Filioque
2757 4968 3101 5045 procedere,_
3125 4976 3274 5045 tum_
3311 4968 3724 5045 confusionem
3761 4975 3832 5028 et

2160 5041 2631 5106 contractionem
2646 5041 2832 5100 Patris
2853 5049 2909 5100 et
2930 5041 3055 5097 Filii
3086 5041 3401 5096 introduci.

2237 5120 2353 5190 (91)
2383 5119 2688 5190 Bessarion
2719 5133 2772 5190 c_.
2805 5116 2871 5190 19
2900 5111 3562 5190 contra_b1_arci_pr_es.
3596 5110 3825 5190 sy_llog_.

2157 5181 2253 5277 395
2281 5181 2442 5277 £90"..-
2492 5188 2844 5277 M°P--27f-
2883 5187 3032 5277 Ρξῆ
3068 5185 3202 5277 ἓξὲξ
3235 5200 3271 5277 i.
3305 5181 3825 5277 Ξῖξῖδξρηξάἷρςζῖῆ

2160 5261 2264 5316 εἶεν
2286 5253 2344 5317 ἓν
2379 5258 2550 5314 αἳτιον
2585 5261 2612 5314 ὁ
2665 5258 2852 5330 Πᾳςὴρ
2881 5256 2971 5330 xci
3004 5256 3058 5330 ὁᾼ
3079 5255 3203 5330 rip;
3301 5253 3509 5330 ilaxﬁp;
3536 5253 3829 5330 κᾳὶγὶὸς,

2158 5331 2288 5388 ἀλλ’
2321 5331 2450 5386 εἰσὶν
2481 5330 2537 5385 ’ἐν
2584 5332 2654 5404 τῇ
2687 5323 2863 5404 εἰδιὶιξῇ
2913 5328 3094 5404 ᾀρχῇε
3127 5323 3268 5404 ﬁne:
3298 5323 3523 5404 tertii?)
3569 5323 3688 5404 θεία
3721 5323 3830 5404 ορὲ

2160 5403 2266 5474 σία,
2300 5406 2416 5459 καθ’
2468 5404 2528 5470 ἣν
2580 5395 2701 5475 μίαν
2753 5395 3557 5475 καῖ’τῆν”ὰῦτῆν-ἂριρμῇηέν
3598 5395 3828 5475 ᾀμφοξν

2159 5467 2319 5530 οὗσάν
2371 5477 2434 5529 τὸ
2484 5467 2699 5548 Πνέῦμα
2745 5471 3050 5548 προᾴγουσι
3083 5489 3097 5503 ·
3143 5470 3234 5548 irai
3282 5467 3830 5548 toﬁt'ﬂpgeiﬁpbg

2155 5547 2219 5602 τὸ
2253 5547 2380 5618 μίαν
2414 5547 2594 5621 ἀρχὴν
2625 5538 2761 5601 civem.
2793 5538 3050 5612 θεόὲητος
3081 5558 3096 5575 ο
3153 5541 3334 5616 ὥσπερ
3373 5540 3462 5594 καὶ
3514 5538 3615 5611 μία
3655 5538 3830 5666 ἀξόἕὴ

2157 5618 2384 5666 κτίσεως
2417 5622 2450 5666 ολ
2509 5619 2693 5666 Tma‘zc.
2733 5614 2912 5666 imitat
2955 5613 3116 5666 Τοιὰς
3173 5610 3326 5666 οὖσα.
3379 5609 3469 5666 διὰ
3519 5610 3620 5666 τὴν
3680 5632 3726 5666 υ.
3761 5633 3830 5666 αν

2157 5609 2384 5692 missio;
2417 5609 2695 5692 {'Tpia‘zq,
2733 5614 2912 5692 γαίσςοι
2943 5609 3116 5692 Ϊιζριὰς
3173 5609 3326 5678 οὗσαζ
3379 5609 3469 5666 διὰ
3519 5609 3620 5677 λιτὴν
3680 5609 3833 5682 ρλἆύ

2155 5690 2248 5745 καὶ
2275 5693 2374 5760 τὴν
2408 5685 2577 5758 «erat
2603 5695 2712 5746 τῶν
2738 5690 2903 5760 τριῶν
2938 5685 3182 5755 θέλησιν.

3913 141 3918 148 Δ
