4090 6228
254 450 367 510 513

968 434 1069 494 DE
1114 433 1178 491 S.
1224 429 1425 490 SPIR.
1472 420 1994 488 MYSTAGOGIA.
2043 453 2119 463 -—
2162 418 2892 484 ANIMADVERSIONES

3533 430 3647 523 5M

250 583 529 661 principia
558 579 783 636 diversa
813 591 847 630 a
878 570 1136 635 Latinis;
1172 564 1452 630 secundo,
1501 561 1723 618 nullam
1766 573 1893 616 esse
1924 573 1975 640 Α
2003 558 2194 612 eadem
2224 558 2445 613 ratione
2473 565 2552 613 est
2588 574 2758 614 causa
2799 558 2930 628 ﬁlii,
2969 576 3075 631 qua
3114 576 3316 631 parens
3358 562 3652 636 utriusque

256 652 561 739 rationem,
593 684 699 727 cur
725 670 844 721 tres
876 674 1136 735 personae
1170 654 1588 728 principiantes
1632 652 1702 708 ad
1745 654 1900 706 intra

253 767 603 829 statuantur,
635 757 755 812 imo
787 749 1017 810 admitti
1061 762 1158 803 eas
1202 761 1319 800 non
1368 756 1559 814 posse,
1604 756 1732 796 esse
1764 756 1897 796 vero

260 855 571 918 rationem,
604 863 711 905 cur
741 842 967 899 duabus
998 836 1263 911 personis
1297 830 1566 906 principii
1598 830 1744 885 ratio
1778 831 1903 883 vin-

256 947 502 1007 dicetur,
531 939 669 994 licet
698 950 814 990 non
873 935 938 985 ut
995 942 1259 999 personae
1316 922 1605 977 distinctae
1651 920 1712 973 in
1760 933 1901 1007 prof

256 1035 515 1092 cessione
563 1023 966 1096 concipiantur
1007 1018 1105 1088 (cf.
1157 1030 1336 1085 supra
1389 1013 1487 1079 ΙΙΙ,
1547 1012 1574 1077 §
1629 1007 1710 1079 4).
1740 1006 1901 1070 Quod

258 1127 325 1181 ad
358 1117 652 1196 posterius
685 1113 912 1176 attinet,
944 1109 1001 1196 id
1034 1104 1119 1196 vel
1150 1104 1279 1196 ipsa
1304 1102 1495 1196 Patris
1524 1097 1779 1154 ostendit
1808 1112 1903 1196 ap.-

255 1183 515 1285 peliatio,
552 1222 669 1278 qua
714 1199 906 1277 πρώτη
948 1193 1095 1285 αἰτίᾳ
1132 1191 1221 1247 καὶ
1262 1188 1412 1266 ἄρχὴ
1452 1183 1897 1285 πξοκαταρκτική

252 1277 653 1370 nuncupatur,
686 1291 961 1347 nimirum
996 1292 1055 1341 ut
1083 1284 1187 1339 hac
1209 1277 1603 1370 praerogativa
1633 1290 1898 1370 secerna-

252 1403 343 1449 tur
374 1364 599 1455 ab-illa,
627 1399 751 1455 quae
783 1383 871 1435 est
900 1374 1047 1450 ἀρχὴ
1099 1370 1151 1441 ἐξ
1199 1367 1384 1443 ἀρχῆς
1432 1381 1676 1439 queque
1725 1364 1899 1455 etiam

252 1479 404 1555 ἀρχὴ
445 1453 789 1545 simpliciter
837 1467 1054 1521 dicitur
1108 1461 1261 1532 (vide
1319 1458 1473 1555 infra
1531 1456 1701 1526 Greg.
1748 1453 1899 1555 pse.

467 1566 631 1640 prius
660 1578 795 1621 vero
826 1574 940 1613 non
973 1555 1169 1611 minus
1196 1567 1265 1607 ex
1303 1549 1474 1642 dictis
1519 1549 1695 1619 patet.
1747 1544 1902 1642 scite

253 1631 496 1718 sanctus
526 1655 777 1709 Thomas
822 1649 902 1719 (q.
955 1645 1044 1712 30,
1097 1642 1259 1697 art.2
1306 1640 1377 1695 ad
1402 1638 1555 1708 4);«
1603 1631 1900 1705 Oppositio

253 1746 559 1808 relationis
589 1759 705 1798 non
740 1735 1045 1812 permittit,
1076 1737 1141 1787 ut
1170 1746 1304 1787 cum
1331 1727 1611 1783 relatione
1642 1722 1897 1794 Spiritus

250 1838 442 1897 sancti
473 1836 548 1890 sit
578 1829 780 1887 relatio
804 1822 1071 1898 principii
1094 1822 1361 1890 respectu
1386 1815 1593 1870 divinas
1617 1825 1897 1884 personae,

2005 662 2171 702 causa
2198 648 2431 715 exsistit,
2468 645 2710 703 minime
2742 647 2871 718 ipsa
2898 648 2959 705 in
2990 653 3242 720 paterna
3272 653 3647 723 compositio-

2009 752 2139 791 nem
2172 752 2429 807 personaa
2460 737 2733 807 adigitur.
2772 756 2797 788 ι
2830 736 3036 793 Photio
3056 755 3185 796 vero
3206 740 3287 795 ita
3310 739 3474 812 Hugo
3495 742 3557 813 (Ι.
3584 760 3646 811 11,

2009 842 2058 880 c.
2094 827 2182 894 18,
2218 842 2273 896 ρ.
2299 826 2456 894 1233)
2478 826 2724 882 breviter
2750 831 3063 897 respondet
3090 828 3267 899 :[293]
3289 852 3316 879 «
3345 829 3542 886 Vanus
3564 837 3654 887 est

2010 930 2197 971 sermo
2228 920 2284 971 et
2312 914 2597 984 inefﬁcax,
2630 916 2726 986 qui
2760 920 2994 987 propter
3032 932 3267 973 causam
3302 923 3357 975 et
3399 922 3655 977 causati-

2009 1018 2146 1058 vum
2177 1018 2480 1074 personam
2514 1003 2698 1058 Patris
2731 1003 2789 1057 in
2824 1004 2935 1058 duo
2965 1003 3173 1059 dividit
3208 1013 3307 1060 aut
3348 1006 3476 1062 Filii
3524 1024 3656 1079 per-

2009 1107 2209 1147 sonam
2242 1092 2432 1148 Patris
2463 1108 2721 1163 personae
2754 1107 2989 1147 causam
3035 1094 3100 1161 (Ι.
3150 1096 3391 1165 partem)
3435 1098 3655 1153 consti-

2008 1181 2134 1237 tuit.
2170 1180 2360 1238 Causa
2424 1182 2538 1253 (ed.
2608 1184 2866 1249 causam)
2934 1181 3089 1237 enim
3156 1191 3209 1239 et
3285 1186 3652 1241 causativum

2010 1270 2277 1327 nesciunt
2307 1286 2617 1343 personam
2641 1270 2923 1340 dividere,
2948 1287 3136 1342 neque
3155 1272 3212 1327 in
3260 1272 3654 1330 inferioribus.

2012 1360 2137 1417 Non
2165 1376 2301 1432 ergo
2331 1377 2509 1415 causa
2525 1359 2814 1416 exsistens
2838 1376 2971 1415 cum
2997 1362 3163 1416 Patre
3182 1362 3433 1433 Spiritus
3455 1363 3660 1421 dividit

2010 1449 2231 1519 (Filius)
2266 1456 2567 1521 paternam
2600 1465 2932 1520 personam.
2968 1470 2996 1499 »
3029 1452 3312 1506 Praeterea
3341 1454 3499 1508 card.
3531 1454 3660 1510 Bes-

2009 1536 2221 1605 sarion,
2253 1554 2341 1608 ep.
2374 1540 2453 1594 ad
2483 1538 2640 1593 Alex.
2675 1539 2902 1593 Lascar.
2937 1555 2985 1593 ο.
3017 1541 3052 1592 7
3084 1538 3148 1609 (l.
3185 1556 3233 1595 c.
3269 1558 3324 1610 p.
3360 1542 3518 1609 1063)
3550 1543 3657 1599 hoc

2009 1630 2175 1697 pacto
2207 1631 2616 1698 argumentum
2651 1628 2708 1681 in
2745 1627 3065 1683 Pbotianos
3116 1633 3410 1700 retorquet
3458 1646 3473 1684 :
3526 1653 3553 1680 ‹‹
3599 1632 3659 1687 Si

2008 1716 2304 1786 generatio
2344 1720 2401 1771 et
2445 1717 2688 1787 spiratio
2730 1716 2811 1771 ita
2853 1720 3049 1772 essent
3096 1718 3340 1788 pr0priae
3393 1735 3651 1790 personas

2012 1808 2285 1874 paternae,
2358 1814 2419 1860 ut
2488 1815 2728 1877 utraque
2794 1822 2897 1878 per
2963 1821 3021 1861 se
3089 1807 3466 1864 constitueret
3531 1810 3661 1878 ejus

251 1894 389 2002 ξιῖιίει
418 1928 539 1996 ipse
579 1894 835 1990 procedit
863 1916 930 1969 ab
968 1911 1098 1967 aliis
1123 1907 1391 1982 personis,
1435 1920 1554 1975 qua
1592 1903 1652 1955 in
1688 1898 1903 1954 divinis
1933 1894 1977 1957 B
2012 1910 2340 1996 personam.
2393 1896 2857 1967 uniuscujusque
2905 1912 3039 1953 vero
3091 1898 3444 1967 operationis
3491 1901 3655 1968 prin-

251 1988 365 2075 esse
391 1988 638 2088 possunt.
674 2031 701 2059 »
734 2007 933 2075 Neque
963 1997 1350 2071 congruentiae
1384 1993 1529 2049 ratio
1561 1990 1697 2088 inde
1724 1988 1904 2087 petita

246 2076 437 2178 juvat,
470 2101 618 2173 quod
650 2096 712 2149 τὸ
760 2087 1036 2178 τριαδικὸγ
1090 2085 1274 2178 magis
1327 2084 1519 2178 locum
1576 2078 1787 2178 haheat
1841 2076 1901 2131 in

255 2167 565 2256 :I‘rini'tate,
601 2202 777 2259 quam
798 2167 869 2237 is
902 2175 1178 2245 δυάδικὸν,
1208 2171 1499 2231 ternarius
1524 2167 1707 2239 magis
1729 2181 1904 2259 quam

252 2252 561 2340 binarius.’
580 2252 785 2334 Nonne
832 2277 887 2329 et
934 2288 967 2326 a
1013 2265 1314 2324 Photianis
1360 2261 1423 2314 τὸ
1468 2259 1618 2329 [292]
1651 2252 1903 2310 δυαδικὸν

258 2373 616 2437 admittitur,
650 2367 789 2422 dum
821 2363 1053 2427 docent,
1084 2357 1143 2411 in
1176 2353 1457 2411 Trinitatc
1486 2364 1615 2405 esse
1654 2346 1717 2437 ro
1740 2344 1903 2437 6Ean-

254 2483 360 2538 χον
390 2457 580 2515 καὶτά
602 2434 653 2527 ἐξ
686 2454 889 2527 ἀρχῆς,
948 2452 1091 2504 duas
1146 2459 1423 2517 personas
1482 2455 1603 2495 esse
1666 2434 1903 2502 αἷτιατά,

254 2526 553 2625 duplicem
586 2526 1005 2614 essenpdoSov,
1037 2534 1468 2609 generationem
1502 2533 1559 2585 et
1588 2526 1905 2599 processio-

252 2614 386 2699 nem
409 2641 437 2695 ?
468 2636 638 2693 Nulla
666 2632 875 2690 exhinc
905 2626 1170 2699 sequitur
1198 2620 1474 2677 dissectio
1506 2634 1572 2674 ac
1601 2615 1811 2671 divisio
1843 2614 1905 2669 in

253 2730 561 2794 Trinitate,
593 2738 781 2795 neque
803 2719 994 2776 Patris
1027 2711 1403 2787 praerogativa
1439 2708 1765 2779 quidquam
1788 2703 1902 2758 mi-

255 2821 485 2885 nuitur,
516 2822 574 2872 et
603 2830 671 2869 ex
701 2810 868 2867 dictis
915 2810 1093 2879 patet.
1144 2800 1532 2867 Quamobrem
1576 2812 1709 2885 non
1758 2796 1900 2885 erat,

255 2926 355 2965 cur
392 2880 635 2963 Photius
669 2918 681 2956 :
720 2921 747 2949 «
778 2896 1245 2954 Christianorum
1278 2888 1521 2943 auribus
1570 2880 1905 2939 intolerabi-

252 2998 351 3066 lia,
384 2991 753 3050 iracundiam
786 3001 948 3057 eaque
982 2998 1049 3038 ac
1093 2980 1312 3035 luctum
1356 2973 1662 3030 excitantia
1691 2993 1719 3021 »
1754 2971 1904 3042 (cap.

256 3061 367 3157 l3),
401 3101 532 3158 qua:
568 3080 907 3137 Latinorum
939 3072 1215 3128 doctrinae
1238 3064 1601 3158 consectaria
1633 3061 1817 3158 logico
1840 3077 1906 3158 ac

256 3149 385 3233 vere
418 3149 751 3229 necessaria
781 3169 938 3231 sunt,
970 3160 1337 3221 traduceret;
1370 3153 1593 3209 nullum
1626 3167 1695 3207 ex
1714 3149 1905 3206 allatis

260 3263 536 3322 absurdis
570 3255 829 3314 Ecclesia:
862 3247 1238 3309 occidentalis
1268 3246 1478 3315 dogma
1511 3242 1661 3296 ferit.

327 3356 418 3411 tl.
454 3352 593 3407 Post
619 3347 733 3403 alia
762 3346 877 3399 duo
917 3340 1264 3412 argumenta
1295 3336 1417 3405 jam
1460 3330 1731 3403 superius
1776 3343 1908 3399 per-

256 3461 436 3517 pensa
462 3442 588 3512 (ΙΙΙ,
616 3440 673 3507 §§
701 3436 755 3504 4,
786 3433 820 3486 8
849 3431 1018 3502 seq.),
1043 3428 1125 3483 ita
1154 3422 1569 3517 Photi_us(cap.
1598 3420 1684 3517 id)
1709 3432 1906 3517 prose-

257 3508 451 3606 quitur
472 3508 499 3586 ἐ
537 3550 565 3581 α
596 3526 792 3596 Neque
832 3522 941 3578 hoc
980 3512 1471 3606 pratereundum,
1512 3509 1665 3580 quod

258 3595 569 3695 personam
602 3595 790 3672 Patris
820 3612 877 3667 in
911 3606 1257 3676 duasimpia
1283 3602 1384 3657 illa
1405 3602 1667 3656 doctrina
1700 3595 1908 3652 dividit

258 3691 343 3770 vel
394 3710 636 3769 omnino
693 3702 821 3760 Filii
882 3711 1190 3772 personam
1251 3693 1311 3748 in
1370 3694 1592 3762 partem
1651 3691 1905 3759 paternas

262 3803 639 3873 hypostaseos
690 3793 1054 3861 assumptam
1102 3781 1383 3873 decernit.
1418 3801 1446 3829 »
1496 3778 1676 3873 quue
1724 3790 1793 3829 ex
1840 3788 1907 3829 eo

264 3865 638 3960 potissimum
676 3881 901 3951 probat,
934 3875 1089 3947 quod
1122 3894 1150 3924 «
1185 3872 1353 3927 Pater
1395 3884 1509 3922 non
1550 3865 1773 3919 ratione
1811 3878 1905 3918 es-

259 3979 485 4041 sentia,
518 3975 618 4031 sed
654 3971 878 4026 ratione
929 3978 1191 4039 personae
1220 3960 1296 4015 sit
1326 3974 1502 4014 causa
1548 3968 1906 4041 eorumiqum

259 4067 510 4137 exiipso,
544 4086 575 4113 »
599 4061 757 4134 quod
789 4056 1036 4122 axioma,
1070 4054 1247 4123 prout
1278 4046 1371 4103 hic
1402 4044 1654 4137 ponitur,
1694 4040 1906 4096 falsum

255 4135 404 4214 esset
423 4154 888 4212 demonstratum
921 4153 1008 4201 est
1038 4142 1156 4213 (Ill,
1186 4142 1214 4208 §
1260 4139 1368 4208 11).
1404 4136 1528 4192 Non
1587 4135 1909 4202 incongrue

256 4253 463 4303 contra
492 4242 795 4303 Nicolaum
822 4236 1263 4293 Methonensem
1291 4227 1502 4285 similia
1545 4224 1907 4281 effutientem

257 4341 273 4393 i
304 4342 354 4393 ta
380 4335 609 4393 disserit
635 4333 799 4402 Hugo
835 4325 1184 4383 Etheriunus
1213 4320 1276 4391 (l.
1321 4334 1383 4389 ιι,
1416 4332 1469 4373 c.
1510 4315 1564 4381 4,
1597 4330 1651 4384 p.
1698 4311 1854 4378 1218)
1890 4325 1903 4363 :

268 4449 315 4478 ιι
340 4427 699 4483 Manifestum
739 4419 893 4491 quod
928 4414 1105 4470 Filius
1143 4409 1323 4466 Patris
1355 4419 1664 4478 personam
1705 4405 1770 4457 ut
1808 4416 1909 4471 pa-

261 4517 500 4572 tientem
552 4485 844 4569 defectum
893 4504 1145 4574 aliquem
1193 4514 1306 4553 non
1359 4491 1672 4562 adimplet;
1720 4503 1908 4560 neque
1942 4485 1985 4550 D

361 4567 786 4643 ἶαξξτηῂςίηριπη
821 4567 1031 4643 pium},
1066 4593 1289 4643 mrtem
1336 4600 1463 4641 θεεε
1505 4596 1761 4643 personae
1804 4578 1909 4634 Pa.-
2012 4570 2236 4628 theoria
2266 4573 2325 4626 in
2357 4569 2665 4643 hypothesi
2697 4569 2844 4625 falsa
2872 4576 3148 4635 versatur,
3181 4569 3323 4623 dum
3368 4567 3663 4639 supponit,

266 4670 491 4762 t—ris,'eo
522 4670 677 4764 quod
709 4685 956 4758 Spiritus
986 4697 1053 4736 ex
1084 4678 1213 4749 ipso
1250 4673 1539 4747 procedat,
1582 4670 1773 4764 dicere
1812 4684 1910 4723 co-

270 4759 444 4855 gitur.
474 4759 777 4847 Quomodo
807 4772 961 4830 enim
994 4770 1044 4826 si
1077 4767 1259 4823 Filius
1288 4764 1490 4820 eadem
1522 4759 1743 4816 ratione
1773 4772 1909 4813 con-

276 4853 604 4927 hnmeratur
642 4863 822 4928 Patri,
871 4876 985 4931 qua
1035 4856 1291 4927 Spiritus
1341 4853 1594 4922 utrique,
1655 4861 1910 4920 personae

278 4960 455 5018 Patris
481 4959 665 5033 portio
698 4951 1032 5011 inveniatur
1072 4942 1298 5002 Filius?
1345 4943 1494 4998 Sane
1542 4940 1592 4997 si
1635 4946 1775 4995 nata
1816 4938 1913 4992 Lot

349 5167 449 5239 (92)
502 5166 637 5230 Qua:
684 5139 1913 5239 hucnquodamnmodo‘“spectantui‘lugpni‘s

280 5213 767 5295 Eth'e'rfiarii—verba
798 5213 937 5299 (L‘r,
970 5242 1033 5299 ο(
1056 5226 1145 5293 12,
1178 5238 1234 5294 p.
1286 5213 1441 5299 1205)
1474 5218 1542 5299 in_
1564 5213 1914 5299 quibusdam

285 5283 865 5381 Zéa'dﬁii'videh‘tdr.
901 5283 1144 5369 Legitur
1171 5283 1323 5381 apud
1346 5283 1916 5381 Ageurnde‘mnz‘unlion

287 5360 470 5437 omnis
486 5360 833 5453 proprietas
850 5360 1161 5443 personam
1193 5360 1511 5453 describit,
1522 5360 1919 5453 idea-tut

288 5432 754 5525 éIéEuZiiiér_(?)
788 5432 868 5514 ei,
894 5458 1022 5525 quae
1042 5442 1645 5525 segregare‘natzurarzn

290 5500 1018 5608 Eri-aliquisrsi‘c'quéd'am
1052 5500 1438 5608 proprietates
1468 5505 1525 5559 in
1556 5500 1915 5608 hianu‘ifd'ein

293 5575 791 5664 eds'hliéﬁmu‘z
815 5575 1276 5664 substantia-rum
1294 5575 1917 5664 .sunt,_sezgregant_n_t:-

300 5650 466 5722 turam
492 5684 507 5733 ;
537 5665 598 5720 in
630 5653 1260 5719 consubstantialibus,
1292 5650 1351 5705 id
1397 5653 1507 5714 est,
1542 5650 1601 5701 in
1643 5650 1915 5733 .hishqu‘ze

309 5745 425 5808 sunt
472 5726 733 5808 ejusdem
792 5734 1032 5808 naturae,
1084 5742 1217 5808 vero
1275 5726 1920 5808 personam‘inslgglre

310 5786 763 5881 iiiiniéﬁ'ﬁi'ia
794 5786 1033 5859 homine
1062 5801 1119 5855 et
1145 5786 1296 5868 equo
1326 5791 1545 5849 risibile
1572 5796 1745 5860 atque
1768 5786 1919 5841 hin-

2013 1984 2231 2056 cipium
2262 1990 2350 2041 est
2380 1988 2580 2054 forma,
2612 1986 2741 2041 duae
2774 1986 2975 2042 formae
3021 1986 3147 2059 (per
3192 1988 3439 2043 formam
3486 1988 3657 2045 intel-

2011 2074 2246 2146 ligimus
2277 2075 2629 2147 principium
2679 2074 2891 2130 harum
2935 2075 3185 2130 duarum
3229 2077 3655 2150 operationum)

2016 2170 2211 2221 essent
2239 2164 2548 2237 principia.
2599 2164 2709 2220 Sed
2756 2180 3121 2235 unaquaeque
3178 2166 3383 2233 forma,
3436 2166 3495 2222 id
3546 2172 3658 2239 est,

2018 2254 2472 2325 unumquodque
2531 2252 2883 2324 principium
2949 2252 3301 2323 operationis
3366 2255 3652 2311 constitu-

2014 2343 2143 2398 tivas
2173 2358 2307 2398 cum
2341 2340 2443 2398 illa
2462 2342 2795 2412 Operatione
2821 2341 3080 2413 aliquam
3105 2357 3415 2413 personam
3438 2344 3656 2400 consti-

2014 2430 2146 2499 tuit,
2177 2430 2330 2486 sicut
2358 2431 2631 2499 essentia,
2664 2446 2790 2500 quas
2820 2434 2909 2484 est
2939 2429 3294 2501 principium
3335 2433 3657 2503 generatio-

2015 2519 2106 2575 nis
2137 2519 2359 2589 activaa,
2392 2535 2525 2574 cum
2558 2518 2687 2590 ipsa
2728 2517 3103 2589 generatione
3158 2520 3388 2575 Patrem
3440 2521 3657 2577 consti-

2012 2610 2159 2675 tuit;
2192 2613 2250 2664 et
2279 2609 2363 2664 sic
2394 2611 2556 2664 Pater
2599 2611 2775 2665 essent
2815 2607 2943 2665 duae
2982 2622 3253 2680 personae.
3303 2608 3422 2665 Hoc
3467 2615 3661 2668 autem

2014 2698 2429 2755 inconveniens
2459 2702 2569 2754 est.
2607 2720 2634 2749 »

2088 2789 2173 2843 12.
2210 2792 2380 2843 Docet
2410 2787 2651 2843 Photius
2680 2790 2830 2858 (cap.
2864 2788 2955 2859 17)
2987 2790 3046 2843 et
3085 2787 3185 2859 qui
3222 2804 3355 2843 eum
3405 2806 3657 2860 sequun-

2013 2882 2131 2943 tur,
2165 2883 2232 2932 ut
2264 2875 2538 2933 Nicolaus
2570 2876 2971 2932 Methonensis
2994 2882 3066 2946 (c.
3097 2877 3190 2949 24)
3226 2894 3239 2932 :
3274 2878 3459 2936 Omne
3502 2880 3659 2950 quod

2015 2964 2313 3036 proprium
2349 2964 2524 3019 unius
2572 2970 2679 3033 est,
2726 2965 2879 3034 quod
2920 2964 3265 3020 translatum
3306 2968 3374 3020 de
3424 2966 3653 3022 duobus

2013 3054 2145 3111 aliis
2174 3053 2408 3120 dicitur,
2442 3054 2490 3109 si
2522 3054 2594 3108 de
2627 3061 2873 3124 utroque
2913 3055 3036 3125 pari
3083 3055 3258 3109 modo
3306 3054 3659 3121 veriﬁcatur,

2017 3141 2551 3199 consubstantiales
2567 3158 2663 3197 eos
2676 3142 2931 3197 ostendit
2951 3159 2963 3210 ;
2980 3143 3029 3197 si
3049 3159 3179 3197 vero
3196 3144 3265 3198 de
3281 3160 3394 3198 uno
3412 3147 3633 3198 tantum
3647 3185 3661 3212 ,

1937 3214 1979 3280 Ο
2021 3248 2135 3286 non
2169 3235 2363 3286 autem
2409 3231 2480 3285 de
2524 3229 2701 3285 altero
2746 3246 2946 3285 verum
2989 3230 3119 3297 erit,
3162 3230 3399 3285 diversas
3441 3235 3665 3286 naturae

2016 3337 2114 3377 eos
2142 3336 2271 3375 esse
2313 3319 2670 3376 manifestat.
2704 3318 2864 3383 Quod
2896 3319 3175 3375 continuo
3217 3318 3495 3391 exemplis
3527 3320 3661 3376 illu-

2017 3420 2200 3465 strare
2231 3408 2466 3465 student
2498 3429 2512 3471 ;
2547 3407 2767 3464 risibile
2808 3424 2859 3463 v.
2900 3424 2989 3480 gr.
3030 3407 3100 3464 de
3138 3407 3396 3477 homine,
3440 3426 3555 3464 non
3586 3409 3658 3465 de

2015 3496 2243 3568 angelo,
2276 3497 2347 3552 de
2376 3497 2604 3551 Socrate
2635 3511 2699 3551 ac
2730 3494 2990 3563 Platone,
3018 3511 3131 3551 non
3158 3512 3289 3550 vero
3314 3496 3386 3550 de
3405 3496 3659 3552 Socratis

2014 3587 2268 3656 imagine
2298 3585 2598 3655 praedicari
2630 3588 2842 3655 potest.
2866 3583 2961 3639 Sic
2979 3584 3159 3655 igitur
3182 3585 3336 3656 quod
3364 3587 3663 3656 proprium

2014 3681 2103 3733 est
2136 3676 2343 3744 Patris,
2395 3675 2476 3731 ita
2528 3679 2802 3745 arguunt,
2859 3674 3131 3730 videlicet
3175 3674 3417 3746 spiratio
3460 3675 3664 3744 activa,

2013 3766 2151 3821 dum
2180 3765 2405 3820 duabus
2436 3764 2663 3820 caeteris
2694 3763 2958 3833 personis
2989 3763 3393 3819 transferendo
3425 3764 3664 3836 adapta-

2013 3861 2129 3922 tur,
2152 3862 2325 3924 atque
2343 3853 2414 3907 de
2437 3853 2579 3907 Filio
2597 3852 2833 3923 quidem
2848 3868 2979 3907 vere
2999 3852 3298 3923 praedicari
3313 3853 3662 3924 afﬁrmatur,

2017 3959 2132 3998 non
2172 3945 2367 3996 autem
2399 3942 2470 3996 de
2508 3940 2725 4010 Spiritu
2763 3945 2987 4007 sancto,
3031 3941 3275 3995 diversas
3315 3941 3659 3996 substantiae

2014 4046 2144 4087 esse
2174 4030 2385 4085 Filium
2419 4046 2483 4084 ac
2514 4028 2796 4099 Spiritum
2830 4028 3067 4083 omnino
3098 4028 3411 4084 convincit.
3449 4027 3657 4084 Verum

2016 4119 2209 4175 inanis
2239 4125 2328 4175 est
2359 4136 2448 4175 res
2481 4118 2781 4186 universa;
2816 4133 2932 4173 non
2955 4118 3148 4172 solum
3177 4118 3313 4189 quia
3336 4118 3661 4188 proprieta-

2017 4218 2163 4279 tum,
2195 4226 2316 4280 qute
2348 4209 2421 4266 ad
2453 4225 2638 4265 unum
2659 4205 2860 4281 κυρίως
2886 4212 3144 4278 spectant
3167 4207 3416 4279 aliisque
3438 4222 3663 4264 accom-

2017 4301 2240 4357 modari
2294 4308 2555 4372 possunt,
2613 4299 2775 4355 varia
2829 4302 2970 4354 sunt
3027 4314 3242 4370 genera
3298 4313 3404 4353 nec
3453 4313 3660 4353 omnes

2013 4391 2333 4446 illationem
2364 4391 2435 4446 ad
2467 4389 2828 4445 identitatem
2858 4387 2948 4443 vel
2991 4387 3388 4444 diversitatem
3440 4394 3657 4442 naturae

2018 4482 2362 4553 permittunt
2390 4481 2525 4552 (92),
2556 4481 2654 4536 sed
2691 4481 2875 4536 multo
2906 4479 3096 4552 magis
3129 4478 3267 4549 quia
3288 4477 3475 4534 Photii
3509 4477 3663 4549 [294]

2015 4662 2205 4718 Patris
2260 4676 2375 4716 esse
2426 4661 2711 4732 proprium
2763 4658 3059 4731 producere
3115 4657 3411 4727 Spiritum,
3480 4656 3661 4727 idque

2017 4768 2130 4809 non
2144 4751 2257 4807 nisi
2277 4767 2346 4806 ex
2365 4749 2602 4806 arbitrio
2616 4748 2874 4820 adaptari
2895 4751 2952 4803 et
2964 4744 3385 4801 accommodari
3402 4760 3663 4816 personas

2016 4840 2145 4897 Filii
2173 4845 2346 4911 atque
2377 4839 2435 4894 in
2467 4853 2596 4894 eam
2639 4834 2942 4892 transferri
2989 4835 3083 4905 (cf.
3132 4837 3241 4889 art.
3288 4834 3534 4903 praeced.
3566 4833 3600 4905 §
3633 4837 3663 4887 5

2019 4931 2190 5003 seq.).
2208 4928 2405 5001 Neque
2418 4927 2554 4983 hinc
2573 4926 2839 4997 sequitur
2853 4923 2971 4980 ulla
2990 4923 3329 4993 necessitas,
3345 4939 3461 4994 qua
3476 4922 3665 4979 Patris

2022 5137 2235 5200 nibiie;
2263 5152 2389 5208 quae
2420 5151 2553 5190 cum
2587 5130 2986 5208 diderentium
3014 5134 3365 5208 naturarum
3389 5128 3509 5185 sint
3529 5145 3671 5208 pro-

2020 5201 2315 5281 prietates,
2347 5208 2499 5262 intra
2531 5206 2793 5281 eamdem
2828 5204 3080 5275 speciem
3112 5219 3227 5258 non
3275 5201 3664 5281 substantiam

2022 5271 2183 5336 secat
2213 5271 2506 5344 alterutra,
2540 5278 2640 5333 sed
2676 5271 3061 5348 personarum
3105 5271 3484 5348 separationis
3514 5271 3667 5325 indi-

2023 5358 2182 5407 ctum
2214 5351 2439 5429 adjecto
2470 5344 2713 5429 numero
2742 5350 3226 5429 tantumprzestat
3247 5361 3260 5412 ;
3282 5344 3664 5429 defui-urnam

2023 5429 2142 5480 tem
2175 5428 2232 5478 et
2259 5414 2547 5477 sinistrum
2579 5426 2636 5476 et
2666 5414 3010 5490 hujusmodi
3044 5434 3145 5490 nec
3184 5419 3366 5490 secant
3410 5414 3663 5490 su_b_st_an-

2023 5495 2163 5551 tiam
2201 5510 2299 5550 nec
2344 5510 2600 5565 personas
2638 5486 2928 5563 definiunt.
2980 5488 3263 5565 Similiter
3307 5486 3399 5542 his
3457 5486 3665 5565 divinae

2026 5582 2285 5638 personas
2308 5561 2526 5622 habent
2544 5561 2824 5636 quaedam
2844 5564 3235 5638 proprietates,
3255 5573 3379 5632 quae
3402 5561 3665 5638 neutrum

2024 5626 2294 5709 ofﬁciunt,
2327 5626 2623 5709 quaedam
2643 5651 2779 5693 vero
2982 5626 3423 5700 alterum,‘quas
3471 5626 3661 5709 solum

2025 5705 2138 5782 tres
2169 5716 2309 5767 sunt
2341 5705 2743 5782 Epaternitas,
2793 5705 3219 5782 ﬁliatio_atque
3267 5705 3576 5774 processio.
3634 5718 3663 5746 ››

2027 5781 2311 5843 Caeterum
2334 5776 2425 5840 cf:
2442 5785 2551 5838 art.
2587 5780 2832 5853 praeced.
2862 5781 2918 5835 et
2946 5776 2977 5849 §
3006 5776 3093 5832 l3.
