4090 6228
314 428 435 488 517
1037 428 1138 487 DE
1182 426 1245 488 S.
1293 429 1494 489 SPIR.
1543 428 2071 489 MYSTAGOGIA.
2120 461 2177 473 —
2237 431 2984 499 ANIMADVERSIONES
3602 447 3718 508 518

318 557 546 632 cyclum
576 557 917 631 auspicatur
943 558 1211 629 Photius,
1230 559 1291 615 in
1320 576 1433 632 quo
1466 560 1635 632 plura
1647 560 1774 632 jam
1805 560 1960 617 dicta
1987 559 2043 627 Α
2072 560 2182 617 erit
2200 561 2290 617 vel
2311 562 2556 620 similior
2576 563 2664 621 vel
2687 564 3033 625 dissimilior
3051 587 3157 629 avo
3179 576 3505 632 secundum
3526 591 3719 634 essen-

322 647 453 703 aliis
482 646 674 705 verbis
705 647 914 720 repetit
941 664 1208 721 novaque
1236 650 1311 706 iis
1345 650 1629 720 adjungit.
1663 649 1797 713 Qua;
1837 666 1964 722 cap.

320 738 384 792 31
421 736 674 806 disserit,
708 738 899 809 reipsa
938 753 1074 795 cum
1105 740 1178 796 iis
1223 739 1575 796 conveniunt
1623 754 1750 811 quea
1780 756 1906 810 cap.
1932 738 1966 790 7

322 828 652 900 disputaret
670 827 770 899 (cf.
792 829 892 901 §4)
908 832 984 885 Su
993 829 1337 901 pponituret
1359 829 1452 886 hic
1475 828 1689 901 duplex
1707 822 1963 903 προϐολὴ

323 924 388 975 ut
416 935 449 975 a
496 918 716 975 Latinis
764 924 1153 992 propugnata,
1195 920 1552 993 supponitur
1597 920 1667 976 ab
1719 927 1969 992 utroque

318 1008 577 1080 spirante
598 1007 891 1081 peculiare
911 1010 1051 1081 quid
1074 1010 1321 1068 conferri
1339 1026 1408 1066 ex
1428 1025 1631 1065 eorum
1654 1010 1965 1077 sententia,

319 1114 388 1153 ex
421 1106 580 1170 parte
610 1100 860 1165 Patrem,
890 1114 959 1156 ex
978 1104 1139 1170 parte
1163 1099 1373 1155 Filium
1400 1099 1636 1170 spirare.
1668 1099 1773 1155 Sed
1794 1120 1823 1149 «
1850 1114 1965 1154 non

317 1204 388 1244 ex
418 1192 601 1260 patre,
629 1212 650 1242 ι
677 1189 759 1245 ait
784 1189 945 1260 Hugo
968 1190 1318 1246 Etherianus
1350 1190 1412 1260 (l.
1445 1208 1510 1256 ιι,
1541 1206 1589 1245 c.
1616 1193 1670 1257 2,
1701 1207 1753 1260 p.
1785 1190 1964 1263 t260),

321 1297 349 1325 ‹‹
382 1276 552 1333 Pater
574 1281 631 1333 et
678 1278 864 1335 Filius
917 1278 1347 1350 Spiritum,sed
1390 1294 1463 1336 ex
1507 1283 1616 1336 toto
1658 1282 1967 1351 aper/eote

317 1369 549 1437 uterque
564 1365 779 1436 pariter
808 1367 1048 1437 emittit;
1073 1367 1234 1424 solus
1256 1368 1413 1425 enim
1437 1368 1621 1424 Filius
1638 1367 1867 1424 exsistit
1896 1369 1968 1425 de

320 1456 492 1513 Patre
523 1458 747 1529 absque
814 1458 1024 1527 medio,
1089 1458 1335 1530 ideoque
1384 1458 1634 1531 perfecte
1681 1457 1966 1531 Spiritum

319 1545 540 1602 emittit
559 1545 712 1603 sicut
733 1546 965 1604 Pater.»
991 1545 1259 1620 Reliqua,
1284 1547 1687 1620 qunuotanda
1706 1548 1965 1617 veniunt,

312 1634 436 1705 jam
474 1637 504 1704 §
531 1635 565 1689 4
593 1634 744 1693 dicta
775 1640 933 1693 sunt.

348 1770 355 1776 .
390 1724 478 1779 15.
503 1725 667 1791 Quod
684 1724 759 1781 ad
778 1725 925 1781 illud
947 1730 1194 1798 spectat,
1217 1726 1487 1799 pluribus
1504 1724 1963 1799 proprietatibus

315 1813 547 1870 aPatre
594 1815 944 1871 distinctum
995 1817 1116 1872 fore
1157 1816 1437 1887 Spiritum
1493 1832 1672 1887 quam
1722 1815 1958 1884 Filium,

2080 648 2218 705 tiam
2242 667 2417 721 quam
2441 650 2616 708 filius.
2636 652 2784 726 [299]
2812 657 2973 721 Quod
2996 659 3045 714 si
3074 660 3132 715 in
3156 662 3328 718 rebus
3351 663 3621 720 humanis
3640 665 3721 722 ita

2080 738 2388 813 contingit,
2412 740 2595 797 multo
2620 744 2804 815 magis
2838 745 2895 801 in
2918 746 3133 805 divinis
3164 752 3446 822 personis,
3472 753 3570 809 ubi
3602 770 3722 809 una

2078 829 2356 884 asseritur
2388 834 2613 899 natura,
2648 848 2714 889 ac
2739 842 2944 905 praeter
2985 836 3189 910 solam,
3223 857 3352 913 qum
3392 844 3719 899 secundum

2079 933 2313 976 causam
2344 925 2402 977 et
2437 922 2666 979 oausale
2704 929 2811 992 est,
2844 925 3229 986 differentiam
3271 932 3431 988 nulla
3460 932 3574 989 alia
3601 932 3719 989 dis-

2078 1010 2254 1064 cretio
2285 1014 2394 1067 est.
2428 1030 2456 1061 »
2490 1011 2607 1068 Hoc
2646 1013 2859 1070 Calecae
2899 1032 3180 1089 responso
3217 1025 3418 1077 contra
3457 1024 3719 1079 eamdem

2078 1095 2481 1156 difﬁcultatem
2530 1101 2715 1158 utitur
2760 1102 2977 1161 Natalis
3027 1107 3353 1166 Alexander
3398 1110 3460 1183 (l.
3502 1129 3551 1169 c.
3586 1129 3718 1184 pag.

2075 1188 2202 1256 529,
2231 1190 2378 1261 530).

2147 1280 2237 1336 16.
2296 1282 2458 1347 Quod
2508 1282 2754 1340 Photius
2783 1284 2934 1358 (cap.
2980 1289 3070 1360 33)
3102 1295 3287 1362 urget,
3319 1292 3595 1364 Spiritum
3646 1296 3718 1351 ad

2078 1366 2242 1441 plura
2274 1372 2474 1454 referri
2503 1373 2791 1446 principia
2821 1375 3162 1448 differentia,
3186 1379 3243 1435 id
3274 1380 3394 1452 jam
3424 1384 3563 1440 satis
3583 1384 3716 1454 (art.

2076 1452 2322 1537 praeced.
2373 1453 2406 1523 §
2453 1454 2509 1525 li)
2558 1454 2892 1513 discussum
2948 1458 3049 1514 fuit
3083 1478 3099 1529 ;
3131 1476 3318 1533 neque
3373 1463 3487 1520 dici
3535 1452 3721 1537 potest

2074 1534 2401 1614 πολύαρχῠν
2427 1540 2607 1616 ἀρχὴν
2629 1545 2882 1614 admitti,
2917 1547 3017 1602 ubi
3049 1564 3163 1604 non
3198 1551 3311 1606 nisi
3343 1534 3718 1625 unum—prin-

2074 1627 2287 1700 cipium
2320 1636 2582 1702 apparet.
2616 1631 2826 1691 Dicant
2865 1640 3136 1707 praeterea
3182 1637 3470 1709 Photiani,
3503 1659 3576 1697 an
3606 1647 3722 1700 tres

2074 1734 2335 1790 personat
2356 1718 2417 1776 in
2440 1723 2851 1781 communibus
2873 1726 2945 1781 ad
2968 1730 3131 1783 extra
3153 1729 3581 1800 operationibus
3604 1731 3723 1787 sint

2071 1804 2390 1883 πολύαρχος
2438 1807 2611 1884 ἀρχή.
2651 1813 2709 1869 Si
2762 1814 3132 1885 affirmarint,
3174 1818 3617 1878 Muhamedanis
3664 1826 3723 1879 et

310 1903 575 1975 adeoque
606 1907 665 1959 et
692 1922 725 1961 α
755 1908 926 1962 patre
946 1879 1316 1962 ιιθωοιίοί-οω
1335 1879 1711 1977 cogita-udum
1750 1879 1959 1961 essein
1990 1879 2036 1944 Β
2067 1879 2406 1969 gentilibus,
2460 1879 2643 1958 victas
2695 1904 2918 1960 dabunt
2968 1879 3174 1964 manus
3216 1926 3229 1976 ;
3265 1910 3315 1964 si
3364 1911 3720 1981 negaverint,

309 1994 759 2067 Lat.systemate
788 1996 940 2069 (cap.
972 1996 1085 2068 3'2).
1119 1996 1178 2052 id
1206 1996 1421 2053 falsum
1453 2011 1582 2054 esse
1614 2013 1729 2053 non
1762 1996 1961 2053 minus

309 2084 585 2155 superius
614 2085 772 2142 dicta
830 2087 1205 2143 convincunt.
1237 2086 1374 2143 Sola
1403 2085 1559 2143 enim
1589 2086 1960 2158 processioue

309 2190 418 2229 seu
448 2174 767 2246 spiratione
785 2176 1015 2247 passiva
1044 2176 1423 2248 distinguitur
1447 2176 1700 2249 Spiritus
1729 2193 1764 2232 a
1791 2176 1960 2232 Patre

314 2268 373 2319 et
402 2264 588 2330 Filio;
622 2281 727 2321 nec
757 2270 1012 2337 paterna
1036 2265 1375 2323 substantias
1404 2265 1584 2321 Filius
1617 2266 1850 2337 prOpior
1871 2270 1962 2322 est

315 2370 498 2426 quam
530 2353 782 2425 Spiritus
806 2372 820 2423 ;
843 2356 1187 2429 quiareipsa
1213 2362 1454 2429 uterque
1475 2361 1563 2412 est
1583 2356 1731 2428 [298]
1754 2357 1962 2412 imme-

315 2444 476 2499 diate
504 2460 537 2499 a
566 2443 733 2502 Patre
757 2450 814 2502 et
830 2448 901 2502 ab
933 2462 999 2502 eo
1030 2451 1214 2503 totam
1238 2447 1563 2503 divinitatis
1590 2446 1801 2517 accipit
1832 2446 1962 2518 ple-

315 2532 798 2592 nitudinem.Nec
826 2536 1022 2593 obstat
1045 2538 1200 2608 quod
1224 2539 1423 2593 Patres
1450 2538 1654 2593 dicunt
1675 2536 1961 2609 Spiritum

318 2622 576 2679 mediate
604 2639 729 2681 esse
774 2642 806 2680 a
836 2626 1024 2695 Patre,
1074 2626 1413 2683 immediate
1445 2643 1478 2683 a
1511 2625 1688 2693 Filio;
1749 2642 1862 2698 quo
1902 2626 1958 2682 id

310 2727 497 2767 sensu
528 2712 775 2779 dicatur,
804 2715 947 2771 satis
976 2715 1163 2787 (artic.
1197 2716 1445 2789 prceced.
1474 2714 1592 2787 §i7
1617 2714 1962 2787 seq.)decla-

308 2803 510 2853 ratum
544 2798 673 2854 fuit.
703 2798 987 2856 Audiatur
1015 2815 1173 2856 nunc
1201 2805 1261 2856 et
1289 2799 1522 2861 Manuel
1555 2805 1811 2877 Calecas,
1860 2803 1963 2878 qui

304 2885 376 2957 (ι.
414 2903 503 2957 ιιι,
536 2904 591 2958 p.
625 2888 749 2957 438,
765 2889 984 2950 ed.cit.)
1017 2888 1128 2946 hoc
1148 2895 1315 2960 pacto
1346 2891 1660 2963 objectioni
1687 2893 1959 2964 occurrit;

305 3000 332 3025 α
363 2979 433 3032 At
468 2978 583 3033 ista
608 2978 792 3035 sacris
822 2979 1154 3036 doctoribus
1185 2980 1380 3052 potius
1427 2983 1772 3053 imputanda
1802 2988 1958 3048 sunt,

303 3068 602 3140 siquidem
634 3068 893 3126 absurda
920 3068 1247 3126 videantur.
1277 3071 1393 3141 Ipsi
1436 3074 1647 3143 quippe
1668 3077 1827 3142 sunt,
1862 3073 1962 3144 qui

304 3156 594 3227 Spiritum
610 3174 645 3213 a
661 3158 830 3215 Patre
842 3159 1070 3214 tertium
1087 3160 1316 3231 docent,
1335 3166 1573 3233 sumpta
1585 3162 1713 3220 scil.
1740 3163 1810 3220 ab
1835 3164 1959 3235 ipso

304 3245 561 3302 Domino
573 3247 878 3304 occasione
891 3247 948 3303 in
962 3248 1235 3305 salutaris
1250 3252 1560 3308 traditione
1571 3253 1958 3325 baptismatis.

306 3351 374 3390 ac
392 3350 500 3408 per
523 3335 737 3393 Filium
758 3338 1068 3409 procedere
1084 3338 1304 3408 dicunt,
1331 3357 1551 3414 perque
1586 3342 1778 3414 ipsum
1802 3344 1961 3400 Patri

307 3424 689 3496 conjungi....
716 3427 994 3484 Praeterea
1042 3428 1298 3500 Spiritus
1341 3440 1602 3502 sanctus,
1645 3433 1691 3488 si
1717 3451 1751 3490 a
1792 3434 1960 3492 Patre

308 3513 554 3585 quidem
571 3514 687 3571 alio
711 3532 1006 3588 processu,
1029 3535 1062 3574 a
1082 3518 1228 3575 Filio
1250 3524 1445 3577 autem
1470 3522 1585 3579 alio
1600 3524 1957 3595 procederet,

305 3607 587 3676 essetque
617 3620 921 3676 processus
968 3622 1040 3663 ex
1077 3609 1364 3667 ambobus
1421 3610 1651 3683 duplex,
1697 3614 1961 3670 fortassis

306 3693 557 3751 haberet
573 3694 882 3767 rationem,
898 3696 1135 3770 culpare
1150 3699 1530 3757 differentiam
1548 3717 1957 3773 processuum;

302 3786 470 3857 quod
493 3784 673 3842 etiam
706 3786 1032 3845 difi‘ereuter
1061 3807 1094 3846 a
1124 3790 1292 3848 Patre
1322 3802 1375 3848 et
1402 3793 1542 3849 Filio
1564 3794 1809 3853 distaret
1831 3797 1962 3868 Spi-

301 3875 483 3947 ritus,
516 3892 585 3933 ac
625 3881 932 3949 propterea
988 3881 1205 3952 gradus
1235 3881 1295 3938 in
1352 3884 1617 3954 personis
1674 3886 1961 3958 quosdam

306 3967 595 4039 cogitare.
628 3966 731 4022 Sin
755 3983 886 4023 vero
916 3982 1069 4026 unus
1126 3971 1401 4045 idemque
1431 3973 1545 4030 sibi
1592 3973 1666 4031 ab
1718 3980 1963 4046 utroque

302 4071 623 4126 processus
645 4060 754 4125 est,
805 4056 1081 4115 similiter
1130 4061 1305 4118 etiam
1330 4064 1401 4119 ad
1461 4066 1781 4137 utrumque
1811 4066 1963 4121 refe-

306 4149 568 4203 retur....
604 4147 1091 4210 Quemadmodun
1112 4150 1282 4208 Pater
1310 4168 1422 4209 non
1459 4154 1650 4226 magis
1671 4156 1965 4227 perfectus

311 4240 408 4291 est
439 4251 618 4307 quam
647 4236 852 4309 Filius,
877 4239 1032 4310 quod
1056 4238 1156 4295 ille
1178 4257 1372 4310 causa,
1395 4243 1509 4301 iste
1526 4244 1780 4301 causalis
1801 4244 1966 4317 (cau-

312 4328 503 4397 satus)
533 4326 630 4397 sit,
664 4342 854 4400 neque
882 4330 1011 4387 idco
1042 4330 1114 4387 ab
1144 4332 1243 4389 illo
1275 4333 1474 4404 distat,
1506 4334 1619 4392 etsi
1668 4339 1966 4396 secundus

312 4415 390 4472 ab
406 4432 475 4472 eo
488 4416 709 4473 ratione
720 4433 911 4475 causa:
924 4420 1165 4490 dicitur;
1181 4422 1453 4480 divinitas
1469 4424 1623 4481 enim
1637 4426 1698 4482 in
1721 4432 1967 4499 utroque

2071 1986 2255 2043 multo
2304 1989 2499 2046 minus
2528 1990 2586 2046 id
2618 1991 2678 2047 in
2718 1994 3088 2063 processioue
3134 1996 3383 2067 Spiritus
3435 1999 3623 2055 sancti
3652 2016 3721 2056 ex

2069 2076 2237 2132 Patre
2268 2080 2322 2133 et
2371 2078 2516 2135 Filio
2556 2096 2813 2138 asserere
2864 2087 3160 2155 poterunt.
3196 2086 3446 2142 Rursum
3496 2089 3565 2143 ad
3593 2090 3720 2159 jam

2070 2165 2220 2223 dicta
2268 2167 2625 2237 reducimur,
2675 2170 2816 2227 dum
2876 2189 3129 2244 sequens
3188 2175 3375 2231 Photii
3421 2176 3719 2247 sophisma

2070 2253 2216 2326 (cap.
2248 2256 2339 2327 34)
2372 2259 2804 2329 perpendimus,
2835 2262 2935 2317 ubi
2984 2264 3176 2333 arguit
3206 2263 3488 2335 Spiritum
3517 2283 3550 2320 a
3580 2282 3717 2323 con-

2069 2343 2559 2402 substantialitate
2602 2363 2737 2405 cum
2774 2349 2943 2405 Patre
2984 2350 3234 2419 excludi,
3269 2368 3402 2409 cum
3451 2369 3717 2413 commu-

2069 2432 2164 2489 nio
2183 2433 2367 2489 Patris
2388 2438 2446 2490 et
2467 2436 2596 2491 Filii
2618 2438 2695 2493 sit
2716 2439 3038 2495 secundum
3060 2440 3478 2499 substantiam.
3495 2442 3713 2502 Verum

2070 2537 2208 2577 sane
2252 2530 2339 2579 est
2370 2523 2595 2581 Patrem
2645 2530 2703 2582 et
2732 2526 2941 2585 Filium
2990 2530 3461 2589 communionem
3505 2533 3716 2591 habere

2072 2613 2393 2669 secundum
2450 2614 2862 2687 substantiam,
2912 2619 3010 2675 sed
3062 2635 3131 2675 ex
3177 2621 3432 2691 probatis
3489 2639 3718 2696 quoque

2071 2702 2541 2760 communionem
2598 2705 2814 2764 habent
2860 2707 2921 2764 in
2970 2708 3250 2766 relatione
3312 2712 3383 2767 ad
3435 2712 3716 2783 Spiritum

2072 2794 2343 2848 sanctum
2366 2809 2494 2864 quas
2526 2794 2597 2849 ab
2628 2796 2904 2864 essentia,
2929 2797 3038 2853 etsi
3072 2815 3188 2855 non
3215 2800 3540 2855 secundum
3572 2817 3714 2868 rem,

2070 2881 2171 2937 sed
2206 2885 2522 2939 secundum
2555 2885 2840 2942 rationem
2873 2887 3277 2958 distinguitur.
3313 2889 3497 2946 Filius
3528 2889 3718 2947 exclu-

2070 2969 2291 3026 ditura
2320 2974 2687 3043 generatione
2734 2975 2922 3031 activa
2965 2977 3141 3034 etiam
3190 2980 3342 3049 apud
3394 2980 3617 3035 Graecos
3664 2985 3721 3036 et

2071 3064 2265 3118 tamen
2288 3061 2404 3116 κατ’
2436 3060 2619 3117 οὐσίαν
2644 3082 2775 3121 cum
2817 3070 2984 3121 Patre
3030 3069 3465 3136 communicat;
3515 3070 3716 3124 eadem

2073 3151 2294 3208 ratione
2339 3152 2665 3210 excluditur
2696 3154 2950 3225 Spiritus
2981 3156 3052 3212 ab
3096 3156 3285 3212 activa
3316 3157 3633 3227 spiratione
3662 3162 3719 3213 et

2074 3246 2266 3297 tamen
2290 3259 2323 3297 a
2346 3244 2759 3301 communione
2800 3246 3125 3303 secundum
3158 3246 3549 3303 substantiam
3582 3264 3715 3303 cum

2069 3333 2234 3388 Patre
2265 3338 2322 3389 et
2346 3333 2487 3390 Filio
2522 3352 2633 3391 non
2665 3341 2910 3392 arcetur.
2944 3337 3140 3409 Neque
3186 3338 3343 3393 enim
3374 3339 3520 3394 ratio
3553 3340 3715 3411 prin-

2069 3422 2209 3495 cipii
2247 3427 2304 3480 et
2351 3424 2685 3497 principiati
2733 3426 3041 3483 essentiam
3085 3427 3407 3494 constituit,
3442 3431 3506 3483 ut
3550 3428 3717 3485 toties

2066 3510 2428 3569 inculcatum
2488 3518 2594 3578 est.
2645 3530 2749 3572 nec
2808 3515 3094 3573 minorem
3125 3516 3449 3588 potentiam
3498 3516 3719 3574 faciunt

2068 3597 2369 3669 pauciores
2399 3598 2711 3657 relationes
2733 3601 2821 3658 vel
2844 3601 3109 3658 notiones
3140 3602 3359 3673 (cf.§5,
3396 3601 3513 3671 11.).
3546 3601 3715 3659 Joan.

2066 3688 2468 3761 Argyropulus
2489 3707 2622 3747 vero
2645 3706 2761 3747 non
2792 3692 3010 3749 absone
3036 3696 3198 3748 notat
3218 3692 3318 3763 (De
3343 3708 3493 3764 proc.
3517 3690 3716 3763 Spirit.

2069 3785 2242 3835 sanet.
2285 3794 2336 3833 c.
2367 3778 2402 3831 9
2424 3797 2439 3847 ς
2464 3778 2523 3833 G.
2557 3780 2620 3835 0.
2654 3780 2697 3850 Ι,
2731 3780 2833 3835 413
2864 3781 2881 3852 )
2914 3797 2949 3836 a
3000 3780 3165 3836 Patre
3211 3781 3599 3852 generativam
3632 3780 3721 3837 fa-

2072 3866 2352 3923 cultatem
2383 3866 2547 3935 Filio,
2580 3871 2973 3938 generativam
3004 3872 3063 3924 et
3092 3870 3500 3940 productivam
3530 3869 3724 3926 facul-

2071 3958 2252 4012 tatem
2284 3955 2525 4027 Spiritui
2554 3961 2756 4013 sancto
2788 3958 3209 4014 communicari
3230 3974 3339 4013 non
3375 3962 3431 4014 ut
3456 3953 3713 4030 δυνάμεις

2071 4062 2262 4104 verum
2292 4051 2352 4103 ut
2378 4044 2767 4117 τελειότητας;
2799 4049 2950 4104 unde
2982 4046 3192 4104 Filium
3225 4063 3341 4103 non
3373 4063 3544 4118 posse
3573 4047 3722 4104 alte-

2074 4155 2203 4197 rum
2237 4140 2443 4196 Filium
2476 4155 2751 4212 generare
2781 4156 2887 4196 nec
2917 4138 3200 4211 Spiritum
3233 4138 3415 4195 alium
3442 4138 3723 4209 Spiritum

2076 4230 2333 4287 emittere
2360 4230 2448 4286 vel
2473 4228 2728 4302 gignere.
2775 4229 2937 4284 Idem
2970 4228 3081 4285 sibi
3110 4228 3237 4285 vult
3267 4228 3430 4301 Hugo
3462 4227 3726 4284 Etheria-

2077 4336 2203 4391 nus,
2238 4321 2376 4377 dum
2436 4319 2635 4377 scribit
2684 4319 2749 4391 (l.
2797 4336 2838 4388 ι,
2871 4334 2922 4378 c.
2978 4320 3065 4387 15,
3097 4336 3154 4391 p.
3206 4320 3365 4391 1209)
3402 4336 3415 4376 :
3449 4342 3477 4371 «
3508 4320 3724 4376 Eadem

2073 4410 2321 4482 potentia
2351 4413 2439 4466 est
2474 4409 2533 4465 in
2564 4409 2752 4478 Patre,
2785 4409 2935 4482 [300]
2967 4410 3294 4466 secundum
3325 4426 3502 4482 quam
3536 4411 3727 4481 potest

312 4520 472 4562 una:
497 4506 582 4563 ita
601 4511 657 4563 et
697 4507 951 4579 Spiritus
971 4523 1233 4582 sanctus,
1256 4514 1549 4584 etsijuxta
1572 4516 1807 4572 unicum
1831 4498 1972 4573 sim-
2004 4522 2049 4587 1)
2080 4515 2365 4571 θεησνανθο
2396 4517 2526 4571 (tum
2569 4502 2658 4555 θεῖ
2685 4498 2745 4555 in
2777 4498 2940 4569 Filio:
2970 4500 3293 4557 secundum
3329 4516 3507 4571 quam
3539 4502 3729 4570 P°t39t

311 4595 655 4671 plicemque
701 4615 1044 4671 processum
1075 4618 1144 4659 ex
1177 4604 1337 4659 Patre
1369 4619 1471 4676 per
1519 4604 1729 4661 Filium
1779 4613 1887 4674 est,
1917 4610 1975 4663 et

311 4688 394 4743 ad
428 4689 663 4745 Patrem
695 4697 750 4745 et
781 4690 992 4747 Filium
1021 4691 1199 4748 veluti
1227 4693 1299 4748 ad
1331 4710 1518 4750 unum
1561 4696 1972 4767 productorem

313 4776 770 4852 spirantemque
799 4780 1067 4848 refertur,
1116 4798 1369 4853 quorum
1403 4787 1461 4840 et
1490 4784 1745 4856 Spiritus
1799 4791 1889 4843 est
1917 4790 1976 4843 et

310 4869 689 4939 spiraculum
737 4871 991 4941 dicitur;
1024 4889 1140 4929 non
1174 4878 1372 4931 tamen
1432 4876 1621 4933 minor
1664 4883 1753 4934 est
1806 4878 1972 4947 Filio,

310 4974 514 5030 neque
542 4962 716 5016 Patre
735 4960 926 5018 minor
947 4963 1077 5029 erit,
1122 4961 1258 5019 licet
1279 4981 1382 5036 per
1403 4965 1615 5022 Filium
1656 4968 1815 5023 Patri
1832 4984 1973 5023 con-

302 5049 634 5121 jungatur;
665 5050 922 5122 alioquin
946 5057 1004 5108 et
1029 5051 1212 5109 Filius
1237 5057 1367 5120 erit,
1387 5054 1688 5111 dissimilis
1709 5057 1886 5125 Patri,
1909 5073 1977 5113 eo

312 5139 480 5208 quod
513 5139 770 5196 causalis
801 5142 899 5212 sit,
931 5141 1041 5199 etsi
1068 5158 1185 5199 non
1208 5144 1288 5200 ita
1318 5143 1465 5200 sicut
1497 5144 1776 5217 Spiritus,
1810 5148 1978 5218 juxta

313 5231 525 5285 tamen
560 5230 956 5301 proportionis
986 5232 1363 5289 rationem...
1398 5234 1551 5291 Ordo
1582 5239 1777 5291 autem
1808 5239 1865 5290 et
1903 5236 1976 5292 ad

316 5316 555 5391 aliquid
589 5317 748 5393 (πρός
764 5340 819 5374 τι
850 5321 973 5379 sive
998 5322 1255 5396 relative)
1281 5324 1722 5396 quomodolibet
1740 5324 1976 5394 habere,

316 5415 675 5465 naturarum
707 5426 821 5467 non
852 5411 990 5469 facit
1037 5412 1444 5470 differentiam.
1490 5414 1637 5470 Nam
1681 5430 1736 5472 v.
1797 5431 1884 5486 gr.
1910 5431 1976 5472 eo

313 5500 481 5571 quod
506 5500 735 5558 amicus
765 5502 864 5573 sit,
893 5503 981 5560 vel
1010 5503 1239 5562 vicinus
1267 5504 1357 5563 vel
1397 5505 1697 5577 magister,
1729 5505 1878 5562 nihil
1917 5506 1980 5565 in

310 5604 381 5645 se
410 5590 615 5663 ipsum
645 5589 861 5648 alicubi
892 5593 1134 5667 accedit,
1165 5599 1232 5651 ut
1250 5600 1485 5669 propter
1506 5594 1772 5653 habitum
1796 5599 1980 5669 perfe-

304 5681 469 5738 ctior
498 5681 559 5738 in
590 5697 656 5739 se
684 5684 815 5755 ipso
834 5686 1160 5743 secundum
1192 5686 1513 5745 essentiam
1544 5684 1659 5757 sit;
1711 5703 1900 5760 neque
1927 5690 1980 5750 si

303 5772 622 5845 quispiam
637 5772 824 5833 ﬁlium
852 5791 918 5833 ac
939 5781 1209 5852 nepotem
1240 5777 1472 5848 habeat,
1494 5778 1703 5838 tertius
1726 5781 1981 5842 maxime

2081 4591 2357 4661 generari,
2379 4589 2646 4661 quamvis
2678 4588 2921 4645 diversis
2949 4589 3223 4661 effulgeat
3243 4586 3725 4661 proprietatibus,

2083 4678 2260 4735 veluti
2312 4695 2425 4734 una
2456 4678 2710 4749 potentia
2755 4682 2845 4735 est
2874 4677 3132 4735 hominis
3180 4676 3502 4749 disciplinae
3534 4693 3729 4749 perce-

2084 4767 2286 4840 ptibile
2308 4789 2337 4816 »
2358 4774 2465 4824 etc.
2483 4766 2613 4822 Haec
2634 4782 2769 4823 cum
2792 4766 2863 4822 iis
2886 4767 3304 4833 connectenda,
3323 4782 3451 4837 quas
3473 4766 3729 4824 Thomas

2086 4858 2348 4928 disputat
2380 4860 2431 4925 1,
2463 4873 2520 4928 q.
2554 4858 2642 4925 42,
2676 4875 2730 4913 a.
2761 4857 2797 4910 6
2826 4856 2895 4913 ad
2930 4861 2954 4911 1
2990 4861 3046 4913 et
3075 4857 3146 4913 ad
3178 4856 3231 4911 3.
3269 4857 3382 4912 Hoc
3426 4856 3728 4929 posteriori

2086 4949 2209 5005 loco
2232 4947 2353 5003 haec
2382 4946 2598 5004 habet:
2631 4970 2659 4997 «
2690 4946 2850 5003 Sicut
2875 4947 3077 5003 eadem
3100 4946 3377 5015 essentia,
3400 4963 3528 5019 quae
3560 4950 3649 5002 est
3669 4946 3727 5002 in

2088 5037 2252 5093 Patre
2290 5036 2628 5108 paternitas,
2662 5036 2722 5091 in
2754 5034 2895 5091 Filio
2929 5044 3015 5092 est
3046 5036 3270 5105 filiatio,
3302 5036 3385 5092 ita
3413 5036 3611 5091 eadem
3643 5038 3734 5091 est

2083 5128 2350 5201 potentia,
2369 5145 2486 5199 qua
2503 5126 2670 5181 Pater
2688 5132 2927 5198 generat
2943 5130 2999 5182 et
3016 5126 3198 5182 Filius
3216 5130 3547 5198 generatur.
3569 5122 3734 5181 Unde

2088 5219 2462 5275 manifestum
2489 5224 2593 5284 est,
2619 5217 2773 5288 quod
2805 5215 3092 5288 quidquid
3116 5219 3304 5285 potest
3324 5215 3511 5283 Pater,
3545 5217 3736 5286 potest

2088 5306 2267 5363 Filius
2299 5325 2313 5375 ;
2346 5314 2677 5363 nontamen
2709 5307 2992 5377 sequitur,
3024 5304 3178 5377 quod
3212 5303 3398 5376 possit
3424 5319 3730 5375 generare;

2090 5399 2191 5458 sed
2227 5400 2485 5453 mutatur
2514 5396 2654 5469 quid
2685 5396 2744 5451 in
2777 5396 2849 5452 ad
2882 5394 3103 5467 aliquid
3130 5410 3145 5461 ;
3168 5410 3303 5450 nam
3332 5393 3627 5465 generatio
3659 5392 3737 5447 si-

2089 5488 2329 5561 gnificat
2375 5485 2718 5543 relationem
2762 5486 2823 5541 in
2872 5484 3107 5541 divinis.
3143 5483 3330 5540 Ilabet
3372 5499 3508 5554 ergo
3555 5480 3735 5537 Filius

2089 5579 2336 5636 eamdem
2379 5577 2700 5650 potentiam,
2732 5590 2906 5648 quam
2949 5574 3140 5642 Pater,
3170 5573 3265 5629 sed
3304 5588 3428 5629 cum
3453 5571 3569 5627 alia
3591 5570 3737 5626 rela-

2089 5668 2259 5741 tione,
2292 5667 2432 5741 quia
2460 5667 2629 5726 Pater
2676 5665 2852 5723 habet
2881 5680 3011 5722 eam
3042 5666 3110 5720 ut
3138 5662 3300 5729 dam,
3331 5668 3385 5716 et
3412 5659 3523 5716 hoc
3553 5657 3737 5729 signi-

2092 5760 2324 5830 ﬁcatur,
2356 5773 2493 5816 cum
2525 5758 2761 5828 dicitur,
2794 5758 2951 5831 quod
2982 5756 3171 5828 potest
3200 5764 3477 5825 generare
3508 5773 3523 5818 ;
3556 5746 3738 5804 Filius
