4090 6228
394 422 512 482 519

1594 411 1859 473 ΡΗΟΤῙΙ
1906 411 2140 473 PATBI
2154 411 2433 473 ARCHIE
2474 414 2597 473 ΟΡ.

3678 419 3801 478 520

387 565 581 614 autem
613 556 787 611 habet
818 569 945 609 eam
979 555 1045 608 ut
1071 549 1350 621 accipiens
1373 566 1394 611 ;
1424 549 1480 603 et
1509 546 1619 602 hoc
1650 544 2035 618 significatur,
2071 546 2121 612 Α
2152 547 2349 601 dimus
2381 569 2396 613 ;
2427 544 2482 601 id
2516 547 2575 600 et
2600 543 2909 600 conﬁrmat
2938 542 3165 616 Georgii
3189 545 3567 617 Trapezuntii
3593 548 3803 619 dispu-

392 664 521 703 cum
562 645 795 711 dicitur,
822 642 978 714 quod
1020 644 1212 712 potest
1258 636 1544 708 generari.
1578 658 1607 685 »
1639 636 1772 691 Hac
1817 640 1875 691 et
1904 635 2033 693 aliis

392 730 758 788 illustrandis
786 727 975 783 Photii
1008 723 1370 797 argumentis
1411 725 1673 793 prosunt.
1712 722 1951 777 Demum
1982 725 2039 777 et

392 822 505 877 alia
524 821 750 876 ratione
771 816 1023 873 ostendit
1047 815 1206 872 card.
1236 812 1540 869 Bessarion
1563 811 1754 882 (epist.
1779 812 1850 866 ad
1873 810 2034 868 Alex.

398 913 561 966 Lasc.
596 925 645 964 ο.
677 910 711 961 7
744 928 758 976 ;
792 906 965 961 Hard.
1019 904 1108 972 IX,
1143 904 1305 973 1063)
1340 900 1566 957 nullam
1623 900 1787 973 sequi
1846 901 2036 971 quoad

390 1006 658 1055 naturam
692 993 1156 1060 inferioritatem,
1191 991 1346 1062 quod
1379 989 1617 1060 Spiritui
1650 989 1797 1044 ratio
1829 989 2040 1060 princi-

390 1088 468 1158 pii
500 1089 819 1158 denegatur
843 1102 855 1138 :
883 1106 910 1133 ‹‹
937 1083 1098 1147 Quod
1121 1081 1171 1136 si
1197 1082 1329 1152 quis
1363 1096 1586 1143 rursus,
1612 1078 1826 1149 inquit,
1850 1079 2038 1134 dicat:

396 1177 576 1248 Igitur
606 1175 797 1230 minor
826 1177 915 1229 est
952 1172 1203 1243 Spiritus
1234 1174 1475 1225 sanctus
1506 1174 1564 1224 et
1592 1168 1759 1223 Patre
1791 1176 1846 1223 et
1874 1166 2038 1234 Filio,

390 1270 441 1325 si
473 1269 709 1340 quidem
741 1268 908 1322 Pater
929 1268 1169 1336 generat
1199 1262 1431 1327 Filium,
1460 1261 1644 1316 Filius
1675 1268 1729 1316 et
1754 1260 1878 1331 ipse
1903 1275 2039 1315 cum

395 1360 558 1414 Patre
608 1357 784 1429 spirat
833 1354 1137 1425 Spiritum,
1180 1351 1433 1421 Spiritus
1488 1367 1621 1405 vero
1673 1366 1776 1405 nec
1827 1349 2040 1405 Filium

397 1451 636 1520 generat
676 1460 780 1501 nec
812 1461 873 1500 se
904 1443 1094 1514 ipsum
1135 1457 1241 1497 nec
1272 1440 1454 1496 alium
1484 1440 1770 1511 Spiritum
1811 1439 1995 1511 spirat
2025 1454 2039 1494 :

392 1553 544 1592 vana
573 1534 716 1589 ratio
745 1535 873 1603 ejus
904 1536 994 1587 est
1030 1534 1088 1586 et
1116 1533 1320 1585 contra
1350 1528 1630 1598 seipsum,
1666 1526 1764 1597 qui
1793 1526 1916 1582 haec
1946 1525 2045 1580 di-

386 1627 485 1693 cit,
519 1622 833 1680 concludit.
858 1622 918 1676 Si
949 1621 1103 1677 enim
1138 1620 1360 1675 nullius
1394 1635 1652 1689 personae
1686 1616 2040 1688 principium

387 1731 515 1769 esse
536 1710 994 1783 imperfectionis
1023 1713 1079 1764 et
1103 1708 1535 1764 imminutionis
1558 1707 1790 1779 signum
1819 1706 1877 1760 in
1908 1706 2035 1761 Tri-

2146 636 2290 692 tatio
2322 634 2417 706 (De
2442 650 2594 705 proc.
2629 633 2821 705 Spirit.
2846 649 2996 690 sane.
3030 650 3082 689 c.
3115 635 3213 701 27;
3245 638 3311 691 G.
3345 635 3406 690 0.
3440 637 3483 703 Ι,
3506 637 3613 691 327
3636 637 3795 709 seq.)

2147 728 2348 780 notatu
2381 722 2553 794 plane
2590 722 2789 793 digna.
2824 743 2853 773 «
2886 722 3137 778 Generat
3176 721 3389 779 Filium
3418 726 3592 781 Pater
3635 742 3793 793 vere,

2145 821 2199 869 et
2246 829 2377 869 cum
2433 815 2671 886 generat
2717 812 2947 867 exhibet
3000 812 3111 883 ipsi
3170 828 3536 886 quaecunque
3596 815 3795 886 habet,

2149 906 2354 974 praeter
2400 918 2468 957 ea
2516 917 2642 971 quae
2699 900 3103 956 confusionem
3158 901 3417 957 inferunt
3474 900 3645 975 (πλὴν
3695 904 3800 972 τήν

2148 991 2434 1065 σύγχυσιν)
2465 996 2523 1046 et
2541 1007 2668 1060 quae
2690 995 2824 1045 ante
2853 995 2911 1044 et
2935 993 3069 1059 post
3092 990 3433 1062 hypostasin
3456 991 3800 1066 intelligun-

2150 1090 2240 1136 tur
2305 1079 2394 1151 (τὰ
2455 1075 2914 1152 προθεωρούμινα
2978 1080 3077 1141 τῆς
3150 1077 3496 1140 ὑποστάσεως
3559 1081 3649 1135 καὶ
3730 1082 3802 1137 τὰ

2148 1168 2609 1241 ἐπιθεωρούμενοι)
2670 1172 2729 1222 et
2775 1166 2986 1223 rationi
3035 1166 3363 1238 hypostasis
3413 1171 3801 1228 adversantur

2150 1256 2381 1329 (ἐναντία
2457 1260 2536 1327 τῷ
2584 1252 2740 1331 λόγῳ
2796 1261 2895 1323 τῆς
2962 1254 3355 1330 ὑποστάσεως).
3423 1261 3803 1332 Quaecunque

2149 1365 2284 1405 vero
2317 1349 2473 1419 (cum
2499 1346 2824 1419 hypostasi)
2847 1344 3257 1417 intelliguntur
3288 1363 3391 1403 nec
3425 1347 3804 1419 [3021adver-

2152 1442 2375 1506 santur,
2402 1453 2519 1493 non
2535 1440 2763 1492 tantum
2787 1439 3188 1492 extraomnem
3209 1438 3615 1494 confusionem
3636 1443 3804 1506 sunt,

2153 1530 2251 1584 sed
2286 1534 2342 1584 et
2370 1527 2636 1584 ordinem
2668 1524 3054 1580 constituunt.
3082 1524 3229 1581 Cum
3251 1526 3432 1597 igitur
3461 1528 3660 1583 divina
3692 1546 3803 1585 na-

2153 1624 2284 1675 tura
2322 1616 2500 1674 semel
2530 1616 2593 1670 τὸ
2633 1612 2868 1688 ἄναρχον
2902 1615 3164 1671 habuerit
3196 1617 3256 1671 in
3309 1616 3493 1674 Patris
3525 1635 3802 1691 persona,

2144 1710 2268 1767 fieri
2320 1725 2437 1765 non
2479 1709 2687 1779 potuit,
2741 1715 2798 1762 ut
2860 1705 3005 1762 illud
3057 1707 3201 1763 Filio
3243 1710 3798 1767 communicaretur.

389 1804 568 1858 nitate
598 1800 920 1872 putandum
950 1803 1124 1865 esset,
1156 1799 1477 1867 pauciorum
1509 1812 1737 1867 quoque
1764 1810 2036 1865 persona-
2072 1861 2110 1872 __
2146 1798 2623 1869 Prmintelligitur
2649 1797 2807 1852 enim
2838 1797 3289 1868 adversaturque
3340 1800 3551 1855 rationi
3589 1799 3800 1859 Filii...

390 1909 517 1950 rum
547 1907 770 1947 causam
789 1906 899 1945 esse
918 1886 1371 1959 imperfectionis
1395 1889 1586 1953 esset;
1619 1883 1801 1939 Filius
1834 1882 2034 1954 igitur,
2069 1861 2115 1928 Β
2144 1892 2343 1961 Neque
2362 1887 2533 1943 etiam
2565 1886 2687 1941 ﬁeri
2719 1890 2926 1955 potest,
2952 1889 3016 1940 ut
3046 1888 3159 1941 vim
3185 1888 3493 1955 ρεηρναηάί
3528 1905 3793 1948 οοηιωυ.

394 1998 527 2037 cum
577 1980 752 2035 unius
796 1993 1059 2048 personae
1109 1976 1407 2039 duntaxat,
1452 1972 1708 2043 Spiritus
1744 1971 2035 2043 videlicet,

391 2070 746 2145 principium
770 2069 865 2137 sit,
892 2068 1084 2123 minor
1139 2072 1293 2122 esset
1313 2066 1421 2120 hac
1444 2064 1663 2119 ratione
1711 2064 1895 2130 Patre,
1936 2062 2036 2134 qui

392 2161 696 2217 ambarum
744 2173 1125 2231 personarum
1173 2158 1263 2211 est
1294 2153 1672 2227 principium.
1706 2153 1779 2208 At
1811 2152 1917 2207 hoc
1947 2152 2041 2207 in-

390 2248 743 2306 conveniens
769 2251 858 2303 est
888 2246 1080 2302 solum
1111 2244 1383 2314 cogitare.
1417 2242 1601 2314 Igitur
1630 2240 1778 2296 illud
1809 2256 2043 2311 quoque

390 2339 663 2395 similiter
684 2336 1009 2393 absurdum
1033 2339 1139 2390 est.
1175 2332 1537 2402 Principium
1559 2330 1741 2395 enim,
1764 2337 1935 2401 prout
1954 2334 2045 2384 est

399 2428 549 2484 actui
580 2427 979 2497 conjunctum,
1012 2424 1101 2478 vel
1131 2438 1168 2477 a
1196 2420 1477 2493 principio
1499 2435 1629 2488 esse,
1662 2434 1794 2473 cum
1824 2418 1894 2472 de
1922 2434 2045 2488 per-

396 2515 694 2573 sonalibus
743 2512 1195 2586 proprietatibus
1245 2510 1342 2575 sit,
1377 2524 1563 2579 neque
1615 2507 1806 2576 majus
1855 2521 2045 2577 neque

397 2605 595 2660 minus
626 2604 882 2659 alterum
912 2602 1093 2656 altero
1120 2598 1209 2657 vel
1242 2613 1367 2653 esse
1399 2596 1486 2652 vel
1513 2595 1627 2651 dici
1657 2596 1811 2651 facit.
1837 2618 1865 2645 »

466 2703 615 2775 [301]
648 2703 735 2756 17.
767 2700 923 2755 Novo
948 2696 1280 2754 dilemmate
1303 2695 1488 2751 utitur
1517 2693 1759 2750 Photius
1790 2710 1915 2765 cap.
1936 2694 2044 2749 35:

401 2815 426 2846 α
459 2791 759 2847 Processio
805 2788 1060 2860 Spiritus
1092 2786 1277 2843 sancti
1326 2803 1394 2841 ex
1427 2785 1571 2840 Filio
1599 2792 1697 2839 aut
1727 2788 1816 2839 est
1844 2784 2046 2839 eadem

399 2899 532 2939 cum
567 2878 935 2952 processione
982 2893 1049 2932 ex
1082 2878 1267 2943 Patre,
1302 2878 1403 2929 aut
1434 2874 1660 2930 diversa
1702 2872 1786 2929 vel
1818 2880 2046 2928 contra-

400 2974 502 3028 ria.
536 2972 593 3028 Si
627 2970 811 3042 prius,
836 2966 1344 3023 communicantur
1369 2964 1651 3020 idiomata
1673 2968 1729 3019 et
1749 2964 2050 3019 characte-

2147 1980 2323 2046 nicet,
2347 1993 2439 2042 ne,
2462 1980 2527 2030 ut
2564 1974 2744 2030 tradit
2769 1973 3103 2041 Basilius,in
3138 1975 3581 2033 multitudinem
3620 1978 3807 2036 innu-

2150 2083 2371 2124 meram
2411 2080 2748 2121 excrescens
2766 2063 3022 2119 Trinitas
3052 2063 3205 2120 tilios
3232 2081 3301 2120 ex
3320 2065 3456 2121 filiis
3480 2075 3805 2132 generaret.

2152 2157 2404 2227 Hujusce
2440 2162 2710 2225 praeterea
2753 2154 2941 2223 causa:
2960 2159 3067 2221 est,
3091 2155 3245 2224 quod
3269 2157 3565 2227 generatio
3588 2175 3811 2215 secun-

2151 2249 2289 2302 dum
2324 2244 2677 2318 principium
2709 2251 2761 2298 et
2811 2242 2985 2298 ﬁnem
3018 2242 3114 2313 (cf.
3179 2251 3285 2300 art.
3339 2246 3394 2313 3,
3437 2247 3465 2314 §
3498 2247 3564 2301 13
3604 2251 3807 2307 eumd.

2152 2336 2418 2405 Trapez.)
2448 2333 2723 2388 sumitur.
2758 2331 2951 2386 Finem
2978 2346 3140 2400 voco,
3173 2332 3231 2387 in
3265 2348 3438 2404 quem
3475 2338 3801 2407 progressio

2154 2424 2210 2494 (ἡ
2251 2417 2511 2496 πρόοδος)
2542 2421 2673 2477 finit
2703 2420 2810 2488 (se.
2842 2420 3209 2489 terminum),
3243 2420 3617 2492 principium,
3646 2427 3805 2482 unde

2153 2512 2380 2585 incipit,
2413 2528 2529 2567 non
2547 2510 2847 2579 interjecto
2871 2512 3153 2581 tempore,
3175 2512 3274 2567 sed
3306 2511 3661 2584 cogitatione
3681 2516 3809 2572 sola

2155 2603 2341 2674 ipsius
2390 2600 2833 2673 progressionis,
2867 2615 2992 2669 quae
3020 2599 3079 2652 in
3129 2606 3438 2671 generante
3471 2606 3536 2657 ut
3580 2604 3803 2675 princi-

2156 2694 2316 2766 pium
2378 2689 2546 2765 (ἀρχὴ
2603 2692 2710 2757 est,
2743 2693 2805 2749 ut
2861 2688 2993 2745 finis
3050 2685 3236 2760 πέρας)
3289 2707 3421 2747 vero
3484 2691 3549 2747 in
3580 2698 3803 2766 genito.

2157 2786 2462 2841 Generatio
2494 2784 2685 2853 itaque
2732 2786 3016 2854 tanquam
3049 2783 3403 2855 principium
3427 2785 3808 2843 considerata

2158 2879 2224 2930 ut
2252 2878 2341 2929 est
2374 2874 2432 2929 in
2467 2876 2633 2929 Patre
2662 2872 3123 2946 prasintelligitur
3153 2873 3251 2928 fini
3282 2874 3592 2945 (termino),
3619 2876 3725 2946 qui
3748 2877 3810 2933 in

2159 2981 2227 3020 ea
2250 2967 2374 3031 est;
2407 2963 2652 3035 ideoque
2683 2964 3165 3034 praeconsiderata
3198 2964 3325 3020 Filii
3358 2964 3649 3038 bypostasi
3685 2983 3809 3023 non

407 3078 496 3118 res
550 3073 923 3131 personarum
959 3057 1045 3122 ;si
1094 3055 1365 3121 alterum,
1397 3054 1710 3109 incidimus
1759 3053 1819 3107 in
1865 3051 2054 3107 Mani-
2160 3057 2351 3125 potest
2374 3054 2456 3109 illi
2488 3054 2697 3109 inesse.
2744 3052 2901 3107 Nihil
2930 3055 3088 3111 enim
3142 3056 3339 3121 exiis,
3372 3073 3500 3129 qua
3538 3057 3813 3127 personis

405 3152 696 3207 chaeorum
747 3148 834 3203 vel
887 3144 1363 3202 Marcionitarum
1412 3143 1676 3199 heresin.
1720 3164 1748 3193 ››
1803 3145 2051 3199 Concors

400 3258 533 3297 vero
565 3243 653 3297 est
681 3236 1109 3294 Catholicorum
1150 3249 1522 3304 responsum,
1556 3248 1671 3288 non
1700 3247 1829 3287 esse
1858 3232 2051 3287 diver-

400 3346 526 3387 sam
579 3326 1003 3400 processionem
1050 3323 1298 3396 Spiritus
1342 3321 1525 3377 sancti
1556 3338 1589 3376 a
1620 3320 1762 3377 Filio
1815 3321 1887 3376 ab
1926 3320 2045 3389 illa,

398 3436 515 3490 qua
541 3416 806 3488 procedit
827 3431 895 3469 ex
928 3415 1108 3475 Patre,
1135 3428 1201 3467 ac
1233 3411 1412 3466 multo
1438 3410 1631 3465 minus
1651 3410 2004 3466 contrariam
2029 3430 2044 3479 ;

2162 3143 2223 3199 in
2253 3143 2450 3199 divina
2503 3144 2787 3199 Trinitate
2836 3144 3064 3215 insunt,
3107 3143 3575 3218 praeintelligitur
3627 3144 3816 3216 hypo-

2162 3232 2326 3300 stasi,
2359 3233 2418 3287 in
2450 3249 2561 3303 qua
2590 3237 2708 3302 est;
2743 3250 2814 3290 ne
2844 3233 2969 3290 scil.
3004 3249 3181 3291 unum
3214 3252 3283 3291 ex
3304 3237 3397 3293 his
3426 3234 3820 3291 duobussub-

2160 3326 2457 3392 sequatur,
2491 3328 2590 3378 aut
2618 3328 2752 3380 ante
2779 3330 2833 3379 et
2881 3331 3013 3396 post
3041 3326 3289 3399 intelligi
3339 3343 3522 3383 unum
3546 3333 3600 3381 et
3627 3327 3815 3394 idem,

2161 3420 2215 3466 et
2244 3427 2312 3467 ex
2337 3412 2529 3483 seipso
2568 3428 2717 3481 esse,
2766 3419 2866 3469 aut
2914 3416 3355 3473 multitudinem
3389 3416 3672 3474 Filiorum
3705 3416 3813 3472 ad-

400 3505 645 3575 proinde
666 3520 698 3557 a
723 3498 1144 3556 Manichasismi
1176 3498 1445 3569 spectris,
1471 3514 1600 3568 quae
1626 3497 1751 3567 jam
1783 3497 1930 3552 satis
1960 3496 2053 3553 de-
2160 3499 2409 3557 mittere.
2435 3504 2558 3556 Non
2592 3510 2828 3575 generat
2856 3521 2990 3573 ergo
3040 3505 3247 3575 Filius,
3277 3523 3477 3563 verum
3510 3505 3809 3578 producit,

395 3595 545 3650 ridet
576 3595 791 3648 Beccus
823 3590 905 3659 (G.
942 3590 1000 3645 0.
1036 3589 1077 3655 Ι,
1111 3588 1201 3657 80,
1228 3589 1338 3657 8t),
1372 3586 1519 3641 nihil
1560 3587 1799 3641 omnino
1829 3586 1952 3642 fore
1981 3587 2051 3643 ti-

396 3683 699 3749 mendum,
731 3680 829 3735 sed
875 3692 1004 3733 esse
1034 3676 1273 3733 omnino
1305 3676 1571 3730 eamdem
1604 3675 1723 3743 (Ill,
1753 3678 1780 3743 §
1815 3676 1837 3728 1
1875 3678 2045 3747 seq.),

394 3787 582 3843 neque
601 3775 797 3826 tamen
816 3766 1236 3825 communicari
1257 3781 1635 3837 personarum
1657 3765 2048 3836 characteres,

394 3862 545 3932 quod
579 3860 820 3916 Photius
866 3855 1102 3914 nonnisi
1127 3872 1196 3912 ex
1226 3855 1532 3927 supposito
1574 3854 1720 3910 falso
1756 3854 2044 3927 principio

390 3953 494 4025 (ib.
528 3951 557 4025 §
586 3952 621 4005 5
652 3950 801 4023 seq.)
831 3947 1156 4005 afﬁrmavit.
1208 3946 1407 4018 Neque
1456 3945 1710 4001 uberiori
1760 3962 2041 4018 responso

393 4059 537 4113 opus
568 4046 655 4096 est
682 4041 750 4095 ad
794 4054 921 4110 cap.
955 4037 1023 4092 36
1073 4039 1201 4108 post
1230 4052 1317 4103 ea,
1349 4052 1475 4106 quae
1505 4037 1634 4105 (art.
1666 4035 1721 4104 3,
1753 4036 1823 4108 ξς
1861 4036 2046 4106 12-15)

385 4132 510 4203 jam
542 4132 837 4202 disputata
859 4132 1019 4194 sunt,
1045 4126 1144 4182 ubi
1178 4130 1478 4181 ostensum
1504 4125 2044 4196 fuit,nequaquam,

390 4238 457 4276 ex
487 4237 551 4276 eo
584 4220 739 4291 quod
772 4218 806 4285 ἠ
838 4219 1057 4276 meum
1090 4215 1267 4270 trium
1290 4214 1627 4270 communis
1653 4231 1769 4270 non
1800 4214 1895 4281 sit,
1930 4214 2046 4270 col-

388 4309 489 4381 ligi
521 4324 712 4380 posse,
744 4321 872 4362 eam
912 4306 1081 4361 unius
1107 4318 1362 4376 persona
1405 4302 1697 4374 propriam
1742 4303 2043 4361 exsistere.

389 4401 583 4471 Neque
633 4395 785 4453 Patri
836 4394 1081 4466 eripitur
1130 4392 1396 4462 spiratio,
1430 4406 1613 4462 neque
1662 4391 2039 4462 hypostatica:

396 4488 779 4561 proprietates
808 4483 1248 4540 transferuntur
1275 4481 1371 4551 (cf.
1406 4497 1584 4550 supra
1612 4480 1642 4552 §
1674 4481 1783 4553 13).

462 4590 547 4643 18.
580 4589 846 4642 Altamen
878 4598 983 4639 nec
1014 4581 1107 4637 hic
1142 4580 1393 4653 quiescit
1425 4579 1763 4635 schismatis
1797 4581 2040 4652 pessimi

388 4681 589 4733 auctor
617 4676 809 4747 etjam
842 4672 999 4728 dicta
1020 4669 1153 4726 aliis
1180 4670 1391 4725 inﬂexa
1420 4668 1622 4724 formis
1645 4670 2039 4741 reproducens

391 4784 516 4839 cap.
549 4768 618 4821 37
649 4781 883 4821 rursum
917 4764 1117 4833 instat,
1142 4761 1202 4817 in
1236 4760 1567 4816 Latinorum
1600 4760 1909 4832 hypothesi
1937 4761 2040 4816 de-

390 4857 523 4911 bere
555 4860 612 4910 et
642 4855 924 4926 Spiritum
957 4852 1132 4907 aliam
1166 4852 1483 4921 producere
1526 4866 1853 4921 personam,
1886 4848 2037 4906 hanc

389 4957 559 5014 porro
610 4941 805 5009 aliam,
839 4946 896 4996 et
942 4941 1028 4997 sic
1075 4938 1346 5008 deinceps
1394 4938 1451 5007 i_n
1504 4936 1825 5006 infinitum,
1863 4939 1942 4994 ita
1974 4942 2038 4994 ut

388 5029 690 5104 gentilium
746 5028 1196 5101 polytheismum
1248 5028 1440 5083 adhuc
1491 5031 1767 5098 superent
1796 5031 1851 5083 et
1880 5033 2038 5084 tran-

388 5121 690 5177 scendant.
725 5121 861 5184 Quae
892 5118 1063 5188 plane
1103 5117 1355 5173 absurda
1386 5120 1547 5172 sunt.
1580 5115 1817 5171 Constat
1846 5116 2034 5187 primo

391 5208 635 5266 minime
650 5207 884 5264 Latinos
898 5208 1023 5278 cogi
1041 5206 1209 5262 aliam
1222 5206 1394 5263 etiam
1411 5221 1717 5278 personam
1731 5205 2035 5264 admittere

388 5318 421 5355 a
440 5298 658 5369 Spiritu
683 5299 885 5355 sancto
908 5298 1268 5369 productam.
1295 5295 1357 5351 Id
1381 5311 1558 5366 supra
1578 5295 1665 5368 (§§
1687 5295 1737 5364 1,
1760 5293 1816 5366 5)
1840 5300 2037 5353 osten-

457 5480 571 5565 ('97)
599 5496 655 5551 p.
698 5478 803 5565 5-28
838 5493 850 5532 :
887 5477 1000 5565 ..Τὲι
1040 5478 1224 5565 Beiram
1271 5470 1607 5565 προϐάλλει-ί
1667 5474 1729 5565 οὐ
1788 5479 2031 5565 ῖτροθῗω.

2157 3593 2214 3644 et
2247 3590 2393 3645 ratio
2448 3597 2836 3649 consentanea
2864 3600 2921 3649 et
2963 3612 3331 3669 consequens
3372 3602 3482 3654 est.
3524 3595 3811 3653 Producit

2156 3680 2329 3734 Pater
2356 3679 2660 3751 Spiritum,
2692 3691 2743 3739 et
2774 3700 2908 3739 cum
2949 3687 3239 3757 producit,
3294 3688 3697 3743 communicat
3719 3686 3810 3742 illi

2156 3771 2363 3838 omnia,
2404 3787 2524 3842 qum
2559 3789 2668 3827 non
2711 3775 3226 3845 praeintelliguntur
3266 3777 3423 3834 illius
3480 3778 3808 3849 hypostasi;

2157 3864 2574 3931 proptereaque
2605 3862 2730 3918 ﬁeri
2789 3864 3014 3936 nequit,
3060 3873 3125 3921 ut
3153 3868 3204 3921 ei
3236 3870 3632 3923 communicet
3682 3868 3806 3923 vim

2158 3951 2511 4019 producendi
2541 3958 2642 4008 aut
2670 3957 3000 4025 generandi,
3058 3958 3551 4027 quemadmodum
3610 3973 3807 4029 neque

2158 4038 2301 4095 Filio
2332 4043 2682 4111 generandi;
2720 4060 2970 4116 namque
3012 4045 3134 4101 haec
3164 4047 3224 4102 in
3257 4049 3429 4103 Patre
3460 4047 3808 4118 preintelli-

2155 4133 2393 4198 guntur.
2424 4132 2532 4186 Sed
2555 4148 2744 4204 neque
2763 4137 3034 4205 generari,
3064 4136 3217 4206 quod
3252 4136 3382 4191 ﬁnis
3401 4136 3806 4209 generationis

2155 4220 2474 4294 dicebatur,
2505 4226 2746 4296 Spiritui
2779 4228 2969 4285 inerit.
3011 4230 3484 4301 Preintelligitur
3501 4230 3805 4301 siquidem

2153 4309 2484 4383 hypostasis
2506 4315 2635 4371 Filii
2661 4316 2958 4389 hypostasi
2974 4318 3242 4389 Spiritus.
3266 4318 3481 4375 Verum
3500 4319 3808 4391 producere

2154 4415 2270 4456 non
2302 4402 2775 4476 praeintelligitur
2796 4405 2925 4461 Filii
2958 4423 3207 4477 persona
3235 4424 3425 4479 neque
3455 4410 3669 4464 rationi
3692 4408 3806 4480 hy-

2067 4494 2113 4559 D
2148 4491 2400 4557 postasis
2451 4492 2569 4549 ullo
2615 4494 2786 4550 modo
2831 4496 3190 4554 adversatur.
3239 4496 3438 4568 Neque
3476 4497 3635 4553 enim
3670 4497 3807 4554 ideo

2148 4579 2317 4636 Pater
2346 4580 2523 4638 Filius
2542 4582 2628 4639 vel
2662 4585 2969 4656 productio
3003 4590 3112 4653 est,
3144 4602 3250 4642 nec
3277 4585 3457 4641 Filius
3488 4586 3547 4642 in
3567 4587 3807 4644 Patrem

2150 4671 2496 4743 prolabitur,
2530 4687 2714 4743 neque
2744 4672 2997 4744 Spiritus
3026 4688 3093 4730 ex
3124 4674 3246 4729 suis
3267 4674 3518 4745 propriis
3548 4675 3799 4743 excedit,

2148 4763 2293 4818 Cum
2326 4764 2513 4833 itaque
2533 4763 2753 4819 nullam
2778 4764 3177 4821 confusionem
3197 4769 3433 4837 generet
3450 4766 3800 4837 producere,

2147 4851 2265 4907 imo
2294 4857 2481 4907 totum
2514 4853 2894 4922 contrarium,
2927 4853 2974 4909 si
3017 4853 3159 4909 Filio
3207 4854 3378 4923 inest,
3430 4861 3484 4911 et
3525 4854 3801 4910 ordinem

2147 4946 2333 4998 servet
2380 4948 2434 4996 et
2463 4941 2691 4998 Triadis
2745 4947 3004 4999 mutuam
3054 4943 3204 5015 [303]
3260 4944 3601 5000 relationem
3633 4944 3685 5015 (§
3717 4947 3796 5014 6),

2146 5032 2285 5089 illud
2312 5048 2550 5104 prorsus
2584 5032 2726 5089 Filio
2758 5035 2922 5089 Pater
2946 5034 3406 5090 communicabit
3436 5035 3549 5106 (97)
3577 5052 3593 5102 ;
3633 5040 3689 5090 et
3715 5035 3799 5091 sic

2144 5123 2390 5194 Spiritus
2428 5121 2538 5178 erit
2566 5126 2622 5178 et
2646 5122 2797 5191 Filii,
2824 5128 2882 5179 et
2907 5140 3020 5179 non
3052 5122 3450 5194 imperfectus.
3485 5125 3643 5196 quod
3678 5141 3798 5180 non

2145 5212 2447 5283 producat,
2505 5210 2678 5268 sicuti
2705 5228 2895 5283 neque
2949 5213 3147 5278 Filius,
3182 5214 3335 5284 quod
3367 5228 3485 5270 non
3533 5218 3795 5285 generet.

2145 5303 2267 5358 lmo
2316 5304 2365 5357 si
2411 5301 2765 5373 produceret,
2795 5308 2929 5359 esset
2976 5302 3370 5375 imperfectus;
3416 5319 3552 5358 nam
3596 5303 3685 5360 vel
3737 5319 3799 5360 se

2141 5468 2425 5563 MqSeptaV
2476 5473 2567 5563 ei»;
2617 5473 2932 5563 ἐπεισφέξον
2967 5474 3249 5563 *σύγχυσιν
3295 5474 3370 5563 ’τὸ
3420 5467 3793 5563 προεάᾗλειγ,

424 5544 787 5624 οὗμένόνᾼῖῆς
818 5551 915 5624 τοᾷ
947 5544 1075 5603 Υἱοῧ
1126 5544 1469 5624 erroneised);
1516 5544 1606 5600 καὶ
1639 5547 1758 5624 οὐκ.
1791 5544 2028 5604 ἐΰαντίον
2138 5544 2446 5624 τοῷναίηίον
2504 5544 2551 5600 δ’
2608 5544 2875 5624 ἄποιν’,ἐῖΔ
2924 5546 3003 5619 τῷ
3042 5544 3151 5618 Ῡῖᾢ
3204 5544 3481 5624 πρόσεσξεις
3538 5546 3631 5624 an}
3690 5547 3792 5624 ιεὴν

424 5573 651 5624 Ουμενον
688 5573 787 5618 της
818 5573 915 5604 του
952 5573 1075 5603 ιιου
1126 5573 1468 5608 υποστασεως
1517 5573 1606 5600 και
1639 5573 1741 5602 ουκ
1791 5573 2028 5604 εναντιον
2138 5573 2446 5600 τυυναντιυν
2504 5573 2530 5600 ο
2608 5573 2768 5616 απαν,
2821 5573 2867 5601 ει
2924 5573 3003 5619 τῳ
3047 5573 3151 5618 ιιῳ
3204 5573 3481 5616 πρυσεστι,
3539 5573 3631 5599 και
3690 5573 3790 5615 την

388 5573 672 5699 ςὸγῳ-τινὶ
699 5620 1093 5699 ῥςτξοστάσεωςη·
1130 5617 1393 5699 οἷξτεῌχὰρ
1516 5620 1701 5699 Πετήρ
1735 5615 1822 5674 διὰ
1864 5626 2031 5699 ταῦτα
2137 5618 2284 5699 τάξιν
2343 5619 2759 5699 συντηροῦνικαί
2819 5620 2919 5699 τῂν
2950 5626 3050 5688 τῆς
3108 5617 3334 5699 Τριάδος
3360 5615 3790 5699 λᾼᾴξαῖάλληὶῖον

718 5691 748 5717 ρ

391 5688 911 5783 Υὶῦξῆετρόὲλημα
943 5710 954 5725 ⁸
1008 5688 1209 5783 οὔτεηῇ
1250 5688 1375 5750 Υἷὸέ
1416 5688 1490 5749 εἷς
1542 5688 1753 5783 Παξὲρα
1798 5693 2032 5783 μεξαπῖ-
2142 5688 2325 5763 σχέσιν
2358 5709 2370 5722 ·
2419 5688 2745 5762 κοιῆιωνήσει
2794 5690 3008 5752 πάντως
3046 5688 3208 5746 codro
3248 5693 3328 5763 τῷ
3360 5689 3473 5762 fit}:
3506 5688 3533 5742 ὁ
3568 5692 3786 5767 Πατήρ.

780 5766 793 5783 \
866 5772 907 5783 '-
967 5768 994 5778 η
1228 5782 1261 5783 κγ
1288 5780 1393 5783 .7“.
1468 5763 1571 5783 ,δίη
1975 5767 2002 5780 ~

391 5761 686 5842 πτει,οὕέε
740 5761 1080 5841 τὸ”Πνεῢμα
1135 5761 1399 5839 ἐξίσταται
1464 5763 1573 5814 τῶν
1634 5761 1807 5817 ἰδῖων”
1841 5763 2029 5821 αὐτοῦ.
