4090 6228
291 359 411 418 521

999 355 1122 415 ns
1165 356 1230 416 s.
1278 354 1480 416 SPIR.
1529 307 2064 416 MYSTAGOGIA.
2113 391 2189 400 -
2231 355 2999 424 ANIMADVERSIONES.

3591 373 3707 434 522

298 493 499 564 ipsum
530 492 662 563 ipse
684 490 1045 562 produceret,
1063 490 1216 561 quod
1248 487 1372 544 ﬁeri
1398 489 1615 559 nequit,
1641 488 1726 542 vel
1751 488 1954 556 alium,
1992 494 2041 558 Α
2071 491 2272 559 Filius,
2306 493 2559 563 Spiritus
2607 500 2844 554 sanctus
2878 501 3210 570 procederet
3251 504 3324 559 ab
3356 504 3478 564 illo.
3512 528 3541 556 η
3597 508 3709 563 Sed

301 591 358 638 et
386 581 472 636 sic
501 581 561 636 in
611 580 912 636 infinitum
962 581 1377 650 produceretur
1417 577 1765 649 progressio,
1809 579 1958 648 quod

302 688 421 728 non
479 687 608 726 esse
672 667 1040 738 perfectionis
1091 673 1216 721 tute
1259 668 1430 722 etiam
1492 667 1713 723 diceres
1763 667 1897 736 (98).
1933 688 1958 715 η

301 763 592 816 Praeterea
638 759 791 814 idem
841 768 1040 813 auctor
1088 760 1158 830 (c.
1183 758 1274 821 26,
1309 776 1362 827 p.
1395 758 1523 826 536)
1557 759 1626 812 ad
1680 758 1956 827 objectioo

302 866 466 915 nem,
493 849 774 918 Spiritum
829 852 1094 902 sanctum
1146 863 1408 901 mancum
1450 852 1506 901 et
1549 845 1956 916 imperfectum

302 955 462 998 esse,
495 937 541 993 si
564 936 721 992 solus
749 937 898 991 inter
931 941 1048 991 tres
1081 951 1357 1004 personas
1409 951 1523 990 non
1557 939 1709 989 esset
1739 933 1961 1006 princi—

305 1029 496 1100 pium,
542 1026 651 1082 hoc
697 1030 864 1097 pacto
923 1025 1279 1094 respondet:
1319 1046 1347 1074 ‹‹
1411 1025 1728 1080 Perfectum
1783 1028 1960 1094 atque

306 1117 720 1188 imperfectum
747 1131 858 1170 non
891 1129 958 1168 ex
991 1113 1329 1178 diacriticis,
1361 1115 1460 1169 sed
1492 1130 1560 1168 ex
1595 1112 1960 1168 naturalibus

309 1205 630 1277 colligitur.
654 1206 788 1271 Quae
807 1203 962 1258 enim
988 1203 1312 1258 necessario
1347 1207 1564 1258 naturae
1597 1201 1773 1258 insita
1798 1203 1960 1269 sunt,

309 1295 418 1351 illa
465 1295 514 1350 si
572 1293 877 1360 defuerint,
936 1292 1332 1362 imperfectam
1391 1299 1652 1346 naturam
1702 1290 1964 1346 efﬁciunt

310 1385 495 1451 illius,
519 1384 612 1439 cui
646 1399 760 1438 non
792 1382 1012 1438 insunt.
1045 1381 1260 1436 Verum
1292 1397 1416 1452 quas
1449 1381 1787 1452 hypostases
1817 1397 1964 1436 con-

312 1475 590 1540 stituunt,
620 1477 676 1528 et
708 1487 984 1543 personas
1015 1470 1378 1536 discernunt,
1413 1486 1717 1542 nunquam
1749 1470 1964 1540 imper-

311 1565 532 1621 fectum
559 1561 876 1634 quidquam
906 1559 1156 1615 efficient
1189 1563 1414 1626 natura,
1435 1575 1570 1614 cum
1591 1563 1829 1614 naturas
1848 1574 1963 1613 non

310 1657 648 1720 secernunt,
684 1653 781 1706 sed
815 1652 966 1706 circa
995 1655 1263 1705 naturam
1291 1653 1693 1718 secernantur,
1719 1653 1784 1703 ut
1813 1648 1969 1703 theo-

310 1743 510 1814 logica
540 1757 648 1795 vox
682 1739 1033 1794 insonat.Ex
1063 1737 1523 1793 discernentibus
1554 1753 1689 1792 vero
1717 1741 1805 1792 est
1840 1751 1967 1808 pro-

2073 580 2121 634 si
2156 580 2234 634 ita
2277 587 2385 648 est,
2420 583 2607 652 pergit
2657 583 2918 654 Photius,
2955 591 3104 644 unde
3136 591 3219 659 fit,
3253 615 3280 643 ‹‹
3317 602 3378 649 ut
3434 595 3710 666 Spiritus,

2073 669 2208 725 licet
2239 670 2445 725 iisdem
2473 673 2698 728 fruatur
2729 675 3048 734 honoribus
3087 686 3145 735 et
3176 699 3243 737 ex
3265 699 3332 739 ea
3361 684 3489 751 ipsa
3520 701 3714 741 essen-

2067 759 2144 812 tia
2178 759 2298 828 pari
2330 761 2532 815 ordine
2564 762 2712 832 [305]
2745 779 2811 819 ac
2845 767 2964 836 pari
2994 769 3178 837 gloria
3211 773 3475 840 prodeat,
3511 773 3718 844 princi-

2068 847 2268 917 piandi
2303 850 2674 917 praerogativa
2713 851 3014 922 privetur?
3047 878 3074 905 »
3108 857 3266 920 Quod
3303 876 3414 916 non
3445 863 3713 932 ejusdem

2068 935 2356 1006 potentiae,
2390 951 2493 992 nec
2524 943 2612 992 est
2670 940 2933 1009 ejusdem
2973 945 3270 1012 essentiaa;
3321 953 3420 1002 aut
3466 949 3719 1020 Spiritus

2068 1040 2203 1096 ergo
2235 1025 2436 1080 eadem
2471 1027 2716 1084 donatur
2758 1033 3134 1103 praerogativa
3167 1045 3262 1090 aut
3293 1037 3365 1091 ad
3410 1038 3720 1095 homousia

2068 1114 2355 1184 dejicitur.
2391 1115 2539 1171 Sane
2571 1118 2752 1174 simili
2780 1122 3003 1177 ratione
3034 1123 3148 1180 dici
3183 1131 3369 1196 potest
3399 1144 3412 1182 :
3442 1129 3502 1183 Si
3536 1129 3722 1184 Filius

2071 1218 2185 1258 non
2216 1209 2450 1273 generat
2482 1205 2718 1274 Filium,
2745 1225 2856 1264 non
2876 1220 2960 1264 est
2993 1212 3142 1268 Patri
3173 1215 3717 1272 consubstantialts.

2073 1291 2422 1349 Recolantur
2450 1311 2517 1350 ea
2557 1312 2680 1367 qua:
2715 1297 2858 1354 alias
2891 1316 2955 1355 ac
2991 1302 3362 1372 potissimum
3408 1323 3534 1377 quae
3566 1309 3592 1373 §
3635 1306 3720 1374 16,

2072 1381 2227 1437 dicta
2256 1387 2396 1436 sunt
2449 1387 2505 1438 et
2562 1384 2769 1441 solutio
2804 1388 2979 1458 plana
3026 1390 3155 1448 erit.
3191 1391 3481 1448 Nolumur
3527 1402 3721 1450 tamen

2074 1473 2536 1543 prmterire,qu£e
2583 1473 2641 1528 in
2695 1474 2844 1532 hanc
2891 1494 3010 1534 rem
3068 1481 3302 1536 disserit
3358 1482 3521 1554 Hugo
3552 1484 3726 1538 Ethe-

2075 1559 2292 1629 rianus,
2324 1561 2762 1618 Methonensem
2797 1565 3065 1623 refellens
3105 1569 3414 1639 praesulem
3449 1572 3600 1643 (cap.
3636 1572 3724 1643 16,

2077 1649 2150 1704 ad
2200 1666 2455 1720 prascns
2489 1651 2679 1707 Photii
2729 1659 2905 1725 caput
2935 1665 3069 1711 nota
3119 1659 3192 1727 5).
3232 1658 3294 1712 In
3329 1661 3535 1730 primis
3560 1664 3730 1732 urget

2080 1737 2234 1793 idem
2263 1738 2700 1796 incommodum
2733 1745 2896 1814 sequi
2931 1761 3000 1800 ex
3023 1746 3335 1814 missione;
3374 1749 3584 1803 deinde
3616 1749 3732 1804 alia

312 1807 554 1888 ducere.
580 1829 701 1885 Non
738 1845 875 1899 ergo
919 1827 1325 1898 imperfectum
1376 1827 1516 1898 quid
1568 1831 1788 1881 natura
1846 1825 1971 1896 Spi-
2003 1807 2050 1872 Β
2080 1828 2343 1897 quaedam
2379 1830 2668 1902 adjungit.
2703 1854 2730 1881 «
2759 1807 2898 1888 Nam
2942 1835 2989 1888 si
3023 1835 3219 1902 Filius,
3252 1807 3333 1892 ait
3367 1837 3428 1906 (l.
3463 1855 3524 1904 ιι,
3554 1854 3606 1894 c.
3642 1839 3730 1906 11,

311 1923 469 1980 ritus
499 1921 696 1986 inerit,
720 1919 871 1991 quod
906 1935 1019 1974 non
1053 1919 1355 1988 producat,
1379 1921 1479 1973 sed
1507 1934 1612 1972 nec
1643 1915 1966 1989 hypostasi.

313 2009 654 2068 Secernitur
692 2008 847 2062 enim
883 2007 1238 2062 sufﬁcienter
1281 2009 1459 2076 magis
1490 2023 1524 2060 a
1554 2007 1715 2060 Patre
1746 2010 1803 2060 et
1831 2003 1971 2058 Fillo

305 2117 423 2158 non
447 2098 773 2171 producam,
807 2112 985 2168 quam
1033 2106 1426 2151 secerneretur
1467 2113 1499 2149 a
1527 2094 1691 2163 Filio,
1725 2109 1795 2148 ex
1833 2092 1974 2148 Filio

308 2205 422 2245 non
453 2186 752 2259 productus
782 2185 916 2258 (99).
945 2206 973 2234 »
1009 2185 1272 2239 Tandem
1305 2185 1482 2254 digna
1513 2187 1805 2253 suntquae
1835 2197 1976 2236 con-

314 2279 652 2337 siderentur
679 2275 916 2330 Thomas
964 2274 1116 2345 [304]
1151 2276 1344 2340 verba,
1376 2273 1592 2344 quibus
1649 2271 1821 2326 solvit
1865 2269 1975 2325 dif-

317 2366 638 2424 {icultatem
679 2381 692 2418 :
731 2383 758 2414 ‹‹
798 2362 1119 2434 Cujuslibet
1139 2361 1393 2418 amantis
1423 2370 1509 2416 est
1538 2361 1750 2432 aliquis
1791 2376 1975 2424 amor;

321 2457 426 2513 sed
455 2453 708 2524 Spiritus
746 2457 986 2508 sanctus
1033 2459 1120 2508 est
1149 2453 1328 2506 Amor
1359 2469 1372 2518 ;
1406 2467 1539 2520 ergo
1588 2455 1677 2506 est
1714 2450 1843 2520 ejus
1875 2448 1976 2502 ali-

323 2545 459 2617 quis
489 2559 674 2599 amor.
696 2542 756 2597 Si
786 2541 964 2609 igitur
985 2541 1236 2611 Spiritus
1269 2544 1512 2596 sanctus
1534 2543 1624 2594 est
1647 2541 1839 2604 Amor,
1873 2535 1983 2592 erit

326 2650 493 2690 amor
533 2633 775 2700 amoris,
800 2634 856 2686 et
903 2628 1142 2702 spiritus
1173 2646 1206 2684 a
1258 2628 1484 2698 spiritu.
1522 2651 1548 2677 ››
1586 2627 1680 2682 Ait
1709 2627 1864 2682 enim
1897 2633 1978 2697 (q.

324 2723 416 2780 37.
459 2739 512 2779 a.
551 2722 602 2792 1)
637 2737 650 2776 :
685 2743 715 2769 ‹‹
774 2719 860 2774 Ad
919 2723 1195 2790 quartum
1259 2719 1594 2784 dicendum,
1630 2716 1780 2787 quod
1834 2715 1984 2770 sicut

335 2812 503 2878 Filio,
539 2812 668 2866 licet
693 2808 1006 2878 intelligat,
1034 2824 1147 2864 non
1183 2816 1373 2862 tamen
1406 2806 1516 2861 sibi
1549 2805 1823 2875 competit
1856 2820 1982 2876 pro-

337 2902 550 2957 ducere
593 2897 868 2965 Verbum,
919 2896 1057 2966 quia
1112 2895 1434 2966 intelligere
1493 2893 1756 2950 convenit
1815 2893 1865 2948 ei
1924 2901 1990 2948 ut

334 2992 527 3048 Verbo
562 2987 888 3062 procedenti
923 3004 936 3042 :
968 2988 1047 3042 ita
1079 2987 1207 3041 licet
1238 2986 1494 3056 Spiritus
1544 2989 1786 3040 sanctus
1817 2988 1992 3052 amet,

331 3081 707 3139 essentialiter
756 3077 1114 3149 accipiendo,
1159 3092 1272 3131 non
1333 3079 1529 3130 tamen
1589 3073 1859 3130 convenit
1915 3073 1991 3136 ei,

331 3173 489 3244 quod
514 3170 702 3240 spiret
733 3183 1012 3234 amorem,
1045 3167 1200 3237 quod
1232 3170 1320 3219 est
1350 3163 1591 3234 diligere
1636 3163 1995 3218 nolionaliter

335 3257 824 3331 sumptum,quia
847 3256 929 3311 sic
969 3253 1583 3325 diligitessentialiter,
1608 3258 1672 3308 ut
1701 3266 1996 3323 amorpro-

331 3350 559 3415 cedens,
593 3363 710 3402 non
743 3351 807 3400 ut
839 3363 872 3400 a
901 3360 1006 3416 quo
1035 3343 1274 3414 procedit
1313 3359 1491 3400 amor.
1525 3364 1554 3392 ››
1590 3342 1682 3398 Sic
1721 3357 1880 3413 ergo,
1916 3339 1994 3395 uti

325 3439 457 3510 jam
486 3453 668 3507 supra
699 3434 918 3489 dictum
955 3435 1060 3496 est,
1096 3432 1154 3486 in
1188 3430 1406 3502 Spiritu
1452 3440 1649 3486 sancto
1681 3430 1995 3485 terminum

333 3528 565 3584 habent
597 3521 1034 3595 progressiones
1067 3521 1460 3575 immanentes
1493 3519 1801 3589 nullusque
1831 3518 1996 3574 locus

335 3621 429 3673 est
462 3629 812 3686 progressus
843 3611 902 3665 in
936 3610 1254 3678 inﬁnitum,
1289 3625 1460 3680 quem
1485 3609 1764 3663 divinitus
1787 3607 1999 3664 revela-

335 3711 438 3760 tus
469 3703 614 3758 ordo
636 3700 946 3770 proscribit
969 3697 1266 3753 radicitus.
1293 3717 1318 3748 α
1343 3697 1556 3752 Verum
1581 3698 1761 3755 enim.
1781 3697 1857 3752 ait
1883 3696 2000 3751 Ma-

335 3794 475 3850 nuel
508 3789 822 3859 Calecas(l.
845 3805 907 3855 ιι,
935 3805 990 3860 p.
1025 3787 1149 3859 421)
1183 3786 1444 3842 ordinem
1471 3803 1698 3841 servare
1719 3801 1866 3856 opus
1888 3795 1996 3852 est,

338 3898 534 3953 neque
569 3881 758 3951 ipsius
817 3877 1102 3932 terminos
1151 3875 1504 3947 transgredi,
1539 3876 1637 3930 sed
1689 3875 1841 3928 intra
1869 3873 1999 3927 Tri-

337 3973 590 4027 nitatem
624 3979 775 4023 stare
799 3968 968 4037 juxta
999 3965 1263 4022 traditam
1291 3965 1458 4020 nobis
1491 3963 1623 4017 fidei
1656 3963 1941 4034 regulam.
1970 3983 1997 4010 »

414 4062 506 4114 19.
542 4056 705 4122 Quod
731 4055 896 4109 initio
926 4071 1052 4125 cap.
1091 4055 1156 4109 38
1187 4055 1436 4108 advertit
1468 4051 1729 4112 Photius.
1767 4051 1998 4106 nonnisi

341 4165 380 4204 θ.
407 4148 582 4204 Patre
615 4145 876 4213 accipere
905 4143 1164 4212 potuisse
1195 4140 1429 4205 Filium,
1455 4145 1518 4195 ut
1539 4140 1792 4211 Spiritus
1815 4139 2001 4194 sancti

336 4238 420 4295 sit
452 4233 835 4308 principium,
867 4231 924 4286 id
962 4229 1242 4286 Catholici
1291 4246 1407 4285 uno
1457 4245 1554 4284 ore
1585 4229 1815 4284 docent.
1849 4229 2001 4292 Quos

335 4327 494 4383 inter
525 4324 902 4387 Ratramnus,
933 4319 995 4391 (l.
1027 4319 1098 4385 II,
1139 4337 1188 4375 c.
1220 4319 1274 4384 3,
1306 4337 1359 4390 p.
1391 4319 1520 4390 251)
1543 4319 1612 4374 ad
1664 4336 1732 4375 ea
1762 4319 1999 4375 Nazian-

2079 1933 2134 1987 p.
2172 1917 2350 1982 1225),
2401 1940 2428 1968 »
2464 1935 2824 1990 quaecunque
2873 1922 3068 1989 habet,
3111 1942 3144 1979 a
3193 1925 3358 1980 Patre
3397 1927 3640 1996 accepit,
3676 1931 3734 1982 et

2081 2005 2334 2075 Spiritus
2352 2005 2689 2062 missionem
2715 2009 2787 2063 ab
2804 2011 3002 2066 eodem
3030 2013 3280 2083 accepit;
3316 2016 3497 2069 mittit
3521 2015 3736 2085 quippe

2082 2094 2366 2164 Spiritum
2398 2102 2666 2150 sanctum
2697 2098 2960 2154 Filius...
2999 2105 3181 2166 Patet,
3207 2102 3360 2172 quod
3391 2102 3568 2157 Filius
3601 2101 3735 2155 mit-

2083 2187 2169 2236 tat
2199 2181 2474 2253 Spiritum
2508 2192 2775 2240 sanctum
2809 2191 2866 2242 et
2896 2188 3050 2258 quod
3083 2205 3115 2242 a
3145 2189 3313 2245 Patre
3349 2190 3502 2244 idem
3536 2191 3739 2244 mitta—

2086 2276 2202 2326 tur.
2234 2272 2531 2336 Quomodo
2580 2272 2761 2344 igitur
2818 2291 2851 2329 a
2908 2279 3074 2330 Patre
3140 2276 3431 2348 accipiens
3488 2278 3740 2348 Spiritus

2090 2359 2434 2415 missionem
2469 2360 2574 2432 (est
2605 2362 2762 2417 enim
2798 2362 3035 2419 mittens
3067 2371 3120 2420 et
3177 2365 3443 2437 missus),
3486 2366 3742 2437 Spiritus

2089 2453 2279 2504 autem
2341 2465 2456 2505 non
2514 2452 2736 2521 accepit
2792 2452 3133 2509 missionem
3169 2471 3357 2526 neque
3401 2454 3524 2510 Filii
3559 2471 3745 2526 neque

2091 2538 2334 2594 alterius
2361 2539 2452 2594 sui
2484 2539 2736 2595 similis?
2763 2541 3025 2598 Privatur
3055 2558 3189 2611 ergo
3225 2543 3395 2614 parili
3427 2543 3645 2600 honore
3678 2572 3747 2587 --

2095 2627 2409 2683 liberalitas
2444 2627 2582 2684 haec.
2619 2629 2812 2686 Potest
2849 2635 3047 2687 tamen
3079 2637 3136 2688 et
3167 2632 3236 2688 de
3295 2632 3450 2688 facili
3505 2633 3749 2689 solutio-

2094 2731 2227 2770 nem
2271 2716 2483 2772 habere
2538 2717 2673 2773 talis
2733 2720 3004 2789 objectio,
3029 2736 3158 2776 cum
3205 2721 3616 2779 convenienter
3664 2737 3752 2777 re-

2097 2804 2366 2874 sponderi
2401 2805 2603 2876 possit,
2637 2807 2763 2862 ideo
2798 2825 2910 2863 non
2948 2811 3240 2881 accepisse
3291 2810 3577 2881 Spiritum
3624 2808 3754 2865 Filii

2102 2909 2338 2948 causam
2373 2909 2521 2960 esse,
2553 2897 2684 2964 quia
2716 2896 2894 2952 Filius
2931 2903 3020 2953 est
3052 2899 3238 2970 ipsius
3269 2915 3464 2966 causa,
3500 2899 3752 2971 Spiritus

2102 2999 2238 3038 vero
2268 2984 2396 3052 ejus
2429 3002 2608 3040 causa
2660 3002 2788 3041 esse
2847 3004 3139 3057 nusquam
3199 2989 3506 3059 reperitur,
3569 3003 3753 3056 neque

2105 3072 2346 3127 alterius
2379 3074 2472 3127 sui
2504 3073 2738 3142 similis,
2767 3091 2835 3129 ne
2868 3081 3075 3146 quarta
3107 3076 3163 3130 in
3194 3077 3475 3132 Trinitate
3509 3092 3758 3148 persona

2108 3161 2303 3216 induci
2354 3163 2808 3220 demonstretur.
2842 3165 3148 3234 Amplius:
3193 3165 3494 3228 Quomodo
3545 3163 3759 3234 accipit

2099 3250 2386 3320 judicium
2423 3267 2596 3306 omne
2637 3251 2818 3308 Filius
2851 3271 2882 3307 a
2913 3254 3076 3308 Patre
3107 3258 3166 3309 et
3195 3254 3437 3324 Spiritui
3488 3271 3603 3310 non
3637 3253 3760 3309 im-

2109 3339 2400 3411 pertitur?
2438 3340 2734 3411 Scriptum
2783 3345 2866 3397 est
2913 3343 3067 3398 enim
3103 3358 3117 3397 :
3152 3365 3179 3392 «
3239 3342 3423 3399 Omne
3462 3342 3758 3414 judicium

2107 3429 2262 3484 dedit
2319 3428 2484 3497 Filio,
2519 3435 2586 3484 ut
2633 3446 2837 3486 omnes
2899 3432 3281 3488 honorificent
3338 3431 3569 3500 Filium,
3603 3430 3757 3486 sicut

2106 3517 2495 3574 honoriﬁcant
2525 3519 2754 3575 Patrem
2785 3522 2971 3592 (Joan.
3013 3537 3067 3587 v,
3099 3523 3212 3591 22).
3252 3542 3276 3572 ιι
3309 3520 3603 3592 Suspicor,
3639 3520 3754 3574 imo

2107 3607 2280 3662 credo
2321 3606 2585 3674 firmiter,
2611 3609 2757 3677 quod
2793 3609 3026 3664 emissio
3057 3609 3327 3679 Spiritus,
3360 3609 3406 3664 si
3441 3609 3510 3664 ad
3574 3608 3762 3664 hono-

2116 3712 2237 3751 rem
2273 3697 2454 3750 Patris
2479 3698 2831 3765 pertinet,ad
2859 3698 3138 3754 honorem
3177 3698 3302 3752 Filii
3335 3698 3636 3767 referatur,
3664 3698 3763 3768 qui

2109 3784 2259 3838 sicut
2287 3803 2319 3839 a
2351 3783 2517 3839 Patre
2571 3786 2750 3840 vitam
2785 3786 2980 3850 habet,
3005 3787 3298 3856 judicium
3363 3787 3558 3854 habet,
3600 3788 3677 3841 ita
3707 3793 3764 3842 et

2109 3873 2364 3941 Spiritus
2404 3873 2779 3929 emissionem
2814 3876 2990 3930 habet
3025 3893 3038 3942 ;
3087 3885 3144 3930 et
3200 3877 3347 3932 sicut
3393 3876 3762 3932 nascibilitas

2110 3978 2224 4016 non
2259 3961 2496 4031 impedit
2535 3963 2769 4027 Filium,
2803 3963 2943 4032 quin
2985 3963 3198 4019 habeat
3247 3970 3513 4019 naturam
3549 3967 3758 4028 Patris,

2110 4050 2225 4105 imo
2255 4066 2322 4104 ex
2353 4049 2461 4104 hac
2493 4050 2703 4105 habere
2737 4052 3015 4120 probatur
3066 4067 3079 4105 ε
3135 4051 3219 4104 sic
3249 4051 3483 4105 emissio
3513 4051 3762 4120 Spiritus

2109 4156 2177 4195 ex
2213 4139 2378 4194 Patre
2421 4145 2476 4194 et
2520 4138 2662 4195 Filio
2694 4156 2807 4194 non
2842 4140 3088 4211 impedit
3136 4140 3442 4211 Spiritum,
3485 4141 3626 4210 quin
3659 4139 3764 4196 ha-

2110 4229 2240 4283 heat
2263 4228 2450 4283 Patris
2478 4227 2724 4298 Filiique
2757 4233 3022 4283 naturam
3059 4245 3073 4297 ;
3109 4229 3367 4299 alioquin
3422 4228 3676 4300 Spiritus
3707 4231 3764 4284 et

2111 4319 2291 4373 Filius
2323 4334 2437 4374 non
2483 4321 2625 4373 sunt
2666 4318 2924 4387 ejusdem
2960 4334 3090 4374 cum
3134 4318 3298 4373 Patre
3354 4324 3590 4384 naturae,
3624 4332 3762 4374 cum

336 4415 468 4473 zeni
500 4413 680 4470 verba
715 4428 782 4465 τα
813 4411 882 4465 Et
909 4409 978 4464 ad
1004 4408 1253 4482 primam
1285 4408 1551 4464 omnium
1575 4408 1995 4481 originem,qui
2028 4441 2081 4505 D
2117 4411 2286 4462 Pater
2340 4407 2488 4478 [306]
2549 4406 2708 4464 solus
2762 4412 3018 4478 generet,
3053 4407 3325 4479 solusque
3363 4407 3669 4478 Spiritum,
3703 4412 3765 4461 ut

338 4511 428 4562 est
461 4505 657 4568 Pater,
679 4499 846 4556 siculi
879 4497 1174 4570 Unigeniti
1215 4497 1433 4566 omnia,
1459 4497 1539 4553 ita
1588 4497 1762 4554 etiam
1811 4499 1994 4554 sancti

339 4594 602 4666 Spiritus
632 4588 826 4645 omnia
857 4588 1195 4643 referuntur
1225 4608 1254 4636 »
1290 4587 1560 4642 observat
1593 4603 1606 4642 :
1643 4609 1670 4636 «
1708 4586 1874 4642 Talia
1913 4587 2002 4641 di-

340 4699 483 4740 cens
530 4677 792 4736 ostendit
847 4675 1070 4745 omnia,
1101 4692 1228 4746 quae
1279 4679 1422 4731 sunt
1471 4675 1623 4744 Filii,
1653 4675 1722 4730 ad
1775 4675 2002 4730 Patrem

341 4774 566 4830 habere
599 4766 956 4833 relationem,
989 4771 1044 4821 et
1074 4765 1291 4832 omnia,
1323 4781 1452 4835 quae
1485 4771 1616 4820 sunt
1658 4765 1844 4820 sancti
1877 4765 2003 4836 Spi-

341 4859 616 4927 ritus,ad
646 4856 911 4912 eumdem
945 4855 1144 4911 referri
1176 4853 1334 4910 velut
1363 4854 1430 4909 ad
1465 4854 1715 4924 primam
1739 4855 2000 4910 omnium

344 4949 643 5022 originem
677 4961 691 5012 ;
724 4945 1001 5016 quoniam
1039 4943 1148 4999 etsi
1178 4943 1430 5014 Spiritus
1463 4944 1738 5013 procedat
1767 4960 1800 4998 a
1834 4943 2000 5009 Filio,

343 5039 560 5110 accepit
593 5035 699 5090 hoc
734 5034 910 5090 Filius
957 5049 992 5089 a
1046 5033 1236 5099 Patre,
1270 5035 1335 5088 ut
1383 5031 1678 5087 nascendo
1735 5033 1804 5086 de
1835 5031 2003 5088 Patre

417 5217 542 5289 (98)
767 5230 825 5285 p.
871 5213 996 5289 §28,
1030 5213 1186 5289 529‘;
1239 5205 1624 5289 pQE-SAXP‘R‘EC
1671 5207 1735 5289 τρ
1786 5211 2004 5289 {heir}:

392 5278 443 5356 ἧ
476 5278 828 5376 «postilla-ia,
862 5281 1043 5357 ὥσπερ
1075 5278 1201 5336 οὐδὲ
1233 5281 1261 5335 ὁ
1294 5281 1416 5341 Υἱὸς
1471 5280 1546 5349 μή
1578 5283 1775 5354 γεννῶν
1809 5298 1822 5311 ο
1859 5279 2002 5349 μᾶλ-

682 5375 687 5376 ,
737 5350 767 5376 ρ
793 5352 871 5376 (ἼἸ
982 5355 1010 5376 τ
1076 5352 1101 5376 1‘
1170 5350 1253 5376 ΣἾἻ
1278 5351 1387 5376 ...1-
1422 5369 1435 5376 -
1478 5353 1505 5376 )\
1540 5354 1638 5376 μδ.-
1686 5351 1808 5376 ...ἲ-Σ
1849 5350 2000 5376 ι-...-ὶ

392 5311 433 5356 η
476 5311 828 5376 προοαΛΑον,
862 5311 1043 5357 ωσπερ
1075 5311 1201 5336 υυυι
1233 5311 1261 5335 υ
1299 5311 1415 5341 ιιυς
1471 5311 1546 5349 μη
1580 5311 1775 5354 γιννων
1859 5311 2002 5349 Hun-

350 5311 450 5416 ἴον
481 5377 603 5434 χείρ*
626 5350 946 5434 πρτζϐάηξθν
977 5352 1132 5434 ἦνηᾷγ
1167 5350 1388 5414 ἐλλιπές
1402 5369 1435 5434 Α·
1470 5353 1643 5434 ἣΛχὰρ
1682 5351 1814 5434 αὐτὸ
1848 5350 2004 5434 tanta

354 5421 679 5504 προῦϐάλεν
717 5427 801 5494 ἂν,
849 5421 1428 5504 ὅπερζᾴδὺνατρνλχῆ
1478 5421 1644 5504 ἄλλό,
1692 5422 1781 5504 κίχί
1825 5421 2004 5504 piith

358 5493 435 5563 εἷς
493 5502 722 5570 ἄπειρον
779 5501 915 5570 ἡμῖν
953 5493 1152 5568 ’ἐξήκει
1219 5496 1248 5550 ὁ
1305 5493 1469 5571 λόγος
1538 5495 1601 5550 οὐ
1659 5493 2008 5564 τελειότητος

358 5574 453 5622 καὶ
485 5571 657 5622 αὐτὸς
678 5567 860 5622 εἴποις
890 5568 975 5622 ἄν.

357 5589 453 5630 καί
485 5589 657 5634 αὐτος
678 5589 860 5631 ειποις
890 5589 975 5624 αν.

366 5714 392 5732 ⁸
583 5644 764 5732 Ibid”,
797 5641 994 5732 p.,’526
1029 5657 1044 5698 :
1093 5639 1178 5728 Τᾲ
1225 5636 1290 5732 ξὶσ
1331 5637 1665 5732 ὗττοστατεκᾷ
1709 5641 1892 5732 supra,
1917 5635 2006 5732 ueri

364 5709 679 5793 διὰκρὶτικὰ
709 5709 814 5768 οὖλέ
851 5709 912 5767 ἄν
959 5732 1091 5767 ποτε
1139 5709 1326 5771 ἀτελὲς
1364 5731 1416 5765 τι
1467 5713 1684 5781 ποιήσει
1729 5714 1796 5783 τῇ
1831 5710 2003 5786 φύσει,

689 5815 957 5876 Paeon.
1004 5816 1117 5875 Gn.
1165 5812 1290 5874 CII.

2116 4495 2352 4553 Graecus
2392 4497 2728 4564 arbitratur,
2762 4496 3007 4565 emittat,
3041 4496 3292 4566 Spiritus
3323 4512 3453 4552 vero
3495 4504 3548 4551 et
3582 4495 3762 4552 Filius

2115 4585 2276 4642 nullo
2308 4587 2501 4643 modo.
2537 4609 2564 4636 »
2600 4618 2664 4627 —
2687 4587 2813 4642 Pari
2833 4588 3004 4642 modo
3027 4586 3364 4657 reSponderi
3385 4590 3572 4656 potest
3599 4585 3669 4639 ad
3703 4584 3760 4640 id

2116 4676 2271 4746 quod
2312 4691 2436 4747 cap.
2471 4676 2538 4730 40
2579 4675 2820 4731 Photius
2870 4676 3132 4746 profert:
3188 4697 3216 4725 «
3265 4674 3494 4743 Accepit
3522 4672 3699 4728 Filius
3730 4690 3764 4728 a

2112 4763 2277 4818 Patre
2309 4780 2376 4819 ex
2407 4765 2533 4835 ipso
2566 4780 2667 4836 per
2696 4763 3123 4836 generationem
3168 4763 3456 4834 prodiens,
3496 4766 3554 4818 et
3603 4762 3761 4818 aliud

2109 4853 2364 4922 ejusdem
2409 4857 2631 4907 naturas
2678 4853 3016 4923 producere.
3049 4852 3348 4915 Quomodo
3398 4851 3592 4921 igitur,
3625 4868 3762 4907 cum

2108 4945 2162 4996 et
2193 4941 2313 5012 ipse
2347 4941 2526 4996 Filius
2559 4939 3116 4996 consubstantialem
3147 4941 3428 5012 producat
3452 4939 3760 5011 Spiritum,

2111 5046 2226 5086 non
2249 5031 2702 5087 communicavit
2732 5029 2842 5102 ipsi
2875 5029 3129 5086 similem
3159 5030 3438 5087 virtutem
3479 5035 3536 5088 et
3573 5032 3764 5089 hono—

2117 5207 2192 5290 θῇ
2243 5206 2583 5290 ἀφορίζρνταὶ
2616 5207 2832 5290 (pensus,
2870 5207 3017 5263 ἀλλὰ
3047 5209 3170 5290 πειρὶ
3210 5211 3309 5279 τὴν
3360 5212 3519 5290 φνξσιν
3568 5213 3765 5290 ἀφορι-

2123 5273 2320 5357 ζρμεγει
2351 5273 2637 5357 isfieri“
2675 5278 2938 5357 θεολόγρν
2971 5273 3152 5357 aestv
3189 5300 3209 5357 '_
3253 5273 3382 5336 ὤν’
3413 5273 3759 5357 διακριέωέῶν

2117 5345 2273 5429 δξτὸ
2306 5345 2644 5429 πρᾼρϐάλλςιν
2680 5369 2692 5381 ’
2749 5345 3329 5429 οὐκέῥὶραίὲλχιπὲξὶτε
3371 5345 3664 5429 «possessu
3691 5359 3760 5426 τῇ

2115 5419 2271 5512 (θύσει
2301 5411 2398 5508 τόὖ
2455 5421 2766 5512 Πζεύματος
2953 5425 3036 5512 μὴ
3090 5411 3473 5512 προϐάλλειν,κ
3512 5423 3637 5480 οὐδὲ

2117 5491 2409 5570 ὖπρστάσες
2445 5511 2457 5525 ⁸
2509 5491 2968 5570 δ-ιαὶιρίνῖτςιλγὰῥ
3013 5491 3324 5570 ἀρκὸύντως
3377 5491 3589 5570 μᾶλλον
3629 5491 3760 5570 Ῑὶρῧ

2115 5564 2207 5644 δορὶ
2240 5565 2449 5640 Πατρὸς
2470 5566 2585 5644 ῌμὴ,
2617 5561 2956 5644 ’ᾑροϐάλλὸνῖ
3012 5561 3062 5638 ἢ
3105 5569 3183 5644 μή
3230 5570 3284 5643 ἓξ
3335 5561 3462 5626 Υἱοῦ
3512 5562 3760 5643 προϐαλ-

2116 5633 2370 5707 λόμενονξ
2403 5633 2500 5691 τοῦ
2530 5633 2680 5693 fici).

3367 5811 3437 5872 17
