4090 6228
405 370 532 428 523

1603 364 1874 426 PllOTII
1921 364 2451 425 PA'l‘ltIARCH/E
2494 368 2613 426 ΟΡ.

3701 366 3821 430 521l-

401 517 547 568 rem,
579 501 731 558 sicut
771 503 897 575 ipse
951 503 1191 574 accepit,
1227 506 1290 558 ut
1318 508 1372 557 et
1402 501 1500 556 ille
1531 501 1797 570 ejusdem
1830 505 2050 556 naturas
2085 503 2135 569 Α
2168 501 2260 556 nia
2319 502 2516 574 Cyrilli
2572 502 2736 560 Alex.
2779 502 2836 557 in
2894 503 3061 562 Joan.
3093 522 3208 575 xvr,
3244 506 3310 562 13
3337 526 3351 576 ς
3381 508 3530 564 Dial.
3561 508 3627 564 de
3671 510 3824 564 Trin.

405 607 658 662 personis
691 608 994 664 progressu
1028 597 1085 646 et
1113 591 1496 648 subsistentia
1527 589 1709 646 laetari
1740 595 1796 646 et
1815 589 2052 663 gloriari

405 680 627 752 possit?
669 703 696 731 »
724 682 922 753 Neque
953 704 980 731 «
1016 683 1082 737 ad
1119 681 1464 736 imitandum
1501 681 1752 748 Patrem,
1786 700 1810 731 υ
1847 686 1910 735 ut
1938 679 2049 736 ibi-

406 768 533 826 dem
557 770 740 839 addit,
763 772 820 826 id
856 771 1106 825 tribuere
1135 770 1372 840 Spiritui
1406 769 1492 824 vel
1529 768 1714 840 potuit
1744 768 1830 824 vel
1854 769 2052 824 debuit

405 859 588 917 Filius
619 878 632 929 ;
683 862 930 933 perfecte
960 861 1224 917 imitatur
1267 860 1495 916 Patrem
1548 860 1751 928 Filius,
1777 861 1905 916 licet
1937 877 2052 916 non

402 955 640 1023 generet
667 956 726 1007 et
748 951 868 1022 ipse
904 951 1135 1017 Filium,
1167 959 1221 1006 et
1251 951 1376 1022 pari
1407 950 1591 1023 gloria
1623 950 1838 1005 fruitur
1866 949 2052 1020 Spiri-

401 1043 518 1108 tus,
551 1039 688 1097 licet
719 1056 820 1096 nec
847 1041 1134 1111 producat
1171 1056 1278 1096 nec
1323 1044 1592 1110 generet;
1629 1038 1881 1110 mquales
1913 1041 2053 1093 sunt

399 1133 520 1186 tres
578 1130 946 1202 hypostases,
1001 1130 1134 1186 licet
1182 1147 1302 1186 una
1360 1131 1432 1186 sit
1471 1129 1695 1200 absque
1743 1127 2049 1200 principio,

399 1219 579 1276 altera
608 1218 678 1277 de
709 1219 992 1292 principio
1025 1219 1415 1291 principium,
1450 1219 1619 1275 tertia
1649 1217 1936 1274 terminus
1967 1215 2053 1272 di-

397 1311 669 1367 vinarum
717 1311 1181 1383 processionum.
1232 1310 1439 1382 Neque
1507 1309 2055 1366 consubstantiatitas

395 1417 497 1474 per
513 1417 568 1458 se
596 1404 854 1473 spectata
886 1417 1142 1471 unquam
1160 1400 1397 1471 ﬂagitat,
1423 1403 1486 1454 ut
1509 1404 1565 1454 et
1586 1399 1768 1455 tertia:
1793 1413 2054 1471 persona

400 1489 674 1562 principii
705 1489 853 1545 ratio
883 1493 1195 1546 asseratur.

469 1580 559 1633 20.
620 1578 831 1633 Verum
880 1578 990 1634 hac
1049 1578 1108 1633 in
1185 1593 1244 1633 re
1329 1577 1532 1633 sedulo
1603 1577 1863 1633 notanda
1920 1583 2057 1632 sunt

401 1684 527 1737 quis
580 1667 734 1722 varie
789 1685 822 1722 a
871 1667 1118 1724 diversis
1178 1666 1572 1738 proferuntur.
1616 1671 1787 1722 Joan.
1838 1667 2057 1722 Beccus

399 1755 729 1826 disputans,
790 1757 864 1810 De
912 1772 1019 1810 una
1057 1757 1208 1810 Eccl.
1258 1772 1308 1810 c.
1361 1756 1424 1810 5t
1478 1758 1559 1821 (G.
1606 1759 1671 1814 0.
1707 1758 1748 1823 Ι,
1789 1755 2052 1824 184-186)

2164 607 2219 661 p.
2255 591 2378 658 405,
2410 592 2536 658 408,
2570 591 2794 664 aliaque
2845 609 2879 649 a
2933 593 3024 652 Jo.
3057 595 3261 660 Becco,
3293 596 3477 668 epigr.
3508 614 3589 665 χι,
3622 597 3712 665 (G.
3748 598 3814 655 0.

2165 679 2238 746 ll,
2268 682 2372 736 619
2421 682 2569 753 seq.)
2599 686 2654 737 et
2683 684 2868 738 Leone
2922 684 3134 740 Allatio
3191 684 3427 755 (Vindic.
3457 703 3584 758 syn.
3616 688 3818 759 Ephes.

2160 783 2210 825 c.
2234 769 2325 839 36,
2359 787 2412 840 p.
2449 771 2552 824 172
2582 786 2726 841 seq.,
2759 787 2809 828 c.
2851 773 2940 840 46,
2969 790 3024 845 p.
3056 773 3165 828 225
3195 775 3346 846 seq.)
3378 773 3640 832 collecta.
3674 775 3826 833 Nota

2161 863 2250 912 est
2277 857 2378 914 illa
2408 859 2772 916 ratiocinatio
2800 861 3128 935 theologica
3178 879 3191 917 :
3231 863 3368 919 Filio
3419 865 3822 921 consubstan-

2160 945 2319 1002 tialis
2362 953 2448 1004 est
2485 947 2754 1020 Spiritus,
2789 949 2838 1005 si
2870 955 2961 1007 est
3017 967 3086 1008 ex
3134 952 3264 1023 ejus
3295 954 3570 1009 essentia.
3607 954 3824 1011 Verum

2163 1037 2453 1107 posterius
2482 1043 2773 1094 assertum
2822 1055 2938 1096 non
2986 1040 3186 1098 eodem
3240 1041 3412 1098 modo
3455 1041 3824 1099 conceditur.

2162 1125 2746 1182 Consubstantialitas
2777 1128 3020 1200 quidem
3068 1145 3166 1201 per
3207 1145 3265 1185 se
3311 1134 3368 1186 et
3414 1147 3486 1187 ea:
3539 1133 3721 1203 ipsius
3771 1133 3831 1187 vi

2162 1215 2304 1270 vocis
2338 1215 2566 1271 nullum
2589 1215 2732 1272 dicit
2762 1222 3091 1289 respectum
3135 1219 3204 1274 ad
3236 1218 3613 1276 habitudines
3644 1219 3827 1293 origi-

2163 1303 2277 1372 nis,
2310 1319 2377 1359 ex
2408 1304 2641 1361 notione
2673 1323 2777 1362 sua
2809 1323 2925 1362 non
2957 1308 3238 1378 exposcit,
3273 1313 3336 1364 ut
3373 1309 3610 1366 nonnisi
3641 1309 3713 1365 de
3747 1309 3825 1366 iis

2164 1394 2526 1465 praedicetur,
2555 1393 2706 1450 inter
2753 1411 2902 1466 quos
2936 1412 3116 1452 nexus
3170 1397 3439 1469 principii
3489 1404 3548 1454 et
3596 1399 3822 1470 princi-

2163 1480 2304 1552 piati
2351 1481 2690 1550 intercedat,
2724 1499 2854 1540 cum
2910 1485 3090 1540 etiam
3120 1488 3322 1556 fratres
3353 1485 3473 1542 sint
3519 1503 3584 1542 ac
3619 1487 3828 1544 dican-

2161 1575 2262 1626 tur
2287 1569 2438 1627 inter
2459 1588 2521 1628 se
2551 1572 3112 1642 consubstantiales;
3147 1579 3403 1632 attamen
3433 1575 3481 1631 si
3505 1575 3572 1631 de
3602 1577 3824 1636 divinae

2165 1659 2451 1716 Trinitatis
2490 1661 2747 1733 personis
2807 1663 3387 1721 consubstantialilas
3447 1665 3822 1737 praedicatur,

2166 1753 2356 1822 negari
2387 1768 2622 1823 prorsus
2647 1768 2761 1807 non
2786 1757 3140 1824 potest,eam
3165 1771 3296 1809 cum
3320 1755 3567 1827 originis
3587 1758 3827 1814 notione

399 1850 600 1901 contra
656 1844 932 1900 Phurnan
990 1845 1145 1916 (vide
1186 1861 1313 1916 cap.
1357 1845 1391 1898 8
1434 1845 1624 1900 Photii
1679 1851 1800 1901 not,
1851 1845 1933 1914 2.)
1991 1849 2048 1898 et
2083 1827 2124 1892 Β
2157 1839 2440 1896 cohaerere
2471 1849 2524 1895 et
2555 1859 2587 1896 a
2619 1841 2768 1912 [308]
2803 1843 3110 1914 posteriori
3142 1844 3462 1900 illationem
3513 1845 3822 1902 habitudi-

399 1934 586 1990 caateri
633 1933 810 1989 Graeci
869 1938 972 2001 τῆς
1024 1932 1266 1993 ἒνώσεως
1317 1937 1534 2000 tenent,
1583 1951 1649 1988 ex
1689 1935 2046 1989 immanente

396 2023 621 2094 origine
651 2024 720 2077 ad
746 2021 1551 2090 consubstantialitatem,sed
1580 2038 1694 2077 non
1725 2021 1848 2077 vice
1879 2038 2047 2076 versa

397 2130 465 2170 ex
527 2111 1128 2169 eonsubstantialitate
1205 2113 1452 2167 duarum
1523 2127 1898 2184 personarum
1971 2111 2043 2166 ad

396 2203 573 2260 unius
613 2203 686 2256 ab
740 2202 920 2258 altera
970 2201 1254 2273 originem
1306 2201 1574 2257 concludi
1623 2217 1812 2272 posse.
1851 2202 2045 2256 «Tres

397 2291 726 2349 Divinitatis
762 2307 1045 2364 personis,
1077 2292 1160 2346 ait
1190 2292 1403 2348 Beccus
1443 2291 1502 2361 (Ι.
1549 2293 1627 2362 c.)
1659 2290 2046 2346 communiter

394 2382 545 2438 inter
573 2397 635 2437 se
676 2380 1024 2452 participant
1065 2381 1330 2434 eamdem
1364 2384 1633 2434 naturam
1662 2379 2045 2450 eamdemque

395 2471 792 2537 Divinitatem,
817 2473 874 2524 et
905 2467 1062 2540 quod
1092 2469 1336 2524 insitum
1367 2473 1458 2524 est
1497 2469 1596 2522 uni
1630 2476 1862 2541 propter
1891 2485 2046 2524 eam-

397 2561 529 2614 dem
561 2573 692 2613 cum
726 2557 961 2626 reliquis
995 2561 1285 2623 naturam,
1321 2556 1504 2611 eritet
1536 2557 1766 2612 duobus
1797 2556 1944 2612 aliis.
1981 2557 2046 2610 Et

396 2649 444 2703 si
478 2646 733 2718 Spiritus
762 2650 918 2700 esset
957 2661 1024 2700 ex
1073 2644 1214 2700 Filio
1248 2649 1482 2716 propter
1525 2645 1652 2700 Filii
1702 2661 1833 2701 cum
1877 2647 2044 2700 Patre

398 2734 1088 2800 consubstantialilatem,
1149 2738 1302 2789 esset
1341 2750 1571 2806 quoque
1629 2740 1687 2790 et
1744 2734 1920 2790 Filius
1979 2751 2042 2790 ex

395 2824 610 2896 Spiritu
642 2827 872 2895 propter
901 2823 1150 2894 Spiritus
1181 2825 1446 2878 eamdem
1491 2840 1616 2878 cum
1651 2825 1819 2879 Patre
1873 2829 2046 2879 natu-

397 2929 521 2970 ram
553 2931 567 2982 ;
597 2913 684 2968 vel
721 2913 908 2979 potius
933 2913 1054 2968 haec
1082 2913 1193 2968 tria
1219 2929 1401 2968 unum
1435 2918 1590 2968 esset
1611 2931 1678 2968 ex
1708 2913 1820 2969 alio
1843 2914 1878 2982 ἢ
1907 2912 2048 2985 μᾶλ-

395 3001 492 3058 λον
544 3000 594 3074 ἐξ
635 2999 900 3072 ἀλλήλων
961 2998 1021 3054 ἂν
1071 3000 1210 3069 ἦσαν
1240 2999 1306 3054 τὰ
1335 3001 1501 3074 τρία).
1535 3004 1605 3056 At
1662 3019 1819 3057 nunc
1859 3004 2049 3073 sequi-

395 3097 491 3149 tur
541 3092 777 3163 quidem
829 3090 1040 3146 Filium
1089 3107 1218 3146 esse
1267 3091 1420 3146 Patri
1487 3092 2044 3147 consubstantialem

396 3181 685 3257 (ὁμοφυῆ),
721 3179 857 3253 quia
887 3195 954 3235 ex
993 3180 1248 3235 essentia
1277 3183 1367 3234 est
1397 3178 1602 3246 Patris,
1639 3195 1743 3235 nec
1792 3179 1918 3234 ideo
1950 3196 2042 3236 co-

396 3271 554 3342 gitur
577 3270 747 3326 Pater
774 3285 900 3324 esse
949 3285 1018 3325 ex
1060 3269 1227 3338 Filio,
1275 3272 1413 3339 quia
1461 3268 1723 3324 eamdem
1770 3273 2043 3324 naturam

395 3360 572 3416 habet
602 3359 764 3415 Pater
793 3375 926 3414 cum
960 3357 1125 3413 Filio.
1160 3359 1312 3430 [307]
1343 3359 1402 3413 Si
1434 3358 1567 3430 quis
1597 3358 1755 3413 enim
1786 3373 1850 3413 ex
1884 3357 2047 3412 Patre

394 3449 573 3502 veluti
606 3447 814 3514 Filius,
843 3449 902 3502 id
935 3453 992 3503 et
1024 3447 1177 3502 Patri
1218 3446 1719 3502 consubstantiale
1768 3451 1876 3514 est,
1911 3447 2049 3517 quia

395 3537 537 3590 illud
571 3551 639 3589 ex
669 3536 926 3591 essentia
954 3535 1140 3590 Patris
1179 3543 1284 3602 est,
1317 3551 1433 3589 non
1466 3551 1599 3589 vero
1631 3535 1676 3590 si
1723 3537 1858 3606 quid
1907 3552 2046 3591 con-

397 3625 786 3681 substantiale
820 3629 908 3680 est
930 3641 1060 3679 cum
1095 3623 1310 3696 aliquo,
1343 3624 1452 3680 hoc
1485 3624 1660 3680 veluti
1693 3633 1749 3680 et
1787 3643 1854 3682 ex
1887 3629 2049 3683 Patre

394 3717 658 3785 ejusdem
684 3717 948 3770 essentia:
979 3721 1088 3770 est.
1120 3715 1213 3770 Sic
1245 3715 1425 3786 igitur
1454 3723 1508 3770 et
1549 3715 1788 3786 Spiritus
1817 3719 2045 3772 consub-

391 3805 672 3862 stantiatis
693 3807 769 3860 est
800 3805 941 3859 Filio
962 3821 983 3866 ;
1015 3805 1145 3876 quia
1175 3820 1246 3859 ea:
1273 3806 1513 3860 essentia
1535 3810 1610 3860 est
1641 3804 1784 3860 Filii
1807 3822 1825 3865 :
1854 3813 1910 3860 at
1939 3823 2048 3862 non

393 3899 525 3970 quia
572 3894 1058 3953 consubstantialis
1114 3894 1276 3961 Filio,
1311 3893 1435 3949 ideo
1489 3902 1539 3949 et
1569 3911 1642 3950 ex
1673 3894 1836 3951 Filio.
1871 3895 2046 3950 Nam-

395 4002 508 4057 que
538 3985 585 4041 si
629 3985 685 4040 id
744 3988 920 4053 esset,
967 3987 1205 4039 essetet
1245 3997 1313 4037 ex
1362 3981 1580 4054 Spiritu
1631 3984 1831 4051 Filius,
1866 3984 2045 4056 siqui-

393 4077 520 4131 dem
554 4089 622 4130 ea
661 4091 788 4146 quae
817 4073 1085 4143 ejusdem
1129 4073 1392 4128 essentiaa
1443 4076 1602 4141 sunt,
1636 4073 1787 4128 inter
1817 4091 1879 4129 se
1909 4091 2046 4129 con-

392 4170 698 4220 vertuntur
733 4164 828 4235 (ι).
865 4185 893 4213 ››
944 4162 1217 4218 Similiter
1277 4167 1334 4218 et
1391 4161 1487 4217 alii
1547 4163 1814 4220 catholici
1868 4164 2047 4220 Graeci

393 4255 714 4311 decernunt
762 4254 856 4324 (2).
902 4252 1056 4307 Nulli
1116 4269 1254 4308 sane
1301 4255 1698 4309 controversiae
1751 4254 1808 4309 id
1858 4259 2047 4326 potest

393 4357 518 4398 esse
564 4342 902 4409 obnoxium,
937 4339 1492 4397 consubstantialem
1531 4341 1657 4398 ideo
1709 4359 1883 4398 unam
1917 4361 2043 4414 per-

393 4447 598 4488 sonam
622 4445 750 4486 esse
781 4429 968 4496 alteri,
1003 4430 1133 4500 quia
1163 4428 1324 4484 illam
1357 4430 1510 4485 inter
1540 4434 1595 4485 et
1623 4431 1771 4487 hanc
1802 4433 2046 4504 originis

393 4537 576 4578 nexus
608 4519 930 4576 intercedat
959 4525 1017 4574 et
1046 4519 1283 4575 Patrum
1315 4519 1578 4574 doctrina
1609 4520 1847 4576 omnino
1872 4523 2044 4592 plana

393 4618 501 4680 est,
536 4609 832 4684 ὁμοούσιον
870 4607 960 4662 τὸν
1009 4607 1129 4661 Υἰὸν
1181 4611 1260 4679 τῷ
1302 4609 1472 4684 Πατρί
1516 4608 1668 4682 εἶναι,
1701 4607 1783 4663 ὅτι
1832 4607 1881 4678 ἐξ
1943 4611 2042 4665 αὖ·

392 4701 548 4768 τοῦἢ
591 4698 639 4768 ἐξ
674 4699 858 4761 οὐσίας
905 4697 1070 4752 αὐτοῦ
1118 4695 1279 4752 ἐστίν.
1313 4699 1373 4753 Id
1425 4699 1741 4755 ostendunt
1785 4703 2044 4759 testimo-

466 4827 548 4902 (i)
577 4825 717 4902 Ε’ἶπςι
773 4827 877 4902 γὰρ
1037 4822 1413 4902 τοῦ-Πέγςρὸς,
1465 4822 1538 4902 ᾡς
1598 4823 1626 4877 ὁ
1684 4825 1833 4902 ring,
1881 4829 2042 4881 τοῦτο

393 4893 484 4951 καῖ
528 4893 819 4971 euacuatos
999 4898 1168 4971 llafcpi
1193 4893 1420 4971 _8ta‘t__'co
1472 4893 1547 4971 ἐκ⁸
1579 4901 1680 4971 γῆς
1714 4897 1898 4971 codici:
1946 4903 2042 4952 τοῦ

397 4964 607 5042 Harpe:
648 4969 784 5022 εἶναι
815 4964 948 5022 αὐτό
981 4985 994 5002 °
1042 4964 1245 5041 οὗ’μήν
1300 4964 1348 5021 e'i
1377 4987 1428 5021 τι
1461 4967 1552 5022 καὶ
1585 4968 1612 5020 ὁ
1668 4969 1880 5022 οοῦσιόν
1913 4990 2040 5040 τινι,

397 5041 558 5092 τοῦτο
588 5039 675 5092 καὶ
709 5040 782 5092 ὡς
811 5038 870 5092 ἐκ
904 5041 1111 5092 llatae:
1159 5043 1256 5092 τοῦ
1289 5039 1589 5092 ὁιωουσῖου
1618 4989 1757 5092 facit:
1795 5060 1808 5075 ο
1859 5041 1948 5092 καὶ
1979 5043 2040 5092 τὸ

393 5038 558 5094 tauro
588 5039 675 5094 καὶ
709 5040 782 5100 ὡς
811 5038 870 5113 ei
904 5041 1111 5113 Πατρὸς
1141 5038 1256 5095 ⁷τοῦ
1289 5038 1757 5113 ὁμρουσῖρρ-ἐστ-ίν
1795 5060 1808 5075 ο
1829 5041 1948 5113 ⁸καὶ
1979 5038 2042 5096 τὸ

398 5115 613 5186 Πνεῦμα
659 5115 817 5186 γοῦνΔ
849 5107 1140 5186 ὁμοούξιον
1168 5116 1276 5186 fctis
1319 5107 1460 5186 Ϊὶῷ,
1515 5107 1642 5186 ἀλλ’
1683 5110 1765 5166 ὅτι
1824 5110 1885 5186 ἐκ
1940 5120 2040 5186 τῆς

395 5181 578 5257 gesta:
616 5181 717 5237 τόῦ
762 5181 893 5257 l‘ioii
924 5201 936 5214 ·
992 5182 1056 5237 οὐ
1092 5185 1220 5257 ,μὴν
1256 5181 1394 5257 dies}.
1442 5182 1741 5257 ὁμθςλύιττιονΔ
1780 5181 1858 5257 τῷ
1907 5185 2039 5257 Υἱῷ,

395 5251 487 5308 διὰ
512 5258 674 5340 toﬁ-ro
835 5251 894 5307 ἐκ
919 5257 1016 5344 ’Ξοῧ
1048 5251 1173 5336 Tini
1204 5274 1216 5286 ο
1329 5255 1432 5344 γὰρ
1463 5251 1524 5308 ἂν
1546 5254 1625 5342 ,ἦν
1657 5253 1747 5342 nec?
1781 5251 2040 5344 éé‘llvs‘d;

398 5347 568 5404 prato:
614 5328 652 5404 _6
710 5325 858 5404 Tioq,
908 5324 1054 5398 εἴπερ
1113 5324 1447 5404 ἀντιςτρὲφὲι
1506 5327 1568 5380 τὸ
1619 5328 1754 5400 πρὸς
1813 5324 2040 5397 ἄλληλα

395 5396 572 5453 ὰύτῶν
607 5396 925 5470 ὁμοούσιον.

467 5473 544 5543 ‘2)
574 5468 658 5529 Cf.
699 5468 1117 5543 Allat.AVindic.
1148 5486 1269 5543 syri.
1303 5469 1436 5543 Eph.
1469 5486 1520 5524 c.
1555 5471 1642 5537 45,
1685 5487 1743 5542 p.
1775 5470 1882 5526 219
1910 5488 2034 5543 seq.

391 5541 594 5615 Georg.
657 5541 960 5615 Metocbit.
999 5546 1189 5597 contra
1218 5541 1452 5597 Manuel.
1496 5541 1736 5599 Creten}.
1779 5559 1829 5600 c.
1859 5544 1914 5599 5.
1949 5541 2035 5614 (G.

393 5615 465 5674 0.
499 5613 572 5684 Il,
607 5633 661 5686 p.
693 5615 800 5669 972
830 5613 972 5686 seq.)
1958 5613 1963 5614 ί

461 5689 541 5778 ς3)
573 5690 785 5746 Beccus
814 5687 1031 5814 (\Epigr.
1065 5699 1163 5773 χιε
1205 5682 1265 5739 G.
1309 5682 1374 5738 0.
1408 5683 1480 5753 II,
1512 5701 1568 5756 p.
1599 5686 1778 5772 619).:
1813 5683 1883 5742 Et
1929 5686 2034 5762 γὰρ

393 5781 490 5814 ιτα
520 5757 692 5814 ἄλλον
741 5778 865 5814 τινα
912 5756 944 5814 λ
983 5775 1080 5814 γον
1131 5753 1596 5814 δμοουσιότητος.
1631 5755 1833 5814 ὁποιός
1883 5754 2034 5814 ἐστιν

387 5753 490 5819 οιτᾶ
520 5753 692 5818 ἄλλον
741 5753 1080 5840 uva—1310i;
1131 5753 1596 5831 ὅμοουσιότητὸς,
1631 5753 1833 5821 ὁπὸῖός
1883 5753 2034 5814 ἐᾰτιζι

2156 1929 2249 1984 nis
2280 1931 2349 1984 ad
2383 1929 2663 2002 originem
2689 1933 3009 2002 spectantis
3033 1949 3101 1988 ex
3123 1932 3432 1990 homousia
3463 1933 3587 1990 ﬁeri
3613 1951 3813 2007 posse,

2158 2036 2271 2074 non
2323 2035 2422 2089 pro
2458 2018 2633 2074 insita
2667 2020 2934 2076 vocabuli
2976 2022 3163 2094 ipsius
3193 2022 3269 2090 vi,
3303 2024 3402 2078 sed
3436 2040 3537 2094 pro
3589 2024 3816 2081 ratione

2154 2125 2220 2165 ac
2277 2115 2488 2164 natura
2548 2109 2852 2166 Trinitatis
2903 2111 3066 2182 juxta
3134 2113 3418 2184 principia
3484 2112 3820 2186 theologica

2151 2199 2389 2254 omnino
2421 2203 2597 2254 certa.
2631 2200 2754 2264 Quo
2789 2198 2898 2255 ista
2937 2201 3239 2257 Ratramni
3289 2201 3581 2273 pertinere
3625 2203 3820 2259 viden-

2152 2292 2246 2343 tur
2289 2287 2330 2358 (l
2367 2305 2430 2354 ιι,
2457 2305 2507 2343 c.
2541 2289 2594 2356 3,
2634 2305 2690 2360 p.
2723 2289 2848 2359 252)
2873 2306 2886 2344 :
2916 2312 2944 2340 «
2967 2291 3354 2346 Monstratum
3387 2291 3590 2364 igitur,
3624 2292 3695 2348 ab
3745 2309 3816 2350 eo

2150 2376 2341 2450 (Filio)
2396 2379 2705 2448 procedere
2743 2378 3050 2450 Spiritum,
3083 2380 3250 2451 cujus
3295 2385 3384 2436 est
3441 2390 3658 2437 naturae
3710 2398 3816 2440 seu

2152 2466 2491 2522 substantia?
2516 2482 2529 2533 ;
2553 2484 2723 2538 neque
2751 2470 2900 2524 enim
2937 2473 3110 2540 potest
3157 2469 3394 2542 ejusdem
3451 2477 3676 2527 naturas
3707 2489 3815 2529 seu

2151 2556 2505 2626 substantiae,
2547 2557 2704 2628 cujus
2744 2563 2819 2613 est
2848 2559 3047 2625 Filius,
3078 2575 3196 2615 esse
3237 2557 3562 2632 (ὁμοούσιον
3594 2564 3674 2632 τῷ
3703 2562 3820 2633 Υἱῷ

2153 2641 2338 2715 εἶναι),
2365 2647 2480 2699 nisi
2508 2645 2761 2716 procedat
2792 2647 2865 2701 ab
2887 2645 3012 2703 illo.
3052 2670 3081 2697 »
3113 2647 3223 2712 Qui
3257 2649 3404 2705 hanc
3436 2649 3822 2720 posteriorem

2153 2732 2472 2789 illationem
2499 2751 2614 2790 non
2640 2735 2982 2804 admittunt,
3001 2736 3144 2792 illud
3167 2737 3414 2794 maxime
3429 2749 3728 2808 verentur,
3762 2744 3824 2798 ut

2154 2838 2219 2877 ex
2254 2824 2418 2878 Becco
2451 2823 2641 2879 videre
2671 2824 2823 2889 licet,
2860 2842 2930 2880 ne
2962 2833 3014 2880 et
3048 2827 3288 2897 Spiritui
3322 2835 3524 2883 sancto
3558 2822 3820 2901 προϐολή

2157 2911 2487 2966 ascribatur
2518 2928 2658 2967 neve
2690 2909 2737 2980 ἐξ
2771 2910 3038 2982 ἀλλήλων
3069 2919 3186 2970 tres
3209 2933 3468 2988 personae
3496 2917 3578 2972 ita
3607 2918 3822 2974 existi-

2161 3005 2416 3066 mentur,
2437 3006 2498 3056 ut
2530 3001 2800 3072 quaelibet
2821 3020 3067 3074 persona
3086 3004 3325 3062 alterius
3345 3006 3624 3062 habeatur
3647 3007 3820 3077 prin-

2160 3088 2376 3159 cipium
2409 3094 2464 3144 et
2482 3091 2773 3162 reciproca
2798 3094 3095 3162 productio
3113 3096 3546 3152 statuatur.Sed
3572 3113 3685 3152 non
3714 3099 3823 3154 nd-

2158 3183 2388 3233 vertunt
2419 3179 2660 3235 minime
2690 3181 2780 3252 agi
2807 3183 2876 3237 de
2906 3187 3106 3238 mutua
3138 3184 3535 3256 productione,
3561 3203 3686 3258 qua:
3706 3188 3816 3242 ab-

2157 3267 2400 3322 surdum
2426 3269 2800 3336 includit,sed
2823 3271 2890 3324 de
2913 3270 3250 3328 habitudine
3273 3289 3338 3328 ac
3360 3291 3508 3329 nexu
3537 3276 3814 3348 originis,

2159 3371 2272 3426 quo
2307 3373 2418 3411 una
2437 3373 2682 3429 persona
2699 3358 2960 3428 alterius,
2976 3375 3102 3429 quae
3122 3361 3170 3415 ei
3189 3363 3706 3420 consubstantialis
3729 3365 3817 3420 di-

2159 3446 2332 3514 citur,
2350 3447 2432 3500 vel
2451 3447 2796 3520 principium
2815 3454 2902 3504 est
2916 3452 3001 3504 vel
3020 3449 3090 3505 ab
3106 3466 3171 3504 ea
3188 3451 3558 3523 principiata.
3578 3454 3812 3510 Manuel

2157 3535 2412 3600 Calecas,
2433 3535 2736 3592 Bessarion
2760 3543 2814 3593 et
2846 3539 3172 3594 Demetrius
3203 3540 3500 3610 Cydonius
3530 3544 3816 3614 duplicem

2157 3631 2423 3680 statuunt
2453 3627 3121 3684 oonsubstantialitatem
3148 3630 3275 3699 jam
3307 3647 3339 3685 a
3371 3634 3552 3687 Becco
3575 3633 3656 3705 (3)
3678 3634 3819 3690 insi-

2157 3720 2420 3782 nuatam,
2457 3715 2778 3787 docentque
2806 3717 3058 3788 primum
3090 3719 3217 3788 ejus
3243 3735 3428 3791 genus
3459 3723 3528 3776 de
3559 3721 3633 3778 iis
3666 3740 3816 3794 pras-

2156 3804 2356 3872 dicari,
2401 3821 2527 3875 quae
2585 3806 2851 3860 eamdem
2885 3806 3103 3863 habent
3144 3813 3430 3876 naturam,
3469 3811 3579 3866 etsi
3624 3828 3815 3868 unum

2156 3893 2226 3947 ab
2255 3892 2368 3948 alio
2400 3898 2744 3965 prognatum
2780 3911 2893 3950 non
2916 3895 3108 3964 fuerit,
3133 3901 3194 3951 ut
3227 3899 3437 3954 Petrus
3467 3903 3525 3954 et
3546 3900 3816 3969 Paulus;

2157 3981 2402 4037 alterum
2436 3998 2567 4038 vero
2598 3998 2784 4054 genus
2807 4001 2988 4040 unum
3023 4001 3153 4041 cum
3188 3985 3366 4042 altero
3399 3987 3480 4043 ita
3510 3989 3812 4060 copulare,

2156 4075 2220 4126 ut
2249 4087 2349 4141 per
2377 4071 2572 4142 ipsum
2605 4076 2707 4127 aut
2735 4089 2803 4128 ex
2843 4075 2966 4146 ipso
2999 4075 3346 4132 naturaliter
3391 4078 3687 4135 exsistcns
3744 4097 3812 4136 ac

2154 4159 2512 4216 substantive
2561 4162 2756 4232 (Allat.
2794 4163 2949 4218 Vind.
2981 4181 3104 4236 syn.
3137 4165 3272 4237 Eph.
3307 4183 3356 4223 c.
3398 4167 3490 4238 46,
3526 4184 3583 4239 p.
3637 4170 3812 4242 227);

2153 4249 2259 4304 hoc
2290 4250 2572 4321 posterius
2603 4267 2789 4323 genus
2821 4255 3047 4324 proprie
3077 4253 3221 4311 illud
3255 4271 3467 4312 nomen
3491 4256 3605 4312 sibi
3632 4274 3816 4314 mere-

2155 4338 2221 4404 ri,
2247 4345 2301 4394 et
2333 4340 2728 4397 solumlocum
2755 4342 3042 4400 haberein
3075 4344 3312 4413 divinis,
3338 4349 3402 4401 ut
3423 4345 3812 4420 Calecas(lib.

2154 4443 2214 4495 ιι,
2232 4445 2284 4499 ρ.
2310 4429 2436 4500 407)
2458 4431 2693 4501 exponit
2723 4430 2822 4503 (4).
2849 4433 2960 4488 Sed
2995 4435 3390 4491 necessarium
3415 4453 3528 4492 non
3554 4436 3814 4508 videtur,

2151 4519 2358 4589 duplex
2409 4519 2558 4591 [309]
2591 4522 2943 4578 consubslan
2958 4524 3224 4581 tialitatis
3255 4541 3442 4597 genus
3477 4543 3817 4595 secernere,

2151 4623 2352 4663 verum
2376 4609 2738 4666 solummodo
2768 4611 3127 4686 distinguere
3159 4613 3310 4670 inter
3340 4615 3594 4672 nativam
3655 4620 3817 4674 vocis

2152 4695 2632 4767 significationem
2656 4703 2713 4754 et
2743 4716 2895 4771 eam,
2925 4719 3050 4774 quae
3083 4718 3150 4757 ex
3172 4703 3434 4773 subjecto
3468 4703 3815 4762 attributio-

2153 4819 2181 4898 ῥ
2213 4819 2334 4898 resp}
2361 4817 2688 4898 _3'So__':t_va_iv
2720 4823 3031 4898 ὁμοουᾳςίων
3083 4823 3402 4898 λεγόμενος,
3445 4824 3497 4880 ἐν
3550 4827 3641 4890 οἷς
3672 4826 3816 4898 ηοῦχ

2153 4847 2181 4873 υ
2213 4847 2334 4894 περι
2385 4847 2480 4875 ουο
2527 4847 2688 4877 τινων
2720 4847 3031 4897 ομοουσιων
3083 4847 3144 4881 Λε
3183 4847 3402 4898 ομενος,
3445 4847 3497 4880 εν
3550 4847 3641 4890 οις
3704 4849 3811 4883 ουκ

2152 4887 2401 4970 ἔσΞιλδρᾶμ
2429 4896 2524 4946 τοῦ
2554 4894 2758 4970 ἑτέρου
2797 4897 2859 4951 τὸ
2907 4895 3110 4970 ἕτερον,
3148 4847 3223 4968 ἴῆν
3273 4899 3334 4954 τὸ
3387 4901 3613 4970 Πνεῦμα.-
3654 4896 3811 4954 ’ἴδιον

2150 4963 2433 5038 τοῦ-Ποῦ,
2482 4964 2570 5018 καὶ
2629 4963 2688 5020 ea
2726 4971 2826 5031 τῆς
2887 4963 3221 5031 οὐσίας’τόῦ
3279 4963 3543 5038 Υἱοῦ,ἦν’
3588 4968 3651 5023 ἂν
3713 4972 3810 5024 καὶ

2153 5035 2180 5089 ὁ
2212 5034 2336 5112 Hoc
2389 5031 2670 5112 idtoq‘toﬁ
2724 5041 3035 5112 Πνεῦματος
3077 5042 3165 5096 καὶ
3217 5042 3275 5095 ἐκ
3319 5031 3425 5110 τῆξ
3469 5031 3663 5103 edcta:
3704 5045 3811 5097 τοῦ

2152 5107 2490 5189 Πνεύιματος,
2533 5105 2632 5189 ’ξδιᾶ
2685 5112 2754 5189 τᾷ.
2803 5105 3154 5189 ἀνξεξᾳτρέφον
3200 5119 3300 5182 τῆς
3349 5105 3612 5182 pomum:
3662 5115 3812 5186 ὁμο-

2153 5181 2496 5261 οξεσίότηῖοις,
2529 5181 2660 5261 ὅηερ
2693 5180 2814 5237 οὔτε
2861 5165 3229 5261 ἐρῥὲᾦηὶςπαρὰ
3256 5165 3581 5261 ’τινοςῃτῶὗ
3627 5165 3806 5261 sitiam

2152 5246 2276 5328 oio'gs
2307 5246 2605 5328 prjﬂiﬁcstai
2632 5246 2765 5308 ima
2792 5297 2819 5328 ί.
2865 5246 2899 5312 .’
2923 5246 2938 5312 ί
2980 5258 3015 5326 ἡ
3041 5246 3106 5311 ’δὲ
3134 5246 3376 5328 tend-:7)
3430 5246 3817 5328 ὁμοουσιότης

2151 5318 2284 5399 οὐδξ
2305 5318 2508 5399 nepita:
2535 5325 2929 5399 ῥμοουσιότης,
2961 5318 3014 5384 κί
3046 5349 3096 5384 τ.
3132 5327 3187 5384 λ.

2220 5395 2296 5472 (4)
2347 5396 2480 5472 Quae
2538 5395 2826 5472 Petavius,
2861 5395 2933 5456 ne
2966 5404 3116 5458 Trin.
3177 5417 3274 5467 vn,
3315 5416 3368 5457 c.
3407 5400 3460 5466 4,
3496 5417 3553 5456 n.
3586 5400 3679 5467 41,
3714 5401 3816 5472 12,

2148 5465 2220 5520 de
2247 5466 2446 5547 basilii
2477 5476 2532 5522 et
2560 5469 2755 5547 Cyrilli
2789 5475 3042 5547 textibus
3083 5473 3177 5529 hic
3206 5465 3418 5547 adduci
3448 5465 3816 5547 solitis—disi-

2149 5543 2306 5607 serit,
2357 5555 2422 5594 ea
2460 5555 2573 5595 non
2625 5544 2918 5616 immerito
2956 5563 2992 5600 a
3031 5544 3280 5616 cordatis
3321 5543 3640 5616 Theologis
3670 5549 3812 5600 tan-

2147 5623 2328 5680 quam
2371 5614 2688 5689 nonﬂsat‘is
2725 5621 2991 5689 accurata
3035 5615 3316 5689 expositio
3365 5614 3810 5689 traducuntpr;

2146 5679 2331 5764 neque
2371 5683 2583 5764 allatio
2631 5684 2775 5744 locis
2831 5687 2953 5746 citt.
3013 5679 3210 5750 debita
3265 5701 3498 5760 semper
3547 5679 3812 5764 expiasti

2145 5758 2356 5825 praesto
2384 5754 2514 5811 fuit.
