4090 6228
250 323 368 384 525

963 326 1063 386 DE
1104 329 1168 388 S.
1217 327 1417 390 SPIR.
1466 326 1993 392 MYSTAGOGIA.
2046 357 2121 368 —-
2163 325 2932 400 ANIMADVERSIONES.

3537 342 3655 401 526

252 455 350 512 nis
378 455 567 514 eidem
591 457 831 516 accedit.
861 458 1142 534 Theologi
1167 461 1471 518 formalem
1502 462 1892 518 consubstan-
1933 461 1987 527 Α
2014 459 2172 516 Patri
2201 461 2459 532 Spiritus.
2491 464 2792 535 Amplius:
2825 468 3104 532 Quoniam
3137 471 3656 530 consubstantialis

253 547 524 605 tialitatis
547 547 829 607 rationem
852 550 912 605 in
928 553 1420 610 essentiaunitate
1443 557 1749 626 reponunt,
1766 569 1900 610 cau-

255 653 383 692 sam
407 638 764 695 materialem
789 638 848 694 in
863 639 1250 712 hypostaseen
1267 642 1620 714 pluralitate,
1642 643 1899 698 efﬁcien-

255 729 376 784 tem
406 743 541 784 vero
572 729 632 784 in
660 727 1004 786 habitudine
1026 731 1296 804 principii
1327 736 1384 788 et
1415 731 1767 804 principiati.
1792 731 1907 786 Nec

261 831 463 872 eorum
496 817 866 873 ratiocinatio
896 821 1238 890 spernenda,
1273 837 1389 892 qua
1411 822 1489 877 ita
1511 819 1904 876 concludunt:

263 905 426 970 Quod
474 905 524 962 si
573 905 728 962 inter
756 907 972 964 divinis
1005 925 1276 978 personas
1326 909 1908 966 consubstantialitas

263 994 634 1066 pradieatur,
661 1012 726 1053 ea
754 996 889 1054 inde
920 998 1124 1065 oritur,
1158 999 1312 1070 quod
1346 1016 1526 1056 nexus
1548 999 1792 1071 originis
1815 1000 1905 1054 in-

258 1087 352 1140 ter
398 1101 493 1141 eas
545 1085 886 1155 intercedit;
934 1088 1178 1158 proinde
1225 1088 1276 1144 si
1324 1089 1507 1145 Filius
1555 1093 1612 1144 et
1652 1088 1907 1161 Spiritus

256 1173 416 1232 inter
443 1190 506 1232 se
528 1175 1065 1233 consubstantiales
1087 1177 1388 1251 dicuntur,
1411 1178 1555 1235 ratio
1577 1195 1645 1234 ex
1667 1176 1906 1250 originis

257 1280 410 1322 nexu
437 1264 518 1321 ita
539 1265 868 1337 repetenda.
901 1270 968 1322 ut
997 1282 1148 1323 unus
1178 1268 1248 1322 ad
1277 1266 1525 1324 alterum
1558 1271 1623 1323 ut
1651 1267 1722 1322 ad
1748 1266 1906 1339 prin-

255 1354 478 1426 cipium
510 1355 813 1411 referatur.
846 1355 992 1412 Cum
1023 1373 1180 1428 vero,
1221 1357 1537 1430 quominus
1580 1355 1708 1412 Filii
1739 1357 1906 1413 dica-

255 1458 396 1500 mus
426 1442 776 1515 principium
806 1444 1090 1516 Spiritum
1123 1449 1389 1502 sanctum
1433 1445 1576 1502 ordo
1605 1445 1906 1501 Trinitatis

254 1533 585 1604 prohibeat,
635 1533 848 1590 Filium
899 1534 1150 1607 Spiritus
1196 1535 1383 1592 sancti
1419 1534 1769 1607 principium
1801 1535 1908 1591 ha-

255 1623 502 1678 beamus
551 1626 778 1694 oportet
827 1623 936 1695 (Cf.
981 1623 1308 1681 Bessarion.
1364 1624 1457 1682 0r.
1512 1623 1688 1695 dogm.
1736 1639 1786 1680 e.
1833 1626 1902 1694 6;

255 1711 432 1767 Bard.
466 1710 559 1780 1x,
591 1711 878 1784 353-356).

2008 553 2098 605 est
2141 550 2390 622 Spiritus
2423 553 2600 620 Patri,
2635 571 2748 612 non
2780 555 2974 614 diti'ert
3003 575 3036 612 a
3078 557 3286 626 Patre;
3326 575 3458 632 ergo
3508 577 3657 632 quo-

2009 641 2168 697 niam
2240 645 2518 715 procedit,
2589 663 2701 702 non
2751 653 2838 702 est
2900 649 2952 703 ei
3009 646 3544 708 consubstantialis.
3587 655 3662 708 At

2017 731 2310 788 enimvero
2368 733 2638 804 quamvis
2723 736 2910 805 detur,
2990 739 3662 799 consubstantialitatem

2019 821 2254 888 praecise
2285 839 2384 892 per
2413 837 2475 878 se
2507 828 2826 894 spectatam
2863 842 2977 882 non
3022 827 3210 884 dicere
3241 845 3450 886 nexum
3482 831 3664 903 origi-

2016 908 2124 977 nis,
2176 914 2232 966 et
2285 928 2417 968 cum
2452 929 2567 969 una
2615 914 2868 971 essentia
2908 915 2982 971 sit
3031 915 3091 973 in
3141 917 3330 973 tribus
3379 924 3662 992 personis,

2016 1000 2204 1070 quoad
2238 1017 2404 1056 suam
2427 1003 2834 1074 quidditatem,
2859 1020 2984 1061 eam
3009 1023 3123 1063 non
3155 1007 3442 1078 asquivoce
3473 1011 3544 1066 de
3567 1011 3662 1068 iis-

2016 1087 2149 1144 dem
2193 1091 2534 1160 pradicari:
2583 1097 2834 1151 attamen
2875 1097 3019 1152 ratio
3077 1096 3140 1152 ob
3189 1114 3357 1168 quam
3415 1099 3664 1155 habetur

2018 1178 2296 1252 distingui
2348 1181 2518 1252 plane
2565 1186 2759 1254 potest
2808 1184 2868 1238 in
2922 1184 3194 1256 singulis,
3253 1190 3312 1242 et
3368 1187 3662 1244 immerito

2017 1283 2256 1338 prorsus
2299 1275 2563 1341 negatur,
2596 1270 2758 1327 illam
2790 1289 2923 1329 cum
2947 1273 3287 1330 habitudine
3309 1275 3574 1346 principii
3606 1281 3664 1338 et

2015 1355 2345 1429 principiati
2376 1361 2636 1416 connecli
2668 1370 2721 1417 et
2768 1379 2836 1417 ex
2883 1362 2987 1418 hac
3028 1363 3098 1418 ad
3142 1363 3301 1419 illam
3332 1364 3662 1422 conclusio-

2017 1460 2148 1500 nem
2181 1446 2330 1518 [3tt]
2365 1447 2697 1520 ﬁeriposse,
2723 1465 2848 1522 quae
2873 1449 3152 1506 tamenin
3173 1451 3404 1508 Patrum
3427 1454 3664 1526 scriptis

2015 1549 2411 1605 saepenumero
2443 1537 2698 1594 occurrit
2726 1539 2776 1609 (§
2803 1538 2916 1610 20).
2965 1538 3278 1596 Confundit
3316 1541 3665 1598 Etherianus

2015 1638 2253 1681 causam
2273 1626 2564 1696 formalem
2587 1643 2722 1683 cum
2745 1629 3030 1698 efﬁciente.
3049 1630 3110 1684 In
3127 1629 3388 1702 exemplo
3412 1630 3667 1687 Socratis

2017 1716 2076 1767 et
2106 1712 2386 1783 Platonis,
2445 1718 2595 1787 quod
2657 1717 2845 1788 affert,
2903 1718 3061 1789 prior
3119 1717 3408 1785 habetur;
3461 1720 3562 1774 sed
3609 1718 3669 1774 in

328 1801 421 1857 2t.
469 1775 555 1856 Ex.
585 1800 754 1856 dictis
784 1775 1040 1872 judicari
1091 1806 1284 1874 potest
1323 1804 1394 1858 de
1443 1802 1538 1873 iis,
1569 1819 1692 1872 quae
1741 1802 1907 1874 Hugo
1940 1775 1986 1840 Β
2019 1775 2416 1874 ριόροεὶιὶοῐίθ
2445 1775 2578 1860 illa:
2605 1775 3051 1878 Spirituin‘esse
3081 1807 3234 1863 Patri
3265 1775 3666 1865 consubstan-

255 1889 611 1946 Etherianus
641 1890 703 1961 (l.
742 1892 812 1959 lI,
843 1907 892 1948 c.
925 1891 1017 1958 20,
1053 1909 1108 1961 p.
1133 1892 1294 1964 1235)
1325 1897 1525 1947 contra
1556 1891 1701 1947 illud
1729 1908 1913 1947 asser-

250 1985 380 2035 tum
411 1996 518 2036 non
542 1979 724 2036 eodem
752 1986 915 2050 pacto
943 1981 1215 2052 Spiritum
1251 1982 1770 2038 consubstantialem
1801 1981 1912 2037 diei

249 2070 422 2136 Filio,
455 2085 556 2142 quo
584 2069 1072 2126 consubstantialis
1100 2070 1312 2127 dicitur
1334 2073 1520 2139 Patri,
1556 2071 1614 2126 in
1646 2071 1911 2126 medium

246 2157 487 2228 profert.
520 2178 548 2207 «
580 2159 652 2212 At
682 2173 838 2224 vero,
872 2157 972 2223 ait,
1011 2157 1155 2214 mihi
1194 2158 1421 2214 videtur
1460 2175 1576 2213 non
1608 2162 1764 2214 recte
1793 2158 1908 2216 dici

247 2245 753 2303 consubstantiale
786 2246 1088 2318 pradicari
1135 2249 1406 2320 zquivoce
1444 2247 1514 2302 de
1544 2247 1732 2303 tribus
1772 2263 1907 2318 per-

243 2335 436 2393 sonis.
461 2335 933 2393 Inconvenientia
950 2336 1108 2393 enim
1141 2341 1468 2408 sequuntur
1493 2339 1548 2392 et
1573 2336 1649 2391 im
1662 2336 1904 2408 possibi-

246 2425 331 2480 lia
359 2423 631 2496 quamvis
663 2423 938 2496 plurima.
963 2424 1106 2481 Nam
1131 2427 1186 2482 si
1202 2425 1445 2498 Spiritus
1473 2424 1906 2482 consubstantia-

240 2515 314 2570 tis
345 2522 422 2570 est
454 2515 626 2581 Patri,
656 2529 716 2570 eo
747 2513 888 2586 quod
917 2530 986 2571 e1:
1014 2515 1156 2586 ipso,
1190 2517 1502 2586 procedere
1537 2515 1905 2572 substantiate

245 2608 338 2660 est
385 2602 648 2676 Spiritui.
681 2603 911 2660 Etenim
964 2605 1013 2660 si
1060 2605 1322 2661 Socrates
1369 2604 1596 2660 Platoni
1648 2605 1899 2661 consub-

245 2691 565 2759 stantialis,
615 2691 756 2764 quia
796 2693 1099 2750 rationalis
1128 2698 1238 2761 est,
1295 2694 1580 2750 ambobus
1630 2693 1902 2750 rationale

251 2780 936 2838 substantialiterinesse
981 2783 1293 2853 contingit;
1325 2787 1382 2838 at
1409 2799 1542 2838 vero
1591 2783 1900 2855 procedere

245 2889 443 2944 neque
490 2871 647 2928 Patri
695 2888 878 2942 neque
937 2872 1078 2928 Filio
1125 2872 1502 2928 substantiale
1548 2879 1671 2941 est;
1719 2872 1899 2945 igitur

248 2977 370 3018 non
400 2964 542 3017 sunt
571 2961 834 3031 ejusdem
869 2966 1088 3016 naturae
1130 2976 1265 3018 cum
1297 2960 1464 3016 Patre
1502 2960 1682 3016 Filius
1721 2969 1896 3032 atque

245 3049 521 3122 Spiritus.
555 3050 720 3114 Quod
766 3049 816 3106 si
856 3066 1056 3106 verum
1101 3054 1345 3121 constet,
1385 3067 1501 3106 non
1553 3059 1689 3106 sunt
1741 3066 1890 3107 unus

1923 3097 1971 3164 C

2020 1893 2216 1948 tialem
2250 1891 2337 1948 διὰ
2365 1893 2428 1948 τὸ
2480 1893 2531 1965 ἐξ
2600 1896 2766 1951 αὐτοῦ
2825 1897 2978 1968 εἶναι,
3036 1915 3214 1954 causa
3271 1900 3550 1958 efficiens.
3586 1905 3669 1957 Ex

2021 1981 2379 2039 immanente
2408 1985 2562 2041 enim
2611 1987 2835 2057 origine
2866 1987 2950 2054 ﬁt,
2986 1992 3050 2042 ut
3095 1987 3274 2043 Filius
3307 2005 3371 2044 ac
3417 1989 3668 2058 Spiritus

2019 2071 2280 2128 eamdem
2339 2072 2591 2129 habeant
2634 2091 2764 2130 cum
2797 2077 2966 2130 Patre
3016 2077 3351 2146 essentiam,
3403 2078 3667 2150 adeoque

2017 2157 2136 2211 sint
2183 2157 2233 2213 ei
2282 2159 2832 2216 consubstantiales.
2881 2160 3196 2218 Procedere
3243 2179 3375 2218 vero
3419 2162 3666 2234 Spiritui

2017 2245 2406 2301 substantiale
2435 2263 2579 2316 esse,
2612 2247 2812 2319 nequit
2841 2246 3013 2318 plane
3035 2249 3266 2314 deduci,
3299 2248 3411 2304 nisi
3445 2249 3503 2304 in
3539 2264 3671 2320 pro-

2017 2333 2276 2390 cessione
2307 2334 2569 2392 formatis
2599 2337 2740 2392 ratio
2773 2336 3288 2394 consubstantialis
3322 2343 3662 2410 reponatur,

2016 2423 2167 2494 quod
2199 2440 2340 2480 sane
2385 2423 2598 2480 falsum
2642 2430 2751 2482 est.
2792 2426 2922 2482 Jam
2975 2426 3118 2483 satis
3158 2428 3490 2484 monuimus
3549 2444 3666 2484 non

2013 2528 2244 2584 semper
2263 2512 2449 2569 solida
2469 2518 2524 2569 et
2539 2519 2808 2570 accurata
2821 2532 2968 2584 esse,
2994 2532 3118 2588 quae.
3132 2515 3348 2572 nobilis
3370 2516 3478 2572 iste
3494 2517 3654 2573 theoc

2011 2600 2684 2673 loguscopiosedisserit,
2710 2604 2844 2660 licet
2875 2606 2933 2662 in
2979 2605 3250 2675 plurimis
3279 2604 3430 2662 felici
3468 2605 3653 2662 Marte

2009 2691 2320 2747 dimicasse
2339 2691 2625 2749 videatur.
2653 2693 2754 2748 Hic
2774 2695 2975 2750 Photio
2999 2695 3431 2752 contradicendi
3452 2697 3656 2752 ardore

2009 2789 2304 2852 correptus
2327 2782 2490 2852 justo
2525 2783 2756 2856 longius
2778 2785 3131 2854 processisse
3161 2785 3444 2841 dicendus
3474 2789 3579 2840 est.

2075 2871 2164 2924 22.
2199 2871 2408 2934 Quzerit
2437 2871 2697 2941 PhOtius,
2731 2889 2856 2944 cap.
2884 2873 2974 2940 39,
3005 2882 3192 2930 utrum
3214 2874 3398 2945 magis
3421 2890 3654 2933 causam

2005 2975 2125 3016 esse
2155 2965 2431 3016 censeant
2484 2961 2690 3030 Latini,
2739 2963 3042 3019 Patremne
3073 2981 3144 3018 an
3189 2963 3416 3020 Filium.
3451 2965 3509 3020 Si
3541 2966 3651 3020 Pa-

2004 3053 2174 3112 trem,
2209 3048 2383 3106 bonor
2412 3048 2507 3105 ille
2548 3049 2690 3105 Filio
2721 3057 3079 3122 praeparatus
3110 3052 3348 3123 spurius
3377 3057 3433 3108 et
3464 3054 3652 3123 magis

245 3143 420 3208 Deus,
463 3137 740 3211 quoniam
788 3139 1285 3195 consubstantiale
1330 3155 1445 3195 non
1491 3139 1790 3212 aequaliter
1835 3145 1892 3196 et
1923 3137 1971 3164 υ
2001 3137 2374 3206 Opprobrium
2407 3138 2518 3192 erit
2547 3137 2692 3209 ipsi;
2726 3140 2770 3193 si
2813 3155 2944 3196 vero
2977 3140 3210 3208 Filium,
3261 3140 3540 3212 gravioris
3589 3141 3650 3196 id

241 3229 492 3285 nnivoce
514 3229 583 3284 de
607 3227 792 3284 tribus
812 3228 1156 3301 praedicatur
1178 3229 1639 3301 personis.Quod
1664 3229 1895 3301 quidem
2003 3224 2347 3280 temeritatis
2379 3229 2486 3280 est.
2525 3225 2717 3297 Neque
2747 3227 2902 3282 enim
2935 3229 3202 3284 sufficere
3232 3229 3375 3301 ipsis
3407 3244 3650 3286 censue-

239 3327 295 3374 et
343 3318 547 3374 Photio
592 3317 743 3388 [ΜΟ]
782 3317 933 3390 (cap.
977 3318 1072 3389 53)
1118 3317 1346 3374 videtur
1392 3317 1641 3374 dicenti:
1685 3341 1714 3370 «
1747 3318 1892 3374 Con-

234 3405 623 3464 substantiale
649 3407 891 3478 quidem
923 3406 1165 3463 omnino
1198 3409 1268 3463 ad
1289 3411 1607 3480 utrumque
1637 3407 1896 3475 vocibus,

231 3502 290 3554 et
320 3513 436 3554 non
470 3495 924 3568 significatione,
950 3497 1253 3553 reddimus
1282 3497 1388 3568 (5),
1416 3519 1444 3548 »
1466 3498 1566 3553 sed
1592 3514 1704 3554 non
1729 3497 1896 3554 bene.

235 3591 388 3644 Nam
444 3584 856 3642 substantialis
911 3585 976 3657 (Ι.
1030 3586 1572 3647 consubstantialial
1637 3588 1898 3658 ejusdem

243 3681 387 3733 sunt
417 3675 762 3732 substantias
807 3679 979 3746 atque
1009 3679 1265 3743 naturae;
1299 3690 1423 3747 qua:
1462 3691 1598 3732 vero
1636 3677 1899 3747 ejusdem

241 3764 594 3823 substantia;
645 3767 820 3837 atque
866 3769 1084 3820 naturae
1132 3768 1291 3833 sunt,
1325 3765 1574 3820 eamdem
1613 3765 1898 3820 rationem

240 3853 587 3912 substantias
630 3853 999 3925 suscipiunt;
1032 3869 1211 3924 quare
1242 3853 1353 3924 (ed.
1387 3853 1654 3925 quarum)
1705 3851 1900 3908 omnia

235 3942 764 4002 consubstantialia
780 3942 1046 3998 eamdem
1069 3942 1416 3998 substantiae
1445 3942 1770 4014 suscipiunt
1805 3958 1898 3996 ra-

229 4034 477 4090 tionem.
530 4034 654 4096 Quo
705 4031 790 4100 fit,
840 4036 901 4088 ut
947 4031 1452 4088 consubstantiale
1501 4033 1572 4086 de
1624 4030 1896 4087 omnibus

228 4120 837 4180 consubstantialibus
884 4123 1150 4178 similiter
1190 4126 1246 4178 et
1287 4121 1473 4178 eodem
1503 4121 1660 4177 modo
1707 4137 1894 4176 enun-

233 4211 437 4268 tietur.
469 4211 618 4265 Sane
647 4209 797 4265 sicut
827 4209 1256 4280 specialissima
1281 4210 1504 4283 species
1533 4210 1602 4266 de
1633 4209 1757 4265 suis
1805 4209 1895 4264 in-

237 4300 502 4357 dividuis
542 4298 892 4370 pradicatur
924 4313 938 4352 :
971 4299 1056 4354 sic
1097 4302 1298 4370 utique
1337 4301 1476 4355 Deus
1506 4304 1561 4355 et
1589 4299 1898 4354 substantia

234 4389 306 4448 de
337 4391 534 4446 tribus
564 4389 776 4487 dicitur
823 4389 1112 4487 personis,
1153 4395 1210 4446 et
1242 4391 1733 4461 quemadmodum
1766 4407 1896 4446 om-
1933 4423 1978 4487 Ι)

232 4480 355 4550 nia,
389 4495 524 4552 qua!
558 4477 747 4550 specie
796 4477 1170 4550 participant,
1213 4480 1478 4550 ejusdem
1514 4483 1735 4535 natura
1767 4496 1899 4536 cen-

231 4577 464 4640 entur,
536 4585 604 4626 ae
661 4569 1249 4626 cousubstantialia:
1309 4571 1395 4628 sic
1455 4573 1652 4642 utique
1714 4571 1902 4628 Pater,

233 4660 428 4718 Filius
477 4663 658 4731 atque
705 4658 956 4730 Spiritus
1006 4663 1246 4715 sanctus
1299 4660 1592 4730 aequaliter
1638 4660 1904 4731 ejusdem

237 4752 476 4806 naturae
501 4746 779 4802 dicuntur
811 4750 984 4818 atque
1014 4746 1551 4803 consubstantiales
1583 4747 1906 4804 secundum

235 4835 592 4896 substantia
635 4851 872 4906 nomen,
902 4838 961 4891 et
997 4852 1112 4892 non
1158 4838 1471 4908 atquivoce.
1516 4837 1660 4906 Ergo
1691 4852 1907 4892 secun-

237 4929 384 4985 dum
409 4941 590 4998 quem
623 4925 863 4982 modum
906 4925 1124 4981 dicitur
1151 4925 1404 4998 Spiritus
1434 4925 1907 4983 consubstantia-

234 5016 307 5073 lis
336 5016 524 5082 Patri,
570 5015 895 5072 secundum
937 5015 1207 5071 eumdem
1239 5023 1294 5071 et
1341 5014 1484 5071 Filio
1516 5016 1904 5072 consubstan-

234 5107 395 5171 tialis
461 5109 599 5174 est;
658 5112 711 5160 et
779 5103 932 5161 sicut
1003 5103 1185 5160 Filius
1241 5105 1758 5161 consubstantialis
1817 5109 1906 5160 est

238 5195 516 5270 Spiritui,
549 5193 630 5250 ita
680 5193 930 5264 Spiritus
974 5193 1116 5249 Filio
1165 5198 1223 5250 et
1251 5193 1427 5250 Patri.
1463 5194 1697 5252 Nullam
1745 5193 1902 5249 enim

245 5285 555 5356 possident
594 5283 981 5339 differentiam
1015 5283 1073 5338 in
1106 5299 1194 5350 eo,
1242 5283 1394 5356 quod
1439 5281 1904 5338 consubstantia-

244 5371 358 5445 les;
390 5388 581 5447 quare
639 5388 750 5428 non
795 5375 929 5444 quia
959 5373 1221 5445 procedit,
1282 5371 1771 5430 consubstantialis
1825 5374 1905 5427 est

315 5539 396 5610 (5)
427 5537 572 5608 Cap.
603 5537 668 5610 9t
721 5551 993 5610 expresse
1037 5537 1203 5596 docet
1249 5537 1498 5594 Photius
1530 5552 1544 5594 :
1581 5557 1611 5587 «
1651 5535 1902 5610 Spiritus

251 5608 410 5666 Patri
453 5608 992 5682 consubstantialis,
1024 5611 1160 5681 quia
1188 5626 1258 5667 ex
1303 5610 1432 5682 ipso
1462 5608 1758 5682 procedit;
1800 5608 1903 5664 sed

252 5697 364 5740 non
392 5697 464 5739 ex
490 5697 558 5742 eo
586 5679 831 5754 procedit
851 5683 988 5753 quia
1021 5679 1557 5741 consubstantialis.
1585 5702 1608 5735 ι
1646 5679 1902 5738 Priorem

2006 3315 2123 3370 rint
2178 3315 2249 3371 ad
2323 3314 2658 3387 impietatis,
2718 3334 2892 3389 quam
2955 3318 3293 3388 intendunt,
3350 3336 3651 3378 excessum

2008 3403 2152 3460 Filio
2183 3408 2483 3477 paternam
2516 3405 2913 3463 eausalitatem
2936 3410 3226 3466 ascribere
3246 3425 3488 3482 eamque
3508 3410 3654 3466 divi-

2007 3492 2163 3563 dere,
2198 3493 2312 3549 nisi
2341 3498 2398 3551 et
2427 3496 2682 3566 potiores
2706 3501 2898 3567 partes
2930 3497 3196 3555 auferant
3226 3503 3284 3554 et
3311 3498 3438 3556 loco
3470 3499 3659 3556 Patris

2009 3580 2217 3636 Filium
2253 3582 2492 3654 Spiritui
2527 3584 2879 3656 principium
2911 3591 3194 3643 statuant.
3219 3591 3434 3645 Verum
3468 3605 3659 3661 neque

2006 3671 2101 3727 his
2132 3677 2474 3743 premuntur
2507 3672 2711 3740 Latini,
2737 3675 2838 3746 qui
2872 3676 3044 3732 toties
3075 3675 3390 3745 inculcant,
3422 3677 3659 3750 aequali-

2009 3763 2095 3815 ter
2122 3764 2180 3815 et
2205 3761 2326 3831 pari
2363 3761 2534 3817 modo
2557 3766 2783 3820 Patrem
2816 3767 2872 3818 et
2895 3763 3106 3820 Filium
3131 3780 3260 3822 esse
3281 3767 3656 3838 principium,

2008 3860 2062 3906 et
2109 3850 2300 3905 solum
2351 3856 2590 3908 eatenus
2639 3853 2865 3908 Patrem
2920 3855 3140 3924 primas
3186 3860 3380 3927 partes
3421 3855 3655 3924 habere,

2007 3943 2292 4009 quatenus
2320 3947 2404 3994 est
2431 3939 2554 4010 ipse
2587 3941 2770 4010 prima
2801 3957 2994 4006 causa,
3030 3959 3062 3996 a
3093 3959 3210 4012 qua
3239 3947 3295 3997 et
3316 3942 3495 3998 Filius
3535 3943 3657 4013 ipse

2007 4033 2115 4096 est,
2149 4045 2337 4099 neque
2357 4045 2486 4084 vero
2517 4029 2654 4084 inde
2684 4030 2960 4099 injuriam
2991 4031 3108 4086 fieri
3138 4030 3301 4099 Filio,
3326 4032 3478 4086 sicut
3507 4030 3655 4086 nihil

2007 4134 2136 4174 eum
2171 4118 2342 4183 laedit,
2395 4119 2550 4189 quod
2602 4135 2714 4175 non
2746 4121 2874 4176 sine
2921 4135 3102 4175 causa
3131 4135 3236 4175 nec
3286 4119 3652 4175 innascihilis

2009 4215 2114 4264 est.
2141 4209 2340 4279 Neque
2376 4207 2563 4264 honor
2593 4208 2735 4264 Filio
2767 4209 2940 4265 datus
2971 4210 3205 4281 spurius
3234 4212 3290 4265 et
3329 4208 3400 4264 ab
3441 4208 3656 4265 extrin-

2009 4311 2141 4352 seco
2180 4297 2443 4367 adjectus
2483 4298 2701 4354 censeri
2754 4305 2971 4370 potest;
3016 4299 3133 4355 imo
3167 4297 3550 4363 necessarius,
3591 4313 3662 4354 ex

2009 4385 2240 4440 interna
2290 4385 2582 4456 profectus
2627 4386 2991 4454 necessitate,
3045 4403 3112 4442 ex
3154 4387 3300 4458 ipsis
3330 4385 3660 4442 divinarum

2015 4491 2396 4546 personarum
2432 4475 2817 4531 relationibus
2847 4477 3134 4532 deductus
3165 4480 3274 4545 est,
3313 4480 3376 4531 ut
3404 4475 3658 4532 Catholi-

2007 4555 2214 4622 'corum
2247 4582 2349 4638 pro
2381 4565 2490 4621 hoc
2519 4567 2788 4639 dogmate
2821 4566 3093 4622 universa
3132 4571 3472 4636 argumenta
3502 4581 3662 4621 com-

2016 4658 2357 4711 monstrant.
2392 4654 2593 4712 Nonne
2625 4656 2777 4728 quod
2819 4655 3000 4712 Filius
3039 4657 3186 4710 solus
3216 4656 3280 4712 de
3315 4656 3427 4713 solo
3474 4657 3659 4722 Patre,

2016 4759 2227 4815 magna
2285 4745 2413 4814 ejus
2473 4743 2844 4815 praerogativa
2891 4749 2999 4812 est,
3045 4760 3173 4815 quae
3216 4743 3370 4800 hunc
3424 4743 3663 4802 omnino

2013 4832 2270 4903 exposcit
2300 4831 2578 4887 honorem
2601 4834 2629 4886 ?
2655 4832 2759 4903 (Cf.
2800 4837 2910 4888 art.
2940 4831 3185 4904 praeced.
3219 4831 3249 4905 §
3276 4834 3353 4903 6.)

2086 4919 2233 4992 [312]
2253 4921 2344 4975 23.
2371 4941 2399 4970 ‹‹
2419 4921 2690 4991 Majorem
2706 4920 2920 4988 dicere,
2935 4919 3054 4990 {etsi
3070 4936 3185 4977 non
3208 4924 3414 4978 natura
3431 4920 3664 4996 (apage;

2014 5009 2533 5066 consubstantialis
2565 5010 2721 5066 enim
2755 5014 2840 5066 est
2877 5009 3173 5080 Trinitas),
3205 5026 3404 5068 verum
3446 5013 3665 5068 ratione

2013 5115 2210 5168 causa,
2256 5098 2452 5170 genito
2474 5099 2994 5172 genitorem,docet
3017 5099 3255 5171 quidem
3298 5117 3404 5156 nos
3428 5099 3662 5156 Domini

2013 5204 2121 5244 vox
2168 5189 2346 5260 idque
2405 5189 2585 5244 tradit
2641 5189 2849 5245 exinde
2895 5188 3157 5245 initiatus
3214 5205 3378 5246 sacer
3423 5190 3658 5246 Patrum

2013 5283 2351 5334 nostrorum
2414 5277 2666 5347 chorus;
2718 5297 2895 5337 causae
2931 5288 3125 5338 autem
3187 5285 3404 5339 ratione
3456 5279 3673 5336 Filium

2013 5368 2226 5440 Spiritu
2255 5368 2529 5438 maiorem
2578 5386 2767 5442 neque
2802 5387 2869 5427 ex
2909 5371 3122 5428 divinis
3169 5371 3427 5444 Eloquiis
3460 5369 3664 5427 audire

2015 5531 2469 5610 propositionem
2521 5537 2694 5607 negat
2741 5534 2928 5610 Hugo,
2978 5536 3078 5594 sed
3146 5533 3476 5605 immerito;
3523 5530 3672 5588 alter

2013 5604 2206 5678 potius
2240 5604 2508 5678 neganda
2536 5604 2681 5665 erat.
