4090 6228
400 411 515 472 531

1616 403 1880 464 ΡΗΟῚἸΙ
1927 401 2462 462 ΡΑΤΡιῐΑΡιΟΗΕ
2507 402 2624 462 CP.

3683 403 3811 464 532

390 548 550 605 enim
582 546 717 620 est),
749 545 996 602 alterum
1029 545 1180 619 [3l8]
1212 558 1343 598 vero
1365 557 1432 598 ex
1454 541 1710 597 secundo
1732 546 1786 596 et
1815 539 2040 612 princi-
2073 540 2124 607 Α
2155 538 2288 594 dem
2321 536 2548 609 genitor
2579 540 2684 606 est,
2718 554 2830 594 non
2863 540 3194 611 productor,
3230 538 3484 612 Spiritus
3513 555 3646 596 vero
3678 555 3808 612 pro-

390 637 544 710 picto
575 635 782 709 (neque
813 635 968 691 enim
1017 640 1102 690 est
1149 634 1368 703 absque
1413 629 1720 703 principio)
1770 631 2036 700 spiritum

396 727 704 782 admittere
733 727 967 794 debent)
1001 745 1024 775 η
1063 725 1207 795 (cap.
1243 723 1356 793 43).
1391 721 1602 775 Eadem
1638 722 1856 775 ratione
1886 720 2036 790 apud

391 819 634 874 Beccum
684 816 766 887 (de
810 830 956 886 proc.
1011 813 1208 879 Spirit.
1251 827 1298 865 c.
1347 815 1418 877 6;
1472 810 1508 866 G
1539 808 1598 864 0.
1649 811 1692 875 Ι,
1742 809 1847 862 288
1895 809 2036 880 seq.)

393 906 519 962 hmc
551 904 830 960 dubitatio
862 901 1243 975 proponitur:
1277 899 1332 953 Si
1367 898 1618 971 Spiritus
1669 903 1908 953 sanctus
1941 913 2041 968 per

396 995 605 1051 Filium
639 993 920 1064 procedit,
951 992 1242 1063 quomodo
1276 1005 1393 1045 non
1424 993 1564 1046 sunt
1593 989 1719 1042 dua:
1751 988 2041 1043 exsisten—

398 1085 494 1139 tias
525 1082 824 1156 (ὑπάρξεις)
871 1081 1142 1152 Spiritus,
1195 1079 1376 1135 altera
1426 1095 1495 1133 ex
1541 1079 1731 1146 Patre,
1764 1075 1944 1134 altera
1975 1093 2043 1132 ex

401 1173 592 1229 Filio?
622 1173 726 1229 Cui
768 1171 1076 1241 respondet
1123 1167 1219 1224 ille
1271 1169 1329 1223 id
1380 1167 1755 1240 potissimum
1802 1183 2040 1238 urgens,

399 1279 589 1336 neque
622 1263 681 1317 in
715 1261 890 1316 rebus
921 1257 1296 1314 inferioribus
1327 1264 1381 1309 et
1415 1256 1613 1310 sensui
1645 1255 1948 1326 subjectis,
1981 1256 2042 1309 in

399 1354 611 1428 quibus
641 1355 754 1410 duo
786 1351 1024 1406 elfectus
1055 1347 1500 1420 conspiciuntur
1537 1363 1604 1402 ex
1635 1349 1824 1417 prima
1871 1363 2048 1402 causa

395 1443 821 1516 provenientes,
872 1454 1122 1511 quorum
1178 1453 1332 1492 unus
1383 1452 1485 1508 per
1525 1435 1708 1492 alium
1759 1441 1866 1503 est,
1899 1437 2044 1491 duas

402 1530 653 1606 ὑπάρξεις
693 1530 804 1586 dici
856 1545 1022 1600 posse
1069 1525 1248 1593 illius,
1281 1527 1430 1596 quod
1464 1531 1549 1580 est
1581 1526 1815 1581 tertium
1843 1526 2046 1582 ordine

400 1627 455 1678 et
487 1638 601 1676 non
633 1620 994 1675 continenter
1020 1614 1356 1688 (προσεχῶς)
1387 1631 1453 1670 ex
1485 1615 1673 1686 prima
1702 1631 1881 1670 causa
1909 1614 2046 1669 sub-

399 1711 576 1766 sistit.
611 1731 638 1759 ‹‹
673 1707 854 1764 Dicite
886 1705 1076 1770 nobis,
1109 1705 1190 1760 ait
1219 1705 1454 1771 Beccus,
1480 1721 1552 1759 an
1574 1705 1698 1759 due
1721 1703 1927 1760 solaris
1960 1703 2045 1759 lu-

2148 628 2376 698 ductor,
2409 637 2461 682 ct
2495 643 2610 684 non
2643 627 2886 698 genitor,
2937 628 3088 685 alius
3133 633 3307 700 atque
3345 629 3493 686 alius
3518 649 3551 684 a
3581 646 3645 685 se
3675 629 3804 700 ipso

2151 718 2319 773 Pater
2348 717 2479 780 erit,
2510 717 2762 789 indeque
2792 719 2967 774 etiam
3000 719 3378 790 compositus.
3414 719 3482 774 Et
3504 717 3803 774 nihilomi-

2150 823 2260 862 nus
2291 806 2544 878 Spiritus
2577 823 2643 864 ex
2676 817 2921 878 utroque
2955 824 3301 880 progressus
3332 803 3616 882 (πρόοδος)
3648 824 3805 863 unus

2149 894 2418 967 idemque
2447 901 2557 964 est,
2592 897 2693 951 sed
2725 896 2974 952 facultas
3003 897 3322 968 generandi
3352 903 3409 952 et
3439 896 3805 968 producendi

2151 984 2334 1039 Patris
2376 984 2490 1040 alia
2520 990 2577 1040 et
2608 985 2740 1042 alia.
2791 986 2902 1041 Sed
2953 987 3451 1059 quemadmodum
3497 989 3809 1058 propterea

2151 1074 2318 1129 Pater
2349 1073 2512 1129 nullo
2546 1074 2718 1130 modo
2740 1074 2800 1130 in
2823 1080 3018 1147 partes
3040 1075 3330 1132 scinditur
3352 1091 3540 1147 neque
3562 1092 3804 1146 compo-

2151 1162 2346 1218 sitioni
2379 1163 2690 1234 subjicitur
2720 1162 2806 1233 (οὐ
2843 1163 3097 1238 μεριστὸς
3144 1161 3405 1232 ἐντεῦθεν,
3437 1163 3499 1218 οὐ
3532 1165 3642 1237 μὴν
3673 1163 3807 1218 σύν-

2153 1255 2349 1326 θετος),
2394 1255 2530 1326 quia
2581 1255 2682 1311 illa
2731 1255 2969 1313 Deitatis
3011 1261 3202 1328 partes
3251 1257 3493 1312 minime
3539 1260 3699 1321 sunt,
3750 1261 3809 1311 et

2154 1352 2577 1416 consequenter
2617 1361 2803 1416 neque
2849 1344 3216 1417 compositio;
3246 1345 3494 1416 simplex
3523 1345 3674 1402 enim
3707 1361 3808 1402 su-

2155 1450 2259 1505 pra
2287 1449 2522 1490 omnem
2557 1433 2995 1506 simplicitatem
3030 1434 3220 1491 Deitas
3257 1442 3343 1491 est
3374 1441 3430 1492 et
3473 1451 3654 1507 supra
3682 1450 3810 1491 om-

2155 1538 2287 1579 nem
2321 1523 2667 1579 divisionem
2698 1523 2947 1580 indivisa
2994 1521 3144 1592 ἁπλή
3196 1522 3298 1600 γὰρ
3349 1525 3384 1592 ἡ
3425 1523 3616 1593 θεότης
3667 1523 3808 1598 ὑπὲρ

2154 1615 2325 1666 πᾶσαν
2360 1609 2665 1681 ἁπλότητα,
2717 1611 2807 1665 καὶ
2854 1612 3062 1687 ἀμερὴς
3114 1612 3245 1687 ὑπὲρ
3295 1618 3466 1667 πᾶσαν
3498 1612 3808 1687 ἀμὲρειαν),

2157 1705 2256 1760 sed
2293 1703 2674 1776 proprietates
2707 1704 2859 1760 circa
2890 1706 3075 1774 ipsam
3107 1705 3490 1762 considerata:
3511 1701 3812 1776 (ἰδιότητες

403 1799 580 1856 minis
607 1797 954 1855 exsistentiaa
996 1799 1156 1861 sunt,
1208 1812 1326 1850 una
1371 1811 1438 1850 ex
1485 1795 1667 1862 disco,
1719 1794 1900 1850 altera
1948 1809 2051 1866 per

2178 1792 2281 1866 περὶ
2311 1791 2479 1862 αὐτὴν
2507 1792 2904 1868 θεωρούμεναι)
2937 1812 2951 1850 :
2985 1797 3112 1868 pari
3160 1797 3329 1852 modo
3375 1812 3564 1868 neque
3603 1797 3708 1868 qui
3739 1811 3811 1852 ex

403 1889 632 1946 radium
655 1887 682 1942 τε
713 1887 908 1943 Palam
944 1885 1112 1941 facite
1141 1857 1348 1952 “nobis,
1401 1901 1473 1939 an
1522 1857 1662 1940 ducat
1699 1857 2047 1939 exsistantiaa
2085 1857 2128 1924 Β
2159 1857 2391 1941 duobus
2425 1857 2516 1940 est
2544 1857 2896 1957 progressus,
2933 1857 3185 1958 spiritus
3214 1905 3247 1942 a
3277 1903 3387 1943 sua
3420 1857 3811 1959 ipsiusiden-

403 1977 582 2035 unius
613 1981 752 2032 sunt
782 1974 962 2040 ﬂuvii,
1016 1989 1132 2028 una
1176 1989 1242 2028 ex
1288 1973 1475 2038 oculo,
1529 1971 1712 2028 altera
1749 1989 1817 2028 ex
1849 1973 2050 2028 fonte?

406 2067 652 2142 (Alludit
701 2066 772 2121 ad
821 2063 1108 2134 imagines
1158 2062 1396 2118 Patrum
1445 2064 1553 2116 art.
1605 2063 1661 2127 2,
1693 2061 1723 2134 §
1759 2063 1838 2128 6.)
1887 2061 2047 2125 Quod

407 2157 455 2213 si
484 2155 544 2211 in
583 2153 878 2210 similibus
923 2149 1125 2208 sensui
1173 2149 1455 2221 subjectis
1503 2157 1558 2205 et
1596 2157 1814 2206 naturae
1845 2155 2046 2207 creatis

408 2246 626 2303 ﬁnibus
658 2244 989 2302 terminatis
1021 2260 1137 2299 non
1180 2259 1496 2314 possumus
1527 2242 1717 2298 dicere
1747 2241 1892 2297 duas
1922 2257 2050 2298 esse

406 2338 579 2394 unius
611 2335 692 2392 rei
719 2334 1102 2401 exsistentias,
1152 2349 1276 2404 quae
1326 2348 1427 2403 per
1477 2331 1746 2387 effectum
1796 2348 1912 2388 una
1959 2347 2052 2388 se-

408 2444 543 2485 cum
569 2427 938 2482 emanantem
972 2437 1039 2477 ex
1070 2421 1261 2494 prima
1287 2438 1466 2477 causa
1493 2421 1886 2477 exsistentiam
1924 2438 2052 2490 pos-

412 2519 585 2584 sidet,
612 2513 904 2586 quomodo
937 2512 1005 2566 de
1037 2511 1130 2580 iis,
1161 2511 1231 2566 de
1263 2510 1476 2582 quibus
1523 2518 1738 2566 natura
1770 2510 1914 2566 ratio
1946 2527 2046 2565 nu-

411 2610 517 2673 tat,
551 2602 770 2660 similia
791 2604 848 2657 et
868 2615 1226 2671 quaecunque
1248 2597 1348 2654 illa
1369 2599 1506 2667 sint,
1533 2599 1814 2656 dubitatis
1835 2600 1863 2656 ἲ
1881 2621 1909 2650 »
1932 2600 2058 2655 Alia

417 2709 534 2751 non
569 2691 765 2748 minus
796 2689 1035 2745 evidens
1067 2688 1369 2760 responsio
1387 2705 1452 2743 ex
1487 2689 1727 2761 Hugone
1748 2689 2057 2747 Etheriano

419 2782 537 2856 peti
609 2783 804 2852 potest
873 2779 940 2849 (l.
997 2795 1060 2846 ιι,
1141 2794 1198 2849 p.
1257 2777 1395 2832 1255
1450 2777 1534 2849 F.)
1590 2777 1672 2834 ita
1729 2778 2058 2834 scribente:

423 2894 453 2923 «
485 2871 769 2928 Caeterum
801 2868 850 2924 si
883 2868 1034 2934 ideo,
1067 2867 1205 2938 quia
1233 2883 1302 2922 ex
1333 2866 1560 2922 duobus
1609 2867 1888 2939 procedit,
1919 2867 2061 2924 divi-

425 2963 568 3018 duus
611 2962 688 3016 sit
715 2957 988 3030 Spiritus,
1037 2958 1260 3013 Patrem
1305 2956 1461 3012 dicat
1491 2957 1626 3028 quis
1657 2958 1860 3014 eodem
1893 2960 2065 3016 modo

421 3051 720 3108 dividuum
749 3049 889 3116 fore,
912 3063 1047 3102 cum
1077 3063 1146 3103 ex
1166 3063 1227 3103 se
1243 3046 1449 3102 Filium
1473 3051 1707 3120 generet
1725 3047 2067 3120 emittetque

426 3139 732 3214 Spiritum.
765 3136 1065 3201 Quomodo
1096 3134 1252 3192 enim
1283 3151 1351 3192 ex
1379 3135 1714 3192 indivisibili
1757 3136 1871 3193 duo
1903 3137 2068 3210 quasi

424 3230 656 3288 diversa
686 3226 870 3284 Filius
902 3225 1141 3298 quidem
1176 3240 1280 3297 per
1307 3225 1762 3296 generationem,
1811 3225 2069 3299 Spiritus

422 3336 558 3376 vero
588 3334 688 3390 per
709 3315 1131 3390 processionem
1169 3314 1657 3387 progrediantur?
1688 3315 1936 3372 Fallacia
1968 3333 2072 3388 pro

422 3412 577 3463 certo
608 3405 666 3460 id
698 3409 806 3468 est,
839 3420 962 3460 cum
991 3418 1064 3458 ex
1093 3402 1344 3458 relativis
1391 3405 1710 3474 compositio
1739 3404 1864 3472 ﬁeri
1891 3411 2067 3475 puta-

425 3503 534 3550 tur.
570 3516 599 3543 ››
629 3492 912 3548 Audiatur
943 3496 1000 3547 et
1029 3491 1309 3562 Georgius
1338 3492 1650 3548 Metocbita
1679 3493 1907 3548 Maximi
1944 3492 2071 3548 Pla-

427 3583 598 3640 nudm
647 3580 915 3638 refellens
963 3586 1373 3653 argumentum
1415 3580 1498 3650 (G.
1532 3581 1591 3637 0.
1643 3586 1712 3647 II,
1742 3582 1866 3648 939,
1897 3583 2022 3653 940)
2059 3599 2072 3638 :

432 3695 462 3725 α
492 3672 652 3728 Sicut
677 3670 834 3726 enim
868 3669 1034 3724 Pater
1064 3685 1252 3740 neque
1283 3669 1554 3725 dividuus
1583 3675 1673 3725 est
1703 3686 1892 3740 neque
1923 3687 2074 3726 com-

434 3760 686 3833 positus,
719 3757 873 3828 quod
898 3762 1138 3828 generet
1162 3755 1371 3810 Filium
1395 3761 1452 3812 et
1472 3756 1747 3828 Spiritum
1774 3758 2075 3828 producat,

440 3848 576 3904 licet
606 3846 766 3904 aliud
799 3850 972 3917 atque
1002 3843 1158 3900 aliud
1193 3861 1470 3917 generare
1499 3851 1557 3902 et
1590 3847 1907 3917 producere
1938 3864 2077 3904 con-

437 3938 758 4005 sideretur;
793 3951 862 3992 ex
891 3935 1176 3991 ambobus
1223 3935 1362 3990 item
1407 3951 1672 4008 egressus
1711 3937 1865 3992 idem
1909 3942 1996 3993 est
2025 3941 2082 3992 et

443 4045 618 4097 unus,
651 4026 805 4099 quod
839 4026 962 4082 ista:
994 4035 1182 4095 partes
1205 4042 1316 4082 non
1341 4031 1502 4094 sunt,
1535 4027 1636 4083 sed
1662 4028 2038 4099 proprietates
2065 4044 2079 4095 ;

440 4136 633 4192 neque
664 4119 991 4176 secundum
1021 4119 1168 4190 [319]
1203 4117 1459 4191 aliquam
1480 4119 1824 4176 recisionem
1856 4120 2083 4176 utrius-

440 4224 556 4280 que
603 4223 948 4280 progressus
1000 4207 1403 4278 cognoscitur:
1449 4207 1571 4278 pari
1620 4208 1839 4263 ratione
1895 4225 2084 4280 neque

439 4298 693 4370 Spiritus
728 4297 1005 4352 dividuus
1037 4300 1124 4352 est
1165 4312 1354 4367 neque
1393 4296 1771 4367 compositus,
1822 4299 1974 4368 quod
2017 4315 2080 4355 ex

441 4387 613 4443 Patre
643 4390 700 4442 et
732 4385 898 4451 Filio,
932 4401 998 4440 ex
1029 4385 1397 4456 simplicibus
1443 4390 1552 4455 est,
1605 4402 1809 4457 nempe
1840 4403 1909 4442 ex
1939 4386 2086 4443 sim-

2158 1973 2322 2030 titate
2342 1989 2476 2028 eum
2506 1974 3366 2046 exterminatautcompositum
3388 1975 3697 2032 constituit
3712 1972 3815 2047 (ἐξ-

2163 2059 2368 2130 ίστησιν
2401 2060 2532 2116 αὐτὸ
2560 2067 2662 2132 τῆς
2697 2061 3030 2133 ταυτότητος
3079 2063 3270 2118 ἑαυτοῦ
3317 2064 3345 2134 ’q‘
3379 2061 3632 2119 σύνθετον
3665 2083 3810 2138 παρ-

2161 2150 2406 2224 ιστάνεί),
2461 2153 2562 2208 sed
2617 2168 2685 2208 ex
2732 2155 2902 2209 Patre
2949 2158 3036 2209 est
3089 2162 3143 2210 et
3193 2171 3261 2211 ex
3311 2154 3476 2223 Filio,
3519 2171 3588 2210 ex
3636 2157 3812 2210 Patre

2158 2257 2366 2312 nempe
2396 2258 2496 2312 per
2525 2240 2764 2308 Filium,
2798 2243 3042 2316 simplex
3074 2259 3140 2299 ex
3173 2243 3561 2314 simplicibus,
3586 2259 3660 2300 ex
3683 2243 3817 2300 imo

2160 2330 2296 2401 plici
2326 2330 2454 2387 scil.
2488 2347 2590 2402 per
2619 2331 2883 2402 simplex,
2919 2337 2983 2388 ut
3013 2332 3341 2390 divinorum
3387 2333 3628 2390 Patrum
3660 2349 3808 2390 sen-

2162 2420 2342 2476 tentia
2362 2425 2469 2476 est.
2495 2441 2524 2470 »
2555 2420 2678 2486 Qua
2699 2421 3036 2478 dexteritate
3059 2421 3362 2478 Metochita
3397 2428 3808 2496 argumentum

2167 2509 2237 2564 ab
2268 2513 2508 2580 llugone
2536 2509 2857 2566 indicatum
2907 2511 3002 2567 hic
3047 2513 3276 2580 evolvit,
3328 2512 3532 2569 eadem
3563 2515 3810 2568 Patrum

2168 2599 2702 2669 comparationibus
2731 2601 2960 2673 egregie
2991 2602 3177 2657 utitur
3223 2603 3305 2674 (p.
3337 2603 3463 2672 937,
3493 2603 3623 2670 91:8,
3663 2603 3813 2673 949).

2168 2688 2284 2744 Nec
2355 2688 2552 2744 minus
2620 2693 2859 2746 strenue
2921 2690 3224 2747 Bessarion
3273 2690 3822 2748 eamdemPlanudas

2171 2779 2673 2836 ratiocinationem
2704 2780 2927 2847 evertit,
2951 2798 3128 2855 quam
3163 2781 3322 2838 haud
3340 2782 3637 2838 immerito
3659 2782 3821 2839 velut

2173 2868 2498 2925 materialia
2527 2885 2594 2926 ac
2623 2870 2903 2928 crassiora
2932 2872 3215 2928 duntaxat
3236 2872 3584 2944 sapientium
3610 2877 3671 2928 et
3697 2888 3825 2929 car-

2174 2959 2404 3018 nalibus
2433 2960 2842 3019 inhaerentium
2894 2978 3023 3020 esse
3073 2979 3241 3035 posse
3279 2965 3482 3020 statuit
3511 2963 3644 3036 (14).
3681 2967 3828 3031 Qum

2175 3065 2310 3105 cum
2341 3049 2422 3104 ita
2452 3049 2591 3116 sint,
2641 3050 2812 3107 inane
2859 3068 3101 3123 prorsus
3148 3059 3229 3108 est
3275 3053 3639 3125 figmentum,
3671 3051 3830 3125 [320]

2100 3187 2142 3254 Ο
2180 3139 2332 3210 quod
2356 3138 2596 3194 Pbotius
2619 3139 2754 3195 inde
2777 3140 3028 3208 deducit,
3054 3141 3177 3197 loco
3199 3141 3574 3198 fraternitatis
3597 3146 3836 3212 quater-

2183 3227 2420 3254 ..ει-ιιι...
2450 3227 2786 3254 -ι.-ε-.ε,-ε-
2813 3229 2930 3254 ιι---
2952 3229 3249 3254 --ι--.ι-..
3300 3230 3344 3254 ,ε
3370 3231 3388 3254 ι
3417 3231 3707 3254 -.ε---.-..
3742 3232 3807 3254 λ-

2183 3227 2424 3284 nitatem
2448 3227 2788 3285 christianis
2812 3229 2932 3286 fore
2949 3229 3276 3296 colendam,
3300 3230 3349 3286 si
3370 3231 3710 3286 Latinorum
3737 3232 3834 3287 do-

2182 3316 2368 3372 ctrina
2395 3315 2702 3373 obtineret.

2255 3407 2342 3461 27.
2395 3408 2531 3473 Quaa
2581 3424 2704 3479 cap.
2759 3407 2827 3463 44
2874 3412 3220 3481 sequuntur,
3271 3410 3330 3464 in
3373 3409 3660 3465 Trinitate
3710 3409 3836 3466 fore

2183 3495 2534 3567 principium
2557 3495 2982 3568 imperfectum,
3015 3498 3238 3568 inutile,
3269 3514 3565 3564 mancum,
3597 3515 3665 3555 ex
3699 3516 3831 3570 per-

2183 3583 2330 3640 fecto
2362 3587 2419 3640 et
2465 3583 2804 3656 imperfecto
2855 3587 3266 3658 compositum,
3326 3587 3535 3642 Filium
3583 3586 3838 3658 scilicet,

2185 3673 2395 3745 partim
2434 3689 2501 3728 ex
2551 3674 2621 3730 iis
2675 3690 2802 3744 quae
2853 3692 3009 3731 nunc
3057 3677 3312 3732 diximus
3359 3678 3406 3747 (§
3449 3678 3561 3746 26),
3616 3677 3836 3749 partim

2186 3779 2255 3818 ex
2304 3767 2438 3818 ante
2483 3763 2652 3820 dictis
2695 3765 2822 3836 (art,
2854 3765 2908 3834 3,
2942 3767 3067 3834 §4;
3101 3770 3207 3821 art.
3257 3766 3310 3832 4,
3359 3769 3386 3836 §
3430 3767 3484 3834 4,
3530 3767 3620 3835 14)
3666 3766 3841 3823 facile

2187 3852 2424 3908 refutari
2455 3861 2718 3924 possunt.
2753 3853 2832 3908 Ad
2883 3869 3005 3909 rem
3048 3853 3212 3926 Hugc
3242 3854 3588 3911 Etherianus
3615 3855 3682 3926 (l.
3717 3855 3840 3927 c.)‘:

2195 3964 2222 3994 ‹‹
2249 3945 2352 3998 Ast
2381 3942 2729 4009 indubitate,
2763 3944 3220 4018 inquit,(Filius)
3246 3945 3480 4018 quidem
3502 3949 3647 4002 lotus
3665 3963 3841 4002 causa

2191 4037 2248 4089 et
2277 4037 2417 4089 totus
2433 4050 2505 4088 ea:
2532 4050 2696 4089 causa
2728 4039 2837 4101 est,
2882 4051 3014 4091 cum
3068 4036 3403 4093 individuus
3434 4036 3504 4092 sit
3543 4041 3604 4092 et
3635 4035 3846 4093 incor-

2192 4139 2424 4194 porcus.
2475 4123 2759 4189 Quoniam
2805 4140 2934 4181 vero
2981 4140 3148 4180 causa
3195 4130 3247 4181 ct
3292 4124 3642 4182 causativum
3692 4141 3845 4182 com—

2190 4211 2512 4283 positionem
2541 4227 2650 4268 non
2689 4212 2978 4284 inducunt,
3021 4215 3419 4272 manifestum.
3471 4215 3616 4270 Ecce
3661 4231 3843 4270 nam-

2193 4317 2304 4372 que
2336 4301 2514 4356 Filius
2545 4308 2601 4358 et
2631 4303 2884 4374 Spiritus
2915 4303 3269 4376 principium
3291 4308 3544 4360 etcausa
3564 4319 3698 4360 cum
3725 4305 3845 4360 Pa-

2193 4394 2278 4445 tre
2307 4393 2443 4445 sunt
2471 4390 2757 4446 conditrix
2797 4392 3206 4458 universitatis,
3261 4408 3330 4448 ex
3377 4393 3546 4448 Patre
3595 4393 3846 4464 quidem

440 4476 588 4548 plice
619 4491 720 4547 per
751 4473 1080 4546 simplicem
1113 4473 1376 4545 simplex,
1424 4479 1480 4530 et
1523 4491 1593 4531 ex
1639 4475 1958 4532 individuis
1988 4477 2079 4532 in-
2120 4511 2163 4574 υ
2193 4493 2372 4535 causa
2402 4478 2544 4536 Filio
2576 4485 2632 4535 et
2676 4485 2879 4536 sancto
2925 4481 3147 4553 Spiritu
3201 4481 3526 4538 secundum
3569 4480 3752 4539 aliam
3788 4488 3851 4540 et

443 4565 737 4634 dividuus,
767 4570 822 4618 et
848 4563 1112 4635 ejusdem
1155 4568 1372 4619 naturae
1404 4578 1538 4619 cum
1571 4564 1662 4632 iis,
1693 4567 1792 4636 qui
1821 4566 2082 4634 ejusdem

445 4665 664 4712 naturae
695 4671 829 4711 cum
863 4653 990 4726 ipso
1023 4656 1182 4709 sunt.
1221 4675 1241 4702 ι
1277 4657 1350 4709 Et
1369 4669 1602 4710 rursum
1634 4655 1735 4724 (ib.
1758 4655 1884 4728 947³
1914 4656 2080 4728 948);

444 4767 473 4796 ‹‹
503 4746 563 4802 Si
596 4748 765 4800 Pater
793 4743 1094 4817 ingenitus
1123 4759 1253 4799 cum
1287 4742 1386 4811 sit,
1418 4743 1648 4816 genitor
1675 4751 1760 4799 est
1789 4747 1844 4799 et
1875 4747 2090 4815 produ-

455 4839 605 4904 ctor,
636 4833 748 4890 hoc
777 4834 1016 4906 quidem
1045 4832 1316 4905 Spiritus,
1367 4831 1467 4890 illo
1519 4833 1673 4904 Filii,
1707 4837 1764 4889 et
1791 4833 1919 4889 Filii
1953 4835 2087 4906 qui-

522 5021 638 5093 (lll)
669 5022 890 5077 Bessar.
933 5036 984 5093 7c.
1037 5021 1285 5076 Planud.
1317 5020 1436 5093 (ap.
1488 5021 1808 5093 Arcud.__et
1854 5022 1913 5078 in
1961 5022 2088 5078 cod.

455 5089 708 5166 Mem-327
827 5093 897 5147 8O
1031 5093 1222 5166 75s,.)
1275 5089 1526 5166 Ε’ίρῄσαρ,
1558 5091 1639 5166 ὅτι
1688 5091 1725 5166 ᾖ
1775 5093 1943 5165 μονὰς
2001 5093 2088 5146 καὶ

456 5163 583 5239 Θεὸς
613 5161 690 5224 εἷς
818 5163 1132 5239 μᾳτὴρΑκαί
1171 5163 1214 5239 ὁ-
1255 5161 1506 5239 ridenti
1561 5165 1622 5239 τρ
1679 5161 1912 5239 ΠνεῗρμσιΔ
1951 5184 2093 5239 προ-

459 5235 643 5326 ἀχουσι
675 5234 763 5288 καὶ
815 5231 903 5288 διὰ
947 5231 1110 5288 τὸῠτο
1159 5233 1221 5288 οὐ
1254 5231 1606 5326 δυνξισξεξιτκςιί
1657 5231 1857 5326 ταύτξῖ(
1899 5231 2094 5326 tanien

663 5306 675 5322 \
729 5311 766 5326 γ.
833 5309 858 5320 η
1009 5307 1020 5324 ‘
1267 5324 1273 5326 Α
1765 5311 1790 5321 ’⁸

460 5304 685 5381 εἴνᾳιᾼτὸ
712 5309 943 5381 *Πνεῦμα
968 5307 1228 5381 τΑὸΑαγιον
1265 5324 1276 5337 ⁸
1311 5305 1438 5360 ἀλλ’
1476 5307 1683 5381 ἀνάγκη
1721 5304 1932 5381 μᾶλλον
1963 5308 2096 5381 εἶναι

460 5377 654 5433 ταύτὸν
707 5374 882 5452 ἐρ’)τῷ
914 5396 925 5409 ⁸
979 5374 1275 5452 διὰ-ἐοῦςςο
1337 5374 1600 5452 προϊέναι’
1639 5374 1962 5452 ἒκ”τοῦτςυν
2021 5380 2094 5440 ὡς

462 5450 522 5504 ἐκ
579 5447 816 5523 μονᾴδος
856 5446 881 5482 ⁷·
911 5449 1002 5523 ,τὸ
1053 5448 1154 5522 γὰρ
1211 5446 1398 5523 ἕτερον,
1447 5449 1639 5523 suntcf;
1695 5451 2096 5523 κᾳὶωσρνϐετον

465 5471 522 5504 εκ
625 5471 816 5513 οναοος
869 5471 881 5482 ·
939 5471 1002 5503 το
1053 5471 1154 5522 γαρ
1214 5471 1390 5523 ετερον
1447 5471 1639 5505 saturae
1695 5471 1783 5504 και
1849 5471 2096 5505 συνυετον

465 5471 840 5597 {increpitus/st
871 5521 934 5597 τρ
977 5525 1187 5597 πνεῦμα
1245 5520 1516 5597 μᾶγιοῇν
1557 5519 1645 5597 dii:
1687 5522 1753 5597 ςζὸ
1800 5519 1940 5597 ἄλλο
2004 5523 2098 5595 μὲν

467 5593 576 5648 δεῖν
611 5589 745 5648 εἶναι
783 5591 844 5646 τὸ
905 5589 964 5645 ἒκ
994 5589 1421 5666 Πᾳςτρὸςηᾶλλό
1475 5589 1639 5666 ’δὲ-ἐεὸΔ
1676 5592 1730 5666 -ὲξ
1787 5594 1936 5666 Ποῦ,
1990 5589 2098 5649 ’ἑῶν

2193 4568 2368 4624 aliam
2401 4569 2670 4640 speciem,
2695 4569 2752 4624 in
2773 4585 2889 4640 quo
2911 4569 3097 4642 magis
3121 4586 3299 4642 quam
3321 4569 3516 4643 aliquo
3538 4571 3654 4627 alio
3679 4587 3849 4629 com-

2196 4657 2401 4728 positio
2458 4658 2565 4730 (εά.
2617 4660 2959 4730 composito)
3009 4666 3321 4731 appareat,
3375 4660 3848 4730 exsistentibus;

2200 4747 2415 4819 quippe
2438 4751 2829 4803 creaturarum
2861 4746 3133 4805 alteruter
3162 4751 3447 4822 (uterque)
3487 4766 3664 4809 causa
3695 4751 3852 4808 dici-

2199 4841 2315 4907 tur,
2359 4840 2421 4892 ut
2452 4837 2709 4894 elﬁciens
2757 4836 3044 4894 conditrix
3090 4838 3239 4906 scil.,
3291 4839 3616 4897 secundum
3667 4857 3855 4914 quam

2198 5017 2300 5096 τεοῇ
2335 5019 2540 5096 ῌατρὸς
2591 5017 2830 5096 ἐνέργεια
2863 5025 2963 5096 τεῇς
3007 5021 3264 5096 τεῇ-Υἱοῦ
3295 5021 3740 5096 demulctus-rm,
3776 5024 3857 5086 ὡς

2202 5041 2300 5074 του
2335 5041 2540 5094 ιιατρος
2591 5041 2830 5096 ενεργεια
2863 5041 2963 5089 της
3007 5041 3104 5076 του
3141 5041 3264 5075 nou
3295 5041 3436 5077 απεσ
3481 5041 3740 5096 etwa-rm,
3776 5041 3857 5086 ως

2202 5094 2238 5166 ᾗ
2407 5095 2658 5166 φῆς-σῆς,
2693 5089 3011 5166 οόδ’-οὕτως
3043 5089 3216 5166 ἄλλος
3249 5094 3340 5147 καὶ
3380 5041 3554 5156 ἄλχλος
3585 5095 3746 5166 εἰσὶν,
3781 5096 3862 5159 ὡς

2206 5162 2311 5242 ξγὼ
2339 5163 2431 5242 acti
2461 5162 2524 5217 σύ
2555 5181 2565 5193 ·
2595 5165 2720 5242 τότε
2753 5163 2874 5242 ’γὰρ
2909 5163 2967 5218 ἂν
2989 5165 3185 5242 ’μό-νος
3218 5165 3564 5242 εἶχεχώραν
3685 5162 3859 5242 sitq.

2207 5184 2311 5238 εγω
2339 5184 2428 5217 και
2461 5184 2524 5217 συ
2555 5184 2565 5193 ·
2595 5184 2720 5218 τοτε
2774 5184 2874 5239 γαρ
2909 5184 2967 5218 αν
3021 5184 3185 5237 μονος
3218 5184 3334 5240 είχε
3416 5184 3564 5242 ωραν
3617 5184 3654 5236 η
3685 5184 3741 5222 εν
3773 5189 3859 5238 τῳ

2207 5233 2606 5310 ἀποτελέσμᾳτι
2650 5235 2933 5310 σύνθεσις-ξ
2960 5235 3008 5310 εξ
3045 5236 3159 5310 γᾲρᾼ
3185 5235 3274 5290 καὶ
3315 5184 3491 5299 ἄλξκος
3537 5239 3629 5293 καὶ
3676 5237 3861 5310 ἄλλος

2206 5312 2324 5381 τοῖς
2351 5287 2667 5381 mandabam;
2700 5305 2849 5374 εἷ’σίν,
2883 5305 3009 5381 ἀλλ’
3050 5287 3202 5381 ista
3234 5310 3397 5376 ἦττον
3439 5311 3638 5381 εἷςᾲκαὶ
3691 5311 3722 5364 ὁ
3755 5309 3860 5365 αὗ-

2206 5380 2296 5440 τὸς
2329 5378 2429 5452 εἶ’ᾀι
2461 5382 2527 5451 τῇ
2574 5379 2789 5452 Θεότητι
2832 5379 2921 5452 καὶ
2958 5381 3055 5452 εἷς,
3085 5379 3296 5452 ἀριθμῷ
3330 5381 3473 5452 ὡςΔ
3504 5379 3634 5434 εἶναι
3667 5381 3861 5438 αὐτῶν

2207 5451 2298 5505 καὶ
2333 5449 2455 5522 μίαν
2489 5449 2566 5521 τῷ
2597 5451 2812 5539 ἀριθμῷ
2841 5451 2939 5536 τὴιν
2984 5449 3248 5539 ἐνέρὴειςν
3281 5469 3294 5482 ·
3327 5449 3416 5539 ὧν,
3456 5449 3574 5539 8‘53;
3610 5452 3863 5539 ἐνέρςτειοι

2215 5520 2342 5595 pia,
2389 5525 2506 5595 πῶς
2543 5520 2547 5521 ν
2591 5520 2651 5595 od
2717 5520 2805 5595 κᾳὶ
2840 5523 2926 5595 Δτὸ
2984 5520 3077 5576 ἒκ-
3114 5520 3321 5595 fatim;
3389 5520 3444 5578 ἓν
3506 5520 3572 5577 ἂν
3642 5520 3864 5580 ἁὴὶξοῦν

2211 5591 2323 5670 sin,
2381 5593 2470 5648 καὶ
2527 5592 2699 5663 πάντη
2754 5591 3037 5649 ἀσύνθετον
3093 5593 3182 5647 καὶ
3251 5593 3300 5667 ἐξ
3359 5595 3596 5670 ἀνάγκης
3655 5598 3868 5653 ταύτὸν

465 5667 603 5723 πάνυ
663 5667 988 5736 σωματικῶν
1020 5657 1432 5736 Δςὲςτᾶτινέννᾳεῖν
1478 5663 1568 5719 καί
1624 5657 1745 5736 λίαν
1786 5657 1992 5736 ὑλικῶς
2044 5686 2102 5721 τε
2212 5657 2426 5736 tanta);

465 5739 554 5794 καὶ
585 5733 857 5812 σαρκικῶς
905 5735 972 5792 τὰ
1015 5733 1183 5790 ἐκεῖσε
1231 5733 1498 5792 νοούντων
1533 5753 1546 5767 ’
1581 5734 1643 5791 οὗ
1691 5737 1797 5812 γὰρ
1845 5733 2018 5797 οὕτως
2065 5739 2100 5806 ἡ
