4090 6228
329 382 456 445 533

1054 377 1160 438 DE
1201 377 1268 440 S.
1315 375 1512 440 SPIR.
1559 378 2093 446 MYSTAGOGIA.
2142 418 2215 433 -
2263 387 3023 453 ANIMADVERSIONES.

3631 399 3752 460 534
3809 471 3812 474 ,

318 521 582 595 speciem
616 518 982 576 habitudinis
1013 518 1172 575 nullo
1205 520 1378 576 modo
1405 519 1658 590 Spiritus
1689 520 1777 578 vel
1801 520 1984 577 Filius
2017 524 2071 592 Α
2103 530 2222 581 tum
2254 525 2434 583 infert
2459 527 2748 595 filiationi,
2777 528 2934 602 quod
2953 545 3068 585 non
3101 546 3218 601 qua
3248 529 3427 585 Filius
3457 530 3638 601 spirat
3666 531 3752 588 Fi-

317 627 394 668 ex
440 611 608 667 Patre
659 611 982 682 prodeunt;
1033 625 1236 664 eorum
1279 609 1433 665 enim
1479 611 1728 682 quisque
1757 620 1980 667 creator
2089 613 2249 683 lius;
2285 632 2472 687 neque
2501 618 2656 674 enim
2683 617 2886 673 filiatio
2910 617 3156 674 ulterius
3178 635 3241 675 se
3271 621 3548 684 extendit,
3572 637 3750 692 quam

320 705 434 770 est,
459 719 570 757 non
623 703 956 756 creatura...
989 700 1172 771 Igitur
1218 699 1262 756 si
1299 717 1474 756 causa
1513 705 1570 755 et
1610 701 1977 756 causativum
2089 705 2374 762 diximus.
2401 712 2530 762 Haec
2561 717 2761 763 contra
2790 707 3046 764 Nicetam
3073 709 3412 782 Byzantium
3445 709 3558 780 (17)
3593 718 3752 765 notat

327 791 684 863 (causatum)
699 790 1019 844 secundum
1045 787 1411 844 difi‘erentem
1438 788 1842 845 habitudinem
1866 791 1993 862 Spi-

325 880 478 936 ritus
507 879 654 936 F'ilio
693 877 1058 950 Spirituique
1098 878 1496 950 competentia
1531 879 1752 934 nullam
1787 880 1846 934 in
1877 878 1996 935 eis-

336 971 475 1026 dem
507 969 722 1025 faciunt
755 967 1684 1040 compositionem,manifestum,
1716 970 1869 1040 quod
1902 983 1998 1024 ne-

330 1076 448 1132 que
478 1057 658 1114 Filius
687 1074 756 1114 ex
780 1074 846 1113 eo
871 1057 1026 1130 quod
1059 1057 1332 1113 similiter
1351 1058 1509 1113 Patri
1541 1058 1796 1130 Spiritus
1818 1075 1996 1114 causa

331 1153 732 1220 nuncupetur,
763 1146 1250 1218 compositionem
1283 1147 1510 1203 habeat.
1547 1169 1574 1197 ››
1608 1147 1709 1203 Hic
1741 1164 1994 1220 sequens

331 1237 529 1296 Photii
566 1240 969 1308 argumentum
1022 1236 1096 1308 (ο.
1141 1235 1233 1308 45)
1281 1252 1394 1306 quo
1442 1236 1636 1308 arguit
1682 1253 1993 1293 causarum

333 1327 678 1384 dualitatem
709 1325 952 1382 minime
983 1341 1298 1395 congruere
1315 1326 1524 1382 unitati
1546 1330 1603 1382 et
1631 1326 1994 1398 simplicitati

334 1419 593 1491 Spiritus
639 1417 826 1474 sancti
879 1417 1148 1488 hancque
1193 1416 1354 1472 illam
1410 1416 1735 1484 excludere,
1781 1417 1994 1487 pariter

329 1507 762 1581 expediendum
795 1509 920 1575 est;
955 1521 1140 1561 unum
1174 1522 1316 1563 sane
1347 1511 1436 1561 est
1467 1506 1842 1578 principium,
1877 1523 1993 1561 una

329 1599 518 1654 virtus
540 1602 596 1653 et
625 1596 774 1653 actio
805 1596 1079 1669 spirativa
1100 1611 1286 1668 eaque
1307 1595 1578 1668 simplex,
1596 1613 1748 1652 unus
1770 1601 1828 1651 et
1850 1597 1992 1652 sim-

329 1687 465 1762 plex
495 1691 584 1743 est
625 1687 802 1757 hujus
842 1683 1091 1743 actionis
1123 1686 1431 1741 terminus.
1465 1687 1550 1740 Ad
1584 1685 1642 1740 id
1676 1685 1836 1758 quod
1873 1685 1990 1740 Me-

331 1776 642 1834 thonensis
687 1774 767 1831 ait
800 1791 814 1830 :
859 1798 887 1826 ‹‹
931 1774 1096 1842 Quod
1127 1790 1196 1830 ex
1243 1775 1476 1830 duobus
1515 1783 1625 1841 est,
1657 1775 1708 1830 ei
1742 1774 1894 1846 quod
1925 1790 1993 1830 ex

2104 795 2268 868 Hugo
2315 797 2660 852 Etherianus
2704 796 2765 868 (Ι.
2801 814 2839 851 Ι.
2894 813 2943 851 c.
2997 797 3081 865 17,
3134 815 3185 866 p.
3233 799 3414 870 1211),
3469 801 3753 854 obscurus

2102 884 2416 953 interdum,
2450 887 2548 942 sed
2601 903 2907 956 nunquam
2957 885 3078 940 sale
3126 891 3183 940 et
3221 889 3488 943 acumine
3520 889 3752 960 penitus

2104 975 2443 1030 destitutus.
2472 997 2500 1026 «
2542 976 2773 1044 Quaerit,
2795 993 2922 1048 quae
2953 976 3378 1032 exhereditatio
3412 978 3545 1045 ista,
3573 983 3630 1032 et
3659 977 3754 1032 Fi-

2104 1062 2167 1118 lii
2200 1063 2635 1131 detrimentum,
2661 1072 2722 1119 ut
2757 1081 2868 1120 non
2900 1067 2959 1119 in
2989 1080 3049 1120 eo
3078 1066 3222 1134 quod
3250 1065 3427 1120 Filius
3457 1066 3626 1121 Pater
3653 1067 3750 1122 sit.

2104 1153 2265 1219 Quod
2297 1153 2536 1225 quidem
2569 1155 2947 1224 quaerendum
2975 1170 3090 1210 non
3123 1160 3266 1218 erat,
3290 1155 3391 1210 sed
3421 1155 3607 1210 multo
3637 1156 3753 1210 mi-

2103 1258 2216 1297 nus
2245 1241 2638 1310 inferendum,
2672 1247 2736 1298 ut
2765 1259 2833 1298 ex
2857 1244 3124 1315 pluribus
3154 1243 3284 1299 aliis
3320 1243 3497 1299 videri
3529 1248 3748 1316 potest;

2104 1330 2260 1388 velut
2286 1332 2338 1387 si
2367 1333 2536 1388 Pater
2567 1333 2624 1388 in
2648 1349 2712 1388 eo
2743 1334 2898 1404 quod
2931 1333 3105 1388 factor
3137 1332 3322 1388 filium
3347 1334 3619 1389 factorem
3650 1351 3752 1390 os-

2103 1421 2302 1476 tendat
2344 1421 2565 1491 (omnia
2596 1421 2751 1476 enim
2785 1436 2888 1491 per
2933 1420 3122 1492 ipsum
3163 1421 3316 1476 facta
3344 1422 3523 1493 sunt),
3549 1437 3752 1478 neces-

2102 1509 2323 1564 sarium
2367 1509 2465 1576 sit,
2499 1508 2708 1565 Filium
2763 1512 2985 1565 Patrem
3043 1525 3172 1566 esse
3207 1511 3279 1566 ad
3322 1511 3749 1566 ostendendum

2102 1614 2234 1654 eum
2286 1599 2436 1670 [323]
2480 1598 2540 1653 in
2591 1614 2658 1654 eo
2695 1599 2850 1670 quod
2899 1599 3082 1654 factor
3127 1600 3472 1671 genitorem,
3520 1599 3750 1654 nullum

2103 1703 2235 1744 vero
2263 1687 2683 1744 detrimentum
2716 1688 2868 1743 circa
2897 1689 3158 1744 divinam
3195 1694 3467 1744 naturam
3498 1689 3755 1745 invenia—

2102 1780 2198 1832 tur
2235 1795 2248 1834 :
2297 1794 2424 1849 quae
2458 1776 2706 1847 fallacia,
2733 1778 2784 1833 si
2816 1779 2883 1832 de
2917 1777 3009 1834 his
3065 1795 3192 1848 qua:
3243 1779 3394 1847 apud
3438 1794 3543 1832 nos
3594 1787 3750 1844 sunt,

332 1882 454 1923 uno
475 1868 728 1930 tantum,
751 1879 1050 1935 nunquam
1073 1871 1154 1918 est
1175 1864 1419 1934 aquale,
1447 1885 1474 1914 »
1496 1863 1637 1919 scite
1671 1864 1988 1934 respondet
2019 1862 2066 1928 B
2096 1865 2430 1937 exemplum
2463 1870 2754 1930 sumatur,
2778 1866 3148 1936 apertissima
3179 1872 3268 1921 est
3297 1868 3406 1921 hoc
3439 1867 3610 1921 modo
3636 1883 3649 1920 :
3691 1867 3748 1919 Si

333 1955 500 2027 [Iugo
531 1952 954 2023 Etherianus(l.
987 1951 1060 2017 II,
1093 1968 1143 2009 c.
1179 1953 1266 2019 12,
1297 1969 1355 2024 p.
1384 1953 1546 2024 1226)
1576 1957 1985 2025 argumentum

333 2044 422 2100 ita
451 2047 796 2117 retorquens
830 2058 846 2100 :
878 2065 907 2094 «
940 2043 1102 2107 Quod
1134 2058 1203 2098 ex
1258 2059 1392 2110 uno,
1426 2043 1476 2098 ei
1511 2043 1662 2114 quod
1711 2058 1780 2098 ex
1826 2040 1985 2097 nullo

331 2140 448 2200 est,
464 2147 766 2205 nunquam
787 2138 875 2188 est
901 2129 1368 2202 aquale.Alvero
1395 2131 1576 2187 Filius
1597 2146 1665 2186 ex
1699 2147 1815 2186 uno
1838 2130 1985 2199 solo,

325 2224 512 2278 Patre
541 2221 694 2292 scil.,
719 2221 820 2293 qui
846 2238 880 2277 a
909 2219 1070 2277 nullo
1093 2219 1681 2276 habetexsistentiam
1700 2236 1715 2288 ;
1735 2220 1990 2290 inaequa-

333 2311 426 2367 les
457 2313 596 2367 sunt
624 2325 761 2382 ergo
791 2310 963 2366 Pater
982 2312 1039 2364 et
1068 2307 1270 2364 Filius.
1297 2331 1326 2358 ››
1357 2309 1467 2365 Sed
1503 2329 1531 2359 ‹‹
1563 2324 1680 2364 non
1710 2306 1991 2364 sunthaec

335 2401 400 2457 in
450 2398 845 2472 quantitatum
903 2397 1273 2470 proprietate,
1306 2398 1442 2469 quia
1486 2413 1675 2470 neque
1714 2413 1992 2454 mensura

343 2505 538 2562 neque
569 2488 870 2561 quantitas
902 2487 962 2543 in
994 2487 1210 2543 divinis
1243 2494 1348 2543 est.

411 2579 508 2636 28.
539 2601 568 2630 α
601 2579 712 2635 Sed
745 2577 923 2633 Filius
953 2593 1122 2634 suam
1163 2580 1353 2632 servat
1381 2577 1813 2649 proprietatem,
1847 2574 1991 2632 filia-

333 2669 580 2738 tionem,
612 2673 671 2725 et
705 2667 961 2740 Spiritus
991 2682 1154 2723 suam
1187 2666 1618 2739 processionem
1672 2682 1742 2722 ex
1775 2670 1942 2721 Patre
1976 2684 1992 2732 ;

335 2764 400 2814 et
455 2756 605 2814 sicut
642 2757 892 2830 Spiritus
941 2773 974 2812 a
1013 2757 1179 2812 Patre
1236 2756 1555 2828 procedens
1587 2755 1810 2812 nullam
1857 2755 1996 2811 acti-

334 2864 469 2904 vam
515 2846 955 2918 productionem
1004 2845 1092 2902 vel
1132 2845 1563 2918 generationem
1609 2845 1885 2918 possidet,
1915 2845 1997 2901 ita

337 2953 449 2995 nec
498 2936 678 2993 Filius
708 2953 742 2992 a
780 2939 944 2991 Patre
985 2935 1219 3008 genitus
1258 2935 1443 2991 activa
1489 2935 1862 3006 generatione
1905 2933 1993 2992 vel

339 3025 661 3084 emissione
691 3025 1127 3098 praerogativam
1161 3023 1456 3082 filiationis
1479 3025 1770 3080 adulterat
1790 3045 1819 3073 »
1844 3023 1996 3096 (cap.

337 3117 451 3189 46).
485 3116 635 3172 Sane
659 3113 1074 3188 prOprietatem
1104 3113 1639 3169 characteristicam
1663 3120 1782 3168 tuin
1816 3112 1998 3169 Filius

336 3181 468 3264 tum
494 3181 1012 3278 Spiritus-sanctus
1049 3204 1224 3260 etiam
1257 3203 1316 3258 in
1352 3203 1690 3260 Latinorum
1732 3203 1992 3258 doctrina
2026 3181 2068 3247 C

338 3298 729 3362 conservant;
778 3309 980 3350 verum
1014 3294 1170 3365 quod
1219 3292 1313 3348 hic
1366 3291 1587 3348 nullius
1632 3309 1888 3365 personae
1921 3291 1996 3348 sit

339 3384 720 3458 principium,
755 3381 855 3439 ille
880 3398 1013 3439 vero
1043 3397 1177 3439 cum
1209 3386 1376 3438 Patre
1398 3381 1476 3437 sit
1498 3381 1844 3454 principium
1868 3383 1996 3452 Spi-

339 3474 510 3540 ritus,
543 3474 602 3529 id
657 3473 729 3530 ad
777 3472 1042 3528 neutrius
1091 3472 1468 3528 constitutiva
1507 3473 1777 3543 pertinet.
1820 3471 1996 3530 Nulla

335 3570 619 3638 praeterea
663 3564 722 3618 in
776 3577 842 3618 eo
899 3569 982 3618 est
1032 3560 1431 3630 contradictio,
1463 3561 1618 3634 quod
1679 3559 1862 3616 Filius
1916 3561 1994 3618 sit

335 3650 696 3725 principium
727 3649 903 3706 simul
933 3654 990 3706 et
1021 3649 1462 3722 principiatum,
1495 3649 1632 3720 quia
1661 3666 1776 3705 non
1808 3653 1897 3705 est
1920 3649 1993 3705 ad

331 3744 490 3800 idem
525 3758 630 3799 seu
661 3742 734 3796 ad
756 3741 1022 3797 eamdem
1054 3756 1359 3812 personam
1384 3740 1497 3811 (15)
1524 3765 1540 3808 ;
1572 3744 1838 3810 respectu
1865 3741 1991 3810 qui-

331 3835 467 3891 dem
528 3831 683 3904 [322]
739 3830 932 3887 Patris
978 3839 1065 3886 est
1104 3827 1368 3896 αἰτιατὸς,
1421 3837 1683 3900 respectu
1737 3829 1994 3899 Spiritus

326 3921 516 3984 αἴτιος
538 3921 682 3994 (16);
707 3920 882 3977 habet
897 3936 1032 3992 ergo
1055 3919 1240 3976 solum
1264 3919 1628 3975 differentem
1652 3917 1992 3974 relationem

327 4014 402 4070 ad
435 4013 677 4068 Patrem
707 4014 766 4066 et
792 4010 862 4066 ad
889 4009 1199 4081 Spiritum.
1225 4008 1398 4064 Nulla
1427 4008 1681 4078 denique
1719 4006 1780 4062 in
1811 4022 1876 4064 eo
1906 4010 1996 4062 est

317 4099 641 4160 ﬁliationis
687 4098 1061 4164 adulteratio,
1086 4099 1243 4170 quod
1275 4098 1558 4169 Spiritum
1601 4096 1783 4153 Filius
1813 4097 1996 4167 spirat

319 4207 467 4250 cum
497 4193 704 4256 Patre;
736 4188 942 4245 filiatio
972 4187 1127 4244 enim
1161 4188 1467 4244 constituit
1496 4202 1630 4243 eum
1661 4187 1723 4242 in
1755 4202 1886 4242 esse
1907 4185 1993 4242 Fi-

311 4283 384 4340 lii
415 4284 482 4338 et
503 4282 742 4335 denotat
770 4278 901 4349 ejus
953 4277 1291 4332 relationem
1343 4278 1415 4332 ad
1449 4276 1676 4332 Patrem
1727 4279 1990 4346 tantum;

310 4383 529 4444 neque
563 4365 816 4438 Spiritus
855 4365 1043 4422 sancti
1076 4363 1232 4420 filius
1262 4364 1443 4420 Filius
1473 4369 1584 4433 est,
1629 4380 1819 4436 neque
1857 4381 1996 4437 φια-

302 4465 494 4519 tenus
535 4455 716 4511 Filia:
753 4455 881 4526 ejus
923 4455 1199 4527 spirator.
1231 4453 1470 4510 Nullum
1520 4453 1629 4510 hoc
1677 4454 1992 4510 detrimen-
2026 4491 2074 4557 Β

391 4655 527 4732 (15)
574 4655 736 4732 Geor.
793 4654 1053 4732 Scholar.
1089 4655 1290 4732 Qqulru
1348 4655 1512 4732 illam
1547 4653 1744 4732 Epfi‘es.
1789 4652 1997 4732 syllog.

301 4733 364 4788 1.
400 4723 414 4732 ’
439 4723 620 4800 (Qad.
655 4726 833 4800 ΔΜοῐιι.
889 4727 960 4800 2’?
1015 4726 1050 4781 Γ.
1106 4727 1215 4800 181-
1255 4727 1448 4800 b._182
1503 4723 1999 4800 α.)ξἈντ-ικςίμεῆᾳ

301 4794 566 4874 μὶνόὗν
627 4795 730 4852 εἶσι
774 4797 837 4852 τὸ
905 4795 1075 4851 αἴτιον
1133 4797 1221 4850 καὶ
1273 4797 1334 4850 τὸ
1391 4794 1649 4864 αἰτιατὸν,
1680 4797 1769 4850 καὶ
1828 4794 1878 4850 ἐή
1918 4799 1996 4886 τῦ(

295 4874 437 4930 Υἱῶ
476 4869 622 4924 εἶναι
668 4869 834 4924 ταῦτά
884 4889 1042 4930 φασιν
1095 4868 1146 4922 o't
1191 4871 1414 4924 Λατῖνοι
1461 4867 1551 4922 καὶ
1606 4867 1737 4930 ἅμα·
1773 4865 1899 4922 ἀλλ’
1930 4888 1994 4920 ου

302 4891 437 4960 ιἸιέ)
476 4891 622 4924 ειναι
668 4891 834 4924 ταυτα
884 4891 1042 4948 φασιν
1095 4891 1146 4922 οι
1191 4891 1414 4924 Λατίνοι
1461 4891 1551 4922 και
1606 4891 1737 4940 αμα*
1773 4891 1881 4922 αΛΛ
1930 4891 1994 4920 ου

292 4963 469 5020 τςρος
533 4940 602 5020 τρ
656 4938 789 5020 αὖτρ
833 4939 938 5020 χαὶ
998 4939 1309 5020 ᾡσαῇτωςζ
1339 4940 1400 4993 τὸ
1436 4941 1534 5020 μὲκ(
1579 4939 1682 5020 γὰρ
1716 4937 1827 5020 ἐστὶι
1857 4939 1994 5011 πρὸς

288 4993 410 5073 τέν
453 5009 698 5085 Πατέρα,
736 5012 800 5067 τὸ
831 5008 888 5066 δὲ
915 5011 1050 5085 «per
1083 5011 1150 5085 re
1178 5014 1414 5085 Πνεῦμα·
1436 4993 1537 5065 ’καὶ
1569 4993 1712 5085 ἰξρδίςΔ
1763 5011 1856 5084 μὲν
1901 4993 1991 5064 ετὸν

297 5077 886 5158 Πατέρτξμήενὴῃτεῶςὶ
912 5077 1060 5158 ’τέρὸς
1109 5079 1166 5136 δὲ
1200 5077 1512 5158 τὸῌΙῘνεῦμα
1550 5077 1943 5158 πέρϐλ-ήῖᾳῶς
1977 5099 1990 5113 ·

297 5148 498 5216 οὕτω’
543 5148 612 5209 δὲ’
653 5148 780 5210 οὐδὲ
828 5148 1090 5210 άδύνὰτόν
1156 5174 1208 5207 τι
1266 5148 1471 5222 ἕπεταί,
1531 5148 1658 5208 οὐδὲ
1688 5148 1995 5226 τὸἀξίωμα

301 5231 664 5300 ἆναιρεῖτριι.

387 5300 524 5373 (⁸6)

306 5366 606 5444 exempla
663 5370 916 5444 illustrat
942 5387 955 5426 :
987 5370 1055 5425 Ἠ
1085 5438 1095 5444 _
1121 5369 1222 5444 γᾷρ
1251 5366 1534 5444 πατρότης
1579 5366 1668 5444 ηαξ
1699 5370 1733 5435 ἡ
1778 5367 1994 5444 uterne,

511 5438 562 5460 ἣν
739 5440 754 5462 \
876 5440 889 5460 Ι
1085 5438 1098 5456 ‘
1135 5438 1173 5456 ἐ
1194 5438 1202 5444 ’
1251 5441 1264 5462 9
1368 5438 1376 5442 ⁷
1400 5442 1412 5458 \
1707 5445 1734 5454 θ’
1778 5440 1789 5462 ,
1906 5439 1915 5454 θ
1982 5455 1996 5471 .

305 5446 346 5513 ἢ
383 5444 462 5499 τὸ
499 5460 675 5513 qtttov
708 5461 757 5496 ει
791 5440 984 5513 βουλςι
1015 5460 1474 5513 καιτουᾳξτιατον,
1495 5438 1644 5513 ἧνῌέν
1668 5460 1746 5512 τῳ
1783 5442 1958 5513 leniuit

309 5509 485 5572 ἇλλά
516 5509 634 5586 ᾃιότ
671 5533 686 5566 ι
715 5509 852 5586 πρὸς
884 5509 1024 5586 ἄλλο
1053 5512 1144 5586 δαὶ
1176 5509 1323 5586 ἄλλο
1354 5513 1498 5586 τρῠτ’
1549 5509 1728 5586 εἶχεν(
1774 5510 1998 5586 θρὶτερφν

319 5588 432 5677 μὲν
478 5584 590 5677 γξρ
638 5578 784 5677 ’πρξς
834 5586 925 5677 35v
959 5578 1269 5677 _’A"69:‘r&zp',
1324 5585 1560 5677 ’θάτερον
1601 5578 1678 5638 ’δὲ
1724 5583 1860 5677 τξρὸς
1905 5578 1995 5637 ea»;

313 5650 702 5725 Ἶακώϐζμίιί
729 5656 796 5725 ἦν
827 5657 862 5724 ἡ
891 5658 990 5709 τοῦ
1025 5650 1218 5712 Ἰσάὰδξ
1239 5650 1550 5722 ὑπόσταόις,
1574 5674 1624 5710 κ.
1657 5675 1707 5710 τ.
1745 5650 1800 5710 λ.

411 5677 581 5718 ικωυ,
635 5677 691 5710 ια
729 5677 796 5725 ην
827 5677 862 5724 η
891 5677 990 5709 του
1041 5677 1206 5712 ισαακ
1239 5677 1550 5722 υποστασις,
1574 5677 1624 5710 κ.
1657 5677 1707 5710 τ.
1747 5677 1800 5710 Α.

411 5730 533 5802 (l7)
556 5677 770 5786 l‘iicetis
801 5734 1210 5802 argumentum
1235 5730 1387 5802 apud
1415 5729 1717 5802 Hugonem
1736 5727 1850 5802 tale
1869 5729 1959 5802 est
1984 5741 1998 5781 :

404 5798 522 5859 Aut
541 5816 658 5860 non
710 5817 782 5861 ex
811 5798 987 5859 causa
1015 5798 1303 5860 exsistens
1334 5798 1720 5859 habet—Filius
1751 5798 2002 5873 Spiritus

577 5298 736 5354 Idem
785 5298 1122 5355 Scholarius
1176 5298 1347 5365 paulo
1396 5301 1533 5353 ante
1589 5297 1760 5352 citata
1825 5297 1997 5352 verba

2097 1962 2262 2030 pater
2291 1955 2350 2010 in
2395 1971 2464 2011 eo
2496 1955 2652 2026 quod
2693 1955 2924 2024 desipit,
2961 1955 3147 2009 filium
3195 1955 3557 2010 demonstrat
3603 1955 3747 2009 insi-

2097 2047 2371 2118 pientem.
2421 2044 2583 2099 nulla
2625 2048 2781 2099 certe
2829 2043 3058 2098 videtur
3087 2046 3401 2098 necessitas
3454 2044 3594 2098 fatui
3645 2043 3747 2099 filii

2095 2136 2530 2207 generationem
2564 2133 2796 2197 inferre,
2821 2149 2892 2187 ne
2924 2132 3024 2187 fiat
3048 2136 3298 2202 paternae
3329 2132 3744 2187 detrimentum

2096 2223 2405 2280 fatuitatis.
2422 2223 2566 2278 Puto
2589 2222 2646 2277 in
2673 2223 2858 2294 figura
2882 2221 3156 2277 dictionis
3179 2221 3519 2292 hujusmodi
3542 2237 3746 2294 pecca-

2098 2317 2226 2370 tum
2267 2309 2512 2380 obvolvi,
2545 2327 2613 2366 eo
2656 2311 2810 2382 quod
2843 2326 2956 2366 non
3002 2310 3157 2366 idem
3188 2311 3391 2366 eadem
3430 2316 3750 2381 exponatur

2100 2399 2600 2473 interpretatione.
2623 2400 2851 2455 Etenim
2869 2399 3116 2470 hujusce
3137 2399 3472 2456 consecutio
3495 2400 3752 2456 substan-

2101 2494 2302 2550 tiatum
2350 2494 2458 2558 est,
2488 2505 2602 2546 non
2643 2489 3051 2561 proprietatum
3085 2505 3099 2557 ;
3135 2489 3292 2561 quod
3341 2488 3580 2544 reclusis
3611 2505 3750 2544 con-

2103 2580 2345 2637 siderari
2378 2582 2568 2651 potest
2598 2576 2878 2647 latibulis,
2911 2577 2961 2633 si
2982 2578 3200 2633 omissa
3222 2578 3501 2650 religione
3531 2579 3600 2632 ad
3634 2593 3754 2632 mo-

2105 2671 2302 2727 dicum
2334 2668 2532 2724 divina
2565 2673 2819 2723 mentem
2843 2667 2913 2722 ad
2949 2667 3194 2722 humani
3215 2666 3445 2738 generis
3466 2681 3752 2738 propaga-

2104 2759 2322 2816 tionem
2378 2757 2511 2829 quis
2570 2761 2813 2812 revocet.
2901 2756 3103 2812 Nonne
3155 2756 3464 2827 cujuslibet
3497 2755 3753 2811 hominis

2107 2850 2290 2913 ﬁlius,
2339 2864 2468 2903 cum
2517 2845 2737 2910 omnia,
2766 2862 2890 2916 qua)
2941 2845 3088 2916 patri
3137 2844 3550 2900 substantialis
3595 2850 3754 2912 sunt,

2104 2939 2338 3007 habent,
2370 2952 2570 2992 eorum
2604 2951 2730 3008 qua:
2753 2935 2891 2989 talia
2919 2951 3030 2990 non
3057 2934 3544 2998 sunt,miuimam
3577 2933 3754 2988 inter-

2109 3029 2271 3095 dum,
2324 3025 2646 3098 portionem
2693 3023 2946 3078 retinet?
3000 3024 3060 3078 Si
3121 3023 3271 3078 Patri
3319 3023 3758 3078 substantialiter

2105 3118 2186 3190 (id
2219 3121 2309 3172 est
2340 3125 2612 3186 tanquam
2655 3113 3001 3178 substantia)
3037 3111 3252 3167 inesset
3297 3111 3424 3166 Filii
3458 3113 3752 3182 generatio

2106 3204 2459 3274 emissioque
2505 3202 2781 3273 Spiritus,
2831 3217 2901 3256 ex
2941 3201 3288 3256 necessitate
3333 3198 3512 3254 Filius
3556 3199 3751 3268 ipsum

2102 3295 2252 3350 idem
2288 3299 2496 3348 nactus
2529 3291 2696 3359 foret,
2729 3291 2872 3362 quin
2903 3290 3080 3346 etiam
3112 3293 3168 3345 et
3205 3289 3457 3360 Spiritus
3489 3291 3750 3355 sanctus,

2100 3391 2155 3440 et
2184 3383 2293 3439 hoc
2321 3381 2381 3436 in
2413 3379 2712 3435 infinitum
2745 3394 2761 3446 ;
2806 3380 2906 3435 sed
2939 3377 3176 3450 (neque)
3207 3378 3374 3434 Pater
3413 3377 3472 3432 in
3503 3392 3569 3432 eo
3600 3376 3753 3446 quod

2099 3472 2407 3529 substantia
2436 3473 2674 3538 generat
2728 3472 2831 3524 aut
2878 3467 3163 3540 Spiritum
3211 3467 3448 3536 emittit,
3479 3479 3663 3536 neque
3691 3465 3752 3519 in

2100 3578 2166 3618 eo
2212 3561 2366 3633 quod
2399 3559 2539 3614 Deus
2581 3575 2615 3613 a
2659 3557 2802 3613 Filio
2857 3556 3012 3612 vela
3059 3554 3268 3628 Spiritu
3317 3554 3544 3620 diﬁert;
3596 3569 3754 3609 unus

2101 3656 2259 3711 enim
2292 3656 2350 3708 et
2380 3652 2532 3707 idem
2568 3653 2724 3706 Deus
2762 3648 2822 3704 hi
2853 3653 2973 3705 tres
3004 3653 3176 3716 sunt;
3211 3648 3312 3704 sed
3337 3647 3394 3703 in
3418 3664 3484 3704 eo
3515 3646 3753 3718 quidem

2101 3745 2255 3816 quod
2297 3746 2470 3796 Pater
2514 3747 2767 3811 generat,
2803 3755 2835 3795 a
2881 3739 3024 3794 Filio
3077 3737 3307 3804 differt;
3341 3737 3402 3792 in
3451 3753 3518 3792 eo
3556 3745 3752 3792 autem

2102 3833 2255 3906 quod
2289 3830 2524 3895 emittit,
2551 3847 2588 3884 a
2618 3830 2836 3899 Spiritu
2864 3830 2996 3884 solo.
3017 3828 3135 3891 Qua
3165 3828 3237 3882 de
3265 3843 3327 3882 re
3357 3826 3752 3882 manifestum,

2101 3922 2254 3993 quod
2288 3934 2449 3991 penes
2478 3917 2878 3974 substantialia
2903 3921 3133 3972 tantum
3166 3915 3304 3970 talis
3350 3915 3541 3970 locum
3575 3916 3754 3970 habet

2103 4009 2458 4067 consecutio.
2497 4011 2631 4062 Nam
2677 4004 3062 4060 indubitabile
3117 4008 3207 4059 est
3252 4003 3585 4075 personales
3636 4004 3755 4058 sive

2101 4096 2502 4170 hypostaticas
2554 4093 2934 4166 proprietates
2981 4091 3457 4164 impermutabiles
3515 4105 3643 4145 esse
3701 4095 3757 4144 et

2101 4203 2300 4246 earum
2335 4183 2822 4258 permutationem
2856 4185 3075 4237 tantam
3109 4178 3514 4236 confusionem
3545 4182 3603 4232 et
3631 4178 3755 4234 dis-

2104 4277 2449 4353 paritionem
2474 4288 2858 4347 personarum
2881 4269 3321 4343 facere,quibus
3351 4267 3489 4324 solis
3511 4268 3758 4323 circum-

2104 4367 2336 4440 scriptis
2355 4365 2632 4422 omnibus
2654 4362 2787 4419 aliis
2813 4363 3146 4418 differentes
3168 4362 3608 4432 cognoscuntur
3627 4374 3756 4430 per-

2105 4475 2300 4525 sonae;
2335 4459 2393 4511 at
2450 4471 2626 4510 causa
2673 4456 2750 4521 et,
2783 4457 2844 4507 ut
2892 4451 2975 4506 ita
3033 4450 3245 4517 dicam,
3288 4447 3672 4513 causativum,
3708 4455 3762 4502 et

2107 4547 2337 4604 mittere
2376 4550 2434 4600 et
2475 4543 2649 4611 mitti,
2682 4546 2739 4598 et
2785 4557 2963 4615 quam
3009 4539 3204 4612 plures
3235 4537 3358 4593 alia:
3409 4537 3761 4610 hypostatica?

2109 4657 2355 4711 emissor
2393 4668 2522 4708 esse
2573 4653 2674 4706 aut
2731 4665 2800 4704 ex
2851 4663 3029 4703 causa
3083 4645 3390 4712 exsistens,
3422 4645 3590 4697 Patre
3631 4643 3758 4698 scil.

2110 4727 2280 4797 Atqui
2317 4726 2368 4780 si
2412 4740 2520 4779 non
2564 4722 2850 4797 exsistens
2897 4735 2968 4797 ea;
3015 4733 3200 4797 causa,
3235 4722 3404 4770 erunt
3449 4731 3654 4797 rursus
3701 4715 3759 4770 in

2104 4785 2386 4853 Tribitate
2428 4801 2542 4850 duo
2584 4793 2870 4866 principia
2916 4795 2974 4866 e_t
3010 4791 3142 4866 duis
3192 4803 3398 4866 causa.
3449 4785 3506 4841 Si
3535 4793 3759 4866 “autem

2105 4884 2177 4924 ex
2206 4884 2382 4923 causa
2415 4860 2596 4920 Filius
2615 4860 2896 4920 exsistens
2925 4861 3176 4931 Spiritus
3216 4860 3469 4914 emissor
3498 4860 3602 4931 sit,
3628 4873 3756 4912 om-

2107 4941 2246 4995 nino
2277 4955 2346 4995 en:
2374 4941 2538 4994 Patre
2563 4937 2671 4991 hoc
2695 4939 2941 4990 sortitus
2970 4930 3122 4988 est...
3142 4931 3240 4984 Sin
3266 4935 3460 4984 autem
3492 4945 3561 4983 ex
3589 4930 3758 4984 Patre

2105 5011 2216 5067 hoc
2248 5011 2441 5076 habet,
2473 5025 2598 5080 quae
2629 5014 2714 5062 est
2761 5007 2876 5080 ista
2903 5002 3321 5080 exhazredi'tatio
3350 5006 3406 5058 et
3454 4999 3757 5080 detrimen-

2102 5087 2222 5138 tum
2269 5071 2866 5151 ﬁtiali’s‘exsistentiae,
2901 5081 2967 5131 ut
3003 5091 3113 5130 non
3151 5073 3220 5151 Vin
3274 5087 3334 5130 eo
3380 5074 3528 5151 quod
3561 5071 3756 5151 filius

2107 5143 2318 5210 Filium
2351 5158 2608 5224 generet,
2636 5143 2894 5224 etPater
2933 5150 3256 5224 censeatur,
3291 5143 3425 5200 cum
3477 5143 3645 5224 Pater
3692 5143 3754 5224 in

2106 5243 2172 5282 co
2187 5226 2339 5296 quod
2351 5215 2841 5296 cmissor_Filium
2861 5216 3424 5296 rursusamissorern
3443 5215 3753 5296 ostendat?

2105 5298 2164 5353 Si
2179 5285 2334 5353 e'nim
2350 5313 2417 5352 ex
2431 5298 2599 5350 Patre
2618 5293 2908 5347 indemnis
2928 5289 3154 5346 estFilii
3170 5285 3757 5360 generatioSpiritus-

2106 5385 2220 5440 que
2252 5367 2562 5437 processio,
2591 5365 2836 5440 quemad
2849 5365 2976 5440 mod
2989 5378 3083 5440 um
3102 5356 3358 5440 emissor
3374 5356 3553 5440 Filius
3565 5363 3754 5440 osten-

2107 5429 2278 5496 detur
2312 5457 2324 5494 :
2360 5429 2895 5498 necesse—omnino,
2921 5439 2986 5489 ut
3022 5434 3436 5488 detrimentum
3475 5429 3627 5484 circa
3659 5429 3749 5482 di-

2105 5513 2302 5568 vinam
2326 5520 2588 5566 naturam
2611 5524 2724 5563 non
2755 5505 3080 5561 inveniatur
3098 5503 3248 5574 quod
3270 5505 3502 5568 generet
3515 5499 3743 5564 Filium,

2106 5589 2164 5640 et
2194 5583 2272 5636 sit
2300 5598 2464 5653 nepos
2519 5581 2655 5636 hinc
2713 5577 3182 5653 complasrnatus
3228 5575 3462 5653 aliquis,
3497 5586 3628 5626 cum
3689 5578 3744 5624 et

2107 5654 2349 5712 emissor
2371 5644 2647 5725 'Spiritus
2669 5654 2756 5725 _ir_i
2793 5644 2866 5707 eo.
2882 5647 3020 5722 quod
3049 5663 3119 5704 ex
3145 5644 3540 5725 PetreiFilius
3573 5657 3740 5725 mon:

2109 5730 2326 5782 stretur
2357 5742 2372 5792 ;
2431 5712 2587 5798 quod
2636 5722 2687 5780 si
2717 5722 2811 5798 ita
2855 5712 2960 5786 e'st,
2993 5719 3288 5793 congeries
3316 5712 3650 5786 impietatis
3680 5716 3738 5767 et

2111 5798 2397 5872 profunda
2425 5795 2683 5868 emerget
2709 5795 2891 5851 fovea.
2926 5815 2954 5842 »
