  <div class='ocr_page' id='page_1' title='image "/cluster/home/n/w/nwhite01/storage/ocr_20150623/102/hvd.32044073502155/289.png"; bbox 0 0 4090 6228; ppageno 0'>
   <div class='ocr_carea' id='block_1_1' title="bbox 364 387 478 447">
    <p class='ocr_par' dir='ltr' id='par_1_1' title="bbox 364 387 478 447">
     <span class='ocr_line' id='line_1_1' title="bbox 364 387 478 447; baseline -0.009 0"><span class='ocrx_word' id='word_1_1' title='bbox 364 387 478 447; x_wconf 80' lang='grc'>535</span> 
     </span>
    </p>
   </div>
   <div class='ocr_carea' id='block_1_2' title="bbox 1576 373 2576 435">
    <p class='ocr_par' dir='ltr' id='par_1_2' title="bbox 1576 373 2576 435">
     <span class='ocr_line' id='line_1_2' title="bbox 1576 373 2576 435; baseline -0.002 -1"><span class='ocrx_word' id='word_1_2' title='bbox 1576 373 1838 435; x_wconf 83' lang='lat' dir='ltr'>PHOTll</span> <span class='ocrx_word' id='word_1_3' title='bbox 1887 374 2415 435; x_wconf 63' lang='lat' dir='ltr'>PATBIABCHIE</span> <span class='ocrx_word' id='word_1_4' title='bbox 2458 375 2576 433; x_wconf 91' lang='lat' dir='ltr'>CP.</span> 
     </span>
    </p>
   </div>
   <div class='ocr_carea' id='block_1_3' title="bbox 3659 377 3786 438">
    <p class='ocr_par' dir='ltr' id='par_1_3' title="bbox 3659 377 3786 438">
     <span class='ocr_line' id='line_1_3' title="bbox 3659 377 3786 438; baseline 0.031 -4"><span class='ocrx_word' id='word_1_5' title='bbox 3659 377 3786 438; x_wconf 84' lang='lat'>536</span> 
     </span>
    </p>
   </div>
   <div class='ocr_carea' id='block_1_4' title="bbox 354 507 3792 585">
    <p class='ocr_par' dir='ltr' id='par_1_4' title="bbox 354 507 3792 585">
     <span class='ocr_line' id='line_1_4' title="bbox 354 507 3792 585; baseline -0.003 -9"><span class='ocrx_word' id='word_1_6' title='bbox 354 536 470 576; x_wconf 91' lang='lat' dir='ltr'>non</span> <span class='ocrx_word' id='word_1_7' title='bbox 501 519 655 583; x_wconf 87' lang='lat' dir='ltr'>sunt,</span> <span class='ocrx_word' id='word_1_8' title='bbox 677 515 798 572; x_wconf 90' lang='lat' dir='ltr'>sive</span> <span class='ocrx_word' id='word_1_9' title='bbox 831 511 1162 585; x_wconf 80' lang='lat' dir='ltr'>personales</span> <span class='ocrx_word' id='word_1_10' title='bbox 1189 509 1472 579; x_wconf 88' lang='lat' dir='ltr'>;ideoque</span> <span class='ocrx_word' id='word_1_11' title='bbox 1501 524 1612 564; x_wconf 91' lang='lat' dir='ltr'>non</span> <span class='ocrx_word' id='word_1_12' title='bbox 1647 508 1708 562; x_wconf 83' lang='lat' dir='ltr'>tit</span> <span class='ocrx_word' id='word_1_13' title='bbox 1739 509 1998 563; x_wconf 82' lang='lat' dir='ltr'>confusio</span> <span class='ocrx_word' id='word_1_14' title='bbox 2033 512 2080 575; x_wconf 78' lang='grc' dir='ltr'><strong>Α</strong></span> <span class='ocrx_word' id='word_1_15' title='bbox 2115 510 2331 562; x_wconf 75' lang='lat' dir='ltr'>emittit</span> <span class='ocrx_word' id='word_1_16' title='bbox 2363 507 2670 576; x_wconf 75' lang='lat' dir='ltr'>Spiritum,</span> <span class='ocrx_word' id='word_1_17' title='bbox 2711 507 2916 562; x_wconf 81' lang='lat' dir='ltr'>Filium</span> <span class='ocrx_word' id='word_1_18' title='bbox 2961 507 3155 575; x_wconf 85' lang='lat' dir='ltr'>habet,</span> <span class='ocrx_word' id='word_1_19' title='bbox 3189 524 3316 580; x_wconf 64' lang='lat' dir='ltr'>qua</span> <span class='ocrx_word' id='word_1_20' title='bbox 3348 507 3792 566; x_wconf 87' lang='lat' dir='ltr'>indemonstra-</span> 
     </span>
    </p>
   </div>
   <div class='ocr_carea' id='block_1_5' title="bbox 361 598 2005 680">
    <p class='ocr_par' dir='ltr' id='par_1_5' title="bbox 361 598 2005 680">
     <span class='ocr_line' id='line_1_5' title="bbox 361 598 2005 680; baseline -0.007 -17"><span class='ocrx_word' id='word_1_21' title='bbox 361 621 764 680; x_wconf 86' lang='lat' dir='ltr'>personarum,</span> <span class='ocrx_word' id='word_1_22' title='bbox 789 603 1021 672; x_wconf 83' lang='lat' dir='ltr'>quando</span> <span class='ocrx_word' id='word_1_23' title='bbox 1053 601 1304 655; x_wconf 86' lang='lat' dir='ltr'>dicitur:</span> <span class='ocrx_word' id='word_1_24' title='bbox 1331 598 1454 653; x_wconf 91' lang='lat' dir='ltr'>Una</span> <span class='ocrx_word' id='word_1_25' title='bbox 1480 614 1657 652; x_wconf 86' lang='lat' dir='ltr'>causa</span> <span class='ocrx_word' id='word_1_26' title='bbox 1677 599 1860 652; x_wconf 81' lang='lat' dir='ltr'>sancti</span> <span class='ocrx_word' id='word_1_27' title='bbox 1884 599 2005 669; x_wconf 91' lang='lat' dir='ltr'>Spi-</span> 
     </span>
    </p>
   </div>
   <div class='ocr_carea' id='block_1_6' title="bbox 363 687 2008 757">
    <p class='ocr_par' dir='ltr' id='par_1_6' title="bbox 363 687 2008 757">
     <span class='ocr_line' id='line_1_6' title="bbox 363 687 2008 757; baseline -0.005 -6"><span class='ocrx_word' id='word_1_28' title='bbox 363 697 511 752; x_wconf 83' lang='lat' dir='ltr'>ritus</span> <span class='ocrx_word' id='word_1_29' title='bbox 552 695 732 750; x_wconf 87' lang='lat' dir='ltr'>Filius</span> <span class='ocrx_word' id='word_1_30' title='bbox 772 697 828 748; x_wconf 93' lang='lat' dir='ltr'>et</span> <span class='ocrx_word' id='word_1_31' title='bbox 873 693 1034 746; x_wconf 90' lang='lat' dir='ltr'>Pater</span> <span class='ocrx_word' id='word_1_32' title='bbox 1073 693 1179 744; x_wconf 88' lang='lat' dir='ltr'>est.</span> <span class='ocrx_word' id='word_1_33' title='bbox 1217 710 1245 737; x_wconf 86' lang='lat'>»</span> <span class='ocrx_word' id='word_1_34' title='bbox 1296 687 1544 742; x_wconf 91' lang='lat' dir='ltr'>Demum</span> <span class='ocrx_word' id='word_1_35' title='bbox 1597 689 1744 757; x_wconf 86' lang='lat' dir='ltr'>quod</span> <span class='ocrx_word' id='word_1_36' title='bbox 1784 704 1907 757; x_wconf 74' lang='lat' dir='ltr'>Oztp.</span> <span class='ocrx_word' id='word_1_37' title='bbox 1943 690 2008 742; x_wconf 75' lang='grc'>47</span> 
     </span>
    </p>
   </div>
   <div class='ocr_carea' id='block_1_7' title="bbox 360 775 2024 855">
    <p class='ocr_par' dir='ltr' id='par_1_7' title="bbox 360 775 2024 855">
     <span class='ocr_line' id='line_1_7' title="bbox 360 775 2024 855; baseline -0.005 -14"><span class='ocrx_word' id='word_1_38' title='bbox 360 785 627 855; x_wconf 85' lang='lat' dir='ltr'>adjungit</span> <span class='ocrx_word' id='word_1_39' title='bbox 659 782 918 845; x_wconf 88' lang='lat' dir='ltr'>Photius,</span> <span class='ocrx_word' id='word_1_40' title='bbox 953 779 1010 833; x_wconf 88' lang='lat' dir='ltr'>id</span> <span class='ocrx_word' id='word_1_41' title='bbox 1052 777 1271 849; x_wconf 83' lang='lat' dir='ltr'>partim</span> <span class='ocrx_word' id='word_1_42' title='bbox 1324 791 1391 829; x_wconf 86' lang='lat' dir='ltr'>ex</span> <span class='ocrx_word' id='word_1_43' title='bbox 1442 776 1538 830; x_wconf 91' lang='lat' dir='ltr'>hic</span> <span class='ocrx_word' id='word_1_44' title='bbox 1585 775 1777 836; x_wconf 82' lang='lat' dir='ltr'>dictis,</span> <span class='ocrx_word' id='word_1_45' title='bbox 1813 779 2024 846; x_wconf 77' lang='lat' dir='ltr'>partim</span> 
     </span>
    </p>
   </div>
   <div class='ocr_carea' id='block_1_8' title="bbox 367 866 2020 943">
    <p class='ocr_par' dir='ltr' id='par_1_8' title="bbox 367 866 2020 943">
     <span class='ocr_line' id='line_1_8' title="bbox 367 866 2020 943; baseline -0.005 -14"><span class='ocrx_word' id='word_1_46' title='bbox 367 891 435 930; x_wconf 88' lang='lat' dir='ltr'>ex</span> <span class='ocrx_word' id='word_1_47' title='bbox 467 875 558 940; x_wconf 88' lang='lat' dir='ltr'>iis,</span> <span class='ocrx_word' id='word_1_48' title='bbox 594 889 722 943; x_wconf 67' lang='lat' dir='ltr'>qua:</span> <span class='ocrx_word' id='word_1_49' title='bbox 753 871 823 925; x_wconf 93' lang='lat' dir='ltr'>ad</span> <span class='ocrx_word' id='word_1_50' title='bbox 877 869 1112 923; x_wconf 75' lang='lat' dir='ltr'>eil’atum</span> <span class='ocrx_word' id='word_1_51' title='bbox 1165 866 1260 920; x_wconf 90' lang='lat' dir='ltr'>hic</span> <span class='ocrx_word' id='word_1_52' title='bbox 1313 882 1514 922; x_wconf 83' lang='lat' dir='ltr'>rursus</span> <span class='ocrx_word' id='word_1_53' title='bbox 1545 867 1853 934; x_wconf 88' lang='lat' dir='ltr'>repetitum</span> <span class='ocrx_word' id='word_1_54' title='bbox 1887 868 2020 934; x_wconf 88' lang='lat' dir='ltr'>(art.</span> 
     </span>
    </p>
   </div>
   <div class='ocr_carea' id='block_1_9' title="bbox 369 954 1847 1032">
    <p class='ocr_par' dir='ltr' id='par_1_9' title="bbox 369 954 1847 1032">
     <span class='ocr_line' id='line_1_9' title="bbox 369 954 1847 1032; baseline -0.008 -13"><span class='ocrx_word' id='word_1_55' title='bbox 369 964 424 1028; x_wconf 90' lang='lat'><strong>3,</strong></span> <span class='ocrx_word' id='word_1_56' title='bbox 457 966 484 1032; x_wconf 83' lang='lat'>§</span> <span class='ocrx_word' id='word_1_57' title='bbox 512 965 544 1016; x_wconf 94' lang='lat'>8</span> <span class='ocrx_word' id='word_1_58' title='bbox 576 962 720 1031; x_wconf 91' lang='lat' dir='ltr'>seq.)</span> <span class='ocrx_word' id='word_1_59' title='bbox 751 959 1045 1014; x_wconf 89' lang='lat' dir='ltr'>adnonata</span> <span class='ocrx_word' id='word_1_60' title='bbox 1072 961 1234 1021; x_wconf 88' lang='lat' dir='ltr'>sunt,</span> <span class='ocrx_word' id='word_1_61' title='bbox 1263 956 1410 1010; x_wconf 88' lang='lat' dir='ltr'>solvi</span> <span class='ocrx_word' id='word_1_62' title='bbox 1441 954 1604 1010; x_wconf 88' lang='lat' dir='ltr'>facile</span> <span class='ocrx_word' id='word_1_63' title='bbox 1637 959 1847 1026; x_wconf 76' lang='lat' dir='ltr'>potest.</span> 
     </span>
    </p>
   </div>
   <div class='ocr_carea' id='block_1_10' title="bbox 375 1043 2023 1122">
    <p class='ocr_par' dir='ltr' id='par_1_10' title="bbox 375 1043 2023 1122">
     <span class='ocr_line' id='line_1_10' title="bbox 375 1043 2023 1122; baseline -0.004 -17"><span class='ocrx_word' id='word_1_64' title='bbox 375 1099 380 1104; x_wconf 86' lang='lat'>.</span> <span class='ocrx_word' id='word_1_65' title='bbox 445 1051 595 1122; x_wconf 83' lang='grc'>[324]</span> <span class='ocrx_word' id='word_1_66' title='bbox 625 1051 714 1104; x_wconf 88' lang='grc'>29.</span> <span class='ocrx_word' id='word_1_67' title='bbox 749 1048 856 1102; x_wconf 85' lang='lat' dir='ltr'>Sed</span> <span class='ocrx_word' id='word_1_68' title='bbox 892 1047 1148 1100; x_wconf 90' lang='lat' dir='ltr'>nondum</span> <span class='ocrx_word' id='word_1_69' title='bbox 1201 1045 1481 1100; x_wconf 79' lang='lat' dir='ltr'>exhausta</span> <span class='ocrx_word' id='word_1_70' title='bbox 1532 1043 1886 1099; x_wconf 86' lang='lat' dir='ltr'>schismatici</span> <span class='ocrx_word' id='word_1_71' title='bbox 1924 1061 2023 1112; x_wconf 86' lang='lat' dir='ltr'>pa-</span> 
     </span>
    </p>
   </div>
   <div class='ocr_carea' id='block_1_11' title="bbox 372 1136 2024 1208">
    <p class='ocr_par' dir='ltr' id='par_1_11' title="bbox 372 1136 2024 1208">
     <span class='ocr_line' id='line_1_11' title="bbox 372 1136 2024 1208; baseline -0.003 -13"><span class='ocrx_word' id='word_1_72' title='bbox 372 1140 636 1196; x_wconf 64' lang='lat' dir='ltr'>triarcha</span> <span class='ocrx_word' id='word_1_73' title='bbox 667 1137 1066 1208; x_wconf 84' lang='lat' dir='ltr'>sophismata:</span> <span class='ocrx_word' id='word_1_74' title='bbox 1101 1137 1326 1190; x_wconf 83' lang='lat' dir='ltr'>tertiam</span> <span class='ocrx_word' id='word_1_75' title='bbox 1362 1140 1492 1206; x_wconf 90' lang='lat' dir='ltr'>post</span> <span class='ocrx_word' id='word_1_76' title='bbox 1517 1136 1793 1206; x_wconf 81' lang='lat' dir='ltr'>prolixam</span> <span class='ocrx_word' id='word_1_77' title='bbox 1820 1137 1888 1188; x_wconf 86' lang='lat' dir='ltr'>de</span> <span class='ocrx_word' id='word_1_78' title='bbox 1911 1136 2024 1190; x_wconf 87' lang='lat' dir='ltr'>Ga-</span> 
     </span>
    </p>
   </div>
   <div class='ocr_carea' id='block_1_12' title="bbox 373 1225 2026 1298">
    <p class='ocr_par' dir='ltr' id='par_1_12' title="bbox 373 1225 2026 1298">
     <span class='ocr_line' id='line_1_12' title="bbox 373 1225 2026 1298; baseline -0.004 -13"><span class='ocrx_word' id='word_1_79' title='bbox 373 1229 478 1285; x_wconf 86' lang='lat' dir='ltr'>lat.</span> <span class='ocrx_word' id='word_1_80' title='bbox 513 1245 588 1296; x_wconf 90' lang='lat' dir='ltr'>1v,</span> <span class='ocrx_word' id='word_1_81' title='bbox 621 1229 676 1294; x_wconf 90' lang='grc'>6,</span> <span class='ocrx_word' id='word_1_82' title='bbox 702 1225 1156 1298; x_wconf 81' lang='lat' dir='ltr'>disputationem</span> <span class='ocrx_word' id='word_1_83' title='bbox 1181 1233 1646 1294; x_wconf 84' lang='lat' dir='ltr'>argumentorum</span> <span class='ocrx_word' id='word_1_84' title='bbox 1683 1225 2026 1293; x_wconf 82' lang='lat' dir='ltr'>theologico-</span> 
     </span>
    </p>
   </div>
   <div class='ocr_carea' id='block_1_13' title="bbox 377 1313 2026 1384">
    <p class='ocr_par' dir='ltr' id='par_1_13' title="bbox 377 1313 2026 1384">
     <span class='ocr_line' id='line_1_13' title="bbox 377 1313 2026 1384; baseline -0.003 -11"><span class='ocrx_word' id='word_1_85' title='bbox 377 1335 509 1373; x_wconf 90' lang='lat' dir='ltr'>rum</span> <span class='ocrx_word' id='word_1_86' title='bbox 543 1316 752 1372; x_wconf 85' lang='lat' dir='ltr'>seriem</span> <span class='ocrx_word' id='word_1_87' title='bbox 788 1313 1120 1384; x_wconf 86' lang='lat' dir='ltr'>auspicatur</span> <span class='ocrx_word' id='word_1_88' title='bbox 1151 1330 1442 1384; x_wconf 85' lang='lat' dir='ltr'>novasque</span> <span class='ocrx_word' id='word_1_89' title='bbox 1484 1313 1791 1368; x_wconf 85' lang='lat' dir='ltr'>auxiliares</span> <span class='ocrx_word' id='word_1_90' title='bbox 1831 1314 2026 1384; x_wconf 78' lang='lat' dir='ltr'>capias</span> 
     </span>
    </p>
   </div>
   <div class='ocr_carea' id='block_1_14' title="bbox 377 1401 2026 1476">
    <p class='ocr_par' dir='ltr' id='par_1_14' title="bbox 377 1401 2026 1476">
     <span class='ocr_line' id='line_1_14' title="bbox 377 1401 2026 1476; baseline -0.003 -14"><span class='ocrx_word' id='word_1_91' title='bbox 377 1407 436 1462; x_wconf 92' lang='lat' dir='ltr'>in</span> <span class='ocrx_word' id='word_1_92' title='bbox 469 1421 676 1476; x_wconf 83' lang='lat' dir='ltr'>agmen</span> <span class='ocrx_word' id='word_1_93' title='bbox 708 1405 994 1475; x_wconf 87' lang='lat' dir='ltr'>producit.</span> <span class='ocrx_word' id='word_1_94' title='bbox 1024 1425 1050 1452; x_wconf 88' lang='lat'><strong>«</strong></span> <span class='ocrx_word' id='word_1_95' title='bbox 1084 1402 1142 1456; x_wconf 88' lang='lat' dir='ltr'>Si</span> <span class='ocrx_word' id='word_1_96' title='bbox 1175 1401 1422 1470; x_wconf 86' lang='lat' dir='ltr'>genitus,</span> <span class='ocrx_word' id='word_1_97' title='bbox 1452 1403 1530 1455; x_wconf 86' lang='lat' dir='ltr'>ait</span> <span class='ocrx_word' id='word_1_98' title='bbox 1560 1419 1690 1472; x_wconf 86' lang='lat' dir='ltr'>cap.</span> <span class='ocrx_word' id='word_1_99' title='bbox 1719 1403 1808 1470; x_wconf 84' lang='grc'>61,</span> <span class='ocrx_word' id='word_1_100' title='bbox 1845 1401 2026 1457; x_wconf 85' lang='lat' dir='ltr'>Filius</span> 
     </span>
    </p>
   </div>
   <div class='ocr_carea' id='block_1_15' title="bbox 379 1491 2024 1564">
    <p class='ocr_par' dir='ltr' id='par_1_15' title="bbox 379 1491 2024 1564">
     <span class='ocr_line' id='line_1_15' title="bbox 379 1491 2024 1564; baseline -0.004 -13"><span class='ocrx_word' id='word_1_101' title='bbox 379 1511 447 1551; x_wconf 87' lang='lat' dir='ltr'>ex</span> <span class='ocrx_word' id='word_1_102' title='bbox 477 1497 668 1559; x_wconf 86' lang='lat' dir='ltr'>Patre,</span> <span class='ocrx_word' id='word_1_103' title='bbox 705 1493 968 1564; x_wconf 89' lang='lat' dir='ltr'>procedit</span> <span class='ocrx_word' id='word_1_104' title='bbox 1006 1507 1138 1546; x_wconf 89' lang='lat' dir='ltr'>vero</span> <span class='ocrx_word' id='word_1_105' title='bbox 1172 1492 1424 1562; x_wconf 79' lang='lat' dir='ltr'>Spiritus</span> <span class='ocrx_word' id='word_1_106' title='bbox 1454 1507 1521 1545; x_wconf 85' lang='lat' dir='ltr'>ex</span> <span class='ocrx_word' id='word_1_107' title='bbox 1549 1491 1709 1560; x_wconf 86' lang='lat' dir='ltr'>Filio,</span> <span class='ocrx_word' id='word_1_108' title='bbox 1735 1492 2024 1562; x_wconf 89' lang='lat' dir='ltr'>quomodo</span> 
     </span>
    </p>
   </div>
   <div class='ocr_carea' id='block_1_16' title="bbox 375 1580 2027 1656">
    <p class='ocr_par' dir='ltr' id='par_1_16' title="bbox 375 1580 2027 1656">
     <span class='ocr_line' id='line_1_16' title="bbox 375 1580 2027 1656; baseline -0.004 -16"><span class='ocrx_word' id='word_1_109' title='bbox 375 1585 644 1656; x_wconf 79' lang='lat' dir='ltr'>impietas</span> <span class='ocrx_word' id='word_1_110' title='bbox 677 1599 791 1637; x_wconf 92' lang='lat' dir='ltr'>non</span> <span class='ocrx_word' id='word_1_111' title='bbox 827 1583 1150 1637; x_wconf 89' lang='lat' dir='ltr'>secundum</span> <span class='ocrx_word' id='word_1_112' title='bbox 1186 1580 1473 1652; x_wconf 90' lang='lat' dir='ltr'>propriam</span> <span class='ocrx_word' id='word_1_113' title='bbox 1511 1582 1860 1635; x_wconf 81' lang='lat' dir='ltr'>sententiam</span> <span class='ocrx_word' id='word_1_114' title='bbox 1894 1582 2027 1651; x_wconf 89' lang='lat' dir='ltr'>Spi—</span> 
     </span>
    </p>
   </div>
   <div class='ocr_carea' id='block_1_17' title="bbox 377 1667 2024 1742">
    <p class='ocr_par' dir='ltr' id='par_1_17' title="bbox 377 1667 2024 1742">
     <span class='ocr_line' id='line_1_17' title="bbox 377 1667 2024 1742; baseline -0.003 -15"><span class='ocrx_word' id='word_1_115' title='bbox 377 1673 554 1728; x_wconf 86' lang='lat' dir='ltr'>ritum</span> <span class='ocrx_word' id='word_1_116' title='bbox 585 1679 830 1742; x_wconf 76' lang='lat' dir='ltr'>nepotem</span> <span class='ocrx_word' id='word_1_117' title='bbox 880 1671 1194 1724; x_wconf 80' lang='lat' dir='ltr'>constituet</span> <span class='ocrx_word' id='word_1_118' title='bbox 1225 1673 1282 1724; x_wconf 87' lang='lat' dir='ltr'>et</span> <span class='ocrx_word' id='word_1_119' title='bbox 1323 1672 1691 1724; x_wconf 86' lang='lat' dir='ltr'>tremendum</span> <span class='ocrx_word' id='word_1_120' title='bbox 1728 1667 2024 1740; x_wconf 72' lang='lat' dir='ltr'>theolbgiae</span> 
     </span>
    </p>
   </div>
   <div class='ocr_carea' id='block_1_18' title="bbox 381 1757 2024 1830">
    <p class='ocr_par' dir='ltr' id='par_1_18' title="bbox 381 1757 2024 1830">
     <span class='ocr_line' id='line_1_18' title="bbox 381 1757 2024 1830; baseline -0.001 -14"><span class='ocrx_word' id='word_1_121' title='bbox 381 1765 597 1816; x_wconf 71' lang='lat' dir='ltr'>nostrae</span> <span class='ocrx_word' id='word_1_122' title='bbox 628 1759 970 1828; x_wconf 83' lang='lat' dir='ltr'>mysterium</span> <span class='ocrx_word' id='word_1_123' title='bbox 1002 1757 1059 1812; x_wconf 90' lang='lat' dir='ltr'>in</span> <span class='ocrx_word' id='word_1_124' title='bbox 1096 1759 1298 1830; x_wconf 85' lang='lat' dir='ltr'>longas</span> <span class='ocrx_word' id='word_1_125' title='bbox 1343 1763 1398 1813; x_wconf 89' lang='lat' dir='ltr'>et</span> <span class='ocrx_word' id='word_1_126' title='bbox 1429 1774 1618 1813; x_wconf 85' lang='lat' dir='ltr'>meras</span> <span class='ocrx_word' id='word_1_127' title='bbox 1650 1775 1833 1830; x_wconf 85' lang='lat' dir='ltr'>nugas</span> <span class='ocrx_word' id='word_1_128' title='bbox 1865 1761 2024 1814; x_wconf 82' lang='lat' dir='ltr'>able-</span> 
     </span>
    </p>
   </div>
   <div class='ocr_carea' id='block_1_19' title="bbox 2118 597 3786 668">
    <p class='ocr_par' dir='ltr' id='par_1_19' title="bbox 2118 597 3786 668">
     <span class='ocr_line' id='line_1_19' title="bbox 2118 597 3786 668; baseline 0.002 -18"><span class='ocrx_word' id='word_1_129' title='bbox 2118 599 2252 651; x_wconf 79' lang='lat' dir='ltr'>bi‘is</span> <span class='ocrx_word' id='word_1_130' title='bbox 2275 603 2362 652; x_wconf 88' lang='lat' dir='ltr'>est</span> <span class='ocrx_word' id='word_1_131' title='bbox 2400 604 2456 652; x_wconf 90' lang='lat' dir='ltr'>et</span> <span class='ocrx_word' id='word_1_132' title='bbox 2484 597 2942 666; x_wconf 62' lang='lat' dir='ltr'>irnpossibiliter,</span> <span class='ocrx_word' id='word_1_133' title='bbox 2969 598 3111 668; x_wconf 86' lang='lat' dir='ltr'>quia</span> <span class='ocrx_word' id='word_1_134' title='bbox 3162 613 3347 668; x_wconf 81' lang='lat' dir='ltr'>neque</span> <span class='ocrx_word' id='word_1_135' title='bbox 3391 600 3655 654; x_wconf 76' lang='lat' dir='ltr'>maxima</span> <span class='ocrx_word' id='word_1_136' title='bbox 3689 604 3786 655; x_wconf 87' lang='lat' dir='ltr'>est</span> 
     </span>
    </p>
   </div>
   <div class='ocr_carea' id='block_1_20' title="bbox 2118 678 3789 757">
    <p class='ocr_par' dir='ltr' id='par_1_20' title="bbox 2118 678 3789 757">
     <span class='ocr_line' id='line_1_20' title="bbox 2118 678 3789 757; baseline 0.004 -19"><span class='ocrx_word' id='word_1_137' title='bbox 2118 702 2303 756; x_wconf 83' lang='lat' dir='ltr'>neque</span> <span class='ocrx_word' id='word_1_138' title='bbox 2341 687 2515 740; x_wconf 84' lang='lat' dir='ltr'>ﬁdem</span> <span class='ocrx_word' id='word_1_139' title='bbox 2552 685 2702 756; x_wconf 76' lang='lat'>[325]</span> <span class='ocrx_word' id='word_1_140' title='bbox 2737 686 2805 738; x_wconf 81' lang='lat' dir='ltr'>ab</span> <span class='ocrx_word' id='word_1_141' title='bbox 2839 684 3036 756; x_wconf 88' lang='lat' dir='ltr'>aliqua</span> <span class='ocrx_word' id='word_1_142' title='bbox 3069 687 3316 740; x_wconf 81' lang='lat' dir='ltr'>maxima</span> <span class='ocrx_word' id='word_1_143' title='bbox 3365 687 3436 757; x_wconf 88' lang='lat' dir='ltr'>(s.</span> <span class='ocrx_word' id='word_1_144' title='bbox 3471 678 3789 745; x_wconf 76' lang='lat' dir='ltr'>axiomate)</span> 
     </span>
    </p>
   </div>
   <div class='ocr_carea' id='block_1_21' title="bbox 2136 774 3789 846">
    <p class='ocr_par' dir='ltr' id='par_1_21' title="bbox 2136 774 3789 846">
     <span class='ocr_line' id='line_1_21' title="bbox 2136 774 3789 846; baseline 0.001 -16"><span class='ocrx_word' id='word_1_145' title='bbox 2136 776 2428 846; x_wconf 80' lang='lat' dir='ltr'>suscipere</span> <span class='ocrx_word' id='word_1_146' title='bbox 2460 776 2716 846; x_wconf 78' lang='lat' dir='ltr'>(potest).</span> <span class='ocrx_word' id='word_1_147' title='bbox 2763 774 3008 829; x_wconf 85' lang='lat' dir='ltr'>Emissio</span> <span class='ocrx_word' id='word_1_148' title='bbox 3049 775 3301 845; x_wconf 89' lang='lat' dir='ltr'>Spiritus</span> <span class='ocrx_word' id='word_1_149' title='bbox 3335 792 3448 830; x_wconf 92' lang='lat' dir='ltr'>non</span> <span class='ocrx_word' id='word_1_150' title='bbox 3501 776 3635 831; x_wconf 85' lang='lat' dir='ltr'>facit</span> <span class='ocrx_word' id='word_1_151' title='bbox 3681 778 3789 833; x_wconf 86' lang='lat' dir='ltr'>Pa-</span> 
     </span>
    </p>
   </div>
   <div class='ocr_carea' id='block_1_22' title="bbox 2135 863 3794 933">
    <p class='ocr_par' dir='ltr' id='par_1_22' title="bbox 2135 863 3794 933">
     <span class='ocr_line' id='line_1_22' title="bbox 2135 863 3794 933; baseline 0.001 -15"><span class='ocrx_word' id='word_1_152' title='bbox 2135 869 2282 918; x_wconf 86' lang='lat' dir='ltr'>trem</span> <span class='ocrx_word' id='word_1_153' title='bbox 2316 879 2439 918; x_wconf 83' lang='lat' dir='ltr'>esse</span> <span class='ocrx_word' id='word_1_154' title='bbox 2479 879 2663 933; x_wconf 88' lang='lat' dir='ltr'>neque</span> <span class='ocrx_word' id='word_1_155' title='bbox 2694 863 2924 932; x_wconf 87' lang='lat' dir='ltr'>Filium,</span> <span class='ocrx_word' id='word_1_156' title='bbox 2951 864 3222 933; x_wconf 88' lang='lat' dir='ltr'>quoniam</span> <span class='ocrx_word' id='word_1_157' title='bbox 3253 871 3467 920; x_wconf 87' lang='lat' dir='ltr'>nonest</span> <span class='ocrx_word' id='word_1_158' title='bbox 3498 865 3794 920; x_wconf 78' lang='lat' dir='ltr'>nascibili-</span> 
     </span>
    </p>
   </div>
   <div class='ocr_carea' id='block_1_23' title="bbox 2133 952 3792 1024">
    <p class='ocr_par' dir='ltr' id='par_1_23' title="bbox 2133 952 3792 1024">
     <span class='ocr_line' id='line_1_23' title="bbox 2133 952 3792 1024; baseline 0.003 -19"><span class='ocrx_word' id='word_1_159' title='bbox 2133 956 2216 1006; x_wconf 82' lang='lat' dir='ltr'>tas</span> <span class='ocrx_word' id='word_1_160' title='bbox 2249 953 2498 1022; x_wconf 71' lang='lat' dir='ltr'>Spiritus</span> <span class='ocrx_word' id='word_1_161' title='bbox 2547 953 2876 1023; x_wconf 84' lang='lat' dir='ltr'>progressio</span> <span class='ocrx_word' id='word_1_162' title='bbox 2925 969 2958 1006; x_wconf 91' lang='lat' dir='ltr'>a</span> <span class='ocrx_word' id='word_1_163' title='bbox 3003 952 3188 1021; x_wconf 85' lang='lat' dir='ltr'>Patre,</span> <span class='ocrx_word' id='word_1_164' title='bbox 3224 969 3337 1024; x_wconf 90' lang='lat' dir='ltr'>qua</span> <span class='ocrx_word' id='word_1_165' title='bbox 3382 955 3504 1008; x_wconf 77' lang='lat' dir='ltr'>sola</span> <span class='ocrx_word' id='word_1_166' title='bbox 3542 953 3727 1010; x_wconf 87' lang='lat' dir='ltr'>Filius</span> <span class='ocrx_word' id='word_1_167' title='bbox 3758 973 3792 1010; x_wconf 86' lang='lat' dir='ltr'>a</span> 
     </span>
    </p>
   </div>
   <div class='ocr_carea' id='block_1_24' title="bbox 2137 1041 3791 1115">
    <p class='ocr_par' dir='ltr' id='par_1_24' title="bbox 2137 1041 3791 1115">
     <span class='ocr_line' id='line_1_24' title="bbox 2137 1041 3791 1115; baseline 0.002 -19"><span class='ocrx_word' id='word_1_168' title='bbox 2137 1042 2298 1096; x_wconf 88' lang='lat' dir='ltr'>Patre</span> <span class='ocrx_word' id='word_1_169' title='bbox 2323 1042 2531 1095; x_wconf 79' lang='lat' dir='ltr'>differt.</span> <span class='ocrx_word' id='word_1_170' title='bbox 2560 1063 2586 1088; x_wconf 88' lang='grc'><strong>››</strong></span> <span class='ocrx_word' id='word_1_171' title='bbox 2623 1045 2680 1094; x_wconf 80' lang='lat' dir='ltr'>Et</span> <span class='ocrx_word' id='word_1_172' title='bbox 2707 1057 2938 1096; x_wconf 87' lang='lat' dir='ltr'>rursum</span> <span class='ocrx_word' id='word_1_173' title='bbox 2965 1041 3066 1110; x_wconf 91' lang='lat' dir='ltr'>(ib.</span> <span class='ocrx_word' id='word_1_174' title='bbox 3093 1058 3141 1096; x_wconf 85' lang='grc' dir='ltr'>ο.</span> <span class='ocrx_word' id='word_1_175' title='bbox 3179 1043 3263 1096; x_wconf 88' lang='grc'>17.</span> <span class='ocrx_word' id='word_1_176' title='bbox 3300 1058 3355 1112; x_wconf 91' lang='lat' dir='ltr'>p.</span> <span class='ocrx_word' id='word_1_177' title='bbox 3396 1043 3552 1115; x_wconf 82' lang='grc'>1211)</span> <span class='ocrx_word' id='word_1_178' title='bbox 3584 1050 3791 1100; x_wconf 83' lang='lat' dir='ltr'>contra</span> 
     </span>
    </p>
   </div>
   <div class='ocr_carea' id='block_1_25' title="bbox 2134 1129 3794 1201">
    <p class='ocr_par' dir='ltr' id='par_1_25' title="bbox 2134 1129 3794 1201">
     <span class='ocr_line' id='line_1_25' title="bbox 2134 1129 3794 1201; baseline 0.004 -18"><span class='ocrx_word' id='word_1_179' title='bbox 2134 1130 2288 1184; x_wconf 87' lang='lat' dir='ltr'>idem</span> <span class='ocrx_word' id='word_1_180' title='bbox 2339 1137 2746 1200; x_wconf 85' lang='lat' dir='ltr'>argumentum</span> <span class='ocrx_word' id='word_1_181' title='bbox 2791 1147 2804 1184; x_wconf 89' lang='lat'><strong>:</strong></span> <span class='ocrx_word' id='word_1_182' title='bbox 2863 1149 2888 1180; x_wconf 75' lang='grc' dir='ltr'><strong>ε</strong></span> <span class='ocrx_word' id='word_1_183' title='bbox 2937 1129 3051 1185; x_wconf 87' lang='lat' dir='ltr'>Hoc</span> <span class='ocrx_word' id='word_1_184' title='bbox 3087 1146 3271 1201; x_wconf 88' lang='lat' dir='ltr'>neque</span> <span class='ocrx_word' id='word_1_185' title='bbox 3317 1131 3374 1184; x_wconf 92' lang='lat' dir='ltr'>in</span> <span class='ocrx_word' id='word_1_186' title='bbox 3423 1130 3794 1190; x_wconf 82' lang='lat' dir='ltr'>naturalibus</span> 
     </span>
    </p>
   </div>
   <div class='ocr_carea' id='block_1_26' title="bbox 2137 1218 3792 1292">
    <p class='ocr_par' dir='ltr' id='par_1_26' title="bbox 2137 1218 3792 1292">
     <span class='ocr_line' id='line_1_26' title="bbox 2137 1218 3792 1292; baseline 0.003 -19"><span class='ocrx_word' id='word_1_187' title='bbox 2137 1218 2604 1274; x_wconf 82' lang='lat' dir='ltr'>consecutionem</span> <span class='ocrx_word' id='word_1_188' title='bbox 2657 1219 2869 1284; x_wconf 65' lang='lat' dir='ltr'>habet;</span> <span class='ocrx_word' id='word_1_189' title='bbox 2907 1222 2968 1273; x_wconf 89' lang='lat' dir='ltr'>ut</span> <span class='ocrx_word' id='word_1_190' title='bbox 2997 1219 3112 1274; x_wconf 83' lang='lat' dir='ltr'>ales</span> <span class='ocrx_word' id='word_1_191' title='bbox 3143 1219 3377 1291; x_wconf 90' lang='lat' dir='ltr'>quidem</span> <span class='ocrx_word' id='word_1_192' title='bbox 3405 1221 3595 1292; x_wconf 88' lang='lat' dir='ltr'>prima</span> <span class='ocrx_word' id='word_1_193' title='bbox 3625 1237 3792 1278; x_wconf 82' lang='lat' dir='ltr'>ovum</span> 
     </span>
    </p>
   </div>
   <div class='ocr_carea' id='block_1_27' title="bbox 2136 1309 3794 1384">
    <p class='ocr_par' dir='ltr' id='par_1_27' title="bbox 2136 1309 3794 1384">
     <span class='ocr_line' id='line_1_27' title="bbox 2136 1309 3794 1384; baseline 0.003 -22"><span class='ocrx_word' id='word_1_194' title='bbox 2136 1309 2377 1380; x_wconf 87' lang='lat' dir='ltr'>peperit,</span> <span class='ocrx_word' id='word_1_195' title='bbox 2412 1324 2478 1362; x_wconf 88' lang='lat' dir='ltr'>ex</span> <span class='ocrx_word' id='word_1_196' title='bbox 2506 1309 2641 1362; x_wconf 89' lang='lat' dir='ltr'>alite</span> <span class='ocrx_word' id='word_1_197' title='bbox 2676 1317 2868 1363; x_wconf 88' lang='lat' dir='ltr'>autem</span> <span class='ocrx_word' id='word_1_198' title='bbox 2890 1314 2946 1363; x_wconf 90' lang='lat' dir='ltr'>et</span> <span class='ocrx_word' id='word_1_199' title='bbox 2979 1325 3084 1363; x_wconf 93' lang='lat' dir='ltr'>ovo</span> <span class='ocrx_word' id='word_1_200' title='bbox 3108 1325 3294 1380; x_wconf 80' lang='lat' dir='ltr'>passer</span> <span class='ocrx_word' id='word_1_201' title='bbox 3316 1311 3562 1381; x_wconf 89' lang='lat' dir='ltr'>prodiit;</span> <span class='ocrx_word' id='word_1_202' title='bbox 3606 1311 3794 1384; x_wconf 82' lang='lat' dir='ltr'>igitur</span> 
     </span>
    </p>
   </div>
   <div class='ocr_carea' id='block_1_28' title="bbox 2135 1397 3788 1469">
    <p class='ocr_par' dir='ltr' id='par_1_28' title="bbox 2135 1397 3788 1469">
     <span class='ocr_line' id='line_1_28' title="bbox 2135 1397 3788 1469; baseline 0.003 -16"><span class='ocrx_word' id='word_1_203' title='bbox 2135 1414 2260 1468; x_wconf 60' lang='lat' dir='ltr'>quas</span> <span class='ocrx_word' id='word_1_204' title='bbox 2299 1414 2600 1468; x_wconf 88' lang='lat' dir='ltr'>progressa</span> <span class='ocrx_word' id='word_1_205' title='bbox 2630 1403 2719 1452; x_wconf 87' lang='lat' dir='ltr'>est</span> <span class='ocrx_word' id='word_1_206' title='bbox 2751 1398 2994 1462; x_wconf 84' lang='lat' dir='ltr'>avicula,</span> <span class='ocrx_word' id='word_1_207' title='bbox 3020 1397 3198 1469; x_wconf 80' lang='lat' dir='ltr'>neptis</span> <span class='ocrx_word' id='word_1_208' title='bbox 3218 1399 3578 1469; x_wconf 88' lang='lat' dir='ltr'>judicabitur</span> <span class='ocrx_word' id='word_1_209' title='bbox 3609 1402 3788 1458; x_wconf 80' lang='lat' dir='ltr'>alitis.</span> 
     </span>
    </p>
   </div>
   <div class='ocr_carea' id='block_1_29' title="bbox 2135 1485 3790 1560">
    <p class='ocr_par' dir='ltr' id='par_1_29' title="bbox 2135 1485 3790 1560">
     <span class='ocr_line' id='line_1_29' title="bbox 2135 1485 3790 1560; baseline 0.002 -20"><span class='ocrx_word' id='word_1_210' title='bbox 2135 1487 2297 1540; x_wconf 81' lang='lat' dir='ltr'>Multo</span> <span class='ocrx_word' id='word_1_211' title='bbox 2321 1487 2502 1540; x_wconf 82' lang='lat' dir='ltr'>minus</span> <span class='ocrx_word' id='word_1_212' title='bbox 2532 1489 2592 1540; x_wconf 83' lang='lat' dir='ltr'>in</span> <span class='ocrx_word' id='word_1_213' title='bbox 2615 1485 2830 1541; x_wconf 78' lang='lat' dir='ltr'>divinis</span> <span class='ocrx_word' id='word_1_214' title='bbox 2861 1485 3054 1542; x_wconf 90' lang='lat' dir='ltr'>locum</span> <span class='ocrx_word' id='word_1_215' title='bbox 3088 1488 3296 1558; x_wconf 91' lang='lat' dir='ltr'>reperit</span> <span class='ocrx_word' id='word_1_216' title='bbox 3320 1490 3650 1560; x_wconf 89' lang='lat' dir='ltr'>redargutio</span> <span class='ocrx_word' id='word_1_217' title='bbox 3683 1490 3790 1544; x_wconf 82' lang='lat' dir='ltr'>hu-</span> 
     </span>
    </p>
   </div>
   <div class='ocr_carea' id='block_1_30' title="bbox 2135 1576 3792 1651">
    <p class='ocr_par' dir='ltr' id='par_1_30' title="bbox 2135 1576 3792 1651">
     <span class='ocr_line' id='line_1_30' title="bbox 2135 1576 3792 1651; baseline 0.003 -22"><span class='ocrx_word' id='word_1_218' title='bbox 2135 1576 2482 1644; x_wconf 83' lang='lat' dir='ltr'>juscemodi,</span> <span class='ocrx_word' id='word_1_219' title='bbox 2506 1576 2603 1630; x_wconf 88' lang='lat' dir='ltr'>ubi</span> <span class='ocrx_word' id='word_1_220' title='bbox 2641 1591 2826 1647; x_wconf 88' lang='lat' dir='ltr'>neque</span> <span class='ocrx_word' id='word_1_221' title='bbox 2851 1592 3129 1646; x_wconf 88' lang='lat' dir='ltr'>corporea</span> <span class='ocrx_word' id='word_1_222' title='bbox 3151 1578 3442 1648; x_wconf 83' lang='lat' dir='ltr'>generatio</span> <span class='ocrx_word' id='word_1_223' title='bbox 3465 1582 3572 1646; x_wconf 88' lang='lat' dir='ltr'>est,</span> <span class='ocrx_word' id='word_1_224' title='bbox 3597 1595 3792 1651; x_wconf 90' lang='lat' dir='ltr'>neque</span> 
     </span>
    </p>
   </div>
   <div class='ocr_carea' id='block_1_31' title="bbox 2137 1663 3793 1738">
    <p class='ocr_par' dir='ltr' id='par_1_31' title="bbox 2137 1663 3793 1738">
     <span class='ocr_line' id='line_1_31' title="bbox 2137 1663 3793 1738; baseline 0.005 -24"><span class='ocrx_word' id='word_1_225' title='bbox 2137 1663 2443 1732; x_wconf 83' lang='lat' dir='ltr'>passibile;</span> <span class='ocrx_word' id='word_1_226' title='bbox 2477 1679 2649 1719; x_wconf 90' lang='lat' dir='ltr'>omne</span> <span class='ocrx_word' id='word_1_227' title='bbox 2704 1671 2898 1719; x_wconf 87' lang='lat' dir='ltr'>autem</span> <span class='ocrx_word' id='word_1_228' title='bbox 2945 1666 3092 1735; x_wconf 88' lang='lat' dir='ltr'>quod</span> <span class='ocrx_word' id='word_1_229' title='bbox 3139 1665 3351 1720; x_wconf 65' lang='lat' dir='ltr'>talibus</span> <span class='ocrx_word' id='word_1_230' title='bbox 3395 1667 3793 1738; x_wconf 87' lang='lat' dir='ltr'>generationi—</span> 
     </span>
    </p>
   </div>
   <div class='ocr_carea' id='block_1_32' title="bbox 2137 1753 3792 1828">
    <p class='ocr_par' dir='ltr' id='par_1_32' title="bbox 2137 1753 3792 1828">
     <span class='ocr_line' id='line_1_32' title="bbox 2137 1753 3792 1828; baseline 0.004 -22"><span class='ocrx_word' id='word_1_231' title='bbox 2137 1754 2244 1807; x_wconf 85' lang='lat' dir='ltr'>bus</span> <span class='ocrx_word' id='word_1_232' title='bbox 2275 1753 2556 1823; x_wconf 84' lang='lat' dir='ltr'>subjacet,</span> <span class='ocrx_word' id='word_1_233' title='bbox 2583 1769 2814 1808; x_wconf 86' lang='lat' dir='ltr'>necesse</span> <span class='ocrx_word' id='word_1_234' title='bbox 2836 1760 2925 1808; x_wconf 87' lang='lat' dir='ltr'>est</span> <span class='ocrx_word' id='word_1_235' title='bbox 2956 1756 3138 1810; x_wconf 87' lang='lat' dir='ltr'>secari</span> <span class='ocrx_word' id='word_1_236' title='bbox 3165 1772 3177 1822; x_wconf 89' lang='lat'><strong>;</strong></span> <span class='ocrx_word' id='word_1_237' title='bbox 3203 1771 3376 1810; x_wconf 90' lang='lat' dir='ltr'>omne</span> <span class='ocrx_word' id='word_1_238' title='bbox 3407 1760 3604 1811; x_wconf 88' lang='lat' dir='ltr'>autem</span> <span class='ocrx_word' id='word_1_239' title='bbox 3631 1757 3792 1828; x_wconf 89' lang='lat' dir='ltr'>quod</span> 
     </span>
    </p>
   </div>
   <div class='ocr_carea' id='block_1_33' title="bbox 333 1834 3796 1924">
    <p class='ocr_par' dir='ltr' id='par_1_33' title="bbox 333 1834 3796 1924">
     <span class='ocr_line' id='line_1_33' title="bbox 333 1834 3796 1924; baseline -0.001 -20"><span class='ocrx_word' id='word_1_240' title='bbox 333 1922 337 1924; x_wconf 89' lang='lat'>_</span> <span class='ocrx_word' id='word_1_241' title='bbox 383 1849 540 1922; x_wconf 87' lang='lat' dir='ltr'>gabit</span> <span class='ocrx_word' id='word_1_242' title='bbox 566 1849 593 1904; x_wconf 83' lang='lat'><strong><em>?</em></strong></span> <span class='ocrx_word' id='word_1_243' title='bbox 626 1870 651 1900; x_wconf 70' lang='grc' dir='ltr'><strong><em>ι</em></strong></span> <span class='ocrx_word' id='word_1_244' title='bbox 685 1848 900 1902; x_wconf 89' lang='lat' dir='ltr'>Verum</span> <span class='ocrx_word' id='word_1_245' title='bbox 932 1866 960 1902; x_wconf 84' lang='lat' dir='ltr'>e</span> <span class='ocrx_word' id='word_1_246' title='bbox 1005 1852 1204 1902; x_wconf 90' lang='lat' dir='ltr'>contra</span> <span class='ocrx_word' id='word_1_247' title='bbox 1240 1847 1419 1902; x_wconf 88' lang='lat' dir='ltr'>Latini</span> <span class='ocrx_word' id='word_1_248' title='bbox 1470 1864 1711 1916; x_wconf 76' lang='lat' dir='ltr'>arguere</span> <span class='ocrx_word' id='word_1_249' title='bbox 1760 1853 2023 1918; x_wconf 68' lang='lat' dir='ltr'>possunt,</span> <span class='ocrx_word' id='word_1_250' title='bbox 2058 1834 2102 1898; x_wconf 89' lang='grc' dir='ltr'><strong>Β</strong></span> <span class='ocrx_word' id='word_1_251' title='bbox 2134 1847 2383 1906; x_wconf 83' lang='lat' dir='ltr'>secatur,</span> <span class='ocrx_word' id='word_1_252' title='bbox 2407 1842 2744 1912; x_wconf 80' lang='lat' dir='ltr'>passibile.»</span> <span class='ocrx_word' id='word_1_253' title='bbox 2783 1842 2993 1898; x_wconf 88' lang='lat' dir='ltr'>Deinde</span> <span class='ocrx_word' id='word_1_254' title='bbox 3016 1845 3315 1916; x_wconf 87' lang='lat' dir='ltr'>notatjam</span> <span class='ocrx_word' id='word_1_255' title='bbox 3343 1845 3796 1915; x_wconf 88' lang='lat' dir='ltr'>antiquissimos</span> 
     </span>
    </p>
   </div>
   <div class='ocr_carea' id='block_1_34' title="bbox 383 1935 2030 2006">
    <p class='ocr_par' dir='ltr' id='par_1_34' title="bbox 383 1935 2030 2006">
     <span class='ocr_line' id='line_1_34' title="bbox 383 1935 2030 2006; baseline 0 -14"><span class='ocrx_word' id='word_1_256' title='bbox 383 1939 658 1992; x_wconf 87' lang='lat' dir='ltr'>Photium</span> <span class='ocrx_word' id='word_1_257' title='bbox 699 1937 976 2006; x_wconf 83' lang='lat' dir='ltr'>Spiritum</span> <span class='ocrx_word' id='word_1_258' title='bbox 1029 1935 1213 1990; x_wconf 80' lang='lat' dir='ltr'>facere</span> <span class='ocrx_word' id='word_1_259' title='bbox 1252 1937 1438 1991; x_wconf 90' lang='lat' dir='ltr'>Patris</span> <span class='ocrx_word' id='word_1_260' title='bbox 1494 1938 1696 2005; x_wconf 76' lang='lat' dir='ltr'>ﬁtium,</span> <span class='ocrx_word' id='word_1_261' title='bbox 1725 1953 1849 1991; x_wconf 90' lang='lat' dir='ltr'>cum</span> <span class='ocrx_word' id='word_1_262' title='bbox 1899 1954 2030 1992; x_wconf 87' lang='lat' dir='ltr'>eum</span> 
     </span>
    </p>
   </div>
   <div class='ocr_carea' id='block_1_35' title="bbox 387 2025 2035 2095">
    <p class='ocr_par' dir='ltr' id='par_1_35' title="bbox 387 2025 2035 2095">
     <span class='ocr_line' id='line_1_35' title="bbox 387 2025 2035 2095; baseline -0.001 -14"><span class='ocrx_word' id='word_1_263' title='bbox 387 2042 458 2082; x_wconf 83' lang='lat' dir='ltr'>ex</span> <span class='ocrx_word' id='word_1_264' title='bbox 507 2027 672 2080; x_wconf 88' lang='lat' dir='ltr'>Patre</span> <span class='ocrx_word' id='word_1_265' title='bbox 721 2041 838 2095; x_wconf 90' lang='lat' dir='ltr'>qua</span> <span class='ocrx_word' id='word_1_266' title='bbox 887 2029 1050 2078; x_wconf 89' lang='lat' dir='ltr'>Pater</span> <span class='ocrx_word' id='word_1_267' title='bbox 1080 2029 1167 2078; x_wconf 90' lang='lat' dir='ltr'>est</span> <span class='ocrx_word' id='word_1_268' title='bbox 1219 2025 1524 2094; x_wconf 87' lang='lat' dir='ltr'>procedere</span> <span class='ocrx_word' id='word_1_269' title='bbox 1555 2030 1794 2094; x_wconf 83' lang='lat' dir='ltr'>statuat,</span> <span class='ocrx_word' id='word_1_270' title='bbox 1827 2033 1878 2079; x_wconf 86' lang='lat' dir='ltr'>et</span> <span class='ocrx_word' id='word_1_271' title='bbox 1904 2028 2035 2080; x_wconf 91' lang='lat' dir='ltr'>hinc</span> 
     </span>
    </p>
   </div>
   <div class='ocr_carea' id='block_1_36' title="bbox 390 2110 2034 2182">
    <p class='ocr_par' dir='ltr' id='par_1_36' title="bbox 390 2110 2034 2182">
     <span class='ocr_line' id='line_1_36' title="bbox 390 2110 2034 2182; baseline -0.002 -13"><span class='ocrx_word' id='word_1_272' title='bbox 390 2113 601 2169; x_wconf 83' lang='lat' dir='ltr'>Filium</span> <span class='ocrx_word' id='word_1_273' title='bbox 633 2117 690 2168; x_wconf 89' lang='lat' dir='ltr'>et</span> <span class='ocrx_word' id='word_1_274' title='bbox 717 2111 999 2178; x_wconf 88' lang='lat' dir='ltr'>Spiritum</span> <span class='ocrx_word' id='word_1_275' title='bbox 1023 2110 1378 2166; x_wconf 87' lang='lat' dir='ltr'>constituere</span> <span class='ocrx_word' id='word_1_276' title='bbox 1405 2115 1630 2182; x_wconf 74' lang='lat' dir='ltr'>fratres,</span> <span class='ocrx_word' id='word_1_277' title='bbox 1651 2129 1782 2166; x_wconf 90' lang='lat' dir='ltr'>cum</span> <span class='ocrx_word' id='word_1_278' title='bbox 1807 2118 2034 2166; x_wconf 87' lang='lat' dir='ltr'>utrum-</span> 
     </span>
    </p>
   </div>
   <div class='ocr_carea' id='block_1_37' title="bbox 394 2196 2033 2275">
    <p class='ocr_par' dir='ltr' id='par_1_37' title="bbox 394 2196 2033 2275">
     <span class='ocr_line' id='line_1_37' title="bbox 394 2196 2033 2275; baseline -0.004 -17"><span class='ocrx_word' id='word_1_279' title='bbox 394 2219 509 2275; x_wconf 89' lang='lat' dir='ltr'>que</span> <span class='ocrx_word' id='word_1_280' title='bbox 551 2217 620 2258; x_wconf 83' lang='lat' dir='ltr'>ex</span> <span class='ocrx_word' id='word_1_281' title='bbox 667 2200 789 2257; x_wconf 90' lang='lat' dir='ltr'>solo</span> <span class='ocrx_word' id='word_1_282' title='bbox 830 2200 996 2255; x_wconf 88' lang='lat' dir='ltr'>Patre</span> <span class='ocrx_word' id='word_1_283' title='bbox 1054 2215 1182 2255; x_wconf 87' lang='lat' dir='ltr'>esse</span> <span class='ocrx_word' id='word_1_284' title='bbox 1234 2200 1506 2254; x_wconf 90' lang='lat' dir='ltr'>decernat</span> <span class='ocrx_word' id='word_1_285' title='bbox 1566 2217 1579 2255; x_wconf 91' lang='lat'>:</span> <span class='ocrx_word' id='word_1_286' title='bbox 1616 2196 1850 2275; x_wconf 70' lang='grc' dir='ltr'>Ἀδελφὰ</span> <span class='ocrx_word' id='word_1_287' title='bbox 1878 2200 1942 2252; x_wconf 80' lang='grc' dir='ltr'>τὰ</span> <span class='ocrx_word' id='word_1_288' title='bbox 1986 2197 2033 2268; x_wconf 81' lang='grc' dir='ltr'>ἐξ</span> 
     </span>
    </p>
   </div>
   <div class='ocr_carea' id='block_1_38' title="bbox 393 2287 2034 2364">
    <p class='ocr_par' dir='ltr' id='par_1_38' title="bbox 393 2287 2034 2364">
     <span class='ocr_line' id='line_1_38' title="bbox 393 2287 2034 2364; baseline -0.001 -20"><span class='ocrx_word' id='word_1_289' title='bbox 393 2287 514 2351; x_wconf 72' lang='grc' dir='ltr'>ἑνὸς</span> <span class='ocrx_word' id='word_1_290' title='bbox 564 2289 862 2364; x_wconf 77' lang='grc' dir='ltr'>ὑφεστῶτα,</span> <span class='ocrx_word' id='word_1_291' title='bbox 898 2293 962 2343; x_wconf 89' lang='lat' dir='ltr'>ut</span> <span class='ocrx_word' id='word_1_292' title='bbox 1019 2287 1268 2343; x_wconf 88' lang='lat' dir='ltr'>Basilius</span> <span class='ocrx_word' id='word_1_293' title='bbox 1317 2291 1398 2342; x_wconf 87' lang='lat' dir='ltr'>ait</span> <span class='ocrx_word' id='word_1_294' title='bbox 1427 2289 1534 2358; x_wconf 88' lang='lat' dir='ltr'>(ep.</span> <span class='ocrx_word' id='word_1_295' title='bbox 1587 2291 1656 2344; x_wconf 89' lang='lat' dir='ltr'>ad</span> <span class='ocrx_word' id='word_1_296' title='bbox 1705 2305 1908 2345; x_wconf 88' lang='lat' dir='ltr'>canon.</span> <span class='ocrx_word' id='word_1_297' title='bbox 1943 2291 2034 2359; x_wconf 82' lang='lat'>52,</span> 
     </span>
    </p>
   </div>
   <div class='ocr_carea' id='block_1_39' title="bbox 396 2375 2038 2449">
    <p class='ocr_par' dir='ltr' id='par_1_39' title="bbox 396 2375 2038 2449">
     <span class='ocr_line' id='line_1_39' title="bbox 396 2375 2038 2449; baseline -0.001 -14"><span class='ocrx_word' id='word_1_298' title='bbox 396 2379 474 2436; x_wconf 91' lang='lat' dir='ltr'>al.</span> <span class='ocrx_word' id='word_1_299' title='bbox 521 2378 792 2449; x_wconf 89' lang='lat' dir='ltr'>300),bic</span> <span class='ocrx_word' id='word_1_300' title='bbox 844 2391 1035 2432; x_wconf 78' lang='lat' dir='ltr'>revera</span> <span class='ocrx_word' id='word_1_301' title='bbox 1065 2375 1258 2431; x_wconf 86' lang='lat' dir='ltr'>locum</span> <span class='ocrx_word' id='word_1_302' title='bbox 1302 2376 1533 2431; x_wconf 89' lang='lat' dir='ltr'>habere.</span> <span class='ocrx_word' id='word_1_303' title='bbox 1576 2379 1857 2433; x_wconf 75' lang='lat' dir='ltr'>Praeterea</span> <span class='ocrx_word' id='word_1_304' title='bbox 1916 2394 2038 2434; x_wconf 89' lang='lat' dir='ltr'>res-</span> 
     </span>
    </p>
   </div>
   <div class='ocr_carea' id='block_1_40' title="bbox 392 2464 2038 2541">
    <p class='ocr_par' dir='ltr' id='par_1_40' title="bbox 392 2464 2038 2541">
     <span class='ocr_line' id='line_1_40' title="bbox 392 2464 2038 2541; baseline -0.002 -15"><span class='ocrx_word' id='word_1_305' title='bbox 392 2469 650 2541; x_wconf 87' lang='lat' dir='ltr'>pondent</span> <span class='ocrx_word' id='word_1_306' title='bbox 671 2465 952 2522; x_wconf 85' lang='lat' dir='ltr'>Catholici</span> <span class='ocrx_word' id='word_1_307' title='bbox 985 2482 996 2519; x_wconf 95' lang='lat'>:</span> <span class='ocrx_word' id='word_1_308' title='bbox 1034 2485 1060 2515; x_wconf 89' lang='lat'><strong>«</strong></span> <span class='ocrx_word' id='word_1_309' title='bbox 1101 2464 1174 2519; x_wconf 87' lang='lat' dir='ltr'>Ut</span> <span class='ocrx_word' id='word_1_310' title='bbox 1205 2481 1383 2535; x_wconf 90' lang='lat' dir='ltr'>nepos</span> <span class='ocrx_word' id='word_1_311' title='bbox 1414 2466 1701 2537; x_wconf 89' lang='lat' dir='ltr'>quispiam</span> <span class='ocrx_word' id='word_1_312' title='bbox 1756 2468 1852 2532; x_wconf 89' lang='lat' dir='ltr'>sit,</span> <span class='ocrx_word' id='word_1_313' title='bbox 1879 2467 2038 2538; x_wconf 82' lang='lat' dir='ltr'>gigni</span> 
     </span>
    </p>
   </div>
   <div class='ocr_carea' id='block_1_41' title="bbox 394 2554 2041 2627">
    <p class='ocr_par' dir='ltr' id='par_1_41' title="bbox 394 2554 2041 2627">
     <span class='ocr_line' id='line_1_41' title="bbox 394 2554 2041 2627; baseline -0.001 -15"><span class='ocrx_word' id='word_1_314' title='bbox 394 2573 528 2612; x_wconf 89' lang='lat' dir='ltr'>eum</span> <span class='ocrx_word' id='word_1_315' title='bbox 583 2560 807 2627; x_wconf 80' lang='lat' dir='ltr'>oportet</span> <span class='ocrx_word' id='word_1_316' title='bbox 854 2571 886 2608; x_wconf 90' lang='lat' dir='ltr'>a</span> <span class='ocrx_word' id='word_1_317' title='bbox 931 2559 1112 2625; x_wconf 89' lang='lat' dir='ltr'>patre,</span> <span class='ocrx_word' id='word_1_318' title='bbox 1155 2558 1208 2608; x_wconf 91' lang='lat' dir='ltr'>et</span> <span class='ocrx_word' id='word_1_319' title='bbox 1251 2554 1480 2608; x_wconf 89' lang='lat' dir='ltr'>diversa</span> <span class='ocrx_word' id='word_1_320' title='bbox 1522 2555 1752 2624; x_wconf 85' lang='lat' dir='ltr'>quidem</span> <span class='ocrx_word' id='word_1_321' title='bbox 1795 2571 2041 2626; x_wconf 88' lang='lat' dir='ltr'>genera-</span> 
     </span>
    </p>
   </div>
   <div class='ocr_carea' id='block_1_42' title="bbox 2143 1931 3800 2006">
    <p class='ocr_par' dir='ltr' id='par_1_42' title="bbox 2143 1931 3800 2006">
     <span class='ocr_line' id='line_1_42' title="bbox 2143 1931 3800 2006; baseline 0.004 -23"><span class='ocrx_word' id='word_1_322' title='bbox 2143 1931 2434 1985; x_wconf 69' lang='lat' dir='ltr'>baeretieos</span> <span class='ocrx_word' id='word_1_323' title='bbox 2469 1932 2738 1986; x_wconf 89' lang='lat' dir='ltr'>eumdem</span> <span class='ocrx_word' id='word_1_324' title='bbox 2765 1931 3221 2003; x_wconf 81' lang='lat' dir='ltr'>paralogismum</span> <span class='ocrx_word' id='word_1_325' title='bbox 3245 1931 3520 1989; x_wconf 82' lang='lat' dir='ltr'>efi‘utiisse</span> <span class='ocrx_word' id='word_1_326' title='bbox 3553 1935 3690 2006; x_wconf 85' lang='grc'>(18),</span> <span class='ocrx_word' id='word_1_327' title='bbox 3717 1943 3800 1990; x_wconf 89' lang='lat' dir='ltr'>at-</span> 
     </span>
    </p>
   </div>
   <div class='ocr_carea' id='block_1_43' title="bbox 2143 2022 3798 2096">
    <p class='ocr_par' dir='ltr' id='par_1_43' title="bbox 2143 2022 3798 2096">
     <span class='ocr_line' id='line_1_43' title="bbox 2143 2022 3798 2096; baseline 0.004 -22"><span class='ocrx_word' id='word_1_328' title='bbox 2143 2035 2256 2091; x_wconf 89' lang='lat' dir='ltr'>que</span> <span class='ocrx_word' id='word_1_329' title='bbox 2286 2022 2354 2073; x_wconf 92' lang='lat' dir='ltr'>ad</span> <span class='ocrx_word' id='word_1_330' title='bbox 2390 2022 2658 2090; x_wconf 89' lang='lat' dir='ltr'>superius</span> <span class='ocrx_word' id='word_1_331' title='bbox 2698 2023 2986 2092; x_wconf 86' lang='lat' dir='ltr'>disputata</span> <span class='ocrx_word' id='word_1_332' title='bbox 3019 2022 3168 2093; x_wconf 80' lang='lat'>[3&#39;36]</span> <span class='ocrx_word' id='word_1_333' title='bbox 3203 2039 3516 2094; x_wconf 84' lang='lat' dir='ltr'>provocans</span> <span class='ocrx_word' id='word_1_334' title='bbox 3550 2023 3630 2078; x_wconf 86' lang='lat' dir='ltr'>ita</span> <span class='ocrx_word' id='word_1_335' title='bbox 3663 2041 3798 2096; x_wconf 82' lang='lat' dir='ltr'>per-</span> 
     </span>
    </p>
   </div>
   <div class='ocr_carea' id='block_1_44' title="bbox 2145 2109 3798 2182">
    <p class='ocr_par' dir='ltr' id='par_1_44' title="bbox 2145 2109 3798 2182">
     <span class='ocr_line' id='line_1_44' title="bbox 2145 2109 3798 2182; baseline 0.003 -20"><span class='ocrx_word' id='word_1_336' title='bbox 2145 2111 2229 2179; x_wconf 88' lang='lat' dir='ltr'>git</span> <span class='ocrx_word' id='word_1_337' title='bbox 2262 2125 2274 2163; x_wconf 91' lang='lat'><strong>:</strong></span> <span class='ocrx_word' id='word_1_338' title='bbox 2312 2131 2339 2158; x_wconf 84' lang='grc'>‹‹</span> <span class='ocrx_word' id='word_1_339' title='bbox 2371 2109 2531 2171; x_wconf 89' lang='lat' dir='ltr'>Quod</span> <span class='ocrx_word' id='word_1_340' title='bbox 2566 2110 2614 2164; x_wconf 90' lang='lat' dir='ltr'>si</span> <span class='ocrx_word' id='word_1_341' title='bbox 2646 2109 2872 2181; x_wconf 85' lang='lat' dir='ltr'>genitor</span> <span class='ocrx_word' id='word_1_342' title='bbox 2902 2111 2958 2165; x_wconf 87' lang='lat' dir='ltr'>in</span> <span class='ocrx_word' id='word_1_343' title='bbox 2991 2126 3056 2166; x_wconf 88' lang='lat' dir='ltr'>eo</span> <span class='ocrx_word' id='word_1_344' title='bbox 3087 2112 3237 2182; x_wconf 92' lang='lat' dir='ltr'>quod</span> <span class='ocrx_word' id='word_1_345' title='bbox 3275 2112 3442 2166; x_wconf 86' lang='lat' dir='ltr'>Pater</span> <span class='ocrx_word' id='word_1_346' title='bbox 3482 2117 3591 2180; x_wconf 84' lang='lat' dir='ltr'>est,</span> <span class='ocrx_word' id='word_1_347' title='bbox 3621 2113 3798 2167; x_wconf 78' lang='lat' dir='ltr'>habi-</span> 
     </span>
    </p>
   </div>
   <div class='ocr_carea' id='block_1_45' title="bbox 2145 2197 3799 2271">
    <p class='ocr_par' dir='ltr' id='par_1_45' title="bbox 2145 2197 3799 2271">
     <span class='ocr_line' id='line_1_45' title="bbox 2145 2197 3799 2271; baseline 0.004 -20"><span class='ocrx_word' id='word_1_348' title='bbox 2145 2199 2408 2253; x_wconf 91' lang='lat' dir='ltr'>tudinem</span> <span class='ocrx_word' id='word_1_349' title='bbox 2443 2197 2898 2270; x_wconf 87' lang='lat' dir='ltr'>relationemque</span> <span class='ocrx_word' id='word_1_350' title='bbox 2938 2199 3112 2254; x_wconf 88' lang='lat' dir='ltr'>habet</span> <span class='ocrx_word' id='word_1_351' title='bbox 3143 2201 3212 2254; x_wconf 88' lang='lat' dir='ltr'>ad</span> <span class='ocrx_word' id='word_1_352' title='bbox 3246 2200 3550 2271; x_wconf 89' lang='lat' dir='ltr'>Spiritum,</span> <span class='ocrx_word' id='word_1_353' title='bbox 3586 2218 3799 2257; x_wconf 82' lang='lat' dir='ltr'>conse-</span> 
     </span>
    </p>
   </div>
   <div class='ocr_carea' id='block_1_46' title="bbox 2147 2288 3801 2360">
    <p class='ocr_par' dir='ltr' id='par_1_46' title="bbox 2147 2288 3801 2360">
     <span class='ocr_line' id='line_1_46' title="bbox 2147 2288 3801 2360; baseline 0.004 -20"><span class='ocrx_word' id='word_1_354' title='bbox 2147 2288 2348 2358; x_wconf 89' lang='lat' dir='ltr'>quitur</span> <span class='ocrx_word' id='word_1_355' title='bbox 2386 2304 2453 2342; x_wconf 86' lang='lat' dir='ltr'>ex</span> <span class='ocrx_word' id='word_1_356' title='bbox 2514 2288 2853 2343; x_wconf 88' lang='lat' dir='ltr'>necessitate</span> <span class='ocrx_word' id='word_1_357' title='bbox 2885 2298 3119 2360; x_wconf 90' lang='lat' dir='ltr'>propter</span> <span class='ocrx_word' id='word_1_358' title='bbox 3151 2289 3509 2344; x_wconf 88' lang='lat' dir='ltr'>identitatem</span> <span class='ocrx_word' id='word_1_359' title='bbox 3561 2291 3801 2346; x_wconf 86' lang='lat' dir='ltr'>habitu-</span> 
     </span>
    </p>
   </div>
   <div class='ocr_carea' id='block_1_47' title="bbox 2148 2377 3798 2452">
    <p class='ocr_par' dir='ltr' id='par_1_47' title="bbox 2148 2377 3798 2452">
     <span class='ocr_line' id='line_1_47' title="bbox 2148 2377 3798 2452; baseline 0.004 -22"><span class='ocrx_word' id='word_1_360' title='bbox 2148 2377 2302 2432; x_wconf 88' lang='lat' dir='ltr'>dinis</span> <span class='ocrx_word' id='word_1_361' title='bbox 2336 2378 2615 2448; x_wconf 84' lang='lat' dir='ltr'>genitoris</span> <span class='ocrx_word' id='word_1_362' title='bbox 2645 2379 2922 2448; x_wconf 87' lang='lat' dir='ltr'>Spiritum</span> <span class='ocrx_word' id='word_1_363' title='bbox 2955 2379 3214 2452; x_wconf 88' lang='lat' dir='ltr'>genitum</span> <span class='ocrx_word' id='word_1_364' title='bbox 3264 2395 3393 2436; x_wconf 90' lang='lat' dir='ltr'>esse</span> <span class='ocrx_word' id='word_1_365' title='bbox 3450 2385 3507 2434; x_wconf 83' lang='lat' dir='ltr'>et</span> <span class='ocrx_word' id='word_1_366' title='bbox 3557 2381 3747 2436; x_wconf 78' lang='lat' dir='ltr'>tilium</span> <span class='ocrx_word' id='word_1_367' title='bbox 3782 2401 3798 2452; x_wconf 85' lang='lat'><strong>;</strong></span> 
     </span>
    </p>
   </div>
   <div class='ocr_carea' id='block_1_48' title="bbox 2147 2467 3797 2538">
    <p class='ocr_par' dir='ltr' id='par_1_48' title="bbox 2147 2467 3797 2538">
     <span class='ocr_line' id='line_1_48' title="bbox 2147 2467 3797 2538; baseline 0.002 -17"><span class='ocrx_word' id='word_1_368' title='bbox 2147 2467 2394 2536; x_wconf 86' lang='lat' dir='ltr'>ideoque</span> <span class='ocrx_word' id='word_1_369' title='bbox 2439 2471 2541 2521; x_wconf 88' lang='lat' dir='ltr'>aut</span> <span class='ocrx_word' id='word_1_370' title='bbox 2581 2468 2858 2522; x_wconf 90' lang='lat' dir='ltr'>confundi</span> <span class='ocrx_word' id='word_1_371' title='bbox 2914 2484 3189 2538; x_wconf 84' lang='lat' dir='ltr'>personas</span> <span class='ocrx_word' id='word_1_372' title='bbox 3245 2474 3348 2524; x_wconf 89' lang='lat' dir='ltr'>aut</span> <span class='ocrx_word' id='word_1_373' title='bbox 3406 2470 3638 2525; x_wconf 79' lang='lat' dir='ltr'>fratrem</span> <span class='ocrx_word' id='word_1_374' title='bbox 3661 2469 3797 2525; x_wconf 86' lang='lat' dir='ltr'>Filii</span> 
     </span>
    </p>
   </div>
   <div class='ocr_carea' id='block_1_49' title="bbox 2146 2555 3796 2629">
    <p class='ocr_par' dir='ltr' id='par_1_49' title="bbox 2146 2555 3796 2629">
     <span class='ocr_line' id='line_1_49' title="bbox 2146 2555 3796 2629; baseline 0.001 -19"><span class='ocrx_word' id='word_1_375' title='bbox 2146 2556 2425 2626; x_wconf 90' lang='lat' dir='ltr'>Spiritum</span> <span class='ocrx_word' id='word_1_376' title='bbox 2450 2555 2962 2628; x_wconf 83' lang='lat' dir='ltr'>contingere,quod</span> <span class='ocrx_word' id='word_1_377' title='bbox 2988 2558 3140 2612; x_wconf 89' lang='lat' dir='ltr'>idem</span> <span class='ocrx_word' id='word_1_378' title='bbox 3163 2575 3436 2629; x_wconf 90' lang='lat' dir='ltr'>personas</span> <span class='ocrx_word' id='word_1_379' title='bbox 3459 2559 3796 2615; x_wconf 79' lang='lat' dir='ltr'>confundit.</span> 
     </span>
    </p>
   </div>
   <div class='ocr_carea' id='block_1_50' title="bbox 393 2645 3805 2719">
    <p class='ocr_par' dir='ltr' id='par_1_50' title="bbox 393 2645 3805 2719">
     <span class='ocr_line' id='line_1_50' title="bbox 393 2645 3805 2719; baseline 0.001 -19"><span class='ocrx_word' id='word_1_380' title='bbox 393 2647 546 2702; x_wconf 90' lang='lat' dir='ltr'>tione</span> <span class='ocrx_word' id='word_1_381' title='bbox 572 2647 644 2700; x_wconf 89' lang='lat' dir='ltr'>ab</span> <span class='ocrx_word' id='word_1_382' title='bbox 675 2645 794 2712; x_wconf 88' lang='lat' dir='ltr'>illa,</span> <span class='ocrx_word' id='word_1_383' title='bbox 829 2660 946 2715; x_wconf 90' lang='lat' dir='ltr'>qua</span> <span class='ocrx_word' id='word_1_384' title='bbox 985 2645 1032 2698; x_wconf 91' lang='lat' dir='ltr'>is</span> <span class='ocrx_word' id='word_1_385' title='bbox 1084 2645 1184 2714; x_wconf 89' lang='lat' dir='ltr'>qui</span> <span class='ocrx_word' id='word_1_386' title='bbox 1220 2648 1482 2714; x_wconf 86' lang='lat' dir='ltr'>nepotem</span> <span class='ocrx_word' id='word_1_387' title='bbox 1537 2645 1796 2715; x_wconf 86' lang='lat' dir='ltr'>proxime</span> <span class='ocrx_word' id='word_1_388' title='bbox 1840 2648 2044 2716; x_wconf 88' lang='lat' dir='ltr'>genuit</span> <span class='ocrx_word' id='word_1_389' title='bbox 2149 2647 2351 2718; x_wconf 90' lang='lat' dir='ltr'>Itaque</span> <span class='ocrx_word' id='word_1_390' title='bbox 2380 2645 2603 2716; x_wconf 89' lang='lat' dir='ltr'>genitor</span> <span class='ocrx_word' id='word_1_391' title='bbox 2643 2662 2755 2700; x_wconf 91' lang='lat' dir='ltr'>non</span> <span class='ocrx_word' id='word_1_392' title='bbox 2805 2646 2861 2700; x_wconf 90' lang='lat' dir='ltr'>in</span> <span class='ocrx_word' id='word_1_393' title='bbox 2912 2662 2977 2702; x_wconf 89' lang='lat' dir='ltr'>eo</span> <span class='ocrx_word' id='word_1_394' title='bbox 3022 2649 3169 2717; x_wconf 92' lang='lat' dir='ltr'>quod</span> <span class='ocrx_word' id='word_1_395' title='bbox 3205 2649 3450 2719; x_wconf 88' lang='lat' dir='ltr'>genitor,</span> <span class='ocrx_word' id='word_1_396' title='bbox 3503 2664 3685 2704; x_wconf 89' lang='lat' dir='ltr'>causa</span> <span class='ocrx_word' id='word_1_397' title='bbox 3717 2653 3805 2704; x_wconf 87' lang='lat' dir='ltr'>est</span> 
     </span>
    </p>
   </div>
   <div class='ocr_carea' id='block_1_51' title="bbox 392 2733 3803 2811">
    <p class='ocr_par' dir='ltr' id='par_1_51' title="bbox 392 2733 3803 2811">
     <span class='ocr_line' id='line_1_51' title="bbox 392 2733 3803 2811; baseline 0.001 -22"><span class='ocrx_word' id='word_1_398' title='bbox 392 2740 577 2807; x_wconf 87' lang='lat' dir='ltr'>pater,</span> <span class='ocrx_word' id='word_1_399' title='bbox 612 2752 646 2790; x_wconf 89' lang='lat' dir='ltr'>a</span> <span class='ocrx_word' id='word_1_400' title='bbox 674 2749 781 2789; x_wconf 88' lang='lat' dir='ltr'>suo</span> <span class='ocrx_word' id='word_1_401' title='bbox 812 2739 996 2804; x_wconf 85' lang='lat' dir='ltr'>patre,</span> <span class='ocrx_word' id='word_1_402' title='bbox 1033 2733 1258 2804; x_wconf 89' lang='lat' dir='ltr'>nepotis</span> <span class='ocrx_word' id='word_1_403' title='bbox 1291 2751 1414 2800; x_wconf 86' lang='lat' dir='ltr'>avo,</span> <span class='ocrx_word' id='word_1_404' title='bbox 1435 2735 1664 2805; x_wconf 90' lang='lat' dir='ltr'>genitus</span> <span class='ocrx_word' id='word_1_405' title='bbox 1695 2741 1804 2789; x_wconf 89' lang='lat' dir='ltr'>est.</span> <span class='ocrx_word' id='word_1_406' title='bbox 1825 2738 1896 2790; x_wconf 87' lang='lat' dir='ltr'>At</span> <span class='ocrx_word' id='word_1_407' title='bbox 1919 2737 2040 2807; x_wconf 90' lang='lat' dir='ltr'>Spi-</span> <span class='ocrx_word' id='word_1_408' title='bbox 2149 2735 2420 2807; x_wconf 87' lang='lat' dir='ltr'>Spiritus,</span> <span class='ocrx_word' id='word_1_409' title='bbox 2444 2736 2541 2790; x_wconf 87' lang='lat' dir='ltr'>sed</span> <span class='ocrx_word' id='word_1_410' title='bbox 2577 2736 2633 2788; x_wconf 86' lang='lat' dir='ltr'>in</span> <span class='ocrx_word' id='word_1_411' title='bbox 2664 2751 2730 2790; x_wconf 90' lang='lat' dir='ltr'>eo</span> <span class='ocrx_word' id='word_1_412' title='bbox 2762 2737 2910 2806; x_wconf 90' lang='lat' dir='ltr'>quod</span> <span class='ocrx_word' id='word_1_413' title='bbox 2945 2753 3121 2792; x_wconf 89' lang='lat' dir='ltr'>causa</span> <span class='ocrx_word' id='word_1_414' title='bbox 3151 2737 3620 2809; x_wconf 88' lang='lat' dir='ltr'>principiumque</span> <span class='ocrx_word' id='word_1_415' title='bbox 3649 2739 3803 2811; x_wconf 87' lang='lat' dir='ltr'>(spi-</span> 
     </span>
    </p>
   </div>
   <div class='ocr_carea' id='block_1_52' title="bbox 393 2821 3808 2898">
    <p class='ocr_par' dir='ltr' id='par_1_52' title="bbox 393 2821 3808 2898">
     <span class='ocr_line' id='line_1_52' title="bbox 393 2821 3808 2898; baseline 0.001 -20"><span class='ocrx_word' id='word_1_416' title='bbox 393 2824 542 2888; x_wconf 69' lang='lat' dir='ltr'>ritus</span> <span class='ocrx_word' id='word_1_417' title='bbox 573 2821 761 2879; x_wconf 89' lang='lat' dir='ltr'>sancti</span> <span class='ocrx_word' id='word_1_418' title='bbox 807 2821 1100 2893; x_wconf 87' lang='lat' dir='ltr'>processio</span> <span class='ocrx_word' id='word_1_419' title='bbox 1150 2837 1337 2893; x_wconf 91' lang='lat' dir='ltr'>neque</span> <span class='ocrx_word' id='word_1_420' title='bbox 1369 2825 1660 2894; x_wconf 83' lang='lat' dir='ltr'>generatio</span> <span class='ocrx_word' id='word_1_421' title='bbox 1710 2828 1818 2894; x_wconf 86' lang='lat' dir='ltr'>est,</span> <span class='ocrx_word' id='word_1_422' title='bbox 1853 2841 2042 2896; x_wconf 89' lang='lat' dir='ltr'>neque</span> <span class='ocrx_word' id='word_1_423' title='bbox 2152 2826 2336 2895; x_wconf 90' lang='lat' dir='ltr'>rans),</span> <span class='ocrx_word' id='word_1_424' title='bbox 2373 2831 2432 2880; x_wconf 91' lang='lat' dir='ltr'>ut</span> <span class='ocrx_word' id='word_1_425' title='bbox 2462 2823 2675 2894; x_wconf 69' lang='lat' dir='ltr'>saepius</span> <span class='ocrx_word' id='word_1_426' title='bbox 2708 2824 3060 2880; x_wconf 86' lang='lat' dir='ltr'>inculcatum</span> <span class='ocrx_word' id='word_1_427' title='bbox 3098 2835 3204 2882; x_wconf 88' lang='lat' dir='ltr'>est.</span> <span class='ocrx_word' id='word_1_428' title='bbox 3229 2829 3417 2894; x_wconf 85' lang='lat' dir='ltr'>Quare</span> <span class='ocrx_word' id='word_1_429' title='bbox 3447 2843 3633 2898; x_wconf 89' lang='lat' dir='ltr'>neque</span> <span class='ocrx_word' id='word_1_430' title='bbox 3661 2827 3808 2882; x_wconf 88' lang='lat' dir='ltr'>alie-</span> 
     </span>
    </p>
   </div>
   <div class='ocr_carea' id='block_1_53' title="bbox 393 2911 3806 2986">
    <p class='ocr_par' dir='ltr' id='par_1_53' title="bbox 393 2911 3806 2986">
     <span class='ocr_line' id='line_1_53' title="bbox 393 2911 3806 2986; baseline 0.001 -18"><span class='ocrx_word' id='word_1_431' title='bbox 393 2913 578 2968; x_wconf 86' lang='lat' dir='ltr'>Patris</span> <span class='ocrx_word' id='word_1_432' title='bbox 609 2915 665 2968; x_wconf 91' lang='lat' dir='ltr'>et</span> <span class='ocrx_word' id='word_1_433' title='bbox 709 2911 839 2966; x_wconf 90' lang='lat' dir='ltr'>Filii</span> <span class='ocrx_word' id='word_1_434' title='bbox 883 2911 1031 2967; x_wconf 82' lang='lat' dir='ltr'>actio</span> <span class='ocrx_word' id='word_1_435' title='bbox 1082 2911 1330 2968; x_wconf 87' lang='lat' dir='ltr'>diversa.</span> <span class='ocrx_word' id='word_1_436' title='bbox 1367 2933 1394 2960; x_wconf 84' lang='grc'>››</span> <span class='ocrx_word' id='word_1_437' title='bbox 1433 2911 1640 2980; x_wconf 80' lang='lat' dir='ltr'>(Natat.</span> <span class='ocrx_word' id='word_1_438' title='bbox 1675 2913 1832 2968; x_wconf 82' lang='lat' dir='ltr'>Alex.</span> <span class='ocrx_word' id='word_1_439' title='bbox 1885 2915 1946 2969; x_wconf 87' lang='grc' dir='ltr'>Η.</span> <span class='ocrx_word' id='word_1_440' title='bbox 1980 2916 2040 2972; x_wconf 85' lang='grc' dir='ltr'>Ε.</span> <span class='ocrx_word' id='word_1_441' title='bbox 2153 2929 2262 2968; x_wconf 86' lang='lat' dir='ltr'>nus</span> <span class='ocrx_word' id='word_1_442' title='bbox 2294 2929 2326 2967; x_wconf 89' lang='lat' dir='ltr'>a</span> <span class='ocrx_word' id='word_1_443' title='bbox 2364 2911 2506 2968; x_wconf 84' lang='lat' dir='ltr'>Filio</span> <span class='ocrx_word' id='word_1_444' title='bbox 2537 2912 2786 2983; x_wconf 89' lang='lat' dir='ltr'>Spiritus</span> <span class='ocrx_word' id='word_1_445' title='bbox 2814 2918 2903 2969; x_wconf 89' lang='lat' dir='ltr'>est</span> <span class='ocrx_word' id='word_1_446' title='bbox 2933 2930 3121 2985; x_wconf 91' lang='lat' dir='ltr'>neque</span> <span class='ocrx_word' id='word_1_447' title='bbox 3177 2914 3400 2986; x_wconf 86' lang='lat' dir='ltr'>absque</span> <span class='ocrx_word' id='word_1_448' title='bbox 3453 2914 3806 2970; x_wconf 88' lang='lat' dir='ltr'>habitudine</span> 
     </span>
    </p>
   </div>
   <div class='ocr_carea' id='block_1_54' title="bbox 394 2999 3806 3072">
    <p class='ocr_par' dir='ltr' id='par_1_54' title="bbox 394 2999 3806 3072">
     <span class='ocr_line' id='line_1_54' title="bbox 394 2999 3806 3072; baseline 0 -16"><span class='ocrx_word' id='word_1_449' title='bbox 394 3001 435 3056; x_wconf 92' lang='lat' dir='ltr'>l.</span> <span class='ocrx_word' id='word_1_450' title='bbox 479 3017 528 3056; x_wconf 91' lang='lat' dir='ltr'>c.</span> <span class='ocrx_word' id='word_1_451' title='bbox 563 3017 620 3072; x_wconf 90' lang='lat' dir='ltr'>p.</span> <span class='ocrx_word' id='word_1_452' title='bbox 663 3000 810 3063; x_wconf 86' lang='lat'>532).</span> <span class='ocrx_word' id='word_1_453' title='bbox 852 3001 1015 3054; x_wconf 83' lang='lat' dir='ltr'>Joan.</span> <span class='ocrx_word' id='word_1_454' title='bbox 1060 2999 1276 3054; x_wconf 87' lang='lat' dir='ltr'>Beccus</span> <span class='ocrx_word' id='word_1_455' title='bbox 1325 3001 1527 3056; x_wconf 90' lang='lat' dir='ltr'>eodem</span> <span class='ocrx_word' id='word_1_456' title='bbox 1584 3003 1754 3058; x_wconf 85' lang='lat' dir='ltr'>modo</span> <span class='ocrx_word' id='word_1_457' title='bbox 1786 3003 2046 3072; x_wconf 83' lang='lat' dir='ltr'>arguenti</span> <span class='ocrx_word' id='word_1_458' title='bbox 2155 3001 2228 3056; x_wconf 90' lang='lat' dir='ltr'>ad</span> <span class='ocrx_word' id='word_1_459' title='bbox 2259 2999 2452 3071; x_wconf 85' lang='lat' dir='ltr'>ipsum</span> <span class='ocrx_word' id='word_1_460' title='bbox 2479 2999 2858 3069; x_wconf 89' lang='lat' dir='ltr'>judicandus.</span> <span class='ocrx_word' id='word_1_461' title='bbox 2882 2999 2992 3054; x_wconf 91' lang='lat' dir='ltr'>Sed</span> <span class='ocrx_word' id='word_1_462' title='bbox 3028 3016 3213 3071; x_wconf 90' lang='lat' dir='ltr'>neque</span> <span class='ocrx_word' id='word_1_463' title='bbox 3235 2999 3806 3071; x_wconf 86' lang='lat' dir='ltr'>hocinconveniens,</span> 
     </span>
    </p>
   </div>
   <div class='ocr_carea' id='block_1_55' title="bbox 401 3088 3811 3164">
    <p class='ocr_par' dir='ltr' id='par_1_55' title="bbox 401 3088 3811 3164">
     <span class='ocr_line' id='line_1_55' title="bbox 401 3088 3811 3164; baseline -0.001 -16"><span class='ocrx_word' id='word_1_464' title='bbox 401 3093 704 3148; x_wconf 87' lang='lat' dir='ltr'>Camatero</span> <span class='ocrx_word' id='word_1_465' title='bbox 742 3090 826 3146; x_wconf 87' lang='lat' dir='ltr'>ita</span> <span class='ocrx_word' id='word_1_466' title='bbox 879 3089 1128 3145; x_wconf 89' lang='lat' dir='ltr'>occurrit</span> <span class='ocrx_word' id='word_1_467' title='bbox 1157 3091 1246 3161; x_wconf 91' lang='lat' dir='ltr'>(G.</span> <span class='ocrx_word' id='word_1_468' title='bbox 1281 3091 1343 3147; x_wconf 94' lang='lat'>0.</span> <span class='ocrx_word' id='word_1_469' title='bbox 1396 3093 1464 3160; x_wconf 91' lang='lat' dir='ltr'>II,</span> <span class='ocrx_word' id='word_1_470' title='bbox 1500 3091 1624 3161; x_wconf 87' lang='lat'>399,</span> <span class='ocrx_word' id='word_1_471' title='bbox 1657 3093 1779 3164; x_wconf 83' lang='grc'>400)</span> <span class='ocrx_word' id='word_1_472' title='bbox 1813 3111 1826 3149; x_wconf 92' lang='lat'>:</span> <span class='ocrx_word' id='word_1_473' title='bbox 1861 3116 1890 3144; x_wconf 87' lang='lat'><strong>«</strong></span> <span class='ocrx_word' id='word_1_474' title='bbox 1924 3094 2048 3149; x_wconf 90' lang='lat' dir='ltr'>Non</span> <span class='ocrx_word' id='word_1_475' title='bbox 2084 3144 2122 3164; x_wconf 63' lang='grc' dir='ltr'>η</span> <span class='ocrx_word' id='word_1_476' title='bbox 2161 3089 2210 3146; x_wconf 88' lang='lat' dir='ltr'>si</span> <span class='ocrx_word' id='word_1_477' title='bbox 2243 3090 2423 3145; x_wconf 85' lang='lat' dir='ltr'>Filius</span> <span class='ocrx_word' id='word_1_478' title='bbox 2459 3105 2570 3144; x_wconf 93' lang='lat' dir='ltr'>non</span> <span class='ocrx_word' id='word_1_479' title='bbox 2603 3089 2664 3144; x_wconf 92' lang='lat' dir='ltr'>in</span> <span class='ocrx_word' id='word_1_480' title='bbox 2693 3105 2758 3144; x_wconf 92' lang='lat' dir='ltr'>eo</span> <span class='ocrx_word' id='word_1_481' title='bbox 2785 3089 2936 3159; x_wconf 88' lang='lat' dir='ltr'>quod</span> <span class='ocrx_word' id='word_1_482' title='bbox 2993 3089 3175 3144; x_wconf 85' lang='lat' dir='ltr'>Filius</span> <span class='ocrx_word' id='word_1_483' title='bbox 3223 3088 3501 3161; x_wconf 84' lang='lat' dir='ltr'>Spiritum</span> <span class='ocrx_word' id='word_1_484' title='bbox 3551 3088 3811 3154; x_wconf 82' lang='lat' dir='ltr'>emittat,</span> 
     </span>
    </p>
   </div>
   <div class='ocr_carea' id='block_1_56' title="bbox 402 3174 3816 3253">
    <p class='ocr_par' dir='ltr' id='par_1_56' title="bbox 402 3174 3816 3253">
     <span class='ocr_line' id='line_1_56' title="bbox 402 3174 3816 3253; baseline -0.001 -16"><span class='ocrx_word' id='word_1_485' title='bbox 402 3188 492 3238; x_wconf 86' lang='lat' dir='ltr'>est</span> <span class='ocrx_word' id='word_1_486' title='bbox 521 3196 700 3252; x_wconf 88' lang='lat' dir='ltr'>nepos</span> <span class='ocrx_word' id='word_1_487' title='bbox 741 3174 1008 3252; x_wconf 81' lang='grc' dir='ltr'>(ἔκγονος)</span> <span class='ocrx_word' id='word_1_488' title='bbox 1040 3178 1224 3234; x_wconf 89' lang='lat' dir='ltr'>Patris</span> <span class='ocrx_word' id='word_1_489' title='bbox 1251 3179 1524 3250; x_wconf 86' lang='lat' dir='ltr'>Spiritus,</span> <span class='ocrx_word' id='word_1_490' title='bbox 1559 3181 1658 3252; x_wconf 93' lang='lat' dir='ltr'>qui</span> <span class='ocrx_word' id='word_1_491' title='bbox 1689 3181 1866 3236; x_wconf 91' lang='lat' dir='ltr'>Filius</span> <span class='ocrx_word' id='word_1_492' title='bbox 1894 3191 2051 3253; x_wconf 80' lang='lat' dir='ltr'>pater</span> <span class='ocrx_word' id='word_1_493' title='bbox 2081 3174 2123 3211; x_wconf 66' lang='grc' dir='ltr'>υ</span> <span class='ocrx_word' id='word_1_494' title='bbox 2163 3196 2292 3234; x_wconf 89' lang='lat' dir='ltr'>cum</span> <span class='ocrx_word' id='word_1_495' title='bbox 2334 3179 2498 3234; x_wconf 91' lang='lat' dir='ltr'>Pater</span> <span class='ocrx_word' id='word_1_496' title='bbox 2555 3196 2670 3233; x_wconf 89' lang='lat' dir='ltr'>non</span> <span class='ocrx_word' id='word_1_497' title='bbox 2726 3179 2784 3233; x_wconf 91' lang='lat' dir='ltr'>in</span> <span class='ocrx_word' id='word_1_498' title='bbox 2842 3194 2906 3234; x_wconf 89' lang='lat' dir='ltr'>eo</span> <span class='ocrx_word' id='word_1_499' title='bbox 2937 3180 3088 3249; x_wconf 91' lang='lat' dir='ltr'>quod</span> <span class='ocrx_word' id='word_1_500' title='bbox 3140 3182 3306 3234; x_wconf 87' lang='lat' dir='ltr'>Pater</span> <span class='ocrx_word' id='word_1_501' title='bbox 3327 3179 3576 3249; x_wconf 87' lang='lat' dir='ltr'>Spiritus</span> <span class='ocrx_word' id='word_1_502' title='bbox 3629 3195 3816 3234; x_wconf 86' lang='lat' dir='ltr'>causa</span> 
     </span>
    </p>
   </div>
   <div class='ocr_carea' id='block_1_57' title="bbox 404 3267 3812 3341">
    <p class='ocr_par' dir='ltr' id='par_1_57' title="bbox 404 3267 3812 3341">
     <span class='ocr_line' id='line_1_57' title="bbox 404 3267 3812 3341; baseline -0.001 -14"><span class='ocrx_word' id='word_1_503' title='bbox 404 3269 660 3341; x_wconf 89' lang='lat' dir='ltr'>Spiritus</span> <span class='ocrx_word' id='word_1_504' title='bbox 690 3284 804 3324; x_wconf 90' lang='lat' dir='ltr'>non</span> <span class='ocrx_word' id='word_1_505' title='bbox 837 3272 945 3323; x_wconf 89' lang='lat' dir='ltr'>est.</span> <span class='ocrx_word' id='word_1_506' title='bbox 978 3267 1124 3322; x_wconf 87' lang='lat' dir='ltr'>Cum</span> <span class='ocrx_word' id='word_1_507' title='bbox 1150 3284 1284 3323; x_wconf 89' lang='lat' dir='ltr'>vero</span> <span class='ocrx_word' id='word_1_508' title='bbox 1307 3269 1488 3330; x_wconf 88' lang='lat' dir='ltr'>dicis;</span> <span class='ocrx_word' id='word_1_509' title='bbox 1522 3269 1580 3324; x_wconf 90' lang='lat' dir='ltr'>Si</span> <span class='ocrx_word' id='word_1_510' title='bbox 1610 3287 1726 3326; x_wconf 89' lang='lat' dir='ltr'>non</span> <span class='ocrx_word' id='word_1_511' title='bbox 1759 3280 1843 3326; x_wconf 82' lang='lat' dir='ltr'>est.</span> <span class='ocrx_word' id='word_1_512' title='bbox 1866 3272 2047 3328; x_wconf 83' lang='lat' dir='ltr'>Filius</span> <span class='ocrx_word' id='word_1_513' title='bbox 2156 3269 2418 3324; x_wconf 86' lang='lat' dir='ltr'>exsistat.</span> <span class='ocrx_word' id='word_1_514' title='bbox 2455 3290 2481 3316; x_wconf 83' lang='grc'><strong>››</strong></span> <span class='ocrx_word' id='word_1_515' title='bbox 2532 3268 2784 3324; x_wconf 84' lang='lat' dir='ltr'>Breviter</span> <span class='ocrx_word' id='word_1_516' title='bbox 2829 3271 2883 3322; x_wconf 88' lang='lat' dir='ltr'>et</span> <span class='ocrx_word' id='word_1_517' title='bbox 2932 3283 3170 3324; x_wconf 88' lang='lat' dir='ltr'>nervose</span> <span class='ocrx_word' id='word_1_518' title='bbox 3221 3269 3570 3323; x_wconf 78' lang='lat' dir='ltr'>Ratramnus</span> <span class='ocrx_word' id='word_1_519' title='bbox 3625 3268 3688 3339; x_wconf 91' lang='grc' dir='ltr'>(Ι.</span> <span class='ocrx_word' id='word_1_520' title='bbox 3723 3285 3812 3336; x_wconf 88' lang='lat' dir='ltr'>m,</span> 
     </span>
    </p>
   </div>
   <div class='ocr_carea' id='block_1_58' title="bbox 393 3357 2048 3431">
    <p class='ocr_par' dir='ltr' id='par_1_58' title="bbox 393 3357 2048 3431">
     <span class='ocr_line' id='line_1_58' title="bbox 393 3357 2048 3431; baseline 0.002 -19"><span class='ocrx_word' id='word_1_521' title='bbox 393 3366 576 3429; x_wconf 87' lang='lat' dir='ltr'>pater,</span> <span class='ocrx_word' id='word_1_522' title='bbox 611 3357 902 3427; x_wconf 91' lang='lat' dir='ltr'>quomodo</span> <span class='ocrx_word' id='word_1_523' title='bbox 949 3371 1018 3411; x_wconf 82' lang='lat' dir='ltr'>ex</span> <span class='ocrx_word' id='word_1_524' title='bbox 1064 3357 1193 3428; x_wconf 88' lang='lat' dir='ltr'>ipso</span> <span class='ocrx_word' id='word_1_525' title='bbox 1236 3357 1487 3428; x_wconf 89' lang='lat' dir='ltr'>Spiritus</span> <span class='ocrx_word' id='word_1_526' title='bbox 1531 3360 1750 3414; x_wconf 82' lang='lat' dir='ltr'>fuerit?</span> <span class='ocrx_word' id='word_1_527' title='bbox 1797 3362 2048 3431; x_wconf 87' lang='lat' dir='ltr'>profecto</span> 
     </span>
    </p>
   </div>
   <div class='ocr_carea' id='block_1_59' title="bbox 393 3443 2048 3516">
    <p class='ocr_par' dir='ltr' id='par_1_59' title="bbox 393 3443 2048 3516">
     <span class='ocr_line' id='line_1_59' title="bbox 393 3443 2048 3516; baseline 0.001 -15"><span class='ocrx_word' id='word_1_528' title='bbox 393 3461 571 3516; x_wconf 87' lang='lat' dir='ltr'>negas</span> <span class='ocrx_word' id='word_1_529' title='bbox 601 3445 778 3500; x_wconf 90' lang='lat' dir='ltr'>etiam</span> <span class='ocrx_word' id='word_1_530' title='bbox 833 3443 1116 3515; x_wconf 89' lang='lat' dir='ltr'>Spiritum</span> <span class='ocrx_word' id='word_1_531' title='bbox 1177 3461 1247 3500; x_wconf 82' lang='lat' dir='ltr'>ex</span> <span class='ocrx_word' id='word_1_532' title='bbox 1304 3447 1470 3500; x_wconf 88' lang='lat' dir='ltr'>Patre</span> <span class='ocrx_word' id='word_1_533' title='bbox 1504 3461 1652 3502; x_wconf 89' lang='lat' dir='ltr'>esse.</span> <span class='ocrx_word' id='word_1_534' title='bbox 1697 3447 1864 3502; x_wconf 89' lang='lat' dir='ltr'>Pater</span> <span class='ocrx_word' id='word_1_535' title='bbox 1894 3450 2048 3505; x_wconf 91' lang='lat' dir='ltr'>enirn</span> 
     </span>
    </p>
   </div>
   <div class='ocr_carea' id='block_1_60' title="bbox 404 3531 2051 3608">
    <p class='ocr_par' dir='ltr' id='par_1_60' title="bbox 404 3531 2051 3608">
     <span class='ocr_line' id='line_1_60' title="bbox 404 3531 2051 3608; baseline 0.003 -20"><span class='ocrx_word' id='word_1_536' title='bbox 404 3548 521 3588; x_wconf 91' lang='lat' dir='ltr'>non</span> <span class='ocrx_word' id='word_1_537' title='bbox 554 3537 643 3586; x_wconf 90' lang='lat' dir='ltr'>est</span> <span class='ocrx_word' id='word_1_538' title='bbox 671 3531 920 3600; x_wconf 89' lang='lat' dir='ltr'>Spiritus</span> <span class='ocrx_word' id='word_1_539' title='bbox 952 3540 1114 3602; x_wconf 89' lang='lat' dir='ltr'>pater</span> <span class='ocrx_word' id='word_1_540' title='bbox 1151 3537 1208 3586; x_wconf 88' lang='lat' dir='ltr'>et</span> <span class='ocrx_word' id='word_1_541' title='bbox 1239 3533 1620 3590; x_wconf 89' lang='lat' dir='ltr'>nihilominus</span> <span class='ocrx_word' id='word_1_542' title='bbox 1646 3551 1714 3589; x_wconf 81' lang='lat' dir='ltr'>ex</span> <span class='ocrx_word' id='word_1_543' title='bbox 1763 3537 1890 3607; x_wconf 91' lang='lat' dir='ltr'>ipso</span> <span class='ocrx_word' id='word_1_544' title='bbox 1921 3538 2051 3608; x_wconf 92' lang='lat' dir='ltr'>Spi-</span> 
     </span>
    </p>
   </div>
   <div class='ocr_carea' id='block_1_61' title="bbox 405 3621 2052 3691">
    <p class='ocr_par' dir='ltr' id='par_1_61' title="bbox 405 3621 2052 3691">
     <span class='ocr_line' id='line_1_61' title="bbox 405 3621 2052 3691; baseline 0.002 -13"><span class='ocrx_word' id='word_1_545' title='bbox 405 3622 556 3678; x_wconf 85' lang='lat' dir='ltr'>ritus</span> <span class='ocrx_word' id='word_1_546' title='bbox 588 3626 697 3676; x_wconf 89' lang='lat' dir='ltr'>est.</span> <span class='ocrx_word' id='word_1_547' title='bbox 732 3641 760 3669; x_wconf 85' lang='lat'>»</span> <span class='ocrx_word' id='word_1_548' title='bbox 813 3621 871 3675; x_wconf 90' lang='lat' dir='ltr'>Id</span> <span class='ocrx_word' id='word_1_549' title='bbox 897 3621 1021 3691; x_wconf 88' lang='lat' dir='ltr'>jam</span> <span class='ocrx_word' id='word_1_550' title='bbox 1071 3621 1326 3678; x_wconf 88' lang='lat' dir='ltr'>declarat</span> <span class='ocrx_word' id='word_1_551' title='bbox 1371 3629 1612 3679; x_wconf 89' lang='lat' dir='ltr'>sanctus</span> <span class='ocrx_word' id='word_1_552' title='bbox 1643 3629 1930 3682; x_wconf 83' lang='lat' dir='ltr'>Maximus</span> <span class='ocrx_word' id='word_1_553' title='bbox 1960 3628 2052 3682; x_wconf 87' lang='lat' dir='ltr'>di-</span> 
     </span>
    </p>
   </div>
   <div class='ocr_carea' id='block_1_62' title="bbox 395 3709 2050 3785">
    <p class='ocr_par' dir='ltr' id='par_1_62' title="bbox 395 3709 2050 3785">
     <span class='ocr_line' id='line_1_62' title="bbox 395 3709 2050 3785; baseline 0.002 -16"><span class='ocrx_word' id='word_1_554' title='bbox 395 3726 537 3770; x_wconf 86' lang='lat' dir='ltr'>cens</span> <span class='ocrx_word' id='word_1_555' title='bbox 569 3727 581 3766; x_wconf 91' lang='lat'>:</span> <span class='ocrx_word' id='word_1_556' title='bbox 619 3730 648 3760; x_wconf 87' lang='grc'>‹‹</span> <span class='ocrx_word' id='word_1_557' title='bbox 678 3709 928 3780; x_wconf 85' lang='lat' dir='ltr'>Spiritus</span> <span class='ocrx_word' id='word_1_558' title='bbox 959 3710 1184 3765; x_wconf 88' lang='lat' dir='ltr'>Patrem</span> <span class='ocrx_word' id='word_1_559' title='bbox 1242 3728 1355 3766; x_wconf 93' lang='lat' dir='ltr'>non</span> <span class='ocrx_word' id='word_1_560' title='bbox 1409 3711 1620 3782; x_wconf 88' lang='lat' dir='ltr'>habet;</span> <span class='ocrx_word' id='word_1_561' title='bbox 1656 3730 1844 3785; x_wconf 90' lang='lat' dir='ltr'>neque</span> <span class='ocrx_word' id='word_1_562' title='bbox 1887 3717 2050 3772; x_wconf 89' lang='lat' dir='ltr'>enim</span> 
     </span>
    </p>
   </div>
   <div class='ocr_carea' id='block_1_63' title="bbox 395 3796 2052 3878">
    <p class='ocr_par' dir='ltr' id='par_1_63' title="bbox 395 3796 2052 3878">
     <span class='ocr_line' id='line_1_63' title="bbox 395 3796 2052 3878; baseline 0.002 -22"><span class='ocrx_word' id='word_1_563' title='bbox 395 3800 631 3872; x_wconf 83' lang='lat' dir='ltr'>genitus</span> <span class='ocrx_word' id='word_1_564' title='bbox 682 3803 771 3854; x_wconf 86' lang='lat' dir='ltr'>est</span> <span class='ocrx_word' id='word_1_565' title='bbox 814 3796 898 3868; x_wconf 86' lang='grc' dir='ltr'>(τὸ</span> <span class='ocrx_word' id='word_1_566' title='bbox 942 3797 1042 3872; x_wconf 75' lang='grc' dir='ltr'>γὰρ</span> <span class='ocrx_word' id='word_1_567' title='bbox 1095 3802 1310 3871; x_wconf 80' lang='grc' dir='ltr'>Πνεῦμα</span> <span class='ocrx_word' id='word_1_568' title='bbox 1369 3800 1582 3874; x_wconf 69' lang='grc' dir='ltr'>Πατέρα</span> <span class='ocrx_word' id='word_1_569' title='bbox 1612 3801 1710 3856; x_wconf 81' lang='grc' dir='ltr'>οὐκ</span> <span class='ocrx_word' id='word_1_570' title='bbox 1759 3801 1896 3878; x_wconf 86' lang='grc' dir='ltr'>ἔχει·</span> <span class='ocrx_word' id='word_1_571' title='bbox 1931 3802 2052 3860; x_wconf 75' lang='grc' dir='ltr'>οὐδὲ</span> 
     </span>
    </p>
   </div>
   <div class='ocr_carea' id='block_1_64' title="bbox 397 3887 2052 3966">
    <p class='ocr_par' dir='ltr' id='par_1_64' title="bbox 397 3887 2052 3966">
     <span class='ocr_line' id='line_1_64' title="bbox 397 3887 2052 3966; baseline 0.006 -25"><span class='ocrx_word' id='word_1_572' title='bbox 397 3888 501 3964; x_wconf 79' lang='grc' dir='ltr'>γὰρ</span> <span class='ocrx_word' id='word_1_573' title='bbox 537 3887 848 3962; x_wconf 65' lang='grc' dir='ltr'>ἐγεννήθη).</span> <span class='ocrx_word' id='word_1_574' title='bbox 879 3908 907 3941; x_wconf 80' lang='grc' dir='ltr'>ιι</span> <span class='ocrx_word' id='word_1_575' title='bbox 945 3889 1232 3945; x_wconf 84' lang='lat' dir='ltr'>Audiatur</span> <span class='ocrx_word' id='word_1_576' title='bbox 1261 3893 1318 3945; x_wconf 89' lang='lat' dir='ltr'>et</span> <span class='ocrx_word' id='word_1_577' title='bbox 1344 3890 1508 3962; x_wconf 88' lang='lat' dir='ltr'>Hugo</span> <span class='ocrx_word' id='word_1_578' title='bbox 1546 3892 1890 3949; x_wconf 88' lang='lat' dir='ltr'>Etherianus</span> <span class='ocrx_word' id='word_1_579' title='bbox 1921 3896 2052 3966; x_wconf 87' lang='lat'>(1.1,</span> 
     </span>
    </p>
   </div>
   <div class='ocr_carea' id='block_1_65' title="bbox 399 3977 2055 4051">
    <p class='ocr_par' dir='ltr' id='par_1_65' title="bbox 399 3977 2055 4051">
     <span class='ocr_line' id='line_1_65' title="bbox 399 3977 2055 4051; baseline 0.004 -18"><span class='ocrx_word' id='word_1_580' title='bbox 399 3993 448 4033; x_wconf 88' lang='lat' dir='ltr'>c.</span> <span class='ocrx_word' id='word_1_581' title='bbox 483 3979 538 4043; x_wconf 92' lang='lat'>8,</span> <span class='ocrx_word' id='word_1_582' title='bbox 572 3994 628 4049; x_wconf 90' lang='lat' dir='ltr'>p.</span> <span class='ocrx_word' id='word_1_583' title='bbox 663 3977 824 4044; x_wconf 87' lang='grc'>1203)</span> <span class='ocrx_word' id='word_1_584' title='bbox 861 3993 874 4031; x_wconf 91' lang='lat'><strong>:</strong></span> <span class='ocrx_word' id='word_1_585' title='bbox 911 3997 936 4029; x_wconf 73' lang='grc' dir='ltr'><strong>α</strong></span> <span class='ocrx_word' id='word_1_586' title='bbox 971 3978 1298 4049; x_wconf 78' lang='lat' dir='ltr'>I‘ropositio</span> <span class='ocrx_word' id='word_1_587' title='bbox 1321 3995 1448 4051; x_wconf 80' lang='lat' dir='ltr'>quas</span> <span class='ocrx_word' id='word_1_588' title='bbox 1481 3979 1621 4036; x_wconf 90' lang='lat' dir='ltr'>dicit</span> <span class='ocrx_word' id='word_1_589' title='bbox 1657 3998 1670 4034; x_wconf 90' lang='lat'>:</span> <span class='ocrx_word' id='word_1_590' title='bbox 1703 3981 1863 4045; x_wconf 87' lang='lat' dir='ltr'>Quod</span> <span class='ocrx_word' id='word_1_591' title='bbox 1885 3986 2055 4040; x_wconf 89' lang='lat' dir='ltr'>emit-</span> 
     </span>
    </p>
   </div>
   <div class='ocr_carea' id='block_1_66' title="bbox 398 4065 2058 4138">
    <p class='ocr_par' dir='ltr' id='par_1_66' title="bbox 398 4065 2058 4138">
     <span class='ocr_line' id='line_1_66' title="bbox 398 4065 2058 4138; baseline 0.004 -17"><span class='ocrx_word' id='word_1_592' title='bbox 398 4066 475 4133; x_wconf 83' lang='lat' dir='ltr'>tit</span> <span class='ocrx_word' id='word_1_593' title='bbox 505 4066 812 4138; x_wconf 88' lang='lat' dir='ltr'>Spiritum,</span> <span class='ocrx_word' id='word_1_594' title='bbox 845 4065 1050 4122; x_wconf 89' lang='lat' dir='ltr'>Filium</span> <span class='ocrx_word' id='word_1_595' title='bbox 1083 4066 1279 4136; x_wconf 86' lang='lat' dir='ltr'>habet,</span> <span class='ocrx_word' id='word_1_596' title='bbox 1315 4067 1500 4137; x_wconf 87' lang='lat' dir='ltr'>major</span> <span class='ocrx_word' id='word_1_597' title='bbox 1530 4069 1937 4126; x_wconf 90' lang='lat' dir='ltr'>universaliter</span> <span class='ocrx_word' id='word_1_598' title='bbox 1962 4073 2058 4128; x_wconf 87' lang='lat' dir='ltr'>de-</span> 
     </span>
    </p>
   </div>
   <div class='ocr_carea' id='block_1_67' title="bbox 406 4155 2056 4228">
    <p class='ocr_par' dir='ltr' id='par_1_67' title="bbox 406 4155 2056 4228">
     <span class='ocr_line' id='line_1_67' title="bbox 406 4155 2056 4228; baseline 0.003 -16"><span class='ocrx_word' id='word_1_599' title='bbox 406 4157 568 4213; x_wconf 88' lang='lat' dir='ltr'>beret</span> <span class='ocrx_word' id='word_1_600' title='bbox 611 4171 739 4212; x_wconf 88' lang='lat' dir='ltr'>esse</span> <span class='ocrx_word' id='word_1_601' title='bbox 789 4161 848 4210; x_wconf 84' lang='lat' dir='ltr'>et</span> <span class='ocrx_word' id='word_1_602' title='bbox 894 4155 1320 4227; x_wconf 86' lang='lat' dir='ltr'>particulariter</span> <span class='ocrx_word' id='word_1_603' title='bbox 1350 4158 1644 4228; x_wconf 88' lang='lat' dir='ltr'>accipitur.</span> <span class='ocrx_word' id='word_1_604' title='bbox 1698 4159 1841 4214; x_wconf 89' lang='lat' dir='ltr'>Nam</span> <span class='ocrx_word' id='word_1_605' title='bbox 1885 4160 2056 4217; x_wconf 70' lang='lat' dir='ltr'>illatua</span> 
     </span>
    </p>
   </div>
   <div class='ocr_carea' id='block_1_68' title="bbox 409 4242 2056 4320">
    <p class='ocr_par' dir='ltr' id='par_1_68' title="bbox 409 4242 2056 4320">
     <span class='ocr_line' id='line_1_68' title="bbox 409 4242 2056 4320; baseline 0.004 -22"><span class='ocrx_word' id='word_1_606' title='bbox 409 4242 808 4299; x_wconf 88' lang='lat' dir='ltr'>conclusionis</span> <span class='ocrx_word' id='word_1_607' title='bbox 839 4259 1016 4298; x_wconf 86' lang='lat' dir='ltr'>causa</span> <span class='ocrx_word' id='word_1_608' title='bbox 1039 4243 1380 4316; x_wconf 88' lang='lat' dir='ltr'>propositio,</span> <span class='ocrx_word' id='word_1_609' title='bbox 1408 4261 1534 4316; x_wconf 70' lang='lat' dir='ltr'>quas</span> <span class='ocrx_word' id='word_1_610' title='bbox 1562 4251 1714 4303; x_wconf 87' lang='lat' dir='ltr'>recte</span> <span class='ocrx_word' id='word_1_611' title='bbox 1748 4249 1911 4304; x_wconf 90' lang='lat' dir='ltr'>debet</span> <span class='ocrx_word' id='word_1_612' title='bbox 1947 4250 2056 4320; x_wconf 80' lang='lat' dir='ltr'>syl-</span> 
     </span>
    </p>
   </div>
   <div class='ocr_carea' id='block_1_69' title="bbox 404 4331 2046 4409">
    <p class='ocr_par' dir='ltr' id='par_1_69' title="bbox 404 4331 2046 4409">
     <span class='ocr_line' id='line_1_69' title="bbox 404 4331 2046 4409; baseline 0.004 -22"><span class='ocrx_word' id='word_1_613' title='bbox 404 4331 717 4403; x_wconf 84' lang='lat' dir='ltr'>logismum</span> <span class='ocrx_word' id='word_1_614' title='bbox 768 4331 936 4386; x_wconf 83' lang='lat' dir='ltr'>talem</span> <span class='ocrx_word' id='word_1_615' title='bbox 981 4332 1273 4402; x_wconf 85' lang='lat' dir='ltr'>perﬁcere,</span> <span class='ocrx_word' id='word_1_616' title='bbox 1318 4333 1438 4388; x_wconf 63' lang='lat' dir='ltr'>haec</span> <span class='ocrx_word' id='word_1_617' title='bbox 1483 4340 1615 4391; x_wconf 88' lang='lat' dir='ltr'>est:</span> <span class='ocrx_word' id='word_1_618' title='bbox 1665 4339 1849 4393; x_wconf 88' lang='lat' dir='ltr'>Omne</span> <span class='ocrx_word' id='word_1_619' title='bbox 1896 4341 2046 4409; x_wconf 90' lang='lat' dir='ltr'>quod</span> 
     </span>
    </p>
   </div>
   <div class='ocr_carea' id='block_1_70' title="bbox 473 4500 2052 4576">
    <p class='ocr_par' dir='ltr' id='par_1_70' title="bbox 473 4500 2052 4576">
     <span class='ocr_line' id='line_1_70' title="bbox 473 4500 2052 4576; baseline 0.006 -20"><span class='ocrx_word' id='word_1_620' title='bbox 473 4501 588 4572; x_wconf 89' lang='grc'>(18)</span> <span class='ocrx_word' id='word_1_621' title='bbox 620 4500 1246 4576; x_wconf 51' lang='grc' dir='ltr'>Βθνθτοᾈίοοοᾱοῃὶοοὶ</span> <span class='ocrx_word' id='word_1_622' title='bbox 1279 4504 1430 4575; x_wconf 90' lang='lat' dir='ltr'>apud</span> <span class='ocrx_word' id='word_1_623' title='bbox 1458 4505 1794 4576; x_wconf 86' lang='lat' dir='ltr'>Gregorium</span> <span class='ocrx_word' id='word_1_624' title='bbox 1810 4509 2052 4566; x_wconf 88' lang='lat' dir='ltr'>Nazian-</span> 
     </span>
    </p>
   </div>
   <div class='ocr_carea' id='block_1_71' title="bbox 404 4573 2054 4654">
    <p class='ocr_par' dir='ltr' id='par_1_71' title="bbox 404 4573 2054 4654">
     <span class='ocr_line' id='line_1_71' title="bbox 404 4573 2054 4654; baseline 0.005 -27"><span class='ocrx_word' id='word_1_625' title='bbox 404 4577 814 4654; x_wconf 60' lang='lat' dir='ltr'>zenum_orat_.</span> <span class='ocrx_word' id='word_1_626' title='bbox 847 4573 937 4654; x_wconf 68' lang='grc'>87,</span> <span class='ocrx_word' id='word_1_627' title='bbox 985 4573 1202 4654; x_wconf 64' lang='lat' dir='ltr'>p.596</span> <span class='ocrx_word' id='word_1_628' title='bbox 1251 4573 1340 4654; x_wconf 55' lang='lat' dir='ltr'>ed.</span> <span class='ocrx_word' id='word_1_629' title='bbox 1375 4575 1502 4630; x_wconf 90' lang='lat' dir='ltr'>Bill.</span> <span class='ocrx_word' id='word_1_630' title='bbox 1546 4573 1745 4654; x_wconf 79' lang='lat' dir='ltr'>(Clem.</span> <span class='ocrx_word' id='word_1_631' title='bbox 1788 4591 1929 4634; x_wconf 85' lang='lat' dir='ltr'>orat.</span> <span class='ocrx_word' id='word_1_632' title='bbox 1965 4583 2054 4654; x_wconf 87' lang='grc'>31)</span> 
     </span>
    </p>
   </div>
   <div class='ocr_carea' id='block_1_72' title="bbox 406 4643 2054 4717">
    <p class='ocr_par' dir='ltr' id='par_1_72' title="bbox 406 4643 2054 4717">
     <span class='ocr_line' id='line_1_72' title="bbox 406 4643 2054 4717; baseline 0.006 -19"><span class='ocrx_word' id='word_1_633' title='bbox 406 4647 676 4717; x_wconf 76' lang='lat' dir='ltr'>arguunt,</span> <span class='ocrx_word' id='word_1_634' title='bbox 709 4643 990 4717; x_wconf 87' lang='lat' dir='ltr'>Spiritum</span> <span class='ocrx_word' id='word_1_635' title='bbox 1029 4644 1077 4699; x_wconf 89' lang='lat' dir='ltr'>si</span> <span class='ocrx_word' id='word_1_636' title='bbox 1125 4646 1418 4716; x_wconf 83' lang='lat' dir='ltr'>ingenitus</span> <span class='ocrx_word' id='word_1_637' title='bbox 1450 4643 1564 4703; x_wconf 83' lang='lat' dir='ltr'>non</span> <span class='ocrx_word' id='word_1_638' title='bbox 1604 4651 1698 4717; x_wconf 87' lang='lat' dir='ltr'>sit,</span> <span class='ocrx_word' id='word_1_639' title='bbox 1731 4643 2054 4708; x_wconf 81' lang='lat' dir='ltr'>necessario</span> 
     </span>
    </p>
   </div>
   <div class='ocr_carea' id='block_1_73' title="bbox 405 4714 2053 4789">
    <p class='ocr_par' dir='ltr' id='par_1_73' title="bbox 405 4714 2053 4789">
     <span class='ocr_line' id='line_1_73' title="bbox 405 4714 2053 4789; baseline 0.006 -20"><span class='ocrx_word' id='word_1_640' title='bbox 405 4721 570 4789; x_wconf 80' lang='lat' dir='ltr'>au_ta</span> <span class='ocrx_word' id='word_1_641' title='bbox 599 4714 768 4771; x_wconf 86' lang='lat' dir='ltr'>Patre</span> <span class='ocrx_word' id='word_1_642' title='bbox 793 4715 1049 4788; x_wconf 89' lang='lat' dir='ltr'>genitum</span> <span class='ocrx_word' id='word_1_643' title='bbox 1075 4721 1132 4789; x_wconf 89' lang='lat' dir='ltr'>et</span> <span class='ocrx_word' id='word_1_644' title='bbox 1182 4714 1318 4789; x_wconf 67' lang='lat' dir='ltr'>tunc</span> <span class='ocrx_word' id='word_1_645' title='bbox 1354 4718 1589 4776; x_wconf 79' lang='lat' dir='ltr'>fratrem</span> <span class='ocrx_word' id='word_1_646' title='bbox 1625 4714 1742 4777; x_wconf 83' lang='lat' dir='ltr'>fore</span> <span class='ocrx_word' id='word_1_647' title='bbox 1775 4723 1922 4789; x_wconf 85' lang='lat' dir='ltr'>Filii,</span> <span class='ocrx_word' id='word_1_648' title='bbox 1956 4734 2053 4779; x_wconf 87' lang='lat' dir='ltr'>aut</span> 
     </span>
    </p>
   </div>
   <div class='ocr_carea' id='block_1_74' title="bbox 405 4787 2054 4866">
    <p class='ocr_par' dir='ltr' id='par_1_74' title="bbox 405 4787 2054 4866">
     <span class='ocr_line' id='line_1_74' title="bbox 405 4787 2054 4866; baseline 0.007 -26"><span class='ocrx_word' id='word_1_649' title='bbox 405 4802 438 4840; x_wconf 87' lang='lat' dir='ltr'>a</span> <span class='ocrx_word' id='word_1_650' title='bbox 467 4787 635 4866; x_wconf 60' lang='lat' dir='ltr'>Pilio,</span> <span class='ocrx_word' id='word_1_651' title='bbox 666 4792 724 4866; x_wconf 90' lang='lat' dir='ltr'>_et</span> <span class='ocrx_word' id='word_1_652' title='bbox 753 4787 887 4844; x_wconf 88' lang='lat' dir='ltr'>tunc</span> <span class='ocrx_word' id='word_1_653' title='bbox 918 4804 1046 4866; x_wconf 81' lang='lat' dir='ltr'>esse</span> <span class='ocrx_word' id='word_1_654' title='bbox 1076 4787 1269 4842; x_wconf 75' lang='grc' dir='ltr'>υἱωνὸν</span> <span class='ocrx_word' id='word_1_655' title='bbox 1305 4789 1705 4866; x_wconf 85' lang='lat' dir='ltr'>Patris._Q_uod</span> <span class='ocrx_word' id='word_1_656' title='bbox 1745 4787 2054 4866; x_wconf 89' lang='lat' dir='ltr'>Gregorius</span> 
     </span>
    </p>
   </div>
   <div class='ocr_carea' id='block_1_75' title="bbox 406 4857 2051 4952">
    <p class='ocr_par' dir='ltr' id='par_1_75' title="bbox 406 4857 2051 4952">
     <span class='ocr_line' id='line_1_75' title="bbox 406 4857 2051 4952; baseline 0.005 -42"><span class='ocrx_word' id='word_1_657' title='bbox 406 4857 618 4946; x_wconf 60' lang='lat' dir='ltr'>refellit</span> <span class='ocrx_word' id='word_1_658' title='bbox 649 4859 875 4952; x_wconf 36' lang='lat' dir='ltr'>d‘ocgns.</span> <span class='ocrx_word' id='word_1_659' title='bbox 890 4861 1142 4952; x_wconf 75' lang='lat' dir='ltr'>medium</span> <span class='ocrx_word' id='word_1_660' title='bbox 1176 4877 1305 4952; x_wconf 58' lang='lat' dir='ltr'>esse</span> <span class='ocrx_word' id='word_1_661' title='bbox 1337 4863 1484 4952; x_wconf 34' lang='lat' dir='ltr'>ilnte‘r</span> <span class='ocrx_word' id='word_1_662' title='bbox 1515 4862 1798 4952; x_wconf 41' lang='lat' dir='ltr'>extv’ymv</span> <span class='ocrx_word' id='word_1_663' title='bbox 1841 4857 1903 4952; x_wconf 55' lang='lat' dir='ltr'>et</span> <span class='ocrx_word' id='word_1_664' title='bbox 1928 4886 2051 4940; x_wconf 79' lang='grc' dir='ltr'>γενο</span> 
     </span>
    </p>
   </div>
   <div class='ocr_carea' id='block_1_76' title="bbox 411 4927 2054 5010">
    <p class='ocr_par' dir='ltr' id='par_1_76' title="bbox 411 4927 2054 5010">
     <span class='ocr_line' id='line_1_76' title="bbox 411 4927 2054 5010; baseline 0.01 -31"><span class='ocrx_word' id='word_1_665' title='bbox 411 4927 598 4997; x_wconf 77' lang='grc' dir='ltr'>νητὸν,</span> <span class='ocrx_word' id='word_1_666' title='bbox 642 4934 707 5010; x_wconf 78' lang='lat' dir='ltr'>ut</span> <span class='ocrx_word' id='word_1_667' title='bbox 756 4931 1063 5010; x_wconf 65' lang='lat' dir='ltr'>Scriptura:</span> <span class='ocrx_word' id='word_1_668' title='bbox 1100 4933 1494 5010; x_wconf 75' lang='lat' dir='ltr'>manifestant,</span> <span class='ocrx_word' id='word_1_669' title='bbox 1526 4927 1588 4988; x_wconf 74' lang='grc' dir='ltr'>τὸ</span> <span class='ocrx_word' id='word_1_670' title='bbox 1619 4927 1966 5010; x_wconf 53' lang='lat' dir='ltr'>satrapea-rbi},</span> <span class='ocrx_word' id='word_1_671' title='bbox 1999 4947 2054 4994; x_wconf 87' lang='lat' dir='ltr'>et</span> 
     </span>
    </p>
   </div>
   <div class='ocr_carea' id='block_1_77' title="bbox 1687 5009 2049 5079">
    <p class='ocr_par' dir='ltr' id='par_1_77' title="bbox 1687 5009 2049 5079">
     <span class='ocr_line' id='line_1_77' title="bbox 1687 5009 2049 5079; baseline 0.006 -15"><span class='ocrx_word' id='word_1_672' title='bbox 1687 5009 1793 5079; x_wconf 81' lang='lat' dir='ltr'>(Cf.</span> <span class='ocrx_word' id='word_1_673' title='bbox 1841 5011 1935 5066; x_wconf 88' lang='lat' dir='ltr'>Gr.</span> <span class='ocrx_word' id='word_1_674' title='bbox 1989 5011 2049 5066; x_wconf 91' lang='lat'>0.</span> 
     </span>
    </p>
   </div>
   <div class='ocr_carea' id='block_1_78' title="bbox 1681 5079 2048 5150">
    <p class='ocr_par' dir='ltr' id='par_1_78' title="bbox 1681 5079 2048 5150">
     <span class='ocr_line' id='line_1_78' title="bbox 1681 5079 2048 5150; baseline -0.003 -17"><span class='ocrx_word' id='word_1_675' title='bbox 1681 5096 1693 5133; x_wconf 85' lang='lat'><strong>:</strong></span> <span class='ocrx_word' id='word_1_676' title='bbox 1754 5079 1849 5134; x_wconf 75' lang='grc' dir='ltr'>Διὰ</span> <span class='ocrx_word' id='word_1_677' title='bbox 1885 5079 1937 5132; x_wconf 76' lang='grc' dir='ltr'>τί</span> <span class='ocrx_word' id='word_1_678' title='bbox 1971 5082 2048 5150; x_wconf 76' lang='grc' dir='ltr'>μὴ</span> 
     </span>
    </p>
   </div>
   <div class='ocr_carea' id='block_1_79' title="bbox 408 5141 2048 5215">
    <p class='ocr_par' dir='ltr' id='par_1_79' title="bbox 408 5141 2048 5215">
     <span class='ocr_line' id='line_1_79' title="bbox 408 5141 2048 5215; baseline 0.009 -22"><span class='ocrx_word' id='word_1_679' title='bbox 408 5141 472 5215; x_wconf 64' lang='grc' dir='ltr'>το</span> <span class='ocrx_word' id='word_1_680' title='bbox 519 5145 749 5215; x_wconf 61' lang='grc' dir='ltr'>ΔΠνεῦμα</span> <span class='ocrx_word' id='word_1_681' title='bbox 793 5141 856 5215; x_wconf 69' lang='grc' dir='ltr'>τὸ</span> <span class='ocrx_word' id='word_1_682' title='bbox 911 5142 1064 5214; x_wconf 74' lang='grc' dir='ltr'>ἅγιον</span> <span class='ocrx_word' id='word_1_683' title='bbox 1116 5145 1243 5215; x_wconf 60' lang='grc' dir='ltr'>ΔΥἱὸς</span> <span class='ocrx_word' id='word_1_684' title='bbox 1299 5151 1395 5200; x_wconf 77' lang='grc' dir='ltr'>τοῦ</span> <span class='ocrx_word' id='word_1_685' title='bbox 1436 5147 1596 5215; x_wconf 61' lang='grc' dir='ltr'>Νοῦς</span> <span class='ocrx_word' id='word_1_686' title='bbox 1657 5150 1735 5206; x_wconf 80' lang='lat' dir='ltr'>ita</span> <span class='ocrx_word' id='word_1_687' title='bbox 1765 5141 2048 5209; x_wconf 49' lang='lat' dir='ltr'>occurrit;</span> 
     </span>
    </p>
   </div>
   <div class='ocr_carea' id='block_1_80' title="bbox 405 5210 2051 5293">
    <p class='ocr_par' dir='ltr' id='par_1_80' title="bbox 405 5210 2051 5293">
     <span class='ocr_line' id='line_1_80' title="bbox 405 5210 2051 5293; baseline 0.005 -23"><span class='ocrx_word' id='word_1_688' title='bbox 405 5213 481 5270; x_wconf 68' lang='grc' dir='ltr'>Οὐ</span> <span class='ocrx_word' id='word_1_689' title='bbox 515 5210 603 5267; x_wconf 80' lang='grc' dir='ltr'>διὰ</span> <span class='ocrx_word' id='word_1_690' title='bbox 657 5210 720 5268; x_wconf 80' lang='grc' dir='ltr'>τὸ</span> <span class='ocrx_word' id='word_1_691' title='bbox 758 5214 862 5293; x_wconf 42' lang='grc' dir='ltr'>.μή</span> <span class='ocrx_word' id='word_1_692' title='bbox 920 5210 1058 5293; x_wconf 52' lang='grc' dir='ltr'>εἶναι</span> <span class='ocrx_word' id='word_1_693' title='bbox 1109 5213 1168 5269; x_wconf 82' lang='grc' dir='ltr'>ἐκ</span> <span class='ocrx_word' id='word_1_694' title='bbox 1207 5210 1597 5293; x_wconf 24' lang='grc' dir='ltr'>ΘεοῦλᾷείΥξοῧ</span> <span class='ocrx_word' id='word_1_695' title='bbox 1627 5223 1821 5293; x_wconf 83' lang='lat' dir='ltr'>(verba</span> <span class='ocrx_word' id='word_1_696' title='bbox 1852 5227 1907 5278; x_wconf 83' lang='lat' dir='ltr'>in</span> <span class='ocrx_word' id='word_1_697' title='bbox 1943 5223 2051 5279; x_wconf 81' lang='lat' dir='ltr'>hoc</span> 
     </span>
    </p>
   </div>
   <div class='ocr_carea' id='block_1_81' title="bbox 403 5287 2046 5367">
    <p class='ocr_par' dir='ltr' id='par_1_81' title="bbox 403 5287 2046 5367">
     <span class='ocr_line' id='line_1_81' title="bbox 403 5287 2046 5367; baseline 0.003 -25"><span class='ocrx_word' id='word_1_698' title='bbox 403 5287 886 5367; x_wconf 50' lang='lat' dir='ltr'>contextunplane</span> <span class='ocrx_word' id='word_1_699' title='bbox 937 5291 1296 5367; x_wconf 50' lang='lat' dir='ltr'>decretoriis),</span> <span class='ocrx_word' id='word_1_700' title='bbox 1338 5287 1759 5367; x_wconf 21' lang='grc' dir='ltr'>ςῑιλλξλτίνσιςμιήΔ</span> <span class='ocrx_word' id='word_1_701' title='bbox 1807 5297 2046 5367; x_wconf 67' lang='grc' dir='ltr'>νομισθῇ</span> 
     </span>
    </p>
   </div>
   <div class='ocr_carea' id='block_1_82' title="bbox 401 5351 2042 5434">
    <p class='ocr_par' dir='ltr' id='par_1_82' title="bbox 401 5351 2042 5434">
     <span class='ocr_line' id='line_1_82' title="bbox 401 5351 2042 5434; baseline 0.004 -22"><span class='ocrx_word' id='word_1_702' title='bbox 401 5355 613 5434; x_wconf 54' lang='grc' dir='ltr'>πλῆθος</span> <span class='ocrx_word' id='word_1_703' title='bbox 674 5351 892 5434; x_wconf 53' lang='lat' dir='ltr'>cii-tremor</span> <span class='ocrx_word' id='word_1_704' title='bbox 949 5359 1186 5434; x_wconf 75' lang='grc' dir='ltr'>τριὰς</span> <span class='ocrx_word' id='word_1_705' title='bbox 1235 5351 1397 5434; x_wconf 57' lang='grc' dir='ltr'>Ῡῗοὺς</span> <span class='ocrx_word' id='word_1_706' title='bbox 1451 5361 1501 5432; x_wconf 77' lang='grc' dir='ltr'>ἐξ</span> <span class='ocrx_word' id='word_1_707' title='bbox 1561 5351 1806 5428; x_wconf 61' lang='lat' dir='ltr'>fit};qu</span> <span class='ocrx_word' id='word_1_708' title='bbox 1859 5351 1946 5418; x_wconf 64' lang='grc' dir='ltr'>δέαὶ</span> <span class='ocrx_word' id='word_1_709' title='bbox 1993 5351 2042 5420; x_wconf 65' lang='lat' dir='ltr'>t5</span> 
     </span>
    </p>
   </div>
   <div class='ocr_carea' id='block_1_83' title="bbox 399 5423 2045 5504">
    <p class='ocr_par' dir='ltr' id='par_1_83' title="bbox 399 5423 2045 5504">
     <span class='ocr_line' id='line_1_83' title="bbox 399 5423 2045 5504; baseline 0.008 -23"><span class='ocrx_word' id='word_1_710' title='bbox 399 5423 725 5504; x_wconf 57' lang='grc' dir='ltr'>ἀνθρώποις</span> <span class='ocrx_word' id='word_1_711' title='bbox 769 5423 914 5504; x_wconf 54' lang='grc' dir='ltr'>ἔχειν</span> <span class='ocrx_word' id='word_1_712' title='bbox 974 5423 1376 5486; x_wconf 67' lang='grc' dir='ltr'>ὗπὸπτευθεῖσα</span> <span class='ocrx_word' id='word_1_713' title='bbox 1411 5475 1424 5488; x_wconf 94' lang='grc'><strong>.</strong></span> <span class='ocrx_word' id='word_1_714' title='bbox 1485 5423 1569 5490; x_wconf 63' lang='grc' dir='ltr'>λά</span> <span class='ocrx_word' id='word_1_715' title='bbox 1639 5423 1804 5493; x_wconf 39' lang='grc' dir='ltr'>1111ηο-</span> <span class='ocrx_word' id='word_1_716' title='bbox 1851 5438 2045 5494; x_wconf 81' lang='lat' dir='ltr'>Basilii</span> 
     </span>
    </p>
   </div>
   <div class='ocr_carea' id='block_1_84' title="bbox 404 5503 2042 5578">
    <p class='ocr_par' dir='ltr' id='par_1_84' title="bbox 404 5503 2042 5578">
     <span class='ocr_line' id='line_1_84' title="bbox 404 5503 2042 5578; baseline 0.005 -22"><span class='ocrx_word' id='word_1_717' title='bbox 404 5503 631 5558; x_wconf 84' lang='lat' dir='ltr'>textum</span> <span class='ocrx_word' id='word_1_718' title='bbox 658 5503 1044 5578; x_wconf 67' lang='lat' dir='ltr'>cf._Beccum,</span> <span class='ocrx_word' id='word_1_719' title='bbox 1099 5507 1168 5578; x_wconf 75' lang='lat' dir='ltr'>De</span> <span class='ocrx_word' id='word_1_720' title='bbox 1198 5521 1364 5578; x_wconf 4' lang='lat' dir='ltr'>(prae.</span> <span class='ocrx_word' id='word_1_721' title='bbox 1409 5505 1648 5574; x_wconf 74' lang='lat' dir='ltr'>Spiritus</span> <span class='ocrx_word' id='word_1_722' title='bbox 1695 5511 1874 5565; x_wconf 81' lang='lat' dir='ltr'>sancti</span> <span class='ocrx_word' id='word_1_723' title='bbox 1905 5527 1953 5567; x_wconf 92' lang='lat' dir='ltr'>c.</span> <span class='ocrx_word' id='word_1_724' title='bbox 1995 5515 2042 5578; x_wconf 91' lang='grc'>1,</span> 
     </span>
    </p>
   </div>
   <div class='ocr_carea' id='block_1_85' title="bbox 401 5574 2036 5646">
    <p class='ocr_par' dir='ltr' id='par_1_85' title="bbox 401 5574 2036 5646">
     <span class='ocr_line' id='line_1_85' title="bbox 401 5574 2036 5646; baseline 0.007 -20"><span class='ocrx_word' id='word_1_725' title='bbox 401 5590 458 5646; x_wconf 69' lang='grc' dir='ltr'><strong><em>ῃ.</em></strong></span> <span class='ocrx_word' id='word_1_726' title='bbox 496 5578 550 5630; x_wconf 89' lang='grc'>11</span> <span class='ocrx_word' id='word_1_727' title='bbox 588 5591 600 5641; x_wconf 93' lang='grc'><strong>;</strong></span> <span class='ocrx_word' id='word_1_728' title='bbox 658 5574 848 5645; x_wconf 87' lang='lat' dir='ltr'>Epigr.</span> <span class='ocrx_word' id='word_1_729' title='bbox 894 5592 931 5628; x_wconf 78' lang='grc' dir='ltr'>ι.</span> <span class='ocrx_word' id='word_1_730' title='bbox 983 5576 1046 5630; x_wconf 88' lang='lat' dir='ltr'>G.</span> <span class='ocrx_word' id='word_1_731' title='bbox 1082 5576 1138 5631; x_wconf 91' lang='lat'>0.</span> <span class='ocrx_word' id='word_1_732' title='bbox 1196 5577 1240 5642; x_wconf 82' lang='grc' dir='ltr'>Ι,</span> <span class='ocrx_word' id='word_1_733' title='bbox 1271 5577 1413 5640; x_wconf 80' lang='grc'>243;</span> <span class='ocrx_word' id='word_1_734' title='bbox 1469 5578 1536 5645; x_wconf 88' lang='grc' dir='ltr'>ΙΙ,</span> <span class='ocrx_word' id='word_1_735' title='bbox 1578 5580 1716 5646; x_wconf 88' lang='grc'><strong>533;</strong></span> <span class='ocrx_word' id='word_1_736' title='bbox 1750 5574 2036 5638; x_wconf 69' lang='lat' dir='ltr'>Constant.</span> 
     </span>
    </p>
   </div>
   <div class='ocr_carea' id='block_1_86' title="bbox 402 5645 2041 5722">
    <p class='ocr_par' dir='ltr' id='par_1_86' title="bbox 402 5645 2041 5722">
     <span class='ocr_line' id='line_1_86' title="bbox 402 5645 2041 5722; baseline 0.005 -22"><span class='ocrx_word' id='word_1_737' title='bbox 402 5645 855 5722; x_wconf 58' lang='lat' dir='ltr'>Meliten._orat.</span> <span class='ocrx_word' id='word_1_738' title='bbox 922 5651 1080 5722; x_wconf 31' lang='lat' dir='ltr'>the.</span> <span class='ocrx_word' id='word_1_739' title='bbox 1134 5646 1334 5722; x_wconf 13' lang='lat' dir='ltr'>713(G.</span> <span class='ocrx_word' id='word_1_740' title='bbox 1392 5647 1453 5722; x_wconf 93' lang='lat'>0._</span> <span class='ocrx_word' id='word_1_741' title='bbox 1505 5649 1572 5722; x_wconf 65' lang='lat' dir='ltr'>II,</span> <span class='ocrx_word' id='word_1_742' title='bbox 1622 5651 1784 5722; x_wconf 70' lang='lat'>665);</span> <span class='ocrx_word' id='word_1_743' title='bbox 1841 5657 2041 5722; x_wconf 86' lang='lat' dir='ltr'>Georg.</span> 
     </span>
    </p>
   </div>
   <div class='ocr_carea' id='block_1_87' title="bbox 400 5669 2041 5793">
    <p class='ocr_par' dir='ltr' id='par_1_87' title="bbox 400 5669 2041 5793">
     <span class='ocr_line' id='line_1_87' title="bbox 402 5669 2041 5722; baseline 0.005 -22"><span class='ocrx_word' id='word_1_744' title='bbox 402 5669 657 5701; x_wconf 76' lang='lat' dir='ltr'>mettum.</span> <span class='ocrx_word' id='word_1_745' title='bbox 710 5669 855 5702; x_wconf 83' lang='lat' dir='ltr'>orat.</span> <span class='ocrx_word' id='word_1_746' title='bbox 922 5669 970 5713; x_wconf 82' lang='lat'>1,</span> <span class='ocrx_word' id='word_1_747' title='bbox 1031 5669 1080 5702; x_wconf 72' lang='grc' dir='ltr'>ο.</span> <span class='ocrx_word' id='word_1_748' title='bbox 1146 5669 1209 5701; x_wconf 76' lang='grc' dir='ltr'>ιο</span> <span class='ocrx_word' id='word_1_749' title='bbox 1249 5669 1334 5716; x_wconf 68' lang='lat' dir='ltr'>tu.</span> <span class='ocrx_word' id='word_1_750' title='bbox 1392 5669 1450 5702; x_wconf 89' lang='lat' dir='ltr'>U.</span> <span class='ocrx_word' id='word_1_751' title='bbox 1505 5669 1572 5713; x_wconf 81' lang='grc' dir='ltr'>ιι,</span> <span class='ocrx_word' id='word_1_752' title='bbox 1624 5669 1784 5722; x_wconf 79' lang='grc' dir='ltr'>Οοῡ);</span> <span class='ocrx_word' id='word_1_753' title='bbox 1841 5669 1982 5709; x_wconf 79' lang='lat' dir='ltr'>ueor</span> <span class='ocrx_word' id='word_1_754' title='bbox 2029 5694 2041 5709; x_wconf 94' lang='lat'>.</span> 
     </span>
     <span class='ocr_line' id='line_1_88' title="bbox 400 5669 2041 5793; baseline 0.005 -21"><span class='ocrx_word' id='word_1_755' title='bbox 400 5717 634 5791; x_wconf 87' lang='lat' dir='ltr'>Trapez.</span> <span class='ocrx_word' id='word_1_756' title='bbox 670 5718 740 5774; x_wconf 79' lang='lat' dir='ltr'>De</span> <span class='ocrx_word' id='word_1_757' title='bbox 781 5735 926 5792; x_wconf 88' lang='lat' dir='ltr'>proc.</span> <span class='ocrx_word' id='word_1_758' title='bbox 988 5719 1228 5793; x_wconf 78' lang='lat' dir='ltr'>Spiritus</span> <span class='ocrx_word' id='word_1_759' title='bbox 1273 5718 1454 5775; x_wconf 77' lang='lat' dir='ltr'>sancti</span> <span class='ocrx_word' id='word_1_760' title='bbox 1490 5721 1562 5778; x_wconf 88' lang='lat' dir='ltr'>ad</span> <span class='ocrx_word' id='word_1_761' title='bbox 1609 5721 1775 5780; x_wconf 85' lang='lat' dir='ltr'>Joan.</span> <span class='ocrx_word' id='word_1_762' title='bbox 1807 5669 2041 5782; x_wconf 55' lang='lat' dir='ltr'>Cuborﬁ.</span> 
     </span>
    </p>
   </div>
   <div class='ocr_carea' id='block_1_88' title="bbox 409 5000 1625 5076">
    <p class='ocr_par' dir='ltr' id='par_1_88' title="bbox 409 5000 1625 5076">
     <span class='ocr_line' id='line_1_89' title="bbox 409 5000 1625 5076; baseline 0.007 -22"><span class='ocrx_word' id='word_1_763' title='bbox 409 5000 836 5076; x_wconf 71' lang='lat' dir='ltr'>processippem</span> <span class='ocrx_word' id='word_1_764' title='bbox 858 5000 1110 5076; x_wconf 65' lang='lat' dir='ltr'>jlifferrc</span> <span class='ocrx_word' id='word_1_765' title='bbox 1158 5021 1189 5058; x_wconf 91' lang='lat' dir='ltr'>a</span> <span class='ocrx_word' id='word_1_766' title='bbox 1239 5000 1625 5076; x_wconf 86' lang='lat' dir='ltr'>generatione.</span> 
     </span>
    </p>
   </div>
   <div class='ocr_carea' id='block_1_89' title="bbox 411 5072 1628 5144">
    <p class='ocr_par' dir='ltr' id='par_1_89' title="bbox 411 5072 1628 5144">
     <span class='ocr_line' id='line_1_90' title="bbox 411 5072 1628 5144; baseline 0.007 -20"><span class='ocrx_word' id='word_1_767' title='bbox 411 5072 480 5144; x_wconf 80' lang='lat' dir='ltr'>tl,</span> <span class='ocrx_word' id='word_1_768' title='bbox 521 5072 810 5144; x_wconf 86' lang='lat'>365-367.)</span> <span class='ocrx_word' id='word_1_769' title='bbox 857 5073 1104 5144; x_wconf 81' lang='lat' dir='ltr'>Basilius</span> <span class='ocrx_word' id='word_1_770' title='bbox 1162 5072 1512 5133; x_wconf 80' lang='lat' dir='ltr'>dubitationi</span> <span class='ocrx_word' id='word_1_771' title='bbox 1545 5079 1628 5134; x_wconf 91' lang='lat' dir='ltr'>illi</span> 
     </span>
    </p>
   </div>
   <div class='ocr_carea' id='block_1_90' title="bbox 2159 3357 3816 3430">
    <p class='ocr_par' dir='ltr' id='par_1_90' title="bbox 2159 3357 3816 3430">
     <span class='ocr_line' id='line_1_91' title="bbox 2159 3357 3816 3430; baseline -0.002 -14"><span class='ocrx_word' id='word_1_772' title='bbox 2159 3375 2208 3416; x_wconf 90' lang='lat' dir='ltr'>c.</span> <span class='ocrx_word' id='word_1_773' title='bbox 2240 3359 2293 3426; x_wconf 93' lang='lat'>3,</span> <span class='ocrx_word' id='word_1_774' title='bbox 2329 3375 2384 3430; x_wconf 87' lang='lat' dir='ltr'>p.</span> <span class='ocrx_word' id='word_1_775' title='bbox 2415 3358 2592 3430; x_wconf 87' lang='lat'>288)?</span> <span class='ocrx_word' id='word_1_776' title='bbox 2625 3379 2652 3406; x_wconf 87' lang='grc'><em>‹‹</em></span> <span class='ocrx_word' id='word_1_777' title='bbox 2683 3357 2779 3413; x_wconf 90' lang='lat' dir='ltr'>Sic</span> <span class='ocrx_word' id='word_1_778' title='bbox 2809 3357 3060 3413; x_wconf 88' lang='lat' dir='ltr'>evidenti</span> <span class='ocrx_word' id='word_1_779' title='bbox 3093 3359 3314 3413; x_wconf 88' lang='lat' dir='ltr'>ratione</span> <span class='ocrx_word' id='word_1_780' title='bbox 3345 3362 3706 3414; x_wconf 87' lang='lat' dir='ltr'>monstratur</span> <span class='ocrx_word' id='word_1_781' title='bbox 3737 3358 3816 3413; x_wconf 85' lang='lat' dir='ltr'>ab</span> 
     </span>
    </p>
   </div>
   <div class='ocr_carea' id='block_1_91' title="bbox 2159 3447 3818 3521">
    <p class='ocr_par' dir='ltr' id='par_1_91' title="bbox 2159 3447 3818 3521">
     <span class='ocr_line' id='line_1_92' title="bbox 2159 3447 3818 3521; baseline -0.001 -16"><span class='ocrx_word' id='word_1_782' title='bbox 2159 3454 2403 3520; x_wconf 90' lang='lat' dir='ltr'>utroque</span> <span class='ocrx_word' id='word_1_783' title='bbox 2435 3449 2738 3521; x_wconf 89' lang='lat' dir='ltr'>procedere</span> <span class='ocrx_word' id='word_1_784' title='bbox 2767 3447 3016 3520; x_wconf 83' lang='lat' dir='ltr'>Spiritus</span> <span class='ocrx_word' id='word_1_785' title='bbox 3047 3451 3301 3516; x_wconf 82' lang='lat' dir='ltr'>sanctus,</span> <span class='ocrx_word' id='word_1_786' title='bbox 3334 3447 3474 3502; x_wconf 89' lang='lat' dir='ltr'>dum</span> <span class='ocrx_word' id='word_1_787' title='bbox 3507 3447 3818 3504; x_wconf 85' lang='lat' dir='ltr'>manifeste</span> 
     </span>
    </p>
   </div>
   <div class='ocr_carea' id='block_1_92' title="bbox 2161 3537 3820 3608">
    <p class='ocr_par' dir='ltr' id='par_1_92' title="bbox 2161 3537 3820 3608">
     <span class='ocr_line' id='line_1_93' title="bbox 2161 3537 3820 3608; baseline -0.001 -14"><span class='ocrx_word' id='word_1_788' title='bbox 2161 3541 2398 3594; x_wconf 89' lang='lat' dir='ltr'>docetur</span> <span class='ocrx_word' id='word_1_789' title='bbox 2426 3554 2537 3592; x_wconf 81' lang='lat' dir='ltr'>non</span> <span class='ocrx_word' id='word_1_790' title='bbox 2584 3554 2718 3592; x_wconf 89' lang='lat' dir='ltr'>eum</span> <span class='ocrx_word' id='word_1_791' title='bbox 2751 3554 2782 3591; x_wconf 92' lang='lat' dir='ltr'>a</span> <span class='ocrx_word' id='word_1_792' title='bbox 2822 3537 2931 3592; x_wconf 87' lang='lat' dir='ltr'>solo</span> <span class='ocrx_word' id='word_1_793' title='bbox 2994 3543 3159 3592; x_wconf 78' lang='lat' dir='ltr'>Patre</span> <span class='ocrx_word' id='word_1_794' title='bbox 3191 3537 3521 3608; x_wconf 86' lang='lat' dir='ltr'>procedere,</span> <span class='ocrx_word' id='word_1_795' title='bbox 3556 3553 3628 3591; x_wconf 88' lang='lat' dir='ltr'>ne</span> <span class='ocrx_word' id='word_1_796' title='bbox 3658 3537 3820 3607; x_wconf 81' lang='lat' dir='ltr'>ﬁlius</span> 
     </span>
    </p>
   </div>
   <div class='ocr_carea' id='block_1_93' title="bbox 2159 3625 3819 3695">
    <p class='ocr_par' dir='ltr' id='par_1_93' title="bbox 2159 3625 3819 3695">
     <span class='ocr_line' id='line_1_94' title="bbox 2159 3625 3819 3695; baseline -0.001 -12"><span class='ocrx_word' id='word_1_797' title='bbox 2159 3644 2284 3684; x_wconf 81' lang='lat' dir='ltr'>esse</span> <span class='ocrx_word' id='word_1_798' title='bbox 2316 3628 2500 3683; x_wconf 86' lang='lat' dir='ltr'>Patris</span> <span class='ocrx_word' id='word_1_799' title='bbox 2541 3628 2784 3693; x_wconf 89' lang='lat' dir='ltr'>dicatur,</span> <span class='ocrx_word' id='word_1_800' title='bbox 2819 3627 2916 3681; x_wconf 88' lang='lat' dir='ltr'>sed</span> <span class='ocrx_word' id='word_1_801' title='bbox 2955 3642 3055 3681; x_wconf 81' lang='lat' dir='ltr'>nec</span> <span class='ocrx_word' id='word_1_802' title='bbox 3099 3643 3131 3681; x_wconf 89' lang='lat' dir='ltr'>a</span> <span class='ocrx_word' id='word_1_803' title='bbox 3169 3627 3282 3681; x_wconf 84' lang='lat' dir='ltr'>solo</span> <span class='ocrx_word' id='word_1_804' title='bbox 3331 3625 3492 3695; x_wconf 80' lang='lat' dir='ltr'>Filio,</span> <span class='ocrx_word' id='word_1_805' title='bbox 3528 3643 3599 3682; x_wconf 87' lang='lat' dir='ltr'>ne</span> <span class='ocrx_word' id='word_1_806' title='bbox 3629 3626 3819 3682; x_wconf 88' lang='lat' dir='ltr'>Filius</span> 
     </span>
    </p>
   </div>
   <div class='ocr_carea' id='block_1_94' title="bbox 2159 3715 3821 3790">
    <p class='ocr_par' dir='ltr' id='par_1_94' title="bbox 2159 3715 3821 3790">
     <span class='ocr_line' id='line_1_95' title="bbox 2159 3715 3821 3790; baseline -0.002 -17"><span class='ocrx_word' id='word_1_807' title='bbox 2159 3723 2318 3790; x_wconf 83' lang='lat' dir='ltr'>pater</span> <span class='ocrx_word' id='word_1_808' title='bbox 2349 3732 2478 3772; x_wconf 83' lang='lat' dir='ltr'>esse</span> <span class='ocrx_word' id='word_1_809' title='bbox 2510 3715 2967 3786; x_wconf 86' lang='lat' dir='ltr'>blasphemetur,</span> <span class='ocrx_word' id='word_1_810' title='bbox 3011 3716 3104 3770; x_wconf 86' lang='lat' dir='ltr'>sed</span> <span class='ocrx_word' id='word_1_811' title='bbox 3139 3715 3356 3769; x_wconf 90' lang='lat' dir='ltr'>dicitur</span> <span class='ocrx_word' id='word_1_812' title='bbox 3393 3715 3649 3787; x_wconf 89' lang='lat' dir='ltr'>Spiritus</span> <span class='ocrx_word' id='word_1_813' title='bbox 3680 3732 3821 3770; x_wconf 58' lang='lat' dir='ltr'>sane</span> 
     </span>
    </p>
   </div>
   <div class='ocr_carea' id='block_1_95' title="bbox 2163 3803 3824 3877">
    <p class='ocr_par' dir='ltr' id='par_1_95' title="bbox 2163 3803 3824 3877">
     <span class='ocr_line' id='line_1_96' title="bbox 2163 3803 3824 3877; baseline -0.002 -15"><span class='ocrx_word' id='word_1_814' title='bbox 2163 3812 2291 3862; x_wconf 89' lang='lat' dir='ltr'>ctus</span> <span class='ocrx_word' id='word_1_815' title='bbox 2321 3810 2372 3863; x_wconf 83' lang='lat' dir='ltr'>et</span> <span class='ocrx_word' id='word_1_816' title='bbox 2389 3806 2680 3877; x_wconf 75' lang='lat' dir='ltr'>procedens</span> <span class='ocrx_word' id='word_1_817' title='bbox 2700 3804 2836 3860; x_wconf 80' lang='lat' dir='ltr'>etde</span> <span class='ocrx_word' id='word_1_818' title='bbox 2854 3812 3080 3875; x_wconf 82' lang='lat' dir='ltr'>utroque</span> <span class='ocrx_word' id='word_1_819' title='bbox 3106 3803 3417 3874; x_wconf 78' lang='lat' dir='ltr'>procedens.</span> <span class='ocrx_word' id='word_1_820' title='bbox 3441 3825 3469 3854; x_wconf 87' lang='lat'><strong>»</strong></span> <span class='ocrx_word' id='word_1_821' title='bbox 3488 3805 3594 3871; x_wconf 81' lang='lat' dir='ltr'>(Cf.</span> <span class='ocrx_word' id='word_1_822' title='bbox 3622 3807 3824 3859; x_wconf 79' lang='lat' dir='ltr'>Petav.</span> 
     </span>
    </p>
   </div>
   <div class='ocr_carea' id='block_1_96' title="bbox 2162 3893 3822 3965">
    <p class='ocr_par' dir='ltr' id='par_1_96' title="bbox 2162 3893 3822 3965">
     <span class='ocr_line' id='line_1_97' title="bbox 2162 3893 3822 3965; baseline -0.003 -13"><span class='ocrx_word' id='word_1_823' title='bbox 2162 3897 2227 3952; x_wconf 81' lang='lat' dir='ltr'>de</span> <span class='ocrx_word' id='word_1_824' title='bbox 2250 3897 2396 3952; x_wconf 79' lang='lat' dir='ltr'>Trin.</span> <span class='ocrx_word' id='word_1_825' title='bbox 2431 3913 2527 3961; x_wconf 85' lang='lat' dir='ltr'>VII,</span> <span class='ocrx_word' id='word_1_826' title='bbox 2564 3896 2650 3956; x_wconf 87' lang='grc'>16.</span> <span class='ocrx_word' id='word_1_827' title='bbox 2685 3894 2759 3965; x_wconf 90' lang='grc'>3).</span> <span class='ocrx_word' id='word_1_828' title='bbox 2795 3893 2939 3948; x_wconf 87' lang='lat' dir='ltr'>Cum</span> <span class='ocrx_word' id='word_1_829' title='bbox 2977 3893 3068 3948; x_wconf 91' lang='lat' dir='ltr'>his</span> <span class='ocrx_word' id='word_1_830' title='bbox 3120 3909 3186 3947; x_wconf 87' lang='lat' dir='ltr'>ea</span> <span class='ocrx_word' id='word_1_831' title='bbox 3217 3894 3615 3949; x_wconf 88' lang='lat' dir='ltr'>connectenda</span> <span class='ocrx_word' id='word_1_832' title='bbox 3651 3899 3822 3958; x_wconf 87' lang='lat' dir='ltr'>sunt,</span> 
     </span>
    </p>
   </div>
   <div class='ocr_carea' id='block_1_97' title="bbox 2164 3981 3829 4057">
    <p class='ocr_par' dir='ltr' id='par_1_97' title="bbox 2164 3981 3829 4057">
     <span class='ocr_line' id='line_1_98' title="bbox 2164 3981 3829 4057; baseline -0.001 -17"><span class='ocrx_word' id='word_1_833' title='bbox 2164 4002 2290 4057; x_wconf 68' lang='lat' dir='ltr'>quae</span> <span class='ocrx_word' id='word_1_834' title='bbox 2323 4002 2498 4054; x_wconf 87' lang='lat' dir='ltr'>supra</span> <span class='ocrx_word' id='word_1_835' title='bbox 2532 3984 2662 4055; x_wconf 89' lang='lat' dir='ltr'>(art.</span> <span class='ocrx_word' id='word_1_836' title='bbox 2699 3983 2938 4054; x_wconf 71' lang='lat' dir='ltr'>praeced.</span> <span class='ocrx_word' id='word_1_837' title='bbox 2981 3982 3098 4048; x_wconf 77' lang='lat'>§17</span> <span class='ocrx_word' id='word_1_838' title='bbox 3130 3984 3277 4052; x_wconf 89' lang='lat' dir='ltr'>seq.)</span> <span class='ocrx_word' id='word_1_839' title='bbox 3301 3981 3370 4037; x_wconf 89' lang='lat' dir='ltr'>de</span> <span class='ocrx_word' id='word_1_840' title='bbox 3401 3981 3588 4048; x_wconf 89' lang='lat' dir='ltr'>Patre,</span> <span class='ocrx_word' id='word_1_841' title='bbox 3615 3987 3829 4053; x_wconf 83' lang='lat' dir='ltr'>quate-</span> 
     </span>
    </p>
   </div>
   <div class='ocr_carea' id='block_1_98' title="bbox 2166 4070 3827 4143">
    <p class='ocr_par' dir='ltr' id='par_1_98' title="bbox 2166 4070 3827 4143">
     <span class='ocr_line' id='line_1_99' title="bbox 2166 4070 3827 4143; baseline -0.001 -14"><span class='ocrx_word' id='word_1_842' title='bbox 2166 4091 2276 4130; x_wconf 89' lang='lat' dir='ltr'>nus</span> <span class='ocrx_word' id='word_1_843' title='bbox 2320 4074 2535 4128; x_wconf 91' lang='lat' dir='ltr'>dicitur</span> <span class='ocrx_word' id='word_1_844' title='bbox 2581 4071 2931 4143; x_wconf 88' lang='lat' dir='ltr'>principium</span> <span class='ocrx_word' id='word_1_845' title='bbox 2992 4070 3078 4126; x_wconf 88' lang='lat' dir='ltr'>vel</span> <span class='ocrx_word' id='word_1_846' title='bbox 3109 4071 3439 4142; x_wconf 87' lang='lat' dir='ltr'>proximum</span> <span class='ocrx_word' id='word_1_847' title='bbox 3482 4070 3570 4126; x_wconf 89' lang='lat' dir='ltr'>vel</span> <span class='ocrx_word' id='word_1_848' title='bbox 3627 4087 3827 4127; x_wconf 87' lang='lat' dir='ltr'>remo-</span> 
     </span>
    </p>
   </div>
   <div class='ocr_carea' id='block_1_99' title="bbox 2165 4159 3831 4233">
    <p class='ocr_par' dir='ltr' id='par_1_99' title="bbox 2165 4159 3831 4233">
     <span class='ocr_line' id='line_1_100' title="bbox 2165 4159 3831 4233; baseline -0.002 -12"><span class='ocrx_word' id='word_1_849' title='bbox 2165 4171 2316 4232; x_wconf 88' lang='lat' dir='ltr'>tum,</span> <span class='ocrx_word' id='word_1_850' title='bbox 2351 4163 2508 4218; x_wconf 90' lang='lat' dir='ltr'>dicta</span> <span class='ocrx_word' id='word_1_851' title='bbox 2541 4162 2778 4217; x_wconf 85' lang='lat' dir='ltr'>fuerunt</span> <span class='ocrx_word' id='word_1_852' title='bbox 2805 4161 3133 4231; x_wconf 88' lang='lat' dir='ltr'>quibusque</span> <span class='ocrx_word' id='word_1_853' title='bbox 3155 4175 3406 4231; x_wconf 87' lang='lat' dir='ltr'>sequens</span> <span class='ocrx_word' id='word_1_854' title='bbox 3438 4159 3624 4215; x_wconf 89' lang='lat' dir='ltr'>Photii</span> <span class='ocrx_word' id='word_1_855' title='bbox 3653 4159 3831 4233; x_wconf 80' lang='lat' dir='ltr'>syllo-</span> 
     </span>
    </p>
   </div>
   <div class='ocr_carea' id='block_1_100' title="bbox 2171 4249 3043 4325">
    <p class='ocr_par' dir='ltr' id='par_1_100' title="bbox 2171 4249 3043 4325">
     <span class='ocr_line' id='line_1_101' title="bbox 2171 4249 3043 4325; baseline -0.003 -17"><span class='ocrx_word' id='word_1_856' title='bbox 2171 4253 2400 4325; x_wconf 87' lang='lat' dir='ltr'>gismus</span> <span class='ocrx_word' id='word_1_857' title='bbox 2432 4261 2576 4321; x_wconf 80' lang='lat' dir='ltr'>(cap.</span> <span class='ocrx_word' id='word_1_858' title='bbox 2608 4251 2702 4320; x_wconf 82' lang='lat'>6?.)</span> <span class='ocrx_word' id='word_1_859' title='bbox 2735 4249 3043 4306; x_wconf 84' lang='lat' dir='ltr'>refutatur.</span> 
     </span>
    </p>
   </div>
   <div class='ocr_carea' id='block_1_101' title="bbox 2229 4337 3831 4409">
    <p class='ocr_par' dir='ltr' id='par_1_101' title="bbox 2229 4337 3831 4409">
     <span class='ocr_line' id='line_1_102' title="bbox 2229 4337 3831 4409; baseline 0 -14"><span class='ocrx_word' id='word_1_860' title='bbox 2229 4343 2317 4395; x_wconf 91' lang='lat'>30.</span> <span class='ocrx_word' id='word_1_861' title='bbox 2350 4341 2412 4396; x_wconf 90' lang='lat' dir='ltr'>In</span> <span class='ocrx_word' id='word_1_862' title='bbox 2450 4340 2680 4394; x_wconf 83' lang='lat' dir='ltr'>duobus</span> <span class='ocrx_word' id='word_1_863' title='bbox 2711 4354 2842 4409; x_wconf 64' lang='lat' dir='ltr'>quae</span> <span class='ocrx_word' id='word_1_864' title='bbox 2886 4341 3213 4409; x_wconf 88' lang='lat' dir='ltr'>sequuntur</span> <span class='ocrx_word' id='word_1_865' title='bbox 3249 4337 3612 4409; x_wconf 87' lang='lat' dir='ltr'>argumentis</span> <span class='ocrx_word' id='word_1_866' title='bbox 3660 4353 3730 4394; x_wconf 85' lang='lat' dir='ltr'>ex</span> <span class='ocrx_word' id='word_1_867' title='bbox 3760 4355 3831 4396; x_wconf 88' lang='lat' dir='ltr'>eo</span> 
     </span>
    </p>
   </div>
   <div class='ocr_carea' id='block_1_102' title="bbox 2162 4504 3825 4578">
    <p class='ocr_par' dir='ltr' id='par_1_102' title="bbox 2162 4504 3825 4578">
     <span class='ocr_line' id='line_1_103' title="bbox 2162 4504 3825 4578; baseline -0.002 -14"><span class='ocrx_word' id='word_1_868' title='bbox 2162 4513 2330 4578; x_wconf 89' lang='lat' dir='ltr'>(ibid.</span> <span class='ocrx_word' id='word_1_869' title='bbox 2392 4509 2435 4571; x_wconf 83' lang='grc' dir='ltr'>Ι,</span> <span class='ocrx_word' id='word_1_870' title='bbox 2495 4509 2665 4575; x_wconf 85' lang='grc'>509);</span> <span class='ocrx_word' id='word_1_871' title='bbox 2727 4507 3130 4562; x_wconf 85' lang='lat' dir='ltr'>Bessarionem</span> <span class='ocrx_word' id='word_1_872' title='bbox 3170 4505 3347 4577; x_wconf 85' lang='lat' dir='ltr'>(Orat.</span> <span class='ocrx_word' id='word_1_873' title='bbox 3395 4504 3576 4574; x_wconf 85' lang='lat' dir='ltr'>dogm.</span> <span class='ocrx_word' id='word_1_874' title='bbox 3636 4523 3688 4561; x_wconf 83' lang='grc' dir='ltr'>ο.</span> <span class='ocrx_word' id='word_1_875' title='bbox 3751 4508 3825 4573; x_wconf 87' lang='lat'><strong>6;</strong></span> 
     </span>
    </p>
   </div>
   <div class='ocr_carea' id='block_1_103' title="bbox 2165 4578 3830 4651">
    <p class='ocr_par' dir='ltr' id='par_1_103' title="bbox 2165 4578 3830 4651">
     <span class='ocr_line' id='line_1_104' title="bbox 2165 4578 3830 4651; baseline -0.002 -13"><span class='ocrx_word' id='word_1_876' title='bbox 2165 4585 2336 4638; x_wconf 81' lang='lat' dir='ltr'>Bard.</span> <span class='ocrx_word' id='word_1_877' title='bbox 2383 4581 2474 4648; x_wconf 85' lang='lat' dir='ltr'>IX,</span> <span class='ocrx_word' id='word_1_878' title='bbox 2507 4580 2654 4651; x_wconf 83' lang='lat'>336).</span> <span class='ocrx_word' id='word_1_879' title='bbox 2703 4579 2816 4633; x_wconf 88' lang='lat' dir='ltr'>Nec</span> <span class='ocrx_word' id='word_1_880' title='bbox 2880 4581 3078 4651; x_wconf 77' lang='lat' dir='ltr'>minus</span> <span class='ocrx_word' id='word_1_881' title='bbox 3113 4579 3306 4651; x_wconf 9' lang='lat' dir='ltr'>(digna</span> <span class='ocrx_word' id='word_1_882' title='bbox 3345 4578 3830 4651; x_wconf 70' lang='lat' dir='ltr'>consideratione</span> 
     </span>
    </p>
   </div>
   <div class='ocr_carea' id='block_1_104' title="bbox 2164 4646 3824 4724">
    <p class='ocr_par' dir='ltr' id='par_1_104' title="bbox 2164 4646 3824 4724">
     <span class='ocr_line' id='line_1_105' title="bbox 2164 4646 3824 4724; baseline -0.004 -16"><span class='ocrx_word' id='word_1_883' title='bbox 2164 4661 2319 4724; x_wconf 84' lang='lat' dir='ltr'>sunt,</span> <span class='ocrx_word' id='word_1_884' title='bbox 2352 4646 2477 4724; x_wconf 68' lang='lat' dir='ltr'>quae</span> <span class='ocrx_word' id='word_1_885' title='bbox 2526 4654 2586 4724; x_wconf 84' lang='lat' dir='ltr'>in</span> <span class='ocrx_word' id='word_1_886' title='bbox 2618 4646 2896 4724; x_wconf 42' lang='lat' dir='ltr'>incerato</span> <span class='ocrx_word' id='word_1_887' title='bbox 2949 4649 3158 4724; x_wconf 69' lang='lat' dir='ltr'>scribit</span> <span class='ocrx_word' id='word_1_888' title='bbox 3198 4647 3607 4724; x_wconf 69' lang='lat' dir='ltr'>Epiphanius:</span> <span class='ocrx_word' id='word_1_889' title='bbox 3636 4646 3824 4724; x_wconf 74' lang='grc' dir='ltr'>⁵Ἀλλ’</span> 
     </span>
    </p>
   </div>
   <div class='ocr_carea' id='block_1_105' title="bbox 2163 4717 3826 4798">
    <p class='ocr_par' dir='ltr' id='par_1_105' title="bbox 2163 4717 3826 4798">
     <span class='ocr_line' id='line_1_106' title="bbox 2163 4717 3826 4798; baseline -0.004 -20"><span class='ocrx_word' id='word_1_890' title='bbox 2163 4723 2269 4798; x_wconf 72' lang='grc' dir='ltr'>ἐρεῖ</span> <span class='ocrx_word' id='word_1_891' title='bbox 2308 4717 2413 4785; x_wconf 70' lang='grc' dir='ltr'>τιξ·</span> <span class='ocrx_word' id='word_1_892' title='bbox 2473 4722 2675 4776; x_wconf 73' lang='grc' dir='ltr'>Οὐκοῦν</span> <span class='ocrx_word' id='word_1_893' title='bbox 2733 4717 2832 4798; x_wconf 40' lang='grc' dir='ltr'>δύο.</span> <span class='ocrx_word' id='word_1_894' title='bbox 2887 4718 3081 4798; x_wconf 51' lang='grc' dir='ltr'>φᾳμὶν-</span> <span class='ocrx_word' id='word_1_895' title='bbox 3109 4717 3257 4798; x_wconf 50' lang='grc' dir='ltr'>εἶναί</span> <span class='ocrx_word' id='word_1_896' title='bbox 3304 4717 3464 4798; x_wconf 51' lang='grc' dir='ltr'>ἴξὶούς</span> <span class='ocrx_word' id='word_1_897' title='bbox 3498 4718 3654 4798; x_wconf 63' lang='grc' dir='ltr'>ξΚαὶ</span> <span class='ocrx_word' id='word_1_898' title='bbox 3701 4724 3826 4782; x_wconf 83' lang='grc' dir='ltr'>πῶς</span> 
     </span>
    </p>
   </div>
   <div class='ocr_carea' id='block_1_106' title="bbox 2168 4787 3825 4870">
    <p class='ocr_par' dir='ltr' id='par_1_106' title="bbox 2168 4787 3825 4870">
     <span class='ocr_line' id='line_1_107' title="bbox 2168 4787 3825 4870; baseline -0.002 -20"><span class='ocrx_word' id='word_1_899' title='bbox 2168 4787 2471 4870; x_wconf 60' lang='grc' dir='ltr'>μονογενής</span> <span class='ocrx_word' id='word_1_900' title='bbox 2499 4814 2511 4864; x_wconf 88' lang='lat'><strong>;</strong></span> <span class='ocrx_word' id='word_1_901' title='bbox 2536 4864 2546 4870; x_wconf 77' lang='lat'><strong><em>_</em></strong></span> <span class='ocrx_word' id='word_1_902' title='bbox 2579 4836 2589 4846; x_wconf 94' lang='lat'>.</span> <span class='ocrx_word' id='word_1_903' title='bbox 2635 4835 2646 4847; x_wconf 94' lang='lat'>.</span> <span class='ocrx_word' id='word_1_904' title='bbox 2679 4836 2715 4870; x_wconf 82' lang='lat'>_.</span> <span class='ocrx_word' id='word_1_905' title='bbox 2899 4787 2980 4852; x_wconf 51' lang='grc' dir='ltr'>ἒςίέ</span> <span class='ocrx_word' id='word_1_906' title='bbox 3033 4791 3081 4870; x_wconf 55' lang='grc' dir='ltr'>εἴ</span> <span class='ocrx_word' id='word_1_907' title='bbox 3112 4790 3155 4870; x_wconf 27' lang='grc' dir='ltr'>*ὁ</span> <span class='ocrx_word' id='word_1_908' title='bbox 3208 4787 3707 4870; x_wconf 45' lang='grc' dir='ltr'>ᾀντιλογιςόμενος.</span> <span class='ocrx_word' id='word_1_909' title='bbox 3743 4797 3825 4870; x_wconf 55' lang='grc' dir='ltr'>τέ)</span> 
     </span>
    </p>
   </div>
   <div class='ocr_carea' id='block_1_107' title="bbox 2165 4860 3827 4986">
    <p class='ocr_par' dir='ltr' id='par_1_107' title="bbox 2165 4860 3827 4986">
     <span class='ocr_line' id='line_1_108' title="bbox 2165 4860 3827 4986; baseline -0.002 -64"><span class='ocrx_word' id='word_1_910' title='bbox 2165 4860 2332 4939; x_wconf 48' lang='grc' dir='ltr'>Θεῷ,</span> <span class='ocrx_word' id='word_1_911' title='bbox 2379 4860 2438 4922; x_wconf 70' lang='lat' dir='ltr'>Et</span> <span class='ocrx_word' id='word_1_912' title='bbox 2490 4860 2590 4940; x_wconf 66' lang='grc' dir='ltr'>γὰρ</span> <span class='ocrx_word' id='word_1_913' title='bbox 2639 4864 2728 4918; x_wconf 81' lang='grc' dir='ltr'>τὸν</span> <span class='ocrx_word' id='word_1_914' title='bbox 2792 4863 2914 4916; x_wconf 76' lang='grc' dir='ltr'>Υἱὸν</span> <span class='ocrx_word' id='word_1_915' title='bbox 2973 4860 3132 4916; x_wconf 78' lang='grc' dir='ltr'>καλεῖ</span> <span class='ocrx_word' id='word_1_916' title='bbox 3183 4861 3276 4915; x_wconf 86' lang='grc' dir='ltr'>τὸν</span> <span class='ocrx_word' id='word_1_917' title='bbox 3325 4860 3623 4986; x_wconf 34' lang='lat' dir='ltr'>tacte-eos,</span> <span class='ocrx_word' id='word_1_918' title='bbox 3656 4862 3719 4917; x_wconf 84' lang='grc' dir='ltr'>τὸ</span> <span class='ocrx_word' id='word_1_919' title='bbox 3767 4860 3827 4918; x_wconf 66' lang='grc' dir='ltr'>δὲ</span> 
     </span>
     <span class='ocr_line' id='line_1_109' title="bbox 2165 4932 3823 4986; baseline 0 0"><span class='ocrx_word' id='word_1_920' title='bbox 2165 4937 2313 4986; x_wconf 71' lang='grc' dir='ltr'>’ἅγιον</span> <span class='ocrx_word' id='word_1_921' title='bbox 2359 4941 2573 4986; x_wconf 63' lang='grc' dir='ltr'>Πνεῦμα</span> <span class='ocrx_word' id='word_1_922' title='bbox 2593 4935 2654 4986; x_wconf 85' lang='grc' dir='ltr'>τὸ</span> <span class='ocrx_word' id='word_1_923' title='bbox 2685 4932 3156 4986; x_wconf 62' lang='grc' dir='ltr'>παρ’ἂμωοτέοων</span> <span class='ocrx_word' id='word_1_924' title='bbox 3197 4952 3249 4986; x_wconf 80' lang='grc' dir='ltr'>κ.</span> <span class='ocrx_word' id='word_1_925' title='bbox 3280 4952 3330 4986; x_wconf 85' lang='grc' dir='ltr'>τ.</span> <span class='ocrx_word' id='word_1_926' title='bbox 3407 4975 3419 4986; x_wconf 95' lang='grc'>.</span> <span class='ocrx_word' id='word_1_927' title='bbox 3473 4934 3553 4986; x_wconf 86' lang='lat' dir='ltr'>De</span> <span class='ocrx_word' id='word_1_928' title='bbox 3601 4935 3823 4986; x_wconf 83' lang='lat' dir='ltr'>auibus</span> 
     </span>
    </p>
   </div>
   <div class='ocr_carea' id='block_1_108' title="bbox 2163 4932 3823 5079">
    <p class='ocr_par' dir='ltr' id='par_1_108' title="bbox 2163 4932 3823 5079">
     <span class='ocr_line' id='line_1_110' title="bbox 2164 4932 3823 5016; baseline -0.001 -24"><span class='ocrx_word' id='word_1_929' title='bbox 2164 4932 2313 5013; x_wconf 70' lang='grc' dir='ltr'>’ἁγιού</span> <span class='ocrx_word' id='word_1_930' title='bbox 2359 4932 2574 5007; x_wconf 63' lang='grc' dir='ltr'>Πνεῦξιοί</span> <span class='ocrx_word' id='word_1_931' title='bbox 2593 4935 2654 4990; x_wconf 85' lang='grc' dir='ltr'>τὸ</span> <span class='ocrx_word' id='word_1_932' title='bbox 2685 4935 2808 5006; x_wconf 72' lang='grc' dir='ltr'>παρ’</span> <span class='ocrx_word' id='word_1_933' title='bbox 2834 4932 3156 5008; x_wconf 76' lang='grc' dir='ltr'>ἀμφοτέρων</span> <span class='ocrx_word' id='word_1_934' title='bbox 3197 4952 3249 4990; x_wconf 80' lang='grc' dir='ltr'>κ.</span> <span class='ocrx_word' id='word_1_935' title='bbox 3280 4952 3330 4988; x_wconf 85' lang='grc' dir='ltr'>τ.</span> <span class='ocrx_word' id='word_1_936' title='bbox 3366 4932 3419 5016; x_wconf 42' lang='grc' dir='ltr'>λε</span> <span class='ocrx_word' id='word_1_937' title='bbox 3473 4934 3553 4990; x_wconf 85' lang='lat' dir='ltr'>De</span> <span class='ocrx_word' id='word_1_938' title='bbox 3601 4935 3823 5006; x_wconf 84' lang='lat' dir='ltr'>quibus</span> 
     </span>
     <span class='ocr_line' id='line_1_111' title="bbox 2163 5005 3819 5079; baseline -0.003 -13"><span class='ocrx_word' id='word_1_939' title='bbox 2163 5017 2236 5066; x_wconf 84' lang='lat' dir='ltr'>cf.</span> <span class='ocrx_word' id='word_1_940' title='bbox 2293 5012 2533 5066; x_wconf 88' lang='lat' dir='ltr'>Beccum</span> <span class='ocrx_word' id='word_1_941' title='bbox 2581 5008 2774 5079; x_wconf 87' lang='lat' dir='ltr'>Epigr.</span> <span class='ocrx_word' id='word_1_942' title='bbox 2805 5025 2820 5061; x_wconf 85' lang='grc' dir='ltr'>ι</span> <span class='ocrx_word' id='word_1_943' title='bbox 2857 5025 2870 5073; x_wconf 90' lang='grc'><strong>;</strong></span> <span class='ocrx_word' id='word_1_944' title='bbox 2903 5007 3248 5079; x_wconf 10' lang='lat' dir='ltr'>(Constant.</span> <span class='ocrx_word' id='word_1_945' title='bbox 3281 5005 3536 5079; x_wconf 58' lang='lat' dir='ltr'>Meliten.</span> <span class='ocrx_word' id='word_1_946' title='bbox 3584 5015 3732 5061; x_wconf 89' lang='lat' dir='ltr'>orat.</span> <span class='ocrx_word' id='word_1_947' title='bbox 3763 5011 3819 5076; x_wconf 88' lang='lat'>2,</span> 
     </span>
    </p>
   </div>
   <div class='ocr_carea' id='block_1_109' title="bbox 2227 5047 3819 5076">
    <p class='ocr_par' dir='ltr' id='par_1_109' title="bbox 2227 5047 3819 5076">
     <span class='ocr_line' id='line_1_112' title="bbox 2227 5047 3819 5076; baseline -0.002 -13"><span class='ocrx_word' id='word_1_948' title='bbox 2227 5054 2236 5063; x_wconf 80' lang='grc' dir='ltr'>ο</span> <span class='ocrx_word' id='word_1_949' title='bbox 2293 5047 2533 5066; x_wconf 76' lang='grc' dir='ltr'>υυυνυιυ</span> <span class='ocrx_word' id='word_1_950' title='bbox 2582 5047 2774 5076; x_wconf 61' lang='grc' dir='ltr'>μιαιιὸιο</span> <span class='ocrx_word' id='word_1_951' title='bbox 2807 5047 2820 5061; x_wconf 88' lang='lat' dir='ltr'><strong>l</strong></span> <span class='ocrx_word' id='word_1_952' title='bbox 2857 5050 2870 5073; x_wconf 71' lang='lat'>,</span> <span class='ocrx_word' id='word_1_953' title='bbox 2932 5047 3232 5063; x_wconf 68' lang='grc' dir='ltr'>υυιιυιιιιιυι</span> <span class='ocrx_word' id='word_1_954' title='bbox 3282 5047 3536 5060; x_wconf 64' lang='grc' dir='ltr'>δ’δνιιννωι</span> <span class='ocrx_word' id='word_1_955' title='bbox 3584 5047 3732 5061; x_wconf 60' lang='lat' dir='ltr'>vnn-uo</span> <span class='ocrx_word' id='word_1_956' title='bbox 3763 5047 3819 5076; x_wconf 67' lang='grc' dir='ltr'>υ,</span> 
     </span>
    </p>
   </div>
   <div class='ocr_carea' id='block_1_110' title="bbox 2161 5077 3822 5149">
    <p class='ocr_par' dir='ltr' id='par_1_110' title="bbox 2161 5077 3822 5149">
     <span class='ocr_line' id='line_1_113' title="bbox 2161 5077 3822 5149; baseline -0.002 -13"><span class='ocrx_word' id='word_1_957' title='bbox 2161 5098 2209 5138; x_wconf 89' lang='lat' dir='ltr'>c.</span> <span class='ocrx_word' id='word_1_958' title='bbox 2233 5084 2332 5149; x_wconf 82' lang='lat'>29;</span> <span class='ocrx_word' id='word_1_959' title='bbox 2381 5087 2438 5136; x_wconf 87' lang='lat' dir='ltr'>et</span> <span class='ocrx_word' id='word_1_960' title='bbox 2468 5077 2665 5149; x_wconf 83' lang='lat' dir='ltr'>Georg.</span> <span class='ocrx_word' id='word_1_961' title='bbox 2698 5077 2960 5134; x_wconf 31' lang='lat' dir='ltr'>’Metoch.</span> <span class='ocrx_word' id='word_1_962' title='bbox 2995 5080 3055 5133; x_wconf 86' lang='lat' dir='ltr'>C.</span> <span class='ocrx_word' id='word_1_963' title='bbox 3090 5078 3352 5149; x_wconf 16' lang='lat' dir='ltr'>Maxim.‘</span> <span class='ocrx_word' id='word_1_964' title='bbox 3375 5077 3556 5149; x_wconf 2' lang='lat' dir='ltr'>(Plan.</span> <span class='ocrx_word' id='word_1_965' title='bbox 3590 5084 3652 5133; x_wconf 90' lang='lat' dir='ltr'>et</span> <span class='ocrx_word' id='word_1_966' title='bbox 3683 5079 3822 5133; x_wconf 82' lang='lat' dir='ltr'>Con-</span> 
     </span>
    </p>
   </div>
   <div class='ocr_carea' id='block_1_111' title="bbox 2161 5146 3814 5221">
    <p class='ocr_par' dir='ltr' id='par_1_111' title="bbox 2161 5146 3814 5221">
     <span class='ocr_line' id='line_1_114' title="bbox 2161 5146 3814 5221; baseline -0.004 -13"><span class='ocrx_word' id='word_1_967' title='bbox 2161 5163 2246 5208; x_wconf 88' lang='lat' dir='ltr'>tra</span> <span class='ocrx_word' id='word_1_968' title='bbox 2301 5146 2442 5208; x_wconf 76' lang='lat' dir='ltr'>Man.</span> <span class='ocrx_word' id='word_1_969' title='bbox 2469 5146 2736 5221; x_wconf 48' lang='lat' dir='ltr'>Cret.&#39;(G.</span> <span class='ocrx_word' id='word_1_970' title='bbox 2774 5149 2830 5203; x_wconf 94' lang='lat'>0.</span> <span class='ocrx_word' id='word_1_971' title='bbox 2887 5151 2955 5216; x_wconf 90' lang='lat' dir='ltr'>II,</span> <span class='ocrx_word' id='word_1_972' title='bbox 3016 5149 3143 5215; x_wconf 86' lang='lat'>532,</span> <span class='ocrx_word' id='word_1_973' title='bbox 3174 5149 3302 5212; x_wconf 87' lang='lat'>857,</span> <span class='ocrx_word' id='word_1_974' title='bbox 3335 5146 3464 5215; x_wconf 75' lang='lat'>956,</span> <span class='ocrx_word' id='word_1_975' title='bbox 3509 5148 3641 5215; x_wconf 87' lang='lat'>957,</span> <span class='ocrx_word' id='word_1_976' title='bbox 3686 5150 3814 5215; x_wconf 78' lang='lat'>977,</span> 
     </span>
    </p>
   </div>
   <div class='ocr_carea' id='block_1_112' title="bbox 2167 5221 3814 5297">
    <p class='ocr_par' dir='ltr' id='par_1_112' title="bbox 2167 5221 3814 5297">
     <span class='ocr_line' id='line_1_115' title="bbox 2167 5221 3814 5297; baseline -0.002 -18"><span class='ocrx_word' id='word_1_977' title='bbox 2167 5225 2342 5297; x_wconf 78' lang='grc'>1050).</span> <span class='ocrx_word' id='word_1_978' title='bbox 2379 5225 2722 5297; x_wconf 79' lang='lat' dir='ltr'>Denique_e_t</span> <span class='ocrx_word' id='word_1_979' title='bbox 2754 5221 3600 5297; x_wconf 37' lang='lat' dir='ltr'>AthanasiilocusadASerapq</span> <span class='ocrx_word' id='word_1_980' title='bbox 3636 5237 3814 5291; x_wconf 86' lang='lat' dir='ltr'>quem</span> 
     </span>
    </p>
   </div>
   <div class='ocr_carea' id='block_1_113' title="bbox 2161 5290 3814 5363">
    <p class='ocr_par' dir='ltr' id='par_1_113' title="bbox 2161 5290 3814 5363">
     <span class='ocr_line' id='line_1_116' title="bbox 2161 5290 3814 5363; baseline -0.002 -13"><span class='ocrx_word' id='word_1_981' title='bbox 2161 5290 2315 5351; x_wconf 56' lang='lat' dir='ltr'>citat&#39;</span> <span class='ocrx_word' id='word_1_982' title='bbox 2351 5290 2563 5363; x_wconf 80' lang='lat' dir='ltr'>Beccus</span> <span class='ocrx_word' id='word_1_983' title='bbox 2620 5295 2806 5363; x_wconf 82' lang='lat' dir='ltr'>Epigr.</span> <span class='ocrx_word' id='word_1_984' title='bbox 2871 5309 2992 5363; x_wconf 58' lang='grc' dir='ltr'>χιιι,</span> <span class='ocrx_word' id='word_1_985' title='bbox 3029 5291 3111 5363; x_wconf 70' lang='lat' dir='ltr'>(G.</span> <span class='ocrx_word' id='word_1_986' title='bbox 3147 5290 3206 5347; x_wconf 93' lang='lat'>0.</span> <span class='ocrx_word' id='word_1_987' title='bbox 3249 5290 3494 5363; x_wconf 63' lang='lat'>11.639).</span> <span class='ocrx_word' id='word_1_988' title='bbox 3531 5290 3814 5362; x_wconf 76' lang='lat' dir='ltr'>hucspe-</span> 
     </span>
    </p>
   </div>
   <div class='ocr_carea' id='block_1_114' title="bbox 2161 5359 3812 5435">
    <p class='ocr_par' dir='ltr' id='par_1_114' title="bbox 2161 5359 3812 5435">
     <span class='ocr_line' id='line_1_117' title="bbox 2161 5359 3812 5435; baseline -0.004 -13"><span class='ocrx_word' id='word_1_989' title='bbox 2161 5373 2278 5422; x_wconf 88' lang='lat' dir='ltr'>ctat</span> <span class='ocrx_word' id='word_1_990' title='bbox 2312 5385 2324 5422; x_wconf 88' lang='lat'><strong>:</strong></span> <span class='ocrx_word' id='word_1_991' title='bbox 2359 5365 2471 5421; x_wconf 79' lang='grc' dir='ltr'>Οὐκ</span> <span class='ocrx_word' id='word_1_992' title='bbox 2500 5360 2637 5418; x_wconf 80' lang='grc' dir='ltr'>ἔστιν</span> <span class='ocrx_word' id='word_1_993' title='bbox 2664 5359 2859 5435; x_wconf 47' lang='grc' dir='ltr'>⁷ιίιλῖιως</span> <span class='ocrx_word' id='word_1_994' title='bbox 2890 5359 3045 5435; x_wconf 7' lang='grc' dir='ltr'>,ὡς’</span> <span class='ocrx_word' id='word_1_995' title='bbox 3083 5359 3253 5435; x_wconf 15' lang='grc' dir='ltr'>ἐξα-»τινΔ</span> <span class='ocrx_word' id='word_1_996' title='bbox 3275 5360 3302 5414; x_wconf 85' lang='grc' dir='ltr'>ὁ</span> <span class='ocrx_word' id='word_1_997' title='bbox 3340 5361 3550 5433; x_wconf 65' lang='grc' dir='ltr'>Πατὴρ,</span> <span class='ocrx_word' id='word_1_998' title='bbox 3599 5359 3812 5435; x_wconf 61' lang='grc' dir='ltr'>Πατὴρ,</span> 
     </span>
    </p>
   </div>
   <div class='ocr_carea' id='block_1_115' title="bbox 2159 5429 3812 5502">
    <p class='ocr_par' dir='ltr' id='par_1_115' title="bbox 2159 5429 3812 5502">
     <span class='ocr_line' id='line_1_118' title="bbox 2159 5429 3812 5502; baseline -0.002 -12"><span class='ocrx_word' id='word_1_999' title='bbox 2159 5439 2247 5492; x_wconf 83' lang='grc' dir='ltr'>καὶ</span> <span class='ocrx_word' id='word_1_1000' title='bbox 2280 5437 2342 5490; x_wconf 81' lang='grc' dir='ltr'>οὐ</span> <span class='ocrx_word' id='word_1_1001' title='bbox 2398 5439 2640 5502; x_wconf 76' lang='grc' dir='ltr'>πάππος,</span> <span class='ocrx_word' id='word_1_1002' title='bbox 2681 5434 2770 5489; x_wconf 80' lang='grc' dir='ltr'>καὶ</span> <span class='ocrx_word' id='word_1_1003' title='bbox 2822 5435 2848 5486; x_wconf 86' lang='grc' dir='ltr'><strong>ὁ</strong></span> <span class='ocrx_word' id='word_1_1004' title='bbox 2880 5429 3001 5494; x_wconf 77' lang='grc' dir='ltr'>Υἱὸς</span> <span class='ocrx_word' id='word_1_1005' title='bbox 3054 5433 3176 5494; x_wconf 76' lang='grc' dir='ltr'>Υἱός</span> <span class='ocrx_word' id='word_1_1006' title='bbox 3236 5429 3346 5486; x_wconf 79' lang='grc' dir='ltr'><strong>ἐστι</strong></span> <span class='ocrx_word' id='word_1_1007' title='bbox 3392 5429 3688 5500; x_wconf 70' lang='grc' dir='ltr'>’ποῦ’Θεοῦ,</span> <span class='ocrx_word' id='word_1_1008' title='bbox 3718 5429 3812 5486; x_wconf 60' lang='lat' dir='ltr'>nisi</span> 
     </span>
    </p>
   </div>
   <div class='ocr_carea' id='block_1_116' title="bbox 2159 5503 3809 5596">
    <p class='ocr_par' dir='ltr' id='par_1_116' title="bbox 2159 5503 3809 5596">
     <span class='ocr_line' id='line_1_119' title="bbox 2159 5503 3809 5596; baseline -0.002 -34"><span class='ocrx_word' id='word_1_1009' title='bbox 2159 5509 2222 5562; x_wconf 80' lang='grc' dir='ltr'>οὐ</span> <span class='ocrx_word' id='word_1_1010' title='bbox 2249 5510 2434 5582; x_wconf 71' lang='grc' dir='ltr'>Πατὴρ</span> <span class='ocrx_word' id='word_1_1011' title='bbox 2465 5505 2558 5562; x_wconf 81' lang='grc' dir='ltr'>τοῦ</span> <span class='ocrx_word' id='word_1_1012' title='bbox 2600 5505 2933 5596; x_wconf 48' lang='grc' dir='ltr'>Πνεῦματοξ,</span> <span class='ocrx_word' id='word_1_1013' title='bbox 2963 5503 3052 5593; x_wconf 48' lang='grc' dir='ltr'>κβὶ</span> <span class='ocrx_word' id='word_1_1014' title='bbox 3110 5504 3171 5558; x_wconf 86' lang='grc' dir='ltr'>τὸ</span> <span class='ocrx_word' id='word_1_1015' title='bbox 3230 5506 3449 5576; x_wconf 75' lang='grc' dir='ltr'>Πνεῦμα</span> <span class='ocrx_word' id='word_1_1016' title='bbox 3502 5503 3586 5592; x_wconf 34' lang='grc' dir='ltr'>τὸ,</span> <span class='ocrx_word' id='word_1_1017' title='bbox 3629 5505 3809 5596; x_wconf 51' lang='grc' dir='ltr'>ἅγιος(ς</span> 
     </span>
     <span class='ocr_line' id='line_1_120' title="bbox 2160 5573 3766 5596; baseline 0 0"><span class='ocrx_word' id='word_1_1018' title='bbox 2160 5587 2203 5596; x_wconf 59' lang='grc' dir='ltr'>τ’</span> <span class='ocrx_word' id='word_1_1019' title='bbox 2274 5579 2293 5588; x_wconf 68' lang='grc'>⁸</span> <span class='ocrx_word' id='word_1_1020' title='bbox 2437 5580 2462 5596; x_wconf 68' lang='grc' dir='ltr'>ρο</span> <span class='ocrx_word' id='word_1_1021' title='bbox 3163 5595 3170 5596; x_wconf 34' lang='grc' dir='ltr'><em>κ</em></span> <span class='ocrx_word' id='word_1_1022' title='bbox 3273 5578 3358 5596; x_wconf 36' lang='lat'>7--</span> <span class='ocrx_word' id='word_1_1023' title='bbox 3413 5580 3622 5596; x_wconf 46' lang='lat' dir='ltr'>&quot;_.AA-A</span> <span class='ocrx_word' id='word_1_1024' title='bbox 3722 5573 3766 5596; x_wconf 57' lang='grc' dir='ltr'>ἰ</span> 
     </span>
    </p>
   </div>
   <div class='ocr_carea' id='block_1_117' title="bbox 2160 5571 3812 5652">
    <p class='ocr_par' dir='ltr' id='par_1_117' title="bbox 2160 5571 3812 5652">
     <span class='ocr_line' id='line_1_121' title="bbox 2160 5571 3812 5652; baseline -0.002 -18"><span class='ocrx_word' id='word_1_1025' title='bbox 2160 5571 2602 5652; x_wconf 42' lang='grc' dir='ltr'>Ιξνξῦμαηᾶγιον,</span> <span class='ocrx_word' id='word_1_1026' title='bbox 2669 5571 2758 5632; x_wconf 67' lang='grc' dir='ltr'>καὶ</span> <span class='ocrx_word' id='word_1_1027' title='bbox 2835 5571 2934 5632; x_wconf 57' lang='grc' dir='ltr'>οὐκ</span> <span class='ocrx_word' id='word_1_1028' title='bbox 2989 5571 3212 5652; x_wconf 79' lang='grc' dir='ltr'>ἔκγονον</span> <span class='ocrx_word' id='word_1_1029' title='bbox 3269 5571 3624 5648; x_wconf 71' lang='grc' dir='ltr'>’ποῦ’Πατρὸς</span> <span class='ocrx_word' id='word_1_1030' title='bbox 3675 5571 3812 5631; x_wconf 64' lang='grc' dir='ltr'>ὀὐδὲ</span> 
     </span>
    </p>
   </div>
   <div class='ocr_carea' id='block_1_118' title="bbox 2156 5649 2686 5729">
    <p class='ocr_par' dir='ltr' id='par_1_118' title="bbox 2156 5649 2686 5729">
     <span class='ocr_line' id='line_1_122' title="bbox 2156 5649 2686 5729; baseline -0.008 -22"><span class='ocrx_word' id='word_1_1031' title='bbox 2156 5649 2389 5729; x_wconf 63' lang='grc' dir='ltr'>ἀδελφὸς</span> <span class='ocrx_word' id='word_1_1032' title='bbox 2413 5649 2509 5708; x_wconf 70' lang='grc' dir='ltr'>τοῦ</span> <span class='ocrx_word' id='word_1_1033' title='bbox 2538 5651 2686 5705; x_wconf 75' lang='grc' dir='ltr'>Υἱοῦ.</span> 
     </span>
    </p>
   </div>
  </div>
