4090 6228
332 401 444 461 531

1037 401 1143 459 DE
1182 399 1246 460 S.
1296 397 1496 459 SPIR.
1548 395 2076 460 MYSTAGOGIA.
2129 428 2200 442 --
2242 397 3016 461 ANIMADVERSIONES.

3615 405 3733 466 538

336 532 718 605 profiscicitur
750 530 935 587 Pbotii
967 530 1357 597 ratiocinatio,
1389 532 1542 603 quod
1578 532 1740 603 prius
1762 536 1818 586 et
1848 547 1976 602 pos-
2005 532 2062 597 A
2090 528 2305 602 Spiritu
2340 530 2635 586 affirmant
2660 532 2784 601 (IV,
2823 536 2847 599 §
2873 534 2941 588 24
2972 534 3099 605 fin.)
3129 551 3142 603 ;
3180 534 3452 591 refellunt
3483 537 3734 595 rationes

335 623 512 678 terius
544 639 575 676 a
603 620 966 692 sempiterna
995 620 1282 677 Trinitate
1313 638 1555 690 prorsus
1585 622 1662 676 sit
1690 621 1969 688 alienum,

335 712 487 784 quod
512 728 689 783 quam
716 711 1061 783 longissime
1080 712 1379 784 praedicata
1397 708 1631 782 tempus
1648 712 1976 780 signiﬁcan-

333 801 412 857 tia
442 817 475 856 a
504 816 737 856 summe
766 807 981 855 aeterna
1004 800 1199 855 absint
1220 800 1555 855 Divinitate.
1579 800 1715 854 lnde
1737 800 1974 855 deduci-

332 895 448 957 tur,
477 891 646 946 simul
675 890 1042 962 cogitandam
1076 906 1202 945 esse
1230 894 1287 945 et
1307 890 1741 962 generationem
1765 896 1822 944 et
1849 906 1977 961 pro-

332 980 674 1046 cessionem,
709 996 819 1035 non
856 979 1100 1034 alteram
1124 980 1305 1035 altera
1325 980 1411 1035 vel
1440 982 1689 1051 priorem
1723 979 1809 1035 vel
1845 996 1976 1051 pos-

331 1070 596 1125 teriorem
628 1068 1046 1139 accipiendam.
1080 1070 1203 1134 Quo
1235 1070 1422 1140 posito
1454 1070 1511 1123 in
1543 1070 1721 1125 altero
1752 1070 1983 1140 quidem

331 1159 519 1230 capite
547 1158 660 1229 (63)
683 1158 763 1212 ita
780 1164 1258 1229 argumentatur:
1282 1179 1310 1209 ‹‹
1330 1158 1627 1225 Quomodo
1651 1175 1764 1213 non
1784 1158 1979 1212 theur—

330 1248 592 1319 gicarum
621 1263 931 1302 causarum
963 1247 1288 1303 differentia
1313 1248 1644 1303 ditlerentes
1664 1248 1980 1302 constituet

331 1351 609 1407 personas
638 1339 694 1389 et
739 1333 1051 1390 sectionem
1096 1334 1301 1391 inferet
1335 1341 1537 1391 contra
1570 1335 1975 1402 insecabilem,

334 1423 660 1495 simplicem
694 1429 752 1478 et
782 1424 1016 1479 unicam
1048 1424 1301 1495 Spiritus
1343 1424 1729 1496 hypostasin?
1764 1424 1842 1478 Ex
1879 1439 1973 1478 ea-

333 1514 464 1569 dem
493 1513 651 1568 enim
678 1527 922 1584 persona
943 1514 1199 1570 diversas
1232 1515 1464 1584 prodire
1510 1515 1869 1584 operationes
1922 1517 1981 1567 et

331 1603 602 1670 virtutes,
636 1604 957 1673 praesertim
991 1604 1051 1658 in
1082 1602 1155 1660 iis
1184 1619 1311 1675 qua:
1345 1612 1607 1659 naturam
1633 1607 1807 1674 atque
1829 1603 1978 1673 [327]

335 1692 622 1748 rationem
657 1690 827 1763 plane
856 1697 1161 1764 superant,
1195 1692 1424 1750 facilius
1454 1697 1543 1749 est
1572 1692 1896 1762 intelligere
1926 1696 1983 1746 et

2087 634 2116 672 e
2149 620 2225 674 rei
2257 620 2579 675 visceribus
2612 622 2822 691 petitae,
2849 640 2974 693 quas
2999 624 3431 694 generationem
3453 635 3583 681 ante
3608 645 3739 697 pro-

2085 708 2407 764 cessionem
2461 712 2831 781 praesupponi
2872 714 3207 767 ostendunt.
3251 715 3372 785 (iV,
3422 715 3541 783 §f3
3590 716 3715 789 ﬁn.]

2082 798 2212 868 (21).
2237 800 2396 864 Quod
2420 802 2467 855 si
2494 803 2689 856 Patres
2710 802 2885 856 simul
2910 818 3043 857 cum
3072 804 3211 858 Filio
3228 808 3451 877 prodire
3467 808 3740 878 (συμπρο-

2087 885 2239 958 ιέναι)
2279 889 2562 959 Spiritum
2596 892 2911 960 afﬁrmant,
2944 892 3000 946 id
3052 893 3180 948 ideo
3228 895 3311 961 fit,
3367 902 3429 950 ut
3481 897 3741 968 temporis

2090 978 2398 1048 posteritas
2431 985 2716 1037 arceatur.
2752 979 2912 1035 Dicta
2945 982 3235 1051 ejusmodi
3270 1000 3400 1039 cum
3435 985 3740 1057 aliis,quaa

2087 1066 2498 1123 mediationem
2534 1068 2657 1122 Filii
2708 1070 2889 1141 (lll,§
2944 1071 3029 1140 16)
3077 1072 3435 1141 exprimunt,
3486 1076 3725 1131 omnino

2086 1157 2438 1213 concordare
2478 1158 2718 1225 Beccus,
2752 1160 2824 1214 De
2864 1174 3011 1229 proc.
3044 1160 3284 1230 Spiritus
3329 1166 3525 1227 sancti,
3579 1178 3628 1219 c.
3661 1166 3728 1230 9;

2086 1247 2143 1299 et
2172 1244 2589 1301 Constantinus
2634 1246 3007 1313 Meliteniota,
3060 1254 3203 1304 orat.
3237 1250 3288 1317 2,
3336 1266 3385 1305 c.
3437 1251 3506 1306 28
3538 1252 3620 1321 (G.
3656 1256 3730 1308 0.

2089 1338 2133 1399 ῐ,
2165 1333 2434 1403 308-313;
2468 1335 2535 1400 ΙΙ,
2566 1336 2673 1389 704
2705 1338 2851 1406 seq.)
2876 1336 3144 1405 praeclare
3169 1339 3507 1395 ostendunt.
3544 1341 3720 1411 Egre-

2088 1421 2180 1494 gie
2210 1438 2274 1478 ex
2303 1424 2427 1493 jam
2454 1425 2723 1479 adductis
2748 1425 3267 1497 GregoriiNysseni
3293 1429 3479 1483 verbis
3502 1432 3548 1495 (§
3566 1430 3657 1500 24)
3680 1433 3738 1485 et

2088 1528 2156 1567 ex
2172 1514 2490 1583 prmetituta
2509 1531 2540 1568 a
2564 1531 2625 1568 se
2644 1514 3035 1569 declarations
3059 1514 3111 1587 (§
3132 1518 3221 1586 18)
3245 1517 3432 1588 arguit
3457 1517 3739 1591 Georgius

2091 1602 2510 1674 Trapezuntius
2540 1602 2626 1674 (G.
2662 1604 2722 1658 0.
2757 1605 2799 1673 Ι,
2849 1603 2975 1677 529)
3012 1620 3025 1660 :
3061 1627 3089 1655 «
3147 1604 3402 1676 Uterque
3448 1606 3643 1675 (Pater
3689 1612 3745 1664 et

2095 1692 2776 1765 Filius)prwintelligitur
2803 1694 3056 1764 Spiritus
3112 1694 3413 1767 hypostasi
3468 1697 3743 1769 (προοεω-

334 1781 647 1837 innumera
675 1781 804 1851 eius
844 1780 926 1836 rei
976 1781 1410 1853 deprehendere
1457 1782 1849 1849 documenta;
1881 1780 1981 1836 sed

2094 1785 2261 1853 ρεῖται
2292 1787 2395 1851 τῆς
2425 1785 2523 1835 τοῦ
2565 1781 2876 1854 [Ινεύματος
2922 1782 3267 1845 ὑποστάσεως
3298 1788 3339 1855 ),
3365 1790 3426 1840 ut
3445 1786 3743 1858 Nyssenus

334 1870 544 1928 nullibi
575 1871 866 1941 reperitur
895 1851 1069 1943 posse
1091 1872 1241 1939 fieri,
1275 1873 1421 1945 quin
1460 1872 1813 1944 hypostasis,
1857 1888 1984 1944 quae
2015 1851 2063 1917 Β
2096 1851 2333 1939 asserit;
2368 1876 2668 1944 propterea
2698 1851 2769 1927 ab
2811 1877 3058 1944 utroque
3089 1871 3164 1945 (ἐξ
3198 1851 3426 1951 apem)
3464 1851 3743 1946 spiritus.

331 1962 400 2017 ad
432 1959 761 2016 differentia
790 1961 1039 2017 refertur
1074 1961 1385 2033 principia,
1424 1962 1753 2017 differentia
1793 1978 1859 2017 ac
1900 1960 1986 2015 di-

329 2049 596 2107 versitate
624 2065 932 2106 causarum
960 2066 1079 2107 non
1098 2057 1157 2106 et
1177 2052 1301 2121 ipsa
1328 2068 1361 2106 a
1383 2067 1441 2106 se
1463 2051 1692 2106 differat
1730 2055 1787 2105 et
1808 2048 1983 2105 simul

335 2140 679 2196 dissecetur.
717 2158 742 2190 ι
773 2141 834 2195 In
869 2139 1047 2196 altero
1077 2156 1213 2197 vero
1242 2140 1315 2205 (ο.
1350 2141 1442 2209 64)
1468 2141 1658 2212 arguit
1696 2139 1982 2211 Spiritum

336 2230 459 2285 fore
487 2233 547 2285 et
576 2230 951 2300 congenitum
984 2229 1129 2285 Filio
1171 2235 1227 2287 et
1267 2231 1677 2301 procedentem
1718 2246 1786 2285 ex
1831 2230 1982 2299 ipso,

336 2317 418 2374 ita
448 2323 514 2373 ut
545 2318 721 2372 simul
752 2319 988 2390 genitus
1019 2325 1077 2374 et
1104 2322 1418 2389 procedens
1448 2320 1561 2387 sit;
1588 2341 1618 2370 ‹‹
1658 2336 1724 2375 ac
1760 2319 1982 2390 genitu:

338 2408 601 2480 quidem,
633 2412 727 2477 qui
761 2409 937 2463 simul
970 2410 1341 2480 progreditur
1383 2427 1515 2465 cum
1567 2410 1710 2465 Filio
1766 2411 1980 2481 genito,

337 2496 633 2569 procedens
649 2513 799 2565 vero,
825 2497 962 2568 quia
983 2499 1277 2570 duplicem
1301 2499 1457 2554 subit
1478 2499 1931 2570 processionem.
1955 2521 1983 2548 »

338 2590 491 2644 Sane
535 2586 594 2640 id
645 2601 849 2642 omnes
891 2587 1102 2643 docent
1150 2603 1217 2643 ac
1265 2597 1637 2660 propugnant
1680 2589 1982 2656 Deitatem,

336 2676 588 2748 ideoque
618 2680 676 2732 et
704 2679 822 2732 tres
851 2692 1131 2748 personas
1178 2686 1336 2733 extra
1366 2684 1599 2750 tempus
1639 2695 1761 2736 esse
1810 2679 1987 2733 nihil-

339 2781 453 2837 que
484 2767 545 2821 in
576 2766 650 2820 iis
680 2781 808 2821 esse
848 2768 1260 2837 temporarium.
1293 2788 1323 2817 ‹‹
1374 2766 1543 2822 Nulla
1592 2768 1671 2823 ibi
1722 2774 1984 2840 tempora

339 2854 696 2925 cogitantur,
729 2854 811 2910 ait
834 2855 1194 2926 Augustinus
1225 2856 1319 2926 (De
1362 2858 1510 2911 Trin.
1562 2874 1655 2926 xv,
1700 2858 1817 2928 26),
1857 2876 1983 2929 quis

340 2942 560 2999 habent
590 2944 751 3014 prius
781 2948 837 2999 et
863 2944 1154 3014 posterius
1179 2945 1292 3018 (l9)
1324 2966 1376 3000 ».
1414 2946 1478 3000 Et
1519 2946 1629 3003 Leo
1678 2947 1753 3003 M.
1807 2964 1982 3006 serm.

339 3033 392 3100 3,
426 3034 499 3088 de
530 3035 756 3089 Pentec.
820 3050 869 3088 c.
931 3034 963 3089 4
1016 3034 1180 3107 (Ball.
1220 3051 1409 3091 vserm.
1466 3038 1559 3103 77,
1612 3055 1665 3109 p.
1729 3038 1832 3093 413
1891 3040 1982 3095 ed.

343 3122 584 3195 MIGNE.)
619 3139 635 3179 :
667 3144 698 3173 κ
729 3123 872 3179 Cum
906 3124 975 3179 ad
1004 3125 1399 3181 confitendum
1432 3127 1655 3183 Patrem
1686 3137 1739 3183 et
1774 3129 1980 3184 Filium

341 3215 399 3268 et
428 3211 717 3282 Spiritum
770 3218 1062 3282 sanctum,
1112 3214 1295 3269 aciem
1345 3216 1554 3271 mentis
1601 3217 1984 3287 intendimus,

346 3300 547 3373 procul
577 3302 651 3354 ab
681 3301 876 3357 animo
911 3304 1124 3359 formas
1156 3304 1475 3360 visibilium
1517 3322 1708 3361 rerum
1732 3310 1788 3361 et
1808 3315 1991 3363 (states

348 3389 738 3460 temporalium
792 3395 1146 3459 naturarum,
1226 3394 1420 3463 procul
1454 3411 1695 3467 corpora
1730 3398 1984 3452 locorum

349 3486 403 3535 et
432 3479 556 3535 loca
574 3495 883 3549 corporum
908 3484 1277 3553 repellamus.
1306 3485 1609 3540 Discedata
1628 3486 1819 3553 corde,
1836 3488 1990 3558 quod

351 3569 541 3640 spatio
568 3571 918 3640 extenditur,
951 3574 1103 3642 quod
1138 3574 1250 3628 fine
1290 3574 1681 3637 concluditur,
1727 3580 1783 3631 et
1822 3577 1991 3647 quid-

350 3658 484 3727 quid
514 3673 620 3713 nec
649 3674 880 3731 semper
911 3660 1125 3731 ubique
1149 3677 1254 3717 nec
1275 3667 1460 3719 totum
1482 3668 1589 3719 est.
1616 3664 1898 3735 Cogitatio
1919 3667 1990 3721 de

349 3745 573 3802 Deitate
603 3747 907 3804 Trinitatis
936 3756 1214 3823 concepta
1246 3751 1388 3807 nihil
1423 3769 1522 3824 per
1550 3753 1878 3810 distantiam
1910 3756 1988 3811 in~

350 3835 598 3907 telligat,
630 3836 775 3891 nihil
805 3854 905 3907 per
932 3839 1149 3909 gradus
1181 3846 1422 3911 quaerat.
1450 3862 1478 3890 »
1503 3843 1612 3898 Sed
1643 3843 1691 3896 si
1725 3843 1991 3898 excludi—

350 3931 443 3980 tur
490 3925 549 3980 in
600 3925 809 3982 divinis
853 3928 1123 3998 prioritas
1179 3932 1458 3999 temporis,
1501 3947 1617 3987 non
1664 3932 1992 3988 excluditur

352 4012 524 4083 plane
552 4016 817 4082 prioritas
860 4016 1101 4073 rationis
1131 4020 1262 4092 (20).
1315 4041 1343 4069 »
1395 4021 1545 4076 Sane
1596 4020 1758 4091 prius
1803 4030 1991 4077 mente

350 4104 679 4174 concipitur
709 4121 882 4161 causa
921 4122 1097 4178 quam
1140 4109 1403 4177 effectus,
1446 4109 1608 4181 prius
1638 4110 1988 4181 principium

350 4206 523 4263 quam
558 4192 992 4265 principiatum,
1033 4197 1196 4265 prius
1239 4201 1404 4253 Pater
1452 4215 1627 4271 quam
1683 4199 1884 4269 Filius,
1934 4204 1990 4255 et

349 4282 513 4352 prius
546 4281 714 4338 Pater
742 4291 795 4339 et
830 4284 1009 4340 Filius
1041 4302 1213 4357 quam
1250 4288 1396 4360 [328]
1438 4288 1685 4360 Spiritus
1729 4295 1985 4346 sanctus.

349 4368 820 4442 Progressionem
842 4372 1253 4431 simultaneam
1288 4377 1413 4433 Filii
1440 4383 1495 4432 et
1519 4377 1769 4448 Spiritus
1789 4396 1857 4434 ex
1880 4383 1986 4435 Pa-

2101 1961 2163 2017 Si
2206 1978 2323 2017 non
2372 1962 2446 2016 ab
2488 1967 2752 2033 utroque,
2786 1978 2901 2017 non
2954 1963 3481 2035 praaintelliguntur
3526 1965 3741 2033 ambo;

2100 2050 2198 2107 sed
2228 2051 2748 2123 praeintelliguntur
2773 2069 2795 2114 ,°
2822 2067 2889 2107 ex
2913 2059 3153 2124 utroque
3174 2053 3374 2124 igitur.
3401 2076 3428 2103 »
3458 2055 3562 2109 Sed
3587 2054 3744 2109 difﬂ-

2099 2141 2374 2196 cultatem
2402 2147 2636 2195 movent
2668 2142 2980 2196 adversarii
3016 2158 3030 2195 :
3067 2161 3095 2191 «
3125 2143 3307 2197 Causa
3346 2142 3745 2215 praeintelligi-

2094 2235 2192 2286 tur
2221 2231 2450 2286 effectui
2479 2248 2492 2299 ;
2525 2231 2759 2286 effectus
2791 2247 2920 2287 vero
2952 2228 3243 2304 (αἰτιατὸς)
3288 2233 3472 2288 Filius
3511 2237 3568 2287 et
3604 2249 3743 2304 pro-

2096 2322 2308 2376 ducere
2366 2315 2762 2393 (προϐάλλειν)
2830 2337 3022 2377 causa:
3084 2325 3216 2389 est;
3286 2320 3745 2393 praaintelligitur

2096 2424 2231 2479 ergo
2276 2409 2570 2481 hypostasi
2618 2408 2829 2465 Filii.»
2879 2412 3090 2466 Auctor
3137 2414 3330 2466 noster
3384 2413 3741 2482 respondet:

2099 2520 2124 2551 ι
2160 2499 2324 2555 Ratio
2356 2500 2468 2555 ista
2498 2515 2565 2554 ex
2598 2516 2749 2571 penu
2801 2499 3208 2571 Sophistarum
3247 2507 3352 2556 est.
3403 2499 3744 2556 Praaintelli-

2096 2589 2257 2661 gitur
2286 2588 2441 2645 enim
2472 2588 2644 2644 Pater
2676 2588 2818 2644 Filio
2849 2605 3014 2645 causa
3043 2606 3157 2645 non
3186 2604 3248 2645 ea
3279 2605 3399 2661 quae
3438 2593 3515 2645 est
3554 2605 3746 2646 secun-

2093 2680 2223 2734 dum
2253 2678 2402 2750 [3‘29]
2430 2681 2828 2750 processionem
2859 2679 2961 2749 (τῷ
3000 2676 3157 2749 αἰτίῳ
3202 2677 3262 2731 οὐ
3310 2681 3390 2749 τῷ
3420 2678 3535 2732 κατ’
3585 2676 3745 2732 ἐκπό-

2097 2770 2333 2842 ρευσιν);
2370 2784 2622 2840 namque
2656 2768 2745 2823 hic
2775 2770 2987 2824 modus
3040 2768 3191 2823 alius
3255 2767 3604 2824 exsistentiaa
3652 2771 3744 2824 est

2094 2854 2285 2921 (ἄλλος
2307 2857 2509 2930 τρόπος
2539 2856 2845 2931 ὑπάρξεως)
2872 2883 2886 2925 ς
2912 2874 3092 2912 causa
3116 2874 3249 2913 vero
3268 2874 3393 2928 qua:
3416 2857 3739 2913 secundum

2096 2947 2523 3019 processionem
2556 2952 2611 3002 et
2660 2941 2947 3021 προϐολὴν
2981 2950 3090 3011 est,
3143 2962 3331 3017 neque
3384 2953 3515 3001 ante
3553 2961 3743 3017 neque

2096 3041 2227 3108 post
2272 3035 2620 3105 intelligitur
2667 3032 2813 3108 (οὕτε
2892 3033 3265 3109 ἐπιθεωρεῖται
3321 3030 3443 3087 οὔτε
3490 3034 3742 3106 προθεω-

2097 3128 2289 3198 ρεῖται)
2316 3126 2485 3180 Pater
2519 3125 2687 3181 Filio.
2721 3129 2900 3180 Nemo
2932 3124 3087 3179 enim
3121 3140 3187 3179 ex
3216 3124 3362 3195 ipsis
3393 3139 3531 3194 erga
3561 3122 3742 3178 alium

2098 3218 2199 3268 aut
2229 3213 2405 3268 veluti
2430 3213 2788 3285 principium
2822 3217 2924 3268 aut
2952 3211 3127 3268 veluti
3164 3212 3297 3267 finis
3328 3211 3637 3283 (terminus
3667 3210 3740 3265 cf.

2099 3302 2133 3373 §
2165 3302 2251 3373 18)
2285 3310 2370 3357 est
2401 3302 2804 3373 hujuscemodi
2839 3317 3205 3373 progressus,
3229 3316 3301 3356 ne
3324 3316 3562 3372 prorsus
3588 3316 3743 3355 unus

2100 3406 2168 3446 ex
2224 3390 2318 3446 his
2369 3391 2624 3461 Spiritus
2680 3390 2774 3445 sit.
2835 3388 2910 3444 Τὸ
2966 3383 3376 3463 προϐάλλεσθάι
3433 3404 3565 3443 vero
3615 3394 3748 3459 post

2101 3483 2413 3550 utrumque
2432 3478 2799 3550 intelligitur.
2829 3501 2856 3530 ››
2884 3478 2998 3535 Sed
3020 3479 3241 3533 instant
3262 3493 3496 3532 rursum
3523 3493 3536 3531 :
3573 3498 3601 3525 ‹‹
3621 3476 3753 3531 Dei-

2100 3572 2209 3636 tas,
2242 3585 2365 3637 quse
2396 3569 2453 3623 in
2488 3568 2652 3624 Patre
2682 3572 2788 3633 est,
2845 3567 3306 3639 praeintelligitur
3354 3565 3439 3621 illi
3489 3581 3612 3637 qua:
3662 3568 3750 3620 est

2099 3658 2158 3713 in
2185 3659 2324 3715 Filio
2350 3665 2406 3715 et
2436 3661 2493 3715 in
2526 3660 2772 3732 Spiritu,
2797 3664 2852 3716 et
2884 3659 3263 3715 nihilominus
3305 3674 3435 3713 eam
3478 3671 3747 3712 commu-

2102 3749 2255 3804 nicat
2286 3753 2457 3803 Pater
2485 3749 2567 3805 eis
2598 3765 2722 3820 qua
2753 3766 2823 3804 ex
2852 3766 2911 3805 se
2938 3757 3093 3804 sunt.
3130 3767 3155 3799 ι
3182 3746 3388 3802 Verum
3411 3746 3531 3801 haec
3557 3744 3749 3800 solida

2101 3855 2218 3893 non
2249 3854 2374 3893 esse
2406 3839 2715 3911 respondet
2761 3838 3296 3909 Trapezuntiusm
3341 3838 3539 3893 Deitas
3585 3835 3743 3891 enim

2100 3944 2226 3999 qua
2259 3926 2315 3980 in
2350 3931 2514 3982 Patre
2545 3931 2652 3991 est,
2687 3944 2790 3998 qua
2821 3927 3003 3981 Deitas
3032 3926 3089 3997 (ᾗ
3125 3924 3360 3996 θεότης),
3395 3941 3510 3979 non
3544 3923 3748 3995 prasin-

2102 4014 2379 4086 lelligitur
2402 4015 2507 4083 illi,
2525 4032 2654 4085 quae
2686 4015 2743 4069 in
2765 4014 2905 4070 Filio
2928 4022 3035 4079 est,
3060 4029 3193 4069 cum
3213 4014 3415 4069 eadem
3441 4012 3517 4068 sit
3537 4026 3748 4067 secun-

2100 4105 2242 4159 dum
2274 4103 2472 4160 omnia
2502 4104 2779 4174 nullaque
2802 4102 3003 4159 relatio
3026 4101 3445 4173 interjiciatur:
3477 4099 3581 4156 sed
3605 4115 3747 4170 pris-

2100 4192 2454 4265 intelligitur
2475 4194 2709 4266 quidem
2733 4209 2854 4263 quis
2877 4192 2938 4248 in
2954 4194 3121 4247 Patre
3137 4202 3225 4247 est
3242 4190 3429 4245 Deitas
3442 4204 3549 4260 qua
3574 4204 3742 4261 gene-

2098 4286 2208 4352 rat,
2242 4282 2299 4353 (ᾖ
2317 4285 2517 4357 γεννᾷ),
2543 4287 2744 4353 postea
2760 4280 3103 4353 intelligitur
3124 4280 3184 4336 in
3206 4278 3370 4349 Filio,
3392 4296 3501 4349 qua
3514 4291 3742 4349 genera-

2098 4381 2195 4427 tur
2310 4373 2603 4445 γεννᾶται).

352 4463 457 4525 tre,
490 4476 617 4531 quea
657 4476 772 4517 non
811 4460 999 4517 solum
1043 4465 1338 4534 temporis,
1390 4465 1491 4521 sed
1538 4471 1595 4521 et
1632 4469 1991 4539 coyitatt’onis
2023 4484 2068 4547 ι)
2167 4462 2255 4516 31.
2290 4463 2392 4518 Est
2433 4479 2570 4534 ergo
2616 4461 2909 4533 generatio
2955 4463 3113 4533 prior
3181 4457 3562 4529 processione,
3621 4471 3738 4547 non

349 4549 711 4620 prioritatem
763 4549 1052 4617 excludat,
1104 4553 1376 4609 refellunt
1423 4571 1489 4610 ea
1538 4555 1769 4611 Patrum
1814 4558 1988 4627 dicta,

349 4654 475 4710 qua:
506 4637 716 4693 docent
744 4639 1021 4711 Spiritum
1055 4640 1136 4696 ita
1167 4657 1230 4697 se
1277 4641 1490 4699 habere
1529 4645 1598 4699 ad
1644 4644 1878 4712 Filium,
1931 4653 1993 4702 ut

349 4725 532 4782 Filius
563 4744 626 4783 se
656 4727 832 4784 habet
860 4730 931 4784 ad
959 4730 1182 4786 Patrem
1208 4731 1300 4799 (ll,
1325 4733 1423 4801 §2,
1449 4741 1583 4789 nota
1600 4735 1692 4806 5);
1718 4736 1991 4791 refellunt

348 4818 566 4874 diserta
591 4820 949 4884 testimonia,
982 4821 1195 4893 quibus
1236 4822 1445 4878 Filium
1475 4826 1847 4895 praét'nteltigi
1876 4844 1987 4897 pra

413 5003 530 5084 (19)
562 5004 775 5084 Totum
805 5004 914 5061 hoc
944 5006 1253 5084 Augustini
1285 5013 1463 5084 caput
1481 5010 1550 5065 ad
1582 5027 1704 5084 rem
1738 5013 1987 5084 pertinet

343 5081 632 5157 nostram,
665 5076 881 5157 de‘quo
923 5082 979 5133 et
997 5076 1096 5157 ,ἐκ
1144 5094 1276 5157 quq
1312 5076 1468 5137 haud
1529 5083 1676 5138 male
1724 5076 1986 5157 disputat

342 5146 717 5221 Rati-smnus,
747 5146 797 5202 l.’
818 5165 882 5217 ιι,
913 5166 963 5206 c.
996 5149 1050 5216 3,
1086 5146 1299 5221 p.285.

413 5218 534 5294 (20)
580 5218 792 5273 Praeter
857 5218 1217 5294 prioritatem
1270 5223 1545 5293 temporis
1585 5229 1673 5280 est
1713 5226 1981 5294 prioritas

338 5293 585 5369 ordinis,
617 5305 731 5361 quo
764 5307 943 5347 unum
975 5298 1127 5369 ωιὶθ⁸
1147 5293 1308 5369 aliud
1342 5302 1683 5351 numeratur
1717 5293 1785 5352 et
1818 5301 1982 5369 poni-

339 5368 454 5426 tur,
487 5364 578 5416 vel
609 5369 849 5438 naturae,
876 5379 992 5435 quo
1041 5362 1347 5438 exhibetur
1393 5374 1708 5438 conceptus
1736 5362 1978 5438 naturae,

339 5434 790 5517 qugcpmpleta
816 5434 907 5489 est
933 5441 989 5491 et
1018 5436 1090 5519 ab
1124 5437 1237 5519 alia
1266 5436 1544 5519 distincta
1577 5434 1861 5519 exsistit,
1891 5434 1979 5519 vel

335 5507 594 5573 originis,
624 5521 742 5575 qua
771 5522 954 5561 unum
985 5507 1056 5562 ab
1089 5507 1199 5563 alio
1223 5516 1411 5563 ortum
1453 5509 1645 5565 habet.
1680 5512 1737 5567 Si
1782 5507 1871 5568 est
1918 5514 1977 5569 in

334 5574 635 5657 Trinitata
653 5576 1167 5657 ordo,_habet_ur_et
1193 5580 1461 5657 prjoritas
1484 5584 1977 5657 quaedemsaltem

338 5646 547 5738 testes:
596 5650 766 5738 ξὲῖςξε
797 5648 966 5738 Νξξε-
1001 5650 1095 5738 ¹;,¹
1128 5646 1582 5738 διαποίκιλος
1620 5653 1679 5710 ο·
1710 5655 1800 5738 ,ίιν
1841 5656 1976 5738 .5?”

335 5718 552 5775 diserte
600 5717 808 5776 habet:
853 5717 1106 5790 Ἐπινὸίᾳ
1158 5719 1298 5795 μόνῃ
1349 5717 1622 5779 καὶτὸν
1671 5717 1978 5794 τῆςάῗτίαέ

2104 4556 2382 4622 tempore,
2414 4554 2507 4606 sed
2532 4548 2763 4621 ἐπινοίᾳ,
2813 4549 3179 4619 acgitatione,
3238 4547 3480 4615 ordine;
3531 4544 3735 4617 prasin-

2102 4640 2389 4712 telligitur
2461 4640 2788 4696 intellectus
2838 4638 3153 4702 voluntate,
3206 4634 3462 4690 Verbum
3510 4639 3740 4703 Amore,

2096 4730 2317 4803 Spiritu
2350 4731 2550 4787 Filius.
2592 4731 2737 4801 Ergo
2769 4727 2903 4784 licet
2950 4726 3181 4783 nullum
3221 4730 3455 4796 tempus
3498 4725 3737 4792 dividat,

2097 4828 2291 4877 tamen
2317 4837 2426 4875 non
2460 4818 2637 4875 simul
2670 4816 3078 4888 intelliguntur
3108 4818 3299 4871 mente
3330 4817 3528 4871 nostra
3564 4830 3739 4887 gene-

2094 5009 2261 5083 λόγον
2291 5004 2778 5083 προθξῳρουμένου
2830 5007 2927 5059 τοῦ
2975 5004 3123 5059 Υἱοῦ.
3166 5003 3330 5073 (Vide
3360 5005 3388 5071 §
3414 5001 3471 5072 7,
3504 5001 3685 5057 notal
3725 5016 3739 5068 ;

2146 5081 2234 5146 24,
2271 5087 2405 5137 nota
2433 5081 2509 5146 2).

2091 5085 2119 5152 §
2146 5081 2234 5146 24,
2271 5087 2405 5137 nota
2433 5081 2509 5149 2).
3194 5148 3203 5156 .

2164 5155 2275 5225 (21)
2306 5148 2880 5225 ϐτρεηοριμᾴροιη
2929 5165 2989 5225 c._
3033 5146 3365 5225 yara‘gph.
3397 5145 3736 5225 _Conf.(cod.

2092 5215 2345 5280 Μόῑιί27
2379 5215 2548 5277 Ι.ν115
2578 5215 2633 5275 ὃ.
2668 5215 2772 5289 116
2812 5221 2895 5289 8.)
2929 5237 2941 5275 :
2978 5217 3137 5273 Ἀλλ’
3168 5215 3292 5272 οὐδὲ
3343 5218 3451 5288 μὴν
3506 5216 3742 5289 uirgati-

2089 5293 2207 5349 οδοι
2241 5296 2353 5365 ἅμα
2380 5292 2482 5347 εἰσί
2517 5310 2538 5365 ’ί
2591 5286 2805 5365 pascui?
2852 5285 3014 5365 ’ἑρῦτο
3064 5285 3368 5365 Γρῃγόριοξ
3405 5285 3738 5365 ὁ-βεολόγρς

2090 5358 2347 5442 φεὶᾳκιιξξζ.⁸
2400 5388 2426 5442 if
2476 5364 2553 5420 Τὸ
2592 5358 2704 5442 ῖτῆς
2768 5361 3064 5442 ἐξφᾴνσεως
3105 5358 3389 5442 ’δεᾶερπρον
3428 5359 3499 5442 (ἢ-
3529 5359 3590 5413 τὸ
3639 5358 3738 5426 ’ἑῆς

2086 5429 2220 5512 πρὸς
2257 5435 2399 5506 ἄλλη
2412 5435 2481 5512 λᾳ
2512 5429 2746 5512 ᾳχέσεως
2792 5429 3049 5512 diapente.
3101 5434 3205 5512 aut
3236 5429 3362 5512 ῖτῆν.
3391 5429 3597 5512 vilicm.
3639 5448 3740 5512 ﬁf-

2086 5498 2312 5581 πὸίήκεῇ
2358 5498 2399 5559 ››’
2446 5498 2621 5581 Saxas
2674 5504 2772 5581 γὰρ
2806 5498 2966 5581 ὡςέἷ
3013 5504 3129 5581 ﬁgit:
3157 5505 3212 5559 αἱ
3260 5498 3510 5581 πρ-ᾇοᾷοιζ,
3543 5498 3729 5581 cuntis

2086 5573 2235 5656 ἔλεγὲ
2265 5580 2327 5636 τὸ
2354 5585 2453 5648 τῆς
2486 5573 2796 5656 ἔκφᾶνσέώς
2818 5576 2964 5656 Δεἷναί
3010 5573 3539 5656 δέάφρρρν.’08ξηᾲθ
3595 5573 3731 5656 citat

2084 5646 2294 5710 Ath'an.
2330 5646 2476 5709 orat.
2506 5646 2644 5717 3,'c.
2691 5657 2787 5705 Ar.
2810 5650 2895 5723 (6ἶ
2929 5650 2988 5706 0.
3024 5646 3272 5723 [1.550;
3303 5652 3449 5723 orat.
3484 5646 3538 5711 4,
3559 5646 3730 5714 epist.

2087 5728 2113 5781 1
2157 5728 2228 5784 ad
2261 5726 2459 5797 Serap.
2492 5723 2656 5795 (ibid.
2688 5719 2840 5794 552),
2869 5722 3038 5792 Greg.
3066 5720 3231 5793 Nyes.
3266 5719 3547 5789 aliosque.
