4090 6228
333 408 459 470 541

1855 411 2232 474 HOMILLE.

3629 434 3751 495 542

330 543 546 601 induat
575 541 990 612 characterem,
1017 559 1132 616 quo
1164 543 1446 602 terminus
1477 544 1719 603 alterius
1747 545 1990 620 insigni-
2019 551 2074 617 Α
2104 563 2280 619 quam
2309 554 2409 604 aut
2437 549 2629 607 ofﬁcio
2660 553 2860 609 deesse
2890 560 2990 611 aut
3015 556 3331 617 editionem
3361 560 3543 634 ipsam
3573 564 3753 623 nimis

327 639 460 691 tur.
494 637 616 690 Imo
647 649 784 689 cum
833 635 1194 706 Paterjuxta
1244 635 1504 691 Photium
1549 637 1725 692 simul
1757 642 1992 710 generet

324 724 552 780 Filium
585 727 644 780 et
691 723 875 795 spiret
904 723 1207 796 Spiritum,
1241 725 1535 796 quomodo
1564 730 1704 782 tunc
1743 727 1990 800 explica-

323 812 444 879 bit,
479 813 632 884 quod
669 829 783 868 non
815 813 874 868 in
904 829 1076 870 unum
1111 813 1419 871 concidant
1447 816 1746 888 generatio
1777 821 1835 873 et
1864 834 1992 889 pro-

324 902 524 959 cessio
568 902 597 959 ‘2
634 903 803 972 (Vide
859 903 1064 976 Georg.
1107 905 1237 960 Met.
1285 909 1342 959 et
1400 903 1542 977 Hug.
1609 905 1736 961 Eth.
1794 908 1822 975 §
1876 907 1989 979 26.)

395 991 502 1047 32.
551 990 974 1048 Concludimus
1025 991 1172 1048 hanc
1219 995 1648 1064 tractationem,
1677 995 1793 1053 alia
1820 997 1988 1053 thec-

319 1081 492 1154 logis
521 1097 643 1136 rem
677 1081 992 1153 perfectius
1012 1082 1433 1140 meditantibus
1461 1089 1839 1142 reservantes.
1873 1086 1989 1142 Ma-

315 1169 560 1227 luimus
608 1167 952 1243 ἂντιρῥήσεὶς
1000 1188 1115 1228 non
1147 1172 1288 1228 satis
1332 1173 1589 1245 digestas
1620 1179 1677 1230 et
1705 1175 1984 1235 concinne

221 1311 234 1325 ,
316 1259 1982 1340 ordineinterdumdestitutasPhotianooperiadjungere,

2101 638 2198 692 diu
2247 639 2496 696 dill‘erre.
2531 643 2799 698 Contenti
2833 644 3005 716 plane
3050 649 3289 719 erimus,
3338 652 3382 706 si
3420 653 3508 709 his
3539 657 3753 714 nostris

2099 726 2314 782 studiis
2343 730 2704 786 occasionem
2738 731 2924 788 doctis
2956 736 3094 792 viris
3127 739 3539 810 praabuerimus
3571 744 3752 799 subtio

2100 813 2273 872 liores
2298 816 2653 888 theologicae
2675 822 2964 891 ejusmodi
2987 826 3338 895 questiones
3361 830 3589 888 felicius
3620 848 3755 888 eno-

2099 905 2300 973 dandi,
2329 908 2663 980 dogmatum
2717 913 2774 968 in
2808 912 2916 969 hac
2968 924 3126 985 parte
3157 916 3460 976 historiam
3492 921 3748 995 locuple-

2099 995 2262 1051 tandi
2295 1013 2360 1052 ac
2392 999 2650 1070 proxime
2670 1017 2739 1056 ea
2767 1002 3102 1076 theologicae
3124 1007 3376 1064 scientiae
3407 1009 3753 1069 incrementa

2099 1087 2471 1156 procurandi,
2521 1105 2646 1161 quae
2678 1107 2785 1148 nos
2829 1091 3064 1149 nonnisi
3115 1096 3401 1154 remotius
3449 1101 3751 1170 potuimus

2098 1175 2394 1246 adjuvare.

316 1492 3748 1541 um

1080 1675 1759 1812 OPERUM
1857 1681 2258 1814 PARS
2351 1683 2984 1823 TERTIA.

1449 2074 2614 2190 PABAENETICA.

1526 2447 2540 2540 PROLEGOMENON.

1715 2756 2171 2815 INEDITARUM
2216 2758 2458 2817 PHOTII

1011 2923 1472 2986 CATALOGUS
1512 2921 2020 2984 HOMILIARUM
2051 2921 2234 2993 QU/E
2265 2923 2610 2992 MOSQUxE
2634 2925 3132 2988 SERVAN'I‘UR.

1589 3081 1899 3153 GOMBEFIS,
1925 3083 2076 3140 Auct.
2109 3084 2309 3140 novies.
2348 3100 2400 3156 p.
2432 3085 2558 3139 548.

861 3412 1108 3464 ΦΩΤΙΟΥ
1150 3412 1340 3464 ΟΜΙΔΙ
1351 3411 1440 3466 ΑΙ.

307 3498 408 3574 ΔΖ,
453 3497 727 3574 ᾼεχθεξσα
755 3501 824 3574 τῇ
865 3496 996 3569 ἁγίᾳ
1054 3500 1371 3574 ῌαρασκευῇ
1428 3494 1480 3550 ἔν
1529 3499 1608 3574 τῷ
1639 3492 1972 3568 ἄμρωνιτῆς

383 3564 576 3643 ἁγίαῖ
600 3640 611 3644 _
635 3564 874 3644 Εἰρήνης
915 3564 926 3569 ⁷
971 3564 1106 3641 μετὰ
1140 3564 1149 3570 ’
1187 3568 1286 3637 τὴν
1346 3564 1782 3643 ’συμπλήρωσιν
1865 3587 1973 3621 των

379 3640 776 3715 κατηχήσεων.

382 3726 565 3787 Ἀλλά
613 3731 780 3784 ταῦτα
838 3727 933 3801 μὲν
995 3728 1396 3804 προηγουμὲνῳ
1452 3724 1604 3803 λόγῳ
1659 3732 1777 3790 τοῖς
1857 3723 1968 3796 ἤδη

312 3818 845 3893 παρεσκευασμένοις
874 3817 1010 3889 πρὸς
1053 3819 1117 3872 τὸ
1171 3817 1472 3892 βάπτισμα,
1522 3814 1682 3872 οὔπω
1729 3813 1787 3870 δὲ
1840 3835 1970 3870 κατ-

315 3904 663 3982 ηρτισμένοις
691 3906 790 3974 τὴν
820 3903 1162 3978 τελειότηοα,
1196 3904 1320 3961 ἀλλ’
1361 3899 1439 3961 ἔτι
1487 3906 1576 3960 καὶ
1615 3911 1715 3974 τῆς
1772 3905 1970 3979 καθάρ-

315 4016 454 4058 σεως
484 3992 857 4070 ἐπιδεομένοις
886 3995 1106 4062 καὶτῆς
1157 4001 1424 4068 μυστικῆς
1466 3993 1740 4066 τραπέζης
1783 3995 1972 4069 ἀπειρ-

317 4085 605 4164 γομένοις,
635 4106 689 4142 κ.
729 4106 781 4141 τ.
814 4085 862 4142 ὲ.

315 4194 407 4251 Β⁸.
495 4191 719 4268 φώτιοςᾉ
802 4193 1236 4268 ἀρχιεπίσκοπος
1339 4192 1969 4268 Κωνσταντινουπόλεως

459 4263 597 4328 Νέας
628 4266 847 4338 Ῥώμης
877 4263 975 4320 3ἱαὶ
1023 4265 1402 4340 σίκουμενικὸς
1449 4267 1820 4342 πατριάρχης.

387 4353 540 4410 Μετὰ
581 4355 683 4424 τὴν
737 4359 844 4410 τῶν
900 4358 1295 4433 κατηχητικῶν
1353 4351 1566 4432 λογίων
1646 4355 1966 4434 ἀνάγνωσιν,

319 4444 392 4499 ὧν
434 4445 601 4518 ἡμεῖς
654 4441 708 4498 ἐν
763 4447 1026 4518 προσοχῇ
1075 4443 1166 4499 καὶ
1219 4445 1319 4514 τὴν
1367 4448 1468 4518 τῇς
1532 4448 1719 4521 ψυχῆς
1768 4441 1969 4501 ἐπιδει-

316 4531 531 4594 κνύντες
568 4533 849 4603 κατάνυξιν
908 4531 1174 4588 ἐποιεῖσθε
1236 4534 1335 4603 την
1391 4533 1665 4608 ἀκρόασιν,
1697 4534 1786 4590 καὶ
1818 4535 1968 4608 ἡμᾶς

317 4619 409 4677 τὸν
466 4621 711 4697 παρόντα
763 4621 949 4698 καῖρὸν
995 4620 1359 4699 προσομιλεῖν
1397 4623 1522 4697 ὑμῖν
1557 4617 1800 4701 ἔγνωμεν
1840 4623 1972 4680 ἐπο-

328 4707 481 4783 ιδεῖν,
511 4731 564 4768 κ.
595 4731 647 4769 τ.
680 4711 726 4770 ὲ.

322 4817 393 4876 1".
451 4819 557 4872 Υοῦ
599 4815 764 4872 αὐτοῦ
819 4817 1128 4896 ἁγιωτάτου
1177 4818 1407 4896 Φωτίου-
1439 4818 1635 4894 ὁμιλία
1671 4821 1864 4896 πρώτη
1893 4819 1970 4883 εἷς

813 4891 916 4960 τὴν
945 4887 1137 4970 ἔφοδον
1172 4896 1280 4946 τῶν
1312 4893 1470 4954 Ῥώς.

389 4978 446 5035 Τί
487 4980 698 5046 τοῦτο;
747 4977 830 5043 τίς
885 4981 920 5049 ἡ
969 4977 1191 5055 χαλεπὴ
1223 4977 1359 5052 αὕτη
1397 4981 1487 5036 καὶ
1540 4981 1728 5057 βαθεῖα
1778 4980 1968 5058 πληγὴ

320 5069 408 5122 καὶ
434 5067 574 5145 ὀργή
602 5085 616 5137 ;
651 5066 816 5124 Πόθεν
847 5070 982 5141 ⁴ἡμῖν
1011 5071 1040 5122 ὁ
1073 5064 1423 5145 ὑπερϐόρειος
1465 5071 1625 5133 οὗτος
1671 5069 1760 5126 καὶ
1809 5066 1970 5150 9065-

321 5157 412 5232 ρὸς
441 5155 717 5231 ἐπέσκηψε
738 5157 992 5233 κεραυνός
1030 5178 1045 5228 ;
1075 5179 1130 5216 κ.
1159 5179 1211 5216 τ.
1253 5160 1298 5215 ὲ.

323 5265 391 5322 Δ“.
452 5267 559 5318 Δοῦ
619 5261 783 5319 αὐτοῦ
855 5263 1169 5341 -ᾃγιωτάτου
1239 5268 1458 5341 Φωτίου
1533 5269 1970 5341 ᾆρχιεπισιιόπου

389 5309 391 5318 ,
452 5285 559 5318 nou
619 5285 783 5319 αυτου
861 5285 1169 5340 αγιωτατου
1239 5285 1458 5322 φωτιου
1533 5285 1599 5341 αρ
1653 5285 1970 5324 ιεπισκοπου

389 5336 1012 5426 Κωνςταπςτινουὶπόξιξως
1053 5340 1194 5400 Νὲας
1239 5339 1462 5412 Ῥώμης
1529 5285 1725 5414 ὁμῦλα
1767 5339 1835 5416 β’,
1894 5339 1970 5404 εἰς

386 5409 490 5468 τήν
521 5409 716 5485 ἔφοδον
739 5409 847 5463 τὼν
875 5409 1030 5472 Ῥώς.

388 5492 522 5551 Οἶδα
581 5495 702 5568 μὲν,
758 5495 989 5563 ἅπαντες
1045 5498 1446 5573 συνεπίστασθε,
1507 5498 1624 5556 ὅσοι
1689 5521 1748 5556 τε
1807 5498 1966 5557 δεινοὶ

321 5580 545 5638 συνιδεῖν
605 5584 955 5662 ἀποστροφήν
1000 5589 1140 5664 πρὸς
1195 5588 1512 5661 ἀνθρώπους
1550 5592 1710 5656 Θεοῦ,
1739 5588 1855 5646 ὅσοι
1910 5611 1970 5646 τε

319 5668 681 5747 ἀμαθέστερόν
713 5695 832 5739 πως
857 5677 981 5752 περὶ
1018 5677 1086 5734 τὰ
1124 5681 1221 5735 τοῦ
1274 5677 1475 5755 Κυρίου
1534 5676 1804 5736 διάκεισθε
1842 5680 1968 5756 κρί-

327 5782 480 5834 ματα,
509 5783 562 5818 κ.
597 5781 647 5818 τ.
669 5761 712 5820 ὲ.

2003 4720 2050 4786 D

2655 3406 2898 3466 ΡΗΟΤΙΙ
2930 3407 3278 3467 HOMILIIE.

2085 3495 2128 3552 Ι.
2161 3494 2313 3552 Dicta
2351 3502 2431 3552 est
2460 3495 2548 3552 die
2574 3505 2761 3554 sancto
2806 3501 3132 3556 Parasceves
3171 3499 3232 3555 in
3262 3501 3494 3556 ambone
3529 3507 3736 3560 sanctae

2435 3568 2634 3636 tronae,
2661 3573 2778 3642 post
2807 3572 3053 3644 expletas
3083 3571 3409 3628 Gates/roses.

2153 3731 2370 3785 Verum
2414 3729 2530 3786 hac
2576 3731 2810 3802 quidem
2870 3733 3160 3806 praecipue
3208 3733 3280 3790 ad
3337 3749 3456 3804 eos,
3507 3733 3606 3806 qui
3657 3733 3730 3789 ad

2080 3817 2366 3888 baptisma
2389 3819 2512 3890 jam
2545 3821 2732 3892 parati
2763 3830 2915 3889 sunt,
2950 3839 3054 3879 nec
3086 3828 3282 3879 tamen
3315 3823 3727 3894 perfectionem

2081 3905 2362 3963 hactenus
2392 3909 2585 3979 adepti
2616 3915 2757 3966 sunt
2795 3931 2810 3980 ;
2845 3913 2944 3968 sed
2993 3917 3051 3968 et
3089 3913 3282 3969 adhuc
3312 3915 3728 3970 emendatione

2078 3992 2362 4067 indigent,
2409 4000 2466 4052 et
2497 4014 2528 4053 a
2561 3999 2805 4068 mystica
2843 4015 3048 4057 mensa
3081 4007 3368 4070 arcentur,
3401 4007 3513 4058 etc.

2081 4191 2150 4248 ll.
2165 4191 2393 4250 Photius
2403 4194 2841 4270 archiepiscopus
2867 4198 3501 4270 Constantinopolitanae
3521 4207 3573 4256 et
3596 4215 3729 4256 arcu-

2566 4268 2810 4324 menicus
2852 4271 3192 4342 patriarcha.

2149 4355 2286 4412 Post
2327 4353 2478 4412 lecta
2532 4355 2728 4415 divina
2779 4358 3012 4432 eloquia
3058 4359 3264 4416 divine
3320 4359 3724 4431 institutionis,

2077 4458 2204 4515 quas
2238 4459 2334 4502 vos
2365 4449 2585 4502 attenta
2623 4453 2818 4504 mente
2865 4449 3198 4522 animisque
3229 4449 3591 4520 compunctis
3623 4466 3726 4504 au-

2082 4532 2257 4588 distis
2280 4549 2294 4600 ;
2318 4551 2540 4606 nosque
2554 4537 3369 4609 opportunumjudieavimus,
3384 4542 3449 4593 ut
3463 4537 3532 4592 ad
3550 4553 3646 4593 vos
3665 4537 3724 4593 in

2083 4623 2355 4695 praesenti
2385 4627 2696 4682 tractatum
2739 4625 3098 4683 haberemus.

2080 4824 2177 4884 III.
2232 4824 2490 4896 Ejusdem
2545 4826 2881 4881 sanctissimi
2934 4823 3128 4896 Photii
3169 4823 3398 4880 homitia
3449 4825 3628 4896 prima
3666 4827 3726 4882 in

2502 4897 2790 4953 Bassorum
2819 4895 3201 4968 irruptionem.

2151 4987 2296 5054 Quid
2356 4985 2533 5055 istud,
2593 4999 2792 5057 quaeve
2841 4984 3036 5057 gravis
3092 4985 3214 5042 haec
3269 4985 3500 5057 altaque
3558 4987 3723 5058 plaga

2079 5080 2138 5133 et
2165 5076 2253 5133 ira
2293 5077 2322 5133 ?
2352 5075 2512 5132 Unde
2544 5074 2710 5132 nobis
2759 5074 3186 5144 hyperboreum
3216 5073 3327 5131 hoc
3365 5091 3430 5131 ac
3470 5079 3723 5134 tremen-

2079 5165 2217 5222 dum
2249 5165 2582 5222 immissum
2614 5163 2838 5220 fulmen
2872 5163 2902 5219 ‘t
2931 5167 3043 5220 etc.

2078 5273 2172 5332 IV.
2221 5271 2489 5342 Ejusdem
2533 5273 2876 5328 sanctissimi
2917 5272 3102 5328 Photii
3147 5273 3546 5344 archiepiscopi
3583 5273 3719 5328 Con-

2147 5345 2630 5415 :tantinopolitani
2682 5360 2842 5416 nova:
2894 5345 3090 5416 Romae,
3139 5345 3372 5402 homitia
3430 5349 3600 5401 altera
3659 5345 3719 5400 in

2152 5418 2446 5473 Bassorum
2486 5415 2872 5487 irruptionem.

2145 5506 2285 5562 Novi
2317 5521 2480 5571 sane,
2529 5507 2694 5562 scitis
2742 5522 2964 5573 omnes,
2997 5510 3279 5578 quotquot
3310 5523 3546 5579 sagaces
3578 5504 3717 5561 estis

2078 5597 2141 5648 ut
2167 5594 2524 5651 eversionem
2573 5612 2607 5652 a
2656 5595 2771 5652 Deo
2821 5595 3160 5667 intelligetis
3207 5611 3223 5662 ;
3265 5600 3548 5668 quotquot
3577 5595 3713 5650 item

2077 5684 2282 5740 rudius
2321 5683 2440 5740 fere
2477 5700 2617 5758 erga
2649 5685 2875 5743 Domini
2897 5685 3125 5758 judicia
3154 5685 3340 5742 aﬂ'ecti
3371 5684 3530 5742 estis.
