4090 6228
310 331 429 395 549

1114 342 1448 406 HOMILIA
1494 343 1541 404 Ι.
1589 377 1662 390 -
1707 344 1786 406 IN
1835 347 1948 409 SS.
1995 346 2274 407 MARlAl'.
2344 345 2921 410 NATIVI'I‘ATEM.

3605 355 3728 421 550

311 486 471 541 ρεως,
521 465 750 542 οὐδεμία
777 472 886 524 τῶν
944 468 996 541 ἐξ
1047 471 1217 542 αὐτῆς
1264 469 1790 546 ἀναϐλαστησάντων
1841 476 1947 532 ἐπι·

2073 477 2204 550 ipsa
2233 478 2716 550 germinantium,
2749 481 2912 536 nulla
2947 481 3268 540 illucescet.
3304 486 3436 542 Ideo
3468 502 3724 561 namque

307 555 573 634 φαίνεται·
663 559 980 622 ’Λνάστασις
1047 561 1175 638 γὰρ,
1261 563 1345 618 ὅτι
1414 564 1658 630 θάνατος·
1737 569 1964 630 θάνατος

307 644 389 716 δὲ,
424 647 506 702 ὅτι
538 647 864 722 σταύρωσις·
901 650 1200 727 σταύρωσις
1237 650 1314 723 δὲ,
1365 655 1448 710 δτι
1501 658 1744 729 Λάζαρος
1776 677 1963 734 τεταρ-

301 739 459 797 ταῖος
489 730 622 806 ᾅδου
660 735 850 792 πυλῶν
895 738 1231 818 ἀνελήλυθε;
1273 743 1363 796 καὶ
1413 743 1613 821 τυφλοὶ
1665 730 1953 820 βλέπουσι·

302 823 401 877 καὶ
431 822 624 895 κλίνην
656 823 740 901 ἐφ’
776 827 843 894 ἧς
873 824 1070 898 ἔκειτο,
1118 830 1267 906 φέρει
1315 831 1528 907 τρέχων
1564 833 1592 887 6
1621 833 1955 906 παράλυτος·

301 913 401 968 καὶ
447 918 554 969 τῶν
616 913 1101 992 παραδοξουμὲνων
1162 918 1352 997 ἔργων·
1415 924 1479 978 οὗ
1517 923 1619 999 γὰρ
1673 927 1955 1001 ξπίκαιρον

298 1003 485 1059 πάντα
513 1003 854 1081 καταλέγειν·
885 1007 952 1062 τὰ
1001 1007 1285 1082 ἐπίλοιπα,
1316 1010 1350 1065 ἃ
1373 1013 1434 1068 τὸ
1483 1011 1761 1070 Ἰουδαίων
1804 1010 1959 1076 ἔθνος

300 1089 430 1147 δέον
489 1089 727 1164 δοξάζειν
782 1096 874 1151 καὶ
934 1097 1210 1172 ἀνυμνεῖν,
1271 1099 1347 1162 εἰς
1404 1103 1598 1176 φθόνον
1658 1102 1955 1177 ἐξέκαυσεν.

299 1181 400 1259 ἀφ’
430 1183 492 1237 οὗ
515 1184 607 1237 τὸν
637 1184 774 1240 κατά
801 1190 898 1240 τοῦ
937 1191 1192 1262 Σωτῆρος
1241 1187 1325 1245 ἐπ’
1375 1190 1586 1267 ὀλέθρῳ
1633 1197 1781 1266 σφῶν
1829 1194 1960 1272 φθό-

298 1294 400 1328 νον
434 1289 457 1316 ι
494 1273 949 1348 ἐπαλαμήσαντο.
1006 1284 1180 1336 Ταῦτα
1224 1279 1303 1354 δὲ,
1353 1284 1438 1338 ὅτι
1487 1285 1719 1357 Χριστὸς
1766 1287 1958 1359 βαπτι-

298 1360 568 1436 σὲἷμενος,
605 1363 851 1428 καὶτοὺς
901 1367 1219 1443 ἀνθρώπους
1263 1374 1362 1436 τῆς
1411 1371 1622 1444 πλάνης
1674 1375 1952 1430 ἀπολυσά-

301 1473 492 1527 μενος,
549 1448 693 1528 ἔργῳ
747 1457 840 1510 καὶ
897 1456 1048 1534 λόγῳ
1101 1462 1200 1530 τήν
1257 1463 1583 1537 θεογνωσίαν
1653 1462 1949 1521 ἐδίδασκεν·

304 1542 565 1617 βάπτισις
599 1541 675 1614 δὲ,
707 1545 789 1600 ὅτι
821 1545 1094 1623 γέννησις·
1135 1556 1368 1625 Χριστοῦ
1417 1549 1475 1606 δὲ
1519 1553 1788 1629 γέννησις,
1832 1577 1954 1610 συν-

295 1632 493 1706 τόμως
521 1632 610 1688 καί
650 1633 835 1698 καλῶς
878 1637 1070 1710 εἱπεῖν,
1120 1637 1202 1694 ὅτι
1255 1640 1534 1716 Παρθένου
1577 1642 1844 1719 γέννησις·
1896 1642 1950 1700 ἒν

293 1723 340 1792 ᾔ
369 1723 741 1795 καινιζόμεθα,
772 1726 863 1780 καὶ
893 1727 952 1796 ἢν
997 1728 1266 1803 ἑορτάζειν
1316 1730 1614 1804 ἠξιώμεθα.
1667 1731 1818 1788 Οὕτω
1866 1734 1952 1808 ῥί-

2074 569 2418 624 resurrectio
2445 571 2550 636 est,
2587 569 2725 640 quia
2758 586 2916 627 mors
2940 587 2954 626 :
2981 589 3136 628 mors
3167 578 3386 642 autem,
3419 577 3556 648 quia
3588 595 3721 634 cru-

2073 657 2265 713 ciﬁxio
2298 674 2312 712 :
2345 656 2665 726 cruxiﬁxio,
2700 660 2836 730 quia
2876 661 3125 718 Lazarus
3166 665 3612 735 quadriduanus
3649 667 3720 723 ab

2073 745 2284 803 inferni
2339 746 2521 818 portis
2553 763 2820 804 reversus
2872 754 2961 805 est
2992 765 3004 816 ;
3039 767 3105 808 ac
3135 753 3274 824 quia
3324 755 3455 809 caici
3503 754 3719 811 vident:

2071 835 2562 908 paralyticusque,
2597 836 2809 893 lectum
2859 838 2920 894 in
2953 855 3064 910 quo
3087 842 3325 911 jacebat
3367 848 3554 913 portat
3585 861 3722 902 cur-

2072 942 2203 982 rens
2245 943 2260 983 :
2301 943 2368 982 ac
2425 928 2662 984 demum
2719 930 2860 999 quia
2916 932 3260 988 admiranda
3319 934 3434 990 alia
3493 940 3722 1006 patrata

2069 1032 2246 1088 opera
2275 1019 2402 1086 (nec
2430 1015 2587 1072 enim
2637 1033 2738 1087 per
2767 1025 2996 1090 tempus
3041 1019 3176 1076 licet
3207 1036 3548 1092 percensere
3590 1040 3722 1080 on:-

2070 1104 2183 1177 nis)
2214 1104 2428 1176 quibus
2458 1105 2794 1162 Judaeorum
2826 1115 3096 1180 populus,
3123 1125 3254 1165 cum
3287 1111 3358 1165 ad
3387 1110 3618 1168 laudem
3649 1128 3717 1168 ac

2069 1193 2295 1252 cantica
2343 1195 2637 1266 provocari
2689 1194 3002 1263 debuisset,
3033 1197 3256 1252 invidia
3305 1201 3564 1267 exarsit;
3600 1217 3716 1270 qua

2069 1287 2462 1354 permovente,
2495 1282 2553 1338 in
2585 1299 2759 1339 suum
2791 1284 2902 1356 ipsi
2936 1284 3231 1341 interitum
3264 1286 3580 1344 Salvator-is
3613 1305 3716 1346 ue-

2069 1389 2194 1429 cem
2228 1374 2410 1430 moliti
2449 1378 2608 1430 sunt.
2643 1373 2772 1429 Haec
2812 1379 3006 1430 autem
3040 1390 3106 1430 eo
3140 1377 3317 1443 tuere,
3353 1379 3504 1449 quod
3552 1379 3714 1434 Chri-

2067 1470 2192 1520 stus
2213 1466 2528 1536 baptizans,
2552 1469 2725 1536 atque
2756 1465 2827 1520 ab
2853 1464 3215 1521 infidelitatis
3237 1481 3427 1523 errore
3453 1468 3714 1525 homines

2067 1553 2337 1625 liberans,
2369 1571 2541 1626 opere
2591 1554 2807 1627 pariter
2844 1558 3018 1626 atque
3067 1571 3351 1621 sermone,
3387 1556 3487 1612 Dei
3517 1557 3713 1614 scien-

2065 1642 2200 1698 tiam
2260 1660 2326 1700 ac
2385 1643 2557 1698 ﬁdem
2620 1643 3262 1714 doceretzbaptismus
3323 1648 3538 1712 autem,
3580 1645 3715 1715 quia

2064 1732 2381 1788 nativitas:
2425 1731 2632 1786 Christi
2689 1737 2884 1786 autem
2932 1732 3222 1800 nativitas,
3264 1738 3325 1786 ut
3370 1747 3599 1787 summa
3647 1746 3714 1788 ac

301 1815 430 1880 ζης,
464 1812 500 1882 ἢ
558 1820 766 1888 πηγῆς,
799 1816 833 1884 ἣ
862 1815 1131 1889 θεμελίων
1181 1817 1373 1896 λόγον,
1405 1820 1440 1889 ἢ
1474 1821 1571 1876 οὐκ
1602 1821 1702 1877 οἶδ’
1749 1825 1833 1878 ὅτι
1863 1826 1947 1878 καὶ

2065 1821 2337 1894 praeclare
2385 1822 2598 1888 dicam,
2642 1821 2777 1890 quia
2819 1819 3082 1892 Virginis
3131 1820 3406 1876 nativitas
3440 1837 3452 1874 :
3489 1821 3547 1876 in
3597 1838 3712 1892 qua

298 1899 639 1976 οἷκειότερον
685 1901 848 1971 εἷ’πω,
879 1907 914 1974 ἡ
946 1909 1238 1979 παρθενική
1290 1909 1580 1985 πληρῶσα
1625 1915 1949 1989 πανήγυρις,

295 1988 532 2052 ἐκείναις
561 2011 620 2045 τε
668 1995 863 2056 πόίσαις
914 1993 1141 2060 εἰκότως
1190 1997 1524 2072 ἀγλαΐζεται,
1575 2002 1664 2055 καὶ
1713 1988 1948 2065 πολλοῖς

295 2077 394 2132 καὶ
458 2079 721 2156 μεγάλοις
780 2080 1124 2159 ἐνδιαπρέπει
1210 2088 1539 2165 χαρίσμασι,
1597 2089 1688 2144 καὶ
1745 2111 1956 2167 παγκο-

299 2167 473 2239 σμίου
509 2167 780 2244 σωτηρίας
811 2171 991 2247 ἡμέρα
1012 2173 1346 2246 γνωρίζεται.

374 2529 633 2602 Σήμερον
681 2527 784 2604 γὰρ
817 2531 851 2599 ἡ
891 2531 1160 2606 Παρθένος
1210 2533 1419 2609 μήτηρ,
1471 2532 1531 2589 ἐκ
1573 2533 1784 2610 στείρας
1837 2556 1952 2607 μη-

285 2617 425 2689 τρὸς
469 2614 842 2690 ἀποτίκτεται,
889 2625 980 2674 καί
1025 2627 1126 2690 τῆς
1177 2628 1510 2692 Δεσποτιγῆς
1557 2620 1852 2697 ἐπιδημίας
1887 2625 1950 2680 τὸ

288 2704 568 2761 παλάτιον
618 2705 1009 2781 εὐτρεπίζεται.
1079 2711 1330 2786 Σήμερον
1394 2709 1566 2785 δεσμά
1612 2715 1950 2787 στειρώσεως

285 2793 509 2862 λύεται,
541 2794 632 2848 καὶ
679 2803 779 2865 τῆς
835 2797 1123 2871 παρθενίας
1179 2800 1247 2854 τὰ
1298 2798 1524 2876 κλεῖθρα
1578 2801 1948 2879 σφραγίζεται.

287 2886 390 2946 Οἷς
423 2884 529 2959 γὰρ
561 2882 728 2955 νηδὺς
756 2884 977 2960 ἄγονος,
1003 2887 1095 2942 καὶ
1125 2888 1326 2963 λόγους
1377 2892 1706 2963 νεκρωθεῖσα
1751 2893 1948 2947 τεκνώ-

289 2995 461 3046 σεως,
497 2974 704 3050 καρπὸν
732 2977 859 3049 παρ’
893 2974 1118 3040 ἐλπίδας
1169 2978 1373 3053 ὡραῖον
1423 2983 1776 3054 προήνεγκεν·
1809 2981 1948 3036 τού-

283 3084 408 3126 τοις
447 3063 542 3119 καὶ
589 3064 653 3118 τὸ
691 3071 790 3134 τῆς
837 3066 1129 3140 παρθενίας
1181 3070 1538 3141 μνηστεύεται
1589 3069 1946 3148 ἀδιάφθορον,

2062 1911 2384 1978 initiamur,
2423 1926 2722 1981 quamque
2776 1909 3100 1966 meruimus
3140 1909 3445 1965 celebrare.
3491 1911 3711 1974 Quam-

2059 2001 2282 2068 obrem,
2305 1999 2538 2065 radicis,
2562 1998 2826 2068 fontisve,
2851 2007 2946 2053 aut
2979 1999 3368 2065 fundamenti,
3392 1999 3479 2052 vel
3513 1999 3708 2055 nescio

2057 2089 2198 2159 quid
2233 2087 2569 2159 germanius
2600 2104 2666 2142 ac
2697 2087 2882 2159 magis
2928 2086 3229 2159 preprium
3270 2087 3485 2154 dicam,
3522 2088 3706 2143 ratio-
3775 2131 3780 2136 .

2057 2194 2213 2245 nem,
2267 2175 2570 2249 virginalis
2637 2177 2916 2232 festivitas
2985 2175 3260 2248 implens,
3308 2175 3428 2231 illis
3490 2177 3706 2246 pariter

2057 2269 2344 2325 universis
2402 2268 2761 2337 bonestalur,
2815 2283 2879 2322 ac
2933 2267 3220 2338 splendet,
3263 2265 3579 2338 multisque
3635 2282 3704 2324 ac

2055 2356 2282 2430 magnis
2312 2353 2610 2428 praepollet
2645 2355 2837 2427 donis,
2867 2371 2933 2411 ac
2971 2355 3180 2411 mundi
3208 2354 3461 2412 universi
3493 2355 3704 2412 salutis

2054 2444 2176 2501 dies
2209 2445 2488 2502 noscitur.

2126 2535 2303 2591 Hodie
2325 2533 2480 2590 enim
2501 2534 2674 2608 Virgo
2694 2539 2896 2599 mater.
2916 2550 2984 2590 ex
3007 2537 3190 2589 matre
3213 2531 3394 2588 sterili
3418 2533 3700 2600 nascitur,

2055 2622 2464 2696 Dominicique
2495 2624 2778 2680 adventus
2810 2622 3090 2694 palatium
3121 2627 3492 2696 praeparatur.
3521 2622 3704 2679 Hodie

2054 2712 2361 2770 solvuntur
2409 2714 2731 2770 sterilitatis
2781 2713 3121 2783 vineula,ac
3146 2712 3498 2784 virginitatis
3541 2711 3702 2768 clau-

2054 2812 2173 2859 stra
2204 2802 2607 2874 obsignantur.
2643 2802 2868 2868 Quibus
2903 2800 3058 2857 enim
3091 2801 3443 2856 infecundus
3477 2806 3699 2869 uterus,

2053 2910 2118 2948 ac
2149 2894 2318 2962 cujus
2351 2893 2620 2964 prolificas
2647 2895 2898 2948 rationes
2922 2897 3198 2947 emortua:
3230 2895 3446 2959 essent,
3474 2890 3708 2962 praecla-

2055 2998 2184 3037 rum
2217 2983 2470 3037 fructum
2505 2981 2766 3054 protulit,
2791 2997 2924 3036 cum
2956 2996 3091 3052 spes
3121 2979 3311 3036 omnis
3341 2979 3606 3046 abesset;
3632 2979 3704 3035 iis

2054 3087 2287 3143 quoque
2316 3069 2619 3142 virginalis
2651 3071 3010 3141 incorruptio
3042 3069 3432 3140 promittitur,
3469 3075 3701 3139 partus-

283 3154 379 3209 καὶ
428 3154 494 3208 τὸ
545 3155 725 3228 θαῦμα
779 3162 879 3226 τῆς
921 3157 1214 3232 κυοφορίας
1267 3157 1555 3231 ἐπιδήλοις
1604 3144 1785 3237 ἔργοις
1819 3144 1945 3236 προσ

2061 3175 2170 3231 qus
2227 3158 2573 3215 miraculum
2633 3158 2958 3230 perspicuis
3015 3157 3186 3213 rebus
3245 3159 3698 3230 praenuntiatum

285 3241 646 3319 αγγελλεται.
676 3246 965 3320 Ὑπερφυὲς
997 3246 1092 3318 μὲν
1129 3246 1292 3310 τόκος
1337 3247 1616 3324 ἄνανδρος,
1668 3250 1758 3305 καὶ
1806 3271 1943 3326 παρ-

283 3333 470 3394 θενίας
522 3331 739 3410 φυλακὴ
793 3334 925 3407 μετά
966 3335 1232 3412 γέννησιν·
1279 3342 1402 3409 νικᾷ
1449 3335 1505 3393 δὲ
1558 3340 1790 3412 θεσμοὺς
1843 3340 1944 3418 φύ-

285 3441 430 3483 σεως
467 3421 562 3476 καὶ
612 3428 796 3498 στεῖρα
845 3426 980 3497 μετᾶ
1037 3433 1214 3502 γῆρας
1269 3429 1659 3503 γεωργουμένη
1719 3431 1808 3485 καὶ
1864 3429 1944 3484 τί·

281 3533 516 3580 κτουσα,
556 3512 646 3568 καὶ
698 3521 799 3584 τῆς
851 3511 1125 3589 Παρθένου
1175 3517 1266 3572 τὸν
1311 3519 1495 3590 τόκον,
1545 3516 1614 3574 δι’
1663 3521 1737 3574 ὧν
1787 3540 1945 3596 τεραο

278 3607 624 3676 τουργεῖται,
681 3607 1120 3678 προοιμιάζεται.
1182 3609 1435 3684 Σήμερον
1487 3609 1580 3663 τὸν
1632 3608 1944 3683 ὀνειδισμὸν

279 3698 390 3761 τῆς
420 3690 670 3754 ἀτεκνίας
705 3695 741 3762 ἡ
772 3694 938 3751 Ἀννα
981 3695 1267 3770 θερίζεται,
1318 3697 1408 3752 καὶ
1453 3705 1552 3766 τῆς
1601 3704 1775 3777 χαρᾶς
1816 3698 1944 3762 τοὺς

281 3781 498 3856 στάχυς
557 3783 593 3851 ἡ
653 3781 948 3855 οἰκουμένη
1025 3785 1361 3859 καρπίζεται.
1424 3789 1610 3861 Πατὴρ
1676 3786 1867 3850 παιδὸς
1915 3788 1942 3842 6

281 3869 552 3944 Ἰωακεῗμ
584 3869 936 3944 ὀνομάζεται,
976 3874 1066 3930 καὶ
1097 3883 1196 3945 τῆς
1246 3875 1515 3930 υἱοθεσίας
1564 3879 1729 3950 ἡμεῖς
1785 3877 1945 3954 ἀῤῥα-

280 3955 639 4034 ϐωνιζόμεθα
668 3964 730 4018 τὸ
759 3963 998 4038 ἀξίωμα.
1051 3969 1302 4040 Σήμερον
1336 3967 1370 4036 ἡ
1401 3966 1664 4041 Ιῐαρθὲνος
1713 3966 1763 4038 ἐξ
1811 3967 1942 4044 ἀγό-

278 4073 390 4105 νων
427 4049 670 4124 λαγόνων
714 4051 1067 4132 προέρχεται,
1115 4056 1205 4110 καὶ
1253 4055 1346 4117 τὰς
1394 4056 1558 4132 γονὰς
1606 4063 1705 4126 τῆς
1755 4059 1939 4132 ἀμαρ-

279 4139 403 4202 τίας
460 4142 496 4210 ἡ
559 4142 842 4216 στείρωσις
897 4140 1231 4219 διαδέχεται·
1289 4144 1379 4200 καὶ
1447 4152 1548 4214 τῆς
1609 4152 1940 4222 Συναγωγῆς

280 4234 394 4284 τῶν
467 4226 747 4287 Ἰουδαίων
803 4233 1030 4308 χηρεύει
1083 4234 1145 4288 τὸ
1190 4233 1497 4309 πλήρωμα,
1548 4235 1638 4290 καὶ
1684 4241 1792 4291 τῶν
1839 4243 1938 4306 τῆς

285 4317 619 4390 Ἐκκλησίας
671 4319 893 4377 κόλπων
941 4322 1009 4378 τά
1050 4323 1210 4378 τέκνα
1267 4325 1661 4398 προκόπτουσι,
1722 4331 1940 4402 Χριστῷ

281 4409 366 4480 τῷ
426 4410 658 4512 νυμιρίῳ.
697 4413 1010 4512 θεοπρεπῶς
1061 4411 1389 4487 αὖξανόμενά
1433 4437 1489 4470 τε
1532 4416 1624 4470 καὶ
1672 4413 1935 4487 πληθυνό-
1972 4447 2016 4512 D

285 4519 444 4570 μενα.
496 4499 582 4570 Ἐξ
634 4499 840 4575 ἀγόνων
893 4501 1138 4578 λαγόνων
1179 4505 1214 4573 ἡ
1262 4505 1530 4580 Παρθένιος
1580 4506 1935 4582 προέρχεται,

281 4587 375 4644 ὅτε
405 4587 498 4643 καὶ
550 4590 792 4665 γονίμων
844 4586 1014 4648 ὅντων
1061 4593 1088 4647 ὁ
1137 4593 1297 4656 τόκος
1353 4592 1678 4668 παράδοξος.
1729 4597 1794 4650 Ὠ
1840 4599 1937 4652 τοῦ

283 4678 602 4751 θαύματοςι
648 4679 738 4735 ὅτε
787 4687 887 4750 τῆς
935 4687 1139 4756 σπορᾶς
1199 4683 1227 4737 6
1281 4683 1485 4761 χρόνος
1535 4682 1767 4754 ἐξέλιπε,
1817 4685 1940 4740 τότε

283 4769 382 4820 τοῦ
433 4771 645 4842 καρποῦ
692 4775 797 4838 τῆς
834 4777 1004 4848 φορᾶς
1033 4771 1061 4825 6
1093 4772 1282 4846 καιρὸς
1333 4769 1674 4846 ἐπεδήμησεν
1748 4776 1837 4829 ὅτε
1879 4774 1940 4830 τὸ

284 4859 392 4930 πῦρ
434 4850 657 4943 ἐσϐέσθη
711 4865 810 4927 τῆς
863 4857 1180 4933 ἐπιθυμίας,
1227 4862 1348 4916 τότε
1380 4864 1415 4931 ἡ
1450 4861 1672 4936 λαμπὰς
1724 4863 1937 4943 ἀνήφθη

284 4947 386 5009 τῆς
417 4941 770 5009 παιδοποίας.
806 4949 1012 5018 Νεότης
1053 4948 1212 5012 ἃνθος
1261 4950 1360 5006 οὐκ
1405 4952 1622 5026 ἤνεγκε,
1673 4953 1759 5007 καὶ
1806 4941 1941 5028 βλα-

285 5038 409 5086 στὸν
440 5034 503 5089 τὸ
533 5041 712 5110 γῆρας
742 5032 1141 5111 προϐάλλεται,
1173 5039 1406 5114 γαστρὸς
1456 5036 1616 5116 ὅγκος
1666 5040 1940 5115 ἀκμαζού-

287 5142 385 5192 σης
445 5123 545 5179 οὐκ
603 5124 854 5200 ἐγνώσθη
925 5126 1159 5206 φύσεως,
1214 5129 1306 5184 καὶ
1366 5129 1682 5205 ὑπεράκμου
1740 5128 1940 5202 νηδύος

285 5210 632 5287 ἇειπᾶρθενον
668 5215 866 5290 βρέφος
897 5217 1216 5293 γνωρίζεται
1248 5219 1456 5293 κύημα.

355 5299 516 5358 Ἀλλ’
574 5303 820 5379 ἀπορεῖς,
880 5304 1152 5382 ἄνθρωπε,
1213 5307 1259 5362 εἰ
1326 5309 1361 5378 ἡ
1420 5313 1604 5386 στεῖρα
1683 5309 1938 5378 τὲτοκεν;

2057 3246 2333 3318 Equidem
2384 3247 2598 3302 eximia
2644 3264 2756 3316 res,
2793 3263 2855 3301 ac
2904 3250 3021 3302 tota
3066 3246 3200 3318 quid
3253 3247 3439 3317 majus
3471 3252 3700 3315 natura,

2057 3341 2262 3408 partus
2311 3337 2437 3394 sine
2488 3338 2630 3408 viro,
2664 3353 2730 3392 ac
2786 3340 3017 3392 servata
3075 3335 3378 3408 virginitas
3433 3337 3503 3392 ab
3548 3335 3704 3392 edita

2056 3425 2216 3497 prole
2238 3441 2252 3492 ;
2273 3441 2472 3482 verum
2504 3430 2724 3481 naturae
2745 3441 2976 3497 quoque
3001 3425 3136 3494 jura
3157 3428 3413 3495 superat,
3437 3429 3499 3479 ut
3530 3425 3703 3480 steri-

2056 3513 2127 3570 lis
2160 3532 2193 3570 a
2225 3515 2387 3572 senio
2421 3515 2775 3571 fecunditate
2804 3519 3107 3587 augeatur,
3135 3514 3442 3586 pariatque
3476 3531 3489 3582 ;
3523 3530 3588 3568 ac
3619 3516 3701 3570 rei

2056 3603 2406 3676 prodigium,
2451 3603 2720 3676 virginali
2771 3603 2960 3675 partui
3004 3604 3236 3660 exordio
3285 3605 3466 3675 prait.
3519 3602 3700 3659 Hodie

2051 3693 2218 3749 Anna
2265 3692 2591 3748 sterilitatis
2639 3693 3018 3764 approbrium
3046 3696 3309 3764 amputat
3338 3712 3353 3762 ;
3386 3692 3702 3764 gaudiique

2051 3787 2270 3852 segetes
2314 3786 2598 3837 terrarum
2641 3782 2799 3838 orbis
2841 3783 3024 3837 metit.
3052 3781 3315 3838 Joacbim
3363 3782 3561 3852 puellae
3593 3797 3699 3853 ap-

2057 3871 2298 3941 pellatur
2333 3879 2512 3942 peter,
2546 3887 2768 3941 nosque
2807 3870 3136 3942 adoptionis
3175 3869 3561 3925 arrbabonem
3595 3871 3699 3926 ho-

2054 3958 2212 4014 noris
2242 3958 2477 4014 cumulo
2525 3959 2860 4029 accipimus.
2895 3959 3076 4014 Hodie
3128 3958 3294 4029 Virgo
3325 3975 3393 4013 ex
3435 3959 3699 4014 infecun-

2053 4049 2137 4103 dis
2187 4046 2404 4102 lumbis
2453 4048 2728 4118 procedit,
2779 4047 3118 4118 peccatique
3166 4046 3446 4102 fecundos
3496 4053 3697 4117 partus

2051 4135 2328 4190 sterilitas
2375 4134 2610 4204 excipit,
2643 4135 2957 4206 Synagogs:
3003 4133 3340 4189 Judaorum
3394 4143 3573 4189 coetus
3606 4133 3698 4187 vi-

2051 4225 2203 4280 duus
2247 4228 2463 4290 manet,
2515 4239 2696 4294 exque
2727 4223 2993 4280 Ecclesia!
3043 4223 3176 4280 sinu
3223 4221 3329 4278 ﬁlii
3381 4223 3692 4295 prodeunt,

2051 4313 2148 4386 qui
2178 4312 2404 4369 Christo
2451 4329 2662 4384 sponso
2710 4313 2902 4368 divine
2950 4315 3230 4378 crescant,
3264 4327 3330 4368 ac
3360 4311 3529 4384 pleno
3585 4327 3693 4366 nu-

2050 4427 2209 4468 mero
2241 4413 2587 4483 augeantur.
2612 4410 2878 4466 Procedit
2899 4410 3057 4484 virgo
3085 4410 3188 4466 abs
3208 4409 3504 4466 sterilibus
3536 4409 3697 4463 lum-

2051 4501 2156 4564 bis,
2191 4505 2340 4570 tum,
2373 4516 2506 4556 cum
2548 4500 2720 4555 etiam
2767 4499 2839 4555 iis
2873 4500 3137 4556 fecundis
3169 4504 3370 4570 partus
3410 4497 3695 4554 mirabilis

2049 4607 2114 4646 ac
2145 4589 2418 4646 insolitus
2453 4590 2616 4645 foret.
2652 4589 2696 4644 Ο
2729 4605 2849 4645 rem
2885 4588 3211 4645 mirabilem
3241 4589 3253 4643 Ξ
3287 4603 3419 4644 cum
3454 4587 3696 4642 defecis-

2049 4683 2134 4734 set
2165 4680 2444 4736 sementis
2475 4682 2730 4751 tempus,
2763 4683 2902 4733 tunc
2934 4677 3206 4735 editionis
3240 4678 3464 4734 fructus
3495 4692 3700 4748 oppor-

2049 4769 2273 4824 tunitas
2319 4769 2551 4825 advenit
2588 4784 2602 4823 :
2647 4767 2744 4823 ubi
2790 4767 3126 4838 cupiditatis
3175 4766 3324 4835 ignis
3371 4766 3696 4822 exstinctus

2049 4861 2224 4926 esset,
2255 4860 2396 4911 tunc
2446 4855 2819 4912 fecunditatis
2861 4857 2953 4912 fax
2998 4871 3244 4910 accensa
3275 4859 3376 4911 est.
3411 4855 3698 4911 Juventus

2049 4963 2165 5003 non
2214 4946 2454 5017 protulit
2501 4946 2724 5014 ﬂorem,
2773 4961 3130 5017 germenque
3189 4951 3458 5002 senectus
3505 4945 3624 5001 edit
3676 4961 3692 5001 :

2049 5036 2232 5108 vegeti
2266 5037 2413 5092 uteri
2463 5040 2661 5090 tumor
2699 5035 2935 5107 ignotus
2978 5035 3105 5102 fuit,
3138 5035 3428 5108 etfmtique
3477 5033 3692 5090 ventris

2047 5129 2210 5198 virgo
2242 5129 2521 5197 perpetua
2549 5124 2743 5180 infans
2777 5125 3041 5181 noscitur
3071 5132 3287 5197 partus.

2119 5309 2446 5377 Enimvero,
2479 5307 2714 5365 dubitas
2755 5309 2950 5378 homo,
3008 5326 3149 5366 num
3192 5308 3407 5367 sterilis
3449 5325 3690 5382 pepere-

1652 5527 1891 5586 VARlx‘E
1931 5526 2339 5586 LECTIONES.

360 5709 383 5737 ⁸
409 5693 552 5774 Lege
584 5697 772 5779 φόνον.
