4090 6228
353 339 468 400 551

1557 331 1817 394 PHOTII
1867 329 2092 391 PATRI
2108 333 2142 388 A
2159 329 2386 391 RCHE
2428 333 2542 393 GP.

3637 335 3754 395 552

354 473 489 529 rit?
532 471 802 537 Quinimo
862 468 1094 541 quaeris,
1138 468 1352 539 quibus
1406 472 1458 522 te
1513 481 1746 538 quoque
1806 463 2004 518 mirari

2141 461 2333 516 ’.ἄλλον
2368 461 2424 518 δὲ
2456 469 2655 534 ζητεῖς,
2688 467 2769 526 οἷς
2802 466 2891 520 καὶ
2923 466 2978 520 σε
3010 465 3297 536 θαυμάζειδ
3340 464 3514 544 ἐχρῆν
3565 465 3638 521 δι’
3684 467 3762 520 ὢν

359 561 682 630 Oportebat,
713 559 929 631 quibus
959 557 1321 613 admiramur
1351 555 1481 625 ipsi,
1518 560 1581 610 ut
1611 555 1850 627 dignam
1879 568 2000 607 rem

357 648 641 706 miraculo
699 647 1005 704 ridiculam
1065 645 1258 711 facias,
1311 659 1690 715 spernasque,
1742 659 1808 698 ac
1861 657 2000 698 num

358 739 581 796 sterilis
607 739 812 808 pariat,
835 736 1029 792 verbis
1051 734 1356 791 contendis
1376 734 1403 786 ‘?
1432 733 1492 788 Si
1513 734 1669 789 enim
1701 749 1814 788 non
1857 730 2006 802 parit

362 828 598 893 sterilis,
627 843 729 883 nec
761 843 890 898 quae
923 824 1302 896 parilsterilis
1324 822 1761 894 est;quomodo
1784 819 2006 877 arentia

363 918 543 974 ubera
589 916 647 971 in
698 914 865 970 lactis
903 915 1088 970 fontes
1138 912 1473 968 acuuntur?
1503 912 1802 983 Siquidem
1851 909 2007 965 enim

365 1010 634 1063 senectus
695 1003 999 1074 sanguinis
1061 1003 1367 1059 thesauros
1430 1003 1611 1058 nescit
1674 1000 2006 1064 recondere,

366 1095 655 1167 quomodo
706 1093 856 1164 quod
889 1108 1155 1147 mamma;
1196 1108 1310 1147 non
1345 1095 1714 1163 acceperunt,
1750 1089 1808 1144 in
1844 1087 2010 1144 lactis

366 1183 642 1240 dealbant
670 1183 918 1254 speciem
944 1181 970 1235 ?
1001 1181 1108 1248 Qui
1141 1197 1275 1237 vero
1315 1180 1486 1236 etiam
1520 1179 1688 1235 vulva
1728 1182 2008 1247 emortua,

368 1276 647 1328 maturam
680 1271 984 1342 vivamque
1015 1270 1232 1340 prolem
1267 1268 1404 1336 edit,
1440 1284 1682 1339 eamque
1717 1267 1844 1339 ipsa
1873 1282 2012 1321 con-

365 1362 534 1428 tinet,
566 1365 622 1416 et
660 1359 807 1416 alit?
840 1359 966 1414 Haec
1001 1364 1058 1413 tu
1095 1349 1376 1413 adversus
1430 1358 1700 1428 teipsum,
1735 1361 2013 1426 tuamque

368 1451 659 1507 subtiliter
685 1448 923 1506 consuis
952 1449 1202 1505 salutem
1233 1465 1244 1502 :
1270 1449 1406 1519 quis
1439 1463 1648 1520 nempe
1679 1446 1968 1502 exsistens
1988 1445 2015 1500 ?

368 1539 485 1596 Nec
514 1539 670 1594 enim
719 1555 872 1594 unus
905 1539 1036 1610 quis
1077 1536 1335 1592 fidelium
1379 1537 1648 1602 exsistas,
1685 1553 1748 1591 ac
1787 1551 2012 1604 eorum,

371 1629 470 1700 qui
501 1627 781 1683 miraculo
814 1627 974 1697 digni
1007 1626 1140 1681 sint.
1176 1625 1320 1680 Nam
1357 1641 1540 1696 neque
1585 1625 1772 1680 fidelis
1802 1623 2013 1695 produ-

373 1722 558 1781 catur,
583 1717 681 1788 qui
703 1717 770 1770 iis
791 1717 1027 1785 abroget
1050 1715 1243 1780 ﬁdem,
1266 1730 1366 1783 per
1388 1731 1513 1784 qua:
1539 1713 1680 1768 fides
1702 1712 2014 1777 astruitur;

2115 552 2486 625 θαυμάζομεν,
2531 554 2676 629 παρά
2726 553 2932 631 φαῦλον
2984 553 3166 609 θέσθαι
3213 556 3275 610 τὸ
3323 555 3766 630 θαυμαζόμενον,

2113 638 2203 693 καί
2231 645 2349 703 πῶς
2381 648 2566 717 στεῖρα
2601 640 2749 698 τέκοι
2798 643 3181 718 λογομαχεῖς;
3214 644 3279 700 Εἰ
3311 645 3414 720 γὰρ
3465 650 3654 714 στεῖρα
3702 641 3770 698 ού

2112 729 2300 784 τίκτει·
2332 730 2589 787 τίκτουσα
2619 731 2676 787 δὲ
2724 731 2785 787 ού
2836 738 3036 809 στεῖρα·
3081 737 3200 795 πῶς
3245 730 3303 787 δὲ
3354 734 3518 805 μαζοὶ
3568 735 3773 807 ξηραν-

2114 815 2288 881 θέντες
2339 821 2414 882 εἷς
2473 822 2653 896 πηγὰς
2709 821 3144 894 ἀναστομοῦνται
3195 822 3505 894 γάλακτος;
3564 823 3630 880 Εἰ
3663 823 3772 899 γὰρ

2117 909 2457 980 θησαυρίζειν
2492 912 2629 982 αἷμα
2667 911 2728 964 τὸ
2768 917 2942 985 γῆρας
2984 911 3086 966 οὐκ
3129 909 3266 982 οἶδε,
3314 917 3431 974 πῶς
3481 913 3615 983 ὅπερ
3665 912 3775 968 οὐκ

2116 992 2314 1053 ἔλαϐον
2346 999 2407 1053 αἱ
2440 998 2628 1069 θηλαί,
2661 997 3037 1054 λευκαίνουσιν
3068 999 3145 1062 εἷς
3173 999 3356 1075 γάλα;
3391 1005 3515 1063 Πῶς
3548 998 3607 1056 δὲ
3654 1005 3773 1074 μή-

2116 1107 2216 1158 τρα
2244 1090 2572 1162 νεκρωθεῖσα
2607 1087 2980 1165 τελεσιουργΞῖ
3026 1091 3118 1145 καὶ
3171 1095 3455 1160 ζωοποιεῖ,
3499 1092 3588 1145 καὶ
3644 1112 3772 1145 συν-

2120 1176 2236 1251 ἐχει
2267 1177 2354 1232 καὶ
2384 1178 2567 1255 τρέφει
2597 1179 2658 1234 τὸ
2689 1174 2924 1253 ἔμϐρυον
2954 1198 2967 1248 ;
2999 1183 3174 1234 Ταῦτα
3224 1179 3286 1234 σὺ
3331 1181 3468 1235 κατά
3517 1185 3769 1251 σεαυτοῦ,

2118 1266 2209 1319 καὶ
2260 1274 2360 1335 τῆς
2411 1273 2508 1336 σῆς
2561 1266 3008 1344 μηχανορῥαφεῖς
3059 1269 3352 1343 σωτηρίας·
3395 1268 3472 1332 τίς
3503 1267 3577 1323 ὥν
3608 1290 3622 1338 ;
3653 1273 3772 1324 Τῶν

2121 1360 2326 1411 πιστῶν
2373 1357 2477 1430 γὰρ
2531 1358 2621 1411 καὶ
2679 1357 2839 1429 ἀξίων
2886 1362 2983 1413 τοῦ
3028 1357 3323 1430 θαύματος,
3374 1357 3472 1413 ούκ
3524 1356 3584 1413 ἄν
3625 1357 3767 1428 εἴης·

2123 1441 2246 1498 οὒδὲ
2276 1445 2380 1518 γὰρ
2411 1442 2533 1499 οὐδὲ
2562 1451 2702 1513 τοῖς,
2735 1442 2804 1499 δι’
2853 1447 2926 1499 ὧν
2957 1448 2989 1515 ἡ
3022 1444 3225 1517 πίστις,
3271 1447 3514 1502 ἀπιστεῖν
3568 1448 3774 1520 ούμεν-

2123 1532 2216 1587 οὖν
2247 1534 2274 1586 ὁ
2305 1535 2494 1595 πιστὸς
2527 1536 2953 1610 παρασθήσεται,
2987 1533 3134 1589 ἀλλά
3161 1532 3443 1598 Ἰουδαῖος·
3490 1537 3554 1593 Ἠ
3595 1535 3776 1611 Σάρῥα

2125 1618 2200 1690 δὲ,
2237 1627 2375 1690 πῶς,
2409 1623 2443 1691 ἢ
2477 1628 2581 1678 ποῦ
2614 1644 2696 1678 σοι
2731 1620 3143 1695 διαπέπτωκεν,
3177 1624 3315 1699 Ἀρα
3347 1623 3449 1701 γὰρ
3483 1627 3546 1679 ευ
3585 1627 3778 1699 γήρως

2197 1710 2212 1728 \
2436 1713 2448 1731 Ι
2683 1709 2736 1732 γκ
2887 1711 2940 1729 ’.ᾗ
3062 1715 3074 1728 \
3161 1715 3174 1740 ’
3290 1713 3299 1728 ρ
3610 1716 3633 1728 sl

2124 1731 2214 1765 και
2265 1731 2599 1787 στειρωσεως
2657 1725 2764 1767 ειοε
2809 1731 2977 1767 παιοα
3022 1734 3115 1767 τον
3181 1715 3379 1782 Ισαακ;
3431 1713 3493 1768 ἃν
3523 1715 3557 1782 ἡ
3637 1722 3780 1769 Aw:

374 1807 470 1862 sed
501 1805 763 1860 Judasus.
787 1805 858 1858 At
888 1804 1199 1875 quomodo,
1226 1819 1290 1856 ac
1325 1804 1424 1858 ubi
1453 1802 1555 1857 tibi
1587 1802 1803 1857 excidit
1833 1806 1969 1856 Sara
1990 1800 2017 1854 Ἰ

2141 1821 2207 1855 τοι
2268 1808 2462 1876 συγχεῖ
2518 1802 2607 1856 καὶ
2663 1803 2919 1875 ταράσσει
2970 1801 3098 1865 τοὺς
3145 1801 3474 1876 λογισμοὺς,
3521 1803 3555 1872 ἢ
3591 1801 3775 1876 Σάρῥα

375 1897 574 1951 Nonne
596 1895 750 1949 enim
785 1893 906 1963 illa,
931 1894 1242 1949 senectutis
1263 1909 1328 1948 ac
1352 1893 1674 1949 sterilitatis
1695 1893 2019 1964 dispendiis

375 1984 589 2039 editam
642 1982 890 2054 prolem,
919 1981 1081 2037 Isaac
1131 1981 1318 2035 vidit?
1345 1982 1637 2052 Siquidem
1683 1984 1852 2036 Anna
1891 1983 2020 2038 ani-

380 2088 542 2129 mum
576 2073 682 2127 tibi
727 2071 1049 2132 confundit,
1083 2087 1148 2125 ac
1201 2071 1414 2141 turbat,
1449 2071 1656 2142 potiori
1697 2071 1833 2141 jure
1861 2075 2023 2140 Sara,

383 2161 614 2234 quando
636 2161 812 2217 etiam
842 2161 1015 2231 prior.
1038 2160 1192 2225 Quod
1218 2160 1266 2214 si
1291 2159 1399 2216 hoc
1421 2159 1844 2216 dubitationem
1874 2161 2027 2228 facit,

382 2250 482 2307 ille
531 2255 616 2320 tu,
658 2266 843 2320 neque
894 2249 1201 2320 persentis,
1236 2253 1393 2304 tuam
1441 2257 1492 2305 te
1543 2251 1916 2320 praescribere
1963 2265 2029 2306 ac

383 2340 729 2396 submovere
759 2338 1186 2412 cognationem,
1219 2338 1556 2409 radicesque
1583 2354 1651 2393 ex
1681 2339 1896 2410 quibus
1925 2338 2029 2394 tibi

383 2445 544 2486 ramo
588 2443 717 2483 esse
773 2427 1040 2492 accessit,
1091 2433 1416 2497 amputare,
1459 2434 1632 2497 atque
1680 2444 1712 2482 a
1768 2426 2031 2483 Judaicis

382 2517 619 2590 juribus
650 2515 957 2571 revinceris
985 2515 1269 2571 excidisse
1287 2515 1314 2569 ?

465 2605 535 2661 Ut
566 2605 793 2675 quidem
841 2619 946 2675 ego
976 2612 1190 2658 natura:
1223 2604 1372 2659 serio
1422 2607 1646 2675 partum
1695 2605 1908 2660 factum
1942 2605 2030 2660 di-

395 2709 554 2761 cens,
589 2698 789 2764 postea
820 2708 1080 2763 rogarem
1117 2692 1175 2746 in
1227 2708 1412 2748 meam
1447 2693 1692 2764 pedibus
1731 2695 2030 2750 manibus-

363 2800 488 2856 que
535 2784 650 2838 ires
700 2782 1073 2843 sententiam.
1108 2781 1316 2836 merito
1367 2781 1642 2838 sterilitas
1679 2789 2030 2839 senectutem

392 2879 622 2941 natura,
656 2873 940 2927 rationum
993 2871 1252 2926 laborem
1308 2870 1680 2942 progigneret
1712 2889 1725 2926 :
1760 2889 1889 2930 cum
1936 2891 2037 2929 au-

389 2967 505 3018 tem
531 2961 738 3016 divinae
762 2959 957 3031 gratiae
983 2976 1132 3030 opus
1153 2961 1415 3028 doceam,
1439 2960 1577 3032 quid
1603 2961 1850 3033 gratiam
1875 2962 2032 3034 cogis

389 3051 605 3108 servire
637 3060 873 3118 naturas,
895 3050 1066 3120 cujus
1097 3049 1194 3104 illa
1226 3065 1455 3120 semper
1485 3050 1770 3107 dominari
1804 3068 2033 3124 compa-

2134 1889 2345 1963 μᾶλλον
2381 1892 2462 1946 ὅτι
2494 1892 2583 1946 καὶ
2615 1896 2851 1966 πρῶτον.
2885 1897 2985 1948 "Av
3012 1897 3174 1947 τοῦτο
3205 1892 3341 1966 ποιῇ
3391 1895 3490 1961 τήν
3534 1889 3779 1970 ἀμφιϐοο

2132 1977 2276 2048 λίαν,
2311 1978 2516 2044 ἐκεῖνος
2548 1982 2632 2051 σὺ,
2662 1983 2881 2050 καὶτῆς
2931 1988 3029 2050 σῆς
3084 1982 3183 2036 οὐκ
3228 1980 3454 2056 αἲσθάνῃ
3507 1983 3786 2057 παραγρά-

2137 2091 2251 2146 φων
2297 2074 2624 2144 συγγενείας,
2671 2071 2760 2128 καὶ
2809 2073 3016 2144 τέμνων
3061 2073 3157 2135 τὰς
3198 2071 3349 2148 ῥίζας
3397 2073 3445 2143 ἐξ
3495 2074 3568 2127 ὧν
3605 2095 3690 2128 σοι
3721 2073 3784 2128 τὸ

2139 2159 2271 2213 εἶναι
2321 2157 2532 2232 κλάδῳ,
2576 2161 2665 2214 καὶ
2714 2165 2822 2216 τῶν
2882 2157 3196 2218 Ἰουδαϊκῶν
3261 2163 3475 2234 θεσμῶν
3520 2161 3788 2237 ἐξελέγχῃ

2137 2250 2622 2322 κατενηνεγμένος.

2211 2606 2359 2680 Ἐγὼ
2409 2602 2487 2676 δὲ,
2529 2604 2578 2660 εἲ
2630 2609 2723 2679 μὲν
2763 2607 2940 2680 εἱρμῷ
2990 2605 3201 2683 φύσεως
3250 2607 3564 2682 πεπράχθαι
3617 2607 3792 2683 λέγων

2139 2695 2231 2750 τὸν
2269 2695 2450 2764 τόκον,
2481 2693 2664 2749 ἔπειτά
2722 2716 2778 2750 σε
2828 2697 3079 2767 ὁμονοεῖν
3131 2694 3492 2770 παρεκάλουν,
3533 2695 3725 2758 καλῶς
3761 2701 3789 2768 ἦ

2142 2788 2325 2858 στεῖρα
2371 2784 2432 2838 τὸ
2460 2785 2689 2860 γῆρας’·ιῆ
2723 2787 2758 2854 ἡ
2799 2783 2956 2861 φύσις
3009 2789 3118 2839 τῶν
3165 2783 3557 2859 συλλογισμῶν
3609 2783 3802 2860 ἐγέννα

2141 2873 2233 2928 τὸν
2264 2873 2450 2927 πόνον·
2487 2872 2530 2926 εί
2564 2870 2620 2926 δὲ
2651 2872 2878 2948 χάριτος
2929 2872 3070 2934 θείας
3115 2868 3394 2948 πρεσϐεύω
3431 2877 3526 2941 τήν
3571 2877 3794 2948 πρᾶξιν,

2141 2962 2194 3014 τί
2224 2962 2326 3028 τήν
2353 2959 2512 3035 χάριν
2545 2956 2769 3036 ἕκϐιάζη
2806 2959 3082 3016 δουλεύειν
3113 2966 3182 3035 τῇ
3215 2963 3392 3039 φύσει,
3423 2966 3485 3031 ἧς
3517 2962 3595 3016 άεέ
3647 2961 3788 3034 αὕτη

2145 3050 2347 3125 πέφυκε
2375 3049 2570 3124 κυρία;
2605 3050 2749 3125 Δέχῃ
2779 3053 2868 3106 τὸν
2905 3048 3085 3124 Ἀδὰμ
3126 3051 3293 3124 πηλῷ
3326 3051 3648 3120 πλασθέντα,
3699 3051 3796 3108 καί

390 3147 518 3197 rata
541 3145 628 3196 est
646 3141 674 3195 ?
705 3115 868 3196 Num-
888 3115 1176 3193 Ad'amum
1201 3115 1460 3194 admittis
1485 3153 1514 3193 e
1543 3139 1660 3196 luto
1695 3115 2028 3212 formatum,

2141 3115 2318 3218 xm'pic
2349 3115 3086 3214 napaxtlavrdwysvvzﬁcsmc';
3121 3115 3276 3218 Δέχγί
3318 3144 3418 3209 τὴν
3470 3139 3612 3197 Εὕαν
3636 3115 3790 3197 ’ἄνευ

387 3247 452 3288 ac
474 3233 697 3300 absque
720 3227 1020 3283 nativitate
1045 3229 1385 3299 productum
1411 3245 1538 3284 esse
1555 3229 1582 3284 ‘?
1605 3229 1755 3286 Num
1775 3229 2032 3286 admittis

387 3326 445 3378 et
475 3321 648 3376 Evam
673 3321 897 3391 absque
925 3319 1132 3390 copula
1155 3320 1391 3384 editam,
1417 3335 1484 3375 ac
1506 3320 1719 3386 lateris,
1742 3326 2034 3393 costequs

392 3426 629 3482 germen
675 3409 849 3463 esse?
878 3411 941 3462 ut
991 3407 1161 3478 plane
1211 3424 1324 3461 non
1376 3408 1495 3461 haec
1541 3409 1701 3464 dicas
1753 3409 2030 3464 rationem

395 3505 635 3553 naturae.
660 3497 793 3560 Quas
824 3497 978 3551 enim
1007 3495 1270 3550 humana
1298 3496 1665 3551 successione
1695 3496 1942 3552 secretio
1969 3513 2035 3552 ac

393 3584 710 3659 procreatio
743 3589 854 3651 est,
878 3585 1114 3638 modum
1144 3583 1324 3638 alium
1359 3584 1745 3654 processionis
1777 3602 2032 3666 servans,

392 3693 508 3734 non
558 3675 698 3730 sinit
739 3680 802 3730 ut
851 3673 1088 3730 illorum
1143 3673 1570 3744 processionem
1623 3679 1843 3730 natura:
1891 3692 2035 3747 opus

389 3766 687 3824 existimes
722 3780 735 3818 :
768 3768 829 3818 at
861 3779 1048 3834 neque
1094 3779 1324 3818 rursum
1375 3767 1440 3818 ut
1475 3767 1677 3818 contra
1718 3769 1983 3820 naturam
2019 3780 2032 3819 :

391 3853 683 3925 siquidem
744 3851 843 3906 illa
892 3851 1179 3907 naturalis
1236 3851 1542 3906 hominum
1601 3851 2036 3909 constitutionis

393 3942 750 4016 principium
799 3944 908 3998 est.
948 3940 1134 3996 Divini
1174 3956 1307 4013 ergo
1338 3940 1564 3998 consilii
1595 3941 1692 4008 sit,
1733 3947 1906 4014 atque
1937 3959 2036 4014 po-

393 4033 613 4089 tentias.
640 4030 788 4094 Quid
821 4046 954 4085 vero
975 4029 1002 4084 ‘2
1025 4033 1164 4085 Tum
1199 4029 1435 4100 quidem
1463 4031 1714 4100 potuisse
1744 4033 2034 4099 concedis,

389 4123 450 4180 in
469 4122 544 4178 iis
562 4136 796 4193 quoque
815 4136 940 4191 quae
959 4120 1242 4190 majorem
1259 4120 1705 4176 admirationem
1721 4121 2034 4192 habebant,

393 4212 656 4269 divinum
708 4210 958 4278 Numen,
1008 4225 1113 4264 nec
1166 4213 1387 4264 naturae
1446 4210 1706 4266 ordinem
1757 4211 2036 4267 adversus

395 4303 525 4373 ejus
566 4299 844 4356 Fictorem
880 4297 1164 4364 instruis;
1190 4314 1342 4353 nunc
1376 4301 1583 4365 autem,
1618 4303 1896 4369 tanquam
1931 4316 2035 4371 po-

392 4389 789 4448 tentissimum
826 4404 892 4442 ac
941 4385 1335 4442 immortalem
1377 4387 1646 4444 virtutem
1691 4389 1843 4458 gravi
1875 4389 2037 4448 senio

397 4481 681 4538 defectam
724 4478 1108 4544 existimares,
1149 4477 1248 4532 isti
1289 4476 1727 4533 imbecilliorem
1780 4495 2038 4552 pronun-

393 4571 508 4629 tias
529 4572 556 4627 ‘I
583 4585 718 4626 cum
751 4566 1043 4640 prioribus
1081 4565 1452 4632 exercitatus,
1489 4582 1593 4637 par
1631 4575 1785 4624 esset
1813 4571 1880 4624 ut
1909 4570 2042 4626 aliis

396 4677 628 4735 quoque
671 4657 866 4732 potius
911 4654 1204 4724 videreris,
1237 4654 1623 4711 indubitatam
1664 4656 1720 4711 in
1754 4657 2044 4727 ejusmodi

2143 3226 2447 3300 συναφείας,
2480 3228 2569 3282 καὶ
2621 3228 2858 3303 πλευρᾶς
2907 3226 3258 3304 ὑπάρχουσαν
3307 3229 3574 3306 γέννημα·
3625 3231 3791 3304 λόγον

2139 3323 2303 3372 ταῦτα
2334 3318 2543 3389 φύσεως
2568 3317 2664 3372 οὐκ
2694 3316 2753 3371 ἂν
2804 3317 2973 3372 εἰπεῖν
3006 3315 3169 3392 ἔχων.
3225 3323 3288 3373 ἸΙ
3337 3321 3436 3394 γάρ
3481 3320 3621 3374 κατά
3670 3317 3792 3373 81:-

2144 3406 2317 3482 δοχὴν
2351 3413 2457 3462 τῶν
2491 3407 2790 3480 ἀνθρώπων
2823 3407 3046 3477 αύξησίς
3077 3429 3134 3464 τε
3171 3409 3260 3463 καὶ
3292 3407 3565 3483 γὲινησις,
3609 3407 3793 3480 ἄλλην

2140 3498 2285 3566 τάξιν
2318 3497 2416 3563 τῆς
2455 3493 2696 3570 προόδου
2729 3494 3093 3566 διασῴζουσα,
3127 3498 3224 3552 οὐκ
3262 3495 3322 3568 ἐᾷ
3353 3499 3449 3566 τὴν
3501 3495 3794 3572 προϐολὴν

2144 3583 2359 3638 ἐκείνων
2406 3583 2616 3661 φύσεως
2667 3582 2904 3657 δοξάζειν
2961 3580 3140 3660 ἔργον·
3193 3583 3320 3640 ἀλλ’
3371 3583 3496 3640 ούδὲ
3539 3608 3598 3661 γε
3647 3587 3797 3659 παρά

2144 3673 2299 3750 φύσιν
2341 3671 2526 3727 πάλιν·
2562 3675 2709 3748 ἀρχὴ
2752 3675 2855 3748 γὰρ
2900 3681 2998 3743 τῆς
3038 3675 3172 3729 κατά
3226 3676 3376 3753 ,φύσιν
3426 3681 3534 3730 τῶν
3585 3677 3796 3748 ἀνθρώ-

2143 3784 2259 3817 πων
2299 3761 2620 3824 συστάσεως.
2680 3763 2835 3824 Θείας
2879 3763 2978 3838 ἄρα
3031 3762 3265 3836 βουλῆς,
3311 3764 3399 3820 καὶ
3455 3765 3668 3841 ἰσχύος.
3734 3764 3797 3820 Τί

2146 3849 2393 3919 δέ;Τὸτε
2427 3853 2520 3924 μὲν
2556 3851 2768 3931 ἰσχύειν
2817 3852 2912 3906 κᾶν
2962 3858 3078 3915 τοῖς
3130 3851 3580 3931 παραδοξοτὲροες
3630 3853 3802 3920 δίδως

2143 3941 2206 3995 τὸ
2237 3945 2413 4004 Θεῖον,
2454 3941 2540 3994 καὶ
2575 3941 2673 4007 τήν
2707 3942 2851 4010 τάξιν
2883 3949 2984 4011 τῆς
3017 3941 3227 4018 φύσεως
3274 3945 3410 3998 κατα
3457 3948 3551 3999 τοῦ
3589 3945 3798 4015 ταύτης

2147 4029 2252 4104 οὐχ
2283 4026 2524 4097 ὁπλίζεις
2557 4028 2830 4084 Πλάστουο
2864 4034 2954 4084 νῦν
2989 4029 3046 4085 δὲ
3079 4031 3261 4105 ὥσπερ
3289 4039 3461 4107 γῆρας
3503 4033 3637 4105 βαθὺ
3668 4054 3802 4088 κατ,

2148 4118 2394 4193 εγνωκὼς
2447 4124 2544 4186 τῆς
2613 4121 3072 4190 πανσθενεστάτης
3150 4121 3240 4174 καὶ
3314 4121 3592 4195 ἀκηράτου
3655 4119 3802 4176 δυνά-

2151 4226 2320 4279 μεως,
2371 4207 2740 4282 ἀσθενεστέραν
2789 4209 3003 4270 τούτοις
3053 4208 3407 4286 ἀποφαίνεις
3442 4208 3520 4287 ἐφ’
3571 4210 3647 4264 ὧν
3682 4217 3807 4272 τοῖς

2146 4293 2446 4371 ἔμπροσθεν
2498 4297 3017 4374 ἐγγεγυμνασμένος,
3083 4297 3292 4362 δίκαιος
3344 4298 3400 4354 ἂν
3455 4301 3596 4368 ἦσθα
3657 4299 3812 4372 μᾶλ-

2147 4384 2246 4442 λον
2276 4387 2366 4441 καὶ
2393 4392 2509 4449 τοῖς
2540 4386 2736 4450 ἄλλοις
2775 4389 3008 4466 ὀφθῆναι
3033 4389 3132 4456 τήν
3186 4390 3309 4462 περὶ
3361 4388 3566 4444 τούτων
3624 4389 3810 4444 πίστιν

2149 4473 2466 4532 ἀδίστακτον
2518 4478 2964 4556 παρεσχημένος.
3017 4478 3226 4536 Οὐκοῦν
3281 4475 3405 4533 οὐδὲ
3450 4475 3719 4542 Ἰουδαῖος
3781 4481 3810 4535 ὁ

2149 4561 2587 4643 ἀμφισϐητήσων
2639 4565 2748 4637 εἷή,
2796 4566 2961 4641 ἄνπερ
3023 4565 3291 4631 Ἰουδαῖος
3346 4565 3454 4638 εἴη·
3517 4565 3666 4623 ἀλλά
3724 4589 3811 4630 τις

2152 4660 2258 4710 τῶν
2290 4653 2544 4726 ’Ἕλληνα
2573 4660 2700 4710 νοῦν
2733 4656 2822 4710 καὶ
2851 4655 3077 4732 γνώμην
3107 4655 3476 4731 κεκτημένων.

392 4751 652 4822 prehere
701 4749 896 4803 ﬁdem.
929 4745 1211 4810 Quocirca
1255 4761 1326 4800 ne
1362 4743 1598 4802 Judmus
1648 4745 1880 4818 quidem
1932 4747 2305 4810 dubitaverit,
2339 4751 2404 4802 ut
2455 4748 2678 4818 quidem
2724 4747 2966 4804 Judaeus
3019 4748 3257 4817 sit;sed
3310 4765 3512 4806 eorum
3568 4748 3815 4821 aliquis,

400 4839 500 4911 qui
532 4840 788 4894 animum
821 4854 888 4893 ac
920 4841 1175 4893 mentem
1216 4834 1433 4891 habent
1461 4835 1752 4907 gentilitio
1783 4852 1976 4892 errore
2007 4841 2255 4893 teutum.

409 4961 414 4966 -
471 4929 592 4983 Non
623 4926 812 4984 credis
843 4943 976 4998 ergo
1007 4931 1092 4993 tu,
1123 4925 1594 4998 subsannasque,
1622 4929 1687 4980 ut
1717 4924 1914 4998 puella
1941 4927 2046 4982 abs

399 5016 582 5074 sterili
614 5015 912 5086 prodierit,
944 5015 1044 5086 qui
1087 5014 1354 5070 homines
1385 5014 1692 5085 putredine
1723 5019 1883 5070 ortos
1914 5031 2050 5070 con-

400 5104 577 5178 tingis
601 5106 629 5159 ?
656 5103 757 5176 qui
793 5104 1062 5160 draconis
1091 5104 1296 5160 dentes
1335 5104 1651 5175 majoribus
1680 5103 1794 5159 tuis
1821 5103 2046 5170 vulvas,

402 5195 618 5267 quibus
667 5193 786 5249 sint
816 5193 1091 5266 suscepti,
1123 5192 1309 5249 efficis
1340 5209 1352 5248 :
1384 5191 1642 5264 adeoque
1681 5193 1904 5249 utinam
1945 5193 2046 5248 tibi

400 5283 530 5357 ipse
569 5282 807 5351 dicenti,
841 5299 938 5338 eos
970 5281 1236 5354 sepulcra
1275 5281 1650 5351 ostendisses,
1684 5282 1783 5354 qui
1825 5281 2049 5355 lapides

397 5373 573 5446 jubes
621 5387 992 5428 concrescere
1040 5369 1097 5425 in
1131 5369 1418 5437 homines,
1461 5375 1809 5442 tuorumque
1858 5371 2048 5441 majo-

404 5479 533 5520 rum
567 5479 748 5533 genus
779 5461 960 5534 digna
990 5464 1045 5516 te
1076 5458 1224 5515 serie
1265 5474 1552 5527 recenses,
1586 5459 1644 5514 in
1679 5459 2049 5516 formicarum

406 5552 749 5622 sanguinem
802 5551 1077 5606 referens.
1114 5549 1200 5604 Tu
1248 5547 1370 5604 hac
1419 5549 1674 5620 sapiens,
1714 5564 2050 5622 quanquam

407 5649 543 5703 sunt
575 5640 900 5700 maximum
924 5638 1197 5696 delirium
1231 5657 1246 5708 ;
1272 5653 1377 5695 nec
1400 5654 1643 5710 usquam
1673 5637 1916 5712 aliquid,
1937 5654 2051 5695 non

2231 4925 2500 4986 Ἀπιστεῖς
2561 4919 2618 4978 δὲ
2683 4921 2785 4997 ἄρα
2843 4926 2928 4993 σὺ,
2987 4925 3074 4980 καὶ
3135 4925 3418 5002 φαυλίζεις
3468 4926 3528 4981 ἐκ
3595 4925 3814 4998 στείρας

2155 5010 2325 5068 παῖδα
2371 5009 2831 5087 προεληλυθέναι,
2863 5014 2891 5068 ὁ
2920 5015 3149 5087 σήψεως
3190 5013 3348 5069 τὲκνα
3382 5012 3643 5070 πλάττων
3683 5016 3822 5080 τοὺς

2156 5100 2521 5176 ἀνθρώπους;
2563 5103 2590 5156 ὁ
2622 5098 2996 5174 δρακοντείους
3046 5100 3271 5166 ὀδόντας
3325 5105 3537 5178 μήτρας
3584 5105 3816 5180 αὑτουρυ

2154 5193 2324 5265 γήσας
2353 5197 2470 5256 τοῖς
2501 5197 2615 5253 σοῖς
2646 5212 2704 5267 γε
2734 5192 3030 5267 προγόνοις
3056 5210 3071 5261 ;
3104 5193 3178 5254 ὡς
3227 5191 3335 5248 εἶ’θε
3379 5193 3586 5264 τάφους
3638 5198 3812 5249 ταῦτα

2160 5277 2377 5356 λέγοντί
2410 5301 2492 5334 σοι
2523 5281 2749 5342 τούτους
2797 5277 3054 5350 ἐδείκνυς,
3087 5281 3114 5336 ὁ
3146 5280 3331 5344 λίθους
3375 5280 3816 5358 ἆνθρωπίζεσθαι

2161 5368 2535 5443 προστάττων,
2597 5369 2685 5423 καὶ
2743 5374 2848 5424 τῶν
2925 5373 3031 5423 σῶν
3091 5370 3452 5443 προπατόρων
3532 5371 3593 5424 τὸ
3653 5368 3813 5444 γένος

2161 5455 2326 5527 ἀξίως
2361 5479 2421 5532 γε
2452 5461 2649 5512 σαυτοῦ
2686 5455 3048 5532 γενεαλογῶν,
3101 5457 3176 5519 εἰς
3225 5459 3286 5513 τὸ
3332 5462 3442 5512 τῶν
3497 5461 3820 5532 μυρμῆχων

2164 5547 2446 5623 ἀναφέρων
2471 5549 2626 5622 αἷμα.
2662 5547 2736 5602 Σὺ
2765 5553 2933 5604 ταῦτα
2962 5554 3202 5628 φρονῶν,
3235 5547 3330 5603 κᾶν
3375 5549 3583 5624 μακρὸς
3641 5549 3819 5624 ὑπάρ-

2166 5657 2258 5717 χει
2308 5636 2503 5715 λῆρος·
2552 5639 2640 5694 καὶ
2693 5635 2932 5713 οὐδαμῆ,
2984 5635 3160 5694 οῢδὲν·
3211 5638 3273 5695 ού
3315 5637 3499 5714 χάριν·
3551 5636 3616 5694 ού
3664 5641 3819 5713 νοῦν,
