4090 6228
267 366 376 430 553

1098 363 1430 462 HOMILIA
1477 365 1524 426 Ι.
1572 399 1648 412 —-
1690 366 1768 426 IN
1816 363 1926 425 SS.
1975 363 2248 424 MARl/E
2292 365 2845 432 NATIVITATEM.

3557 375 3678 436 εει

264 503 326 558 οὗ
358 501 539 582 φύσιν,
571 501 673 558 οὐκ
713 501 984 574 αἴσθησιν,
1015 500 1114 556 οὐκ
1143 499 1440 575 ἀλλοτρίαν
1471 499 1648 570 δόξαν,
1700 498 1762 554 οὐ
1809 498 1908 566 τὴν

2050 498 2295 568 gratiam,
2329 517 2442 557 non
2485 506 2760 571 mentem,
2786 519 2903 560 non
2935 506 3230 573 naturam,
3265 521 3382 560 non
3412 519 3679 576 sensum,

265 597 509 660 σεαυτοῦ,
563 591 666 646 οὐκ
714 589 855 646 ἄλλο
901 588 1054 647 οὐδὲν
1109 592 1410 667 συνήγορον
1441 585 1606 664 ἔχων,
1635 587 1782 658 πλὴν
1816 589 1915 656 τῆς

264 689 363 752 σῆς
418 679 804 757 ἀναισχυντίας
872 680 907 750 ἢ
961 680 1334 751 ἀναισθησίαςο
1397 678 1574 753 ὅμως,
1641 676 1914 752 περιέπεις

263 773 351 828 καὶ
402 767 736 846 πρεσϐεύεις·
789 771 821 826 ἃ
866 769 922 826 δὲ
965 771 1056 826 καὶ
1107 769 1256 841 δόξαι
1301 773 1536 845 κμροῦσι
1581 767 1915 842 μαχόμεναι,

264 862 434 918 ταυτᾶ
482 862 607 938 περὶ
654 861 861 917 τούτων
910 860 1012 916 ὑπὸ
1060 867 1162 931 τῆς
1204 858 1466 930 ἀληθείας
1498 857 1916 936 συνφθέγγεσθαι

269 951 616 1028 βιαζόμεναιο
676 951 768 1006 καὶ
827 951 899 1004 ὧν
950 951 1144 1025 πρώτη
1201 951 1405 1023 μάρτυς
1457 951 1492 1018 ἡ
1549 948 1786 1021 αὐτοψία
1829 944 1918 1002 καὶ

268 1041 551 1112 α’ίσθησις,
581 1040 672 1096 καὶ
703 1042 789 1102 οἷς
821 1037 1007 1096 πολλᾶ
1033 1042 1141 1094 τῶν
1183 1038 1571 1114 ὁμοιοτρόπως
1607 1035 1778 1092 πάλαι
1829 1056 1922 1111 γε-

268 1132 540 1208 γονότων,
580 1130 670 1184 καὶ
704 1128 878 1205 χωρὶς
909 1131 1018 1184 τῶν
1052 1127 1356 1202 εἰρημένων
1406 1129 1506 1197 τήν
1553 1126 1734 1182 πίστιν
1781 1145 1921 1199 παρ-

270 1221 480 1298 έχεται’
535 1223 702 1276 ταῦτα
749 1217 1037 1294 χλευάζειν
1095 1215 1410 1293 ἐπιχειρεῖς,
1468 1215 1558 1271 καί
1621 1215 1673 1270 ὲν
1730 1214 1923 1294 φαύλῳ

268 1312 511 1366 τίθεσθαι
539 1328 552 1380 ;
585 1310 671 1364 καὶ
707 1308 769 1364 ού
797 1312 958 1364 τοῦτο
991 1307 1154 1385 φαίην
1189 1307 1248 1362 ἂν
1298 1305 1495 1382 ἔγωγε,
1536 1307 1610 1366 ὡς
1650 1307 1735 1367 οἷς
1785 1303 1926 1359 ἐκεῖο

267 1422 352 1456 νοι
389 1399 458 1456 τά
485 1397 810 1455 άτοπώτᾶτα
853 1392 1306 1472 πεπρεσϐεύκασι,
1355 1397 1574 1458 τούτοις
1614 1397 1761 1468 ἡμᾶς
1803 1391 1928 1463 δεή-

271 1511 349 1545 σει
418 1489 775 1566 σεμνολογεῖν
837 1487 903 1543 τὰ
945 1486 1211 1563 ἡμέτερα²
1261 1483 1384 1541 οὐδὲ
1431 1483 1648 1541 πολλοῦ
1707 1481 1808 1553 δεῖ,
1867 1482 1929 1537 τὸ

269 1583 388 1659 φῶς
431 1583 512 1652 τῷ
561 1580 740 1634 σκότει
795 1575 1224 1653 λαμπρύνεσθαι,
1257 1576 1292 1645 ἢ
1331 1580 1411 1649 τῷ
1454 1572 1637 1642 ψεύδει
1679 1572 1932 1628 συνίστα-

269 1672 392 1725 σθαι
444 1669 546 1737 τὴν
597 1668 876 1740 ἀλήθειαν·
924 1667 960 1736 ἢ
1009 1670 1077 1741 τῇ
1113 1667 1295 1741 πλάνῃ
1337 1667 1434 1736 τήν
1467 1665 1648 1720 πίστιν
1681 1663 1931 1738 στηρίζε-

271 1762 420 1814 σθαι·
471 1755 602 1812 ἂλλ³
650 1757 724 1820 ὡς
767 1756 914 1819 ὅλως
947 1754 1046 1811 οὐκ
1097 1755 1221 1824 ἐξῆν
1273 1752 1500 1817 ἕκείνοις
1547 1775 1695 1810 κατω
1743 1773 1931 1809 παντε-

2025 606 2142 645 non
2197 591 2448 648 alienam
2506 592 2860 665 opinionem,
2916 611 3030 650 non
3088 599 3247 651 tuam
3307 595 3515 666 ipsius,
3561 613 3678 652 non

2027 679 2181 736 aliud
2223 683 2544 755 quidquam
2573 683 2797 740 habens
2843 685 2998 756 quod
3040 685 3412 758 suifragetur,
3442 690 3686 758 excepta

2027 769 2306 826 duntaxat
2334 771 2702 843 impudentia
2743 778 2861 844 tua,
2891 774 3012 830 sive
3049 774 3504 832 insensibilitate
3537 793 3552 844 ;
3582 792 3686 832 ve-

2029 861 2254 916 neraris
2302 864 2523 929 tamen,
2555 879 2620 918 ac
2666 862 2872 919 honori
2920 863 3100 920 habes
3134 881 3147 920 :
3181 879 3248 919 ea
3287 881 3421 921 vero
3470 882 3598 938 quae
3628 869 3688 921 et

2030 954 2360 1022 pugnantes
2402 953 2750 1009 conﬁrmant
2793 953 3118 1024 opiniones,
3163 959 3402 1026 cogente
3440 957 3682 1012 veritate

2031 1043 2096 1094 ut
2143 1040 2211 1096 de
2261 1040 2355 1098 his
2403 1042 2606 1098 eadem
2652 1043 3084 1099 consentienter
3127 1043 3504 1116 pronuntient
3549 1062 3562 1101 :
3609 1061 3678 1101 ac

2034 1145 2276 1200 quorum
2310 1129 2534 1201 primus
2565 1132 2731 1188 testis
2754 1136 2842 1188 est
2865 1131 2986 1203 ipse
3017 1137 3306 1204 aspectus,
3335 1149 3686 1205 sensusque,

2035 1219 2250 1290 quibus
2297 1219 2569 1292 denique,
2605 1221 2769 1291 plura
2819 1221 2959 1276 olim
3009 1221 3187 1276 simili
3242 1221 3466 1277 ratione
3513 1223 3687 1288 facta,

2035 1309 2290 1380 exceptis
2317 1309 2492 1366 etiam
2523 1310 2616 1377 iis,
2639 1326 2759 1382 quze
2791 1314 2930 1365 sunt
2955 1310 3128 1378 dicta,
3155 1311 3326 1367 ﬁdem
3354 1311 3690 1381 conciliant,

2037 1399 2402 1456 subsannare
2437 1399 2763 1468 contendis,
2797 1415 2861 1455 ac
2902 1400 3366 1472 ﬁoccipendcre?
3393 1401 3508 1458 Nec
3548 1417 3692 1458 sane

2038 1503 2140 1558 ego
2189 1487 2250 1544 id
2299 1488 2564 1558 dixerim,
2598 1492 2663 1544 ut
2711 1488 2927 1561 quibus
2973 1487 3053 1544 illi
3105 1504 3195 1546 res
3243 1489 3695 1546 absurdissimas

2041 1577 2420 1648 honorarunt,
2460 1579 2534 1635 iis
2582 1595 2687 1636 nos
2736 1582 3001 1652 Oporteat
3049 1579 3357 1636 honestare
3407 1583 3636 1636 nostras
3675 1595 3690 1647 ;

2042 1683 2250 1740 neque,
2269 1669 2422 1739 quod
2449 1668 2622 1741 longe
2642 1669 2826 1738 abest,
2846 1669 3101 1725 tenebris
3135 1669 3332 1724 lumen
3365 1669 3696 1738 illustrare;

2043 1761 2142 1812 aut
2181 1757 2479 1814 veritatem
2529 1757 2831 1814 mendacio
2876 1761 3136 1815 astruere
3167 1759 3292 1814 :vel
3339 1758 3510 1814 ﬁdem
3557 1757 3695 1814 inﬁ-

274 1849 396 1913 λῶς
442 1849 836 1922 κατενεχθεῖσι,
889 1847 980 1902 καὶ
1031 1847 1154 1900 ὅσον
1212 1847 1376 1919 ἡμεῖς
1427 1844 1535 1900 ἄνω
1565 1848 1665 1909 τῆς
1699 1842 1932 1921 φύσεως,

2050 1846 2296 1902 delitatis
2354 1863 2546 1903 errore
2605 1847 2994 1915 conﬁrmare;
3029 1848 3128 1904 sed
3181 1846 3350 1919 plane
3381 1848 3545 1903 nefas
3598 1861 3698 1904 eos

273 1941 340 1994 τά
378 1939 476 2012 μὲν
508 1937 651 2012 παρὰ
682 1940 860 2015 φύσιν,
887 1935 977 1992 καὶ
1007 1935 1041 1989 ’ἁ
1073 1931 1204 2009 μηδ’
1242 1935 1389 1996 ὅστις
1422 1933 1513 1988 οὖν
1565 1934 1770 2006 τρόπος
1801 1953 1929 2007 συγ-

274 2030 624 2104 κροτήσειεν,
654 2028 821 2081 ταῦτα
849 2029 1038 2099 τιμᾷν,
1071 2025 1158 2079 καὶ
1187 2022 1500 2098 θαυμάζειν·
1552 2022 1584 2076 ἃ
1633 2022 1690 2077 δέ
1737 2019 1936 2092 πολλῷ

274 2120 518 2189 κρείσσω
569 2117 660 2172 καὶ
711 2115 886 2194 λόγου
935 2117 1021 2171 καὶ
1083 2115 1315 2194 φύσεως,
1359 2115 1450 2170 καὶ
1500 2115 1726 2176 ἀνέσεως
1755 2117 1800 2153 δ’
1845 2112 1932 2166 καὶ

276 2209 446 2265 εἰσέτι
502 2207 791 2283 μαρτύρων
837 2206 1023 2281 τάφοι,
1068 2203 1211 2260 ἔστιν
1266 2205 1327 2260 οὗ
1366 2211 1465 2274 τῆς
1505 2203 1693 2280 χρείας
1732 2198 1935 2257 καλού-

277 2321 402 2370 σης,
437 2298 530 2353 καὶ
569 2304 670 2366 τῆς
701 2298 967 2372 Προνοίας
1000 2294 1424 2369 οἷκονομούσης,
1454 2296 1933 2369 τερατουργοῦντες

276 2387 767 2464 ἐπιμαρτύρονται,
833 2390 1002 2442 ταῦτα
1057 2383 1115 2440 δε
1181 2383 1333 2459 λόγῳ
1387 2384 1477 2439 καί
1535 2381 1714 2456 πλάνῃ
1743 2385 1939 2458 πειρᾶ-

278 2480 402 2533 σθαι
453 2474 872 2554 παρασαλεύειν.

351 2747 502 2820 ’Όρα
550 2740 608 2799 δὲ
654 2741 893 2799 κάκεῖνο.
953 2741 1026 2798 Ού
1085 2742 1255 2804 πάθος
1312 2744 1500 2816 κρατεῖ
1555 2739 1803 2818 φύσεως;
1881 2737 1942 2794 οὗ

282 2835 491 2902 νόσος;
553 2830 614 2888 οὒ
669 2839 879 2907 γῆρας;
949 2832 1047 2886 οὐκ
1095 2830 1232 2900 αύτή
1293 2827 1350 2886 δὲ
1396 2831 1589 2900 νεότης
1629 2827 1772 2884 οὕτω
1802 2823 1947 2898 ἡϐά-

285 2944 497 2979 σκουσα
546 2921 592 2978 εἶ
641 2928 730 2978 καί
777 2943 830 2977 τι
879 2919 1042 2988 ἄλλο,
1102 2921 1341 2976 ἀσθένεία
1389 2921 1702 2976 καθεστῶσα
1731 2922 1828 2984 τῆς
1857 2939 1947 2974 τε-

286 3013 551 3073 κνώσεως
580 3029 594 3080 ;
625 3015 712 3066 καὶ
743 3011 804 3066 τὸ
845 3007 1174 3084 παράδοξον,
1228 3009 1275 3064 εἴ
1326 3010 1401 3082 μή
1447 3013 1525 3082 τῷ
1579 3009 1798 3079 συντίθει
1843 3010 1943 3077 τήν

285 3097 561 3172 ἔκπληξιν
619 3098 990 3170 διεκλέπτετο,
1045 3098 1129 3155 ὅτι
1181 3096 1252 3153 δι’
1307 3102 1372 3168 ἧς
1431 3093 1650 3174 ἔρχεταί
1697 3119 1781 3160 τις
1810 3097 1940 3153 εἶναι

285 3192 501 3265 πατὴρ,
557 3190 696 3258 αὐτὴ
737 3188 872 3252 τέως
922 3190 1024 3245 οὐκ
1071 3189 1132 3260 ἐᾷ
1177 3188 1421 3264 γενέσθαι
1452 3187 1673 3263 πατέρα.
1707 3188 1772 3246 Τί
1802 3185 1940 3256 οὗν;

283 3282 350 3337 τὰ
398 3281 548 3350 πάθη
603 3283 725 3349 νικᾷ
772 3281 869 3348 τὴν
919 3277 1099 3352 φύσιν,
1151 3277 1194 3332 εἷ
1249 3279 1324 3350 μή
1375 3299 1426 3333 τι
1473 3275 1614 3332 ἄλλο
1645 3277 1812 3340 πάθος
1861 3277 1950 3332 καὶ

293 3370 628 3446 περίττωμα
647 3368 848 3438 ταύτης
879 3367 957 3422 ὄνσ
992 3370 1025 3438 ἡ
1061 3366 1117 3422 δὲ
1146 3367 1308 3443 χάρις
1340 3368 1406 3436 ἣν
1436 3361 1664 3422 ἔπλασεν
1709 3365 1769 3421 οὒ
1823 3365 1954 3442 βελ-

284 3467 402 3517 τιοῖ
452 3459 648 3538 φύσιν;
695 3460 757 3513 τὸ
807 3463 983 3533 γῆρας
1031 3458 1234 3533 ψύχον,
1275 3463 1375 3527 τῆς
1403 3459 1569 3534 γονῆς
1609 3457 1950 3531 άναξηραίνει

283 3554 380 3614 τὰς
442 3549 646 3627 πηγάς,
694 3549 785 3604 καὶ
837 3549 865 3604 ὁ
912 3547 1164 3618 πλάστης
1217 3545 1441 3602 θάλπων
1491 3545 1589 3602 οὐκ
1639 3544 1850 3619 ἀρδεύει
1888 3549 1950 3603 τὸ

287 3641 638 3717 γεγηρακός;
667 3640 844 3696 ἐκεῖνα
873 3640 1009 3713 πρὸς
1041 3639 1074 3694 ’ὰ
1125 3640 1294 3713 μήπω
1336 3641 1671 3714 κατηνέχθη,
1715 3641 1804 3695 καὶ
1853 3644 1950 3696 τοῦ

293 3735 500 3806 καιροῦ
538 3732 708 3804 μήπω
737 3731 1138 3805 παραστάντος,
1168 3729 1257 3784 καὶ
1290 3729 1554 3804 χειρόνων
1602 3725 1772 3785 ὄντων
1810 3731 1948 3808 πφὸς

297 3821 330 3876 ἃ
383 3819 729 3890 καθέλκεται,
777 3819 922 3898 φέρει
972 3818 1124 3894 ὅμως
1178 3817 1448 3894 εὖμαρῶς³
1502 3819 1530 3872 ὁ
1576 3816 1631 3873 δὲ
1677 3821 1949 3890 πλάστης,

291 3909 346 3966 ἐν
385 3913 474 3973 οἷς
516 3907 566 3979 ἔξ
612 3909 793 3985 ἀρχῆς
839 3908 989 3984 ὅροις
1041 3907 1285 3979 ἔστησεν,
1327 3907 1426 3962 οὐκ
1478 3907 1732 3983 ἐπανάγει
1779 3906 1952 3964 θέλων

284 4000 578 4076 εὐχερῶςς
611 3999 855 4061 ἀπιστεῖς
891 4004 1008 4059 τοῖς
1043 3996 1396 4072 εἰρημένοις;
1429 3997 1614 4060 καλῶς
1644 4018 1704 4073 γε
1733 4003 1909 4053 ποιῶν
1935 4016 1948 4030 ’

279 4092 344 4147 οὐ
388 4089 496 4167 γὰρ
537 4087 745 4163 ἔμοιγε,
775 4089 836 4142 οὗ
869 4086 1085 4144 πολλοῦ
1117 4085 1200 4142 δεῖ
1227 4091 1337 4142 τῶν
1387 4091 1599 4161 σεμνῶν
1646 4109 1741 4143 σου
1783 4092 1952 4143 ταῦτα

285 4177 714 4253 μεταπλάσεων,
763 4178 826 4240 ’ἀς
866 4175 972 4254 ἐγώ
1023 4197 1108 4233 σοι
1149 4177 1552 4252 ἀριθμήσομαιο
1603 4176 1818 4250 μᾶλλον
1871 4175 1949 4247 δὲ,

281 4271 378 4324 σόν
411 4266 528 4323 ἔστι
558 4265 874 4342 καταλέγειν
905 4271 1092 4336 ταῦτα,
1122 4263 1201 4320 τἶν’
1232 4263 1368 4341 ἔχῃς
1399 4264 1568 4322 πλέον
1599 4263 1650 4322 ἐν
1689 4272 1805 4329 τοῖς
1858 4288 1942 4323 σοι

287 4352 756 4434 βιωφελεστάτοις
783 4353 1138 4432 ἆφηγήμασιν
1166 4355 1329 4426 ἡμῶν
1359 4353 1792 4431 κατεπαίρεσθαι.

2046 1951 2420 2007 praesumere,
2438 1937 2677 1992 omnino
2699 1953 2877 1993 sensu
2901 1937 2969 1990 ad
2991 1936 3111 1992 ima
3130 1937 3458 2006 depressos,
3479 1944 3696 2008 quanto

2045 2042 2148 2081 nos
2188 2033 2405 2080 natura:
2445 2025 2772 2096 superiores
2817 2042 3046 2092 sumus,
3072 2032 3135 2081 ut
3166 2042 3292 2096 quae
3331 2029 3471 2081 sunt
3499 2030 3699 2081 contra

2047 2119 2338 2182 naturam,
2369 2130 2616 2186 quisque
2656 2113 2799 2170 nulli
2841 2116 3348 2186 comprobaverint
3383 2131 3596 2184 mores,
3629 2131 3698 2172 ea

2045 2204 2128 2261 illi
2156 2203 2359 2260 honori
2392 2204 2663 2274 habeant,
2685 2221 2752 2260 ac
2783 2204 3144 2260 admirentur
3169 2220 3182 2260 :
3207 2220 3335 2276 quae
3356 2208 3551 2260 autem
3575 2220 3700 2260 ma-

2039 2294 2153 2366 jori
2184 2297 2240 2349 et
2269 2293 2528 2350 oratione
2558 2301 2612 2350 et
2641 2297 2870 2364 natura,
2906 2309 2974 2352 ac
2999 2293 3192 2361 laude,
3226 2292 3535 2365 praeconio,
3559 2293 3697 2350 hac-

2046 2389 2218 2440 tenus
2249 2398 2483 2455 quoque
2521 2387 2844 2455 martyrum
2890 2383 3178 2455 sepulcra,
3206 2383 3560 2454 quandoque
3586 2399 3700 2440 usu

2047 2477 2308 2540 vocante,
2341 2488 2406 2528 ac
2435 2471 2778 2543 disponente
2809 2472 3191 2544 providentia,
3215 2471 3500 2544 prodigiis
3531 2471 3701 2528 editis

2050 2563 2226 2631 clara,
2259 2565 2627 2630 attestantur,
2671 2578 2739 2618 ea
2781 2577 3050 2618 sermone
3099 2569 3272 2634 atque
3323 2577 3511 2619 errore
3561 2577 3699 2618 con-

2049 2652 2260 2710 vellere
2290 2653 2575 2710 nitantur.

2123 2743 2272 2799 Illud
2306 2758 2536 2814 quoque
2573 2743 2723 2799 vide.
2755 2744 2958 2801 Nonne
2997 2744 3222 2804 affectio
3263 2751 3504 2820 superat
3533 2751 3702 2806 natu-

2056 2849 2177 2889 ram
2200 2832 2227 2887 ‘I
2250 2847 2442 2888 nonne
2464 2833 2703 2889 morbus
2724 2833 2752 2888 ‘?
2775 2850 2966 2892 nonne
2987 2834 3214 2892 senium
3237 2835 3265 2890 ‘2
3287 2839 3704 2908 nonnejuven-

2055 2925 2150 2978 tus
2194 2922 2342 2994 ipsa,
2374 2921 2456 2978 ita
2498 2922 2700 2994 vigens
2749 2940 2814 2979 ac
2853 2925 3008 2980 aliud
3059 2925 3325 2996 quodvis,
3359 2929 3704 2999 generandae

2057 3011 2236 3082 prolis
2273 3011 2620 3082 impotentia
2657 3011 2941 3068 exsistens
2971 3012 2998 3066 ‘I
3037 3014 3310 3086 quodque
3350 3015 3704 3074 miraculum

2060 3099 2312 3168 haberet,
2338 3100 2452 3156 nisi
2485 3099 2702 3156 sensim
2727 3101 3172 3168 consuetudine,
3199 3103 3608 3162 admirationis
3637 3122 3705 3162 ac

2059 3190 2312 3262 stuporis
2343 3206 2585 3246 sensum
2623 3190 2895 3258 auferret,
2932 3208 3049 3262 qua
3083 3192 3213 3262 quis
3246 3194 3507 3264 provehit
3537 3198 3602 3250 ut
3629 3194 3706 3250 sit

2055 3285 2239 3353 pater,
2271 3280 2399 3351 ipsa
2446 3279 2728 3336 hactenus
2777 3283 2996 3350 patrem
3054 3281 3177 3336 ﬁeri
3227 3282 3517 3353 prohibet.
3553 3283 3702 3350 Quid

2053 3369 2235 3442 ergo?
2265 3369 2597 3425 affectiones
2629 3373 2896 3424 naturam
2928 3369 3191 3434 vincunt,
3224 3370 3334 3426 nisi
3366 3372 3507 3444 quid
3542 3371 3702 3428 aliud

2055 3463 2222 3529 adsit,
2258 3462 2414 3534 quod
2455 3463 2579 3534 ejus
2610 3463 2687 3519 sit
2721 3462 2947 3519 atl'ectio
2979 3480 3044 3519 ac
3085 3469 3514 3521 recrementum
3549 3483 3563 3533 ;
3597 3481 3703 3522 nec

2055 3553 2260 3624 gratia,
2295 3569 2468 3623 quam
2503 3552 2668 3608 ﬁnxit
2698 3569 2764 3608 ac
2792 3553 3077 3620 condidit,
3112 3558 3383 3610 naturam
3413 3554 3473 3610 in
3506 3555 3706 3612 melio-

2053 3659 2176 3697 rem
2206 3641 2489 3714 augebit?
2511 3642 2790 3698 Senectus
2819 3642 3169 3714 infrigidans
3200 3644 3480 3714 genitales
3514 3645 3702 3701 fontes

2053 3731 2305 3786 exsiccat
2338 3749 2351 3798 ;
2387 3747 2489 3786 nec
2517 3730 2702 3799 ﬁctor,
2736 3731 3119 3804 conditorque
3161 3734 3382 3799 fovens,
3413 3733 3702 3805 irriguum

2055 3821 2224 3876 faciet
2272 3819 2429 3891 quod
2475 3821 2824 3875 consenuit?
2855 3819 2959 3875 Illa
3007 3823 3074 3876 ad
3129 3839 3254 3891 quae
3299 3823 3420 3878 hazc
3452 3823 3704 3878 necdum

2053 3910 2321 3967 devoluta
2341 3914 2448 3978 est,
2473 3927 2538 3966 ac
2569 3926 2700 3966 cum
2735 3911 2926 3966 adhuc
2951 3928 3067 3968 non
3096 3912 3245 3968 adsit
3268 3916 3523 3984 tempus,
3547 3929 3708 3968 cum-

2053 4017 2164 4073 que
2212 4017 2278 4055 ea
2326 3999 2394 4056 ad
2443 4016 2570 4070 quas
2622 3999 2966 4069 pertrahunt
3014 4000 3129 4055 sint
3180 4001 3489 4068 deteriora,
3537 4000 3709 4056 facile

2053 4095 2249 4147 tamen
2286 4090 2466 4144 ferent
2498 4106 2511 4156 ;
2549 4088 2714 4144 ﬁctor
2745 4091 2964 4156 autem,
2988 4105 3052 4145 ac
3085 4088 3368 4158 conditor,
3393 4088 3452 4144 in
3485 4088 3704 4159 quibus

2054 4181 2125 4235 ab
2166 4178 2334 4234 initio
2375 4176 2680 4234 constituit
2719 4176 2932 4246 modis,
2978 4182 3044 4232 ut
3085 4177 3220 4233 velit
3261 4194 3377 4233 non
3419 4176 3713 4234 reducet?

2055 4273 2180 4325 Non
2225 4265 2404 4324 habes
2444 4265 2615 4322 dictis
2661 4265 2834 4322 ﬁdem
2859 4265 2887 4320 ?
2916 4265 3190 4338 praeclare
3235 4266 3469 4337 quidem
3509 4281 3711 4337 agens,

2053 4364 2114 4416 at
2143 4373 2259 4416 non
2293 4356 2460 4428 mihi,
2484 4356 2578 4412 cui
2601 4357 2720 4413 haec
2751 4355 2919 4429 longe
2942 4357 3062 4413 sint
3090 4355 3352 4414 honestis
3381 4355 3496 4413 tuis
3514 4360 3708 4412 trans-

281 4449 756 4520 formationibus,
797 4465 942 4522 quas
989 4449 1094 4505 tibi
1136 4464 1268 4504 sum
1317 4453 1762 4506 enumeraturus
1809 4466 1824 4506 ε
1867 4451 2133 4524 quinimo
2183 4454 2350 4507 tuum
2410 4449 2520 4506 erit
2567 4464 2930 4522 percensere,
2974 4465 3088 4521 quo
3141 4448 3349 4522 magis,
3388 4448 3704 4504 humanam

282 4541 472 4599 vitam
494 4539 848 4611 juvantibus
879 4536 1309 4594 narrationibus
1339 4538 1478 4608 tuis,
1515 4539 1821 4598 adversum
1849 4557 1957 4598 nos
1987 4539 2224 4615 gloriari
2255 4539 2465 4612 possis.

361 4623 499 4701 Λέγε
527 4627 626 4688 τὰς
656 4625 708 4700 ἐξ
738 4625 1036 4702 ἀνθρώπων
1096 4625 1394 4700 αἰγείρουςο
1454 4627 1528 4680 ὧν
1570 4625 1800 4705 ἀπορρεῖ
1843 4632 1939 4684 τῶι.

2131 4631 2234 4688 Dic
2266 4631 2450 4687 factas
2476 4645 2544 4685 ex
2572 4627 2914 4684 hominibus
2946 4627 3213 4700 populos,
3236 4644 3267 4684 e
3297 4642 3543 4699 quarum
3576 4642 3711 4684 ocu-

289 4714 564 4791 όμμάτων
602 4717 636 4785 ἡ
684 4719 783 4771 τοῦ
835 4713 1006 4788 μύθου
1051 4710 1341 4788 ἤλεκτρος,
1379 4713 1469 4792 ἀφ’
1501 4716 1562 4769 οὗ
1595 4717 1656 4770 σὺ
1687 4714 1948 4780 πλουτεῖς

291 4808 396 4876 τὴν
458 4806 724 4876 εὐήθειαν.
782 4802 1032 4879 Ἀρίθμει
1087 4805 1176 4859 καὶ
1231 4806 1328 4866 τὰς
1388 4801 1608 4884 δάφνας,
1667 4806 1758 4862 καὶ
1822 4809 1948 4870 τοὺς

297 4894 572 4972 φοίνικαςο
604 4895 700 4956 τὰς
727 4890 986 4965 ἀηδόνας,
1017 4893 1106 4948 καὶ
1137 4893 1233 4954 τὰς
1275 4889 1583 4968 χελιδόναςο
1634 4893 1762 4957 τοὺς
1819 4892 1950 4966 ᾠδι-

297 4986 432 5046 κούς
476 5005 573 5040 σου
617 4982 866 5052 κύκνους,
911 4983 999 5038 καὶ
1041 4983 1136 5046 τὰς
1182 4981 1472 5055 ἀλκύονας,
1520 4983 1611 5039 καὶ
1654 4985 1781 5049 τοὺς
1830 4983 1954 5062 φιλ-

299 5074 626 5148 ανθρώπους
673 5094 770 5129 σου
820 5071 1096 5150 δελφῖνας,
1137 5074 1326 5146 Ὕμνει
1375 5093 1472 5128 σου
1519 5073 1649 5136 τοὺς
1694 5071 1955 5149 ἀνδρογύ-

298 5183 429 5224 νους
487 5164 786 5238 Τειρεσίας,
831 5159 925 5218 ’ίνα
979 5164 1113 5218 θεῶν
1168 5156 1300 5238 ἔριν,
1358 5161 1505 5232 ἀξίαν
1558 5169 1662 5232 τῆς
1733 5162 1952 5218 ἐκείνων

301 5252 591 5328 ἀσελγείας
622 5249 936 5308 διαλύωσιν·
962 5253 1013 5309 οἱ
1043 5250 1212 5309 πλέον
1251 5253 1349 5322 τήν
1401 5250 1606 5322 ἡδονὴν
1657 5253 1957 5331 ἐπιμετρη-

305 5342 537 5416 σάμενοι
583 5346 654 5416 τῇ
708 5343 835 5416 θεῷ,
881 5341 960 5405 εἷς
1002 5342 1166 5399 κακὸν
1214 5349 1316 5414 τῆς
1361 5340 1666 5420 παρρησίας
1715 5342 1958 5400 ἆπώναν-

2058 4721 2132 4778 lis
2164 4719 2490 4777 fabulosum
2519 4717 2662 4774 illud
2687 4716 2962 4774 electrum
2986 4716 3212 4784 deﬂuit,
3234 4732 3304 4773 ex
3332 4732 3446 4788 quo
3467 4721 3528 4772 tu
3559 4715 3710 4772 stul-

2058 4809 2196 4866 titiae
2237 4808 2472 4865 divitias
2506 4806 2750 4878 colligis.
2785 4805 3064 4878 Daphnas
3103 4822 3333 4878 quoque
3368 4821 3616 4862 numera
3642 4822 3708 4862 ac

2061 4898 2358 4972 phoenices
2391 4913 2404 4952 :
2436 4895 2718 4952 luscinias
2765 4911 2829 4950 ac
2873 4893 3270 4951 hirundines:
3316 4910 3561 4952 canoros
3609 4911 3709 4966 cy-

2063 5006 2226 5058 cnos,
2250 5004 2315 5045 ac
2337 4988 2625 5060 alcyones,
2651 4984 3069 5057 hominumque
3089 4989 3357 5042 amantes
3379 4985 3711 5058 delphinos.

2063 5079 2300 5136 Celebra
2320 5095 2383 5134 ac
2413 5075 2590 5132 lauda
2615 5079 2745 5132 tuos
2777 5074 2911 5132 illos
2937 5074 3196 5148 ambigui
3229 5091 3402 5132 sexus
3435 5075 3715 5144 Tiresias,

2066 5186 2180 5240 quo
2214 5168 2454 5224 deorum
2496 5164 2682 5233 litem,
2711 5181 2910 5222 eorum
2953 5165 3192 5236 dignam
3233 5163 3462 5220 luxuria
3503 5163 3723 5221 dissol—

2065 5261 2204 5314 vant
2235 5275 2249 5314 :
2285 5256 2385 5329 qui
2430 5254 2736 5322 nimirum,
2768 5255 2924 5326 quod
2969 5253 3315 5326 ampliorem
3359 5254 3723 5326 voluptatem

2068 5347 2186 5402 deas
2217 5344 2588 5412 tribuissent,
2615 5341 2768 5401 mala
2797 5341 3084 5400 libertatis
3105 5341 3348 5415 praemia
3375 5341 3724 5401 retulerunt.

1665 5552 1912 5616 VARLE
1960 5552 2370 5615 LECTIONES.

393 5739 419 5781 ι)
473 5736 621 5815 Lege
648 5739 922 5805 αἰνέσεως.

599 5843 872 5908 Panos.
912 5843 1030 5907 Gn.
1075 5839 1206 5905 CII.

3371 5830 3448 5890 18
