4090 6228
420 386 538 448 555

1621 378 1895 443 ΡΗΟΤΙῙ
1936 376 2467 441 PATRIARCHIE
2509 377 2630 439 ΟΡ.

3716 0 3761 27 .“
3798 0 3963 15 ⁸--Γ“⁴“

3703 371 3820 438 556

409 524 514 581 Vis
561 522 793 580 abunde
836 521 897 576 in
941 517 1280 577 memoriam
1342 516 1614 572 reducam
1662 519 1863 570 tauros
1910 527 2058 569 mare

2174 531 2255 566 το.
2326 508 2521 565 Βούλει
2580 528 2667 564 σοι
2731 505 3174 582 προσαναμνήσω
3238 503 3368 566 τοὺς
3441 505 3820 582 ποντοπόρους

411 611 795 684 trajicientes,
847 607 1082 665 misellae
1142 605 1347 679 puella
1407 620 1602 661 amore
1657 603 2063 675 gubernante;

412 700 738 773 longasque
776 698 1160 771 profectiones
1194 713 1207 757 :
1242 711 1309 751 ac
1343 695 1566 749 viarum
1604 691 1822 749 multos
1853 690 2067 746 circui-

410 799 529 859 tus,
561 803 880 859 morasque
921 801 1099 857 quam
1147 785 1347 855 procul
1386 782 1886 855 Olympo?Taceo
1927 781 2060 836 alia.

405 880 521 937 Nec
559 880 851 938 enimvero
896 894 1002 951 par
1053 881 1144 933 est
1188 880 1251 932 ut
1303 876 1438 932 fidei
1494 880 1813 947 unguento,
1856 872 2065 929 erroris

409 985 635 1026 omnum
680 966 1167 1024 commisceamus
1205 983 1218 1032 ;
1260 964 1349 1020 vel
1393 967 1457 1020 ut
1499 962 1733 1036 pietatis
1772 960 2065 1017 elucentes

410 1059 626 1124 radios,
657 1056 951 1129 profunda
978 1055 1299 1126 impietatis
1331 1053 1579 1125 caligine
1611 1051 1819 1122 probro
1848 1050 2066 1106 afficia-

409 1163 563 1204 mus.
596 1147 958 1218 Quapropter
997 1145 1207 1216 amplis
1236 1144 1353 1199 illis
1387 1144 1562 1215 nugis
1593 1158 1659 1198 ac
1688 1140 1899 1197 fabulis
1930 1155 2065 1211 pro-

407 1235 501 1294 cul
522 1235 711 1293 valere
727 1236 940 1307 jussis,
963 1250 1303 1305 eorumque,
1328 1234 1429 1305 qui
1460 1249 1526 1289 ea
1550 1232 1915 1288 admirantur
1934 1243 2067 1285 cum

406 1325 723 1382 amentiam
769 1325 1133 1391 miserantes,
1179 1330 1308 1378 tum
1353 1323 1487 1378 odio
1538 1320 1818 1377 habentes
1862 1334 2065 1389 super-

407 1413 593 1483 biam,
622 1414 693 1469 ad
726 1415 978 1485 priorem
1011 1410 1292 1468 orationis
1313 1426 1548 1466 cursum
1582 1409 1923 1481 dirigamur.

477 1503 633 1559 Olim
668 1502 866 1574 itaque
889 1502 1148 1557 humano
1180 1515 1410 1573 genere,
1434 1504 1829 1572 peccatorum,
1858 1496 2068 1569 quibus

403 1608 467 1650 se
496 1592 669 1665 primi
705 1595 979 1663 parentes
1009 1590 1481 1659 obstrinxissent,
1504 1588 1765 1656 victoria,
1795 1586 2067 1643 servituti

401 1682 662 1751 addicto,
686 1679 879 1752 neptis
910 1677 1102 1751 proles
1123 1694 1327 1735 eorum
1358 1679 1618 1734 futurum
1642 1676 2063 1732 destructorem

402 1770 753 1837 subtonans,
806 1784 874 1826 ao
928 1768 1175 1825 obscuro
1235 1766 1396 1824 velut
1444 1767 1716 1839 clangore
1776 1764 2064 1836 indicans,

2172 599 2425 675 ταύρους,
2479 600 2649 674 κόρης
2698 596 3002 672 δυστυχοῦς
3049 593 3463 670 οἷακιζομὲνους
3512 590 3701 671 ἔρωτα
3734 596 3826 651 καὶ

2174 690 2272 754 τὰς
2320 690 2528 765 μακρὰς
2576 685 2914 760 ἀποδημίας·
2964 685 3057 741 καὶ
3110 686 3207 747 τάς
3242 683 3459 748 πολλὰς
3503 683 3823 761 περιόδους·

2173 778 2261 834 καὶ
2300 780 2398 841 τὰς
2425 776 2762 855 ποῤῥωτάτω
2813 780 2909 832 τοῦ
2967 773 3253 849 Ὀλύμπου
3313 769 3636 848 διατριϐάς;
3688 779 3823 852 σιγῶ

2172 871 2221 924 τ’
2250 867 2414 927 ἄλλω
2448 864 2574 922 οὐδὲ
2602 867 2705 943 γάρ
2733 862 2862 921 οὐδὲ
2890 869 3155 940 προσεῖχε
3188 865 3345 939 μύρῳ
3384 863 3622 927 πίστεως
3672 861 3827 919 πλά-

2172 978 2271 1028 νης
2319 958 2795 1032 συνανακρινᾶσθαι
2848 949 3140 1030 βόρϐορον
3191 953 3227 1022 ἢ
3273 954 3369 1016 τὰς
3409 955 3511 1018 τῆς
3549 948 3827 1016 εὐσεϐείας

2177 1047 2360 1121 αὐγὰς,
2410 1051 2489 1118 τῷ
2539 1047 2693 1121 βαθεῖ
2730 1047 2830 1110 τῆς
2881 1038 3127 1104 ἀσεϐείας
3173 1043 3323 1121 ζόφῲ
3378 1036 3824 1119 καθυϐρίζεσθαι.

2187 1135 2282 1190 Διὸ
2328 1139 2447 1199 τοῖς
2495 1139 2727 1209 μακροῖς
2776 1132 2964 1195 ὕθλοις
3012 1132 3101 1187 καὶ
3157 1130 3348 1205 μύθοις
3400 1131 3579 1207 μακρά
3608 1132 3829 1207 χαίρειν

2177 1225 2437 1295 εἰπόντες,
2468 1225 2556 1280 καὶ
2600 1223 2725 1286 τοὺς
2771 1221 3144 1298 ἐπτοημένους
3184 1221 3308 1298 περὶ
3355 1225 3524 1278 ταῦτα
3569 1228 3673 1291 τῆς
3720 1243 3826 1278 πα-

2179 1312 2398 1391 ρανοίας
2455 1312 2755 1385 ἐλεοῦντες,
2814 1312 2905 1368 καὶ
2960 1316 3241 1386 μισοῦντες
3301 1317 3400 1382 τῆς
3482 1310 3827 1381 ἀλαζονείας,

2177 1404 2266 1459 ἐπὶ
2303 1405 2396 1459 τὸν
2437 1401 2673 1479 ἐξαρχῆς
2702 1406 2799 1459 τοῦ
2830 1400 3003 1479 λόγου
3034 1399 3239 1478 δρόμον
3271 1402 3358 1457 καὶ
3389 1397 3456 1469 δὴ
3489 1400 3825 1475 ἴθυνώμεθα.

2249 1493 2426 1550 Πάλαι
2501 1498 2798 1570 τοιγαροῦν
2866 1499 2966 1563 τῆς
3024 1491 3372 1566 ἀνθρωπίνης
3437 1490 3650 1568 φύσεως
3717 1492 3826 1547 τῶν

2175 1589 2518 1662 προγονικῶν
2570 1581 2983 1658 ἁμαρτημάτων
3022 1587 3101 1655 τῷ
3147 1582 3333 1658 κράτει
3379 1578 3828 1657 δεδουλωμένης,

2176 1675 2204 1729 ὁ
2234 1676 2331 1744 τῆς
2370 1674 2648 1752 ἀπογόνου
2702 1672 2863 1736 τόκος
2920 1672 3011 1728 τὸν
3056 1672 3381 1747 καθαιρὲτην
3428 1670 3640 1728 τούτων
3700 1671 3832 1727 ὐπο-

2176 1761 2478 1835 σαλπίζων,
2528 1763 2829 1838 ἀνενεγκεῖν
2878 1767 2977 1831 τῆς
3028 1758 3344 1836 τυραννίδος
3383 1761 3473 1816 καὶ
3502 1758 3829 1836 ἀπαλλαγῇ·

404 1859 533 1916 fore
564 1862 629 1914 ut
666 1857 808 1914 illud
851 1861 1176 1929 emergeret
1206 1874 1240 1913 a
1268 1857 1601 1928 tyrannide,
1635 1872 1701 1911 ac
1731 1871 1761 1911 a
1793 1853 2058 1911 servitute

2175 1873 2260 1909 ναι
2300 1860 2401 1924 τῆς
2451 1850 2702 1915 δουλείας
2753 1850 2982 1927 λαμπρά
3029 1849 3325 1926 παρείχετο
3362 1849 3430 1905 τά
3484 1851 3828 1923 συνθήματα.

409 1946 783 2020 liberaretur,
836 1946 990 2003 claro
1049 1945 1214 2017 signo
1274 1943 1658 2001 monstrabat.
1707 1943 2068 2016 Quapmpter

412 2038 588 2094 etiam
627 2036 809 2092 Adam
850 2053 967 2091 una
1006 2050 1139 2092 cum
1171 2035 1308 2102 Eva,
1340 2035 1612 2106 antiquas
1636 2032 1767 2090 illas
1797 2031 2066 2105 praevari-

409 2125 651 2183 cationis
709 2125 1098 2196 depurgantes
1156 2124 1379 2191 sordes,
1428 2123 1776 2194 tristemque
1831 2137 1866 2178 ει
1924 2137 2065 2178 moe-

406 2214 567 2272 stitia
612 2213 839 2270 vultum
897 2212 1274 2284 deponentes,
1326 2210 1508 2269 libera
1550 2216 1676 2268 tum
1723 2225 1887 2280 voce,
1936 2213 2064 2266 tum

405 2302 580 2375 facie,
621 2302 770 2360 latis
809 2301 1038 2359 choreis
1073 2300 1419 2374 virginalem
1460 2303 1745 2359 coronant
1783 2299 2069 2356 festivita-

408 2401 524 2451 tem
548 2408 565 2450 :
593 2393 731 2466 quin
753 2393 881 2464 ejus
903 2391 1096 2463 potius
1116 2391 1406 2448 exsistunt
1425 2391 1714 2461 auspices.
1739 2388 1885 2444 Cum
1909 2390 2063 2445 enim

408 2483 636 2555 peccati.
662 2495 863 2539 senem
893 2481 1000 2537 toti
1030 2480 1312 2536 adnatum
1350 2478 1572 2553 generi,
1601 2479 1744 2536 illud
1773 2479 2061 2548 vitiasset,

407 2588 476 2629 eo
507 2570 787 2626 radicitus
826 2569 1162 2641 exstirpato,
1196 2568 1403 2625 merito
1444 2569 1636 2640 potius
1674 2569 1956 2640 gaudium
1999 2585 2065 2626 ac

413 2657 618 2714 choros
660 2657 1065 2728 suspicentur,
1105 2659 1541 2728 accersantque,
1582 2672 1649 2711 ac
1691 2655 1877 2713 socios
1924 2672 2064 2713 con-

408 2750 617 2803 vocent
658 2746 962 2802 universos
992 2746 1064 2801 ab
1099 2745 1186 2801 eis
1230 2748 1583 2817 procreatos.
1616 2745 1694 2801 Ex
1726 2761 1841 2817 quo
1886 2762 2063 2802 nam-

409 2852 521 2908 que
561 2834 947 2908 prolapsionis
979 2833 1311 2901 inﬁrmitas,
1344 2834 1416 2890 ab
1456 2832 1552 2901 iis,
1582 2835 1681 2905 qui
1711 2834 1886 2905 primi
1917 2851 2063 2906 pra:-

406 2924 647 2982 varicati
676 2927 875 2980 essent
904 2924 964 2979 in
1007 2939 1214 2980 omnes
1243 2924 1539 2980 transfusa
1569 2922 1897 2991 difluxerat,
1926 2924 2063 2979 uni-

407 3014 679 3086 versique
727 3012 981 3071 similem
1036 3012 1399 3071 curationem
1454 3013 1842 3070 necessariam
1885 3012 2065 3069 habe-

408 3105 550 3161 bant
572 3119 586 3172 ;
611 3120 679 3161 ao
712 3103 914 3160 mundi
945 3101 1122 3160 totius
1149 3101 1378 3172 salutis,
1408 3101 1580 3159 hodie
1618 3101 1863 3175 Virginis
1892 3106 2061 3174 partu

2177 1942 2269 1997 Διὸ
2325 1942 2417 1997 καὶ
2459 1939 2639 2015 Ἀδὰμ
2684 1939 2776 1996 σὺν
2826 1944 2896 2015 τῇ
2948 1937 3062 2012 Εὕᾳ
3107 1941 3235 2003 τοὺς
3275 1938 3545 2003 παλαιοὺς
3594 1938 3833 2004 ἐκείνους

2172 2038 2275 2101 τῆς
2331 2026 2691 2107 παραϐάσεως
2738 2028 3220 2105 ἀποκαθηράμενοι
3270 2027 3740 2103 μολυσμοὺς,καί
3770 2027 3830 2084 τὸ

2172 2128 2273 2192 τῆς
2329 2120 2628 2196 κατηφείας
2694 2119 3197 2194 ἂποσκευασάμενοι
3270 2119 3616 2192 σκυθρωπὸν,
3677 2118 3830 2175 ἕλευ·

2173 2208 2299 2283 θέρᾳ
2347 2209 2436 2263 καὶ
2489 2211 2645 2283 φωνῇ
2685 2207 2775 2263 καὶ
2818 2203 2964 2282 ὄψει,
3011 2208 3113 2276 τὴν
3162 2207 3487 2283 παρθενικὴν
3548 2226 3829 2283 χοροστα·

2170 2301 2327 2353 τοῦσι
2380 2299 2686 2373 πανήγυριν
2755 2297 3059 2373 χαίροντες·
3117 2295 3333 2370 μᾶλλον
3388 2293 3468 2368 δὲ,
3535 2301 3830 2373 κορυφαῖοι

2171 2384 2372 2457 ταύτης
2428 2385 2841 2458 καθεστηκότες.
2891 2386 2970 2442 Δι’
3035 2387 3109 2441 ὧν
3164 2384 3267 2462 γὰρ
3330 2388 3366 2455 ἡ
3423 2388 3524 2451 τῆς
3552 2385 3829 2460 ἁμαρτίας

2170 2476 2347 2551 σπορὰ
2404 2476 2524 2549 ὅλῳ
2569 2481 2911 2555 παραφυεῖσα
2963 2479 3046 2549 τῷ
3095 2474 3255 2551 γένει,
3302 2474 3393 2530 καὶ
3438 2477 3604 2530 τοῦτο
3642 2474 3830 2530 νοθεύ-

2176 2583 2330 2621 σασα’
2375 2566 2523 2622 οὗτοι
2559 2563 2776 2641 μᾶλλον
2819 2566 3025 2637 ταύτης
3078 2563 3579 2640 ἀποῤῥιζουμὲνης,
3627 2565 3829 2641 κατάρ-

2169 2674 2289 2732 χειν
2331 2658 2433 2721 τῆς
2470 2661 2670 2732 χαρᾶς,
2720 2654 2811 2710 καὶ
2857 2662 2958 2726 τῆς
3011 2654 3399 2730 χοροστασίας,
3430 2654 3524 2709 καὶ
3558 2653 3829 2731 μετέρχεο

2173 2748 2316 2815 σθαι,
2366 2744 2455 2801 καὶ
2507 2745 2793 2821 συγκαλεῖν
2847 2744 2975 2804 τοὺς
3035 2743 3087 2815 ἐξ
3137 2743 3313 2800 αὐτῶν
3341 2739 3674 2821 πεφυκότας,
3707 2766 3833 2821 τυγ-

2173 2834 2401 2909 χάνουσι
2451 2831 2672 2891 δίκαιοι.
2725 2834 2825 2888 Καὶ
2868 2832 2973 2908 γὰρ
3023 2830 3115 2887 διά
3160 2832 3378 2888 πάντων
3429 2834 3523 2907 μὲν
3574 2833 3689 2888 ἀπὸ
3726 2838 3833 2890 τῶν

2170 2923 2405 3000 πρώτως
2433 2917 2926 2999 παραϐεϐηκότων,
2966 2925 3062 2976 τοῦ
3109 2927 3210 2991 τῆς
3258 2922 3667 2997 παραπτώσεως
3698 2921 3828 2998 ξᾶῥ-

2175 3011 2535 3089 ῥωστήματος
2586 3008 2999 3088 μεταῤῥυέντοςο
3066 3011 3280 3066 πάντων
3340 3007 3399 3065 δὲ
3458 3016 3557 3080 τῆς
3613 3009 3825 3083 ὁμοίας

2172 3102 2456 3178 θεραπείας
2509 3097 2897 3175 ἐπιδεομένων⁸
2954 3106 3054 3170 τῆς
3114 3097 3172 3155 δὲ
3228 3098 3570 3177 παγκοσμίου
3638 3120 3828 3172 σωτη-

411 3161 715 3264 ponuntur
742 3193 1142 3262 fundamenta,
1172 3161 1638 3264 opere'pretium
1669 3161 1792 3248 erat
1818 3161 2058 3248 ut.com-

2173 3161 2289 3268 ρίάς
2323 3161 2560 3267 σήμερον
2593 3195 2672 3263 τῷ
2697 3161 2801 3260 ἧς
2842 3161 3119 3264 Παρθένου
3164 3161 3327 3263 τόκῳ.
3361 3161 3824 3263 θεμελιουμὲνης,

412 3282 630 3352 munis,
661 3298 729 3339 ac
759 3282 990 3354 generis
1022 3282 1201 3338 totius
1231 3281 1680 3338 constitueretur
1707 3279 2011 3338 celebritas
2043 3297 2060 3350 ;

414 3377 600 3443 utque
637 3371 835 3442 populi
879 3371 1075 3439 totius,
1105 3387 1172 3426 ac
1213 3369 1531 3426 mundanis
1571 3371 1813 3441 majora,
1843 3368 2058 3442 gratia-

407 3476 540 3517 rum
597 3459 840 3517 actionis
896 3463 1298 3528 monumento,
1358 3458 1589 3515 cantica
1648 3466 2056 3530 pangerentur.

410 3548 616 3605 Mundi
647 3548 804 3604 enim
827 3548 1005 3604 totius
1024 3547 1208 3615 salus,
1234 3548 1550 3604 mundanis
1580 3549 1832 3618 majores
1862 3548 2055 3619 exigit,

403 3652 473 3694 ac
510 3636 781 3693 vendicat
803 3637 1129 3708 gratiarum
1160 3636 1434 3693 actiones.

471 3725 800 3782 Gratiarum
844 3723 1094 3781 actionis
1132 3723 1358 3782 cantica
1394 3723 1808 3781 submittamus
1839 3740 1854 3793 ;
1900 3727 2055 3798 quod

392 3815 589 3872 Adam
613 3814 979 3883 reformatur,
1002 3830 1068 3869 ac
1097 3813 1458 3871 instauratur
1478 3814 1632 3883 Eva;
1656 3813 1909 3886 diraeque
1939 3815 2057 3871 dis-

382 3904 720 3971 solvantur,
762 3919 830 3961 ac
872 3903 1202 3961 humanum
1248 3919 1455 3976 genus,
1499 3908 1789 3960 mortuam
1836 3906 2057 3975 peccati

389 4010 457 4050 ac
505 3993 809 4067 pelliceam
868 4008 1085 4051 exuens
1136 4009 1468 4065 personam,
1518 3993 1579 4049 in
1630 3992 1936 4065 pristinam
1989 4010 2056 4049 ac

399 4084 700 4156 antiquam
739 4083 1054 4140 Dominicm
1083 4083 1354 4156 imaginis
1395 4088 1757 4141 restaurelur
1794 4084 2052 4158 dignita-

386 4177 535 4231 tem.
567 4171 896 4230 Gratiarum
947 4172 1193 4229 actionis
1241 4173 1658 4230 submittamus
1708 4177 1953 4244 cantica,
1987 4191 2053 4231 ac

395 4261 598 4334 populi
638 4260 894 4318 universi
941 4261 1149 4318 choros
1186 4262 1633 4331 constituamus,
1665 4265 1815 4333 quod
1855 4263 2050 4337 Virgo,

392 4350 467 4407 ab
500 4350 811 4407 infecundo
856 4350 991 4407 sinu
1035 4350 1332 4422 prodiens,
1365 4356 1586 4409 naturae
1614 4352 1849 4409 vulvam
1901 4353 2050 4411 infe-

2167 3282 2358 3351 κοινὴν
2418 3279 2515 3355 μὲν
2562 3280 2653 3335 καὶ
2696 3281 2945 3355 παγγενῆ
2996 3285 3242 3354 προσῆκε
3296 3280 3662 3349 συστήσασθαι
3721 3281 3821 3350 τὴν

2166 3372 2472 3449 πανήγυριν
2531 3388 2545 3403 ·
2608 3366 2937 3444 δημοτελεῖς
2991 3366 3049 3423 δὲ
3102 3368 3195 3424 καὶ
3254 3367 3657 3443 ὑπερκοσμίους
3721 3371 3822 3433 τάς

2167 3456 2620 3536 εὐχαριστηρίους
2686 3455 2832 3530 ᾦδάς
2893 3455 3325 3531 ἀνακρούσασθαι
3367 3473 3381 3487 ⁶
3444 3456 3819 3532 ὖπερκύσμιον

2164 3548 2266 3626 γάρ
2295 3548 2510 3606 ἀπαιτεῖ
2537 3548 2639 3618 τὴν
2671 3545 3041 3623 εὐχαριστίαν,
3083 3546 3147 3603 τὸ
3192 3548 3292 3616 τῆς
3344 3544 3621 3622 σωτηρίας
3669 3567 3817 3625 παγ-

2165 3639 2414 3713 κόσμιον.

2236 3729 2675 3802 Ἀνάπὲμψωμεν
2742 3722 3199 3801 εὐχαριστηρίους
3266 3721 3434 3797 ᾠδὰς,
3495 3725 3581 3780 δτι
3642 3723 3822 3799 ’Δδάμ

2164 3816 2579 3887 ἀναπλάττεται,
2635 3817 2727 3873 καὶ
2774 3819 2810 3887 ἠ
2861 3813 2973 3872 Εὕα
3028 3815 3443 3885 ἀνακαινίζεται,
3483 3815 3575 3869 καὶ
3635 3817 3671 3884 ἡ
3716 3816 3821 3890 ἀρά

2165 3904 2465 3964 διαλύεται*
2507 3907 2596 3963 καὶ
2636 3908 2671 3977 ἡ
2722 3906 2878 3982 φύσις
2925 3908 3087 3979 ἡμῶν
3136 3906 3200 3961 τὸ
3247 3903 3432 3978 νεκρὸν
3480 3905 3581 3973 τῆς
3634 3905 3818 3979 ἁμαρ-

2161 3997 2278 4060 τίας
2325 3998 2415 4053 καὶ
2460 3996 2779 4073 δερμάτινον
2838 3993 3226 4070 ἀποδυσαμένη
3273 3993 3591 4070 πρόσωπον,
3633 3993 3726 4049 ἐπὶ
3758 3994 3819 4050 τὸ

2163 4085 2392 4162 ἀρχαῖον
2428 4094 2529 4157 τῆς
2560 4091 2893 4155 Δεσποτικῆς
2938 4085 3149 4147 εἷ’κόνος
3192 4084 3605 4164 ἀναμορφοῦται
3648 4083 3818 4157 ἀξίωο

2165 4197 2258 4249 μα.
2314 4175 2744 4251 Ἀναπέμψωμεν
2795 4172 3249 4251 εὐχαριστηρίους
3305 4171 3475 4247 ᾠδὰς,
3531 4172 3626 4229 καὶ
3716 4195 3818 4255 χο-

2163 4263 2290 4339 ροὺς
2344 4263 2667 4339 πανδήμους
2715 4265 3137 4339 συστησώμεθα,
3186 4262 3271 4320 ὅτι
3326 4261 3551 4319 κόλπων
3600 4264 3817 4337 ἀγόνων

2162 4355 2430 4432 Παρθὲνος
2477 4355 2883 4432 προκύπτουσα,
2930 4357 3028 4426 τὴν
3098 4352 3288 4432 ἄγονον
3346 4355 3559 4429 μήτραν
3592 4353 3815 4429 ἁγιάζει

393 4441 650 4497 eundem
679 4440 1027 4509 sanctiﬁcat,
1058 4441 1305 4512 ejusque
1345 4441 1732 4511 sterilitatem,
1765 4443 1833 4499 ad
1866 4444 2049 4500 virtu-

2170 4452 2262 4516 τῆς
2290 4447 2521 4525 φύσεως,
2554 4446 2630 4508 είς
2671 4446 2876 4521 ἀρετῶν
2925 4444 3218 4519 εὐκαρπίαν
3268 4443 3332 4499 τὸ
3379 4441 3587 4514 ταύτης
3638 4441 3816 4521 ἄκαρ-

392 4534 521 4588 tum
563 4530 769 4587 uberes
811 4531 1038 4588 fructus
1076 4529 1428 4587 exstimulet.
1461 4533 1685 4597 Quibus
1724 4533 1878 4588 enim
1913 4533 2047 4589 uni-

393 4635 694 4677 versorum
726 4619 978 4678 Domino
1009 4636 1075 4677 ac
1106 4619 1395 4693 agricolae,
1428 4621 1874 4692 purissimorum
1907 4637 2046 4677 san-

393 4710 640 4781 guinum
704 4710 925 4771 rivulos
975 4711 1046 4767 ad
1117 4726 1318 4767 massas
1368 4711 1551 4768 totius
1611 4710 1785 4766 arida:
1847 4711 2051 4783 irriga-

393 4798 615 4855 tionem
648 4801 1041 4858 commodavit
1069 4820 1085 4870 ς
1118 4800 1190 4856 iis
1221 4800 1428 4857 merito
1470 4799 1783 4857 feracitatis
1813 4800 2050 4857 benedi-

396 4886 649 4944 ctionem
682 4889 903 4960 recipit.
937 4889 1102 4948 Scala
1131 4890 1191 4946 in
1224 4891 1431 4949 ccelum
1471 4891 1799 4947 subvehens
1825 4895 2052 4964 coapta-

396 4980 495 5032 tur
542 4981 892 5050 terrenaque
939 4985 1148 5036 natura
1196 4998 1332 5038 suos
1366 4982 1489 5053 ipsa
1534 4980 1817 5038 terminos
1848 4981 2052 5052 pressi-

400 5064 574 5136 liens,
597 5066 655 5121 in
689 5067 954 5124 caelestes
985 5070 1319 5127 mansiones
1348 5071 1716 5127 transfertur.
1749 5070 2050 5127 Dominica

401 5155 572 5211 sedes
619 5155 680 5211 in
710 5160 866 5213 terra
918 5163 1172 5230 paratur,
1209 5168 1553 5231 terrenaque
1588 5160 2046 5230 sanctiﬁcanlur,

403 5265 471 5304 ac
500 5247 827 5305 cmlestium
859 5250 1090 5307 ordines
1130 5252 1433 5309 nobiscum
1465 5258 1893 5327 congregantur
1921 5270 1935 5321 ;
1971 5253 2047 5308 il-

398 5337 629 5410 liusque
658 5354 933 5411 nequam,
963 5357 1031 5397 ac
1070 5342 1170 5413 qui
1200 5359 1305 5398 nos
1336 5343 1589 5414 primum
1629 5344 1876 5415 decepit,
1907 5342 2049 5400 fuit-

398 5445 513 5502 que
541 5432 746 5485 auctor
787 5428 1132 5486 insidiarum
1178 5430 1438 5489 humano
1479 5433 1798 5505 positarum
1826 5432 2044 5507 generi,

393 5516 541 5575 dolis
565 5520 694 5592 ejus
724 5533 791 5575 ac
821 5517 1225 5577 molitionibus
1256 5523 1757 5594 evanescentibus,
1789 5522 2048 5596 potentia

393 5607 712 5667 colliditur.

2156 4555 2258 4591 πον
2300 4535 2731 4614 ἐγκεντρίζουσα.
2785 4536 2862 4590 Δι’
2906 4535 2981 4589 ὧν
3028 4534 3133 4610 γὰρ
3175 4534 3255 4606 τῷ
3304 4534 3547 4607 Δεσπότῃ
3590 4534 3816 4591 πάντων

2155 4627 2246 4681 καὶ
2288 4630 2538 4703 γεωργῷ,
2582 4625 2651 4680 τὰ
2695 4628 2806 4681 τῶν
2865 4622 3157 4703 ἀχράντων
3206 4623 3375 4693 αὐτῆς
3419 4623 3670 4697 αἱμάτων
3704 4625 3814 4699 ῥεῖ-

2158 4716 2259 4790 θρα
2305 4714 2384 4777 εἰς
2429 4713 2644 4791 ἀρδείαν
2705 4712 2839 4769 ὅλου
2895 4712 3385 4789 καταξηρανθέντος
3442 4706 3648 4789 ἔχρησε
3706 4717 3813 4769 τοῦ

2157 4805 2494 4879 φυράματος,
2558 4803 2773 4865 τούτοις
2831 4797 3058 4865 εἰκότως
3122 4800 3216 4857 καὶ
3281 4808 3381 4872 τῆς
3428 4801 3812 4878 καρποφορίας

2158 4890 2411 4966 εὐλογίαν
2477 4889 2813 4967 ἀναδέχεται·
2875 4896 2935 4947 Ἠ
2993 4890 3195 4963 κλίμαξ
3250 4893 3286 4960 ἡ
3342 4890 3482 4964 πρὸς
3540 4888 3808 4965 οὐρανοὺς

2156 4980 2493 5060 ἀναφέρουσα
2537 4978 2934 5055 καταρτίζεται,
2983 4979 3071 5034 καὶ
3128 4981 3164 5049 ὴ
3222 4978 3397 5055 γεηρὰ
3471 4977 3631 5056 φύσις
3689 4983 3805 5034 τῶν

2159 5069 2370 5125 οἶκείων
2404 5069 2547 5144 ὅρων
2577 5068 3023 5144 ὑπεραλλομένη,
3065 5068 3198 5141 πρὸς
3240 5067 3336 5129 τάς
3377 5065 3661 5143 οὐρανίους
3697 5089 3806 5138 μο-

2155 5160 2251 5222 νὰς
2299 5158 2634 5229 ἐνοικίζεται.
2682 5158 2740 5212 Ὀ
2785 5156 3110 5220 Δεσποτικὸς
3156 5152 3344 5230 θρόνος
3392 5154 3482 5211 ἒπί
3525 5159 3626 5230 γῆς
3657 5158 3802 5213 ἑτοι-

2160 5249 2403 5323 μάζεται,
2459 5248 2549 5304 καὶ
2606 5248 2672 5303 τὰ
2737 5246 2947 5323 ἐπίγεια
3003 5245 3297 5321 ἀγιάζεται’
3370 5246 3462 5301 καὶ
3539 5247 3607 5303 τά
3690 5250 3805 5301 τῶν

2156 5339 2396 5415 οὐρανῶν
2442 5341 2578 5413 ἡμῖν
2623 5335 3039 5413 συναγελάζεται
3089 5336 3362 5412 τάγματα’
3425 5335 3517 5391 καὶ
3574 5335 3604 5389 ὁ
3635 5355 3804 5405 πονη-

2156 5430 2271 5502 ρὸς,
2302 5428 2392 5484 καὶ
2421 5429 2652 5503 πρώτως
2680 5429 2827 5501 ἡμᾶς
2858 5426 3165 5498 ἀπατήσας,
3220 5432 3311 5482 καί
3349 5431 3450 5495 τῆς
3480 5425 3601 5480 καθ’
3637 5425 3804 5496 ἡμῶν

2154 5514 2453 5590 ἐπιϐουλῆς
2493 5517 2828 5593 ἀρχιτέκτων
2880 5515 3193 5593 γενόμενος,
3242 5518 3351 5570 τῶν
3402 5510 3584 5569 δόλων
3634 5509 3803 5568 αἱ)τοῦ

2152 5608 2241 5665 καί
2286 5612 2393 5664 τῶν
2445 5605 2864 5683 μηχανημάτων
2916 5605 3429 5682 ὑποσάθρουμένων,
3478 5603 3580 5673 τὴν
3642 5599 3804 5681 ἰσχὺν

2155 5698 2555 5776 περιθραύεται.
