4090 6228
250 418 368 480 557

246 641 426 721 λόγος
454 642 710 724 ἐκφράσει
740 645 808 700 τά
840 646 973 721 ὑπὲρ
1003 645 1186 722 λόγων
1218 648 1318 716 τὴν
1363 646 1631 723 δύναμινς
1688 652 1811 711 Πῶς
1843 644 1902 703 δὲ

243 736 375 795 νοῦς
422 733 563 797 ἅπας
616 735 680 790 ού
729 735 1007 811 ναρκήσει,
1056 733 1135 809 τῷ
1177 735 1392 813 μεγέθει
1434 741 1540 792 τῶν
1570 735 1740 813 ἔργων
1767 759 1901 811 συμο

242 822 713 897 παρατεινόμενος
752 825 855 893 τὴν
881 822 1191 899 κατάληψιν
1219 843 1234 896 ;
1267 825 1512 883 Ἒπλάσε
1552 825 1643 882 τὸν
1693 825 1906 901 ἄνθρω-

241 931 351 967 πον
395 913 673 988 καταρχὰς
732 913 760 969 6
811 912 962 983 Θεὸς,
1011 912 1200 993 ἀφάτῳ
1239 913 1648 992 φιλανθρωπίας
1676 913 1905 989 πλούτῳ

240 1000 596 1075 κινούμενος
642 1003 835 1078 χειρὸς
885 1001 1090 1065 οῗκείας
1150 1003 1404 1078 πλάσμα,
1460 1005 1550 1060 καὶ
1590 1004 1773 1060 εἰκόνα
1811 1005 1909 1081 φέ-

243 1109 365 1165 ρειν
415 1091 728 1166 χσριτώσας
773 1094 871 1147 τοῦ
909 1090 1233 1156 πλάσαντος’
1289 1095 1363 1149 ὦν
1411 1093 1473 1149 τὸ
1524 1094 1620 1169 μὲν
1647 1100 1749 1163 τῆς
1770 1112 1906 1169 σαρ-

241 1179 374 1246 κὸς,
413 1180 479 1235 τὸ
523 1177 583 1235 δὲ
626 1184 726 1236 τοῦ
773 1179 1082 1255 πνεύματος
1131 1179 1312 1239 ἐδίδου
1361 1180 1564 1254 δηλοῦν
1611 1184 1712 1254 τήν
1761 1183 1907 1258 εὐγέ-

240 1287 419 1324 νειαν·
470 1266 797 1342 παράδεισος
844 1265 903 1325 δὲ
943 1276 1143 1345 χρῆμα
1188 1271 1412 1346 τερπνὸν
1470 1272 1561 1326 καὶ
1592 1270 1904 1345 ἐπέραστον,

242 1359 392 1414 κατὰ
419 1356 719 1421 Ἀνατολάς
746 1357 1070 1435 πεφύτευτο,
1113 1358 1400 1434 λειμῶνων
1441 1361 1537 1434 μὲν
1576 1360 1908 1436 ἆμαράντοις

241 1446 692 1523 καταπνεόμενος
750 1447 928 1504 ἄνθεσι
980 1469 995 1484 ’
1054 1453 1237 1527 φυτῶν
1295 1447 1353 1505 δὲ
1407 1456 1636 1525 καρποῖς
1684 1449 1908 1520 ὡραίοις

240 1536 345 1593 καὶ
374 1534 746 1601 παντοδαποῖς
786 1536 1264 1613 ἐνευθηνούμενος·
1315 1540 1405 1594 καὶ
1453 1539 1696 1613 ποταμοὶ
1748 1540 1904 1614 μέσοι

242 1626 490 1707 ῥέοντες,
555 1628 647 1684 καὶ
702 1630 920 1705 καθαρῷ
974 1635 1056 1703 τῷ
1111 1630 1306 1707 ῥείθρῳ
1359 1630 1423 1687 τὸ
1478 1630 1772 1707 πρόσωπον
1809 1633 1907 1686 τοῦ

242 1714 446 1773 πεδίου
490 1715 928 1794 καταρδεύοντες,
987 1719 1281 1794 ἀμήχανόν
1348 1740 1469 1775 τινα
1541 1723 1641 1776 τοῦ
1694 1718 1907 1798 χωρίου

242 1808 355 1877 τήν
407 1807 720 1882 ὡραιότητα
767 1809 1178 1879 κατεσκεύαζον.
1230 1810 1312 1865 Ἐν
1362 1811 1545 1882 τούτῳ
1574 1815 1672 1879 τῆς
1704 1816 1908 1864 Δεσπο-

1082 424 1410 486 HOMILIA
1455 427 1504 486 Ι.
1554 458 1630 471 —-
1672 426 1752 487 IN
1797 425 1910 487 SS.
1958 422 2230 488 ΜΑΒΙΛΞ
2272 423 2834 491 NA'I‘IVITATEM.

319 553 415 617 Τίς
444 553 659 631 ἰσχύσει
698 559 832 611 Θεοῦ
872 556 1147 630 θαυμάσια
1177 554 1587 634 διηγήσασθαι;
1629 563 1797 621 Ποῖος
1838 555 1898 614 δὲ

2088 560 2229 625 Quis
2249 560 2351 618 Dei
2382 560 2676 619 mirabilia
2702 578 2973 620 enarrare
3003 564 3260 634 poterit?
3288 563 3430 629 Quis
3460 569 3656 622 autem
3730 570 3733 575 λ
3848 584 3869 593 ηε

3608 230 3751 301 ,εχ

2010 665 2200 706 sermo
2249 666 2319 707 ea
2372 650 2644 722 explicet,
2702 668 2832 723 quae
2888 651 3005 708 vim
3063 656 3246 709 totam
3312 669 3654 712 sermonum

2009 739 2338 796 excedunt?
2367 740 2478 806 Qui
2501 756 2634 797 vero
2666 740 2904 797 animus
2936 758 3053 799 non
3094 742 3421 815 obtorpeat,
3455 743 3527 800 ad
3558 759 3659 800 re-
3698 746 3701 751 ’

2014 844 2143 884 rum
2211 828 2698 899 magnitudinem,
2777 830 3362 902 comprehensionem
3413 835 3660 889 conten-

2015 915 2209 973 dens?
2236 916 2389 974 Deus
2420 934 2455 973 a
2484 917 2772 990 principio
2806 919 3072 976 formavit
3103 920 3421 989 hominem,
3452 920 3661 979 ineffa-

2015 1005 2235 1062 bilibus
2288 1006 2664 1077 impensioris
2726 1010 2787 1064 in
2832 1008 3157 1065 humanum
3202 1026 3387 1083 genus
3442 1010 3660 1068 amoris

2015 1094 2232 1151 divitiis
2265 1100 2607 1167 permotus;
2643 1104 2884 1153 suamet
2932 1097 3277 1170 ﬁgmentum
3329 1114 3558 1168 manus,
3591 1116 3660 1156 ac

2016 1182 2233 1240 ﬁctoris
2258 1183 2506 1255 largiens
2536 1185 2685 1242 ferre
2715 1185 3032 1258 imaginem
3063 1202 3077 1242 :
3109 1202 3360 1259 quorum
3396 1188 3647 1245 alterum

2016 1273 2231 1343 carnis,
2254 1272 2502 1330 alterum
2525 1274 2765 1345 spiritus
2789 1274 3163 1333 manifestare
3188 1277 3366 1333 dabat
3387 1276 3659 1350 ingenui-

2012 1365 2219 1418 tatem.
2256 1363 2434 1420 Porro
2473 1362 2805 1435 paradisus.
2842 1379 2935 1420 res
2965 1364 3330 1422 delectabilis
3347 1383 3413 1422 ac
3437 1365 3657 1423 amoris

2017 1449 2208 1523 plena,
2241 1452 2313 1507 ad
2337 1450 2631 1508 Orientem
2664 1452 2959 1525 plantatus
2989 1460 3108 1510 erat
3132 1473 3147 1523 ;
3167 1470 3340 1526 quem
3360 1459 3658 1526 pratorum

2017 1539 2527 1597 immarcessibiles
2590 1541 2761 1598 ﬁores
2801 1541 3144 1614 perflarent;
3182 1542 3551 1616 pulchrique,
3591 1561 3660 1601 ac

2018 1631 2315 1704 omnigeni
2348 1632 2621 1688 arborum
2655 1633 2880 1691 fructus
2930 1633 3093 1706 copia
3134 1633 3415 1703 ditarent;
3459 1652 3524 1692 ac
3556 1635 3664 1691 ﬁun-

2020 1720 2177 1777 mina
2209 1722 2469 1778 medium
2500 1722 2891 1790 decurrentia,
2924 1722 3307 1795 limpidisque
3338 1723 3508 1795 aquis
3552 1724 3663 1781 soli

2017 1809 2229 1866 faciem
2261 1810 2582 1881 irrigantia,
2615 1810 2903 1869 immenso
2936 1813 3191 1884 quodam
3222 1813 3426 1870 decore
3478 1829 3665 1886 auge-

240 1903 415 1966 τικῆς
458 1881 747 1971 παλάμῃς
806 1898 835 1952 6
909 1897 1160 1969 πλάστης
1220 1897 1578 1975 ἐγκατοικίζει
1604 1899 1668 1954 τὸ
1698 1896 1916 1976 φιλοτέ-

2029 1904 2172 1956 rent.
2210 1900 2274 1955 In
2307 1915 2373 1955 eo
2405 1900 2589 1966 ﬁctor,
2632 1881 2971 1958 Dominicis“
2990 1917 3195 1958 manus
3245 1908 3365 1961 arte
3420 1881 3665 1976 compo-

244 2004 474 2063 χνημα’
517 1985 733 2041 πάντων
770 1987 866 2060 μὲν
918 1988 1198 2059 Δεσπότην
1227 1988 1703 2061 καταστησάμενος
1730 2005 1743 2018 ·
1784 1992 1916 2042 πᾶσι

255 2071 318 2129 δὶ
374 2079 496 2138 τοῖς
562 2074 791 2152 ἀγαθοῖς
873 2075 1119 2152 ἀφθόνως
1205 2073 1380 2148 δείξας
1462 2075 1913 2153 περιρρεόμενον.

243 2165 486 2219 Ἔπειτα
544 2161 605 2219 δὶ
675 2163 921 2221 σύνοικον
970 2163 1031 2221 ἐκ
1086 2162 1324 2241 πλευρᾶς
1381 2165 1660 2243 άφράστου
1748 2163 1914 2221 τόκου

252 2252 665 2328 μαιευσάμενος
738 2254 1104 2326 ὑπεστήσατο,
1158 2253 1254 2310 ’ἱνα
1309 2253 1361 2328 ἐξ
1420 2254 1586 2329 οὗπερ
1675 2253 1913 2331 ἐλήφθη,

250 2342 508 2419 κεφαλὴν
552 2344 797 2420 γινώσκῃ
850 2345 943 2400 τὸν
990 2341 1325 2416 δανείσαντα,
1381 2345 1470 2399 καὶ
1517 2346 1655 2419 πρὸς
1714 2342 1915 2399 ἐκεῖνον

250 2433 526 2511 ἃφορῶσα
577 2432 686 2505 εἴη,
740 2432 1180 2510 συλλογιζομένη
1229 2437 1292 2490 τὸ
1353 2433 1649 2513 ὑπόχρεον·
1708 2433 1918 2505 καὶτῷ

250 2519 549 2598 συνδέσμῳ
579 2530 681 2593 τῆς
713 2522 942 2599 φύσεως,
977 2525 1006 2579 6
1046 2530 1149 2595 τῆς
1207 2522 1463 2598 ὁμονοίας
1508 2524 1695 2586 αὐτοῖς
1741 2520 1919 2597 ἔμπο-

253 2610 542 2670 λιτεύοιτο
575 2609 894 2687 σύνδεσμος.

328 2700 515 2758 Ἀλλά
559 2722 623 2776 γε
665 2700 882 2758 πάντων
929 2706 1035 2758 τῶν
1094 2701 1149 2759 ἐν
1195 2699 1508 2778 παραδείσῳ
1535 2703 1636 2773 τήν
1669 2699 1917 2758 ἀπόλαυ-

249 2813 339 2849 σιν
407 2790 507 2847 καὶ
562 2788 881 2848 δεσποτείαν
939 2792 1328 2867 χαρισάμενος,
1397 2790 1615 2868 ἐπείπερ
1672 2786 1779 2847 ἔδει
1825 2791 1918 2847 καὶ

255 2881 472 2952 ἐντολῆ
544 2901 651 2936 τινι
724 2878 1241 2958 παιδαγωγηθῆναι,
1298 2882 1387 2937 καὶ
1454 2880 1920 2958 ἐγγυμνασθῆναι,

253 2972 350 3029 τὸν
404 2969 751 3042 τηλικαύτης
806 2970 896 3025 καὶ
953 2970 1222 3043 τοσαύτης
1281 2970 1525 3041 ἐξουσίας
1562 2991 1919 3026 καταπιστω-

254 3061 423 3117 θέντα
451 3060 517 3114 τὸ
552 3059 802 3134 μέγεθος,
834 3058 1064 3135 εἰσφέρει
1094 3060 1261 3132 νόμον
1322 3060 1494 3132 αὐτῷ,
1532 3060 1651 3114 καθ’
1694 3060 1754 3114 ὃν
1795 3056 1920 3115 οὔτε

256 3149 517 3228 χαλεπὸν
544 3145 1066 3222 ἐμπολιτεύσασθαι,
1097 3145 1223 3204 οὔτε
1266 3153 1458 3225 ῥᾷστον
1500 3145 1691 3204 διόλου
1742 3146 1917 3224 φυλά-

254 3239 479 3309 Eas-0m:
512 3233 583 3292 δι’
620 3238 693 3292 ὧν
722 3236 784 3293 τό
822 3257 884 3314 γε
920 3231 1210 3311 ἔμμισθον,
1251 3239 1286 3309 ἢ
1329 3238 1392 3292 τὸ
1442 3234 1706 3293 ὑπόδικον
1753 3232 1914 3312 ἐϐρα-

257 3324 481 3384 6εύετο.
531 3327 711 3382 Φυτὸν
760 3328 862 3403 γάρ
900 3347 953 3381 τι
1000 3330 1111 3381 τῶν
1152 3325 1457 3383 ἀνθούντων
1488 3327 1803 3402 ὡραιότητα
1840 3330 1919 3399 τῷ

258 3416 429 3492 λόγῳ
482 3420 592 3472 τῶν
648 3413 836 3472 ἄλλων
882 3414 1302 3493 ἀφορισάμενος,
1360 3414 1555 3472 τούτου
1616 3417 1693 3490 μὴ
1734 3418 1919 3493 φαγεῖν

260 3506 449 3580 μόνου
479 3505 582 3574 τὴν
611 3503 838 3575 ἐντολὴν
879 3509 1140 3580 παρεῖχεν
1185 3504 1665 3576 άποθεσπίζουσαν.
1717 3504 1916 3580 Θηρίον

257 3593 319 3651 δὲ
381 3594 624 3669 πονηρὸν
681 3593 771 3649 καὶ
821 3593 1154 3672 ἀρχέκακον,
1222 3593 1281 3649 ’όν
1318 3596 1353 3664 ἡ
1412 3595 1605 3670 πρᾶξις
1653 3588 1915 3649 διάϐολον

258 3683 649 3758 ἐπωνόμασεν,
705 3683 756 3756 ἐξ
813 3682 985 3753 αὐτῆς
1038 3680 1292 3745 πλάσεως
1350 3681 1762 3761 ἐπὸφθαλμίσας
1824 3684 1918 3740 τὸν

255 3773 583 3849 ἄνθρωπον,
630 3768 791 3844 ἄλλῳ
839 3771 1016 3845 θηρίῳ
1059 3775 1168 3827 τῶν
1216 3772 1486 3845 ἑρπόντων
1527 3771 1742 3847 ὀργάνῳ
1773 3789 1916 3847 χρη-

256 3863 529 3937 σάμενος,
578 3861 671 3916 καὶ
717 3864 787 3936 τῇ
831 3860 1045 3938 γυναικῖ
1088 3858 1509 3937 προσομιλήσας
1542 3859 1799 3935 ἐπαγωγὰ
1826 3860 1918 3915 καὶ

254 3952 588 4026 θελκτήρια,
633 3950 722 4006 καὶ
770 3949 915 4007 πολὺ
963 3954 1062 4006 τοῦ
1099 3948 1401 4023 νομοθέτου
1429 3945 1826 4011 κατασκεδάσας
1853 3947 1918 4004 τὸ

256 4041 621 4118 βλάσφημον,
670 4037 842 4095 πείθει
888 4041 990 4108 τήν
1036 4044 1285 4115 γυναῖκα,
1342 4037 1434 4093 καὶ
1495 4034 1563 4093 δι’
1616 4035 1783 4107 αὐτῆς
1822 4037 1915 4092 τὸν

255 4130 543 4205 ὁμόζυγα,
589 4134 689 4198 τῆς
755 4128 848 4201 μὲν
911 4125 1141 4198 ἐντολῆς
1198 4124 1665 4203 κατολιγωρῆσαι·
1731 4129 1920 4204 φαγεῖν

2020 1988 2199 2045 situm
2230 1987 2472 2049 collocat
2501 2005 2680 2062 opus;
2714 1991 3118 2047 universorum
3167 1993 3404 2064 quidem
3453 1993 3666 2067 consti-
3746 1984 3747 1987 “

2019 2080 2193 2133 tuens
2239 2077 2552 2134 Dominum
2591 2097 2608 2151 ;
2656 2080 3069 2153 bonorumque
3123 2081 3388 2138 omnium
3437 2082 3661 2138 affatim

2020 2166 2382 2223 affluentiam
2404 2166 2692 2225 tribuens.
2711 2169 2860 2225 Tum
2873 2184 3009 2225 vero
3026 2170 3157 2242 conj
3167 2170 3668 2243 ugem,inefiabili

2022 2260 2190 2328 partu
2221 2256 2419 2313 lateris
2447 2256 2860 2314 obstetricatus
2908 2259 3196 2331 produxit,
3244 2263 3310 2316 ut
3354 2276 3513 2330 eum,
3564 2260 3665 2333 qui

2021 2344 2081 2399 id
2112 2344 2563 2413 commodasset,
2595 2362 2666 2402 ex
2690 2362 2806 2418 quo
2837 2346 3052 2405 fuisset
3076 2351 3334 2421 sumpta,
3353 2353 3529 2421 caput
3548 2350 3667 2408 sci-

2023 2439 2130 2503 ret,
2162 2450 2229 2490 ac
2260 2434 2523 2491 debitum
2556 2438 2839 2507 reputans
2867 2436 2925 2492 in
2958 2436 3124 2494 illum
3147 2437 3466 2510 aspiceret;
3499 2444 3666 2496 natu-

2025 2539 2220 2596 mque
2269 2523 2520 2592 vinculo,
2580 2526 2901 2582 concordia
2950 2526 3119 2597 ipsis,
3179 2526 3481 2585 individua
3533 2528 3666 2589 vita
3750 2600 3755 2603 _

2026 2612 2321 2683 societate,
2352 2613 2654 2671 vinculum
2688 2618 3003 2674 constaret.

2096 2701 2401 2770 Castorum,
2435 2719 2568 2760 cum
2600 2704 2875 2761 omnibus
2906 2705 2966 2761 in
2998 2705 3273 2778 paradiso
3294 2705 3503 2778 positis
3534 2723 3668 2764 con-

2025 2791 2300 2849 cessisset
2325 2792 2459 2862 frui,
2489 2809 2557 2850 ac
2579 2793 2987 2851 universorum
3010 2794 3272 2852 dominio
3294 2796 3469 2868 potiri
3492 2813 3506 2865 ;
3529 2796 3669 2869 quia

2026 2882 2201 2938 etiam
2234 2886 2519 2955 praseepto
2548 2884 2766 2940 erudiri
2788 2885 3108 2957 oportebat,
3143 2901 3209 2942 ac
3235 2886 3490 2944 exerceri
3513 2903 3668 2958 eum,
3764 2874 3773 2887 ’

2028 2969 2118 3024 cui
2152 2969 2283 3026 talis
2311 2987 2380 3026 ac
2408 2975 2584 3027 tantae
2613 2973 2916 3043 potestatis
2958 2973 3297 3045 magnitudo
3333 2975 3670 3032 concredita

2027 3062 2205 3127 esset,
2237 3058 2348 3115 fert
2375 3058 2427 3115 ei
2457 3057 2672 3132 legem,
2704 3074 2735 3115 e
2768 3060 2937 3132 cujus
2982 3060 3225 3128 ratione,
3272 3077 3379 3117 nec
3429 3061 3669 3119 difﬁcile

2029 3147 2351 3204 admodum
2379 3147 2508 3204 vitae
2549 3148 2804 3206 rationes
2844 3164 3225 3221 componere;
3273 3166 3381 3208 nec
3423 3150 3666 3207 omnino

2030 3192 2351 3204 “ms”...
2392 3192 2508 3204 ...υ
2549 3192 2804 3206 ...πηνα
2845 3192 3225 3221 ννωνυμυη,
3273 3192 3381 3208 ..νυ
3424 3192 3665 3207 es.-.“

1947 3192 1990 3260 Ο
2032 3235 2198 3292 facile
2228 3252 2491 3306 servare;
2517 3237 2734 3308 quibus
2765 3241 2889 3293 tum
2920 3238 3244 3308 premium,
3275 3242 3394 3294 tum
3435 3255 3665 3312 poenam

2028 3326 2289 3383 mercede
2356 3329 2720 3398 proponeret.
2791 3327 3070 3384 Arborem
3123 3341 3380 3401 namque
3426 3326 3668 3399 pulchra

2027 3420 2331 3473 venustate
2367 3415 2670 3473 ﬂorentem
2719 3431 2986 3473 sermone
3025 3417 3098 3473 ab
3149 3416 3278 3473 aliis
3326 3432 3665 3490 segregans,

2026 3510 2380 3578 praeceptum
2410 3505 2591 3576 ponit,
2624 3519 2735 3577 quo
2762 3522 2878 3563 una
2918 3504 3027 3563 hac
3067 3505 3221 3563 vesci
3253 3505 3665 3580 prohibeatur.

2027 3595 2178 3651 Mala
2234 3599 2429 3652 autem
2481 3592 2685 3663 bestia,
2730 3611 2798 3652 ac
2845 3594 2986 3651 mali
3017 3594 3289 3652 auctrix:
3326 3594 3541 3652 diaboli
3568 3610 3669 3651 co-

2030 3699 2281 3758 gnomen
2338 3684 2488 3741 actio
2547 3684 2799 3742 tribuit:
2862 3684 2932 3742 ab
2983 3685 3112 3758 ipsa
3159 3684 3491 3744 conditione
3537 3684 3668 3743 livi-
3738 3712 3745 3727 κ

2027 3775 2119 3831 dis
2178 3773 2366 3831 oculis
2421 3774 2712 3846 aspiciens
2762 3774 3081 3845 hominem,
3152 3774 3383 3848 aliaque
3448 3777 3521 3832 de
3581 3792 3672 3833 re-

2027 3862 2258 3935 ptilium
2309 3877 2519 3936 genere
2576 3863 2765 3920 bestia
2820 3879 3040 3937 organo
3098 3868 3287 3936 utens,
3343 3864 3673 3938 blandaque

2030 3969 2096 4009 ac
2115 3950 2436 4008 mulcentia
2457 3967 2589 4008 cum
2616 3951 2859 4007 muliere
2879 3951 3188 4023 collocuta,
3223 3953 3404 4023 inque
3436 3953 3673 4025 legisla-

2029 4047 2214 4098 torem
2274 4040 2521 4096 multam
2591 4057 2869 4113 spargens
2920 4041 3375 4114 blasphemiam,
3435 4041 3672 4100 mulieri

2030 4132 2256 4201 suadet,
2286 4146 2351 4187 ac
2393 4147 2495 4204 per
2522 4147 2649 4187 eam
2698 4130 2957 4204 conjugi,
3003 4134 3069 4187 ut
3115 4137 3390 4203 spernant
3435 4132 3672 4203 quidem

3538 428 3657 493 558
3764 386 3855 487 ’.

256 4216 317 4275 δὲ
350 4217 419 4273 οὗ
454 4218 531 4292 μὴ
552 4222 735 4295 φαγεῖν
768 4215 1131 4273 ἐτεθέσπιστο.
1164 4217 1227 4272 Οἱ
1259 4214 1337 4285 δὲ,
1365 4216 1480 4289 ἅμα
1510 4235 1568 4270 τε
1599 4216 1661 4271 τὸ
1690 4234 1916 4291 προστα-

2032 4226 2411 4296 praeceptum,
2439 4223 2612 4279 edant
2634 4238 2765 4279 vero
2808 4223 2879 4278 de
2911 4222 3115 4279 arbore
3160 4222 3233 4278 de
3283 4238 3402 4293 qua
3458 4236 3532 4278 ne
3577 4237 3675 4278 co-

255 4310 400 4383 χθὲν
434 4302 810 4381 ὑπερέϐαινον,
840 4306 934 4362 καὶ
977 4328 1190 4362 παντων
1236 4311 1344 4361 τῶν
1387 4305 1744 4381 χαρισμάτων
1784 4302 1916 4376 διεξ-

2034 4313 2337 4369 mederent
2367 4311 2655 4368 sancitum
2696 4316 2838 4370 erat.
2884 4313 3064 4368 Porro
3107 4310 3216 4383 illi,
3255 4326 3391 4369 mox
3428 4314 3493 4367 ut
3534 4326 3678 4384 prm-

255 4398 519 4455 έπιπτονο
572 4397 705 4472 ὅπερ
749 4397 815 4467 ἧν
858 4400 940 4469 τῷ
997 4391 1412 4451 ἐπιϐουλεύοντι
1452 4392 1795 4468 σπούδασμα.
1830 4394 1916 4455 Εἷς

2033 4410 2264 4473 ceptum
2321 4401 2670 4473 transgressi
2720 4405 2935 4472 essent,
2997 4401 3153 4458 dona
3205 4416 3437 4472 quoque
3488 4399 3680 4456 omnia

260 4491 436 4544 τοῦτο
478 4486 584 4563 γὰρ
615 4484 763 4559 αὐτῷ
792 4486 1012 4560 σύμπαν
1051 4484 1442 4541 κατεσκεύαπο
1472 4506 1535 4541 το
1587 4484 1916 4560 μηχάνημα.

2031 4491 2315 4561 amisere;
2349 4489 2507 4563 quod
2538 4491 2741 4563 utique
2771 4490 3042 4563 ponentis
3071 4489 3322 4546 insidias
3365 4488 3678 4546 consilium

254 4577 556 4633 κάντεῦθεν
621 4574 729 4630 άπὸ
792 4578 901 4631 τῶν
968 4578 1258 4650 προγόνων
1319 4573 1394 4637 εἷς
1450 4572 1581 4637 τοὺς
1623 4574 1916 4650 ἀπογόνους

2037 4584 2180 4637 erat.
2213 4584 2277 4636 In
2307 4596 2439 4637 eum
2477 4596 2726 4652 namque
2756 4580 2934 4636 finem
2966 4583 3085 4636 tota
3108 4578 3330 4635 molitio
3350 4582 3683 4650 comparata

259 4663 777 4739 κατασπειρομένου
824 4668 924 4719 τοῦ
969 4663 1435 4739 παραπτώματος,
1483 4660 1614 4719 ὅλον
1672 4664 1834 4736 ἡμῶν
1863 4663 1916 4719 τε

2036 4673 2198 4726 erat:
2230 4669 2485 4742 indeque
2514 4686 2548 4725 a
2575 4668 2900 4741 majoribus
2931 4675 2989 4724 ln
3032 4675 3267 4741 nepotes
3296 4667 3683 4725 disseminata
3778 4662 3785 4677 ³

258 4757 425 4833 γένος
454 4754 484 4810 6
513 4747 905 4816 ἐπιϐουλεύσας
935 4752 1041 4810 ὑπὸ
1098 4758 1262 4828 χεῖρα
1303 4753 1425 4829 εἶχε
1474 4749 1916 4827 δουλωσάμενος.

2041 4758 2533 4832 praevaricatione,
2562 4757 2900 4815 universum
2942 4755 3272 4813 humanum
3321 4771 3512 4830 genus
3540 4756 3685 4813 sub-

2036 4848 2257 4919 jectum
2294 4847 2708 4920 captivumque
2737 4845 3049 4903 insidiator
3074 4845 3327 4903 tenebat.

2111 4936 2261 5002 Quid
2304 4951 2443 5010 ergo
2474 4936 2644 4992 ﬁctor
2672 4934 3060 5007 curatorque?
3097 4934 3246 4991 Num
3287 4934 3349 4992 in
3384 4934 3582 5004 ﬁnem,
3623 4933 3683 4991 in

2037 5026 2332 5085 miseriam
2362 5025 2698 5099 prolapsum
2718 5024 2931 5096 sprevit
2955 5024 3324 5097 ﬁgmentum,
3346 5025 3521 5097 inque
3534 5025 3687 5081 tanti

2041 5116 2258 5173 erroris
2290 5115 2581 5187 profundo
2613 5114 2965 5182 demersum,
2998 5130 3065 5171 ac
3094 5113 3355 5186 quotidie
3392 5113 3689 5187 passioni-

2038 5206 2151 5263 bus
2182 5205 2471 5277 malisque
2503 5203 2906 5276 mancipatum
2927 5203 2955 5259 ‘2
2978 5203 3216 5260 Minime
3236 5203 3519 5276 gentium.
3542 5204 3689 5268 Quo-

2040 5293 2213 5350 modo
2235 5291 2393 5349 enim
2419 5292 2573 5364 quod
2597 5291 2907 5365 magniﬁce
2923 5290 3300 5358 condidisset,
3328 5290 3537 5349 lubens
3560 5307 3690 5363 spo-

2041 5381 2166 5439 liari
2200 5385 2377 5455 atque
2406 5397 2606 5438 errare
2626 5381 2829 5438 videns
2851 5380 3280 5438 sustinuisset?
3299 5380 3686 5447 Quamobrem

2041 5472 2196 5543 apud
2229 5471 2483 5543 seipsam
2514 5470 2755 5543 quidem
2792 5486 2968 5528 sacrae
2997 5468 3227 5527 Triadis
3254 5468 3480 5537 Unitas,
3503 5472 3568 5525 ut
3596 5469 3685 5524 fas

2041 5561 2121 5617 sit
2147 5560 2231 5616 ita
2260 5559 2445 5632 loqui,
2478 5564 2829 5617 conventum
2861 5576 3040 5632 agens
3074 5575 3090 5615 :
3128 5575 3298 5630 porro
3338 5556 3486 5615 nihil
3523 5556 3685 5613 nefas

2042 5651 2233 5707 dicere
2263 5649 2327 5705 in
2365 5650 2738 5719 recreatione,
2790 5651 3024 5722 quando
3064 5649 3237 5704 etiam
3288 5647 3346 5702 in
3394 5643 3684 5702 creatione

2043 5737 2186 5795 illud
2219 5738 2438 5796 dictum
2473 5742 2560 5796 est
2590 5754 2604 5793 :
2637 5738 2928 5797 Faciamus
2960 5737 3238 5794 hominem
3265 5734 3337 5790 ad
3378 5732 3681 5803 imaginem

336 4933 401 4991 Τί
450 4932 501 4990 δ’
549 4931 640 4989 οὖν
682 4933 711 4990 6
758 4930 1005 5005 πλάστης
1052 4932 1145 4988 καὶ
1181 4928 1490 5005 κηδεμών;
1542 4933 1643 5007 ἄρα
1672 4928 1924 5009 παρεῖδεν

264 5025 349 5087 εἰς
402 5023 565 5085 τέλος
610 5024 675 5079 τὸ
720 5022 952 5098 πλάσμα
996 5020 1542 5098 ταλαιπωρούμενον,
1573 5021 1665 5077 καὶ
1693 5022 1928 5097 τοσαύτῃ

265 5113 455 5189 πλάνῃ
522 5112 908 5188 βυθιζέμενον,
966 5111 1059 5167 καὶ
1130 5112 1464 5182 καθεκάστην
1512 5115 1630 5174 τοῖς
1705 5112 1925 5166 πάθεσιν

268 5197 843 5278 άνδραποδιζόμενον;
891 5200 964 5256 Οό
1020 5200 1115 5274 μὶν
1159 5197 1275 5259 οὗν.
1327 5203 1453 5262 Πῶς
1481 5199 1585 5274 γάρ
1614 5196 1746 5274 ὅπερ
1777 5198 1934 5277 φιλο-

267 5291 609 5366 τιμούμενος
666 5284 924 5359 ἔπλασεν,
977 5290 1227 5364 ἠνέσχετ’
1286 5287 1346 5344 ἂν
1401 5285 1577 5358 ἡδέως
1626 5289 1755 5363 ὁρᾷν
1794 5286 1931 5344 συλ-

270 5380 665 5458 αγωγούμενον
691 5381 783 5437 καὶ
812 5377 1173 5455 πλανώμενον
1200 5399 1214 5450 ;
1248 5379 1340 5434 Διὸ
1369 5379 1501 5457 πρὸς
1541 5378 1733 5447 ἑαυτὴν
1766 5379 1860 5452 μὲν
1892 5380 1928 5449 ἡ

269 5476 375 5540 τῆς
412 5467 653 5545 Τριάδος
686 5468 901 5541 ἑνότης,
951 5469 998 5524 εἰ
1047 5468 1206 5543 θέμις
1252 5468 1444 5537 εἰπεῖν,
1504 5467 1930 5538 ἐκκλησιάσασα.

271 5559 433 5633 θέμις
488 5556 549 5615 δὶ
589 5563 756 5615 τοῦτο
803 5556 980 5634 λέγειν
1030 5557 1121 5614 ἐπὶ
1173 5564 1276 5629 τῆς
1313 5555 1695 5628 άναπλάσεως,
1727 5558 1812 5613 ὅτι
1839 5559 1932 5615 καὶ

268 5648 363 5719 τὸ,
422 5650 754 5721 Ποιήσωμεν
837 5644 1120 5724 ἄνθρωπον
1208 5648 1325 5702 κατ’
1408 5646 1587 5703 εἰκόνα
1667 5646 1934 5722 ἡμετέραν

270 5737 368 5793 καί
420 5738 714 5814 ὁμοίωσιδ,
769 5734 857 5793 ἐπὶ
909 5742 1011 5808 τῆς
1049 5735 1305 5801 πλάσεως
1347 5734 1586 5815 ε’ίρηται·
1638 5740 1718 5810 τῷ
1747 5737 1934 5812 ἓνιαίῳ
