4090 6228
385 405 504 464 559

1585 390 1850 452 PHOTII
1899 388 2424 450 PATRIARCH/E
2465 391 2588 452 (ΖΡ.

3673 397 3799 459 560

381 549 434 597 et
453 535 881 596 similitudinem
896 539 1139 612 nostram
1161 530 1204 565 9°
1239 545 1251 584 :
1277 527 1497 593 eodem,
1528 543 1593 582 ac
1616 523 1900 596 singulari
1923 539 2011 582 vo-

2139 528 2237 590 τῆς
2283 523 2512 598 γνώμης
2564 519 2904 595 βούλήματι,
2952 521 3053 591 τήν
3095 520 3396 580 ἀνάπλασιν
3436 529 3535 581 τοῦ
3575 547 3794 602 συντρι-

381 628 626 686 luntatis
657 624 924 692 consilio,
958 622 1270 678 reformare
1313 617 1468 688 quod
1512 616 1830 671 contritum
1880 618 2019 680 erat,

381 720 717 790 ﬁgmentum
743 711 1061 770 constituit.
1082 710 1184 766 Illa
1205 711 1437 764 autem:
1467 707 1630 761 valde
1654 704 1868 775 quippe
1891 704 2024 758 eﬁ‘e-

383 814 573 864 ratum
597 822 664 862 ac
685 802 1007 860 desolatam
1033 803 1156 856 erat
1180 798 1500 852 humanum
1527 811 1736 866 genus,
1760 793 1910 865 quod
1935 807 2030 847 ne-

384 914 498 969 que
510 895 711 962 minis,
728 909 910 964 neque
929 891 1134 964 poenis,
1160 903 1350 958 neque
1375 887 1624 958 legibus,
1657 899 1764 940 nec
1787 881 2025 938 monitis

383 987 794 1059 prophetarum
827 981 1026 1037 reduci
1052 978 1368 1051 potuisset;
1411 974 1707 1030 hominem
1734 971 2027 1044 quaerebat

384 1076 642 1148 ejusdem
673 1073 980 1129 nobiscum
1013 1075 1340 1127 consortem
1375 1069 1621 1135 naturae,
1653 1064 1712 1118 in
1748 1060 2026 1134 quolegis

379 1167 508 1224 latae
568 1163 1000 1222 observantiam
1074 1159 1233 1215 nulla
1293 1153 1764 1228 praevaricatione
1825 1151 2026 1206 liceret

377 1256 740 1329 perspicere;
775 1269 888 1326 quo
920 1252 1244 1307 humanum
1279 1247 1430 1302 idem
1463 1261 1666 1316 genus,
1692 1241 1902 1314 quibus
1930 1240 2023 1297 sui

375 1347 607 1420 generis
638 1344 933 1401 hominem
965 1340 1140 1396 vitam
1163 1337 1566 1394 instituentem
1595 1334 1833 1402 videret,
1858 1346 2026 1388 eum-

374 1435 505 1491 dem
547 1435 743 1507 ipsum
779 1432 1146 1496 imitaretur;
1183 1434 1357 1497 utque
1387 1424 1514 1496 ipso
1547 1439 1633 1492 eo,
1672 1423 1765 1480 cui
1799 1421 2021 1478 machi-

380 1540 591 1581 narum
623 1523 938 1577 instructor
969 1519 1245 1574 adversus
1268 1532 1373 1571 nos
1394 1513 1697 1570 victoriam
1725 1519 2022 1582 acceptam

378 1613 683 1682 referebat,
699 1609 961 1682 legitima
980 1607 1219 1664 victoria
1239 1622 1304 1661 ac
1319 1603 1640 1661 certamine
1655 1601 2019 1674 proﬂigatus,

382 1701 640 1757 dominio
672 1701 921 1755 caderet.

2134 607 2322 672 ϐέντος
2367 608 2626 666 διετίθετο
2660 611 3004 684 πλάσματος.
3057 615 3118 666 Ἡ
3152 608 3208 666 δὲ
3264 611 3553 692 (χαλεπῶς
3600 617 3703 693 γὰρ
3731 618 3793 672 τὸ

2135 700 2470 775 ἀνθρώπινον
2528 700 2823 776 ἐξηγρίωτο
2882 702 2972 756 καὶ
3039 701 3392 778 ἐξηρήμωτο,
3444 704 3567 762 οὔτε
3643 708 3796 762 ἀπει-

2137 787 2279 858 λαῖς,
2314 787 2436 845 οὔτε
2468 796 2706 862 ποιναῖς,
2750 788 2873 848 οὔτε
2912 790 3126 866 νόμοις,
3166 790 3289 848 οὕτε
3337 797 3646 874 προφήταις
3697 795 3788 852 ἐπ-

2135 879 2488 955 αναγόμενον)
2519 880 2804 954 ἄνθρωπον
2835 881 3011 953 ἐζήτει
3041 885 3139 952 τῆς
3171 885 3340 955 αὐτῆς
3369 887 3506 958 ἡμῖν
3537 885 3790 964 λαχόντα

2135 968 2364 1045 φύσεως,
2406 968 2458 1024 ἐν
2496 971 2541 1042 ᾧ
2571 977 2670 1040 τῆς
2697 970 3018 1044 νομοθεσίας
3069 970 3194 1042 ἐνῆν
3253 970 3382 1029 ἰδεῖν
3431 971 3782 1050 ἀπαράϐατον

2132 1059 2230 1126 τὴν
2272 1060 2616 1132 συντήρησιν·
2645 1059 2718 1120 ὡς
2750 1057 2807 1114 ἂν
2843 1053 2963 1134 ἔχοι
2997 1079 3053 1115 νε
3089 1061 3150 1116 τὸ
3198 1060 3533 1134 ἀνθρώπινον
3567 1065 3656 1125 οἷς
3689 1063 3789 1138 ὁρᾷ

2139 1148 2194 1202 τὸ
2222 1149 2481 1223 ὁμογενὲς
2511 1147 2961 1223 πολιτευόμενον,
2994 1149 3342 1225 ἐκμιμεῖσθαι
3373 1153 3435 1208 τὸ
3478 1151 3789 1226 ὁμόφυλον·

2132 1237 2222 1292 καὶ
2250 1235 2342 1292 τίνα
2373 1237 2464 1306 δι’,
2500 1239 2561 1294 οὗ
2592 1239 2653 1294 τὸ
2684 1241 2800 1294 καθ’
2831 1242 2992 1314 ἡμῶν
3025 1241 3243 1316 κράτος,
3294 1243 3322 1296 ὁ
3379 1243 3474 1305 τὰς
3527 1244 3786 1317 μηχανὰς

2134 1327 2443 1402 ῥαψάμενος
2499 1326 2817 1401 ἀνεδήσατο,
2879 1327 2968 1385 διὰ
3022 1329 3218 1387 τούτου
3283 1331 3627 1407 καθαιρεθείη
3680 1339 3783 1402 τῆς

2131 1417 2366 1492 κυρείας,
2400 1419 2609 1494 ἐννόμῳ
2640 1419 2762 1494 νίκῃ
2792 1421 2882 1475 καὶ
2913 1421 3269 1497 ἀγωνίσματι.

452 1792 600 1862 Ergo
634 1804 818 1845 unum
849 1787 1107 1858 aliquem
1157 1802 1188 1841 e
1225 1783 1511 1841 Trinitate
1551 1781 1854 1854 oportebat
1897 1779 2011 1836 ﬁeri

2203 1781 2410 1836 Οὐκοῦν
2465 1778 2569 1837 ἔδει
2624 1783 2744 1836 τινὰ
2805 1783 2895 1837 τὸν
2951 1787 3052 1853 τῆς
3090 1782 3314 1858 Τριάδος
3347 1784 3424 1849 εἷς
3455 1786 3778 1861 ἀνθρώπους

378 1880 699 1945 hominem,
734 1883 797 1934 ut
826 1878 994 1948 cujus
1039 1879 1164 1932 erat
1213 1873 1500 1942 formatio,
1551 1888 1617 1928 ac
1657 1887 1820 1942 Opus,
1871 1870 2025 1941 ejus-

379 1971 506 2026 dem
527 1969 818 2024 videretur
839 1983 967 2023 esse
991 1965 1321 2022 reformalio
1344 1980 1410 2018 ac
1435 1961 1783 2018 instauratio
1806 1959 2021 2032 operis.

375 2059 549 2114 Illum
571 2074 739 2129 porro
773 2055 1006 2113 omnino
1029 2055 1333 2126 oportebat
1355 2052 1412 2106 in
1441 2056 1595 2107 terra
1615 2050 1800 2104 ﬁlium
1825 2047 2025 2120 appel-

375 2147 502 2217 lari,
563 2163 669 2204 nec
727 2162 1047 2218 supernam
1118 2147 1314 2198 tamen
1369 2139 1582 2197 violare
1651 2138 2018 2210 dignitatem,

375 2240 473 2311 qui
506 2238 577 2294 ab
599 2241 812 2294 aeterno
839 2236 947 2292 hoc
969 2233 1183 2306 pariter
1205 2235 1378 2297 esset,
1403 2247 1468 2286 ac
1493 2229 1846 2286 laudaretur.
1878 2227 2020 2284 Cen-

375 2327 491 2384 seri
521 2332 716 2384 autem
757 2326 909 2381 inter
951 2324 1103 2379 ﬁlios
1147 2321 1454 2378 hominum
1493 2317 1855 2390 impossibile
1895 2321 2020 2374 erat

375 2419 594 2489 absque
633 2415 1053 2472 incarnatione.
1102 2409 1422 2468 Incarnatio
1462 2410 1642 2476 enim,
1683 2407 1776 2463 via
1816 2411 1907 2462 est
1947 2408 2016 2462 ad

373 2506 856 2579 generationem:
909 2501 1196 2574 generatio
1260 2516 1412 2566 vero,
1477 2497 1900 2568 conceptionis,
1950 2511 2017 2554 ac

375 2596 588 2667 gestati
607 2594 746 2650 uteri
761 2593 1046 2648 terminus
1065 2595 1154 2646 est
1176 2606 1189 2645 :
1210 2604 1456 2660 cumque
1474 2587 1572 2642 illa
1589 2584 2016 2656 complectatur

373 2689 638 2750 matrem,
671 2683 797 2754 ejus
849 2681 1052 2738 merito
1100 2678 1570 2751 praeparationem
1614 2675 1772 2731 velut
1813 2675 2016 2730 funda-

372 2779 565 2829 mento
598 2772 801 2844 praeire
828 2772 986 2842 petit.
1025 2771 1152 2824 Erat
1176 2768 1372 2839 itaque
1397 2765 1613 2822 lictoris
1637 2765 2013 2837 praeparanda

368 2867 572 2927 mater,
605 2878 715 2934 quo
746 2860 835 2916 sic
865 2860 1265 2930 reﬁngeretur,
1307 2857 1454 2926 quod
1479 2855 1840 2910 confractum
1860 2857 2004 2921 erat,

367 2968 615 3024 eamque
642 2951 943 3023 Virginem
977 2963 1098 3005 esse
1128 2947 1457 3020 oportebat,
1491 2949 1553 3001 ut
1596 2944 1750 3002 sicut
1791 2943 2014 3016 primus

363 3043 535 3100 homo
567 3059 598 3098 e
641 3045 792 3097 terra
842 3039 1062 3111 virgine
1110 3039 1284 3095 ﬁctus
1328 3037 1537 3104 fuerat,
1589 3035 1675 3091 sic
1724 3051 1792 3091 ex
1839 3033 2012 3092 vulva

2131 1869 2370 1939 τελέσαι,
2416 1868 2490 1924 ’ίν³
2537 1873 2710 1947 ἧσπερ
2750 1870 2812 1939 ἦν
2860 1872 2924 1927 τὸ
2955 1871 3412 1950 πλαστοῦργημα,
3443 1877 3648 1946 ταύτης
3679 1877 3786 1932 ὑπ-

2132 1961 2304 2039 άρχον
2338 1960 2527 2039 ὀφθείη
2568 1961 2660 2016 καὶ
2689 1963 2751 2017 τὸ
2810 1959 3161 2036 ἀνάπλασμα.
3209 1965 3444 2020 Ἐκεῖνον
3477 1963 3536 2021 δὲ
3564 1967 3788 2030 πάντως

2129 2050 2244 2104 υἱὸν
2305 2047 2412 2104 ἔδει
2476 2050 2624 2106 κάτω
2683 2052 3046 2126 χρηματίσαι,
3105 2054 3197 2108 καὶ
3251 2056 3326 2128 μή
3359 2049 3688 2131 καθυϐρίσαι
3719 2057 3783 2111 τὸ

2127 2134 2238 2192 ἄνω
2283 2137 2516 2212 ἀξίωμα,
2555 2139 2644 2194 τὸν
2701 2137 2752 2212 ἐξ
2804 2137 2980 2194 ἀϊδίου
3021 2145 3180 2196 τοῦτο
3214 2141 3304 2196 καὶ
3337 2139 3464 2197 ὄντα
3493 2143 3588 2198 καὶ
3622 2141 3785 2213 δοξο-

2131 2228 2378 2300 ζόμενον.
2425 2226 2615 2285 Τελεῖν
2669 2225 2727 2284 δὲ
2776 2228 2851 2292 εἷς
2901 2229 3196 2306 ἀνθρώπων
3243 2231 3418 2300 υἱοὺς,
3469 2230 3570 2288 οὒκ
3615 2234 3674 2288 ἂν
3706 2231 3788 2308 ἐγ-

2133 2319 2351 2389 χωροῦν
2385 2313 2469 2387 εἷή
2504 2317 2678 2392 χωρίς
2709 2337 2768 2392 γε
2800 2316 3143 2392 σαρκώσεως.
3177 2319 3460 2392 Σάρκωσις
3490 2321 3616 2397 γὰρ,
3653 2319 3782 2384 ὁδὸς

2129 2403 2216 2460 ἐπὶ
2249 2403 2516 2479 γέννησινο
2549 2407 2796 2480 γέννησις
2830 2405 2907 2480 δὲ,
2938 2408 3233 2486 κυοφορίας
3280 2409 3516 2489 ὑπάρχει
3567 2410 3778 2485 συμπέο

2125 2513 2328 2568 ρασμα.
2360 2500 2420 2550 Ἥ
2461 2492 2538 2564 δὲ,
2575 2495 2784 2572 μητέρα
2831 2497 3371 2576 συμπεριγράφουσα,
3420 2501 3520 2569 τὴν
3555 2501 3775 2575 ἕτοιμα·

2125 2581 2238 2636 σίαν
2266 2583 2465 2654 ταύτης
2497 2584 2724 2646 εἷ’κότως
2773 2584 2989 2640 ἀπαιτεῖ
3032 2583 3602 2660 προκαταῦάλλεσθαι.
3649 2597 3776 2660 Μη-

2124 2669 2250 2746 τέρα
2307 2669 2414 2726 ἔδει
2461 2673 2608 2727 κάτω
2659 2669 3126 2748 διευτρεπισθῆναι
3168 2680 3264 2732 τοῦ
3311 2675 3561 2733 Πλάστου
3602 2679 3682 2740 εἷς
3712 2680 3775 2734 τὸ

2117 2760 2181 2815 τὸ
2223 2758 2501 2837 συντριϐὲν
2571 2759 2998 2819 ἀναπλάσασθαι·
3059 2766 3149 2819 καὶ
3217 2765 3416 2838 ταύτην
3476 2769 3772 2842 παρθένον,

2117 2847 2192 2902 ’ίν’
2239 2848 2421 2925 ὥσπερ
2473 2849 2534 2904 ἐκ
2577 2850 2844 2925 παρθένου
2889 2855 2989 2928 γῆς
3037 2855 3064 2909 ὁ
3125 2858 3341 2928 πρῶτος
3378 2850 3661 2928 ἅνθρωπος
3697 2855 3782 2912 δι-

2124 2940 2453 3010 επέπλαστο,
2485 2939 2742 2997 οὕτωδιά
2771 2945 3038 3016 παρθένου
3091 2946 3321 3018 μήτρας,
3374 2948 3770 3022 πραγματευθῇ

2214 3030 2538 3094 ἀνάπλασιςο
2596 3033 2685 3087 καὶ
2734 3031 2824 3087 τίνσι
2886 3032 3134 3108 μηδεμία
3194 3032 3326 3108 μηδ’
3376 3034 3600 3109 ἐννόμου
3630 3037 3776 3113 πάρ-

364 3132 590 3205 virgine
621 3148 768 3188 nova
794 3131 1009 3186 iterum
1043 3128 1199 3184 ﬁctio
1231 3129 1518 3193 ederetur,
1551 3128 1726 3198 atque
1759 3128 1824 3180 ut
1847 3123 2011 3180 nulla

2125 3118 2250 3184 οδος
2279 3117 2504 3191 ἡδονῆς,
2541 3119 2672 3194 μηδ’
2703 3120 3016 3194 ἐπινοηθείη
3054 3128 3134 3196 τῷ
3159 3102 3307 3197 «ita?
3335 3129 3432 3180 τοῦ
3462 3102 3778 3189 κτίσαντος.

375 3239 616 3296 prorsus
671 3219 994 3294 voluptatis
1051 3217 1390 3287 insinuatio,
1433 3215 1520 3273 vel
1556 3215 1605 3272 si
1648 3231 1717 3272 ea
1758 3213 2018 3286 legitima

371 3312 540 3379 foret,
573 3312 631 3366 in
662 3309 949 3368 Creatoris
973 3305 1142 3381 partu
1166 3307 1610 3378 intelligeretur.
1635 3305 1859 3376 Quippe
1888 3305 2012 3359 erat

370 3399 696 3471 voluptatis
755 3398 1040 3470 captivus,
1065 3411 1242 3468 quem
1301 3395 1590 3451 Dominus
1623 3398 1687 3450 ut
1716 3393 2012 3461 liberaret,

370 3489 528 3545 nasci
572 3487 848 3543 voluerat.
891 3486 1196 3541 Enimvero
1235 3499 1495 3555 quamam
1537 3482 1796 3554 mysterii
1835 3481 2013 3552 digna

367 3577 442 3633 sit
473 3591 602 3632 esse
630 3574 940 3630 ministra?
971 3575 1248 3639 Quaenam
1271 3572 1447 3644 digna
1478 3571 1626 3627 efﬁci
1660 3570 1760 3626 Dei
1806 3570 2008 3638 Mater,

361 3681 426 3721 ac
457 3665 511 3721 ei
535 3663 905 3720 commodare
923 3678 1182 3728 carnem,
1202 3661 1261 3716 in
1285 3662 1458 3731 cujus
1476 3659 1748 3716 universa
1769 3674 2012 3716 censen-

356 3759 454 3810 tur
487 3753 752 3810 divitiis?
781 3753 1054 3817 Quwnam
1087 3768 1219 3823 ergo
1249 3750 1470 3821 digna?
1508 3749 1619 3805 nisi
1653 3749 1854 3822 utique
1889 3750 2006 3806 haec

360 3861 489 3916 quas
548 3842 829 3900 miraculo
886 3842 1058 3899 hodie
1117 3857 1184 3897 ex
1230 3839 1498 3897 Joachim
1531 3855 1596 3896 ac
1644 3841 1822 3895 Anum
1882 3855 2006 3910 ger-

357 3935 544 3990 minat
569 3932 885 3990 infecunda
917 3931 1109 3988 radice
1131 3931 1158 3986 ?
1185 3931 1357 4000 cujus
1390 3929 1534 3985 lastis
1569 3928 1801 4002 gaudiis
1846 3929 2002 3985 diem

356 4024 720 4080 celebramus
777 4022 1068 4090 natalem;
1125 4038 1188 4077 ac
1234 4021 1407 4092 cujus
1457 4023 1687 4092 partus,
1741 4018 2002 4092 mysterii

356 4113 618 4185 maximi,
687 4113 876 4182 Verbi,
947 4112 1211 4183 inquam,
1280 4110 1338 4166 in
1420 4127 1594 4168 carne
1658 4108 1996 4178 nativitatis,

357 4205 703 4262 miraculum
737 4203 1011 4260 inchoat:
1038 4204 1206 4274 cujus
1238 4202 1488 4274 denique
1512 4201 1720 4273 gratia,
1754 4199 1995 4256 celebris

355 4294 450 4352 hic
483 4294 666 4349 totius
695 4291 894 4364 populi
937 4307 1251 4361 concursu,
1297 4305 1578 4360 sacerque
1620 4288 1880 4345 indictus
1923 4291 2012 4345 est

358 4399 424 4439 ac
455 4391 693 4440 coactus
726 4386 1064 4439 conventus.

2125 3207 2331 3281 ἡδονῆς
2353 3210 2453 3288 γὰρ
2483 3211 2548 3280 ἦν
2579 3209 2963 3287 αἰχμάλωτος,
2995 3213 3052 3270 ὃν
3089 3213 3115 3268 ὁ
3164 3216 3446 3286 Δεσπότης
3481 3213 3778 3290 ἐλευθερῶ-

2125 3321 2212 3355 σαι
2258 3302 2356 3369 τὴν
2408 3301 2659 3376 γέννησιν
2700 3299 3037 3376 κατεδέξατο.
3087 3303 3264 3360 Ἀλλᾶ
3296 3302 3380 3368 τίς
3409 3305 3529 3377 ἀξία
3554 3325 3778 3380 χρημα-

2121 3391 2385 3446 τίσαιτοῦ
2420 3389 2725 3466 μυστηρίου
2757 3390 3048 3464 διάκονοςς
3081 3392 3177 3456 Τίς
3217 3393 3337 3464 ἀξία
3385 3397 3587 3470 Μήτηρ
3625 3395 3773 3471 γενέ-

2122 3481 2240 3535 σθαι
2302 3485 2457 3551 Θεοῦ,
2515 3480 2604 3536 καὶ
2659 3483 2829 3557 σάρκα
2886 3479 3123 3538 δανεῖσαι
3184 3488 3264 3556 τῷ
3312 3483 3646 3540 πλουτοῦντι
3703 3487 3774 3540 τᾶ

2121 3571 2444 3643 σ·3μπαντα;
2504 3571 2594 3633 Τίς
2652 3569 2742 3626 οὖν
2799 3571 3027 3642 ἂξίαςῆ
3097 3569 3268 3642 δῆλον
3325 3573 3408 3628 ὅτι
3469 3572 3676 3645 αὕτη-δ
3721 3575 3772 3644 ἐξ

2120 3659 2373 3733 Ἰωακεὶμ
2420 3659 2510 3714 καὶ
2556 3662 2753 3731 ’Ἄννης
2795 3668 2895 3731 τῆς
2941 3661 3184 3734 ἀκάρπου
3247 3661 3403 3738 ῥίζης
3445 3661 3772 3737 παραδόξως

2119 3747 2469 3824 βλαστήσασα
2500 3751 2775 3824 σήμερον;
2807 3751 2872 3821 ἧς
2913 3753 3077 3823 ἡμεῖς
3109 3749 3380 3826 λαμπρῶς
3432 3750 3775 3828 ἑορτάζομεν

2113 3839 2178 3894 τὰ
2227 3837 2498 3913 γενέθλια,
2548 3840 2636 3894 καὶ
2685 3841 2754 3908 ἧς
2801 3839 2829 3894 ὁ
2878 3839 3062 3910 τόκος,
3114 3845 3212 3895 τοῦ
3267 3841 3528 3917 μεγίστου
3563 3863 3774 3914 μυστη-

2114 3929 2256 4004 ρίου,
2287 3936 2387 3998 τῆς
2419 3927 2474 3984 ἐν
2505 3929 2685 4003 σαρκὶ,
2732 3928 2898 4002 φημὶ,
2952 3932 3050 3985 τοῦ
3099 3930 3279 4005 Λόγου
3322 3932 3647 4006 γεννήσεως,
3701 3932 3766 3987 τὸ

2112 4019 2292 4091 θαῦμα
2347 4019 2785 4094 προοιμιάζεται·
2840 4018 2930 4074 καὶ
2977 4015 3044 4072 δι’
3093 4019 3159 4089 ἢν
3209 4021 3244 4089 ἠ
3294 4017 3585 4094 πάνδημος
3619 4019 3758 4092 αὕτη

2107 4107 2199 4163 καὶ
2230 4110 2346 4164 θεία
2375 4109 2680 4183 πανήγυρις
2721 4107 3172 4184 συγκεκρότηται.

423 4471 738 4546 Oportebat
769 4471 946 4536 enim,
981 4470 1152 4543 plane
1183 4469 1482 4540 oportebat
1517 4473 1578 4525 ut
1624 4485 1708 4537 ea,
1755 4485 1882 4542 quas
1925 4471 1997 4526 ab

2178 4461 2328 4519 Ἔδει
2380 4465 2506 4541 γὰρ,
2566 4461 2673 4521 ἔδει
2730 4467 2829 4537 τὴν
2882 4469 2933 4540 ἐξ
2985 4467 3164 4526 αὐτῶν
3215 4469 3540 4548 σπαργάνων
3599 4473 3768 4550 ἁγνὸν

351 4561 496 4632 ipsis
529 4559 859 4630 cunabulis,
893 4566 1120 4615 castum
1162 4574 1396 4630 corpus,
1437 4561 1657 4613 castam
1700 4557 1998 4626 animam;

351 4655 541 4708 castas
568 4651 822 4723 denique
851 4648 1259 4722 cogitationes,
1293 4664 1470 4719 supra
1499 4664 1676 4719 quam
1711 4645 1998 4703 sermonis

351 4741 405 4794 vi
437 4742 682 4812 exprimi
713 4745 909 4812 queat,
944 4743 1367 4808 conservasset,
1398 4737 1634 4794 Fictoris
1663 4740 1838 4794 Mater
1861 4753 2000 4809 pra:-

352 4828 760 4886 destinaretur.
793 4829 1106 4901 Oportebat
1129 4833 1194 4886 ut
1225 4845 1350 4901 qua;
1388 4846 1421 4885 a
1451 4844 1628 4899 puero
1678 4827 1737 4883 in
1780 4827 1996 4898 templo

351 4915 546 4973 oblata
575 4928 747 4984 esset,
782 4919 1024 4992 locaque
1046 4921 1351 4977 inaccessa
1373 4921 1752 4991 penetrasset,
1778 4918 2000 4974 anima-

355 5010 480 5062 tum
504 5007 629 5077 ejus
651 5009 930 5078 templum
955 5009 1055 5081 qui
1079 5009 1370 5066 indiderat
1391 5008 1672 5076 animam,
1702 5007 1999 5079 conspice-

355 5099 535 5152 retur.
569 5097 878 5168 Oportebat
909 5102 974 5154 ut
1003 5115 1152 5170 quae,
1187 5117 1333 5156 nova
1364 5115 1430 5156 ac
1470 5098 1708 5154 insolita
1746 5098 1992 5166 ratione,

353 5186 428 5242 ab.
459 5186 788 5243 infecundis
837 5187 1057 5244 lumbis
1105 5193 1240 5246 nata
1292 5187 1624 5260 prodiisset,
1661 5191 1995 5258 parentum-

353 5291 462 5347 que
493 5276 766 5347 probrum
803 5276 1163 5344 abstulisset,
1206 5295 1440 5335 avorum
1481 5294 1710 5349 quoque
1761 5277 1991 5333 ruinam

348 5367 719 5422 instauraret.
753 5365 953 5438 Neptis
982 5367 1132 5424 enim
1167 5369 1460 5440 majorum
1494 5367 1693 5424 babuit
1723 5383 1992 5439 reparare

346 5473 568 5525 casum,
603 5457 831 5529 generis
861 5456 1219 5515 Salvatorem
1243 5462 1414 5532 partu
1434 5457 1540 5514 viri
1567 5456 1763 5516 nescio
1787 5459 1991 5530 edens,

345 5563 410 5604 ac
469 5564 604 5606 eum
657 5564 868 5622 corpus
925 5547 1203 5610 induens.
1264 5547 1576 5622 Oportebat
1633 5555 1694 5607 ut
1750 5565 1878 5623 quae
1929 5563 1992 5608 se

417 5713 462 5750 °°
500 5713 644 5775 Gen.
689 5731 728 5784 ι,
769 5715 860 5774 26-

2114 4555 2208 4628 μὲν
2251 4555 2312 4611 τὸ
2362 4561 2542 4630 σῶμα,
2593 4557 2762 4632 ἀγνήν
2823 4557 2881 4614 δὲ
2926 4562 3028 4631 τὴν
3069 4564 3275 4638 ψυχὴν,
3318 4564 3514 4639 ἁγνοὺς
3548 4561 3608 4620 δὲ
3637 4565 3768 4628 τοὺς

2111 4643 2436 4722 λογισμοὺς,
2467 4649 2714 4721 κρεῖττον
2747 4646 2782 4717 ἢ
2832 4644 3008 4724 λόγῳ,
3061 4653 3490 4726 συντηρήσασαν,
3536 4655 3768 4731 Μητέρα

2107 4733 2307 4804 ταύτην
2357 4737 2752 4810 προορισθῆναι
2797 4741 2894 4793 τοῦ
2948 4735 3284 4804 Πλάσαντος.
3343 4738 3496 4798 Ἔδει
3561 4744 3664 4812 τήν
3707 4743 3768 4799 ἐκ

2112 4825 2342 4900 βρέφους
2391 4830 2504 4897 ναῷ
2556 4829 2983 4901 προσαχθεῖσαν,
3028 4828 3118 4884 καὶ
3149 4835 3264 4891 τοῖς
3315 4825 3537 4892 ἀϐάτοις
3568 4833 3763 4895 τόποις

2104 4908 2527 4987 ἐμϐατεόσασαν,
2589 4914 2838 4992 ἔμψυχον
2898 4918 3026 4974 ναὸν
3086 4918 3314 4997 ὀφθῆναι
3389 4924 3485 4976 τοῦ
3559 4921 3764 4993 ταύτην

2106 5005 2482 5080 ψυχώσαντος.
2514 5005 2662 5062 Ἔδει
2687 5009 2786 5077 τήν
2828 5007 2879 5078 ἐξ
2913 5007 3123 5086 ἀγόνων
3175 5008 3421 5085 λαγόνων
3470 5009 3763 5086 παραδόξῳ

2107 5093 2262 5171 λόγῳ
2309 5098 2618 5172 τεχθεῖσαν,
2663 5098 2753 5154 καὶ
2803 5102 2865 5155 τὸ
2907 5103 3016 5156 τῶν
3059 5102 3324 5156 τεκόντων
3357 5100 3762 5177 περιελομένην

2105 5181 2334 5257 ὄνειδος,
2394 5191 2484 5244 καὶ
2551 5193 2658 5244 τῶν
2736 5192 3096 5266 προπατόρων
3183 5189 3615 5248 ἀνακαλέσασθαι
3697 5191 3761 5250 τὸ

2104 5275 2417 5350 ἐλάττωμα.
2470 5279 2870 5335 Ἀνασώσασθαι
2920 5281 3024 5357 γὰρ
3085 5280 3214 5356 ἔσχε
3259 5281 3322 5338 τὸ
3367 5283 3760 5358 προγονικὸν-ἦ

2102 5365 2375 5438 ἀπόγονος
2419 5366 2664 5440 ἥττημα,
2714 5367 2806 5424 τὸν
2851 5372 3086 5444 Σωτῆρα
3132 5375 3228 5425 τοῦ
3284 5371 3472 5446 γένους
3505 5369 3764 5450 ἀνάνδρῳ

2100 5454 2248 5528 τόκῳ
2305 5456 2694 5533 γεννησαμένη,
2769 5458 2862 5514 καὶ
2945 5462 3135 5516 τοῦτον
3220 5463 3765 5538 σωματουργήσασα.

2100 5543 2254 5604 Ἔδει
2283 5548 2384 5616 τήν
2413 5551 2492 5620 τῷ
2529 5545 2726 5604 κάλλει
2771 5555 2871 5618 τῆς
2918 5551 3106 5625 ψυχῆς
3154 5550 3350 5623 ἑαυτὴν
3401 5550 3619 5629 ὡραίως
3661 5551 3770 5628 ἒμ-
