4090 6228
352 354 467 415 561

1175 348 1512 411 HOMILIA
1555 349 1605 410 Ι.
1656 381 1728 395 -
1773 349 1851 408 ΙΝ
1898 348 2008 410 SS.
2061 347 2333 409 MARLE
2377 345 2955 413 NATIVITATEM.

3649 361 3771 421 562

356 481 754 558 μορφώσασαν,
811 476 1018 555 λογάδα
1059 477 1276 555 νύμφην
1328 475 1720 553 ἐμφανισθῆναι
1776 479 1854 548 τῷ
1903 474 1997 531 ού-

2119 477 2299 534 animi
2325 479 2530 534 decore
2576 478 2818 550 pulchre
2866 487 3256 552 perornasset,
3296 501 3513 555 sponsa
3559 488 3773 544 eximia

356 570 526 645 ρανίῳ
566 568 790 650 νυμφίῳ
839 566 1243 645 ἐμπρέπουσαν.
1285 564 1434 623 Ἔδει
1491 568 1591 636 τήν
1643 570 1750 623 τῶν
1798 565 2003 642 ἀρετῶν

355 665 473 722 τοῖς
522 661 750 736 τρόποις
795 659 871 721 ὡς
922 656 1140 734 ἄστροις
1191 658 1386 726 ἑαυτὴν
1447 655 1852 731 ούρανώσασαν,
1905 657 1998 710 τὸν

351 757 456 820 τῆς
507 747 860 819 δικαιοσύνης
904 747 1226 823 ἀνίσχουσαν
1269 748 1491 815 Ἥλιον,
1541 750 1673 800 πᾶσι
1730 747 1850 807 τοῖς
1907 767 1998 800 πι-

353 843 504 900 στοῖς
549 839 978 913 ἓπιγνωσθῆναι.
1011 834 1161 893 Ἔδει
1209 837 1308 905 τήν
1357 835 1598 906 καθάπαξ
1647 835 1843 904 ἑαυτὴν
1890 840 1999 890 τῶν

350 931 692 1004 παρθενικῶν
762 926 1010 1002 αἷμάτων
1066 931 1137 1001 τῇ
1200 929 1350 1005 βαφῇ
1408 926 1863 1005 πορφυρώσασαν,
1925 923 2000 986 εἷς

349 1017 658 1098 ἁλουργίδα
685 1020 1032 1100 χρηματίσαι
1062 1023 1160 1073 τοῦ
1189 1014 1608 1091 παμϐασιλέως.
1639 1024 1701 1070 Ὦ.
1739 1021 1836 1072 τοῦ
1869 1017 2002 1070 θαύ-

353 1111 558 1184 ματοςί
602 1110 659 1164 ’ὀν
689 1111 723 1178 ἡ
759 1109 1016 1182 σύμπασα
1062 1109 1238 1170 κτίσις
1278 1107 1340 1162 ού
1379 1111 1576 1182 χωρεῖ,
1612 1109 1646 1176 ἡ
1697 1105 1998 1173 παρθενική

349 1202 562 1278 γαστὴρ
613 1199 1087 1273 άστενοχωρητως
1136 1201 1418 1272 κυοφορεῖ.
1459 1198 1552 1251 Ὃν
1598 1196 1665 1250 τά
1712 1191 2001 1270 Χερουϐἶμ

347 1290 609 1357 ἀτενίζειν
667 1288 729 1343 ού
785 1285 990 1360 τολμᾷ,
1047 1285 1308 1357 πηλίναις
1361 1286 1545 1360 χερσὶν
1614 1287 1649 1355 ἡ
1729 1283 1998 1360 Παρθένος

344 1376 745 1456 ἀγκαλώρορεῖ.
777 1379 851 1432 Τὸ
897 1372 1024 1451 ὅρος
1072 1376 1134 1430 τὸ
1184 1377 1364 1451 ἅγιον,
1409 1375 1468 1430 ἐκ
1505 1381 1605 1444 τῆς
1650 1372 1862 1449 ἐρήμου
1908 1373 1998 1428 καὶ

347 1467 546 1543 ἀγόνου
593 1469 806 1544 μήτρας
847 1466 1200 1542 προέρχεται,
1234 1464 1286 1536 ἐξ
1339 1464 1401 1520 οὗ
1430 1464 1662 1539 τμηθεὶς
1713 1461 1833 1518 ἄνευ
1883 1483 1999 1538 χει-

347 1561 460 1632 ρῶν
522 1557 674 1620 λίθος
755 1555 971 1630 ἔντιμος
1025 1555 1425 1631 ἀκρογωνιαῖος
1487 1553 1719 1628 Χριστὸς
1776 1555 1804 1608 ὁ
1867 1555 1996 1614 Θεὸς

344 1648 534 1720 ἡμῶν,
567 1646 633 1700 τὰ
666 1649 774 1700 τῶν
807 1642 1085 1718 δαιμόνων
1115 1643 1339 1716 τεμένη,
1366 1643 1454 1698 καὶ
1487 1642 1554 1698 τὰ
1581 1647 1678 1697 τοῦ
1721 1638 1851 1712 ᾅδου
1887 1644 1996 1716 βα-

343 1733 551 1806 σίλεια,
601 1739 742 1809 αὐτῇ
789 1731 1069 1811 τυραννίδι
1120 1731 1449 1809 συνέτριψεν.
1502 1737 1559 1788 Ὀ
1613 1732 1864 1808 ἔμψυχος
1905 1732 1995 1787 καὶ

2115 567 2330 626 coelesti
2363 585 2618 642 congrue
2665 586 2880 641 sponso
2922 573 3290 642 proderetur.
3349 575 3664 646 Oportebat
3703 585 3769 636 ut

2114 675 2242 732 qua
2260 675 2318 714 se
2336 658 2617 715 virtutum
2634 659 2825 715 modis
2847 659 3000 716 velut
3022 661 3208 719 stellis
3229 663 3439 719 coelum
3461 665 3766 736 effecisset,

2104 747 2347 820 justitiae
2371 747 2559 803 Solem
2585 749 2950 819 praetendens
2975 750 3247 808 ﬁdelibus
3271 754 3557 810 universis
3589 771 3766 827 agno-

2112 844 2391 897 sceretur.
2425 839 2743 910 Oportebat
2774 847 2837 896 ut
2868 858 2994 913 quae
3017 842 3393 913 virginalium
3425 861 3486 901 se
3526 847 3767 918 sangui-

2112 947 2253 987 num
2305 930 2528 986 murice
2581 930 2818 986 omnino
2865 932 3192 1000 imbuisset,
3256 934 3313 988 in
3358 935 3764 994 universorum

2115 1023 2264 1094 regis
2309 1023 2562 1078 trabeam
2596 1023 2844 1079 cederet.
2896 1023 2939 1078 Ο
2991 1025 3338 1081 miraculum
3374 1027 3385 1080 !
3423 1027 3600 1091 Quem
3633 1032 3764 1084 uni-

2107 1128 2273 1168 versa
2320 1114 2512 1166 creata
2550 1126 2665 1166 non
2711 1111 2974 1182 capiunt,
3028 1128 3162 1167 eum
3211 1113 3509 1185 virginalis
3561 1121 3760 1172 uterus

2108 1200 2252 1257 nihil
2283 1203 2704 1272 angustatum;
2739 1215 2803 1255 eo
2856 1200 3006 1254 fetus
3047 1205 3260 1272 gestas.
3313 1205 3374 1257 In
3402 1219 3574 1273 quem
3628 1204 3769 1259 Che-

2109 1290 2300 1346 rubim
2315 1290 2618 1346 oculorum
2633 1289 2816 1345 aciem
2845 1289 3020 1361 figere
3038 1307 3151 1347 non
3169 1292 3553 1358 audent,eum
3589 1294 3768 1367 Virgo

2107 1380 2283 1438 luteis
2316 1379 2590 1436 manibus
2622 1380 2680 1434 in
2715 1378 2872 1435 ulnis
2903 1379 3281 1451 amplexatur.
3311 1383 3475 1438 Mons
3520 1389 3760 1440 sanctus

2108 1486 2139 1528 θ
2187 1471 2418 1526 deserta
2486 1467 2786 1540 sterilique
2847 1468 3012 1524 vulva
3068 1470 3457 1541 progreditur,
3526 1487 3594 1526 ex
3647 1490 3762 1545 quo

2107 1558 2398 1630 pretiosus
2430 1556 2523 1613 ille
2567 1557 3063 1630 summangularis
3105 1557 3250 1628 lapis
3293 1557 3554 1615 Christus
3610 1562 3761 1618 Deus

2107 1656 2302 1704 noster
2332 1647 2495 1703 nulla
2526 1662 2809 1702 manuum
2855 1662 3030 1717 opera
3069 1646 3392 1715 abscissus,
3425 1649 3756 1706 daemonum

2106 1737 2368 1802 delubra,
2437 1753 2503 1792 ac
2569 1735 2778 1792 inferni
2833 1735 3076 1807 regiam,
3128 1752 3246 1791 una
3285 1752 3419 1792 cum
3454 1739 3760 1807 tyrannide

347 1824 601 1900 οὐράνιος
633 1824 722 1880 ἐπὶ
765 1831 867 1901 γῆς
901 1822 1232 1900 χαλκεύεται
1282 1818 1563 1896 κλίϐανος,
1595 1821 1648 1878 ἐν
1681 1823 1726 1895 ᾧ
1773 1824 1801 1877 ὁ
1848 1820 1997 1877 πλά-

2111 1828 2392 1886 contrivit.
2426 1825 2733 1882 Animatus
2765 1841 2831 1881 ac
2864 1825 3115 1880 cmlestis
3144 1824 3204 1881 in
3245 1830 3400 1882 terra
3445 1827 3759 1885 fabricatur

346 1937 483 1986 στης
513 1919 610 1970 τοῦ
654 1911 790 1988 ἐμοῦ
839 1916 1155 1993 φυράματος
1184 1917 1265 1986 τῷ
1312 1915 1477 1984 θεῖ’κῷ
1507 1912 1636 1986 πυρὶ
1676 1914 1775 1981 τήν
1819 1913 1994 1987 ἀπαρ-

347 2007 458 2081 χὴν
511 2003 916 2078 ὀπτησάμενος,
964 2003 1054 2058 κάί
1103 2003 1205 2072 τήν
1253 2006 1360 2057 τῶν
1392 2002 1643 2072 ζιζανίων
1695 2001 1990 2076 ἐπισπορὰν

343 2094 819 2172 ωμφλεξᾶμενος,
866 2091 997 2148 ὅλον
1032 2093 1208 2166 ἑαυτῷ
1244 2093 1477 2168 καθαρὸν
1525 2091 1900 2166 ἀρτοποιεῖται
1931 2092 1992 2146 τὸ

341 2184 596 2262 φύραμα.

415 2273 596 2330 Ἀλλά
632 2271 684 2328 τί
713 2271 773 2328 ἄν
806 2293 888 2334 τις
918 2271 1103 2345 εἷ’ποις
1147 2271 1199 2328 τί
1243 2269 1290 2327 δ’
1321 2271 1420 2327 ούκ
1451 2273 1510 2326 ἄν
1541 2293 1626 2335 τις
1666 2270 1852 2341 πάθοι,
1882 2277 1989 2326 τῶν

339 2371 444 2434 τῆς
492 2361 767 2438 Παρτένου
823 2363 1181 2438 χαρισμάτων
1240 2363 1328 2417 καὶ
1389 2361 1829 2437 κατορθωμάτων
1881 2357 1995 2416 δια-

339 2453 532 2512 πλέων
562 2454 624 2509 τὸ
655 2450 894 2529 πέλαγος
919 2471 935 2521 ;
965 2450 1151 2523 Δειλιᾷ
1181 2453 1268 2508 καὶ
1305 2453 1520 2528 χαίρει·
1554 2452 1646 2506 καὶ
1677 2453 1875 2526 ἠρεμεῖ
1902 2451 1992 2506 καὶ

344 2544 632 2619 ἐξάλλεται
664 2561 681 2577 ο
726 2543 813 2597 καὶ
865 2542 1031 2598 πάλιν
1079 2546 1202 2616 σιγᾷ
1256 2543 1348 2597 καὶ
1404 2541 1788 2616 ἀναφθεγγεται
1830 2561 1843 2575 ·
1902 2540 1992 2596 καὶ

343 2633 700 2691 συστέλλεται
747 2631 837 2686 καὶ
886 2629 1217 2687 πλατύνεται
1251 2650 1264 2665 ³
1321 2633 1389 2687 τά
1442 2634 1534 2696 μὲν
1591 2635 1670 2702 τῷ
1719 2625 1897 2709 φόϐῳ,
1927 2629 1993 2685 τά

343 2721 404 2780 δὲ
433 2727 515 2795 τῷ
560 2723 717 2795 πόθῳ
765 2719 1304 2795 συμμεθελκόμενος.
1354 2721 1498 2795 Ἐγὼ
1547 2719 1593 2775 δ’
1643 2720 1874 2794 ἐμαυτὸν
1915 2724 1993 2791 τῷ

341 2813 500 2885 πόθῳ
557 2809 771 2885 μᾶλλον
802 2811 838 2880 ἢ
890 2815 969 2883 τῷ
1019 2804 1176 2889 φόϐῳ
1227 2809 1340 2865 νυνὶ
1381 2810 1770 2884 χαρισάμενος,
1814 2807 1990 2878 ἡδέως

342 2901 429 2976 ἂν,
470 2901 529 2958 εὖ
583 2900 717 2973 ἴστε,
757 2899 850 2956 καὶ
887 2899 1088 2972 πολλῴ
1136 2900 1270 2974 ῥὲων
1320 2899 1446 2973 ὑμῖν
1482 2899 1708 2970 ἐπέστην
1742 2917 1754 2931 ·
1807 2898 1852 2954 εἰ
1899 2899 1986 2953 καὶ

347 2993 618 3068 ἀχρήστῳ
673 2995 770 3047 τοῦ
819 2989 986 3067 λόγου
1046 2993 1126 3062 τῷ
1187 2990 1437 3064 ῥεύματι,
1487 2993 1595 3044 τῶν
1650 2991 1990 3064 παρθενικῶν

346 3080 641 3156 θαυμάτων
670 3077 1019 3152 ἐλλιμνάζειν
1066 3077 1190 3153 ἐμοὶ
1223 3079 1314 3134 καὶ
1362 3077 1721 3154 πλημμύρειν
1749 3098 1992 3153 παρεχο-

347 3170 524 3248 μένων
557 3188 572 3204 °
628 3167 869 3242 μάλιστά
914 3189 978 3243 γε
1017 3169 1106 3224 καὶ
1161 3168 1301 3242 ὑμᾶς
1350 3169 1514 3242 ὁρῶν,
1555 3167 1856 3243 προθύμως
1891 3167 1986 3240 μὲν

341 3261 440 3322 τὰς
487 3259 654 3320 ἀκοάς
702 3257 1188 3330 ἅναπεταννύντας,
1240 3255 1370 3312 ὅλον
1419 3255 1476 3312 δὲ
1529 3257 1622 3313 τὸν
1677 3261 1800 3312 νοῦν
1855 3255 1993 3331 πρὸς

337 3350 442 3417 τὴν
493 3347 766 3424 εὐφημίαν
823 3353 924 3416 τῆς
976 3346 1360 3422 Ἀειπαρθὲνου
1416 3348 1796 3421 ἀναψαμὲνους
1832 3365 1845 3380 ο
1905 3345 1996 3400 καὶ

356 3440 472 3512 ἅμα
526 3437 953 3516 ἀφοσιούμενος,
1019 3434 1073 3492 εἴ
1133 3457 1185 3491 τι
1253 3436 1359 3512 ἐγὼ
1422 3435 1807 3510 τετελεσμένος
1881 3440 1998 3498 τοῖς

355 3530 702 3603 παρθενικοῖς
751 3526 957 3602 ὀργίοις
989 3525 1315 3597 καθέστηκα.
1357 3525 1514 3582 Ἀλλ’
1540 3526 1692 3600 ὅμως
1738 3527 1765 3580 ὁ
1812 3527 1998 3601 καιρὸς

355 3617 442 3675 ἔπ’
473 3616 620 3674 ἄλλα
644 3614 953 3691 παρακαλεῖ
984 3633 998 3648 ·
1033 3615 1116 3673 ἐπ’
1142 3615 1320 3687 ἄλλην
1353 3617 1521 3691 τιμὴν
1551 3623 1651 3685 τῆς
1683 3616 1959 3692 Παρθένου
1984 3636 1998 3650 ’

352 3711 458 3779 τῇς
493 3713 789 3782 μυστικῆς,
840 3705 1024 3781 φημὶο
1075 3707 1167 3762 καὶ
1205 3707 1544 3780 ἀναιμάκτου
1601 3707 1786 3768 θυσίας
1826 3707 2002 3782 ἀπάρ-

354 3799 548 3872 ξασθαι
576 3798 734 3870 (τιμὴ
786 3795 889 3874 γάρ
922 3797 1170 3872 Μητρὸς,
1219 3798 1254 3866 ἡ
1296 3800 1404 3850 τῶν
1438 3794 1696 3851 ἑκουσίων
1729 3800 1826 3851 τοῦ
1875 3798 2003 3852 Υὶοῦ

353 3885 696 3959 παθημάτων
726 3885 1056 3959 ἀνάμνησις)
1089 3903 1103 3919 °
1149 3883 1230 3964 ἐφ’
1261 3887 1328 3956 ἢν
1379 3882 1777 3958 μεθελκόμεθα,
1821 3886 1910 3940 καὶ
1941 3887 2001 3954 ἣν

354 3975 771 4050 ἐπικαιρότατον
805 3973 1138 4050 ἱεράσασθαι.

431 4061 606 4120 Ἀλλὰ
656 4062 743 4134 σὺ,
783 4064 830 4117 ὦ
881 4062 1118 4140 Παρθένε
1162 4064 1253 4118 καὶ
1301 4064 1500 4139 Μήτηρ
1547 4066 1643 4118 τοῦ
1688 4061 1896 4139 Λόγου,
1943 4062 2007 4117 τὸ

353 4152 492 4227 ἐμὸν
520 4149 842 4228 ἱλαστήριον
882 4153 970 4208 καὶ
1021 4149 1359 4231 προσφύγιον
1397 4171 1412 4185 ·
1461 4154 1496 4222 ἠ
1549 4151 1870 4228 παραδόξως
1915 4152 2007 4224 μὲν

355 4241 421 4298 ἐκ
453 4242 663 4316 στείρας
707 4243 1082 4320 γεωργηθεῖςα
1110 4260 1122 4274 ·
1174 4239 1603 4318 παραδοξότερον
1635 4239 1692 4296 δὲ
1735 4242 1827 4297 τὸν
1876 4242 2006 4298 στά-

357 4351 467 4407 χυν
508 4337 608 4400 τῆς
661 4337 808 4401 ζωῆς
853 4333 990 4405 ἡμῖν
1041 4333 1528 4409 καρποφορήσασα,
1591 4332 1726 4407 πρὸς
1769 4331 1860 4386 τὸν
1912 4331 2004 4386 σὸν

2103 1917 2394 1984 clibanus,
2432 1917 2490 1973 in
2538 1933 2650 1986 quo
2718 1916 2937 1988 plastes
2986 1913 3085 1970 ille
3135 1932 3202 1971 ac
3257 1917 3549 1987 conditor,
3622 1935 3759 1974 mea

2106 2023 2307 2063 massas
2331 2004 2623 2077 primitias
2663 2005 2861 2060 divino
2901 2021 3229 2076 excoquens
3261 2005 3410 2076 igne,
3446 2024 3509 2062 ac
3543 2006 3759 2064 zizania

2104 2096 2566 2170 superseminata
2613 2095 2984 2161 comburens,
3057 2099 3239 2151 totam
3302 2095 3411 2151 sibi
3469 2099 3749 2154 mundam

2105 2203 2364 2245 massam
2397 2186 2456 2242 in
2489 2201 2667 2258 panes
2697 2186 2982 2242 etformat.

2173 2277 2389 2333 Verum
2412 2275 2550 2348 quid
2573 2276 2706 2347 quis
2729 2292 2843 2330 non
2883 2275 3056 2342 dicat,
3080 2275 3291 2345 quidve
3320 2291 3435 2331 non
3469 2277 3753 2348 patiatur,

2103 2369 2363 2442 Virginis
2393 2371 2681 2426 donorum
2716 2369 3173 2438 meritorumque
3204 2365 3444 2438 pelagus
3484 2370 3749 2439 pernavi-

2103 2475 2247 2530 gans
2269 2457 2296 2512 ?
2318 2457 2524 2513 Metuit
2543 2473 2608 2512 ac
2626 2455 2867 2525 gaudet;
2890 2453 3135 2526 quiescit
3151 2471 3217 2509 ac
3231 2453 3427 2510 exsilit
3452 2471 3466 2522 ;
3490 2471 3745 2513 rursum-

2105 2565 2218 2621 que
2248 2550 2402 2602 tacet
2434 2546 2505 2602 ab
2539 2544 2831 2616 loquitur;
2859 2543 3336 2615 contrahiturque
3355 2560 3419 2599 ac
3449 2543 3749 2614 dilatatur,

2104 2655 2222 2711 qua
2247 2638 2479 2707 timore,
2512 2651 2621 2706 qua
2641 2635 2913 2691 disiderio
2936 2651 3134 2690 secum
3159 2633 3551 2690 trahentibus.
3578 2635 3752 2692 Porro

2105 2745 2208 2800 ego
2222 2729 2280 2784 in
2295 2726 2738 2800 praesentiarum
2755 2723 3066 2791 desiderio,
3083 2740 3260 2796 quam
3277 2723 3475 2779 timori
3495 2724 3753 2796 amplius

2104 2817 2443 2888 indulgens,
2460 2816 2685 2884 lubens,
2711 2814 2887 2886 probe
2908 2814 3116 2885 nostis,
3141 2814 3308 2885 longe
3325 2813 3489 2870 vobis
3511 2814 3752 2870 uberius

2103 2923 2452 2979 congressus
2474 2920 2682 2973 essem,
2699 2919 3036 2976 quanquam
3058 2903 3251 2959 inutili
3274 2903 3552 2959 orationis
3567 2905 3746 2974 ﬂuxu,

2103 2995 2517 3071 praestantibus
2535 2993 2834 3050 miraculis
2863 2991 3116 3062 Virginis
3139 2991 3296 3048 velut
3318 2997 3659 3065 stagnantes
3683 3010 3746 3048 ac

2101 3087 2464 3144 exundantes
2512 3098 2724 3155 aquas:
2776 3098 2840 3137 ac
2877 3080 3144 3150 maxime,
3192 3081 3349 3152 quod
3396 3087 3455 3137 et
3493 3099 3589 3138 vos
3626 3086 3746 3138 tota

2103 3185 2403 3242 alacritate
2428 3183 2650 3238 videam
2665 3181 3066 3253 adaperientes
3085 3196 3268 3249 aures,
3295 3183 3532 3251 totoque
3548 3181 3743 3236 animo

2103 3277 2162 3332 in
2205 3277 2496 3346 perpetuis
2537 3271 2796 3344 Virginis
2836 3285 3111 3326 accensos
3147 3268 3417 3338 laudem;
3451 3269 3745 3341 simulque

2105 3362 2429 3440 persolvam
2460 3362 2606 3434 ipse,
2637 3361 2684 3416 si
2715 3359 2850 3432 quid
2875 3358 3260 3430 virginalibus
3282 3359 3456 3429 orgiis
3482 3376 3548 3415 ac
3567 3359 3748 3416 sacris

2107 3454 2323 3512 exsisto
2355 3466 2526 3508 reus:
2575 3464 2777 3506 verum
2817 3453 3052 3520 tempus
3081 3449 3150 3503 ad
3182 3447 3292 3503 alia
3341 3453 3653 3520 provocat:
3685 3449 3754 3503 ad

2106 3543 2364 3616 Virginis
2403 3541 2578 3599 aliam
2625 3540 2901 3596 laudem:
2940 3539 3012 3594 ad
3071 3538 3323 3612 mystici,
3371 3537 3631 3610 inquam,
3689 3553 3754 3594 ac

2110 3633 2402 3690 incruenti
2469 3629 2742 3688 sacrificii
2809 3627 3239 3685 inchoationem
3302 3625 3539 3689 (earum
3602 3628 3760 3683 enim

2111 3723 2447 3796 passionum
2463 3737 2589 3794 quas
2611 3719 2788 3776 Filius
2803 3719 2953 3775 ultro
2972 3718 3250 3790 suscepit,
3266 3717 3761 3786 commemoratio,

2113 3813 2302 3868 honor
2330 3815 2417 3868 est
2465 3810 2669 3868 Matris
2692 3811 2731 3882 :)
2775 3811 2844 3866 ad
2895 3807 3053 3879 quod
3095 3807 3296 3878 utique
3345 3807 3653 3874 trahimur,
3699 3824 3763 3863 ac

2115 3904 2284 3974 cujus
2314 3901 2748 3957 faciendiadest
2788 3896 3354 3970 opportunissimum
3397 3900 3656 3969 tempus.

2188 4087 2294 4144 Sed
2327 4089 2412 4154 tu,
2440 4101 2472 4141 ο
2502 4083 2678 4154 Virgo
2714 4097 2780 4138 ac
2806 4080 2979 4137 Verbi
3017 4078 3254 4146 Parens,
3287 4076 3615 4150 propitiatio
3638 4092 3766 4134 mea

2118 4195 2185 4235 ac
2225 4175 2555 4248 refugium;
2591 4188 2714 4244 quas
2748 4169 3002 4226 mirabili
3025 4168 3249 4224 ratione
3276 4167 3347 4222 ab
3380 4164 3562 4221 sterili
3609 4165 3764 4222 edita

2117 4285 2178 4326 es
2203 4287 2218 4337 ;
2243 4262 2725 4334 mirabiliorique,
2749 4260 2972 4333 spicam
2994 4257 3164 4315 nobis
3177 4257 3306 4312 vita:
3329 4253 3581 4326 edidisti,
3605 4256 3761 4326 apud

2119 4359 2330 4416 Filium
2363 4359 2529 4412 tuum
2551 4369 2616 4409 ac
2645 4357 2830 4408 Deum
2855 4353 3120 4406 nostrum
3144 4346 3537 4413 intercedens,
3560 4360 3627 4401 ac
3649 4359 3763 4401 me-

353 4421 486 4479 Υἱὸν
545 4419 635 4476 καὶ
689 4420 819 4476 Θεὸν
875 4423 1012 4496 ἡμῖν
1073 4415 1567 4496 διαπρεσϐευομένη
1626 4420 1715 4477 καὶ
1767 4419 1997 4494 μεσιτεύ-

2116 4415 2328 4504 diatrix
2381 4443 2683 4509 accedens,
2736 4441 3064 4497 laudatores
3111 4445 3238 4494 tuos
3267 4437 3336 4492 ab
3367 4436 3526 4492 omni
3565 4435 3758 4501 sorde,

356 4531 516 4582 ουσα,
561 4510 687 4574 τοὺς
728 4509 854 4573 σοὺς
913 4511 1158 4584 ὑμνητὰς
1207 4511 1407 4572 παντὸς
1454 4510 1626 4586 ῥύπου
1675 4511 1763 4566 καὶ
1803 4511 2005 4572 παντὸς

354 4597 858 4674 ἆποσμηξαμένους
920 4599 1296 4675 μολύσματος,
1337 4605 1434 4655 τοῦ
1482 4601 1738 4672 οὐρανίου
1782 4604 2007 4676 νυμφῶ-

353 4708 452 4748 νος
482 4687 662 4760 ἀξίους
711 4685 1006 4758 ἀνάδειξον,
1039 4687 1114 4750 εἰς
1159 4686 1332 4743 ἀίδιον
1367 4687 1521 4759 λῆξιν
1569 4693 1649 4761 τῷ
1686 4695 1785 4758 τῆς
1837 4688 2003 4762 ὑπερ-

356 4777 550 4832 ουσίου
594 4774 830 4852 Τριοίδος
879 4780 1085 4852 τρισσῷ
1133 4777 1273 4854 φωτὶ
1324 4776 1863 4853 καταυγαζομὲνουςο
1913 4775 2002 4830 καὶ

353 4872 483 4930 ταῖς
527 4865 731 4937 ταύτης
779 4865 1150 4945 ἐντρυφῶντας
1207 4866 1495 4942 ὑπερφυέσι
1535 4867 1626 4922 καὶ
1679 4866 2004 4942 ἀφθέγκτοις

353 4956 621 5030 θεάμασιν
655 4972 670 4987 ⁶
718 4955 772 5011 ἐν
804 4959 1028 5032 Χρισυῷ
1076 4957 1258 5026 Ἰησοῦ
1287 4960 1367 5028 τῷ
1413 4957 1602 5029 Κυρίῳ
1650 4959 1833 5030 ἡμῶν,
1872 4957 1917 5027 ᾦ
1965 4958 2000 5026 ἡ

353 5044 490 5116 δόξα
545 5047 634 5101 καὶ
685 5047 747 5101 τὸ
803 5047 1001 5119 κράτος
1049 5046 1126 5110 εἰς
1179 5047 1304 5109 τοὺς
1355 5047 1554 5108 αἰῶνας
1604 5051 1712 5102 τῶν
1768 5045 2000 5104 αἶ’ώνων.

349 5137 558 5208 ⁸Δμήν.

2120 4536 2392 4608 omnique
2409 4533 2634 4590 macula
2648 4533 3024 4604 depurgatos,
3056 4526 3274 4584 caelesti
3291 4525 3548 4582 thalamo
3562 4525 3766 4597 dignos

2118 4628 2301 4697 efﬁce,
2335 4630 2396 4682 ut
2419 4626 2475 4680 in
2501 4623 2704 4695 requie
2736 4625 3033 4694 perpetua,
3056 4618 3230 4685 trino,
3249 4614 3583 4672 substantia
3603 4613 3766 4670 omni

2114 4715 2359 4787 majoris
2374 4712 2683 4770 Trinitatis
2714 4710 2959 4774 lumine,
2981 4706 3371 4770 illustrentur,
3396 4704 3642 4773 ejusque
3662 4702 3766 4756 mi-

2113 4804 2282 4860 rabili
2305 4820 2368 4858 ac
2393 4801 2672 4858 ineffabili
2695 4796 3025 4872 spectaculo
3044 4793 3431 4860 delectentur;
3456 4791 3514 4846 in
3533 4790 3764 4848 Christo

2110 4896 2240 4950 Jesu
2264 4892 2502 4948 Domino
2533 4893 2753 4959 nostro,
2778 4886 2870 4944 cui
2889 4885 3075 4959 gloria
3096 4900 3161 4940 ac
3180 4886 3435 4955 potestas
3452 4881 3510 4938 in
3551 4879 3762 4939 saecula

2111 4980 2478 5039 saeculorum.
2512 4981 2717 5034 Amen.
