4090 6228
1584 314 1849 377 ΡΗΟΤΠ
1899 316 2418 378 PATBIARCR/E
2461 316 2580 378 ΟΡ.

2010 452 2079 509 II.

3665 319 3791 378 564

1379 545 1450 599 De
1477 545 1744 614 Symeone
1778 543 2050 598 Christum
2083 543 2144 598 in
2171 543 2336 598 ulnas
2369 544 2696 613 suscipiente
2726 542 2804 615 (3)

1126 636 1452 707 (COMBEFIS.
1487 633 1745 689 Biblioth.
1781 632 2098 688 Concionat.
2135 636 2176 687 t.
2214 633 2307 702 Vl,
2335 632 2463 700 230,
2497 633 2622 704 ipso
2653 632 2990 705 interprete.

452 747 576 800 Non
599 747 724 800 erat
754 743 1022 800 sacerdos
1043 744 1284 814 Symeon
1321 742 1461 812 (3'):
1498 741 1606 795 etsi
1633 739 1803 811 longe
1832 739 2018 794 virtu-
2049 741 2100 806 Α
2135 741 2475 810 tantamque
2505 739 2785 795 atluderat
2817 739 3028 809 lucem,
3065 743 3122 795 ut
3153 755 3280 812 quae
3311 758 3589 814 processu
3639 746 3797 798 tem-

380 837 504 890 tum
527 837 868 890 ornamento
882 831 1283 888 sacerdotibus
1301 829 1684 902 praestabatJd
1695 829 1842 884 circo
1863 829 2029 884 etiam

382 923 653 980 sacerdos
671 922 928 992 quidem,
949 921 1042 976 his
1065 919 1452 988 ministrabat,
1497 935 1624 986 qua:
1647 919 1703 972 in
1729 934 1905 989 puero
1938 917 2030 973 lex

380 1010 818 1082 fierijubebat:
887 1013 944 1064 at
989 1015 1234 1080 Symeon
1286 1024 1421 1064 cum
1465 1017 1613 1063 recte
1663 1007 1830 1062 factis
1880 1006 2032 1081 aliis,

377 1104 502 1156 tum
527 1099 680 1155 senis
713 1100 925 1155 canitie
956 1098 1512 1169 venerabilis,juxta
1530 1098 1723 1152 divina
1758 1113 2035 1168 responsa

375 1189 522 1245 votis
577 1189 894 1244 fruebatur.
949 1189 1192 1259 Agnovit
1239 1203 1368 1242 vere
1413 1186 1673 1242 evenisse
1714 1202 2028 1257 responsa:

379 1277 615 1349 agnovit
646 1293 776 1333 eum
811 1277 909 1348 qui
956 1277 1416 1347 praedicabatur:
1468 1292 1602 1332 eum
1637 1277 1902 1347 portabat
1933 1274 2032 1346 qui

380 1368 558 1423 verbo
615 1372 809 1422 omnia
851 1371 1079 1438 portat:
1134 1365 1366 1436 visaque
1415 1366 1646 1437 generis
1705 1367 1912 1434 salute,
1967 1383 2032 1422 ac

379 1453 650 1510 diviniori
669 1453 928 1524 repletus
960 1453 1284 1522 dulcedine,
1320 1453 1622 1523 nullojam
1656 1453 1782 1508 vitae
1833 1470 2031 1510 amore

377 1540 704 1596 tenebatur.
749 1541 896 1604 Quin
935 1541 1126 1595 statim
1203 1545 1480 1608 praesente
1529 1540 1735 1608 salute,
1794 1556 2029 1596 carnem

379 1630 688 1701 deponere,
723 1635 895 1699 atque
917 1629 1008 1683 his
1038 1629 1213 1684 etiam
1247 1629 1348 1700 qui
1375 1635 1537 1684 erant
1571 1631 1626 1685 in
1648 1630 1874 1685 inferno
1908 1631 2030 1684 fau-

380 1721 534 1773 stum
569 1717 778 1772 salutis
801 1735 866 1772 ac
891 1718 1312 1789 redemptionis
1339 1718 1612 1773 nuntium
1641 1718 2029 1783 aiferre,totus

378 1805 684 1876 gestiebat.
707 1807 890 1876 Atque
911 1805 1094 1861 Deum
1123 1805 1355 1877 quidem
1373 1805 1769 1872 benedicebat,
1798 1806 1905 1862 hoc
1918 1811 2026 1874 est,

379 1903 657 1959 laudibus
707 1908 879 1975 atque
918 1903 1158 1960 canticis
1206 1904 1537 1960 celebrabat
1575 1922 1588 1973 ;
1639 1904 1852 1976 alioqui
1897 1921 2027 1960 vero

381 1992 557 2049 etiam
589 1992 982 2059 benedicebat,
1038 1995 1189 2065 quod
1237 1994 1420 2050 factas
1468 1995 1580 2049 sibi
1614 1995 2024 2066 promissiones

2137 829 2315 900 poris,
2346 828 2741 900 paulatimque
2764 829 3072 886 revelanda
3093 837 3280 898 erant,
3317 838 3454 888 tunc
3478 832 3797 890 illestatim

2139 922 2496 989 repenteque
2527 919 2884 989 cognoverit.
2918 923 3000 975 Ac
3031 920 3211 976 necui
3242 922 3612 977 occasionem
3639 939 3802 994 prae-

2145 1005 2274 1061 beat
2303 1006 2580 1078 opinandi
2603 1023 2805 1064 omnes
2837 1025 2898 1064 se
2927 1008 3175 1080 populos
3198 1011 3409 1078 dicere,
3431 1011 3529 1084 qui
3552 1011 3797 1067 Judaeo-

2144 1111 2274 1151 rum
2341 1102 2512 1167 gente
2575 1097 3228 1168 comprehenderentur,
3279 1099 3392 1155 ista
3439 1101 3798 1173 subjungit:

2143 1185 2348 1240 Lumen
2376 1185 2446 1240 ad
2467 1187 2858 1242 reuelationem
2885 1187 3171 1258 gentium:
3203 1188 3372 1260 quasi
3403 1189 3577 1255 dicat,
3609 1189 3798 1247 Nemo

2143 1279 2301 1345 putet
2331 1291 2564 1330 omnem
2599 1292 2688 1330 me
2706 1293 2908 1331 vocare
2930 1276 3245 1333 Judaicum
3287 1278 3608 1349 populum:
3676 1281 3802 1337 imo

2139 1366 2324 1418 totum
2359 1363 2466 1418 hac
2497 1381 2630 1420 voce
2651 1365 2916 1435 significo
2947 1381 3130 1435 genus
3163 1366 3500 1422 humanum.
3562 1368 3795 1424 Etenim

2139 1469 2310 1523 quem
2345 1453 2530 1508 oculis
2562 1455 2747 1521 video,
2791 1455 2964 1526 inque
3004 1455 3160 1510 ulnis
3193 1457 3333 1520 fero,
3377 1457 3539 1512 salus
3583 1457 3694 1512 erit
3723 1475 3798 1512 ac

2141 1542 2460 1612 redemptio
2483 1544 2766 1597 omnium.
2793 1543 2991 1615 Neque
3019 1543 3140 1601 haec
3163 1544 3358 1600 dixsse
3386 1546 3528 1601 satis
3552 1545 3794 1615 habuit;

2138 1631 2239 1684 sed
2272 1631 2754 1702 condistinguens
2786 1638 2987 1688 contra
3021 1633 3288 1689 lsraelem
3323 1650 3524 1690 omnes
3567 1645 3798 1706 gentes,

2139 1720 2479 1790 subjungit:
2517 1722 2721 1777 Lumen
2747 1722 2816 1776 ad
2865 1723 3252 1778 reuelationem
3297 1723 3572 1792 gentium,
3605 1735 3658 1779 et
3677 1725 3806 1794 glo-

2138 1807 2278 1864 riam
2306 1808 2487 1880 plebis
2510 1815 2617 1866 tum
2665 1812 2828 1867 Israel
2859 1813 2940 1879 ⁹²;
2985 1815 3150 1883 quasi
3198 1813 3391 1868 dicat:
3449 1815 3805 1869 Communis

2137 1897 2370 1968 quidem
2390 1899 2554 1955 salus
2569 1905 2673 1970 est,
2697 1917 2866 1972 quem
2897 1902 2950 1956 in
2981 1901 3134 1956 ulnis
3157 1901 3540 1972 gesto,infans
3567 1904 3803 1959 cunctis

2135 1987 2382 2048 getibus,
2406 2005 2470 2043 ac
2503 1989 2736 2044 Israeli:
2770 2007 2968 2045 verum
3009 1991 3280 2060 gentibus
3306 1991 3538 2061 quidem
3592 1991 3798 2048 lumen

381 2082 645 2137 evenisse
669 2082 908 2150 videret,
934 2084 1084 2155 quod
1109 2083 1343 2139 Israelis
1365 2065 1822 2139 consolationem
1841 2084 2030 2140 oculis
2060 2065 2106 2130 B
2139 2082 2242 2142 ϐδῐ,
2269 2077 2418 2147 quod
2445 2078 2514 2132 ab
2537 2078 2872 2134 ίάοΙοΙδιτὶω
2895 2081 3106 2135 educat
3124 2081 3409 2136 tenebris:
3439 2079 3640 2136 Israeli
3664 2098 3800 2138 vero

380 2175 678 2242 aspectare
695 2176 865 2242 atque
881 2172 1153 2227 manibus
1173 2177 1398 2243 gestare
1419 2173 1729 2229 meruisset
1753 2189 1766 2228 :
1784 2172 2036 2245 hincque

389 2277 556 2318 sacro
619 2260 824 2332 plenus
874 2262 1105 2334 gaudio,
1160 2263 1337 2331 Nunc,
1385 2263 1595 2334 inquit,
1640 2263 1873 2319 dimittis
1921 2280 2038 2320 ser-

384 2367 512 2406 vum
545 2357 700 2406 tuum
760 2352 818 2406 in
863 2368 996 2422 pace
1043 2351 1112 2406 9‘.
1175 2352 1412 2416 Quando
1465 2353 1883 2421 promissorum
1935 2370 2036 2408 na-

386 2443 514 2495 ctus
555 2457 685 2494 sum
737 2439 935 2504 ﬁnem,
969 2440 1145 2496 ﬁnem
1178 2457 1411 2512 quoque
1440 2440 1708 2496 mortalis
1739 2441 1857 2496 vita
1887 2442 2036 2497 acci-

389 2527 546 2598 piat:
575 2543 707 2582 nam
723 2527 840 2582 htec
863 2527 1006 2583 mihi
1029 2529 1268 2584 verbum
1295 2536 1454 2584 tuum
1473 2528 1610 2584 olim
1645 2530 2034 2600 promittebat.

386 2616 614 2672 Etenim
639 2617 758 2672 fore
781 2625 975 2672 utnon
991 2617 1246 2672 viderem
1271 2623 1515 2674 mortem
1539 2619 1649 2674 nisi
1671 2619 1790 2675 viso
1808 2619 2036 2676 Christo

387 2703 642 2774 Domini,
665 2705 791 2776 ipse
822 2705 1044 2776 pridem
1079 2707 1220 2761 mihi
1240 2706 1535 2777 pollicitus
1555 2724 1705 2766 eras.
1729 2709 1873 2776 Quia
1903 2726 2034 2766 vero

389 2792 449 2848 in
491 2809 652 2850 meos
686 2793 1060 2850 incurrerunt
1099 2797 1323 2864 oculos,
1369 2813 1500 2868 quae
1529 2796 1860 2868 cupiebam,
1911 2814 2035 2869 qua

393 2886 704 2955 qaarebam.
785 2901 1036 2956 quorum
1123 2885 1406 2942 desiderio
1477 2887 1820 2958 aestuabam,
1881 2889 2037 2944 Nunc

391 2973 628 3028 dimittis
671 2988 886 3030 servum
925 2982 1102 3043 tuum,
1152 2976 1254 3046 qui
1297 2991 1403 3032 nec
1461 2976 1668 3032 mortis
1711 2977 2032 3048 periculum

393 3065 621 3136 paveat,
657 3078 761 3118 nec
793 3061 1110 3120 dubietatis
1132 3064 1578 3134 cogitationibus
1605 3069 1909 3136 terreatur,
1935 3069 2032 3122 sed

388 3149 558 3206 ﬁrma
607 3151 862 3222 potiatur
912 3169 1072 3223 pace,
1113 3171 1178 3208 ac
1219 3171 1345 3226 quea
1405 3155 1664 3211 laetitiam
1721 3157 2031 3227 plurimam

388 3240 594 3311 pariat.
629 3239 856 3296 Etenim
876 3241 990 3296 vidi
1023 3242 1274 3298 salutare
1305 3243 1568 3299 omnium
1593 3245 1942 3315 populorum
1976 3287 1990 3303 .

457 3331 536 3384 Ac
571 3330 719 3394 vide,
751 3346 963 3400 quteso,
989 3331 1165 3386 divini
1197 3332 1460 3401 sacrique
1500 3334 1658 3389 senis
1697 3340 2027 3390 accuratam

387 3417 768 3488 diligentiam.
797 3419 1136 3491 Priusquam
1168 3423 1324 3477 enim
1349 3422 1498 3478 beati
1529 3422 1690 3478 illius
1712 3426 2030 3495 spectaculi

388 3521 631 3577 compos
712 3507 1062 3575 efficeretur,
1131 3511 1500 3582 exspectabat
1578 3512 2032 3569 consolationem

388 3594 603 3650 Israel:
646 3599 704 3649 at
736 3597 836 3651 ubi
865 3598 1016 3667 quod
1054 3599 1323 3668 sperabat
1352 3617 1417 3654 ac
1454 3600 1728 3671 cupiebat
1757 3602 2032 3674 obtinuit,

388 3683 634 3752 nonjam
657 3684 1115 3741 consolationem
1137 3687 1371 3756 clamat,
1397 3689 1494 3744 sed
1511 3689 1771 3744 omnium
1787 3689 2032 3748 salutem

389 3771 739 3843 populorum
759 3773 867 3830 :sic
910 3775 1186 3831 nimirum
1215 3777 1373 3833 omni
1405 3793 1673 3834 sermone
1691 3796 1755 3834 ac
1779 3782 2030 3852 cogitatu

387 3862 580 3932 major
628 3863 724 3920 ille
771 3863 828 3919 in
890 3879 1068 3936 puero
1105 3866 1293 3939 fulgor
1345 3870 1529 3924 virum
1597 3871 2029 3941 perstrinxerat.

455 4415 656 4470 cedone
684 4423 1005 4478 exstructa,
1030 4417 1320 4488 descriptio
1343 4415 1440 4489 (4).

2070 4158 2141 4212 llI

384 4273 568 4348 Pholii
594 4276 929 4348 patriarchae
963 4275 1617 4348 Constantinopolitaniw,
1657 4294 1809 4334 novae
1839 4283 2044 4334 sanctae

455 4344 554 4416 Dei
605 4345 904 4400 Genitricis
945 4349 1188 4401 ecclesia
1230 4350 1285 4402 in
1316 4344 1326 4348 ’
1352 4351 1558 4416 palatio
1593 4344 1626 4404 ἁ
1660 4351 1873 4407 Basilio
1931 4351 2041 4406 Ma-

2146 2165 2348 2236 gloria,
2384 2169 2532 2237 quod
2559 2167 2688 2223 data
2721 2169 2857 2225 olim
2887 2169 3003 2226 illis
3027 2169 3256 2240 legalia,
3279 2170 3492 2243 quibus
3511 2170 3585 2225 ab
3609 2169 3798 2226 idolo-

2148 2270 2277 2310 rum
2301 2255 2494 2312 cultus
2525 2263 2884 2315 emerserunt
2905 2259 3172 2330 caligine,
3197 2259 3254 2313 in
3280 2259 3526 2330 gloriam
3558 2276 3623 2314 ac
3663 2277 3796 2331 per-

2146 2344 2453 2402 factionem
2505 2363 2889 2403 conversurus
2939 2349 3035 2404 sit.
3077 2348 3358 2404 Praeterea
3387 2349 3561 2404 etiam
3614 2348 3802 2421 gloria

2145 2438 2235 2489 est
2266 2440 2435 2490 natus
2473 2452 2615 2506 puer
2651 2437 2949 2492 lsraelitici
2997 2437 3215 2508 populi,
3260 2446 3533 2508 tanquam
3579 2439 3680 2510 qui
3727 2456 3799 2494 ex

2144 2523 2468 2579 Abrahami
2501 2526 2722 2582 semine
2747 2526 2917 2582 homo
2961 2527 3269 2582 exstiterit.
3315 2527 3528 2582 Eadem
3579 2529 3698 2583 fere
3736 2533 3796 2584 et

2146 2612 2327 2668 Isaias
2357 2613 2617 2670 clamans
2650 2618 2730 2670 ait
2759 2633 2772 2670 :
2799 2617 2928 2672 Ecce
2957 2618 3117 2687 posui
3145 2625 3194 2672 te
3220 2620 3276 2672 in
3312 2615 3491 2672 lucem
3509 2619 3764 2686 gentium
3786 2643 3803 2666 ι

2143 2708 2204 2756 ut
2235 2705 2460 2774 aperias
2501 2705 2682 2761 oculos
2712 2722 2973 2761 caecorum
3025 2707 3094 2774 '3;
3134 2706 3243 2762 hoc
3280 2711 3385 2773 est,
3438 2706 3558 2761 illis
3595 2708 3790 2763 visum

2144 2793 2424 2863 praebeas,
2459 2795 2821 2866 lucemquea
2874 2797 3139 2859 tenebris.
3193 2800 3367 2868 atque
3404 2815 3436 2852 a
3489 2798 3795 2854 mendacio

2145 2884 2469 2952 veritatem,
2511 2883 2582 2939 ab
2616 2901 2806 2941 errore
2837 2887 3108 2956 pietatem
3158 2885 3472 2940 discernes.
3523 2884 3686 2940 Unde
3737 2892 3805 2942 et

2145 2969 2324 3026 David
2356 2972 2507 3028 hanc
2540 2975 2861 3044 praedicans
2893 2975 3165 3041 salutem,
3211 2974 3474 3046 velutque
3504 2973 3801 3044 plaudens

2146 3061 2440 3129 manibus,
2473 3078 2537 3116 ac
2570 3062 2777 3119 choros
2810 3065 3026 3118 ducens
3055 3081 3066 3118 :
3101 3064 3318 3128 Omnes,
3350 3061 3550 3133 inquit,
3581 3067 3801 3134 gentes,

2139 3149 2394 3220 plaudite
2414 3152 2692 3218 manibus,
2715 3152 2977 3223 quoniam
2996 3155 3259 3209 Dominus
3278 3153 3544 3221 excelsus,
3569 3153 3805 3208 terribi-

2140 3239 2230 3306 lis,
2267 3241 2380 3296 Rea:
2403 3259 2636 3313 magnus
2663 3260 2828 3314 super
2848 3259 3059 3300 omnem
3084 3252 3290 3298 terram
3311 3241 3447 3297 "'9’.
3472 3241 3575 3296 Sin
3597 3247 3798 3297 autem

2142 3328 2358 3384 Christi
2382 3333 2630 3403 p0pu|us
2656 3334 2890 3401 dicitur,
2915 3340 3113 3401 estque
3137 3330 3309 3386 Israel
3334 3335 3397 3385 ut
3417 3330 3804 3402 distinguitur

2073 3388 2120 3452 Ο
2154 3388 2510 3490 agentibus:
2571 3388 2951 3496 distinguitur
3006 3388 3201 3478 autem
3253 3421 3524 3476 Mosaicis
3575 3388 3802 3492 legibus

2145 3512 2318 3579 atque
2353 3510 2637 3581 moribus,
2662 3529 2992 3582 (inaliquam
3026 3512 3287 3567 nondum
3320 3510 3568 3583 gratiam
3591 3527 3796 3568 conse-

2144 3606 2340 3667 cutus,
2371 3602 2616 3673 ejusque
2648 3619 2885 3674 compos
2933 3602 3144 3669 factus,
3186 3617 3340 3669 cum,
3391 3600 3650 3672 inquam,
3697 3601 3798 3672 qui

2143 3691 2198 3746 in
2231 3691 2422 3746 Veteri
2455 3696 2821 3748 Testamento
2837 3695 2925 3746 est
2952 3692 3080 3761 ejus
3105 3689 3359 3762 populus
3384 3690 3477 3756 sit,
3503 3692 3800 3760 quomodo

2144 3797 2258 3837 non
2301 3781 2690 3837 obstruuntur
2739 3781 2962 3851 perdita
3009 3779 3463 3835 Manichaeorum
3509 3795 3627 3844 ora,
3673 3795 3800 3850 quae

2143 3871 2213 3927 ad
2246 3870 2405 3926 aliud
2436 3887 2535 3927 eos
2566 3869 2915 3940 principium
2951 3869 3208 3924 referunt
3236 3869 3263 3922 ’ἶ

2153 4278 2370 4333 Φωτίου

2222 4370 2413 4425 φρασις
2470 4347 2866 4420 τῆς’ἐν”ῖῑοῖς
2929 4348 3254 4425 βασιλείοις-
3304 4347 3422 4410 νέας
3478 4347 3796 4425 ᾳέκ-κλησίας

2219 4418 2321 4490 ’ἑῆς
2408 4418 2711 4512 ὑπεραγίαί
2794 4418 3084 4512 Θεοξὸκου,
3165 4420 3266 4475 ὑπὸ
3341 4418 3796 4476 Daedalon-:06

2221 4501 2266 4512 ι.
2375 4492 2430 4512 ΑΙ
2696 4511 2699 4512 ,
2837 4495 2863 4512 n

2220 4490 2527 4554 Μακεδόνοέ
2560 4490 3040 4564 οἶκοδομηθείσης.

2480 4279 2825 4353 πατριάρχου
2935 4275 3610 4353 Κιινιίςττριντινοοττόλεελιις,⁸
3715 4275 3800 4353 Eu-

1509 4615 1867 4687 (Couesms.,
1899 4621 2222 4692 Manipulus
2251 4635 2436 4675 rerum
2473 4621 2654 4688 Const,
2689 4635 2742 4688 p.
2768 4618 2895 4672 296.

456 4737 677 4793 Laetum
733 4737 900 4796 video
986 4741 1290 4814 praesentis
1349 4741 1458 4798 dici
1521 4748 1917 4802 conventum:
1969 4763 2034 4802 ac

2217 4742 2454 4819 Φαιδρὸν
2515 4746 2628 4818 ὁρῶ
2677 4747 2774 4809 τῆς
2832 4746 3112 4820 παρούσης
3166 4744 3377 4819 ἡμέρας
3429 4745 3523 4799 τὸν
3583 4743 3794 4800 σύλλο-

387 4825 618 4894 qualem
649 4841 819 4885 nemo
842 4828 1098 4887 humana
1126 4829 1362 4888 solertia
1391 4836 1565 4904 atque
1602 4851 1798 4907 opera,
1823 4852 1888 4892 ac
1919 4836 2031 4892 nisi

388 4912 684 4933 .12--:.._-apn
734 4922 743 4933 .
829 4919 876 4933 ι,
990 4920 1003 4932 .
1056 4921 1066 4930 .
1281 4923 1308 4933 η
1555 4931 1558 4933 λ
1680 4923 1712 4933 ..
1831 4929 1852 4933 _

2147 4855 2260 4910 γον,
2310 4835 2399 4889 καὶ
2468 4836 2587 4889 οἷον
2635 4833 2734 4889 οὐκ
2781 4831 2839 4887 ἄν
2889 4855 2971 4896 τις
3030 4834 3353 4907 ἀνθρωπίνῳ
3409 4831 3796 4907 σπουδάσματι

383 4912 563 4969 divini
589 4916 790 4973 afﬂatu
829 4919 1102 4977 Numinis
1162 4923 1415 4979 conﬂare
1472 4923 1740 4996 potuerit.
1820 4929 2033 4991 Quam-

2144 4925 2237 4980 καὶ
2296 4927 2474 5004 χωρὶς
2532 4924 2676 4988 Θείας
2737 4933 3105 5002 συγκροτῆσαι
3186 4926 3364 4998 ῥοπῆς
3419 4925 3792 5000 κατισχύσαι,

456 5048 499 5086 9‘
523 5047 663 5108 Luc.
701 5068 762 5124 ιι,
790 5054 879 5110 29.
898 5053 945 5090 ⁹²
973 5055 1117 5114 ibid.
1141 5058 1230 5115 32.
1249 5058 1293 5095 9³
1323 5059 1434 5116 Isa.
1464 5076 1614 5130 XLIX,
1635 5061 1689 5117 6.
1723 5059 1842 5096 “'99
1861 5061 2010 5117 Psal.
2043 5078 2189 5118 var.
2221 5063 2256 5116 2

1953 5203 2185 5260 NOTIE.

477 5361 534 5431 3)
565 5361 643 5416 Ex
674 5363 794 5418 Cat.
839 5365 990 5422 card.
1026 5365 1170 5422 Maz.

485 5433 674 5510 3f)_Ita
697 5434 768 5510 de
799 5436 1081 5510 Symeone
1111 5438 1515 5509 Theophanes,
1538 5437 1902 5510 Euthymius,
1921 5444 2028 5495 etc.

458 5506 536 5578 (4)
573 5505 764 5581 Edidit
794 5505 988 5581 Graece
1031 5505 1374 5565 Lambecius
1407 5527 1436 5565 e
1467 5505 1625 5580 regia
1665 5505 1930 5581 Eupara:
1965 5514 2033 5566 li-

389 5580 512 5654 buit
544 5577 690 5654 mihi
723 5588 774 5632 et
827 5579 1025 5654 Latine
1065 5590 1490 5654 repraesentare.
1535 5577 1770 5654 Laudat
1799 5585 2032 5654 perinde

391 5650 808 5708 Constantinus
857 5650 1403 5724 Porpliyrogenneta
1435 5652 1593 5710 illam
1626 5650 1815 5710 Basilii
1847 5655 2030 5713 Mace-

2143 5370 2335 5437 donis,
2359 5371 2726 5428 exstruendis
2753 5385 2852 5426 seu
2878 5369 3052 5425 etiam
3074 5367 3402 5425 reficiendis
3421 5367 3797 5424 divinistem-

2143 5442 2272 5515 piis,
2297 5444 2632 5515 religionem
2668 5459 2732 5499 ac
2758 5441 3245 5515 magnificentiam
3265 5459 3280 5515 ς
3298 5439 3793 5515 inqueeisipsum

2141 5512 2248 5569 hoc
2280 5512 2561 5586 templum
2601 5534 2656 5570 η.
2687 5516 2758 5568 55
2789 5515 2913 5582 ejus
2935 5512 3077 5567 Vitae
3111 5513 3309 5567 multis
3331 5512 3631 5586 describit.
3659 5516 3794 5578 Qui-

2141 5587 2274 5641 dam
2304 5585 2500 5643 tamen
2532 5589 2667 5644 vitio
2704 5588 2846 5641 dunt
2884 5587 3058 5655 quod,
3107 5593 3388 5656 occupata
3429 5585 3794 5656 ejuﬁscemodi

2140 5658 2402 5716 aediﬁciis
2453 5660 2656 5727 classe,
2707 5657 2889 5714 libera
2933 5655 3272 5713 Saracenis’
3300 5664 3472 5727 atque
3512 5655 3792 5714 Barbarie
