4090 6228
390 345 505 408 567

1593 343 1862 405 ΡΗΟΤΙΙ
1907 344 2432 410 PATItIARCILE
2474 352 2592 412 CP.

3677 375 3801 435 568

391 484 472 540 ris
493 484 520 538 ?
549 483 834 540 Ostendas
866 479 1078 548 verbis,
1111 495 1238 552 quas
1271 479 1433 552 prius
1465 480 1602 552 ipsis
1629 480 1803 538 rebus
1833 486 2022 537 osten-

2145 477 2357 556 λόγοις,
2391 483 2422 537 ἃ
2451 489 2569 547 τοῖς
2617 482 2799 562 ἔργοις
2845 489 3256 565 προϋπέδειξας.
3290 499 3431 576 ’Δρα
3480 504 3583 578 γὰρ
3625 507 3802 564 πάλιν

395 573 561 628 disti.
595 572 748 628 Num
778 571 932 627 enim
967 587 1172 626 rursus
1203 570 1482 625 adversus
1514 570 1799 626 Barbaros
1830 572 2037 641 victos,

407 668 625 730 tropaea
655 660 933 715 erexisti?
960 659 1180 722 Quibus
1205 657 1408 714 multis
1445 658 1856 730 continuisque
1893 659 2035 716 libe-

401 749 601 804 raliter
642 748 934 820 accepisti,
1000 747 1087 802 his
1121 747 1512 820 congregasti,
1555 752 1620 802 ut
1662 749 1786 820 pari
1826 749 2035 818 gaudio

393 839 678 904 fruamur,
713 853 1202 906 communemque
1245 853 1310 891 ac
1344 836 1544 908 populi
1593 838 1849 893 universi
1897 855 2034 893 con-

391 930 590 992 ventu,
624 926 872 981 victoriae
912 925 1173 997 largitori
1215 926 1532 997 gratiarum
1578 926 1864 982 actionem
1906 943 2036 998 pro-

393 1031 656 1083 mamus;
689 1019 806 1082 aut,
841 1015 936 1086 qui
971 1015 1164 1070 hostes
1195 1017 1331 1070 data
1362 1015 1474 1070 fide
1505 1015 1918 1087 dedititiosque
1941 1032 2034 1073 ac-

389 1104 632 1174 ceperis,
675 1103 1128 1176 sublimemque,
1155 1107 1210 1159 et
1240 1104 1552 1176 superbum
1571 1103 2031 1176 alienigenarum

389 1191 652 1247 animum
679 1207 1038 1262 sensumque
1063 1191 1436 1263 depresseris,
1485 1192 1638 1247 velut
1668 1193 1768 1264 qui
1801 1193 1895 1264 pio
1937 1208 2030 1248 re-

388 1279 714 1352 ligiosoque
753 1280 934 1336 animi
967 1296 1143 1336 sensu
1180 1289 1385 1336 cuncta
1417 1281 1520 1336 tibi
1551 1282 1822 1353 praeclare
1845 1287 2029 1354 gesta,

387 1369 448 1424 in
481 1373 775 1440 potentem
806 1369 904 1424 Dei
938 1386 1176 1425 manum
1209 1371 1457 1436 referas;
1509 1375 1609 1425 aut
1648 1372 1745 1442 qui
1786 1371 2030 1444 imperio

389 1457 662 1529 subjicias
696 1460 888 1526 urbes,
942 1459 1085 1514 alias
1128 1459 1389 1530 quidem,
1433 1476 1563 1514 cum
1606 1460 1829 1531 pridem
1877 1461 2030 1517 cives

389 1547 632 1616 alerent,
703 1547 1040 1603 melioribus
1095 1549 1220 1619 ipse
1267 1549 1556 1603 institutis
1605 1551 2027 1622 composueris,

386 1637 528 1694 alias
551 1637 721 1693 etiam
745 1654 778 1691 a
802 1637 1201 1692 fundamentis
1223 1637 1494 1706 erexeris,
1517 1638 1784 1710 aliasque
1808 1640 2028 1695 instau-

385 1727 620 1796 raveris,
681 1743 747 1781 ac
788 1726 1018 1798 imperii
1070 1727 1218 1782 ﬁnes
1267 1727 1484 1783 crebris
1533 1728 1760 1798 oppidis
1829 1729 2029 1799 praesi-

2148 573 2282 627 κατά
2331 569 2624 647 Βαρϐάρων
2667 577 2818 640 νίκας
2877 579 3180 653 ἀναστήσας
3237 589 3327 642 καὶ
3385 591 3645 664 τρόπαια,
3707 601 3798 661 οἷς

2146 660 2419 724 πολλάκις
2449 659 2630 738 ἔργοις
2669 666 2752 721 ἐπ’
2790 666 2986 732 ἄλλοις
3020 673 3169 745 ἡμᾶς
3221 659 3488 748 ἐδεξιώσω
3520 659 3796 760 φιλοφρῶ

2142 751 2418 824 νούμενος,
2467 753 2554 808 ἐπὶ
2604 756 2818 819 τούτοις
2869 763 3212 836 συνήγειρας,
3265 747 3541 844 εὐφρᾶναί⁸
3572 795 3630 829 τε
3667 745 3800 850 ⁴άμα.

2143 837 2231 892 καὶ
2262 844 2341 911 τῷ
2373 836 2632 896 δεδωκότι
2666 847 2855 915 κοινὴν
2887 849 2974 902 καὶ
3019 849 3307 926 πάνδημον
3343 857 3654 935 ἀναπέμψαι
3685 836 3790 934 τῆν

2177 925 2188 944 ,
2415 931 2425 948 ,
2565 933 2584 950 ,
2792 936 2804 952 κ
2882 936 2894 958 ε
3075 939 3086 956 ν
3130 938 3154 959 κ
3211 925 3215 926 κ
3303 945 3323 961 ὀ
3517 925 3526 932 .
3571 925 3581 935 .
3741 925 3754 934 .

2143 947 2530 1003 ευχαριστιανς
2589 939 2632 988 Η
2666 929 2850 990 λαϐων
2875 951 3257 1005 υποσπονοους
3296 943 3525 1018 αλλους,
3569 951 3656 1004 καὶ
3691 973 3794 1008 τι-

2142 1019 2412 1081 πεινώσας
2447 1021 2657 1094 ὑψηλὸν
2691 1023 2781 1078 καὶ
2803 1030 3004 1100 γαῦρον
3034 1028 3124 1084 καὶ
3155 1028 3475 1112 ἀλλόφυλον
3508 1039 3790 1115 φρόνημα,

2142 1105 2216 1167 ὡς
2267 1106 2355 1161 ἐπὶ
2402 1110 2502 1178 τήν
2542 1114 2795 1184 κραταιὰν
2848 1121 3010 1191 χεῖρα
3056 1124 3153 1175 τοῦ
3199 1127 3333 1178 Θεοῦ
3387 1123 3798 1206 εύσεϐοφρόνως

2142 1194 2421 1272 ἀναφέρων
2454 1201 2627 1255 πάντα
2652 1204 2720 1258 τά
2751 1225 2834 1258 σοι
2870 1208 3282 1282 καθορθούμενα
3316 1232 3327 1246 ’
3363 1215 3398 1283 ἤ
3445 1194 3636 1282 πόλεις
3687 1221 3797 1276 ὑπ-

2142 1286 2362 1354 ηκόους,
2403 1288 2498 1350 τὰς
2531 1291 2626 1361 μὲν
2651 1293 2822 1348 πάλαι
2852 1295 3000 1350 κάτω
3031 1300 3286 1372 κειμένας
3319 1305 3652 1381 ἀνορθώσας,
3691 1311 3796 1374 τὰς

2143 1368 2201 1425 δὲ
2230 1372 2318 1426 καὶ
2349 1372 2408 1429 ἐκ
2457 1375 2673 1451 βάθρων
2722 1379 2896 1435 αὐτῶν
2940 1383 3234 1460 ἀνεγείρας,
3284 1390 3371 1444 καὶ
3405 1368 3595 1449 ἀλλων
3635 1368 3797 1454 ἀνοι-

2141 1460 2372 1533 κισμοὺς
2420 1463 2806 1540 ἐργασάμενος,
2859 1472 2946 1525 καὶ
3003 1479 3104 1542 τῆς
3163 1477 3444 1542 πολιτείας
3503 1485 3798 1550 πυκνώσας

2135 1549 2201 1603 τὰ
2230 1549 2374 1624 ὅρια,
2397 1554 2431 1622 ἢ
2457 1552 2736 1625 πλουτῶν,
2765 1559 2855 1612 καὶ
2886 1566 3062 1616 ποιῶν
3087 1561 3415 1641 εὐδαίμονας
3431 1571 3495 1626 τὸ
3520 1571 3793 1644 ὑπήκοον.

2144 1638 2364 1710 Δίδαξον
2413 1644 2584 1715 ἡμᾶς,
2645 1647 2781 1720 πρὸς
2831 1649 2888 1703 σὶ
2934 1652 3025 1706 τὸν
3072 1655 3258 1711 κοινὸν
3303 1664 3402 1728 τῆς
3455 1659 3796 1738 οἰκουμένης

2140 1731 2457 1808 ἀφορῶντας
2490 1736 2798 1810 ὀφθαλμὸν,
2831 1741 2920 1796 ἐπὶ
2971 1743 3078 1799 τίνι
3109 1748 3316 1804 τούτων
3367 1753 3523 1827 ἡμᾶς
3574 1759 3796 1812 συνεκά-

386 1815 614 1886 diisque
655 1815 1108 1882 communieris;
1161 1821 1260 1871 aut
1304 1817 1398 1887 qui
1453 1817 1616 1872 dives
1666 1817 1789 1887 ipse
1831 1819 2022 1874 subdi-

2536 1809 2539 1810 ,
2679 1809 2685 1810 γ
3391 1809 3424 1827 -ι
3509 1809 3521 1816 ν
3586 1809 3769 1812 "“""

2140 1818 2334 1891 λεσας;
2398 1825 2464 1879 Ἣ
2523 1832 2672 1900 σιγᾷς
2739 1831 2832 1902 μὲν
2889 1831 3050 1896 αὐτὸς
3093 1834 3382 1904 ἐπιεικείας
3435 1843 3654 1917 τρόπῳ,
3698 1848 3790 1901 καὶ

385 1911 469 1960 tos
498 1905 696 1960 beatos
727 1905 980 1971 efficias;
1016 1906 1154 1960 doce
1188 1921 1316 1970 nos,
1350 1904 1408 1959 in
1439 1922 1605 1975 quem
1651 1907 1807 1962 orbis
1845 1915 2030 1964 terra-

385 2011 518 2050 rum
561 2010 935 2049 communem
979 1993 1212 2050 oculum
1253 1995 1364 2050 toti
1411 1995 1810 2066 aspiciamus;
1859 1999 2024 2068 cujus

385 2083 624 2138 tandem
683 2082 893 2138 horum
951 2083 1136 2149 gratia
1181 2083 1487 2140 invitasti‘?
1531 2085 1648 2140 Aut
1696 2085 1834 2141 siles
1879 2086 2025 2158 ipse,

383 2173 706 2243 imperante
737 2172 1041 2243 modestia,
1075 2177 1131 2228 et
1163 2173 1315 2244 quod
1351 2179 1449 2228 tua
1470 2173 1596 2245 ipse
1618 2173 1768 2231 nolis
1792 2192 2025 2232 narrare

2136 1914 2218 1982 τῷ
2261 1912 2336 1982 μή
2375 1913 2665 1986 βούλεσθαί
2702 1939 2759 1972 σε
2796 1921 2864 1975 τά
2894 1922 2959 1976 σὰ
2991 1925 3128 1997 ἡμῖν
3162 1912 3791 2010 διηγεῖσθαικατ-ορθώ-

2141 2020 2304 2072 ματα,
2351 2004 2436 2064 οἷς
2483 2003 2685 2081 ἀνάγκη
2727 2010 2852 2071 τοὺς
2899 2010 3150 2078 ἐπαίνους
3189 2021 3601 2094 συνυφαίνεσθαι
3637 2041 3652 2055 ⁸
3695 2026 3792 2100 ἐμὲ

2140 2085 2196 2143 δὲ
2226 2090 2487 2188 παρέχεις
2536 2095 2823 2188 ὑπηχῆσαι
2853 2106 2932 2173 τῷ
2969 2101 3122 2178 λόγῳ
3151 2112 3268 2168 τοῖς
3314 2085 3430 2172 σοῖς
3465 2109 3650 2187 ἔργοις
3695 2085 3792 2188 ἐμ-

2135 2178 2456 2252 πνεόμενον,
2489 2188 2586 2238 τοῦ
2617 2186 2884 2260 παρόντος
2913 2189 3192 2271 συλλόγου
3224 2196 3287 2251 τὸ
3319 2196 3514 2258 αἶ’τιον.

386 2260 669 2331 facinora,
758 2262 974 2332 quibus
1025 2277 1264 2318 necesse
1325 2261 1558 2317 laudem
1628 2269 2006 2321 contexamus
2041 2281 2054 2320 :
2089 2267 2235 2323 mihi
2285 2287 2417 2327 vero
2463 2274 2707 2346 praebes,
2753 2283 2820 2334 ut
2867 2260 3116 2339 tuarum.
3147 2286 3271 2357 ipse
3319 2289 3520 2348 afﬂatu
3575 2309 3793 2366 rerum,

377 2351 679 2423 presenlis
707 2357 1029 2407 conventus
1067 2367 1301 2406 causam
1351 2352 1610 2408 omnium
1659 2353 1896 2410 auribus
1946 2371 2014 2410 ex
2043 2359 2290 2416 oratoris
2321 2377 2558 2419 munere
2595 2366 2861 2428 inferam.

451 2439 579 2495 Alia
609 2440 808 2510 igitur,
839 2440 1036 2509 amici,
1068 2439 1400 2509 celebritas,
1430 2440 1709 2514 aliudque
1752 2441 2033 2500 hodierna

381 2528 476 2584 die
507 2527 872 2600 mysterium.
907 2527 1222 2598 Virginalis
1253 2529 1313 2584 in
1343 2533 1505 2584 terra
1535 2530 1736 2600 templi
1778 2533 2034 2588 encaenia

383 2617 559 2672 hodie
591 2621 971 2689 peraguntur,
1003 2617 1222 2688 Deique
1253 2617 1480 2687 Matris,
1514 2619 1566 2674 si
1596 2620 1749 2690 quod
1783 2620 1937 2678 aliud
1971 2623 2028 2678 in

386 2707 634 2774 mundo,
666 2706 909 2778 dignum
957 2705 1363 2763 habitaculum
1413 2717 1804 2766 consecratur.
1834 2710 2026 2783 Virgi-

386 2795 518 2852 nale
539 2795 596 2851 in
629 2801 782 2852 terra
812 2795 1099 2868 templum
1124 2795 1294 2853 hodie
1322 2797 1639 2866 dedicatur,
1672 2799 1882 2871 regalis
1906 2818 2028 2858 ma-

383 2883 734 2958 gniﬁcentia
757 2901 900 2956 opus
917 2884 1108 2956 reipsa
1133 2885 1330 2941 multis
1358 2885 1595 2942 laudum
1623 2888 1861 2946 canticis
1885 2891 2028 2948 cele-

379 2974 698 3030 brandum.
728 2973 1040 3045 Templum
1089 2973 1151 3030 in
1183 2976 1374 3032 medio
1419 2976 1547 3047 ipso
1588 2978 1825 3049 palatio,
1875 2980 2022 3036 divi-

2135 2988 2251 3046 τοῖς
2285 2984 2626 3062 ἀνακτόροις,
2655 2991 2948 3068 ἀνάκτορον
2981 2997 3123 3054 ἄλλο
3157 3001 3300 3056 θεῖον

385 3080 526 3120 num
581 3063 739 3119 aliud
808 3065 1323 3136 venerandumque
1382 3065 1659 3136 palatium
1701 3068 2023 3140 excitatur;

382 3153 675 3226 ejusmodi
707 3152 948 3221 scilicet,
982 3158 1068 3222 ut,
1100 3154 1149 3209 si
1181 3171 1315 3210 cum
1348 3155 1481 3211 aliis
1513 3157 1798 3228 conferas,
1832 3174 1899 3215 ac
1930 3175 2026 3216 eo-

386 3259 518 3299 rum
547 3243 826 3300 rationem
868 3243 1108 3312 habeas,
1143 3244 1298 3316 regia
1343 3245 1470 3315 ipsa
1513 3246 1745 3317 palatia,
1797 3249 2028 3318 privataa

388 3334 534 3388 mdes
580 3337 774 3404 aperte
833 3339 1174 3406 arguantur,
1207 3334 1466 3405 quinimo
1525 3337 1680 3408 quod
1739 3354 1848 3393 sua
1915 3355 2031 3410 qua

389 3421 566 3493 pollet
597 3421 853 3479 claritate
893 3440 957 3478 ac
986 3429 1308 3491 venustate,
1360 3425 1460 3479 illa
1507 3443 1736 3498 quoque
1778 3427 2030 3483 illustret

390 3524 457 3565 ac
488 3511 692 3566 reddat
712 3512 977 3579 clariora,
1004 3513 1256 3582 priorem
1283 3511 1401 3568 illis
1422 3514 1704 3568 mundum
1728 3521 1902 3587 atque
1935 3533 2026 3572 or-

385 3602 588 3654 natum
612 3599 913 3670 adaugeat.
939 3601 1125 3663 Dicas,
1153 3599 1352 3656 oculos
1378 3600 1436 3654 in
1461 3602 1653 3672 ipsum
1685 3606 2021 3676 conjiciens,

382 3702 500 3742 non
534 3686 808 3742 humanm
840 3687 981 3743 artis
1012 3703 1160 3758 opus
1191 3704 1338 3757 esse,
1375 3691 1476 3745 sed
1509 3691 1765 3748 divinam
1814 3710 2023 3765 quam-

375 3775 507 3831 dam
539 3775 825 3848 nobisque
856 3777 1213 3847 superiorem
1235 3779 1507 3836 virtutem
1543 3780 2024 3852 pulchritudinem

374 3863 460 3920 illi
489 3864 796 3923 indidisse.
831 3867 1060 3940 Templi
1096 3870 1291 3926 aditus
1312 3887 1377 3926 ac
1396 3871 1770 3935 vestibulum,
1793 3876 2018 3944 egregio

372 3959 583 4012 ornatu
615 3973 681 4012 ac
712 3956 919 4014 decore
949 3961 1340 4030 compositum
1375 3978 1388 4017 :
1425 3962 1659 4018 candidi
1690 3963 1846 4019 enim
1870 3982 2019 4020 mar-

373 4045 556 4102 moris
588 4046 799 4102 tabulaa
845 4047 1222 4118 splendidum
1263 4052 1402 4121 quid
1441 4053 1881 4126 gratiosumque
1929 4055 2015 4110 ef-

373 4133 753 4207 fulgent,ejus
773 4138 930 4193 modi
947 4139 1170 4195 scilicet
1193 4148 1252 4195 ut
1271 4145 1453 4198 totum
1475 4148 1849 4215 conspectum
1871 4162 2020 4200 com-

378 4221 716 4294 plectentes,
741 4226 1000 4297 ipsarum
1025 4228 1176 4283 inter
1195 4244 1256 4284 se
1281 4233 1480 4299 situm,
1505 4236 1892 4289 extremorum
1908 4250 2012 4306 qua

2206 2445 2388 2546 ’,Αλλη
2422 2458 2733 2546 τοιγαροῦν,
2788 2455 2832 2511 ὦ
2864 2459 3046 2536 φίλοι,
3086 2463 3306 2537 τελετὴ,
3357 2469 3448 2524 καὶ
3499 2468 3640 2526 ἄλλο
3685 2496 3792 2546 μυ-

2136 2537 2362 2612 στήριον
2412 2542 2677 2617 σήμερον.
2709 2545 2857 2611 Ναὸς
2907 2552 3231 2625 παρθενικὰς
3263 2555 3350 2611 ἐπὶ
3405 2565 3509 2634 γῆς
3553 2559 3793 2637 ἐγκαινί-

2136 2630 2282 2695 ζεται
2311 2629 2573 2703 σήμερον,
2607 2635 2698 2687 καὶ
2727 2641 2827 2705 τῆς
2847 2641 3390 2721 Θεομήτορος,εἷ’περ
3421 2645 3564 2704 ἄλλο
3592 2658 3789 2720 τι,τῶν

2134 2713 2440 2791 ἒγκοσμίων
2484 2720 2696 2794 ἐπάξιον
2750 2725 3093 2804 οἰκητήριον.
3132 2734 3278 2799 Ναὸς
3327 2740 3642 2814 παρθενικός
3694 2743 3784 2800 ἐπὶ

2132 2812 2234 2904 γῆς
2267 2805 2617 2904 έγκαινίςεται
2661 2815 2927 2889 σήμερον,
2959 2817 3253 2893 βασιλικῆς
3302 2805 3786 2904 μεγαλοπρεπείας

2137 2890 2294 2970 ἔργον
2328 2897 2401 2959 ὡς
2443 2897 2665 2970 ἀληθῶς
2710 2890 3124 2977 πολυύμνήτον.
3166 2890 3312 2975 Ναὸς
3359 2890 3408 2969 ἐν
3453 2890 3637 2988 μέσοις
3682 2921 3788 2975 αὗ-

3343 3005 3428 3058 καί
3476 3001 3786 3080 σεϐάσμιον

2137 3073 2511 3148 ἀνιστάμενος,
2565 3081 2655 3135 καὶ
2702 3087 2770 3157 τῇ
2816 3085 2954 3158 πρὸς
2985 3087 3120 3144 αὐτὸ
3171 3088 3463 3168 παραϐολῇ
3505 3095 3596 3150 καὶ
3648 3119 3794 3174 συγ-

2136 3163 2332 3236 κρίσει,
2387 3165 2668 3234 ἰδιωτικᾶς
2736 3173 2912 3237 οἰκίας
2968 3178 3286 3253 ἀποφαίνων
3351 3184 3419 3240 τά
3469 3187 3737 3264 ἀνάκτορα
3771 3210 3790 3227 ⁸

2144 3255 2356 3329 μᾶλλον
2391 3256 2448 3314 δὲ
2488 3264 2574 3317 καὶ
2613 3269 2682 3338 τῇ
2715 3265 2908 3342 ἐνούσῃ
2960 3268 3311 3345 λαμπρότητι
3342 3277 3432 3331 καὶ
3483 3283 3652 3335 ταῦτα
3683 3303 3794 3337 πε-

2140 3349 2518 3421 ριαστράπτων
2576 3354 2664 3406 καὶ
2716 3353 3045 3432 φαιδρύνων,
3098 3363 3188 3416 καὶ
3237 3364 3380 3420 πολὺ
3437 3373 3791 3442 παρασκευά-

2141 3438 2370 3503 ζωντοῦ
2414 3441 2681 3509 προτέρου
2729 3447 2938 3518 κόσμου
2989 3452 3307 3527 σεμνότερα.
3343 3453 3534 3520 Εἴποις
3587 3459 3647 3512 ἂν
3703 3461 3782 3524 εἰς

2134 3523 2293 3580 αὐτὸν
2327 3523 2478 3597 ἰδὼν,
2513 3531 2612 3586 οὐκ
2640 3531 2983 3607 ἀνθρωπίνης
3015 3542 3200 3614 χειρὸς
3233 3540 3410 3618 ἔργον,
3456 3545 3607 3603 ἄλλα
3637 3550 3784 3605 θείαν

2130 3614 2249 3670 τινὰ
2277 3618 2363 3671 καὶ
2402 3619 2532 3693 ὑπὲρ
2573 3623 2720 3693 ἡμᾶς
2753 3620 2979 3698 δύναμιν
3013 3629 3075 3682 τὸ
3105 3629 3314 3691 κάλλος
3347 3633 3494 3706 αύτῷ
3540 3635 3784 3714 ἐπιμορ-

2132 3706 2432 3802 ἱρώσασθαι.
2490 3711 2812 3786 Προπύλαια
2867 3716 2960 3788 μὲν
3013 3717 3116 3794 γάρ
3171 3725 3250 3792 τῷ
3297 3728 3412 3796 ναῷ
3459 3706 3775 3802 περικάλλῆ

2131 3790 2496 3852 διεσκεύασται
2532 3817 2545 3832 °
2595 3801 2822 3879 καὶγὰρ
2878 3808 3179 3881 μαρμάρων
3211 3807 3514 3869 διαλεύκων
3565 3816 3773 3882 πλάκες

2129 3882 2384 3961 λαμπρόν
2415 3908 2466 3942 τι
2515 3891 2606 3943 καὶ
2657 3892 2842 3967 χάριεν
2893 3894 3343 3968 ἀποστίλϐουσαι,
3397 3903 3535 3974 ὅλην
3579 3905 3779 3964 ἐναπο-

2127 3971 2392 4030 λαϐοὖσαι
2423 3978 2524 4046 τὴν
2555 3979 2843 4056 πρόσοψιν,
2877 3985 2966 4039 καὶ
2997 3988 3098 4056 τήν
3139 3990 3276 4064 πρὸς
3319 3971 3577 4064 ἀλλήλας
3610 3997 3777 4071 θέσιν,

2123 4061 2212 4116 καὶ
2241 4064 2340 4133 τὴν
2368 4067 2473 4118 τῶν
2521 4070 2768 4140 περάτων
2817 4074 3099 4149 συνάιρειαν
3129 4061 3209 4149 τῷ
3258 4079 3460 4154 ὁμαλῷ
3489 4085 3582 4138 καὶ
3617 4061 3772 4159 λείῳ,

2122 4152 2209 4205 καὶ
2271 4156 2349 4224 τῷ
2405 4156 2826 4231 προσηρμόσθαι
2889 4158 3013 4216 λίαν
3073 4164 3476 4243 ἀποκρύψασαι,
3527 4173 3608 4235 εἰς
3663 4176 3780 4238 ἑνὸς

2127 4237 2287 4296 λίθου
2321 4243 2594 4318 συνέχειαν
2629 4254 2915 4322 γραμμαῖς
2947 4253 3178 4317 εὐθείαις
3209 4255 3389 4332 ὥσπερ
3442 4258 3779 4340 ἐπιγεγραμ-

364 4311 731 4381 juncturam,
765 4313 903 4382 leni,
939 4315 1131 4388 plana,
1167 4318 1484 4392 subtilique
1507 4322 1824 4378 admodum
1856 4340 2012 4379 com-

2443 4311 2480 4318 .-
2641 4311 2678 4320 ..
2741 4311 2796 4322 ..
2905 4311 2910 4312 γ
3165 4311 3177 4317 -
3270 4311 3369 4332 ηρ,
3446 4311 3751 4340 “nr”.-.—

2132 4328 2314 4401 μένου,
2350 4333 2529 4404 θαῦμα
2577 4337 2758 4391 καινὸν
2807 4340 3063 4413 ὁραθῆναι
3096 4343 3186 4398 καὶ
3237 4343 3485 4420 ἥδιστον,
3531 4355 3635 4422 τήν
3669 4359 3784 4410 τῶν

373 4399 627 4457 missura
657 4403 932 4476 obtegant
963 4421 976 4459 :
1011 4408 1152 4461 adeo
1187 4414 1248 4462 ut
1274 4407 1423 4479 lapis
1455 4426 1607 4466 unus
1636 4411 1805 4468 lineis
1839 4414 2010 4472 rectis

369 4489 528 4546 velut
551 4491 868 4565 inscriptus
893 4493 1007 4566 (res
1031 4495 1313 4552 miraculo
1333 4514 1480 4554 nova
1501 4498 1541 4571 Ι)
1565 4499 1850 4566 videatur,
1874 4518 2007 4558 sua-

367 4579 734 4653 vissimequa
754 4581 1108 4638 intuentium
1132 4585 1331 4642 oculos
1353 4588 1586 4659 capiant
1611 4605 1624 4644 :
1652 4589 1897 4662 indeque
1919 4592 2014 4648 de-

364 4667 708 4742 vineientes,
740 4688 806 4727 ac
836 4672 895 4728 in
927 4689 990 4730 se
1039 4679 1458 4746 convertentes,
1509 4684 1867 4750 spectantem
1922 4698 2014 4738 ve-

363 4759 520 4828 tant,
565 4776 636 4816 ne
665 4762 735 4816 ad
771 4777 837 4818 ea
867 4763 1116 4821 transire
1157 4765 1314 4834 velit,
1358 4783 1484 4838 quze
1527 4767 1690 4825 intus
1733 4769 2008 4827 radiant:

371 4847 472 4900 sed
505 4847 563 4902 in
597 4849 725 4920 ipso
757 4853 957 4924 templi
987 4855 1297 4925 vestibulo,
1332 4872 1465 4913 mox
1496 4858 1696 4916 adiens
1735 4861 2009 4930 praeclaro

373 4936 769 4995 exsuscitatus
819 4945 1173 5014 spectaculo,
1223 4946 1480 5018 visisque
1531 4949 1712 5020 figens
1751 4951 2006 5020 oculum,

378 5021 538 5076 velut
585 5025 879 5084 radicibus
921 5032 1067 5087 ﬁxus
1108 5033 1491 5090 admiratione
1532 5035 1724 5093 haeret.
1769 5039 2010 5111 Orphzeo

375 5111 588 5168 Thraci
620 5114 828 5170 fabulae
859 5117 1040 5190 lyram
1075 5122 1390 5194 assignant,
1419 5141 1481 5180 ea
1530 5125 1801 5196 pulsandi
1839 5129 1914 5198 vi,
1948 5135 2011 5185 ut

372 5215 467 5256 res
498 5201 654 5272 ipsas
695 5203 982 5263 inanimes
1032 5212 1191 5266 sonis
1245 5218 1491 5269 moveat.
1527 5217 1687 5281 Quod
1739 5217 1784 5273 si
1833 5219 2008 5274 etiam

371 5290 545 5346 nobis
577 5290 635 5346 in
665 5292 895 5350 fabulas
917 5298 1212 5354 veritatem
1254 5302 1476 5371 ell‘erre,
1522 5309 1692 5374 atque
1732 5306 2008 5375 ﬁgmento

365 5381 732 5437 tremendam
764 5383 1005 5441 reddere
1039 5387 1124 5442 fas
1151 5398 1320 5458 esset,
1355 5392 1506 5448 dicat
1536 5393 1772 5466 aliquis,
1795 5397 1893 5468 qui
1916 5414 2008 5453 sa-

362 5485 474 5525 erze
514 5469 656 5526 aedis
698 5471 1054 5530 vestibulum
1093 5477 1326 5546 adeant,
1369 5479 1424 5535 in
1470 5482 1798 5553 plantarum
1841 5487 2004 5543 arbo-

2123 4419 2378 4493 ὁρώντων
2429 4423 2716 4495 φαντασίαν
2776 4428 3090 4506 ὑπάγουσιν.
3128 4435 3214 4505 Ἐξ
3259 4436 3425 4511 οὗπερ
3473 4441 3573 4504 τάς
3625 4440 3777 4517 ὄψεις

2115 4507 2462 4588 συνέχουσαι,
2497 4515 2585 4567 καὶ
2637 4516 2768 4587 πρὸς
2817 4518 3006 4580 ἑαυτὰς
3047 4519 3486 4598 ἐπιστρέφουσαι,
3518 4527 3622 4586 οὐκ
3651 4530 3772 4588 ἐθέ-

2117 4592 2231 4650 λειν
2266 4603 2482 4654 ποιοῦσι
2510 4601 2602 4655 τὸν
2656 4604 2847 4673 θεατὴν
2881 4617 3272 4683 μεταχωρῆσαι
3315 4614 3452 4689 πρὸς
3486 4617 3556 4672 τά
3605 4616 3758 4674 ἐνδό-

2111 4703 2259 4757 τερα·
2319 4685 2447 4742 ἀλλ’
2497 4689 2547 4744 ἐν
2588 4689 2733 4764 αὐτῷ
2776 4698 2853 4765 τῷ
2909 4685 3379 4774 προτεμενίσματί
3435 4708 3540 4759 τοῦ
3596 4706 3773 4764 καλοῦ

2115 4772 2384 4847 θεάματος
2417 4777 2444 4830 ὁ
2493 4781 2734 4854 προσιὼν
2781 4772 3366 4860 ἐμπιπλάμενοςξκαί
3393 4798 3514 4855 τοῖς
3558 4793 3772 4871 ὁρωμέ-

2113 4882 2224 4925 νοις
2257 4863 2477 4938 ἐρείδων
2519 4868 2585 4922 τά
2633 4866 2878 4944 ὄμματα,
2924 4873 3105 4952 ὥσπερ
3135 4898 3218 4940 τις
3269 4878 3640 4956 ἐῤῥιζωμένος
3689 4891 3771 4959 τῷ

2115 4951 2348 5046 θαύματι
2377 4953 2625 5027 ἕστηκεν.
2678 4960 2862 5035 Ὀρφεῖ
2904 4964 2998 5038 μὲν
3045 4951 3096 5019 οἱ
3141 4951 3306 5040 μῦθοι
3331 4951 3435 5042 ’τῷ
3474 4951 3646 5046 Θρᾳκί
3679 4951 3772 5030 κιί-

2113 5040 2275 5114 θάραν
2327 5049 2608 5119 κροτοῦσι,
2659 5054 2906 5106 κινοῦσαν
2953 5059 3070 5118 τοῖς
3117 5054 3383 5133 φθόγγοις
3428 5060 3497 5114 τὰ
3557 5059 3768 5138 ἄψυχα.

2111 5130 2177 5184 Εἴ
2209 5129 2382 5187 δὲκαὶ
2427 5137 2560 5208 ἡμῖν
2600 5135 2720 5210 ἐξῆν
2753 5139 2806 5204 ἐς
2861 5140 3065 5213 μύθους
3097 5129 3340 5222 ἐπαίρειν
3390 5151 3481 5204 καὶ
3534 5129 3771 5228 φοϐερὰν

2111 5225 2283 5276 ποιεῖν
2332 5223 2429 5291 τήν
2487 5225 2773 5298 ἀλήθειαν,
2807 5230 2952 5286 εἶπεν
3006 5229 3066 5287 ἄν
3095 5254 3199 5305 τις,
3249 5237 3381 5299 τοὺς
3433 5243 3768 5313 προσιόντας

2108 5315 2185 5382 τῷ
2247 5315 2730 5389 προτεμενίσματι,
2813 5319 2888 5382 εἷς
2972 5327 3153 5398 φυτῶν
3226 5323 3770 5404 ἀποδενδρουμένους

2109 5399 2264 5472 φύσιν
2316 5405 2394 5473 τῷ
2443 5401 2678 5476 θαύματι
2740 5403 3181 5480 μεταϐάλλεσθαι
3219 5431 3232 5444 ·
3286 5412 3461 5476 οὕτως
3512 5416 3653 5491 ἅπαξ
3685 5441 3770 5483 τις

2108 5485 2240 5544 ΐδὼν
2273 5486 2736 5557 δυσαποσπάστως
2768 5496 3078 5573 κατέχεται.

353 5577 605 5673 rumque
636 5565 932 5634 naturam,
967 5565 1252 5626 miraculo
1282 5570 1564 5644 deﬁgente
1593 5577 1862 5634 transire.
1899 5578 1992 5636 Sic
2023 5579 2125 5651 qui
2155 5582 2331 5640 semel
2375 5587 2627 5657 conjecit
2666 5588 2865 5648 oculos
2905 5565 3054 5663 aegre
3092 5594 3382 5666 avellitur,
3425 5613 3497 5656 ac
3535 5605 3756 5673 speeta-

351 5652 481 5711 eulo
513 5656 762 5712 tenetur.

4087 251 4090 462 Ι

4087 251 4090 462 Ι
