4090 6228
385 332 498 394 571

1587 324 1850 402 ΡΗΟἸῚΙ
1896 326 2428 391 ΡΑΤΗΙΑΗΟΗᾸΞ
2470 331 2585 392 CP.

3678 349 3806 412 572

387 470 465 528 ob
491 468 688 526 oculos
716 469 1016 524 versantes
1055 468 1281 522 atomos
1320 460 1634 518 invenisset
1665 477 1678 517 :
1712 461 1794 518 sic
1827 468 2014 519 cunctz

2147 483 2338 567 μιατος,
2369 467 2480 567 Ἑνὶ
2511 465 2568 524 δέ
2611 491 2703 544 μοι
2738 469 2894 529 δοκεῖ
2925 474 3090 548 μόνον
3124 480 3152 534 ὁ
3184 485 3280 536 τοῦ
3312 485 3572 558 τεμένους
3625 487 3804 567 ἀρχι-

389 559 560 632 plena
608 557 912 614 miraculo.
963 555 1151 612 Unum
1198 568 1331 610 vero
1378 553 1656 608 duntaxat
1706 552 1849 608 mihi
1899 569 2033 625 pec-

386 663 552 705 casse
598 647 824 702 videtur
861 645 1088 702 delubri
1137 642 1506 706 architectus,
1547 642 1701 713 quod
1747 642 1806 698 in
1853 659 2032 699 unum

387 739 774 809 eamdemque
805 736 992 792 locum
1019 733 1283 805 pulchris
1315 731 1590 788 omnibus
1621 732 1936 805 congestis,
1959 733 2040 788 vi-

389 828 620 884 dentem
669 827 820 882 clare
869 825 1196 895 spectaculo
1241 823 1354 877 frui
1387 839 1501 878 non
1545 821 1705 888 sinit,
1733 821 1864 877 aliis
1894 823 2034 878 sub‘

382 915 520 974 inde
578 916 689 972 alio
753 914 1138 980 trahentibus,
1190 912 1566 983 vicissimque
1621 910 2032 981 avellentibus,

383 1023 487 1063 nec
520 1004 848 1062 sinentibus
879 1008 1161 1075 quantum
1193 1003 1326 1075 quis
1361 1001 1513 1072 velit,
1535 1002 1662 1072 ejus
1695 1001 1850 1072 quod
1881 1003 2036 1059 videt

383 1099 622 1166 aspectu
655 1094 878 1150 satiari.

454 1185 614 1248 Quod
659 1201 752 1240 me
791 1199 924 1240 vero
967 1182 1259 1255 prmteriil,
1307 1181 1680 1254 primumque
1719 1182 2031 1238 dicendum

381 1273 512 1330 fuit.
564 1273 778 1328 Verum
831 1289 902 1327 ne
958 1272 1106 1327 inter
1164 1272 1448 1326 orandum
1509 1271 1768 1342 quidem,
1830 1271 2034 1343 templi

380 1363 736 1419 miraculum
758 1379 893 1418 suas
914 1366 1178 1417 orantem
1205 1361 1358 1416 clare
1382 1365 1574 1431 partes
1596 1361 1829 1433 exsequi
1853 1361 1992 1417 sinit
2017 1378 2030 1416 :

375 1468 442 1508 ac
501 1468 641 1507 sane
701 1452 872 1506 modo
939 1449 1202 1505 dicturus
1261 1467 1408 1504 sum.
1468 1451 1530 1504 In
1593 1450 1721 1521 ipsa
1779 1465 2032 1521 namque

379 1540 666 1613 superiori
691 1540 924 1606 fornice,
948 1539 1134 1594 virilis
1161 1539 1350 1610 imago
1374 1539 1584 1594 Christi
1612 1541 1856 1595 formam
1881 1555 2030 1610 pra:-

379 1631 571 1686 ferens
591 1628 923 1700 lapillorum
954 1629 1112 1684 vario
1137 1629 1274 1683 ﬂore
1303 1629 1531 1700 depicta
1553 1628 1836 1684 enitescit.
1863 1628 2028 1684 Dixe-

379 1719 462 1776 ris
492 1723 706 1774 terram
743 1718 1090 1789 inspectare,
1121 1718 1362 1788 ejusque
1404 1721 1673 1773 ornatum
1718 1733 1784 1774 ac
1818 1718 2029 1788 guber-

377 1808 674 1864 nationem
708 1814 896 1862 mente
933 1807 1184 1879 agitare:
1209 1806 1292 1862 sic
1324 1812 1592 1862 accurate
1620 1805 1823 1878 pictor,
1858 1812 2025 1879 gestu

376 1913 443 1954 ex
491 1896 1150 1968 habitu,coloribusque
1195 1895 1478 1952 Creatoris
1523 1913 1659 1968 erga
1688 1912 1794 1952 nos
1834 1897 2032 1968 provi—

379 1986 637 2042 dentiam
693 2002 1036 2057 curamque,
1083 1987 1324 2043 numine
1374 1987 1718 2058 propensius
1768 1986 2027 2054 atﬂante,

373 2075 619 2132 afﬁnxit.
646 2076 1047 2148 Hemispheerii
1072 2075 1228 2132 circa
1257 2077 1481 2132 tholum
1514 2074 1750 2133 insectis
1771 2075 2025 2143 circulis,

375 2166 716 2238 angelorum
762 2183 1134 2224 communem
1179 2167 1520 2240 stipantium
1570 2167 1880 2222 Dominum
1925 2166 2026 2222 de-

375 2255 528 2328 picta
575 2256 936 2314 multitudo:
978 2275 1104 2329 quae
1155 2273 1287 2313 vero
1336 2257 1407 2314 ab
1450 2257 1649 2313 altaris
1692 2256 1817 2312 loco
1867 2255 2026 2327 apsis

377 2345 654 2418 assurgit,
689 2345 944 2418 Virginis
981 2346 1166 2402 forma
1207 2346 1577 2418 splendescit,
1622 2345 1808 2401 nostri
1849 2361 2028 2401 causa

374 2435 648 2507 expansis
673 2434 1034 2490 intemeratis
1071 2434 1363 2503 manibus,
1392 2451 1458 2490 ac
1489 2452 1614 2506 quae
1645 2435 1892 2493 salutem
1925 2437 2030 2494 im-

370 2523 619 2595 peratori
645 2527 898 2594 praestet,
933 2523 1221 2595 roburque
1245 2524 1315 2579 ad
1347 2522 1501 2580 bella
1534 2525 1756 2580 fortiter
1776 2529 2026 2596 gerenda

366 2609 451 2667 illi
475 2611 762 2666 conciliet.
787 2611 1202 2682 Apostolorum
1229 2611 1444 2670 chorus
1465 2617 1638 2684 atque
1663 2619 1976 2688 martyrum
2004 2633 2020 2685 ;

363 2716 502 2756 sane
548 2701 726 2756 etiam
773 2700 1185 2772 prophetarum
1229 2719 1295 2758 ac
1333 2703 1828 2775 patriarcharum,
1859 2721 2021 2776 egre-

365 2787 524 2860 gium
553 2789 770 2859 templo
800 2793 1088 2857 ornatum,
1122 2789 1280 2861 quod
1311 2791 1481 2862 pictis
1512 2791 1873 2863 imaginibus
1899 2795 2016 2850 im-

363 2877 580 2950 pleant,
623 2878 868 2935 afferunt
900 2896 913 2934 :
948 2879 1156 2935 horum
1201 2897 1354 2936 unus
1388 2881 1540 2953 quis,
1581 2883 1815 2939 tametsi
1856 2883 2012 2953 silet,

365 2967 581 3040 quibus
631 2967 770 3024 olim
826 2968 1056 3024 locutus
1113 2974 1219 3037 est,
1269 2970 1485 3027 clamat
1525 2989 1538 3028 :
1589 2976 1768 3042 Quam
1813 2975 2014 3030 dilecta

357 3057 715 3113 tabernacula
765 3061 881 3126 tua,
927 3059 1150 3115 Domine
1197 3059 1505 3116 virtutum!
1575 3061 1908 3134 concupiscit
1954 3069 2008 3119 et

355 3145 537 3217 deﬁcit
583 3148 763 3203 anima
804 3162 926 3204 mea
974 3149 1034 3204 in
1086 3151 1234 3205 atria
1283 3150 1504 3206 Domini
1536 3153 1576 3208 ί.
1617 3150 1776 3208 Alter
1823 3168 2002 3209 vero:

359 3237 530 3304 Quam
563 3239 840 3294 mirabilis
875 3247 952 3295 est
986 3238 1136 3296 locus
1166 3239 1271 3296 iste
1293 3243 1315 3296 !
1345 3257 1454 3298 non
1485 3245 1565 3298 est
1602 3243 1719 3310 hoc,
1751 3243 1865 3299 nisi
1903 3243 2008 3300 do-

355 3342 478 3381 mu:
513 3327 608 3381 Dei
639 3327 660 3362 ³
685 3367 698 3382 .
723 3327 980 3383 Succinit
1011 3333 1207 3384 autem
1236 3330 1382 3386 forte
1413 3329 1585 3399 alius,
1619 3332 1714 3404 qui
1749 3347 1852 3388 nec
1883 3331 2010 3404 ipse

359 3430 429 3470 ex
457 3416 688 3483 nostris,
723 3421 823 3472 aut
870 3418 1133 3488 probatis
1175 3419 1267 3483 sit,
1297 3420 1629 3490 invitusque
1677 3426 1874 3476 nostra
1903 3423 2004 3476 de-

361 3501 636 3573 pracdicat
665 3519 678 3556 :
715 3504 890 3571 Quam
929 3504 1172 3574 pulchrae
1206 3505 1398 3561 domus
1426 3509 1559 3572 tuae,
1587 3507 1748 3562 Iacob
1773 3524 1796 3571 ;
1822 3507 2004 3564 taber-

357 3591 563 3647 1.acula
609 3596 724 3659 tua,
775 3592 1005 3648 Israel!
1053 3594 1329 3664 Tanquam
1385 3593 1636 3665 paradisi
1689 3610 1854 3666 super
1896 3599 2008 3666 ﬂu-

360 3683 534 3749 mina,
572 3688 624 3736 ει
669 3679 811 3736 sicut
860 3681 1223 3738 tabernacula
1269 3699 1386 3754 qua
1433 3682 1558 3752 ﬁxit
1607 3688 1770 3755 Deus,
1801 3692 1850 3741 et
1895 3701 2004 3742 non

359 3769 519 3826 homo
541 3772 561 3806 ³
581 3811 595 3824 .

375 3912 386 3936 κ
427 3858 573 3917 Olim
597 3861 834 3932 quidem
860 3861 963 3918 Dei
984 3863 1347 3935 conspectori
1371 3862 1540 3929 Mosi,
1563 3863 1664 3919 Dei
1691 3865 1878 3937 ipsius
1903 3865 2005 3920 im-

358 3949 518 4022 perio
547 3951 990 4008 tabernaculum
1035 3953 1345 4011 excitatum
1378 3957 1486 4020 est,
1520 3955 1588 4009 ad
1625 3954 1848 4013 hostias
1887 3954 2003 4012 Deo

357 4039 766 4111 immolandas,
783 4059 848 4099 ac
871 4041 1066 4114 populi
1085 4044 1294 4101 delicta
1310 4044 1734 4115 expianda.8ed
1762 4051 1818 4102 et
1839 4045 2004 4104 Salo-

359 4131 518 4188 moni
551 4132 690 4204 regi,
717 4133 1002 4205 templum
1025 4133 1233 4190 deinde
1265 4134 1678 4208 Hierosolymis
1700 4136 2001 4193 conditum

356 4226 480 4292 est;
517 4239 664 4295 opus
694 4223 916 4280 scilicet
947 4227 1180 4295 aspectu
1214 4224 1570 4290 delectabile,
1595 4241 1660 4280 ac
1689 4227 1999 4298 ejusmodi,

354 4319 420 4370 ut
445 4314 720 4385 quidquid
744 4315 868 4383 ejus
885 4314 1112 4383 generis
1132 4329 1389 4385 unquam
1408 4315 1727 4385 exstiterat,
1749 4318 2004 4387 pulchri-

2143 552 2341 610 τὲκτων
2376 553 2824 634 διημαρτηκέναι,
2871 565 3060 642 ὅτιπερ
3092 569 3166 632 εἰς
3213 569 3307 627 ἓνα
3353 575 3442 630 καὶ
3489 579 3584 633 τὸν
3635 552 3800 637 αὐτὸν

2146 648 2327 719 χῶρον
2387 648 2500 720 ἅμα
2554 648 2724 706 πάντα
2773 653 3036 727 συλλέξας
3075 660 3144 714 τὰ
3185 661 3392 733 κάλλη,
3447 667 3548 722 οὐκ
3595 666 3655 738 ἐᾷ
3699 671 3795 724 τὸν

2149 735 2343 804 θεατὴν
2400 739 2649 813 καθαρῶς
2709 739 3035 821 ἐντρυφῆσαι
3080 753 3176 802 τοῦ
3249 753 3546 826 θεάματος,
3609 735 3803 814 ἄλλων

2143 823 2234 879 ἀπ’
2265 823 2450 882 ἄλλων
2479 828 2824 905 ἀφελκόντων
2854 855 2911 889 τε
2949 837 3040 890 καὶ
3093 844 3517 910 μετασπώντων’
3569 849 3663 902 καί
3717 851 3794 920 μὴ

2143 917 2622 992 παραχωρούντων
2652 921 2776 977 ὅσον
2810 915 2895 987 τις
2926 924 3098 982 ἐθέλει
3137 934 3234 984 τοῦ
3284 932 3565 1006 ὁρωμένου
3615 915 3801 1012 nep-£9;

2142 1007 2352 1064 νυσθαι.

2213 1185 2276 1238 '0
2321 1183 2378 1241 δέ
2429 1207 2494 1258 με
2550 1187 2884 1266 παρέδραμε,
2943 1195 3032 1249 καὶ
3091 1201 3304 1272 πρῶτον
3367 1201 3601 1278 ῥηθῆναι
3661 1203 3795 1266 ἔδει.

2142 1272 2298 1370 Αλλα
2327 1275 2430 1350 γὰρ
2460 1275 2576 1370 ούδ¹
2609 1279 2659 1333 ἐν
2691 1286 2812 1344 τοῖς
2847 1281 3039 1358 λόγοις
3071 1291 3169 1341 τοῦ
3199 1272 3461 1361 τεμένους
3487 1272 3551 1348 τὸ
3610 1297 3797 1370 θαῦμα

2141 1363 2370 1460 παρέχει
2401 1370 2478 1438 τῷ
2509 1365 2722 1444 λέγοντι
2768 1373 3038 1447 καθαρῶς,
3096 1376 3158 1430 τὸ
3210 1375 3349 1434 ἴδιον
3393 1379 3574 1437 τελεῖν
3616 1363 3796 1460 ἔργον⁹

2140 1452 2233 1552 καὶ
2281 1451 2346 1523 δὴ
2407 1459 2498 1510 νῦν
2552 1457 2847 1532 εἰρήσεται,
2895 1461 2980 1516 ἐπ’
3031 1463 3200 1536 αὐτῆς
3247 1469 3353 1542 γὰρ
3410 1477 3511 1540 τῆς
3561 1451 3803 1552 ripam-ig,

2142 1539 2482 1632 ανδρείκελος
2514 1546 2672 1602 εἰκὼν
2724 1553 2940 1628 μορφὴν
2990 1553 3224 1630 φέρουσα
3261 1539 3367 1612 ’τοῦ
3416 1539 3653 1632 Χριστοῦ
3677 1539 3798 1620 ,ποί

2142 1630 2392 1687 λυανθὲσι
2434 1638 2662 1713 ψηφῖσιν
2709 1637 3098 1715 ἐγγέγραπται.
3157 1646 3348 1710 Εἴποις
3381 1647 3439 1704 ἄν
3475 1651 3641 1708 αὐτὸν
3691 1656 3793 1725 τήν

2135 1727 2238 1793 γῆν
2274 1719 2492 1798 ἐφορᾷν,
2526 1726 2614 1781 καὶ
2662 1729 2760 1795 τήν
2807 1731 2930 1805 περὶ
2977 1734 3179 1806 ταύτης
3232 1733 3559 1796 διανοεῖσθαι
3609 1740 3792 1799 διακό-

2139 1811 2340 1882 σμησίν
2387 1834 2445 1868 τε
2491 1817 2581 1870 καὶ
2639 1813 2988 1890 κυϐέρνησιν·
3047 1823 3222 1886 οὕτως
3281 1824 3520 1902 ἀκριϐῶς
3579 1833 3607 1887 6
3667 1854 3797 1908 γρα-

2140 1900 2266 1999 ιρεὺς
2306 1901 2392 1956 καὶ
2428 1910 2569 1999 *τοῖς
2637 1910 2888 1982 σχήμασι
2945 1914 3045 1982 τήν
3101 1919 3199 1999 τοῦ
3255 1900 3610 1996 Δημιουργοῦ
3668 1900 3795 1999 περὲ

2137 1990 2306 2078 ἡμᾶς-
2346 1989 2676 2066 κηδεμονίαν
2745 1997 3001 2063 ἐπίπνους
3075 1998 3294 2078 γέγονεν
3344 1989 3791 2071 -ἐντυ-πῶσασθαι.

2136 2083 2260 2174 Τοῖς
2289 2076 2347 2174 δὲ
2379 2083 2498 2158 περὶ
2530 2084 2671 2174 αὐτῇ
2722 2087 2898 2165 ὀροφῇ
2945 2095 3041 2145 τοῦ
3090 2076 3450 2172 ἡμισφαιρίου
3498 2102 3787 2174 τμήμασιν

2136 2165 2698 2268 ἐγκύκλοιςκπληθὺς
2730 2176 2979 2252 ἀγγέλων
3011 2185 3090 2252 τῷ
3119 2165 3286 2256 κοινῶ
3333 2165 3581 2264 baca-61‘“
3604 2165 3791 2268 ⁷δορυ-

2135 2264 2428 2353 φοροῦντες
2460 2259 2966 2345 διαμεμόρφωνται.
3010 2274 3071 2328 Ἡ
3106 2269 3163 2327 δὲ
3193 2273 3300 2330 ἀπὸ
3339 2281 3435 2332 τοῦ
3483 2259 3783 2353 θυσιαστη-

2135 2345 2256 2420 ρίου
2316 2351 2697 2444 ἀνεγειρομένη
2761 2357 2908 2431 ἁψὶς,
2968 2365 3036 2434 τῇ
3099 2367 3284 2438 μορφῇ
3343 2373 3445 2436 τῆς
3500 2345 3780 2444 Παρθὲνόυ

2133 2439 2644 2512 περιαστράπτεται,
2703 2444 2797 2506 τὰς
2847 2447 3150 2521 ἀχράντους
3190 2456 3381 2526 χεῖρας
3445 2439 3790 2532 ὑπὲρ-ἡμῶν

2136 2524 2500 2601 ἐξαπλούσης,
2530 2532 2620 2586 καὶ
2650 2535 3029 2608 πραττομένης
3069 2543 3149 2611 τῷ
3182 2524 3405 2614 βασέλεῖ
3447 2524 3559 2614 τήν.
3598 2524 3785 2619 σῶτη-

2135 2615 2277 2710 ρίαν,
2328 2617 2426 2710 ’καὶ
2486 2621 2606 2676 κατ’
2661 2621 2872 2697 ἐχθρῶν
2949 2625 3430 2703 ἀνδραγαθήματα.
3485 2635 3665 2710 Χορὸς
3726 2615 3788 2694 δὲ

2131 2704 2457 2763 ἀποστόλων
2489 2711 2575 2764 καὶ
2615 2712 2927 2788 μαρτύρων’
2959 2715 3044 2770 ναὶ
3097 2713 3164 2786 δὴ
3205 2719 3296 2773 καὶ
3343 2704 3642 2798 προφητῶν
3696 2728 3791 2781 καὶ

2130 2803 2510 2871 πατριαρχῶν,
2543 2799 2672 2855 ὅλον
2703 2799 3044 2878 πληροῦντες
3073 2813 3196 2870 ταῖς
3229 2807 3398 2865 εἰκόσι
3445 2813 3506 2866 τὸ
3555 2813 3788 2888 τέμενος

2131 2885 2530 2960 ἐξωραὶζουσιν·
2563 2891 2636 2944 ὧν
2667 2892 2695 2946 6
2731 2894 2825 2965 μὲν
2874 2895 2963 2948 καὶ
3005 2901 3192 2972 σιγῶν⁶
3235 2895 3306 2952 δι’
3347 2901 3420 2954 ὧν
3467 2885 3635 2958 πάλαι
3687 2905 3786 2960 ἀν-

2122 2976 2434 3066 εφθέγξατο,
2499 2979 2618 3066 βοᾷ·
2681 2981 2768 3044 Ὠς
2828 2982 3078 3058 ἀγαπητὰ
3135 2987 3204 3042 τὰ
3260 2991 3589 3064 σκηνώματά
3645 3014 3778 3066 σου,

2037 3114 2081 3178 C
2122 3063 2283 3140 Κύριε
2343 3071 2450 3122 τῶν
2516 3065 2791 3144 δυνάμεων
2848 3073 2862 3128 ί
2929 3073 3182 3131 ἐπιποθεῖ
3242 3078 3335 3134 καὶ
3425 3063 3664 3138 ἐκλείπει

2122 3156 2232 3178 λη--
2262 3158 2275 3178 Ι
2521 3158 2535 3178 9
2657 3159 2671 3178 \
2814 3160 2859 3178 ,Κ
2885 3161 2900 3178 \
3059 3168 3086 3178 ..ι
3148 3174 3187 3178 --
3271 3165 3283 3178 ι
3430 3173 3469 3178 -,
3545 3168 3597 3178 ιι
3687 3175 3698 3178 -

2121 3156 2275 3231 ψυχή
2339 3177 2443 3230 μου
2491 3158 2566 3222 εἰς
2614 3159 2710 3223 τὰς
2770 3160 2937 3225 αύλᾶς
2993 3168 3090 3220 τοῦ
3148 3165 3370 3242 Κυρίου.
3430 3173 3485 3225 '0
3543 3168 3621 3226 δέ’
3683 3175 3780 3237 Ὧς

2120 3244 2428 3318 θαυμαστὸς
2483 3247 2510 3302 6
2570 3248 2737 3312 τόπος
2803 3251 3010 3313 οὗτοςί
3072 3255 3175 3310 οὐκ
3227 3250 3339 3312 ἔστι
3396 3263 3581 3330 τοῦτο,
3637 3261 3772 3319 ἀλλ’

2118 3331 2152 3400 ἢ
2186 3337 2337 3395 οἶκος
2397 3340 2553 3391 Θεοῦο
2604 3338 2901 3416 Ἐπιφωνεῖ
2950 3337 3006 3396 δέ
3055 3364 3136 3406 τις
3185 3343 3315 3407 ἴσως
3365 3346 3454 3402 καὶ
3503 3354 3613 3404 τῶν
3662 3351 3772 3426 οὐχ

2115 3425 2400 3501 ἡμετέρων
2435 3424 2552 3482 οὐδ’
2591 3426 3069 3506 ἐγγεγραμμένων,
3102 3436 3192 3490 καὶ
3240 3435 3389 3492 ἄκων
3444 3437 3771 3512 ἐπιθειάζων

2113 3515 2180 3571 τὰ
2231 3515 2491 3591 ἡμέτερα·
2553 3521 2641 3580 Ὠς
2690 3517 2851 3574 καλοί
2937 3543 3032 3576 σου
3097 3525 3148 3578 οἱ
3209 3527 3375 3598 οἶκοι,
3436 3525 3655 3601 Ἰακὼϐ,
3713 3533 3774 3586 αἱ

2116 3607 2308 3676 σκηναί
2365 3627 2480 3677 σου,
2538 3608 2808 3682 Ἰσραήλῑ
2871 3611 2998 3666 ὡσεὶ
3077 3613 3397 3689 παράδεισοι
3454 3617 3543 3674 ἐπὶ
3595 3640 3779 3677 ποτα-

2117 3701 2282 3770 μοὺς,
2339 3697 2430 3751 καὶ
2475 3698 2548 3761 ὡς
2595 3699 2650 3753 αἱ
2698 3699 2889 3771 σκηναὶ
2937 3700 3000 3766 ἃς
3063 3699 3253 3775 ἔπηξεν
3311 3708 3339 3762 6
3394 3706 3616 3783 Κύριος,
3674 3713 3769 3767 καὶ

2114 3787 2217 3842 οὐκ
2245 3788 2336 3842 ἄνθ
2346 3807 2548 3862 ρωπος.

2183 3874 2361 3932 Πάλαι
2397 3877 2490 3949 μὲν
2523 3874 2614 3932 οὖν
2641 3884 2722 3952 τῷ
2757 3878 2956 3955 θεόπτῃ
2991 3887 3163 3957 Μωσῇ
3196 3885 3327 3959 θείῳ
3377 3887 3764 3962 προστάγματι

2110 3967 2284 4038 σκηνή
2316 3966 2726 4024 κατεσκεύαστο’
2777 3969 2963 4026 θυσίαν
3010 3993 3070 4026 τε
3122 3974 3277 4029 θῦσαι
3325 3979 3440 4048 Θεῷ
3486 3976 3764 4051 ἁμαρτίας

2110 4055 2476 4128 ἐξιλάσασθαι.
2535 4057 2635 4112 Καὶ
2691 4064 2770 4132 τῷ
2831 4059 3160 4135 Σολομῶντι
3223 4060 3278 4118 δὲ
3337 4063 3558 4139 βασιλεῖ
3614 4067 3646 4122 6
3703 4066 3760 4122 ἐν

2109 4145 2517 4222 Ἱεροσολύμοις
2568 4146 2694 4209 ναὸς
2741 4145 2962 4225 ὕστερον
3009 4152 3239 4226 τερπνόν
3287 4174 3337 4207 τι
3399 4160 3616 4233 χρῆμα,
3665 4157 3760 4210 καὶ

2111 4237 2314 4298 πάντας
2357 4235 2483 4300 τοὺς
2531 4235 2835 4313 ἔμπροσθεν
2875 4244 2956 4311 τῷ
3001 4239 3198 4297 κάλλει
3248 4243 3337 4297 καὶ
3392 4245 3628 4318 μεγέθει,
3667 4247 3760 4301 καὶ

2111 4331 2179 4402 τῇ
2210 4324 2540 4398 πολυτελείᾳ
2585 4326 3061 4404 ἀποκρυψάμενος.
3111 4329 3270 4388 Ἀλλ’
3317 4334 3440 4388 ὅσον
3490 4334 3614 4389 σκιᾶ
3665 4337 3760 4390 καὶ

348 4405 576 4468 tudine,
601 4403 1020 4473 magnitudine,
1048 4404 1503 4473 sumptuositate
1531 4405 1700 4478 longe
1727 4409 2002 4464 obscura-

2129 4415 2280 4478 τύπος
2337 4413 2597 4485 ἀληθείας
2654 4417 2744 4471 καὶ
2795 4419 3134 4493 πραγμάτων
3195 4420 3375 4477 αὐτῶν
3424 4417 3762 4494 ὑποϐέϐηκε,

349 4496 455 4549 ret.
489 4491 792 4545 Enimvero
831 4493 1115 4560 quantum
1155 4491 1397 4547 fortasse
1428 4493 1637 4548 umbra
1666 4499 1723 4550 et
1751 4496 1934 4567 figura
1965 4516 1998 4553 a

347 4580 586 4636 veritate
618 4578 909 4650 rebusque
939 4578 1084 4650 ipsis
1119 4579 1365 4649 decedit,
1401 4585 1629 4637 tantum
1661 4583 1759 4638 illa
1785 4603 1817 4640 a
1848 4590 1998 4642 tem—

347 4669 466 4742 plo,
499 4671 653 4742 quod
676 4685 834 4728 nunc
865 4668 1050 4726 ﬁdelis
1071 4685 1438 4742 magnusque
1458 4671 1772 4744 imperator
1803 4680 1996 4734 noster

347 4761 627 4818 exstruxit
670 4778 685 4819 :
736 4779 850 4818 non
883 4778 950 4820 eo
997 4762 1280 4819 duntaxat
1325 4762 1581 4832 nomine,
1631 4766 1784 4836 quod
1839 4767 1994 4826 istud

347 4851 544 4923 gratis:
573 4867 641 4908 ac
671 4851 913 4925 spiritus
943 4857 1054 4923 est,
1086 4851 1188 4910 illa
1217 4851 1363 4926 legis
1398 4856 1575 4926 atque
1605 4853 1812 4913 litteras
1841 4876 1857 4927 ;
1890 4859 1992 4915 sed

344 4942 501 5014 quod
539 4941 716 5000 etiam
750 4943 1188 5016 pulchritudine
1227 4960 1296 5001 ac
1323 4942 1547 5016 reliqua
1585 4945 1725 5003 artis
1756 4947 1998 5005 concin-

343 5033 523 5093 nitate
571 5033 968 5108 elegantisque
1023 5051 1138 5108 pris
1188 5033 1308 5093 illis
1365 5037 1574 5093 merito
1622 5037 1839 5110 primas
1890 5041 1994 5098 ob-

341 5123 510 5183 tinet.

413 5214 623 5286 Ecquis
689 5229 822 5272 vero
882 5215 1040 5271 brevi
1093 5215 1232 5272 adeo
1297 5219 1556 5288 tempore
1624 5216 1992 5276 celeberrimi

341 5303 545 5375 templi
592 5303 871 5361 miracula
917 5307 1099 5361 tentet
1136 5305 1396 5362 oratione
1441 5323 1822 5380 percurrere;
1855 5324 1992 5366 cum

341 5411 446 5452 nec
476 5397 670 5468 ipsum
714 5395 927 5464 visum,
960 5395 1060 5450 diu
1093 5394 1464 5469 multumque
1507 5396 1768 5469 legendo,
1802 5415 1993 5470 quan-

341 5501 514 5558 quam
562 5499 768 5542 sensus
815 5484 1070 5558 reliquos
1113 5485 1377 5542 celeriori
1420 5491 1582 5544 motu
1614 5487 1780 5561 longe
1820 5505 1988 5546 exsu-

2105 4510 2362 4562 τοσοῦτον
2412 4505 2588 4562 ἒκεῖνα
2633 4511 2728 4563 τοῦ
2783 4513 2873 4563 νῦν
2925 4508 3442 4585 ἐξοικοδομηθέντος
3499 4519 3633 4570 ναοῦ
3681 4519 3764 4588 τῷ

2105 4597 2283 4665 πιστῷ
2313 4594 2398 4647 καὶ
2438 4591 2657 4668 μεγάλῳ
2691 4592 2906 4669 βασιλεῖ
2947 4597 3129 4669 ἡμῶν·
3181 4599 3288 4675 οὐχ
3337 4597 3419 4654 ὅτι
3452 4599 3480 4655 6
3513 4601 3607 4674 μὲν
3658 4604 3762 4670 τῆς

2106 4683 2332 4758 χάριτος
2357 4683 2449 4738 καὶ
2479 4687 2580 4738 τοῦ
2609 4685 2938 4757 πνεύματος,
2967 4687 3036 4740 τὰ
3074 4683 3131 4742 δὲ
3175 4692 3272 4742 τοῦ
3321 4687 3494 4764 νόμου
3537 4690 3628 4746 καὶ
3659 4696 3762 4747 τοῦ

2104 4772 2454 4847 γράμματος,
2485 4769 2613 4827 ἀλλ’
2645 4770 2727 4828 ὅτι
2759 4772 2848 4828 καὶ
2876 4777 2954 4846 τῷ
2981 4771 3200 4844 κάλλει,
3231 4777 3321 4831 καὶ
3359 4780 3429 4851 τῇ
3473 4775 3623 4850 ἄλλῃ
3675 4801 3762 4836 τε-

2106 4859 2372 4937 χνουργία
2399 4861 2485 4916 καὶ
2520 4857 2814 4933 δεξιότητι,
2843 4859 2910 4917 τὰ
2929 4858 3153 4940 δεύτερα
3181 4861 3426 4942 φέρουσι.

2175 5217 2276 5275 Καὶ
2305 5219 2360 5274 τί
2393 5216 2454 5274 ἅν
2496 5239 2581 5281 τις
2619 5218 2671 5276 ἐν
2720 5220 2864 5276 οὕτω
2919 5221 3118 5297 βραχεῖ
3162 5222 3229 5278 τά
3255 5225 3358 5278 τοῦ
3385 5225 3754 5299 περιωνύμου

2100 5309 2356 5384 τεμένους
2425 5308 2575 5386 λόγῳ
2641 5315 2889 5385 πειρᾶται
2976 5311 3356 5388 περιέρχεσθαι
3434 5312 3690 5388 θαύματα
3741 5333 3758 5388 ;

2101 5398 2238 5456 ὅπου
2267 5421 2326 5474 γε
2359 5397 2475 5454 οὐδ’
2522 5401 2661 5469 αὐτή
2706 5402 2740 5470 ἡ
2795 5398 2918 5474 ὄψις
2971 5398 3085 5456 οὐδ’
3133 5399 3219 5456 ἐπὶ
3272 5403 3474 5478 συχνὸν
3525 5404 3758 5483 χρόνον,

2099 5489 2277 5545 καίτοι
2307 5491 2402 5552 τὰς
2428 5487 2604 5552 ἄλλας
2653 5488 2927 5560 αἰσθήσεις
2975 5494 3053 5562 τῷ
3099 5491 3255 5567 τάχει
3304 5495 3531 5549 κατόπιν
3585 5492 3762 5572 ἄγου-

407 5685 582 5776 ξΡεει.
616 5701 846 5755 Lxxxm,
877 5686 931 5743 2.
1007 5684 1029 5718 ²
1056 5682 1197 5742 Gen.
1228 5699 1420 5754 xxvm,
1456 5683 1542 5742 17.
1619 5688 1640 5722 ³
1669 5687 1844 5746 Num.
1876 5703 2032 5760 xxxv,
2061 5687 2114 5743 5.
