4090 6228
393 329 515 389 573

1074 329 1414 394 HOMILIA
1458 331 1562 392 III.
1608 363 1686 377 --
1727 331 1804 392 IN
1851 330 2379 392 DEDICATIONE
2424 331 2667 396 ΝονιΕ
2714 337 3122 402 BASILIC/E.

3676 343 3793 406 574

398 487 486 536 σα,
544 458 932 520 ἀντιλαϐέσθαι
980 465 1184 520 τούτων
1245 462 1501 538 οὐδαμῶς
1575 464 1860 542 ἐλέγχεται
1918 485 2028 520 κατε

2164 481 2342 538 perat,
2376 467 2496 524 haec
2523 469 2668 526 satis
2697 473 2990 544 percipere
3010 492 3179 546 posse
3214 494 3279 534 ac
3306 481 3793 552 comprehendere

400 555 690 632 ισχύουσα.
723 552 907 627 Χαίρω
937 557 1073 627 γοῦν
1103 549 1208 628 ἔγω
1237 576 1297 631 γε
1329 554 1480 610 οὐδὲν
1530 556 1723 625 ἦττον,
1772 554 1816 608 εί
1862 554 1951 609 καὶ
1981 556 2042 609 τὸ

395 645 624 703 ἔλαττον
660 644 688 698 ὁ
721 640 890 719 λόγος
935 643 1302 718 ἀπηνέγκατο,
1335 647 1370 716 ἢ
1404 644 1448 699 εἷ
1492 645 1582 699 καὶ
1631 645 1766 718 πρὸς
1817 644 1950 698 αὐτὸ
1981 644 2042 699 τὸ

397 739 604 813 μέτρον
651 741 753 804 τῆς
795 742 992 801 ἱκανῶς
1038 737 1276 813 ἐχούσης
1323 736 1544 813 ἀφίκετο
1595 733 1924 811 διηγήσεως.
1970 734 2042 789 Οὐ

393 831 500 906 γὰρ
532 835 632 899 τῆς
665 829 720 885 ἐν
760 829 914 905 λόγῳ
947 827 1228 900 δυνάμεως
1269 824 1546 899 ἐπίδειξιν,
1577 823 1726 880 ἀλλά
1754 824 1815 879 τό
1842 822 2042 880 κάλλι-

394 917 522 974 στόν
555 939 612 974 τε
657 921 790 974 εἶναι
834 920 926 975 τὸν
969 917 1094 972 ναὸν
1140 918 1228 971 καὶ
1277 915 1632 991 ὡραιότατον,
1676 914 1767 969 καὶ
1809 917 2045 968 νικῶντα

393 1008 602 1083 νόμους
634 1008 968 1086 ἐκφράσεως,
1000 1012 1344 1083 παραστῆσαι
1373 1003 1720 1080 προῄρημαι.

469 1186 644 1244 Ἀλλά
676 1190 922 1264 μοιπρὸς
957 1189 1012 1243 σίε
1044 1189 1071 1242 ὁ
1091 1190 1188 1242 τοῦ
1219 1186 1386 1260 λόγου
1418 1182 1645 1259 δρόμος,
1675 1184 1765 1238 τὸν
1792 1187 1889 1239 τοῦ
1913 1181 2042 1237 συλ-

390 1277 566 1353 λόγου
633 1277 824 1348 αἴτιον,
881 1278 1338 1354 ἐπιστρεφόμενος
1391 1272 1670 1330 ἰθυνέσθω.
1719 1278 1887 1346 Χαῖρε
1927 1293 2045 1327 τοι-

388 1371 620 1441 γαροῦν,
678 1367 723 1421 ὦ
784 1366 1012 1443 βασιλεῦ
1067 1366 1449 1442 θεωχαρίτωτε
1500 1363 1592 1418 καὶ
1637 1361 2038 1441 θεοφιλέστατε,

387 1456 481 1511 καὶ
543 1455 887 1527 ἀνακαινίζου
937 1457 1034 1525 τὴν
1079 1456 1216 1510 κατά
1262 1475 1320 1509 τε
1375 1458 1535 1527 σῶμα
1589 1451 1680 1508 καὶ
1731 1453 1915 1528 ψυχὴν
1958 1451 2040 1506 ἐπ’

390 1541 576 1620 ἔργοις
608 1545 831 1623 ἀγαθοῖς
862 1544 1120 1619 ἀκμάζων
1166 1545 1414 1615 νεότητα·
1474 1547 1572 1598 τοῦ
1601 1563 1659 1597 τε
1688 1542 2037 1617 περιωνύμου

385 1640 547 1706 ναοῦ,
577 1637 665 1691 καὶ
697 1643 798 1706 τῆς
829 1643 929 1705 σῆς
963 1635 1149 1713 σοφίας
1178 1630 1352 1710 ἔργων
1384 1633 1472 1688 καὶ
1523 1633 1708 1711 χειρὸς
1760 1634 2032 1708 ἑορτάζων

383 1726 460 1782 τά
514 1723 777 1801 ἐγκαίνια.
837 1728 1091 1793 Ἔντεινε,
1160 1725 1250 1779 καὶ
1322 1720 1637 1793 κατευοδοῦ,
1718 1722 1808 1776 καὶ
1882 1721 2033 1796 βασί-

390 1814 540 1892 λευε,
597 1813 772 1871 ἕνεκεν
826 1814 1086 1886 ἀληθείας
1130 1813 1218 1868 καὶ
1269 1812 1576 1888 πραότητος
1631 1811 1722 1867 καὶ
1768 1809 2040 1867 δικαιοσύ-

385 1925 513 1975 νης.
545 1901 766 1980 Ὃδηγεῖ
796 1906 922 1982 γάρ,
954 1905 1030 1966 ὡς
1074 1901 1270 1958 ἔνεστιν
1319 1900 1452 1957 ἰδεῖν
1491 1901 1749 1978 ἐναργῶς,
1805 1901 1893 1956 καὶ
1946 1897 2037 1955 ὁδο

385 1995 586 2066 ητιςσει
619 2015 676 2048 σε
706 1995 740 2064 ἡ
772 1997 868 2048 τοῦ
898 1992 1146 2067 Ὑψίστου
1178 1989 1323 2062 δεξιά
1349 1995 1446 2046 τοῦ
1484 1989 1762 2051 κτίσαντός
1821 2011 1898 2060 σε,
1947 1989 2037 2045 καὶ

387 2080 442 2153 ἐξ
503 2081 681 2138 αὐτῶν
733 2084 1056 2159 σπαργάνων
1125 2081 1202 2143 εἷς
1264 2079 1492 2155 βασιλέα
1547 2080 1642 2135 τοῦ
1688 2078 1890 2134 οἰκείου
1947 2077 2037 2132 καὶ

392 2172 711 2245 περιουσίου
753 2171 890 2228 λαοῦ
946 2171 1262 2248 χρίσαντος.
1324 2168 1716 2248 Συνευφραίνου
1771 2168 1862 2223 καὶ
1911 2189 2036 2222 συν-

385 2261 734 2332 ανακαινίζου
764 2263 853 2317 καὶ
886 2261 1068 2332 αὐτὸς,
1113 2267 1220 2316 τῶν
1265 2261 1424 2324 ὅσους
1468 2259 1624 2329 ἣλιος
1676 2255 1853 2314 ἐπεῖδε
1906 2265 2034 2314 Και-

389 2352 572 2426 σάρων
620 2353 684 2407 τὸ
733 2349 1189 2428 έγκαλλώπισμα,
1233 2350 1394 2428 σοφίᾳ
1434 2370 1492 2404 τε
1520 2348 1609 2404 καὶ
1658 2347 1859 2404 συνέσει
1907 2349 2036 2412 τοὺς

379 2436 689 2514 ’ἔμπροσθεν
746 2437 1188 2515 παρευδοκιμῶν
1262 2440 1352 2494 καὶ
1425 2443 1505 2510 τῷ
1558 2437 1672 2509 θείᾳ
1729 2459 1784 2492 σε
1839 2441 2030 2518 ψήφῳ,

385 2528 536 2585 ἀλλά
586 2532 662 2603 μή
714 2528 1226 2605 σπουδαρχήσαντα,
1277 2526 1406 2601 μηδ’
1463 2529 1828 2604 ἀνθρωπίναις
1873 2549 2029 2603 περι-

384 2615 619 2692 δρομαῖς
667 2620 766 2688 τὴν
808 2617 1147 2690 τηλικαύτην
1194 2619 1372 2694 ἀρχὴν
1420 2616 1785 2690 ἀναδέξασθαι.
1837 2625 2030 2672 Συνευ·

384 2707 617 2783 φραίνου
663 2708 841 2764 τοίνυν
899 2709 989 2765 καὶ
1048 2709 1489 2777 συνανακαινίζου
1548 2711 1626 2779 τῷ
1688 2706 1923 2782 μέτοχόν
1973 2729 2030 2763 σε

380 2798 783 2876 προσειληφότι
825 2799 914 2854 καὶ
966 2799 1227 2854 κοινωνὸν
1260 2804 1360 2866 τῆς
1410 2795 1688 2872 βασιλείας
1735 2794 1822 2850 ἐπὶ
1871 2802 2025 2872 κοινῇ

374 2907 438 2943 τε
467 2887 710 2960 σωτηρίᾳ
737 2888 846 2943 τῶν
884 2887 1236 2966 ἀρχομένων,
1274 2887 1365 2941 καὶ
1394 2885 1554 2955 ἀξίως
1591 2891 1690 2955 τῆς
1741 2885 1816 2947 εἷς
1866 2885 2024 2941 αὐτὸν

377 2976 595 3037 εὐνοίας
653 2977 742 3031 καὶ
797 2974 1196 3051 ἀψευδεστάτης
1248 2977 1596 3051 ἀγαπήσεως.
1648 2976 1745 3028 Διὰ
1790 2974 1894 3049 γάρ
1924 2983 2027 3046 τῆς

378 3066 644 3141 ὑμετέρας
693 3063 888 3129 δυάδος
946 3069 980 3137 ἡ
1041 3067 1200 3142 Τριάς
1244 3060 1477 3126 εὐσεϐῶς
1540 3065 1909 3141 λατρευομένη
1967 3085 2026 3120 τε

372 3157 466 3210 καὶ
497 3157 975 3230 προσκυνουμένη,
1020 3157 1118 3226 τὴν
1157 3157 1350 3221 ἑαυτῆς
1394 3153 1652 3230 πρόνοιαν
1696 3154 1774 3216 εἰς
1819 3153 2025 3217 πάντας

376 3244 688 3316 ἰξαπλοῦσά
715 3266 772 3300 τε
800 3244 891 3300 καὶ
933 3241 1424 3321 διαπορθμεύουσα,
1477 3247 1658 3323 σοφῶς
1707 3241 2025 3315 πηδαλιου-

369 3340 469 3413 χεῖ
496 3337 588 3390 καὶ
620 3331 944 3411 διακυϐερνᾷ
969 3337 1034 3392 τὸ
1066 3336 1332 3407 ὑπήκοον.

445 3425 677 3499 Χαίρετε
714 3427 805 3480 καὶ
849 3426 1026 3498 ὑμεῖς,
1058 3425 1104 3479 ὦ
1131 3431 1230 3494 τῆς
1283 3421 1494 3500 βουλῆς
1547 3423 1799 3500 Πατέρες,
1849 3423 2022 3480 πολιά

371 3515 546 3587 σεμνὴ
580 3513 670 3569 καὶ
701 3512 1009 3586 αἰδέσιμος,
1041 3517 1217 3584 πιστῷ
1251 3513 1340 3568 καὶ
1389 3511 1611 3588 μεγάλῳ
1657 3515 1875 3589 βασιλεῖ
1928 3515 2015 3570 καὶ

368 3598 638 3676 σεϐαστῷ,
699 3601 1258 3676 συνανακαινιζόμενοι
1309 3605 1559 3676 Καίσαρι,
1607 3607 1702 3658 τοῦ
1753 3603 2018 3678 περιωνύ-

371 3695 484 3765 μὸυ
516 3696 647 3748 ναοῦ
679 3693 1092 3768 συνεορτάζοντι
1144 3693 1211 3748 τὰ
1254 3691 1666 3769 έγκαινίσματα.
1717 3695 1911 3770 Χαίρει
1961 3692 2015 3752 δὲ

362 3783 458 3836 καὶ
520 3783 958 3859 συνευφραίνεται
1041 3782 1131 3836 καὶ
1191 3781 1314 3836 ὅσον
1385 3783 1756 3859 ἱεροφαντικόν
1813 3804 1871 3838 τε
1926 3785 2014 3840 καὶ

361 3869 674 3946 ἀρχιερέων
705 3871 1010 3946 πλήρωμα,
1045 3871 1244 3927 οἰκεῖον
1272 3869 1436 3935 κλέος
1464 3871 1553 3926 καὶ
1600 3871 1865 3948 καύχημα
1913 3875 2013 3942 τήν

359 3965 466 4017 τοῦ
491 3965 628 4017 ναοῦ
655 3963 980 4036 ποιούμενοι
1008 3958 1349 4039 καθιέρωσιν’
1385 3960 1606 4040 χαίρετε
1654 3959 1711 4018 δὲ
1757 3962 1845 4019 καὶ
1877 3985 2010 4041 συγ-

363 4052 627 4128 χορεύετε
691 4052 781 4108 καὶ
844 4053 1022 4126 ὑμεῖς,
1087 4054 1134 4107 ὦ
1201 4052 1504 4108 ὑπόλοιπον
1584 4054 1675 4110 καὶ
1752 4052 2008 4127 φιλόθεον

360 4143 664 4215 ἄθροισμα,
695 4140 869 4198 ἄλλον
912 4143 1140 4216 οὐρανὸν
1193 4143 1424 4218 ὁρῶντες
1475 4141 1562 4198 ἐπὶ
1619 4150 1720 4218 γῆς
1766 4145 1860 4200 τὸν
1911 4153 2010 4215 τῆς

357 4229 645 4304 Παρθένου
720 4231 846 4286 ναὸν
930 4231 1372 4305 ἐγκαινιζόμενον
1450 4234 1710 4308 σήμερον
1771 4233 1840 4302 ἧς
1887 4240 2006 4296 ταῖς

350 4314 679 4395 πρεσϐείαις
717 4320 984 4396 τύχοιμεν
1020 4322 1249 4383 ἅπαντες
1279 4323 1369 4377 καὶ
1405 4329 1505 4393 τῆς
1560 4324 1825 4397 μακαρίας
1873 4322 2006 4379 ἐκεί-

346 4431 460 4480 νης
506 4411 595 4464 καί
653 4408 1018 4482 ἀτελευτήτου
1076 4413 1305 4487 χάριτος
1354 4413 1444 4467 καὶ
1491 4411 1895 4490 ἀγαλλιάσεως,
1953 4413 2007 4469 ἐν
2040 4435 2087 4500 D

346 4497 583 4572 Χριστῷ
615 4498 792 4568 Ἰησοῦ
822 4504 902 4572 τῷ
933 4501 1118 4574 Κυρίῳ
1147 4502 1334 4571 ἡμῶν,
1378 4522 1424 4574 ῳ
1452 4502 1487 4570 ἠ
1521 4498 1647 4572 δόξα
1677 4501 1852 4557 καὶτὸ
1880 4503 2008 4576 κρά-

346 4605 479 4653 τος,
511 4588 603 4638 νῦν
633 4586 724 4640 καὶ
754 4585 858 4656 ἀεὶ,
889 4587 980 4641 καὶ
1011 4588 1088 4649 εἰς
1118 4587 1246 4652 τοὺς
1274 4588 1494 4652 αἰῶνας.
1525 4591 1725 4664 Ἀμήν.

431 4821 454 4855 ⁴
484 4821 765 4890 Peal.cu,
793 4823 849 4881 5.
926 4823 948 4859 ⁵
973 4823 1128 4882 Psal.
1160 4841 1308 4896 κων,
1339 4826 1392 4881 5.

2153 573 2390 627 prorsus
2411 558 2645 630 liqueat.
2672 561 2826 616 Nihil
2847 564 3044 636 itaque
3071 566 3292 622 minore
3313 569 3524 639 gaudio
3548 572 3788 642 alliciar,

2155 661 2490 717 quanquam
2522 650 2672 706 victa
2703 653 2883 708 oratio
2915 659 3025 722 est,
3065 672 3240 727 quam
3284 657 3335 712 si
3367 657 3463 714 illa
3511 660 3580 714 ad
3615 661 3788 730 justa

2153 737 2392 791 modum
2425 739 2794 808 narrationis,
2829 758 2948 799 rem
2980 745 3124 801 satis
3155 752 3428 803 exsecuta
3457 754 3630 805 esset.
3664 753 3787 806 Non

2151 825 2306 881 enim
2329 826 2438 883 hoc
2459 828 2651 885 animo
2676 832 3084 901 constitutum,
3110 841 3172 890 ut
3194 837 3425 893 dicendi
3450 839 3567 895 vim
3594 843 3788 896 osten-

2153 919 2358 980 tarem,
2386 918 2483 972 sed
2505 922 2566 974 ut
2584 920 2864 990 templum
2888 923 3348 993 pulcherrimum
3367 943 3492 983 esse
3512 946 3576 984 ac
3595 946 3778 985 venu-

2151 1004 2495 1075 stissimum,
2555 1008 2841 1081 longeque
2887 1012 3296 1084 descriptionis
3349 1015 3503 1087 leges
3552 1019 3781 1074 vincere

2151 1110 2278 1150 com
2287 1112 2390 1166 pro
2400 1096 2617 1152 berem.

2222 1187 2308 1242 Ad
2343 1194 2394 1242 te
2434 1189 2750 1256 enimvero,
2787 1192 2884 1262 qui
2925 1197 3246 1251 conventus
3289 1201 3492 1252 auctor
3533 1197 3783 1266 exsistis,

2151 1291 2276 1332 sese
2327 1277 2605 1335 orationis
2644 1295 2855 1336 cursus
2883 1298 3045 1337 verso
3080 1284 3306 1339 tramite
3330 1285 3558 1356 dirigat.
3584 1288 3786 1346 Gaude

2148 1363 2365 1438 itaque,
2394 1367 2706 1438 imperator
2735 1371 2848 1426 Deo
2879 1372 3207 1443 gratissime
3229 1390 3295 1432 ac
3322 1375 3784 1448 religiosissime,

2151 1458 2206 1508 et
2237 1471 2510 1513 renovare
2555 1463 2782 1530 vegeta,
2835 1465 2960 1515 tum
3009 1465 3286 1532 corpore‘
3329 1468 3455 1520 tum
3499 1469 3774 1537 operibus

2145 1541 2335 1610 bonis,
2385 1545 2716 1618 juventute,
2777 1549 2878 1620 qui
2939 1550 3300 1607 celeberrimi
3358 1555 3567 1626 templi
3635 1561 3782 1612 tuaa-

2145 1649 2260 1703 que
2288 1634 2585 1705 sapientia:
2608 1654 2672 1692 ac
2705 1655 2934 1708 manus,
2961 1657 3201 1711 operum
3225 1644 3480 1699 encaenia
3508 1645 3652 1716 agis.
3677 1647 3778 1700 In~

2144 1723 2324 1792 lende,
2348 1741 2608 1796 prospere
2641 1727 2868 1795 procede
2895 1733 2946 1782 et
2981 1745 3146 1800 regna
3162 1747 3185 1793 ,°
3225 1741 3449 1802 propter
3487 1736 3784 1790 veritatem

2069 1802 2188 1867 Bet
2221 1814 2696 1870 mansuetudinem
2728 1821 2782 1872 et
2810 1817 3098 1886 justitiam
3121 1819 3162 1874 ⁵.
3211 1821 3448 1877 Deducit
3488 1822 3664 1892 enim,
3726 1828 3786 1880 ut

2147 1901 2340 1972 palam
2372 1901 2564 1958 videre
2592 1904 2766 1974 licet;
2791 1905 3210 1979 delucetquete
3233 1909 3516 1966 Allissimi
3549 1913 3786 1969 dextera

2147 1988 2248 2062 qui
2280 1991 2496 2046 creavit
2525 1997 2598 2058 te,
2632 2008 2815 2065 exque
2846 1997 2988 2065 ipsis
3019 1998 3330 2055 cunabulis
3359 1999 3418 2054 in
3453 2002 3667 2071 prOprii
3692 2001 3780 2056 sui

2146 2093 2212 2133 ac
2252 2080 2563 2150 peculiaris
2604 2083 2800 2154 populi
2843 2100 3034 2155 regem
3082 2086 3333 2142 inunxit.
3375 2087 3668 2145 Collaetare
3716 2107 3783 2147 ac

2143 2167 2362 2238 pariter
2382 2169 2659 2227 innovare
2680 2177 2736 2227 et
2758 2173 2904 2243 ipse,
2950 2191 3160 2247 nempe
3203 2176 3472 2232 omnium
3499 2193 3644 2247 quos
3674 2195 3780 2234 un-

2144 2270 2318 2326 quam
2349 2258 2436 2314 sol
2466 2261 2705 2332 aspexit,
2727 2261 2911 2333 gloria
2936 2264 3226 2321 Casarum
3251 2284 3266 2332 ;
3300 2265 3517 2338 quippe
3548 2267 3780 2336 sapien-

2141 2344 2232 2400 tia
2252 2345 2422 2403 laude
2445 2365 2510 2404 ac
2531 2351 2850 2420 prudentiae
2875 2353 3194 2422 majoribus
3213 2352 3385 2426 longe
3413 2357 3776 2426 praecellens;

2139 2453 2366 2510 quoque
2396 2439 2534 2495 adeo
2569 2441 2764 2497 divino
2807 2442 3108 2514 suffragio,
3148 2448 3208 2498 at
3238 2460 3352 2499 non
3385 2443 3512 2517 ipse
3543 2446 3772 2517 imperii

2139 2526 2398 2597 invidus,
2463 2545 2649 2600 neque
2706 2528 2980 2586 humanis
3037 2530 3252 2586 studiis
3303 2536 3477 2604 atque
3529 2535 3778 2602 ambitu,

2137 2616 2282 2672 tanti
2317 2633 2507 2672 arcem
2538 2618 2766 2689 imperii
2799 2619 3062 2676 invadas.
3105 2619 3400 2677 Colletare
3432 2623 3610 2694 igitur
3641 2640 3784 2679 una-

2136 2722 2248 2778 que
2280 2706 2558 2762 innovare
2583 2723 2717 2763 cum
2749 2725 2835 2776 eo,
2870 2709 2970 2781 qui
3003 2714 3059 2766 te
3081 2710 3328 2780 socium,
3352 2716 3527 2784 atque
3551 2713 3778 2784 imperii

2133 2801 2461 2852 consortem
2486 2797 2558 2852 ad
2578 2797 2942 2854 subditorum
2967 2815 3338 2856 communem
3362 2801 3780 2870 utilitatem,ac

2132 2901 2236 2956 pro
2266 2901 2332 2941 eo
2362 2902 2427 2942 ac
2461 2891 2623 2942 tuam
2654 2886 2716 2943 in
2745 2903 2876 2942 eum
2920 2888 3400 2958 benevolentiam,
3445 2891 3780 2948 sincerissi-

2136 2991 2414 3046 mamque
2446 2975 2814 3033 dilectionem
2845 2978 3105 3044 decebat,
3150 2980 3486 3051 assumpsit.
3531 2981 3638 3036 Per
3679 2997 3774 3037 ve-

2137 3068 2320 3122 stram
2350 3065 2506 3121 enim
2539 3067 2788 3123 duorum
2817 3067 3154 3124 societatem
3194 3067 3446 3124 Trinitas
3483 3068 3574 3140 pie
3617 3071 3775 3126 culta

2135 3169 2201 3210 ac
2229 3155 2485 3223 adorata,
2520 3171 2687 3211 suam
2718 3157 2778 3212 in
2801 3173 3005 3212 omnes
3028 3156 3452 3228 providentiam
3475 3158 3775 3228 explicans

2130 3247 2303 3314 atque
2334 3243 2764 3312 transmittens,
2797 3246 3090 3316 sapienter
3129 3244 3392 3301 subditos
3422 3248 3566 3317 regit
3597 3253 3770 3318 atque

2130 3333 2440 3402 gubernat.

2200 3423 2315 3479 Vos
2364 3440 2595 3496 quoque
2635 3425 2904 3496 gaudete,
2950 3426 3146 3480 Patres
3187 3425 3528 3495 conscripti,
3567 3425 3759 3496 gravis

2133 3518 2426 3582 senectus,
2462 3513 2736 3586 fidelique
2769 3531 2834 3571 ac
2866 3530 3079 3586 magno
3105 3515 3446 3580 imperatori
3478 3519 3774 3586 Augusto-

2126 3620 2240 3676 que
2269 3603 2636 3673 venerabilis,
2669 3621 2904 3676 unaque
2936 3621 3070 3660 cum
3110 3603 3354 3673 Caesare,
3397 3605 3521 3676 pari
3565 3606 3771 3675 gaudio

2127 3692 2434 3750 clarissimi
2468 3693 2669 3765 templi
2711 3693 2967 3750 encasnia
3007 3694 3343 3762 celebranti,
3385 3694 3764 3751 renovamini.

2125 3781 2351 3838 Gaudet
2381 3797 2512 3838 vero
2547 3786 2604 3838 et
2634 3781 2957 3838 collaetatur
2985 3789 3326 3840 sanctorum
3357 3784 3658 3840 doctorum
3696 3801 3762 3840 ac

2123 3871 2526 3944 episcoporum
2541 3874 2952 3940 cmtusomnis,
2970 3874 3066 3945 qui
3084 3874 3378 3944 proprium
3394 3875 3570 3930 decus
3589 3879 3766 3946 atque

2122 3961 2368 4034 gloriam
2392 3962 2596 4035 templi
2617 3962 3118 4019 consecrationem
3141 3963 3318 4018 ducit.
3344 3962 3607 4019 Gaudete
3629 3980 3762 4019 vero

2122 4059 2317 4126 etiam,
2350 4073 2416 4114 ao
2456 4072 2577 4112 una
2618 4055 2827 4112 choros
2875 4054 3087 4119 ducite,
3132 4070 3231 4110 vos
3269 4069 3497 4125 quoque
3538 4054 3762 4124 reliqua

2120 4165 2187 4204 ac
2218 4147 2488 4220 religiosa
2513 4145 2698 4214 turba,
2731 4161 2858 4216 qum
2882 4143 3091 4200 cmlum
3123 4143 3277 4198 aliud
3309 4143 3369 4198 in
3399 4146 3572 4210 terra,
3607 4145 3760 4213 quod

2119 4238 2292 4293 hodie
2352 4235 2651 4292 dedicatur
2702 4233 2958 4330 Virginis
3013 4233 3319 4303 templum,
3371 4231 3758 4302 conspicitis:

2117 4327 2287 4398 cujus
2318 4321 3092 4402 intercessionibus‘ulinam
3125 4336 3328 4378 omnes
3370 4321 3545 4377 etiam
3582 4322 3760 4376 beatae

2116 4414 2277 4471 illius
2306 4431 2373 4470 ac
2404 4411 2756 4468 immortalis
2785 4411 2984 4483 gratiae
3006 4427 3072 4466 ac
3094 4409 3493 4466 exsultationis
3515 4425 3721 4478 compo
3739 4439 3758 4449 -

2119 4509 2206 4561 tes
2237 4504 2606 4572 efﬁciamur;
2640 4505 2700 4559 in
2731 4501 2962 4558 Christo
2990 4503 3121 4556 Jesu
3157 4501 3401 4556 Domino
3420 4509 3636 4568 nostro,
3668 4499 3757 4554 cui

2122 4594 2305 4668 gloria
2337 4603 2387 4651 et
2417 4595 2754 4667 imperium,
2786 4607 2962 4660 nunc,
2993 4597 3048 4647 et
3081 4605 3331 4660 semper,
3355 4593 3412 4644 et
3443 4589 3499 4643 in
3525 4590 3757 4646 saecula.

2120 4687 2328 4741 Amen.
