4090 6228
1552 343 1817 404 ΡΗΟΤΙΙ
1863 343 1996 405 ΡΑΊ

2118 342 2390 405 ARCHJE
2433 342 2547 404 GP.
3636 341 3766 402 576

2025 478 2118 534 ιν.

1492 584 1745 644 SANCTI
1800 585 2179 642 ATHANASII
2226 585 2618 642 ENCOMIUM.

343 351 466 410 575

355 846 596 904 Photius
617 845 1060 914 archiepiscopus
1094 843 1764 914 Constantinopolitanus,
1787 843 1858 898 ad
1885 847 1996 910 Ira-

2119 841 2350 915 Φωτιτίοι)Δ
2400 840 2831 915 ἂρχιεπισκόκου
2889 839 3546 915 ΑΚωνσταντινουπόλξῳς,
3628 841 3778 914 πρὸς

427 926 568 974 trem
596 934 757 973 suum
793 919 1098 981 Tarasium,
1131 917 1196 971 de
1234 916 1574 972 sermonibus
1617 917 1815 988 magni
1838 917 2002 988 inter

428 996 650 1047 sanctos
679 988 974 1044 Athanasii
1001 987 1361 1045 Alexandria
1388 986 1780 1059 archiepiscopi
1830 986 1926 1058 (6).

419 1151 542 1218 IIic,
585 1150 794 1220 inquit,
843 1149 988 1205 etin
1035 1150 1407 1205 sermonibus
1452 1149 1669 1220 ubique
1707 1148 1999 1205 locutione

352 1239 542 1297 clarus
565 1244 670 1308 est,
697 1239 885 1296 brevis
907 1243 964 1294 et
985 1239 1266 1312 simplex:
1293 1243 1500 1296 acutus
1525 1245 1718 1295 tamen
1744 1243 1803 1294 et
1825 1238 1998 1304 altus,

349 1334 404 1387 et
464 1329 1078 1402 argumentationibus
1137 1329 1379 1385 omnino
1434 1329 1771 1393 vehemens,
1833 1332 1890 1384 et
1939 1327 1998 1382 in

351 1419 446 1474 his
479 1423 637 1474 tanta
668 1418 924 1486 ubertas,
951 1422 1015 1472 ut
1035 1417 1402 1473 admirabilis
1425 1418 1521 1473 sit.
1551 1416 1780 1488 Logicis
1802 1419 1998 1472 autem

357 1507 648 1564 methodis
681 1507 828 1563 nihil
863 1505 1138 1573 tenuiter,
1171 1505 1318 1562 nihil
1344 1505 1707 1577 juvenililer,
1743 1509 1807 1560 ut
1838 1503 2000 1576 pueri

350 1602 407 1656 et
433 1598 622 1664 rudes,
675 1598 777 1652 sed
834 1595 1262 1667 philosOphice,
1307 1597 1410 1651 sed
1453 1595 1760 1666 magniﬁce
1797 1594 1996 1649 utitur.

349 1685 779 1757 Scripturarum
809 1683 1163 1740 testimoniis
1195 1700 1260 1739 ac
1292 1683 1897 1740 demonstrationibus
1927 1683 2000 1740 ad

352 1772 852 1830 conﬁrmationem
889 1772 1290 1827 communitus
1321 1779 1428 1839 est,
1462 1775 1520 1826 et
1550 1771 1608 1825 in
1641 1770 1848 1843 primis
1881 1786 1999 1826 ser-

353 1879 449 1918 mo
476 1861 574 1918 ille
604 1865 804 1917 contra
833 1859 1080 1933 gentiles
1110 1867 1163 1916 et
1196 1859 1295 1931 qui
1326 1860 1396 1916 de
1428 1859 1795 1915 humanitate
1823 1859 1997 1915 Verbi

355 1950 452 2006 Dei
486 1949 720 2007 habitus
750 1953 861 2020 est,
895 1950 1155 2021 quinque
1186 1950 1244 2005 in
1275 1949 1474 2004 Arium
1508 1948 1665 2016 libri,
1706 1949 1802 2022 qui
1847 1965 1998 2005 reve-

352 2057 411 2098 ra
468 2047 600 2096 sunt
657 2039 850 2096 omnis
909 2040 1192 2095 haereseos
1247 2046 1548 2112 tropaeum,
1611 2039 1710 2095 sed
1768 2039 1996 2095 Arianae

351 2129 751 2203 potissimum.
786 2129 851 2184 Et
893 2129 941 2184 si
971 2128 1106 2201 quis
1150 2127 1490 2198 theologum
1533 2127 1895 2201 Gregorium,
1943 2133 2077 2231 etB

351 2219 612 2276 divinum
642 2217 926 2275 Basilium
979 2219 1197 2274 diceret
1245 2235 1314 2274 ex
1361 2217 1470 2273 hoc
1517 2217 1666 2274 libro
1715 2221 1996 2290 tanquam

349 2309 507 2366 fonte
540 2309 796 2382 quodam
841 2307 1194 2378 haurientes,
1237 2308 1520 2364 orationis
1563 2325 1680 2364 sua:
1719 2308 1998 2380 pulchros

350 2415 416 2455 ac
449 2397 781 2472 perlucidos
814 2406 1018 2452 contra
1048 2412 1302 2453 errorem
1337 2397 1580 2452 fundere
1610 2397 1841 2464 ﬂuvios,
1885 2415 2003 2456 non

347 2488 478 2556 erit,
511 2495 573 2543 ut
603 2486 876 2554 arbitror,
913 2485 1114 2558 procul
1145 2505 1176 2541 a
1205 2485 1745 2542 verisimilitudine.
1772 2487 2004 2558 Scripta

350 2582 489 2633 sunt
517 2579 712 2631 autem
746 2576 817 2630 ab
849 2592 938 2644 eo,
960 2578 1017 2631 et
1040 2575 1097 2631 in
1120 2573 1526 2630 Ecclesiastem
1560 2578 1999 2648 commenlaria,

348 2673 403 2722 et
435 2665 494 2720 in
527 2663 776 2720 Cantino
808 2663 1193 2732 canticorum,
1227 2663 1311 2720 sic
1343 2666 1399 2719 et
1428 2663 1488 2718 in
1530 2663 1902 2734 Psalterium,
1947 2675 2002 2724 et

350 2755 412 2812 in
445 2754 560 2811 alia
590 2752 796 2810 multa.
827 2754 1024 2810 Gratia
1069 2758 1264 2811 tamen
1307 2759 1362 2810 et
1399 2758 1605 2812 ornatu
1645 2772 1775 2815 vere
1811 2757 1998 2816 excel-

352 2843 487 2901 lunt
517 2861 823 2902 sermones
854 2852 1069 2902 conlra
1097 2844 1553 2916 Apollinarium,
1611 2851 1668 2904 et
1709 2847 1993 2919 epistolae,

351 2938 634 3006 quotquot
665 2935 795 3004 ejus
827 2935 1260 2992 excusationem
1293 2935 1612 2993 continent.

2182 914 2274 991 τὸν
2300 903 2446 991 ’ίδιον
2474 903 2733 991 δι’διλφὸνι
2752 912 3049 991 Ταράσιον,
3088 913 3212 991 περί
3261 916 3368 991 τῶν
3429 903 3610 989 λόγων
3632 903 3776 991 ’τοῦ

2181 984 2268 1060 ἐνΔ
2324 983 2530 1060 λᾶγίρις-
2573 982 2845 1060 μὲγάλοιί
2903 982 3221 1039 Ἀθανασίου
3318 982 3769 1059 ἀρχιετέισκόπου

2191 1053 2614 1131 Ἀλεξανδρείας.

2186 1149 2270 1202 Ἐν
2325 1148 2429 1214 οἷς,
2481 1145 2667 1220 φησὶν,
2719 1147 2801 1202 ὅτι
2854 1148 3029 1222 σαφὴς
3081 1147 3176 1220 μὲν
3225 1145 3336 1200 ἐστι
3396 1147 3494 1215 τήν
3541 1148 3779 1224 φράσιν.

2117 1237 2299 1310 ὥσπερ
2351 1237 2667 1309 ἁπανταχοῦ
2715 1239 2824 1291 τῶν
2856 1234 3040 1310 λόγων
3101 1233 3286 1304 αυτοῦ,
3335 1236 3425 1289 καὶ
3475 1235 3784 1311 ἀπέριττος

2113 1326 2202 1381 καὶ
2243 1323 2476 1402 ἀφελής’
2540 1322 2737 1401 δριμὺς
2799 1321 2856 1379 δὲ
2912 1325 3000 1380 καὶ
3067 1324 3257 1400 βαθὺς,
3315 1325 3405 1380 καὶ
3464 1322 3585 1379 λίαν
3645 1332 3781 1386 τοῖς

2111 1413 2538 1495 ἐπιχειρήμασιν
2587 1410 2823 1478 εὔτονοςο
2864 1414 2955 1468 καὶ
3003 1415 3064 1469 τὸ
3115 1413 3345 1489 γόνιμον
3397 1411 3452 1469 δὲ
3495 1418 3660 1470 αυτοῦ
3716 1414 3778 1470 ἐν

2107 1507 2324 1568 τούτοις
2357 1503 2552 1574 ἡλίκον
2585 1505 2733 1575 ὅσον,
2753 1503 2909 1584 φησὶ,
2944 1504 3265 1577 θαυμάσιον,
3292 1509 3548 1580 Λογικαῖς
3579 1526 3638 1559 τε
3661 1507 3782 1580 [sic

2111 1614 2210 1654 ms.
2245 1598 2512 1667 interpres
2541 1595 2762 1651 videtur
2792 1594 2987 1665 legisse
3016 1590 3093 1667 δὲ]
3126 1589 3400 1666 μεθόδοις,
3455 1593 3514 1648 οὕ
3560 1615 3616 1648 τι
3666 1617 3778 1670 γυ-

2111 1689 2256 1758 μνῶς
2287 1685 2375 1738 καὶ
2414 1680 2818 1756 μειρακιωδῶς,
2860 1680 3040 1757 ὥσπερ
3083 1684 3133 1737 οἱ
3161 1680 3352 1743 παῖδες
3382 1683 3471 1737 καί
3519 1683 3772 1758 ἀρτιμαο

2109 1776 2241 1846 θεῖς,
2275 1773 2423 1830 ἀλλά
2461 1772 2779 1850 φιλοσόφως
2827 1793 2885 1828 τε
2933 1770 3023 1828 καὶ
3075 1772 3507 1847 μεγαλοπρεπῶς
3557 1773 3779 1828 ἀποκέο

2111 1884 2339 1940 χρηται.
2410 1867 2706 1941 Γραφικαῖς
2759 1882 2818 1918 τε
2898 1862 3218 1937 μαρτυρίαις
3276 1862 3364 1916 καὶ
3422 1859 3774 1936 ἀποδείξεσιν

2111 1953 2189 2015 εἷς
2219 1954 2280 2008 τὸ
2302 1953 2562 2028 καρτερὸν
2586 1950 3004 2027 κατωχύρωται’
3046 1951 3136 2006 καὶ
3190 1950 3430 2024 μάλιστά
3464 1972 3523 2025 γε
3555 1952 3583 2006 ὁ
3624 1953 3776 2008 κατᾶ

2110 2039 2420 2112 Ἑλλήνων,
2472 2040 2501 2096 ὅ
2538 2061 2597 2096 τε
2652 2041 2774 2114 περὶ
2833 2047 2934 2111 τῆς
2990 2038 3430 2113 ἒνσωματώσεως
3479 2045 3576 2096 τοῦ
3630 2046 3776 2096 Θεοῦ

2111 2132 2293 2207 Λόγου
2343 2131 2652 2206 εἶρημένος,
2703 2129 2791 2184 καὶ
2831 2131 2865 2199 ἡ
2910 2129 3045 2185 κατᾶ
3104 2128 3315 2202 Ἀρείου
3367 2125 3776 2202 πεντάϐιϐλος,

2107 2222 2370 2295 τρόπαιον
2420 2220 2552 2274 οὗσα
2601 2217 2737 2274 κατᾶ
2775 2219 2948 2286 πάσης
3000 2220 3094 2290 μὲν
3146 2219 3426 2293 αἱρέσεως,
3477 2218 3778 2294 ἐξαιρέτως

2110 2308 2167 2366 δὲ
2195 2317 2294 2380 τῆς
2324 2311 2630 2384 Ἀρειανῆς.
2664 2310 2763 2364 Καὶ
2796 2308 2849 2364 εἴ
2881 2330 2963 2371 τις
3005 2310 3094 2364 τὸν
3123 2307 3383 2384 Θεολόγον
3429 2311 3776 2385 Γρήγόριον,

2111 2400 2316 2456 καὶτὸν
2365 2402 2506 2455 Θεῖον
2559 2398 2867 2469 Βασίλειον,
2913 2398 2973 2454 ἐκ
3019 2399 3222 2470 ταύτης
3268 2397 3451 2472 ὧσπερ
3501 2398 3608 2454 ἔιπό
3657 2421 3779 2471 πη-

2110 2497 2215 2566 γῆς
2244 2488 2615 2564 ἀρυσαμένους
2647 2488 2778 2568 φαίη
2813 2495 2913 2558 τῆς
2947 2485 3150 2566 βίϐλου
3189 2489 3316 2551 τοὺς
3362 2488 3566 2550 καλοὺς
3621 2488 3774 2544 ἐκεί-

2109 2600 2234 2641 νους
2264 2578 2353 2633 καὶ
2387 2575 2628 2655 διαυγεῖς
2659 2582 2766 2633 τῶν
2798 2578 3009 2635 οἰκείων
3063 2577 3246 2656 λόγων
3292 2579 3429 2633 κατὰ
3472 2582 3574 2650 τῇς
3618 2577 3778 2633 πλά-

2109 2690 2206 2740 νην
2243 2667 2424 2744 ῥεῦσαι
2457 2666 2762 2741 ποταμοὺς,
2797 2668 2899 2724 οὐκ
2928 2669 3013 2741 ἂν,
3046 2669 3226 2741 οἶμαι,
3254 2665 3484 2745 σφαλείη
3517 2672 3614 2724 τοῦ
3659 2689 3770 2722 πα-

2109 2755 2493 2834 ραδείγματος
2545 2759 2842 2828 πεποίηται
2883 2755 2942 2814 δὲ
2988 2757 3156 2831 αὐτῷ,
3204 2759 3360 2837 φησὶ,
3390 2758 3481 2812 καὶ
3531 2757 3608 2820 εἰς
3662 2761 3766 2815 τὸν

2110 2847 2564 2919 Ἐκκλησιαστήν,
2619 2846 2708 2902 καὶ
2767 2849 2844 2911 εἷς
2925 2848 2988 2904 τὸ
3049 2851 3234 2923 Ἀσμα
3309 2853 3417 2904 τῶν
3500 2849 3776 2921 ᾀσμάτων

2110 2937 2497 3010 ὑπομνήματα,
2530 2934 2713 3013 ὥσπερ
2768 2938 2859 2993 γαὶ
2919 2937 2996 3001 εἷς
3050 2937 3145 2993 τὸν
3205 2937 3496 3014 Ψαλτῆρα,
3553 2939 3644 2991 καί
3707 2938 3773 2995 ἐν

350 3023 558 3099 ἑτέροις
588 3020 850 3085 πολλοῖς.
913 3022 1006 3085 Εἰς
1062 3023 1156 3097 μὲν
1213 3023 1313 3092 τὴν
1363 3023 1525 3100 χάριν
1582 3023 1673 3079 καὶ
1731 3025 1794 3081 τὸ
1850 3025 2079 3098 κάλλος,
2139 3025 2383 3106 ἀτεχνῶς
2444 3023 2788 3108 διαφέρουσιν
2839 3027 2891 3083 οἱ
2948 3026 3084 3084 κατὰ
3141 3025 3522 3104 Ἀπολιναρίου
3587 3024 3768 3102 λόγοι

347 3114 439 3168 καὶ
469 3117 576 3169 τῶν
610 3111 936 3184 ἐπιστολῶν,
969 3109 1092 3168 ὅσαι
1121 3114 1222 3184 τήν
1255 3113 1559 3190 ἀπολογίαν
1595 3113 1742 3188 αὐτῷ
1770 3118 1872 3181 τῆς
1903 3119 2078 3194 φυγῆς
2109 3115 2480 3193 περιέχουσιν.

1939 3269 2167 3327 ΝΟΤΛΕ.

399 3413 476 3483 (7)
508 3411 835 3486 Photiusin
857 3414 1198 3470 Bibliotheca
1227 3430 1337 3469 sua
1366 3414 1539 3484 cujus
1571 3414 1681 3470 hoc
1699 3415 1983 3486 fragmen-

335 3487 459 3556 tum
491 3483 710 3556 optimo
747 3483 847 3539 illo
889 3486 1402 3556 vetustissimoque
1440 3483 1844 3541 Athanasiano
1887 3502 1984 3542 co-

2091 3415 2332 3471 totidem
2364 3414 2554 3471 verbis
2591 3431 2604 3471 :
2637 3415 2901 3487 illudque
2923 3415 3049 3487 jam
3071 3414 3214 3473 olim
3237 3432 3272 3472 ιι
3291 3418 3458 3474 Petro
3487 3415 3744 3484 Nannio,

2093 3487 2192 3558 qui
2223 3487 2427 3543 eodem
2475 3487 2672 3544 codice
2727 3505 2868 3545 usus
2917 3491 3026 3556 est,
3063 3487 3147 3545 sic
3193 3489 3395 3545 Latine
3445 3487 3749 3546 redditum

335 3555 482 3624 dice,
515 3553 615 3626 qui
650 3558 741 3610 est
767 3555 1096 3612 Academia
1140 3553 1517 3626 Basileensis,
1562 3557 1862 3628 praefixum
1894 3563 1980 3613 est
2093 3553 2203 3614 est.
2237 3590 2303 3602 —
2332 3558 2418 3616 Cf.
2453 3559 2581 3616 cod.
2619 3559 2742 3617 140.

331 3734 3742 3767 ω

1584 3866 2490 4034 CARMINA

1687 4443 2367 4560 STICHERON

1091 4646 1164 4705 IN
1205 4645 1540 4705 SANCTUM
1582 4644 2009 4703 METHODIUM
2048 4643 2995 4702 CONSTANTINOPOLITANUM.

1321 4793 1630 4865 (BOLLAND.
1671 4793 1801 4850 Acta
1830 4792 2101 4863 Sanctor.,
2131 4791 2293 4849 Junii
2323 4799 2362 4848 t.
2394 4792 2466 4860 Il,
2499 4809 2556 4864 p.
2587 4792 2740 4864 960.)

415 5079 499 5135 Ad
531 5078 814 5154 Vesperas
843 5080 993 5140 inter
1021 5081 1133 5139 alia
1165 5083 1404 5156 ponitur
1429 5098 1496 5141 ex
1527 5083 1787 5142 Octoecho
1818 5080 2105 5140 Sticheron
2134 5097 2236 5139 seu
2275 5082 2608 5153 Versicutus,
2641 5081 2714 5139 ad
2745 5081 3012 5140 modulos
3055 5081 3214 5139 tertii
3255 5081 3379 5138 toni
3417 5081 3754 5153 canendus,

1483 5182 1760 5247 tanquam
1784 5190 1986 5248 poema
2015 5172 2204 5232 Photii
2228 5173 2582 5246 patriarchae.

418 5339 643 5397 Festive
676 5339 846 5396 hodie
876 5343 1119 5399 ornatur
1147 5341 1245 5398 Dei
1288 5343 1566 5412 Ecclesia,
1596 5349 1652 5400 et
1695 5343 1992 5401 exsultans

2173 5340 2533 5422 Εὐφροσύνως
2567 5343 2808 5416 σήμερον
2837 5342 2872 5412 ἡ
2905 5336 3206 5412 Ἐκκλησία
3243 5342 3342 5396 τοῦ
3389 5342 3524 5396 Θεοῦ
3553 5338 3753 5396 στολί-

349 5428 592 5487 olamat:
611 5427 905 5486 Illustrata
919 5434 1005 5488 est
1019 5430 1394 5503 pulchritudo
1415 5449 1544 5490 mea.
1562 5449 1741 5506 super
1756 5449 1988 5491 omnem

2118 5439 2270 5504 ζεται,
2320 5429 2678 5508 ἀγαλλομένη
2731 5433 3125 5506 κραυγάζουσαο
3187 5428 3579 5505 Ἐλαμπρύνθη
3641 5450 3754 5502 μου

340 5523 634 5582 civitatem
668 5537 682 5576 :
713 5535 844 5578 ecce
875 5520 1032 5580 enim
1063 5523 1543 5596 archipraasulum
1578 5541 1809 5597 gemma
1840 5541 1987 5598 pres-

2097 5522 2160 5578 τὸ
2191 5521 2398 5586 κάλλος
2435 5523 2566 5597 ὑπὲρ
2597 5526 2769 5577 πᾶσαν
2793 5519 2981 5576 πόλινο
3018 5517 3136 5575 ἰδοὺ
3168 5520 3272 5595 γὰρ
3301 5523 3409 5575 τῶν
3441 5517 3754 5594 ἀρχιερέων

353 5617 533 5687 clara,
563 5611 853 5686 gloriosus
897 5613 1246 5686 Methodius,
1291 5614 1402 5671 iter
1439 5615 1511 5672 ad
1553 5614 1732 5673 ccelos
1779 5616 1990 5687 tenuit,

2118 5613 2162 5668 τὸ
2195 5611 2335 5691 μέγα
2363 5610 2681 5688 κειμήλιον,
2712 5612 2741 5667 ὁ
2785 5607 3000 5684 ἔνδοξος
3038 5607 3325 5682 Μεθόδιος,
3373 5609 3473 5679 τήν
3518 5609 3754 5684 πορείαν

349 5707 516 5781 Agite
546 5721 682 5778 ergo
715 5703 848 5763 festi
880 5703 1054 5775 hujus
1086 5711 1396 5777 amatores,
1428 5707 1614 5765 coetus
1639 5705 1988 5764 orthodoxe-

2099 5704 2236 5778 πρὸς
2267 5703 2492 5781 οὐρανὸν
2543 5703 2866 5778 ἐποιήσατο.
2917 5706 3079 5759 Δεῦτε
3127 5701 3238 5776 οὖν,
3286 5695 3589 5780 φιλέορτοι,
3634 5704 3750 5756 τῶν
