4090 6228
342 354 464 414 5'77
1862 361 2234 424 CARMINA.
3632 386 3754 450 578

345 504 658 580 ὀρθοδόξων
713 505 776 561 τὸ
834 505 1107 580 σύστημα,
1159 508 1663 583 χοροστατησαντες
1729 509 1844 579 ἅμα
1898 512 1960 579 τῆ

2132 515 2260 571 ⁸11111,
2295 501 2621 575 chorosque
2664 505 2840 562 simul
2891 508 3088 567 ducite
3124 511 3347 584 circum
3392 531 3608 588 arcam,
3651 535 3747 575 cu—

343 596 491 651 θείαν
544 595 805 672 λάρνακα,
858 595 1103 670 ἰαμάτων
1161 595 1504 675 πλημμύραν
1553 593 1815 662 λαϐόντες
1864 621 1958 674 παε

2129 591 2404 647 ἀιίοιιιιω
2428 593 2675 664 gratiam
2707 593 2841 652 inde
2877 601 3273 658 exundantem
3323 605 3744 678 suscipientes:

340 686 536 760 αὐτῆς,
569 686 903 761 ἱκετεύωμεν
953 685 1274 758 αἰτήσασθαι
1302 689 1550 762 Χριστὸν
1587 690 1678 746 τὸν
1723 691 1852 746 Θεὸν
1893 695 1991 746 τοῦ
2104 697 2410 754 Precemur
2432 687 2629 740 amem
2651 691 2711 740 υῑ
2732 692 2927 742 exoret
2941 689 3236 747 Chriswm
3259 692 3442 749 Deum
3463 699 3745 766 Ποείΐυων

338 778 606 851 ῥυσθῆναι
633 777 734 848 τήν
768 775 1099 852 οἰκουμένην
1128 778 1234 833 ἀπὸ
1265 778 1444 849 πάσης
1481 777 1758 854 αἱρέσεως.

2105 782 2392 851 quatenus
2415 778 2752 833 universum
2782 776 3007 851 liberet}
3028 780 3100 837 ab
3131 781 3288 838 omni
3339 783 3566 842 haeresi.

1766 1090 2325 1182 MONITUM

1506 1267 1585 1327 IN
1622 1267 1819 1330 TRES
1862 1266 2067 1328 ODAS
2111 1265 2561 1337 SEQUENTES

1376 1404 1550 1478 (Aug.
1580 1404 1696 1461 MAI
1725 1404 1986 1478 Scriptor.
2020 1411 2124 1462 vet.
2159 1409 2298 1460 tom.
2333 1403 2376 1474 i,
2408 1418 2464 1475 p.
2496 1403 2686 1473 xxiii.)

321 1709 511 1767 Photii
543 1709 666 1767 ode
687 1712 806 1766 tres
843 1707 1009 1766 suavi
1039 1707 1298 1765 carmine
1325 1708 1576 1780 scriptae,
1597 1705 1910 1764 mediocris
1929 1704 2296 1780 prolixitatis,
2330 1706 2558 1762 exstant
2583 1703 2644 1759 in
2673 1707 2866 1760 vetere
2897 1702 3095 1760 codice
3117 1704 3583 1762 Barbariniorum
3603 1705 3736 1776 246,

317 1799 584 1872 itemque
621 1798 684 1855 in
730 1799 858 1870 ejus
905 1798 1122 1856 recenti
1175 1797 1531 1872 apographo,
1586 1799 1738 1855 inter
1777 1797 2022 1854 aliorum
2072 1799 2378 1852 auctorum
2409 1793 2558 1850 bene
2605 1791 2823 1850 multos
2875 1791 3190 1866 multaeque
3243 1794 3544 1867 elegantiae
3581 1794 3736 1852 Grae-

315 1905 418 1946 cos
447 1889 720 1961 hymnos,
753 1904 1004 1961 quorum
1047 1887 1089 1944 ii
1123 1887 1328 1946 saltem
1372 1887 1472 1960 qui
1505 1903 1732 1944 morum
1773 1885 2064 1943 honestati
2107 1899 2225 1940 non
2270 1885 2505 1950 obsunt,
2538 1881 2691 1938 haud
2729 1881 2949 1939 diutius
2993 1883 3054 1939 in
3095 1883 3346 1940 tenebris
3393 1884 3732 1941 continendi

307 1980 601 2050 videntur,
633 1994 822 2052 neque
851 1978 1164 2035 sinendum
1197 1981 1261 2034 ut
1292 1977 1478 2034 Photii
1510 1993 1744 2050 quoque
1793 1992 1961 2033 musa
1997 1990 2132 2030 cum
2167 1973 2261 2028 his
2303 1972 2480 2028 invita
2537 1972 2727 2028 sileat.
2774 1973 2896 2027 Imo
2935 1987 3066 2028 vero
3110 1973 3252 2030 odas
3286 1973 3480 2030 Photii
3523 1990 3731 2031 novem

309 2085 454 2125 mss.
491 2068 720 2140 collegii
751 2068 906 2140 apud
937 2069 1134 2125 Gallos
1175 2067 1608 2124 Claromontani
1657 2065 1952 2123 exstitisse
1993 2064 2076 2120 ait
2132 2062 2400 2118 Labbeus
2447 2060 2576 2117 Nov.
2628 2060 2889 2116 Biblioth.
2923 2078 3049 2117 mss.
3101 2079 3157 2134 p.
3207 2063 3329 2118 139.
3365 2063 3559 2119 Photii
3607 2068 3729 2121 tres

313 2158 431 2214 illis
476 2157 598 2214 odaa
639 2158 750 2215 sub
782 2159 999 2215 codicis
1058 2157 1455 2215 Barberiniani
1513 2157 1628 2214 fine
1684 2155 1926 2229 leguntu

2113 2168 2300 2209 larum
2335 2151 2522 2222 prima
2571 2154 2658 2207 est
2699 2147 2759 2204 έκ
2807 2149 3105 2222 προσώπου
3146 2148 3434 2206 Βασιλείου
3466 2148 3728 2207 δεσπότου

315 2249 386 2305 ad
425 2251 606 2306 Deum
632 2266 646 2316 ;
681 2248 740 2305 in
766 2266 834 2306 ea
863 2249 1088 2306 scilicet
1108 2247 1364 2321 loquitur
1393 2249 1518 2321 ipse
1548 2247 1816 2304 Basilius.
1853 2246 1930 2302 All

2112 2262 2136 2296 ν.
2175 2241 2471 2317 προσώπου
2499 2245 2600 2310 τῆς
2659 2238 2985 2310 Ἐκκλησίας
3020 2240 3096 2302 εἰς
3129 2238 3413 2298 Βασίλειον
3464 2240 3727 2322 φιλόχρι-

315 2357 441 2394 στον
480 2334 706 2414 βασιλέα
737 2358 752 2408 ;
786 2338 1046 2396 Ecclesia
1076 2338 1359 2394 nimirum
1391 2337 1713 2411 alloquitur
1735 2336 1930 2408 imper:

2219 2330 2394 2388 [‘ertia
2426 2331 2530 2387 ode
2567 2327 2978 2406 ἐγκωμιαστικὴ
3004 2329 3079 2392 εἷς
3121 2329 3400 2386 Βασίλειον
3427 2332 3516 2386 τὸν
3562 2331 3724 2408 φιλό-
3829 2373 3834 2376 -

315 2448 544 2504 χριστον
578 2424 862 2497 δεσπότην.
885 2428 1269 2485 Notissimum
1302 2431 1412 2495 est,
1434 2427 1710 2484 Photium
1742 2426 1929 2499 gratia
1957 2423 2112 2497 apud
2143 2421 2422 2479 Basilium
2446 2423 2860 2492 imperatorem
2878 2421 3164 2491 ﬂoruisse,
3189 2422 3283 2479 cui
3316 2423 3490 2480 etiam
3513 2424 3726 2497 regiam

312 2536 593 2578 coronam
615 2518 872 2576 sumenti
904 2534 1102 2575 sacras
1131 2534 1331 2590 preces
1361 2517 1618 2590 praeivit;
1653 2533 1787 2572 mox
1807 2517 1880 2572 ab
1910 2515 2110 2571 eodem
2142 2512 2201 2568 in
2235 2510 2506 2568 exsilium
2549 2514 2745 2568 actum
2777 2510 2975 2568 fuisse.
3013 2510 3330 2584 Utramque
3375 2529 3493 2570 rem
3527 2518 3727 2570 narrat

313 2610 492 2666 etiam
524 2607 898 2664 Hamartolus
929 2607 988 2663 in
1014 2607 1300 2664 Vaticano
1332 2607 1531 2664 codice
1555 2605 1833 2662 ineditus:
1867 2621 1928 2676 pa

2110 2606 2129 2657 ἓ.
2159 2603 2196 2658 b
2226 2617 2239 2656 :
2274 2603 2330 2654 Ὀ
2361 2597 2644 2660 Βασίλειος
2675 2595 2735 2652 ἔκ
2763 2604 2866 2668 τῆς
2909 2599 3101 2654 ἑαυτοῦ
3131 2599 3376 2679 κεφαλῆς
3417 2601 3477 2656 τὸ
3510 2603 3725 2675 στέμμα

305 2696 580 2772 ἀράμενος
613 2693 814 2752 δέδωκε
845 2694 1048 2769 Φωτίῳ
1078 2699 1157 2766 τῷ
1187 2695 1504 2771 πατρίάρχῃ
1543 2741 1556 2754 .
1606 2695 1696 2750 καί
1727 2693 2030 2770 εἰσαγαγὼν
2061 2691 2220 2747 αὐτὸν
2267 2687 2319 2744 ἐν
2351 2692 2419 2762 τῇ
2451 2689 2575 2765 ἁγίᾳ
2601 2689 2860 2765 τραπέζῃ,
2914 2689 3167 2762 ἐποίησεν
3211 2692 3385 2770 εὐχὴν
3438 2690 3521 2746 ἐπ’
3553 2691 3721 2766 αὐτῷ.

304 2819 372 2830 -
414 2790 477 2844 Ὁ
528 2784 585 2842 δὲ
612 2785 960 2862 πατριάρχης
1001 2784 1065 2841 τὸ
1099 2785 1314 2861 στέμμα
1363 2784 1657 2863 ἐξενεγκὼν
1706 2788 1786 2856 τῷ
1829 2780 2048 2855 βασιλεῖ
2077 2777 2374 2836 ἐπιδέδωκε
2409 2797 2422 2812 ο
2473 2779 2564 2833 καὶ
2609 2784 2719 2834 τῶν
2769 2781 3060 2856 σκήπτρων
3106 2781 3407 2852 πεσόντων,
3455 2781 3532 2842 ὡς
3578 2776 3724 2852 ἔθος,

304 2875 524 2950 ἔστεψεν
553 2877 581 2931 ὁ
613 2874 846 2953 Μιχαὴλ
889 2877 980 2931 τὸν
1019 2875 1324 2933 Βασίλειον.
1377 2881 1604 2932 Patrata
1637 2875 1846 2931 deinde
1896 2875 1919 2930 Β

2106 2873 2201 2929 alis
2251 2873 2620 2946 imperatoris
2649 2873 2826 2938 caede,
2877 2873 3065 2944 pergit
3111 2873 3301 2929 dicere
3347 2873 3721 2930 Hamartolus

301 2987 358 3042 p.
393 2971 500 3025 294
530 2970 566 3026 b
600 2986 613 3024 :
663 2971 767 3022 Τοῦ
799 2964 1092 3023 Βασιλείου
1123 2965 1175 3021 ἐν
1223 2971 1293 3041 τῇ
1324 2963 1592 3036 ἐκκλησίᾳ
1639 2962 1916 3032 ἐλθόντος,
1948 2961 2037 3018 καὶ
2068 2964 2168 3032 τῆς
2222 2961 2498 3036 ἀχράντου
2531 2963 2717 3024 θυσίας
2754 2956 3080 3034 μεταλαϐεῖν
3135 2959 3521 3036 βουληθέντος,
3554 2961 3582 3015 ὁ
3613 2981 3724 3016 πα-

296 3061 576 3138 τριάρχης
609 3061 830 3140 φώτιος
860 3065 960 3128 τῆς
990 3057 1134 3113 θείας
1164 3057 1326 3113 αὐτὸν
1363 3059 1586 3132 ἀπεῖργε
1619 3053 2002 3130 μεταλήψεως,
2050 3051 2384 3130 ἀνδροφόνον
2431 3050 2725 3107 ἀποκαλῶν
2757 3052 2848 3106 καὶ
2897 3051 3108 3126 λῃστὴν
3136 3051 3226 3106 καὶ
3276 3056 3386 3107 τῶν
3435 3051 3722 3128 ἀχράντων

302 3149 623 3224 μυστηρίων
677 3149 884 3222 ἀνάξιον
917 3170 930 3183 ·
979 3149 1060 3226 ἐφ’
1110 3150 1196 3212 οἷς
1247 3147 1522 3223 θυμωθεὶς
1554 3149 1581 3202 ὁ
1632 3146 1938 3218 Βασίλειος,
1971 3145 2029 3200 ἐκ
2074 3145 2294 3217 Ῥώμης
2343 3143 2672 3205 ἐπισκόπους
2722 3141 2897 3198 ἐλθεῖν
2947 3163 3325 3219 παρισκευασε,
3367 3144 3539 3217 τόμον
3593 3142 3722 3198 έπι-

299 3239 637 3318 φερομένους
682 3244 778 3296 τοῦ
807 3240 983 3312 πάπα,
1034 3239 1250 3294 καὶτοῦ
1299 3241 1703 3315 πατριαρχικοῦ
1755 3236 1952 3313 θρόνου
1998 3238 2188 3290 τοῦτον
2241 3233 2528 3304 ἐξώθησεν,
2587 3233 2846 3306 Ἰγνάτιον
2887 3229 2942 3286 δὲ
2971 3233 3060 3286 τὸν
3109 3233 3160 3287 έν
3210 3234 3391 3309 ἁγίοις
3440 3254 3710 3308 πατριαρ-

305 3349 421 3406 χην
454 3331 879 3405 προεχειρίσατο
906 3330 966 3384 τὸ
1000 3326 1267 3405 δεύτερον.
1300 3330 1556 3402 Utroque
1585 3327 1905 3385 Hamartoli

2106 3325 2266 3382 [titur
2293 3326 2544 3381 Zonaras
2565 3341 2677 3392 xvx,
2709 3325 2764 3392 7,
2796 3324 2830 3377 8
2865 3328 2960 3380 :et
2990 3325 3244 3380 secundo
3277 3325 3508 3398 quidem
3546 3342 3721 3397 prope

301 3423 377 3478 ad
408 3420 684 3478 litteram.
719 3422 835 3478 Hac
863 3438 998 3478 vero
1031 3437 1206 3492 super
1235 3436 1296 3476 re
1326 3419 1572 3493 legenda
1601 3427 1686 3476 est
1717 3417 1905 3474 Photii
1945 3415 2192 3488 epistola
2218 3414 2289 3468 97
2319 3414 2499 3485 (nunc
2531 3413 2662 3470 libri
2693 3431 2734 3483 ι,
2769 3414 2879 3485 16),
2915 3429 3042 3484 quae
3073 3417 3162 3470 est
3208 3415 3400 3486 gravis
3444 3415 3723 3471 adversus

295 3511 576 3568 Basilium
597 3511 988 3584 expostulatio
1013 3511 1083 3567 ab
1135 3509 1339 3566 exsilio
1389 3509 1597 3566 missa.
1638 3507 1900 3580 Denique
1933 3505 2358 3574 moneo,alium
2395 3520 2523 3561 esse
2553 3502 2823 3560 Photium
2842 3502 3194 3560 monachum
3227 3503 3722 3574 melodum,cujus

295 3601 510 3673 exigua
540 3600 781 3675 στιχηρᾶ
809 3604 950 3658 sunt
979 3600 1038 3657 in
1071 3601 1267 3656 codice
1295 3599 1576 3656 Vaticano
1602 3600 1730 3664 216,
1765 3615 1819 3669 p.
1851 3598 1907 3666 6,

2122 3595 2380 3652 Palatino
2433 3595 2558 3665 138,
2591 3611 2646 3666 p.
2695 3593 2818 3652 6-8.
2852 3597 3028 3650 Porro
3061 3591 3159 3650 ille
3204 3590 3342 3646 πάνυ
3413 3609 3721 3666 nunquam

291 3691 412 3748 fuit
435 3692 792 3749 monachus:
819 3691 927 3748 etsi
955 3692 1233 3762 juvenem
1267 3705 1328 3748 se
1359 3708 1390 3745 a
1413 3689 1734 3746 monastioa
1759 3687 1874 3744 vita
1908 3703 2025 3743 non
2067 3686 2250 3743 fuisse
2289 3685 2566 3756 alienum,
2589 3685 2691 3740 sed
2713 3682 2872 3741 curis
2902 3683 3284 3741 saecularibus
3310 3685 3720 3757 praepeditum,

290 3785 498 3837 narrat
526 3781 768 3838 Photius
807 3781 868 3837 in
918 3779 1166 3854 epistola
1223 3780 1295 3836 ad
1354 3777 1681 3849 syncellum
1725 3775 2180 3847 Antiochenum,
2216 3791 2392 3848 quam
2425 3779 2482 3830 et
2527 3777 2715 3830 Graece
2755 3773 2971 3830 editam
3012 3774 3156 3843 scio,
3189 3782 3243 3830 et
3287 3789 3394 3847 ego
3433 3773 3494 3831 in
3527 3779 3718 3832 vetere

288 3869 495 3929 codice
524 3869 648 3929 lego
675 3871 778 3929 (7).

369 3872 495 3926 dice
524 3872 541 3926 1
697 3872 730 3922 7
764 3911 778 3926 .

361 3961 517 4018 Olim
545 3872 977 4034 isopE-zfatione
1006 3961 1149 4019 torni
1177 3959 1351 4034 primi
1381 3957 1742 4032 Scriptorum
1772 3961 1910 4024 vet.,
1945 3957 2042 4015 ubi
2073 3957 2142 4014 de
2171 3955 2408 4012 ineditis
2440 3954 2629 4012 Photii
2661 3954 2899 4026 scriptis
2930 3953 3204 4023 disserui,
3255 3955 3397 4012 odas
3438 3957 3705 4028 ejusdem

283 4057 414 4109 tres
443 4052 915 4123 commemoravi,
936 4069 971 4108 a
1000 4068 1091 4108 me
1121 4051 1182 4106 in
1212 4049 1628 4107 Barberiniano
1649 4047 1847 4106 codice
1877 4047 2212 4104 observatas
2237 4064 2251 4115 ;
2285 4061 2533 4118 quarum
2565 4044 2624 4100 in
2657 4045 2846 4118 priore
2876 4044 3057 4100 Deum
3089 4044 3412 4118 alloquitur
3449 4046 3702 4103 Basilius

283 4142 532 4199 Macedo
565 4140 917 4214 imperator;
951 4141 1010 4197 in
1041 4140 1221 4198 altera
1251 4139 1530 4196 Basilium
1557 4139 1749 4212 ipsum
1777 4137 1921 4210 imp.
1946 4135 2264 4209 alloquitur
2289 4133 2582 4202 Ecclesia;
2614 4133 2675 4189 in
2705 4133 2877 4190 tertia
2906 4133 3143 4190 demum
3180 4134 3518 4206 imperfecta
3548 4135 3705 4192 idem

283 4231 544 4288 Basilius
575 4231 718 4304 imp.
751 4231 1048 4289 laudatur.
1080 4230 1165 4287 En
1195 4236 1389 4288 autem
1419 4229 1528 4286 has
1555 4229 1790 4286 demum
1823 4229 1965 4286 odas
1994 4244 2028 4283 a
2052 4225 2125 4283 cl.
2158 4225 2278 4283 viro
2308 4225 2370 4281 P.
2404 4224 2707 4296 Matranga
2735 4223 3060 4297 exscriptas
3094 4223 3357 4282 exhibeo.

1958 4365 2034 4422 ll.

867 4492 1086 4551 Φωτίόυ
1111 4493 1459 4568 πατριάρχου
1488 4489 1659 4567 ὕμνος
1689 4490 1750 4548 ἐκ
1779 4489 2080 4564 προσώπου
2111 4487 2403 4549 Βασιλείου
2435 4485 2719 4548 δεσπότου.
2758 4523 2820 4534 -
2855 4490 3033 4564 Ἠχος
3066 4488 3132 4547 α’.

1487 4639 1796 4713 (Ang.Ma1
1824 4640 2020 4713 Spicil.
2057 4639 2204 4696 Rom.
2238 4640 2338 4710 IX,
2369 4637 2520 4709 739.)

763 4768 903 4825 Ἀπὸ
933 4766 1171 4843 χειλέων
1205 4769 1377 4842 ὕμνον
2552 4761 2723 4824 Βάθος
2756 4781 2852 4817 σου
2880 4765 2981 4843 τῆς
3013 4757 3226 4836 σοφίας,

692 4841 990 4934 ΙΙροσφέρω
1029 4878 1114 4912 σοι
1143 4861 1224 4930 τῷ
1255 4856 1476 4933 Κτίστῃ,
2443 4849 2739 4924 Κριμάτων
2770 4848 2867 4909 τὰς
2896 4841 3165 4908 ἀϐύσσους

688 4946 823 5003 Ἀπὸ
853 4944 1078 5015 καρδίας
1112 4947 1311 5021 βάθους
2438 4939 2537 5001 Τίς
2568 4936 2737 5013 λόγος
2765 4935 3075 5008 έξυμνήσει,

687 5037 786 5091 Σοὶ
818 5032 974 5108 δόξαν
1005 5035 1332 5110 ἀναπέμπω.
2449 5029 2691 5085 Δέσποτα
2717 5031 2824 5082 τῶν
2867 5023 3152 5095 ἀπάντων;

933 5181 1121 5238 Pholii
1147 5179 1491 5254 patriarcha
1521 5179 1754 5251 hymnus
1789 5179 1853 5236 in
1880 5193 2111 5252 persona
2145 5174 2348 5233 Basilii
2376 5177 2748 5248 imperatoris.
2781 5205 2849 5217 —-
2880 5174 2986 5232 Ode
3012 5177 3059 5232 1.

359 5328 660 5401 Hymnum
691 5343 722 5384 e
750 5325 924 5384 labiis
953 5328 1026 5384 ad
1066 5331 1124 5384 te
1156 5326 1342 5399 dirigo
1365 5324 1718 5392 Creatorem,
1750 5340 1780 5381 e
1811 5323 2004 5382 cordis
2035 5321 2431 5397 penetralibus
2483 5319 2591 5376 tibi
2621 5317 2852 5376 laudem
2894 5318 3116 5376 emitto.

352 5418 667 5494 Sapientia
687 5423 803 5478 tuis
824 5419 1185 5491 profundum
1211 5417 1577 5490 judiciorum
1607 5417 1851 5490 abyssos
1881 5414 2016 5488 quis
2044 5430 2237 5473 sermo
2267 5411 2633 5486 praedicabit,
2666 5411 3080 5469 universorum
3105 5408 3400 5470 Domine?

1862 5577 2094 5639 NOTIE.

353 5749 439 5827 (7)
468 5749 637 5810 Conf.
670 5745 748 5808 ad
777 5745 1151 5822 Amphiloch.
1184 5744 1307 5801 ιδο.
