4090 6228
269 389 386 450 581
1790 387 1883 449 CA

2067 385 2165 450 iA.
3563 402 3682 462 582

741 523 1101 599 Φιλάνθρωπε
1137 521 1314 597 οἶκτίρ
1324 541 1450 596 μον,
1947 535 2006 599 Α
2425 525 2739 589 Ἀπαύστως
2773 527 3107 604 εὐλογοῦμεν

670 616 770 670 ⁶Ην
799 611 1012 676 ἔδωκας
1042 613 1266 686 εἰρήνην
2425 615 2539 684 Τήν
2571 614 2716 669 θείαν
2754 616 3060 691 βασιλεῖαν.

671 707 794 763 Τοῖς
836 701 1002 764 θείοις
1035 700 1389 770 ἀποστόλοις,
2497 703 2554 757 Ὀ
2583 703 2796 759 πάντων
2831 705 3133 780 βασιλεύων

671 793 969 867 Παράσχου
994 789 1074 863 τῷ
1105 789 1225 863 λαῷ
1255 812 1372 848 σου.
2425 796 2541 846 Τῶν
2574 790 2684 847 ἄνω
2715 795 2801 848 καὶ
2835 800 2942 850 τῶν
2971 798 3141 870 κάτω,

746 880 942 956 Χάριν,
972 881 1040 949 ἢν
1069 878 1383 955 ἐπηγγείλω
2428 882 2522 944 Εἰς
2555 883 2612 936 σὲ
2641 889 2810 938 πᾶσαν
2844 884 3043 942 ἐλπίδα

675 970 787 1025 Τοῦ
827 968 1142 1042 Πνεόματος
1183 968 1456 1042 παρέξειν,
2426 969 2596 1036 Οἶδας
2625 974 2701 1038 ὡς
2728 973 3020 1048 ἀνεθέμην.

671 1057 1061 1132 Κατάπεμψον,
1093 1054 1137 1112 ὦ
1177 1055 1434 1128 Πλάστης
2498 1061 2573 1116 Σὺ
2604 1060 2695 1117 οὖν
2725 1063 2798 1125 ὡς
2831 1064 3063 1137 Κτίστης
3090 1067 3308 1124 πάντων

667 1144 943 1203 Ἀπάντων
982 1147 1074 1202 καὶ
1105 1145 1407 1217 Δεσπότης.
2430 1150 2561 1215 Θεὸς
2588 1152 2678 1206 καὶ
2710 1153 2973 1217 Βασιλεύς
3009 1177 3114 1228 μου

741 1242 912 1312 Ψυχῇ
943 1234 987 1291 ὣ
1018 1234 1078 1291 ἂν
1115 1241 1215 1311 μιᾷ
1246 1256 1304 1292 σε
2425 1240 2519 1297 Ὂν
2553 1234 2761 1304 ἔδωκας
2794 1240 2927 1297 λαόν
2962 1265 3056 1317 μοι

671 1328 773 1384 Καὶ
803 1326 1000 1403 γνώσει
1029 1328 1120 1383 καὶ
1153 1324 1353 1402 καρδίᾳ
2426 1327 2502 1402 Τῇ
2535 1327 2680 1402 δεξιᾷ
2714 1352 2809 1386 σου
2841 1330 3018 1407 ἄγοις.

353 1455 458 1521 Qui
491 1454 759 1512 homines
776 1471 940 1512 amas
971 1463 1024 1512 et
1053 1454 1368 1525 misereris,
1397 1469 1570 1526 quam
1603 1452 1814 1510 dedisti
1846 1469 2044 1526 pacem
2078 1453 2292 1511 divinis
2329 1455 2627 1526 apostolis,
2664 1459 2876 1531 populo
2910 1469 3005 1516 tuo
3037 1470 3264 1531 praesta.

347 1544 632 1616 Gratiam,
662 1560 840 1616 quam
871 1543 1167 1616 pollicitus
1197 1561 1259 1600 es
1289 1543 1546 1616 Spiritus
1577 1550 1628 1598 te
1659 1541 2074 1614 praestiturum,
2107 1543 2327 1614 emitte,
2363 1561 2394 1600 ο
2426 1545 2662 1603 Creator
2691 1549 2956 1605 omnium
2988 1555 3045 1606 et
3076 1551 3431 1610 Dominator.

342 1634 559 1690 Anima
592 1638 652 1689 ut
683 1651 820 1704 una,
853 1636 910 1690 et
942 1633 1273 1704 cognitione
1303 1637 1360 1689 et
1389 1633 1562 1689 corde
1593 1636 1870 1704 perpetuo
1899 1636 1956 1688 te
1984 1632 2315 1702 laudemus,
2347 1633 2610 1692 divinum
2642 1641 2890 1694 concede
2911 1655 3178 1712 regnum.

343 1724 455 1788 Qui
487 1721 761 1779 universa
791 1722 961 1793 regis,
995 1739 1125 1794 quas
1157 1738 1383 1779 sursum
1416 1729 1469 1778 et
1503 1722 1776 1778 deorsum
1808 1729 1968 1791 sunt,
2001 1722 2060 1777 in
2095 1729 2148 1778 te
2177 1739 2342 1795 spem
2376 1725 2530 1780 nosti
2561 1742 2794 1784 omnem
2829 1732 2893 1784 ut
2924 1732 3238 1800 posuerim.

343 1814 430 1869 Tu
461 1829 620 1885 ergo,
655 1821 716 1868 ut
745 1811 1008 1869 omnium
1038 1811 1291 1876 Creator,
1323 1817 1474 1868 Deus
1505 1816 1562 1868 et
1592 1811 1709 1868 Rex
1741 1827 1926 1882 meus,
1959 1828 2137 1883 quem
2168 1813 2381 1868 dedisti
2417 1814 2561 1870 mihi
2593 1818 2874 1888 populum
2915 1819 3154 1877 dextera
3172 1826 3276 1878 tua
3308 1823 3546 1894 dirigas.

468 1939 572 1991 Τοῦ
632 1934 798 1991 αὐτοῦ
855 1934 1025 2010 ὕμνος
1092 1935 1152 1990 ἐκ
1180 1935 1475 2011 προσώπου
1528 1940 1630 2005 τῆς
1696 1931 2028 2020 Ἐκκλησίας
2088 1933 2164 2020 εἷς
2217 1935 2499 1993 Βασίλειον
2554 1940 2646 1994 τὸν
2709 1940 3072 2020 φιλόγριστον
3132 1945 3380 2020 βασιλέα.
3442 1981 3507 1991 -

1842 2011 2017 2081 Ἦχος
2049 2008 2119 2063 α’.

747 2138 1184 2211 Ἀκουτισθῶμεν
1213 2135 1408 2200 πάντες
1967 2139 2009 2203 Β
2433 2140 2548 2209 Τὴν
2576 2135 2768 2194 ἕνωσιν
2796 2141 2894 2211 τήν
2922 2143 3137 2198 τούτων

681 2234 788 2298 Τῆς
827 2225 1112 2302 βασιλίδος
1143 2225 1387 2307 νύμφης,
2433 2225 2687 2301 Φαιδρῶς
2719 2232 3092 2306 πανηγυρίζω.

680 2319 916 2392 Χριστοῦ
954 2323 1054 2387 τῆς
1085 2315 1438 2388 Ἐκκλῃσίας,
2502 2318 2797 2393 Θυγατέρες
2826 2317 3102 2394 παρθένοι,

677 2407 966 2467 Μυστικῶς
1001 2405 1383 2481 ὑπαρχούσης.
2433 2404 2708 2477 Νεάνιδες,
2743 2406 2796 2463 ἐν
2825 2407 2962 2482 οἷ’κῳ

745 2493 960 2565 Βουλὴν
997 2493 1252 2568 Ὑψίστου
1287 2490 1464 2570 μένειν
2434 2496 2716 2565 Ζητήσατε
2740 2494 2975 2561 ἀδούσας

682 2583 769 2646 Εἷς
800 2584 893 2639 τὸν
924 2581 1095 2638 αἰῶνα
1123 2586 1318 2658 γνῶτε,
2430 2587 2535 2638 Τοῦ
2566 2585 2780 2641 πάντων
2814 2585 3108 2662 βασιλέως.

671 2673 886 2736 Βουλάς
920 2670 979 2728 δὲ
1005 2676 1113 2729 τῶν
1142 2672 1441 2748 ἀνθρώπων
2501 2670 2643 2728 Ἰδού
2677 2694 2744 2746 με
2773 2673 2954 2751 ὥσπερ
2984 2675 3157 2732 ἄλλον

673 2764 741 2818 Τὸ
777 2757 1000 2838 βέϐαιον
1031 2761 1131 2817 οὐκ
1159 2757 1335 2841 ἔχειν.
2431 2761 2677 2835 Οὐρανὸν
2706 2762 3111 2840 ἐξαστράπτειν,

744 2851 905 2906 Γενεὰ
935 2849 1202 2906 ἐπαινέσει
2426 2858 2550 2914 Τοῖς
2590 2851 2814 2926 ἀστράσι
2842 2860 2958 2916 τοῖς
2987 2856 3200 2921 τέκνοις

670 2941 783 3010 Τήν
818 2942 916 3010 σήν
952 2939 1372 3017 μεγαλωσύνην,
2425 2939 2722 2997 Καλλόνων
2765 2943 2792 2998 ὁ
2823 2945 3123 3015 Δεσπότης.

666 3036 707 3085 Κ
749 3029 765 3052 ‘
925 3031 940 3048 ‘
980 3029 1014 3086 λ
1056 3029 1089 3086 λ
2626 3032 2638 3050 '
2921 3033 2934 3049 ‘

712 3051 767 3085 αι
796 3051 950 3107 γενεα
1018 3051 1051 3085 α
1095 3033 1214 3101 ήσει
2497 3038 2850 3087 Καταπαυσον
2881 3054 2973 3088 τον
3002 3035 3194 3107 κόπον,

670 3123 791 3174 Σῶν
824 3118 997 3196 ἔργων
1025 3119 1122 3184 τὰς
1159 3117 1434 3194 δυνάμεις.
2423 3119 2648 3196 Ἡνίοχε
2679 3119 2886 3196 ἡμέρας
2919 3142 2932 3154 ·

737 3206 929 3271 Διδοῦς
959 3208 1438 3286 συντετρεμμένοις
2420 3209 2720 3266 Ἀνέτειλεν
2751 3211 2852 3288 γὰρ
2886 3210 3060 3274 ἄλλος

670 3299 939 3374 Βραχίονα
976 3299 1064 3353 καὶ
1095 3299 1317 3373 κράτος,
2419 3296 2616 3361 Ἥλιος
2648 3298 2726 3361 εἰς
2767 3299 2858 3354 τὸν
2899 3302 3130 3374 κόσμον.

672 3389 769 3446 Καὶ
798 3393 1086 3444 κατασπῶν
1117 3386 1299 3467 ἐδάφει
1963 3464 1992 3467 Α.
2491 3388 2704 3463 Λ·5χνον
2735 3391 2825 3445 τὸν
2867 3392 3012 3445 θεῖον
3038 3394 3200 3445 πᾶσιν

667 3480 858 3557 Ὀφρῦν
885 3480 986 3549 τήν
1019 3464 1359 3554 ἐπηρμένην.
1950 3464 1994 3531 C
2422 3479 2509 3536 Ἐν
2546 3477 2696 3551 μέσῳ
2724 3485 2825 3549 τῆς
2857 3478 3086 3556 λυχνίας

738 3568 1005 3644 Ἐξάρχου
1035 3575 1134 3638 τῆς
1165 3568 1390 3644 χορείας
2422 3571 2682 3642 Ὀρῶντες
2712 3566 3112 3648 δᾳδουχοῦντα,

665 3651 829 3712 Δαϐίδ
864 3676 876 3690 ο
909 3656 990 3718 τίς
1022 3655 1341 3732 ἐξαγγέλλει
2421 3659 2566 3721 Λαὸς
2596 3663 2728 3714 Θεοῦ
2761 3659 3065 3740 εὐφραίνου.

668 3747 776 3810 Τὰς
806 3743 1139 3818 δυναστείας,
1172 3744 1320 3818 ᾅδων
2490 3747 2894 3821 Μεγαλύνωμεν
2924 3749 3057 3823 ἅμα,

667 3836 770 3904 Τὴν
803 3832 1004 3889 αἴνεσιν
1038 3834 1244 3908 Κυρίου
1271 3853 1285 3904 ;
2423 3833 2732 3909 Αἷνέσωμεν
2767 3839 3026 3911 βοῶντες,

736 3926 983 3996 Ζήτησον
1017 3922 1302 3998 μελῳδούς
1335 3944 1432 3979 σου
2421 3926 2484 3981 Ἥ
2516 3923 2818 3987 ἀλλοίωσις
2851 3927 2988 3998 αὕτη

669 4012 990 4088 Συνκρούειν
1020 4015 1118 4083 τήν
1151 4014 1371 4086 κινύραν
1407 4032 1421 4048 ·
2424 4013 2578 4082 Δεξιὰ
2606 4015 2703 4067 τοῦ
2733 4013 3005 4085 ’Υψίσ-.ξιυ.

664 4100 875 4175 Ἡμέρα
906 4103 1102 4176 ἑορτῆς
1133 4105 1236 4178 γὰρ
2496 4101 2602 4159 Ναὶ
2635 4098 2727 4171 δὴ,
2758 4100 2848 4155 καὶ
2883 4099 3153 4176 βασιλέως

667 4191 926 4267 Ύπάρχει
956 4196 1058 4247 τοῦ
1090 4192 1384 4247 Δεσπότου.
2429 4192 2652 4268 Κεφαλῇ
2690 4195 2758 4266 τῇ
2793 4191 2920 4266 ἁγίᾳ

734 4283 798 4335 Ἦ
830 4279 956 4356 πρὶν
986 4278 1338 4358 ἀλγυνομένη
2424 4284 2527 4334 Τοῦ
2561 4279 2732 4356 λόγου
2764 4281 2812 4353 ἐξ
2844 4280 3047 4337 ἀνθέων

622 4374 708 4442 Τῷ
738 4374 1048 4446 σπαραγμῷ
1074 4375 1181 4427 τῶν
1208 4368 1432 4443 τέκνων,
2427 4364 2594 4439 Διάδη
2607 4388 2680 4441 μα
2711 4366 3016 4426 πλεκὲσθω.

527 4522 788 4594 Ejusdem
818 4525 1054 4596 hymnus
1084 4527 1144 4580 in
1172 4539 1408 4597 persona
1439 4520 1702 4580 Ecclesiae
1731 4523 1791 4578 in
1825 4519 2104 4578 Basiliam
2139 4519 2355 4578 Christi
2385 4522 2630 4577 amicum
2664 4521 3076 4594 imperatorem.
3113 4551 3182 4563 ——
3221 4520 3332 4578 Ode
3359 4523 3407 4576 Ι.

266 4665 590 4723 Audiamus
613 4682 815 4724 omnes
845 4667 1064 4740 regiam
1097 4682 1400 4739 sponsam,
1433 4665 1647 4723 Christi
1683 4664 2019 4732 Ecclesiam,
2055 4665 2295 4736 mystice
2325 4665 2730 4722 exsisteotem.

265 4753 584 4812 Consilium
613 4756 898 4813 Altissimi
931 4758 990 4813 in
1020 4762 1304 4813 aeternum
1337 4771 1573 4812 manere
1596 4757 1821 4822 scitote,
1855 4754 2097 4811 consilia
2127 4758 2323 4810 autem
2355 4753 2666 4810 hominum
2701 4754 3036 4810 ﬁrmitatem
3067 4770 3184 4809 non
3218 4752 3450 4810 habere.

267 4842 567 4902 Generatio
597 4845 857 4903 laudabit
879 4851 1040 4902 tuam
1078 4845 1565 4918 magnitudinem,
1599 4849 1654 4900 et
1685 4843 1978 4917 generatio
2011 4844 2280 4916 loquetur
2308 4858 2548 4913 operum
2580 4848 2819 4899 tuorum
2852 4844 3114 4899 virtutes.

263 4932 482 4990 Dedisti
508 4934 600 4990 his
654 4935 754 5008 qui
785 4935 1020 4991 contriti
1052 4945 1187 4990 sunt
1217 4935 1525 4992 brachium
1555 4937 1614 4990 et
1644 4932 1986 5005 potentiam,
2019 4937 2074 4988 et
2104 4933 2176 4988 ad
2209 4932 2401 4988 solum
2433 4932 2695 5002 dejecisti
2719 4933 2818 5002 qui
2843 4931 3088 4987 frontem
3121 4929 3496 4989 extollebant.

259 5023 614 5096 Principium
644 5041 707 5081 es
740 5024 969 5080 Davidis
1001 5024 1218 5081 cantici
1245 5045 1258 5092 ;
1284 5025 1418 5096 quis
1452 5022 1787 5096 praedicabit
1817 5023 2121 5094 potentias,
2155 5039 2369 5079 canens
2401 5022 2630 5078 Domini
2667 5021 2901 5077 laudem
2934 5021 2961 5076 ?

265 5114 462 5179 Quaere
494 5115 747 5170 musicos
776 5113 881 5169 tibi
908 5114 1169 5187 cinyram
1202 5114 1530 5185 pulsantes,
1560 5113 1686 5169 dies
1715 5113 1873 5170 enim
1904 5113 2090 5169 festus
2121 5113 2512 5170 Dominatoris
2543 5112 2762 5183 agitur.

265 5203 392 5268 Quae
419 5209 594 5262 antea
622 5209 796 5278 rupta
825 5209 947 5261 erat
971 5204 1302 5262 turbatione
1334 5205 1613 5271 ﬁliorum,
1647 5220 1848 5260 eorum
1881 5220 2036 5260 nunc
2066 5204 2434 5260 concordiam
2465 5205 2727 5260 lsetanter
2756 5202 3118 5261 concelebra.

263 5294 465 5352 Puellae
487 5295 759 5366 virgines,
781 5295 1048 5366 juvenes,
1083 5295 1144 5350 in
1175 5296 1349 5352 domo
1381 5296 1628 5366 querito
1659 5311 1782 5366 quae
1813 5302 2026 5350 canant
2061 5295 2462 5351 universorum
2496 5297 2730 5365 Regem.

261 5383 392 5444 Ecce
421 5401 538 5455 me,
569 5391 630 5442 ut
657 5384 840 5442 alium
871 5385 1083 5443 cmlum
1116 5385 1508 5458 splendidam,
1543 5384 1682 5440 ﬁliis
1715 5393 1776 5440 ut
1807 5385 1980 5440 astris
2012 5384 2246 5441 decorat
2275 5384 2602 5457 imperator.

249 5472 486 5540 Quiesce
514 5492 549 5530 a
577 5473 795 5545 labore,
825 5474 1029 5548 auriga
1059 5474 1195 5544 diei,
1227 5481 1392 5532 ortus
1423 5479 1513 5531 est
1543 5474 1699 5530 enim
1731 5473 1820 5530 sol
1853 5473 2007 5529 alius
2041 5474 2100 5529 in
2132 5473 2442 5530 mundum.

233 5564 461 5622 Lucem
490 5562 752 5620 divinam
784 5566 1058 5622 omnibus
1091 5565 1379 5637 lampadis
1408 5564 1470 5620 in
1494 5563 1684 5621 medio
1717 5562 2060 5621 illuoentem
2087 5566 2410 5630 cernentes,
2446 5563 2545 5621 Dei
2580 5563 2813 5637 popule,
2834 5565 3106 5637 gaudete.

221 5649 689 5728 Magniﬁcemus
720 5653 918 5722 simul,
951 5655 1264 5712 laudemus
1297 5655 1687 5713 acclam-tntes
1723 5671 1736 5708 :
1771 5653 1903 5710 Haec
1935 5654 2178 5711 mutatio
2211 5658 2298 5710 est
2327 5655 2576 5712 dexteras
2631 5655 2879 5712 Excelsi.

239 5741 330 5800 Ita
353 5743 617 5818 quidem,
651 5747 708 5801 et
733 5743 1096 5817 imperatoris
1127 5754 1324 5805 sancto
1354 5746 1530 5819 capiti
1560 5762 1592 5802 e
1621 5760 1966 5804 sermonum
1999 5745 2249 5804 ﬂoribus
2279 5745 2552 5805 diadema
2580 5749 2948 5805 contexatur.
