4090 6228
438 366 558 428 583
1639 353 1902 416 PHOTH
1949 353 2053 414 PA‘

2209 351 2468 412 \RCHIE
2511 352 2630 413 ΟΡ.
3721 358 3824 420 584

901 491 1114 558 Ξενίζει
1148 509 1234 563 με,
1268 486 1313 542 ὢ
1343 489 1486 560 ἅναξ,
2111 491 2165 558 Α
2582 483 2652 539 Τὸ
2683 485 2817 557 ὕψος
2844 488 2946 553 τῆς
2977 482 3194 558 ἀγάπης

836 581 902 636 Ἠ
936 579 1141 640 σύνεσις
1172 577 1370 649 ἐκείνη,
2584 568 2751 628 Δαϐὶδ
2784 573 3268 652 συνευφραινέσθω.

834 669 906 723 Τὰ
936 662 1068 742 ἔργα
1100 689 1194 723 σου
1225 668 1292 724 τά
1321 670 1436 723 θεῖα
2651 663 3002 734 Ὑπὲκστητε,
3036 666 3086 718 οἱ
3119 661 3284 719 ἄλλοι

829 764 943 814 Τῶν
977 763 1160 832 σοφῶν
1194 757 1607 834 βουλευμάτων,
2584 751 2839 816 Βασιλεῖς
2870 757 2967 809 τοῦ
2999 751 3200 824 Ἰούδα,

902 848 1012 904 Οὐκ
1041 848 1117 902 ἔτι
1153 848 1426 917 στασιάζει
2581 842 2653 897 Οὐ
2681 839 2908 897 δύνασθε
2932 841 3078 916 ἡλίῳ

829 943 944 993 Τῶν
971 937 1168 992 τὲκνων
1205 939 1232 992 ὁ
1262 937 1434 1013 χορός
1471 957 1564 1010 μοι
1597 954 1610 968 '
2581 930 2806 1006 Ἐρίζειν
2841 933 2892 986 o't
2923 933 3238 1006 σπινθῆρες.

831 1027 1031 1082 Βαθεῖα
1061 1028 1166 1102 γὰρ
1197 1026 1386 1100 εἰρήνη
2654 1016 2904 1096 Φοϐερὸς
2933 1021 3220 1096 πολεμίων

837 1120 942 1182 Τῆς
975 1123 1072 1186 σῆς
1115 1115 1304 1186 βλύζει
1335 1115 1546 1193 σοφίας.
2581 1113 2637 1164 Ὃ
2671 1109 2834 1187 μέγας
2861 1116 3279 1184 Κωνσταντῖνος,

901 1203 1155 1262 Παστάδα
1185 1209 1275 1261 νῦν
1304 1207 1404 1275 τήν
1439 1203 1580 1259 θείαν
2582 1198 2740 1256 Ἀλλ’
2772 1198 2872 1274 ὅρα
2907 1199 3175 1274 βασιλέως

832 1298 1002 1370 Ὁμοῦ
1037 1299 1521 1371 χοροστατοῦντες,
2583 1289 2652 1343 Τὸ
2681 1287 2898 1359 πλῆθος
2936 1293 3045 1346 τῶν
3071 1289 3368 1365 τροπαίων.

830 1383 1030 1458 Κόκλῳ
1065 1406 1168 1458 μου
1198 1387 1297 1454 τῆς
1326 1384 1596 1458 τραπέζης
2652 1383 2841 1455 Χῶρον
2872 1380 2958 1444 τίς
2983 1382 3229 1456 καθορῶν
3263 1377 3320 1436 δὲ

829 1476 1137 1550 Παρὲστηκε
1166 1475 1233 1529 τὰ
1265 1473 1439 1530 τέκνα.
2581 1466 2822 1525 Βλαστὸν
2853 1474 2962 1525 τῶν
2990 1468 3264 1548 θεοφῦτων

898 1563 1191 1638 Ῥωμαίων
1229 1561 1365 1640 μέγα
1396 1561 1573 1640 γένοςς
2579 1559 2684 1629 Τὴν
2716 1560 2953 1634 τερπνὴν
2992 1557 3268 1633 βασιλίδα,

829 1660 1066 1710 Ἒντεινε
1090 1654 1181 1709 καὶ
1222 1653 1535 1731 εὐφραίνου,
2591 1646 2678 1711 Εἷς
2711 1646 2960 1722 ἅμιλλαν
2991 1649 3255 1724 προέλθοι
3281 1668 3294 1719 ;

829 1745 1008 1820 ’ἰσχύϊ
1035 1743 1126 1798 καὶ
1159 1745 1366 1798 συνὲσει
2109 1816 2145 1820 ξ
2655 1744 2860 1815 Ψυχῆς
2892 1735 2950 1793 δὲ
2980 1741 3059 1810 τῷ
3089 1737 3277 1814 ὡραίῳ

829 1816 946 1890 Τοῦ*
964 1837 1132 1913 σοφοῦ
1168 1831 1460 1908 βασιλέως.
2109 1816 2155 1881 Β
2587 1829 2818 1904 Ἐρίζειν
2847 1831 2933 1891 τίς
2961 1829 3264 1904 τολμήσει,

900 1921 1216 1978 Συστὲλλου
1247 1923 1338 1976 καὶ
1380 1923 1455 1995 μή
1492 1921 1628 1996 μέγα
2584 1921 2699 1972 Τῶν
2732 1916 2892 1981 ὅσους
2922 1914 3192 1993 βασιλέων

825 2012 1087 2087 Ἐπαίρου
1119 2015 1187 2085 τῇ
1222 2011 1407 2086 σοφία,
2585 2007 2642 2060 Ὀ
2672 2007 2836 2075 ἥλιος
2863 2005 3071 2063 ἐπεῖδεν
3097 2027 3111 2076 ;

824 2104 920 2158 Τὸν
955 2104 1222 2176 ἡμέτερον
1261 2099 1506 2177 βλέπων,
2651 2098 2714 2148 Ὠ
2745 2092 2971 2170 ἄγαλμα
3002 2094 3212 2172 σοφίας,

824 2192 1133 2268 Σωλομὼν,
1172 2190 1420 2266 βασιλέα.
2584 2183 2970 2258 Καλλώπισμα
2999 2185 3246 2260 εῐρήνης,

891 2281 961 2336 Τὸ
993 2281 1270 2354 συμπαθὲς
1301 2279 1393 2334 καὶ
1425 2282 1595 2354 πρᾶον
2584 2272 2891 2350 Ἀγλάϊσμα
2929 2279 3037 2330 τῶν
3068 2276 3383 2352 σκήπτρων,

824 2370 994 2445 Ὃρών
1027 2374 1124 2424 τοῦ
1157 2366 1447 2442 βασιλέως,
2581 2366 2819 2420 Ἐντεινε
2849 2366 2938 2420 καὶ
2973 2363 3283 2442 εὐφραίνου.

502 2519 880 2576 Confundunt
910 2534 1022 2584 me,
1056 2533 1087 2572 o
1119 2516 1410 2588 princeps,
1442 2513 1553 2569 ista
1584 2513 1914 2583 prudentia,
1947 2527 2124 2585 opera
2153 2514 2276 2582 tua,
2299 2514 2357 2568 et
2386 2510 2583 2568 divina
2613 2512 2990 2569 consiliorum
3024 2512 3334 2584 sapientia.

504 2610 628 2662 Non
653 2608 775 2678 jam
807 2605 952 2662 mihi
975 2604 1244 2660 turbatur
1274 2602 1526 2659 filiorum
1559 2607 1764 2671 cmtus,
1796 2602 2089 2674 profunda
2117 2601 2273 2657 enim
2307 2618 2419 2674 pax
2447 2617 2477 2658 θ
2509 2605 2610 2658 tua
2640 2600 2930 2674 sapientia
2962 2605 3181 2659 manat.

503 2693 773 2748 Divinum
807 2707 962 2747 nunc
991 2689 1314 2746 thalamum
1345 2687 1522 2745 simul
1552 2689 2056 2761 circumaguntur,
2086 2691 2144 2744 et
2172 2688 2230 2744 in
2261 2687 2507 2745 circuitu
2541 2704 2755 2744 mense
2789 2704 2933 2744 meae
2965 2688 3069 2744 filii
3100 2688 3513 2761 disponuntur.

503 2783 895 2840 Romanorum
927 2797 1205 2851 magnum
1235 2795 1439 2849 genus,
1473 2778 1681 2834 extolle
1709 2786 1760 2834 et
1793 2777 2088 2850 gratulare
2117 2779 2295 2834 robur
2324 2783 2382 2834 et
2410 2777 2780 2850 prodeutiam
2811 2777 3096 2850 sapientis
3125 2779 3514 2852 imperatoris.

495 2871 904 2941 Abscondaris,
944 2886 1049 2926 nec
1080 2869 1332 2925 multum
1367 2869 1438 2923 de
1468 2867 1754 2940 sapientia
1785 2867 2111 2939 superbiae,
2135 2866 2426 2936 Salomon,
2460 2867 2873 2938 imperatorem
2905 2872 3174 2924 nostrum
3207 2869 3516 2940 aspiciens.

497 2961 949 3020 Misericordiam
977 2965 1033 3017 et
1065 2959 1573 3017 mansuetudinem
1604 2960 1806 3015 videns
1837 2959 2020 3016 nostri
2045 2959 2436 3030 imperatoris,
2473 2975 2707 3016 summa
2737 2960 2808 3016 de
2838 2959 3121 3016 charitate
3157 2959 3336 3016 David
3369 2961 3748 3034 congaudeat.

497 3053 893 3128 Subjicimini,
926 3053 1023 3108 alii
1055 3053 1210 3109 Juda
1239 3068 1425 3124 reges,
1458 3068 1574 3107 non
1607 3051 1850 3123 potestis
1882 3051 1991 3107 soli
2023 3049 2292 3107 scintillae
2328 3050 2695 3121 aequiparari.

498 3145 779 3202 Hostibus
807 3142 1194 3201 formidabilis
1225 3141 1329 3198 fuit
1359 3157 1609 3214 magnus
1640 3141 2078 3211 Constantinus,
2110 3141 2212 3197 sed
2245 3139 2614 3212 imperatoris
2645 3155 2815 3197 cerne
2845 3145 3196 3214 tropaeorum
3229 3142 3695 3200 multitudinem.

489 3239 708 3308 Agrum
740 3233 841 3305 qui
871 3233 1238 3305 conspexerit
1268 3232 1367 3288 Dei
1403 3231 1617 3303 plantis
1651 3230 2058 3300 luxuriantem,
2084 3229 2412 3301 jucundam
2449 3229 2594 3285 hanc
2623 3229 2859 3302 regiam,
2892 3232 2962 3286 ad
2994 3231 3391 3289 aemulationis
3423 3237 3719 3290 certamen

429 3328 687 3385 accedat.

485 3417 703 3473 Anima
734 3431 866 3471 vero
898 3412 1316 3487 pulchritudini
1347 3412 1477 3484 quis
1509 3413 1766 3468 conferre
1797 3429 1858 3468 se
1888 3410 2127 3467 audebit
2157 3426 2359 3482 regum
2391 3426 2534 3482 quos
2565 3410 2650 3467 sol
2682 3411 2983 3469 illustrat?

489 3505 532 3562 Ο
559 3505 860 3578 sapientiae
887 3503 1140 3576 eﬂigies!
1175 3504 1336 3576 pacis
1368 3507 1796 3568 ornamentum,
1829 3506 2186 3574 sceptrorum
2220 3502 2418 3570 decus,
2454 3503 2746 3575 applaude
2777 3507 2834 3559 et
2863 3503 3076 3560 laetare.

846 3669 950 3721 Τοῦ
973 3663 1137 3720 αὐτοῦ
1176 3663 1605 3741 ἐγκωμιαστικὸς
1637 3663 1712 3725 εἷς
1745 3661 2023 3719 Βασίλειον
2052 3663 2143 3719 τὸν
2177 3662 2535 3741 φιλόχριστον
2573 3663 2859 3737 δεσπότην.
2893 3700 2964 3712 —
2995 3671 3172 3745 Ἦχος
3201 3667 3294 3724 πλ.
3327 3670 3397 3745 β’.

881 3808 1016 3864 Ἀπὸ
1050 3809 1293 3885 λογικῶν
1327 3806 1620 3881 λειμώνων
2091 3812 2142 3876 C
2574 3807 2770 3881 Ἐδόθη
2802 3815 2917 3880 νῦν,
2955 3809 3208 3886 βασιλεῦ,
3241 3834 3328 3868 σοι

811 3898 1017 3977 Σοφίας
1049 3893 1306 3972 λάϐωμεν
1339 3895 1496 3968 ἄνθη,
2560 3901 2709 3956 Κατᾶ
2735 3902 2835 3970 τὴν
2866 3902 3011 3958 θείαν
3042 3899 3290 3979 καρδίαν.

808 3991 925 4046 ’Ίνα
955 3993 1050 4044 τοῦ
1082 3993 1251 4068 σοφοῦ
1283 3985 1548 4043 δεσπότου
2634 3991 2728 4044 Διὸ
2759 3997 3001 4066 κρατεῖτε
3026 3992 3121 4054 τὰς
3154 3998 3368 4072 χεῖρας,

803 4077 994 4152 Τιμίαν
1030 4079 1311 4153 στὲψιυμεν
1341 4078 1528 4152 κάραν.
2558 4081 2657 4134 Τὸν
2692 4077 3022 4155 στεφοδότην
3059 4081 3294 4156 ὑμνεῖτε,

876 4165 1110 4225 Βασιλεῦ
1140 4168 1416 4240 κράτιστε,
1452 4165 1678 4245 χαίροις
2561 4168 2660 4222 Καὶ
2693 4166 2959 4240 δεσπότην
2993 4173 3274 4247 στεφάνοις

804 4256 1146 4330 Οἰκουμένης
1176 4255 1334 4330 ὄμμα
1365 4258 1532 4327 θεῖον,
2560 4257 2826 4314 Ἐπαίνων
2858 4265 3274 4332 κατακοσμεῖτε.

798 4350 922 4400 ’Τῶν
955 4346 1200 4400 ἀνάκτων
1230 4346 1264 4412 ἡ
1301 4341 1450 4414 δόξα,
2629 4347 2787 4421 Ἐαρι
2818 4353 2920 4418 τῆς
2950 4355 3048 4418 σῆς
3081 4351 3273 4428 σοφίας

809 4439 922 4491 Τῶν
957 4432 1228 4508 βασιλέων
1253 4435 1316 4489 τὸ
1349 4435 1552 4506 θαῦμα.
2559 4436 2630 4491 Τὸ
2660 4440 2916 4510 ποίμνιον
2948 4438 3328 4514 περιθαλπων,

874 4524 1035 4585 Γὲνος
1062 4524 1124 4578 τὸ
1161 4518 1295 4599 μέγα
1325 4523 1637 4596 Ῥωμαίων,
2562 4525 2681 4580 Ἐπὶ
2713 4526 2886 4599 νομὰς
2915 4527 3143 4591 τούτους
3171 4527 3320 4604 ἄγων

801 4618 863 4672 Ἥ
897 4616 1135 4690 Χριστοῦ
1167 4611 1516 4689 κληρονομία
2560 4616 2660 4679 Τὰς
2692 4618 3015 4696 ζωηφόρους
3049 4618 3258 4690 ἰθύνης·

943 4772 1193 4845 Ejusdem
1222 4771 1594 4844 panegyricus
1625 4770 1686 4827 in
1717 4769 1987 4827 Basiliam
2021 4769 2233 4830 Christi
2253 4773 2493 4832 amicum
2525 4778 2939 4848 imperatorem.
2971 4812 3042 4821 —
3072 4780 3180 4839 Ode
3206 4783 3278 4838 II.

490 4911 568 4968 Ex
632 4913 814 4970 hortis
875 4915 1318 4973 rationabilibus
1373 4915 1668 4989 sapientia:
1727 4931 2037 4988 carpamus
2095 4917 2285 4986 ﬂores,
2343 4923 2408 4975 ut
2458 4920 2736 4992 sapientis
2793 4922 3162 4995 imperatoris
3219 4924 3417 4984 nobile
3467 4939 3798 4985 coronamus

415 5007 609 5059 caput

529 5019 609 5059 ut.

485 5019 602 5150 ilex
633 5094 1054 5166 potentissime,
1085 5097 1286 5168 salve,
1321 5098 1484 5154 orbis
1509 5097 1775 5154 divinum
1807 5096 2031 5168 lumen,
2063 5098 2392 5172 principum
2418 5101 2622 5173 gloria,
2658 5118 2856 5175 regum
2890 5104 3244 5178 prodigium.

489 5185 681 5241 Genus
713 5201 987 5254 magnum
1021 5186 1440 5258 Romanorum,
1473 5188 1689 5245 Christi
1722 5187 2048 5256 hereditas,
2080 5189 2188 5245 tibi
2214 5189 2415 5247 datum
2448 5196 2555 5259 est,
2591 5210 2624 5249 o
2646 5209 2766 5262 rex,
2799 5198 3030 5265 propter
3061 5200 3231 5252 tuum
3261 5194 3523 5254 divinum
3556 5215 3668 5256 cor.

497 5273 700 5345 Itaque
729 5274 1006 5330 manibus
1031 5272 1310 5347 plaudite,
1343 5293 1690 5334 coronarum
1723 5278 1977 5334 datorem
2009 5281 2262 5348 cantate,
2298 5283 2356 5336 et
2385 5280 2794 5353 imperatorem
2827 5283 3056 5342 coronis
3085 5284 3326 5342 laudum
3360 5287 3658 5344 adornata.

489 5366 628 5422 Tute
660 5363 961 5438 sapientia:
991 5381 1122 5423 vere
1153 5365 1302 5424 ovile
1332 5369 1670 5438 confoveus,
1708 5369 1777 5424 ad
1805 5385 2020 5440 pascua
2051 5367 2182 5427 illos
2214 5385 2393 5442 agens
2422 5370 2645 5429 viviﬁca
2672 5371 2910 5444 dirigas.
