4090 6228
410 356 524 416 587
1606 337 1871 400 PHOTII
1918 333 2443 396 PATRIARCHIE
2485 335 2602 397 GP.
3685 345 3810 404 588

409 492 780 559 ostendisset,
831 505 895 544 ac
954 485 1209 542 multum
1267 479 1524 552 undique
1565 475 1856 548 specimen
1901 471 2045 528 dile-

2161 468 2418 539 ἀληθινὸν
2477 469 2607 524 Θεὸν
2663 471 2828 543 ἡμῶν
2895 466 3332 547 ἐπιδεδειγμένος
3390 473 3648 544 πίστεως,
3713 473 3815 529 καὶ

413 865 576 905 servo
641 845 760 902 scio
817 841 1082 899 concredi
1149 838 1460 902 talentum,
1503 847 1756 904 eumque
1821 833 2053 901 propter

413 952 608 992 meum
639 932 948 990 Dominicm
971 926 1293 986 severitatis
1315 924 1726 988 occultantem,
1759 935 1864 975 nec
1897 918 2050 974 unde

409 1025 522 1083 sibi
554 1024 704 1096 quod
736 1021 1016 1078 creditum
1063 1022 1207 1082 erat,
1241 1015 1515 1072 excidens
1563 1011 1938 1083 diriperetur,
1985 1022 2050 1062 ac

406 1117 711 1186 propterea
739 1111 1024 1166 talentum
1058 1111 1115 1162 et
1155 1105 1256 1177 qui
1305 1104 1539 1159 dederat
1593 1098 2050 1186 multiplicatum

406 1185 523 1258 non
554 1199 826 1268 reddidit,
853 1198 1137 1254 rationem
1162 1195 1232 1251 ab
1265 1208 1330 1250 eo
1350 1191 1594 1263 reposci,
1629 1202 1878 1260 eumque
1899 1185 2051 1256 ignis

405 1311 470 1351 ac
499 1293 776 1364 gehennae
808 1286 1348 1348 condemnationem
1375 1282 1590 1340 subire.

476 1561 693 1618 Verum
722 1576 822 1616 cur
851 1559 971 1616 haec
1001 1575 1035 1615 a
1065 1573 1155 1614 me
1185 1555 1542 1617 scribuntur,
1566 1556 1622 1608 et
1650 1550 1843 1623 gliscit
1865 1548 2048 1615 dolor,

408 1657 463 1708 et
507 1651 773 1708 molestia
815 1649 1162 1718 intenditur,
1219 1650 1276 1703 et
1323 1642 1578 1702 turbatio
1623 1636 2050 1712 investigatur?

405 1741 553 1796 Nam
575 1737 855 1794 memoria
873 1753 1064 1792 rerum
1083 1735 1384 1792 anxiarum
1404 1732 1624 1788 malum
1640 1729 1831 1786 acrius
1851 1727 2047 1791 efficit,

2158 557 2374 627 πολλὴν
2407 561 2749 638 πανταχόθεν
2782 560 2882 628 τήν
2917 565 3106 634 πεῖραν
3137 568 3234 630 τῆς
3265 561 3344 623 είς
3383 561 3545 616 αὐτὸν
3595 564 3814 637 ἀγάπης

2161 645 2432 718 δεδῶκὼς,
2483 648 2665 723 ὥσπερ
2709 650 2832 704 τινα
2888 647 3160 725 κορωνίδα
3215 655 3324 706 τῶν
3381 651 3610 725 πρόσθεν
3661 652 3818 726 αὐτῷ

2159 737 2346 799 καλῶς
2384 736 2774 814 πεπραγμένων
2831 759 2890 794 τε
2941 739 3031 794 καὶ
3091 737 3484 814 διηνυσμένων,
3533 744 3633 812 τήν
3681 764 3818 798 ποι-

2165 829 2425 902 μαντικήν
2479 830 2616 906 πρὸς
2667 833 2763 886 τοῦ
2813 827 3140 885 διδασκάλου
3187 831 3408 902 ἠξιοῦτο
3449 830 3814 910 λειτουργίαν

2160 918 2529 991 ἀναδέξασθαι.
2563 920 2736 977 Ἀλλά
2769 922 2877 995 μὴν
2909 923 2998 977 καὶ
3031 920 3232 978 δοῦλον
3263 921 3382 978 οἶδα
3411 925 3817 980 καταπιστευό-

2163 1032 2324 1084 μενον
2383 1010 2665 1081 τάλαντον,
2712 1013 2804 1066 καὶ
2854 1010 2925 1067 δι’
2975 1008 3260 1068 εὐλάϐειαν
3325 1021 3424 1084 τῆς
3462 1023 3813 1086 Δεσποτικῆς

2159 1101 2454 1176 αὐστηρίας
2499 1102 2964 1177 κατακρύπτοντα,
2993 1100 3084 1157 ι’ίνα
3125 1105 3371 1176 μήποθεν
3421 1105 3573 1177 αὐτῷ
3608 1106 3674 1161 τὸ
3705 1105 3818 1179 ἐμ.-

2159 1189 2438 1243 πιστευθὲν
2485 1186 2733 1244 διαπεσὸν
2785 1189 3126 1262 ἀνάρπαστον
3165 1192 3411 1265 γενηται,
3455 1192 3547 1246 καὶ
3598 1193 3682 1247 ὅτι
3727 1195 3813 1265 μή

2157 1277 2220 1332 τὸ
2258 1276 2528 1333 τάλαντον
2586 1282 2664 1349 τῷ
2723 1274 2986 1334 δεδωκότι
3040 1277 3470 1355 πλειστηριάσας
3527 1281 3817 1337 ἀπέδωκεν

2160 1367 2381 1431 εὐθύνας
2449 1367 2924 1444 εἷσπραττόμενον,
2987 1369 3076 1424 καὶ
3136 1375 3240 1445 πῦρ
3298 1370 3391 1426 καὶ
3448 1370 3659 1446 γέενναν
3701 1373 3812 1443 τήν

2158 1455 2457 1528 καταδίκην
2493 1457 2874 1532 ὑφιστάμενον.

2228 1544 2403 1602 Ἀλλὰ
2433 1545 2487 1602 τί
2515 1548 2685 1602 ταῦτά
2727 1569 2820 1620 μοι
2850 1545 3134 1626 γράφεται,
3165 1549 3253 1604 καὶ
3284 1551 3346 1606 τὸ
3378 1549 3607 1628 ἄλγημα
3648 1549 3814 1623 αὔξε-

2159 1657 2270 1707 ται,
2299 1636 2388 1692 καὶ
2419 1635 2480 1692 τὸ
2512 1636 2759 1712 λυπηρὸν
2795 1635 3136 1709 ἐπιτείνεται,
3168 1641 3258 1695 καὶ
3290 1640 3354 1696 τὸ
3401 1638 3668 1717 διοχλοῦν
3703 1644 3815 1698 ἇν-

2164 1727 2475 1800 ιχνεύεται;
2509 1730 2702 1800 μνήμη
2739 1729 2842 1805 γὰρ
2874 1732 2980 1783 τῶν
3028 1729 3262 1802 ἀνιαρῶν
3303 1729 3553 1806 ὀξύτερον
3584 1732 3647 1786 τὸ
3696 1732 3810 1787 πά-

408 1848 474 1888 ac
505 1830 794 1886 sublevari
826 1845 941 1885 non
965 1828 1102 1886 sinit
1133 1842 1458 1883 maerorem.
1483 1824 1558 1879 At
1583 1822 1737 1879 enim
1780 1819 1930 1875 hanc
1978 1817 2045 1873 ob

2160 1817 2249 1878 θος
2299 1817 2678 1891 ἂπεργάζεται,
2727 1818 2817 1873 καὶ
2864 1820 3212 1895 κουφίζεσθαι
3255 1821 3356 1890 τήν
3399 1821 3666 1893 ῥᾳθυμίαν
3699 1822 3814 1877 οὐκ

406 1936 640 1976 causam
671 1935 868 1976 eorum
913 1935 1039 1989 quas
1087 1917 1429 1972 acciderunt
1465 1911 1748 1984 tragoedia
1785 1909 1956 1981 quasi
1984 1907 2044 1962 in

401 2022 578 2065 scena
600 2012 730 2064 acta
765 2014 870 2076 est,
902 2010 967 2062 ut
997 2005 1200 2063 vestris
1244 2002 1622 2067 orationibus,
1665 1999 1858 2056 nescio
1901 2012 2044 2068 quo-

401 2097 573 2153 modo
604 2095 889 2152 creditum
920 2094 1089 2150 nobis
1120 2109 1352 2166 gregem
1385 2087 1930 2164 pulchre,videntes
1953 2083 2045 2156 agi

398 2190 456 2242 et
485 2184 794 2257 gubernari
826 2185 1177 2241 ofﬁcientem
1219 2181 1385 2238 nobis
1424 2178 1786 2235 difﬁcultatis
1830 2175 2043 2232 nubem

396 2273 803 2344 discutiamus,
834 2279 890 2330 et
911 2273 1127 2330 inertiis
1147 2271 1455 2343 caliginem
1485 2268 1855 2341 eﬁ‘ugiamus.
1875 2264 2046 2321 Novit

398 2365 580 2435 enim,
619 2364 778 2420 novit
819 2362 1192 2435 gubernatori
1235 2360 1490 2417 secundo
1521 2362 1692 2414 vento
1715 2355 1878 2412 navis
1917 2370 2046 2411 cur-

399 2470 555 2521 rens,
581 2470 646 2508 ac
667 2451 892 2524 egregie
914 2451 1329 2522 gubernaculis
1351 2452 1510 2504 recta
1537 2446 1794 2502 laetitiam
1821 2443 2043 2512 atl'erre,

402 2547 461 2598 et
489 2542 757 2598 Ecclesiae
787 2544 970 2598 castus
1005 2540 1237 2610 pietate,
1267 2536 1697 2607 virtutibusque
1722 2533 2045 2591 exuberans

403 2633 736 2706 praefectum
755 2636 811 2688 et
826 2636 1116 2703 pastorem
1136 2630 1365 2687 afﬁcere
1387 2628 1697 2698 voluptate,
1722 2631 1778 2682 et
1793 2625 2044 2693 efﬁcere,

407 2727 473 2778 ut
505 2721 742 2778 incertae
826 2721 1060 2783 mentis,
1109 2719 1435 2791 inopiaque
1491 2715 1721 2773 consilii
1771 2713 2044 2770 nebulam

407 2811 720 2885 abstergat.

471 3081 668 3150 Nuper
713 3075 912 3149 itaque
951 3091 1084 3132 cum
1137 3074 1210 3143 is,
1263 3072 1357 3129 cui
1390 3075 1524 3129 ante
1564 3087 1671 3128 nos
1719 3069 2042 3127 sacerdotio

399 3168 566 3239 fungi
598 3165 904 3239 obtigerat,
954 3181 1020 3221 eo
1068 3164 1289 3220 honore
1332 3161 1610 3219 abiisset:
1654 3160 1846 3217 nescio
1895 3176 2040 3231 quo-

396 3256 568 3312 modo
611 3253 854 3327 impulsi
899 3268 1115 3324 magna
1160 3268 1252 3308 me
1280 3251 1337 3306 vi
1369 3249 1809 3323 aggrediuntur,
1847 3252 1904 3306 et
1942 3247 2042 3319 qui

399 3343 791 3402 censebantur
828 3343 888 3398 in
921 3341 1094 3410 clero,
1127 3344 1182 3397 et
1205 3341 1610 3413 episcoporum
1649 3337 2042 3412 metrOpolita-

399 3449 611 3488 norum
651 3437 989 3499 conventus,
1020 3435 1077 3486 et
1116 3434 1252 3486 ante
1285 3430 1408 3494 hos,
1449 3444 1695 3498 cumque
1725 3428 1793 3482 iis
1833 3425 2045 3497 pietate

402 3523 686 3592 praestans
714 3519 1129 3589 Christumque
1147 3517 1396 3588 diligens
1418 3515 1816 3586 imperator,in
1839 3529 2044 3570 omnes

403 3609 640 3680 quidem
657 3607 946 3678 benignus
970 3611 1246 3678 etequus
1266 3609 1324 3662 et
1345 3605 1639 3660 humanus
1657 3602 1820 3675 (quid
1843 3602 1998 3660 enim
2018 3603 2047 3658 ?

401 3713 606 3754 verum
638 3696 952 3752 dicendum
991 3712 1103 3752 non
1128 3699 1216 3750 est
1245 3696 1290 3767 (Ι)
1323 3710 1428 3750 nec
1459 3709 1812 3766 quemquam
1843 3709 2043 3748 eorum

407 3786 506 3858 qui
535 3791 668 3842 ante
693 3783 1264 3858 ipsumimperarunt
1279 3784 1550 3856 equitate
1571 3799 1767 3855 parem
1792 3781 2041 3852 habens;

405 3875 551 3931 mihi
569 3891 701 3931 vero
714 3879 842 3931 tum
861 3874 1221 3931 inhumanus
1234 3874 1464 3946 quidem
1478 3873 1637 3929 visus
1650 3888 1716 3928 ac
1731 3871 2042 3939 violentus,

400 3963 836 4035 admodumque
858 3962 1288 4019 formidandus.
1327 3963 1379 4018 Is
1409 3960 1562 4018 enim
1595 3977 1715 4016 una
1743 3976 1874 4016 cum
1892 3976 2048 4017 com-

399 4059 714 4112 memorato
743 4054 1107 4110 sacerdotum
1143 4059 1294 4109 ccstu
1341 4050 1484 4108 nihil
1517 4051 1851 4107 remittebat
1889 4051 1960 4106 de
1992 4050 2046 4106 vi

399 4150 456 4200 et
478 4143 865 4216 impressione
899 4143 1043 4199 mihi
1074 4142 1356 4212 facienda,
1399 4142 1498 4198 sed
1539 4142 1920 4213 quamobrem
1953 4155 2046 4196 me

399 4233 754 4290 dimissurus
788 4250 900 4288 non
933 4232 1486 4300 esset,excusatione
1523 4231 2048 4286 utebaturconsen-

401 4322 603 4378 tientia
669 4322 1042 4376 sacerdotum
1108 4321 1421 4376 voluntatis
1474 4327 1528 4375 et
1582 4319 1800 4391 studii;
1865 4335 2046 4391 seque

403 4413 580 4468 etiam
605 4410 654 4466 si
676 4409 866 4476 vellet,
901 4425 1015 4463 non
1050 4425 1218 4480 posse
1258 4407 1613 4479 postulatum
1644 4425 1839 4466 meum
1873 4410 2046 4481 perﬁ-

399 4515 550 4555 cere.
605 4499 683 4552 Ad
737 4499 1068 4553 sacerdotes
1128 4502 1324 4554 autem
1375 4513 1440 4553 ac
1499 4500 1769 4553 caeterum
1823 4499 2043 4555 clerum

397 4589 676 4658 (magnus
720 4585 874 4644 enim
919 4602 1200 4643 numerus
1248 4588 1618 4658 convenerat)
1667 4603 1737 4643 ne
1784 4587 2046 4644 obsecra-

399 4675 579 4733 tionis
628 4678 864 4751 quidem
916 4693 1058 4735 mers
1106 4679 1281 4734 verba
1311 4675 1464 4733 clare
1518 4675 1963 4748 perveniebant:
1999 4679 2048 4734 si

399 4766 615 4838 quibus
642 4783 777 4826 vero
807 4785 875 4826 ea
904 4768 1260 4838 incidebant,
1305 4784 1422 4823 non
1466 4766 1863 4838 recipiebant;
1914 4784 2047 4823 cum

395 4857 506 4915 hoc
537 4875 716 4915 unum
748 4864 803 4916 et
833 4860 1095 4916 meditati
1146 4864 1365 4929 essent,
1411 4862 1468 4915 et
1513 4858 1702 4914 dicere
1754 4857 2047 4914 instituis-

372 4952 547 5018 .sent,
569 4965 660 5005 me
680 4950 918 5006 omnino
939 4950 1022 5008 vel
1058 4950 1350 5008 nolentem
1382 4949 1492 5006 hoc
1520 4948 1874 5021 praefecturas
1901 4965 2049 5004 onus

398 5038 691 5110 suscipere
721 5045 1004 5112 oportere.

2152 1904 2453 1963 ἐνδίδωσιν.
2515 1906 2692 1964 Ἀλλά
2741 1908 2845 1982 γάρ
2898 1909 3102 1981 ταύτης
3155 1906 3306 1964 ἓνεκα
3349 1917 3448 1980 τῆς
3479 1910 3658 1974 αἰτίας
3687 1915 3809 1966 τῶν

2155 1991 2585 2071 συμϐεϐηκότων
2632 1999 2666 2067 ἡ
2715 1995 2997 2072 τραγῳδία
3045 1995 3551 2071 διεσκηνοποίηται,
3609 2001 3684 2063 ὡς
3741 2000 3810 2057 ἂν

2152 2091 2270 2150 ταῖς
2321 2085 2607 2161 ὑμετέραις
2659 2085 2848 2162 εὐχαῖς
2898 2089 2983 2160 τὸ,
3031 2087 3128 2143 οὐκ
3159 2086 3266 2143 οἶδ’
3296 2087 3444 2151 ὅπως
3474 2088 3668 2157 εἰπεῖν,
3698 2090 3808 2163 ἐμ,-

2151 2176 2430 2230 πιστευθὶν
2466 2177 2603 2248 ἡμῖν
2642 2175 2893 2250 ποίμνιον
2941 2175 3125 2239 καλῶς
3173 2179 3404 2250 ὁρῶντες
3434 2175 3806 2256 ποδηγούμε-

2151 2263 2237 2318 νόν
2278 2286 2336 2320 τε
2383 2263 2473 2319 καί
2518 2260 2950 2342 κυϐερνώμενον,
3000 2268 3062 2321 τὸ
3106 2265 3469 2341 ἐπιπροσθοῦν
3518 2270 3658 2341 ἡμῖν
3694 2276 3803 2338 τῆς

2154 2353 2464 2428 ἀμηχανίας
2510 2354 2669 2432 νὲφος
2734 2353 3247 2428 ἂποσκευασώμεθα,
3303 2356 3392 2411 καὶ
3448 2357 3549 2425 τὴν
3614 2355 3806 2432 ἀχλὺν

2151 2445 2249 2512 τῆς
2283 2441 2551 2516 ῥᾳθυμίας
2593 2443 3012 2520 ὑπεκφύγοιμεν.
3045 2443 3178 2502 Οἵδε
3213 2444 3342 2519 γὰρ,
3392 2443 3512 2500 οἶδε
3560 2447 3650 2500 καὶ
3697 2466 3804 2500 κυ-

2154 2528 2386 2607 ϐερνήτῃ
2428 2529 2610 2595 καλῶς
2649 2534 2712 2588 τὸ
2753 2534 2956 2607 σκάφος
3006 2532 3404 2608 οὐριοδρομοῦν
3439 2555 3499 2590 τε
3540 2536 3634 2590 καὶ
3680 2557 3807 2604 πη-

2156 2619 2623 2700 δαλιουχούμενον
2672 2621 2926 2696 εὐθυμίας
2983 2623 3330 2678 καθίστασθαι
3382 2623 3663 2700 πρόξενον,
3700 2625 3804 2680 καὶ

2153 2713 2215 2766 τὸ
2263 2718 2363 2781 τῆς
2413 2709 2738 2778 Ἐκκλησίας
2788 2709 3073 2786 πλήρωμα
3131 2707 3371 2784 εὐσεϐείᾳ
3433 2713 3525 2767 καὶ
3583 2714 3812 2790 ἀρεταῖς

2157 2799 2553 2872 εὐθηνούμενον
2605 2799 2696 2854 τὸν
2743 2797 3076 2878 ἐφεστηκότα
3123 2801 3212 2855 καὶ
3269 2799 3517 2874 κριθέντα
3564 2801 3810 2878 ποιμαί-

2154 2910 2288 2962 νειν,
2321 2888 2619 2965 εὐφραινειν
2652 2911 2730 2958 τε,
2760 2890 2853 2944 καὶ
2883 2890 2944 2946 τὸ
2974 2897 3073 2960 τῆς
3121 2889 3436 2966 ἀμηχανίας
3477 2888 3817 2969 ὁμιχλῶδες

2153 2979 2575 3055 παρασκευάζειν
2608 2978 3030 3055 ἀποτρίψασθαι.

2225 3070 2383 3145 Ἀρτι
2415 3074 2700 3145 τοιγαροῦν
2731 3074 2829 3125 τοῦ
2861 3070 2968 3142 πρὸ
2998 3073 3158 3144 ἡμῶν
3182 3071 3470 3146 ἱερατεύειν
3494 3069 3815 3146 λαχόντος,

2154 3165 2254 3229 τῆς
2288 3159 2547 3230 τοιαύτης
2589 3158 2974 3232 ὑπεξελθόντος
3016 3161 3188 3233 ἀξίας,
3223 3160 3322 3216 οὐκ
3353 3157 3455 3216 οἶδ’
3503 3161 3651 3222 ὅπως
3702 3162 3816 3236 ὀρ-

2157 3244 2414 3323 μηθέντες
2471 3246 2794 3303 ἐπιτίθενταί
2855 3269 2948 3320 μοι
3003 3243 3298 3323 κραταιῶς,
3359 3247 3480 3302 ὅσοι
3516 3268 3576 3303 τε
3603 3247 3813 3322 κλήρῳ

2153 3337 2564 3413 κατειλεγμένοι
2595 3335 2918 3412 ἐτύγχανον,
2950 3336 3040 3392 καί
3085 3341 3191 3392 τῶν
3245 3336 3557 3392 ἐπισκόπων
3602 3357 3663 3392 τε
3707 3338 3813 3393 καὶ

2157 3424 2583 3502 μητροπολιτῶν
2631 3427 2694 3482 τὸ
2743 3423 3036 3502 ἄθροισμα,
3079 3426 3170 3481 καὶ
3219 3426 3324 3502 πρό
3382 3447 3443 3501 γε
3472 3427 3679 3482 τούτων
3707 3429 3814 3482 καὶ

2153 3514 2245 3569 σὺν
2292 3514 2476 3577 αὐτοῖς
2527 3517 2555 3570 ὁ
2607 3511 2935 3593 φιλευσεϐἡς
2979 3515 3070 3571 καὶ
3124 3514 3483 3592 φιλόχριστος
3541 3514 3813 3591 βασιλεὺς

2155 3607 2282 3659 πᾶσι
2319 3605 2412 3678 μὲν
2453 3606 2698 3680 χρηστὸς
2735 3603 2807 3660 ὣν
2836 3605 2924 3660 καὶ
2959 3604 3224 3675 ἐπιεικῆς,
3267 3605 3356 3660 καὶ
3388 3604 3816 3684 φιλάνθρωπος,

2155 3693 2242 3748 καὶ
2271 3695 2344 3768 (τί
2375 3695 2478 3770 γάρ
2514 3694 2579 3750 οὐ
2615 3697 2726 3774 χρὴ
2761 3693 2942 3773 λέγειν
2972 3694 3209 3766 ταληθές
3239 3698 3276 3770 ;)
3309 3691 3589 3771 οὐδ’ἕχων
3615 3693 3816 3750 ἄλλων

2153 3788 2261 3838 τῶν
2291 3783 2395 3854 πρὸ
2429 3784 2591 3838 αὐτοῦ
2647 3779 3116 3858 βεϐασιλευκότων
3162 3787 3230 3857 τῇ
3282 3782 3545 3855 ἐπιεικείᾳ
3589 3781 3816 3854 ἐξισού-

2161 3892 2342 3944 μενον,
2383 3871 2508 3944 ἐμοῖ
2541 3869 2587 3926 δ’
2627 3870 3046 3951 ἀφιλάνθρωπός
3085 3893 3169 3935 τις
3202 3869 3375 3928 ἐδόκει
3419 3872 3562 3943 τότε,
3619 3871 3816 3948 βίαιός

2154 3981 2232 4027 τε,
2265 3960 2354 4016 καὶ
2382 3959 2501 4016 λίαν
2533 3956 2782 4039 φοϐερός.
2816 3960 2957 4019 Οὐδὲ
2985 3963 3112 4038 γὰρ,
3146 3960 3275 4017 οὐδὲ
3310 3962 3502 4037 μικρὸν
3540 3963 3604 4031 ἦν
3656 3958 3816 4017 ἐνδι-

2159 4048 2285 4114 δοὺς
2343 4058 2444 4121 τῆς
2513 4053 2626 4126 ἅμα
2680 4053 2838 4108 παντὶ
2895 4057 2974 4124 τῷ
3020 4052 3402 4128 προειρημένῳ
3455 4056 3562 4107 τῶν
3611 4051 3818 4125 ἱερέων

2157 4141 2492 4216 πληρώματι
2525 4139 2834 4206 ἐπιθέσεως.
2863 4139 3021 4198 Ἀλλ’
3051 4142 3079 4196 ὁ
3113 4141 3208 4214 μὲν
3254 4141 3523 4218 πρόφασιν
3571 4145 3669 4196 τοῦ
3723 4143 3814 4214 μὴ

2160 4231 2409 4304 μεθήσειν
2461 4230 2700 4286 ἐποιεῖτο
2748 4231 2848 4299 τὴν
2897 4230 3188 4308 ὁμόψηφον
3238 4235 3346 4287 τῶν
3395 4231 3584 4305 ἱερέων
3619 4231 3815 4304 ὁρμὴν

2155 4320 2246 4374 καὶ
2287 4317 2552 4390 σπουδὴν,
2601 4320 2693 4375 καὶ
2741 4320 2815 4383 ὡς
2865 4321 2963 4376 οὐκ
3002 4318 3061 4375 ἃν
3096 4317 3309 4376 δύναιτο
3339 4320 3428 4376 καὶ
3463 4319 3818 4396 βουλόμενος

3133 4407 3156 4426 λ

2075 4448 2120 4512 D
2158 4407 2432 4465 ἐκτελέσαι
2487 4411 2587 4480 τήν
2647 4407 2882 4480 α’ίτησιν.
2940 4411 3070 4472 Τοῖς
3129 4407 3174 4464 δ’
3233 4408 3349 4466 ἐπεὶ
3405 4408 3550 4464 πολὺ
3584 4407 3823 4478 πλῆθος

2156 4498 2488 4573 συνείλεκτο,
2522 4497 2634 4555 οὐδ’
2668 4501 2718 4554 οἱ
2748 4507 2848 4569 τῆς
2875 4498 3276 4574 παρακλήσεως
3306 4501 3465 4572 ἡμῶν
3495 4496 3653 4574 λόγοι
3698 4519 3818 4554 κα-

2161 4591 2339 4666 θαρῶς
2390 4591 2577 4651 αὐτοῖς
2633 4591 3055 4667 προσεφέροντο.
3106 4591 3202 4652 Οἷς
3266 4587 3312 4644 δ’
3370 4588 3428 4644 ἂν
3489 4588 3576 4644 καὶ
3636 4608 3820 4662 προσ-

2160 4680 2412 4750 έπιπτον,
2445 4681 2506 4734 οὐ
2536 4681 2840 4756 προσίεντο.
2873 4682 2967 4734 Ἕν
3012 4677 3078 4748 δὴ
3110 4682 3272 4734 τοῦτο
3321 4679 3412 4734 καὶ
3447 4676 3818 4752 μελετήσασι,

2159 4770 2247 4824 καὶ
2289 4767 2464 4844 λέγειν
2515 4768 2892 4840 ἐξασκήσασιν,
2938 4771 3000 4824 τὸ
3051 4765 3160 4823 δεῖν
3210 4767 3309 4843 ἐμὲ
3355 4768 3566 4828 πάντως
3595 4768 3686 4822 καὶ
3725 4772 3816 4842 μή

2163 4859 2499 4935 βουλόμενον
2547 4861 2608 4914 τὸ
2654 4859 2874 4937 φορτίον
2919 4861 3017 4928 τῆς
3057 4857 3373 4920 ἐπιστασίας
3404 4857 3578 4912 αὐτῶν
3608 4854 3819 4914 ἀναδὲ-

2159 4951 2363 5022 ξασθαι.
2399 4947 2546 5004 Ἐπεί
2581 4946 2636 5003 δέ
2671 4969 2765 5022 μοι
2794 4947 3134 5026 πανταχόθεν
3159 4947 3213 5002 αἱ
3263 4944 3384 5003 ὁδοὶ
3429 4951 3536 5002 τῶν
3581 4943 3636 5000 ἐν
3679 4951 3818 5011 τοῖς

2159 5035 2347 5114 λόγοις
2379 5035 2776 5113 παρακλήσεων
2810 5036 3236 5114 ἆπεφράττοντο,
3275 5032 3562 5110 προεπήδα
3603 5035 3672 5090 τά
3698 5031 3817 5090 ’δά-

391 5148 550 5204 κρυα,
608 5129 696 5183 καὶ
757 5129 792 5198 ἡ
842 5130 940 5197 τῆς
990 5128 1222 5204 ἀπορίας
1275 5128 1453 5205 ἀχλὺς
1508 5130 1574 5184 τά
1631 5125 1841 5183 ἔνδοθεν
1891 5129 2065 5185 πάντα
2114 5127 2459 5205 πληρώσασα
2513 5135 2615 5199 τῆς
2669 5128 3011 5207 συγχύσεως,
3067 5127 3156 5183 καὶ
3227 5126 3424 5205 μέχρις
3507 5126 3681 5181 αὐτῶν
3742 5147 3820 5203 γε

390 5223 501 5276 τῶν
537 5219 805 5294 ὀμμάτων
833 5219 1212 5296 προσαράξασα
1243 5219 1318 5284 εἷς
1351 5221 1564 5295 ῥεῖθρον
1603 5220 2043 5294 μετεσκευάζετο.

457 5315 778 5385 Postquam
826 5329 961 5369 vero
1011 5330 1214 5371 omnes
1262 5313 1406 5369 mihi
1444 5314 1548 5370 via:
1590 5328 1824 5383 precum
1847 5313 2042 5370 verbis

389 5404 790 5461 faciendarum
814 5402 1125 5460 obstructae
1148 5411 1318 5472 sunt;
1345 5402 1727 5474 prosiliebant
1747 5402 2037 5475 lacrymas,

387 5512 454 5553 ac
483 5491 907 5566 desperationis
946 5491 1132 5565 caligo
1171 5509 1307 5551 cum
1355 5491 1550 5549 omnia
1580 5491 1858 5549 interiora
1905 5509 2043 5550 con-

381 5584 609 5642 fusione
627 5583 951 5656 implesset,
975 5582 1111 5638 etin
1136 5582 1262 5655 ipso
1285 5596 1470 5654 usque
1490 5581 1691 5640 oculos
1712 5581 2037 5654 irrupisset,

387 5675 451 5735 in
509 5676 697 5736 rivum
767 5673 1125 5733 mutabatur.
1186 5674 1328 5731 Nam
1387 5673 1659 5746 cogitatio
1715 5672 2042 5746 (desperata

2223 5311 2327 5367 Καὶ
2359 5312 2464 5386 γὰρ
2494 5309 2696 5390 ἐφάπαξ
2730 5312 2757 5364 ὁ
2791 5306 3063 5385 λογισμὸς
3092 5315 3191 5378 τῆς
3235 5306 3295 5364 ἐκ
3343 5305 3522 5383 λόγων
3568 5304 3819 5383 ἀπειρη-

2150 5401 2260 5463 κὼς
2295 5400 2568 5475 σωτηρίας
2601 5399 2675 5461 εἷς
2707 5398 2986 5473 ἱκετηρίαν
3020 5399 3118 5468 τήν
3151 5397 3306 5475 φύσιν
3361 5395 3548 5467 αὐτὴν.
3597 5396 3690 5452 καὶ
3741 5398 3819 5455 τᾶ

2153 5488 2358 5565 δάκρυα
2388 5485 2796 5566 προύϐάλλετο,
2846 5487 3101 5565 βοηθείας
3145 5487 3294 5552 τινὸς
3346 5487 3440 5545 καὶ
3488 5486 3824 5560 ἐπικουρίας

2153 5577 2223 5634 δι’
2263 5579 2437 5634 αὐτῶν
2471 5577 2696 5640 ἐλπίσας
2728 5582 2942 5653 τυχεῖν,
2975 5575 3020 5633 εἰ
3051 5577 3142 5632 καὶ
3189 5575 3477 5651 διεψεύσθη
3526 5578 3626 5632 τοῦ
3673 5574 3820 5651 βου·-

2155 5669 2432 5745 λήματος.
2465 5665 2590 5724 Οὐδ’
2621 5666 2766 5724 οὕτω
2803 5669 2910 5744 γὰρ
2958 5667 3158 5740 ἀνῆκαν
3206 5666 3260 5723 οἱ
3307 5666 3653 5744 βιαζόμενοι,
3707 5665 3818 5743 μέ-
