4090 6228
321 368 440 428 589

1567 366 2121 434 EPISTOLARUM
2169 373 2396 434 LIBER
2440 375 2485 434 Ι.

3607 388 3725 448 590

324 516 456 573 χρις
487 495 546 552 ἃν
575 494 710 590 ὅπερ
751 496 875 570 ἐμοὶ
931 497 1024 571 μὲν
1084 491 1412 566 ἀϐούλητον,
1459 494 1687 559 ἐκείνοις
1737 495 1794 553 δὲ
1832 499 1965 575 ὅπερ

2088 505 2260 562 semel
2303 506 2491 563 salute
2529 507 2720 565 verbis
2762 515 3190 586 consequenda)
3226 519 3493 574 naturam
3533 519 3722 590 ipsam

323 586 392 656 ἧν
444 586 616 661 εὐχῆς
657 580 815 664 ἔργον
878 583 1258 660 διεπέπρακτο.
1331 585 1428 640 Καὶ
1488 585 1629 640 οὕτω
1660 587 1854 643 λοιπὸν
1893 589 1972 652 εἷς

329 677 529 751 μέσους
583 676 712 739 τοὺς
763 673 1054 746 θορύϐους,
1109 678 1196 736 οἷς
1248 676 1274 729 ὁ
1319 674 1488 730 πάντα
1529 673 1688 738 εἰδὼς
1719 676 1974 751 κρίμασιν

321 766 631 836 ἐπίσταται,
692 763 1030 840 διακαρτερῶ
1093 763 1509 839 καθιστάμενος,
1578 763 1747 834 ἀλλὰ,
1803 769 1971 841 Δρυὸς

321 859 422 924 μὲν
458 857 604 927 ἅλις,
638 853 887 929 εὔκαιρον
922 856 1090 911 εἰπεῖν
1117 857 1215 925 τήν
1247 854 1570 930 παροιμίαν.

2083 595 2153 650 ad
2177 594 2656 666 supplicationem
2677 602 2734 653 et
2753 599 3037 670 lacrymas
3058 603 3361 674 excitabat,
3385 606 3473 663 his
3489 623 3727 678 sperans

2084 681 2362 738 auxilium
2403 688 2460 738 et
2487 701 2656 756 opem
2703 689 2962 744 nancisci
2993 706 3052 746 se
3095 709 3286 764 posse,
3320 695 3592 766 quamvis
3623 713 3725 752 vo-

2081 770 2307 828 luntate
2354 789 2420 829 ac
2464 776 2754 846 proposito
2795 795 2900 835 suo
2943 780 3239 838 deciderit.
3272 784 3386 840 Nec
3435 787 3594 841 enim
3646 785 3729 841 sic

2083 861 2438 918 remiserunt
2475 880 2556 932 se,
2592 865 2730 937 quin
2773 867 2889 923 vim
2931 869 3263 942 faciebant;
3308 876 3493 944 quoad
3536 880 3732 931 contra

315 951 680 1006 voluntatem
722 964 933 1017 meam,
966 947 1201 1003 illorum
1239 964 1376 1003 vero
1414 963 1483 1002 ex
1521 948 1814 1004 sententia
1853 963 1942 1004 res
1973 951 2226 1020 perfecta
2263 955 2366 1008 est.
2402 951 2496 1008 Sic
2537 954 2595 1008 in
2637 955 2847 1011 mediis
2887 959 2954 1013 de
2995 963 3209 1029 czeterof
3244 962 3625 1032 tumultibus,
3653 964 3728 1020 iis

307 1040 579 1112 judiciis,
603 1054 728 1110 quae
749 1037 861 1093 scit
887 1037 986 1108 qui
1009 1036 1163 1092 novit
1192 1035 1406 1124 omnia,
1430 1037 1748 1093 toleranter
1779 1038 1945 1110 dego,
1969 1040 2070 1096 sed
2103 1040 2246 1097 satis
2269 1059 2538 1113 quaerens
2569 1046 2976 1116 tempestivum
3003 1053 3090 1104 est
3115 1048 3306 1107 dicere
3331 1054 3725 1124 proverbium.

397 1127 546 1182 Ἐπεὶ
601 1123 658 1180 δὲ
712 1127 898 1179 πασῶν
942 1122 1134 1199 ἀρίστη
1184 1122 1440 1179 κοινωνία
1492 1125 1526 1192 ἡ
1575 1125 1830 1179 κοινωνία
1867 1131 1969 1194 τῆς

318 1217 561 1278 πίστεως
588 1215 678 1269 καὶ
707 1220 808 1283 τῆς
840 1211 1082 1284 ἀληθοῦς
1109 1212 1346 1286 ἀγάπης,
1377 1217 1538 1268 τοῦτο
1571 1210 1636 1284 δή
1665 1215 1726 1268 τὸ
1775 1213 1973 1268 αἰτιώ-

316 1325 502 1373 τατον,
537 1303 612 1364 ὡς
645 1301 703 1357 ἂν
743 1301 836 1357 τὸν
865 1302 1004 1376 πρὸς
1033 1303 1136 1371 τὴν
1191 1302 1452 1376 ὑμετέραν
1501 1302 1761 1372 ὁσιότητα
1801 1303 1973 1357 καθα-

316 1395 411 1468 ρόν
445 1414 506 1448 τε
547 1392 638 1447 καὶ
686 1388 1050 1448 ἀδιάσπαστον
1094 1388 1290 1464 δεσμὸν
1336 1389 1713 1467 ἐργασώμεθα,
1766 1398 1970 1465 χρῆναι

319 1487 412 1541 καὶ
458 1483 526 1540 τά
571 1490 672 1554 τῆς
719 1485 881 1557 ἡμῶν
930 1483 1018 1538 καὶ
1070 1482 1224 1555 ὑμῶν
1265 1480 1497 1544 πίστεως
1547 1482 1622 1544 ὼς
1653 1479 1705 1536 έν
1743 1481 1972 1557 βραχέσι

319 1573 778 1650 στηλογραφῆσαι
822 1571 1207 1646 διεγνώκαμεν,
1252 1570 1486 1626 ἐντεῦθεν
1537 1569 1629 1633 τάς
1679 1591 1736 1626 τε
1781 1571 1973 1644 ὑμετέ-

319 1685 420 1740 ρας
458 1663 625 1738 εὐχὰς
674 1663 1002 1736 θερμότερον
1063 1661 1460 1734 ἐπισπώμενοι,
1508 1661 1600 1715 καὶ
1648 1661 1747 1730 τήν
1773 1659 1973 1734 ἡμετέ-

320 1775 416 1830 ραν
450 1755 586 1828 πρὸς
620 1753 764 1825 ὑμᾶς
801 1750 1036 1807 διάθεσιν
1068 1751 1521 1813 ἀναπτύσσοντες.

397 1843 640 1898 Πιστεύω
687 1844 978 1918 τοιγαροῦν
1029 1841 1104 1902 εἰς
1149 1837 1244 1894 ἕνα
1293 1841 1446 1906 Θεὸν,
1489 1836 1721 1908 τέλειον,
1762 1836 1971 1894 τελειο-

312 1935 478 1990 ποιὸν
527 1932 764 2006 Πατέρα,
816 1932 964 2002 Υἱὸν,
1012 1929 1103 1986 καὶ
1150 1933 1372 2003 Πνεῦμα
1425 1931 1610 2004 ἅγιον,
1653 1928 1714 1984 οὑ
1741 1927 1970 1984 κατατέ-

322 2044 476 2096 μνων
514 2026 582 2096 τῇ
629 2026 739 2078 τῶν
791 2021 1138 2076 ὑποστάσεων
1185 2019 1488 2094 ἑτερότητι,
1538 2020 1627 2072 καὶ
1678 2019 1778 2087 τήν
1812 2018 1970 2096 φύσιν

319 2112 685 2187 (ἐκτεμνέσθω
751 2111 856 2186 γὰρ
913 2113 948 2180 ἡ
1007 2108 1221 2185 ’Δρείου
1277 2110 1614 2182 κατατομὴ),
1681 2107 1830 2162 ἀλλά
1903 2109 1972 2180 τῇ

319 2203 616 2273 ταυτότητι
667 2209 766 2272 τῆς
821 2201 1029 2279 φύσεως
1074 2201 1174 2268 τὴν
1220 2203 1327 2255 τῶν
1381 2199 1726 2254 ὑποστάσεων
1775 2195 1970 2275 διαφο-

320 2293 422 2367 ράν
483 2289 712 2362 δοξάζω.
785 2287 1222 2365 Συναναιρείσθω
1277 2289 1380 2365 γὰρ
1439 2286 1842 2362 παραπλησίως
1881 2285 1968 2340 καὶ

319 2387 356 2454 ἡ
401 2388 497 2438 τοῦ
544 2377 849 2438 Σαϐελλίου
904 2381 1225 2454 συναίρεσις.
1265 2377 1469 2455 Τριάδα
1507 2378 1788 2456 παναγίαν,
1841 2398 1972 2433 παν-

314 2476 577 2548 τουργὸν,
670 2467 1102 2545 παντοδὺναμον,
1191 2469 1522 2549 συνάναρχον
1611 2470 1704 2542 μὲν
1800 2467 1970 2536 αὐτὴν

321 2564 520 2636 ἑαυτῇ,
579 2561 654 2624 ὡς
713 2567 982 2639 χρονικῆς
1041 2561 1254 2629 ἁπάσης
1309 2558 1492 2634 ἀρχῆς
1573 2557 1971 2631 ὑπεράναρχον,

320 2653 509 2727 ἀρχῆς
540 2649 598 2706 δὲ
627 2650 716 2706 καί
750 2649 930 2705 αἰτίου
970 2647 1134 2723 λόγον
1167 2646 1218 2702 ἐν
1260 2645 1396 2720 αὐτῇ
1443 2651 1541 2702 τοῦ
1590 2647 1799 2720 Πατρὸς
1841 2645 1972 2700 ἀνα-

319 2741 693 2815 πληροῦντος.
753 2737 908 2794 Οὕτω
963 2738 1066 2814 γὰρ
1133 2736 1224 2792 καὶ
1280 2743 1381 2805 τῆς
1439 2742 1711 2814 χρονικῆς
1769 2733 1974 2796 ἐννοίας

319 2830 619 2905 ὁμοτίμως
668 2831 704 2899 ἡ
754 2829 916 2904 Τριάς
959 2824 1468 2903 ὑπεριδρυθήσεται,
1524 2823 1614 2880 καὶ
1653 2831 1754 2893 τῆς
1805 2823 1975 2892 αὐτῆς

319 2921 517 2985 οὐσίας
569 2925 649 2992 τῷ
708 2919 901 2993 Πατρὶ,
970 2917 1020 2992 ἐξ
1081 2917 1248 2991 οὗπερ
1295 2917 1323 2971 ὁ
1395 2916 1490 2988 μὲν
1529 2915 1838 2993 ἀρῥεὺστως
1883 2914 1975 2968 καὶ

316 3009 578 3086 ἀρῥήτως
633 3009 973 3087 γεγέννηται,
1033 3007 1098 3062 τὸ
1147 3005 1204 3061 δὲ
1262 3004 1671 3080 έκπεπόρευται,
1725 3004 1976 3078 θεολογι-

2151 1129 2438 1194 Quoniam
2484 1148 2620 1190 vero
2669 1134 2934 1191 omnium
2987 1138 3206 1207 optima
3250 1147 3335 1196 est
3382 1141 3516 1196 fidei
3567 1159 3728 1198 com-

2079 1219 2300 1286 munio,
2317 1222 2690 1294 maximaque
2709 1225 2972 1282 omnium
2997 1244 3172 1284 causa
3195 1246 3339 1286 veras
3362 1231 3723 1291 dilectionis:

2081 1313 2146 1364 ut
2177 1308 2235 1364 id
2283 1326 2417 1365 cum
2471 1316 2664 1368 vestra
2711 1316 3014 1372 sanctitate
3063 1334 3272 1389 purum
3304 1323 3360 1376 et
3411 1321 3727 1380 insolubile

2081 1398 2375 1455 vinculum
2390 1399 2674 1458 faciamus
2694 1418 2706 1457 ε
2723 1405 3058 1462 censuimus
3071 1411 3732 1484 nostram,vestramque

2084 1488 2252 1548 ﬁdem
2291 1489 2539 1545 breviter
2582 1497 2862 1563 tanquam
2903 1493 2962 1548 in
3012 1495 3288 1555 columna
3337 1499 3726 1561 scribendam.

2085 1576 2226 1634 Inde
2285 1581 2575 1636 orationes
2630 1586 2852 1638 vestras
2911 1585 3211 1653 fervidius,
3281 1591 3727 1663 promptiusque

2083 1667 2461 1737 attrahentes,
2474 1676 2861 1744 nostrumque
2875 1672 2934 1728 in
2951 1690 3048 1730 vos
3062 1677 3334 1734 affectum
3352 1679 3728 1751 explicantes.

2152 1846 2332 1903 Credo
2363 1847 2545 1920 igitur
2577 1850 2637 1906 in
2669 1867 2851 1908 unum
2882 1852 3088 1921 Deum,
3122 1856 3469 1926 perfectum,
3502 1861 3559 1913 et
3590 1874 3727 1928 per-

2083 1932 2347 1990 fectionis
2370 1936 2716 1994 efficientem
2750 1940 3000 2008 Patrem,
3025 1946 3082 1998 et
3111 1943 3341 2012 Filium,
3365 1949 3421 2000 et
3448 1945 3729 2015 Spiritum

2080 2025 2371 2092 sanctum,
2406 2039 2522 2078 non
2581 2025 2848 2082 dividens
2909 2044 3294 2098 personarum
3356 2030 3732 2088 distinctione

2077 2107 2252 2163 etiam
2295 2114 2566 2166 naturam
2607 2113 2849 2184 (dividat
2889 2118 3044 2174 enim
3084 2118 3232 2173 Arrii
3273 2119 3498 2192 divisio)
3530 2121 3631 2176 sed
3670 2121 3727 2175 in

2075 2195 2379 2255 identitate
2419 2209 2638 2258 naturae
2687 2221 3069 2274 personarum
3111 2208 3497 2264 differentiam
3531 2211 3727 2267 credo.

2079 2285 2342 2343 Tollatur
2362 2290 2515 2346 enim
2547 2293 2762 2363 pariter
2785 2299 2839 2350 et
2858 2294 3099 2350 Sabellii
3120 2297 3453 2353 contractio.
3475 2298 3728 2354 Trinita-

2077 2379 2192 2432 tem
2211 2378 2638 2436 sanctissimam
2658 2384 2921 2440 omnium
2941 2384 3225 2455 Opiﬁcem,
3240 2387 3729 2458 omnipotentem;

2077 2463 2268 2536 ipsam
2299 2467 2536 2524 sibimet
2565 2469 2734 2526 simul
2771 2473 3145 2530 exsistentem
3176 2476 3300 2532 sine
3331 2477 3638 2548 principio,
3665 2483 3730 2534 ut

2081 2569 2254 2610 omne
2285 2557 2603 2628 temporale
2645 2559 2995 2632 principium
3035 2565 3427 2632 excedentem,
3469 2569 3526 2622 et
3564 2566 3731 2623 initio

2084 2647 2394 2714 carentem,
2411 2647 2682 2719 principii
2697 2653 2892 2707 autem
2907 2656 2961 2707 et
2975 2667 3164 2709 causas
3183 2653 3472 2711 rationem
3488 2654 3546 2710 in
3565 2655 3732 2712 Patre

2081 2731 2394 2804 implente:
2427 2735 2510 2792 sic
2539 2737 2695 2793 enim
2727 2747 2783 2794 et
2811 2756 2990 2812 super
3017 2743 3397 2812 temporalem
3428 2744 3731 2817 cogitatio-

2081 2837 2215 2878 nem
2259 2822 2382 2894 pari
2426 2823 2644 2884 honore
2686 2828 2945 2886 Trinitas
2997 2830 3292 2888 stabilitur
3323 2851 3339 2900 ;
3371 2837 3428 2889 et
3471 2835 3730 2904 ejusdem

2080 2911 2420 2970 substantias
2470 2932 2601 2972 cum
2661 2916 2850 2984 Patre,
2895 2936 2962 2977 cx
3007 2937 3118 2992 quo
3168 2921 3263 2978 hic
3312 2922 3549 2993 quidem
3602 2923 3731 2979 sine

2079 2999 2329 3059 ﬂuxione
2351 3008 2406 3060 et
2428 3005 2796 3064 ineifabiliter
2817 3010 3047 3080 genitus
3069 3017 3180 3078 est,
3205 3011 3298 3068 hic
3318 3028 3448 3070 vero
3473 3014 3733 3084 procedit

317 3105 437 3162 κῶς
499 3098 1036 3174 ὑμνολογηθησεται.
1097 3094 1298 3171 Τριάδα
1379 3095 1662 3168 παναγίαν,
1747 3093 1972 3168 ὑπεροὺ-

2088 3090 2426 3165 theologice,
2447 3097 2676 3165 hymnis
2698 3071 3108 3156 celebrabitur.
3126 3071 3733 3159 T'rinitatcmsanctis-

323 3211 446 3246 σιον
499 3187 706 3259 οὐσίαν,
757 3191 819 3244 τὸ
875 3187 994 3260 μὲν,
1051 3185 1134 3241 ὅτι
1188 3186 1367 3257 πάσης
1427 3183 1614 3246 οὐσίας
1662 3187 1976 3258 θεοπρεπῶς

322 3273 794 3353 ὑπεραναόέϐηκε,
839 3277 902 3332 τὸ
944 3273 1023 3347 δὲ,
1068 3277 1151 3330 ὅτι
1200 3279 1330 3330 πᾶσι
1387 3279 1502 3337 τοῖς
1563 3271 1710 3330 οὖσιν
1753 3273 1972 3328 αὐτόθεν

319 3373 360 3440 ἡ
428 3369 638 3443 μετοχή
695 3371 792 3424 τοῦ
852 3365 1012 3422 εἶναι.
1070 3362 1429 3440 Ὑπεράγαθον
1494 3363 1825 3437 ἆγαθότητα,
1911 3363 1974 3417 τὸ

323 3460 447 3533 μὲν,
498 3455 582 3511 ὅτι
619 3457 774 3532 πηγή
825 3454 1185 3531 ἀγαθότητος,
1235 3453 1298 3508 τὸ
1351 3449 1430 3523 δὲ,
1480 3450 1563 3508 ὅτι
1603 3457 1719 3514 τοῖς
1751 3453 1973 3527 ἀγαθοῖς

317 3548 529 3604 ἐκεῖθεν
573 3546 636 3600 τὸ
684 3543 1064 3620 ἀγαθὺνεσθαι,
1113 3545 1274 3598 τοῦτο
1323 3545 1458 3612 ἡμῖν
1511 3541 1586 3606 ὡς
1623 3540 1674 3596 ἐν
1713 3542 1975 3619 βραχέσιν

315 3639 356 3708 ἡ
394 3643 493 3705 τῆς
520 3636 640 3691 καθ’
670 3637 818 3709 ἡμᾶς
860 3632 1151 3710 θεολογίας
1199 3627 1538 3702 ἀδιάϐλητος
1589 3631 1971 3707 μυσταγωγία.

400 3817 500 3872 Τὸν
550 3813 606 3871 δὲ
654 3817 776 3871 Υὶὸν
826 3815 916 3870 καὶ
973 3813 1144 3890 Λόγον
1189 3817 1288 3869 τοῦ
1339 3817 1472 3868 Θεοῦ
1521 3812 1610 3866 καὶ
1653 3812 1863 3884 Πατρὸς
1893 3811 1975 3866 ἐπ’

320 3907 576 3981 ἐσχάτων
615 3909 720 3959 τῶν
751 3906 972 3979 ἡμερῶν
1003 3903 1063 3958 ἐκ
1090 3909 1190 3972 τῆς
1235 3903 1621 3976 Ἀειπαρθένου
1671 3899 1760 3954 καὶ
1812 3901 1971 3975 ὑπερ·

322 3993 552 4068 ενδόξου
609 3994 904 4064 Δεσποίνης
970 3995 1132 4066 ἡμών
1189 3992 1457 4046 Θεοτόκου
1514 3988 1799 4064 προελθεῖν
1843 3990 1976 4062 μετὰ

325 4087 532 4162 σαρκὸς
593 4085 1000 4161 έμψυχωμένης
1058 4087 1213 4159 ψυχῇ
1269 4087 1428 4158 νοερᾷ
1483 4102 1542 4136 τε
1606 4083 1693 4136 καὶ
1756 4078 1976 4156 λογικῇ,

323 4179 582 4233 τουτέστι
611 4175 822 4231 τέλειον
852 4173 1134 4249 ἄνθρωπον
1169 4171 1542 4252 ἀνειληφέναι,
1593 4171 1682 4226 καὶ
1721 4170 1975 4241 ἀληθείᾳ,

324 4266 485 4323 ἀλλᾶ
541 4268 616 4340 μή
672 4265 812 4322 κατᾶ
866 4264 1176 4343 φαντασίαν,
1245 4262 1310 4318 οὖ
1379 4265 1770 4337 προσωπικῶς,
1855 4257 1977 4315 οὐδέ

322 4377 455 4412 τινα
492 4361 600 4410 τῶν
639 4358 755 4410 καθ’
804 4352 1004 4411 ἕκαστα
1060 4351 1218 4424 ἰδικῷ
1259 4352 1349 4407 καὶ
1409 4352 1770 4430 ἀφωρισμένῳ
1803 4369 1976 4425 χαρα-

319 4448 495 4520 κτῆρι
543 4445 1016 4520 περιοριζόμενον,
1078 4441 1205 4498 ἀλλ’
1263 4441 1392 4497 ὅλον
1451 4442 1542 4496 τὸν
1583 4438 1886 4514 ἄνθρωπον,
1920 4438 1976 4494 ὃν

319 4535 423 4593 καὶ
481 4533 533 4590 έν
583 4541 646 4604 τῆ
709 4534 873 4589 αὑτοῦ
949 4533 1310 4606 ἀτομώσαντα
1365 4552 1423 4587 τε
1492 4529 1804 4600 ὑποστάσει,
1887 4530 1975 4584 καὶ

325 4626 715 4694 ὑποστήσαντα
773 4628 942 4678 σῶσαι
999 4623 1061 4678 τὸ
1120 4621 1458 4695 ἀνθρώπινον
1533 4622 1712 4695 γένος,
1810 4640 1978 4674 σεσω-

323 4711 532 4788 σμένας
571 4734 628 4768 τε
659 4712 748 4768 έπὶ
778 4717 876 4767 τοῦ
906 4711 1073 4767 αὐτοῦ
1105 4711 1196 4766 καὶ
1227 4710 1343 4772 ὲνὸς
1373 4713 1606 4786 Χριστοῦ
1644 4710 1742 4772 τὰς
1793 4709 1978 4786 φύσεις

326 4803 619 4874 θεότητος,
679 4802 768 4857 καὶ
836 4799 1282 4874 ἀνθρωπότητος,
1361 4797 1646 4872 ἡνωμένας
1735 4797 1828 4870 μὲν
1909 4800 1978 4870 τῇ

323 4893 451 4949 καθ’
505 4891 794 4947 ὑπόστασιν
845 4890 1053 4959 ένώσει,
1103 4885 1232 4943 ἀλλ’
1285 4887 1346 4942 οὗ
1385 4886 1724 4963 πεφυρμένας
1766 4889 1835 4960 τῇ
1863 4885 1979 4941 κατ’

329 4982 525 5038 οὐσίαν
583 4980 901 5036 ἀλλοιώσει.
956 4979 1096 5034 Μίαν
1167 4979 1259 5050 μὶν
1348 4977 1640 5032 ὑπόστασιν
1722 4979 1976 5051 Χριστοῦ,

330 5070 440 5128 δύο
485 5069 542 5126 δὲ
580 5071 786 5148 φύσεις,
837 5070 927 5124 καὶ
977 5068 1200 5142 ἑκατέρα
1228 5066 1405 5122 αὐτῶν
1439 5067 1500 5121 τὸ
1549 5064 1689 5120 ἴδιον
1723 5065 1977 5139 ἀπονέμω

329 5160 576 5235 θέλημα.
627 5159 731 5215 Δὺο
775 5157 879 5234 γὰρ
929 5156 1213 5232 θελήματα
1261 5155 1349 5211 ἐπὶ
1403 5160 1643 5231 Χριστοῦ
1709 5155 1975 5229 ἀμείωτα,

326 5252 424 5308 δτι
479 5252 568 5306 καὶ
625 5247 721 5304 δύο
777 5247 1060 5324 ἐνέργειαι.
1145 5247 1242 5302 Τὸν
1323 5245 1481 5301 αὑτὸν
1561 5246 1798 5314 παθητὸν
1885 5245 1976 5299 καὶ

324 5342 542 5410 ἀπειθῆ,
619 5339 853 5416 φθαρτὸν
912 5337 1000 5392 καὶ
1068 5332 1360 5415 ἄφθαρτον,
1419 5335 1656 5410 γραπτόν
1733 5355 1792 5389 τε
1885 5335 1972 5389 καὶ

322 5431 629 5508 ἅγραπτον,
687 5430 755 5484 τὰ
811 5429 906 5501 μὲν
962 5425 1332 5499 οῗκειούμενος
1384 5429 1453 5499 τῇ
1510 5423 1745 5494 θεότητι,
1805 5425 1873 5478 τὰ
1921 5420 1978 5478 δὲ

319 5521 660 5596 προσάπτων
703 5519 774 5590 τῇ
823 5514 1224 5593 ἀνθρωπότητι.
1279 5513 1666 5589 Σταυρωθέντα
1717 5511 1976 5578 ἑκουσίως

323 5611 467 5687 ὑπὲρ
520 5609 707 5684 ἡμῶν,
763 5608 852 5664 καὶ
913 5607 1164 5682 πρόξενον
1223 5608 1360 5680 ἡμῖν
1416 5610 1515 5674 τῆς
1565 5607 1662 5659 τοῦ
1747 5603 1976 5660 θανάτου

318 5699 682 5764 καταλύσεως
738 5698 830 5754 τὸν
887 5695 1072 5774 τίμιον
1127 5697 1353 5773 σταυρὸν
1425 5694 1516 5750 καὶ
1601 5693 1975 5770 προσκυνητὸν

2015 4399 2057 4464 D

2084 3183 2318 3251 simam,
2352 3186 2980 3256 supersubstantialem
3013 3190 3423 3256 substantiam,
3457 3190 3566 3248 hoc
3597 3191 3731 3262 qui—

2085 3271 2238 3339 dem,
2263 3273 2417 3344 quod
2448 3290 2680 3332 omnem
2705 3276 3098 3334 substantiam
3133 3280 3246 3336 Deo
3265 3280 3503 3336 decente
3532 3297 3734 3354 super-

2084 3359 2380 3432 greditur;
2406 3362 2514 3420 hoc
2543 3380 2675 3421 vero
2697 3367 2851 3437 quod
2883 3367 3018 3424 inde
3039 3367 3316 3426 omnibus
3341 3369 3574 3426 entibus
3608 3387 3733 3442 par-

2083 3449 2344 3520 ticipatio
2367 3457 2454 3509 est
2482 3455 2715 3512 esscndi
2741 3472 2916 3528 super
2944 3474 3116 3514 omne
3149 3457 3367 3515 bonum
3393 3459 3732 3528 bonitatem,

2085 3543 2194 3599 hoc
2243 3542 2478 3613 quidem
2520 3545 2676 3614 quod
2725 3545 2856 3602 fons
2904 3547 3204 3614 bonitatis,
3231 3548 3342 3605 hoc
3395 3565 3528 3604 vero
3579 3549 3734 3620 quod

2078 3635 2254 3691 bonis
2286 3634 2448 3691 illinc
2480 3641 2586 3706 est,
2621 3638 2777 3709 quod
2809 3638 2961 3695 bona
2993 3644 3153 3708 sunt,
3189 3640 3292 3696 hoc
3323 3640 3494 3696 nobis
3525 3646 3615 3696 est
3646 3640 3735 3710 (ut

2084 3726 2143 3780 in
2159 3725 2455 3796 brevibus)
2470 3725 2769 3798 theologia:
2785 3733 2990 3784 nostras
3005 3729 3384 3801 inculpabilis
3397 3730 3736 3800 disciplina.

2156 3814 2366 3869 Filium
2408 3831 2544 3870 vero
2575 3821 2631 3870 et
2671 3818 2924 3873 Verbum
2959 3819 3059 3874 Dei
3104 3827 3160 3874 et
3191 3819 3378 3875 Patris
3420 3820 3478 3874 in
3512 3819 3736 3874 ultimis

2085 3903 2288 3959 diebus
2318 3921 2386 3960 ex
2416 3920 2646 3976 semper
2675 3905 2913 3978 Virgine
2941 3911 2997 3963 et
3027 3908 3461 3979 supergloriosa
3489 3909 3739 3964 Domina

2087 3998 2284 4051 nostra
2341 3993 2589 4065 Deipara
2645 3996 3002 4065 processisse
3061 4013 3195 4052 cum
3258 4013 3433 4054 carne
3480 3998 3738 4053 animata

2086 4083 2280 4140 anima
2300 4083 2651 4156 intelligenti
2682 4088 2738 4139 et
2760 4084 3049 4154 rationali,
3074 4085 3130 4140 id
3163 4090 3268 4150 est,
3294 4087 3614 4158 perfectum
3638 4086 3738 4142 ho-

2088 4174 2301 4229 minem
2343 4174 2741 4244 assumpsisse
2779 4174 3038 4245 veritate,
3071 4191 3187 4232 non
3229 4175 3538 4246 phantasia
3572 4192 3585 4231 :
3619 4193 3736 4232 non

2089 4263 2490 4336 personaliter,
2524 4279 2713 4335 neque
2743 4262 2996 4335 aliquem
3028 4265 3087 4321 in
3125 4264 3372 4337 singulis
3404 4264 3634 4337 proprio
3667 4283 3734 4321 ac

2089 4353 2472 4411 determinato
2513 4353 2844 4411 charactere
2892 4354 3370 4426 circumﬁnitum,
3411 4355 3512 4411 sed
3553 4359 3737 4411 totum

2089 4443 2410 4511 hominem,
2434 4458 2608 4516 quem
2643 4443 2701 4498 in
2733 4460 2840 4501 sua
2871 4443 3172 4516 hypostasi
3205 4444 3568 4502 individuum
3603 4445 3738 4501 sub-

2093 4533 2300 4589 sistere
2332 4534 2486 4603 fecit,
2519 4541 2580 4590 ut
2608 4549 2796 4606 genus
2827 4534 3150 4590 humanum
3179 4532 3446 4590 salvaret.
3477 4538 3742 4590 Servatus

2090 4624 2264 4679 etiam
2308 4624 2366 4680 in
2406 4625 2608 4680 eodem
2647 4632 2701 4680 et
2729 4641 2842 4680 uno
2883 4623 3107 4681 Christo
3148 4628 3384 4681 naturas
3423 4623 3740 4681 divinitatis

2089 4718 2147 4769 et
2185 4713 2588 4782 humanitatis,
2632 4713 2826 4770 unitas
2867 4715 3105 4785 quidem
3160 4713 3373 4768 unione
3413 4715 3736 4771 secundum

2089 4801 2474 4872 hypostasim,
2505 4803 2606 4858 sed
2649 4819 2763 4858 non
2797 4803 3070 4859 confusas
3107 4801 3457 4859 substantias
3496 4801 3737 4860 alteriﬁ-

2089 4890 2314 4946 catione
2336 4906 2350 4958 ;
2375 4906 2551 4945 unam
2584 4890 2816 4962 quidem
2835 4889 3200 4962 hypostasin,
3223 4891 3367 4947 duas
3397 4906 3530 4949 vero
3563 4897 3734 4948 natu-

2088 4997 2184 5037 ras
2205 4997 2218 5049 ;
2243 4985 2300 5037 et
2331 4980 2561 5052 utrique
2585 4995 2779 5036 earum
2814 4979 3110 5052 propriam
3133 4981 3323 5037 tribuo
3356 4981 3733 5038 voluntatem.

2089 5071 2244 5126 Duas
2273 5071 2429 5127 enim
2451 5069 2775 5126 voluntates
2803 5070 2864 5125 in
2887 5069 3116 5127 Christo
3149 5087 3262 5127 non
3289 5071 3566 5144 minutas,
3599 5074 3739 5143 quia

2087 5164 2142 5216 et
2172 5160 2296 5215 duas
2332 5160 2732 5232 operationes:
2766 5159 3037 5216 eumdem
3079 5159 3415 5231 passibilem
3437 5165 3494 5216 et
3523 5160 3741 5232 impas-

2087 5249 2316 5304 sibilem
2344 5266 2357 5316 ;
2384 5247 2821 5320 corruptibilem
2846 5254 2903 5306 et
2923 5249 3425 5322 incorruptibilem
3450 5269 3464 5318 ;
3489 5249 3740 5307 circum-

2088 5338 2470 5410 scriptibilem
2508 5343 2566 5394 et
2602 5338 3265 5412 incircumscriptibilem
3299 5359 3314 5408 ;
3366 5339 3479 5396 alia
3522 5357 3733 5412 appro-

2088 5429 2288 5500 prians
2309 5427 2620 5497 divinitati,
2641 5428 2756 5484 alia
2776 5427 3130 5485 humanitati
3153 5429 3478 5485 attribuens
3505 5453 3519 5498 ;
3552 5430 3730 5485 cruci-

2087 5518 2266 5573 ﬁxum
2308 5517 2605 5573 voluntate
2645 5533 2746 5590 pro
2787 5518 2976 5574 nobis.
3019 5519 3084 5574 Et
3123 5519 3223 5591 qui
3274 5518 3444 5576 nobis
3483 5518 3732 5588 praebuit

2087 5605 2483 5663 honorabilem
2514 5609 2572 5662 et
2599 5608 2987 5664 venerandam
3019 5608 3284 5675 Crucem,
3317 5605 3732 5664 destructionis

2088 5695 2293 5757 mortis
2330 5710 2570 5756 causam
2604 5713 2618 5754 :
2651 5697 2946 5770 sepultum
2983 5696 3257 5754 eumdem
3293 5712 3357 5755 ac
3387 5694 3732 5784 inmortuis
