4090 6228
456 332 566 394 591
631 307 636 312 ’

1650 331 1914 394 ΡΗΟΤΙΙ
1959 331 2487 396 ΡΑἸἯΙΑΒΟΗᾸΞ
2529 334 2648 395 CP.

3735 334 3855 396 592

451 467 953 522 connumeratum.
973 464 1079 530 Qui
1098 465 1264 522 tertia
1282 466 1549 536 diejuxta
1571 463 1753 534 ipsius
1781 463 2048 536 deiloqua

2162 463 2658 539 ιπαρασχόμενον.
2724 463 2973 539 Ταφέντα
3028 483 3087 519 τε
3139 465 3230 519 τὸν
3291 463 3449 520 αὑτὸν
3509 466 3600 519 καὶ
3649 471 3860 537 νεκροῖς

447 570 649 611 vocem
671 572 704 611 a
725 556 972 612 mortuis
995 555 1343 612 resurrexit:
1379 556 1596 626 quique
1637 555 1800 610 visus
1831 554 2106 610 estdisci-

443 645 618 715 pulis,
643 649 699 700 ct
719 661 850 701 cum
877 645 992 701 illis
1015 646 1235 700 edendo
1261 661 1324 700 ac
1351 644 1624 710 bibendo,
1649 659 1882 699 omnem
1921 643 2107 699 ambi-

439 735 722 804 guitatem
755 751 821 791 ac
852 735 1173 807 phantasia:
1196 735 1527 807 opinionem
1565 735 1634 788 ab
1659 734 1741 789 eis
1780 733 2097 789 submovit.

437 824 658 883 Deinde
695 832 752 884 et
799 828 1062 884 ascendit
1105 844 1219 883 una
1266 843 1400 882 cum
1446 834 1766 898 assumpta,
1799 825 1919 881 sive
1963 840 2092 880 cum

435 916 696 973 animata
725 919 920 973 anima
962 916 1313 988 intelligenti
1343 921 1400 973 et
1429 915 1698 972 rationali
1733 914 1922 987 ipsius
1953 931 2096 986 pro—

433 1006 560 1076 pria
590 1023 780 1062 carne.
823 1007 892 1062 Et
921 1006 1128 1063 iterum
1163 1007 1378 1079 pariter
1410 1011 1692 1062 venturus
1718 1009 1808 1061 est
1839 1005 1909 1060 ad
1933 1005 2094 1073 judi-

429 1095 684 1150 candum
739 1094 899 1150 vivos
948 1098 1005 1151 et
1049 1102 1328 1152 mortuos.
1373 1095 1466 1151 Sic
1509 1095 1662 1150 enim
1713 1091 1852 1149 dicit
1895 1091 2088 1148 divina

429 1182 756 1254 Scriptura:
777 1206 801 1237 a
821 1185 1024 1241 Veniet
1038 1183 1534 1258 quemadmodum
1551 1183 1783 1240 vidistis
1800 1200 1930 1239 eum
1951 1198 2088 1239 eun-

431 1277 546 1330 tem
579 1273 640 1329 in
671 1277 900 1331 caelum.
934 1296 962 1324 ››

2216 555 2702 627 συναριθμηθέντα,
2760 553 2849 607 καὶ
2902 555 3203 629 τριήμερόν
3289 556 3427 610 κατᾶ
3508 555 3606 624 τὴν
3692 555 3858 610 αὑτοῦ

2213 644 2566 720 θεόφθεγκτον
2606 644 2787 720 φωνὴν
2855 641 2916 696 ἐκ
2971 649 3079 698 τῶν
3136 665 3342 720 νεκρων
3399 645 3724 714 ἀναστάντα,
3766 644 3854 699 καὶ

2204 738 2322 795 τοῖς
2385 738 2651 806 μαθηταῖς
2718 733 2968 810 ὀφθέντα,
3027 735 3116 788 καί
3172 739 3253 806 τῷ
3309 739 3614 812 συμφαγεῖν
3665 733 3855 796 αὑτοῖς

2205 825 2294 878 xui
2354 831 2606 898 συμπιεῖν
2700 831 2870 880 πᾶσαν
2957 819 3294 904 ἀμφιϐολίαν
3381 825 3470 880 καὶ
3552 827 3856 904 φαντασίας

2203 912 2482 987 ὑπόληψιν
2536 913 2723 970 τέλεον
2779 914 2958 970 αὐτῶν
3035 913 3456 972 ἀπεσκευακότα.
3544 915 3677 970 Εἶτα
3765 914 3852 969 xui

2198 1000 2572 1080 ἀναληφθέντα
2634 1005 2768 1076 μετά
2822 1000 2918 1058 τοῦ
2976 1006 3438 1078 προσλήμματος,
3475 1001 3645 1078 ἤγουν
3719 1002 3854 1076 μετὰ

2195 1098 2295 1160 τῆς
2328 1092 2742 1168 ἐμψυχωμένης
2953 1097 3112 1168 νοερᾷ
3159 1114 3215 1148 τε
3252 1093 3341 1148 καὶ
3391 1092 3586 1168 λογικῇ
3630 1093 3851 1154 οἰκείας

2193 1180 2357 1236 αὑτοῦ
2385 1182 2600 1257 σαρκὸς,
2651 1183 2740 1236 καὶ
2788 1181 2955 1237 πάλιν
2998 1182 3257 1245 ὡσαύτως
3307 1181 3600 1259 ἐρχόμενον
3653 1183 3740 1243 εἷς
3788 1183 3850 1238 τὸ

2191 1276 2367 1346 κρῖναι
2404 1276 2606 1340 ζῶντας
2637 1273 2723 1327 xui
2755 1271 2997 1346 νεκρούς.
3038 1295 3061 1326 ιν
3091 1270 3273 1334 Οὕτως
3295 1273 3419 1346 γὰρ,
3442 1272 3571 1348 φησί
3599 1271 3666 1327 τὸ
3693 1273 3848 1345 ἱερὸν

421 1362 644 1437 Λόγιον,
672 1361 970 1432 ἐλεύσεται,
1005 1362 1062 1417 ὃν
1092 1363 1294 1438 τρόπον
1325 1361 1607 1418 ἐθεάσασθε
1636 1361 1799 1418 αὐτὸν
1825 1361 2196 1436 πορευόμενον
2229 1361 2305 1423 εἰς
2332 1362 2422 1416 τὸν
2447 1360 2694 1437 οὐρανόν.
2731 1385 2755 1416 ν

493 1455 586 1510 Sic
632 1455 892 1510 sentiens
931 1459 986 1510 et
1027 1455 1308 1510 conﬁtens
1351 1454 1906 1511 incommutabiliter
1948 1469 2076 1510 eam

420 1543 616 1604 ﬁdem,
650 1561 778 1614 quae
810 1545 869 1598 in
900 1544 1189 1600 catholica
1218 1549 1274 1600 et
1315 1544 1634 1616 apostolica
1662 1543 1921 1600 Ecclesia
1952 1549 2076 1599 sta-

421 1631 626 1686 bilitur
659 1638 714 1687 et
737 1633 1107 1704 praedicatur,
1129 1637 1359 1689 sanctas
1380 1633 1840 1688 etcecumenicas
1854 1640 2072 1705 septem

2261 1452 2415 1506 Οὕτω
2449 1456 2682 1530 φρονῶν,
2722 1453 2810 1508 καὶ
2853 1449 3207 1528 διομολογῶν
3260 1449 3689 1526 ἀπαρατρέπτως
3744 1453 3844 1522 τὴν

2187 1539 2238 1594 ἐν
2270 1543 2336 1610 τὴ
2370 1542 2638 1616 καθολικῇ
2667 1563 2727 1596 τε
2755 1540 2846 1596 καὶ
2878 1539 3219 1614 ἀποστολικῇ
3273 1538 3571 1610 Ἐκκλησία
3606 1537 3846 1619 ἐφιδρυ-

2190 1630 2358 1703 μένην
2411 1652 2469 1686 τε
2524 1632 2614 1686 καὶ
2659 1629 3071 1704 κηρυσσομένην
3133 1629 3335 1700 πίστιν,
3384 1629 3476 1690 τὰς
3525 1627 3692 1706 ἁγίας
3752 1627 3844 1684 καὶ

419 1722 669 1792 synodos
739 1723 972 1792 recipio.
1033 1722 1289 1777 Primam
1354 1722 1615 1794 quidem,
1681 1726 1883 1793 utpote
1949 1739 2048 1793 qua

2185 1719 2564 1792 οἰκουμενικὰς
2623 1721 2756 1776 ἑπτὰ
2814 1719 3074 1785 συνόδους
3129 1717 3500 1796 ἀποδέχομαι·
3567 1720 3676 1787 τήν
3747 1720 3846 1792 μὲν

414 1808 645 1877 Arium,
678 1814 735 1865 et
782 1827 878 1867 eos
929 1812 1026 1882 qui
1078 1827 1208 1866 cum
1261 1829 1325 1867 eo
1371 1811 1721 1876 sentiebant,
1765 1828 1882 1867 una
1929 1828 2063 1868 cum

412 1914 613 1954 eorum
636 1899 1024 1955 abominanda
1053 1904 1330 1956 creaturae
1361 1900 1693 1957 adoratione
1721 1901 1972 1973 disrupit
1997 1919 2064 1957 ac

410 1988 635 2044 evertit.
661 1988 994 2044 Secundum
1029 2006 1184 2057 vero,
1211 2006 1337 2061 quae
1369 1989 1516 2045 laesaa
1552 1989 1765 2045 mentis
1796 1989 2065 2046 Macedo-

415 2079 579 2132 nium
602 2079 673 2133 ab
704 2078 1099 2135 ecclesiastica
1120 2080 1530 2135 communione
1559 2079 1986 2150 exterminavit,
2008 2084 2066 2136 et

413 2166 682 2238 abscidit,
709 2169 805 2239 qui
842 2170 966 2240 pari
997 2176 1166 2240 atque
1195 2169 1365 2225 Arius
1396 2168 1624 2224 insania
1651 2168 1972 2225 laborabat.
1998 2171 2062 2225 In

417 2257 692 2312 creaturis
708 2257 865 2312 enim
886 2257 977 2314 hic
995 2274 1224 2329 quoque
1241 2257 1704 2328 sanctissimum,
1722 2263 1778 2315 et
1793 2259 2059 2316 omnium

417 2345 678 2414 opificem
714 2361 937 2417 ponens
975 2347 1276 2418 Spiritum,
1309 2354 1631 2403 creaturam
1670 2349 1912 2406 adorare
1943 2366 2060 2406 non

413 2436 808 2492 erubescebat.
849 2436 1361 2493 Verumenimvero
1396 2441 1453 2492 et
1493 2436 1745 2508 tertiam,
1789 2455 1918 2510 quae
1959 2439 2057 2495 de-

410 2525 608 2594 posuit
631 2524 877 2596 impium
908 2525 1264 2594 Nestorium,
1289 2543 1356 2581 ac
1385 2527 1582 2582 evertit
1613 2527 1951 2584 innovatum
1985 2530 2054 2584 ab

407 2631 472 2670 eo
503 2615 618 2671 Deo
648 2632 880 2673 exosam
914 2615 1384 2688 superstitionem
1422 2633 1435 2671 :
1467 2616 1560 2672 hic
1593 2617 1748 2673 enim
1781 2617 2052 2686 indivise,

405 2707 461 2758 et
483 2704 802 2758 secundum
825 2703 1166 2777 hypostasin
1199 2705 1432 2760 unitum
1457 2705 1570 2760 Deo
1593 2704 1782 2760 Verbo
1816 2705 2052 2762 totalem

403 2791 703 2848 hominem
729 2794 1005 2848 audacter
1025 2798 1081 2849 et
1110 2793 1410 2849 dementer
1431 2810 1464 2849 a
1493 2791 1690 2848 divina
1710 2794 1881 2848 Verbi
1913 2795 2052 2850 abs-

404 2881 641 2938 trahens
674 2882 990 2955 hypostasi,
1024 2883 1082 2938 in
1124 2882 1355 2954 propria
1384 2898 1519 2938 eum
1562 2883 1856 2954 hypostasi
1899 2899 2049 2956 esse,

402 2976 733 3029 monstrose
791 2974 1020 3028 dicebat
1076 2976 1132 3028 et
1184 2973 1634 3044 imaginabatur.
1693 2979 1775 3029 Ac
1833 2974 2049 3030 idcirco

2178 1810 2423 1883 πρώτην,
2483 1809 2573 1865 ἅτε
2640 1806 2705 1879 δὴ
2767 1810 2983 1884 ’Ἄρειον
3039 1808 3131 1863 καὶ
3187 1809 3313 1868 τοὺς
3368 1809 3842 1882 ὁμοφρονοῦντας

2173 1897 2320 1968 αὐτῷ
2373 1894 2487 1972 ἅμα
2543 1905 2644 1968 τῆς
2693 1895 2998 1974 βδελυκτῆς
3045 1898 3219 1952 αὐτῶν
3293 1895 3832 1971 κτισματολατρείας

2178 1987 2537 2065 διαῤῥήξασάν
2584 2011 2642 2045 τε
2697 1990 2787 2044 καὶ
2844 1987 3206 2045 καθελοῦσαν·
3267 1989 3366 2058 τὴν
3426 1986 3483 2043 δὲ
3538 1986 3834 2064 δευτέραν,

2177 2079 2250 2141 ὡς
2299 2080 2390 2133 τὸν
2440 2075 2790 2158 φρενοϐλαϐῆ
2841 2077 3176 2135 Μακεδόνων
3217 2086 3316 2148 τῆς
3364 2076 3839 2149 ἐκκλησιαστικῆς

2174 2170 2533 2244 χοροστασίας
2611 2170 3060 2244 ἓξοστρακίσασάν
3145 2190 3204 2224 τε
3282 2169 3371 2224 καὶ
3485 2167 3830 2241 έκτεμοῦσαν

2174 2257 2367 2333 Ἀρείῳ
2423 2257 2807 2334 παραπλησίαν
2861 2260 2961 2328 τὴν
3023 2257 3214 2331 μανίαν
3276 2256 3646 2330 ἐκμεμηνότα.
3740 2259 3829 2314 Ἐν

2168 2345 2422 2420 κτίσμασι
2466 2348 2566 2424 γάρ
2614 2348 2701 2403 καὶ
2747 2349 2907 2410 οὗτος
2961 2348 3024 2401 τὸ
3073 2349 3334 2423 πανάγιον
3395 2347 3484 2401 καὶ
3538 2366 3834 2422 παντουρ-

2167 2437 2266 2510 γὸν
2321 2435 2492 2498 τιθεὶς
2541 2440 2782 2510 Πνεῦμα,
2828 2435 3314 2510 κτισματολατρεῖν
3372 2435 3470 2491 οὑκ
3511 2433 3826 2508 ᾐσχύνετο.

2170 2521 2346 2578 Ἀλλὰ
2404 2543 2466 2598 γε
2519 2520 2586 2591 δὴ
2639 2524 2728 2578 καὶ
2771 2525 2873 2594 τήν
2921 2523 3111 2598 τρίτην
3162 2522 3469 2596 καθαίρεσιν
3512 2519 3671 2576 οὖσαν
3717 2529 3828 2580 τοῦ

2167 2607 2461 2674 δυσσεϐοῦς
2515 2613 2837 2687 Νεστορίου,
2895 2614 2983 2668 xui
3040 2619 3143 2683 τῆς
3203 2614 3350 2685 αὑτῷ
3399 2613 3826 2684 καινοποιηθεί-

2165 2722 2269 2772 σης
2300 2705 2618 2776 θεοστυγοῦς
2653 2701 3100 2776 δεισιδαιμονίας.
3133 2704 3306 2765 Οὗτος
3337 2703 3441 2778 γὰρ
3485 2703 3574 2757 τὸν
3625 2700 3823 2758 ἀδιαι-

2164 2788 2332 2866 ρέτως
2377 2793 2466 2847 xui
2515 2795 2634 2847 καθ’
2697 2793 2988 2848 ὑπόστασιν
3022 2791 3298 2848 ιένωθέντα
3342 2797 3422 2864 τῷ
3467 2796 3578 2864 Θεῷ
3641 2792 3822 2869 Λόγῳ

2163 2881 2350 2936 ὑλικὸν
2386 2881 2667 2957 ἄνθρωπον
2692 2882 2994 2957 τολμηρῶς
3033 2883 3120 2937 καὶ
3175 2881 3422 2959 ἀφρόνως
3470 2887 3567 2950 τῆς
3619 2884 3825 2952 θεϊκῆς

2161 2975 2259 3025 τοῦ
2294 2971 2476 3046 Λόγου
2509 2969 2749 3026 διασπῶν
2786 2972 3153 3041 ὑποστάσεως,
3187 2969 3594 3026 ἷίδιοϋπόστατον
3645 2970 3822 3028 αὑτὸν

401 3063 628 3119 nudum
652 3063 950 3120 hominem
973 3079 1105 3120 eum
1124 3063 1223 3134 qui
1250 3079 1424 3120 carne
1443 3068 1811 3135 apparuerat,
1837 3063 2045 3120 Filium

2162 3059 2531 3136 ἐτερατολόγει
2584 3081 2640 3115 τε
2687 3060 2776 3115 καὶ
2827 3060 3170 3135 ἐφαντάζετο.
3223 3061 3314 3115 Διὸ
3363 3060 3450 3115 xui
3502 3056 3672 3133 ψιλὸν
3717 3061 3824 3115 ἄν-

397 3156 454 3208 et
483 3152 740 3208 Verbum
771 3152 872 3210 Dei
904 3153 1229 3220 somnians,
1263 3157 1684 3224 consequenter
1720 3153 1816 3210 hic
1846 3153 2044 3209 infelix

398 3241 692 3313 appellare
730 3242 1160 3299 sanctissimam
1200 3241 1303 3298 Dei
1343 3241 1696 3298 Genitricem
1738 3243 2045 3314 Deiparam

397 3332 628 3402 proprie
665 3332 990 3403 abnegavit.
1024 3331 1296 3396 Quartam
1335 3336 1550 3398 autem,
1581 3337 1645 3387 ut
1687 3349 1815 3402 quae
1860 3337 2044 3402 Euty-

398 3417 567 3486 chen,
592 3420 917 3490 dystichen,
941 3420 999 3475 id
1031 3428 1138 3487 est,
1161 3420 1452 3476 infelicem
1483 3436 1549 3476 ac
1571 3421 1882 3476 scelestum
1916 3422 2045 3478 Dio-

399 3521 627 3561 scorum
648 3507 825 3572 elisit,
839 3513 1015 3579 atque
1031 3507 1541 3564 anathematizavit
1556 3525 1672 3563 uua
1687 3523 1821 3564 cum
1841 3526 2040 3566 eorum

397 3593 777 3666 imaginativa
832 3596 1146 3666 dementia,
1204 3611 1518 3666 eorumque
1574 3597 1731 3652 omni
1788 3604 2038 3655 caterva.

391 3682 624 3739 Domini
659 3685 815 3740 enim
859 3701 1090 3741 carnem
1135 3701 1250 3740 non
1281 3701 1409 3741 esse
1442 3686 1609 3742 nobis
1653 3688 2041 3745 consubstan-

390 3771 606 3840 tialem,
641 3774 820 3831 delire
865 3776 1220 3845 asserebant,
1265 3776 1365 3830 sed
1412 3793 1480 3832 ex
1526 3777 1756 3833 duabus
1802 3777 2034 3848 quidem

392 3864 616 3919 naturis
641 3864 916 3920 unionem
940 3865 1149 3921 factam
1169 3880 1314 3933 esse,
1337 3865 1395 3920 in
1419 3881 1592 3921 unam
1617 3882 1747 3922 vero
1769 3873 2036 3925 naturam

391 3959 524 4024 post
563 3954 888 4011 unitionem
928 3959 1338 4026 consumptam
1379 3955 1562 4011 fuisse
1605 3957 1866 4012 neutrius
1897 3975 2035 4014 con-

389 4050 717 4103 servantem
760 4047 1158 4119 proprietates,
1205 4063 1308 4103 nec
1347 4046 1577 4117 divina,
1613 4064 1713 4103 nec
1754 4064 1887 4104 vero
1929 4049 2038 4104 hu-

393 4153 599 4192 manae.
652 4137 922 4202 Quintam
975 4137 1169 4205 etiam,
1229 4154 1352 4208 quae
1411 4137 1626 4192 excidit
1677 4154 1742 4193 ac
1803 4139 2037 4209 penitus

385 4226 661 4282 exstinxit
699 4243 767 4280 ea
807 4243 932 4296 quae
975 4226 1032 4280 in
1083 4226 1397 4296 perniciem
1450 4231 1751 4282 auctorum
1792 4243 2035 4283 suorum

384 4313 842 4381 suscitabantur,
876 4313 1154 4369 scelerata
1197 4315 1491 4386 dogmata,
1524 4320 1581 4371 et
1627 4321 1829 4387 partus
1870 4316 2036 4389 impii

2157 3150 2373 3224 θρωπον
2431 3150 2523 3204 τὸν
2576 3150 2731 3223 σαρκὶ
2781 3148 3103 3226 ἐπιφανέντα
3150 3150 3275 3204 Υἱὸν
3333 3150 3421 3204 xui
3478 3150 3658 3224 Λόγον
3712 3156 3819 3206 τοῦ

2155 3243 2290 3293 Θεοῦ
2323 3239 2638 3314 ὀνειρώξας,
2677 3239 3000 3301 ἀκολούθως
3031 3241 3058 3294 ὁ
3109 3237 3426 3315 τρισάθλιος
3470 3236 3660 3294 καλεῖν
3705 3242 3817 3310 τήν

2153 3329 2418 3402 παναγίαν
2471 3327 2752 3398 Θεοτὸκον,
2812 3327 3073 3384 Θεοτόκον
3132 3329 3353 3403 κυρίως,
3414 3329 3812 3402 ἀπηρνήσατο.

2149 3418 2258 3486 Τὴν
2292 3414 2348 3471 δὲ
2376 3419 2661 3492 τετάρτην,
2697 3418 2769 3480 ὡς
2800 3419 2891 3472 τὸν
2922 3415 3164 3493 δυστυχῆ
3200 3417 3444 3493 Εὐτυχῆ,
3492 3416 3581 3472 καὶ
3636 3419 3812 3474 Διόσ-

2150 3524 2310 3578 κορον
2367 3505 2459 3560 τὸν
2513 3506 2788 3582 ἀλάστορα
2844 3507 3212 3580 καταράξασαν
3295 3507 3385 3563 καὶ
3469 3508 3814 3580 ἀναθεματί-

2151 3614 2311 3648 σασαν
2350 3595 2484 3667 μετά
2512 3602 2612 3665 τῆς
2664 3593 3070 3672 φαντασιώδους
3112 3595 3287 3651 αὐτῶν
3343 3590 3808 3674 φρενοϐλαϐείας,

2148 3682 2236 3736 καὶ
2297 3685 2472 3755 πάσης
2529 3683 2703 3740 αὑτῶν
2758 3692 2856 3754 τῆς
2923 3685 3250 3761 συμμορίας.
3331 3687 3444 3756 Τήν
3523 3686 3629 3762 γὰρ
3705 3693 3810 3742 τοῦ

2149 3773 2347 3846 Κυρίου
2398 3776 2570 3848 σάρκα
2627 3777 2701 3848 μή
2756 3775 2892 3830 εἶναι
2941 3778 3076 3848 ἡμῖν
3128 3776 3421 3849 ὁμοούσιον
3454 3774 3810 3851 ἐληρῴδουν,

2149 3861 2274 3918 ἀλλ’
2332 3862 2390 3918 ἐκ
2444 3861 2539 3918 δύο
2602 3865 2698 3936 μὶν
2745 3865 2954 3942 φύσεων
3003 3865 3105 3933 τὴν
3152 3862 3346 3920 ἕνωσιν
3401 3865 3674 3941 γενέσθαι,
3718 3867 3810 3929 εἰς

2151 3951 2276 4024 μίαν
2305 3949 2361 4007 δὲ
2395 3952 2528 4026 μετᾶ
2567 3953 2664 4021 τήν
2716 3949 2906 4008 ἕνωσιν
2960 3951 3399 4024 συναναλωθῆναι
3447 3954 3624 4027 φύσιν,
3679 3977 3810 4027 μη-

2149 4039 2370 4116 δετάρας
2399 4041 2784 4111 ἀποσώζουσαν
2813 4042 2879 4097 τά
2919 4040 3212 4116 ἰδιώματα,
3258 4044 3394 4115 μήτε
3434 4049 3534 4111 τῆς
3580 4045 3808 4114 θεϊκῆς,

2151 4134 2291 4205 μήτε
2361 4135 2468 4206 μὴν
2516 4141 2617 4203 τῆς
2665 4134 3034 4208 ἀνθρωπίνης.
3089 4135 3185 4189 Καὶ
3233 4135 3332 4204 τήν
3383 4135 3638 4204 πέμπτην
3709 4131 3810 4205 δὲ,

2147 4223 2222 4285 ὡς
2279 4223 2605 4295 ἐκτεμοῦσάν
2673 4245 2732 4278 τε
2788 4224 2879 4278 καὶ
2938 4225 3395 4300 ἀποτεφρώσασαν
3452 4222 3638 4278 τέλεον
3729 4227 3812 4280 τά

2146 4310 2227 4367 ἐπ’
2260 4309 2472 4386 ὀλέθρῳ
2513 4317 2622 4368 τῶν
2661 4312 3058 4388 γεγεννηκότων
3106 4310 3566 4386 ἀναρριπιζόμενα
3619 4333 3810 4386 μιαρα

380 4400 654 4469 Nestorii,
689 4401 788 4472 qui
821 4403 987 4470 regiae
1021 4401 1181 4456 urbis
1213 4403 1339 4458 sine
1379 4409 1496 4458 Deo
1527 4406 1788 4474 pontifex
1819 4407 2025 4477 fuerat,

2162 4398 2393 4475 Ξόγματά
2431 4421 2488 4454 τε
2538 4399 2628 4455 καὶ
2677 4402 2932 4474 κυήματα
2995 4404 3092 4455 τοῦ
3147 4394 3437 4462 δυσσεϐοῦς
3486 4399 3806 4473 Νεστορίου

379 4495 435 4545 et
455 4489 768 4557 Theodori,
793 4490 894 4560 qui
919 4490 1307 4561 Mopsuestia,
1333 4491 1520 4563 magis
1546 4494 1721 4548 etiam
1745 4495 1869 4549 sine
1892 4501 2027 4564 Deo,

377 4581 775 4653 episcopatum
820 4584 1125 4652 gesserat;
1166 4584 1291 4636 tum
1329 4597 1448 4649 eos,
1492 4588 1618 4636 tum
1661 4598 1885 4653 omnes,
1929 4585 2028 4654 qui

375 4672 578 4727 eadem
627 4687 742 4742 qua
787 4669 872 4726 illi
925 4688 1070 4727 vana
1109 4671 1402 4727 sententia
1449 4671 1805 4742 aegrotabaut
1837 4688 1850 4739 ;
1885 4673 2026 4744 quin

377 4761 550 4815 etiam
592 4769 643 4815 et
684 4778 809 4832 quae
859 4761 1198 4818 dilaceravit
1237 4765 1292 4817 et
1331 4760 1656 4818 demessuit
1693 4759 2022 4834 Origenem,

372 4846 702 4919 Didyrnum,
744 4850 1075 4922 Evagrium,
1111 4849 1209 4922 qui
1265 4850 1487 4906 ratione
1533 4865 1664 4906 cum
1705 4850 2022 4921 gentilibus

366 4943 726 5007 congruente
748 4955 812 4993 ac
845 4940 1157 5011 insipiente
1189 4941 1479 4997 sententia
1509 4940 1568 4996 in
1596 4939 1866 4996 ultimum
1900 4956 2024 5010 pro-

364 5027 610 5081 fundum
669 5029 782 5083 Deo
831 5030 1172 5087 adversaria
1224 5030 1621 5103 persuasionis
1666 5028 2016 5086 inciderunt.

363 5115 503 5170 Cum
537 5116 692 5171 enim
724 5117 944 5186 gradus
974 5125 1030 5175 et
1061 5121 1369 5176 inferiores
1395 5121 1564 5176 sedes
1595 5117 1840 5174 Deitatis
1872 5133 2019 5174 con-

365 5202 690 5272 ﬂuxissent,
714 5213 767 5259 et
786 5205 1113 5262 animarum
1139 5208 1648 5278 praeexsistentias,
1673 5223 1739 5262 ac
1765 5205 2015 5263 eﬂluxus

361 5298 419 5350 et
479 5295 834 5351 decidentias
895 5298 1271 5369 respectionis
1336 5316 1532 5356 earum
1592 5299 1663 5353 ad
1712 5297 1894 5353 Deum
1954 5297 2013 5352 in

364 5383 573 5455 seipsis
613 5387 1054 5454 constituentes,
1096 5404 1308 5459 easque
1348 5389 1406 5443 in
1445 5389 1677 5444 diversa
1715 5392 1771 5444 et
1814 5386 2014 5443 multi-

357 5473 569 5530 formia
599 5489 840 5546 corpora
862 5480 1321 5544 transvasantes,
1343 5481 1403 5533 et
1424 5481 1883 5536 transmutantes
1909 5493 1924 5546 ;
1956 5479 2013 5535 et

353 5564 530 5621 ﬁnem
561 5562 1009 5635 suppliciorum,
1038 5581 1105 5621 ac
1135 5566 1464 5623 daamonum
1499 5567 1948 5635 restitutionem,
1977 5583 2007 5623 ο

351 5661 548 5714 ventre
585 5653 762 5729 (sicut
800 5655 1035 5729 dicitur)
1077 5659 1431 5727 eruetantes,
1469 5656 1649 5714 libero
1688 5661 1746 5714 et
1784 5661 2003 5730 aperto,

2137 4493 2234 4543 τοῦ
2259 4495 2357 4558 τῆς
2388 4485 2673 4562 βασιλίδος
2711 4488 2879 4551 ἀθέως
2939 4490 3400 4563 ίεραπχησαντος,
3441 4487 3530 4543 καὶ
3575 4486 3806 4544 Θεοδώ-

2141 4600 2236 4651 ρου
2293 4582 2389 4634 τοῦ
2447 4578 2864 4652 Μομψουεστίας
2915 4579 3215 4653 ἀθεώτερον
3293 4578 3801 4656 ἐπισκοπήσαντος,

2139 4667 2332 4730 αὐτούς
2380 4689 2459 4738 τε,
2507 4667 2597 4722 καὶ
2645 4669 2846 4729 πάντας
2893 4669 3020 4730 τοὺς
3065 4671 3163 4738 τὴν
3212 4667 3381 4737 αὑτὴν
3437 4666 3625 4731 αὑτοῖς
3667 4689 3799 4741 μα-

2134 4757 2530 4832 ταιοφροσύνην
2563 4756 2980 4828 ἐκνοσῆσαντας.
3015 4759 3090 4812 Οὐ
3126 4758 3232 4830 μὴν
3276 4756 3421 4813 ἀλλά
3461 4778 3520 4832 γε
3567 4754 3635 4825 δὴ
3686 4760 3794 4815 καὶ

2135 4846 2207 4906 ὡς
2277 4843 2640 4900 διασπάσασάν
2727 4867 2785 4900 τε
2868 4847 2957 4900 καὶ
3050 4845 3390 4920 ἐκθερίσασαν
3471 4841 3794 4919 Ὠριγένην,

2133 4931 2393 5008 Δίδυμον,
2437 4937 2702 5010 Εὑάγριον
2737 4933 3137 5011 Ἐλληνόφρονι
3190 4934 3439 5009 λογισμῷ
3485 4933 3574 4988 xui
3624 4934 3798 4989 ἆσδν-

2129 5022 2234 5094 έτῳ
2278 5025 2474 5098 γνώμῃ
2517 5023 2593 5086 εἷς
2637 5019 2866 5098 ἔσχατον
2919 5024 3075 5098 βυθὸν
3129 5023 3426 5093 ἀθεότητος
3481 5023 3795 5096 ἐμπεπτω-

2128 5111 2310 5172 κότας.
2347 5112 2593 5184 Βαθμοὺς
2623 5114 2723 5187 γὰρ
2753 5111 2843 5166 καὶ
2890 5107 3180 5172 ὑποϐἀσεις
3221 5112 3478 5182 θεότητος
3531 5107 3790 5166 ἀναπλάα

2129 5222 2330 5263 σαντες.
2387 5203 2475 5256 xui
2525 5206 2719 5278 ψυχων
2762 5202 3146 5278 προϋπάρξεις,
3205 5203 3297 5256 καὶ
3361 5208 3462 5271 τῆς
3519 5201 3656 5276 πρὸς
3711 5203 3791 5258 τὸ

2127 5298 2278 5347 Θεῖυν
2331 5292 2506 5347 αὑτων
2559 5295 2788 5354 νεύσεως
2839 5291 3136 5369 ἀποῤῥοίας
3195 5314 3253 5348 τε
3300 5292 3386 5347 καὶ
3423 5292 3790 5355 ἀποπτώσεις

2123 5381 2174 5436 ἐν
2208 5383 2420 5445 ἑαυτοῖς
2453 5383 2871 5455 ὑποστήσαντες,
2905 5383 2981 5446 εἰς
3015 5379 3247 5460 διάφορά
3273 5403 3329 5438 τε
3357 5383 3444 5437 xui
3498 5378 3787 5453 πολυειδῆ

2121 5473 2348 5546 σώματα
2409 5475 2824 5548 μεταγγίζοντες
2871 5471 3090 5542 ταύτας,
3150 5474 3237 5527 καὶ
3297 5467 3778 5546 μεταϐάλλοντες,

2119 5561 2207 5616 καὶ
2251 5561 2412 5623 τέλος
2469 5560 2771 5635 κολάσεων,
2823 5563 2912 5618 καὶ
2971 5559 3245 5634 δαιμόνων
3301 5561 3775 5631 ἀποκατάστασιν,

2115 5651 2178 5707 τὸ
2211 5647 2276 5720 δὴ
2311 5649 2606 5725 λεγόμενον
2648 5651 2753 5708 ἀπὸ
2805 5650 3020 5716 κοιλίας
3067 5649 3409 5728 ἐρευγόμενοι
3458 5648 3774 5726 ἀθυροστό-
