4090 6228
320 397 445 458 593

1570 385 2124 453 EPISTOLARUM
2171 392 2401 452 LIBER
2444 393 2492 452 Ι.

3615 393 3732 453 594

325 551 447 605 μως
477 525 900 603 ἐμυθολόγησαν
931 527 1021 581 καὶ
1073 521 1488 600 ἐῤῥαψῴδησαν·
1544 523 1693 580 ἀλλά
1737 525 1826 580 καὶ
1872 527 1971 596 τὴν

2085 530 2263 588 nullis
2286 530 2580 600 claustris,
2612 547 2710 586 ore
2741 531 2984 587 fabulati
3007 535 3161 600 sunt,
3186 536 3242 587 et
3263 533 3592 588 commenta
3622 548 3731 587 sua

320 618 488 690 ’έκτην
543 619 619 682 ὡς
675 615 1046 692 ἀπορρίψασάν
1099 637 1158 670 τε
1209 616 1299 671 καὶ
1372 613 1781 671 κατασπάσασαν
1840 615 1965 679 τοὺς

325 708 470 788 ἀμφὶ
528 708 813 781 Ὀνώριον,
869 706 960 761 καὶ
1021 706 1272 780 Σέργιον,
1330 704 1420 760 καὶ
1490 707 1784 779 Μακάριον,
1840 705 1968 767 τοὺς

323 795 730 875 τερατολόγους
759 795 850 851 καὶ
889 793 1236 870 παράφρονας
1287 789 1402 866 ἅμα
1448 793 1658 860 αὐτοῖς,
1705 795 1794 848 καὶ
1844 793 1970 856 τοὺς

323 891 428 958 τήν
497 885 674 940 αὐτῶν
746 879 1054 940 δυσσέϐειαν
1147 883 1396 957 ἀκρατῶς
1463 880 1970 956 ἐναπομαξαμένους

331 979 469 1052 μετὰ
496 983 598 1046 τῆς
645 972 884 1051 ἐκφύλου
931 973 1022 1028 καὶ
1069 971 1380 1028 ἀλλοκότου
1430 972 1608 1027 αὐτῶν
1656 971 1975 1046 πλασματο-

326 1065 545 1142 λογίας·
596 1065 652 1120 ’ὲν
700 1063 801 1139 γὰρ
849 1061 1090 1136 θέλημα,
1137 1063 1224 1116 καὶ
1285 1060 1410 1135 μίαν
1467 1060 1731 1137 ἐνέργειαν
1789 1067 1868 1134 τῷ
1916 1062 1976 1116 ἐκ

326 1153 427 1212 δύο
484 1153 911 1230 ἂπαρατρέπτων
969 1152 1178 1228 φύσεων
1248 1151 1514 1232 πεφυκότι
1598 1158 1812 1227 Χριστῷ
1894 1158 1974 1225 τῷ

325 1250 445 1318 Θεῷ
492 1247 652 1317 ἡμῶν
703 1247 884 1306 κακῶς
937 1243 988 1296 οἱ
1048 1239 1282 1297 δείλαιοι
1333 1240 1718 1318 ἐπεγράφοντο·
1778 1239 1858 1296 ἔτι
1918 1239 1975 1297 δὲ

324 1335 548 1403 καί·τήν
601 1334 653 1388 ἐν
712 1331 916 1404 Νικαίᾳ
967 1332 1030 1386 τὸ
1082 1329 1329 1406 δεύτερον
1389 1331 1536 1405 ἱερὰν
1595 1332 1684 1386 καὶ
1728 1332 1971 1408 μεγάλην

326 1421 555 1479 σύνοδον
583 1421 708 1485 τοὺς
743 1421 1155 1496 Εἷκονομάχους
1186 1421 1276 1476 καὶ
1308 1417 1400 1474 διὰ
1444 1417 1606 1475 τοῦτο
1659 1423 1973 1496 Χριστομά-

326 1529 468 1586 χους
534 1507 622 1564 καὶ
679 1506 1146 1584 ἀγιοκατηγόρους
1203 1501 1716 1562 ἀποσκυϐαλίσασάν
1771 1528 1829 1562 τε
1881 1505 1972 1562 καὶ

321 1595 764 1668 καταϐαλοῦσαν,
789 1596 882 1652 σὺν
925 1596 1111 1660 αὐτοῖς
1153 1593 1211 1652 δὲ
1249 1598 1335 1652 καὶ
1375 1598 1476 1666 τήν
1531 1593 1831 1671 βδελυκτήν
1883 1599 1972 1652 καὶ

327 1689 678 1764 Μανιχαϊκήν
710 1685 886 1742 αὐτῶν
915 1685 1142 1763 α’ίρεσιν·
1174 1687 1236 1742 τὸ
1261 1687 1362 1762 γὰρ
1411 1690 1507 1740 τοῦ
1558 1687 1762 1763 Κυρίου
1813 1689 1971 1760 ἡμῶν

327 1780 514 1849 Ἰησοῦ
543 1780 777 1848 Χριστοῦ
812 1775 1105 1848 ὁμοούσιον
1153 1777 1287 1850 ἡμῖν
1337 1776 1492 1849 ἅγιον
1544 1780 1700 1850 σῶμα
1753 1776 1977 1855 γράφειν

2079 623 2454 676 consuerunt.
2485 620 2594 674 Sed
2627 627 2680 674 et
2726 624 2976 688 sextam,
3021 624 3085 676 ut
3129 638 3254 692 quae
3289 621 3500 691 abjecit
3531 637 3596 676 ac
3627 621 3728 677 de-

2081 708 2284 764 molita
2313 717 2418 777 est,
2453 708 2771 764 Honorium
2801 710 2880 780 (2)
2916 717 2967 763 et
2993 710 3276 779 Sergium,
3307 714 3363 765 et
3388 709 3725 776 Macarinm,

2081 799 2438 853 monstruosi
2461 797 2717 852 homines
2738 797 3024 852 sermonis
3051 814 3115 852 ac
3138 799 3462 869 dementes,
3493 815 3729 870 unaque

2081 904 2214 943 cum
2252 887 2367 960 ipsi
2397 903 2494 943 eos
2535 887 2639 958 qui
2687 887 2893 943 eadem
2935 887 3294 958 impietatem
3330 889 3402 944 ad
3444 905 3506 944 se
3551 891 3727 946 duxe-

2080 982 2214 1033 runt
2235 982 2290 1034 et
2313 985 2746 1048 expresserunt,
2778 993 3029 1048 eumque
3060 976 3267 1032 alienis
3299 995 3501 1033 eorum
3535 983 3591 1034 et
3622 981 3726 1035 ab-

2081 1067 2274 1122 surdis
2297 1067 2677 1122 commentis:
2708 1082 2884 1121 unam
2906 1066 3063 1122 enim
3089 1065 3468 1132 voluntatem,
3489 1072 3544 1122 et
3567 1083 3734 1125 unam

2080 1155 2470 1227 operationem
2503 1155 2728 1212 Christo
2759 1155 2874 1212 Deo
2907 1159 3128 1222 nostro,
3159 1155 3259 1226 qui
3292 1171 3360 1210 ex
3385 1156 3612 1211 duabus
3636 1158 3725 1212 in-

2081 1246 2373 1303 conversis
2406 1247 2630 1302 naturis
2652 1250 2760 1312 est,
2787 1245 2925 1301 mali
2948 1245 3143 1300 miseri
3165 1245 3554 1302 ascribebant.
3572 1250 3727 1301 Prae-

2079 1338 2239 1392 terea
2266 1343 2319 1392 et
2342 1351 2494 1402 eam,
2527 1353 2652 1406 quae
2683 1335 2887 1391 Nicaeae
2918 1335 3129 1391 iterum
3161 1334 3306 1390 facta
3347 1339 3456 1402 est,
3503 1351 3724 1391 sacram

2079 1428 2135 1480 et
2175 1441 2446 1496 magnam
2497 1423 2810 1498 synodum,
2845 1439 2970 1496 quas
3021 1422 3454 1491 ieonomachos,
3501 1423 3554 1478 id
3607 1428 3716 1494 est,

2081 1515 2406 1588 imaginum
2439 1518 2892 1587 oppugnatores,
2927 1529 2993 1568 ac
3025 1515 3329 1584 propterea
3360 1512 3726 1569 Christoma-

2081 1603 2244 1673 chos,
2278 1603 2332 1659 id
2361 1608 2470 1669 est,
2500 1603 2800 1658 Christum
2831 1607 3256 1674 oppugnantes,
3289 1608 3346 1657 et
3376 1607 3725 1658 sanctorum

2079 1692 2514 1761 obtrectatores,
2549 1699 2606 1745 ut
2639 1694 3022 1762 purgamenta
3043 1688 3367 1745 eliminavit
3389 1707 3454 1744 ac
3487 1691 3718 1759 dejecit.

2078 1781 2221 1836 Cum
2253 1780 2324 1837 iis
2355 1785 2549 1836 autem
2582 1785 2639 1835 et
2665 1781 3072 1835 detestandam
3103 1795 3269 1850 aeque
3301 1778 3720 1835 Manichaicam

327 1868 619 1930 εἶκονικῶς
674 1865 1064 1939 ἐμυσάττοντο,
1119 1865 1181 1920 τὸ
1231 1864 1505 1942 ἅγραπτον
1556 1867 1644 1920 καὶ
1694 1865 1966 1942 περίγρα-

2085 1886 2275 1926 eorum
2306 1871 2575 1926 haeresim
2611 1886 2624 1924 :
2659 1869 2892 1924 Domini
2924 1869 3085 1924 enim
3117 1869 3302 1924 nostri
3335 1869 3475 1924 Jesu
3508 1868 3725 1924 Christi

323 1979 464 2014 πτον
496 1957 661 2013 αὐτοῦ
691 1951 1215 2031 καταϐακχεύοντες,
1247 1957 1337 2010 καὶ
1369 1953 1459 2011 διὰ
1486 1960 1650 2012 τοῦτο
1705 1960 1780 2030 μὴ
1833 1958 1969 2012 εἶναι

321 2051 464 2120 ἡμῖν
525 2045 818 2120 ὁμοούσιον
892 2049 1134 2119 μανικῶς
1206 2046 1683 2120 συμπεραίνοντες.
1756 2049 1970 2110 Ταῦτας

324 2137 421 2192 οὖν
448 2137 544 2197 τὰς
575 2135 727 2211 ἁγίας
779 2134 869 2190 καὶ
915 2135 1298 2208 οἶκουμενικὰς
1340 2135 1472 2190 ἑπτὰ
1519 2133 1778 2197 συνόδους
1825 2134 1966 2190 ἀπο-

322 2223 590 2301 δέχομαι,
629 2224 1036 2298 ἀναθεματίζων
1082 2225 1200 2297 μὲν,
1250 2223 1342 2286 οὓς
1384 2224 1796 2298 ἀνεθεμάτισαν,
1838 2246 1968 2282 κατ-

320 2315 701 2388 ασπαζόμενος
749 2311 805 2369 δὲ
861 2315 951 2368 καί
1003 2311 1346 2388 μεγαλύνων,
1401 2313 1493 2376 οὖς
1551 2313 1964 2394 ἐπευφήμησαν.

2079 1957 2577 2016 consubstantiale
2609 1957 2777 2013 nobis
2809 1961 3078 2014 sanctum
3129 1974 3342 2029 corpus
3384 1957 3622 2028 pingere
3666 1958 3727 2012 in

2073 2051 2326 2118 imagine
2355 2048 2842 2104 abominabantur
2873 2064 2887 2102 :
2923 2047 3081 2118 pingi
3115 2063 3229 2101 non
3257 2063 3447 2118 posse,
3472 2056 3524 2101 et
3550 2047 3722 2102 incir-

2075 2155 2145 2194 cu
2155 2139 2326 2194 mscri
2333 2143 2498 2209 ptum
2511 2153 2638 2192 esse
2653 2136 3063 2192 debacchando
3083 2141 3578 2203 asseverantes,ac
3594 2136 3724 2190 ideo

2075 2229 2241 2286 nobis
2277 2227 2770 2286 consubstantiale
2808 2244 2924 2284 non
2965 2243 3116 2292 esse,
3151 2226 3355 2282 insano
3395 2242 3549 2282 more
3581 2243 3721 2282 con-

2076 2319 2397 2375 eludentes.
2414 2318 2961 2390 Hasigitursanctas
2977 2320 3033 2371 et
3059 2315 3453 2372 meumenicas
3471 2317 3726 2387 synodos

322 2405 569 2476 recipio,
584 2395 1081 2461 anatheniatizans
1103 2419 1248 2476 quos
1270 2403 1928 2472 anathematizaverunt,
1947 2409 2004 2462 et
2027 2409 2381 2480 amplectens
2403 2415 2456 2464 et
2473 2403 3323 2478 magniﬁcans,quoslaudibus
3337 2404 3726 2460 celebrarunt.

401 2495 550 2564 Αὕτη
592 2514 698 2566 μου
727 2495 761 2563 ἡ
793 2499 893 2562 τῆς
934 2491 1190 2556 πίστεως.
1230 2491 1321 2548 καὶ
1359 2497 1467 2547 τῶν
1509 2492 1584 2555 εἷς
1633 2493 1833 2564 ταύτην
1885 2494 1978 2548 ἀν-

324 2583 576 2654 ηκόντων
603 2581 695 2638 καὶ
734 2581 858 2656 περὶ
908 2581 1074 2651 αὐτὴν
1122 2581 1500 2659 ὑφισταμένων
1545 2580 1844 2658 ὁμολογία,
1885 2584 1975 2638 καὶ

322 2672 382 2730 ἐν
413 2672 586 2748 ταύτῃ
616 2675 651 2742 ὴ
685 2669 866 2742 ἐλπὶς,
913 2671 1012 2726 οὐκ
1058 2671 1182 2745 ἐμοὶ
1223 2669 1282 2726 δὲ
1323 2672 1508 2745 μόνον,
1551 2671 1696 2728 ἀλλά
1733 2674 1820 2728 καὶ
1866 2677 1977 2728 πᾶ-

325 2782 415 2817 σιν
482 2761 631 2824 ὅσόις
689 2757 930 2816 εὐσεϐεῖν
989 2759 1378 2834 μεμελέτηται,
1443 2761 1533 2816 καὶ
1582 2769 1682 2832 τῆς
1741 2764 1976 2836 καθαρᾶς

322 2854 418 2907 καὶ
459 2847 766 2922 ἆκιϐδήλου
825 2847 986 2922 δόξης
1041 2855 1148 2906 τῶν
1211 2855 1556 2926 Χριστιανῶν
1612 2854 1755 2914 θεῖος
1813 2851 1970 2930 ἔρως,

2156 2499 2285 2554 Haec
2311 2501 2402 2554 est
2432 2497 2562 2552 fidei
2595 2511 2758 2564 mea,
2791 2511 2992 2552 eorum
3025 2511 3156 2568 quae
3196 2495 3266 2549 ad
3315 2493 3498 2566 ipsam
3551 2493 3726 2564 perti-

2086 2593 2248 2653 nent,
2282 2592 2338 2643 et
2367 2587 2518 2643 circa
2549 2602 2678 2642 eam
2709 2584 3064 2654 subsistunt,
3109 2583 3421 2649 confessio,
3463 2587 3521 2638 et
3562 2583 3620 2638 in
3662 2599 3729 2638 ea

2086 2694 2254 2748 spes;
2289 2694 2390 2732 nec
2425 2676 2569 2732 mihi
2616 2691 2749 2731 vero
2795 2674 2926 2740 soli,
2964 2673 3064 2730 sed
3103 2677 3161 2728 et
3201 2673 3474 2728 omnibus
3513 2673 3726 2743 quibus

2084 2767 2429 2824 meditatum
2461 2774 2544 2822 est
2576 2766 2668 2837 pie
2697 2764 2906 2832 vivere,
2941 2763 3271 2835 quibusque
3293 2762 3526 2818 divinus
3559 2779 3727 2818 amor

2081 2857 2318 2914 innatus
2348 2861 2458 2922 est,
2482 2871 2686 2926 puram
2707 2859 2762 2909 et
2783 2854 3070 2909 sinceram
3107 2852 3574 2908 Christianorum
3593 2869 3720 2908 sen-

318 2941 699 3021 προσπέφυκεν
744 2939 986 3016 ἔχεσθαι.
1044 2939 1262 3011 Ταύτην
1301 2941 1392 2996 οὗν
1433 2943 1594 3014 ἡμῶν
1637 2943 1734 3011 τήν
1777 2939 1971 3019 ἔγγρα-

2085 2947 2323 3002 tentiam
2355 2945 2663 3001 retinendi.
2688 2945 2849 2999 Hanc
2870 2941 3130 3014 igiturin
3160 2941 3398 3013 scriptis
3423 2940 3554 2995 fidei
3591 2958 3728 2996 con-

325 3052 431 3110 φον
490 3032 590 3097 τῆς
641 3028 875 3090 πίστεως
936 3027 1242 3106 ὁμολογίαν
1295 3029 1721 3100 ὑποστήσαντες,
1770 3033 1858 3086 καὶ
1903 3037 1971 3101 τῆ

322 3122 490 3194 ἡμῶν
523 3120 762 3194 πανιέρῳ
803 3119 1049 3195 ἱερότητι
1090 3118 1160 3173 τὰ
1213 3119 1332 3172 καθ’
1379 3121 1528 3192 ἡμᾶς
1570 3119 1644 3182 ὡς
1691 3119 1742 3174 ἐν
1787 3120 1974 3176 πίνακι

324 3205 792 3287 διαχαρὰττοντες
821 3211 936 3269 τοῖς
969 3206 1159 3282 λόγοις
1209 3205 1678 3282 ἃνιστορήσαντες,
1733 3211 1864 3285 ὅπερ
1908 3207 1973 3279 δὴ

319 3297 598 3361 πολλάκις
683 3296 1026 3372 ᾐτησάμεθα,
1115 3301 1224 3350 τῶν
1294 3297 1567 3372 ὑμετέρων
1646 3296 1977 3373 ἐπιδεόμεθα

323 3390 678 3462 προσευχῶν,
731 3387 858 3442 Θεὸν
914 3387 1008 3458 μὲν
1055 3383 1227 3440 ’ίλεων
1275 3386 1366 3440 καὶ
1411 3386 1607 3460 εὐμενῆ
1661 3388 1741 3465 ἐφ’
1791 3391 1872 3452 οἷς
1918 3411 1977 3444 τε

325 3479 659 3550 πράττομεν,
753 3475 844 3529 καὶ
938 3473 1374 3550 διεπραξάμεθα,
1469 3479 1618 3549 ἡμᾶς
1710 3477 1974 3554 ἐφευρεῖν,

327 3571 506 3620 πᾶσαν
568 3561 625 3618 δέ
681 3560 996 3619 σκανδάλων
1043 3565 1220 3637 ῥίζαν,
1277 3566 1368 3620 καὶ
1425 3565 1620 3640 πέτραν
1692 3566 1976 3641 προσκόμ-

334 3675 530 3730 ματος,
595 3656 658 3709 ἒκ
713 3651 896 3709 ποδῶν
965 3655 1292 3730 γεγενημένα
1355 3659 1455 3722 τῆς
1520 3654 1978 3728 ἐκκλησιαστικῆς

328 3744 578 3814 εὐταξίας
665 3744 925 3818 καθαρᾷν·
1020 3742 1401 3817 ποιμαίνεσθαί
1490 3765 1550 3798 τε
1638 3745 1820 3808 καλῶς
1911 3748 1974 3802 τὸ

328 3833 605 3902 ὑπήκοον,
665 3832 741 3902 μὴ
802 3833 880 3902 τῷ
937 3827 1139 3901 πλήθει
1196 3835 1305 3886 τῶν
1381 3831 1664 3907 ἡμετέρων
1725 3835 1975 3908 ἅμαρτη-

329 3922 520 3996 μάτων
576 3921 674 3990 τήν
731 3919 949 3976 ἐκείνων
1009 3920 1093 3976 ἐπ’
1163 3921 1347 3997 ἀγαθῷ
1425 3924 1708 3996 προκοπὴν
1775 3922 1971 3979 ἀνακό-

319 4012 568 4078 πτεσθαι,
620 4011 695 4072 ὡς
749 4008 986 4065 ἐντεῦθεν
1038 4012 1172 4084 ἡμῖν
1225 4009 1645 4067 πολλαπλάσιον
1695 4013 1756 4067 τὸ
1803 4010 1973 4090 ἁμάρ-

314 4119 478 4171 τημα
529 4099 986 4175 καταγράφεσθαι.
1043 4098 1199 4155 Ἀλλ’
1256 4097 1376 4170 εἴην
1427 4101 1520 4174 μὲν
1571 4100 1755 4163 αὐτοῖς
1803 4099 1972 4178 ἔγωγε

312 4189 412 4244 καὶ
472 4191 642 4242 ποιῶν
700 4187 791 4242 καὶ
858 4185 1033 4263 λέγων
1099 4187 1151 4242 ἐν
1221 4185 1544 4262 διδασκαλίᾳ
1621 4191 1688 4245 τὰ
1757 4189 1967 4265 δέοντα,

2084 3035 2400 3092 fessionem
2422 3037 2768 3102 statuentes,
2793 3038 2850 3087 et
2871 3035 3070 3086 vestras
3093 3030 3502 3086 sacratissimae
3518 3031 3727 3085 sancti-

2088 3128 2193 3182 tati
2211 3142 2298 3182 res
2312 3131 2539 3181 nostras
2563 3132 2622 3179 ut
2645 3123 2701 3178 in
2720 3121 2920 3178 tabula
2939 3121 3353 3192 exprimentes,
3381 3127 3435 3174 et
3461 3136 3728 3176 sermone

2085 3219 2642 3280 commemorantes;
2674 3213 2826 3283 quod
2850 3227 3003 3280 saepe
3034 3209 3368 3281 petivimus,
3395 3209 3729 3279 indigemus

2083 3303 2446 3362 orationibus
2469 3302 2698 3369 vestris,
2720 3301 2971 3356 utDeum
2993 3299 3306 3370 propitium
3327 3315 3392 3353 ac
3411 3300 3723 3371 benignum

2081 3394 2142 3449 in
2193 3392 2286 3447 bis
2335 3409 2462 3462 quze
2511 3389 2791 3463 gerimus,
2846 3387 3255 3444 inveniamus:
3307 3403 3543 3442 omnem
3586 3402 3720 3441 vero

2084 3481 2494 3538 scandalorum
2539 3479 2810 3545 radicem,
2871 3481 2928 3534 et
2975 3481 3200 3548 petram
3257 3475 3596 3532 offensionis
3653 3492 3723 3531 ex

2083 3570 2475 3628 ecclesiastico
2498 3568 2705 3625 ordine
2745 3567 3035 3623 sublatam
3077 3566 3432 3624 intueamur,
3475 3581 3538 3620 ac
3575 3565 3721 3620 bene

2083 3660 2240 3732 pasci
2271 3660 2556 3727 subditos,
2591 3674 2694 3714 nec
2721 3656 3098 3713 multitudine
3128 3658 3462 3711 nostrorum
3487 3653 3728 3709 delicto-

2083 3767 2228 3818 rum,
2260 3749 2492 3805 illorum
2535 3749 2592 3802 in
2633 3748 2786 3802 bono
2830 3745 3146 3817 profectum
3186 3743 3266 3800 ita
3311 3743 3615 3811 retardari,
3660 3747 3724 3798 ut

2080 3839 2216 3895 inde
2237 3839 2407 3894 nobis
2427 3835 2730 3906 multiplex
2750 3839 3051 3905 peccatum
3080 3832 3446 3902 ascribatur;
3483 3833 3581 3888 sed
3619 3848 3724 3904 ego

2081 3928 2317 4000 quidem
2331 3926 2476 3997 ipsis
2489 3924 2697 3980 iaciam
2709 3927 2764 3978 et
2778 3924 2969 3978 dicam
2986 3923 3044 3976 in
3060 3922 3326 3977 doctrina
3339 3939 3460 3992 quae
3479 3927 3726 3991 Oportet;

2078 4017 2117 4073 ii
2150 4032 2280 4072 vero
2310 4014 2648 4071 obedienter
2675 4015 2732 4066 et
2761 4009 3134 4066 tractabiliter
3159 4011 3233 4066 ad
3257 4026 3429 4066 suum
3457 4010 3722 4078 ipsorum

2078 4106 2328 4162 salutem
2359 4105 2674 4168 ducantur,
2705 4104 2759 4156 et
2790 4098 3020 4155 Christo
3043 4099 3306 4154 omnium
3330 4098 3506 4169 capiti
3542 4098 3724 4154 inhae-

2078 4199 2274 4252 renter
2299 4193 2796 4266 coagmententur,
2829 4189 2956 4260 ejus
2987 4187 3344 4244 humanitate
3369 4192 3424 4243 et
3459 4187 3722 4259 benigni-

315 4275 512 4348 εἴησαν
565 4273 620 4331 δὲ
659 4275 748 4331 καὶ
796 4275 949 4332 αὐτοὶ
1000 4277 1264 4339 εὐπειθῶς
1311 4299 1369 4334 τε
1416 4277 1505 4334 καὶ
1556 4280 1789 4350 εὐηνίως
1834 4283 1970 4358 πρὸς

2085 4290 2218 4356 tate,
2248 4283 2344 4340 cui
2375 4261 2558 4354 gloria
2601 4283 2658 4336 et
2687 4277 3002 4351 imperium
3031 4293 3167 4334 cum
3204 4280 3393 4344 Patre,
3425 4281 3482 4332 et
3520 4280 3724 4333 sancto

310 4368 421 4435 τήν
490 4366 694 4421 ἑαυτῶν
747 4365 1022 4440 σωτηρίαν
1080 4366 1429 4442 ἀναγόμενοι,
1487 4369 1579 4423 καὶ
1629 4375 1852 4443 Χριστῷ
1897 4375 1964 4446 τῇ

310 4456 540 4512 πάντων
613 4452 825 4533 κεφαλῇ
883 4459 1178 4529 προσφυῶς
1245 4457 1850 4534 συναρμολογούμενος,
1896 4465 1965 4536 τῇ

2078 4373 2320 4446 Spiritu,
2352 4371 2482 4428 vitae
2525 4368 2774 4442 principi
2814 4371 2870 4424 et
2905 4365 3392 4424 consubstantiali
3432 4365 3722 4432 Trinitati,

2079 4480 2234 4519 nunc
2274 4466 2331 4518 et
2361 4476 2611 4532 semper,
2653 4463 2712 4515 et
2751 4459 2808 4514 in
2850 4457 3060 4514 saecula
3099 4456 3466 4514 saeculorum.
3511 4457 3716 4510 Amen.

310 4541 490 4601 αὖτοῦ
555 4541 946 4620 φιλανθρωπίᾳ
996 4543 1087 4598 καί
1146 4545 1511 4621 χρηστότητι.
1569 4551 1636 4626 ᾮ
1683 4551 1718 4619 ἡ
1772 4547 1917 4622 δόξα,
1966 4554 2056 4608 καὶ
2104 4553 2167 4608 τὸ
2214 4552 2414 4627 κράτος
2465 4548 2577 4622 ἅμα
2620 4551 2700 4619 τῷ
2746 4546 2942 4620 Πατρὶ,
2985 4544 3076 4600 καὶ
3123 4548 3202 4616 τῷ
3251 4542 3384 4618 ἁγίῳ
3433 4543 3726 4616 Πνεύματι,

307 4638 392 4708 τῇ
427 4635 713 4710 ζωαρχικῇ
745 4634 833 4688 καὶ
870 4632 1153 4706 ὁμοουσίῳ
1182 4633 1375 4708 Τριάδι
1406 4639 1520 4706 νῦν,
1552 4637 1642 4692 καὶ
1675 4639 1778 4710 ἀεὶ,
1810 4642 1896 4695 καὶ
1931 4641 2008 4704 εἷς
2037 4641 2166 4706 τοὺς
2197 4641 2392 4703 αἰῶνας
2421 4643 2528 4695 τῶν
2557 4636 2790 4694 αἲώνων.
2823 4637 3018 4710 ’Δμήν.

969 4723 1194 4780 EPIST.
1237 4725 1312 4780 II.

2732 4731 2956 4782 ΕΗΙΣΤ.
2999 4727 3058 4780 B’

303 4815 386 4869 Ἥ
417 4810 799 4886 ἀπολογῃτική
833 4808 1098 4881 ἐπιστολὴ
1129 4809 1227 4868 τοῦ
1258 4812 1477 4868 Φωτίου
1509 4816 1646 4890 πρὸς
1673 4818 1766 4873 τὸν
1792 4819 1973 4875 πάπαν
2005 4817 2391 4890 Νικόλαονηέν
2421 4817 2504 4878 οἷς
2537 4814 2820 4890 ἐμέμψατο
2841 4811 2988 4884 αὐτῷ
3019 4809 3110 4867 διὰ
3136 4810 3238 4880 τὴν
3265 4810 3399 4886 πρὸς
3423 4809 3513 4865 τὸν
3536 4807 3728 4884 θρόνον

1526 4884 2160 4953 Κωνσταντινουπόλεως
2199 4884 2536 4946 ἆνάϐίϐᾱσιν.

307 4975 415 5045 Τῷ
593 4972 795 5058 πάντα-
826 4971 1144 5064 ἀγιωτάτιρ,
1215 4973 1497 5064 ἱερωτάτῳ
1567 4975 1816 5064 ἀδελφῷ,
1883 4983 1976 5037 καὶ

396 5000 415 5042 υ
472 5000 538 5026 τα
593 5000 763 5026 πανςα
826 5000 1144 5046 αγιωτατῳ,
1220 5000 1497 5064 ιεξωτατῳ
1567 5000 1742 5054 αοεΛφ
1803 5025 1816 5048 ,
1883 5002 1976 5037 και

396 5041 824 5128 σλδλλειτουργιῖ),
883 5043 1142 5128 Νικολᾴω
1215 5065 1369 5116 παπᾳ
1437 5053 1538 5128 τῇς
1609 5000 1976 5128 πρεσὲυτέρας

1055 5113 1356 5180 ἐπίσκοπος
1463 5113 1976 5181 Κωνστάντινουπόλ

392 5115 638 5189 Ῥώμης,
697 5114 706 5120 ’
739 5114 953 5189 Φώτιος

390 5185 534 5249 λεως
564 5187 683 5248 νέας
716 5188 958 5261 Ῥώμης,

2087 4984 2148 5039 In
2185 4980 2439 5038 omnibus
2471 4977 2820 5034 sanctissimo
2842 4974 3219 5030 sacratissimo
3237 4972 3416 5044 fratri
3434 4980 3486 5028 et
3504 4973 3729 5028 commi-

2160 5055 2336 5110 πέδινο
2362 5052 2582 5108 Nicolao
2605 5051 2771 5120 Papa?
2799 5047 3040 5103 senioris
3061 5047 3246 5120 Bomw
3275 5047 3499 5103 Pholius
3529 5047 3730 5117 episco-

2159 5141 2262 5198 pus
2290 5119 2834 5193 Constantinopoleos
2860 5133 3022 5176 novae
3051 5119 3250 5174 Rom.

1409 5287 1586 5347 JAGIB,
1621 5286 1657 5336 l.
1689 5300 1734 5336 c.
1771 5286 1882 5340 439.
1913 5314 1974 5324 —
2008 5288 2270 5339 Baronius
2299 5287 2368 5338 ad
2398 5300 2522 5338 ann.
2553 5287 2668 5339 861.

386 5383 640 5459 Ἀγάπης
675 5384 770 5456 μὶν
812 5385 886 5446 ὡς
930 5381 1155 5454 ἀληθῶς
1205 5381 1361 5440 οὐδὲν
1413 5389 1599 5456 κτῆμα
1643 5382 1960 5458 σεμνότερον

307 5471 449 5531 οὐδέ
488 5473 820 5547 τιμιώτερον
861 5473 951 5529 καὶ
988 5479 1109 5536 ταῖς
1147 5479 1356 5536 κοιναῖς
1396 5473 1625 5535 ἐννοίαις
1676 5469 1961 5545 ἀνωμολό-

2145 5386 2434 5442 Cbaritate
2496 5403 2628 5444 vere
2707 5387 2856 5444 nihil
2941 5385 3339 5444 venerabilius
3406 5400 3555 5452 esse,
3625 5400 3730 5440 nec

2071 5475 2404 5548 pretiosius,
2472 5480 2528 5532 et
2571 5477 2984 5533 communibus
3037 5476 3346 5533 sententiis
3398 5475 3726 5529 confessum

1910 5566 2145 5623 NOTIE.

388 5655 469 5725 (2)
491 5652 658 5710 Falso
689 5669 980 5710 accusans
1014 5655 1333 5711 Honorium
1361 5671 1374 5721 ;
1411 5670 1515 5710 nec
1547 5655 1673 5709 sine
1707 5653 1838 5709 dolo
1871 5671 1971 5724 po-

311 5727 436 5782 tuit
463 5726 908 5797 praetermisisse
939 5726 1228 5800 Pyrrhum
1270 5731 1328 5783 et
1360 5725 1612 5783 Paulum
1651 5727 1973 5784 Constanti-

2085 5653 2456 5725 nopolitanos
2503 5656 2866 5724 patriarchas
2900 5656 3140 5712 haeresis
3187 5657 3452 5725 auctores
3494 5657 3562 5725 et_
3597 5667 3724 5721 pro-

2085 5721 2462 5798 pugnatores.
2497 5721 2578 5784 De
2607 5729 2858 5786 Honorio
2889 5728 3020 5785 vide
3052 5736 3187 5784 tom.
3212 5724 3336 5781 Vlll
3377 5721 3580 5780 Annal.
