4090 6228
360 369 476 432 595

1557 365 1824 428 ΡΗΟΤΙΙ
1868 369 2402 434 PATRIARCH/E
2447 369 2566 431 GP.

3646 371 3790 451 sse;

363 506 476 572 est,
523 505 580 559 et
629 501 812 558 sacris
851 500 1101 572 eloquiis
1162 501 1465 555 testatum.
1516 500 1622 554 Per
1675 516 1803 557 eam
1851 502 2008 559 enim

2133 525 2310 580 γηται,
2367 501 2457 558 καὶ
2513 505 2631 562 τοῖς
2681 498 2846 561 θείοις
2893 497 3120 566 Λογίοις
3186 497 3636 577 ἐπιμαρτύρεται.
3698 503 3776 556 Δι’

368 595 632 666 separata
653 593 1114 664 conjunguntur,
1139 593 1196 644 et
1213 589 1595 660 paciﬁcantur
1617 592 1936 662 pugnantia
1961 596 1976 630 ί
1998 612 2012 664 ;

373 686 432 738 et
448 683 675 752 juncta,
710 679 1141 748 domesticaque
1173 679 1356 748 magis
1399 680 1830 750 consociantur,
1865 681 2015 738 sedi-

360 770 642 838 tionibus,
674 768 1261 839 contentionibusque
1281 767 1503 824 aditum
1527 785 1638 824 non
1675 771 2007 841 praebentia.

369 859 503 930 Ipsa
533 860 688 915 enim
712 875 828 915 non
862 858 1078 930 cogitat
1116 856 1356 925 malum,
1400 857 1502 913 sed
1547 858 1748 914 omnia
1786 860 2009 930 suffert,

365 950 564 1007 omnia
597 953 813 1022 sperat,
847 947 1042 1004 omnia
1074 947 1344 1014 sustinet,
1390 963 1493 1003 nec
1535 964 1786 1019 unquam
1829 951 2013 1022 (juxta

362 1040 583 1095 bonum
615 1037 881 1108 Paulum)
915 1036 1147 1093 excidit.
1181 1037 1313 1107 Ipsa
1342 1040 1398 1091 et
1427 1036 1680 1092 famulos
1713 1038 1813 1110 qui
1835 1039 2014 1094 ott‘en-

363 1127 594 1195 derunt,
623 1126 879 1183 dominis
904 1123 1269 1192 reconciliet,
1293 1129 1516 1180 naturas
1540 1127 1802 1181 eumdem
1836 1126 2015 1182 hono-

363 1232 482 1273 rem
527 1218 600 1272 ad
634 1217 1036 1273 defensionem
1066 1215 1271 1287 lapsus
1300 1231 1621 1286 opponens.
1656 1217 1788 1287 Ipsa
1817 1219 1874 1272 et
1916 1217 2021 1274 do-

365 1307 657 1363 minorum
709 1307 1038 1364 saevientem
1090 1307 1342 1362 furorem
1397 1305 1604 1362 leniter
1651 1307 1799 1364 ferre
1845 1309 2020 1365 mini-

364 1401 514 1453 stros
547 1397 767 1465 edocet,
803 1398 1052 1453 fortunae
1095 1393 1540 1467 imparilitatem
1590 1397 1901 1454 consolans
1952 1415 2020 1454 ex

367 1501 570 1543 eorum
605 1487 707 1559 qui
727 1487 926 1543 eadem
952 1485 1260 1556 patiuntur
1281 1484 1687 1541 similitudine.
1714 1488 1778 1542 Et
1802 1491 2025 1558 patrum

367 1575 429 1632 in
473 1575 624 1631 ﬁlios
672 1575 1040 1631 iracundiam
1091 1575 1314 1645 mitigat
1382 1579 1556 1645 atque
1603 1575 1918 1645 exhilarat;
1967 1581 2024 1632 et

368 1665 840 1720 mussitationem
900 1665 1155 1720 ﬁliorum
1207 1663 1265 1718 in
1315 1668 1610 1734 parentes,
1662 1665 1789 1719 sine
1827 1665 2021 1721 dolore

371 1752 631 1822 accipere
664 1754 948 1819 hortatur,
982 1752 1306 1808 naturalem
1342 1752 1609 1808 habitum
1654 1759 1710 1809 et
1748 1753 2019 1810 aﬂ'ectum

2130 593 2297 663 αὐτῆς
2327 591 2430 667 γὰρ
2459 589 2524 646 τὰ
2564 588 2827 645 διεστῶτα
2866 589 3209 660 συνάπτεται,
3263 589 3354 644 καὶ
3407 591 3777 664 εἰρηνοποιεῖ-

2123 704 2210 738 ται
2259 683 2325 737 τὰ
2376 681 2684 756 μαχόμενα,
2733 678 2823 733 καὶ
2872 679 2941 733 τά
2980 677 3157 734 οἰκεῖα
3208 678 3422 753 μᾶλλον
3485 681 3777 757 συσφίγγε-

2114 793 2225 842 ται,
2257 777 2374 831 ταῖς
2407 771 2644 837 στάσεσι,
2687 767 2779 824 καὶ
2819 773 2939 832 ταῖς
2983 767 3372 843 φιλονεικίαις,
3411 767 3656 846 πάροδον
3710 771 3772 827 ού

2117 859 2490 935 παρεχόμενα·
2527 857 2660 928 αὕτη
2694 856 2796 932 γάρ
2841 857 2904 912 οὐ
2949 854 3230 931 λογίζεται
3276 858 3340 914 τὸ
3381 858 3573 927 κακὸν,
3623 857 3776 915 ἀλλά

2118 951 2291 1005 πάντα
2342 949 2572 1023 στέργει,
2624 946 2800 1001 πάντα
2844 944 3120 1020 ὑπομένει,
3170 946 3260 1001 καὶ
3304 944 3586 1018 οὐδέποτε,
3638 948 3776 1003 κατά

2119 1040 2211 1095 τὸν
2244 1041 2506 1114 μακάριον
2537 1037 2770 1107 Παῦλον,
2823 1035 3089 1092 ἐκπίπτει·
3144 1035 3278 1108 αὕτη
3327 1039 3419 1092 καὶ
3467 1038 3776 1112 θεράποντα

2125 1128 2538 1202 ἐξημαρτηκότα
2587 1125 2871 1189 δεσπόταις
2910 1123 3278 1182 καταλλάσσει
3323 1129 3422 1196 τήν
3469 1129 3776 1203 ὁμοτιμίαν

2123 1224 2224 1288 τῆς
2254 1217 2462 1295 φύσεως
2494 1219 2568 1280 εἱς
2603 1215 2900 1292 ἀπολογίαν
2933 1211 3372 1292 προϐαλλομένη
3401 1222 3500 1272 τοῦ
3543 1218 3781 1288 ὀλισθή-

2132 1328 2320 1380 ματος·
2355 1306 2492 1378 αὕτη
2525 1308 2614 1362 καὶ
2659 1303 2932 1362 δεσποτῶν
2975 1305 3322 1381 ἃγριαίνοντα
3369 1307 3541 1381 Θυμὸν
3589 1305 3781 1382 πράως

2129 1398 2306 1477 φέρειν
2339 1396 2468 1461 τοὺς
2507 1395 2978 1470 ύπηρετουμένους
3008 1395 3274 1467 παιδεύει,
3303 1397 3406 1466 τὴν
3452 1403 3550 1468 τῆς
3598 1399 3779 1473 τύχης

2131 1487 2424 1556 ἀνισότητα
2495 1487 2959 1560 παραμυθουμένη
3032 1485 3136 1540 ἀπὸ
3212 1492 3312 1555 τῆς
3367 1490 3476 1540 τῶν
3531 1487 3600 1541 τὰ
3649 1487 3782 1542 αύτά

2129 1576 2454 1652 πασχόντων
2487 1575 2844 1650 ὁμοιότητος.
2879 1575 2975 1630 Καὶ
3004 1576 3210 1644 πατρὸς
3253 1575 3341 1631 ἐπὶ
3386 1576 3600 1638 τέκνοις
3639 1597 3779 1654 παρ-

2131 1669 2392 1742 οργισμὸν
2434 1665 2702 1742 ἱλαρύνει,
2753 1665 2843 1721 καὶ
2893 1665 3202 1742 γογγυσμὸν
3251 1667 3452 1721 τέκνων
3505 1672 3623 1729 τοῖς
3674 1688 3784 1722 πα-

2126 1757 2314 1832 τράσιν
2370 1756 2596 1819 ἀλύπως
2647 1753 2954 1828 παρακαλεῖ
3010 1752 3424 1830 καταδέχεσθαι,
3473 1758 3574 1826 τήν
3628 1779 3785 1834 φυσιο

370 1847 642 1898 mutuum
673 1859 905 1898 armans
935 1847 1138 1898 contra
1169 1857 1299 1898 eam
1330 1842 1787 1913 disjunctionem
1829 1860 1956 1914 quas
1988 1863 2020 1902 a

2133 1848 2229 1915 κήν
2265 1847 2450 1924 σχέσιν
2492 1844 2628 1900 κατά
2671 1851 2770 1913 τῆς
2809 1845 2956 1918 παρὰ
2995 1843 3150 1922 φύσιν
3194 1843 3402 1916 λύσσης
3451 1843 3782 1916 ὁπλίζουσαο

375 1934 584 1987 natura
606 1932 880 1988 abhorret
907 1949 920 1987 :
944 1937 1002 1988 et
1033 1933 1240 1989 amicis
1264 1933 1444 1988 rixam
1472 1933 1828 1989 incidentem
1851 1933 2020 1991 facile

375 2021 624 2092 repellit,
653 2027 720 2078 ut
749 2038 1092 2079 communes
1119 2022 1271 2084 sales
1293 2038 1457 2096 Isque
1481 2038 1548 2078 ac
1571 2027 1841 2079 naturam
1868 2039 2022 2080 reve-

376 2114 616 2165 reantur
635 2111 955 2168 adhortans
988 2130 1001 2169 :
1037 2115 1094 2166 et
1125 2128 1222 2167 eos
1247 2111 1342 2181 qui
1394 2110 1455 2166 in
1505 2112 1710 2168 eadem
1767 2112 1838 2168 de
1884 2112 2023 2181 Deo,

378 2198 665 2270 rebusque
691 2201 904 2257 divinis
927 2201 1218 2258 sententia
1249 2204 1410 2270 sunt,
1435 2201 1703 2272 quamvis
1725 2202 1846 2258 sint
1877 2202 2028 2258 loco-

377 2305 514 2348 rum
536 2289 829 2346 intervallo
851 2290 1154 2361 disjuncti,
1176 2294 1234 2347 et
1262 2289 1446 2345 oculis
1468 2290 1619 2346 inter
1640 2307 1701 2346 se
1724 2305 2021 2362 nunquam

379 2381 654 2450 viderint,
701 2380 1003 2450 conjungit
1050 2383 1108 2436 et
1165 2379 1474 2435 sententiis
1537 2378 1922 2452 conglutinat,
1971 2383 2029 2436 et

380 2487 547 2528 veros
577 2469 714 2525 facit
735 2469 986 2535 amicos;
1020 2483 1086 2525 ac
1117 2467 1164 2523 si
1195 2468 1342 2524 forte
1368 2469 1644 2524 alteruter
1687 2469 1762 2524 ad
1793 2469 2027 2524 incusa-

384 2561 570 2618 tiones
601 2557 1138 2614 inconsiderantius
1160 2557 1404 2626 venerit,
1438 2558 1601 2614 casui
1633 2557 1719 2612 illi
1742 2559 2025 2624 medetur,

382 2649 694 2720 omniaque
729 2646 1109 2718 redintegrat,
1142 2646 1384 2702 ﬁrmum
1417 2646 1858 2718 coniunctionis
1897 2646 2027 2702 vin-

386 2741 589 2796 culum
623 2753 996 2794 conservans.

457 2936 588 2992 Haac
621 2938 678 2991 et
722 2938 935 2990 nostrae
969 2931 1353 2990 mediocritati
1383 2933 1696 3005 persuasit,
1743 2949 1858 2991 non
1896 2949 2032 3006 gra-

389 3025 537 3081 viter
582 3022 1022 3096 objurgationes
1063 3023 1231 3090 ferre,
1283 3037 1408 3094 quas
1456 3039 1489 3078 a
1545 3025 1738 3079 vestra
1789 3026 2032 3095 paterna

387 3115 700 3172 sanctitate
721 3112 1056 3184 jaculorum
1090 3112 1276 3168 instar
1306 3112 1533 3168 emissa
1555 3116 1732 3180 sunt;
1765 3129 1830 3167 ac
1873 3113 2027 3181 fecit,
2063 3153 2104 3220 α

389 3209 452 3261 ut
484 3204 818 3269 arbitrarer,
851 3201 1170 3275 perturbati
1203 3201 1378 3256 animi
1411 3203 1518 3258 hos
1551 3202 1705 3258 fetus
1737 3218 1852 3258 non
1877 3218 2030 3273 esse,

387 3310 493 3349 nec
526 3295 738 3349 mentis
767 3292 1156 3347 oti'ensionum
1208 3295 1266 3347 et
1307 3289 1757 3347 inimicitiarum
1805 3292 2028 3362 cupidas

385 3383 596 3450 verba;
632 3382 727 3436 sed
765 3380 956 3452 potius
987 3381 1228 3436 affectus
1265 3381 1385 3436 veri
1434 3395 1500 3436 ac
1539 3379 1688 3435 nihil
1726 3379 2028 3451 ﬁngentis,

389 3474 448 3526 et
476 3469 935 3526 ecclesiasticum
979 3468 1246 3523 ordinem
1289 3467 1588 3524 subtiliter
1624 3468 2030 3538 examinantis,

389 3562 563 3629 atque
596 3559 667 3614 ad
701 3572 1000 3613 summum
1033 3559 1302 3611 accurata
1341 3556 1644 3628 diligentia
1685 3557 1898 3613 ducere
1944 3558 2036 3613 ni-

389 3649 590 3705 tentis.
623 3649 766 3704 Nam
801 3648 849 3703 si
882 3651 1119 3719 propter
1148 3663 1442 3702 summam
1471 3647 1888 3719 benignitatem
1917 3666 2033 3706 non

390 3737 656 3794 concedit
673 3737 892 3792 malum
916 3741 981 3791 ut
1003 3734 1222 3791 malum
1245 3735 1495 3807 cogitare
1519 3752 1532 3791 :
1554 3737 1843 3808 quomodo
1858 3738 2032 3808 sinet,

389 3827 610 3884 malum
645 3843 791 3888 esse.
830 3825 1254 3898 pronuntiare?
1282 3843 1348 3882 ea
1389 3825 1544 3882 enim
1590 3828 1734 3883 ratio
1774 3827 2035 3897 benigni-

386 3921 560 3972 tatem
594 3934 722 3974 esse
755 3917 932 3985 novit,
967 3932 1099 3988 quae
1134 3931 1393 3988 eousque
1419 3916 1807 3988 progreditur.
1837 3923 1901 3974 ut
1931 3933 2030 3975 eos

381 4005 555 4061 etiam
594 4005 692 4077 qui
723 4006 979 4062 dolorem
1014 4006 1155 4060 dant
1172 4004 1455 4061 beneficio
1481 4005 1716 4062 efﬁciat.
1744 4007 2028 4072 Quoniam

376 4112 512 4151 vero
545 4096 690 4152 nihil
731 4095 1023 4166 prohibet,
1070 4095 1386 4166 quominus
1423 4101 1476 4150 et
1505 4096 1712 4152 fratres
1743 4111 1875 4152 cum
1909 4098 2029 4153 fra-

377 4185 584 4254 tribus,
616 4190 672 4240 et
704 4202 842 4241 cum
874 4185 1146 4241 Patribus
1178 4184 1281 4240 ﬁlii
1317 4185 1374 4240 in
1406 4201 1541 4239 vero
1565 4185 1810 4240 dicendo
1845 4187 2022 4241 liber-

376 4279 556 4332 tatem
590 4277 892 4332 obtineant
928 4275 1093 4345 (nihil
1129 4273 1282 4330 enim
1306 4275 1555 4331 amicius
1595 4276 1858 4347 veritate)
1889 4275 2020 4331 licet

374 4369 430 4419 et
457 4365 626 4420 nobis
657 4364 841 4418 libero
875 4378 1143 4418 sermone
1175 4364 1260 4416 uti
1286 4379 1350 4417 ac
1370 4363 1624 4419 scribere
1644 4380 1761 4418 non
1785 4368 2015 4420 contra-

2131 1936 2221 1993 καὶ
2282 1933 2466 2013 φίλοις
2518 1932 2628 2008 ἔριν
2673 1935 3015 2007 ἐμπεσοῦσαν
3069 1933 3272 2008 ῥᾳδίως
3320 1935 3604 2004 ἀπώσατο,
3654 1937 3785 1997 τοὺς

2132 2027 2345 2088 κοινοὺς
2391 2023 2526 2087 ἅλας
2581 2023 2667 2079 ἴσα
2715 2024 2925 2101 φύσεως
2977 2021 3336 2079 δυσωπεῖσθαι
3394 2025 3785 2099 παραινέσασα.

2135 2115 2234 2172 Καὶ
2262 2113 2389 2178 τοὺς
2416 2117 2516 2186 τὴν
2543 2113 2709 2184 αύτήν
2755 2113 2920 2168 πάλιν
2960 2114 3084 2187 περὶ
3137 2113 3200 2169 τὸ
3251 2119 3403 2169 Θεῖον
3449 2111 3610 2185 δόξαν
3655 2136 3789 2191 κρα-

2133 2207 2410 2277 τύνοντας,
2478 2204 2574 2260 κᾶν
2644 2205 2722 2265 ὡς
2787 2201 3129 2280 πορῥωτάτω
3181 2208 3576 2279 παροικοῦντες
3633 2203 3790 2276 ὦσιν,

2137 2296 2236 2352 κᾶν
2269 2293 2576 2371 ὀφθαλμοῖς
2610 2291 2875 2364 ἀλλήλων
2910 2289 3062 2348 οὔπω
3106 2293 3418 2368 ὡράθησαν,
3469 2295 3547 2356 εἷς
3594 2292 3790 2349 ἕνωσιν

2139 2386 2278 2463 ἄγει,
2307 2385 2396 2441 καὶ
2425 2385 2672 2462 γνώμαις
2702 2385 2977 2456 συνάπτει,
3007 2383 3098 2438 καὶ
3131 2381 3326 2461 φίλους
3360 2383 3588 2455 ἀληθεῖς
3615 2385 3794 2459 ἀπερ-

2137 2476 2372 2551 γάζεται.
2419 2471 2523 2530 Κάν
2570 2494 2674 2528 που
2734 2473 2898 2547 τύχοι
2949 2473 3168 2546 θάτερον
3225 2473 3302 2534 εἰς
3359 2472 3793 2548 ἀπερισκέπτως

2144 2568 2375 2640 μέμψεις
2410 2563 2634 2638 θατέρου
2685 2561 3102 2634 κατολισθῆσαι,
3143 2563 3234 2618 τὸν
3286 2565 3381 2637 μὲν
3436 2565 3514 2637 μὴ
3563 2561 3794 2638 λογίσαο

2145 2659 2290 2727 σθαι,
2347 2656 2438 2712 τὸν
2496 2654 2553 2711 δὲ
2621 2652 3045 2729 μεταμελεῖσθαι
3100 2656 3576 2730 παρασκεύάσασα,
3623 2656 3794 2729 ῥᾷστα

2142 2747 2206 2803 τὸ
2240 2741 2451 2820 συμϐὰν
2496 2746 2822 2814 ἀνεσώσατο,
2855 2743 2946 2800 τόν
2997 2751 3098 2815 τῆς
3143 2745 3388 2808 ἓνώσεως
3439 2743 3641 2819 δεσμὸν
3697 2746 3792 2823 ἀρ-

2147 2836 2286 2913 ῥαγῆ
2322 2857 2482 2906 συντη
2492 2837 2556 2910 ρή
2567 2855 2720 2894 σασα.

2219 2924 2369 2998 Αὕτη
2433 2925 2524 2980 καὶ
2579 2926 2677 2994 τὴν
2738 2926 3010 3000 ἡμετέραν
3074 2926 3404 3002 μετριότητα
3476 2927 3800 3002 ἀνεπαχθῶς

2143 3015 2308 3070 οἴσειν
2335 3017 2432 3079 τὰς
2473 3013 2844 3087 ἐπιτιμήσεις,
2892 3012 2947 3069 αῖ
2995 3015 3142 3088 παρά
3189 3021 3290 3085 τῆς
3339 3015 3492 3088 ὑμῶν
3524 3024 3802 3090 πατρικῆς

2149 3105 2436 3176 ὁσιότητος
2466 3101 2706 3180 βολίδων
2745 3101 2900 3174 δίκην
2951 3104 3255 3182 ἠφέθησαν,
3294 3099 3522 3162 ἔπεισεν.
3572 3106 3645 3161 Οὐ
3693 3107 3805 3180 γὰρ

2143 3196 2438 3270 ἐμπαθείας
2495 3199 2664 3251 ταῦτα
2746 3197 3042 3268 κινήματα,
3105 3192 3230 3250 οὐδὲ
3300 3195 3528 3270 γνώμης
3584 3195 3809 3272 φιλαπ-

2143 3289 2460 3361 εχθήμονος
2510 3287 2752 3360 ῥήματα,
2787 3282 3064 3341 ἄπλαστον
3117 3281 3175 3340 δὲ
3223 3283 3439 3360 μᾶλλον
3489 3283 3806 3355 διαθέσεως,

2146 3377 2236 3431 καὶ
2294 3377 2396 3445 τὴν
2442 3375 2902 3446 ἐκκλησιαστικήν
2951 3375 3102 3444 τάξιν
3147 3373 3222 3437 είς
3281 3374 3448 3450 ἄκρον
3499 3369 3807 3448 ἀκριϐολοο

2147 3463 2353 3540 γούσης
2409 3462 2721 3540 λογίζεσθαι
2788 3463 3208 3539 παρεσκεύασεν.
3279 3463 3344 3519 Εἰ
3408 3465 3511 3540 γὰρ
3560 3461 3686 3518 οὐδὲ
3737 3466 3803 3519 τὸ

2145 3556 2308 3610 κακὸν
2339 3551 2407 3608 δι’
2459 3549 2771 3626 ὑπερϐολὴν
2813 3551 3195 3628 χρηστότητος
3243 3554 3317 3615 ὡς
3357 3553 3520 3608 κακὸν
3577 3552 3804 3627 λογίζε-

2145 3647 2267 3699 σθαι
2299 3641 2540 3715 δίδωσιν,
2573 3644 2705 3720 ὅπερ
2749 3641 2862 3698 οὐδ’
2911 3644 3017 3698 ἀπὸ
3059 3643 3249 3706 κακίας
3295 3642 3427 3707 ἴσως
3475 3643 3800 3716 προάγεται,

2143 3734 2188 3791 εἰ
2220 3736 2306 3790 καὶ
2341 3734 2522 3802 λυπεῖ,
2554 3735 2640 3788 καὶ
2685 3733 2941 3804 πλήττει,
2972 3733 3063 3788 καὶ
3105 3734 3248 3803 ἀνιᾷ,
3279 3737 3397 3794 πῶς
3437 3733 3578 3788 ἐάσει
3628 3735 3802 3788 κακὸν

2139 3823 2566 3902 ἀποφαίνεσθαι;
2599 3821 2805 3893 ἐκείνην
2834 3823 2937 3898 γὰρ
2969 3823 2997 3876 ὁ
3030 3820 3198 3892 λόγος
3236 3819 3351 3878 οἶδε
3414 3823 3802 3898 χρηστότητα,

2139 3913 2264 3983 ἥτις
2294 3913 2392 3969 κάν
2422 3917 2540 3974 ταῖς
2583 3917 2689 3968 τῶν
2741 3909 3060 3967 λυπούντων
3100 3910 3428 3987 εὐεργεσίαις
3481 3913 3802 3986 ὑπερεκτεί-

2136 4024 2300 4059 νεται.
2334 4003 2486 4060 Ἐπεὶ
2520 3999 2578 4057 δὲ
2619 3998 2774 4056 οὐδὲν
2814 3999 3016 4056 κωλύει
3057 3999 3146 4055 καὶ
3188 3998 3446 4078 ἀδελφοῖς
3493 3999 3798 4078 ἀδελφοὺς,

2134 4094 2228 4149 καὶ
2263 4093 2494 4166 πατράσι
2544 4092 2704 4147 τέκνα
2754 4090 2805 4147 ἐν
2855 4095 2936 4162 τῷ
2980 4089 3267 4161 ἀληθεύειν
3322 4088 3799 4167 παρῥησιαζεσθαι

2133 4180 2312 4256 (οὐδὲν
2342 4183 2446 4257 γὰρ
2474 4183 2572 4250 τῆς
2603 4177 2866 4250 ἀληθείας
2895 4177 3254 4258 φιλαίτερον),
3286 4173 3452 4250 ἔξεστι
3502 4178 3592 4234 καὶ
3639 4182 3786 4251 ἡμῖν

2134 4269 2682 4348 παρῥησιασαμένους
2734 4269 2902 4325 εἰπεῖν
2950 4270 3057 4324 οὐκ
3103 4268 3413 4344 ἀντιλογίαν
3458 4271 3796 4347 γράφοντας,

2133 4361 2260 4417 ἀλλ’
2291 4359 2592 4434 ἀπολογίαν
2626 4356 3014 4432 προΐσχοντας,
3047 4359 3121 4418 ὡς
3155 4359 3328 4432 ἐχρῆν
3373 4359 3470 4425 τὴν
3519 4358 3794 4431 ὑμετέραν

373 4453 604 4510 dicendi
635 4453 853 4522 studio,
904 4453 1002 4508 sed
1055 4452 1404 4507 defendendi
1464 4451 1784 4510 voluntate.
1833 4453 2015 4526 Opor-

2133 4449 2212 4507 ἐπ’
2245 4447 2408 4525 ἀρετῇ
2445 4446 2788 4518 τελειότητα,
2840 4447 2948 4520 πρὸ
2993 4451 3102 4502 τῶν
3147 4445 3336 4503 ἄλλων
3377 4447 3471 4518 μὲν
3508 4446 3791 4518 ἁπάντων,

372 4545 560 4601 tuisse
618 4560 828 4615 nempe
879 4546 1132 4600 vestram
1190 4537 1249 4596 in
1307 4541 1514 4598 virtute
1572 4543 2011 4614 perfectionem,

371 4638 507 4690 ante
538 4634 649 4690 alia
675 4634 873 4691 omnia
905 4632 1378 4690 considerantem
1411 4631 1623 4687 invitos
1655 4648 1761 4688 nos
1801 4632 1872 4688 ad
1907 4633 2014 4690 hoc

361 4722 570 4793 jugum
588 4727 803 4781 tractos
825 4739 974 4790 esse,
994 4738 1111 4778 non
1129 4721 1446 4793 increpare,
1471 4721 1568 4776 sed
1589 4720 1884 4790 misereri;
1913 4738 2017 4778 nec

369 4812 686 4883 despicere,
745 4816 844 4872 sed
905 4813 1232 4872 condolere.
1290 4811 1690 4869 Misericordia
1743 4812 1897 4868 enim
1957 4815 2012 4869 et

369 4897 702 4958 humanitas
733 4903 806 4959 iis
839 4904 1052 4975 quibus
1083 4904 1322 4960 affertur
1337 4901 1444 4971 vis,
1478 4902 1743 4969 debetur,
1771 4919 1885 4958 non
1908 4903 2012 4958 ob-

358 4989 614 5060 jurgatio
677 4995 777 5046 aut
836 4998 1231 5065 contemptus.
1289 4991 1417 5048 Vim
1479 4991 1633 5047 enim
1682 4991 2009 5060 subiimus;

365 5083 644 5150 quantam
661 5085 879 5149 autem,
900 5081 1050 5139 Deus
1065 5083 1159 5138 cui
1175 5082 1372 5139 omnia
1387 5083 1560 5138 etiam
1575 5079 1800 5138 occulta
1813 5087 2012 5152 aperta

363 5172 521 5236 sunt,
542 5169 666 5241 ipse
690 5170 868 5225 simul
892 5172 1015 5238 scit,
1044 5171 1210 5226 inviti
1235 5172 1450 5227 detenti
1475 5188 1714 5239 sumus;
1740 5172 1799 5226 in
1824 5175 2010 5228 custo-

361 5256 456 5314 dia
477 5273 642 5329 asque
659 5274 725 5314 ac
747 5262 944 5315 sontes
967 5260 1175 5327 habiti,
1195 5261 1476 5324 custodiis
1514 5260 2005 5332 observabamur;

359 5347 700 5418 suﬂ‘ragium
731 5350 803 5404 de
851 5347 1043 5420 nobis,
1096 5348 1264 5406 nobis
1311 5351 1715 5417 renuentibus,
1765 5350 1997 5407 latum:

361 5437 534 5492 creati
553 5453 759 5493 sumus
779 5436 1005 5506 ﬂentes,
1031 5445 1362 5510 querentes,
1385 5439 1497 5510 ipsi
1518 5440 1906 5511 nosmetipsos
1929 5440 2007 5496 fe-

359 5527 594 5595 rientes,
610 5533 664 5582 et
686 5525 1058 5584 afﬂictantes.
1083 5527 1292 5584 Sciunt
1308 5528 1429 5584 haec
1453 5544 1658 5585 omnes
1683 5544 1696 5583 :
1715 5545 1828 5586 non
1845 5529 2002 5586 enim

2127 4541 2189 4596 τὸ
2246 4537 2473 4603 ἄκοντας
2519 4539 2666 4611 ἡμᾶς
2726 4536 2804 4598 είς
2850 4536 2940 4592 τὸν
2988 4537 3148 4611 ζυγὸν
3212 4539 3407 4591 τοῦτον
3452 4533 3792 4605 ἑλκυσθῆναι

2127 4627 2522 4684 διασκοποῦσαν
2573 4628 2648 4701 μὴ
2682 4625 2954 4700 ἐπιτιμᾷν,
3007 4623 3134 4681 ἀλλ’
3181 4621 3378 4693 ἐλεεῖν,
3427 4622 3558 4698 μηδ’
3609 4624 3794 4697 ὑπερ-

2125 4723 2276 4794 ορᾷν,
2329 4715 2475 4772 ἀλλά
2524 4713 2827 4790 συναλγεῖν
2878 4710 3033 4770 ἕλεος
3085 4711 3186 4789 γὰρ
3243 4713 3335 4768 καὶ
3393 4711 3788 4789 φιλανθρωπία

2122 4813 2238 4868 τοῖς
2295 4807 2414 4882 βίαν
2459 4806 2745 4874 παθοῦσιν,
2796 4801 2925 4860 ἀλλ’
2969 4803 3069 4859 ούκ
3112 4802 3429 4876 ἐπιτίμησις
3460 4805 3494 4872 ἡ
3527 4804 3784 4877 παρόρα-

2125 4919 2206 4962 σις
2254 4893 2618 4974 ἐποφείλεταιο
2686 4892 2804 4968 βίαν
2862 4893 2968 4969 γὰρ
3023 4890 3354 4966 ὑπέστημεν,
3405 4891 3494 4947 καὶ
3542 4891 3784 4964 ἡλίκην,

2123 4988 2274 5058 Θεὸς,
2308 4989 2352 5060 ᾧ
2404 4985 2576 5041 πάντα
2621 4983 2711 5039 καὶ
2776 4983 2842 5038 τὰ
2895 4982 3097 5062 κρύφια
3151 4983 3549 5060 πεφανέρωται,
3610 4982 3784 5046 αὐτὸς

2123 5077 2521 5133 συνεπίσταται.
2604 5068 3017 5149 Συνεσχέθημεν
3115 5070 3356 5144 ἄκοντες,
3441 5072 3784 5148 κακούργοις

2118 5166 2215 5222 τίσα
2272 5165 2696 5241 καθείρχθημεν,
2754 5161 3095 5236 ἐτηρούμεθα
3153 5158 3578 5240 φυλασσόμενοι,
3629 5160 3780 5236 ἐψη-

2119 5257 2390 5336 φίσθημεν
2468 5251 2829 5320 ἀνανεύοντες,
2915 5249 3410 5326 ἐχειροτονήθημεν
3486 5249 3778 5315 κλαίοντες

2118 5344 2464 5422 ὀδυρόμενοι,
2534 5343 2884 5413 κοπτόμενοι,
2938 5339 3084 5396 ’ίσασι
3145 5343 3315 5395 ταῦτα
3369 5340 3582 5405 πάντες·
3645 5338 3780 5405 οὐδὲ

2113 5438 2217 5513 γὰρ
2263 5437 2314 5492 ἐν
2362 5434 2533 5514 γωνίᾳ
2579 5431 2808 5509 ἐγένετο,
2850 5429 2938 5485 καί
2987 5431 3049 5485 τὸ
3095 5428 3316 5505 μέγεθος
3359 5433 3460 5496 τῆς
3509 5427 3780 5504 ἐπηρείας

2112 5527 2210 5596 τήν
2254 5524 2496 5600 ἱστορίαν
2530 5521 2606 5587 εἷς
2635 5522 2809 5577 πάντα
2839 5519 3141 5597 ἐξήνεγκεν.

356 5619 417 5676 in
439 5617 654 5693 angulo
677 5619 822 5676 facta
843 5622 983 5675 sunt
1005 5637 1019 5688 ;
1048 5623 1106 5676 at
1129 5618 1207 5676 im
1215 5619 1542 5691 pressionis
1560 5624 1636 5690 et,
1661 5627 1723 5677 ut
1743 5621 1824 5680 ita
1837 5617 2498 5692 dicam,obtrectationis
2517 5615 2859 5688 magnitudo
2875 5613 3180 5672 historiam
3198 5611 3274 5670 ad
3285 5627 3490 5670 omnes
3502 5612 3762 5686 pertulit.

431 5713 450 5746 ί
484 5710 506 5765 I
533 5707 660 5768 Cor.
691 5724 816 5778 XXII,
847 5707 902 5779 7,
933 5707 987 5768 8.
