2045 3114
157 174 220 206 597

780 171 1055 205 EPISTOLABUM
1079 171 1194 203 LIBER
1216 174 1241 204 Ι.

1805 180 1864 210 598

197 242 263 271 Εἶτα
287 241 315 269 τί
350 239 392 268 δεῖ
426 241 484 271 τοῖς
520 239 615 269 πολλὰ
640 241 687 269 καὶ
715 240 789 269 δεινᾶ
820 240 982 269 πεπονθόσιν

1077 241 1150 273 Quid
1171 240 1260 277 igitur
1275 242 1389 277 oportet
1413 241 1443 270 in
1462 250 1519 277 eos,
1541 242 1591 278 qui
1613 244 1705 272 multa
1724 246 1821 281 gravia
1836 248 1865 274 et

159 283 344 323 ἐπεμϐαίνειν,
367 284 558 321 ἐπιπλήττειν,
574 283 770 324 διαλοιδοριῖν,
785 285 803 320 ἢ
829 284 983 321 οἰκτείρειν,

159 332 204 360 καί
229 332 445 370 παραμυθεῖσθαι
471 331 521 366 όση
553 330 687 368 ὃύναμις;
713 331 851 367 Έξέπεσον
878 330 984 367 εἰρηνι-

157 380 209 412 κῆς
239 380 324 412 ζωῆς,
342 376 465 413 ἐξέπεσον
489 375 615 414 γαλήνης
640 376 781 414 γλυκείας,
805 376 929 413 ἐξέπεσον
953 373 982 402 δὲ

157 422 204 451 καὶ
229 421 311 458 δόξης
334 421 421 459 (εἷ’περ
446 422 500 449 τισὶ
525 422 571 449 καὶ
599 426 737 459 κοσμικῆς
762 421 843 458 δόξης
869 421 981 460 ἔφεσις),

159 467 283 503 ἐξέπεσον
298 469 348 502 τῆς
369 465 454 503 φίλης
469 467 599 504 ἡσυχίας,
618 470 668 502 τῆς
682 468 800 505 καθαρᾶς
817 466 921 502 ἐκείνης
937 464 981 493 καὶ

159 511 276 547 ἡδίστης
306 511 374 549 μετὰ
394 513 448 539 τῶν
469 510 588 546 πλησίον
612 513 766 548 συνουσίας,
791 516 842 547 τῆς
863 510 981 545 ἀλύπου,

159 556 208 585 καὶ
226 555 340 592 ἀδόλου,
363 556 410 583 καὶ
439 556 646 592 ἀνεπιπλήκτου
675 557 908 595 συναναστροφῆς.
929 556 981 583 Οὖ-

162 600 219 633 δεὶς
237 601 270 635 ἦν
287 601 301 629 ὁ
317 600 394 636 δίκην
418 600 542 638 ἐγκαλῶν
561 600 634 638 ἐμοί.
651 602 708 630 Οὐκ
723 601 916 639 ένεγραψάμην
932 599 982 627 ἄλ-

161 645 211 674 λον
227 646 294 685 ἐγὼ,
320 646 351 673 οὗ
365 647 420 673 τῶν
443 644 600 682 ἐπηλύδων,
616 645 647 674 οὐ
671 649 726 674 τῶν
749 645 905 685 ἐγχωρίων,
920 643 983 673 οὐδὲ

159 693 215 719 τῶν
231 690 385 726 ἀσυνήθων,
403 690 441 727 μή
456 690 481 718 τί
497 701 527 728 γε
542 693 597 719 τῶν
613 690 703 729 φίλων
719 702 725 709 ·
748 691 802 729 οὐχ
817 690 902 722 οὕτως
919 689 982 718 ἐλύ-

160 745 237 771 πησα
263 735 376 763 πώποτέ
396 745 465 770 τινα,
492 735 530 766 ὡς
560 733 637 773 ὕϐριν
667 736 705 767 εἰς
734 737 809 773 ἡμᾶς
842 735 981 770 ἐκπτύσαι,

159 779 235 814 πλὴν
251 779 275 807 εἰ
292 780 377 816 μήπω
392 780 455 811 τοὺς
481 780 547 818 ὑπὲρ
563 778 700 812 εὐσεϐείας
718 779 859 811 κινδύνους
883 779 981 816 ἐθελή-

160 835 201 853 σει
217 835 259 856 τις
278 824 435 852 ἐπισκοπεῖν
453 834 460 842 ⁸
485 823 542 852 οὐδ’
557 825 645 857 οὕτως
660 825 781 862 ἥμαρτεν
804 824 891 856 ἄλλος
906 823 980 862 ἐμοὶ,

160 870 198 901 ὡς
212 869 257 897 καὶ
286 869 369 907 μέχρι
384 872 435 904 τῆς
451 869 489 900 εἲς
514 870 595 898 αὐτὸν
609 868 713 907 ὕϐρεως
726 871 776 905 τήν
795 869 922 908 γλῶσσαν
937 869 982 905 ἐξ-

1039 284 1143 312 acerba
1156 285 1235 321 passi
1251 289 1329 319 sunt,
1349 286 1457 320 invehi,
1478 287 1642 324 objurgare,
1663 289 1800 317 conviciis
1815 299 1864 325 ap-

1039 332 1136 365 petere
1157 330 1252 366 potius
1275 340 1363 367 quam
1386 332 1525 366 misereri,
1546 336 1573 361 et
1593 343 1643 369 pro
1665 335 1773 363 viribus
1793 343 1864 363 con—

1035 373 1122 402 solari
1137 378 1148 401 τ
1162 375 1261 403 Decidi
1277 384 1293 404 e
1307 376 1365 404 vita
1377 385 1475 412 pacem
1490 377 1615 406 habente
1632 389 1639 413 ;
1653 379 1746 407 decidi
1762 382 1863 408 atran-

1034 419 1178 454 quillitate
1201 420 1280 448 dulci
1302 423 1331 449 et
1354 421 1467 457 placida
1491 432 1499 456 ;
1528 422 1622 450 decidi
1652 424 1687 450 de
1711 425 1801 459 gloria
1825 425 1862 459 (si

1036 468 1135 493 tamen
1145 464 1322 501 quibusdam
1335 467 1487 494 mundanis
1498 467 1596 503 gloriae
1613 476 1693 495 amor
1707 473 1746 496 est
1759 470 1862 504 (excidi

1035 515 1050 537 e
1066 509 1154 537 chara
1168 509 1272 544 quiete,
1286 518 1302 538 ε
1316 518 1390 546 pura
1404 510 1454 539 illa
1467 513 1497 539 et
1509 511 1724 547 jucundissima
1740 522 1805 541 cum
1821 514 1858 542 iis

1035 553 1086 589 qui
1102 553 1172 582 mihi
1188 555 1311 590 proximi
1332 557 1424 588 erant,
1451 556 1670 589 consuetudine,
1693 559 1720 585 et
1743 566 1859 586 conver-

1036 598 1150 626 satione
1169 599 1276 627 doloris
1296 602 1412 635 experte
1432 602 1461 628 et
1480 600 1538 628 doli
1558 603 1585 628 et
1613 602 1859 636 reprehensionis.

1034 643 1124 671 Nemo
1134 648 1195 671 erat
1208 643 1258 680 qui
1274 652 1320 672 me
1333 645 1491 679 incusaret,
1508 652 1560 673 nec
1577 645 1666 673 alium
1685 655 1860 682 quemquam

1035 695 1103 724 ergo
1119 688 1251 716 accusavi
1263 688 1307 716 vel
1322 690 1498 717 advenarum
1510 689 1554 717 vel
1576 691 1790 726 indigenarum,
1808 699 1860 719 nec

1034 740 1102 761 vero
1117 732 1270 761 hominum
1289 733 1388 761 minus
1410 733 1609 767 familiarium,
1631 736 1736 762 nedum
1754 736 1860 764 amico-

1034 785 1109 805 rum.
1134 777 1197 805 Non
1218 786 1271 813 ego
1295 777 1338 806 sic
1363 786 1491 814 unquam
1515 779 1579 807 dedi
1612 779 1698 806 alicui
1720 780 1859 813 dolorem,

1035 823 1067 849 ut
1079 821 1287 850 contumeliam
1303 822 1332 851 in
1358 831 1411 851 nos
1426 825 1580 859 exspueret
1605 832 1610 849 :
1631 824 1685 851 nisi
1705 825 1776 852 forte
1792 825 1862 853 velit

1034 868 1100 904 quis
1110 870 1244 904 suscepta
1256 877 1307 905 pro
1318 868 1423 905 pietate
1434 868 1565 904 pericula
1581 870 1685 897 intueri
1698 879 1703 897 :
1718 879 1770 898 nec
1782 871 1860 905 quis-

158 914 316 950 ολισθῆσαι.
333 913 426 945 Οὕτως
449 914 516 949 ἦσαν
532 915 600 951 ἡμῖν
626 916 739 946 ἅπαντες
760 914 889 953 χρηστοὶ,
904 914 936 942 τὸ
951 912 980 941 δὲ

1040 920 1121 947 luam
1131 912 1162 941 in
1178 921 1225 941 me
1239 913 1281 941 ita
1296 913 1435 949 peccavit,
1452 915 1484 942 ut
1495 921 1588 949 usque
1605 915 1637 941 ad
1651 915 1858 943 contumeliam

157 959 293 996 ἡμέτερον
310 957 398 993 αὕτοῖ,
414 958 464 986 κᾶν
482 959 520 995 μή
542 958 627 997 λέγω,
647 960 809 998 κεκράγασιν
828 969 835 975 ·
861 959 980 997 ἠγαπώ-

160 1014 215 1041 μην
231 1006 291 1035 τοῖς
316 1002 408 1043 φίλοις
424 1003 489 1040 ὑπέρ
513 1003 577 1035 τοὺς
595 1007 744 1043 συγγενεῖς,
760 1004 844 1044 ἄμφω
869 1003 898 1032 δὲ
920 1005 979 1035 τοῖς

157 1047 312 1086 συγγενέσιν
336 1046 516 1085 ἐλογιζόμην,
537 1047 582 1075 καὶ
605 1050 659 1076 τῶν
685 1050 820 1087 συγγενῶν
844 1049 858 1075 ὁ
881 1046 980 1086 φίλτα-

157 1102 216 1128 τος,
231 1092 278 1120 καὶ
292 1094 346 1120 τῶν
364 1090 482 1129 μάλιστα
498 1091 651 1131 φιλούντων
666 1093 680 1120 ὁ
695 1094 838 1131 συγγενής.

195 1228 229 1254 Ἠ
243 1225 272 1254 δὲ
294 1226 356 1263 περὶ
377 1225 426 1263 ἐμὲ
449 1227 502 1254 τῶν
526 1225 645 1262 πλησίον
669 1228 749 1265 φήμη
774 1230 824 1262 τῆς
849 1227 982 1263 σπουδῆς,

161 1272 208 1299 καὶ
222 1271 286 1303 τοὺς
306 1270 429 1309 ἀγνῶτας
453 1271 543 1299 εἷλκεν
563 1271 601 1302 εἰς
617 1269 706 1309 ἔρωθα
729 1273 800 1300 Θεῐον
823 1273 868 1300 καί
891 1272 983 1312 φιλίας

162 1315 274 1352 δεσμὸν,
296 1314 362 1347 ἴσως
384 1314 407 1343 δ’
428 1314 457 1343 ἂν
481 1315 578 1344 ἐκεῖνοι
594 1316 639 1344 καὶ
663 1316 872 1353 ἀμεταμέλητον
898 1317 986 1355 εὐφη-

163 1362 308 1398 μήσωμεν.
328 1359 418 1389 Ἀλλὰ
440 1363 500 1392 πῶς
518 1362 575 1389 οἷόν
597 1361 627 1389 τέ
651 1360 722 1389 ἐστιν
747 1360 875 1399 ἀδακρυτὶ
902 1364 985 1390 ταῦτα

163 1404 331 1443 παρελθεῖν;
357 1404 428 1433 οἴκοι
457 1406 504 1442 μὲν
533 1406 583 1444 γὰρ
605 1406 711 1443 μένοντι
739 1407 756 1441 ἡ
782 1407 914 1446 χαρίεσσα
932 1410 986 1436 τῶν

165 1449 274 1485 ἡδονῶν
290 1449 484 1487 περιεπλέκετο
498 1451 592 1488 τέρψις
607 1454 661 1479 τῶν
677 1452 866 1488 μανθανόντων
883 1453 985 1480 ὁπῶντι

164 1494 211 1521 τὸν
237 1494 332 1528 πόνον,
353 1494 403 1528 τὴν
423 1492 544 1529 σπουδὴν
559 1496 613 1522 τῶν
638 1493 846 1532 ἐπερωτώντων,
860 1496 909 1530 τήν
928 1506 986 1533 τρι-

164 1536 216 1573 ϐἠν
238 1540 293 1566 τῶν
313 1536 598 1576 προσδιαλεγομένων,
615 1537 649 1567 δι’
674 1540 710 1566 ὢν
726 1541 743 1574 ἡ
759 1540 829 1577 πρὸς
847 1540 878 1568 τὸ
903 1543 987 1577 ρᾷστα

164 1574 340 1622 παράγεσθαι·
356 1574 541 1620 καταρτίζεται
561 1584 672 1621 γνώμη,
696 1587 749 1612 τῶν
775 1574 834 1616 ταῖς
858 1574 987 1622 μαθημα·
1002 1574 1024 1608 C

162 1631 252 1660 τικαῖς
277 1629 394 1666 σχολαῖς
409 1628 617 1666 λεπτυνομένων
642 1630 693 1664 τήν
715 1629 844 1666 διάνοιαν,
859 1633 912 1658 τῶν
928 1634 987 1663 ταῖς

165 1673 289 1711 λογικαῖς
317 1672 444 1710 μεθόδοις
470 1674 634 1713 ἷχνευόντων
656 1675 688 1703 τὸ
713 1674 825 1711 ἀληθὲς,
849 1678 903 1704 τῶν
928 1679 985 1708 τοῖς

166 1718 249 1749 θείοις
275 1717 383 1755 Λογίοις
409 1717 576 1755 ἰθυνομένων
593 1718 639 1746 τὸν
661 1721 723 1747 νοῠν
744 1719 814 1757 πρὸς
837 1718 985 1756 εὐσέϐειαν,

164 1762 179 1789 ’ὸ
207 1765 263 1790 τῶν
289 1761 384 1790 ἄλλων
409 1763 535 1791 ἁπάντων
568 1763 685 1801 ὑπάρχει
714 1765 805 1792 πόνων
832 1765 846 1792 ὗ
874 1765 987 1803 καρπός,

164 1809 293 1838 Τοιοῦτος
306 1806 357 1845 γὰρ
375 1807 464 1845 χορὸς
473 1810 524 1842 τῆς
541 1807 611 1845 ἐμῆς
631 1807 720 1840 οἰκίας
736 1809 769 1843 ἦν
784 1809 798 1836 ὁ
819 1809 915 1847 χορός.

201 1896 316 1932 Ἐξιόντι
345 1895 374 1924 δὲ
402 1895 485 1924 πάλιν
515 1897 583 1935 πρὸς
606 1897 656 1933 τὴν
688 1897 826 1935 βασίλειον
851 1898 986 1931 πολλάκις

165 1940 254 1975 αὐλὴν
285 1941 312 1968 αἱ
331 1942 557 1980 προπεμπτήριοι
584 1944 638 1969 τῶν
666 1942 767 1981 εὐχῶν,
797 1943 841 1971 καὶ
870 1946 919 1971 toﬁ
947 1945 985 1981 μὴ

167 1984 310 2022 βραδύνειν
327 1986 345 2021 ἡ
367 1987 524 2024 προτροπή.
540 1987 591 2015 Ἦν
606 1987 656 2024 γάρ
681 1998 728 2024 μοι
743 1988 789 2015 καὶ
811 1989 892 2016 τοῦτο
907 1988 987 2027 γέρας

162 2030 362 2068 ἀφωσιωμένον
386 2030 531 2068 ἐξαίρετον,
556 2032 587 2060 τὸ
618 2031 716 2070 μέτρον
745 2029 820 2070 ἔχειν
846 2034 896 2068 τὴν
923 2033 987 2071 βού-

163 2074 243 2110 λησιν
264 2078 317 2110 τῆς
341 2074 368 2102 ἐν
386 2078 445 2107 τοῖς
471 2075 623 2113 βασιλείοις
652 2075 806 2114 διατριϐῆς,
827 2077 986 2106 Ἐπανιόντι

163 2118 190 2148 δὲ
206 2119 291 2147 πάλιν
305 2120 359 2157 πρὸ
372 2120 465 2148 πυλῶν
480 2121 624 2158 ἱστάμενος
640 2121 654 2148 ὁ
669 2120 751 2160 σοφός
765 2121 866 2153 ἐκεῖνος
882 2122 986 2158 ὑπήντα

163 2165 261 2202 χορός.
277 2164 321 2199 Ἐξ
337 2164 374 2192 ὧν
398 2165 424 2192 οἱ
442 2165 490 2202 μὲν
514 2165 658 2194 ἐνεκάλουν
680 2167 730 2201 τήν
756 2165 923 2204 βραδυτῆτα,
945 2168 984 2199 οἷς

161 2209 205 2236 καὶ
221 2207 330 2246 θαῤῥεῖν
353 2219 380 2236 τι
403 2211 458 2237 τῶν
474 2208 567 2237 ἄλλων
589 2210 673 2238 πλέον
689 2209 723 2238 δι’
748 2209 905 2249 ὑπερϐολὴν
926 2212 984 2250 ἀρε·

160 2257 211 2288 τῆς
226 2253 391 2291 ἐκεχάριστο
409 2263 415 2269 ·
431 2255 486 2282 τισὶ
502 2253 531 2283 δὲ
545 2255 590 2282 καὶ
606 2258 762 2292 προσειπεῖν
777 2256 867 2294 ἤρκει,
885 2255 984 2289 ἄλλοις

162 2296 191 2325 δὲ
205 2298 252 2325 καί
276 2298 308 2326 τὸ
333 2296 416 2334 δεῖξαι
444 2299 525 2335 μόνον
552 2300 595 2327 ὅτι
618 2301 787 2337 μεμενήκασι
805 2310 812 2317 ·
835 2301 881 2330 καὶ
904 2304 985 2330 τοῦτο

161 2341 258 2379 κύκλῳ
277 2341 380 2380 ἐγένετο
407 2343 456 2371 οὐκ
480 2342 642 2376 ἐπιϐουλαῖς
666 2344 810 2382 λυόμενον,
835 2346 867 2374 οὗ
893 2346 985 2383 φθόνῳ

161 2387 344 2423 κοπτόμενον,
356 2386 406 2415 οὐκ
421 2387 559 2426 δλιγωρίᾳ
575 2388 785 2426 μαραινόμενον.

198 2431 250 2459 Καὶ
264 2432 305 2464 τίς
321 2432 353 2460 ἃν
376 2432 503 2461 τοιούτου
522 2433 583 2471 βίου
606 2435 699 2463 παθὼν
714 2434 890 2464 ἐπανάστασιν
916 2436 983 2464 ἑκὼν

161 2476 212 2511 τὴν
238 2474 396 2513 μεταϐολὴν
429 2478 474 2505 καὶ
502 2478 608 2515 θρήνων
633 2479 710 2511 ἐκτὸς
735 2480 893 2519 ὑπενέγκοι;
917 2481 984 2509 Τού-

160 2531 215 2549 των
251 2521 374 2550 ἁπάντων
413 2523 545 2558 ἐξέπεσον,
582 2523 649 2562 ὗπὶρ
684 2526 789 2553 τούτων
824 2524 982 2563 ὠδυρόμην,

160 2566 266 2594 τούτων
290 2566 485 2604 ἄποσπωμένῳ
508 2568 594 2605 πηγαὶ
623 2567 747 2606 δακρύων
775 2570 983 2607 ἀνεπομοῦντο,

160 2611 206 2638 καὶ
226 2609 319 2646 λύπης
343 2611 434 2649 ἀχλὺς
459 2612 649 2651 περιεκέχυτο.
666 2612 758 2648 ᾝὸειν
782 2614 833 2652 γὰρ
861 2614 906 2642 καὶ
929 2615 982 2652 πρὸ

159 2657 210 2691 τὴς
239 2655 335 2694 πείρας
349 2657 381 2685 τὸ
402 2656 596 2697 πολυτάραχον
624 2658 669 2686 καὶ
696 2659 903 2696 πολυμέριμνον
932 2663 982 2695 τῆς

161 2699 291 2738 καθέδρας
305 2701 406 2737 ταύτης
423 2711 430 2718 ·
460 2701 536 2740 ᾔδειν
552 2703 583 2731 τὸ
608 2701 768 2741 δυσάρεστον
785 2705 829 2732 καὶ
854 2703 981 2740 δυσήνιον

160 2748 210 2774 τοῖ’»
226 2744 344 2784 μιγάδος
359 2745 459 2785 ὄχλου,
474 2749 525 2783 τήν
534 2748 603 2786 πρὸς
618 2747 762 2784 ἀλλήλους
777 2748 844 2786 ἔριν,
854 2751 900 2777 τὸν
915 2750 983 2788 φθό-

161 2800 219 2827 νον,
241 2789 291 2822 τὰς
315 2791 432 2826 στάσεις,
451 2792 499 2823 τὰς
523 2791 725 2828 ἔπαναστᾶσεις,
754 2794 804 2828 τήν
833 2794 901 2822 κατὰ
926 2798 980 2822 τῶν

163 2835 375 2874 παρεστηκότων
397 2834 486 2874 ὕϐριν,
511 2837 557 2866 καὶ
584 2838 631 2866 τὸν
658 2839 826 2877 γογγυσμὸν,
853 2839 915 2868 ὅταν
942 2840 980 2876 μή

1034 956 1063 985 in
1072 957 1168 993 ipsum
1176 957 1440 993 lingualaberetur.
1451 958 1529 986 Adeo
1538 961 1620 986 erant
1627 967 1726 986 omnes
1734 968 1801 995 erga
1810 968 1860 988 nos

1034 1002 1154 1038 benigni
1167 1011 1173 1030 :
1190 1004 1288 1030 nostra
1298 1010 1362 1030 vero
1373 1002 1455 1037 ratio,
1468 1010 1531 1038 qua:
1542 1003 1639 1036 fuerit,
1656 1003 1708 1036 illi,
1726 1004 1859 1039 quamvis

1037 1051 1158 1082 taceam,
1175 1047 1314 1075 clamant.
1331 1047 1375 1075 Me
1390 1047 1477 1075 amici
1491 1048 1585 1083 magis
1597 1048 1756 1083 diligebant
1773 1057 1858 1084 quam

1037 1092 1271 1129 consanguineos
1286 1099 1354 1120 suos
1371 1100 1379 1119 :
1400 1094 1430 1120 at
1443 1099 1509 1120 vero
1525 1093 1656 1128 cognatis
1677 1093 1747 1121 meis
1763 1093 1860 1121 existi-

1037 1138 1135 1166 mabat
1162 1139 1191 1165 et
1218 1138 1409 1173 cognatorum
1441 1136 1634 1165 cbarissimus
1664 1140 1692 1166 et
1720 1141 1860 1173 cognatos

1038 1182 1171 1212 omnium
1191 1181 1417 1210 amantissimus.

1075 1228 1164 1256 Fama
1178 1234 1245 1255 vero
1260 1227 1349 1255 studii
1359 1234 1429 1263 erga
1444 1234 1490 1254 me
1505 1227 1703 1263 proximorum
1721 1235 1860 1261 meorum,

1038 1273 1156 1309 ignotos
1175 1279 1291 1308 quoque
1313 1272 1348 1300 ad
1372 1272 1503 1300 divinum
1523 1280 1652 1300 amorem
1677 1272 1819 1306 trahebat,
1836 1275 1864 1301 et

1040 1317 1077 1346 ad
1096 1317 1230 1345 amicitias
1250 1316 1400 1345 vinculum
1425 1325 1431 1345 :
1455 1324 1509 1345 nec
1528 1324 1575 1345 eos
1601 1318 1722 1345 fortasse
1743 1317 1863 1345 laudum

1040 1363 1076 1391 de
1091 1370 1138 1391 me
1157 1362 1322 1390 habitarum
1342 1370 1471 1398 unquam
1491 1362 1653 1398 pmnitebit.
1670 1364 1704 1389 At
1720 1362 1780 1390 haec
1796 1371 1865 1398 quo-

1042 1408 1128 1436 modo
1143 1407 1207 1435 sine
1220 1407 1357 1443 lacrymis
1376 1407 1599 1435 commemorari
1622 1411 1743 1442 possunt
1763 1407 1775 1434 ?
1792 1407 1864 1434 Nam

1042 1452 1121 1480 domi
1140 1454 1306 1480 manentem
1327 1454 1411 1487 grata
1424 1452 1604 1487 voluptatum
1623 1452 1866 1486 complectebatur

1042 1496 1205 1531 oblectatio,
1222 1504 1290 1524 cum
1305 1496 1478 1524 discentium
1499 1496 1627 1524 laborem
1645 1497 1781 1529 intuerer,
1804 1498 1866 1523 stu—

1043 1542 1124 1570 dium
1133 1541 1385 1577 inierrogantium,
1393 1540 1601 1576 alloquentium
1611 1541 1864 1573 exercitationem;

1044 1586 1151 1623 quibus
1174 1586 1260 1614 rebus
1284 1586 1458 1613 informatur
1484 1585 1638 1618 sententia,
1670 1593 1704 1612 ne
1730 1585 1866 1612 facillima

1042 1630 1133 1667 possit
1144 1630 1238 1665 decipi
1251 1638 1257 1657 :
1269 1637 1369 1657 eorum
1381 1631 1530 1664 praeterea,
1545 1637 1669 1664 quorum
1682 1637 1765 1655 mens
1781 1629 1866 1656 scho-

1042 1675 1080 1704 lis
1096 1673 1309 1703 mathematicis
1328 1673 1533 1709 exacuebatur,
1556 1674 1598 1701 vel
1614 1674 1661 1709 qui
1688 1673 1787 1709 logicis
1809 1681 1866 1700 me-

1043 1720 1140 1749 thodis
1167 1727 1270 1748 verum
1294 1718 1518 1755 investigabant,
1541 1719 1585 1746 vel
1612 1726 1737 1753 quorum
1762 1726 1866 1745 sensus

1041 1765 1147 1794 divinis
1163 1764 1293 1801 Eloquiis
1308 1764 1344 1792 ad
1359 1764 1495 1799 pietatem
1511 1763 1689 1799 dirigebatur
1707 1772 1713 1791 :
1731 1763 1779 1798 qui
1792 1763 1866 1790 alio-

1042 1818 1108 1838 rum
1124 1810 1256 1839 omnium
1271 1809 1405 1837 laborum
1419 1810 1465 1837 est
1475 1809 1587 1837 fructus
1605 1809 1689 1836 :talis
1705 1808 1782 1836 enim
1798 1808 1868 1836 cho-

1042 1863 1104 1889 rus,
1117 1855 1222 1883 domus
1241 1862 1312 1882 meas
1327 1853 1433 1882 chorus
1449 1855 1521 1882 erat.

1076 1901 1119 1927 Ad
1144 1899 1253 1935 regiam
1279 1907 1383 1926 rursus
1402 1898 1500 1926 aulam
1523 1906 1598 1933 saepe
1621 1897 1738 1925 adeunti
1760 1900 1865 1933 praesto

1041 1946 1124 1973 erant
1152 1943 1375 1979 posequentium
1405 1946 1480 1975 vola,
1515 1942 1679 1970 hortatione
1705 1951 1834 1970 morarer
1859 1951 1866 1970 :

1041 1997 1108 2017 nam
1135 1991 1272 2024 praeterea
1290 1986 1338 2022 qui
1362 1987 1527 2015 satisfacere
1552 1987 1649 2014 animo
1675 1995 1738 2014 meo
1767 1995 1867 2014 omnes

1041 2033 1157 2067 vellent,
1187 2032 1234 2060 hic
1260 2032 1353 2060 honor
1382 2031 1455 2059 mihi
1489 2031 1649 2059 habebatur
1674 2031 1810 2065 eximius,
1837 2034 1867 2058 ut

1039 2079 1218 2107 voluntatem
1238 2077 1386 2112 haberem,
1414 2076 1534 2104 modum
1565 2076 1594 2103 in
1623 2076 1713 2112 Regia
1741 2084 1867 2103 commo-

1039 2123 1134 2152 randi.
1155 2122 1299 2151 Redeunti
1321 2129 1424 2150 rursus
1440 2123 1507 2149 ante
1531 2123 1630 2157 portas
1655 2123 1737 2148 stans
1758 2120 1866 2148 chorus

1040 2169 1089 2196 ille
1112 2167 1229 2204 sapiens
1249 2166 1420 2196 occurrebat
1441 2174 1449 2194 :
1478 2165 1586 2201 quibus
1614 2167 1728 2200 propter
1751 2165 1865 2192 virtutis

1040 2212 1234 2249 prastantiam
1251 2212 1343 2247 major
1363 2219 1450 2247 quam
1467 2211 1576 2239 caeteris
1602 2210 1708 2237 ﬁducia
1730 2218 1868 2237 concessa

1041 2260 1102 2287 erat
1127 2270 1135 2292 ;
1155 2257 1204 2286 alii
1228 2256 1357 2285 contenti
1389 2257 1473 2284 erant
1497 2254 1622 2283 salutem
1649 2255 1755 2282 dixisse
1781 2263 1788 2288 ;
1817 2253 1865 2281 alii

1041 2303 1203 2331 ostendisse
1245 2304 1358 2330 tantum
1401 2300 1647 2336 exspectationem
1681 2307 1776 2326 suam.
1816 2299 1867 2326 At-

1040 2355 1095 2384 que
1121 2347 1173 2375 hoc
1197 2346 1228 2374 in
1251 2346 1351 2374 orbem
1384 2344 1482 2379 ﬁebat,
1512 2352 1563 2372 nec
1588 2343 1709 2371 occultis
1738 2342 1866 2371 consiliis

1040 2391 1232 2428 prohibitum,
1245 2398 1298 2418 nec
1313 2388 1422 2417 invidia
1444 2388 1654 2416 intermissum.

1075 2435 1252 2470 quuisnam
1276 2432 1329 2462 tali
1355 2433 1413 2462 vita
1431 2432 1588 2461 submotus
1613 2432 1707 2459 libens
1731 2431 1865 2459 mutatio-

1039 2488 1118 2514 nem,
1135 2487 1168 2508 ac
1190 2478 1253 2508 sine
1269 2477 1405 2506 lamentis
1430 2478 1505 2506 ferat
1523 2477 1537 2505 ’ἶ
1555 2477 1606 2504 His
1622 2477 1759 2505 omnibus
1774 2476 1866 2505 excidi

1038 2533 1128 2562 super
1151 2524 1197 2552 his
1225 2523 1465 2559 ingemiscebam.
1487 2522 1552 2550 Hec
1572 2530 1639 2549 cum
1664 2522 1866 2549 sbstraheren-

1037 2572 1096 2604 tur,
1115 2569 1209 2597 fontes
1237 2568 1436 2604 lacrymarum
1468 2567 1663 2603 proﬂuebant,
1697 2575 1729 2594 ac
1759 2566 1866 2594 doloris

1038 2614 1131 2651 caligo
1147 2613 1445 2642 circumfundebatur.
1462 2612 1594 2640 Sciebam
1610 2611 1686 2639 enim
1703 2620 1769 2638 cum
1795 2619 1866 2639 non-

1038 2660 1109 2688 dum
1141 2666 1234 2687 essem
1268 2660 1414 2694 expertus,
1440 2657 1631 2693 multiplicem
1670 2656 1757 2691 hujus
1790 2656 1866 2683 sedis

1036 2705 1231 2739 turbationem
1256 2705 1285 2732 et
1304 2703 1542 2736 sollicitudinem,
1563 2702 1688 2730 sciebam
1717 2701 1865 2729 fastidium

1036 2752 1065 2779 et
1095 2749 1310 2779 contumaciam
1345 2748 1518 2785 promiscua:
1554 2747 1656 2781 turba,
1693 2746 1758 2774 lites
1790 2745 1865 2773 inter

1038 2795 1127 2831 ipsos,
1152 2794 1289 2822 invidiam
1311 2793 1482 2827 seditione,
1505 2795 1622 2820 mutuos
1642 2792 1778 2826 impetus,
1795 2799 1863 2817 con-

1037 2841 1189 2871 tumeliam
1201 2841 1230 2869 in
1242 2841 1403 2878 prafectos,
1415 2842 1443 2869 et
1457 2840 1693 2869 mussitationem
1709 2838 1734 2866 si
1747 2836 1862 2872 quando
