4090 6228
357 352 473 411 599

1566 338 1829 401 ΡΗΟΤΙΙ
1877 336 2398 399 ΡΑΤΒῙΑΗΟΗΛΕ
2438 340 2557 400 GP.

3637 347 3759 410 600

359 483 574 556 quibus
626 486 818 553 egent,
879 478 981 552 qui
1029 481 1253 550 petunt,
1313 493 1428 532 non
1482 474 1910 546 adipiscuntur,
1945 475 2000 527 et

2123 469 2354 544 τύχωσιν
2401 470 2541 523 ὅσων
2598 467 2829 541 δέονται,
2878 471 2966 526 καὶ
3025 471 3150 527 ὅταν
3203 475 3277 547 μή
3329 479 3608 530 τυπῶνται
3667 477 3756 530 καὶ

359 573 593 643 quando
626 573 695 626 ad
732 571 936 626 horum
990 570 1344 624 voluntatem
1379 565 1460 620 illi
1513 579 1574 620 se
1615 581 1728 619 non
1771 562 2001 617 confor-

360 669 542 730 mant,
577 676 681 715 nec
713 660 1158 716 accommodant
1190 673 1202 710 :
1239 653 1682 726 despicientiam
1714 667 1920 708 rursus
1951 658 2004 706 et

361 755 758 821 contemptum
819 765 950 804 cum
1017 747 1087 802 ad
1139 745 1489 816 postulatum
1543 741 1908 808 adduxerim,
1950 746 2007 794 et

359 840 712 895 detraxerint
744 838 817 892 ad
849 835 1204 893 voluntatem
1238 850 1406 889 suam
1444 849 1458 899 ;
1490 848 1604 887 non
1639 832 1794 886 enim
1828 832 1886 885 in
1917 845 2010 884 vo-

358 927 620 984 luntaria
648 927 851 998 gratia,
885 925 980 980 sed
1015 925 1076 980 in
1105 922 1357 978 violento
1381 923 1558 993 jussu
1589 921 1872 991 deputant
1911 934 2008 990 op-

357 1015 463 1070 tati
515 1014 605 1070 sui
645 1018 937 1070 eventum.
993 1014 1072 1068 Ac
1115 1011 1326 1084 vulgus
1367 1013 1710 1082 potestatem
1769 1012 2004 1064 nactum

358 1105 585 1176 imperii
619 1105 678 1159 in
713 1120 844 1160 eum
890 1103 990 1175 qui
1037 1118 1226 1158 rerum
1270 1100 1512 1173 potitur,
1557 1105 1682 1154 tum
1716 1098 1848 1164 sibi,
1880 1102 2006 1152 turn

358 1193 566 1249 rectori
611 1192 928 1264 perniciem
973 1198 1151 1247 creat.
1181 1189 1356 1244 Navis
1395 1188 1609 1243 etenim
1658 1187 1826 1243 facile
1857 1201 2008 1242 mer-

357 1288 548 1354 getur,
615 1298 748 1338 cum
811 1285 998 1336 nautae
1061 1282 1449 1350 gubernatore
1505 1277 1772 1348 depulso,
1832 1276 2008 1331 simul

360 1387 564 1428 omnes
607 1372 955 1443 gubernant.
988 1371 1058 1423 Et
1101 1368 1383 1423 exercitus
1423 1367 1685 1421 funditus
1725 1365 2006 1435 interibit,

360 1477 492 1516 cum
535 1475 735 1516 eorum
769 1460 1019 1532 quisque
1069 1455 1212 1511 nulli
1259 1457 1391 1511 duci
1432 1457 1862 1526 obtemperans,
1896 1454 2006 1510 sibi

363 1551 640 1605 adversus
682 1550 930 1605 alterum
971 1546 1230 1602 ofﬁcium
1276 1545 1441 1600 ducis
1480 1550 1729 1615 arrogat.
1772 1543 1886 1599 Cur
1913 1560 2010 1598 au-

361 1646 470 1694 tem
515 1638 644 1709 quis
676 1637 909 1708 singula
940 1641 1322 1708 prosequatur
1358 1635 1386 1689 ‘2
1412 1634 1558 1689 Nam
1593 1649 1742 1704 saepe
1773 1647 2010 1689 necesse

361 1732 450 1783 est
480 1728 812 1798 praefectum
863 1725 1110 1782 colorem
1155 1724 1272 1779 oris
1313 1723 1401 1778 sui
1441 1723 1499 1776 in
1542 1721 1842 1777 tristitiam
1883 1738 2008 1775 mu-

361 1819 506 1885 tare,
549 1831 678 1870 cum
733 1832 848 1870 non
907 1817 982 1870 ita
1020 1814 1304 1869 afﬁciatur
1355 1813 1589 1868 animus
1634 1829 1646 1866 :

362 1907 680 1974 interdum,
728 1905 921 1960 animo
967 1903 1196 1960 dolente
1243 1905 1436 1959 laetum
1488 1902 1742 1975 praebere
1796 1918 1861 1957 os
1904 1918 1916 1955 :
1959 1905 2015 1957 et

360 1995 533 2052 irasci
567 2011 991 2066 nonnunquam
1025 2009 1159 2048 cum
1198 1993 1380 2048 iratus
1413 2009 1527 2047 non
1559 1991 1634 2046 sit
1668 2008 1680 2045 :
1727 1995 1784 2046 et
1823 1991 2013 2046 subri-

362 2084 496 2139 dere
525 2085 659 2139 dum
683 2083 917 2154 angitur
948 2101 960 2138 :
993 2083 1126 2138 talis
1154 2083 1309 2138 enim
1334 2097 1503 2137 scena
1530 2096 1731 2136 eorum
1769 2084 1879 2146 est,
1912 2081 2012 2151 qui

359 2172 750 2228 multitudinis
825 2173 1225 2243 praefecturam
1314 2171 1613 2242 suscipere
1697 2169 2015 2240 adjudicati

363 2267 523 2318 sunt.
567 2266 752 2318 Antea
787 2277 922 2318 vero
963 2262 1156 2335 qualis
1191 2261 1335 2318 est?
1375 2260 1601 2316 amicus
1649 2259 1854 2316 amicis
1899 2276 2013 2316 non

371 2351 560 2423 gravis
595 2367 608 2407 :
642 2351 834 2423 qualis
866 2351 1090 2406 affectio
1121 2355 1230 2418 est,
1262 2350 1390 2405 talis
1422 2349 1664 2420 species.

434 2444 600 2495 Nunc
631 2443 826 2495 autem
867 2444 977 2506 est,
1025 2440 1124 2496 ubi
1177 2440 1380 2495 acerbe
1419 2453 1656 2494 necesse
1695 2445 1777 2494 est
1817 2438 2011 2494 incre-

364 2548 503 2602 pare
537 2532 780 2598 amicos,
813 2535 866 2585 et
897 2534 1132 2602 propter
1171 2529 1510 2585 mandatum
1551 2533 1826 2600 cognatos
1856 2545 2012 2599 sper-

366 2635 503 2676 nere
553 2637 568 2688 ;
628 2623 686 2674 et
729 2619 1102 2690 peccantibus
1155 2633 1429 2690 apparere
1476 2633 1728 2690 gravem.
1789 2617 2014 2675 Invidia

367 2708 646 2778 undique,
669 2706 904 2764 licentia
936 2706 1325 2762 diuturnitate
1346 2705 1624 2778 temporis
1646 2707 2009 2762 conﬁrmata.

369 2796 512 2862 Quid
559 2813 652 2852 me
703 2800 928 2868 oportet
983 2801 1186 2852 cmtera
1238 2811 1692 2852 commemorare
1733 2795 1760 2849 ‘I
1817 2795 2013 2866 qualia

367 2889 658 2960 perpetior
713 2889 1010 2945 insectans
1067 2889 1364 2945 Simonem
1415 2888 1442 2943 ‘2
1485 2887 1695 2952 Quales
1753 2888 2013 2958 quotidie

366 2977 714 3033 tentationes
753 2977 1038 3048 sustineo,
1080 2978 1438 3032 mundanam
1469 2975 1764 3033 licentiam
1794 2993 2011 3032 sermo-

2112 559 2588 633 σχηματίζῶνται,
2621 562 2738 614 καθ’
2770 561 2828 614 ’ὸν
2859 561 3065 634 τρόπον
3100 563 3248 618 οὗτοι
3286 562 3624 638 βούλονται’
3658 568 3756 635 τὴν

2115 647 2410 721 ὑπεροψίαν
2467 647 2634 703 πάλιν
2694 650 2783 703 καὶ
2839 652 3262 727 καταφρόνησιν,
3318 652 3535 709 ἐπειδὰν
3597 655 3758 710 ἒλκύ·

2115 759 2248 792 σωσι
2291 739 2421 812 πρὸς
2449 740 2549 808 τὴν
2579 737 2822 809 αἴτησιν,
2862 739 2952 795 καὶ
3004 743 3493 816 συγκατασπάσωσι
3518 749 3601 816 τῷ
3631 766 3762 821 σφεο

2112 828 2254 900 τέρῳ
2308 826 2620 900 βουλήματι
2655 845 2668 858 ⁸
2726 829 2788 883 ού
2840 831 2943 906 γὰρ
2994 831 3259 886 ὲκοωσίου
3311 835 3566 912 χάριτος,
3620 833 3766 889 ἀλλὰ

2118 917 2301 990 βιαίου
2339 917 2754 992 προστάγματος
2810 924 2907 973 τοῦ
2947 918 3260 994 θελήματος
3309 921 3487 978 αὑτῶν
3533 923 3762 999 ἐκλογί-

2119 1011 2294 1074 ζονται
2327 1008 2425 1077 τὴν
2456 1005 2756 1064 τελείωσιν.
2784 1010 2883 1064 Καὶ
2904 1011 3106 1085 κράτος
3140 1007 3323 1066 λαϐὼν
3358 1011 3538 1091 ὄχλος
3570 1015 3764 1092 ἄρχειν

2113 1099 2210 1150 τοῦ
2255 1100 2580 1170 κρατοῦντος
2636 1098 2812 1170 ἑαυτῷ
2859 1119 2916 1154 τε
2964 1099 3053 1154 καὶ
3103 1104 3182 1172 τῷ
3216 1097 3451 1156 διέποντι
3505 1102 3766 1178 ὀλέθριος

2116 1185 2348 1260 γίνεται.
2391 1186 2488 1240 Καὶ
2539 1190 2667 1248 ναῦς
2697 1188 2798 1262 γὰρ
2845 1185 2990 1242 δύσει
3028 1187 3255 1263 ῥᾳδίως,
3289 1191 3412 1246 ὅταν
3463 1194 3519 1245 οἱ
3571 1197 3766 1248 ναῦται

2116 1274 2207 1329 τὸν
2253 1271 2590 1349 κυϐερνήτην
2635 1277 3017 1352 παρωσάμενοι
3068 1279 3264 1343 πάντες
3319 1281 3432 1352 ἅμα
3489 1277 3758 1357 κυϐερνήο

2117 1383 2248 1418 σωσι
2285 1385 2297 1399 ο
2345 1364 2435 1419 καὶ
2479 1365 2702 1438 στρατὸς
2761 1365 2930 1440 ἄρδην
2982 1365 3214 1438 ὀλεῖται,
3266 1367 3486 1424 ἐπειδὰν
3529 1368 3758 1435 ἕκαστος

2117 1453 2293 1507 αὐτῶν
2355 1453 2763 1529 ἀστρατήγητος
2822 1455 3082 1532 ὑπάρχων
3142 1466 3606 1535 καταστρατηγεῖν
3660 1467 3760 1516 τοῦ

2118 1539 2355 1610 πλησίον
2411 1540 2823 1612 ἀλαζονεύοιτο.
2877 1545 2975 1599 Καὶ
3034 1547 3088 1601 τί
3145 1545 3204 1600 ἅν
3261 1569 3343 1609 τις
3395 1550 3536 1603 κατᾶ
3594 1550 3760 1625 μέρος

2123 1628 2352 1700 διεξίοι;
2408 1630 2611 1708 ἀνάγκη
2659 1633 2760 1708 γὰρ
2808 1635 2899 1688 τὸν
2960 1633 3293 1712 ἐφεστηκότα
3348 1635 3623 1700 πολλάκις
3670 1641 3762 1694 καὶ

2122 1717 2488 1775 ὑπαλλάσσειν
2519 1721 2580 1776 τὸ
2632 1727 2837 1797 χρῶμα
2865 1731 2966 1792 τῆς
3014 1721 3190 1798 ὅψεως
3223 1726 3298 1786 εἱς
3349 1726 3413 1780 τὸ
3444 1731 3766 1802 σκυθρωπὸν

1697 1827 1765 1868 ac
1811 1827 2014 1866 rursus
2046 1790 2091 1855 Β
2123 1815 2222 1878 τῆς
2257 1812 2440 1883 ψυχῆς
2473 1811 2580 1885 ούχ
2611 1811 2754 1866 οὕτω
2796 1811 3170 1886 διακειμένης,
3203 1815 3292 1870 καὶ
3323 1815 3489 1871 πάλιν
3524 1815 3634 1872 ἔσθ’
3683 1820 3771 1873 ὅτε

2120 1896 2323 1966 ταύτης
2361 1897 2736 1973 ἂλγυνομένης
2778 1902 2842 1956 τὸ
2871 1901 3169 1977 πρόσωπον
3219 1905 3483 1978 παρέχειν
3516 1903 3768 1981 φαιδρὸν,

2124 1985 2429 2062 ὀργίζεσθαι
2460 1985 2507 2041 δ’
2551 1986 2616 2042 αὖ
2661 1989 2826 2044 πάλιν
2876 1992 2951 2063 μὴ
2996 1990 3371 2066 ὀργεζόμενον,
3405 1992 3494 2048 καὶ
3550 1993 3764 2068 μειδιᾷν

2121 2075 2437 2148 ἀνιώμενον.
2487 2077 2722 2148 Τοιαύτη
2749 2079 2853 2154 γὰρ
2902 2083 2936 2149 ἡ
2972 2083 3142 2150 σκηνὴ
3193 2087 3299 2136 τῶν
3335 2083 3589 2154 πλήθους
3629 2106 3767 2160 προ-

2124 2164 2338 2220 στασίαν
2401 2165 2745 2239 ἀναδέξάσθαι
2804 2166 3321 2230 καταδικασθέντων,
3380 2173 3454 2227 Τὰ
3503 2171 3561 2228 δὲ
3614 2174 3763 2248 πρὶν,

2121 2261 2257 2310 ποῖα
2283 2275 2297 2324 ;
2339 2255 2498 2333 φίλος
2529 2264 2644 2320 τοῖς
2676 2256 2864 2333 φίλοις
2895 2258 3232 2335 ἀνεπαχθὴς,
3273 2259 3470 2338 ἐχθρὸς
3501 2260 3559 2318 δὲ
3611 2261 3766 2321 οὐδε-

2120 2345 2212 2407 νός
2246 2365 2259 2378 ο
2295 2349 2410 2408 οἶος
2440 2348 2540 2415 τὴν
2574 2345 2832 2418 διάθεσιν,
2863 2353 3117 2412 τοιοῦτος
3165 2351 3255 2404 καὶ
3306 2351 3367 2406 τὸ
3412 2352 3771 2426 φαινόμενον.

2191 2438 2302 2489 Νῦν
2328 2431 2385 2488 δὲ
2433 2433 2543 2490 ἔσθ’
2582 2435 2673 2490 ὅτε
2720 2438 2811 2491 καὶ
2840 2443 3052 2512 πικρῶς
3109 2437 3360 2511 ἐπιτιμᾷν
3389 2439 3607 2517 ἀνάγκη
3649 2449 3771 2504 τοῖς

2122 2524 2328 2604 φίλοις,
2388 2527 2480 2580 καὶ
2531 2525 2659 2588 τοὺς
2705 2533 2983 2605 συγγενεῖς
3038 2529 3170 2605 ὑπὲρ
3218 2527 3451 2600 ἒντολῆς
3509 2537 3771 2608 παρορᾷν,

2121 2615 2208 2668 καὶ
2257 2619 2375 2676 τοῖς
2417 2616 2786 2690 ἁμαρτάνουσι
2828 2616 3102 2694 φαίνεσθαι
3154 2619 3341 2692 βαρὺς,
3393 2621 3590 2696 φθόνος
3632 2642 3770 2676 παν-

2120 2702 2375 2778 ταχόθεν,
2427 2705 2616 2774 ἀταξία
2663 2705 2850 2780 χρόνῳ
2895 2707 3271 2778 κρατυνθεῖσα.
3319 2708 3379 2762 Τί
3431 2729 3501 2782 με
3552 2711 3670 2784 χρή
3701 2711 3772 2765 τὰ

2123 2791 2292 2848 λοιπά
2329 2798 2683 2870 καταριθμεῖν
2727 2797 2814 2850 οἱα
2860 2796 3063 2872 πάσχω
3104 2795 3321 2852 διώκων
3347 2798 3439 2852 τὸν
3493 2800 3767 2872 Σίμωνα;

2123 2880 2272 2945 οἵους
2321 2886 2439 2938 καθ’
2497 2884 2723 2956 ἑκάστην
2778 2887 3075 2961 ὑφίσταμαι
3124 2887 3460 2962 πειρασμοὺς
3522 2889 3622 2952 τὰς
3667 2911 3773 2945 κο-

2122 2972 2319 3045 σμικὰς
2372 2971 2677 3049 παρῥησίας
2723 2979 2819 3029 τοῦ
2867 2975 3018 3050 ἱεροῦ
3069 2975 3413 3049 περικόπτων
3458 2976 3772 3054 συλλόγου,

367 3067 460 3123 nis
517 3084 550 3122 a
597 3083 757 3123 sacro
798 3071 1085 3123 conventu
1130 3067 1467 3139 prohibens,
1507 3071 1564 3122 et
1607 3072 2007 3138 contemptum

2123 3062 2221 3130 τὴν
2253 3059 2552 3138 ὀλιγωρίαν
2583 3065 2682 3133 τήν
2713 3065 2838 3138 περὶ
2867 3065 2932 3118 τὰ
2964 3064 3265 3138 κρείττονα,
3295 3066 3394 3133 τήν
3443 3065 3770 3136 ἐπιμέλειαν

367 3155 658 3227 potiorum
701 3171 918 3225 rerum,
967 3161 1024 3211 et
1071 3155 1436 3228 diligentiam
1499 3171 1779 3210 vanarum
1818 3155 1845 3210 ‘I
1887 3156 2013 3211 Haec

365 3245 762 3317 providebam,
793 3249 850 3301 et
880 3245 1114 3301 animus
1138 3244 1510 3300 mordebatur
1539 3262 1553 3298 :
1584 3261 1689 3300 nec
1718 3262 1848 3302 vero
1872 3261 2010 3302 meae

369 3339 456 3390 est
483 3334 626 3404 opis,
659 3334 780 3390 haec
810 3333 1150 3391 convellere.
1185 3334 1502 3406 Fugiebam
1527 3335 1894 3405 suffragium,
1919 3335 2013 3389 de-

368 3424 643 3494 precabar
671 3423 1015 3489 orationem,
1064 3423 1463 3494 praefecturam
1505 3421 1959 3492 ingemiscebam
1995 3439 2009 3490 ;

376 3527 576 3567 verum
609 3511 884 3567 declinari
924 3527 1038 3566 non
1073 3511 1259 3580 potuit
1302 3511 1454 3582 quod
1485 3518 1602 3565 erat
1634 3510 2010 3582 praefinitum.

441 3611 548 3665 Sed
581 3627 683 3664 cur
729 3609 848 3664 haec
897 3608 1085 3664 scribo
1127 3613 1184 3664 et
1221 3607 1426 3679 scripsi
1465 3606 1629 3679 prius
1669 3607 1696 3662 ?
1735 3624 1800 3662 ac
1831 3609 2013 3677 siqui-

369 3700 501 3754 dem
536 3697 755 3753 credita
784 3706 921 3752 sunt
954 3715 969 3767 ;
1002 3713 1156 3752 nunc
1188 3696 1466 3766 injuriam
1499 3695 1740 3765 accipio,
1774 3714 1807 3751 a
1837 3697 2010 3753 mise-

371 3787 617 3844 ricordia
643 3789 926 3842 desertus.
959 3785 1059 3841 Sin
1094 3785 1166 3841 iis
1189 3802 1302 3840 non
1331 3789 1419 3840 est
1440 3785 1749 3853 creditum,
1778 3803 2010 3842 rursum

368 3877 592 3932 afﬁcior
613 3875 847 3947 injuria,
882 3877 980 3948 qui
1013 3892 1145 3931 vera
1166 3875 1417 3931 scribam
1437 3891 1539 3930 nec
1572 3875 1743 3929 fidem
1765 3875 1968 3931 faciam
1998 3895 2010 3932 :

368 3968 450 4023 sic
482 3966 736 4038 undique
767 3966 942 4022 miser
972 3982 1113 4021 sum.
1149 3970 1196 4021 A
1227 3964 1440 4037 quibus
1465 3965 1765 4036 sperabam
1798 3964 2013 4020 doloris

369 4059 676 4111 nacturum
710 4072 801 4112 me
824 4054 1305 4124 sublevationem,
1327 4053 1464 4109 inde
1489 4053 1794 4125 increpor:
1826 4072 1858 4110 a
1888 4054 2013 4126 qui-

367 4147 477 4202 bus
519 4147 974 4204 exhortationem
1017 4150 1073 4202 et
1117 4145 1593 4212 consolationem,
1635 4144 1769 4200 inde
1809 4145 1880 4200 ad
1913 4145 2012 4202 do-

365 4221 548 4292 1orem
565 4236 730 4293 dolor
757 4236 1208 4307 adiungitur.Te
1226 4253 1340 4290 non
1373 4234 1694 4306 oportebat,
1714 4233 2010 4306 inquiunt,

367 4325 519 4379 affici
570 4325 806 4394 injuria,
865 4324 974 4377 hoc
1020 4323 1192 4378 dicito
1241 4323 1312 4377 iis
1355 4325 1453 4394 qui
1499 4323 1840 4378 intulerunt.
1887 4327 2010 4378 Non

2123 3151 2221 3220 τήν
2253 3151 2374 3226 περὶ
2417 3152 2483 3206 τὰ
2517 3152 2737 3226 μάταια,
2781 3152 2813 3206 ἃ
2866 3151 3086 3228 βλέπων
3116 3154 3207 3208 καὶ
3249 3155 3398 3230 πρὶν,
3429 3157 3512 3210 καὶ
3561 3153 3768 3212 δακνό-

2127 3261 2281 3314 μενος
2320 3243 2418 3311 τήν
2465 3243 2673 3318 ψυχὴν,
2705 3242 2796 3297 καὶ
2849 3244 2925 3314 μή
2957 3246 3060 3308 τῆς
3090 3242 3229 3316 ἐμῆς
3281 3244 3468 3320 ἰσχύος
3515 3244 3650 3299 εἶναι
3691 3247 3766 3301 τὸ

2119 3333 2287 3384 ταῦτα
2327 3328 2622 3404 περιελεῖν.
2673 3333 2938 3409 ’Έφευγον
2982 3334 3082 3402 τήν
3133 3335 3340 3412 ψῆφον,
3398 3333 3773 3409 παρῃτούμην

2117 3419 2182 3486 ἢν
2228 3418 2591 3494 χειροτονίαν,
2642 3418 2802 3497 ὠδυρ
2822 3420 2969 3494 όμην
3021 3423 3122 3491 τὴν
3165 3422 3496 3480 ἐπιστασίαν.
3543 3423 3655 3478 Οὑκ
3693 3427 3772 3495 ἦν

2123 3503 2180 3561 δὲ
2209 3506 2311 3581 ἄρα
2341 3513 2528 3585 φυγεῖν
2555 3509 2618 3563 τὸ
2659 3509 3014 3585 προορισθέν.

2193 3595 2371 3652 Ἀλλὰ
2399 3596 2453 3651 τί
2482 3597 2672 3677 γράφω
2702 3602 2867 3654 ταῦτα
2893 3617 2907 3668 ;
2937 3599 3149 3676 ἐγράφη
3183 3599 3272 3655 καὶ
3304 3602 3691 3676 πρότερον,καῖ
3727 3605 3774 3658 εἰ

2127 3685 2221 3760 μὶν
2251 3682 2655 3756 ἓπιστεύθησαν,
2688 3685 2984 3761 ἀδικοῦμαι
3021 3690 3096 3762 μὴ
3131 3688 3478 3761 ἐλεούμενοςο
3513 3693 3568 3745 οἱ
3603 3690 3658 3747 δὲ
3686 3695 3773 3765 μή

2122 3775 2532 3848 έπιστεύσησαν,
2591 3776 2888 3852 ἀδικοῦμαι
2935 3778 3101 3835 πάλιν
3147 3780 3331 3852 ἀληθῆ
3382 3782 3627 3860 γράφων,
3675 3788 3778 3840 καὶ

2123 3867 2544 3939 ἀπιστούμενος.
2613 3866 2796 3930 Οὕτως
2865 3866 2972 3944 ἒγὼ
3031 3870 3375 3946 πανταχόθεν
3455 3869 3772 3951 δυστυχῆς,

2123 3955 2212 4032 ἀφ’
2242 3957 2315 4010 ὧν
2344 3954 2554 4026 ἐλπίζω
2582 3964 2682 4026 τῆς
2715 3957 2896 4024 λύπης
2931 3959 3108 4033 εὑρεῖν
3155 3961 3514 4034 παραψυχὴν,
3563 3960 3773 4018 ἐκεῖθεν

2121 4043 2502 4118 ἐκπλήττομαι
2536 4065 2548 4079 ·
2603 4047 2690 4125 ἀφ’
2735 4047 2808 4101 ὧν
2856 4047 3202 4123 παράκλησιν
3247 4049 3337 4104 καὶ
3387 4051 3770 4124 παραμυθίαν,

2119 4132 2318 4190 ἐκεῖθεν
2360 4134 2446 4188 ἐπὶ
2495 4139 2573 4208 τῷ
2621 4135 2901 4210 ἀλγήματι
2951 4138 3300 4212 προστίθεται
3348 4137 3602 4213 ἄλγημα.
3653 4143 3778 4196 Οὐκ

2120 4219 2226 4277 ἔδει
2259 4221 3056 4299 σε,φησὶν,ἀδικηθῆναι.Πρὸς
3085 4227 3211 4288 τοὺς
3251 4224 3570 4289 ἀδικοῦντας
3599 4233 3774 4285 τοῦτο

2121 4313 2258 4369 εἶπέ.
2291 4313 2401 4368 Ούκ
2432 4308 2538 4369 ἔδει
2577 4317 2882 4390 βιασθῆναι.
2929 4316 3080 4386 Καλή
3112 4337 3171 4391 γε
3201 4318 3235 4386 ἦ
3270 4319 3586 4391 νομοθεσία,
3619 4319 3776 4376 ἀλλᾶ

367 4412 624 4485 oportuit
663 4411 766 4464 tibi
799 4409 986 4464 afferri
1021 4411 1156 4464 vim.
1193 4410 1434 4481 Egregia
1462 4427 1602 4466 sane
1632 4411 1743 4480 lex,
1783 4413 1882 4467 sed
1917 4414 2010 4484 qui

2123 4404 2258 4458 τίσιν
2291 4405 2324 4472 ἡ
2357 4400 2714 4477 ἐπιτίμησις
2761 4405 2895 4480 οὑχὶ
2926 4411 3043 4467 τοῖς
3081 4407 3465 4481 βιασαμένοις;
3515 4410 3578 4463 τὸ
3609 4404 3774 4473 ἕλεος

369 4499 717 4573 objurgandi
745 4499 772 4553 ‘?
794 4514 983 4553 nonne
1003 4498 1103 4568 qui
1139 4500 1255 4553 vim
1289 4500 1546 4554 fecerunt
1570 4499 1598 4554 ‘I
1622 4500 2013 4557 Misericordia

369 4591 610 4660 quinam
644 4585 860 4658 digni?
890 4586 1092 4641 Nonne
1123 4586 1160 4640 ii
1195 4587 1294 4658 qui
1325 4586 1442 4641 vim
1476 4587 1835 4642 subierunt?
1863 4590 1933 4643 At
1965 4593 2012 4645 si

368 4678 501 4749 quis
524 4693 622 4732 eos
653 4675 808 4745 sinit,
842 4694 874 4733 a
906 4676 1122 4750 quibus
1152 4681 1239 4734 est
1269 4675 1434 4733 illata
1464 4675 1548 4733 vis
1581 4696 1595 4746 ;
1629 4677 1887 4748 increpat
1915 4695 2014 4734 au-

370 4774 487 4821 tem
521 4781 653 4821 eum
689 4767 788 4839 qui
818 4766 930 4822 vim
966 4782 1175 4839 passus
1203 4770 1294 4822 est
1328 4781 1342 4821 :
1375 4765 1676 4836 sperabam
1709 4768 1822 4821 tuae
1846 4766 2017 4837 justi-

365 4854 460 4910 tiae
491 4872 662 4926 posse
703 4872 794 4913 me
825 4858 882 4912 in
932 4872 1064 4912 eum
1109 4856 1402 4928 judicium
1445 4854 1774 4927 implorare.
1819 4858 1893 4912 At
1923 4873 2013 4912 ca-

367 4959 566 5013 nones,
617 4945 829 5016 inquit,
878 4945 1072 5001 violati
1119 4950 1277 5014 sunt,
1323 4947 1474 5018 quod
1527 4945 1600 5001 ad
1641 4945 2011 5018 pontificatus

363 5033 660 5106 fastigium
706 5051 736 5089 e
779 5033 1058 5090 laicorum
1101 5036 1301 5092 ordine
1351 5035 1684 5091 ascendisti.
1728 5034 1836 5089 Sed
1879 5035 2012 5105 quis

361 5122 599 5179 violavit
627 5123 656 5178 ?
708 5126 757 5178 Is
800 5124 900 5195 qui
940 5126 1056 5179 vim
1088 5124 1384 5197 irrogavit,
1423 5141 1494 5180 an
1539 5124 1636 5196 qui
1670 5140 1771 5195 per
1811 5124 1924 5179 vim
1957 5128 2013 5179 et

364 5213 580 5270 invitus
600 5217 882 5269 attractus
913 5215 1048 5269 est?
1069 5215 1166 5270 sed
1192 5215 1460 5270 resistere
1482 5213 1759 5287 oportuit.
1783 5213 2011 5277 Quous-

366 5319 479 5376 que
508 5303 536 5357 ?
565 5303 747 5358 restiti
781 5302 954 5371 enim,
989 5307 1044 5359 et
1076 5303 1204 5374 plus
1237 5319 1406 5374 quam
1440 5303 1716 5376 oportuit.
1761 5301 1918 5365 Quod
1961 5303 2009 5358 si

367 5395 449 5450 sic
473 5411 587 5449 non
614 5392 994 5465 providissem
1028 5394 1373 5448 infestorum
1397 5399 1703 5449 ventorum
1727 5391 2011 5465 procellas

367 5485 636 5546 seviores
687 5483 828 5551 fore,
877 5482 1218 5538 restitissem
1272 5483 1440 5538 etiam
1489 5497 1677 5555 usque
1722 5483 1792 5538 ad
1824 5482 2010 5555 ipsam

369 5581 639 5633 mortem.
675 5571 885 5641 Quales
906 5577 1098 5630 autem
1133 5589 1384 5629 canones
1413 5573 1497 5644 hi,
1525 5589 1770 5646 quorum
1805 5575 2014 5631 asseri-

371 5671 464 5719 tur
511 5659 897 5736 praevaricatio
925 5661 953 5715 ?
984 5677 1127 5732 quos
1161 5661 1233 5719 ad
1266 5661 1422 5718 hunc
1453 5676 1639 5735 usque
1683 5661 1838 5720 diem
1869 5663 2012 5721 Con-

2125 4489 2181 4546 δὲ
2211 4492 2391 4563 τίσιν;
2444 4492 2575 4568 ούχί
2606 4500 2721 4556 τοῖς
2767 4494 2889 4568 βίαν
2923 4495 3258 4565 unos-victv;
3299 4493 3359 4550 ἂν
3411 4494 3468 4551 δέ
3509 4519 3593 4559 τις
3638 4500 3775 4561 τοὺς

2127 4582 2488 4656 βιασαμένους
2525 4583 2618 4656 μὲν
2665 4583 2746 4654 έᾳ,
2791 4585 2884 4638 τὸν
2935 4581 2992 4638 δὲ
3034 4583 3315 4659 βιασθέντα
3363 4584 3614 4660 ἐπιτιμᾷ,
3663 4590 3772 4658 τήν

2124 4672 2222 4738 σήν
2276 4671 2504 4741 ἤλπιζεν
2555 4671 2638 4726 ἐπ’
2668 4671 2827 4728 αὐτὸν
2881 4671 3230 4744 δικαιοσύνην
3279 4674 3505 4730 καλέσαι
3551 4678 3771 4750 κριτήν.

2124 4758 2298 4815 Ἀλλά
2327 4761 2567 4830 κανόνες,
2619 4762 2777 4836 φησὶ,
2809 4759 3213 4838 παρεϐάθησαν,
3262 4764 3344 4818 δτι
3385 4765 3522 4838 πρὸς
3552 4766 3615 4820 τὸ
3661 4773 3776 4836 τῆς

2122 4850 2538 4925 ἀρχιερωσύνης
2569 4850 2726 4926 ὕψος,
2758 4851 2864 4908 ἀπὸ
2914 4850 3112 4908 λαῖκοῦ
3143 4853 3426 4927 προῆλθες
3473 4859 3568 4909 τοῦ
3611 4858 3770 4934 σχή-

2127 4960 2316 5011 ματος.
2363 4939 2461 4994 Καὶ
2508 4939 2590 5004 τίς
2638 4941 2666 4994 ὁ
2705 4936 2971 5015 παραϐάς,
3023 4943 3051 4996 ὁ
3103 4943 3453 5016 βιασάμενος,
3501 4943 3536 5012 ἢ
3589 4945 3616 4998 ὑ
3672 4944 3775 5017 βίᾳ

2123 5029 2213 5083 καὶ
2239 5030 2384 5083 ἄκων
2419 5028 2793 5099 ἀνελκυσθείς;
2847 5028 3007 5088 Ἀλλ’
3037 5029 3208 5109 ἐχρῆν
3247 5032 3547 5107 ἀντισχεῖν.
3580 5035 3771 5109 Μέχρι

2124 5115 2302 5186 τίνος;
2339 5118 2598 5192 ἀντέσχον
2628 5117 2686 5174 δὲ
2709 5119 2798 5174 καὶ
2832 5120 2966 5193 πέρα
3004 5123 3101 5174 τοῦ
3133 5117 3376 5183 δέοντος.
3426 5120 3486 5176 Εἰ
3519 5120 3564 5176 δ’
3615 5122 3771 5178 οὑτω

2129 5229 2223 5280 μοι
2252 5205 2512 5280 προῄδειν
2551 5207 2614 5262 τὸ
2643 5206 2947 5264 κλυδώνιον
2999 5213 3109 5263 τῶν
3138 5213 3392 5285 πονηρῶν
3444 5213 3778 5284 πνευμάτων

2127 5297 2348 5374 μέλλειν
2417 5297 2894 5374 ἐπιτραχύνεσθαι,
2949 5299 3206 5375 ἀντέσχον
3277 5301 3335 5356 ἃν
3395 5303 3480 5356 καὶ
3564 5303 3774 5378 μέχρις

2122 5387 2286 5442 αὑτοῦ
2344 5388 2590 5442 θανάτου.
2638 5391 2790 5441 ΙΙοῖοι
2831 5385 2886 5441 δὲ
2943 5388 3160 5450 κανόνες
3219 5389 3292 5441 ὧν
3351 5390 3384 5457 ἡ
3435 5384 3772 5463 παράϐασις,

2123 5475 2214 5538 οὓς
2283 5475 2450 5554 μέχρι
2526 5476 2615 5530 καὶ
2696 5478 2936 5552 τήμερον
3010 5475 3062 5531 έν
3136 5475 3776 5535 Κωσταντινουπολιτων

2123 5567 2388 5640 ἐκκλησίᾳ
2429 5567 2489 5624 ού
2547 5568 2922 5645 παρείληφενς
2976 5568 3192 5624 ἐκείνων
3244 5568 3460 5645 λέγεται
3508 5566 3770 5644 παράϐα-

2123 5679 2228 5731 σις,
2256 5659 2328 5714 ὧν
2360 5659 2395 5730 ἡ
2427 5655 2646 5738 φυλακὴ
2678 5654 3062 5734 παραδέδοται.
3086 5659 3152 5717 Ἀ
3183 5655 3240 5714 δὲ
3271 5663 3350 5733 μὴ
3372 5654 3765 5734 παραδέδοται,
