4090 6228
330 387 445 450 601

1571 383 2128 448 EPISTOLARUM
2172 385 2402 449 LIBER
2445 391 2494 450 Ι.

3611 401 3732 464 602

337 527 460 585 οὐδὲ
521 528 597 602 μή
657 526 1041 606 φυλασσόμενα
1086 523 1446 602 παραϐάσεως
1493 522 1640 601 φέρει
1686 522 1966 603 ἓγκλημα.

2086 527 2736 601 stantinOpolitanorum
2771 533 3025 592 Ecclesia
3055 553 3171 594 non
3208 539 3448 610 accepit.
3491 539 3727 598 Illorum
3810 535 3817 584 9’

402 617 557 674 Ἀλλ’
610 615 736 691 ἐμοὶ
797 619 889 692 μὲν
938 619 1029 674 καὶ
1084 619 1152 673 τὰ
1209 617 1440 692 ῥηθὲντα
1495 616 1874 690 ἀποχρώντως
1915 614 1974 669 ἃν

334 707 504 782 εἶχεν,
537 707 610 768 ὡς
649 710 747 762 τοῦ
796 709 1170 781 προσήκοντος
1210 704 1471 781 εἰρημένα
1523 702 1714 760 πλέον.
1758 703 1830 758 Ού
1870 705 1972 778 γὰρ

335 794 717 871 δικαιολογίας
751 797 943 852 ἑαυτοῦ
994 802 1243 868 συνιστᾷν
1293 796 1585 871 προήχθην
1620 813 1634 826 °
1681 799 1797 855 πῶς
1836 795 1975 867 γάρ;

334 883 394 948 ὅς
435 906 497 961 γε
537 885 709 964 εὐχῆς
749 881 907 963 ἔργον
951 891 1217 959 ποιοῦμαι
1258 884 1622 958 πολυτρόπως
1651 889 1754 952 τῆς
1800 881 1974 953 ζάλης

332 975 539 1044 ταύτης
571 973 979 1050 ἀπαλλαγῆναι,
1011 977 1100 1030 καὶ
1140 975 1201 1030 τὸ
1250 973 1475 1053 φορτίον
1523 971 1922 1051 ἐλαφρυνθῇναι
1960 990 1972 1004 ·

338 1065 512 1124 οὕτως
573 1064 677 1140 ἐγὼ
707 1068 808 1120 τοῦ
865 1064 1056 1139 θρόνου
1105 1064 1348 1142 ἐφίεμαι,
1403 1066 1496 1118 καὶ
1533 1063 1710 1125 οὕτως
1768 1059 1975 1136 σφόδρα

338 1155 658 1229 ἀντέχομαι.
693 1153 766 1210 Ού
798 1153 901 1231 γὰρ
933 1153 1225 1230 ἀρχομένῳ
1257 1154 1353 1228 μὲν
1384 1153 1550 1229 βάρος
1581 1153 1650 1222 ἦν
1682 1153 1710 1206 ὁ
1759 1151 1974 1226 θρόνος,

335 1243 591 1318 προϊόντι
624 1241 680 1298 δὲ
728 1240 800 1297 δι’
829 1241 1120 1316 ἐπιθυμίας
1161 1243 1359 1316 ἐγίνετο
1389 1261 1401 1273 ·
1437 1241 1560 1298 ἀκλ’
1607 1240 1788 1317 ὥσπερ
1828 1241 1972 1296 ἄκων

337 1331 614 1401 εἴσῆλθον,
658 1331 830 1394 οὕτως
862 1329 1005 1387 ἄκων
1055 1333 1377 1405 καθέζομαι,
1417 1331 1508 1386 καὶ
1538 1336 1638 1387 τοῦ
1690 1331 1975 1405 βιασθῆναι

333 1422 473 1497 πρὸς
504 1423 605 1492 τήν
640 1418 849 1476 εἴσοδον
887 1422 1021 1494 μετὰ
1057 1425 1162 1475 τῶν
1197 1421 1384 1477 ἄλλων
1412 1420 1646 1498 ἐναργὴς
1677 1417 1974 1490 ἀπόδειξις,

329 1510 395 1566 τὸ
429 1511 598 1584 μέχρι
626 1512 722 1564 τοῦ
753 1514 844 1564 νῦν
885 1508 977 1565 ἀπ’
1025 1511 1225 1584 ἀρχῆς,
1274 1516 1374 1580 τῆς
1407 1511 1592 1584 ἀρχῆς
1619 1509 1822 1578 ταύτης
1864 1507 1973 1562 ἐθὲο

333 1598 451 1655 λειν
512 1598 837 1671 ἐξίστασθαι.
909 1599 1008 1654 Καὶ
1066 1600 1112 1654 εἰ
1169 1601 1469 1674 χαριέντως
1526 1597 1754 1676 ἔγραφεν
1826 1596 1976 1670 ἐμοὶ,

333 1687 436 1744 οὐκ
474 1682 678 1765 ὤφειλε
733 1689 982 1766 γράφειν,
1032 1689 1096 1744 τὰ
1155 1691 1249 1764 μὲν
1307 1687 1451 1744 ἄλλα
1508 1689 1678 1743 πάντα
1737 1687 1973 1762 χρηστὰ,

405 1777 422 1798 \
454 1776 477 1832 ἐ
679 1778 693 1797 ι
845 1779 859 1799 \
917 1776 942 1796 Ν
1032 1780 1044 1798 Ι
1301 1779 1314 1798 \
1874 1797 1894 1812 λ

331 1798 424 1832 και
480 1798 725 1850 παινετα,
773 1799 861 1833 και
913 1781 1189 1852 ὸεχομεθα
1227 1799 1317 1833 και
1364 1779 1695 1854 τερπόμεθα,
1726 1777 1816 1832 καὶ
1881 1797 1974 1852 χα-

2085 617 2300 673 dicitur
2329 622 2732 694 transgressio,
2765 641 3016 695 quorum
3046 627 3259 683 tradita
3289 632 3378 683 est
3423 630 3725 687 custodia:
3800 623 3810 656 ³

2086 721 2212 777 quae
2249 723 2382 763 vero
2412 711 2628 766 tradita
2648 729 2760 766 non
2787 719 2944 781 sunt,
2981 731 3043 768 ea
3069 732 3183 771 non
3211 719 3496 784 custodia,
3529 723 3731 774 trans-

2084 796 2404 867 gressionis
2437 815 2550 854 non
2584 799 2846 856 inferunt
2868 802 3112 858 crimen.

2154 885 2302 940 Satis
2349 891 2517 942 erant
2562 892 2691 960 q‘uaa
2731 891 2854 960 jam
2905 894 3166 964 exposui,
3207 911 3272 950 ac
3317 897 3502 952 multo
3553 898 3728 954 etiam

2083 973 2252 1044 plura
2270 990 2443 1046 quam
2466 978 2860 1035 conveniebat.
2881 981 2994 1037 Nec
3015 982 3168 1037 enim
3194 983 3268 1038 ad
3293 984 3414 1040 haec
3443 986 3730 1044 adductus

2083 1075 2214 1116 sum
2247 1067 2311 1117 ut
2340 1066 2616 1133 mejuxta
2645 1067 2980 1125 defensione
3019 1073 3511 1128 commendarem.
3567 1075 3728 1140 Quo-

2082 1151 2253 1206 modo
2284 1151 2438 1208 enim
2472 1153 2642 1210 aliter
2669 1171 2798 1213 esse
2843 1163 3062 1229 posset,
3107 1175 3240 1214 cum
3287 1160 3541 1232 optabile
3584 1163 3730 1218 mihi

2081 1243 2232 1296 esset
2280 1242 2634 1301 omnimodis
2711 1245 2819 1302 hac
2895 1247 3142 1317 procella
3195 1249 3448 1319 liberari,
3516 1254 3574 1306 et
3621 1251 3730 1308 hoc

2080 1329 2256 1386 levari
2280 1333 2495 1388 onere?
2523 1333 2616 1390 Sic
2637 1349 2771 1406 ergo
2793 1337 2946 1391 sedis
2960 1342 3238 1409 appetens
3267 1355 3423 1404 sum,
3453 1340 3536 1396 sic
3557 1341 3727 1396 vebe~

2083 1424 2310 1476 menter
2363 1437 2488 1477 eam
2535 1423 2775 1480 retineo.
2818 1423 2945 1480 Non
2981 1427 3132 1481 enim
3181 1444 3216 1482 ιι
3262 1427 3546 1500 principio
3591 1430 3723 1502 qui-

2081 1509 2214 1564 dem
2262 1509 2422 1565 oneri
2455 1511 2698 1567 thronus
2728 1513 2854 1581 fuit,
2896 1530 3214 1586 progressu
3261 1532 3396 1572 vero
3445 1519 3726 1588 temporis

2081 1599 2370 1671 expetitus
2409 1604 2495 1656 est
2530 1617 2543 1657 :
2596 1603 2694 1659 sed
2727 1605 3219 1674 quemadmodum
3257 1606 3560 1677 ingressus
3593 1624 3725 1662 sum

2081 1686 2425 1756 invitus,sic
2455 1689 2671 1747 invitus
2701 1693 2894 1749 sedeo.
2930 1695 3092 1759 Quod
3133 1702 3324 1750 autem
3366 1694 3534 1750 initio
3585 1696 3730 1751 mihi

2083 1777 2168 1833 vis
2195 1779 2340 1833 facta
2363 1780 2460 1848 sit,
2483 1795 2616 1836 cum
2640 1797 2707 1836 ex
2730 1781 2883 1850 aliis,
2902 1787 3026 1837 tum
3049 1798 3117 1838 ex
3135 1782 3241 1838 hoc
3272 1784 3727 1846 demonstratur,

330 1867 650 1940 τιστ-ηρίους
681 1863 888 1940 ᾄδομεν
939 1871 1056 1939 Θεῷ
1085 1871 1166 1938 τῷ
1216 1867 1504 1943 πανσόφως
1549 1866 1698 1922 οὕτω
1742 1867 1841 1934 τήν
1891 1864 1966 1919 ἐκ·

2083 1867 2237 1937 quod
2270 1884 2303 1923 a
2343 1868 2628 1940 principio
2688 1886 2874 1942 usque
2930 1871 3120 1926 adhuc
3166 1870 3336 1928 velim
3367 1873 3571 1929 cedere
3619 1875 3728 1928 hac

328 1954 562 2027 κλησίαν
597 1955 860 2013 ἷθύναντι.
893 1960 964 2012 Τὸ
1012 1953 1069 2012 δὲ
1099 1957 1205 2012 ἀπὸ
1255 1956 1487 2027 λαϊκῶν,
1520 1957 1623 2012 ούκ
1670 1954 1966 2011 ἐπαινετόν.

333 2046 428 2101 Διὸ
458 2047 595 2110 τὲως
627 2045 679 2101 ἐν
712 2041 1011 2120 ἀμφιϐόλῳ
1058 2045 1449 2119 καθιστάμεθα,
1480 2047 1578 2114 τὴν
1628 2043 1969 2112 τελεωτάτην

333 2137 632 2190 συναίνεσιν
688 2135 764 2197 εἷς
822 2136 924 2205 τὴν
977 2139 1084 2191 τῶν
1145 2134 1575 2210 ἀποκρισιαρίων
1629 2137 1789 2208 ἡμῶν
1841 2135 1972 2188 ὑπο-

335 2225 576 2300 στροφὴν
633 2223 973 2297 ἀναθέμενοι.
1022 2222 1180 2279 Ἀλλ’
1219 2221 1326 2279 ἔδει
1371 2224 1617 2302 γράφειν,
1673 2223 1734 2278 ού
1789 2243 1974 2278 συναι-

329 2317 532 2386 νοῦμεν
571 2313 742 2384 ὅλως,
802 2313 864 2368 ού
919 2311 1333 2389 καταδεχόμεθα
1367 2333 1382 2348 ο
1451 2310 1576 2368 ούδὶ
1619 2315 1694 2387 μὴ
1751 2313 1826 2374 είς
1879 2314 1970 2367 τὸν

335 2403 508 2459 αῗῶνα
546 2401 972 2477 καταδεξαίμεθα
1016 2404 1111 2458 τὸν
1161 2401 1607 2478 προσδραμόντα,
1649 2403 1739 2458 τὸν
1798 2402 1969 2477 ἐμπο-

333 2492 662 2569 ρευσάμενον
694 2493 794 2562 τήν
835 2493 1035 2568 ἀρχὴν,
1068 2493 1160 2547 τὸν
1215 2494 1534 2566 ἀψήθιστον,
1565 2494 1657 2546 τὸν
1706 2492 1774 2546 τὰ
1803 2492 1972 2547 πάντα

329 2581 520 2638 κακόν.
549 2582 722 2652 Ἔξιθι
770 2586 865 2636 τοῦ
913 2583 1129 2656 θρόνου,
1165 2583 1533 2658 ὑποχώρησον
1592 2585 1689 2636 τοῦ
1745 2581 1970 2655 ποιμαί-

329 2691 460 2740 νειν,
493 2673 668 2733 οὕτως
715 2669 774 2725 ἂν
809 2672 836 2726 ὁ
884 2672 1110 2748 γφάφων
1143 2670 1366 2748 ἔγραφεν
1411 2669 1534 2745 ἒμοὶ
1586 2670 1890 2748 προσφιλῆ,
1925 2670 1970 2725 εί

327 2757 419 2811 καὶ
451 2757 520 2811 τὰ
558 2754 736 2811 πλείω
765 2753 960 2830 ψευδῆ.
993 2755 1141 2812 Ἔδει
1181 2759 1309 2834 γὰρ,
1342 2758 1417 2820 ὡς
1448 2754 1612 2827 ἔοικε,
1657 2757 1748 2810 τὸν
1777 2752 1969 2824 ἀδικη-

328 2847 489 2901 θέντα
526 2847 627 2916 τὴν
661 2843 873 2900 εἷ’σοδον
915 2843 1244 2917 ἀδικηθῆναι
1291 2846 1459 2903 πάλιν
1505 2847 1604 2916 τήν
1637 2842 1837 2916 ἔξοδον,
1879 2845 1968 2900 καὶ

323 2937 418 2990 τὸν
452 2934 750 3008 ἀποτόμως
801 2934 1115 3004 ὠθισθέντα,
1156 2937 1247 2990 καὶ
1302 2933 1500 2991 ἄκοντα
1547 2934 1970 3008 ἀποτομώτερόν

323 3046 384 3081 τε
421 3025 514 3080 καὶ
543 3025 932 3100 νεανικώτερον
961 3024 1280 3095 ἀπωσθῆναι
1309 3043 1323 3093 ;
1355 3030 1442 3098 Τῷ
1483 3021 1530 3079 δ’
1561 3024 1733 3085 οὕτως
1782 3021 1968 3098 ἔχοντι

2081 1955 2235 2011 sede.
2271 1961 2344 2011 At
2374 1957 2424 2012 si
2457 1957 2600 2012 mihi
2632 1963 2797 2029 grata
2827 1961 3133 2015 scribenda
3164 1967 3375 2029 erunt;
3409 1979 3524 2017 non
3556 1978 3726 2034 opor-

2082 2046 2192 2098 tuit
2221 2044 2494 2116 benigna,
2528 2048 2838 2118 ceteroqui
2879 2058 2933 2103 οι
2953 2048 3274 2105 laudabilia
3304 2050 3517 2106 scribi:
3553 2056 3730 2107 Acce-

2085 2132 2297 2201 pimus,
2346 2133 2630 2194 laetamur.
2673 2140 2731 2190 et
2786 2137 2974 2207 gratia
3021 2136 3254 2208 agimus
3289 2138 3729 2210 sapientissimo

2081 2220 2218 2288 Deo,
2244 2221 2345 2294 qui
2380 2222 2695 2278 Ecclesiam
2745 2226 3050 2296 gubernat.
3103 2225 3222 2282 Hoc
3262 2242 3395 2282 vero
3435 2242 3504 2281 ex
3546 2227 3732 2283 laico—

2081 2327 2212 2365 rum
2262 2312 2486 2376 ordine.
2546 2313 2835 2369 laudabile
2876 2330 2988 2368 non
3039 2318 3165 2370 est:
3215 2315 3429 2372 idcirco
3470 2315 3731 2386 ambigui

2081 2397 2274 2455 adhuc
2303 2416 2536 2470 umus,
2563 2407 2621 2456 et
2642 2401 2958 2472 perfectum
2984 2419 3291 2459 assensum
3333 2403 3394 2460 in
3425 2405 3732 2477 apocrisia-

2081 2488 2292 2545 riorum
2369 2495 2700 2547 nostrorum
2773 2492 3027 2548 reditum
3077 2493 3432 2550 distulimus.
3516 2496 3727 2552 Verum

2081 2580 2258 2636 scribi
2290 2581 2512 2651 debuit,
2539 2583 2781 2639 omnino
2813 2599 2927 2639 non
2964 2585 3337 2652 assentimur,
3370 2602 3484 2641 non
3517 2587 3728 2657 proba-

2080 2687 2234 2740 mus,
2305 2689 2424 2730 non
2471 2674 2812 2746 accipimus,
2863 2691 2968 2730 nec
3006 2691 3141 2731 vero
3192 2692 3452 2748 unquam
3486 2676 3730 2748 accipie-

2081 2778 2234 2829 mus;
2266 2763 2366 2834 qui
2389 2765 2656 2833 accurrit,
2679 2764 2778 2835 qui
2811 2763 3188 2835 praesulatum
3233 2765 3594 2822 nundinatus
3617 2770 3728 2835 est,

2079 2851 2180 2922 qui
2223 2868 2338 2908 non
2368 2856 2459 2908 est
2508 2853 2685 2924 justis
2727 2853 3024 2925 suffragiis
3083 2855 3310 2910 factus:
3350 2855 3409 2911 in
3458 2856 3729 2910 omnibus

2078 2939 2434 3010 improbum.
2486 2941 2591 2997 Abi
2644 2942 2751 2997 hac
2790 2944 2946 3010 sede,
2991 2949 3048 2999 et
3077 2944 3148 2998 de
3179 2944 3433 3015 pastoris
3465 2960 3724 3000 munere.

2079 3030 2188 3097 Qui
2207 3030 2288 3086 ita
2309 3030 2662 3103 scripsisset,
2702 3031 2846 3086 mihi
2871 3032 3500 3104 scripsissetjucunda,
3529 3051 3734 3104 quam-

321 3118 414 3172 καί
450 3114 791 3192 λογιζομένῳ
831 3115 894 3170 ού
923 3113 1113 3184 πολλή
1146 3115 1366 3194 φροντὶς
1388 3116 1486 3177 τὰς
1525 3111 1786 3177 διαϐολὰς
1829 3115 1964 3170 ἀπο-

2079 3120 2166 3174 vis
2198 3118 2349 3176 falsa
2393 3119 2682 3192 pleraque.
2715 3121 2800 3176 An
2843 3136 2975 3178 vero
3025 3123 3350 3194 oportebat.
3391 3123 3490 3194 qui
3531 3123 3589 3176 in
3633 3122 3724 3176 in-

321 3205 641 3280 τρίψασθαι,
691 3205 763 3259 ὢν
795 3205 858 3259 τὸ
912 3208 1076 3279 κῦρος
1103 3209 1200 3260 τοῦ
1258 3204 1452 3278 θρόνου
1508 3203 1812 3281 ἀφαίρεσις.
1867 3205 1966 3260 Καὶ

323 3293 484 3368 ἤρκει
523 3296 640 3368 μὲν,
673 3295 747 3357 ὡς
777 3292 1013 3369 εἷ’ρηται,
1052 3295 1119 3349 τὰ
1158 3295 1408 3369 ῥηθέντα.

2079 3225 2282 3281 gressu
2307 3210 2550 3266 allectus
2572 3214 2697 3266 erat
2735 3209 2975 3280 injuria,
3002 3211 3062 3266 in
3092 3226 3327 3282 egressu
3359 3210 3727 3281 itideminju-

2079 3299 2224 3353 riam
2259 3299 2565 3369 accipere?
2613 3302 2670 3354 et
2709 3299 2808 3370 qui
2855 3299 3044 3355 aliena
3093 3299 3379 3372 protervis
3409 3299 3620 3354 invilus
3653 3302 3723 3356 ad

324 3389 452 3444 haec
492 3386 813 3456 inciderat;
859 3387 1048 3458 magis
1097 3387 1270 3443 etiam
1322 3387 1557 3458 precise
1613 3403 1679 3442 ac
1738 3394 1930 3457 proter
1957 3403 2026 3442 ve
2071 3387 2328 3459 expelli?
2365 3389 2469 3455 Qui
2514 3389 2599 3445 sic
2643 3389 2887 3446 allectus
2937 3394 3044 3458 est,
3087 3388 3304 3461 quique
3332 3389 3451 3446 haec
3483 3391 3718 3461 cogitat,

327 3495 443 3536 non
469 3477 632 3532 valde
681 3483 866 3546 curat,
919 3492 1024 3532 nec
1078 3476 1306 3533 laborat
1334 3479 1405 3532 de
1449 3476 1756 3532 calumniis
1781 3476 2209 3550 propulsandis,
2245 3493 2492 3549 quarum
2532 3477 2653 3535 hinc
2693 3482 2944 3550 potestas
2975 3478 3099 3535 sola
3137 3483 3246 3548 est,
3272 3483 3338 3535 ut
3388 3479 3440 3534 ei
3471 3479 3719 3535 thronus

323 3569 637 3624 adimatur.
669 3567 821 3622 Satis
850 3581 1002 3636 ergo,
1031 3573 1092 3621 ut
1124 3566 1263 3636 dixi,
1297 3567 1418 3622 haec
1450 3567 1701 3623 fuerant.

397 3655 553 3711 Ἐπεὶ
585 3651 643 3709 δὲ
674 3651 746 3708 δι’
774 3655 923 3727 ἡμᾶς
957 3654 1047 3714 ςὺν
1078 3656 1214 3726 ἡμῖν
1257 3655 1349 3709 καὶ
1379 3656 1432 3709 οἱ
1461 3655 1568 3730 πρὸ
1619 3657 1782 3728 ἡμῶν
1814 3648 1960 3732 ἅγιοι

315 3744 414 3799 καὶ
453 3744 710 3818 μακάριοι
743 3742 974 3817 Πατέρες
1017 3738 1509 3812 συνδιαϐεϐ).ῆσθαι
1539 3741 1960 3814 κινδυνεύουσιν,

319 3835 399 3896 ὡς
435 3833 752 3910 Νεκηφόρος
783 3831 875 3886 καὶ
903 3833 1166 3906 Ταράσιος
1199 3831 1282 3905 (ἐκ
1313 3830 1511 3886 λαϊκοῦ
1538 3833 1640 3908 γαρ
1676 3832 1767 3886 καὶ
1809 3832 1960 3888 οὗτοι

316 3926 419 3979 τοῦ
458 3924 750 4000 σχήματος
781 3921 857 3983 εἰς
907 3922 969 3975 τὸ
1013 3927 1112 3991 τῆς
1157 3921 1576 3996 ἀρχιερωσύνης
1619 3920 1782 3995 ἄκρον
1823 3941 1959 3996 προ-

313 4007 545 4082 ἔϐησαν,
577 4011 632 4066 οἳ
667 4017 770 4080 τῆς
800 4012 918 4065 καθ’
949 4012 1098 4083 ἡμᾶς
1155 4015 1344 4086 γενεᾶς
1371 4010 1643 4087 ἀειφανεῖς
1696 4009 1962 4083 λαμπτῆ-

317 4123 429 4179 ρες,
460 4101 551 4155 καὶ
599 4107 700 4170 τῆς
733 4095 1004 4163 εὐσεϐείας
1060 4097 1373 4173 διαπρύσιοι
1404 4101 1653 4175 γεγόνασι
1705 4102 1957 4175 κήρυκες,

318 4189 432 4265 βίῳ
456 4190 550 4244 καὶ
571 4187 726 4265 λόγῳ
755 4188 1110 4262 κρατύναντες
1139 4191 1239 4259 τήν
1271 4187 1582 4262 ἀλήθειαν),
1605 4188 1672 4244 τὰ
1701 4187 1962 4244 λείποντα

312 4283 398 4351 τῷ
433 4277 587 4354 λόγῳ
631 4279 945 4354 προσθεῖναι
991 4279 1172 4353 χρεών
1217 4278 1513 4353 ἡγησάμην
1560 4281 1739 4349 πάσης
1790 4279 1964 4344 αἰτίας

314 4367 620 4444 κρείττους,
661 4367 750 4423 καὶ
791 4368 969 4439 πάσης
1022 4363 1290 4438 διαϐολῆς
1347 4368 1650 4442 ἆνωτέρους
1678 4367 1806 4431 τοὺς
1861 4391 1958 4442 μα-

2144 3659 2216 3712 At
2245 3658 2518 3730 quoniam
2556 3663 2794 3731 propter
2822 3675 2926 3715 nos
2957 3658 3265 3716 nobiscum
3306 3658 3407 3730 qui
3457 3663 3590 3714 ante
3611 3675 3716 3715 nos

2070 3747 2252 3814 fuere,
2302 3748 2490 3804 sancti
2537 3764 2604 3805 ac
2647 3748 2798 3803 beati
2833 3748 3032 3804 Patres
3065 3748 3467 3820 periclitantur
3522 3749 3579 3802 in
3612 3765 3715 3804 ca-

2067 3839 2124 3893 lu
2139 3840 2356 3904 mniam
2387 3845 2445 3895 et
2474 3839 2694 3896 crimen
2717 3840 2931 3908 venire,
2961 3845 3024 3896 ut
3053 3840 3412 3912 Nicephorus
3455 3849 3505 3894 et
3536 3842 3712 3896 Tara-

2071 3926 2196 3982 sius
2227 3927 2380 3996 (nam
2413 3927 2473 3982 hi
2505 3943 2734 3998 quoque
2765 3944 2834 3983 ex
2855 3927 3057 3983 ordine
3085 3928 3231 3984 laico
3248 3929 3316 3984 ad
3343 3930 3716 3998 pontiﬁcatus

2073 4015 2372 4087 fastigium
2422 4017 2812 4086 pervenerint,
2858 4017 2958 4086 qui
3005 4016 3296 4072 memoria;
3337 4021 3546 4072 nostras
3597 4018 3717 4073 cla-

2071 4105 2310 4160 rissima
2354 4104 2598 4174 lumina,
2632 4105 2983 4177 pietatisque
3022 4105 3238 4177 egregii
3276 4121 3584 4176 praecones,
3620 4123 3714 4162 ve-

2071 4193 2300 4250 ritatem
2332 4198 2389 4250 et
2429 4194 2544 4250 vita
2569 4198 2625 4250 et
2654 4193 2843 4250 verbis
2873 4193 3313 4266 conﬁrmarunt)
3345 4211 3358 4249 :
3388 4195 3715 4251 existimavi

2072 4299 2200 4354 quae
2235 4287 2476 4354 restant,
2527 4283 2776 4339 orationi
2815 4288 3079 4354 oportere
3121 4281 3393 4354 adjungi;
3444 4284 3579 4338 dum
3622 4301 3714 4340 os-

2071 4373 2244 4428 tendo
2279 4372 2470 4428 beatos
2505 4372 2638 4429 illos
2685 4372 2840 4428 viros
2874 4372 3092 4429 crimen
3135 4387 3310 4429 omne
3355 4372 3610 4437 vincere,
3659 4377 3715 4428 et

317 4459 547 4534 καρίους
574 4458 815 4519 ἐκείνους
859 4455 1056 4533 ἄνδρας
1103 4456 1427 4522 ἐπιδεικνύς.
1463 4457 1523 4513 Ei
1556 4455 1603 4512 δ’
1633 4455 1745 4513 οὐδ’
1793 4457 1959 4514 ἄλλοι

2079 4462 2428 4517 calumniam
2462 4477 2696 4518 omnem
2719 4477 3016 4534 superare.
3060 4463 3221 4528 Quod
3263 4461 3313 4518 si
3346 4477 3419 4517 ne
3449 4461 3547 4517 alii
3580 4461 3712 4532 qui-

313 4548 457 4611 τινὶς
486 4545 713 4607 τούτους
748 4545 1030 4609 ὑπαιτίους
1062 4545 1314 4620 τολμῶσι
1349 4547 1528 4624 φάναι,
1567 4549 1630 4602 τὸ
1660 4545 1720 4602 ἔκ
1751 4546 1957 4604 λα’ίκῶν

319 4635 380 4692 δὲ
431 4637 567 4710 πρὸς
634 4636 934 4710 ἱερωσύνην
995 4634 1169 4691 ἐλθεῖν
1223 4635 1546 4712 κρατύνουσι
1602 4638 1958 4716 πρόσκομμα,

322 4726 634 4800 μέμφονται
695 4726 790 4798 μὲν
843 4726 929 4788 οἶς
982 4725 1045 4780 ού
1091 4725 1417 4802 μέμφονται.
1467 4728 1560 4782 Ἐκ
1612 4727 1816 4784 λαϊκῶν
1855 4729 1956 4807 γὰρ

318 4817 410 4871 καὶ
457 4811 606 4869 οὗτοι
645 4815 1031 4890 προήχθησαν.
1066 4815 1170 4876 Οὓς
1199 4813 1255 4870 δὲ
1282 4815 1450 4871 πάλιν
1477 4821 1704 4890 τιμῶσι,
1735 4818 1824 4872 καὶ
1872 4839 1957 4873 τε·

319 4907 550 4975 θήπασι,
587 4904 649 4958 τὸ
691 4906 872 4978 ψέγειν
910 4901 971 4957 ού
1012 4902 1322 4981 φεύγουσιν.
1373 4903 1528 4960 Ἀλλ’
1559 4906 1706 4960 οὗτοι
1769 4907 1958 4980 (Ταρά-

319 5013 438 5054 σιος
486 4992 554 5060 ἦν
611 4992 701 5046 καὶ
740 4993 1084 5071 Νικηφόρος)
1141 4991 1193 5048 ἔν
1254 4996 1506 5066 κοσμικῷ
1567 4992 1671 5068 βίῳ
1725 4992 1960 5069 ἆστὲρων

316 5079 478 5152 δίκην
511 5078 932 5154 ὃιαλάμποντες,
964 5081 1053 5135 καὶ
1085 5081 1220 5156 πρὸς
1259 5082 1537 5158 ἱερατικὴν
1585 5080 1766 5156 ἀρχὴν
1800 5103 1957 5159 γεγο-

312 5174 466 5233 νότες
505 5169 800 5226 ἀπόλεκτοι
851 5171 997 5245 παρὰ
1044 5171 1238 5226 κανόνα
1275 5171 1364 5224 καὶ
1411 5171 1578 5225 τύπον
1619 5172 1714 5227 τὸν
1760 5169 1959 5239 ἐκκλη-

322 5262 598 5317 σιαστικὸν
635 5267 734 5330 τῆς
789 5258 1117 5332 Ἐκκλησίας
1169 5259 1529 5336 προέστησαν.
1581 5263 1670 5332 Μή
1725 5281 1816 5333 μοι
1867 5263 1961 5338 γέ-

299 5361 468 5407 ’νοιτο
507 5349 768 5420 τοιαύτην
823 5349 1036 5425 ἀφεῖναι
1071 5351 1279 5424 φωνὴν,
1333 5346 1462 5421 μηδ’
1491 5347 1668 5404 ἄλλου
1709 5349 1962 5425 λέγοντος

319 5439 546 5496 ἀκοῦσαι
579 5458 592 5470 ο
645 5437 795 5493 οὗτοι
843 5440 946 5514 γὰρ
977 5442 1087 5494 τῶν
1128 5439 1369 5494 κανόνων
1415 5432 1654 5512 ἀκριϐεῖς
1702 5437 1960 5513 φύλακες,

319 5536 418 5600 τῆς
451 5523 724 5589 εὐσεϐείας
771 5526 1102 5604 ὑπέρμαχοι,
1133 5535 1238 5598 τῆς
1275 5525 1589 5588 δυσσεϐείας
1637 5530 1958 5605 κατήγοροι,

324 5626 610 5696 φωστῆρες
669 5615 722 5672 ἐν
781 5617 971 5692 κόσμῳ
1022 5618 1159 5673 κατὰ
1203 5617 1266 5672 τὸ
1326 5618 1468 5672 θεῖον
1530 5615 1741 5692 λόγιον,
1793 5617 1958 5694 λόγον

326 5713 473 5777 ζωῆς
502 5705 818 5781 ἐπέχοντες.
858 5705 928 5762 Ei
965 5703 1012 5761 δ’
1061 5705 1144 5763 ὅτι
1176 5705 1404 5769 κανόνας
1449 5705 1547 5770 οὓς
1595 5706 1694 5762 οὐκ
1740 5703 1960 5775 ἤδεισαν

2071 4552 2201 4607 dem
2236 4550 2340 4608 bos
2378 4552 2436 4606 in
2479 4551 2698 4608 crimen
2745 4567 2946 4607 vocare
2977 4551 3215 4620 audent,
3248 4550 3404 4621 quod
3459 4555 3652 4604 autem
3684 4566 3714 4604 e

2070 4639 2238 4696 laicis
2269 4641 2341 4695 ad
2388 4639 2793 4712 pontiﬁcatum
2844 4639 3234 4709 ascenderint,
3284 4639 3345 4694 in
3395 4638 3713 4694 offensione

2069 4734 2128 4783 et
2177 4728 2454 4786 scandalo
2487 4734 2747 4798 ponunt;
2783 4727 3217 4800 reprehendunt
3240 4742 3380 4783 sane
3409 4742 3558 4798 quos
3609 4741 3711 4780 nec

2069 4817 2543 4889 reprehendunt:
2581 4833 2712 4873 eam
2744 4818 2806 4873 hi
2845 4832 3074 4888 quoque
3102 4815 3235 4873 laici
3266 4820 3406 4872 sunt
3421 4814 3712 4887 producti,

2069 4920 2216 4976 quos
2261 4921 2490 4962 rursum
2535 4905 2592 4960 in
2658 4904 2876 4962 honore
2928 4905 3145 4961 habent
3200 4913 3254 4960 et
3304 4903 3712 4968 admiratione,

2067 5010 2268 5051 eorum
2303 5011 2420 5051 non
2464 4994 2695 5066 fugiunt
2732 4994 3231 5064 vituperationem.
3269 4998 3344 5049 At
3389 4994 3469 5062 hi,
3533 4994 3714 5049 Tara-

2069 5084 2194 5140 sius
2223 5087 2280 5140 et
2299 5083 2684 5156 Nicephorus,
2717 5083 2777 5140 in
2805 5082 2999 5140 seaculi
3022 5083 3139 5140 vita
3188 5087 3479 5139 astrorum
3525 5083 3714 5138 instar

2072 5172 2443 5238 collucentes,
2476 5171 2534 5226 in
2575 5173 2940 5228 sacerdotum
2972 5171 3238 5228 ordinem
3279 5170 3468 5227 allecti
3509 5175 3714 5226 contra

2071 5262 2333 5332 regulam
2380 5265 2436 5316 et
2481 5263 2724 5318 formam
2766 5261 3216 5318 ecclesiasticam
3267 5259 3532 5318 Ecclesiae
3565 5276 3710 5332 pra:-

2071 5351 2324 5407 fuerunt.
2358 5349 2528 5406 Absit
2557 5368 2589 5405 a
2621 5367 2732 5418 me,
2769 5355 2832 5406 ut
2865 5351 3012 5408 banc
3049 5353 3309 5407 emittam
3358 5365 3579 5417 vocem,
3613 5353 3711 5406 aut

2069 5439 2251 5496 alium
2281 5439 2404 5495 hac
2450 5439 2738 5496 dicentem
2779 5441 3038 5497 audiam.
3070 5440 3139 5496 Hi
3187 5441 3343 5496 enim
3384 5439 3707 5510 regularum

2071 5529 2326 5585 accurati
2387 5529 2543 5584 fuere
2581 5529 2871 5600 custodes,
2946 5537 3400 5601 prepugnatores
3454 5527 3704 5599 pietatis,

2069 5618 2384 5690 impietatis
2432 5623 2816 5686 accusatores,
2851 5619 3006 5676 orbis
3047 5625 3208 5676 terra:
3245 5618 3488 5685 lumina,
3530 5634 3597 5672 ex
3626 5618 3707 5672 di-

2068 5708 2221 5766 vinis
2243 5707 2494 5782 eloquiis
2536 5710 2772 5768 verbum
2821 5710 3150 5768 obtinentes
3189 5709 3335 5766 vita.
3369 5706 3531 5775 Quod
3573 5721 3705 5762 vero
