4090 6228
382 362 498 426 603

1585 359 1846 422 ΡΗΟἸἫ
1891 359 2411 422 PATRIARCH/E
2454 361 2570 425 GP.

3655 364 3778 426 604

382 496 634 570 regulas,
668 510 818 567 quas
863 509 982 551 non
1021 501 1236 551 norunt
1290 511 1407 552 non
1458 499 1804 552 servarunt:
1849 511 2020 551 nemo

2132 492 2234 547 οὐκ
2269 491 2553 570 ἐφύλαξαν,
2602 490 2784 556 οὐδεὶς
2816 491 2876 549 ἃν
2928 492 3114 550 δίκαια
3142 499 3316 550 ποιῶν
3357 494 3736 571 ἱπιμέμψοιτο
3769 515 3785 528 ·

376 603 474 643 eos
498 587 632 656 jure
657 584 1080 656 reprehendere
1112 589 1320 656 potest.
1355 585 1463 641 Sed
1497 585 1652 658 quod
1675 601 1876 642 eorum
1901 601 2025 656 quae

378 691 668 747 accepere,
725 675 997 731 custodes
1030 675 1283 746 fuerunt,
1325 675 1544 732 idcirco
1602 693 1636 732 a
1682 679 1795 732 Deo
1851 673 2027 746 glori-

381 767 538 823 ﬂcati
570 771 726 823 sunt.
759 768 906 823 Nam
947 783 1015 823 ea
1067 784 1199 840 quae
1229 768 1441 824 tradita
1484 776 1641 836 sunt,
1665 781 2027 824 conservare,

377 855 605 912 stabilis
622 861 710 912 est
725 857 954 924 mentis,
979 872 1046 914 ac
1064 858 1339 914 novitatis
1357 858 1620 914 studium
1639 855 2022 929 repudiantis.

381 947 450 1000 At
479 946 550 1001 de
577 946 649 1002 iis
669 963 797 1018 quas
820 963 934 1002 non
977 946 1292 1019 acceperis,
1337 947 1546 1019 legem,
1581 963 1691 1002 usu
1743 961 1859 1002 non
1890 945 2027 1002 hor-

381 1039 564 1107 tante,
598 1036 767 1105 l'erre,
798 1040 899 1092 aut
928 1036 1252 1093 custodiam
1285 1038 1560 1093 inducere
1592 1052 2022 1110 praeproperum

381 1125 645 1181 studium
677 1133 760 1181 est
791 1124 974 1181 animi
996 1141 1089 1182 res
1112 1142 1288 1182 novas
1311 1125 1627 1194 molientis,
1660 1129 1836 1198 atque
1866 1142 2025 1181 erra-

383 1213 583 1270 bundi.
636 1215 872 1288 Propria
918 1215 1074 1271 enim
1126 1215 1377 1287 quisque
1418 1232 1690 1273 mensura
1721 1233 1786 1272 ac
1825 1215 2026 1287 regula

382 1303 714 1361 continetur
745 1308 801 1361 et
828 1304 1121 1376 dirigitur.
1164 1303 1330 1360 Multi
1367 1321 1620 1363 canones
1658 1305 1786 1362 aliis
1824 1303 2023 1360 traditi

380 1399 539 1463 sunt,
573 1394 704 1450 aliis
737 1409 807 1450 ne
836 1393 952 1450 noti
987 1394 1226 1465 quidem
1251 1398 1411 1451 sunt.
1443 1395 1549 1460 Qui
1584 1395 1795 1465 accipit
1815 1399 1873 1450 et
1897 1395 2026 1453 vio—

379 1483 699 1555 lat,dignus
732 1482 833 1555 qui
865 1481 1236 1554 injudicium
1262 1483 1593 1542 indicatur:
1627 1485 1728 1556 qui
1749 1501 1883 1541 vero
1909 1504 2024 1545 non

383 1573 561 1639 novit,
593 1589 696 1628 nec
727 1572 954 1644 recipit,
986 1573 1278 1644 quomodo
1329 1573 1614 1630 obnoxius
1652 1579 1742 1630 est
1768 1576 1796 1630 ‘P
1834 1575 2024 1632 Multas

381 1676 612 1732 quoque
661 1661 818 1731 leges
835 1660 907 1716 ab
931 1661 1002 1715 iis
1033 1661 1250 1732 quibus
1289 1661 1577 1732 impositas
1607 1671 1789 1729 erant,
1837 1672 2025 1721 custo-

381 1750 514 1806 dita;
543 1753 701 1818 sunt,
733 1767 799 1805 ac
827 1749 1305 1805 demonstrarunt
1350 1751 1452 1806 Dei
1484 1751 1735 1808 famulos
1769 1769 1867 1808 eos
1897 1769 2025 1811 esse

2133 580 2263 638 ἀλλ’
2315 581 2398 638 ὅτι
2449 582 2686 658 φύλακες
2739 585 2812 639 ὧν
2871 581 3188 658 παρέϐαλον
3269 585 3679 662 ἐχρημάτισαν,
3733 586 3789 641 ἐν

2132 671 2310 745 τούτῳ
2349 675 2496 749 παρὰ
2542 678 2676 730 Θεοῦ
2722 671 3109 747 ἒδοξάσθησαν.
3144 676 3212 730 Τὸ
3269 677 3362 748 μὶν
3415 676 3518 753 γὰρ
3565 677 3636 732 τὰ
3692 675 3793 732 δο-

2137 759 2292 816 θέντα
2322 768 2602 836 συντηρεῖν
2636 764 2869 838 γνώμης
2915 762 3029 818 ἐστὶ
3062 765 3344 840 παθερᾶς,
3383 766 3474 820 καὶ
3522 768 3626 837 τὴν
3675 785 3796 822 και-

2133 852 2355 907 νοποιὸν
2396 854 2833 927 ἀποπεμπούσης
2878 852 3215 929 προαίρεσιν,
3244 854 3308 909 τὸ
3342 852 3389 910 δ’
3440 854 3501 910 ἃν
3535 856 3614 928 μή
3648 877 3794 931 παρ-

2134 939 2348 1020 είληφε,
2391 942 2579 1019 χρείας
2643 944 2719 1017 μή
2764 941 3043 1014 καλούσης
3096 945 3431 1017 νομοθετεῖν,
3481 945 3517 1014 ἢ
3569 945 3792 1019 φυλάτ-

2130 1053 2240 1088 τειν
2293 1032 2616 1112 ἐπιχειρεῖν,
2675 1037 3072 1109 νεωτεροποιοῦ
3131 1031 3375 1096 διανοίας
3432 1035 3520 1090 καὶ
3583 1030 3789 1110 ῥεμϐο-

2137 1123 2300 1196 μένης
2332 1122 2446 1179 ἐστὶ
2467 1124 2896 1197 περισσεύματα.
2922 1121 3121 1198 Μέτρῳ
3161 1123 3266 1198 γὰρ
3297 1121 3522 1186 ἕκαστος
3561 1124 3785 1197 οἰκείῳ,

2131 1211 2222 1267 καὶ
2252 1213 2437 1269 κανόνι
2495 1212 2784 1289 συνέχεται
2841 1235 2902 1269 τε
2958 1213 3050 1268 καὶ
3099 1213 3499 1271 κατευθύνεται.
3559 1212 3785 1270 Πολλοὶ

2131 1302 2349 1364 κανόνες
2416 1300 2612 1365 ἄλλοις
2670 1303 2764 1375 μὲν
2823 1300 3236 1379 παραδέδονται,
3297 1303 3500 1375 ἑτέροις
3555 1300 3612 1358 δδ
3651 1300 3786 1359 οὐδὲ

2130 1391 2420 1464 γνώριμοι.
2456 1395 2512 1446 '0
2559 1386 2892 1465 παραλαϐὼν
2923 1391 3014 1445 καὶ
3064 1392 3288 1455 ἀθετῶν,
3337 1388 3495 1462 δίκης
3525 1389 3672 1462 ἄξιος
3698 1435 3714 1449 .
3751 1391 3781 1446 6

2134 1476 2191 1534 δὲ
2233 1477 2363 1552 μηδ’
2415 1479 2694 1554 ἐγνωκὼς,
2725 1479 2759 1549 ἢ
2813 1481 2891 1553 μὴ
2937 1477 3398 1554 παραδεξάμενος,
3444 1485 3566 1544 πῶς
3623 1480 3784 1536 ὑπεύ-

2133 1571 2329 1639 θυνοςς
2377 1567 2587 1625 Πολλαί
2631 1567 2688 1624 δὲ
2716 1571 2805 1625 καὶ
2849 1569 3192 1642 νομοθεσίαι,
3233 1570 3321 1631 οἷς
3369 1569 3463 1642 μὲν
3521 1568 3783 1640 ἐτέθησαν

2134 1657 2547 1737 ἐφυλάχθησαν,
2605 1661 2696 1714 καί
2765 1663 2900 1715 Θεοῦ
2957 1658 3286 1733 θεράποντας
3351 1657 3481 1721 τούς
3530 1658 3780 1738 φύλακας

2134 1746 2491 1816 ἐπεδείξαντο.
2524 1748 2588 1803 Οἱ
2639 1744 2694 1802 δὲ
2727 1751 2804 1820 μή
2853 1745 3284 1824 παρειληφότες,
3333 1747 3424 1801 καὶ
3476 1744 3568 1802 διὰ
3613 1751 3782 1802 τοῦτο

382 1839 480 1911 qui
511 1839 912 1895 custodierunt
954 1855 967 1893 :
1014 1839 1114 1911 qui
1147 1855 1278 1896 vero
1311 1855 1425 1896 non
1459 1847 1828 1913 acceperunt,
1864 1844 2020 1900 ideo-

2138 1833 2279 1908 μηδὲ
2301 1835 2395 1891 τὸν
2421 1840 2545 1892 νοῦν
2583 1836 2718 1911 πρὸς
2759 1836 2900 1892 αὐτὰ
2935 1820 3378 1911 ἐπιστρέψαντες,
3410 1833 3567 1892 οὐδὲν
3617 1831 3783 1890 ἕλατο

379 1944 489 2000 que
527 1928 787 1984 animum
819 1929 893 1985 ad
921 1944 990 1985 ea
1033 1945 1148 1985 non
1189 1931 1586 1998 adverterunt,
1639 1931 2025 1989 nihilominus

380 2019 494 2074 Deo
517 2018 796 2074 amabiles
827 2033 956 2074 esse
977 2018 1192 2090 cogniti
1211 2024 1366 2077 sunt.

451 2109 634 2179 Atque
663 2109 723 2164 in
760 2108 1033 2165 manibus
1061 2114 1203 2165 sunt
1250 2112 1535 2184 exempla.
1587 2111 1879 2169 Abraham
1918 2113 2024 2170 cir-

379 2197 698 2266 cumcisus,
723 2199 1167 2256 incircumcisus
1191 2199 1633 2269 Melchisedech,
1656 2201 1757 2274 qui
1779 2203 1850 2258 ad
1873 2204 2026 2259 simi-

378 2285 688 2343 litudinem
740 2287 867 2343 Filii
914 2288 1037 2356 Dei,
1086 2296 1140 2345 et
1201 2289 1555 2361 principium
1609 2295 1771 2348 ortus
1819 2291 1912 2347 sui
1968 2295 2026 2348 et

378 2376 554 2432 finem
600 2377 802 2433 habuit
847 2377 1236 2449 incognitum.
1288 2380 1591 2436 Enimvero
1627 2382 1874 2438 Abrahae
1922 2399 2022 2438 cn-

382 2463 633 2519 stodiam
680 2464 1149 2520 circumcisionis
1195 2465 1448 2536 probans
1484 2466 1682 2536 Deus;
1729 2483 2021 2540 nusquam

381 2556 626 2623 apparet
647 2553 762 2622 ipsi
793 2553 1220 2611 Melchisedech
1252 2558 1738 2628 transgressionis
1769 2557 2023 2616 inferens

381 2641 905 2711 exprobrationem.
941 2641 1055 2697 Nec
1090 2657 1223 2698 vero
1282 2644 1592 2715 quisquam
1642 2645 1798 2701 hunc
1874 2647 2020 2719 legis

374 2727 601 2785 violatae
642 2744 895 2800 unquam
944 2732 1261 2801 accusabit,
1305 2738 1408 2788 aut
1454 2733 1643 2806 illum,
1676 2734 1835 2807 quod
1876 2736 2021 2792 faci-

374 2835 485 2876 nus
521 2819 986 2877 circumclsionis
1033 2837 1211 2879 ausus
1261 2823 1355 2880 sit.
1389 2823 1496 2890 Qui
1539 2841 1636 2881 eos
1682 2826 2020 2884 insimulare

376 2908 533 2978 velit,
575 2911 976 2981 redarguetur.
1019 2913 1207 2984 Atque
1249 2915 1548 2985 prognatis
1590 2931 1658 2972 ex
1700 2918 2016 2987 Abraham,

374 2997 482 3070 qui
511 3014 637 3054 eam
683 2998 869 3071 legem
909 3001 969 3056 in
1010 3002 1202 3058 sinum
1249 3010 1546 3077 acceperat
1576 3021 1771 3077 suum,
1818 3008 2024 3064 mortis

2135 1946 2230 1980 τον
2287 1925 2562 2004 θεοφιλεῖς
2609 1925 3040 2004 ἐγνωρίσθησαν,
3105 1926 3198 1981 καὶ
3257 1926 3396 1982 κατᾶ
3461 1931 3657 2004 χεῖρας
3720 1925 3787 1981 τά

2134 2016 2568 2092 παραδείγματα.

2204 2108 2323 2162 Ἵνα
2354 2105 2411 2161 δὲ
2458 2107 2523 2161 τὰ
2549 2103 2694 2162 ἄλλα
2737 2104 2902 2176 ἐάσω,
2948 2107 2977 2160 6
3026 2107 3122 2179 μὲν
3172 2101 3429 2181 Ἀϐραὰμ
3474 2105 3785 2179 ἐμπερίτο-

2136 2215 2259 2268 μσς,
2289 2196 2389 2264 την
2421 2196 2723 2269 περιτομὴν
2766 2193 2818 2266 ἐξ
2867 2193 3096 2265 ἐντολῆς
3131 2195 3276 2258 θείας
3326 2195 3402 2260 εἷς
3448 2195 3781 2268 νομοθεσίαν

2133 2282 2440 2358 δεξάμενος,
2485 2284 2858 2358 ἀπερίτμητος
2889 2281 2945 2340 δὲ
2989 2285 3017 2339 ὁ
3049 2281 3413 2360 Μελχισεδὲκ,
3447 2284 3510 2346 ὃς
3561 2283 3639 2346 εἷς
3669 2285 3778 2357 ἄφε-

2132 2375 2397 2446 ομοίωσιν
2423 2377 2519 2430 τοῦ
2545 2374 2674 2428 Υὶοῦ
2697 2378 2795 2430 τοῦ
2825 2377 2979 2444 Θεοῦ,
3006 2373 3096 2429 καὶ
3128 2375 3230 2442 τὴν
3261 2373 3441 2449 ἀρχὴν
3480 2378 3583 2444 τῆς
3616 2377 3776 2450 γενέ-

2131 2483 2286 2532 σεως,
2317 2463 2407 2517 καὶ
2443 2463 2507 2517 τὸ
2551 2463 2712 2525 τέλος
2741 2459 2898 2539 ἔσχεν
2955 2464 3258 2538 ἄγνωστον.
3286 2461 3465 2519 ’Δλλά
3519 2464 3622 2531 τήν
3677 2467 3777 2518 τοῦ

2132 2548 2380 2628 Ἀϐραὰμ
2435 2555 2534 2622 τῆς
2597 2560 2905 2628 περιτομῆς
2960 2551 3208 2630 φυλακὴν
3268 2551 3686 2628 ἀποδεχόμενος
3749 2553 3778 2608 6

2129 2644 2284 2711 Θεὸς,
2315 2639 2561 2716 οὐδαμοῦ
2618 2642 2863 2722 φαίνεται
2891 2647 2972 2715 τῷ
3031 2639 3378 2717 Μελχισεδὲκ
3415 2637 3778 2718 παραϐάσεως

2129 2731 2398 2809 ἐπιφέρων
2428 2730 2760 2805 ὀνειδισμὸν,
2811 2731 2957 2788 ἄλλά
2999 2730 3096 2788 κᾶν
3145 2733 3250 2789 πού
3297 2753 3381 2788 τιν
3416 2730 3575 2789 αὺτὸν
3608 2752 3782 2808 παρα-

2127 2823 2325 2896 νομίας
2367 2823 2636 2898 γράψοιτο
2697 2824 2933 2899 γραφήν,
2972 2821 3134 2877 αὐτὸν
3193 2821 3431 2895 μᾶλλον,
3477 2823 3511 2892 ἢ
3569 2820 3780 2877 ἐκεῖνον

2129 2912 2237 2985 (ὅτι
2291 2916 2455 2967 τοῦτο
2514 2910 2735 2986 τολμῶ)
2790 2911 3244 2987 ἐξελεγχθήσεται
3291 2912 3588 2989 γεγραφώς.
3635 2911 3776 2965 Καί-

2124 3023 2208 3056 τοι
2251 3021 2311 3076 γε
2356 3006 2473 3065 τοῖς
2530 3001 2579 3071 ἐξ
2632 2997 2888 3077 Ἀϐραὰμ
2945 3001 3378 3079 γεγεννημένους,
3408 3001 3491 3055 καὶ
3543 3002 3776 3055 τουτονὶ

371 3104 542 3160 pcena
589 3090 883 3160 proposita
929 3095 1072 3157 erat,
1117 3092 1167 3148 si
1220 3093 1352 3164 quis
1394 3099 1795 3168 transgressus
1837 3102 2014 3167 esset,

2132 3091 2218 3146 τὸν
2251 3091 2424 3164 νόμον
2455 3089 2988 3166 ἐγκολπωσαμένοις,
3030 3092 3258 3154 θάνατος
3283 3092 3350 3161 ἦν
3399 3098 3434 3160 ῆ
3466 3089 3636 3163 ζημία
3683 3094 3775 3164 τῷ

370 3194 499 3250 quae
520 3195 635 3235 non
669 3179 740 3235 ab
757 3179 1095 3238 hominibus
1119 3183 1290 3239 modo
1313 3184 1686 3255 inferebatur,
1721 3189 1823 3245 sed
1846 3191 2015 3247 etiam

2132 3177 2452 3255 παραϐάντι,
2513 3181 2612 3238 οὐκ
2667 3181 2716 3252 ἐξ
2777 3183 3076 3256 ἀνθρώπων
3158 3181 3326 3254 μόνον
3401 3177 3778 3256 ἐπαγόμενος,

371 3269 697 3326 vehementi
737 3269 1002 3342 ipsorum
1039 3272 1375 3343 angelorum
1416 3275 1906 3337 interminatione.
1947 3280 2017 3336 Et

371 3373 506 3412 cum
549 3358 607 3411 in
657 3374 724 3414 eo
767 3359 1056 3416 Abraham
1096 3369 1150 3418 et
1187 3363 1609 3422 Melchisedech
1642 3367 2014 3441 dissiderent,

373 3450 598 3514 gratam
629 3446 688 3500 in
733 3462 1103 3505 communem
1139 3451 1454 3508 Dominum
1499 3461 1756 3512 mentem
1787 3475 1852 3514 ac
1891 3458 2014 3530 pie-

370 3537 542 3589 tatem
573 3538 631 3590 et
660 3535 1023 3592 consimilem
1053 3539 1205 3594 inter
1232 3555 1294 3595 se
1323 3541 1546 3598 cultum
1584 3546 1906 3603 servabant.
1935 3549 2017 3604 Ex

375 3622 589 3694 quibus
622 3624 814 3680 neutri
836 3625 907 3681 ab
955 3625 1136 3683 altero
1169 3627 1504 3701 vituperatio
1541 3632 2013 3710 impingebatur;

373 3713 473 3768 sed
524 3712 584 3769 in
615 3712 941 3786 potissimis
973 3715 1144 3773 rebus
1183 3721 1659 3780 constantissime
1703 3725 1854 3783 inter
1890 3743 2009 3797 eos,

371 3805 430 3858 et
477 3801 535 3857 in
582 3817 773 3860 rerum
818 3821 1097 3864 novarum
1145 3809 1340 3868 studio
1375 3810 1562 3869 aliena
1599 3815 1844 3873 societas
1895 3835 2012 3875 non

372 3891 602 3950 sinebat
639 3898 976 3952 ceterarum
1016 3913 1207 3956 rerum
1241 3901 1554 3960 discrimen
1595 3905 1878 3963 curiosius
1924 3909 2011 3966 in-

369 3984 540 4038 tueri.
579 3983 724 4040 Nam
757 4001 954 4044 revera
991 3990 1327 4046 communia
1368 3995 1643 4050 omnibus
1682 4001 1842 4068 sunt,
1887 4015 2015 4070 quas

370 4088 576 4130 omnes
614 4075 904 4132 custodire
934 4093 1171 4136 necesse
1201 4084 1310 4150 est,
1346 4086 1401 4137 et
1441 4087 1577 4140 ante
1615 4084 1728 4142 alia
1771 4103 1898 4158 qua:
1943 4088 2014 4146 de

369 4160 484 4218 ﬁde
517 4161 818 4235 habemus,
851 4166 952 4222 ubi
983 4167 1068 4224 vel
1086 4169 1325 4241 paulum
1354 4169 1666 4244 declinare,
1689 4179 1779 4230 est
1809 4177 2012 4233 morti-

369 4250 490 4307 fero
521 4268 582 4307 se
614 4251 842 4324 piaculo
880 4255 1260 4330 obstringere.
1302 4259 1572 4324 Quadam
1618 4264 1846 4336 proprie
1868 4265 2014 4323 alios

366 4347 828 4414 consequuntur,
854 4361 1104 4416 quorum
1128 4348 1538 4416 praetermissio
1559 4351 1644 4406 eis
1667 4353 1916 4410 multam
1935 4356 2015 4411 af-

2126 3270 2273 3327 ἀλλὰ
2301 3272 2388 3326 καὶ
2437 3273 2564 3346 παρ’
2611 3270 2786 3327 αὐτῶν
2834 3269 3080 3346 ἀγγέλων
3128 3268 3379 3348 σφοδρῶς
3427 3269 3773 3341 ἀπειλούμε-

2123 3382 2237 3424 νος.
2271 3360 2430 3418 Ἀλλ’
2459 3361 2511 3416 ἔν
2561 3381 2624 3434 γε
2662 3362 2840 3433 τούτῳ
2887 3357 3139 3435 Ἀϐραάμ
3180 3381 3239 3417 τε
3279 3361 3370 3416 καὶ
3419 3357 3778 3436 Μελχισεδὲκ

2125 3447 2530 3528 διαφερόμενοι,
2581 3451 2680 3519 τήν
2731 3450 2807 3513 εἷς
2855 3450 2946 3505 τὸν
2996 3449 3177 3505 κοινὸν
3227 3450 3504 3518 Δεσπότην
3553 3448 3774 3523 εὐγνω-

2129 3541 2364 3615 μοσύνην
2420 3562 2479 3596 τε
2543 3540 2632 3596 καὶ
2692 3540 2941 3617 λατρείαν
3015 3538 3416 3617 παραπλησίως
3482 3537 3769 3610 ἀλλήλοις

2126 3629 2401 3703 διέσωζον,
2426 3632 2477 3703 ἐξ
2509 3633 2581 3687 ὧν
2615 3629 2884 3706 οὐδετέρῳ
2914 3632 3058 3704 παρᾶ
3088 3632 3316 3707 θατέρου
3360 3633 3557 3703 μῶμος
3585 3649 3772 3703 προσ-

2124 3723 2349 3793 ήπτετο.
2399 3719 2560 3778 Ἀλλ’
2601 3722 2705 3798 ἥγε
2751 3718 2802 3775 ἐν
2849 3725 2967 3782 τοῖς
3023 3720 3408 3794 καιριωτάτοις
3457 3715 3668 3796 σφοδρά
3706 3739 3776 3774 τε

2122 3811 2212 3866 καὶ
2244 3809 2678 3884 ἂκαινοτόμητος
2706 3808 2983 3879 κοινωνία,
3013 3810 3112 3880 τήν
3163 3807 3216 3864 ἐν
3247 3813 3364 3871 τοῖς
3409 3807 3635 3871 λοιποῖς
3666 3809 3776 3864 οὐκ

2123 3900 2206 3957 εί¹α
2245 3905 2464 3957 σκοπεῖν
2507 3921 2566 3956 τε
2613 3899 2704 3954 καὶ
2755 3898 3233 3974 πολυπραγμονεῖν
3281 3896 3600 3973 ἑτερότητα.
3663 3899 3773 3953 Καὶ

2120 3991 2224 4069 γάρ
2279 3991 2421 4047 ἐστιν
2487 3989 2657 4052 ὅντως
2725 3991 2878 4045 κοινὰ
2954 3995 3140 4057 πᾶσιν,
3198 3991 3408 4044 ἅπαντα
3474 3987 3773 4063 φυλάττειν

2122 4079 2443 4158 ἐπάναγκες,
2470 4080 2559 4134 καὶ
2609 4079 2716 4156 πρό
2745 4099 2808 4153 γε
2852 4081 2960 4133 τῶν
2989 4075 3179 4134 ἄλλων
3227 4077 3294 4131 τὰ
3335 4076 3459 4152 περὶ
3508 4074 3776 4146 πίστεως,

2121 4166 2246 4225 ἔνθα
2303 4169 2392 4224 καὶ
2449 4169 2511 4225 τὸ
2567 4166 2930 4244 παρεγκλῖναι
3006 4167 3222 4242 μικρὸν,
3297 4166 3560 4239 ἁμαρτεῖν
3625 4163 3776 4219 ἐστιν

2122 4259 2390 4334 ἁμαρτίαν
2447 4260 2550 4329 τὴν
2605 4259 2744 4333 πρὸς
2799 4259 3044 4314 θάνατον.
3088 4263 3244 4313 ’Ἐστι
3299 4255 3391 4311 καὶ
3447 4253 3779 4324 ἰδιαζόντως

2120 4351 2230 4406 τισὶ
2287 4349 2655 4424 παρεπόμενα,
2700 4349 2773 4402 ὧν
2831 4349 2867 4417 ἡ
2927 4341 3256 4420 παράϐασις,
3305 4346 3390 4408 οἷς
3447 4345 3545 4417 μὲν
3600 4340 3774 4413 ἐδόθη

369 4430 481 4487 lert
502 4430 717 4502 quibus
747 4431 849 4489 illa
871 4435 1123 4491 tenenda
1139 4441 1312 4492 sunt:
1346 4437 1446 4509 qui
1475 4456 1608 4496 vero
1639 4458 1754 4497 non
1777 4460 2012 4517 accepe-

2132 4439 2468 4514 κατέχεσθαι,
2503 4438 2795 4510 ἐπιζήμιος
2826 4455 2841 4472 ο
2905 4438 2988 4497 οἷς
3021 4434 3070 4491 δ’
3107 4434 3171 4490 οὐ
3225 4433 3627 4507 παρείληπται,
3674 4430 3776 4486 καὶ

368 4527 528 4591 runt,
551 4521 610 4578 hi
635 4527 941 4597 propterea
959 4528 1106 4596 quod
1134 4543 1246 4583 non
1273 4529 1746 4605 observaverunt,
1770 4536 2015 4594 minime

369 4614 852 4672 condemnanlur.
874 4618 942 4670 Et
957 4631 1086 4689 qua:
1115 4618 1494 4677 mcumenicls
1524 4625 1582 4677 et
1602 4625 2020 4684 communibus

367 4706 652 4773 praecepta
707 4708 844 4760 sunt
910 4706 1205 4778 suffragiis
1274 4709 1540 4765 convenit
1607 4711 1680 4768 ab
1743 4715 2020 4773 omnibus

371 4791 692 4874 custodiri:
725 4809 852 4866 quas
890 4810 1022 4852 vero
1052 4800 1294 4852 Patrum
1341 4795 1554 4870 aliquis
1593 4803 1883 4874 exposuit.
1915 4821 2020 4860 au-

374 4871 606 4929 ctoralis
636 4873 898 4933 deﬁnivit
935 4881 1214 4951 synodus,
1256 4895 1455 4938 eorum
1487 4882 1585 4954 qui
1625 4871 1871 4955 servant,
1903 4903 2020 4944 non

369 4958 554 5016 efﬁcis
575 4965 1043 5034 superstitiosam
1070 4973 1325 5026 mentem
1351 4987 1364 5026 :
1400 4972 1499 5044 qui
1517 4976 1710 5031 autem
1736 4992 1854 5032 non
1869 4993 2024 5035 acce-

369 5054 601 5121 perunt,
657 5067 725 5108 ea
781 5057 1069 5125 praeterire
1127 5059 1253 5118 sine
1295 5061 1552 5132 periculo
1608 5069 1875 5136 possunt.
1928 5067 2021 5124 Sic

371 5139 600 5196 tonderi
654 5139 785 5198 aliis
852 5146 1104 5214 patrium
1161 5153 1268 5219 est,
1325 5149 1459 5209 aliis
1520 5155 1797 5227 synodica
1841 5157 2018 5213 etiam

372 5228 714 5287 definitione
743 5232 1163 5304 abjiciendum.

436 5318 612 5376 Bonis
641 5320 794 5378 enim
822 5323 1014 5380 verbis
1055 5325 1174 5382 hoc
1203 5327 1318 5384 dlci
1356 5333 1685 5402 oportebat,
1721 5339 1784 5392 ut
1813 5339 1869 5392 et
1917 5342 2023 5393 nos

366 5406 646 5468 diximus.
694 5410 856 5476 Quod
921 5413 973 5470 si
1023 5429 1158 5472 eum
1198 5432 1502 5490 canonem,
1567 5424 1664 5496 qui
1693 5424 1754 5480 in
1784 5425 1862 5498 (3)
1889 5425 2023 5484 Sida

2125 4528 2188 4584 τὸ
2247 4529 2325 4602 μὴ
2386 4532 2688 4602 συντηρεῖν,
2721 4526 3100 4600 ἀκατάκριτον.
3137 4524 3235 4581 Καὶ
3294 4522 3364 4579 τὰ
3422 4523 3521 4596 μὶν
3583 4520 3780 4576 οἰκου-

2133 4625 2378 4694 μενικαῖς
2406 4618 2496 4673 καὶ
2543 4622 2755 4679 κοιναῖς
2785 4615 3097 4673 τῦπωθέντα
3145 4616 3377 4692 ψήφοις,
3418 4618 3552 4668 πᾶσι
3600 4631 3782 4687 προσ-

2131 4711 2253 4780 ήκει
2309 4706 2690 4785 φυλάττεσθαι.
2747 4712 2814 4762 ‘A
2879 4702 2939 4760 δέ
2991 4725 3077 4767 τις
3133 4709 3246 4762 τῶν
3304 4703 3562 4778 Πατέρων
3619 4698 3784 4766 ἰδίως

2129 4796 2354 4868 ἐξέθετο,
2396 4796 2432 4865 ἢ
2461 4796 2662 4865 τοπικὴ
2695 4792 2986 4869 διωρίσατο
3018 4790 3262 4863 σύνοδος,
3291 4797 3402 4848 τῶν
3436 4791 3537 4865 μὶν
3567 4788 3786 4870 φυλατ-

2127 4885 2333 4943 τόντων
2363 4887 2462 4956 τήν
2512 4886 2738 4961 γνώμην
2799 4883 2862 4939 οὐ
2901 4884 3199 4956 παρίστησι
3249 4877 3650 4954 δεισιδαίμονα.
3709 4880 3787 4936 οὗ

2135 4978 2242 5052 μὴν
2271 4980 2388 5037 τοῖς
2417 4985 2481 5051 γε
2531 4975 2608 5048 μὴ
2656 4971 3117 5050 παραδεξαμένοις
3159 4971 3224 5028 τὸ
3271 4973 3516 5046 παρορᾷν
3569 4967 3788 5026 ἐπικίν-

2132 5062 2308 5123 δυνον,
2353 5063 2539 5123 Οὕτων
2589 5064 2838 5140 ξυρᾶσθαι
2873 5063 2969 5137 μὶν
3014 5060 3210 5124 ἄλλοις
3264 5062 3518 5135 πάτριον,
3566 5060 3788 5133 ἑτέροις

2133 5152 2190 5211 δὲ
2220 5157 2311 5210 καὶ
2343 5152 2652 5215 συνοδικοῖς
2682 5152 2832 5229 ὅροις
2872 5148 3214 5223 ἀπόϐλητον.

2203 5331 2487 5412 Εύφήμως
2536 5329 2595 5388 Si
2637 5331 2730 5386 τὸν
2777 5328 2940 5406 λόγον
2974 5329 3144 5386 εἰπεῖν
3193 5325 3322 5398 ἔδει,
3362 5325 3454 5383 καὶ
3498 5325 3729 5399 εἴπομεν
3761 5343 3782 5361 ο

2133 5423 2180 5479 εἰ
2210 5421 2268 5480 δὶ
2309 5423 2399 5479 καὶ
2442 5423 2532 5479 τὸν
2561 5420 2614 5479 έν
2664 5417 2798 5494 Σίδῃ
2847 5420 3049 5477 κανότα
3083 5416 3441 5492 προσέθεμιν,
3487 5418 3677 5492 βαρεῖς
3709 5416 3781 5472 ἂν

1944 5568 2182 5628 ΝΟΤΔΕ.

435 5662 515 5736 (3)
542 5661 792 5720 Videtur
819 5662 1064 5723 obscure
1103 5682 1292 5736 orare,
1327 5673 1392 5726 ut
1431 5671 1790 5732 misericordi
1819 5674 2014 5734 indul-

363 5734 560 5808 gentia
576 5741 635 5797 et
652 5735 1093 5810 dispensatione
1109 5734 1283 5800 sedis
1295 5743 1623 5815 apostolica:
1643 5747 1902 5820 episcOpi
1917 5763 2019 5806 no-

2125 5691 2259 5734 men
2289 5674 2549 5734 obtineat
2563 5675 2621 5732 et
2639 5672 3006 5747 dignitatem,
3027 5687 3165 5747 cum
3186 5669 3588 5747 suspicaretur
3610 5669 3791 5747 Igna-

2123 5747 2272 5805 tium
2301 5747 2638 5807 restitutum
2686 5739 2779 5804 iri.
2809 5744 2900 5802 Sic
2941 5739 3256 5803 concilium
3294 5739 3667 5814 'Ephesinuni
3699 5739 3781 5798 de
