4090 6228
320 395 441 462 605

1585 397 2139 462 EPISTOLARUM
2185 398 2416 460 LIBER
2459 401 2513 461 Ι.

3612 407 3734 476 606

323 535 414 590 καὶ
472 532 596 591 λίάν
667 534 916 614 φορτικοὶ
982 534 1375 611 κατεφάνημεν.
1435 533 1594 593 Οὕτω
1651 532 1798 603 πλὴν
1875 535 1957 587 τοῐ

2087 531 2599 605 preposuissemus
2617 551 2630 601 ;
2645 548 2846 606 graves
2866 537 3038 607 atque
3053 535 3373 609 importuni
3387 537 3726 597 fuissemus.

325 625 442 686 ἑνὸς
491 624 561 679 τὰ
607 621 755 680 ἄλλα
808 619 1066 680 Σάϐϐατα
1115 629 1396 699 συντηρεῖν
1427 627 1563 698 ¹ἡμῖν
1604 622 1967 697 ἐπιλήψιμον,

325 711 534 788 ἑτέροις
575 710 630 768 δὲ
679 714 768 768 καί
818 716 918 768 τοῦ
968 713 1086 776 ἑνὸς
1125 713 1302 768 πλείω
1341 714 1672 784 νηστεύεται,
1717 712 1814 768 Καὶ
1843 709 1967 789 φεύ-

322 821 436 877 γειν
483 801 581 870 τὴν
637 801 842 875 μέμψιν
891 803 926 871 ἡ
966 799 1265 876 παράδοσις
1315 801 1484 858 οἷέται
1542 806 1622 874 τῷ
1669 797 1773 858 ἔθει
1803 820 1965 855 καται-

324 896 542 965 κρατεῖν
587 894 684 946 τοῦ
727 891 949 953 κανόνος
992 891 1334 962 ἐκνικήσασα.
1385 891 1484 948 Καὶ
1541 890 1767 966 νομίμῳ
1806 891 1966 966 γάμῳ

325 980 544 1056 γυναικὶ
598 978 926 1058 συναφθέντα
966 978 1064 1036 οὑκ
1113 978 1252 1036 ἔστιν
1299 983 1471 1057 εὑρεῖν
1523 979 1576 1037 ἒν
1621 981 1807 1054 Ῥώμῃ
1839 999 1967 1052 πρε-

328 1064 608 1144 σϐύτερον,
640 1071 803 1143 ἡμεῖς
836 1066 894 1124 δὲ
922 1069 1010 1125 καὶ
1049 1069 1176 1134 τοὺς
1229 1070 1537 1148 μονογαμίᾳ
1577 1070 1667 1126 τὸν
1721 1070 1836 1144 βίον
1867 1070 1968 1144 ῥυ-

328 1157 620 1233 θμίζοντας
671 1158 748 1221 είς
806 1155 1170 1236 πρεσϐυτέρου
1237 1159 1412 1234 φέρειν
1486 1159 1694 1235 βαθμὸν
1790 1155 1967 1214 ἐδιδά-

325 1250 565 1327 χθημεν,
598 1249 688 1303 καί
717 1249 846 1311 τούς
884 1270 946 1326 γε
976 1246 1413 1324 διακρινομένους
1459 1247 1510 1320 ἐξ
1560 1250 1735 1304 αὐτῶν
1777 1243 1964 1304 λαϐεῖν

320 1341 419 1393 τοῦ
469 1341 748 1411 Κυριακοῦ
800 1338 1061 1412 σώματος
1107 1340 1207 1408 τὴν
1262 1337 1570 1413 μετάληψιν
1629 1337 1968 1414 πανταχόθεν

319 1425 691 1501 ἇποκλείομεν
742 1425 794 1499 ἐξ
834 1426 976 1496 ἴσου,
1019 1429 1148 1490 τούς
1203 1449 1260 1484 τε
1307 1426 1560 1501 πορνείαν
1607 1429 1969 1501 νομοθετοῦν-

321 1537 443 1586 τας,
477 1516 724 1580 καὶτοὺς
763 1517 942 1593 γάμου
971 1519 1142 1591 νόμον
1192 1517 1540 1594 ἀναιροῦντας
1590 1515 1964 1594 λογιζόμενοι.

325 1605 500 1662 Πάλιν
533 1604 594 1663 ἄν
617 1627 702 1670 τις
732 1610 858 1682 παρ’
890 1609 1026 1679 ἡμῖν
1069 1609 1170 1677 τήν
1200 1611 1296 1662 τοῦ
1343 1601 1709 1682 πρεσϐυτέρου
1760 1607 1966 1680 παρελ-

325 1695 435 1751 θὼν
489 1697 836 1775 χειροτονίαν
900 1697 1000 1766 τὴν
1053 1701 1150 1752 τοῦ
1207 1695 1504 1752 ἐπισκόπου
1585 1702 1665 1769 τῷ
1733 1693 1968 1770 διακόνῳ

2081 625 2166 680 Ita
2211 627 2418 694 praeter
2467 639 2671 694 unum,
2717 623 2832 679 alia
2879 625 3134 682 Sabbata
3180 627 3509 696 observare,
3555 631 3727 687 nobis

2079 711 2532 784 reprehensione
2569 729 2680 769 non
2713 716 2889 782 caret,
2913 713 3045 770 aliis
3073 731 3205 772 vero
3242 716 3407 788 plura
3440 719 3726 790 unojeju-

2086 807 2320 870 nantur,
2362 819 2429 859 ac
2471 804 2703 860 traditio
2749 808 2912 875 putat
2949 820 3012 859 se
3055 805 3308 877 effugere
3353 807 3724 878 vituperatio-

2084 907 2237 959 nem,
2276 909 2400 964 quas
2448 893 2868 949 consuetudine
2910 909 3192 950 canonem
3243 896 3498 964 pervicit,
3540 913 3726 969 eoque

2079 981 2266 1053 potior
2296 980 2421 1036 fuit.
2448 981 2747 1052 Legitimis
2775 981 2996 1053 nuptiis
3020 983 3315 1055 presbyter
3341 984 3533 1040 Romae
3559 987 3722 1043 uxori

2078 1071 2421 1142 conjunotus
2453 1086 2564 1126 non
2603 1069 2899 1126 invenitur
2933 1087 2946 1126 :
2983 1088 3085 1127 nos
3114 1087 3246 1128 vero
3291 1088 3389 1129 eos
3417 1073 3516 1145 qui
3548 1076 3721 1132 unico

2077 1158 2346 1230 conjugio
2377 1158 2506 1215 vita
2537 1176 2657 1216 suae
2687 1159 2971 1216 moderati
3002 1164 3160 1227 sunt,
3193 1161 3380 1218 edocti
3410 1178 3620 1220 sumus
3660 1165 3721 1220 in

2079 1247 2397 1320 presbyteri
2437 1250 2683 1320 gradum
2724 1248 2947 1318 efferre,
2980 1265 3195 1322 eosque
3235 1251 3335 1322 qni
3378 1251 3482 1308 hoc
3522 1252 3584 1307 in
3629 1253 3721 1308 di-

2077 1340 2354 1396 scrimine
2385 1345 2628 1412 ponunt,
2649 1358 2714 1397 ac
2736 1357 2796 1397 se
2822 1346 3154 1410 secernunt,
3179 1359 3251 1398 ne
3279 1343 3353 1399 ab
3376 1343 3468 1400 his
3489 1343 3720 1400 Domini

2077 1431 2334 1500 corporis
2374 1431 2879 1502 participationem
2923 1431 3173 1504 capiant,
3220 1433 3480 1504 undique
3521 1433 3724 1490 exclu~

2077 1519 2292 1587 dimus,
2334 1520 2535 1576 eodem
2591 1519 2716 1576 loco
2765 1520 3045 1577 ducentes
3097 1537 3193 1578 eos
3240 1522 3340 1593 qui
3387 1521 3572 1594 legem
3622 1528 3722 1579 aut

2077 1607 2478 1664 fornicationis
2509 1609 2800 1679 sanciunt,
2823 1614 2924 1664 aut
2955 1610 3295 1681 nuptiarum
3321 1609 3554 1667 tollunt.
3579 1613 3720 1668 item

2079 1699 2129 1754 si
2162 1698 2296 1768 quis
2327 1699 2483 1770 apud
2526 1715 2629 1754 nos
2658 1697 3002 1770 presbyterii
3042 1699 3536 1756 consecrationem
3577 1717 3724 1772 prea-

325 1787 594 1860 περιθείη,
649 1787 725 1848 ὡς
770 1785 846 1847 εἷς
891 1785 958 1841 τὰ
1003 1786 1186 1861 καίρια
1215 1785 1610 1860 ἐξημαρτηκὼς
1648 1785 1957 1860 κατακρίνε-

2080 1787 2313 1854 teriens,
2345 1787 2601 1859 episcopi
2630 1789 2846 1844 honore
2883 1788 3194 1845 diaconum
3222 1789 3496 1858 effecerit,
3528 1794 3725 1861 utpote

323 1857 434 1931 ταί.
495 1875 612 1931 Τισί
661 1871 719 1930 δὲ
773 1857 1158 1951 παραπλήσιον
1218 1857 1325 1930 ἂπδ
1393 1857 1763 1950 πρεσϐυτέρου
1821 1857 1957 1950 -προ-

2085 1875 2185 1947 qui
2225 1857 2474 1932 maxime
2521 1857 2830 1949 deliquerit
2870 1878 3340 1934 condemnatur:
3375 1857 3724 1949 quibusdam

322 1965 471 2039 άγειν
522 1963 838 2034 ἐπίσκοπον,
878 1965 968 2020 καὶ
1012 1966 1117 2021 ἀπὸ
1167 1963 1420 2020 διακόνου
1466 1972 1566 2036 τῆν
1621 1965 1789 2039 μέσην
1821 1967 1968 2036 τάξιν

325 2053 778 2130 ὑπεραλλόμενον
837 2053 916 2118 εἷς
966 2056 1029 2111 τὸ
1084 2058 1183 2121 τῆς
1251 2054 1552 2124 ἐπισκοπῆς
1646 2054 1970 2129 ἀναρπάζειν

318 2143 555 2217 ἀξίωμα,
609 2143 789 2201 καίτοι
849 2164 912 2220 γε
969 2142 1164 2214 ἡλίκον
1223 2143 1313 2199 καὶ
1371 2143 1496 2199 ὅσον
1553 2144 1615 2199 τὸ
1685 2145 1846 2217 μέσον
1913 2143 1964 2199 έν

319 2235 576 2304 τούτοις;
638 2232 841 2291 ’Ἀλλαι
903 2233 998 2307 μὲν
1052 2235 1160 2310 γὰρ
1214 2235 1336 2289 καθ’
1391 2234 1618 2305 εκάστην
1673 2233 1819 2304 τάξιν
1876 2234 1964 2289 καὶ

323 2324 534 2400 βαθμὸν
595 2323 778 2403 εὐχαὶ,
836 2321 1003 2379 ἄλλαι
1062 2322 1120 2379 δὲ
1175 2321 1412 2394 τελεταὶ,
1498 2324 1590 2378 καὶ
1675 2323 1966 2399 ὑπουργίαι

320 2413 491 2468 πάλιν
545 2411 748 2488 ἕτεραι,
805 2410 972 2470 ἄλλαι
1025 2411 1081 2468 δὲ
1136 2418 1339 2488 καιρῶν
1402 2412 1810 2491 παραφυλακαὶ,
1876 2413 1967 2468 καὶ

319 2500 638 2577 δοκιμασίαι
692 2503 910 2577 τρόπων
967 2499 1168 2577 ἕτεραι.
1236 2501 1391 2558 Ἀλλ’
1430 2501 1561 2578 ὅπερ
1619 2524 1704 2566 τις
1745 2505 1970 2576 νομοθε-

323 2591 443 2647 σίαν
494 2591 556 2647 ού
603 2589 934 2668 παρεδέξατο
974 2596 1072 2648 τοῦ
1121 2594 1196 2666 μή
1253 2597 1534 2668 συντηρεῖν
1567 2591 1874 2667 ἀπολογίαν
1905 2591 1966 2647 τὸ

211 2739 214 2742 ,
327 2677 468 2754 μηδὲ
510 2679 905 2760 παρειληφέναι
965 2675 1442 2756 προϐαλλόμενος,
1492 2681 1592 2736 οὐκ
1637 2681 1697 2736 ἃν
1744 2682 1967 2744 εὐθύνας

320 2770 778 2842 ἀπαιτηθήσεται·
829 2771 876 2826 εἰ
917 2768 972 2827 δέ
1018 2791 1102 2836 τις
1147 2772 1276 2846 παρ’
1323 2773 1459 2844 ἡμῖν
1490 2774 1652 2826 τοῦτο
1693 2767 1967 2847 δεδρακὼς

325 2859 710 2939 ἆξεληλεγκτο,
741 2860 922 2926 οὐδεὶς
946 2862 1006 2918 ἃν
1038 2863 1186 2934 αύτῷ
1225 2863 1552 2938 συγγνώμης
1599 2859 1723 2917 οὐδὲ
1779 2860 1966 2936 ῥανίδα

321 2951 596 3021 επέσταξε.
646 2955 760 3006 Τῶν
813 2951 918 3030 γὰρ
967 2949 1267 3008 ἐλαττόνων
1315 2951 1502 3025 νόμων
1551 2953 1586 3020 ἡ
1639 2946 1963 3028 παράϐασις,

319 3039 676 3115 ἀτιμώρητος
705 3041 842 3114 πρὸς
890 3041 989 3110 τήν
1039 3044 1144 3096 τῶν
1190 3040 1452 3115 μειζόνων
1493 3035 1760 3115 ἐπιτρίϐει
1807 3062 1966 3098 κατα-

315 3132 606 3206 φρόνησιν.
655 3127 886 3194 Ἀλλοις
936 3130 1069 3201 ἅπαξ
1117 3131 1407 3204 μονάσασιν
1455 3133 1490 3200 ἠ
1547 3130 1844 3208 κρεοφαγία
1893 3129 1961 3186 οὗ

311 3220 365 3273 τί
427 3239 490 3297 γε
552 3216 1030 3295 βδελυσσομένοις,
1089 3218 1217 3276 ἀλλ’
1271 3220 1625 3295 ἀσκουμένοις
1674 3222 1842 3300 μέχρι
1872 3221 1960 3276 τέ-

312 3307 445 3370 λους
478 3307 789 3383 ἀπρόσιτος,
823 3309 1024 3384 ἑτέροις
1058 3307 1116 3365 δὲ
1165 3307 1252 3366 ἐπὶ
1291 3309 1436 3366 πολὺ
1478 3315 1956 3386 παρατηρήσιμος.

310 3399 452 3474 Ἐγὼ
483 3395 542 3453 δὲ
569 3397 658 3452 καὶ
708 3396 872 3474 λόγον
911 3399 1056 3473 παρὰ
1103 3395 1308 3472 ἀνδρῶν
1347 3399 1454 3475 πρὸ
1492 3397 1710 3455 πολλοῦ
1746 3400 1952 3472 τιμών-

307 3508 416 3542 των
448 3484 660 3556 ἤκουσα
689 3488 789 3557 τὴν
816 3485 1101 3559 ἀλήθειαν,
1136 3488 1213 3549 ὡς
1258 3489 1352 3543 τὸν
1402 3489 1502 3557 τὴν
1550 3486 1948 3563 Ἀλεξανδρέων

307 3576 640 3647 Ἐκκλησίαν
697 3577 896 3655 ἐφορᾷν
957 3576 1250 3651 μέλλοντα,
1312 3579 1401 3634 καὶ
1459 3577 1622 3654 λόγον
1687 3579 1947 3652 ὑποσχεῖν

310 3661 678 3737 ἐκϐιάζονται,
729 3667 836 3722 ἀπό
888 3688 1038 3730 τινος
1087 3666 1394 3743 ἐπιχωρίου
1446 3667 1788 3742 περιπετείας
1816 3668 1948 3724 τού-

299 3778 404 3814 του
457 3759 845 3831 κρατήσαντος,
918 3759 993 3832 μή
1078 3758 1140 3813 ἄν
1221 3778 1353 3813 ποτε
1433 3761 1530 3827 τῆς
1623 3758 1950 3836 κρεοφαγίας

303 3846 650 3920 ἀφίστασθαι·
707 3847 797 3903 καὶ
857 3854 1052 3924 σχῆμα
1113 3849 1206 3922 μὲν
1257 3852 1354 3903 τοῦ
1435 3846 1766 3922 μονάσαντος
1850 3849 1949 3903 οὐκ

300 3934 363 3992 ἄν
418 3958 506 4000 τις
555 3938 682 4012 παρ’
730 3940 866 4010 ἡμῖν
913 3937 988 4000 είς
1039 3937 1308 4013 κληρικοῦ
1387 3936 1943 4013 μετασχηματίσειεν,

297 4021 432 4082 ἔνιοι
501 4024 558 4082 δὲ
615 4025 827 4083 ἐπειδὰν
892 4029 1031 4103 πρὸς
1089 4026 1390 4102 ἐπισκοπῇς
1445 4026 1581 4102 ὕψος
1638 4027 1728 4082 τὸν
1773 4048 1945 4101 μονα-

297 4117 432 4185 στὴν
466 4113 634 4189 ὑψοῦν
689 4113 1016 4188 ἐθελήσωσι,
1059 4119 1250 4172 τοῦτον
1299 4116 1606 4192 περίτροχα
1647 4116 1942 4191 κείροντες,

293 4205 356 4260 τὸ
399 4203 663 4281 πρότερον
715 4201 1104 4279 μεταμείϐουσι
1151 4213 1364 4282 σχῆμα.
1400 4205 1588 4268 Οὕτως
1639 4205 1688 4261 ἐν
1724 4208 1806 4270 οἷς
1845 4207 1944 4262 οὐκ

293 4293 409 4349 ἔστι
462 4293 642 4357 πίστις
695 4296 758 4350 τὸ
815 4295 1198 4368 άθετούμενον,
1267 4293 1392 4352 οὐδὲ
1447 4299 1631 4351 κοινοῦ
1714 4317 1770 4351 τε
1851 4297 1940 4352 καὶ

293 4381 593 4439 καθολικοῦ
677 4384 1029 4462 ψηφίσματος
1115 4378 1401 4447 ἔκπτωσις.
1501 4383 1724 4440 ’Δλλων
1810 4389 1937 4462 παρ’

2081 1980 2213 2021 vero
2245 1966 2367 2038 pari
2397 1965 2626 2022 ducitur
2664 1965 2812 2034 loco,
2843 1983 2874 2022 e
2892 1967 3221 2038 presbytero
3255 1967 3567 2040 provehere
3595 1968 3721 2038 epi-

2079 2070 2343 2124 scopum,
2368 2063 2422 2110 et
2441 2071 2472 2110 e
2501 2054 2768 2124 diacono,
2793 2055 3049 2111 medium
3081 2056 3546 2112 transilientibus
3569 2059 3726 2113 ordi-

2078 2158 2233 2210 nem,
2265 2143 2335 2198 ad
2373 2143 2630 2216 episcopi
2668 2143 2932 2216 abripere
2973 2145 3338 2216 dignitatem.
3381 2143 3450 2201 Et
3487 2144 3720 2216 quidem

2077 2231 2231 2286 inter
2261 2231 2380 2288 haec
2402 2236 2686 2304 quantum
2711 2231 2998 2290 interest?
3025 2234 3166 2290 Alias
3186 2234 3342 2290 enim
3364 2234 3422 2290 in
3455 2251 3720 2306 unoquo-

2078 2336 2190 2392 que
2213 2320 2414 2377 ordine
2437 2327 2491 2378 et
2511 2322 2692 2394 gradu
2725 2322 3038 2390 orationes,
3060 2323 3183 2379 aliae
3205 2323 3583 2394 caremonias,
3607 2325 3722 2382 alia

2077 2409 2214 2464 item
2251 2410 2591 2479 ministeria,
2618 2411 2741 2467 alia
2763 2417 2820 2467 et
2849 2413 3278 2470 observationes
3305 2417 3634 2486 temporum
3667 2420 3724 2472 et

2079 2515 2309 2556 morum
2339 2499 2726 2572 probationes.
2748 2501 2962 2558 Verum
2983 2503 3138 2574 quod
3169 2503 3302 2574 quis
3334 2503 3390 2558 in
3422 2502 3564 2576 legis
3597 2503 3722 2560 loco

2078 2605 2195 2646 non
2225 2591 2469 2663 accepit,
2502 2592 2628 2662 ejus
2659 2607 2774 2648 non
2815 2591 3104 2648 observati
3146 2591 3538 2648 defensionem
3574 2594 3722 2650 hanc

2077 2681 2380 2752 objiciens,
2413 2683 2566 2754 quod
2608 2698 2722 2740 non
2771 2682 3096 2755 receperit:
3137 2683 3210 2739 ab
3251 2698 3317 2739 eo
3367 2683 3513 2740 ratio
3563 2683 3723 2741 nulla

2075 2774 2365 2842 poscetur.
2404 2771 2505 2828 Sin
2556 2773 2690 2846 quis
2747 2774 2900 2846 apud
2959 2789 3065 2829 nos
3118 2775 3557 2831 convinceretur
3612 2775 3722 2832 hoc

2077 2860 2301 2929 fecisse,
2335 2877 2503 2918 nemo
2533 2862 2586 2918 ei
2616 2861 2796 2919 ullam
2835 2861 3016 2919 venia:
3046 2867 3269 2936 guttam
3299 2862 3668 2920 instillaverit
3700 2881 3714 2921 :

2076 2950 2374 3006 minorum
2407 2953 2563 3008 enim
2594 2951 2780 3023 legum
2817 2952 3006 3009 inuita
3041 2951 3298 3018 violatio,
3329 2953 3582 3010 tritiores
3615 2955 3717 3010 ho-

2075 3040 2264 3097 mines
2302 3041 2374 3097 ad
2416 3044 2699 3112 majorum
2732 3047 3136 3115 contemptum
3167 3041 3323 3099 facit.
3354 3042 3498 3100 Aliis
3536 3046 3716 3101 semel

2075 3128 2240 3185 factis
2280 3130 2586 3188 monachis
2624 3147 2760 3187 esus
2789 3132 3056 3188 carnium
3097 3147 3210 3187 non
3252 3133 3712 3202 exsecrantibus,

2071 3218 2173 3272 sed
2197 3233 2259 3274 se
2279 3219 2684 3276 exercentibus
2707 3235 2893 3292 usque
2913 3219 3280 3276 interdicitur
3303 3236 3316 3274 :
3339 3221 3412 3276 ab
3432 3219 3561 3276 aliis
3579 3237 3712 3277 vero

2069 3322 2182 3362 non
2228 3307 2326 3362 diu
2374 3307 2481 3364 hoc
2509 3308 2870 3366 observatur.
2913 3310 3027 3383 Ego
3067 3313 3124 3365 et
3166 3308 3470 3366 hominum
3515 3310 3710 3366 audivi

2064 3411 2398 3454 sermonem
2428 3399 2733 3456 veritatem
2765 3415 2970 3470 magno
2999 3400 3058 3454 in
3097 3399 3311 3455 honore
3346 3399 3706 3469 habentium,

2063 3501 2196 3542 cum
2246 3503 2456 3561 nempe
2501 3489 2806 3546 occasione
2862 3489 2991 3560 ejus
3037 3489 3137 3560 qui
3185 3488 3703 3546 Alexandrinorum

2059 3575 2328 3633 Ecclesiae
2351 3579 2562 3650 praesul
2596 3579 2828 3636 futurus
2856 3583 3002 3645 erat,
3029 3579 3175 3635 hanc
3196 3577 3478 3634 rationem
3505 3579 3702 3635 subire

2061 3669 2234 3744 cogi;
2270 3672 2426 3746 quod
2475 3687 2542 3727 ex
2573 3669 2769 3742 aliquo
2813 3667 2885 3723 iis
2933 3667 2994 3723 in
3040 3667 3180 3724 locis
3230 3684 3369 3725 casu
3416 3669 3699 3724 constitu-

2057 3767 2183 3818 tum
2215 3767 2304 3819 est
2327 3779 2340 3817 :
2365 3778 2426 3818 se
2457 3775 2761 3832 nunquam
2785 3758 2856 3814 ab
2879 3773 2983 3814 esu
3004 3757 3270 3814 carnium
3294 3759 3598 3814 abstinere.
3627 3761 3700 3814 At

2056 3852 2206 3922 apud
2231 3868 2335 3907 nos
2358 3848 2626 3906 monachi
2655 3847 2916 3903 habitum
2950 3862 3118 3902 nemo
3143 3863 3396 3918 unquam
3426 3847 3482 3902 in
3507 3847 3698 3902 clerici

2055 3943 2433 3998 commutarit
2466 3957 2480 3997 :
2513 3937 2784 3996 nonnulli
2825 3945 3042 4004 autem,
3068 3953 3199 3994 cum
3238 3938 3524 3994 voluerint
3563 3957 3696 3996 mo-

2054 4031 2308 4088 nachum
2340 4033 2408 4088 ad
2440 4028 2697 4102 episcopi
2728 4026 3022 4098 fastigium
3061 4025 3339 4096 attollere,
3368 4042 3499 4082 eum
3533 4029 3696 4083 orbi-

2053 4120 2323 4178 culariter
2373 4119 2691 4187 tondentes,
2745 4116 2994 4189 priorem
3047 4114 3305 4170 habitum
3358 4114 3692 4172 immutant.

2047 4215 2154 4279 :Ita,
2178 4212 2277 4268 ubi
2308 4210 2468 4266 nulla
2498 4216 2579 4266 est
2617 4205 3010 4279 praevaricatio
3042 4203 3196 4268 fidei,
3231 4219 3335 4259 nec
3363 4209 3695 4262 communis
3747 4197 3753 4202 ’

2051 4308 2107 4359 et
2137 4300 2406 4358 catholici
2449 4298 2659 4356 decreti
2700 4294 2970 4361 eversio;
3012 4308 3144 4350 cum
3186 4292 3314 4348 aliis
3352 4295 3501 4366 apud
3544 4293 3690 4351 alios

2051 4407 2240 4448 mores
2270 4395 2326 4446 et
2356 4389 2512 4462 leges
2551 4385 2955 4444 custodiantur
2985 4399 2999 4451 ;
3036 4398 3140 4439 nec
3171 4382 3442 4439 custodes
3473 4382 3690 4453 injuste

291 4470 490 4536 ἄλλοις
523 4470 657 4528 ἐθῶν
685 4494 742 4529 τε
771 4474 862 4529 καὶ
890 4473 1144 4548 νομίμων
1173 4473 1622 4552 φυλαττομένων,
1659 4471 1783 4530 οὕτε
1809 4476 1936 4538 τοὺς

345 4561 391 4582 I‘
612 4562 625 4580 9
642 4561 665 4582 δ
755 4568 778 4579 ν
925 4563 952 4580 κ
1150 4563 1162 4580 \
1358 4566 1372 4582 δ
1618 4562 1642 4582 δ
1678 4564 1698 4582 β
1795 4565 1807 4582 Ι

2072 4496 2239 4554 igere,
2265 4496 2369 4536 nec
2398 4494 2494 4536 eos
2524 4477 2620 4550 qui
2642 4493 2757 4532 non
2785 4479 3146 4545 acceperunt,
3169 4477 3370 4528 contra
3399 4471 3578 4543 legem
3613 4472 3692 4527 fa-

293 4561 543 4642 φύλακας
601 4561 826 4633 ἀδικεῖν,
893 4563 1017 4620 οὔτε
1081 4563 1210 4628 τοὺς
1305 4566 1380 4637 μή
1465 4562 1938 4640 παραδεξαμένους

2072 4587 2200 4639 iere,
2232 4572 2283 4626 is
2313 4571 2414 4643 qui
2445 4577 2594 4626 recte
2625 4565 2888 4638 judicare
2920 4565 3092 4633 norit,
3122 4560 3382 4620 definiat.

289 4657 650 4727 παρανομεῖν,
692 4653 866 4728 ὀρθῶς
913 4652 974 4708 ἄν
1016 4674 1100 4716 τις
1149 4653 1345 4727 κρίνειν
1396 4651 1556 4716 εἰδὼς
1610 4651 1934 4728 διορίσαιτο.

363 4741 551 4798 Καίτοι
615 4761 674 4817 γε
722 4743 787 4798 τὸ
842 4743 1094 4816 νομισθὲν
1133 4745 1268 4817 ἡμῖν
1327 4742 1404 4806 εἰς
1461 4741 1746 4817 ἐπίκλημα
1797 4747 1934 4820 πρὸς

2111 4756 2181 4808 Et
2211 4768 2346 4808 vero
2377 4749 2534 4824 quod
2564 4765 2597 4804 a
2627 4746 2794 4805 nobis
2823 4746 2882 4802 in
2914 4745 3158 4802 crimine
3182 4742 3435 4814 ponitur,
3467 4741 3518 4798 si
3550 4758 3684 4799 cum

289 4833 407 4891 ἔνια
455 4840 565 4891 τῶν
632 4834 1130 4912 κατηριθμημένων
1207 4833 1320 4892 οὐδ’
1372 4835 1425 4894 ἐν
1513 4838 1786 4914 συγκρίσει
1870 4839 1933 4894 τὸ

2072 4841 2342 4901 ιοιωιιΙΙὶε
2374 4856 2500 4912 quae
2537 4838 2938 4894 admemorata
2968 4840 3125 4902 sunt,
3157 4830 3510 4902 conferatur,
3542 4833 3685 4889 recti

286 4923 575 4980 ἀνεύθυνον
634 4926 986 5000 ἀποφέρεται,
1045 4923 1192 4982 ἀλλὰ
1245 4927 1313 4982 τὰ
1365 4927 1459 5000 μὲν
1528 4925 1604 4990 εἰς
1660 4928 1761 4998 τήν
1824 4933 1934 4984 τῶν

2072 4939 2096 4990 t
2123 4932 2238 4990 veri
2262 4927 2750 4988 existimationem
2783 4923 3020 4981 habebit
3047 4940 3060 4978 :
3092 4927 3150 4979 et
3177 4921 3292 4978 alia
3320 4920 3554 4994 quidem
3587 4936 3685 4977 ne-

283 5011 570 5088 ἐκθέσμων
622 5015 716 5070 καὶ
769 5011 1081 5086 βδελυκτῶν
1141 5013 1462 5071 ἀπελαύνειν
1528 5015 1740 5092 χώραν,
1798 5017 1931 5072 αὐτὸ

2072 5017 2321 5075 ariorum
2352 5019 2407 5072 et
2435 5008 2880 5070 exsecrabilium
2911 5009 3039 5066 loco
3069 5010 3385 5072 ducuntur,
3410 5005 3515 5061 hoc
3546 5021 3681 5062 vero

285 5099 341 5158 δὲ
371 5109 474 5172 τῆς
503 5107 611 5157 τῶν
640 5101 934 5159 ἐπαινετῶν
964 5102 1054 5158 καὶ
1085 5101 1399 5160 καλλίστων
1454 5103 1674 5180 μερίδος
1704 5104 1929 5180 ἐξήρτη-

2072 5108 2194 5164 indi
2225 5110 2331 5173 est,
2355 5112 2406 5160 et
2437 5106 2677 5176 putatur
2696 5115 2821 5157 esse
2851 5097 3336 5170 pulcherrimum,
3359 5095 3466 5151 hoc
3495 5110 3680 5168 usque

277 5211 388 5254 παι,
425 5191 526 5246 Καὶ
555 5190 617 5248 τὸ
651 5193 748 5266 μὶν
779 5193 870 5248 καὶ
893 5195 1230 5268 πεπρᾶχθαι,
1261 5194 1351 5248 καὶ
1377 5192 1818 5269 διαπράττεσθαι,
1837 5196 1928 5268 μέ-

2072 5198 2226 5254 dhuc
2255 5200 2312 5252 et
2350 5195 2566 5251 factum
2594 5206 2745 5257 esse,
2777 5194 2833 5246 et
2877 5188 3021 5254 fieri,
3053 5187 3238 5244 libera
3270 5201 3408 5244 voce
3438 5191 3497 5242 et
3535 5202 3678 5241 sen-

282 5300 379 5356 χρι
412 5285 504 5336 νῦν
533 5280 1052 5357 πεπαῤῥησιασμένῃ
1083 5282 1171 5337 καὶ
1203 5287 1377 5360 φωνῇ,
1427 5284 1517 5338 καὶ
1566 5283 1783 5360 γνώμῃ,
1832 5284 1922 5340 καὶ

2072 5287 2230 5354 antis,
2277 5288 2334 5340 et
2380 5281 2540 5338 vultu
2589 5276 2957 5354 pradicatnr.
3000 5275 3302 5341 Quomodo
3350 5274 3508 5332 enim
3559 5289 3676 5329 non

280 5371 564 5446 προσώπῳ
595 5372 938 5447 κηρύσσεται.
973 5375 1097 5434 Πῶς
1125 5372 1227 5449 γὰρ
1261 5372 1362 5427 οὐκ
1391 5372 1452 5428 ἂν
1479 5371 1918 5450 σεμνολογηθείη

2072 5374 2283 5432 ummis
2314 5371 2591 5430 laudibus
2620 5369 2755 5442 quis
2787 5367 3072 5436 efferatur,
3093 5365 3246 5437 quod
3278 5365 3538 5421 nondum
3571 5379 3674 5419 sa-

279 5549 598 5627 Eustachio
620 5552 693 5608 ad
712 5567 939 5627 sacram
961 5551 1260 5627 quaesti!)
1275 5551 1617 5627 Pamphylia
1635 5553 1924 5627 synodum
2032 5554 2228 5627 tentus
2248 5549 2484 5627 nomine
2507 5541 2902 5627 episcopi‘f'rui
2922 5541 3063 5627 dum
3087 5540 3317 5627 viveret,
3341 5538 3675 5627 sio-astutus

278 5624 430 5696 Sida
451 5623 940 5696 coiisotam.Sidaa
965 5613 1201 5696 quidem
1223 5613 1574 5696 Pamphylia
1597 5613 1688 5681 est
1717 5623 1927 5680 Metro-
2032 5623 2230 5693 homo,
2252 5622 2407 5695 quod
2431 5613 2686 5679 maiime
2702 5613 2857 5686 velit,
2884 5614 3038 5672 haud
3057 5613 3366 5671 admodum
3392 5624 3455 5667 se
3474 5622 3674 5666 curare

273 5694 447 5768 polis,
478 5695 570 5754 vel
617 5695 792 5769 (quod
841 5712 956 5754 non
981 5694 1199 5769 fminas
1242 5694 1556 5769 verisimile
1595 5698 1816 5769 est)7ex
1859 5711 1924 5754 eo
2033 5694 2412 5754 demonstrat.

281 5767 428 5837 erat,
459 5783 533 5826 ne
563 5767 960 5826 restitueretur
987 5767 1271 5842 Ignatins,
1298 5768 1400 5827 sed
1430 5771 1661 5827 tantum
1686 5767 1766 5826 sit
1794 5783 1925 5825 con-
