4090 6228
348 357 466 422 607

1543 362 1807 423 PHOTII
1854 361 2383 423 PATRIARCHIE
2426 360 2543 422 ΟΡ.

3631 362 3748 424 608

353 501 654 559 cerdotum
679 499 942 557 ordinem
964 503 1292 568 aeecutus,
1309 499 1388 556 ita
1407 499 1583 555 vitam
1607 514 1776 554 suam
1795 498 1872 553 im
1883 513 2002 553 mo-

2131 517 2218 565 τις,
2250 493 2332 550 ὅτι
2377 495 2546 568 μήπω
2577 491 2786 564 λήξεως
2815 494 3131 570 ἱερωμένων
3168 493 3378 570 τυχὼν,
3429 493 3605 558 οὕτως
3653 497 3753 566 τὴν

358 593 594 648 deratus
625 598 731 660 est,
756 595 823 647 ut
849 597 906 647 et
937 591 1086 659 aliis,
1112 591 1330 662 quibus
1361 589 1746 646 sacerdotium
1772 589 2000 661 obtigit,

359 684 412 736 et
447 681 516 736 ab
549 681 706 736 omni
726 681 950 754 reliquo
981 685 1127 736 coetu
1153 681 1223 736 ad
1258 679 1660 751 pontiﬁcatum
1695 678 1825 736 aliis
1859 695 2002 750 prae-

358 772 621 828 feratur?
649 770 916 834 Quaedam
947 787 1077 826 vero
1108 787 1179 826 ne
1219 771 1291 826 ab
1320 769 1393 825 iis
1425 769 1662 841 quidem
1693 769 1792 842 qui
1823 768 2005 826 delin-

358 865 548 934 quunt
593 861 771 932 (quod
819 859 1053 932 quidem
1098 859 1303 931 sciam)
1355 860 1508 931 quod
1557 859 1724 926 ﬁunt,
1758 858 1999 914 laudan-

358 958 450 1006 tur
497 950 570 1006 ob
619 964 916 1005 summam
971 949 1222 1004 fortasse
1270 949 1715 1018 absurditatem,
1759 953 1861 1004 aut
1912 962 2005 1003 ne-

357 1040 480 1096 scio
535 1038 674 1109 quid
723 1037 930 1105 dicam,
981 1037 1050 1094 iisl
1105 1037 1202 1110 qui
1257 1039 1531 1105 fecerunt,
1587 1037 2003 1094 inﬁciationem

356 1128 583 1184 veritati
638 1127 1147 1198 anteponentibus.
1207 1127 1344 1192 Quis
1398 1127 1556 1183 enim
1623 1127 2006 1196 sabbatizare,

358 1217 456 1289 qui
506 1216 567 1271 in
616 1215 960 1272 Christianis
1008 1221 1326 1284 censeatur,
1374 1216 1604 1273 etiamsi
1652 1215 1864 1271 millies
1915 1215 2006 1272 his

363 1305 724 1373 succumbat,
757 1321 873 1360 non
903 1305 1134 1374 ejuret?
1163 1304 1300 1371 Quis
1342 1321 1403 1360 se
1445 1305 1808 1376 conjugium,
1840 1321 2003 1362 exse-

362 1395 507 1449 crari
552 1393 896 1464 legitimum,
931 1393 1045 1449 nisi
1088 1393 1218 1464 quis
1263 1395 1573 1466 impiorum
1616 1411 1682 1450 ac
1725 1394 1850 1450 sine
1891 1393 2007 1450 Deo

359 1483 667 1540 hominum
680 1483 1024 1538 sententiam
1040 1483 1232 1555 opiﬁci
1248 1483 1671 1555 proponat,etei
1686 1482 2006 1556 hypostasi,

361 1589 483 1643 qua:
510 1572 644 1628 inde
674 1588 778 1643 per
797 1571 1112 1628 bonitatem
1144 1573 1412 1629 exstitit?
1443 1573 1581 1638 Quis
1610 1577 1796 1627 autem
1818 1573 2006 1628 Domi-

360 1663 621 1719 nicorum
652 1667 710 1718 et
741 1667 1132 1731 paternorum,
1161 1667 1218 1718 et
1246 1663 1613 1734 synodalium
1645 1664 2008 1720 decretorum

366 1752 463 1822 (ne
507 1749 811 1821 sigillatim
857 1750 1073 1822 dicam)
1106 1767 1219 1807 non
1269 1757 1599 1808 revereatur
1627 1752 1910 1820 conﬁteri,
1944 1769 2008 1809 se

370 1838 562 1894 moliri
585 1842 980 1910 contemptum
1004 1840 1031 1893 ?
1051 1840 1131 1896 Ex
1151 1840 1316 1896 laicis
1338 1857 1479 1897 sane
1497 1857 1632 1896 eum
1655 1842 1756 1912 qui
1779 1857 2007 1897 sacrum
2040 1812 2086 1877 Β

367 1927 498 1984 vitae
530 1942 716 1998 genus
755 1929 1093 1998 susceperit,
1117 1928 1184 1982 ad
1221 1927 1625 2000 pontiﬁcatum
1663 1928 2006 1998 promoveri,

369 2016 535 2072 valde
565 2030 932 2086 consequens
959 2031 1088 2072 esse
1117 2016 1327 2072 divinis
1361 2015 1642 2084 Patribus,
1678 2031 1792 2071 non
1822 2016 2013 2072 verbis

367 2105 834 2178 pronuntiatum,
862 2103 962 2158 sed
988 2119 1047 2160 re
1070 2104 1194 2175 ipsa
1224 2109 1476 2178 gestum,
1503 2119 1730 2176 magnae
1751 2104 2020 2162 utilitatis

368 2210 597 2265 sponsae
627 2192 838 2249 Christi
870 2191 1137 2249 Ecclesiae
1169 2209 1364 2261 causa,
1399 2193 1459 2248 in
1493 2192 1756 2264 pluribus
1785 2193 2021 2250 demon-

367 2288 614 2340 stratum
646 2287 755 2339 est.

441 2469 526 2524 Ad
553 2469 694 2539 hac,
717 2467 932 2539 aspice,
956 2468 1006 2522 si
1028 2467 1134 2535 vis,
1154 2471 1211 2523 et
1237 2466 1693 2524 ministeriorum
1721 2466 2024 2524 varietates

374 2575 502 2632 quae
533 2558 594 2612 in
625 2556 1012 2623 orationibus,
1045 2572 1174 2627 quae
1209 2554 1269 2611 in
1311 2555 1801 2625 invocationibus,
1831 2557 1888 2613 in
1921 2573 2024 2612 or-

377 2647 511 2702 dine
555 2650 612 2702 et
652 2646 1090 2716 consequentia,
1130 2645 1190 2700 in
1237 2645 1511 2718 temporis
1553 2645 1937 2703 diuturnitate
1969 2651 2027 2703 et

371 2735 672 2804 brevitate,
704 2734 764 2789 in
806 2734 1187 2790 multitudine
1227 2737 1286 2790 et
1326 2734 1635 2806 paucitate.
1677 2735 1746 2791 Et
1785 2737 2024 2808 quidem

368 2825 430 2882 in
469 2824 544 2882 iis
592 2828 648 2897 (ο
698 2823 1072 2896 miraculum)
1105 2825 1434 2881 communis
1484 2825 1653 2897 panis
1705 2825 1764 2881 in
1814 2842 2027 2898 corpus

371 2912 586 2970 Christi
629 2916 908 2980 mutatur,
941 2917 998 2968 et
1039 2928 1348 2969 commune
1385 2913 1587 2969 vinum
1632 2913 1870 2986 sanguis
1901 2915 2027 2986 ejus

375 3002 585 3074 sit,qui
602 3019 735 3059 eum
760 3003 821 3057 in
843 3002 1303 3074 redemptionem
1324 3003 1491 3059 nobis
1511 3004 1580 3060 de
1599 3004 1829 3076 proprio
1848 3003 2027 3060 latere

375 3109 504 3149 cum
549 3110 700 3165 aqua
730 3091 974 3160 effudit;
1010 3097 1066 3148 et
1110 3091 1318 3148 horum
1370 3092 1687 3149 discrimen
1733 3110 1798 3150 ac
1840 3093 2028 3149 varie-

2112 584 2304 639 έαυτοῦ
2361 583 2641 638 πολιτείαν
2701 583 3008 659 έρύθμισεν,
3076 581 3214 640 ὥστε
3272 585 3362 640 καὶ
3423 585 3510 640 ὑπ’
3579 584 3756 640 αὐτῶν

2111 678 2216 729 τῶν
2271 672 2712 748 κεκληρωμένων
2769 674 2868 742 τήν
2928 671 3246 748 ἱερωσύνην,
3304 675 3394 729 καὶ
3427 675 3629 736 παντὸς
3658 673 3757 729 τοῦ

2111 761 2288 818 ἄλλου
2332 761 2710 837 πληρώματος
2763 762 2838 826 εἰς
2885 763 3143 838 ἀρχιερέα
3199 765 3583 838 προκρίνεσθαι
3618 785 3632 834 ;
3673 765 3759 822 Τὰ

2113 849 2171 906 δὶ
2215 849 2332 906 οὐδ’
2371 850 2458 907 ὅτι
2503 853 2816 927 πράττεται,
2867 851 2964 906 ὅσα
3012 851 3112 925 ἐμὲ
3153 853 3457 928 γινώσκειν,
3505 874 3758 927 συνωμο-

2113 939 2343 1014 λόγηται
2391 947 2505 1005 τοῖς
2556 942 2922 1018 ἁμαρτάνουσι
2965 945 3034 1016 τῇ
3090 936 3374 1017 ὑπερϐολῇ
3418 947 3515 998 τοῦ
3546 941 3762 1014 ἀτοπή-

2118 1050 2286 1102 ματος
2337 1029 2468 1095 ἴσως
2513 1032 2548 1102 ἢ
2599 1029 2698 1086 οὐκ
2739 1027 2843 1086 οἶδ’
2893 1029 2923 1088 8
2965 1051 3017 1085 τι
3065 1031 3156 1086 καὶ
3213 1029 3373 1098 εἴπω,
3432 1035 3539 1086 τῶν
3570 1029 3766 1108 δεδρα,

2112 1121 2287 1174 κότων
2343 1119 2772 1194 ἀλλασσομένων
2859 1117 3076 1193 μᾶλλον
3139 1123 3238 1186 τῆς
3313 1119 3576 1192 ἀληθείας
3659 1122 3764 1190 τὴν

2116 1207 2364 1283 ἄρνησιν.
2413 1209 2506 1274 Τίς
2556 1209 2657 1286 γάρ
2703 1203 3043 1280 σαϐϐατίζειν
3096 1208 3146 1265 ἐν
3181 1215 3527 1284 Χριστιανοῖς
3557 1210 3762 1280 τελῶν,

2115 1299 2210 1358 κᾶν
2249 1301 2503 1378 μυριάκις
2535 1301 2858 1376 ὐπενεχθείη
2889 1301 3105 1364 τούτοις
3138 1301 3237 1356 οὐκ
3269 1301 3328 1356 ἃν
3388 1300 3712 1374 ἐξομόσαιτο
3746 1322 3761 1372 ;

2116 1390 2211 1455 Τίς
2240 1389 2298 1446 δὲ
2326 1391 2508 1466 γάμον
2542 1389 2924 1466 βδελύττεσθαι
2973 1389 3255 1465 ἔνθεσμον,
3306 1389 3352 1445 εἷ
3415 1392 3491 1464 μὴ
3537 1392 3608 1446 τά
3651 1395 3764 1446 τῶν

2118 1477 2390 1537 δυσσεϐὦν
2436 1481 2525 1536 καὶ
2566 1480 2738 1536 ἀθέων
2786 1479 3144 1556 ἐπιπροσθείη
3205 1481 3294 1536 καὶ
3349 1485 3446 1536 τοῦ
3477 1490 3764 1555 Δημιουρ-

2117 1575 2238 1646 γοῦ,
2287 1569 2377 1625 καὶ
2422 1577 2522 1639 τῆς
2566 1569 2763 1624 ἐκεῖθεν
2814 1568 3143 1645 ἀγαθοειδῶς
3199 1568 3556 1640 οὐσιωθείσης
3633 1570 3765 1625 ὑπο-

2120 1660 2358 1722 στάσεως
2391 1680 2406 1731 ;
2437 1659 2534 1723 Τίς
2565 1657 2621 1714 δὲ
2647 1664 2756 1715 τῶν
2789 1665 3131 1715 Δεσποτικῶν
3180 1661 3270 1714 καὶ
3333 1663 3619 1732 [Ῐατρικῶν
3667 1659 3763 1714 καὶ

2121 1749 2418 1806 συνοδικῶν
2475 1747 2758 1826 δογμάτων
2817 1749 2933 1822 (ίνα
2974 1752 3050 1824 μὴ
3109 1751 3226 1806 καθ’
3278 1748 3506 1806 ἕκαστον
3567 1750 3767 1828 λέγω),

2117 1842 2216 1897 οὐκ
2271 1839 2333 1895 ἃν
2388 1839 2704 1914 αἰσχυνθείη
2762 1841 2850 1895 καὶ
2912 1842 3161 1914 πράττων
3233 1839 3581 1914 ὁμολογῆσαι
3662 1841 3767 1908 τήν

2117 1927 2510 2001 ἐξουδένωσιν;
2573 1931 2665 1986 Ἐκ
2726 1928 2909 2002 μέντοι
2976 1927 3182 1985 λαϊκῶν
3239 1928 3386 2004 ἱερὰν
3481 1927 3772 1984 πολιτείαν

2122 2020 2526 2094 ἐπανῃρημένον
2587 2018 2663 2082 εἷς
2717 2019 2974 2094 ἀρχιερέα
3027 2020 3382 2094 προάγεσθαι,
3457 2018 3772 2075 ἀκόλουθον

2120 2107 2276 2186 ἄγαν,
2307 2108 2397 2163 καὶ
2428 2107 2665 2182 Πατράσι
2715 2108 2883 2170 θείοις
2932 2107 2992 2162 οὐ
3041 2107 3229 2181 λόγοις
3271 2106 3770 2180 καθωμιλημένον,

2122 2194 2249 2250 ἀλλ’
2279 2191 2455 2271 ἔργοις
2485 2197 2673 2257 αὐτοῖς
2705 2193 3202 2273 διαπεπραγμένον,
3234 2194 3322 2251 ἐπὶ
3356 2197 3594 2270 μεγάλῳ
3639 2195 3773 2272 κέρ⁸

2124 2283 2202 2341 δει
2237 2289 2334 2355 τῆς
2363 2289 2579 2362 νύμφης
2617 2290 2862 2361 Χριστοῦ
2908 2283 3234 2356 Ἐκκλησίας
3282 2286 3419 2341 κατά
3467 2282 3774 2361 διαφόρους

2123 2374 2346 2450 καιροὺς
2375 2373 2752 2432 ἐπιδέδεικται.

2195 2468 2337 2542 "Op:
2359 2465 2438 2534 δὲ,
2465 2467 2510 2520 εἰ
2537 2465 2748 2542 βούλει,
2779 2466 2916 2541 πρὸς
2943 2472 3060 2526 τοῖς
3091 2464 3406 2541 εἴρημένοις
3433 2466 3645 2528 καὶτὰς
3665 2470 3775 2520 τῶν

2128 2555 2519 2631 λειτουργικῶν
2552 2557 2872 2630 ἑτερότητας
2902 2555 2998 2618 τάς
3048 2555 3100 2610 έν
3141 2560 3261 2618 ταῖς
3299 2555 3514 2629 εὐχαῖς,
3569 2556 3670 2616 τὰς
3719 2554 3773 2609 ἐν

2125 2653 2244 2702 ταῖς
2286 2646 2628 2716 ἐπικλήσεσι,
2673 2647 2769 2706 τὰς
2799 2643 2852 2700 ἐν
2899 2646 3044 2715 τάξει
3109 2645 3199 2700 καὶ
3240 2643 3560 2716 ἀκολουθίᾳ,
3594 2646 3694 2707 τὰς
3721 2644 3772 2700 ἐν

2125 2741 2208 2808 τῷ
2262 2739 2358 2790 τοῦ
2415 2735 2620 2811 χρόνου
2680 2737 2867 2808 μήκει,
2933 2734 3024 2790 καὶ
3078 2738 3147 2808 τῇ
3192 2734 3527 2812 βραχύτητι,
3577 2736 3677 2797 τὰς
3719 2733 3772 2790 ἐν

2127 2826 2326 2896 πλήθει
2348 2827 2437 2880 καὶ
2461 2823 2964 2901 ὀλιγότητι,καίτοι
2989 2821 3059 2878 δι’
3076 2823 3270 2895 αὐτῶν,
3289 2821 3443 2878 ὣτοῦ
3465 2824 3771 2896 θαύματοςί

2127 2913 2156 2967 ὁ
2187 2913 2370 2973 κοινὸς
2401 2910 2564 2986 ἄρτος
2597 2914 2671 2973 εἰς
2705 2915 2865 2984 σῶμα
2893 2915 3130 2987 Χριστοῦ
3163 2905 3582 2983 μεταϐάλλεται,
3614 2911 3706 2964 καί
3743 2913 3775 2965 ὁ

2125 3001 2305 3064 κοινὸς
2335 3003 2480 3064 οἰνος
2507 3002 2648 3073 αἷμα
2679 3000 3012 3076 χρηματίζει
3042 3004 3140 3055 τοῦ
3175 2999 3377 3074 λύτρου
3423 3000 3555 3070 ἡμῖν
3598 2997 3652 3070 ἐξ
3683 2998 3775 3053 οἷ-

2127 3089 2273 3152 κείας
2306 3087 2542 3164 πλευρᾶς
2570 3092 2730 3145 τοῦτο
2761 3087 2853 3144 σὺν
2885 3086 3038 3144 ὕδατι
3073 3088 3395 3164 βλύσαντος.
3444 3087 3548 3144 Καὶ
3580 3089 3620 3157 ἡ
3658 3092 3776 3143 τῶν

373 3187 464 3240 tas
490 3159 858 3251 uniformem,
879 3159 1276 3254 Deiﬁcamque
1295 3181 1542 3252 Spiritus
1563 3183 1813 3255 gratiam
1835 3181 2020 3239 multi-

2131 3159 2724 3256 slpnpévwv'hspémq
2752 3199 2808 3234 τε
2837 3179 2925 3234 καί
2957 3159 3285 3252 παραλλαγὴ
3312 3179 3414 3247 τὴν
3446 3174 3664 3245 ένοειὸἧ
3683 3179 3778 3232 καὶ

373 3272 618 3346 pliciter,
643 3280 697 3328 et
726 3271 1141 3328 invariabiliter
1171 3271 1386 3342 suscipi
1420 3271 1492 3326 ab
1527 3271 1601 3328 iis
1632 3275 1868 3344 propter
1896 3287 2019 3344 quae

375 3363 496 3418 haec
513 3366 816 3434 geruntur,
833 3379 946 3416 non
970 3361 1291 3432 prohibuit.
1308 3361 1458 3428 Quin
1477 3361 1652 3418 etiam
1667 3366 1845 3418 testes
1863 3362 2018 3433 apud

377 3467 486 3506 nos
515 3453 574 3505 et
605 3449 821 3521 regulis
859 3450 1076 3505 nostris
1119 3451 1190 3505 ad
1225 3455 1342 3506 tres
1383 3465 1763 3506 numeramus
1796 3467 1810 3506 :
1843 3450 1945 3522 qui
1975 3450 2024 3505 si

379 3537 694 3608 caeteroqui
732 3537 871 3593 vitio
911 3544 1165 3603 careant,
1197 3541 1342 3594 satis
1388 3545 1523 3593 sunt
1553 3539 1622 3593 ad
1654 3539 1828 3594 ﬁdem
1867 3539 2022 3594 veri-

380 3627 486 3683 tati
534 3627 880 3691 faciendam,
914 3625 1182 3699 quamvis
1225 3627 1282 3682 in
1329 3627 1582 3700 episcopi
1615 3627 1835 3684 crimen
1873 3628 2024 3684 asci-

381 3719 661 3772 scantur:
691 3714 846 3787 apud
878 3713 1025 3771 alios
1056 3730 1186 3771 vero
1217 3714 1328 3771 nisi
1353 3717 1588 3772 testium
1622 3732 1904 3772 numerus
1935 3733 2027 3773 su-

382 3809 546 3879 peret
588 3804 956 3878 septuaginta
1001 3805 1168 3874 quasi
1219 3804 1518 3878 populum,
1555 3806 1653 3878 qui
1699 3809 2024 3877 accusatur,

381 3895 762 3966 quantumvis
807 3895 866 3952 in
916 3911 976 3951 re
1024 3894 1150 3966 ipsa
1197 3895 1367 3952 fuerit
1414 3896 1833 3970 deprehensus,
1865 3897 2027 3953 omni

381 3984 626 4042 crimine
656 3983 803 4040 liber
840 3983 1178 4040 absolvitur.
1209 3985 1364 4042 Satis
1393 4002 1517 4058 quze
1552 3986 1706 4043 dicta
1733 3991 1871 4043 sunt
1901 4003 2029 4044 esse

383 4075 532 4130 duco
555 4072 890 4131 hominibus
909 4073 1116 4146 sequis,
1133 4074 1348 4147 quique
1371 4091 1485 4132 non
1510 4076 1922 4150 malint,quam
1943 4077 2029 4134 in-

385 4162 664 4235 telligere,
706 4163 994 4234 redargui.
1027 4164 1170 4227 Quid
1205 4169 1401 4221 autem
1440 4165 1626 4238 ﬁgura
1663 4167 2025 4240 capillorum,

387 4268 453 4308 ac
466 4251 746 4323 temporis
757 4253 1085 4324 prorogatio
1099 4253 1170 4310 ad
1185 4255 1466 4310 sacerdoti
1477 4271 1574 4312 um
1590 4256 2027 4328 suscipiendum

386 4341 623 4415 potest?
653 4341 836 4398 Mores
864 4342 1019 4397 enim
1054 4341 1349 4401 hominem
1379 4349 1511 4402 ante
1541 4347 1847 4402 sacerdotii
1882 4347 2028 4420 ﬁgu-

388 4449 514 4490 ram
557 4431 793 4503 dignum
837 4431 1176 4499 ostendunt,
1218 4433 1444 4490 tametsi
1490 4436 1748 4491 nondum
1803 4436 1936 4509 quis
1977 4438 2028 4493 ei

388 4540 633 4582 manum
654 4522 934 4594 imponat,
952 4523 1210 4579 nondum
1235 4523 1437 4580 didicit
1455 4541 1669 4596 preces.
1686 4527 1852 4584 Multi
1874 4545 2030 4602 vero,

389 4631 539 4687 quos
585 4629 780 4671 mores
821 4613 1073 4686 fugiunt,
1105 4611 1310 4668 habitu
1356 4615 1686 4684 venerandi,
1725 4617 1785 4672 in
1835 4619 2028 4676 habitu

389 4703 762 4772 consistunt;
814 4703 1029 4759 etenim
1079 4701 1424 4775 capillorum
1469 4705 1747 4762 resecatio
1799 4708 2030 4781 signum

389 4795 478 4846 est
507 4792 962 4851 conversationis
993 4809 1028 4848 a
1059 4793 1300 4850 mortuis
1327 4792 1601 4867 operibus
1630 4811 1807 4866 purae.
1841 4801 1906 4853 Et
1934 4799 2035 4870 qui

388 4879 472 4935 ita
501 4884 612 4947 est,
636 4882 906 4952 quamvis
937 4882 1087 4956 signi
1120 4883 1261 4940 tuba
1288 4884 1550 4941 nondum
1581 4885 1830 4957 insonet,
1856 4888 2032 4946 vitam

388 4968 516 5039 ejus
538 4969 862 5040 pradicans
883 4987 1110 5043 puram,
1138 4972 1231 5030 hic
1251 4973 1313 5030 in
1336 4973 1518 5031 nihilo
1541 4974 1685 5032 mihi
1707 4992 1774 5032 eo
1795 4977 2035 5036 inferior

385 5057 601 5114 virtute
629 5062 736 5128 est,
770 5059 866 5130 qui
898 5060 1134 5132 signum
1169 5063 1332 5134 gerit.

2130 3270 2379 3324 θεοποιὸν
2435 3269 2596 3343 χάριν
2651 3271 2747 3322 τοῦ
2801 3267 3119 3341 Πνεύμστος
3174 3265 3534 3337 ἆπληθύντως
3592 3268 3779 3322 τεκαὶ

2130 3358 2567 3434 ἀπαραλλάκτως
2621 3357 2972 3429 ὑποδέξασθαι
3016 3359 3082 3414 τὰ
3130 3357 3211 3435 ἐφ’
3264 3359 3346 3420 οἷς
3393 3362 3564 3413 ταῦτα
3591 3357 3782 3414 τελεῖ-

2128 3469 2219 3504 ται
2249 3447 2312 3504 οὐ
2343 3446 2692 3518 διεκώλυσεν,
2723 3447 2869 3503 ἀλλά
2896 3447 2985 3502 κάὶ
3020 3449 3287 3524 μάρτυρες
3324 3447 3420 3522 μὶν
3458 3450 3594 3522 παρ’
3637 3450 3779 3520 ἡμῖν

2131 3539 2221 3594 καὶ
2249 3544 2370 3602 τοῖς
2400 3540 2526 3614 παρ’
2553 3539 2688 3608 ἡμῖν
2718 3536 2901 3592 κανόσι
2953 3537 3121 3616 μέχρι
3171 3542 3338 3614 τριῶν
3373 3536 3780 3612 ἀριθμούμενοι

2133 3627 2192 3685 ἃν
2212 3627 2402 3691 ἄλλως
2433 3623 2764 3696 ἀδιάϐλητοι
2795 3626 3064 3705 τύχωσιν,
3087 3627 3260 3682 ἱκανοὶ
3283 3627 3656 3682 πιστώσασθαι
3678 3627 3782 3694 τήν

2133 3717 2416 3791 ἀλήθειαν,
2445 3715 2542 3774 κᾶν
2563 3715 2638 3780 εἷς
2660 3715 2960 3772 ἐπισκόπου
2995 3717 3276 3796 ληφθῶσιν
3310 3715 3508 3787 ἐπίκλη
3521 3735 3615 3790 μα’
3649 3718 3784 3791 παρ’

2135 3806 2329 3871 ἄλλοις
2351 3806 2408 3862 δὲ
2438 3807 2498 3862 ἂν
2525 3808 2602 3880 μή
2625 3807 2717 3862 τὸν
2741 3801 3124 3880 ἐϐδομήκοντα
3155 3803 3331 3880 δῆμον
3350 3807 3413 3861 τὸ
3440 3811 3550 3861 τῶν
3578 3805 3784 3880 μαρτύο

2137 3919 2245 3974 ρων
2269 3900 2602 3976 ὑπερεκπέσῃ
2646 3895 2887 3968 πλῆθος,
2920 3896 3249 3973 ἀνέγκλητος
3270 3897 3297 3952 ὁ
3344 3897 3786 3974 καθηγούμενος,

2134 3990 2230 4045 κᾶν
2277 3989 2359 4045 ἐπ’
2407 3987 2711 4066 αὐτοφώρῳ
2755 3985 2942 4062 ληφθῇ
2985 3985 3306 4042 ἀπολύεται.
3363 3984 3669 4061 Ἐπιλείψει
3715 4007 3788 4061 με

2137 4082 2172 4149 ἠ
2221 4079 2402 4153 ἡμέρα
2444 4079 2540 4139 τάς
2583 4075 2833 4138 τοιαύτας
2883 4072 3142 4155 διαφοράς
3201 4075 3545 4152 ἐπιλέγοντα,
3595 4075 3786 4151 ἀρκεῖν

2139 4166 2185 4224 δ’
2234 4170 2480 4243 ἡγοῦμαι
2529 4165 2620 4222 καὶ
2666 4165 2762 4228 τὰς
2814 4163 3102 4241 εἰρημένας
3158 4169 3277 4227 τοῖς
3325 4164 3657 4241 εὐγνώμοσι,
3685 4167 3790 4221 καὶ

2138 4261 2222 4322 οἷς
2257 4259 2331 4333 μή
2369 4254 2581 4333 μᾶλλον
2611 4254 2869 4332 ἐράσμιον
2901 4259 2996 4311 τοῦ
3027 4254 3261 4311 συνιέναι
3280 4256 3342 4310 τὸ
3375 4253 3791 4331 διελέγχεσθαι.

2135 4352 2201 4407 Τί
2233 4347 2291 4404 δέ
2319 4347 2411 4405 καὶ
2441 4354 2638 4423 σχῆμα
2675 4351 2905 4424 τριχῶν,
2953 4348 3042 4402 καὶ
3091 4352 3294 4421 χρόνου
3352 4349 3655 4417 παράτασις
3703 4349 3794 4411 είς

2141 4439 2440 4516 ἱερωσύνης
2490 4435 2788 4512 ἀντίληψιν
2839 4434 3111 4506 δύναται;
3163 4437 3190 4492 ὁ
3251 4435 3345 4510 μὲν
3399 4436 3504 4512 γὰρ
3574 4436 3794 4506 τρόπος

2137 4529 2230 4586 τὸν
2278 4526 2447 4604 ἄνδρα
2502 4527 2591 4582 καὶ
2650 4529 2756 4602 πρὸ
2812 4525 2909 4582 τοῦ
2967 4528 3256 4601 σχήματος
3314 4529 3414 4591 τῆς
3479 4527 3794 4602 ἱερωσύνης

2143 4618 2408 4676 δείκνυσιν
2439 4615 2606 4686 ἄξιον,
2635 4615 2732 4671 κᾶν
2764 4617 2839 4689 μή
2872 4616 2960 4671 πώ
2987 4637 3071 4678 τις
3117 4616 3268 4687 αὐτῷ
3306 4615 3404 4683 τήν
3453 4621 3617 4690 χεῖρα
3659 4613 3794 4671 ἐπι-

2139 4710 2288 4782 τιθῇ,
2318 4705 2412 4763 κᾶν
2451 4707 2527 4780 μὴ
2560 4704 2791 4783 ἐπιλέγῃ
2823 4706 2922 4775 τήν
2965 4703 3156 4782 εὐχήν.
3201 4702 3452 4766 Πολλοὺς
3498 4701 3557 4759 δὲ
3595 4706 3791 4778 φυγὼν

2145 4799 2172 4853 ὁ
2230 4798 2434 4872 τρόπος
2490 4795 2574 4851 ἐπὶ
2636 4797 2928 4874 σχήματος
2990 4791 3168 4867 μένειν
3223 4793 3352 4856 τοὺς
3388 4795 3637 4870 σχήματι
3693 4815 3796 4851 σε-

2147 4887 2513 4961 μνυνομένους
2556 4881 2920 4960 ἐγκατέλιπεν.
2993 4883 3056 4938 Ἠ
3110 4883 3202 4957 μὶν
3252 4885 3354 4960 γὰρ
3410 4887 3518 4938 τῶν
3572 4889 3799 4959 τριχῶν

2142 4977 2440 5053 περικοπή,
2506 4972 2736 5049 σημεῖόν
2823 4974 2935 5028 ἐστι
3016 4971 3295 5038 πολιτείας
3377 4972 3799 5049 καθαρευούσης

2145 5067 2318 5142 ἔργων
2368 5066 2592 5138 νεκρῶν.
2641 5063 2698 5118 ⁸0
2740 5058 2798 5117 δὲ
2859 5061 2954 5117 τὸν
3012 5063 3203 5118 ἑαυτοῦ
3258 5061 3374 5138 βίον
3433 5059 3794 5133 ἀκηλίδωτον

389 5146 490 5217 ὅση
524 5144 753 5236 δύναμις
793 5154 1096 5225 συντηρῶν,
1135 5151 1230 5207 κᾶν
1286 5153 1321 5223 ἡ
1380 5156 1480 5209 τοῦ
1536 5154 1770 5228 σημείου
1828 5155 2060 5236 σάλπιγξ
2115 5158 2268 5215 οὔπω
2323 5156 2518 5233 ἡχήσῃ
2573 5151 2665 5208 τὸν
2727 5151 2847 5228 βίον
2901 5151 3066 5208 αὐτοῦ
3129 5151 3471 5226 κηρύττουσα
3526 5155 3802 5230 καθαρὸν,

401 5237 560 5299 οὗτος
593 5235 744 5292 οὐδὲν
773 5237 896 5313 ἐμοὶ
924 5243 1020 5293 τοῦ
1051 5239 1306 5318 φέροντος
1345 5242 1410 5298 τὸ
1441 5249 1669 5318 σημεῖον
1703 5243 2035 5324 ἐνδεέστερος
2055 5250 2132 5315 εἷς
2168 5248 2382 5323 ἀρέτήν.

460 5332 646 5406 Atque
666 5333 789 5390 hinc
810 5333 1070 5390 dicemus
1095 5350 1208 5390 non
1230 5351 1337 5391 nos
1358 5335 1516 5406 ipsos
1535 5342 2034 5400 commendantes.

384 5426 596 5488 Absitl
630 5439 794 5497 aeque
833 5423 985 5480 enim
1019 5439 1126 5480 nos
1159 5441 1191 5480 ο
1221 5427 1483 5484 moribus
1524 5432 1692 5499 atque
1735 5430 1806 5485 ab
1836 5429 2036 5489 habitu

386 5518 708 5586 abfuimus,
742 5518 1088 5584 tantumque
1127 5513 1312 5583 abest,
1339 5518 1404 5570 ut
1441 5515 1563 5572 haec
1594 5516 1664 5573 de
1693 5519 1913 5592 meipso
1943 5521 2039 5577 di-

387 5629 538 5680 cam,
570 5614 636 5666 ut
673 5607 888 5677 verius,
922 5606 972 5663 si
1017 5603 1120 5678 qui
1151 5620 1257 5662 nos
1297 5604 1477 5662 velint
1517 5605 1639 5664 risu
1680 5624 1746 5664 ao
1784 5609 2040 5668 dicteriis

396 5701 709 5769 incessere,
742 5697 968 5772 possint
999 5692 1189 5766 magis
1217 5709 1286 5750 ex
1317 5693 1575 5752 moribus
1605 5697 1926 5756 sacerdotio
1957 5700 2042 5756 di-

2217 5338 2317 5394 Καὶ
2373 5336 2542 5392 ταῦτά
2596 5354 2768 5413 φαμεν
2827 5332 2934 5410 οὐχ
2990 5333 3212 5396 ἑαυτοὺς
3308 5333 3797 5409 ἀποσεμνύνοντες,

2153 5429 2228 5502 μή
2278 5447 2332 5482 τι
2378 5425 2618 5503 γένηται.
2663 5422 2889 5494 Έπίσης
2929 5423 3033 5498 γὰρ
3081 5425 3244 5496 ἡμεῖς
3290 5428 3399 5479 τῶν
3454 5444 3515 5479 τε
3542 5424 3794 5500 τρόπων,

2149 5516 2239 5573 καὶ
2292 5519 2390 5572 106
2430 5515 2719 5589 σχήματος
2775 5511 3177 5586 ἀπελιπόμεθα,
3238 5513 3326 5568 καὶ
3379 5518 3639 5570 τοσοῦτον
3681 5512 3796 5570 δέὼ

2146 5610 2320 5663 ταῦτα
2362 5603 2541 5683 λέγειν
2590 5604 2713 5678 περὶ
2760 5601 3020 5675 ἐμαυτοῦ,
3072 5600 3210 5657 ὥστε
3265 5601 3356 5658 καὶ
3408 5601 3796 5682 εὐλογώτερον

2149 5695 2287 5754 εἶναί
2317 5715 2465 5774 φημι
2512 5698 2630 5755 τοῖς
2677 5691 3036 5768 βουλομένοις
3082 5690 3440 5750 ἐπισκώπτειν
3485 5695 3633 5766 ἡμᾶς
3682 5693 3798 5749 ἀπὸ
