4090 6228
307 352 430 416 609

1553 363 2103 427 EPISTOLARUM
2147 365 2383 429 LIBER
2429 367 2476 429 Ι.

3600 372 3720 438 610

310 492 420 544 τῶν
477 488 696 566 τρόπων
755 489 968 564 μᾶλλον
1005 495 1111 547 τῶν
1167 499 1267 562 τῆς
1323 494 1620 572 ἱερωσύνης
1678 496 1864 572 ἀξίων,
1917 499 1953 570 ἢ

2071 503 2220 576 guis,
2263 520 2440 576 quam
2471 519 2540 560 ex
2570 503 2754 576 figura
2781 505 2840 562 in
2875 523 2978 563 nos
3016 505 3342 581 insurgere.
3375 507 3498 564 Non
3539 508 3718 581 igitur

311 579 420 635 ἀπό
451 601 515 659 γε
544 585 642 637 :06
683 584 978 659 φχήματος
1025 581 1429 643 ἐπανίστασθαι.
1463 587 1573 642 Ούκ
1625 590 1756 664 ὑπὲρ
1790 591 1952 664 ἡμῶν

312 668 410 724 061:
447 674 640 738 ταῦτα,
669 668 797 726 ἀλλ’
857 672 988 748 ὑπὲρ
1047 673 1122 728 ὧν
1152 673 1242 728 ναὶ
1301 675 1529 750 πρόσθεν
1563 674 1769 756 ἔφημεν
1825 680 1952 754 γρά-

311 781 488 836 φεται.
547 763 803 836 Πατέρων
852 764 954 840 γάρ
1013 769 1198 826 κακῶς
1257 765 1567 822 ἀκουόντων
1625 765 1844 824 δέδοικα
1894 773 1958 825 τὸ

317 851 395 924 μή
440 849 948 927 ὑπεραγωνίζεσθαι.
1010 856 1070 907 Τί
1129 853 1258 928 γὰρ,
1315 859 1466 931 σιγᾷν
1526 857 1722 932 παρὸν,
1794 858 1960 933 ὑπερ-

315 940 695 1018 αγωνίζεσθαι,
748 940 839 996 καὶ
893 941 954 996 τὸ
1001 948 1100 1012 τῆς
1158 941 1459 1017 κωμῳδίας
1508 945 1847 1026 ἀπάρχεσθαι
1897 945 1959 1002 ού

314 1031 451 1086 κατά
481 1028 628 1087 πολὺ
675 1031 738 1086 τὸ
787 1028 1085 1111 διάφορον;
1139 1033 1202 1089 τὸ
1234 1030 1292 1088 δὲ
1339 1033 1679 1108 πατραλοίας
1740 1035 1962 1113 ὑπέχειν

312 1121 526 1200 γραφὴν
577 1119 668 1176 καὶ
707 1122 742 1191 ἡ
792 1121 950 1199 φύσις
1004 1139 1352 1184 μυσαττεται.
1413 1121 1622 1180 Οὔκουν
1671 1126 1959 1200 Ταράσιος,

315 1209 352 1278 ἢ
383 1210 701 1284 Νικηφόρος
761 1211 1026 1281 ὑπαίτιοι,
1059 1213 1113 1266 οἳ
1172 1212 1264 1268 τὸν
1317 1211 1436 1286 βίον
1475 1218 1573 1269 :06
1620 1215 1818 1290 θρόνου
1869 1216 1958 1270 καὶ

317 1299 426 1373 πρὸ
450 1301 546 1352 :06
586 1301 877 1377 σχήματος
921 1297 1260 1374 ἐπεδείξαντο
1304 1301 1474 1372 ἄξιον.
1527 1301 1659 1360 Οὐδ’
1711 1299 1961 1381 Ἀμϐρό-

315 1409 437 1451 σιος
468 1392 650 1450 κακῶς
690 1388 931 1461 ἀκούσει,
978 1390 1070 1446 καὶ
1120 1390 1458 1464 δυσωπήσει,
1503 1391 1560 1448 εὖ
1601 1391 1701 1448 οἶδ’
1733 1395 1815 1448 ὅτι
1868 1393 1958 1448 καὶ

315 1476 562 1534 Λατίνων
595 1479 641 1534 εἰ
683 1481 847 1553 μήτις
879 1478 1070 1552 ἄλλος,
1105 1477 1435 1559 Ἀμϐρόσιος
1465 1481 1752 1545 Λατινίδος
1782 1483 1961 1558 ὑπάρ-

313 1588 434 1645 χων
477 1565 873 1643 καλλώπισμα,
923 1572 1011 1626 καὶ
1047 1570 1292 1628 Λατίνων
1342 1571 1570 1648 γλώσσῃ
1629 1571 1816 1628 πολλὰ
1868 1571 1958 1628 καὶ

313 1658 626 1735 ψυχωφελῆ
703 1660 1172 1734 συγγραψάμενος.
1262 1659 1402 1718 Οὐδὲ
1467 1662 1574 1734 μὴν
1661 1662 1957 1738 Νεκτάριος

313 1747 420 1802 ὑπὸ
471 1751 666 1820 μῶμον
715 1753 978 1806 πεσεῖται.
1023 1747 1261 1804 Σύνοδον
1316 1749 1416 1826 γὰρ
1457 1746 1617 1828 ἔσχεν
1656 1751 1959 1824 οἷ’κουμενι·

313 1838 420 1906 κήν
457 1811 722 1909 κυροῦσαν
769 1837 917 1910 αύτῷ
943 1845 1044 1908 τῆς
1094 1811 1400 1909 ἐπισκοπῖῆς
1428 1841 1492 1895 τὸ
1523 1811 1776 1914 Ἀάξίωμα,
1817 1811 1876 1896 61:
1910 1841 1964 1896 εἴ
1989 1811 2036 1876 Β

315 1947 402 1988 τις
442 1923 748 2001 ἐνδιασῦραι
805 1929 1144 2001 πειράσοιτο,
1177 1928 1275 1983 ούκ
1326 1929 1509 1998 αύτὸν,
1543 1928 1688 1985 ἀλλὰ
1742 1932 1841 2000 τήν
1897 1952 1957 2008 γε

318 2013 544 2070 σύνοδον
604 2015 708 2071 61:6
766 2014 925 2087 δίκην
982 2016 1196 2090 μᾶλλον
1253 2023 1419 2087 ποιεῖ,
1497 2018 1674 2074 καίτοι
1749 2018 1954 2075 τούτων

317 2104 575 2181 ἑκάτερος
601 2104 706 2161 υύκ
762 2105 822 2161 ἐκ
852 2106 1046 2162 λαϊκοῦ
1106 2107 1271 2180 μόνον
1327 2106 1416 2162 ἐπὶ
1448 2109 1547 2178 τήν
1607 2111 1706 2177 τῆς
1765 2108 1958 2184 ἀρχιε-

317 2195 566 2268 ρωσύνης
602 2195 849 2270 προῆλθε
903 2193 1206 2266 τελείωσιν,
1261 2194 1408 2252 ἀλλὰ
1459 2197 1557 2251 κάν
1595 2201 1714 2260 τοῖς
1773 2198 1958 2271 ἀμυή-

312 2305 434 2348 τοις
493 2283 864 2358 ἐξεταζόμενοι
907 2287 1050 2360 ὁμοῦ
1087 2307 1146 2341 τε
1181 2293 1284 2356 τῆς
1340 2284 1545 2363 δωρεᾶς
1597 2290 1695 2342 :06
1756 2287 1962 2362 βαπτί-

315 2394 545 2447 σματος,
626 2376 714 2429 καὶ
799 2381 898 2444 τῆς
953 2375 1347 2453 ἀρχιερατικῆς
1413 2375 1731 2447 ἠξιώθησαν
1799 2377 1960 2452 χάρι-

313 2485 428 2528 τος.
465 2463 526 2520 Εἶ
562 2460 620 2519 δὲ
672 2465 882 2519 τούτων
915 2461 1217 2539 ούδέτερον,
1275 2463 1453 2527 ούδεὶς
1484 2464 1545 2520 ἃν
1605 2465 1658 2521 ἐν
1714 2465 1957 2530 εὐθύναις

316 2554 627 2630 λογίζεσθαι
679 2551 884 2627 τολμᾷ,
927 2552 1040 2609 οὐδ’
1081 2554 1127 2609 εί
1179 2553 1354 2610 πάντα
1410 2554 1607 2631 Θρασὺς
1665 2555 1776 2627 εἴη,
1833 2554 1958 2612 οὐδὲ

313 2644 582 2718 Ταράσιον
613 2643 704 2698 τὸν
763 2643 1030 2718 ἡμέτερον
1070 2646 1409 2721 πατρόθειον,
1453 2647 1518 2701 ού
1581 2643 1639 2701 δέ
1675 2667 1736 2719 γε
1795 2653 1960 2718 Νικη-

316 2734 488 2813 φόρον
517 2734 608 2787 τὸν
663 2732 753 2788 καὶ
809 2738 907 2788 τοῦ
964 2733 1155 2807 γὲνους
1185 2734 1276 2789 καὶ
1314 2738 1412 2790 τοῦ
1459 2735 1673 2808 θρόνου,
1705 2736 1794 2790 καὶ
1850 2740 1958 2791 τῶν

316 2824 537 2898 τρόπων
569 2822 731 2896 ἀξίως
781 2820 1062 2898 διάδοχον.
1099 2825 1203 2879 Ἐῶ
1249 2821 1306 2878 δὲ
1335 2828 1492 2878 τανῦν
1541 2825 1632 2880 τὸν
1689 2829 1788 2880 :06
1828 2831 1960 2880 Θεο-

323 2914 493 2989 λόγου
552 2913 882 2987 Γρηγόριον,
940 2913 1029 2968 καὶ
1092 2914 1184 2968 τὸν
1245 2913 1558 2988 Καισαρείας
1634 2913 1956 2984 Θαλάσσιον,

315 3003 408 3058 καὶ
456 3006 562 3056 τῶν
603 3000 817 3058 λοιπῶν
849 3002 1146 3078 ἀρχιερέων
1203 3003 1294 3057 τὸν
1323 3001 1529 3070 θίασον,
1562 3003 1620 3057 οἳ
1675 3004 1809 3059 κατὰ
1856 3005 1956 3074 τὴν

2064 610 2167 664 pro
2199 593 2368 650 nobis
2399 594 2540 660 haec,
2573 595 2673 651 sed
2703 612 2804 666 pro
2836 595 2908 652 iis
2931 613 3076 668 quos
3108 602 3243 653 ante
3264 598 3536 666 diximus,
3569 599 3718 654 scri-

2064 683 2305 739 buntur.
2337 683 2610 739 Patribus
2641 685 2796 740 enim
2817 685 2965 740 male
2991 686 3364 743 audientibus
3385 703 3489 758 pro
3510 685 3581 742 iis
3601 702 3717 742 non

2067 772 2357 828 decertare
2388 776 2581 829 metuo
2615 789 2629 828 :
2674 790 2810 830 nam
2841 779 3032 830 tacere
3062 790 3190 830 cum
3232 775 3577 831 defendendi
3612 791 3713 847 po-

2067 865 2249 918 testas
2275 862 2370 930 sit,
2393 867 2450 918 et
2466 863 2764 919 commdiis
2783 864 3068 920 incessere
3096 881 3210 920 non
3229 865 3480 921 multum
3499 865 3713 920 distat:

2069 968 2103 1007 a
2126 951 2422 1022 parricidii
2455 967 2588 1008 vero
2610 953 2848 1009 crimine
2870 954 2995 1021 ipsa
3017 970 3248 1026 quoque
3271 960 3479 1010 natura
3503 955 3720 1011 abhor-

2068 1045 2175 1098 ret.
2208 1041 2335 1098 Non
2366 1043 2544 1114 igitur
2577 1043 2852 1099 Tarasius
2879 1048 2978 1099 aut
3008 1044 3369 1114 Nicephorus
3401 1044 3460 1099 in
3492 1045 3718 1101 crimen

2067 1131 2414 1199 adducendi,
2455 1133 2557 1204 qui
2611 1133 2787 1188 vitam
2819 1133 3028 1190 throno
3071 1133 3244 1190 etiam
3286 1138 3421 1190 ante
3451 1133 3716 1190 habitum

2069 1221 2434 1292 praebuerant
2455 1221 2712 1291 dignam.
2737 1221 2936 1293 Neque
2958 1223 3300 1279 Ambrosius
3318 1221 3470 1280 male
3489 1223 3716 1293 audiat,

2068 1309 2334 1382 quinimo
2364 1309 2581 1366 Latinis
2620 1310 2731 1383 (sat
2773 1311 2914 1382 scio)
2959 1311 3201 1368 incutiet
3233 1314 3513 1384 pudorem
3545 1332 3559 1381 ;
3595 1312 3718 1369 nisi

2069 1400 2212 1456 forte
2240 1399 2393 1456 alius
2422 1401 2743 1457 exoriretur
2767 1400 3131 1469 Ambrosius,
3161 1402 3506 1472 Latinitatis,
3537 1403 3716 1458 decus

2068 1488 2280 1560 quique
2299 1489 2502 1544 Latino
2521 1505 2788 1545 sermone
2811 1488 3014 1559 multa,
3035 1506 3212 1562 eaque
3236 1490 3548 1548 utilissima
3563 1491 3714 1548 scri-

2065 1579 2195 1648 psit.
2218 1577 2334 1634 Nec
2363 1594 2498 1634 vero
2518 1579 2825 1636 Nectarius
2850 1579 2908 1634 in
2939 1579 3447 1652 reprehensionem
3474 1581 3721 1649 incidet,

2067 1665 2159 1721 cui
2189 1667 2448 1738 synodus
2475 1667 2822 1723 universalis
2842 1669 3209 1725 confirmavit
3239 1669 3494 1742 episcopi
3523 1671 3720 1743 digni-

2066 1759 2245 1810 tatem
2281 1773 2296 1824 ;
2323 1757 2536 1827 cuique
2561 1757 2609 1812 si
2635 1757 2760 1827 quis
2786 1757 3110 1814 obtrectare
3133 1763 3393 1828 conatur,
3420 1775 3533 1815 non
3555 1775 3718 1832 eum,

2067 1845 2166 1898 sed
2199 1846 2486 1916 synodum
2520 1846 2714 1916 potius
2737 1843 2912 1915 injus
2935 1851 3118 1900 vocat.
3152 1846 3221 1901 Et
3242 1846 3479 1917 quidem
3511 1862 3712 1902 eorum

2068 1938 2308 2004 uterque
2332 1949 2490 1989 none
2511 1933 2655 1989 laico
2678 1932 2872 1990 solum
2895 1934 2966 1990 ad
2984 1935 3348 2004 episcopatus
3365 1951 3716 2008 progressus

2065 2027 2154 2078 est
2183 2023 2764 2083 consummationem,
2798 2024 2897 2078 sed
2928 2039 3060 2079 cum
3086 2025 3344 2080 nondum
3372 2029 3570 2080 essent
3598 2025 3718 2080 ini-

2066 2111 2217 2178 tiati,
2252 2110 2430 2166 simul
2461 2115 2517 2166 et
2548 2110 2920 2182 baptismatis
2953 2128 3168 2168 munus
3206 2115 3274 2168 ad
3316 2113 3712 2184 pontiﬁcalem

2065 2198 2312 2271 gratiam
2343 2202 2700 2254 meruerunt.
2735 2197 2896 2261 Quod
2928 2199 2976 2254 si
3009 2199 3219 2255 horum
3252 2205 3523 2256 neutrum
3554 2200 3717 2272 quis-

2068 2304 2246 2360 quam
2313 2287 2387 2344 ad
2419 2287 2777 2344 reddendam
2831 2287 3115 2344 rationem
3179 2303 3471 2346 accersere
3519 2289 3716 2360 audet,

2066 2377 2237 2433 etiam
2285 2376 2452 2432 valde
2491 2375 2804 2441 conﬁdens,
2839 2392 2954 2431 non
2993 2377 3297 2433 Tarasium
3344 2378 3574 2449 quidem
3607 2395 3717 2434 no-

2067 2474 2253 2524 strum
2269 2464 2752 2538 proavunculum,
2768 2482 2870 2522 nec
2886 2465 3273 2538 Nicephorum
3296 2466 3457 2522 illius
3478 2473 3534 2524 et
3549 2483 3722 2540 gene-

2067 2557 2146 2613 ris
2169 2563 2221 2612 et
2253 2555 2408 2612 sedis
2428 2560 2486 2611 et
2513 2571 2743 2610 morum
2771 2555 3012 2627 dignum
3036 2573 3450 2613 successorem.
3474 2559 3716 2615 Preter-

2068 2646 2235 2700 mitto
2267 2644 2324 2699 in
2358 2660 2614 2716 praesens
2641 2653 2695 2700 et
2715 2643 2993 2716 Theologi
3028 2651 3322 2715 parentem
3347 2645 3716 2718 Gregorium,

2067 2740 2123 2791 et
2138 2736 2405 2790 Caesarea
2425 2733 2818 2800 Thalassium,
2841 2738 2898 2790 et
2916 2733 3255 2806 pontiﬁcum
3279 2735 3453 2790 vitam
3469 2737 3720 2808 reliquo-

2069 2842 2222 2892 rum,
2245 2823 2650 2896 quiconsimili
2672 2825 2875 2880 ordine
2893 2831 2947 2880 et
2967 2823 3080 2879 ritu
3105 2830 3377 2896 suscepto
3405 2827 3720 2897 praesulatu

2066 2913 2482 2982 Ecclesiarum,
2507 2912 2667 2968 omni
2687 2913 3110 2985 vituperatione
3133 2918 3190 2968 et
3210 2914 3502 2970 calumnia
3531 2931 3722 2972 carue-

2068 3009 2226 3060 runt.

322 3093 522 3167 ὁμοίαν
551 3093 695 3165 τάξιν
726 3112 786 3147 τε
827 3094 915 3147 καὶ
950 3091 1278 3147 ἀκολουθίαν
1324 3093 1420 3154 τὰς
1477 3097 1584 3148 τῶν
1613 3092 1954 3164 Ἐκκλησιῶν
2010 3091 2340 3168 προστασίας
2397 3089 2778 3166 ἀναδεξάμενοι
2837 3092 3036 3154 παντὸς
3067 3094 3249 3168 ψογου
3302 3093 3391 3147 καὶ
3451 3088 3718 3164 διαϐολῆς

315 3182 532 3252 ἀπάσης
563 3183 843 3257 κρείττους
874 3180 1140 3256 ἐγένοντο.

385 3273 566 3331 Ἀλλά
606 3279 774 3330 ταῦτα
828 3273 922 3348 μὶν
963 3274 1097 3348 ὁπὶρ
1145 3274 1218 3327 ὧν
1259 3279 1538 3346 προσῆκον
1597 3274 1662 3342 ἦν
1719 3274 1953 3347 ῥηθῆναι

2138 3277 2320 3345 Atque
2368 3273 2487 3328 haec
2534 3288 2635 3343 pro
2683 3271 2897 3344 quibus
2949 3272 3060 3328 dici
3110 3272 3506 3340 conveniebat,
3565 3275 3719 3333 dicta

313 3368 404 3423 καὶ
437 3366 670 3442 εἴρηται.
701 3364 857 3432 Ὑπὲρ
911 3365 1073 3437 ἡμῶν
1107 3360 1164 3418 δὲ
1190 3359 1243 3418 ἓν
1302 3361 1534 3436 εἷ’ρηται,
1594 3363 1684 3417 καὶ
1741 3362 1955 3438 εἰρήσε-

313 3480 422 3526 ται,
458 3457 531 3518 ὡς
570 3454 788 3515 ἄκοντες
837 3453 928 3509 καὶ
959 3451 1317 3531 εἷ’σήχθημεν,
1367 3452 1458 3507 καὶ
1509 3451 1677 3527 μέχρι
1719 3456 1817 3507 :06
1863 3456 1954 3507 1:61:

311 3550 386 3608 ὡς
426 3544 794 3621 κατεχόμενοι
849 3544 1204 3616 καθεζόμεθα.
1239 3543 1327 3598 Ἐν
1387 3547 1516 3596 πᾶσι
1577 3540 1633 3597 δὲ
1683 3543 1746 3597 τὸ
1805 3544 1957 3597 πειθο

317 3640 474 3709 ήνιον
505 3640 573 3710 τῇ
619 3638 858 3708 πατρικῇ
892 3633 1043 3707 ὑμῶν
1089 3628 1484 3695 ἐπιδεικνύντες
1525 3631 1732 3706 ἀγάπῃ,
1773 3627 1850 3688 ἔτι
1901 3629 1959 3687 δί

319 3731 505 3805 σαφῶς
534 3728 901 3800 παριστῶντες
937 3723 1010 3796 μή
1037 3720 1370 3797 φιλονεικίας
1403 3722 1564 3796 χάριν
1599 3723 1665 3776 τὰ
1706 3721 1956 3798 ῥηθέντα,

314 3825 416 3887 τῆς
451 3813 508 3870 δὲ
535 3818 645 3870 τῶν
680 3812 960 3888 μακαρίων
990 3811 1242 3886 Πατέρων
1274 3813 1436 3883 ἡμῶν
1467 3812 1774 3872 ἂθωώσεως
1806 3809 1956 3885 είρῆ-

317 3909 438 3962 σθαι
471 3901 769 3964 συνοδικῶς
803 3900 1178 3980 ἐκφωνηθῆναι
1219 3897 1714 3972 συνευδοκήσαμεν,
1765 3899 1960 3972 μηκέτι

314 4000 412 4052 :06
445 3993 647 4050 λοιποῦ
695 3991 832 4065 πρὸς
861 3991 923 4045 τὸ
965 3991 1063 4058 τῆς
1096 3988 1397 4058 ἐπισκοπῆς
1444 3985 1579 4062 ὕψος
1622 3987 1834 4058 ἀθρόως
1865 3988 1960 4042 ἀν-

314 4086 536 4163 άγεσθαι
568 4082 695 4143 τοὺς
727 4081 786 4137 ἐκ
843 4078 1070 4149 λαϊκῶν,
1130 4077 1166 4148 ἢ
1203 4081 1464 4152 μοναχῶν
1525 4078 1958 4155 ψηφιζομένους,

316 4175 363 4231 εί
401 4175 478 4247 μή
515 4170 604 4228 διὰ
630 4175 740 4226 τῶν
781 4168 968 4246 ἐφεξῆς
999 4169 1288 4243 ἱερατικῶν
1331 4167 1555 4242 βαθμῶν
1589 4163 1959 4224 διοδεύσωσιν.

315 4265 408 4322 Ἐν
443 4264 528 4326 οἷς
558 4263 660 4336 γὰρ
695 4255 998 4314 σκανδάλου
1028 4258 1188 4321 νόσος
1217 4261 1334 4318 τοῖς
1364 4253 1628 4333 ἀδελφοῖς
1655 4256 1960 4332 ἐπιφύεται,

316 4354 381 4409 ἂν
417 4352 495 4425 μὴ
532 4354 666 4426 μέγα
720 4347 934 4424 βλάπτῃ
961 4349 1024 4402 τὸ
1084 4347 1352 4417 ἰάσασθαι,
1386 4343 1500 4400 ἐπεὶ
1552 4347 1640 4401 καὶ
1681 4345 1844 4420 ἄφετε
1874 4345 1963 4401 αύ-

315 4437 852 4518 τους,ἐδιδάχθημεν
885 4433 1352 4506 σκανδαλίζεσθαι.
1382 4438 1544 4491 Ὅταν
1578 4436 1720 4496 τινες
1751 4435 1961 4497 ἑκόντες

313 4537 397 4606 τῷ
463 4531 650 4606 φθόνῳ
705 4527 1120 4605 τυφλώττωσιν,
1175 4521 1391 4598 ἕτοιμοι
1452 4523 1600 4580 λύειν
1643 4527 1807 4599 ἡμεῖς
1863 4529 1961 4580 :06

317 4618 623 4678 σκανδάλου
679 4619 779 4688 τὴν
833 4617 1120 4694 πρόφασιν,
1155 4607 1250 4669 ’καὶ
1313 4612 1513 4690 ῥᾴστην
1572 4615 1832 4689 παρέχειν
1890 4617 1959 4688 τῇ

316 4708 600 4788 ἀφαιρέσει
663 4711 760 4762 τοῦ
821 4705 1298 4780 συνταράσσοντος,
1358 4704 1455 4773 τήν
1526 4703 1808 4777 θεραπείαν
1863 4707 1960 4758 τοῦ

317 4800 774 4877 ἀῤῥωστήματος.
821 4796 889 4850 T6
923 4795 1015 4868 μὲν
1047 4791 1140 4848 061:
1189 4791 1275 4847 ἐπὶ
1315 4797 1422 4848 τῶν
1472 4795 1957 4869 προγεγενημένων

316 4886 684 4966 ἀποδέχεσθαι
715 4886 816 4955 τὴν
848 4878 1184 4952 συλϐουλὴν,
1242 4880 1333 4935 καὶ
1371 4882 1464 4936 τὸν
1521 4883 1647 4956 παρ’
1689 4882 1818 4954 ὑμῖν
1869 4901 1960 4935 κα-

315 4980 448 5034 νόνα
494 4965 711 5051 κράτεῖν
773 4973 978 5045 ἀξιοῦν,
1035 4973 1171 5026 κατὰ
1225 4970 1474 5047 [Ιατέρων
1522 4971 1588 5039 ἦν
1646 4972 1746 5040 τήν
1808 4965 1960 5046 ὕϐριν

318 5068 658 5143 ἀναμετρεῖν,
688 5063 778 5120 καὶ
827 5061 954 5123 τοὺς
1009 5058 1177 5134 μηδὲν
1218 5058 1553 5131 ἠδικηκότας
1603 5057 1758 5131 δίκην
1807 5060 1963 5114 ἀπαι-

314 5163 426 5213 τεῖν
462 5177 477 5191 ·
507 5155 571 5209 :6
601 5151 646 5208 δ’
696 5152 771 5215 εἰς
819 5151 947 5213 τοὺς
984 5148 1168 5204 ἔπειτα
1211 5147 1609 5224 γενησομένους
1655 5153 1958 5224 συγχωρεῖν

318 5247 408 5304 καὶ
495 5241 875 5318 παραπέμπειν
933 5239 1106 5316 κρίσει
1192 5236 1446 5308 πολλῶν,
1500 5234 1624 5292 οὔτε
1699 5237 1962 5313 ἱΙατράσιν

319 5332 475 5409 ὕϐριν
504 5333 746 5408 ἐμποιεῖ,
797 5327 922 5386 οὔτε
950 5329 1143 5398 ποινὴν
1195 5324 1404 5396 ἄδικον,
1433 5323 1559 5382 ἀλλ’
1603 5325 1728 5382 ούδὶ
1761 5327 1961 5400 ζημίαν

320 5426 510 5504 ἐπάγει
567 5424 700 5482 τισί.
760 5426 852 5477 Δεῖ
903 5420 1006 5497 γὰρ
1063 5419 1130 5474 τὰ
1186 5417 1433 5480 τεθέντας
1503 5415 1812 5495 φυλάσσειν,
1870 5416 1962 5474 καὶ

319 5516 556 5592 πατράσι
576 5516 738 5570 τέκνα
779 5508 986 5568 δίκαιόν
1018 5530 1078 5565 τε
1107 5508 1196 5564 καὶ
1231 5507 1378 5563 ὅσιον
1409 5507 1748 5583 πειθαρχεῖν.

2063 3363 2203 3420 sint.
2235 3362 2315 3419 De
2337 3363 2506 3418 nobis
2535 3365 2730 3418 autem
2761 3377 2940 3417 unum
2971 3362 3193 3418 dictum
3223 3367 3332 3430 est,
3375 3380 3440 3419 ac
3471 3363 3718 3423 dicetur.

2066 3455 2233 3512 Inviti
2256 3456 2371 3512 huc
2401 3455 2636 3512 adducti
2667 3471 2874 3512 sumus
2906 3471 2921 3512 :
2947 3471 3130 3527 usque
3157 3454 3348 3512 adhuc
3373 3456 3716 3525 retinentur,

2069 3551 2124 3602 et
2145 3547 2438 3602 sedemus.
2469 3546 2946 3600 Demonstrantes
2969 3550 3160 3600 autem
3182 3561 3289 3601 nos
3315 3545 3720 3617 obtemperare

2069 3640 2322 3708 paternas
2373 3638 2578 3690 vestra:
2623 3632 2909 3699 charitati,
2960 3641 3273 3705 aperteque
3319 3635 3717 3705 ostendentes,

2067 3740 2183 3780 non
2215 3722 2604 3779 contentionis
2635 3738 2812 3778 causa
2843 3721 2960 3776 haec
3006 3722 3162 3778 dicta
3203 3738 3354 3788 esse,
3387 3725 3482 3779 sed
3517 3724 3718 3781 beato-

2068 3828 2198 3866 rum
2225 3819 2552 3867 noslrorum
2582 3810 2818 3866 Patrum
2844 3809 3199 3881 purgationis
3223 3827 3237 3867 :
3261 3811 3483 3868 assensi
3506 3828 3714 3870 sumus

2069 3903 2134 3955 ut
2161 3899 2436 3970 synodice
2473 3899 2550 3968 (4)
2584 3897 3067 3969 promulgaretur,
3097 3915 3169 3954 ne
3208 3900 3447 3969 posthac
3492 3901 3561 3954 ad
3597 3900 3717 3972 epi-

2069 3992 2347 4059 scopatus
2378 3985 2797 4041 sublimitatem
2821 3986 3121 4040 confestim
3150 3985 3579 4054 extollerentur,
3613 3987 3714 4058 qui

2071 4095 2101 4133 e
2132 4076 2296 4132 laicis
2345 4076 2434 4131 vel
2476 4073 2781 4130 monachis
2833 4082 3185 4140 crearentur,
3236 4075 3352 4131 nisi
3382 4091 3484 4147 per
3521 4091 3718 4132 sacros

2071 4165 2341 4236 deinceps
2380 4164 2598 4237 gradus
2650 4165 3042 4234 procederent.
3067 4162 3210 4218 Nam
3251 4163 3346 4218 ubi
3377 4163 3716 4220 oll‘ensionis

2071 4256 2308 4312 morbus
2356 4254 2626 4310 Patribus
2657 4253 2933 4320 exoritur,
2975 4252 3087 4307 nisi
3121 4253 3267 4309 forte
3308 4253 3595 4310 medicina
3622 4253 3718 4310 lae-

2071 4346 2166 4400 dat
2196 4343 2685 4416 (quandoquidem
2716 4341 3029 4399 nonnullos
3057 4342 3199 4398 vitio
3230 4359 3334 4400 suo
3373 4343 3582 4400 ell'endi
3617 4360 3716 4400 su-

2074 4450 2200 4491 mus
2226 4434 2430 4503 edocti,
2455 4448 2586 4488 cum
2611 4437 2817 4505 sponte
2843 4436 3081 4505 propter
3101 4432 3380 4488 invidiam
3404 4434 3718 4488 caecutiunt

2072 4524 2254 4594 parati
2276 4539 2484 4579 sumus
2505 4523 2869 4578 occasionem
2890 4521 3090 4578 tollere
3111 4521 3449 4577 offensionis
3470 4525 3523 4577 et
3550 4538 3718 4577 scan-

1993 4600 2037 4666 D
2070 4613 2208 4680 dali,
2235 4611 2687 4682 facillimamque
2706 4612 2979 4682 praebere,
3003 4609 3231 4666 sublato
3249 4626 3314 4665 eo
3341 4610 3497 4680 quod
3518 4609 3718 4667 turba-

2071 4705 2187 4772 bat,
2221 4703 2579 4776 azgritudinis
2609 4719 2828 4758 curam.
2861 4701 3244 4766 Quamobrem
3274 4702 3346 4757 de
3378 4701 3548 4758 rebus
3573 4719 3716 4774 pra:-

2069 4795 2252 4851 teritis
2293 4793 2600 4850 consilium
2632 4793 2911 4864 accipere,
2951 4797 3008 4847 et
3057 4790 3350 4863 postulare
3391 4797 3453 4847 ut
3483 4808 3550 4848 ea
3587 4809 3716 4864 quae

2071 4885 2226 4956 apud
2258 4901 2360 4940 vos
2411 4891 2518 4952 est,
2561 4882 2760 4952 regula
2789 4885 3005 4947 teneat,
3047 4882 3320 4937 Patribus
3362 4889 3479 4938 erat
3510 4886 3720 4939 contu-

2074 4972 2304 5029 meliam
2345 4970 2632 5037 admetiri,
2667 4975 2725 5026 et
2762 4970 2832 5025 ab
2872 4969 2944 5025 iis
2979 4969 3079 5042 qui
3121 4969 3266 5025 nihil
3305 4969 3720 5041 deliquissent,

2073 5078 2271 5134 pmnas
2301 5066 2583 5132 expetere.
2627 5059 2688 5113 In
2717 5063 3013 5131 posterum
3048 5074 3182 5114 vero
3217 5059 3274 5113 id
3305 5060 3641 5128 concedere,
3665 5067 3721 5116 et

2071 5149 2404 5223 permittere
2425 5147 2738 5204 multorum
2755 5147 2979 5219 judicio
3005 5163 3109 5203 nec
3130 5147 3404 5204 Patribus
3419 5154 3720 5206 contume-

2072 5238 2211 5294 liam
2243 5238 2430 5308 all'ert,
2464 5253 2566 5293 nec
2595 5236 2867 5308 cuiquam
2908 5253 3137 5308 poenam
3182 5236 3492 5308 injustam,
3535 5256 3602 5296 ac
3647 5255 3719 5295 ne

2072 5329 2356 5385 damnum
2375 5327 2614 5400 quidem
2638 5326 2869 5397 irrogat.
2891 5327 3028 5392 Quae
3045 5327 3199 5382 enim
3217 5327 3533 5383 constituta
3555 5331 3716 5394 sunt,

2072 5418 2369 5475 custodire
2399 5420 2626 5488 oportet
2656 5435 2671 5483 ;
2705 5420 2761 5473 et
2793 5415 3055 5486 patribus
3091 5415 3243 5472 ﬁlios
3268 5417 3365 5488 jus
3402 5418 3604 5488 fasque
3631 5419 3722 5472 est

2077 5507 2334 5562 obedire.

1998 5631 2226 5690 NOTAE.

388 5737 470 5812 (4)
497 5735 639 5794 Gan.
675 5733 764 5804 17,
797 5729 1079 5803 repetitus
1109 5727 1169 5785 in
1201 5731 1396 5786 octava
1422 5725 1642 5802 synodo
1673 5723 1952 5783 Photiana
1977 5723 2221 5781 inferius
2250 5721 2357 5780 sub
2389 5723 2562 5782 Joan.
2592 5739 2722 5796 pap.
2766 5727 2969 5781 octavo
2999 5721 3218 5780 habita.
