4090 6228
371 343 507 412 ’611

1597 341 1866 404 ΡΗΟἸῚῙ
1908 341 2434 405 PATRIARCHE
2476 343 2594 404 ΟΡ.

3679 339 3794 403 612

468 480 688 537 Idcirco
711 478 955 544 alterum
980 478 1216 550 quidem
1237 492 1350 534 non
1369 475 1723 548 accepimus,
1747 475 1848 532 sed
1871 490 2040 546 repu-

2225 473 2317 528 Διὸ
2345 473 2408 528 τὸ
2442 474 2535 546 μὲν
2570 471 2630 527 οὐ
2672 469 3086 547 προσηκάμεθα,
3119 467 3249 524 ἀλλ’
3289 466 3796 542 ἀπεδοκιμάσαμεν,

395 571 593 639 limus,
624 577 678 626 et
704 569 841 626 aliis
875 574 939 624 ut
967 567 1332 640 repellerent,
1365 567 1685 636 suasimus,
1719 570 1893 638 atque
1913 582 2042 622 sua-

395 659 664 715 debimus
693 657 976 725 ;alterum
1010 673 1141 712 vero
1162 660 1215 711 et
1242 654 1579 724 ascivimus,
1602 659 1659 710 et
1688 653 2044 728 synodaliter

395 747 644 820 egimus.
667 748 852 817 Atque
886 745 1108 801 utinam
1137 745 1360 817 pridem
1396 743 2039 816 Constantinopolitaua

400 836 652 893 Ecclesia
678 834 932 908 regulam
964 835 1109 890 hanc
1136 839 1426 890 servasset
1459 833 1470 888 l
1496 834 1590 890 Sic
1621 833 1771 889 enim
1803 833 2040 889 fortasse

399 928 778 985 intolerabilis
807 926 1114 997 violentiae,
1145 931 1202 983 et
1232 926 1604 982 inﬂuentium
1637 926 1695 980 in
1730 942 1821 980 me
1850 925 2040 996 oppri-

399 1019 799 1089 mentiumque
843 1017 1343 1072 incommodorum
1395 1017 1625 1071 turbam
1681 1013 2035 1086 ell‘ugissem.

341 1161 344 1166 .
398 1108 608 1165 Verum
640 1108 770 1163 aliis
801 1107 1034 1178 quidem
1063 1107 1136 1162 ob
1160 1107 1408 1162 salutem
1437 1113 1490 1161 et
1520 1122 1795 1161 curarum
1827 1103 2038 1159 libera-

393 1199 612 1254 tionem
636 1197 837 1269 regula
859 1213 925 1253 ea
954 1197 1167 1267 scripta
1187 1200 1276 1253 est
1307 1213 1320 1252 :
1349 1196 1488 1251 mihi
1514 1213 1643 1252 vero
1666 1195 1851 1251 crebri
1884 1192 2040 1248 fabo-

394 1304 542 1355 rum,
567 1287 1100 1360 aagritudinumque
1123 1283 1826 1357 inﬂuxusquzelibsratio,
1847 1297 2042 1355 quasve

395 1378 538 1433 ratio
560 1389 613 1433 et
642 1378 729 1433 vla
761 1376 1004 1432 inveniri
1040 1375 1247 1447 poterit
1275 1374 1303 1428 ‘i
1332 1375 1493 1438 Quod
1528 1373 1835 1430 instabiles
1866 1369 2043 1428 stabi—

394 1467 499 1522 lire
546 1469 823 1537 oporteat,
859 1465 1086 1536 ignaros
1123 1465 1385 1531 educere,
1428 1463 1755 1519 ineruditos
1787 1459 2039 1530 erudire,

395 1561 453 1612 et
483 1555 706 1610 ratione
751 1571 815 1610 ac
845 1568 1116 1609 sermone
1155 1568 1254 1610 eos
1296 1552 1549 1624 aggredi,
1592 1554 1693 1623 qui
1733 1567 1880 1624 aegre
1911 1566 2042 1606 con-

394 1648 711 1710 vertuntur,
745 1649 800 1699 et
831 1642 1027 1714 ﬂagris
1077 1647 1369 1711 protervos
1419 1642 1749 1714 reprimere,
1799 1641 2041 1712 ignavos

395 1733 666 1800 excitare,
697 1731 882 1787 avaris
922 1732 1268 1802 persuadere
1300 1731 1679 1802 pecuniarum
1712 1729 2037 1799 despicien-

2149 561 2238 617 καὶ
2279 568 2394 624 τοῖς
2445 559 2640 626 ἄλλοις
2698 559 3125 634 ἀποδοκιμάζειν
3186 555 3691 632 συνεϐουλεύσαμέν
3741 579 3800 614 τε

2149 654 2239 710 ταὶ
2298 649 2805 728 συμϐουλεύσομεν.
2839 653 2918 710 Τὸ
2967 650 3023 707 δὲ
3077 651 3168 706 καὶ
3227 652 3798 726 προσῳκειωσαμεθα,

2148 743 2238 799 καὶ
2300 739 2601 805 συνοδικῶς
2685 739 3106 818 διεπραξάμεθα,
3182 740 3274 795 καὶ
3351 737 3460 794 ε’ίθε
3515 737 3698 794 πάλαι
3764 741 3799 809 ἡ

2151 830 2802 888 Κωνσταντινουπολιτῶν
2863 830 3162 900 Ἐκκλησία
3205 830 3298 884 τὸν
3349 828 3550 884 κανόνα
3603 832 3800 883 τοῦτον

2147 923 2494 1003 φυλάττουσα
2525 924 2897 1001 κατεφαίνετο.
2940 924 3100 979 Οὕτω
3130 920 3230 994 γὰρ
3277 920 3335 974 ἂν
3368 918 3506 983 ’ίσως
3542 918 3657 996 ἐγὼ
3700 923 3804 984 τῆς

2147 1013 2426 1092 ἀφορήτου
2474 1012 2618 1087 βίας,
2649 1013 2738 1068 καὶ
2787 1017 2893 1067 τῶν
2940 1009 3299 1085 ἐπιρῥεόντων
3355 1032 3449 1084 μοι
3499 1011 3596 1065 καὶ
3649 1031 3798 1083 συμ-

2147 1104 2451 1177 πνιγὸντων
2494 1101 2863 1177 πειρατηρίων
2913 1102 3004 1157 τὸν
3065 1099 3238 1176 ὄχλον
3296 1098 3572 1178 ἐξέφυγον.
3644 1099 3802 1156 Ἀλλ’

2149 1190 2352 1267 ἑτέροις
2415 1191 2508 1265 μὲν
2556 1189 2643 1246 ἐπὶ
2686 1189 2930 1265 σωτηρίᾳ
2985 1189 3076 1245 καὶ
3128 1187 3430 1266 ἀπαλλαγῇ
3489 1185 3802 1267 φροντίδων

2149 1281 2176 1334 ό
2219 1281 2396 1336 κανὼν
2447 1281 2865 1356 ἀναγέγραπται,
2907 1277 3032 1352 ἐμοὶ
3085 1275 3141 1333 δὲ
3188 1285 3288 1347 τῆς
3350 1275 3804 1347 ἀλλεπαλλήλου

2147 1372 2254 1424 τῶν
2314 1369 2497 1424 πόνων
2544 1389 2603 1424 τε
2649 1369 2740 1424 καὶ
2785 1369 3048 1442 καμάτων
3111 1365 3373 1443 ἐπιρῥοῆς
3429 1367 3518 1429 τίς
3567 1368 3802 1442 μηχανὴ

2150 1464 2249 1527 τῆς
2277 1457 2603 1534 ἀπαλλαγῆς
2655 1457 3035 1532 εύρεθήσεται;
3086 1455 3214 1519 τοὺς
3260 1455 3625 1530 ἀστηρίκτους
3669 1475 3804 1524 στη-

2153 1550 2310 1624 ρίξαι,
2378 1547 2504 1611 τοὺς
2571 1547 2799 1621 ἀμαθεῖς
2871 1544 3168 1616 ἐκδιδαξαι,
3232 1544 3359 1607 τοὺς
3437 1542 3801 1606 ἀπαιδεύτους

2151 1637 2455 1708 παιδεῦσαι,
2487 1659 2578 1692 και
2618 1641 2696 1710 τῷ
2729 1635 2885 1714 λόγῳ
2916 1637 3223 1710 πειρᾶσθαι,
3258 1634 3311 1689 οἳ
3345 1633 3514 1708 μόλις
3545 1633 3806 1709 ἐπιστρέ-

2153 1750 2344 1799 φονται
2375 1727 2464 1782 καὶ
2504 1732 2624 1788 ταῖς
2661 1725 2874 1799 μάστιξι
2911 1745 2924 1759 ο
2964 1725 3092 1786 τοὺς
3133 1725 3347 1798 θρασεῖς
3388 1721 3639 1788 ἑλκῦσαι,
3670 1724 3804 1786 τοὺς

395 1823 560 1892 tiam,
592 1830 763 1893 atque
808 1837 1126 1894 pauperum
1160 1837 1414 1876 amorem
1465 1839 1480 1889 ;
1532 1821 1822 1875 refrenare
1859 1819 2041 1874 ambi-

2159 1795 2460 1894 βλακώδεις
2491 1795 2785 1891 ἀνδρῶσαι,
2839 1816 2965 1877 τοὺς
3009 1795 3379 1892 φιλαργύρους
3417 1818 3603 1869 πεῖσαι
3654 1833 3806 1887 ’χρη-

396 1913 596 1978 tiosos,
643 1911 840 1982 itaque
891 1911 1274 1972 assuefacere.
1325 1915 1390 1964 ut
1437 1910 1716 1964 honorem
1775 1911 2046 1978 expetant

400 2001 499 2073 qui
513 1999 1025 2065 honorabiliorem,
1053 1999 1516 2070 divinioremque
1529 1999 1783 2054 animam
1798 1996 2044 2066 efficiat;

397 2089 673 2162 superbos
720 2090 994 2145 deorsum
1026 2089 1275 2157 trahere,
1318 2104 1533 2160 eosque
1584 2087 1654 2142 ad
1699 2086 2046 2144 modestiam

401 2178 634 2244 hortari,
667 2181 723 2235 et
745 2179 814 2234 ad
860 2177 1082 2234 modice
1125 2178 1196 2234 de
1242 2193 1299 2234 se
1331 2177 1699 2234 sentiendum
1733 2193 1748 2240 ;
1780 2175 2045 2247 impuros

397 2285 464 2325 ac
482 2268 822 2324 libidinosas
847 2272 904 2323 et
927 2267 1268 2324 fornicarios
1291 2267 1694 2338 comprimere,
1727 2272 1784 2324 et
1809 2269 1880 2324 ad
1903 2272 2049 2324 tem-

396 2358 714 2428 perantiam
747 2357 1110 2413 conformare
1153 2375 1168 2425 ;
1202 2356 1508 2428 prohibere
1551 2357 1822 2426 injurias,
1855 2357 2045 2413 homi-

395 2462 617 2518 nesque
649 2447 721 2501 ad
748 2445 908 2516 juste
923 2445 1215 2517 agendum
1235 2445 1520 2501 adducere
1547 2462 1559 2512 ;
1583 2444 1764 2500 lenire
1785 2448 1841 2500 et
1872 2461 2038 2500 man-

397 2537 692 2592 suefacere
713 2535 1046 2598 iracundos,
1080 2533 1482 2605 pusillanimes
1513 2533 1798 2591 consolari
1836 2552 1850 2601 ;
1885 2551 1950 2590 ac
1975 2551 2045 2591 ne

397 2627 602 2680 caetera
633 2622 933 2693 sigillatim
957 2638 1318 2692 enumerem,
1349 2624 1642 2678 consuetis
1676 2622 2044 2693 passionibus

396 2715 454 2768 et
481 2711 857 2783 improbitate
885 2716 939 2768 et
972 2712 1236 2783 nequitia
1261 2727 1388 2784 quae
1422 2716 1546 2767 tum
1579 2712 1807 2768 animas
1838 2712 1898 2768 in
1930 2729 2044 2768 ser-

398 2802 639 2856 vitutem
673 2802 968 2873 redigunt,
998 2805 1128 2857 tum
1169 2817 1412 2874 corpora
1454 2801 1776 2872 sordidant,
1809 2802 2044 2858 studere

395 2890 484 2946 vel
529 2891 738 2947 invitos
785 2907 885 2948 eos
931 2890 1176 2947 liberare
1220 2890 1321 2962 qui
1369 2890 1442 2947 iis
1485 2895 1775 2958 tenentur,
1827 2907 2044 2963 eosque

395 2980 625 3036 Christo
655 2995 820 3036 veros
855 2979 1104 3036 famulos
1133 2979 1356 3037 offerre.
1391 2981 1456 3036 Et
1485 2997 1602 3052 qua
1633 2981 1854 3038 ratione
1883 2982 2041 3051 quis-

395 3085 569 3141 quam
601 3070 696 3126 cui
717 3074 804 3127 tot
820 3071 1237 3142 tantarumque
1266 3085 1456 3126 rerum
1487 3086 1625 3126 cura
1645 3069 2017 3142 sitimposita

395 3177 510 3217 non
549 3160 984 3232 ademptionem
1027 3159 1210 3233 magis
1259 3176 1432 3232 quam
1478 3160 2038 3217 administrationem

393 3250 574 3322 hujus
606 3249 969 3322 principatus
1010 3250 1269 3322 requirat
1305 3251 1333 3305 ?

467 3341 528 3394 In
561 3339 809 3396 circuitu
843 3355 1045 3396 rursus
1073 3339 1235 3410 impii
1283 3355 1297 3394 :
1329 3339 1427 3396 alii
1472 3339 1791 3412 imaginem
1824 3339 2042 3397 Christi

395 3431 786 3498 conspuentes
817 3433 874 3483 et
903 3428 1014 3499 ipsi
1046 3428 1275 3484 Christo
1303 3427 1362 3483 in
1385 3444 1453 3484 ea
1474 3427 1861 3484 obtrectantes
1894 3445 1908 3496 ;
1942 3429 2038 3484 alii

393 3521 634 3573 naturas
657 3516 715 3572 in
749 3533 814 3573 eo
846 3517 1292 3587 confundentes,
1323 3521 1424 3573 aut
1453 3518 1829 3589 abnegantes,
1863 3524 1916 3573 et
1944 3517 2044 3573 alii

395 3622 554 3662 novae
587 3610 810 3662 natura:
840 3605 1178 3662 inductione
1217 3605 1438 3678 priores
1476 3606 1945 3677 exterminantes,
1988 3611 2046 3663 et

399 3699 664 3766 quartam
681 3695 966 3767 synodum
983 3694 1851 3751 innumerabilibusmaledictis
1866 3695 2046 3752 inces-

394 3789 606 3854 santes,
647 3784 954 3841 adversum
989 3801 1138 3857 quos
1177 3784 1346 3841 nobis
1377 3785 1596 3841 bellum
1636 3787 1947 3842 excitatum
1987 3790 2045 3842 et

396 3874 850 3946 multotempore
866 3883 1117 3947 gestum,
1150 3874 1368 3932 multos
1388 3875 1446 3931 in
1471 3875 1858 3931 obedientiam
1887 3875 2046 3932 Chri-

396 3965 469 4022 sti
503 3964 832 4037 captivavit.
865 3965 1076 4037 Ecquis
1109 3965 1250 4022 mihi
1282 3965 1399 4034 det,
1445 3968 1510 4020 ut
1547 3981 1750 4022 omnes
1781 3965 2044 4037 captivos

393 4057 621 4113 videam
652 4055 680 4111 ‘I
709 4054 928 4128 Vulpes
951 4073 1158 4113 rursus
1183 4073 1251 4112 ex
1279 4054 1544 4111 latibulis
1566 4055 1692 4111 suis
1732 4057 2040 4128 prodeunt,

394 4161 612 4218 eosque
634 4147 730 4218 qui
755 4145 956 4202 multis
979 4145 1362 4218 simpliciores
1396 4149 1536 4202 sunt
1560 4155 1608 4201 et
1636 4162 1803 4217 prave
1826 4145 2040 4214 faciles,

395 4251 496 4307 per
530 4237 782 4292 fraudem
815 4239 877 4291 ut
906 4234 1094 4306 pullos
1129 4237 1426 4293 devorant.
1470 4234 1885 4290 Schismaticas
1918 4234 2044 4292 dico

393 4323 619 4396 vulpes,
652 4340 902 4393 quarum
943 4324 1288 4378 abscondita
1331 4327 1416 4378 est
1465 4323 1711 4388 malitia,
1755 4323 1938 4379 multo
1971 4323 2043 4380 iis

2027 3115 2114 3183 ΤΟ

2160 1907 2342 1981 μάτων
2405 1907 2778 1984 ὑπερφρονεῖν,
2827 1905 2915 1958 καὶ
2985 1901 3384 1980 φιλοπτώχους
3453 1902 3615 1971 εἶναι,
3675 1902 3807 1964 τοὺς

2156 1995 2486 2074 φιλοτίμους
2546 1993 3015 2070 χαλιναγωγῆσαι,
3056 1993 3145 2047 καὶ
3204 1999 3374 2065 τιμῆς
3426 1991 3549 2064 ἐρᾷν
3603 1989 3808 2062 ἐθίσαι,

2153 2088 2275 2158 ἥτις
2318 2085 2649 2163 τιμιωτέραν
2690 2087 2778 2142 καὶ
2831 2087 3104 2159 θειοτέραν
3147 2086 3332 2160 ψυχὴν
3381 2084 3804 2159 ἀπεργάζεται·

2153 2178 2282 2241 τοὺς
2347 2179 2720 2254 ὑπερηφάνους
2788 2181 3146 2241 κατασπᾶσαι,
3216 2174 3308 2229 καὶ
3388 2180 3808 2252 μετριοφρονεῖν

2152 2276 2560 2343 παρορμῆσαι·
2628 2266 2756 2330 τοὺς
2832 2264 3251 2339 ἐκπορνεύοντας
3327 2261 3623 2338 ἀνακόψαι,
3710 2265 3805 2319 καὶ

2151 2364 2446 2438 σωφρονεῖν
2514 2357 2875 2430 καταρτίσαι·
2933 2354 3059 2417 τοὺς
3127 2351 3448 2416 ἀδικοῦντας
3523 2354 3801 2424 κωλῦσαι,

2151 2448 2241 2504 καὶ
2321 2445 2725 2520 δικαιοπραγεῖν
2804 2443 3253 2517 παρασκευάσαι·
3329 2443 3457 2505 τοὺς
3532 2442 3805 2521 ὀργίλους

2152 2541 2462 2610 ἡμερῶσαι,
2511 2533 2640 2598 τοὺς
2697 2532 3074 2612 ὀλιγοψύχους
3129 2534 3649 2607 παραμυθήσασθαι,
3707 2533 3806 2589 καὶ

2150 2627 2202 2681 τί
2241 2623 2418 2681 δεῖτά
2472 2624 2609 2679 κατὰ
2653 2624 2817 2698 μέρος
2857 2623 3150 2695 ἀριθμεῖν;
3199 2626 3306 2677 τῶν
3354 2621 3558 2694 ἐθίμων
3611 2625 3807 2678 παθῶν

2147 2737 2208 2772 τε
2236 2716 2327 2770 καὶ
2375 2719 2602 2786 κακιῶν,
2634 2715 2667 2768 ’ἁ
2711 2713 2892 2787 ψυχὰς
2924 2709 3222 2782 ἐδούλωσε,
3251 2713 3341 2767 καὶ
3391 2713 3622 2786 σώματα
3672 2735 3806 2768 κατ-

2152 2802 2451 2879 ερῥύπωσε,
2501 2802 2591 2857 καὶ
2649 2801 2888 2856 ἀκόντων
2935 2806 3045 2856 τῶν
3097 2801 3486 2879 κατεχομένων
3547 2801 3807 2858 σπεύδειν

2150 2892 2482 2962 ἀπαλλάξαι,
2522 2890 2613 2946 καὶ
2665 2895 2883 2963 Χριστῷ
2941 2897 3282 2965 παραστῆσαι
3325 2891 3580 2966 γνησίους
3633 2894 3808 2968 θεράο

2149 3002 2367 3045 ποντας.
2415 2979 2514 3036 Καὶ
2545 2984 2662 3042 πῶς
2695 2978 2756 3035 ἄν
2788 3001 2870 3042 τις
2911 2977 3256 3048 τηλικούτων
3286 3000 3347 3036 τε
3391 2980 3477 3034 καὶ
3507 2981 3803 3036 τοσούτων

2152 3071 2488 3147 πραγμάτων
2560 3069 2858 3148 φροντίζειν
2937 3069 3109 3132 τεθεὶς
3196 3070 3258 3125 οὗ
3341 3070 3439 3140 τὴν
3511 3069 3807 3148 ἀοαίρεσιν

2156 3159 2391 3234 μᾶλλον,
2422 3160 2458 3228 ἢ
2499 3161 2598 3229 τήν
2627 3158 2934 3234 ἐγχείρησιν
2964 3165 3066 3230 τῆς
3107 3161 3288 3236 ἀρχῆς
3328 3156 3724 3230 ἐπιζητήσειε;

2226 3339 2426 3411 Κύκλῳ
2466 3336 2630 3393 πάλιν
2683 3339 2734 3393 οῖ
2774 3332 3001 3407 ἀσεϐεῖς,
3036 3337 3088 3392 οἱ
3139 3337 3235 3411 μὶν
3274 3338 3374 3407 τήν
3427 3338 3616 3393 εἰκόνα
3664 3344 3804 3410 Χρι-

2156 3432 2282 3483 στοῦ
2314 3426 2683 3494 διαπτύοντες,
2735 3428 2822 3482 καὶ
2875 3427 3105 3501 Χριστὸν
3149 3425 3308 3482 αὐτὸν
3361 3425 3414 3482 ὲν
3456 3429 3632 3502 ταύτῃ
3680 3425 3810 3484 δια-

2156 3518 2432 3590 σύροντες,
2487 3517 2540 3571 ο⁹ι
2597 3515 2654 3572 δὲ
2716 3516 2811 3579 τὰς
2876 3517 3078 3571 ἑαυτῶν
3127 3516 3312 3594 φύσεις
3361 3518 3716 3593 συγχέοντες,
3770 3519 3807 3588 ἦ

2154 3606 2576 3680 ἀπαρνούμενοι,
2628 3603 2806 3676 ἄλλης
2857 3605 3065 3682 φύσεως
3122 3605 3439 3680 καινοτέρας
3491 3604 3808 3682 ἐπεισαγω-

2153 3694 2318 3770 γηταὶ
2366 3695 2633 3770 προτέρας
2683 3693 3032 3768 ἐξορίζοντες,
3073 3694 3164 3750 καὶ
3211 3697 3312 3764 τήν
3355 3695 3624 3770 τετάρτην
3684 3697 3815 3750 σύν-

2154 3783 2278 3839 οδον
2339 3779 2560 3859 μυρίαις
2623 3789 2742 3845 ταῖς
2821 3783 3200 3862 βλασφημίαις
3264 3781 3812 3855 καθυποϐἀλλοντες,

2155 3876 2292 3951 πρὸς
2333 3875 2429 3938 οὓς
2469 3877 2606 3949 ἡμῖν
2639 3877 2667 3931 ὁ
2715 3875 2960 3949 πόλεμος
2994 3875 3422 3952 ἀναῤῥιπισθεὶς,
3470 3879 3563 3931 καὶ
3615 3878 3812 3952 χρόνῳ

2157 3969 2342 4041 συχνῷ
2386 3966 2802 4041 συγκροτηθεὶς,
2851 3965 2926 4028 εἰς
2974 3967 3074 4035 τήν
3114 3966 3359 4035 ὑπακοὴν
3388 3969 3503 4021 τῶὖ
3563 3970 3811 4042 Χριστοῦ

2155 4052 2400 4117 πολλοὺς
2448 4054 2870 4130 ᾐχμαλώτευσε.
2903 4054 2996 4117 Τίς
3046 4051 3104 4110 δέ
3155 4075 3248 4129 μοι
3284 4052 3406 4125 δοίη
3452 4055 3545 4110 καὶ
3592 4056 3659 4110 τὸ
3699 4062 3810 4111 πᾶν

2157 4142 2288 4199 ἰδεῖν
2345 4142 2945 4217 αἱχμαλωτιζόμενον;
3003 4143 3068 4198 Δί
3129 4142 3407 4204 ἀλώπικες
3461 4141 3633 4198 πάλιν
3688 4150 3807 4199 τῶν

2156 4231 2383 4311 φωλεῶν
2417 4227 2830 4299 ὑπεκδύνουσαι,
2877 4231 2968 4286 καὶ
3007 4229 3130 4294 τοὺς
3168 4231 3278 4286 τῶν
3309 4230 3544 4286 πολλῶν
3597 4231 3811 4311 ἀφελε-

2157 4319 2396 4394 στέρους,
2442 4320 2476 4390 ἢ
2539 4318 2944 4395 εύηθεστέρους,
3002 4320 3256 4394 ὀρνιθίοις
3309 4317 3407 4374 ’ίσα
3460 4317 3534 4376 δι’
3583 4321 3809 4394 ἀπάτης

395 4413 683 4478 infestior,
717 4411 815 4481 qui
849 4419 1044 4481 aperte
1068 4410 1442 4466 insidiantur.
1469 4415 1612 4468 Nam
1651 4413 2041 4482 ingredientes

2155 4407 2675 4479 κατεσθίουοαι,τάς
2714 4410 3081 4487 σχισματικὰς
3141 4408 3431 4472 ἀλώπεκας
3491 4408 3662 4486 λέγω,
3731 4413 3811 4468 ὢν

396 4503 455 4557 in
505 4501 730 4566 domos,
777 4499 948 4570 juxta
991 4498 1252 4556 divinum
1289 4499 1629 4570 Apostolum
1680 4501 1981 4573 decipiunt
2019 4502 2042 4538 ²

398 4587 772 4645 mulierculas
824 4589 1095 4643 oneratas
1126 4587 1398 4658 peccatis,
1432 4592 1718 4659 quantum
1769 4588 1876 4645 sibi
1917 4605 2041 4647 esse

395 4677 672 4733 ducentes
701 4675 978 4750 ingluviei
1001 4683 1054 4732 et
1084 4693 1244 4733 vane
1267 4676 1481 4749 glorias,
1515 4681 1572 4733 et
1601 4681 1817 4734 creterra
1848 4678 2040 4735 omnis

398 4765 710 4839 voluptatis
741 4773 910 4841 atque
953 4767 1196 4841 impurae
1246 4766 1531 4838 libidinis,
1572 4768 1946 4827 artificiosam
1981 4771 2040 4826 in

397 4859 656 4912 sanctam
686 4857 999 4914 Ecclesiam
1038 4856 1540 4914 insurrectionem.

2150 4499 2204 4555 ἐν
2233 4502 2458 4574 κρυπτῷ
2489 4499 2524 4568 ἠ
2572 4499 2758 4563 κακία,
2790 4497 2879 4553 καὶ
2926 4500 2960 4568 ἡ
3000 4493 3182 4574 βλάϐη
3233 4496 3378 4554 πολὺ
3433 4502 3546 4555 τῶν
3589 4521 3815 4578 προφα-

2148 4593 2255 4651 νῶς
2296 4583 2766 4644 ἐπιϐουλευόντων
2807 4585 3193 4663 χαλεπωτέρα.
3239 4588 3339 4643 Καὶ
3386 4590 3488 4664 γὰρ
3541 4588 3814 4654 εἰσιόντες

2151 4677 2226 4740 είς
2252 4679 2349 4741 τὰς
2390 4677 2564 4739 οἰκίας
2595 4678 2731 4733 κατά
2777 4677 2869 4733 τὸν
2903 4679 3069 4736 θεῖον.
3118 4674 3459 4735 Ἀπόστολον
3489 4675 3814 4748 ἐξαπατῶσι

2147 4766 2466 4844 γυναικάρια
2525 4765 2898 4840 σεσωρευμένα
2963 4766 3280 4843 ἁμαρτίαις,
3351 4768 3623 4842 πορισμὸν
3699 4772 3808 4826 αὐ-

2147 4860 2266 4920 τοῖς
2308 4855 2756 4932 γαστριμαργίας,
2815 4857 2907 4911 καὶ
2951 4855 3280 4926 κενοδοξίας,
3312 4855 3404 4912 καὶ
3456 4860 3556 4923 τῆς
3614 4856 3812 4931 ἄλλης

396 4938 609 5013 ἀπάσης
639 4940 994 5015 ἡδυπαθείας,
1025 4943 1114 5000 καὶ
1146 4944 1493 5020 ἀκαθαρσίας,
1523 4947 1625 5014 τὴν
1665 4945 1799 5000 κατά
1825 4953 1925 5016 τῆς
1957 4943 2286 5015 Ἐκκλησίας
2327 4943 2752 5022 ἐπιτεχνώμενοι
2785 4942 3159 5003 ἐπανάστασιν.

469 5035 667 5091 Solent
710 5037 893 5108 enim,
925 5039 988 5092 ut
1030 5036 1374 5109 plurimum,
1405 5037 1561 5110 vulgi
1593 5054 1780 5094 mores
1806 5047 2037 5112 propter

393 5122 794 5181 infirmitatem
828 5132 885 5182 et
925 5126 1357 5184 instabilitatem
1398 5127 1629 5198 mentis,
1662 5129 2035 5196 novitatibus,

394 5212 673 5283 novisque
718 5213 1069 5269 factionibus
1115 5215 1302 5284 magis
1351 5215 1607 5283 studere,
1646 5231 1822 5287 quam
1869 5215 2039 5273 bonis

394 5301 677 5358 institutis
697 5301 823 5360 niti.
851 5302 1106 5367 Quorum
1132 5304 1396 5361 omnium
1418 5304 1687 5377 quamvis
1712 5305 1968 5362 audaciae
1986 5311 2044 5363 et

392 5389 758 5451 contumelia
782 5390 1021 5450 ﬂamma
1036 5391 1320 5450 exstincta
1341 5395 1418 5451 sit
1437 5395 1539 5466 (5),
1561 5393 1837 5468 synodico
1851 5396 2044 5453 decre-

493 5516 516 5552 ²
546 5518 596 5574 Il
625 5515 776 5574 Tim.
809 5534 894 5588 ιιι,
939 5518 994 5575 6.

463 5718 540 5792 (5)
567 5715 706 5773 Can.
741 5715 838 5773 151
874 5720 986 5774 oct.
1019 5715 1222 5791 synod.
1252 5715 1361 5772 sub
1390 5716 1556 5775 Phot.

2219 5033 2382 5090 Φιλεῖ
2407 5035 2510 5110 γὰρ
2540 5035 2614 5098 ὡς
2644 5035 2711 5090 τὰ
2739 5033 2925 5091 πολλὰ
2951 5039 3059 5090 τῶν
3102 5034 3366 5111 ἀγελαίων
3397 5037 3425 5091 ὁ
3465 5035 3670 5111 τρόπος
3703 5037 3806 5098 διὰ

2145 5124 2209 5178 τὸ
2249 5130 2350 5194 τῆς
2413 5125 2649 5200 γνώμης
2715 5121 3077 5201 ἠρῥωστηκὸς
3134 5126 3226 5180 καὶ
3283 5124 3616 5202 ἀστήρικτον
3670 5136 3804 5196 ταῖς

2148 5213 2523 5288 καινοτομίαις
2557 5235 2616 5271 τε
2666 5215 2755 5269 καὶ
2803 5219 2924 5277 ταῖς
2975 5215 3423 5288 νεωτεροποιίαις
3471 5235 3806 5294 προσκεχη-

2152 5301 2290 5360 νέναι
2326 5301 2626 5378 μᾶλλον,ἣ
2675 5309 2793 5368 τοῖς
2842 5303 3196 5374 καθεστηκόσι
3255 5305 3345 5360 καὶ
3393 5304 3583 5371 καλῶς
3609 5309 3804 5382 κειμέ-

2154 5414 2268 5458 νοις
2324 5391 2860 5470 προσεπερείδεσθαι,
2918 5393 2992 5450 ὧν
3048 5392 3302 5450 ἁπάντων
3353 5394 3529 5468 εἶκαὶ
3583 5400 3649 5454 τὸ
3691 5404 3804 5476 πῦρ

2059 5612 2292 5672 ΝΟΤΕ.
