4090 6228
321 335 442 420 613

1583 359 2134 423 EPISTOLARUM
2179 360 2415 422 LIBER
2459 362 2512 424 Ι.

331 0 4038 24 mm

3593 375 3724 438 614

324 497 425 550 τοῦ
473 494 708 570 θράσους
761 493 850 548 καὶ
901 499 1002 564 τῆς
1057 490 1346 567 παροινίας
1401 496 1470 567 τῇ
1529 491 1786 568 συνοδικῇ
1839 513 1963 549 κατ-

2087 501 2141 550 ιο
2172 502 2422 567 paterna
2451 499 2658 554 vestras
2686 497 3005 572 religionis,
3046 503 3339 560 sententia
3376 503 3436 561 in
3476 521 3575 565 eos
3615 525 3725 566 sua

325 577 554 655 ἐσϐέσθη
587 585 897 663 ψήφῳ,τῆς
923 583 1073 656 ὑμῶν
1105 589 1374 658 πατρικῆς
1417 578 1701 650 ὁσιότητος
1749 581 1838 638 διὰ
1863 587 1971 639 τῶν

319 671 676 744 τιμιωτάτων
705 669 873 744 αὐτῇς
901 675 1296 742 τοποτηρητῶν
1335 673 1432 740 τήν
1466 673 1584 727 κατ’
1632 670 1807 726 αὐτῶν
1859 671 1974 725 ἐπι-

321 759 598 835 κυρούσης
645 759 937 840 ἀπόφασιν,
988 758 1118 815 ἀλλ’
1165 757 1258 815 οὖν
1307 761 1334 814 ὁ
1383 760 1584 822 καπνὸς
1629 759 1706 815 ἔτι
1767 756 1966 832 δάκνει,

319 851 414 905 καὶ
482 851 605 921 ἀνιᾷ
667 849 796 913 τοὺς
859 850 1170 906 ἐπισκοπεῖν
1258 849 1518 924 ἐμμελῶς
1584 850 1645 905 τὸ
1709 849 1966 922 ποίμνιον

321 942 816 1018 προαιρουμένους,
872 942 960 996 καὶ
1007 943 1070 997 τὸ
1122 941 1314 1018 μικρὸν
1359 946 1469 997 τῶν
1518 942 1964 1014 ποιμαινομένων

322 1031 648 1108 ἁμάρτημα,
675 1029 918 1108 μεγάλην
949 1035 1094 1110 σφῶν
1126 1030 1518 1108 λογιζομένους
1559 1030 1782 1104 ζημίαν,
1827 1029 1965 1094 ’ίσως

321 1118 380 1176 δὲ
407 1126 525 1184 τοῖς
554 1122 846 1176 τυπωθεῖσι
877 1120 1120 1192 κανόσιν,
1153 1121 1240 1185 οἷς
1270 1118 1582 1196 ὁλόκληρος
1611 1123 1645 1191 ἡ
1677 1121 1963 1194 Ῥωμαίων

317 1209 623 1283 Ἐκκλησία
654 1211 1065 1284 συντετήρηται,
1106 1215 1496 1285 σχισματικαῖς
1525 1209 1587 1265 οὐ
1633 1211 1962 1285 μεριζομένη

323 1299 567 1373 μανίαις,
597 1301 689 1354 καὶ
722 1300 750 1355 6
779 1298 982 1361 καπνὸς
1031 1296 1419 1374 διασκεδασθῇ,
1467 1299 1556 1354 καὶ
1608 1300 1671 1355 τὸ
1726 1296 1965 1375 ζοφῶδες

319 1388 634 1464 ἒκριπισθῇ,
664 1389 756 1444 καὶ
787 1389 924 1463 ἡμῖν
962 1393 1064 1458 τῆς
1099 1388 1334 1461 ἀθυμίας
1381 1388 1636 1464 ἀναψυχή
1697 1389 1964 1462 πορισθῆ-

321 1498 494 1539 σεται.
553 1479 626 1536 Οὑ
674 1477 779 1554 γὰρ
833 1478 997 1553 μόνος
1029 1478 1056 1533 6
1086 1477 1418 1555 προρῥηθεῖς
1463 1478 1636 1532 κανὼν
1677 1476 1815 1532 κατὰ
1862 1477 1964 1546 τὴν

319 1569 586 1642 ὑμετέραν
629 1567 940 1644 παραίνεσιν
991 1564 1354 1646 φυλάττεσθαι
1405 1563 1770 1639 δεδικαίωται,
1816 1564 1965 1621 ἀλλὰ

315 1677 378 1734 γε
436 1655 501 1728 δὴ
563 1655 1026 1712 συνευδοκούντων
1095 1656 1348 1713 ἁπάντων
1407 1655 1496 1711 καὶ
1555 1652 1727 1730 ἕτεροι
1785 1675 1964 1732 παρα-

324 1745 596 1817 δέδονται,
628 1747 701 1801 ὧν
729 1748 793 1802 τὸ
821 1747 1017 1821 κράτος
1044 1747 1136 1802 καὶ
1165 1744 1384 1815 πολλὴν
1417 1749 1486 1821 τῇ
1521 1744 1820 1817 Ἐκκλησία
1863 1747 1962 1816 τήν

2083 601 2182 657 per
2201 585 2560 644 venerabiles
2586 587 2833 645 vicarios
2864 607 3004 648 suos
3034 592 3380 665 opitulantis
3405 613 3418 652 :
3463 600 3720 656 attamen

2080 674 2280 732 fumus
2310 692 2407 732 eos
2435 676 2626 733 adhuc
2657 680 2884 736 mordet
2906 682 3161 754 etangit,
3183 685 3279 754 qui
3303 684 3464 758 gregi
3490 701 3722 744 accom-

2073 766 2301 822 modate
2331 782 2577 839 praeesse
2598 767 2822 837 volunt,
2856 785 2922 825 ac
2944 769 3217 844 exiguum
3240 789 3460 843 eorum,
3483 776 3585 847 qui
3617 793 3720 849 pa-

2075 858 2342 926 scuntur,
2374 861 2700 928 peccatum,
2737 874 3014 931 magnum
3047 878 3222 918 suum
3256 863 3540 920 damnum
3589 881 3718 922 esse

2077 943 2318 1000 ducunt.
2351 947 2430 1001 Ac
2461 947 2703 1003 fortasse
2734 947 2826 1004 his
2857 949 3183 1007 canonibus
3212 954 3564 1025 constitutis,
3597 954 3723 1026 qui-

2075 1033 2185 1090 bus
2216 1034 2442 1108 integra
2481 1036 2878 1093 Romanorum
2919 1039 3178 1095 Ecclesia
3223 1048 3568 1100 conservata
3607 1048 3718 1114 est,

2075 1123 2732 1183 insanisschismatibus
2752 1143 2866 1183 non
2890 1127 3094 1194 divisa,
3120 1130 3716 1202 dissipabiturfumus

2073 1216 2130 1268 et
2161 1213 2342 1286 caligo
2375 1214 2738 1282 discutietur,
2769 1232 2837 1272 ac
2867 1217 3038 1273 nobis
3070 1219 3333 1277 mmroris
3366 1211 3717 1291 praebebitur

2073 1303 2410 1361 consolatio.
2444 1305 2568 1362 Non
2601 1306 2756 1362 enim
2783 1311 3011 1363 tantum
3036 1323 3216 1365 canon
3244 1311 3520 1380 praefatus
3543 1312 3710 1382 juxta

2074 1391 2533 1451 exhortationem
2567 1398 2820 1450 vestram
2853 1397 3132 1454 custodiri
3155 1399 3362 1469 jussus
3383 1405 3501 1469 est;
3526 1402 3626 1458 sed
3657 1405 3716 1458 et

2074 1480 2194 1550 alii,
2247 1480 2455 1539 vestris
2503 1482 2736 1540 vicariis
2791 1485 3266 1555 assentientibus,
3302 1492 3438 1544 sunt
3467 1489 3663 1546 traditi
3697 1504 3714 1548 :

2073 1584 2320 1639 quorum
2353 1571 2438 1626 vis
2479 1577 2533 1627 et
2571 1573 2769 1640 robur,
2814 1585 2867 1629 et
2907 1573 3157 1631 multam
3201 1575 3472 1633 Ecclesiae
3512 1593 3712 1649 pacem

2073 1658 2297 1728 afferet,
2328 1664 2384 1716 et
2412 1660 2674 1717 debitum
2705 1662 2984 1720 honorem
3015 1664 3376 1737 gloriamque
3416 1667 3488 1722 iis
3531 1668 3712 1736 dabit,

2073 1747 2168 1819 qui
2199 1749 2424 1806 dudum
2456 1751 2694 1822 quidem
2727 1762 3092 1826 acceperunt,
3113 1770 3270 1810 nunc
3291 1770 3424 1812 vero
3446 1756 3716 1828 imperti-

319 1836 542 1910 εἲρήνην
577 1832 852 1911 βραϐεύει,
882 1837 972 1890 καὶ
1001 1838 1100 1906 τήν
1148 1835 1514 1913 ὀφειλομένην
1563 1837 1734 1909 τιμήν
1780 1855 1839 1890 τε
1875 1833 1963 1890 καὶ

2073 1843 2300 1894 verunt.
2319 1839 2434 1896 Nec
2448 1839 2565 1897 ulla
2578 1841 2909 1911 regularum
2924 1843 3308 1900 abeatissima
3328 1845 3386 1900 in
3403 1845 3518 1902 Deo
3533 1851 3717 1916 pater-

319 1923 476 1997 δόξαν
511 1925 587 1988 εἷς
630 1924 758 1987 τοὺς
802 1924 974 1981 πάλαι
1021 1925 1115 1999 μὲν
1149 1925 1580 2004 παρειληφότας,
1624 1923 1738 1979 νυνὶ
1784 1921 1842 1979 δὲ
1870 1925 1960 1980 καὶ

323 2011 652 2089 μεταδόντας
693 2009 1019 2084 διαϐιϐάζει,
1057 2015 1148 2070 καὶ
1209 2012 1387 2075 οὐδεὶς
1438 2012 1498 2068 ἂν
1557 2017 1666 2068 τῶν
1715 2013 1820 2068 ὑπὸ
1862 2020 1963 2083 τῆς

321 2104 476 2178 ὑμῶν
545 2103 975 2180 θεομακαρίστου
1041 2103 1400 2178 πατρότητος
1441 2101 1818 2178 διορισθέντων
1870 2124 1962 2158 τυ-

315 2195 568 2263 πωθῆναι
598 2191 1027 2266 παραλέλειπτο,
1060 2193 1106 2248 εἰ
1141 2194 1215 2266 μή
1247 2213 1331 2255 τις
1381 2191 1640 2268 βασιλικὴ
1688 2192 1966 2256 ἀνάνευσις

315 2283 483 2339 πλέον
515 2283 791 2363 ἰσχύσασα
836 2284 932 2340 τοῦ
981 2284 1253 2358 ἡμετέρου
1303 2283 1636 2359 θελήματος,
1684 2284 1808 2360 περὶ
1855 2288 1962 2339 τῶν

314 2374 529 2430 λοιπῶν
574 2373 932 2430 ἀποθεσπίσαι
981 2375 1043 2430 οὐ
1097 2375 1482 2450 παρεχώρησε.
1515 2379 1597 2429 Δι’
1636 2374 1665 2428 '6
1696 2375 1810 2448 ἅμα
1857 2377 1967 2429 τῶν

316 2462 667 2535 τιμιωτάτων
706 2467 1106 2538 τοποτηρητῶν
1147 2464 1419 2542 συμφέρον
1466 2464 1836 2539 ἡγησάμενος,
1885 2463 1963 2536 μὴ

316 2549 372 2605 ὲν
417 2555 488 2624 τῇ
537 2550 858 2623 ἐπιζητήσει
906 2555 1004 2607 τοῦ
1050 2552 1251 2614 παντὸς
1309 2549 1670 2607 συναπολέσαι
1722 2551 1784 2606 τὸ
1838 2555 1962 2620 πᾶν,

318 2637 373 2694 ἐν
399 2643 469 2714 τῇ
499 2641 783 2715 ἀπολήψει
811 2645 920 2696 τῶν
951 2638 1216 2696 πλειόνων
1247 2641 1347 2709 τὴν
1380 2639 1432 2694 έν
1463 2644 1584 2701 τοῖς
1636 2638 1966 2702 ὑπολοίποις

313 2730 517 2803 ζημίαν
563 2751 626 2804 γε
675 2731 735 2785 ἃν
789 2731 1118 2804 ὑπέστημεν.
1158 2732 1416 2806 ’Ἀριστον
1471 2729 1564 2804 μὶν
1609 2730 1710 2805 γὰρ
1765 2731 1838 2783 ὧν
1879 2751 1962 2792 τις

319 2818 527 2894 ἐφίεται
595 2817 831 2894 μηδενὸς
881 2819 1142 2876 ἐκπεσεῖν·
1198 2819 1540 2893 ἀπρονόητον
1592 2816 1648 2873 δὲ
1691 2817 1960 2874 πλειόνων

318 2905 619 2982 διδομένων
669 2909 795 2982 περὶ
840 2912 949 2965 τῶν
993 2908 1054 2964 οὗ
1104 2906 1404 2983 διδομένων
1453 2906 1962 2984 πολυπραγμονεῖν,

314 2997 406 3053 καὶ
450 2997 864 3077 φιλονεικοῦντα
911 3000 1037 3074 περὶ
1082 2999 1292 3055 τούτων
1339 2999 1552 3054 πάντων
1591 2999 1776 3054 ἐαυτὸν
1826 2997 1965 3052 ἀπο·-

317 3093 548 3163 στερεῖν.
599 3093 677 3143 Δι’
727 3089 755 3143 ’ὁ
805 3089 928 3158 περί
978 3090 1050 3144 ὧν
1098 3090 1134 3158 ἡ
1182 3088 1373 3164 γνώμη
1429 3087 1722 3166 σύμφωνος
1783 3087 1960 3158 ἐξενή-

315 3199 521 3250 νεκται,
580 3175 874 3243 συνοδικῶς
930 3179 1166 3240 τούτους
1249 3177 1550 3250 ἐξεθέμεθα,
1613 3178 1706 3239 οὓς
1772 3177 1822 3232 ἐν
1882 3181 1962 3250 τῷ

2070 1927 2250 1984 nitate
2280 1933 2468 1985 vestra
2524 1930 2899 1986 definitarum
2948 1933 3090 2003 quin
3135 1933 3456 1990 sanciretur
3487 1941 3716 2006 printer-

2072 2018 2252 2073 missa
2290 2022 2464 2086 esset,
2510 2019 2626 2076 nisi
2681 2022 2944 2091 quaedam
2986 2021 3364 2092 imperatoria
3405 2024 3714 2096 refragatio

2070 2106 2384 2178 plusquam
2415 2109 2686 2166 voluntas
2718 2114 2918 2164 nostra
2937 2109 3188 2182 pollens,
3214 2112 3285 2167 de
3325 2111 3566 2184 reliquis
3599 2131 3714 2170 non

2071 2197 2404 2253 sanciendis
2435 2198 3111 2254 intercessisset.ldcirco
3131 2215 3244 2255 una
3267 2217 3398 2256 cum
3416 2203 3714 2258 venerabi-

2071 2284 2223 2341 libus
2252 2286 2480 2343 vicariis
2511 2288 2571 2343 in
2603 2304 2725 2344 rem
2758 2303 2886 2344 esse
2908 2288 3192 2357 arbitrati,
3228 2307 3361 2357 non,
3410 2291 3548 2346 dum
3592 2308 3714 2347 om-

2073 2392 2174 2431 nes
2227 2391 2475 2432 canones
2539 2382 2913 2448 expetuntur,
2959 2395 3254 2435 summam
3297 2380 3377 2435 rei
3424 2380 3710 2443 amittere.

2070 2464 2402 2537 complures
2433 2466 2768 2534 obtinendo,
2799 2467 3156 2540 reliquorum
3179 2469 3460 2524 damnum
3483 2470 3539 2524 in
3566 2486 3715 2542 pra:-

2072 2570 2208 2610 sens
2239 2554 2546 2610 subiimus.
2581 2556 2883 2628 Optimum
2914 2557 3071 2612 enim
3116 2565 3200 2614 est
3239 2557 3471 2628 quidem
3514 2575 3713 2616 eorum

2072 2662 2195 2716 quas
2227 2644 2361 2716 quis
2391 2649 2644 2717 expetat,
2692 2645 2856 2702 nullo
2896 2646 3156 2702 excidere
3190 2663 3203 2703 :
3247 2656 3302 2702 at
3349 2649 3715 2720 desperantis

2071 2739 2178 2799 est,
2214 2750 2319 2790 nec
2349 2737 2494 2791 satis
2511 2751 2665 2790 sanae
2698 2735 2929 2804 mentis,
2967 2752 3099 2791 cum
3125 2735 3292 2806 plura
3307 2738 3521 2794 dantur
3549 2739 3620 2794 de
3641 2739 3713 2794 iis

2072 2838 2200 2894 quae
2227 2839 2335 2878 non
2383 2823 2619 2890 dantur,
2649 2823 2824 2880 nimis
2861 2840 2987 2880 esse
3028 2825 3345 2895 curiosum,
3393 2843 3460 2882 ac
3503 2827 3574 2882 de
3621 2826 3713 2883 his

2070 2913 2536 2980 contendentem,
2571 2913 2844 2968 omnibus
2875 2912 3134 2985 seipsum
3179 2914 3424 2986 privare.
3461 2915 3713 2988 Ideoque

2070 3017 2188 3071 eos,
2222 3001 2293 3058 de
2314 3000 2531 3072 quibus
2553 3001 2855 3057 sententiis
2877 3017 3144 3058 consensa
3167 3003 3338 3059 dictas
3365 3009 3523 3072 sunt,
3539 3021 3714 3076 syno-

2072 3089 2280 3145 daliter
2308 3090 2710 3160 exposuimus,
2742 3107 2972 3162 unaque
2993 3092 3052 3146 in
3086 3091 3295 3148 litteris
3331 3109 3464 3148 cum
3497 3093 3570 3149 iis
3590 3109 3712 3163 quas

2072 3195 2106 3234 a
2132 3179 2300 3234 nobis
2332 3178 2494 3250 prius
2525 3179 2790 3252 eXposita
2818 3179 3066 3244 fuerant,
3095 3181 3478 3252 subjecimus.

317 3269 658 3346 γραμματίῳ
691 3268 824 3342 μετὰ
852 3272 962 3322 τῶν
993 3266 1422 3342 προεκτεθέντων
1457 3267 1545 3346 ὑφ’
1574 3269 1608 3336 ἡ
1620 3271 1734 3340 μῶν
1765 3267 2215 3340 συνυπετάξαμεν.

387 3357 522 3432 Περὶ
579 3355 637 3412 δέ
683 3378 744 3432 γε
789 3361 898 3412 τῶν
956 3356 1050 3419 τὰς
1109 3355 1453 3436 χειροτονίας
1507 3355 1728 3412 αὐτόθεν
1783 3353 1955 3412 πάλαι

2143 3361 2218 3414 De
2245 3356 2320 3414 iis
2349 3373 2506 3425 vero,
2554 3358 2656 3430 qui
2695 3358 3092 3415 ordinationes
3134 3359 3213 3433 (6)
3241 3375 3311 3415 ex
3359 3376 3442 3431 se,
3475 3365 3530 3416 et
3568 3359 3723 3416 arbi-

317 3441 736 3520 λαμϐανόντων,
805 3445 1301 3523 ἐκοινολογήσαντο
1366 3448 1504 3520 ἡμῖν
1555 3446 1606 3501 οἱ
1657 3452 1756 3516 τῆς
1807 3445 1960 3519 ὑμῶν

316 3535 604 3607 ὁσιότητος
663 3537 1068 3610 τοποτηρηταὶ,
1119 3536 1194 3599 ὡς
1243 3536 1424 3611 χρεὼν
1468 3533 1552 3605 ε’ίη
1604 3535 1831 3598 τούτους
1876 3535 1965 3590 ἐπ-

316 3632 742 3705 αναστραφῆναι,
797 3627 887 3680 καὶ
931 3625 1066 3702 πρὸς
1113 3626 1212 3694 τὴν
1271 3624 1470 3680 οἰκείαν
1516 3622 1962 3699 παλινδρομῆσαι

316 3717 670 3789 προμήτορα,
703 3713 859 3770 Ἀλλ’
891 3713 937 3770 εί
971 3715 1065 3787 μὲν
1100 3713 1153 3769 ἐν
1193 3716 1330 3787 ⁴ἡμῖν
1361 3715 1423 3768 τὸ
1460 3717 1557 3769 τοῦ
1609 3715 1966 3788 βουλήματος

315 3809 480 3880 κῦρος
527 3801 724 3875 ἔκειτο,
768 3803 859 3858 καὶ
904 3805 979 3878 μή
1032 3795 1455 3878 συνεμεμέριστο
1505 3806 1574 3876 τῇ
1628 3800 1879 3878 βασιλείᾳ
1925 3805 1960 3873 ἡ

316 3895 533 3969 πρᾶξις,
593 3894 694 3949 οὐκ
749 3891 810 3948 ἂν
860 3890 1160 3968 ἀπολογίας
1219 3889 1349 3959 ἔδει,
1403 3891 1532 3947 αὐτὸ
1595 3888 1653 3946 δὲ
1688 3889 1750 3946 τὸ
1805 3890 1964 3967 ’ὲργον

315 3989 563 4058 κρεῖττον
615 3983 673 4038 ’ὸν
714 3989 814 4052 τῆς
873 3979 1178 4057 ἀπολογίας
1232 3979 1525 4037 ἐδείκνυτο.
1584 3980 1734 4035 Ἑπεί
1789 3977 1844 4035 δὲ
1898 3981 1967 4036 τὰ

316 4071 766 4142 ἐκκλησιαστικά,
795 4071 883 4126 καὶ
918 4069 1159 4145 μάλιστά
1184 4091 1246 4146 γε
1294 4071 1360 4124 τὰ
1407 4069 1531 4146 περὶ
1579 4073 1687 4125 τῶν
1741 4067 1964 4144 ἔνοριῶν

320 4159 501 4217 δίκαια
548 4166 665 4222 ταῖς
723 4158 1037 4221 πολιτικαῖς
1087 4158 1450 4234 ἐπικρατείαις
1506 4179 1564 4215 τε
1611 4159 1700 4214 καὶ
1753 4155 1964 4230 διοική-

319 4271 434 4306 σεσι
477 4245 1029 4324 συμμεταϐάλλεσθαι
1079 4249 1290 4319 εἲωθεν,
1322 4250 1357 4320 ἡ
1388 4255 1488 4318 τῆς
1539 4249 1690 4322 ὑμῶν
1739 4249 1963 4319 ὁσιότη-

316 4362 410 4403 τος
434 4337 828 4415 εὐγνωμοσύνη
858 4339 920 4395 τὸ
960 4341 1120 4412 ἡμῶν
1153 4337 1240 4394 ἐπὶ
1283 4339 1346 4394 τὸ
1395 4335 1732 4394 συνευδοκεῖν
1775 4337 1853 4403 εἷς
1900 4338 1962 4393 τὸ

317 4433 621 4506 παρασχεῖν
659 4427 1045 4506 ἀποδεχομένη
1099 4427 1336 4502 θέλημα,
1377 4429 1440 4484 τὸ
1483 4430 1559 4502 μή
1609 4423 1819 4497 λαϐεῖν,
1860 4435 1961 4497 τῆς

318 4519 640 4590 πολιτικῆς,
691 4518 816 4575 ἀλλ’
867 4519 976 4598 οὐχ
1018 4517 1283 4592 ἡμέτερον
1336 4516 1634 4593 λογιζέσθω
1682 4515 1957 4593 ἔγκλημα⁸

318 4609 462 4684 Ἐγὼ
491 4611 593 4685 γάρ
643 4610 751 4686 οὐχ
780 4609 813 4664 ’ἀ
842 4607 1014 4664 πάλαι
1066 4608 1154 4663 ὑπ’
1201 4605 1411 4670 ἄλλους
1461 4605 1634 4662 ἐτέλει
1687 4607 1822 4681 μετά
1865 4610 1962 4662 τοῦ

2072 3447 2182 3503 trio
2214 3463 2319 3503 suo
2341 3446 2562 3518 pridem
2607 3447 2926 3520 accipiunt,
2968 3449 3282 3506 nobiscum
3323 3449 3718 3505 communica-

2074 3538 2212 3590 runt
2238 3535 2565 3592 sanctitatis
2597 3539 2800 3592 vestras
2833 3535 3027 3592 vicarii
3053 3551 3066 3604 ;
3097 3541 3364 3608 oportere
3393 3552 3492 3592 eos
3524 3552 3717 3592 rever-

2073 3623 2142 3690 ti,
2173 3628 2231 3680 et
2250 3624 2323 3680 ad
2357 3624 2652 3697 propriam
2683 3641 2982 3682 recurrere
3022 3640 3174 3693 eam,
3220 3641 3344 3696 quas
3385 3627 3546 3698 prius
3590 3625 3719 3696 fuit,

2075 3718 2344 3770 matrem.
2363 3712 2576 3770 Verum
2598 3715 2646 3771 si
2670 3715 2826 3786 quod
2847 3713 3178 3772 volebamus
3202 3717 3260 3771 in
3287 3721 3485 3772 nostra
3507 3715 3717 3770 fuisset

2075 3807 2356 3874 potestate
2387 3804 2591 3871 situm,
2625 3821 2729 3859 nec
2771 3804 3068 3875 negotium
3113 3821 3247 3860 cum
3291 3805 3538 3876 imperio
3569 3803 3721 3860 divi-

2075 3909 2206 3948 sum
2237 3892 2466 3962 fuisset,
2497 3894 2745 3949 dicenda
2766 3911 2944 3950 causa
2965 3911 3080 3950 non
3111 3899 3283 3965 esset,
3317 3896 3418 3951 sed
3452 3896 3579 3966 ipsa
3603 3910 3717 3963 res,

2076 3996 2203 4052 quae
2235 3995 2424 4036 causa:
2453 3982 2708 4037 dictione
2737 3998 2802 4037 ac
2833 3983 2991 4037 omni
3022 3983 3358 4039 defensione
3387 3988 3475 4040 est
3505 3984 3716 4054 potior,

2075 4074 2228 4127 esset
2246 4070 2522 4126 exhibita.
2547 4071 2829 4134 Quoniam
2855 4087 2981 4126 vero
2999 4070 3374 4128 ecclesiastici
3392 4079 3448 4128 et
3465 4071 3718 4127 maxime

2067 4160 2204 4231 jura
2259 4176 2387 4231 quas
2431 4159 2502 4215 de
2571 4159 2908 4231 regionibus
2957 4165 3095 4215 sunt
3142 4165 3198 4215 et
3245 4161 3485 4229 ﬁnibus,
3534 4158 3724 4216 solent

2075 4265 2208 4306 cum
2241 4248 2574 4320 reipublicaa
2608 4252 2892 4320 potestate
2933 4264 3000 4306 ac
3038 4249 3550 4306 administratione
3595 4265 3721 4304 mu-

2073 4342 2182 4397 tari
2210 4358 2224 4410 ;
2256 4345 2459 4397 vestrae
2490 4339 2796 4414 religionis
2825 4340 3089 4412 aequitas,
3123 4344 3386 4398 nostram
3419 4342 3488 4398 ad
3513 4355 3717 4396 conce-

2073 4431 2330 4488 dendum
2363 4429 2761 4487 assensionem
2801 4429 3076 4502 probans,
3118 4431 3175 4486 id
3210 4447 3326 4488 non
3369 4429 3718 4494 obtinuisse,

2073 4519 2406 4592 reipublicaa
2427 4519 2971 4589 administrationis,
2997 4537 3110 4576 non
3129 4524 3390 4576 nostrum
3411 4523 3575 4592 putet
3592 4535 3718 4576 esse

2073 4609 2314 4666 crimen.
2346 4611 2465 4682 Ego
2495 4609 2652 4666 enim
2685 4626 2798 4667 non
2832 4610 3028 4680 modo,
3064 4627 3190 4682 quas
3225 4609 3448 4682 pridem
3479 4609 3538 4664 in
3573 4610 3718 4666 alio-

323 4695 561 4768 δικαίου,
590 4699 680 4754 καὶ
729 4704 828 4768 τῆς
881 4695 1049 4777 φίλης
1099 4695 1319 4774 είρήνης
1370 4695 1712 4773 ἀναστρέφειν
1761 4694 1934 4773 πρόθυ

2075 4717 2205 4757 rum
2235 4701 2458 4758 ditione
2487 4704 2676 4769 erant,
2712 4716 2845 4756 cum
2871 4700 3007 4771 jure
3029 4705 3086 4756 et
3113 4699 3304 4756 amica
3325 4707 3486 4772 parte
3508 4701 3716 4758 studeo

321 4808 444 4860 μος,
473 4785 624 4843 ἀλλὰ
652 4787 740 4843 καὶ
779 4791 888 4844 τῶν
940 4787 1188 4842 ἀνέκαθεν
1236 4791 1314 4858 τῷ
1352 4787 1528 4862 θρόνῳ
1566 4785 1745 4858 τούτῳ
1791 4806 1967 4861 προσ-

313 4878 730 4951 ανατιθεμένων,
763 4874 810 4933 ε⁹ί
839 4899 922 4942 τις
963 4875 1170 4952 ἰσχύων
1197 4875 1575 4952 ἐπιτροπεύειν
1604 4875 1782 4948 ἠξίου,
1822 4875 1968 4931 ἑτοί-

320 4987 438 5039 μως
469 4966 531 5022 ἃν
565 4968 943 5044 παρεχώρησα
969 4971 1048 5039 τῷ
1097 4963 1377 5041 δυναμένῳ
1427 4965 1640 5040 μᾶλλον
1689 4964 1961 5022 πλειόνων

313 5056 651 5132 ἀντέχεσθαι.
693 5057 792 5112 Καὶ
823 5058 926 5134 γὰρ
969 5058 997 5112 6
1031 5056 1126 5130 μὲν
1155 5055 1279 5130 ἐμοί
1304 5078 1356 5112 τι
1392 5061 1501 5112 τῶν
1545 5055 1606 5111 οὐ
1653 5055 1965 5130 προσόντων

312 5147 626 5223 προστιθεὶς
681 5146 838 5208 οὗτος
885 5147 949 5202 τὸ
999 5147 1170 5222 βάρος
1214 5143 1381 5202 πλέον
1429 5145 1575 5202 ἐστὶν
1623 5147 1652 5200 6
1683 5144 1959 5211 ἐπιτιθείς*

317 5237 585 5314 μερίμνης
641 5237 744 5314 γὰρ
812 5233 1034 5311 αὔξησιν
1095 5241 1262 5292 ποιεῖ·
1324 5237 1352 5291 6
1398 5233 1454 5290 δὲ
1508 5235 1604 5290 καὶ
1657 5239 1764 5290 τῶν
1821 5255 1962 5310 προ-

311 5325 674 5404 ῧπαρχόντων
704 5326 828 5384 τινὰ
867 5325 958 5382 σὺν
1000 5325 1178 5402 ἀγάπῃ
1227 5321 1418 5381 λαϐεῖν
1463 5323 1762 5396 ἐπιζητῶν,
1817 5323 1959 5399 μᾶλ-

313 5415 413 5477 λον
461 5416 588 5493 ἐμοὶ
636 5419 800 5497 χάριν
849 5414 1078 5487 διδόντι,
1109 5415 1145 5488 ἢ
1177 5415 1325 5490 αὐτῷ
1377 5411 1716 5490 λαμϐάνοντι
1765 5413 1957 5491 κέρδος

2077 4789 2319 4847 reddere
2345 4809 2358 4858 ;
2391 4789 2492 4846 sed
2520 4791 2753 4846 etiamsi
2781 4793 3169 4860 quorumdam
3204 4806 3273 4845 ex
3303 4788 3373 4845 iis
3393 4806 3521 4862 qua
3544 4794 3719 4846 antea

2078 4878 2216 4936 huic
2247 4881 2371 4936 sedi
2404 4878 2596 4935 dicata
2625 4881 2793 4935 erant
2821 4877 3035 4948 aliquis
3065 4878 3290 4935 viribus
3336 4879 3561 4951 pollens
3590 4896 3715 4952 pro-

2075 4969 2439 5025 curationem
2480 4970 2834 5040 deposceret,
2876 4971 3118 5038 peratus
3159 4983 3318 5024 eram
3355 4967 3573 5041 petenti
3615 4985 3718 5041 po-

2073 5060 2189 5116 tius
2210 5059 2435 5128 cedere,
2461 5074 2640 5130 quam
2666 5057 2836 5128 plura
2857 5057 3128 5113 retinere.
3153 5057 3300 5114 Nam
3321 5058 3419 5129 qui
3444 5058 3587 5115 mibi
3609 5058 3718 5115 ali-

2072 5148 2213 5220 quid
2243 5164 2448 5205 eorum
2468 5163 2595 5220 qua
2618 5163 2734 5203 non
2753 5146 2994 5203 habeam
3021 5147 3202 5215 addit,
3227 5147 3274 5204 is
3307 5146 3440 5220 plus
3469 5149 3720 5221 imponit

2072 5238 2266 5295 oneris
2286 5253 2514 5306 ;curam
2533 5237 2689 5294 enim
2712 5239 2770 5292 et
2791 5235 3245 5293 sollicitudinem
3262 5254 3295 5293 a
3315 5253 3406 5294 me
3434 5237 3718 5310 postulat:

2070 5325 2171 5398 qui
2201 5340 2336 5382 vero
2366 5341 2564 5382 eorum
2587 5341 2712 5397 quas
2735 5323 2880 5381 mihi
2901 5329 3086 5392 erant,
3112 5323 3334 5397 aliquid
3357 5324 3415 5380 in
3439 5340 3500 5382 se
3522 5329 3717 5382 trans-

2069 5415 2198 5484 fert,
2229 5414 2481 5489 gratiam
2509 5433 2544 5474 a
2569 5429 2664 5472 me
2702 5414 2856 5485 init;
2900 5414 3085 5473 levius
3129 5415 3283 5472 enim
3325 5414 3469 5472 mihi
3514 5413 3718 5488 praefe-

1894 5597 2124 5657 NOTAE.

390 5749 465 5827 (6)
493 5753 614 5812 Hos
642 5747 828 5809 Greci
855 5745 1432 5826 αὖτοχειροτονήτους.
