4090 6228
428 311 542 372 615

1630 301 1889 365 PHOTlI
1936 298 2464 366 PATRIARCHE
2503 304 2623 366 ΟΡ.

3701 309 3817 370 616

427 448 609 501 cturm
638 442 867 514 pondus
899 439 1051 498 facit.
1083 439 1246 504 Quod
1274 438 1347 504 si,
1366 436 1467 510 qui
1491 452 1618 492 mea
1639 451 1772 492 cum
1788 436 2039 493 cbaritati

2179 439 2443 512 προξενεῖ·
2496 435 2861 513 ἐλαφρότερον
2903 438 3007 515 γάρ
3053 458 3148 510 μοι
3187 439 3249 494 τὸ
3295 439 3516 515 φορτίον
3559 447 3662 510 τῆς
3704 441 3818 497 ἐπι-

431 533 671 604 accepit,
705 532 756 588 ei
788 531 1038 603 gratiam
1070 530 1280 596 habeo,
1327 530 1383 582 et
1423 526 1523 597 qui
1567 526 1802 598 propria
1841 525 2066 598 quaerit,

429 621 719 694 quomodo
751 623 864 676 non
897 619 1056 675 dabit
1085 618 1216 688 quis
1240 616 1402 672 laetus
1423 615 1472 670 si
1495 615 1667 671 modo
1687 630 1856 671 nemo
1879 616 2066 686 impe-

429 712 596 768 diat?
627 716 784 768 tanto
816 710 1137 783 praesertim
1159 707 1338 775 Patri,
1362 706 1579 778 quique
1611 707 1716 762 hoc
1760 722 1863 778 per
1900 705 2066 776 tales,

431 804 486 856 et
524 816 627 872 per
665 805 778 856 Deo
813 798 1093 855 amabiles
1139 797 1502 868 optimosque
1544 795 1697 852 viros
1741 795 2066 868 postulavit.

428 889 494 945 Hi
529 890 682 946 enim
715 905 916 944 reveva
936 891 1138 943 vestras
1179 893 1431 958 paternae
1472 884 1843 958 perfectionis
1870 886 2069 942 vicarii

428 978 736 1050 prudentia
767 986 819 1034 et
851 977 1058 1033 virtute
1080 981 1135 1033 et
1159 975 1341 1031 multa
1364 991 1559 1030 rerum
1583 975 1932 1045 experientia
1957 974 2067 1030 ful-

427 1071 585 1139 gent,
599 1083 703 1123 nec
721 1065 954 1138 propria
972 1065 1410 1122 conversatione
1430 1065 1625 1120 minus
1644 1080 1820 1136 quam
1850 1064 2064 1121 Christi

425 1154 694 1226 discipuli
727 1170 859 1210 eum
891 1155 991 1226 qui
1009 1155 1174 1210 misit
1194 1153 1502 1210 honorant.
1523 1153 1743 1220 Quibus
1768 1152 2065 1224 complura

423 1259 620 1300 eorum
651 1261 779 1314 quae
812 1244 925 1298 dici
958 1261 1023 1299 ac
1055 1243 1231 1298 scribi
1263 1242 1609 1308 debuerant,
1663 1241 2060 1315 exposuimus,

420 1348 552 1388 cum
585 1347 924 1405 persuasum
959 1332 1128 1388 nobis
1169 1334 1346 1400 esset,
1393 1335 1449 1386 et
1497 1331 1688 1386 dicere
1740 1347 1840 1388 eos
1890 1348 2062 1402 posse

421 1437 600 1494 quam
632 1437 765 1477 vera
793 1425 1006 1489 essent,
1040 1437 1106 1476 ac
1128 1418 1311 1475 multo
1348 1419 1532 1492 magis
1561 1435 1734 1490 quam
1781 1420 1928 1478 alios
1967 1421 2059 1478 di-

421 1528 567 1583 gnos
597 1526 724 1567 esse
751 1510 968 1581 quibus
999 1509 1140 1565 ﬁdes
1173 1510 1508 1565 haberetur.

2179 526 2397 591 στασίας
2460 526 2737 582 ἀποτελεῖ.
2801 527 2862 582 Et
2921 525 2968 581 δ’
3008 528 3036 582 ὁ
3095 529 3162 584 τά
3217 527 3322 602 ἐμά
3380 524 3673 602 λαμϐάνων
3729 533 3817 586 σὺν

2177 615 2354 693 ἀγάπῃ
2431 616 2520 671 καὶ
2577 611 3087 691 προσκαταϐάλλειν
3165 619 3329 693 χάριν
3388 617 3821 696 ἀνωμολόγηταί

2181 725 2276 779 μοι
2305 709 2385 778 τῷ
2413 705 2479 760 τά
2508 703 2687 760 οἷ’κεῖα
2718 708 2994 777 ζητοῦντι,
3027 710 3144 769 πῶς
3177 704 3238 761 ἄν
3270 727 3352 770 τις
3384 708 3445 763 οὐ
3478 705 3643 764 δώσει
3692 709 3821 785 χαί-

2179 815 2287 870 ρων
2324 792 2556 868 μηδενὸς
2591 796 2937 870 ὑπάρχοντος
2978 793 3254 868 ἐμποδὼν,
3289 796 3523 869 μάλιστά
3562 819 3628 874 γε
3655 800 3821 870 τηλι-

2177 885 2355 957 κούτῳ
2385 885 2578 959 lla-cpi,
2609 883 2700 940 καί
2745 883 2833 940 διὰ
2880 885 3143 941 τοιούτων
3189 885 3458 963 θεοφιλῶν
3509 889 3601 942 καὶ
3653 911 3821 944 σπουο

2177 973 2342 1030 δαίων
2375 973 2584 1050 ἀνδρῶν
2627 976 2983 1050 ποιησαμένῳ
3029 980 3129 1048 τῆν
3177 975 3430 1048 α’ίτησιν;
3480 978 3672 1056 ἄνδρες
3719 983 3818 1056 γάρ

2175 1063 2250 1126 ὡς
2281 1062 2504 1135 ἀληθῶς
2535 1065 2587 1119 οἱ
2615 1072 2716 1135 τῆς
2748 1065 2900 1139 ὑμῶν
2935 1072 3204 1141 πατρικῆς
3254 1066 3601 1137 τελειότητος
3649 1090 3820 1124 tosto-

2171 1153 2429 1228 τηρηταὶ,
2496 1154 2696 1209 συνέσει
2761 1175 2841 1222 τε,
2899 1155 2990 1210 καὶ
3049 1155 3235 1230 ἀρετῇ,
3315 1155 3405 1210 καὶ
3481 1157 3821 1234 πολυπειρία

2173 1238 2583 1318 διαπρέποντες,
2614 1243 2703 1298 καὶ
2740 1240 2895 1298 οὐδὲν
2927 1243 3098 1313 ἧττον
3129 1241 3217 1299 διὰ
3246 1250 3344 1314 τῆς
3395 1244 3596 1309 οἰκείας
3652 1245 3820 1302 πολι-

2170 1331 2340 1400 τείας,
2372 1331 2407 1400 ἢ
2440 1332 2490 1386 οἱ
2524 1333 2768 1406 Χριστοῦ
2829 1332 3068 1406 μαθηταὶ
3113 1338 3378 1407 τιμῶντες
3425 1336 3514 1390 τὸν
3563 1333 3819 1392 ἀποστεί-

2170 1418 2361 1491 λαντα,
2406 1423 2489 1482 οἷς
2535 1421 2603 1476 τὰ
2648 1417 2825 1476 πλείω
2873 1425 2981 1477 τῶν
3035 1420 3370 1502 ὀφειλόντων
3415 1424 3505 1479 καὶ
3556 1426 3816 1498 ῥηθῆναι,

2166 1509 2257 1566 καὶ
2312 1517 2582 1589 γραφῆναι
2659 1513 3118 1585 προσανεθέμεθα,
3178 1512 3270 1568 ἅτε
3333 1510 3399 1584 δὴ
3461 1517 3814 1590 πεπεισμένοι

420 1597 510 1652 καὶ
541 1596 722 1673 λέγειν
756 1597 953 1658 αὐτοὺς
983 1596 1198 1667 τάληθῆ
1230 1593 1508 1663 δυνατοὺς,
1541 1597 1630 1651 καὶ
1661 1596 1804 1652 πολὺ
1831 1597 1997 1654 πλέον
2029 1604 2136 1656 τῶν
2168 1597 2354 1655 ἄλλων
2388 1599 2567 1670 ἀξίους
2595 1601 2956 1658 πιστεύεσθαι.

492 1692 570 1746 Ac
593 1689 884 1746 volueram
913 1691 1149 1761 quidem
1173 1688 1318 1744 nihil
1344 1689 1414 1744 de
1443 1690 1608 1746 nobis
1633 1690 1903 1762 scribere,
1925 1707 2039 1747 cun

2245 1690 2340 1745 Καὶ
2372 1687 2684 1765 ἐϐουλόμην
2722 1693 2816 1768 μὲν
2845 1691 2993 1756 ὅλως
3029 1691 3200 1766 μηδὲν
3229 1694 3433 1769 γράψαι
3473 1697 3596 1767 περὶ
3634 1698 3815 1769 ἡμῶν,

422 1779 745 1851 praesertim
778 1783 1020 1850 paterna
1049 1786 1240 1834 vestra
1263 1778 1613 1850 religiositas
1643 1795 1758 1835 non
1790 1796 1892 1850 per
1911 1781 2058 1837 litte-

420 1885 536 1933 ras,
559 1868 660 1922 sed
687 1883 786 1938 per
806 1870 1072 1940 proprios
1091 1867 1334 1924 vicarios
1354 1884 1416 1924 se
1433 1866 1737 1924 certiorem
1758 1867 1876 1925 ﬁeri
1897 1886 2060 1942 opor-

416 1961 533 2013 tere
555 1957 924 2012 decrevisset.
947 1958 1095 2012 Atne
1119 1956 1425 2028 principio,
1449 1955 1593 2011 nihil
1611 1957 1759 2013 velle
1780 1959 2054 2028 scribere,

416 2045 770 2118 negligentia
799 2045 1272 2101 existimaretur:
1305 2045 1432 2101 ideo
1472 2061 1577 2116 per
1614 2062 1919 2103 excursum
1962 2063 2054 2102 res

414 2139 640 2191 nostras
671 2133 1081 2207 exposuimus;
1117 2151 1250 2190 cum
1294 2134 1481 2190 multa
1521 2133 1656 2203 sint,
1694 2151 1761 2192 ac
1801 2135 2054 2192 multum

411 2224 594 2280 otium
631 2224 1011 2296 requirentis,
1033 2241 1159 2296 qua:
1183 2224 1576 2296 praetermissa
1596 2227 1754 2280 sunt.
1779 2224 1923 2281 Cum
1949 2243 2052 2282 au-

408 2316 526 2368 tem
559 2311 660 2369 Dei
690 2313 948 2369 cultores
977 2312 1181 2368 vicarii
1212 2312 1518 2384 complura
1549 2313 1659 2384 ipsi
1693 2313 1944 2369 viderint
1966 2319 2055 2371 at-

404 2417 517 2474 que
548 2402 862 2471 audierint,
901 2410 1146 2475 possunt
1185 2406 1381 2473 aperte
1413 2403 1640 2472 docere,
1675 2403 1722 2458 si
1747 2404 2054 2476 prudentia

401 2497 612 2560 vestra,
644 2507 852 2563 magno
887 2491 1124 2564 pradita
1156 2491 1418 2563 ingenio,
1452 2491 1588 2547 velit
1613 2493 1962 2563 percontari.

472 2672 636 2738 Quod
669 2674 865 2728 autem
899 2670 1014 2728 dici
1045 2675 1288 2743 oportet,
1323 2688 1388 2728 ac
1410 2688 1554 2744 pene
1578 2688 1670 2728 me
1693 2673 1914 2745 effugit,
1940 2674 2046 2730 hoc

401 2777 533 2816 cum
567 2761 867 2831 addidero,
899 2761 1077 2816 finem
1109 2759 1336 2831 faciam,
1378 2760 1672 2817 Canonum
1719 2763 1983 2818 custodia
2012 2781 2046 2819 a

399 2851 602 2921 quovis
634 2851 786 2905 bono
817 2849 1082 2919 debetur,
1115 2849 1304 2920 magis
1337 2866 1471 2906 vero
1503 2852 1574 2906 ab
1607 2851 1678 2906 iis
1709 2852 1810 2921 qui
1832 2852 2042 2908 divinas

400 2939 777 2995 Providentiae
809 2937 1149 3010 dignatione
1179 2938 1322 2994 alios
1353 2944 1584 3011 regunt,
1609 2941 1874 2996 omnium
1901 2959 2042 2998 sane

2177 1779 2415 1852 μάλιστά
2470 1801 2533 1856 γε
2586 1788 2686 1851 τῆς
2747 1781 2899 1855 ὑμῶν
2956 1790 3226 1856 πατρικῆς
3283 1783 3570 1855 ὁσιότητος
3623 1785 3688 1840 ού
3734 1783 3819 1840 διά

2171 1869 2539 1944 γραμμάτων,
2572 1867 2662 1925 διὰ
2693 1868 2749 1926 δὲ
2795 1876 2902 1926 τῶν
2964 1871 3179 1927 οἰκείων
3227 1879 3627 1948 τοποτηρητῶν
3682 1874 3819 1946 πλη-

2173 1960 2543 2036 ροφορηοῆναι
2604 1961 2890 2036 κρινάσης,
2950 1960 3078 2016 ἀλλ’
3129 1959 3220 2017 ’ίνα
3275 1965 3351 2036 μή
3401 1965 3466 2019 τὸ
3519 1964 3668 2038 μηδέ
3721 1967 3815 2034 τήν

2167 2047 2347 2127 ἀρχὴν
2407 2046 2608 2104 ἐθέλειν
2658 2050 2876 2124 γράφειν
2935 2051 3299 2127 παροράσεως
3349 2050 3526 2108 α’ίτιον
3576 2057 3816 2130 νομισθῇ

2166 2137 2362 2193 τούτου
2395 2138 2556 2212 χάριν
2591 2137 2642 2194 ἐν
2672 2136 2945 2214 ἐπιδρομῇ
2977 2140 3041 2194 τὰ
3071 2142 3187 2194 καθ’
3237 2143 3382 2214 ἡμᾶς
3431 2139 3815 2218 διεξήλθομεν,

2171 2223 2398 2280 πολλῶν
2429 2225 2616 2297 ὅντων,
2647 2227 2738 2281 καὶ
2769 2225 2986 2302 σχολῆς
3014 2226 3232 2298 πολλῆς
3265 2225 3534 2302 δεομένων
3563 2235 3675 2286 τῶν
3710 2254 3812 2288 παο

2165 2312 2631 2390 ραλελειμμένων.
2667 2315 2946 2372 Αύτόπται
2973 2313 3030 2371 δὲ
3059 2318 3149 2372 καὶ
3187 2317 3417 2389 ἐπήκοοι
3456 2321 3508 2374 οἱ
3561 2317 3814 2376 θεοσεϐέ-

2164 2425 2348 2459 στατοι
2380 2404 2753 2479 τοποτηρηταὶ
2783 2409 2892 2460 τῶν
2923 2404 3195 2461 πλειόνων
3245 2407 3530 2484 γεγονότες
3579 2409 3815 2466 δύναιντ’

2159 2491 2220 2548 ἃν
2254 2493 2464 2548 ἅπανκα
2495 2499 2679 2568 σαφῶς
2735 2493 3072 2566 ἀναδιδάξαι,
3114 2503 3214 2566 τῆς
3267 2498 3419 2571 ὑμῶν
3467 2497 3811 2580 μεγαλοφυε-

2159 2581 2358 2653 στάτης
2391 2582 2651 2646 συνέσεως
2685 2580 3132 2640 διαπυνθάνεσθαι
3181 2586 3556 2662 βουλομένης.

2227 2673 2294 2729 Ὅ
2342 2670 2397 2726 δὲ
2446 2673 2675 2745 ῥηθῆναι
2727 2671 2846 2729 δέον
2898 2679 3097 2749 μικροῦ
3141 2696 3207 2748 με
3255 2674 3592 2752 παρέδραμε,
3645 2679 3817 2735 τοῦτο

2159 2757 2227 2830 δὴ
2267 2762 2357 2816 καὶ
2388 2764 2639 2836 προσθεὶς
2683 2765 3009 2818 καταπαύσω
3054 2764 3148 2819 τὸν
3195 2763 3385 2841 λόγον,
3431 2773 3534 2836 τῆς
3586 2766 3810 2824 ἐπιστο-

2154 2849 2258 2920 λῆς
2290 2847 2692 2926 εὐλαϐούμενος
2722 2855 2784 2908 τὸ
2815 2861 3012 2926 μῆκος.
3047 2859 3110 2910 Ἡ
3140 2859 3248 2909 τῶν
3287 2854 3508 2926 ἀληθῶν
3559 2860 3806 2914 κανόνων

2151 2937 2391 3016 φυλακὴ,
2460 2938 2742 3014 σπουδαίῳ
2812 2944 2906 3014 μὲν
2991 2942 3337 3021 ἐποφείλεται
3404 2945 3580 3014 παντὶ,
3652 2946 3802 3002 πολὺ

399 3029 652 3085 maxime
673 3029 892 3102 quibus
915 3028 974 3084 in
997 3027 1208 3084 horum
1234 3045 1472 3085 numero
1497 3030 1772 3101 primitus
1793 3032 2036 3104 obtigit:

2154 3030 2213 3084 δὲ
2251 3029 2416 3085 πλέον
2465 3036 2584 3093 τοῖς
2639 3031 2948 3087 ἀπευθύνειν
3170 3035 3234 3088 τὰ
3284 3037 3392 3089 τῶν
3451 3031 3632 3090 ἄλλων
3693 3036 3806 3092 ὑπὸ

393 3125 605 3188 quanto
635 3118 792 3174 enim
825 3116 954 3172 aliis
983 3121 1282 3189 praestant,
1325 3121 1484 3174 tanto
1530 3117 1927 3190 diligentiores
1969 3120 2047 3176 le-

391 3223 523 3277 gum
566 3207 840 3263 custodes
883 3206 1096 3263 debent
1135 3223 1295 3274 esse;
1342 3223 1476 3263 nam
1518 3208 1761 3265 celerius
1806 3209 2041 3266 illorum

394 3297 674 3354 delictum
708 3302 908 3370 utpole
938 3297 995 3353 in
1028 3297 1392 3354 sublimitate
1415 3300 1735 3370 positorum
1764 3301 2040 3357 omnibus

397 3389 719 3458 nuntiatur,
755 3393 929 3460 atque
960 3390 1099 3445 inde
1141 3389 1286 3445 alios
1326 3389 1615 3460 oportebit
1651 3392 1720 3445 ad
1763 3392 2038 3447 virtutem

394 3477 614 3544 reduci,
646 3477 733 3532 vel
767 3478 837 3532 ad
871 3476 1011 3532 vitia
1053 3477 1270 3532 retrahi
1313 3494 1378 3532 ac
1417 3478 1803 3548 pessumdari.
1848 3479 2035 3543 Quare

389 3569 582 3621 vestra
627 3564 798 3620 debet
829 3563 1100 3620 amabilis
1130 3565 1432 3621 beatitudo
1463 3565 1913 3623 ecclesiasticam
1949 3569 2036 3624 di-

2154 3127 2254 3190 τῆς
2311 3121 2573 3194 προνοίας
2624 3121 2977 3194 ἠξιωμένοις·
3019 3122 3110 3177 καὶ
3156 3122 3364 3179 τούτων
3405 3120 3481 3178 ἔτι
3535 3122 3803 3197 μάλιστα,

2153 3215 2276 3272 τοῖς
2351 3208 2406 3264 ἐν
2464 3209 2650 3272 άύτοῖς
2707 3209 2933 3274 τούτοις
2987 3213 3283 3286 πρωτεύειν
3345 3212 3632 3288 λαχοῦσιν·
3696 3214 3808 3288 ὅσῳ

2151 3299 2254 3376 γὰρ
2315 3297 2662 3374 ὑπερέχουσι,
2728 3300 2978 3372 τοσούτῳ
3025 3300 3426 3378 νομοφυλακεῖν
3485 3302 3797 3378 ὀφείλουσυ

2151 3389 2336 3442 θᾶττόν
2405 3408 2464 3442 τε
2531 3389 2634 3462 γὰρ
2715 3389 2779 3442 τὸ
2867 3389 3080 3444 ἐκείνων
3159 3389 3472 3464 ἐλάττωμα,
3569 3394 3669 3448 οἷα
3734 3392 3801 3462 δή

2147 3475 2408 3550 κειμένων
2481 3473 2536 3530 ἒν
2633 3475 2775 3551 ὕψει,
2871 3478 2944 3539 εἰς
3029 3478 3231 3542 πάντας
3313 3479 3802 3557 περιαγγέλλεται,

2147 3565 2389 3622 κᾶκεῖθεν
2433 3567 2560 3628 τοὺς
2618 3565 2825 3630 ἄλλους
2875 3563 3054 3638 δεήσει
3112 3569 3248 3642 πρὸς
3306 3570 3504 3642 ἀρετὴν
3548 3567 3804 3650 ἐπανάγε-

1974 3659 2208 3716 NOTAE.

457 3747 532 3818 (7)
573 3745 751 3818 Uncis
808 3743 1384 3818 inclusa__supp1evit
1435 3751 1577 3817 Aug.
1639 3747 1829 3804 Maius
1892 3749 2035 3805 Bibl.

389 3815 524 3874 nou.
549 3817 643 3885 ιν,
678 3834 730 3888 p.
754 3818 826 3872 50
852 3834 864 3870 :
888 3848 959 3856 —
978 3839 1006 3867 «
1033 3815 1262 3884 Utrum,
1285 3818 1500 3888 inquit,
1525 3815 2034 3876 schismaticorum

392 3890 527 3946 item
579 3890 766 3944 fraudi
816 3889 1194 3944 tribuendum
1249 3889 1345 3957 sit,
1397 3906 1598 3956 necne,
1646 3894 1796 3960 quod
1845 3893 2036 3948 adhuc

390 3977 522 4016 sum
591 3961 877 4032 dicturus,
942 3961 1090 4031 aequi
1133 3959 1379 4016 lectores
1429 3959 1801 4032 judicabant.
1847 3964 2032 4019 Photii

388 4033 627 4104 longam
677 4030 984 4103 epistolam
1011 4030 1105 4087 Qad
1165 4030 1468 4088 Nicolaum
1525 4050 1736 4104 papam
1793 4035 1864 4090 ob
1922 4036 2034 4090 im-

389 4105 724 4176 petrandam
775 4104 864 4160 sui
925 4104 986 4159 in
1043 4104 1440 4176 patriarchatu
1507 4105 2033 4174 conﬁrmationem,

389 4177 572 4231 edidit
627 4176 829 4231 Latine
880 4179 1136 4243 tantum,
1200 4176 1363 4231 Petro
1421 4176 1643 4231 Morino
1697 4177 2032 4246 interprete,

388 4249 545 4302 card.
580 4247 860 4303 Baronius
901 4247 972 4300 ad
1003 4263 1098 4300 an.
1150 4247 1274 4313 861,
1323 4264 1382 4302 n.
1423 4249 1526 4302 54:
1582 4248 1684 4303 sed
1735 4265 1800 4304 ea
1845 4249 2036 4306 Graece

389 4318 626 4374 demum
659 4317 890 4382 vulgata
936 4317 1046 4369 fuit
1085 4317 1154 4370 ab
1194 4318 1468 4372 Anthimo
1505 4319 1877 4375 schismatico
1923 4321 2033 4376 Re-

391 4362 593 4444 m'riicii
625 4362 988 4458 episcopoin
1029 4385 1301 4441 Valachia
1339 4405 1432 4458 an.
1474 4389 1637 4458 71,706,
1679 4407 1853 4458 quem
1902 4408 2025 4447 rur-
2064 4362 2110 4427 D

387 4476 486 4516 sus
531 4455 765 4530 textum
809 4455 968 4527 prelo
1031 4471 1216 4530 nuper
1271 4457 1328 4530 in
1387 4457 1570 4530 Gallia
1625 4455 1886 4530 subjecit
1944 4465 2028 4518 vir

387 4532 460 4586 cl.
491 4532 731 4600 Jagerus
752 4526 822 4581 in
843 4543 951 4600 sua
983 4526 1350 4600 praeclarade
1374 4527 1584 4600 fhotio
1618 4526 1799 4586 Graeci
1833 4533 2022 4589 schis~

388 4598 823 4656 matis'auctore
854 4598 1117 4666 historia,
1142 4615 1201 4668 p.
1225 4598 1348 4652 439.
1372 4598 1489 4670 Ego
1511 4616 1645 4655 vero
1664 4602 1925 4658 Graecum
1946 4605 2023 4660 ibi

387 4677 611 4743 textum
643 4670 861 4743 legens,
904 4669 1100 4743 statim
1133 4670 1337 4743 agnovi
1358 4669 1443 4740 (p.
1464 4671 1588 4743 452)
1621 4672 1732 4729 [ine
1758 4691 1888 4730 esse
1911 4692 2025 4731 mu-

385 4742 640 4807 tilatum,
666 4741 723 4797 id
747 4743 898 4813 quod
922 4741 1042 4797 illic
1069 4741 1194 4798 tum
1219 4741 1410 4798 hiulca
1442 4741 1750 4810 sententia,
1786 4751 1841 4800 et
1863 4763 2026 4804 voca-

384 4814 519 4889 bula
543 4821 816 4889 corrupta
838 4814 980 4889 satis
1002 4816 1276 4889 suadent,
1301 4820 1424 4870 tum
1451 4815 1678 4889 integra
1700 4823 1873 4889 atque
1892 4835 2028 4875 con-

384 4832 519 4868 nuia
543 4832 709 4869 corru
759 4832 816 4869 ta
838 4832 979 4870 saus
1002 4832 1276 4880 suadent,
1301 4832 1424 4870 tum
1451 4832 1678 4888 integra
1700 4832 1873 4889 atque
1892 4835 2026 4875 con-

383 4885 547 4940 tinua
579 4832 751 4957 apudJ
776 4887 1088 4942 Baronium
1138 4888 1539 4957 interpretatio
1577 4887 1745 4957 plane
1790 4893 2026 4946 demon-

382 4961 548 5032 strat.
580 4955 709 5032 Jam
741 4974 873 5032 vero
905 4958 965 5013 in
985 4959 1192 5032 ,ϐπ-ωσι).
1219 4955 1517 5032 antehanc
1539 4955 1688 5015 diem
1716 4962 2020 5032 parteine-

381 5029 522 5093 dita,
541 5028 782 5101 Photius
798 5029 1026 5084 disertis
1043 5031 1232 5086 verbis
1249 5031 1464 5086 fatetur
1477 5028 2025 5101 Romani-pontificis

381 5101 719 5172 primatum,
741 5100 882 5172 dum
907 5101 988 5172 ait
1008 5100 1811 5172 illuminterChristianorum
1838 5110 2022 5160 recto-

383 5168 477 5227 res
505 5170 800 5245 πρωτεύειν
819 5168 1085 5248 ,λαχόντα
1129 5177 1184 5229 et
1227 5171 1534 5248 ὑπερέχειν,
1576 5176 1895 5248 principem
1928 5193 2025 5231 su-

383 5242 769 5316 premumque
819 5242 1025 5316 locum
1061 5249 1277 5316 tenere.
1331 5242 2022 5303 Fatetur—item'Photius

383 5313 1162 5391 νὶεθηιοωξοοηευοωρἱηοηι
1177 5315 1636 5373 Christianorum
1649 5319 2022 5391 contugiendi

382 5387 834 5462 appellandiquo
858 5387 1122 5462 undique
1153 5391 1220 5442 ad
1255 5391 1422 5462 Rom.
1458 5391 1679 5459 sedem,
1705 5396 1765 5445 ut
1789 5387 2021 5462 pontifi-

381 5458 593 5532 calium
620 5459 829 5529 pedum
853 5459 1180 5514 fruerentur
1201 5458 1420 5529 osculo,
1443 5465 1505 5515 ut
1527 5462 1594 5515 ad
1624 5458 2018 5532 apostolorum

380 5531 587 5587 limina
609 5535 860 5599 orarent,
886 5535 943 5584 et
961 5535 1329 5604 peccatorum
1355 5532 1582 5586 veniam
1604 5531 2021 5604 consequeren-

379 5607 490 5677 tur.
517 5604 769 5677 Tantum
798 5603 1073 5677 postulat,
1098 5617 1170 5657 ne
1189 5603 1244 5657 id
1269 5603 1395 5657 sine
1417 5603 1907 5677 commendatitiis
1927 5623 2024 5677 pa-

376 5675 648 5733 triarcha:
679 5671 942 5747 epistolis
975 5673 1138 5730 fieret
1169 5688 1183 5730 :
1207 5689 1321 5746 quo
1343 5679 1472 5731 astu
1497 5673 1736 5732 Photius
1758 5671 2021 5735 Romana

2149 3749 2620 3822 peregrinatione
2649 3754 2706 3806 et
2745 3749 3130 3822 appellatione
3173 3752 3246 3806 iis
3284 3750 3508 3808 volebat
3555 3752 3802 3808 interdi-

2147 3821 2417 3891 cere,’qui
2444 3837 2514 3875 ne
2536 3837 2667 3876 cum
2712 3821 2953 3877 obtruso
2982 3823 3333 3893 patriarcha,
3365 3823 3418 3878 id
3448 3827 3534 3879 est
3572 3841 3800 3892 secum,

2148 3893 2674 3960 communicarent,
2709 3893 2950 3948 Romam
2987 3895 3423 3964 confugiebant.
3469 3895 3568 3950 ubi
3619 3897 3797 3952 etiam

2146 3965 2338 4037 Photii
2357 3964 2612 4037 crimina
2637 3964 2998 4037 revelabant;
3027 3966 3270 4037 ideoque
3291 3967 3497 4022 callide
3519 3967 3592 4021 iis
3619 3971 3802 4023 male-

2148 4035 2305 4111 dicit.
2344 4035 2649 4111 Jam_v_ero
2693 4040 2815 4111 tota
2857 4036 2980 4111 haec
3024 4035 3315 4111 Photianas
3354 4038 3618 4111 epistolae
3664 4057 3800 4111 pars

2147 4106 2339 4180 Graece
2379 4106 2607 4180 excidit,
2657 4116 2730 4180 ut
2761 4108 2820 4162 in
2866 4107 3254 4165 Valachorum
3299 4106 3478 4180 atq—ue
3515 4106 3698 4166 etiam
3743 4111 3798 4166 in

2143 4179 2332 4251 Jageri
2359 4177 2611 4251 editione
2641 4178 2832 4235 videre
2863 4188 2970 4245 est,
3003 4180 3100 4251 qui
3131 4197 3267 4235 sane
3297 4177 3397 4235 vir_
3423 4183 3637 4237 doctus
3671 4182 3799 4238 edi-

2145 4249 2320 4322 tionis
2351 4249 2638 4322 defectum
2674 4251 2929 4320 agnovit,
2951 4249 3350 4322 nequetamen
3386 4253 3573 4322 potuit
3596 4253 3799 4309 Graece

2145 4319 2447 4392 supplere,
2472 4319 2845 4392 Displicu’isse
2874 4319 3066 4378 autem
3093 4323 3295 4379 editori
3331 4319 3610 4380 Anthimo
3635 4325 3798 4380 hunc

2141 4391 2396 4464 cpistola:
2424 4391 2616 4447 Photii
2649 4398 2920 4463 tractum,
2959 4395 3014 4449 in
3057 4411 3172 4464 quo
3219 4411 3422 4464 papam
3470 4395 3644 4451 Rom.
3690 4413 3796 4452 ceu

2137 4463 2245 4537 sibi
2273 4464 2628 4537 superiorem
2664 4464 2855 4537 adhuc
2888 4463 3200 4537 reveretur,
3221 4463 3305 4521 iet,
3338 4467 3409 4522 de
3439 4468 3794 4537 appellatio-

2137 4535 2311 4590 nibus
2343 4535 2412 4589 ad
2457 4536 2850 4610 apostolicam
2877 4538 3071 4610 sedem
3117 4536 3398 4610 loquitur,
3446 4535 3536 4593 nil
3572 4538 3793 4595 mirum

2136 4615 2220 4661 est
2241 4623 2414 4681 gnam
2431 4610 2586 4661 totus
2609 4606 2705 4661 ille
2720 4607 2984 4681 Anthimi
3009 4606 3212 4664 tomus
3230 4609 3627 4681 schigmaticis
3651 4627 3795 4681 opu-

2136 4678 2334 4741 sculis,
2351 4677 2617 4751 PLomanaa
2633 4680 2946 4751 praesertim
2963 4681 3292 4735 auctoritati
3307 4677 3790 4751 adversantibus,

2135 4753 2340 4805 scatet.
2374 4749 2524 4804 Tum
2559 4765 2688 4820 vero
2718 4749 3027 4818 Valachos,
3065 4751 3350 4820 calogeris
3389 4753 3516 4807 suis
3555 4749 3792 4809 ausculé

2135 4825 2349 4894 tantes,
2373 4819 2562 4894 alieno
2583 4819 2926 4892 plerumque
2943 4823 3138 4877 animo
3158 4819 3485 4878 a’Romanis
3516 4826 3790 4894 partibus

2135 4891 2650 4966 exstitisse,_disco
2681 4891 3027 4966 eahistoria
3078 4910 3303 4966 nupera
3345 4891 3643 4966 quam—ide
3687 4896 3790 4952 illa

2135 4965 2368 5033 regione
2390 4963 2569 5018 edidit
2587 4963 2834 5018 Berolini
2855 4966 2941 5019 vir
2955 4963 3792 5036 doctus’Mich.‘Kogalnitcha-

2135 5051 2246 5089 nus
2269 5040 2410 5110 tom.
2437 5037 2478 5093 Ι.
2501 5051 2631 5106 pag.
2667 5036 2792 5092 237.
2832 5037 2995 5110 Haud
3031 5053 3162 5110 ergo
3193 5037 3502 5110 temeraria
3535 5039 3786 5094 fortasse

2133 5107 2388 5181 suspicio
2418 5118 2524 5174 est,
2581 5111 2804 5181 partem
2851 5107 3008 5181 illam
3060 5107 3318 5181 epistola:
3358 5109 3562 5181 dedita
3609 5127 3788 5181 opera

2133 5178 2284 5248 typis
2309 5178 2486 5233 fuisse
2519 5177 2826 5233 seclusam.
2853 5179 3011 5242 Quod
3049 5177 3258 5249 siquis
3291 5177 3779 5248 mitiusjudicare

2131 5249 2290 5324 velit,
2306 5253 2366 5324 et
2389 5249 2649 5324 Antbimi
2668 5250 2983 5324 editionem
3009 5250 3371 5306 Valachicam
3396 5252 3569 5322 culpa
3584 5253 3783 5324 potius

2135 5320 2630 5388 codicis,tortasse
2659 5321 3153 5390 mutili,mancam
3189 5320 3519 5378 existimare
3546 5343 3560 5391 ;
3586 5320 3782 5379 adhuc

2133 5393 2506 5462 quaerendum
2541 5397 2808 5464 superest
2843 5395 2974 5464 quis
3013 5394 3279 5450 lacunam
3328 5396 3386 5450 in
3432 5394 3533 5450 illo
3581 5398 3783 5452 codice

2133 5464 2350 5532 fecerit,
2370 5463 2635 5536 casusne
2656 5463 2889 5536 aliquis,
2915 5482 2985 5521 an
3007 5465 3362 5522 schismatici
3384 5465 3645 5522 hominis
3667 5469 3779 5536 pri-

2133 5551 2270 5608 scus
2291 5533 2501 5608 dolus?
2523 5536 2633 5592 Sed
2664 5533 2962 5608 utcunque
2983 5553 3044 5592 se
3066 5539 3168 5592 ista
3194 5537 3426 5602 habent,
3443 5555 3514 5592 en
3539 5533 3780 5594 domum

2133 5605 2254 5660 haec
2285 5606 2533 5679 epistola
2562 5624 2594 5662 a
2625 5607 2793 5679 nobis
2821 5605 2928 5679 ope
2957 5609 3208 5666 duorum
3240 5609 3508 5666 codicum
3544 5610 3779 5667 Vatica-

2133 5693 2339 5734 norum
2370 5678 2564 5736 Graece
2594 5677 2940 5752 completur.
2974 5701 3003 5731 »
