4090 6228
281 377 400 440 617

1528 375 2074 437 EPISTOLARUM
2119 376 2352 436 LIBER
2400 376 2444 436 Ι.

3568 388 3685 450 618

255 514 430 584 ’σθαι,
497 514 533 582 ἢ
612 511 751 584 πρὸς
833 507 1020 563 κακίαν
1079 508 1479 582 ὑποσύρεσθαι’
1553 509 1636 565 διὸ
1697 509 1777 565 δεῖ
1834 512 1920 565 καὶ

2056 511 2348 583 ieiplinam
2383 529 2446 568 ac
2478 514 2826 570 modestiam
2857 514 2916 570 in
2949 515 3227 573 omnibus
3259 533 3410 574 curas
3442 519 3685 592 habens,

281 603 383 672 τήν
463 598 724 674 ὑμετέραν
796 596 1162 671 πολυέραστον
1231 600 1609 672 μακαριότητα
1679 606 1780 668 τῆς
1848 597 1938 653 ἐκ-

279 689 686 762 κλησιαστικῆς
736 687 976 759 εὐταξίας
1028 685 1080 741 ἐν
1149 691 1282 742 πᾶσι
1357 688 1771 765 φροντίζουσαν,
1847 688 1935 742 καὶ

281 784 383 845 τῆς
413 783 708 846 κανονικῆς
746 773 1122 850 ἀντεχομένην
1177 776 1488 848 εὐθύτητος,
1519 777 1648 838 τοὺς
1679 777 1803 831 ἄνευ
1835 799 1935 830 συ-

287 872 552 925 στατικῶν
614 866 955 942 γραμμάτων
1004 866 1138 938 πρὸς
1188 868 1288 935 τὴν
1341 871 1447 920 τῶν
1499 866 1787 938 Ῥωμαίων
1821 868 1940 921 Ἐκ-

285 957 522 1029 κλησίαν
565 955 801 1012 ἐντεῢθεν
853 954 1203 1028 ἀπαίροντας,
1256 957 1331 1028 μὴ
1382 956 1457 1018 ὡς
1504 953 1690 1031 ἔτυχεν
1742 953 1937 1009 ὐποδέ-

287 1050 502 1124 χεσθαι·
552 1044 693 1120 μηδέ
749 1043 1058 1124 φιλοξενίας
1131 1047 1512 1119 προσχήματι,
1583 1042 1938 1122 μισαδελφίας

284 1143 642 1214 παραχωρεῖν
697 1132 1136 1191 καταϐάλλεσθαι
1205 1139 1512 1210 σπέρματα·
1568 1136 1630 1190 τὸ
1683 1137 1778 1207 μὲν
1835 1136 1937 1211 γὰρ

288 1230 408 1283 καθ’
430 1229 658 1298 ἑκάστην
691 1225 830 1302 πρὸς
859 1227 960 1295 τήν
1003 1227 1158 1298 ὑμῶν
1198 1227 1465 1300 πατρικὴν
1515 1225 1776 1295 ὁσιότητα
1812 1226 1938 1286 τοὺς

293 1317 669 1392 βουλομένους
727 1314 1132 1389 παραγίνεσθαι,
1182 1316 1272 1370 καὶ
1333 1318 1437 1368 τῶν
1503 1313 1702 1388 τιμίων
1770 1314 1940 1378 αὐτῆς

289 1406 586 1462 ἀπολαύειν
633 1403 824 1480 ἰχνῶν,
883 1407 1046 1458 τοῦτο
1110 1402 1232 1458 λίαν
1292 1401 1418 1475 ἐμοὶ
1484 1401 1804 1480 προσφιλὲς,
1851 1399 1938 1456 καὶ

290 1498 398 1570 πρὸ
428 1493 656 1550 πολλῶν
688 1491 875 1549 ἄλλων
903 1493 1237 1565 τιμώμενον·
1271 1491 1334 1547 τὸ
1365 1489 1423 1546 δὲ
1461 1491 1638 1567 χωρὶς
1666 1498 1767 1560 τῆς
1797 1493 1939 1564 ἠμε-

288 1587 449 1661 τὲρας
502 1581 787 1654 εἷδήσεως,
832 1582 922 1636 καὶ
974 1586 1309 1637 συστατικῶν
1373 1581 1716 1655 γραμμάτων
1793 1578 1940 1651 ἀνευ,

289 1670 608 1745 ἀποδημίας
641 1672 904 1733 ἀτάκτους
945 1671 1238 1740 ποιεῖσθαι,
1291 1666 1412 1724 οὕτε
1459 1673 1594 1742 ἡμῖν
1647 1665 1770 1723 οὔτε
1825 1673 1941 1730 τοῖς

287 1761 531 1832 κανόσιν,
563 1759 693 1816 ἀλλ’
727 1759 852 1815 οὐδὲ
880 1763 948 1833 τῇ
995 1761 1147 1832 ὑμῶν
1179 1755 1456 1830 ἀδεκάστῳ
1493 1759 1666 1832 κρίσει
1718 1757 1944 1832 εὐπαρά-

2047 606 2105 656 et
2146 603 2488 658 canonicam
2542 607 2748 659 tenens
2801 605 3234 675 rectitudinem,
3285 625 3380 664 eos
3420 611 3519 681 qui
3569 613 3697 668 sine

2048 692 2542 748 commendatitiis
2560 693 2768 748 litteris
2785 695 2856 748 ad
2881 694 3205 751 Romanam
3221 698 3541 756 Ecclesiam
3563 701 3698 756 hinc

2048 781 2521 852 proficiscuntur,
2579 799 2692 838 non
2745 791 2956 839 temere
3005 802 3070 840 ac
3131 787 3369 843 fortuito
3420 791 3695 862 recipere,

2048 885 2155 925 nec
2211 871 2400 926 sinere
2450 871 2862 942 hospitalitatis
2911 874 3104 944 specie
3149 876 3264 930 odii
3307 877 3539 934 fraterni
3574 880 3694 951 jaci

2049 960 2292 1015 semina.
2327 959 2472 1015 Nam
2524 960 2779 1032 quotidie
2813 963 2883 1016 ad
2917 967 3162 1018 vestram
3213 969 3515 1035 paternam
3550 986 3693 1024 san-

2049 1049 2304 1103 ctitatem
2359 1065 2478 1114 eos,
2511 1051 2610 1120 qui
2659 1051 2856 1117 velint,
2909 1053 3087 1118 adire,
3141 1057 3197 1108 et
3245 1055 3517 1123 pretiosis
3564 1059 3694 1128 ejus

2051 1137 2162 1192 frui
2193 1139 2478 1209 vestigiis,
2501 1139 2609 1195 hoc
2635 1141 2779 1196 mihi
2813 1140 2974 1197 valde
3003 1142 3252 1198 amabile
3273 1147 3381 1210 est,
3405 1161 3470 1200 ac
3497 1146 3698 1202 multis

2049 1225 2183 1282 aliis
2215 1228 2387 1283 rebus
2413 1229 2888 1298 anteponendum
2925 1247 2937 1284 :
2973 1239 3027 1285 at
3053 1229 3177 1286 sine
3209 1237 3410 1288 nostra
3430 1234 3698 1304 scientia,

2051 1319 2108 1370 et
2151 1318 2371 1387 absque
2411 1318 2910 1374 commendatitiis
2958 1318 3165 1376 litteris
3204 1322 3699 1394 peregrinationes

2051 1403 2211 1460 nullo
2233 1406 2433 1461 ordine
2459 1408 2680 1478 suscipi
2713 1423 2726 1464 :
2763 1407 2816 1462 id
2853 1423 2956 1462 nec
2990 1409 3180 1476 nobis,
3214 1426 3320 1465 nec
3351 1411 3699 1482 canonibus,

2053 1509 2158 1548 nec
2189 1511 2320 1550 vero
2349 1504 2535 1551 vestro
2558 1495 2931 1567 integerrimo
2963 1498 3186 1567 judicio
3209 1504 3300 1554 est
3323 1501 3698 1571 aceeptabile.

2052 1583 2268 1639 Omilto
2300 1585 2456 1640 enim
2482 1585 2597 1641 alia
2619 1602 2745 1656 quae
2767 1586 2997 1642 evenire
3019 1587 3208 1644 solent
3237 1588 3309 1644 iis
3332 1589 3430 1660 qui
3455 1590 3590 1646 hinc
3613 1592 3701 1645 di-

2053 1672 2324 1739 scedunt,
2351 1673 2460 1728 iter
2482 1690 2546 1728 ac
2572 1675 3067 1746 peregrinationes
3095 1694 3208 1731 non
3234 1678 3402 1747 juxta
3423 1695 3706 1734 canonem

2054 1758 2410 1816 habentibus
2444 1779 2684 1832 pugnas,
2707 1764 3046 1831 seditiones,
3076 1765 3254 1836 rixas,
3286 1767 3706 1836 contentiones,

294 1849 506 1906 δεκτον·
557 1849 730 1923 ἐῶμεν
779 1849 880 1924 γάρ
929 1849 977 1905 τ’
1036 1846 1181 1902 ἄλλα
1231 1847 1264 1901 ’ἀ
1296 1843 1613 1920 συμϐαίνειν
1645 1846 1824 1914 εἷ’ωθε,
1873 1847 1943 1920 μή

2056 1848 2407 1921 calumnias,
2431 1851 2698 1918 insidias,
2723 1853 3196 1911 insurrectiones.
3224 1855 3334 1911 Sed
3364 1858 3521 1926 quod
3550 1873 3706 1913 nunc

290 1941 430 1995 κατὰ
480 1939 572 1994 τὸν
619 1937 819 1993 κανόνα
874 1940 968 1998 τὰς
1029 1935 1348 2010 ἀποδημίας
1408 1938 1779 2009 ποιουμένων,
1837 1940 1942 1990 τῶν

292 2024 730 2097 ἀποδημούντων
758 2027 853 2087 τάς
905 2026 1111 2100 μάχας,
1158 2025 1253 2086 τὰς
1307 2025 1536 2093 στάσεις,
1588 2027 1682 2086 τάς
1739 2021 1944 2096 ἔριδας,

289 2117 388 2178 τὰς
438 2114 796 2194 φιλονεικίας,
846 2114 942 2178 τάς
989 2109 1272 2183 διαϐολὰς,
1313 2113 1407 2176 τὰς
1465 2109 1784 2183 ἐπιϐουλὰς,
1849 2115 1946 2174 τάς

292 2204 706 2274 ἐπαναστάσεις,
762 2202 908 2259 ἀλλά
972 2203 1033 2258 τό
1089 2224 1148 2277 γε
1214 2207 1302 2257 νῦν
1365 2203 1639 2279 ὁρώμενόν
1705 2224 1762 2257 τε
1853 2204 1942 2257 καὶ

293 2296 670 2370 πραττόμενον
721 2292 866 2367 ἒρῶο
928 2289 1146 2349 ἐπειδὰν
1203 2293 1307 2368 γάρ
1370 2291 1590 2348 ἐνταῦθά
1645 2314 1786 2354 τινες
1857 2289 1945 2347 διὰ

293 2393 396 2455 τῆς
447 2385 758 2438 παθοποιοῦ
809 2381 1091 2458 ῥᾳστώνης
1138 2384 1228 2437 τὸν
1293 2382 1410 2457 βίον
1453 2379 1943 2454 καταβρυπώσωσι,

291 2479 402 2528 τῶν
461 2472 519 2528 δὲ
561 2470 1071 2546 πλημμελημάτων
1129 2472 1350 2534 εὐθύνας
1415 2471 1758 2526 ἀπαιτεῖσθαι
1845 2472 1944 2524 ὦσι

294 2561 692 2638 προσδόκιμοι,
733 2563 865 2635 μετά
915 2569 1113 2635 σεμνῆς
1182 2570 1283 2631 τῆς
1335 2563 1646 2633 ἐπωνυμίας
1711 2557 1945 2635 φυγάδες

296 2654 603 2730 γίγνονται,
648 2659 966 2727 προσευχῆς
1017 2651 1193 2725 ὄνομα
1249 2657 1316 2726 τῇ
1377 2655 1518 2726 φυγῇ
1578 2649 1944 2724 περιθέμενοι,

293 2744 388 2797 καὶ
420 2743 608 2816 πρᾶξιν
641 2741 872 2816 αἰσχράν
902 2741 1166 2813 ὀνομασίᾳ
1211 2745 1430 2815 χρηστῇ
1480 2739 1942 2813 συγκαλυψαντεςο

294 2833 371 2885 ὧν
405 2831 456 2885 οἱ
493 2833 586 2904 μὶν
615 2828 948 2903 ἀλλοτρίους
989 2831 1200 2904 γάμους
1236 2828 1518 2901 διώρυξαν,
1544 2829 1594 2882 οἰ
1628 2827 1684 2882 δὲ
1713 2827 1948 2888 κλοπαῖς

289 2919 629 2989 ἑαλώκεσαν,
653 2922 688 2990 ἢ
739 2925 860 2982 ταῖς
913 2921 1100 2992 μέθαις
1162 2919 1562 2994 προεπὸθησαν,
1597 2917 1631 2985 ἢ
1671 2923 1788 2978 ταῖς
1821 2919 1948 2972 ἀκο-

294 3009 515 3070 λασίαις
545 3008 950 3080 ἐδουλώθησαν
993 3007 1156 3064 ἄλλοι
1199 3006 1365 3063 δὲκαὶ
1399 3011 1506 3062 τῶν
1548 3005 1943 3080 ταπεινοτέρων

286 3099 612 3174 αὐτόχειρες
660 3097 1037 3176 ἐφωράθησαν,
1087 3098 1176 3152 καὶ
1231 3095 1397 3152 ἄλλοι
1449 3095 1646 3159 ἄλλοις
1716 3095 1938 3151 πάθεσιν

2055 1939 2307 2008 videtur,
2341 1957 2406 1995 ac
2448 1942 2534 2010 ﬁt,
2567 1942 2756 1997 dicam
2785 1969 2798 2008 ;
2823 1959 2956 1998 cum
2992 1944 3148 1999 enim
3189 1945 3284 2000 hic
3317 1946 3582 2002 nonnulli
3607 1964 3708 2018 per

2057 2027 2353 2099 impuram
2386 2030 2708 2100 nequitiam
2742 2031 2919 2086 vitam
2953 2034 3405 2089 contaminarint
3430 2051 3496 2091 ac
3527 2037 3710 2091 sordi-

2057 2117 2250 2171 darint
2277 2134 2289 2172 :
2314 2118 2393 2172 sit
2422 2133 2554 2173 vero
2576 2121 2947 2189 exspectatio,
2972 2121 3042 2178 de
3066 2122 3138 2177 iis
3167 2122 3482 2178 criminum
3507 2141 3705 2194 poenas

2057 2209 2377 2278 expetitum
2401 2207 2472 2264 iri
2501 2226 2514 2265 :
2538 2209 2805 2281 speciosa
2827 2212 3266 2282 nuncupatione
3288 2212 3512 2284 fugitivi
3532 2215 3704 2283 ﬁunt,

2057 2298 2340 2352 orationis
2361 2314 2426 2353 ac
2448 2298 2564 2353 voti
2590 2315 2799 2354 nomen
2821 2299 2973 2370 fugae
2994 2317 3111 2355 suae
3135 2302 3425 2368 indentes,
3448 2317 3516 2358 ac
3534 2305 3704 2372 turpe

2057 2385 2341 2454 flagitium
2385 2386 2772 2457 appellatione
2803 2388 2983 2457 proba
3023 2393 3413 2461 contegentes.
3446 2391 3702 2455 Quorum

2056 2473 2152 2528 alii
2185 2474 2377 2530 aliena
2409 2476 2681 2546 conjugia
2711 2477 3106 2546 perfoderunt,
3141 2476 3237 2531 alii
3271 2477 3409 2533 furti
3443 2477 3706 2532 damnati

2060 2568 2218 2629 sunt,
2246 2569 2346 2618 aut
2393 2565 2718 2618 vinolentiaa
2751 2581 2815 2619 se
2859 2565 3260 2635 prepinarunt,
3297 2570 3399 2620 aut
3430 2565 3702 2633 lascivias,

2056 2652 2286 2707 libidini
2318 2657 2374 2707 et
2418 2654 2878 2724 intemperantia
2918 2655 3238 2709 servierunt
3269 2675 3283 2723 ;
3317 2653 3416 2710 alii
3467 2671 3598 2710 vero
3619 2659 3704 2710 te-

2059 2740 2329 2796 nuiorum
2364 2741 2671 2796 hominum
2708 2758 3075 2812 percussores
3097 2748 3153 2797 et
3183 2743 3487 2797 homicidas
3509 2745 3707 2813 depre-

2058 2830 2226 2886 hensi
2275 2837 2454 2898 sunt;
2494 2831 2591 2885 alii
2637 2829 2767 2885 aliis
2805 2832 3172 2902 passionibus
3223 2832 3610 2886 immunditia:
3644 2849 3706 2887 se

2060 2919 2492 2975 immerserunt.
2530 2919 2636 2982 Qui
2682 2935 2814 2974 cum
2857 2920 2916 2975 in
2967 2921 3192 2990 seipsos
3235 2921 3334 2990 jus
3383 2921 3588 2991 emitti,
3641 2925 3705 2976 ut

2055 3007 2334 3074 diximus,
2367 3007 2822 3078 persentiscunt,
2863 3008 3034 3063 simul
3067 3011 3265 3064 omnia
3298 3010 3606 3065 miscentes
3649 3013 3707 3064 et

2054 3096 2493 3161 conturbantes,
2545 3096 2898 3167 ﬂagitiorum
2956 3113 3024 3153 ac
3083 3097 3404 3152 facinorum
3463 3112 3703 3153 suorum

287 3189 622 3262 ἀκαθαρσίας
681 3188 1097 3264 συνεσχέθησαν·
1163 3185 1216 3242 ο⁰ί
1261 3184 1474 3242 ἐπειδὰν
1559 3187 1673 3242 κατ’
1759 3186 1932 3240 αὐτῶν

2056 3201 2250 3255 poenas
2282 3161 2809 3255 fugaamoliuntur,
2845 3201 2950 3240 nec
2990 3186 3494 3256 objurgationibus
3527 3185 3700 3240 casti-

286 3283 393 3350 τήν
445 3279 600 3350 δίκην
651 3278 970 3359 ἀφιεμένην,
1024 3278 1203 3352 ὥσπερ
1254 3275 1478 3354 ἔφημεν,
1529 3277 1938 3344 συναίσθωνται,

289 3371 440 3442 ὁμοῦ
485 3371 660 3424 πάντα
704 3368 1038 3439 κυκήσαντὲς
1079 3388 1137 3422 τε
1181 3367 1270 3422 καὶ
1321 3365 1758 3440 συνταράξαντες,
1812 3362 1938 3439 δρα-

288 3464 421 3532 σμῷ
477 3460 572 3520 τὰς
622 3459 710 3512 ἐπὶ
769 3463 886 3521 τοῖς
932 3457 1418 3533 αἰσχρουργηθεῖσι
1467 3457 1556 3510 καὶ
1614 3454 1941 3528 τολμηθεῖσι

291 3546 680 3621 διακρούονται
731 3544 1008 3608 κολάσεις’
1067 3548 1204 3620 μήτε
1258 3551 1376 3606 ταῖς
1440 3544 1788 3618 ἐπιτιμησεσι
1837 3564 1942 3597 σω-

288 3636 704 3716 φρονιζόμενοι,
759 3638 898 3709 μήτε
954 3641 1072 3698 ταῖς
1140 3635 1433 3708 τιμωρίαις
1499 3632 1943 3708 θεραπευόμενοι,

292 3728 441 3800 μήτε
468 3731 565 3780 τοῦ
597 3726 895 3798 πτώματος
931 3723 1340 3798 ἀνορθούμενοι,
1373 3722 1502 3778 ἀλλ’
1534 3723 1718 3785 αὐτοῖς
1748 3743 1805 3790 τε
1853 3724 1943 3778 καὶ

285 3821 412 3878 τοῖς
447 3813 643 3876 ἄλλοις
678 3812 1050 3876 διατελοῦντες
1081 3813 1346 3889 ὀλέθριοι⁸
1390 3813 1440 3883 ἐξ
1482 3814 1554 3866 ὧν
1607 3817 1686 3884 τῷ
1745 3811 1944 3884 βουλο-

291 3905 450 3978 μένῳ
498 3905 687 3958 πάθεσι
736 3907 939 3980 τρυφᾷν
986 3905 1020 3972 ἡ
1066 3903 1215 3972 πύλη
1266 3902 1500 3957 πλατεῖα
1529 3908 1629 3969 τῆς
1669 3899 1946 3962 ἀπωλείας

289 3994 705 4067 ὁπανοίγνυται·
757 3987 950 4067 ἔχουσι
987 3991 1091 4066 γάρ
1137 3999 1239 4061 τῆς
1287 3988 1441 4060 δίκης
1492 3991 1792 4068 ἀποφυγεῖν
1850 3991 1948 4056 τήν

288 4083 385 4138 ἐπὶ
440 4085 708 4161 προφάσει
748 4088 1064 4156 προσευχῆς
1110 4080 1198 4136 ἐπὶ
1265 4081 1484 4154 Ῥώμην
1548 4077 1802 4134 κάθοδον·
1872 4080 1945 4133 ὧν

287 4171 399 4238 τήν
446 4168 778 4243 κακότεχνον
835 4170 1093 4242 μηχανήν
1135 4169 1170 4236 ἡ
1227 4167 1458 4240 ὑμετέρα
1496 4165 1826 4226 παθοκτόνος
1858 4162 1947 4217 καὶ

290 4256 708 4332 θεοχαρίτωτος
757 4255 1138 4310 ἀνασκοποῦσα
1185 4253 1421 4334 κεφαλὴ,
1453 4251 1733 4326 ἄχρηστον
1766 4251 1951 4316 αὐτοῖς

288 4346 388 4404 καὶ
421 4344 856 4424 ἀτελεσφὸρητον
885 4346 976 4401 τὸν
1007 4342 1172 4400 δόλον
1222 4343 1311 4399 καὶ
1370 4345 1468 4412 τὴν
1515 4342 1949 4418 μηχανορῥάςρον

290 4437 648 4515 ἀποφαινέτω
689 4436 1002 4510 προαίρεσιν
1039 4453 1052 4469 ·
1103 4435 1229 4496 τοὺς
1285 4435 1404 4488 ἄνευ
1464 4438 1796 4488 συστατικῶν
1846 4453 1946 4487 πα-

2048 3273 2184 3345 gati,
2209 3290 2312 3328 nec
2345 3273 2649 3344 suppliciis
2671 3274 2878 3340 curati,
2903 3290 3006 3330 nec
3038 3291 3099 3330 se
3130 3292 3162 3330 a
3187 3274 3356 3345 lapsu
3380 3275 3689 3346 erigentes,

2053 3365 2153 3418 sed
2184 3363 2300 3419 sibi
2333 3367 2503 3432 atque
2534 3363 2664 3418 aliis
2696 3379 2882 3434 usque
2938 3362 3262 3435 perniciosi.
3299 3364 3376 3418 Ex
3407 3362 3618 3435 quibus
3648 3363 3703 3419 ei

2052 3452 2152 3523 qui
2201 3451 2342 3507 velit
2391 3452 2766 3524 passionibus
2817 3453 3051 3508 delicias
3107 3453 3314 3521 tacere,
3378 3454 3497 3508 lata
3543 3452 3702 3507 exitii

2053 3547 2220 3609 porta
2270 3541 2664 3614 subaperitur.
2695 3543 2927 3598 Habent
2969 3543 3124 3598 enim
3174 3544 3354 3614 poenaa'
3395 3541 3700 3614 effugium.

2055 3632 2299 3688 Romam
2331 3633 2436 3686 sub
2482 3631 2761 3688 orationis
2812 3632 3051 3687 obtentu
3103 3631 3411 3702 proficisci.
3444 3631 3701 3694 Quorum

2057 3719 2206 3775 male
2255 3719 2573 3775 artiﬁciosa
2624 3720 2931 3776 molimina
2989 3720 3390 3786 considerans,
3440 3722 3700 3774 vestrum

2057 3809 2360 3879 passiones
2399 3806 2756 3864 interficiens
2802 3814 2860 3863 et
2908 3809 3023 3864 Deo
3073 3810 3472 3879 gratissimum
3506 3811 3702 3879 caput,

2055 3895 2324 3952 inutilem
2355 3897 2454 3964 iis,
2487 3900 2545 3951 et
2573 3913 2788 3952 vanum
2822 3902 2880 3953 et
2914 3897 3040 3952 sine
3070 3897 3278 3952 effectu
3310 3897 3578 3954 ostendat
3609 3898 3705 3951 do-

2059 3987 2201 4051 lum,
2234 3988 2291 4041 et
2320 3984 2680 4041 voluntatem
2714 3985 2894 4040 multa
2943 3985 3212 4055 nequiter
3241 3984 3701 4050 machinantem,

2054 4080 2110 4133 et
2138 4073 2292 4130 varie
2325 4076 2727 4139 consuentem,
2777 4088 2873 4128 eos
2905 4073 3005 4144 qui
3037 4073 3163 4129 sine
3212 4072 3703 4128 commendatitiis

2057 4165 2266 4221 litteris
2315 4162 2651 4232 adveniunt,
2702 4161 3010 4234 diligenter
3054 4162 3194 4218 illuc
3233 4163 3527 4233 redigens,
3548 4163 3704 4216 unde

2059 4253 2230 4319 male,
2263 4269 2328 4308 ac
2359 4251 2518 4308 nullo
2544 4252 2746 4308 ordine
2782 4251 3131 4323 effugerunt.
3180 4251 3272 4306 Sic
3303 4249 3458 4306 enim
3487 4253 3544 4304 et
3574 4249 3706 4305 illo-

2058 4359 2187 4398 rum
2220 4340 2378 4397 salus
2429 4340 2857 4412 procurabilur,
2913 4345 2971 4394 et
3019 4338 3304 4411 regularis
3337 4337 3619 4394 modestia
3651 4344 3706 4392 et

2057 4433 2195 4488 ordo
2250 4429 2631 4499 custodietur,
2663 4433 2720 4485 et
2751 4428 3084 4484 ﬁrmabitur
3113 4445 3274 4484 amor
3305 4427 3620 4491 fraternus,
3647 4430 3706 4481 et

294 4492 696 4604 pa7tlv0pévou:
733 4492 1133 4603 Ιγραμμάτων,
1202 4492 1313 4598 μετ’
1396 4522 1710 4596 ἐπιμελείας
1779 4522 1943 4577 ἐκεῖσε

2057 4521 2386 4578 communis
2417 4517 2749 4575 sollicitudo
2799 4519 3074 4575 omnibus
3105 4518 3175 4573 ad
3210 4516 3459 4573 salutem
3493 4515 3704 4571 animae

292 4619 470 4673 πάλιν
533 4617 1032 4694 ἓπαναστρὲφουσα,
1101 4616 1219 4669 ὅθεν
1278 4618 1462 4676 κακῶς
1525 4615 1614 4668 καὶ
1701 4613 1945 4675 ἀτάκτως

2058 4619 2114 4670 et
2151 4610 2405 4679 corporis
2455 4611 2850 4682 impendetur.

293 4709 578 4785 ἐξέφυγον·
627 4706 770 4762 οὕτω
824 4693 930 4781 γὰρ
987 4704 1050 4760 ἂν
1089 4705 1264 4759 αὐτῶν
1303 4725 1359 4758 τε
1399 4701 1616 4758 ἐκείνων
1647 4705 1680 4773 ἡ
1729 4704 1974 4778 σωτηρία
2029 4701 2491 4776 πραγματεύοιτο,
2523 4701 2678 4768 κοινή
2733 4719 2791 4752 τε
2856 4699 2890 4772 ᾑ
2948 4696 3166 4775 φροντὶς
3221 4699 3384 4749 πᾶσιν
3424 4693 3506 4750 ἐπ’
3565 4695 3704 4772 ὡφε-

297 4800 430 4871 λείᾳ
455 4801 644 4872 ψυχῆς
673 4817 731 4853 τε
761 4797 851 4852 καὶ
885 4797 1144 4868 σώματος
1177 4794 1614 4867 πρυτανεύοιτο.]

1769 4882 2109 4938 EPISTOLA
2150 4884 2246 4938 Ill.

981 4997 1065 5052 Ad
1096 4995 1399 5053 Orientales
1431 4995 1785 5050 Patriarchas
1815 4999 1870 5049 et
1903 4991 2285 5049 0Eco-nomum
2311 4991 2567 5047 Ecclesia
2594 4987 2945 5044 Antiochense
2968 4986 3070 5059 (8).

975 5103 1208 5159 ΕΠΙΣΤ.
1242 5102 1315 5159 Δ’.

305 5189 508 5268 Βάρδα,
586 5191 902 5268 Μαγίστρῳ,
991 5190 1270 5266 Πατρικίῳ
1361 5191 1451 5245 καὶ
1537 5187 1956 5263 Κουροπαλάτῃ.

2721 5094 2939 5150 EPIST.
2977 5093 3070 5148 IV.

2241 5189 2463 5260 Bai-dae,
2495 5187 2771 5260 Magistro,
2811 5185 3046 5240 Patrilio
3084 5187 3139 5240 et
3169 5182 3546 5255 Curopalata’.

1521 5316 1672 5366 Edita
1701 5330 1732 5365 a
1766 5312 2098 5365 Montacutio
2124 5316 2236 5377 (ep.
2256 5313 2305 5372 3,
2339 5329 2388 5377 p.
2418 5312 2524 5371 65.)

383 5434 510 5489 Ἐπὶ
557 5433 620 5488 τὸ
675 5431 841 5509 ἄλγος
887 5435 995 5487 τῶν
1052 5431 1378 5507 τραυμάτων
1439 5449 1544 5502 μου
1579 5428 1958 5503 προστίθεσθαι

311 5519 568 5598 ἄλγημα,
609 5527 708 5590 τῆς
771 5522 865 5595 μὶν
925 5519 1063 5594 ἐμῆς
1119 5518 1252 5582 ἴσως
1300 5517 1630 5590 ἀθλιότητος
1661 5517 1832 5591 ἄξιον,
1861 5523 1962 5587 τῆς

2143 5429 2410 5484 Dolorem
2443 5426 2627 5482 dolori
2661 5441 2924 5481 meorum
2966 5425 3270 5480 vulnerum
3303 5424 3715 5495 superaddere,

2073 5519 2313 5590 dignum
2341 5515 2608 5574 fortassis
2640 5531 2767 5573 mea
2781 5514 3016 5572 miseria
3035 5514 3143 5570 fuit
3159 5531 3173 5584 ;
3190 5513 3502 5586 indignum
3526 5519 3716 5568 autem

1911 5636 2141 5694 NOTAE.

391 5747 468 5822 (8)
499 5749 696 5806 Exstat
726 5750 784 5804 in
817 5763 984 5820 Opere
1013 5748 1108 5806 cui
1141 5748 1348 5806 titulus
1369 5744 1546 5821 Τόμος
1570 5744 1943 5821 χαρᾶςβάὶίυῖ

2056 5745 2316 5801 lucharest
2339 5743 2600 5800 an.l705.
2627 5749 2741 5802 Hoc
2762 5743 2976 5800 frustra
3001 5739 3111 5800 huc
3148 5755 3328 5811 usque
3351 5733 3720 5810 quaesivimus

640 5851 914 5912 PATROL.
961 5849 1072 5912 Gn.
1120 5849 1248 5913 Cll.

3328 5841 3405 5899 20
