4090 6228
443 357 560 418 619

443 591 536 632 me
558 576 807 631 animari
838 575 1066 630 debeas.
1097 572 1257 637 Quod
1292 571 1337 626 si
1381 571 1511 642 quis
1564 571 1673 627 sibi
1730 570 2083 644 persuaserit

441 671 644 722 contra
690 670 942 722 vestram
976 663 1245 720 obvenire
1277 661 1443 717 nobis
1485 661 1597 717 ista
1627 661 2008 726 voluntatem,
2031 659 2082 715 is

441 771 574 812 cum
609 755 795 810 videat
823 754 936 809 ista
959 769 1063 808 nos
1095 750 1232 819 pati,
1260 754 1314 806 te
1340 755 1680 822 potestatem
1712 756 1769 806 et
1799 750 1914 806 vim
1949 748 2080 822 pul-

441 844 609 900 sandi
643 843 995 916 possidente,
1031 845 1215 896 mutet
1246 840 1483 895 omnino
1505 840 1855 896 sententiam
1888 855 2077 894 suam.

439 934 674 1004 Decepti
723 948 952 995 sumus,
997 929 1187 985 affecti
1255 929 1645 999 contumeliis,
1697 930 1976 984 dedecore
2025 932 2082 983 et

439 1021 692 1092 injuriis,
715 1020 947 1089 insuper
968 1022 1024 1074 et
1055 1017 1113 1072 in
1138 1033 1244 1072 nos
1275 1017 1736 1088 conspirabatur;
1763 1015 1860 1070 sed
1885 1019 2078 1070 tamen

434 1112 656 1181 plagas,
690 1109 878 1178 aiunt,
910 1124 1024 1162 non
1061 1105 1392 1176 accepimus
1426 1123 1438 1159 :
1475 1109 1592 1160 imo
1624 1110 1817 1160 autem
1850 1104 2080 1172 accepi-

435 1216 591 1268 mus,
625 1204 681 1254 et
713 1199 866 1270 quod
914 1197 1150 1268 gravius
1181 1201 1292 1263 est,
1327 1195 1483 1251 haud
1514 1195 1572 1250 in
1609 1210 1848 1266 corpore
1881 1214 1896 1250 :
1931 1192 2076 1247 illud

432 1289 589 1344 enim
634 1287 694 1344 in
743 1288 939 1344 oculos
986 1287 1242 1341 incurret
1291 1285 1576 1353 omnium,
1609 1289 1664 1340 et
1697 1285 2076 1341 lacessentem

432 1379 759 1450 redarguet,
807 1381 864 1432 et
905 1377 961 1431 in
1016 1375 1369 1430 intuentium
1428 1379 1485 1430 et
1533 1374 2075 1430 commiserantium

432 1464 823 1532 condolentia,
846 1464 1159 1535 quamdam
1183 1462 1826 1518 habetconsolationem
1856 1460 1990 1529 ;sed
2016 1460 2073 1514 in

430 1555 629 1611 anima
653 1555 853 1627 plagas
878 1553 1141 1621 tulimus,
1163 1569 1262 1624 per
1281 1553 1540 1609 animam
1563 1553 1778 1608 morbis
1803 1551 2075 1623 afﬂigitur

430 1661 645 1716 corpus
677 1660 690 1698 :
726 1644 818 1699 hic
841 1641 1182 1715 quiatfligit,
1214 1641 1388 1698 veluti
1413 1642 1558 1697 nihil
1582 1643 1798 1697 faciens
1819 1642 2070 1712 injurias,

430 1750 549 1789 non
583 1732 797 1804 pudefit
824 1757 837 1800 ;
862 1732 911 1787 is
942 1739 1134 1787 autem
1169 1731 1268 1804 qui
1303 1731 1538 1801 vapulat
1568 1747 1746 1801 pmnaa
1779 1731 2072 1802 quoddam

1643 352 1910 414 PHOTII
1956 351 2479 413 PATRIABCHE
2523 352 2641 412 ΟΡ.

3513 10 4051 180 τ

3726 347 3841 410 620

441 489 610 561 plane
640 486 1148 546 commiseratione
1178 488 1387 554 vestra,
1420 488 1476 539 et
1506 483 1715 539 affectu
1748 483 1846 540 illo
1877 499 1992 555 quo
2014 483 2063 538 iu

2189 478 2231 534 δ’
2289 481 2550 554 ὑμετέρας
2602 478 2959 552 συμπαθείας,
3003 475 3092 531 καὶ
3143 476 3265 548 περὶ
3313 477 3460 548 ἡμᾶς
3519 473 3835 546 διαθέσεως,

2191 569 2426 640 ἀνάξιον.
2471 569 2569 623 Καὶ
2597 566 2651 623 εἷ’
2679 589 2762 631 τις
2807 566 3054 636 πεισθείη
3109 565 3186 639 μή
3237 566 3374 620 κατά
3411 565 3648 642 γνώμην
3685 566 3834 638 ὑμῶν

2190 662 2354 712 ταῦτα
2403 664 2693 731 συμπεσεῖν
2746 658 2904 730 ἡμῖν·
2961 653 3108 710 ἀλλά
3151 675 3212 730 γε
3267 655 3331 709 τὸ
3382 655 3535 728 ὓμῶν
3589 654 3842 726 ἐξουσια-

2195 749 2392 816 ζόντων
2433 747 2523 801 καὶ
2593 745 2919 822 ἰσχυόντων,
2967 748 3135 798 ταῦτα
3200 741 3429 818 πάσχειν
3485 747 3661 816 ἡμᾶς,
3731 745 3842 801 ἐπεὶ

2191 841 2349 890 τοῦτο
2384 833 2599 910 βλέπει,
2630 833 2741 890 οὐδ’
2793 835 2854 890 ἃν
2891 833 3295 908 μεταπεισθείη.
3335 831 3838 910 ΙΙαρελογίσθημεν,

2189 921 2597 1000 ἐξυϐρίσθημεν,
2657 925 3047 998 ἡτιμώθημεν,
3119 921 3554 996 ἐπηρεαζόμεθα,
3611 919 3839 978 imaeu-

2191 1013 2480 1086 λευόμεθα·
2552 1015 2697 1069 ἀλλά
2753 1012 2975 1088 πληγὰς
3032 1010 3130 1067 οὒκ
3188 1007 3478 1087 ἐλάϐομεν·
3539 1009 3835 1087 ἐλάϐομεν·

2187 1103 2276 1157 καὶ
2332 1105 2394 1158 τὸ
2434 1103 2847 1177 χαλεπώτερον,
2882 1103 2986 1157 οὐκ
3034 1102 3122 1156 ἐπὶ
3174 1103 3451 1174 σώματος,
3500 1103 3531 1158 ’ὀ
3579 1104 3675 1157 καὶ
3705 1110 3836 1158 πᾶσι

2190 1192 2450 1265 φαίνεται,
2509 1193 2601 1248 καὶ
2652 1195 2744 1248 τὸν
2793 1191 3085 1247 ἀδικοῦντα
3141 1191 3393 1266 ἐλέγχει,
3452 1193 3542 1246 καὶ
3614 1191 3838 1261 πολλὴν

2187 1283 2549 1358 παραμυθίαν,
2604 1284 2703 1352 τὴν
2737 1282 2844 1337 ἀπὸ
2872 1287 2980 1338 τῶν
3015 1282 3268 1356 ὁρώντων
3316 1282 3406 1336 καὶ
3457 1281 3836 1357 οἰκτειρόντων

2186 1370 2386 1444 εἰσάγει
2447 1371 2779 1443 συμπάθειαν
2809 1389 2822 1404 ·
2892 1363 3162 1440 ἐλάϐομεν
3218 1365 3440 1443 πληγὰς
3513 1367 3601 1422 ἐπὶ
3652 1369 3840 1446 ψυχὴν

2187 1460 2373 1532 αὐτὴν,
2436 1459 2604 1531 δι’ἢν
2661 1461 2753 1516 καὶ
2809 1462 2872 1515 τὸ
2929 1464 3089 1533 σῶμα
3145 1460 3286 1532 νόσῳ
3347 1460 3686 1532 μαστίζεται·
3745 1461 3833 1514 καὶ

2185 1549 2212 1602 ὁ
2276 1547 2513 1619 τύπτων,
2574 1550 2648 1611 ὡς
2713 1550 2789 1623 μή
2851 1546 3074 1616 ἀδικῶν,
3134 1547 3232 1602 οὐκ
3287 1547 3641 1622 αἰσχύνεται·
3687 1547 3834 1603 καὶὸ

2183 1637 2518 1713 τυπτόμενος
2549 1640 2872 1714 προσθήκην
2925 1635 3140 1713 δέχεται
3172 1639 3465 1713 τιμωρίας,
3497 1635 3582 1691 ἐπὶ
3628 1641 3698 1711 τῇ
3728 1643 3833 1692 τῶν

2182 1726 2414 1802 πληγῶν
2450 1726 2639 1803 ὀδύνῃ,
2679 1730 2779 1798 τήν
2812 1727 2918 1782 ἀπὸ
2949 1731 3046 1782 τοῦ
3096 1725 3370 1781 λανθάνειν
3427 1725 3832 1802 ἀσπλαγχνίαν.

426 1822 892 1878 additamentum
940 1821 1135 1888 habet,
1169 1821 1321 1892 quod
1371 1836 1505 1876 cum
1550 1820 1760 1890 doleat,
1795 1820 1923 1890 ejus
1953 1836 2063 1874 non

2181 1816 2438 1872 Λανθάνει
2478 1817 2581 1893 γὰρ
2633 1818 2761 1881 τοὺς
2811 1815 3060 1878 πολλοὺς
3105 1815 3168 1870 τὸ
3230 1821 3479 1872 τοιοῦτον
3548 1814 3690 1878 εἶδος
3739 1824 3836 1885 τῆς

427 1912 781 1968 miserentur
811 1910 930 1976 alii,
958 1913 1108 1982 quod
1145 1909 1259 1979 pati
1282 1927 1416 1965 eum
1451 1910 1737 1980 ignorant.
1763 1909 2067 1964 Enimvero

422 2001 731 2072 plerosque
757 1999 894 2054 latet
915 1999 1246 2054 istiusmodi
1272 1998 1591 2068 punitionis
1617 1999 1857 2069 species,
1882 2013 1988 2068 qua
2010 2001 2067 2052 et

423 2088 612 2160 magis
635 2087 961 2143 oblectatur
982 2087 1081 2158 qui
1114 2086 1340 2158 plagam
1371 2088 1562 2154 infert,
1588 2087 1725 2142 etin
1749 2086 1808 2140 id
1832 2087 1939 2141 add
1952 2087 2064 2141 uei-

2179 1904 2480 1978 κολάσεως,
2525 1907 2554 1960 ’ὀ
2585 1907 2672 1961 καὶ
2709 1907 2822 1976 ,τὸν
2876 1902 3181 1974 κολάζοντα
3223 1903 3389 1960 πλέον
3445 1904 3694 1980 εὐθυμεῖ,
3743 1906 3833 1958 καί

2178 1992 2866 2069 ἂμετανόητονδᾶποτελεῖ·
2913 1994 3003 2049 καὶ
3052 1993 3144 2050 τὸν
3190 1990 3558 2067 κολαζόμενον
3617 1992 3833 2068 μᾶλλον

2176 2082 2405 2156 δαπανᾷ,
2447 2084 2491 2139 εί
2531 2083 2621 2139 καὶ
2650 2085 2740 2139 τὸν
2777 2085 2968 2157 μισθὸν
3014 2083 3182 2158 μείζω
3212 2084 3478 2158 προξενεῖ.

419 2181 534 2245 tur,
552 2182 614 2232 ut
638 2193 709 2232 ne
731 2176 1008 2247 pmniteat
1022 2175 1152 2231 facti
1174 2193 1187 2242 ;
1211 2174 1488 2231 afﬂictum
1504 2192 1633 2232 vero
1658 2175 1844 2247 magis
1861 2175 2380 2246 atterit,utcunque
2399 2177 2678 2247 majorem
2697 2176 2748 2232 ei
2763 2175 3166 2232 retributionis
3183 2176 3506 2232 mercedem
3526 2180 3824 2248 procurat.

491 2268 774 2321 Caeterum
798 2269 854 2320 et
883 2265 997 2320 ista
1027 2281 1132 2320 nos
1163 2269 1399 2337 prepter
1429 2265 1725 2320 Christum
1758 2270 1814 2319 et
1845 2265 2068 2320 divinas

419 2356 577 2428 leges
594 2354 969 2411 toleravimus
985 2363 1190 2424 antea;
1209 2358 1264 2409 et
1290 2354 1510 2426 gracias
1533 2354 1647 2409 Deo
1670 2356 1920 2425 agimus,
1945 2354 2066 2423 qui,

419 2460 552 2502 cum
584 2444 878 2515 angimur,
908 2445 1060 2514 quod
1085 2441 1346 2499 celantur
1374 2459 1668 2510 aerumnae,
1694 2446 1751 2498 et
1777 2443 1859 2498 sic
1887 2443 2066 2514 inglo-

420 2535 505 2589 rie
536 2533 810 2602 patimur,
842 2533 1172 2588 mercedem
1212 2532 1490 2601 majorem
1523 2531 1935 2587 accumulavit.
1969 2531 2066 2586 ln-

421 2621 751 2694 telligebam
807 2623 1004 2692 probe,
1052 2621 1125 2676 ab
1155 2621 1300 2676 inito
1344 2621 1600 2692 primum
1631 2621 1940 2676 certamine
1974 2636 2065 2677 me

419 2714 542 2770 haec
575 2731 885 2786 passurum
914 2715 1351 2786 ;exspectabam
1385 2731 1613 2786 quoque
1659 2718 1791 2770 ante
1823 2731 2062 2785 perpes-

418 2805 642 2860 sionem
676 2810 732 2860 et
762 2813 1055 2860 certamen
1077 2803 1145 2872 (si
1178 2820 1308 2860 vera
1348 2821 1462 2859 non
1493 2804 1718 2875 loquar,
1753 2805 1937 2875 patiar
1958 2819 2063 2876 ego

417 2895 607 2948 adhuc
625 2893 696 2948 iis
712 2910 840 2964 quae
859 2909 1170 2966 perpessus
1188 2911 1314 2948 sum
1334 2894 1640 2966 graviora),
1654 2894 2061 2963 exspectabam

419 2983 677 3053 quidem,
697 2988 868 3054 prout
891 2983 1110 3050 dixi,ea
1130 3000 1259 3055 quas
1273 3000 1480 3054 passus
1493 3000 1842 3054 sum,angor
1859 2983 2063 3038 nihilo-

421 3071 617 3167 minus
639 3071 842 3167 animi
865 3166 870 3167 γ
891 3073 1064 3167 quod
1094 3073 1200 3128 sub
1226 3071 1455 3167 talibus
1487 3073 1707 3167 patior:
1731 3071 1887 3167 Finis
1918 3071 2064 3127 mihi
2094 3099 2136 3167 α

414 3177 448 3216 a
477 3162 591 3217 Deo
623 3161 954 3218 destinatus
985 3165 1094 3232 est,
1127 3170 1180 3217 et
1226 3162 1434 3218 lubens
1476 3162 1644 3218 ebibo
1677 3163 2063 3233 quodcunque

415 3250 561 3306 mihi
594 3251 933 3322 propinatur
968 3251 1380 3322 poculum.Nec
1417 3257 1654 3324 propter
1683 3252 1783 3307 illa
1813 3268 1939 3322 quae
1973 3269 2065 3323 pa-

409 3339 543 3405 tior,
577 3357 892 3398 succenseo
929 3342 1084 3410 ;imo
1113 3341 1284 3398 etiam
1317 3346 1374 3397 et
1404 3341 1505 3396 illa
1526 3343 1787 3398 desidero
1819 3359 1947 3411 quae
1972 3356 2064 3398 me

411 3429 601 3484 adhuc
649 3431 768 3498 pati
799 3434 1026 3500 oportet
1068 3434 1368 3498 utcunque
1404 3429 1529 3485 sine
1559 3446 1732 3486 sensu
1765 3430 2062 3485 dolorilico

411 3516 535 3587 pati
565 3516 677 3571 ista
708 3533 994 3587 nequeam
1020 3537 1034 3584 ;
1061 3517 1330 3571 homines
1361 3515 1516 3571 enim
1548 3517 1628 3571 ita
1659 3517 1975 3586 comparati
2001 3526 2061 3572 ut

413 3605 544 3661 sine
573 3603 790 3659 doloris
822 3621 998 3660 sensu
1034 3604 1152 3674 pati
1197 3608 1520 3674 nequeant:
1545 3609 1602 3660 et
1632 3605 1710 3660 ila
1740 3621 1832 3661 me
1863 3606 2059 3664 animo

417 3692 682 3748 aﬂ‘ectum
734 3692 942 3748 debere
989 3709 1111 3748 esse
1159 3691 1420 3764 intelligo
1474 3709 1609 3765 erga
1656 3695 1754 3750 illa
1803 3710 1928 3766 quae
1970 3712 2062 3753 me

411 3782 767 3853 jampridem
810 3781 1170 3854 invaserunt,
1193 3786 1249 3839 et
1288 3783 1560 3855 deinceps
1597 3793 1734 3841 sunt
1764 3785 2056 3842 invasura.

419 3872 500 3927 Te
522 3875 714 3926 autem
739 3870 932 3943 potius
955 3875 1198 3945 cptarim
1232 3888 1338 3946 ego
1358 3872 1605 3931 ultorem
1621 3891 1817 3932 eorum
1843 3877 1942 3947 qui
1967 3893 2060 3934 me

413 3960 648 4033 injuriis
671 3960 951 4032 afficiunt,
987 3980 1165 4034 quam
1215 3980 1448 4020 causam
1494 3970 1548 4020 et
1580 3965 1811 4021 initium
1832 3966 2058 4022 dedisse

2251 2265 2262 2286 ν
2403 2265 2415 2282 \
2530 2268 2556 2278 ~
2702 2264 2717 2282 κ
2823 2263 2835 2280 ο
3208 2270 3233 2279 ~
3365 2264 3378 2282 ε
3505 2264 3516 2283 r

2267 2263 2424 2318 Αλλα
2460 2285 2628 2319 ταυτα
2662 2283 2755 2337 μεν
2817 2263 2948 2338 υπὶρ
2995 2268 3260 2339 Χριστου,
3292 2285 3382 2319 και
3435 2265 3596 2318 θειων
3631 2265 3821 2336 νόμων

2180 2353 2485 2426 ὑπέστημεν
2536 2349 2862 2427 ἔμπροσθεν’
2904 2353 2993 2408 καὶ
3050 2374 3112 2426 γε
3161 2355 3323 2432 χάρις
3374 2357 3514 2424 Θεῷ,
3544 2357 3624 2424 τῷ
3654 2351 3829 2409 πλέον

2176 2439 2386 2511 αὔξοντι
2420 2443 2512 2497 τὸν
2547 2443 2762 2516 μισθὸν,
2794 2440 2846 2496 ἐν
2879 2447 2947 2516 τῇ
2990 2447 3087 2497 τοῦ
3137 2441 3414 2498 λανθάνειν
3465 2443 3695 2516 ἀθυμία,
3736 2445 3832 2498 καὶ

2174 2535 2242 2604 τῇ
2274 2535 2380 2585 τῶν
2423 2533 2610 2585 παθῶν
2649 2529 2860 2602 ἀδοξίᾳ.
2895 2531 3000 2587 Καὶ
3041 2527 3192 2606 ᾔδειν
3248 2533 3340 2604 μὶν
3392 2530 3630 2605 ἐμαυτὸν
3663 2536 3832 2588 ταῦτα

2175 2622 2383 2687 παθεῖν,
2439 2619 2593 2682 εὐθὺς
2655 2621 2968 2695 ἀρχομένου
3025 2625 3122 2675 τοῦ
3179 2621 3407 2696 ἀγῶνος,
3469 2618 3712 2691 ἤλπιζον
3777 2619 3829 2676 δὲ

2173 2709 2264 2763 καὶ
2301 2711 2406 2784 πρὸ
2463 2713 2559 2764 τοῦ
2591 2712 2818 2779 πάθους,
2850 2711 2938 2764 καὶ
2993 2710 3100 2783 πρὸ
3130 2715 3226 2764 τοῦ
3267 2709 3470 2786 ἀγῶνος
3522 2710 3593 2782 (εἰ
3652 2708 3712 2766 δὲ
3747 2713 3822 2784 μὴ

2173 2798 2388 2868 τάληθῆ
2431 2797 2600 2875 λέγω,
2660 2799 2889 2873 πάθοιμι
2949 2801 3076 2875 παρ’
3142 2799 3315 2855 αὐτῶν
3367 2801 3542 2872 ὦνπερ
3596 2796 3822 2868 ἔπαθον,

2173 2890 2412 2964 χείρονα,
2501 2891 2738 2960 ἤλπιζον
2829 2891 2944 2963 μὶν,
3035 2891 3108 2953 ὡς
3176 2888 3328 2968 ἔφην,
3389 2893 3522 2966 ἅπερ
3597 2887 3826 2961 ἔπαθον,

2175 2978 2455 3051 λυποῦμαι
2508 2977 2567 3033 δὲ
2633 2980 2857 3056 πάσχων
2908 2979 3010 3035 ὑπὸ
3054 2981 3342 3036 τοιούτων·
3401 2981 3462 3036 τὸ
3532 2982 3629 3054 μὲν
3718 2983 3827 3057 γάρ

2175 3067 2306 3141 ἐμὸν
2337 3068 2494 3131 τέλος
2540 3074 2657 3141 Θεῴ
2705 3069 2950 3144 ὥρισται·
2985 3070 3075 3124 καὶ
3108 3068 3345 3148 δέχομαι
3382 3070 3583 3146 χαίρων
3619 3073 3826 3127 ὁποῖον

2177 3156 2234 3212 ἃν
2268 3158 2302 3231 ᾖ
2344 3158 2404 3211 τὸ
2422 3160 2707 3232 ποτήριον·
2743 3159 2833 3213 καὶ
2859 3157 2967 3234 οὐχ
2999 3159 3133 3234 ὑπὲρ
3157 3161 3230 3214 ὧν
3261 3162 3458 3236 πάσχω
3481 3161 3829 3234 ἀγανακτῶν,

2172 3245 2299 3302 ἀλλ’
2330 3247 2402 3300 ὧν
2435 3268 2500 3319 με
2560 3245 2641 3301 δεῖ
2688 3249 2875 3302 παθεῖν
2927 3248 3110 3303 καὶτά
3160 3247 3422 3304 λείποντα
3477 3248 3750 3322 ἐπιζητῶ,
3783 3250 3827 3306 εί

2171 3336 2260 3390 καὶ
2292 3337 2469 3413 χωρὶς
2518 3333 2828 3411 ἀλγηδόνος
2874 3341 3042 3392 ταῦτα
3091 3336 3267 3415 φέρειν
3317 3335 3583 3393 ἀδυνασῶ·
3611 3338 3826 3414 ἀνθρω-

2169 3425 2297 3493 πίνη
2339 3424 2440 3498 γάρ
2500 3424 2656 3500 φύσις
2705 3424 3032 3500 ἀναλγήτως
3088 3427 3318 3504 πάσχειν
3357 3427 3420 3482 οὐ
3468 3430 3698 3505 πέφυκε·
3731 3431 3817 3485 καὶ

2171 3512 2296 3586 περὶ
2340 3514 2434 3586 μὲν
2494 3518 2599 3568 τῶν
2665 3512 3106 3588 ἐπισκηψάντων,
3166 3516 3200 3583 ἢ
3261 3515 3352 3570 καὶ
3403 3514 3820 3592 ἐπισκηψόντων

2170 3596 2246 3655 ἔτι
2279 3601 2425 3674 ἐμοὶ,
2459 3602 2601 3658 οὕτω
2655 3623 2722 3676 με
2761 3601 2841 3658 δεῖ
2886 3609 3120 3680 φρονεῖν,
3151 3605 3240 3659 καὶ
3271 3602 3595 3679 λογίζομαι.
3631 3609 3823 3680 Τιμῶο

2171 3694 2299 3767 pob;
2347 3693 2404 3750 δὲ
2461 3701 2569 3752 τῶν
2631 3694 2985 3767 ἀδικούντων,
3043 3697 3172 3753 ἀλλ’
3230 3698 3329 3754 οὐκ
3382 3699 3673 3775 ἀρχηγοὺς
3714 3706 3821 3757 τῶν

2169 3781 2545 3857 ἀδικημάτων,
2606 3787 2745 3859 ὑμᾶς
2803 3786 3053 3862 εὐχόμην
3114 3787 3308 3862 εὑρεῖν.
3369 3787 3526 3844 Ἀλλ’
3568 3789 3696 3846 οὔτε
3731 3790 3824 3865 ἐμὲ

2169 3879 2351 3951 φυγεῖν
2407 3871 2572 3944 ἔστιν,
2629 3876 2662 3929 ὀί
2722 3897 2788 3949 με
2831 3873 2911 3931 δεῖ
2968 3880 3186 3932 παθεῖν·
3253 3873 3378 3932 οὕσε
3451 3879 3554 3947 τήν
3615 3881 3817 3955 ἑτέρων

2167 3962 2357 4037 εὐχὴν,
2386 3963 2580 4038 ἐτέρων
2622 3965 2848 4040 γνώμην
2885 3962 3231 4040 μεταϐαλεῖν.

414 4050 764 4122 injuriarum
798 4067 811 4105 :
846 4053 947 4108 sed
988 4068 1053 4107 ea
1103 4067 1230 4123 quae
1285 4070 1377 4108 me
1410 4054 1523 4124 pati
1556 4055 1765 4111 debere
1814 4059 2095 4112 statutum
2135 4059 2244 4119 est,
2278 4055 2529 4126 effugere
2578 4073 2804 4128 nequeo
2835 4076 2848 4126 ;
2884 4059 2981 4129 qui
3013 4075 3115 4114 nec
3143 4066 3479 4115 ceterorum
3514 4061 3817 4132 optionem

411 4141 497 4197 vel
521 4141 815 4213 judicium
847 4148 1050 4199 contra
1077 4142 1433 4199 voluntatem
1475 4145 1733 4214 ipsorum
1766 4149 1990 4200 mutare
2022 4160 2282 4216 possum.

485 4233 674 4302 Atque
705 4232 866 4304 prius
899 4231 1131 4302 quidem
1159 4235 1244 4286 tot
1269 4235 1326 4286 et
1356 4236 1519 4287 tanta
1539 4233 1934 4302 patiebamur;
1956 4235 2055 4290 sed

2240 4234 2336 4287 Καὶ
2385 4237 2620 4288 τοσαῦτα
2682 4235 2774 4308 μὶν
2820 4235 3161 4310 πεπόνθαμεν
3220 4232 3525 4314 ἔμπροσθεν
3562 4256 3576 4272 ·

413 4332 689 4395 tanquam
729 4340 846 4379 non
877 4323 1022 4378 satis
1054 4323 1349 4393 ingestum
1375 4323 1544 4378 nobis
1570 4324 1856 4379 malorum
1879 4331 2055 4396 esset,

410 4414 765 4486 excogitatur
814 4412 1024 4466 modus
1071 4411 1222 4466 alius
1253 4411 1470 4479 injuria
1519 4412 1806 4468 afliciendi
1851 4431 1959 4482 me,
1994 4421 2058 4470 ut

410 4521 538 4562 mea
561 4520 739 4559 causa
769 4503 946 4558 etiam
972 4501 1066 4556 alii
1092 4501 1261 4557 malis
1284 4500 1611 4557 afficiantur
1634 4519 1648 4558 :
1675 4505 1845 4558 Fame
1865 4504 2056 4562 clerus

410 4592 831 4665 strangulatur,
865 4596 921 4647 et
941 4590 1039 4662 qui
1073 4590 1217 4645 mihi
1250 4593 1524 4658 subsunt,
1556 4592 1905 4649 illustriores
1936 4595 2056 4666 qui~

411 4699 546 4755 que,
572 4684 629 4737 in
653 4699 784 4738 eum
807 4682 1007 4748 finem,
1032 4685 1096 4737 ut
1114 4697 1246 4736 cum
1267 4679 1584 4752 loquuntur
1602 4688 1660 4737 et
1679 4683 2057 4739 recordantur

411 4790 472 4829 se
494 4789 681 4828 meam
703 4775 774 4829 ob
791 4790 1024 4829 causam
1047 4773 1152 4828 hac
1180 4770 1510 4827 calamitate
1530 4789 1758 4844 pressos
1777 4773 1834 4828 in
1855 4791 2050 4829 meum

410 4863 647 4918 demum
667 4867 840 4934 caput
857 4867 911 4918 et
929 4862 1400 4934 exprobrationes
1424 4866 1479 4917 et
1499 4862 1918 4920 exsecrationes
1942 4865 1989 4933 ej
2001 4881 2056 4920 a-

409 4951 695 5007 culentur.
719 4951 886 5007 Mitto
905 4952 1047 5006 illud
1068 4953 1278 5022 dicere,
1297 4953 1449 5022 quod
1467 4952 1851 5022 mihimetipsi
1869 4953 2053 5023 portio

406 5041 710 5097 exhibetur
740 5042 812 5098 ad
845 5042 1196 5109 dimensum,
1231 5043 1382 5114 quod
1407 5042 1646 5096 dimidia
1675 5048 1838 5112 parte
1859 5043 2054 5113 privor

398 5130 826 5201 jurisdictionis
879 5137 1235 5188 meaemerte
1284 5131 1557 5202 praeclara
1596 5130 1738 5187 ratio
1782 5131 1923 5187 inita
1965 5135 2053 5187 est

402 5237 506 5292 per
531 5221 875 5291 auferentes,
920 5220 1020 5291 qui
1042 5221 1124 5276 sic
1167 5221 1542 5277 artificiosam
1574 5221 1633 5275 in
1666 5237 1756 5277 me
1778 5238 2049 5291 persecu-

399 5310 620 5367 tionem
648 5309 1203 5372 concitarunt.Quod
1225 5309 1296 5377 si,
1317 5314 1380 5364 ut
1405 5327 1596 5366 meum
1621 5310 1885 5381 expleant
1909 5311 2053 5366 mihi

401 5398 758 5457 desiderium
797 5398 928 5468 (hoc
976 5401 1084 5464 est,
1135 5402 1198 5452 ut
1247 5397 1511 5469 istojugo
1542 5407 1714 5471 atque
1753 5415 1926 5455 onere
1957 5416 2048 5454 ex-

398 5489 640 5562 pediar),
667 5488 783 5545 haec
808 5491 1213 5558 perpetrarunt
1234 5489 1553 5560 (utcunque
1595 5505 1822 5546 mecum
1849 5489 2047 5546 ludere

344 5577 351 5586 ’
397 5581 592 5638 visum
622 5579 680 5634 in
711 5576 834 5634 istis
865 5576 998 5648 est),
1031 5577 1248 5649 gratias
1271 5585 1420 5633 certe
1447 5578 1516 5632 de
1549 5577 1758 5634 ablatis
1786 5595 1917 5635 sum
1942 5577 2046 5635 ha-

397 5670 628 5730 biturus
650 5685 664 5727 :
690 5671 748 5728 et
777 5683 950 5739 grave
981 5666 1125 5727 mihi
1150 5671 1240 5726 est
1270 5667 1426 5740 quod
1467 5667 1682 5724 residui
1721 5668 2046 5742 quidquam

3637 4241 3822 4314 ὥσπερ

2168 4319 2224 4376 δὲ
2265 4320 2560 4385 ,λείποντος
2613 4328 2710 4378 τοῦ
2750 4329 2942 4395 κακοῦ,
2982 4334 3420 4400 προσεπινοεῖται
3460 4330 3554 4384 καὶ
3615 4331 3822 4406 τρόπος

2167 4409 2338 4474 ἄλλος
2394 4415 2708 4482 κακώσεως,
2757 4416 2848 4469 καὶ
2913 4420 3202 4472 κακοὺνται
3256 4415 3326 4472 δι’
3382 4421 3534 4491 ἡμᾶς
3620 4416 3824 4495 ἕτεροι.

2166 4501 2254 4554 καὶ
2315 4499 2737 4580 λιμαγχονεῖται
2791 4504 3021 4580 κλῆρος,
3075 4507 3164 4561 καὶ
3221 4510 3327 4562 τῶν
3389 4508 3492 4563 ὑπὸ
3550 4513 3722 4584 χεῖρα
3760 4509 3819 4564 τὸ

2166 4588 2586 4666 ἐπισημότερον·
2643 4590 2720 4648 ’ἶν’
2779 4593 2860 4671 ἐφ’
2918 4597 3080 4668 ἡμῶν
3134 4597 3426 4667 ὑποστῆναι
3460 4599 3562 4667 τὴν
3598 4619 3821 4675 συμφο-

2166 4679 2259 4752 ρὰν
2309 4681 2397 4735 καὶ
2457 4680 2705 4753 λέγοντες
2753 4683 2844 4738 καὶ
2879 4686 3335 4757 μνημονεύοντες,
3366 4687 3457 4741 τὸν
3500 4685 3817 4759 ὀνειδισμὸν

2164 4769 2250 4823 καὶ
2331 4771 2422 4838 τήν
2485 4770 2616 4844 ἀρὰν
2667 4771 2754 4827 ἐπὶ
2821 4772 3067 4849 κεφαλήν
3118 4776 3279 4847 ἡμῶν
3311 4777 3669 4851 ἀναφέρουσιν.
3703 4781 3817 4834 "EG:

2162 4861 2264 4934 γὰρ
2295 4860 2484 4933 εἰπεῖν,
2529 4861 2612 4916 ὅτι
2653 4863 2742 4916 καὶ
2793 4865 2928 4935 ἡμῖν
2970 4866 3004 4932 ἡ
3067 4866 3206 4938 μᾶξα
3261 4865 3442 4942 μέτρῳ
3487 4867 3824 4942 προσρίπτε-

2159 4969 2268 5019 ται,
2320 4949 2409 5004 καὶ
2477 4950 2782 5030 ἀφαιρεῖται
2829 4954 2917 5030 ἀφ’
2947 4951 3108 5027 ἡμῶν
3155 4954 3218 5009 τὸ
3257 4955 3432 5028 ἥμισυ
3464 4958 3566 5027 τῇς
3609 4958 3818 5032 ἀρχῆς·

2159 5039 2342 5100 καλῶς
2400 5061 2462 5115 γε
2519 5041 2819 5097 ποιούντων
2888 5046 2996 5098 τῶν
3056 5041 3446 5120 ἀφαιρούντων,
3499 5045 3592 5100 καὶ
3641 5044 3816 5122 τέχνῃ

2157 5130 2254 5184 τὸν
2303 5130 2422 5184 καθ’
2480 5132 2640 5202 ἡμῶν
2699 5128 2940 5207 διωγμὸν
2986 5132 3368 5192 ἐπινοούντων.
3419 5133 3584 5192 Ἀλλ’
3635 5135 3680 5191 εἰ
3715 5137 3816 5206 τὴν

2160 5220 2425 5295 ἡμετέραν
2467 5219 2807 5294 πληροῦντες
2837 5218 3048 5292 αἶ’τησιν
3080 5221 3252 5299 (λέγω
3283 5221 3349 5293 δὴ
3393 5225 3452 5280 τὸ
3504 5223 3816 5302 ἐλευθερω-

2160 5310 2315 5378 θῆναι
2346 5312 2494 5381 ἡμᾶς
2525 5314 2622 5364 τοῦ
2653 5315 2822 5385 ζυγοῦ
2853 5310 2942 5366 xxi
2982 5316 3078 5367 τοῦ
3110 5315 3338 5389 φορτίου
3368 5315 3592 5388 τούτου)
3643 5321 3815 5372 ταῦτα

2157 5402 2517 5470 πεποιήκασιν
2577 5399 2733 5471 (ἴσως
2802 5401 2903 5476 γάρ
2960 5403 3052 5458 καὶ
3125 5408 3284 5459 τοῦτο
3352 5405 3608 5474 παίζουσι
3693 5411 3814 5462 καθ’

2156 5490 2362 5563 ἡμῶν),
2395 5489 2557 5566 χάρις
2592 5491 2688 5564 μὲν
2736 5489 2922 5554 αὐτοῖς
2967 5491 3099 5568 ὑπὲρ
3149 5493 3222 5547 ὧν
3273 5491 3520 5572 ἀφεῖλον⁸
3573 5494 3817 5551 λυποῦσι

2159 5575 2213 5632 δὲ
2276 5579 2407 5654 ὑπὲρ
2467 5580 2541 5633 ὧν
2597 5578 2916 5650 κατέλιπον,
2976 5581 3063 5634 καὶ
3121 5577 3480 5655 βραδύνοντες
3535 5585 3674 5658 πρὸς
3713 5586 3816 5654 τήν

2155 5667 2432 5747 ἀφαίρεσιν
2464 5673 2559 5724 τοῦ
2600 5667 2820 5742 λοιποῦ,
2851 5667 3019 5724 πλέον
3077 5669 3322 5728 ἀνιῶσιν·
3374 5671 3557 5750 ὥσπερ
3589 5673 3645 5728 οἱ
3698 5694 3812 5730 κα·-
