4090 6228
284 354 401 421 821

1551 362 2109 426 EPISTULABUM
2152 363 2389 433 LIBER
2434 366 2486 424 Ι.

3582 372 3705 434 622

285 489 724 566 ταλιμπανοντες
779 491 872 549 τὸν
932 492 1022 548 ὐπ’
1073 493 1237 550 αὐτὸν
1273 508 1297 536 ο
1336 493 1742 570 ἀναιρούμενον,
1798 498 1934 570 ἡμι-

2052 497 2437 571 reliquerunt,
2491 512 2725 571 quoque
2777 499 3005 557 tardius
3048 500 3326 558 incedant
3378 503 3450 559 ad
3496 518 3699 562 eorum

287 582 423 651 θανῆ
455 580 546 638 καὶ
594 580 898 657 ἡμίτομον,
939 582 974 653 ἢ
1035 582 1087 636 οἱ
1136 582 1348 659 ἀθρόως
1398 582 1761 658 ἀναιροῦντες·
1815 584 1934 641 ἑκά-

2050 587 2427 656 ablationem,
2458 603 2526 644 eo
2554 586 2700 643 mihi
2721 593 2862 645 sunt
2882 588 3284 660 molestiores;
3311 593 3700 665 quemadmo-

285 689 444 745 τερος
481 670 577 744 μὲν
622 670 728 745 γὰρ
775 669 936 726 αὐτὸν
977 671 1206 746 ἀναιρεῖ,
1239 671 1362 728 ἀλλ’
1394 672 1422 727 6
1456 673 1552 746 μὲν
1600 680 1701 743 τῆς
1746 671 1934 745 ὀδύνης

2051 677 2190 733 dum
2221 676 2319 749 qui
2355 676 2699 748 relinquunt
2742 678 3193 737 semimortuum
3236 688 3292 737 et
3320 681 3701 740 semiseetum

288 763 356 819 οὗ
413 760 746 837 παρατείνων
806 762 904 831 τήν
961 758 1237 833 αἴσθησιν,
1304 764 1333 818 6
1387 760 1443 818 δὲ
1495 763 1695 838 ζημίαν
1755 762 1936 841 ὥσπερ

286 850 620 927 ἡγούμενος,
652 849 699 906 εί
742 852 951 925 θανάτῳ
1001 846 1155 926 μὸνῳ
1201 854 1550 927 παραπέμψει
1588 853 1681 909 τὸν
1729 850 1939 931 ἅνθρω-

286 962 415 1012 πον,
459 943 536 1015 μή
568 938 756 997 πολλὰ
795 942 1058 1018 πρότερον
1087 939 1436 1018 στρεϐλώσας
1464 963 1523 1001 τε
1551 942 1642 999 καὶ
1686 942 1937 1018 μελίσας,

287 1033 379 1088 καὶ
431 1029 799 1087 πολλαπλοῦν
846 1032 997 1106 αύτῷ
1044 1037 1114 1107 τῇ
1175 1030 1471 1107 δριμύτητι
1525 1036 1635 1088 τῶν
1698 1033 1807 1090 ἀπὸ
1836 1041 1937 1105 τῆς

289 1119 576 1185 κολάσεως
639 1118 959 1196 ἀλγηδόνων
1034 1122 1425 1179 κατασκευάσοι
1509 1123 1601 1179 τὸν
1685 1123 1934 1180 θάνατον.

287 1214 553 1270 Τοιοῦτον
585 1209 727 1267 ἔστιν
778 1211 909 1286 ὁρᾷν
951 1210 1041 1267 καὶ
1088 1211 1152 1267 τὸ
1199 1213 1488 1289 ἡμέτερον.
1536 1211 1939 1286 Τιμωρούμεθα

288 1302 411 1356 καθ’
465 1300 719 1371 ἑκάστην,
768 1299 861 1356 καὶ
909 1297 1291 1373 πληττόμεθα,
1338 1299 1455 1357 νυνὶ
1504 1298 1561 1356 δὲ
1600 1300 1691 1357 καὶ
1740 1303 1938 1375 ἡμίτο-

291 1411 390 1464 μοι
421 1388 745 1466 γεγόναμεν’
786 1389 877 1444 καί
922 1389 999 1450 ὡς
1038 1386 1236 1462 ἔοικεν,
1276 1391 1361 1445 ὅτι
1405 1391 1470 1446 τὸ
1518 1388 1648 1447 ὅλον
1698 1391 1758 1446 ἃν
1800 1390 1939 1447 ἀπο-

290 1479 476 1535 θέσθαι
541 1476 884 1553 ᾐτησάμεθα,
932 1478 1132 1535 τούτου
1175 1479 1341 1557 χάριν
1387 1480 1452 1535 τὸ
1497 1478 1672 1554 ἣμισυ
1718 1479 1937 1555 ἀφῃρή-

292 1569 449 1643 μεθα*
481 1570 570 1623 καὶ
618 1567 663 1622 εἰ
707 1569 808 1638 τήν
858 1564 1114 1644 διαίρεσιν
1160 1574 1261 1639 τῆς
1320 1570 1511 1644 ἀρχῆς
1568 1567 1936 1643 ἆζητήσαμεν,

288 1658 368 1723 εἰς
397 1659 462 1714 τὸ
492 1656 623 1714 ὅλον
655 1657 716 1715 ἂν
748 1656 1072 1730 εἰσηκούσθη
1085 1679 1201 1732 μεν.
1235 1656 1394 1716 Ἀλλ’
1433 1655 1559 1714 οὔτε
1593 1658 1683 1714 τὸν
1734 1659 1936 1732 ἡμίτο-

291 1769 399 1822 μον
445 1751 544 1821 ζῇν
595 1745 705 1803 ἐστι
765 1743 1012 1803 δυνατόν·
1074 1743 1198 1803 οὔτε
1249 1748 1397 1821 ἡμᾶς
1450 1745 1679 1803 ἐνταῦθα
1737 1747 1932 1819 μένειν,

288 1841 441 1896 οὕτω
477 1836 854 1914 διαιρεθέντας·
888 1838 1124 1917 αἱσχύνη
1164 1837 1254 1894 καὶ
1309 1834 1540 1906 ὄνειδος,
1573 1837 1634 1893 ού
1662 1842 1781 1901 τοῖς
1829 1839 1936 1912 πρὸ
1965 1823 2013 1888 Β

284 1932 452 2003 ἡμῶν
508 1929 912 2004 γεγενημένοις,
961 1926 1108 1984 ἀλλά
1155 1948 1218 2006 γε
1268 1927 1358 1984 καὶ
1420 1933 1536 1990 τοῖς
1590 1928 1706 2000 μεθ’
1761 1929 1932 2001 ἡμᾶς,

287 2012 439 2088 εἴπερ
471 2015 575 2090 ἄρα
611 2013 701 2070 καὶ
750 2013 858 2070 εἶεν
895 2011 1041 2076 ὅλως
1085 2012 1224 2077 τινὶς
1275 2015 1434 2087 ἡμῶν
1484 2011 1829 2089 ἀθλιώτεροι,
1873 2009 1929 2067 ο⁹ί

290 2105 412 2180 μεθ’
440 2106 590 2177 ἡμᾶς
619 2104 733 2159 ἀνθ’
773 2105 934 2176 ἡμῶν
981 2102 1198 2159 τουτονὶ
1246 2102 1338 2160 τὸν
1386 2102 1545 2178 ζυγὸν
1600 2101 1931 2159 ὑπελεύσον-

284 2214 401 2251 ται.
450 2193 821 2268 Ἐξερχόμεθα
875 2195 970 2247 τοῦ
1016 2192 1208 2247 τόπου·
1253 2189 1470 2247 παυέτω
1518 2190 1734 2269 φθόνος·
1784 2193 1831 2246 εἰ
1874 2188 1934 2246 δὲ

290 2284 392 2356 μή,
435 2278 718 2354 λυπυῦμὲν
766 2296 939 2345 τινας·
993 2277 1207 2352 μᾶλλον
1256 2275 1313 2336 δὲ
1370 2278 1417 2334 εἰ
1469 2279 1571 2353 μὴ,
1610 2279 1705 2334 κάν
1754 2278 1934 2352 τούτῳ

284 2370 626 2448 γραφόμεθα.
689 2369 788 2425 Καὶ
839 2370 930 2425 τὸν
994 2369 1283 2445 πονιορτὸν
1328 2367 1756 2437 ἐκτινάσσοντες,
1804 2367 1935 2424 dino-

283 2460 547 2534 τιθέμεθα
570 2460 664 2515 τὸν
724 2459 934 2535 θρόνονο
987 2457 1425 2515 ἂποτιθέσθωσαν
1470 2459 1561 2514 τὸν
1608 2459 1729 2514 καθ’
1770 2460 1932 2531 ἡμῶν

287 2548 477 2618 δόλον,
507 2548 604 2613 τάς
634 2547 1008 2623 ἐπιτηρήσας,
1036 2548 1134 2612 τὰς
1186 2545 1425 2624 ἒνὲδρας,
1470 2549 1568 2613 τὰς
1611 2542 1934 2610 ἐπιϐουλάς.

288 2643 357 2696 Ὠ
395 2636 546 2711 δίκη,
570 2637 660 2695 καὶ
690 2637 877 2713 νόμοι,
908 2639 998 2693 καὶ
1037 2642 1174 2694 Θεοῦ
1222 2639 1517 2714 κριτήριαί
1568 2635 1651 2692 ὅτι
1707 2639 1784 2711 μὴ
1830 2658 1935 2692 παο

283 2733 486 2803 τοῦμεν
542 2730 716 2802 ὑμᾶς,
801 2724 1119 2800 ἀδικοῦμεν·
1204 2728 1296 2782 καὶ
1352 2725 1435 2783 ὅτι
1493 2726 1814 2802 στέργομεν,
1872 2726 1936 2782 ού

285 2816 616 2896 φιλούμεθω
649 2815 740 2873 καὶ
773 2817 860 2872 ὅτι
892 2816 1026 2891 ὅπερ
1057 2816 1209 2891 ὑμῶν
1243 2813 1527 2890 ἱστάμεθα,
1570 2812 1932 2891 διχαζόμεθα·

283 2908 375 2965 καὶ
405 2905 743 2963 πλάττονται
778 2905 962 2982 λύγοι,
991 2905 1082 2962 καὶ
1113 2906 1142 2961 6
1171 2907 1289 2962 καθ’
1319 2907 1480 2978 ἡμῶν
1537 2926 1589 2960 τι
1627 2906 1936 2981 καινότερον

283 2999 542 3067 ἐπινοῶν,
600 2997 763 3060 οὗτος
820 2998 849 3054 6
900 2999 1165 3073 νουνεχής
1222 2995 1313 3053 καὶ
1375 2994 1720 3073 δραστηριοςο
1782 2999 1810 3053 6
1876 2996 1934 3054 δὲ

2047 781 2212 823 reum
2264 782 2441 838 quem
2501 766 2775 823 volebant
2836 767 3119 839 occidere,
3175 770 3551 843 potiusquam
3603 771 3706 845 qui

2051 854 2286 926 penitus
2330 854 2630 927 privarunt
2654 858 2778 912 vita
2827 873 2843 922 ;
2875 855 3172 914 hominem
3213 859 3310 915 hic
3339 864 3582 931 uterque
3610 860 3702 917 in-

2051 942 2281 1010 terﬁcit,
2311 943 2414 1000 sed
2443 944 2590 1001 alter
2611 943 2934 1001 cruciatum
2952 961 3069 1002 non
3092 963 3195 1018 per
3213 963 3406 1005 moras
3423 948 3704 1008 extendit:

2049 1032 2193 1091 alter
2224 1033 2368 1090 forte
2387 1036 2550 1090 ratus
2578 1033 2930 1092 detrimento
2952 1051 3014 1091 se
3044 1036 3220 1102 afﬁci,
3243 1036 3294 1093 si
3318 1053 3478 1097 mera
3518 1042 3705 1095 morte

2046 1122 2341 1180 hominem
2372 1123 2514 1181 hinc
2542 1124 2838 1196 amandet,
2866 1124 3067 1183 multis
3108 1142 3242 1187 eum
3283 1127 3578 1200 imprimis
3608 1145 3705 1185 ex-

2047 1214 2451 1271 carniﬁcatum
2494 1213 2798 1271 tormentis
2838 1218 2896 1272 et
2936 1216 3260 1274 dissectum
3307 1217 3705 1287 membratim,

2047 1321 2164 1361 non
2194 1303 2448 1377 simplici
2478 1308 2666 1366 morte
2705 1304 3000 1374 affectum,
3035 1322 3138 1379 per
3168 1308 3438 1366 horrores
3467 1313 3527 1366 et
3569 1323 3708 1366 cru-

2046 1392 2232 1450 ciatus
2264 1392 2596 1451 doloriﬁcos
2634 1409 2666 1450 e
2694 1392 2814 1450 vita
2843 1393 3042 1451 trahit.
3078 1396 3195 1453 Nec
3223 1394 3597 1453 abludentem
3626 1395 3708 1452 vi-

2046 1482 2182 1539 dere
2211 1485 2301 1539 est
2336 1486 2600 1540 nostram
2645 1481 3068 1541 conditionem.
3101 1485 3367 1550 Quotidie
3396 1484 3708 1557 plectimur

2046 1578 2100 1628 et
2121 1570 2415 1628 efﬁcimur
2443 1570 2653 1645 plagis,
2683 1572 2745 1628 in
2775 1574 3047 1646 praesenti
3078 1574 3373 1632 semisecti
3404 1574 3711 1631 constitui-

2049 1677 2177 1719 mur
2210 1676 2224 1729 ;
2256 1660 2483 1718 videtur
2510 1665 2707 1717 autem
2752 1678 2853 1734 per
2883 1666 3078 1735 partes
3113 1663 3239 1720 tolli
3271 1680 3305 1719 a
3335 1662 3505 1719 nobis
3533 1663 3701 1728 illud,

2046 1749 2202 1821 quod
2221 1748 2398 1806 simul
2430 1754 2488 1806 et
2508 1749 2686 1807 semel
2711 1754 2775 1806 ut
2805 1752 3169 1823 deponamus
3206 1750 3472 1824 ﬂagitant
3505 1767 3518 1809 :
3548 1750 3708 1823 quod

2043 1839 2092 1895 si
2121 1840 2508 1911 principatum
2546 1840 2743 1912 partiri
2772 1839 3190 1910 voluissemus,
3214 1840 3467 1899 exauditi
3493 1841 3699 1899 fuisse-

2043 1944 2176 1985 mus
2212 1928 2276 1986 in
2313 1932 2453 1986 toto.
2488 1929 2699 1986 Verum
2745 1946 2875 1986 cum
2906 1932 3280 1989 semisectum
3325 1930 3515 1988 vivere
3562 1947 3695 2001 pos-

2042 2018 2214 2075 sibile
2243 2033 2360 2074 non
2395 2018 2492 2084 sit,
2524 2034 2631 2075 nec
2661 2034 2769 2075 nos
2813 2020 2906 2075 hic
2937 2019 3262 2077 subsistere
3286 2019 3367 2077 ita
3409 2020 3704 2076 diminuta

2043 2106 2372 2179 principatu
2424 2122 2438 2161 :
2490 2107 2758 2163 dedecori
2795 2108 2956 2164 enim
2987 2113 3045 2165 et
3098 2108 3528 2180 exprobrationi
3559 2108 3700 2164 facti

2043 2195 2381 2264 fuissemus,
2404 2211 2521 2252 non
2542 2195 2780 2268 quidem
2797 2197 3320 2268 praedecessoribus
3337 2197 3570 2265 nostris,
3589 2196 3693 2252 sed

2044 2278 2480 2345 successoribus
2526 2289 2658 2357 post
2706 2286 2944 2357 futuris,
2987 2287 3034 2343 si
3063 2290 3263 2343 tamen
3294 2285 3479 2343 futuri
3519 2283 3707 2356 aliqui

2044 2375 2359 2448 aliquando
2389 2374 2528 2445 sint,
2561 2375 2732 2433 nobis
2763 2376 3117 2447 miseriores,
3150 2377 3253 2450 qui
3283 2379 3416 2449 post
3445 2392 3552 2433 nos
3599 2391 3708 2447 pro

2046 2464 2219 2522 nobis
2230 2464 2442 2537 jugum
2458 2464 2618 2521 istud
2643 2465 2840 2522 subire
2855 2465 3056 2525 velint.
3077 2466 3227 2523 Loco
3242 2465 3385 2538 quin
3406 2464 3699 2533 cedimus;

2044 2558 2234 2613 cesset
2262 2554 2500 2611 invidia.
2528 2557 2691 2622 Quod
2722 2556 2773 2613 si
2803 2571 2918 2613 non
2949 2557 3224 2628 facimus,
3256 2556 3541 2629 quosdam
3570 2554 3700 2611 afﬁ-

2045 2642 2233 2700 cimus
2262 2658 2528 2715 mcerore,
2559 2643 2758 2716 potius
2777 2648 2835 2700 et
2863 2645 2937 2701 ob
2968 2644 3078 2703 hoc
3100 2645 3297 2717 ipsum
3319 2645 3380 2699 in
3398 2644 3490 2715 jus
3521 2643 3710 2716 rapie-

2046 2748 2178 2789 mur
2204 2748 2217 2788 :
2254 2749 2500 2791 excusso
2532 2733 2788 2804 pulvere,
2812 2734 3007 2791 sedem
3038 2733 3381 2801 deserimus,
3415 2732 3695 2806 quocirca

2046 2822 2207 2880 dolos
2255 2823 2529 2894 deinceps
2566 2822 2628 2879 in
2661 2840 2767 2880 nos
2800 2827 3138 2881 construere
3159 2832 3214 2880 et
3244 2822 3508 2881 meditari
3538 2822 3693 2880 desi-

2046 2912 3446 2987 stant,neobservent,insidientur,impressiones
3460 2912 3695 2970 faciant.

2044 3002 2165 3061 Heu
2188 3002 2439 3074 justitia,
2460 3002 2618 3075 leges
2646 3001 2768 3070 Dei,
2803 3002 3096 3060 tribunal!
3126 3004 3287 3071 Quod
3314 3017 3695 3074 nequaquam

282 3087 770 3161 συλλυπούμενος,
826 3085 990 3163 ἐχρὸς
1036 3086 1128 3142 καὶ
1185 3081 1744 3182 παραϐάτηςινόμων
1795 3088 1934 3143 εἰσά-

2046 3107 2144 3150 vos
2174 3091 2608 3163 conculcamus,
2627 3090 2846 3163 injuria
2867 3092 3178 3162 efﬁcimus;
3206 3096 3514 3165 propterea
3538 3090 3698 3162 quod

277 3198 455 3254 γεται,
485 3176 582 3234 κᾶν
628 3174 864 3256 ἀδελφὸς
906 3177 967 3249 ᾗ,
1012 3177 1101 3233 καὶ
1157 3177 1254 3246 τήν
1305 3175 1461 3255 φύσιν
1517 3171 1621 3251 ἔχῃ
1680 3181 1933 3233 κινοῦσαν

2046 3180 2366 3253 diligimus,
2390 3197 2505 3237 non
2528 3197 2798 3237 amamur
2820 3205 2835 3249 ;
2859 3197 2925 3238 eo
2956 3182 3108 3253 quod
3134 3198 3236 3254 pro
3254 3180 3420 3237 vobis
3439 3184 3693 3247 stamus,

280 3269 418 3344 πρὸς
450 3262 627 3324 ἔλεον.
662 3267 829 3324 Ηοῖόν
859 3287 942 3330 τις
979 3265 1257 3341 ὑπενέγκει
1305 3267 1331 3309 ἀ
1371 3264 1595 3343 ῥᾳδίως,
1630 3267 1713 3322 ὅτι
1743 3267 1930 3343 κριτὰς

279 3355 485 3434 ἔχομεν
514 3361 611 3412 τοῦ
663 3355 808 3432 βίου,
860 3357 990 3419 τοὺς
1037 3355 1163 3433 πρὶν
1202 3354 1502 3426 ἐπαινέτας,
1551 3357 1641 3413 καὶ
1682 3357 1735 3412 οἳ
1766 3358 1931 3432 χάριν

281 3447 645 3525 ὡμολόγὸυν,
677 3445 727 3502 εἰ
761 3446 838 3520 μὴ
877 3446 1006 3519 παρ’
1052 3447 1216 3520 ἡμῶν
1264 3445 1664 3518 κατεκρίνοντο·
1707 3446 1791 3501 ὅτι
1822 3451 1931 3504 τῶν

280 3534 464 3617 φίλων
512 3534 885 3611 χωριζόμεθα,
947 3533 1029 3589 ὅτι
1077 3538 1187 3590 τῶν
1236 3530 1487 3610 ἂδελφῶν
1538 3534 1930 3609 ἅ¹ιποοποί>ιιιεθα⁹

280 3627 421 3702 πρὸς
450 3629 584 3683 ποῖα
613 3624 820 3681 τούτων
849 3622 931 3686 τίς
965 3624 1323 3694 ὑποστήσεται
1350 3641 1364 3693 ;

2041 3287 2075 3327 a
2113 3270 2283 3327 nobis
2332 3270 2396 3325 ﬁt
2436 3269 2768 3327 dissidium.
2799 3269 3341 3327 Comminiscuntur
3370 3268 3701 3337 mendacia,

2041 3364 2099 3416 et
2133 3358 2234 3432 qui
2267 3362 2470 3416 contra
2499 3376 2605 3416 nos
2645 3358 2960 3416 maximam
3008 3359 3397 3431 proditionem
3447 3357 3704 3426 ﬁnxerit,

2043 3448 2298 3522 prudens
2342 3448 2592 3505 habetur
2622 3454 2681 3506 et
2718 3452 2997 3507 actuosus
3029 3467 3043 3518 ;
3088 3449 3186 3521 qui
3216 3448 3401 3507 vicem
3440 3449 3699 3505 nostram

2043 3537 2220 3606 dolet,
2268 3542 2334 3595 ut
2362 3537 2546 3595 hostis
2569 3542 2625 3595 et
2653 3537 2852 3612 legum
2873 3527 3120 3596 violator
3149 3541 3481 3607 accusatur,
3513 3536 3701 3594 frater

2043 3627 2181 3684 licet
2211 3627 2404 3697 fuerit,
2436 3631 2493 3683 et
2521 3628 2890 3700 naturaipsa
2913 3633 3209 3686 moveatur
3233 3628 3304 3684 ad
3343 3625 3705 3699 compassio-

279 3735 442 3775 nem.
475 3716 775 3781 Quomodo
805 3716 952 3786 quis,
993 3732 1211 3787 quaeso,
1243 3715 1491 3772 tolerare
1533 3719 1751 3788 posset,
1802 3716 1958 3789 quod
1990 3717 2062 3773 de
2090 3717 2206 3772 vita
2228 3716 2461 3787 judices
2502 3721 2560 3773 et
2580 3732 2851 3774 censores
2883 3717 3165 3775 habemus
3196 3734 3317 3785 eos,
3351 3733 3498 3790 quos
3530 3715 3699 3788 prius

281 3808 652 3875 laudatores,
683 3808 742 3861 et
776 3804 875 3877 qui
918 3804 1061 3860 bene
1091 3820 1290 3860 secum
1341 3805 1435 3876 agi
1477 3807 1779 3876 putassent
1823 3804 1874 3860 si
1907 3809 2107 3861 nostro
2132 3806 2356 3876 judicio
2404 3821 2520 3861 non
2566 3808 3104 3863 condemnarentur
3153 3824 3169 3876 ;
3205 3807 3358 3877 quod
3392 3805 3464 3861 ab
3497 3803 3705 3863 amicis

282 3894 663 3963 divellamur,
702 3911 737 3951 a
768 3894 1064 3966 germanis
1094 3892 1504 3950 abstrahamur
1532 3892 1792 3964 ?Ecquis
1822 3898 1912 3949 est
1940 3896 2038 3966 qui
2069 3895 2277 3950 horum
2306 3895 2531 3966 aliquid
2562 3896 2743 3965 possit
2783 3896 2813 3950 ?

353 3983 517 4041 Ἀλλ’
582 3982 694 4057 ἐρεῖ
733 4002 841 4053 τις,
894 3983 970 4055 μή
1022 3978 1130 4038 δεῖν
1174 3982 1421 4053 ἀθυμεῖν.
1472 3984 1711 4055 Χριστοῦ
1760 3981 1930 4052 πάθη,

282 4075 375 4131 καὶ
407 4073 638 4149 Χριστὸν
693 4070 851 4127 αύτὸν
898 4070 977 4134 εἷς
1034 4070 1194 4146 μέσον
1250 4069 1424 4147 ἄγων,
1480 4069 1571 4125 καὶ
1627 4071 1755 4134 τοὺς
1804 4070 1937 4145 ὑπὲρ

283 4163 457 4225 αὐτοῦ
490 4162 789 4240 μάρτυρας·
831 4161 894 4217 ἅν
928 4181 1022 4236 μοι
1050 4160 1262 4217 καὶτὸν
1300 4157 1575 4235 προδότην
1629 4157 1798 4235 δείξῃ,
1846 4159 1936 4215 καὶ

284 4257 386 4326 τήν
413 4250 778 4322 κουστωδίαν,
823 4251 916 4308 καὶ
971 4249 1099 4314 τοὺς
1147 4249 1458 4328 τυράννους,
1502 4248 1720 4319 πολλὴν
1778 4249 1937 4313 οὗτος

282 4346 383 4414 τὴν
435 4342 694 4417 εὐθυμίαν
746 4344 1052 4420 χαρίσεται*
1106 4337 1273 4421 μέχρι
1333 4339 1378 4396 δ’
1436 4340 1498 4397 ἂν
1561 4341 1639 4416 μὴ
1698 4344 1935 4417 φανῶσιν

2117 3985 2228 4041 Sed
2261 3984 2511 4052 dicetur,
2544 3985 3032 4056 despondendum
3064 4002 3179 4041 non
3215 4000 3345 4041 esse
3371 3983 3639 4041 animum
3673 4003 3688 4053 ;

2046 4072 2259 4129 Christi
2302 4072 2445 4128 mihi
2497 4073 2826 4146 passiones,
2874 4072 3090 4130 Christi
3122 4074 3453 4145 exemplum
3477 4087 3700 4143 reprae-

2047 4162 2391 4233 sentabit,et
2406 4163 2746 4236 martyrium
2768 4161 2868 4235 qui
2891 4166 3124 4237 propter
3150 4161 3320 4219 illum
3348 4161 3687 4219 tolerarunt.

2046 4254 2211 4310 Certe
2252 4251 2302 4309 si
2357 4251 2500 4309 mihi
2534 4252 2888 4324 proditorem
2930 4251 3023 4308 hic
3067 4250 3352 4318 exhibeat,
3405 4251 3453 4307 si
3483 4253 3694 4307 custo-

2048 4340 2227 4410 diam,
2261 4341 2308 4399 si
2330 4345 2626 4415 tyrannos,
2647 4341 2895 4399 multam
2921 4340 3019 4398 ille
3043 4341 3320 4414 largietur
3343 4338 3697 4397 consolatio-

279 4434 460 4506 οὗτοι,
518 4428 676 4510 λόγῳ
736 4417 995 4489 πλάττων
1043 4432 1143 4502 τήν
1179 4417 1541 4506 Πὸμοιότητα,
1596 4431 1793 4496 ἀσθενῆ
1836 4430 1934 4499 τὴν

2051 4446 2205 4486 nem.
2231 4431 2307 4485 At
2331 4431 2593 4503 quandiu
2617 4446 2913 4503 nusquam
2938 4433 3223 4503 apparent
3251 4428 3369 4499 isti,
3402 4427 3502 4500 qui
3525 4426 3702 4485 simi-

282 4523 633 4602 παραμυθίαν
659 4522 983 4602 παρέχεται.
1028 4521 1089 4577 Εἰ
1135 4522 1233 4596 μὲν
1283 4520 1376 4577 οὗν
1416 4518 1685 4577 πλειόνων
1737 4519 1934 4593 ξεσμά-

280 4636 392 4672 των
442 4607 522 4670 ἔτι
570 4613 664 4670 καὶ
705 4609 1091 4689 χωνευτηρίων
1136 4611 1165 4667 6
1214 4608 1484 4687 ἡμέτερος
1535 4607 1758 4685 ἀνδριάς
1802 4610 1938 4686 πρὸς

282 4706 548 4779 κάθαρσιν
595 4700 790 4773 δεῖται,
834 4706 927 4759 καὶ
976 4701 1180 4773 ξυὲσθω
1226 4700 1317 4757 καὶ
1371 4699 1621 4772 τηκέσθω
1677 4699 1766 4755 καὶ
1812 4720 1939 4778 χω-

280 4793 543 4852 νευὲσθω.
573 4795 810 4868 Χριστοῦ
841 4787 1085 4854 διδόντος
1126 4790 1436 4864 ὑπομονὴν,
1479 4791 1569 4845 καὶ
1599 4794 1670 4865 τῇ
1696 4788 1937 4860 ἀσθενείᾳ

280 4890 383 4954 τῆς
432 4883 646 4959 φύσεως
686 4882 788 4953 τήν
851 4879 1081 4959 βάσανον
1137 4883 1604 4955 συμμετροῦντος.
1691 4878 1756 4937 El
1807 4875 1852 4934 δ’
1898 4879 1934 4948 ἡ

283 4967 572 5050 ὑπερϐολή
628 4976 738 5029 τῶν
788 4970 1070 5029 κολάσεων
1131 4969 1315 5050 φθάνει
1358 4967 1652 5026 δαπανῶσα
1694 4968 1793 5037 τήν
1836 4964 1938 5023 δύ-

280 5085 448 5139 ναμιν
481 5062 608 5139 (οὐκ
635 5060 767 5137 ἐμὸν
799 5061 905 5139 γάρ
938 5060 1107 5116 εἰπεῖν
1148 5058 1199 5115 εἶ
1243 5058 1593 5137 κεκάθαρται)
1624 5059 1653 5113 6
1683 5055 1937 5129 πλάστης

282 5154 457 5228 ῥυέτω
502 5154 568 5211 τὸ
617 5150 851 5228 πλάσμα
902 5157 1006 5222 τῆς
1065 5150 1322 5228 βασάνου,
1377 5151 1465 5206 καὶ
1529 5146 1724 5225 μηδεὶς
1772 5150 1934 5221 ἡμῶν

276 5241 433 5302 ἓνεκα
492 5244 720 5319 ὀφθήτω
807 5243 948 5316 μήτε
1031 5238 1335 5315 προδότης,
1401 5240 1541 5312 μήτε
1607 5234 1933 5309 κουστωδία,

286 5338 426 5410 μήτε
454 5332 735 5411 τύραννος·
782 5330 972 5403 εἴησαν
1021 5328 1080 5388 δὶ
1125 5331 1318 5394 πάντες
1365 5327 1614 5386 ἐκλεκτοὶ
1663 5331 1799 5383 Θεοῦ
1842 5326 1935 5383 καὶ

280 5432 384 5495 τῆς
414 5422 528 5482 ἅνω
557 5421 720 5497 δόξης
753 5422 987 5492 ἐπάξιοι.

2044 4520 2351 4577 litudinem
2383 4536 2652 4578 sermone
2682 4537 2785 4578 suo
2829 4519 3060 4593 afﬁngit
3088 4517 3390 4575 inﬁrmum
3420 4515 3696 4575 solatium

2045 4609 2360 4667 exhibebit.
2393 4612 2556 4676 Quod
2588 4610 2641 4667 si
2677 4617 2871 4667 autem
2906 4612 3107 4666 nostra
3137 4609 3253 4665 ista
3279 4610 3478 4665 statua
3508 4603 3694 4678 pluri-

2046 4701 2253 4759 fariam
2274 4701 2466 4758 adhuc
2489 4702 2744 4758 radenda
2777 4700 2971 4769 fuerit,
3006 4702 3127 4766 aut,
3161 4702 3226 4755 ut
3248 4697 3445 4770 purior
3471 4696 3596 4766 ﬁat,
3620 4693 3696 4750 li-

2044 4790 2420 4864 quefacienda
2463 4791 2541 4846 sit
2591 4808 2606 4859 ;
2639 4790 2865 4859 radant,
2900 4786 3301 4860 liquefaciunt,
3333 4787 3608 4857 conﬂent,
3640 4788 3694 4846 si

2043 4879 2244 4949 velint,
2277 4879 2597 4937 dummodo
2618 4878 2882 4935 Christus
2906 4875 3241 4949 suppeditet
3261 4876 3624 4953 patientiam,
3642 4882 3703 4935 et

2045 4969 2371 5026 secundum
2407 4967 2837 5041 proportionem
2882 4964 3171 5023 naturalis
3201 4972 3411 5023 nostris
3440 4966 3696 5024 inﬁrmi-

2044 5059 2184 5116 tatis
2229 5059 2612 5116 tentationem
2656 5056 3055 5114 admensuret.
3102 5055 3261 5119 Quod
3302 5054 3354 5111 si
3391 5072 3698 5129 poenarum

2044 5165 2321 5207 excessus
2369 5147 2713 5222 patientiam
2762 5146 3045 5219 anticipet
3090 5151 3145 5202 et
3175 5145 3441 5203 absumat
3469 5146 3555 5219 (in
3604 5160 3697 5204 me

2042 5238 2201 5297 haud
2233 5241 2324 5294 est
2354 5238 2531 5294 situm
2563 5236 2855 5293 afﬁrmare
2884 5237 3041 5308 quod
3070 5234 3398 5308 purgatur),
3430 5235 3596 5293 ﬁctor
3624 5234 3698 5291 ﬁ-

2043 5331 2346 5400 gmentum
2395 5328 2464 5384 de
2521 5325 2829 5384 tormentis
2880 5325 3104 5393 liberet,
3146 5340 3333 5396 neque
3378 5324 3694 5397 quisquam

2043 5416 2293 5489 optarim
2316 5431 2446 5473 mea
2462 5432 2640 5474 causa
2661 5416 2906 5472 exsistat
2924 5413 3206 5487 proditor,
3225 5413 3491 5472 custodia
3507 5411 3695 5483 nulla,

284 5516 485 5576 nullus
512 5521 800 5590 tyrannus
830 5530 848 5583 ;
880 5512 1002 5571 sint
1033 5516 1229 5572 autem
1260 5526 1465 5570 omnes
1496 5527 1530 5568 a
1560 5508 1676 5567 Deo
1703 5506 1891 5577 electi,
1925 5512 1977 5563 et
2007 5504 2170 5578 digni
2201 5505 2302 5577 qui
2336 5522 2650 5578 supernam
2683 5512 3074 5581 assequentur
3102 5502 3372 5576 gloriam.

1655 5635 1901 5695 VARle
1940 5632 2352 5693 LECTIONES.

365 5747 481 5808 εἳσ.
515 5744 718 5805 αὐτῶν.
813 5747 840 5790 ά
863 5743 904 5801 l.
938 5740 1257 5819 ὑπήνεγκοι.
