4090 6228
423 365 539 430 623

1075 495 1296 551 EPIST.
1336 493 1403 547 V.

410 590 625 659 Eidem,
685 587 998 660 Deprecatio
1043 583 1550 660 prohchristodulo
1605 599 1640 638 a
1699 581 1921 639 secretis
1969 580 2066 651 qui

983 657 1421 729 periclitabatur.

1630 358 1888 421 PHOTII
1935 357 2455 420 PATRIARCH/E
2499 361 2614 422 GP.

2087 492 2144 557 Α

3707 374 3822 432 624

2820 499 3048 554 ΕΠΙΣΤ.
3091 501 3164 553 E'.

2173 579 2265 650 Τῷ
2317 580 2485 652 αὐτῷ,
2559 577 2821 653 Ιιρεσϐεία
2896 582 3061 664 ᾗπερ,
3101 583 3510 659 Χριστοδούλου
3581 590 3832 664 ἀσηκρή-

2693 673 2776 715 τις
2815 651 3282 720 κινδυνεύσαντος.

1502 763 1656 814 Edita
1687 777 1718 813 a
1749 761 2076 815 Montacutio
2113 758 2170 822 (Ι.
2192 772 2238 824 c,
2270 775 2333 826 ep
2368 803 2377 813 .
2410 765 2456 825 4,
2491 764 2664 828 p.68).

485 859 790 929 Utcunque
839 856 1114 912 molestus
1157 871 1287 911 esse
1333 855 1550 923 videor,
1595 858 1651 912 et
1697 854 1851 910 ultra
1900 871 2057 912 men-

414 965 610 1004 suram
643 949 854 1002 frustra
885 946 1231 1013 misericors,
1280 962 1394 1000 non
1427 949 1621 1000 tamen
1663 944 1818 1015 quod
1859 950 2056 1015 potero

414 1041 685 1109 praestare
733 1035 1056 1106 ditfugiam,
1112 1035 1374 1090 fortassis
1423 1049 1612 1090 acrem
1657 1032 1950 1088 lacessens
1999 1037 2056 1088 et

412 1127 625 1182 frustra
654 1124 927 1181 laborans
958 1143 970 1180 ε
1007 1141 1135 1179 nam
1173 1123 1281 1180 hoc
1322 1139 1412 1178 me
1434 1123 1568 1178 facit
1599 1122 1868 1190 cogitare,
1901 1121 2056 1193 quod

409 1231 512 1286 spe
533 1215 789 1286 dejectus
807 1214 1116 1285 aliquoties
1143 1213 1452 1268 exeiderim
1483 1228 1496 1278 ;
1522 1213 1580 1268 in
1606 1216 1891 1284 quantum
1926 1227 2056 1266 vero

404 1306 714 1376 potuerim,
795 1303 1054 1359 debitum
1116 1301 1464 1372 persolvam.
1525 1303 1750 1372 Pauper
1819 1301 2056 1371 quidem

400 1393 629 1464 jocans,
676 1392 982 1462 antiquum
1034 1407 1210 1447 suum
1243 1390 1496 1446 obtinuit
1548 1408 1561 1458 ;
1599 1392 1828 1460 joeatus
1863 1393 1970 1458 est,
2002 1394 2060 1445 et

407 1483 631 1539 comico
664 1497 844 1547 more,
879 1481 1014 1536 licet
1045 1496 1159 1535 non
1183 1480 1240 1534 in
1274 1496 1444 1550 quos,
1482 1483 1581 1534 aut
1621 1478 1867 1551 qualiter
1899 1495 2061 1550 opor-

407 1573 542 1627 tuit.
591 1571 724 1626 Erat
757 1570 1009 1625 ebrietas
1041 1568 1372 1639 primipilus
1422 1584 1434 1622 :
1473 1567 1578 1622 hac
1609 1574 1802 1622 autem
1835 1568 2058 1639 abrepti

411 1661 680 1716 homines
711 1660 1032 1732 plurimum
1065 1659 1255 1714 solent
1283 1657 1677 1728 delinquendo
1710 1657 1846 1713 labi.
1895 1658 2062 1712 Dedit

410 1759 603 1806 autem
691 1767 890 1822 poenas
976 1751 1046 1804 de
1104 1748 1436 1804 lasciviente
1492 1746 1713 1817 lingua,
1770 1748 2062 1802 acerbiore

411 1839 691 1894 multatus
723 1838 1036 1909 punitione,
1068 1853 1307 1909 corpore
1339 1836 1743 1891 vehementius
1785 1852 1968 1891 caesus
2001 1841 2056 1890 et
2089 1847 2092 1850 ‘

413 1928 738 1984 mutilatus.
801 1927 1056 1983 Ulterius
1106 1943 1176 1982 ne
1234 1927 1646 1996 progrediatur.
1705 1926 1943 1980 Sacrum
2003 1929 2058 1979 et

412 2023 679 2074 sanctum
705 2021 794 2071 est
812 2017 906 2070 Dei
924 2015 1226 2086 templum,
1244 2015 1450 2071 anullu
1470 2015 1796 2070 Christiano
1839 2017 2058 2069 violan-

413 2109 555 2163 dum
590 2124 603 2174 ;
636 2107 706 2161 ad
739 2105 849 2162 hoc
879 2107 1141 2176 confugit
1171 2105 1282 2159 iste
1317 2103 1663 2158 :intercedit
1693 2120 1792 2174 pro
1818 2103 1916 2159 illo
1945 2105 2062 2156 An-

414 2195 580 2252 tistes
615 2195 816 2268 templi
849 2215 863 2264 ;
910 2195 1217 2250 intercedit
1247 2199 1303 2250 et
1351 2193 1530 2264 culpae
1582 2193 1837 2248 tenuitas
1870 2211 1884 2260 ;
1917 2196 1975 2248 et
2015 2193 2065 2248 si

415 2287 605 2342 adhuc
631 2283 1010 2356 paterisillud
1051 2301 1064 2338 :
1100 2283 1393 2353 Dimittite,
1415 2289 1468 2337 et
1499 2282 1811 2338 dimittetur
1830 2282 2016 2337 vobis3
2050 2296 2064 2347 ;

415 2377 534 2434 vel:
559 2378 675 2442 Qua
697 2389 956 2429 mensura
977 2373 1156 2428 mensi
1184 2373 1336 2440 estis,
1361 2373 1552 2428 eadem
1573 2373 1721 2428 vobis
1741 2372 1995 2426 metiatur
2025 2372 2066 2424 ‘.

950 2462 1178 2517 EPIST.
1213 2462 1309 2516 VI.

422 2553 622 2610 Bardz
652 2553 911 2622 Magistro
957 2551 1200 2606 Patritio
1238 2553 1288 2605 et
1341 2550 1689 2618 Curopalata
1736 2565 1836 2621 pro
1875 2549 2074 2606 clerico

742 2622 933 2679 Blasii
963 2625 1021 2678 in
1051 2623 1311 2693 periculis
1341 2625 1643 2678 constituto.

1505 2730 1656 2780 Edita
1686 2743 1717 2779 a
1749 2730 2074 2780 Montacutio
2095 2731 2155 2791 (1.

485 2823 766 2880 Noveram
781 2837 885 2894 ego
903 2821 1158 2894 quidem,
1178 2820 1435 2877 nondum
1460 2828 1748 2890 expertus,
1763 2819 2069 2890 indignum

417 2930 511 2970 me
545 2913 723 2969 fuisse
753 2928 884 2968 cum
940 2911 1123 2984 gradu
1156 2916 1212 2967 et
1246 2911 1528 2982 dignitate
1565 2908 2063 2980 archiepiscopali,

417 3008 545 3059 tum
578 3001 889 3074 pastoralis
913 3002 1318 3072 cujuscunque
1349 2999 1687 3068 functionis,
1737 3003 1910 3069 atque
1941 3013 2065 3052 eam

421 3092 494 3146 ob
535 3107 775 3146 causam
807 3098 966 3146 actus
1007 3099 1058 3146 et
1091 3093 1370 3145 attractus
1392 3088 1628 3143 moleste
1659 3103 1787 3143 eam
1829 3103 1948 3141 rem
1984 3086 2066 3140 fe-

425 3183 622 3239 rebam
658 3196 672 3249 ;
705 3186 881 3252 atque
913 3180 1137 3236 utinam
1169 3195 1262 3235 me
1293 3180 1456 3250 prius
1482 3194 1642 3234 mors
1668 3177 1938 3232 invaserit
1975 3192 2072 3229 an-

425 3276 662 3342 tequam
695 3273 802 3326 hac
833 3269 1104 3337 violenta,
1165 3267 1513 3324 intolerabili
1546 3267 1764 3340 potius,
1795 3265 2072 3321 electione

428 3362 716 3430 arriperer
756 3358 768 3413 l
822 3357 1203 3430 Nequaquam
1252 3361 1333 3412 tot
1364 3362 1419 3411 et
1449 3361 1743 3411 tantorum
1784 3354 2071 3409 mulorum

431 3451 647 3502 ﬂuctus
669 3449 924 3500 animam
951 3463 1140 3501 meam
1165 3446 1424 3516 quotidie
1457 3445 1801 3510 abluissenl,
1829 3457 2076 3514 quorum

432 3551 566 3606 spes
582 3540 639 3588 et
659 3536 1004 3604 exspectatio
1028 3535 1136 3605 (est
1153 3534 1306 3588 enim
1335 3538 1542 3587 natura
1561 3531 1863 3587 hominum
1883 3529 2076 3600 appri-

431 3637 524 3676 me
545 3625 880 3690 comparata
901 3620 973 3674 ad
1006 3619 1230 3674 futuras
1255 3619 1622 3685 difficultates
1658 3617 2075 3689 praevidendas,

429 3709 753 3780 praesertim
799 3709 894 3763 ubi
918 3709 1161 3779 prOpriae
1190 3708 1374 3778 ipsius
1402 3724 1578 3762 causa
1609 3707 1817 3779 agitur)
1845 3721 2082 3761 concus-

428 3814 555 3854 sum
605 3815 696 3853 me
745 3803 802 3854 et
848 3799 1258 3854 conturbatum
1319 3805 1450 3853 tunc
1499 3797 1776 3868 temporis
1824 3796 2074 3852 habuit:

427 3889 559 3944 istis
614 3904 719 3960 ego
769 3889 1094 3958 exagitatus
1155 3893 1212 3943 et
1281 3888 1484 3943 acerbe
1541 3892 1782 3942 vexatus
1840 3885 2078 3957 ploravi,

430 3979 809 4050 deprecabar,
829 3978 971 4032 nihil
990 3994 1103 4033 non
1125 3976 1315 4047 potius
1334 3976 1390 4032 id
1413 3977 1884 4032 meadmisissem
1905 3993 2080 4046 quam

430 4073 495 4123 ut
523 4068 583 4123 in
618 4066 897 4139 suffragia
926 4083 1126 4123 eorum
1157 4066 1320 4134 irem,
1353 4065 1454 4137 qui
1489 4082 1579 4122 me
1609 4065 2040 4138 compellebant
2067 4082 2079 4132 ;

437 4163 501 4213 ut
531 4158 806 4230 poculum
839 4157 983 4211 illud
1019 4155 1335 4212 multarum
1378 4161 1434 4212 et
1467 4155 1875 4226 multiplicium
1911 4170 2084 4209 cura-

435 4263 566 4302 rum
599 4264 632 4302 a
661 4263 752 4301 me
771 4246 1153 4302 transferatur
1184 4249 1356 4316 atque
1386 4245 1803 4311 tantationum,
1837 4244 2082 4298 interce-

437 4335 669 4390 debam.
720 4334 885 4389 Nunc
953 4333 1238 4403 siquidem
1288 4350 1379 4387 res
1443 4333 1581 4402 ipsa:
1633 4350 1724 4388 me
1749 4333 1979 4400 docent,
2029 4335 2086 4387 et

437 4438 627 4478 meam
670 4422 814 4476 satis
854 4420 1207 4490 redarguunt
1261 4420 1604 4490 dignitatem
1659 4438 1672 4486 ;
1707 4437 1810 4475 nec
1843 4420 2085 4474 ulterius

433 4531 526 4570 me
559 4517 744 4567 metus
802 4509 1212 4581 exspectando,
1246 4510 1344 4566 sed
1399 4510 1560 4565 dolor
1608 4511 1822 4579 accepti
1853 4511 2086 4566 lethalis

434 4601 689 4658 vulneris
722 4604 968 4673 torquet,
1021 4599 1334 4670 singultus,
1381 4600 1638 4670 suspiria
1669 4605 1725 4655 et
1756 4601 2084 4672 desperatio

435 4699 694 4748 tenuere.
721 4694 866 4747 Cum
892 4689 1142 4747 afﬂictos
1167 4690 1394 4745 intuear
1415 4689 1719 4745 universos
1741 4693 1796 4745 et
1817 4689 2086 4760 singulos

435 4781 763 4837 sacerdotes
795 4782 867 4837 ob
914 4780 1151 4837 unicum
1189 4780 1541 4846 admissum,
1573 4779 1928 4845 verberibus,
1962 4780 2084 4835 vin-

434 4871 585 4928 culis
619 4871 770 4928 male
801 4878 1099 4938 tractatos,
1131 4871 1307 4927 etiam
1339 4870 1547 4927 excisis
1577 4871 1797 4943 linguis
1827 4871 2088 4942 (ignosce

435 4961 707 5032 peccatis,
746 4979 962 5033 quaso,
997 4963 1233 5030 nostris,
1283 4961 1563 5032 Domine),
1607 4977 1711 5016 cur
1741 4979 1855 5018 non
1888 4963 2088 5018 beatos

438 5049 750 5121 praedicem
784 5052 1110 5118 defunctos,
1151 5050 1344 5122 potius
1395 5067 1573 5120 quam
1607 5052 1899 5122 meipsum
1931 5051 1958 5105 ?
1988 5067 2090 5106 cur

437 5155 550 5194 non
585 5139 692 5196 hoc
722 5157 870 5196 onus
895 5141 1033 5196 mihi
1072 5141 1411 5212 impositum
1436 5145 1696 5212 reputem
1727 5139 1787 5195 in
1824 5157 2087 5196 meorum

437 5234 802 5300 peccatorum
835 5230 1300 5300 redargutionem
1323 5229 1350 5284 ?
1378 5230 1646 5301 indigens
1687 5231 1861 5286 homo
1882 5234 1938 5285 et
1964 5230 2090 5285 sine

435 5323 699 5389 patrono,
733 5323 833 5374 sed
866 5335 969 5374 nec
1023 5326 1212 5373 mente
1253 5335 1394 5374 sana
1441 5320 1718 5390 praeditus
1750 5320 1904 5390 (quas
1953 5322 2092 5374 sunt

435 5409 564 5480 ejus
596 5409 824 5481 generis
855 5414 918 5464 ut
948 5408 1350 5464 misericordia
1382 5409 1570 5480 potius
1599 5426 1776 5481 quam
1817 5411 2088 5481 indigna-

495 5523 520 5559 ⁸
550 5531 674 5579 Luc.
707 5539 774 5586 vr,
805 5523 882 5575 37.
942 5527 963 5562 ι
993 5523 1178 5575 Matth.
1211 5539 1298 5587 vu,
1325 5523 1372 5573 2.

2233 855 2297 910 Εἰ
2327 856 2412 909 καὶ
2470 858 2562 908 νῦν
2613 854 2864 929 ὀχληρὸς
2917 856 3054 912 εἶναι
3102 855 3264 928 δόξω,
3315 860 3406 913 καὶ
3456 861 3719 934 περιττὸς
3766 866 3828 917 τὸ

2162 943 2568 1024 φιλάνθρωπον,
2602 943 2746 998 ἀλλὰ
2783 944 2907 1020 τόγε
2965 943 3202 1018 ἐμαυτοῦ
3247 953 3423 1002 ποιεῖν
3473 949 3574 1003 οὐκ
3632 949 3827 1029 ἆφέξο·

2167 1055 2284 1107 μαι,
2345 1033 2473 1094 ἴσως
2525 1034 2620 1106 μὲν
2673 1032 2748 1094 εἰς
2799 1033 2928 1108 ἀὲρα
2975 1032 3170 1109 δέρων,
3227 1037 3313 1091 καὶ
3375 1039 3552 1109 μάτην
3616 1045 3826 1097 πονῶν.

2165 1127 2349 1181 Ταῦτα
2406 1123 2506 1198 γάρ
2559 1143 2626 1194 με
2676 1121 3013 1198 λογίζεσθαι,
3069 1126 3130 1179 τὸ
3180 1124 3453 1189 πολλάκις
3505 1125 3830 1203 διαμαρτεῖν

2163 1220 2263 1282 τῆς
2293 1209 2540 1282 ἐλπίδος,
2581 1213 2996 1286 παρεσκεύασεν·
3050 1212 3178 1270 ὅσον
3227 1211 3294 1268 δι’
3346 1216 3423 1278 εἰς
3473 1215 3614 1290 ἐμὴν
3663 1217 3826 1296 ἰσχὺν

2167 1303 2288 1371 ἧκε,
2347 1301 2410 1356 τὸ
2459 1301 2622 1376 χρέος
2677 1301 2925 1376 πληρῶν.
2989 1303 3308 1376 Ἄνθρωπος
3364 1307 3530 1376 πένης
3590 1307 3827 1377 παίζων,

2165 1387 2360 1465 ἔπραξε
2422 1390 2489 1443 τὰ
2547 1392 2751 1460 συνήθη
2807 1391 2974 1463 αυτῷ·
3035 1389 3214 1464 ἔπαιξε
3281 1394 3408 1468 γὰρ,
3491 1395 3538 1448 εἰ
3596 1397 3687 1450 καὶ
3751 1397 3828 1467 μὴ

2165 1482 2300 1553 πρὸς
2361 1480 2453 1541 οὓς
2513 1476 2643 1547 ἔδει,
2707 1476 2837 1552 μηδ’
2898 1481 3012 1547 οἷα,
3085 1483 3592 1556 κωμικευσάμενος.
3675 1487 3826 1555 Μέθη

2165 1577 2467 1648 κορυφαῖος
2499 1572 2588 1640 ἦν,
2622 1571 2666 1642 ᾧ
2697 1570 2764 1625 τὰ
2811 1569 2998 1626 πολλὰ
3047 1572 3466 1647 περιπίπτοντες
3513 1573 3826 1650 ἄνθρωποι,

2173 1658 2532 1736 σφάλλονται.
2574 1657 2786 1714 Ἔδωκε
2832 1667 2930 1729 τῆς
2977 1659 3285 1717 ἀκολάστου
3333 1661 3592 1736 γλώσσης
3650 1662 3826 1735 δίκας,

2171 1749 2393 1803 κόλασιν
2426 1748 2620 1822 πικρὰν
2652 1747 2908 1814 ὑποστάς,
2939 1748 3066 1810 τοὺς
3097 1747 3148 1803 ἐν
3181 1755 3261 1821 τῷ
3292 1752 3508 1824 σώματι
3551 1750 3828 1825 σφοδροὺς

2165 1838 2473 1911 αἰκισμοός.
2523 1839 2720 1907 Στήτω
2795 1836 2961 1912 μέχρι
3008 1841 3202 1894 τούτου
3263 1841 3327 1894 τὰ
3376 1843 3474 1909 τῆς
3525 1843 3824 1915 τιμωρίας.

2169 1931 2224 1980 Ὀ
2263 1930 2360 1980 τοῦ
2419 1930 2552 1980 Θεοῦ
2609 1927 2757 1994 ναὸς,
2817 1925 2983 1999 ἱερὸς,
3043 1927 3133 1980 καὶ
3189 1933 3318 1982 πᾶσι
3372 1933 3490 1990 τοῖς
3551 1925 3824 1985 εὖσεϐἑσιν

2169 2012 2390 2086 ἄσυλος,
2449 2015 2584 2086 πρὸς
2645 2013 2703 2068 ὃν
2762 2015 2919 2076 οὗτος
2985 2014 3273 2093 κατέφυγε·
3338 2012 3630 2090 πρεσϐεύει
3691 2020 3824 2092 ὑπὲρ

2173 2103 2335 2158 αὐτοῦ
2376 2104 2403 2157 ὁ
2450 2106 2546 2157 τοῦ
2599 2106 2732 2158 ναοῦ
2781 2103 2977 2176 ἱερεὺς,
3027 2105 3088 2158 τὸ
3137 2110 3232 2158 τοῦ
3283 2105 3626 2179 πταίσματος
3671 2109 3827 2164 εὖτε-

2174 2191 2286 2261 λες,
2337 2192 2382 2244 εἰ
2446 2190 2633 2265 βούλει
2687 2189 2745 2246 δὲ
2803 2191 2890 2246 καὶ
2957 2193 3039 2261 τὸ,
3103 2198 3295 2270 Ἄφετε
3351 2196 3442 2250 καὶ
3499 2197 3833 2273 ἀφεθήσεται

2179 2281 2323 2352 ὑμῖν·
2393 2279 2484 2335 καὶ
2533 2281 2616 2348 τὸ,
2671 2282 2756 2336 Ἐν
2816 2282 2862 2354 ᾦ
2923 2280 3103 2356 μέτρῳ
3165 2289 3436 2358 μετρεῖτε,
3490 2287 3835 2357 μετρηθήσε-

2177 2391 2264 2426 ται
2294 2370 2442 2443 ὑμῖν.

2811 2463 3043 2519 sum.
3088 2461 3186 2536 ς’.

2256 2545 2778 2628 ΒάρδᾳιΜαγίστριρ
2836 2551 3113 2628 [lammth
3167 2552 3258 2605 καὶ
3298 2552 3767 2628 -Κουροπαλάτῃ,

2339 2572 2433 2621 ροᾳ
2479 2572 2778 2622 Μαγιστρῳ
2839 2572 3065 2621 ιιατρικι
3167 2572 3258 2605 και
3326 2572 3677 2624 ἈουροπαΛα·

2339 2620 2462 2694 περὶ
2494 2619 2764 2693 κληρικοῦ
2793 2625 2890 2676 τοῦ
2922 2572 3164 2679 Βλασΐου
3205 2620 3677 2689 κινδυνεύσαντος.

2183 2743 2226 2779 c.
2265 2744 2348 2792 ep.
2375 2729 2422 2787 6,
2457 2743 2506 2792 p.
2541 2728 2641 2792 e9).

2253 2815 2433 2886 ᾚδειν
2485 2815 2612 2892 ἐγὼ,
2664 2818 2752 2872 καὶ
2802 2819 2907 2892 πρὸ
2963 2822 3177 2893 πείρας,
3230 2819 3442 2890 ἀνάξιον
3518 2822 3714 2878 ἑαυτὸν
3761 2826 3839 2895 of,

2176 2907 2391 2959 καὶτοῦ
2437 2905 2827 2979 ἀρχιερατικοῦ
2883 2907 3117 2980 βαθμοῦ,
3169 2908 3258 2962 καὶ
3302 2914 3402 2976 τῆς
3457 2917 3837 2983 ποιμαντικῆς

2179 2994 2570 3070 ἐγχειρήσεως·
2607 2991 2694 3048 διὰ
2723 2999 2884 3048 τοῦτο
2922 2994 3020 3069 γὰρ
3055 2995 3318 3069 ἀγόμενος
3365 2997 3457 3051 καὶ
3509 2997 3839 3072 ἑλκόμενος,

2178 3079 2579 3137 ἀπεδυσπὲτουν
2635 3084 2770 3157 πρὸς
2819 3089 3006 3137 ταῦτα·
3058 3084 3132 3146 ὡς
3182 3085 3292 3139 εἴθε
3337 3085 3569 3148 θάνατός
3623 3109 3690 3160 με
3739 3095 3842 3156 τῆς

2178 3171 2302 3227 τότε
2331 3167 2640 3246 προϐολῆς,
2677 3169 2890 3243 μᾶλλον
2936 3171 2991 3226 δὲ
3021 3180 3120 3242 τῆς
3171 3172 3448 3252 ἀφορήτου
3498 3177 3646 3249 βίας,
3701 3197 3843 3251 προ-

2185 3263 2510 3334 ανήρπασεν.
2544 3259 2615 3316 Οὐ
2645 3263 2747 3336 γὰρ
2770 3262 2829 3315 ἂν
2877 3261 3150 3316 τοσούτων
3195 3261 3284 3316 καὶ
3343 3264 3686 3334 τηλικούτων
3733 3286 3844 3320 καθ

2186 3355 2294 3405 κῶν
2360 3351 2572 3422 κύματα
2627 3353 2726 3415 τὴν
2785 3349 2946 3423 ἐμὴν,
3013 3354 3132 3406 καθ’
3191 3351 3446 3423 ἑκάστην,
3523 3349 3842 3424 ὲὸάπτιζον,

2189 3438 2548 3508 ἐπικλύζοντα
2613 3439 2872 3495 τάλαιναν
2963 3443 3170 3516 ψυχήν·
3231 3443 3305 3496 ὧν
3370 3445 3404 3511 ἡ
3456 3441 3618 3505 ἐλπὶς
3675 3445 3768 3499 καὶ
3806 3443 3840 3512 ἦ

2185 3527 2484 3598 προσδοκία
2552 3527 2723 3599 (δεινή
2784 3529 2885 3606 γάρ
2949 3533 2982 3596 ἡ
3039 3535 3148 3584 τῶν
3208 3531 3503 3604 ἀνθρώπων
3563 3532 3725 3609 φύσις
3782 3533 3846 3587 τά

2191 3617 2467 3690 μέλλοντα
2498 3616 2728 3672 συνιδεῖν
2763 3617 3030 3692 δυσχερῆ,
3082 3618 3141 3673 ἂν
3185 3618 3269 3674 ἐπ’
3319 3619 3486 3688 αὐτὴν
3591 3620 3842 3696 χαλεπὸ-

2186 3728 2284 3776 της
2348 3707 2581 3780 μάλιστα
2647 3707 2898 3781 φέρηται)
2987 3708 3345 3782 συνετάρασσε
3423 3729 3490 3782 με
3571 3712 3697 3764 τότε
3755 3711 3845 3764 καὶ

2190 3793 2465 3870 συνέσχεν·
2503 3797 2586 3872 ὑφ’
2620 3797 2692 3850 ὧν
2737 3794 3083 3870 βαλλόμενος
3141 3801 3230 3851 και
3275 3803 3485 3864 πικρῶς
3541 3798 3846 3872 ἀλγυνόμε-

2191 3907 2300 3958 νος,
2350 3881 2586 3954 ἓκλαιον,
2640 3882 2973 3954 ἐδυσώπουν,
3024 3887 3196 3941 πάντα
3248 3885 3460 3959 μᾶλλον
3514 3887 3762 3954 ἐποίουν,
3809 3886 3842 3957 ἤ

2189 3981 2308 4037 τοῖς
2383 3974 2779 4050 ψηφιζομένοις
2845 3975 2934 4030 καὶ
3030 3977 3376 4048 βιαζομένοις
3436 3977 3843 4053 συγκατένευον,

2191 4067 2587 4140 παρενεχθῆναι
2619 4067 2681 4120 τὸ
2713 4067 2980 4137 ποτήριον
3013 4065 3105 4120 ἀπ’
3137 4065 3295 4138 ἐμοῦ,
3327 4070 3434 4121 τῶν
3463 4066 3703 4124 πολλῶν
3757 4067 3845 4123 καὶ

2192 4153 2554 4229 πολυτρόπων
2587 4153 2886 4231 φροντίδων
2933 4153 3021 4210 καὶ
3073 4161 3386 4232 πειρασμῶν
3437 4160 3848 4231 ποτνιώμενος·

2191 4248 2278 4298 νῦν
2337 4241 2393 4297 δὲ
2449 4243 2588 4298 αὐτά
2643 4240 3023 4316 μεταδιδάσκει
3074 4246 3142 4300 τὰ
3209 4247 3526 4321 πράγματα,
3599 4249 3696 4302 καὶ
3751 4250 3852 4316 τήν

2195 4330 2380 4406 [ἐμὴν]
2413 4329 2629 4406 ἐλέγχει
2658 4333 2998 4402 ἀναξιὸτητα·
3032 4332 3121 4388 καὶ
3155 4334 3334 4389 οὐκετι
3386 4329 3560 4407 φόϐος
3614 4335 3856 4408 προσδο-

2194 4421 2337 4489 κίας,
2363 4418 2487 4475 ἀλλ’
2514 4419 2678 4491 ὀδύνη
2703 4421 3057 4496 στεριζομένη
3083 4421 3205 4496 περὶ
3237 4423 3302 4478 τὰ
3322 4423 3530 4497 καίρια,
3553 4424 3647 4479 καὶ
3665 4446 3854 4480 στενα-

2196 4512 2360 4587 γμὸς,
2411 4511 2501 4564 καὶ
2561 4509 2871 4584 ἀμηχανία,
2927 4508 3016 4565 ἒπὶ
3072 4517 3190 4574 τοῖς
3247 4509 3356 4582 ἤδη
3416 4509 3851 4570 καταλαϐοῦσιν.

2117 4640 2161 4704 D
2193 4604 2318 4656 Ὅτε
2355 4602 2457 4677 γὰρ
2487 4601 2671 4674 ἱερεῖς,
2704 4601 2886 4656 ὁποῖοι
2929 4601 2988 4656 ἂν
3021 4601 3110 4656 καὶ
3144 4603 3269 4666 εἶεν.
3319 4603 3460 4674 ὁμοῦ
3509 4605 3720 4667 πάντας
3768 4604 3855 4659 ἐπὶ

2198 4693 2268 4747 ἑνὶ
2303 4692 2604 4764 πταίσματι
2636 4693 2949 4765 πάσχοντας
2981 4693 3114 4765 ὁρῶ,
3163 4694 3554 4765 τυπτομένους,
3610 4691 3858 4768 δημευο-

2201 4782 2416 4855 μὲνους,
2466 4778 2926 4858 φαυλιζομένους,
2975 4783 3074 4850 τὴν
3124 4781 3375 4856 γλῶσσαν
3419 4781 3857 4857 ἒκτεμνομὲνους

2197 4876 2420 4946 (φεῖσαι,
2457 4870 2638 4943 Κύριε,
2669 4873 2777 4924 τῶν
2827 4870 3084 4944 ἁμαρτὼν
3136 4872 3340 4943 ἡμῶν),
3389 4875 3507 4933 πῶς
3560 4873 3630 4926 οὐ
3683 4893 3862 4946 μακαο

2200 4960 2333 5034 ρίσω
2362 4958 2488 5021 τοὺς
2509 4957 2962 5029 τετελευτηκότας
3007 4960 3136 5036 ὑπὲρ
3185 4958 3282 5033 ἐμὲ
3309 4982 3324 5029 ς
3373 4966 3490 5022 πῶς
3525 4961 3587 5015 οὐ
3618 4983 3683 5016 το
3716 4983 3859 5041 φορ-

2195 5048 2309 5102 τίον
2354 5049 2416 5102 τὸ
2474 5046 2713 5103 ἐπιτεθέν
2779 5069 2894 5121 μοι,
2955 5047 3054 5105 οὐκ
3104 5048 3179 5110 εἰς
3237 5046 3470 5124 ἔλεγχον
3528 5054 3640 5104 τῶν
3702 5051 3859 5124 ἐμῶν

2199 5138 2608 5212 ἁμαρτημάτων
2662 5136 2999 5213 λογίσομαι;
3069 5137 3351 5210 ἄνθρωπος
3396 5136 3631 5212 ἄπορος,
3676 5141 3858 5215 ἀπρο-

2201 5228 2501 5298 στάτευτος,
2535 5225 2666 5283 οὐδὲ
2697 5229 2787 5283 τὸν
2817 5231 2940 5283 νοῦν
2970 5223 3114 5302 ἔχων
3155 5228 3333 5297 ἀπαθῆ
3369 5231 3473 5301 (οἷς
3517 5228 3672 5291 ἔλεος
3719 5230 3862 5302 μᾶλα

2200 5318 2320 5387 λον,
2375 5316 2472 5372 οὐκ
2529 5317 2893 5391 ἀγανάκτησις
2940 5315 3150 5390 ἕπεται)
3209 5315 3398 5372 ἔπαθεν
3458 5319 3573 5391 ἅμα
3618 5324 3861 5374 τοσαῦτα

2198 5407 2353 5462 κακά’
2407 5407 2637 5483 ἐπράθη,
2689 5405 2914 5484 ἐτύφθη,
2963 5405 3322 5485 ἐφυλακίσθη·
3369 5407 3433 5462 τὸ
3482 5408 3860 5483 ἀπαραμύθη-

1809 5629 2047 5687 VARIIE
2080 5628 2482 5686 LECTIONES.

510 5733 574 5779 οοί
602 5729 675 5789 ἷ’σ.
722 5727 980 5807 ἐμαυτόν.
