4090 6228
297 383 416 443 625

1563 382 2119 444 EPISTOLARUM
2167 382 2396 442 LIBER
2441 386 2489 443 Ι.

3593 392 3712 452 626

296 537 414 587 τον,
465 516 759 589 ἀπετμήθη
821 515 919 584 τήν
971 514 1243 589 γλῶσσαν,
1293 515 1382 569 καὶ
1425 519 1591 571 ταῦτα
1649 513 1948 589 ἱερωσύνην

2065 517 2216 572 tione
2235 517 2415 588 digna
2438 517 2782 588 habeantur)
2807 519 3021 574 multas
3045 520 3218 577 simul
3245 527 3514 594 aggestas
3537 525 3712 582 mise-

297 610 505 682 φορῶν,
541 605 677 678 ὑπὲρ
709 605 773 658 οὗ
804 602 1079 666 πολλάκις
1121 600 1472 677 ἐπρέσϐευσα,
1520 605 1651 677 ὑπὲρ
1695 605 1756 659 οὗ
1808 603 1957 659 πολ-

296 693 456 758 λάκις
507 691 857 763 ἒδυσώπησα,
912 694 1043 766 ὑπὲρ
1091 691 1152 748 οὖ
1214 696 1242 748 ὁ
1295 695 1522 766 μάταιος
1572 694 1679 768 ἐγὼ
1724 695 1813 748 καὶ
1862 695 1958 768 ῥή-

299 805 443 858 ματα
472 784 734 845 ἀπαθείας
765 778 982 852 ἔλαϐον,
1015 784 1105 838 καὶ
1148 784 1199 838 oi
1245 781 1442 844 ἰδόντες
1494 783 1830 839 ἐπίστανται.
1885 784 1947 838 Ei

295 872 354 929 δὲ
401 874 489 928 καὶ
546 872 874 928 ἐπελάθοντο
933 873 1108 942 οὗτοι,
1172 873 1235 928 τὸ
1289 879 1440 927 Θεῖον
1479 872 1577 926 οὐκ
1633 870 1944 929 ἐπελάθετο.

297 963 435 1020 Ποία
483 963 676 1018 λοιπὸν
736 961 895 1024 ἐλπὶς
952 963 1087 1037 πρὸς
1133 962 1202 1017 τὰ
1257 960 1456 1034 ἃδηλα,
1516 963 1604 1017 ὅτε
1661 963 1784 1038 περῖ
1841 967 1950 1017 τῶν

297 1057 539 1130 φανερῶν
589 1053 677 1106 καὶ
730 1053 818 1106 ὑπ’
869 1047 991 1125 ὄψιν
1043 1050 1302 1124 κειμένων
1354 1051 1526 1114 οὕτως
1577 1051 1949 1126 ἀποτυγχάνω

293 1142 387 1197 καὶ
448 1139 859 1212 διαπαίζομαι;
914 1145 1034 1202 πῶς
1085 1141 1217 1213 ὑπὲρ
1270 1142 1571 1214 ἁμαρτιῶν,
1616 1143 1702 1195 καὶ
1771 1142 1948 1214 ὑμῶν,

295 1232 387 1285 καὶ
416 1235 514 1285 τοῦ
550 1229 709 1297 λαοῦ,
740 1225 1074 1304 πρεσϐεύσας
1109 1229 1452 1302 ἐξιλάσομαι,
1505 1230 1594 1284 ὅτε
1643 1231 1778 1304 πρὸς
1809 1231 1949 1303 ὑμᾶς

302 1321 437 1395 ὑπὲρ
495 1319 614 1381 ἐνὸς
667 1314 1002 1393 πρεσϐεύσας
1061 1317 1232 1380 οὕτως
1291 1317 1532 1392 ἐξὲπεσα,
1587 1318 1730 1374 οὕτω
1779 1339 1950 1394 παρε-

296 1409 572 1484 κρούσθην
600 1429 614 1478 ;
645 1415 823 1464 Ταῦτα
854 1407 1102 1483 δακρύων
1133 1409 1325 1482 αἷματι
1375 1407 1605 1484 ἕγραψα“
1652 1408 1704 1462 ἐν
1755 1410 1836 1462 σοὶ
1891 1407 1949 1463 δὲ

295 1497 410 1554 ἐστι
465 1499 528 1554 τὸ
574 1498 790 1569 λοιπὸν,
822 1501 858 1568 ἢ
899 1500 1144 1572 πρώτην,
1185 1495 1221 1567 ἤ
1253 1497 1588 1566 τελευταίαν,
1633 1495 1800 1569 τήνδε
1846 1500 1948 1567 τήν

295 1589 595 1660 ἐπιστολήν
649 1587 911 1660 δέξασθαι.
974 1591 1114 1663 Ἐγὼ
1163 1591 1266 1664 γὰρ
1311 1590 1427 1644 κατ’
1475 1588 1704 1643 ἐνώπιον
1750 1588 1948 1662 Κυρίου

297 1677 470 1753 λέγω,
505 1680 578 1740 ὡς
610 1678 654 1733 εἷ
687 1680 864 1741 οὕτως
894 1678 1035 1734 ἐστὶν
1071 1679 1200 1751 ὑμῖν
1232 1677 1432 1738 σκοπὸς
1466 1677 1516 1731 ἐν
1550 1682 1667 1739 ταῖς
1701 1675 1948 1752 εὐλόγοις

296 1769 461 1840 ἡμῶν
491 1767 717 1830 ἱκεσίαις
758 1768 845 1822 καὶ
888 1769 1294 1842 παρακλήσεσιν
1329 1767 1760 1840 παρακρούεσθαι
1800 1769 1949 1838 ἡμᾶς

2067 605 2182 660 rias
2234 605 2509 676 pertulit:
2545 607 2835 674 venditus,
2885 618 2939 664 et
2990 611 3326 666 verberibus
3381 629 3564 668 casus
3595 620 3704 684 est,

2065 695 2125 748 in
2149 710 2434 749 carcerem
2461 695 2694 750 demum
2717 697 3036 766 conjectus,
3070 703 3148 760 et,
3183 702 3336 770 quod
3365 701 3592 757 nullum
3622 720 3710 758 so-

2060 783 2264 838 latium
2285 784 2565 850 admittit,
2601 783 2801 856 lingua
2833 785 2914 840 illi
2941 788 3405 855 exscindebatur,
3431 793 3704 863 quodque
3757 799 3766 808 ’

2058 873 2246 942 magis
2277 878 2366 928 est
2396 873 2723 943 indignum,
2758 891 2891 929 cum
2925 877 3194 932 sacerdos
3239 885 3392 934 esset
3429 898 3442 946 ;
3477 897 3579 949 pro
3611 881 3708 938 illo

2057 961 2270 1034 saepius
2301 962 2618 1029 intercessi,
2653 965 2861 1034 saepius
2889 966 3126 1020 adhibui
3163 983 3380 1039 preces,
3432 969 3492 1024 in
3539 972 3706 1040 cujus

2058 1067 2236 1107 causa
2273 1053 2448 1107 verba
2479 1057 2707 1108 tantum
2735 1055 2929 1125 accepi
2971 1072 3075 1126 ego
3106 1072 3289 1110 vanus
3334 1057 3462 1112 sine
3495 1061 3712 1115 condo-

2057 1140 2245 1196 lentize
2276 1158 2474 1206 sensu,
2530 1144 2684 1214 quod
2716 1143 2977 1200 videntes
3023 1145 3448 1216 intelligebant.
3511 1149 3618 1212 Qui
3649 1150 3700 1205 si

2057 1229 2268 1285 horum
2301 1231 2462 1286 obliti
2497 1233 2634 1298 sint,
2668 1237 2727 1286 at
2767 1248 2878 1288 non
2921 1233 3180 1289 divinum
3230 1235 3452 1290 Numen
3495 1235 3704 1292 oblivi-

2059 1325 2268 1377 scetur.
2303 1325 2445 1376 Cum
2480 1322 2538 1376 in
2571 1322 2742 1376 rebus
2774 1327 2892 1377 tam
2928 1324 3254 1395 perspicuis
3286 1329 3343 1380 et
3374 1326 3485 1381 sub
3508 1327 3711 1384 oculos

2058 1409 2266 1480 positis
2305 1411 2384 1466 ita
2429 1427 2530 1480 spe
2559 1411 2817 1480 dejiciar,
2873 1416 2928 1466 et
2969 1413 3110 1467 risui
3145 1429 3420 1485 exponar,
3456 1433 3585 1486 qum
3617 1433 3708 1474 re-

2058 1496 2198 1552 licta
2227 1498 2336 1553 erit
2366 1515 2502 1570 spes
2534 1499 2678 1553 mihi
2713 1500 2782 1554 de
2817 1500 3095 1556 incertis?
3124 1503 3425 1566 Quomodo
3446 1520 3548 1574 pro
3571 1521 3710 1576 pec-

2059 1586 2204 1641 catis
2224 1591 2282 1641 et
2299 1587 2499 1642 vestris
2529 1591 2583 1642 et
2605 1589 2800 1658 populi
2820 1590 3196 1658 intercedem,
3229 1595 3286 1646 et
3308 1591 3408 1646 illa
3438 1593 3712 1664 expiabo,

2059 1692 2192 1732 cum
2241 1693 2341 1748 pro
2372 1677 2460 1732 vel
2504 1693 2615 1732 uno
2647 1679 2801 1749 apud
2833 1683 2887 1733 te
2933 1680 3322 1748 intercedens,
3357 1683 3498 1738 adeo
3551 1683 3709 1737 exci-

2060 1766 2244 1820 derim
2295 1768 2744 1836 exspectatione,
2795 1771 2937 1824 adeo
2972 1769 3177 1824 fuerim
3209 1770 3534 1839 deceptus?
3591 1773 3709 1826 lsta

295 1857 390 1912 καὶ
446 1856 882 1928 ἄποπέμπεσθαγ
933 1857 1022 1911 καὶ
1065 1855 1109 1910 εἰ
1145 1858 1220 1928 μή
1251 1877 1333 1918 τις
1381 1856 1598 1931 γένηται
1650 1861 1728 1926 τῷ
1778 1855 1952 1928 ἀθλίῳ

2065 1856 2290 1927 quidem
2324 1857 2655 1929 lacrymans
2695 1875 2826 1913 cum
2853 1859 3137 1931 sanguine
3170 1862 3417 1916 exaravi.
3452 1862 3633 1918 Penes
3655 1867 3709 1917 te

296 1943 485 2017 ἒκείνῳ
515 1947 606 2000 τὸν
637 1942 857 2000 δυνατὸν
889 1945 1092 2018 τρόπον
1126 1945 1425 2018 παραψυχὴ
1459 1945 1545 1998 καὶ
1581 1942 1948 2019 παράκλησις,

297 2033 424 2089 οὔτε
437 2033 652 2110 γράψω,
675 2031 795 2090 οὔτε
816 2033 1006 2096 ἄλλως
1032 2053 1149 2094 πως
1173 2032 1488 2107 ἐνοχλήσω,
1518 2031 1643 2086 ἀλλ’
1662 2033 1948 2108 ἡσυχάσῳ,

297 2121 532 2196 ἐμαυτὸν
561 2121 892 2191 ἐπισκοπῶν,
941 2123 1031 2177 καὶ
1078 2123 1144 2176 τὰ
1195 2121 1430 2194 ἐμαυτοῦ
1481 2117 1831 2194 ὀδυρόμενος.
1883 2120 1946 2176 Ei

297 2211 403 2287 γὰρ
466 2213 602 2286 μετὰ
651 2217 757 2267 τῶν
805 2215 1211 2284 καθημερινῶν,
1261 2213 1368 2264 τῶν
1410 2206 1600 2282 ἔξωθεν
1641 2213 1776 2282 ἡμῖν
1824 2209 1950 2264 ἀνα-

297 2298 636 2375 φυσωμένων
720 2305 1036 2375 πειρασμῶν
1095 2301 1182 2355 καὶ
1243 2299 1632 2370 περιστάσεων,
1700 2298 1788 2352 καὶ
1844 2299 1943 2366 τὴν

295 2389 489 2446 ἀθλίαν
555 2413 658 2466 μου
731 2390 1130 2467 προσαπολέσω
1207 2391 1420 2466 ψυχήν,
1491 2388 1822 2462 ἀθλιώτερος
1880 2389 1942 2444 ἂν

298 2479 416 2550 εἷἠν
444 2479 660 2536 πάντων
684 2482 982 2554 ἀνθρώπων
993 2523 1006 2537 .

2062 1949 2149 2000 est
2182 1945 2455 2016 deinceps
2510 1951 2574 2000 ut
2618 1947 2766 2002 hanc
2801 1948 2886 2003 vel
2929 1950 3180 2020 primam
3227 1949 3317 2004 vel
3349 1956 3708 2021 postremam

2062 2034 2365 2103 epistolam
2399 2051 2432 2090 θ,
2464 2051 2553 2090 me
2601 2035 2836 2092 habeas.
2891 2039 3134 2093 Domino
3179 2039 3391 2094 etenim
3427 2043 3573 2094 teste
3603 2042 3705 2095 de-

2060 2125 2288 2189 nuntio,
2325 2127 2476 2195 quod
2515 2127 2564 2181 si
2606 2127 2661 2180 id
2697 2127 2799 2181 tibi
2833 2130 3190 2198 pr0positum
3224 2129 3299 2183 sit
3330 2134 3394 2183 ut
3432 2131 3711 2201 deceptos

2058 2229 2163 2269 nos
2187 2214 2420 2286 ableges
2451 2220 2508 2270 et
2536 2220 2922 2288 contemptos,
2953 2219 3048 2273 ubi
3074 2226 3190 2274 tam
3215 2219 3590 2274 rationabiles
3621 2219 3706 2274 of-

2055 2303 2296 2359 ferimus
2319 2305 2703 2376 supplicando
2721 2307 3168 2374 admonitiones,
3192 2310 3271 2364 ita
3293 2313 3375 2372 ut,
3401 2324 3531 2363 cum
3575 2325 3706 2380 pos-

2054 2392 2130 2448 sit
2157 2393 2280 2447 fieri
2316 2410 2432 2449 non
2463 2394 2793 2464 difficulter,
2840 2397 3015 2452 miser
3046 2397 3142 2452 ille
3200 2396 3422 2452 nullam
3470 2397 3704 2453 invene—

2054 2479 2127 2533 rit
2157 2480 2610 2536 consolationem
2637 2487 2738 2537 aut
2759 2482 3284 2538 refocillamentum
3320 2500 3696 2555 nequaquam

296 2571 577 2642 deinceps
608 2571 988 2644 scripturum,
1017 2575 1116 2626 aut
1136 2569 1458 2625 molestiam
1476 2568 1582 2623 tibi
1598 2575 1952 2634 creaturum,
1971 2567 2070 2622 sed
2090 2567 2263 2622 rebus
2279 2569 2425 2624 meis
2447 2569 2776 2638 consulens,
2794 2575 2850 2625 et
2866 2586 3048 2626 meam
3065 2572 3247 2627 vicem
3262 2573 3702 2643 deplorans,oh-

304 2665 654 2718 mutescam.
685 2662 746 2717 Si
777 2662 933 2717 enim
965 2668 1090 2733 post
1126 2659 1496 2732 quotidianus
1514 2658 1646 2714 illas
1669 2657 1993 2728 quaeaforis
2023 2657 2281 2729 quotidie
2313 2660 2370 2713 in
2401 2660 2878 2716 meconcitantur
2897 2660 3247 2717 tentationes
3277 2667 3333 2718 et
3357 2661 3706 2732 exigentias,
3779 2670 3788 2676 ‘

305 2752 552 2808 miseras
581 2767 817 2825 quoque
846 2751 1099 2806 animam
1135 2764 1325 2805 meam
1358 2750 1416 2803 in
1449 2763 1514 2802 eo
1545 2747 1656 2803 sim
1676 2751 1740 2802 ut
1769 2746 2122 2816 disperdam,
2156 2745 2312 2804 ultra
2342 2764 2548 2805 omnes
2580 2751 2858 2806 mortales
2888 2750 3397 2822 deploratissimus
3428 2767 3636 2807 essem.

953 2859 1182 2911 ΕΠΙΣΤ.
1223 2855 1299 2910 Z'.

895 2940 1072 3018 Βάρδᾳ
1106 2940 1352 3016 Καίσαρι.

2696 2857 2920 2913 EPIST.
2956 2857 3073 2914 VII.

2655 2944 2855 3004 Barda?
2885 2945 3112 3003 Cesari.

1336 3032 1490 3083 Edita
1518 3047 1548 3081 a
1577 3031 1912 3082 Montacutio
1946 3031 2008 3094 (1.
2041 3046 2087 3082 c.
2119 3047 2182 3099 ep
2219 3034 2324 3099 8,p.
2357 3033 2460 3099 71).

363 3135 648 3211 Χαίρομεν
707 3130 1158 3206 ἐπηρεαζόμεναι·
1236 3129 1514 3204 ἀλγοῦμεν
1560 3126 1637 3196 δὲ,
1686 3127 1769 3184 ὅτι
1816 3127 1943 3192 τοὺς

2131 3132 2511 3191 Contumeliis
2542 3134 2728 3190 affecti
2753 3135 3114 3207 gaudemus;
3142 3150 3287 3207 aegre
3318 3139 3545 3191 tantum
3579 3134 3706 3190 feri-

298 3225 698 3302 ἐπηρεάζοντας
731 3223 869 3294 ὑμᾶς
917 3216 1143 3294 ἔχομεν,
1184 3221 1310 3294 παρ’
1358 3219 1431 3272 ὧν
1480 3221 1615 3291 ἡμῖν
1662 3219 1748 3273 καὶ
1799 3238 1946 3292 προ-

297 3314 518 3377 στασίας
587 3309 829 3378 ἐλπίδες,
896 3308 1087 3365 ἄλλων
1140 3307 1276 3370 *ίσως
1328 3306 1736 3382 ἐπιτιθεμένων,
1796 3308 1947 3382 ἐκρὲ-

299 3426 492 3481 μαντο,
520 3402 703 3458 καὶτὸ
745 3399 1071 3476 βαρύτατον,
1123 3398 1206 3453 δσι
1258 3396 1416 3453 ἄδικα
1457 3399 1780 3475 πάσχοντες,
1836 3396 1950 3453 ἀδι-

299 3501 415 3552 κεῖν
482 3491 881 3568 ἒγκαλούμεθα’
947 3487 1039 3542 καὶ
1099 3485 1299 3549 δόλους
1355 3485 1570 3560 ῥάπτειν
1631 3488 1952 3563 γραφόμεθα

301 3587 390 3660 ὑφ’
424 3584 498 3638 ὧν
527 3580 679 3636 αὐτοὶ
719 3577 964 3640 πολλοὺς
1006 3578 1126 3632 καθ’
1159 3577 1386 3648 ἑκάστην
1432 3577 1793 3650 ὑπομένομεν.
1847 3578 1954 3632 Χά-

299 3697 382 3751 ρις
417 3672 509 3730 οὖν
539 3671 750 3727 πάντων
776 3670 954 3740 ἓνεκα,
984 3674 1064 3742 τῷ
1098 3673 1316 3743 Σωτῆρι
1371 3671 1531 3741 ἡμῶν
1578 3670 1712 3741 Θεῷ.
1761 3669 1857 3725 Καὶ
1907 3667 1952 3722 εἰ

300 3767 376 3838 μὴ
428 3763 519 3818 τὸν
571 3760 808 3837 παρόντα
861 3758 978 3834 βίον
1031 3753 1686 3834 πειρατήριον-ᾔδειμεν,
1748 3755 1956 3834 σφόδρα

299 3853 360 3908 ἄν
393 3852 481 3908 ἐπὶ
523 3854 644 3914 τοῖς
669 3843 1070 3922 συμϐεϐηκόσιν
1117 3845 1620 3923 ἀπωλοφυράμεθα.
1673 3846 1746 3899 Σὺ
1797 3843 1876 3915 δὲ,
1909 3847 1955 3900 εἰ

305 3944 381 4016 μή
417 3961 472 3995 τι
506 3935 648 3995 ἄλλο
705 3941 812 3993 τῶν
868 3934 1120 3992 παλαιῶν
1178 3932 1630 4011 παραδειγμάτων
1691 3933 1777 3988 ἐπὶ
1835 3938 1958 3990 νοῦν

305 4023 600 4084 ἀναλαϐεῖν
632 4021 860 4093 ἐθέλοις,
901 4021 1046 4078 ἀλλὰ
1091 4022 1182 4078 τόν
1234 4043 1297 4097 γε
1349 4020 1598 4096 Ἡρώδου
1649 4022 1816 4091 οἷκον,
1869 4021 1958 4076 καὶ

307 4117 438 4178 τοὺς
504 4115 861 4188 Ἀντιπάτρου
923 4113 1162 4187 τρόπους
1232 4110 1544 4167 ἐπισκοπεῖν
1624 4109 1959 4182 διανάστηθι.

307 4211 520 4274 Ὅπως,
553 4206 581 4259 ὁ
626 4205 720 4278 μὶν
752 4202 995 4265 πολλαῖς
1026 4207 1298 4278 μηχαναῖς
1327 4203 1420 4257 τὸν
1456 4199 1648 4277 ἄνδρα,
1678 4201 1855 4256 καίτοι
1902 4223 1964 4278 γε

306 4298 397 4354 καὶ
451 4293 711 4370 ἀγχίνουν
761 4289 904 4362 ὄντα,
953 4292 1090 4346 κατὰ
1137 4297 1244 4346 τῶν
1292 4292 1592 4368 φιλτάτων,
1646 4291 1959 4365 περιῆλθεν·

309 4390 338 4443 ὁ
370 4385 432 4442 δὲ
489 4389 607 4446 τοῖς
655 4381 846 4456 ἔξωθεν
903 4387 1034 4436 πᾶσι
1089 4379 1508 4456 περιβρεόμενος
1565 4381 1810 4455 ἀγαθοῖς,
1868 4383 1957 4436 καὶ

310 4473 704 4550 εὐτυχέστατος
751 4470 886 4526 εἶναι
935 4471 1235 4544 νομισθεὶς,
1287 4468 1715 4545 δυπυχέστατός
1763 4491 1820 4526 τε
1867 4470 1957 4525 καὶ

307 4564 657 4624 ἀθλιώτατος
692 4559 933 4638 γέγονεν’
987 4559 1070 4614 ὅτι
1119 4559 1304 4638 φθόνῳ
1356 4559 1446 4614 καὶ
1497 4555 1783 4621 διαϐολαῖς
1839 4560 1962 4614 ἀνα-

311 4652 550 4714 πετάσας
603 4652 670 4706 τὰ
708 4651 842 4718 ὦτα,
885 4650 1076 4723 γένους
1123 4649 1235 4722 ἅμα
1279 4650 1364 4703 καὶ
1419 4647 1616 4726 φίλων,
1662 4649 1750 4702 καὶ
1797 4648 1964 4718 αὐτῆς

309 4749 506 4820 γονῆς,
556 4741 649 4796 τὸν
698 4741 849 4795 οἷκον
895 4737 1104 4814 ἔρημον
1156 4735 1371 4812 ἔδειξεν.
1425 4735 1486 4793 Et
1524 4759 1574 4794 τι
1608 4737 1698 4792 οὗν
1750 4759 1836 4792 σοι
1876 4738 1966 4793 καὶ

315 4835 480 4908 ἡμεῖς
512 4831 564 4886 ἐν
606 4828 781 4909 φίλων
823 4828 915 4884 καὶ
965 4826 1184 4883 οἰκείων
1229 4826 1372 4898 τάξει
1425 4825 1816 4904 λελογίσμεθα,
1869 4827 1968 4904 ὅρα

318 4925 540 4997 μήποτε
560 4924 678 4984 τοῖς
708 4919 1069 4996 συκοφάνταις
1117 4916 1304 4972 ἑαυτὸν
1349 4919 1620 4992 χειροήθη
1677 4937 1965 4994 παραστη-

317 5013 575 5085 σάμενος,
630 5008 721 5064 τὸν
770 5009 862 5063 σὸν
894 5007 1044 5061 οἶκον
1098 5003 1274 5082 φίλων
1324 5006 1413 5061 καὶ
1463 5006 1810 5062 οἰκειοτάτων
1857 5005 1965 5077 ἐξε-

317 5100 622 5177 ρημώσεις.
688 5095 749 5152 Ei
799 5094 857 5150 δέ
905 5095 987 5156 τίς
1042 5094 1152 5149 ἐστι
1201 5094 1290 5150 καὶ
1345 5092 1500 5166 δίκης
1547 5095 1831 5173 ὀφθαλμὸς
1881 5094 1960 5150 ἐνο

313 5189 510 5259 ταῦθα,
581 5187 658 5260 μή
724 5186 919 5258 νόμισε
974 5187 1166 5239 τοῦτον
1239 5181 1532 5246 διαπαντὸς
1590 5181 1960 5254 καθευδήσειν,

314 5281 463 5351 ἡμᾶς
513 5274 570 5331 δὲ
619 5275 850 5353 πάσχειν
893 5270 1096 5336 ἀδίκως
1143 5274 1230 5328 καὶ
1276 5274 1342 5327 τὰ
1390 5268 1592 5348 ἔσχατα
1630 5293 1961 5347 παρεσκευα-

313 5365 566 5440 σμένους,
599 5363 660 5418 οὐ
701 5367 809 5433 νῦν,
842 5362 988 5417 ἀλλά
1015 5383 1075 5438 γε
1123 5363 1212 5416 καὶ
1269 5361 1459 5433 πάλαι,
1514 5368 1630 5425 τοῖς
1676 5363 1840 5426 θείοις
1880 5361 1963 5417 ἐν-

313 5457 634 5534 τραφέντας,
679 5451 814 5517 ’ίσθι,
866 5454 1270 5527 προστάγμασι⁶
1311 5452 1400 5506 καὶ
1453 5454 1611 5528 χάριν
1665 5453 1960 5528 ὁμολογεῖν

313 5545 528 5615 εἰδέναι,
580 5542 626 5600 e'i
664 5565 747 5606 τις
793 5544 926 5616 ἡμῖν
976 5541 1383 5618 ἐπιτομωτέραν
1435 5544 1572 5616 πρὸς
1615 5544 1714 5612 τήν
1761 5543 1956 5598 ἐκεῖθεν

311 5634 592 5692 πολιτείαν
620 5635 721 5702 τὴν
751 5632 972 5708 πορείαν
1005 5632 1404 5693 συσκευάσοιτο.

2058 3238 2188 3278 mus
2220 3224 2371 3295 quod
2405 3230 2461 3278 tu
2511 3223 2627 3280 scis
2680 3224 2780 3296 qui
2820 3223 2902 3280 sic
2952 3223 3161 3295 efﬁcis,
3193 3241 3326 3296 spes
3375 3228 3498 3280 erat
3537 3228 3620 3291 ut,
3652 3224 3703 3280 si

2059 3311 2192 3384 quis
2223 3311 2372 3368 alius
2404 3330 2508 3370 nos
2539 3313 2966 3385 aggrederetur,
3001 3317 3123 3369 tute
3161 3317 3216 3370 te
3249 3319 3551 3385 patronum
3611 3315 3707 3368 in-

2058 3407 2410 3473 terponeres.
2443 3401 2647 3458 Adhuc
2672 3402 2854 3472 magis
2885 3417 3036 3474 aegre
3065 3407 3154 3458 est
3181 3404 3358 3473 quod,
3391 3417 3520 3456 cum
3550 3402 3703 3471 inju-

2063 3500 2147 3548 ste
2178 3491 2449 3564 patimur,
2475 3491 2744 3561 injuriam
2771 3495 2964 3547 tamen
2985 3491 3236 3547 dicimur
3269 3491 3519 3558 inferre;
3545 3485 3710 3546 dolos

2064 3596 2382 3646 censuere;
2443 3584 2498 3634 et
2527 3579 2610 3634 illi
2654 3579 2758 3636 hoc
2815 3580 3105 3648 scribunt,
3166 3579 3265 3651 qui
3303 3596 3408 3634 nos
3447 3579 3711 3634 multifa-

2065 3670 2210 3725 riam
2243 3669 2498 3740 quotidie
2557 3668 2706 3724 dolis
2745 3674 2968 3740 pet-unt.
3039 3669 3119 3724 De
3163 3669 3390 3724 cunctis
3422 3668 3713 3724 Servatori

2065 3759 2182 3816 Deo
2223 3759 2437 3830 gratias
2495 3759 2740 3829 agimus.
2795 3759 2955 3824 Quod
3003 3759 3053 3814 si
3101 3763 3297 3814 autem
3347 3758 3499 3814 hanc
3538 3758 3716 3814 vitam

2066 3864 2179 3903 non
2240 3847 2642 3918 proﬁteremur
2699 3847 3096 3914 tentatorium,
3158 3851 3310 3903 certe
3359 3863 3487 3918 quas
3545 3846 3714 3902 nobis

2068 3937 2343 3992 accidunt
2399 3934 2770 3990 vehementer
2810 3934 3167 3990 doleremus.
3214 3935 3294 3989 Tu
3328 3940 3546 4002 autem,
3601 3934 3648 3988 si
3689 3951 3717 3989 e

2069 4031 2296 4082 vetusta
2336 4023 2615 4080 memoria
2655 4021 2878 4077 nullum
2913 4023 3068 4078 aliud
3101 4021 3435 4093 exemplum
3467 4021 3717 4076 recolere

2070 4115 2342 4180 volueris,
2385 4118 2599 4168 tamem
2661 4112 2846 4168 excita
2876 4117 3052 4167 temet
3111 4116 3174 4166 ut
3223 4110 3442 4166 recolas
3476 4110 3719 4166 Herodis

2073 4210 2332 4275 domum,
2365 4208 2422 4259 et
2449 4203 2732 4276 Antipatri
2777 4218 3003 4258 mores:
3056 4202 3354 4268 Quomodo
3393 4201 3715 4271 Antipater,

2074 4298 2286 4365 virum,
2324 4299 2618 4366 utcunque
2634 4293 2928 4358 solertem,
2953 4297 3152 4349 contra
3175 4289 3563 4347 amicissimos
3585 4306 3722 4346 con-

2076 4386 2294 4454 citavit,
2338 4384 2539 4440 multis
2571 4383 3028 4438 circumventum
3069 4380 3578 4437 machinamentis.
3603 4379 3724 4435 He-

2077 4476 2248 4531 rodes
2278 4491 2408 4530 cum
2431 4473 2682 4529 externis
2713 4471 2882 4528 bonis
2910 4472 3186 4528 omnibus
3208 4470 3519 4537 difflueret,
3554 4475 3606 4524 et
3627 4467 3726 4523 be-

2077 4565 2378 4622 atissimus
2403 4564 2748 4634 habebatur,
2774 4562 3240 4627 infelicissimus,
3267 4558 3492 4616 exstitit
3516 4561 3574 4614 et
3625 4559 3727 4612 mi-

2075 4655 2353 4712 serrimus
2377 4674 2392 4724 ;
2417 4653 2649 4709 invidias
2672 4651 2958 4724 siquidem
2991 4655 3047 4706 et
3077 4648 3386 4705 calumniis
3416 4647 3724 4720 patefactis

2079 4745 2342 4810 auribus,
2375 4745 2617 4799 domum
2644 4739 2939 4814 progenie,
2963 4739 3189 4804 amicis,
3211 4735 3411 4792 liberis
3439 4736 3723 4794 vacuarit.

2079 4833 2238 4898 Quod
2273 4832 2321 4889 si
2353 4849 2456 4887 nos
2496 4831 2557 4887 in
2587 4831 2784 4901 aliquo
2838 4828 3165 4884 amicorum
3222 4841 3288 4880 ac
3343 4823 3722 4881 familiarium

2077 4921 2279 4978 ordine
2311 4937 2684 4988 annumeras,
2719 4919 2868 4986 vide,
2930 4932 3148 4988 quasso,
3182 4929 3254 4971 ne
3285 4919 3341 4970 te
3393 4914 3721 4970 committas

2075 5010 2628 5067 circumducendum
2661 5005 3060 5080 sycophantis,
3094 5008 3268 5075 atque
3298 5003 3380 5058 ita
3407 5007 3538 5058 tuas
3568 5003 3719 5058 aedes

2076 5117 2306 5172 quoque
2362 5099 2640 5171 spoliatas
2701 5093 2909 5153 amicis
2948 5098 3004 5152 et
3053 5091 3439 5149 familiaribus
3487 5092 3725 5150 reddas.

2074 5191 2232 5258 Quod
2256 5191 2304 5245 si
2328 5189 2532 5246 oculus
2555 5189 2731 5244 rebus
2753 5185 2969 5242 nostris
2991 5185 3225 5240 intersit
3238 5182 3512 5255 justitiaa,
3537 5181 3719 5238 nolito

2073 5283 2276 5352 putare
2309 5283 2584 5350 perpetuo
2616 5277 2779 5332 illum
2813 5291 3020 5331 somno
3058 5274 3342 5345 sopitum:
3375 5289 3442 5328 ea
3491 5288 3596 5326 nos
3617 5289 3722 5327 au—

2073 5374 2357 5436 tem,-non
2419 5383 2574 5424 nunc
2633 5367 2907 5438 primum,
2949 5365 3048 5420 sed
3082 5364 3208 5434 jam
3244 5362 3462 5434 pridem
3512 5361 3724 5431 injuste

2072 5457 2160 5513 vel
2194 5462 2447 5512 extrema
2472 5456 2593 5528 pati
2641 5459 2894 5526 paratos,
2929 5458 3130 5525 utpote
3163 5451 3376 5506 divinis
3407 5448 3721 5504 innutritos

2072 5546 2903 5617 pra'ceptis,cognoscas.Certe
2917 5542 3132 5614 gratias
3148 5541 3229 5595 illi
3250 5538 3724 5594 habiturisumus

2071 5636 2170 5707 qui
2186 5637 2334 5690 viam
2350 5636 2518 5690 nobis
2534 5629 3455 5704 maximecompendiariam,licet
3467 5625 3725 5698 pracipi-

2069 5729 2312 5794 tantem,
2344 5725 2418 5781 ad
2437 5724 2730 5781 cmlestem
2762 5719 3165 5778 monstraverit
3197 5714 3718 5776 conversationem.
