4090 6228
283 386 403 447 629

1530 380 2086 444 EPISTOLARUM
2133 381 2358 442 LIBER
2403 385 2449 442 Ι.

3575 387 3694 447 630

287 519 473 593 ψυχὴν
535 513 824 592 εὐρηκότες
890 516 1038 588 ἀξίαν
1094 515 1243 591 (έρᾷν
1303 517 1406 593 γάρ
1480 535 1536 568 σε
1594 516 1788 587 ἀρετῆς
1847 514 1926 568 καῖ

2053 516 2394 571 cendentem
2437 515 2822 584 divinitatem,
2865 523 3154 590 quatenus
3203 518 3364 574 illam
3405 519 3689 589 homines,

287 601 560 669 εὐσεϐείας
627 606 1012 680 πεπείσμεθα),
1076 611 1153 678 τῷ
1220 602 1540 678 φιλουμένῳ
1612 599 1774 678 δώρῳ
1850 602 1938 657 καὶ

289 694 700 771 μεγαλοπρεπεῖ
747 693 1089 769 δεξιούμεθα.
1123 696 1208 750 Ἒν
1261 695 1328 767 ᾧ,
1376 700 1476 763 τῆς
1527 693 1801 766 ἀχράντου
1850 692 1938 747 καὶ

286 787 526 860 καθαρᾶς
558 787 723 860 ἡμῶν
771 785 1004 846 πίστεως
1043 785 1104 839 τὸ
1145 784 1290 860 ἱερὸν
1338 783 1428 838 καὶ
1481 783 1740 858 θεόσοφον
1792 781 1940 837 ἐντά-

283 879 464 948 ξαντες
527 878 777 950 μάθημα,
845 875 941 937 τὰς
1000 874 1157 952 ἁγίας
1215 876 1305 929 καὶ
1367 874 1744 945 οίκουμενικὰς
1806 872 1939 928 ἒπτά

287 963 572 1034 συνόδους,
606 966 774 1020 οἱονεί
805 964 1053 1041 χάρακάς
1084 985 1234 1027 τινας
1275 965 1364 1019 καὶ
1402 958 1732 1038 περιϐόλους
1773 960 1935 1024 οὔσας

285 1060 384 1111 τοῦ
435 1055 581 1110 θείου
639 1054 835 1110 τούτου
890 1055 979 1109 καὶ
1034 1051 1325 1125 ὀρθοδόξου
1380 1054 1730 1125 μαθήματος,
1780 1055 1939 1127 σαφεῖ

285 1167 344 1200 τε
393 1145 482 1200 καὶ
534 1145 792 1217 συντόμῳ
842 1141 994 1219 λόγῳ
1039 1141 1554 1218 συμπαρατιθέμεοα
1588 1157 1602 1172 ·
1663 1138 1780 1195 οὐδ’
1838 1141 1937 1194 ὅσα

288 1236 408 1310 βίον
469 1234 654 1304 ἰθύνει,
705 1234 796 1289 καὶ
858 1238 1119 1309 μαρτυρεῖ
1156 1239 1254 1302 τῆς
1313 1234 1551 1292 πίστεως
1609 1231 1709 1298 τήν
1770 1231 1936 1305 ὀρθό-

275 1345 437 1395 τητα,
519 1322 802 1386 παντελῶς
879 1323 1328 1397 ἀποσιγήσαντες.
1407 1322 1611 1393 ’Ὠσπερ
1687 1319 1792 1392 γὰρ
1869 1318 1932 1373 τὸ

279 1413 475 1475 πάντα.
539 1411 816 1490 καταρχὰς
893 1412 1178 1484 πειρᾶσθαι
1255 1407 1454 1484 λέγειν,
1513 1406 1877 1480 ἀπειρόκαλον
1915 1425 1928 1440 ·

283 1500 428 1557 οὕτω
454 1503 541 1556 καὶ
576 1502 638 1556 τό
676 1499 844 1574 μηδὲν
877 1501 1070 1571 εἰπεῖν,
1101 1497 1468 1574 ἀφιλόκαλον.

2051 606 2282 676 assequi
2316 607 2658 677 poterimus,
2692 613 2968 679 tanquam
2993 609 3048 663 in
3071 608 3305 680 speculo
3327 614 3690 667 contuemur.

2045 695 2378 750 Istiusmodi
2411 713 2547 767 ergo
2579 699 2761 768 gratia
2793 702 2960 767 atque
2993 699 3142 753 dono
3171 698 3413 769 dignum
3443 703 3498 754 et
3528 716 3696 772 capa-

2044 798 2169 839 cem
2203 784 2550 854 prudentem
2585 793 2741 838 tuum
2776 789 3040 841 animum
3074 793 3452 858 agnoscentes
3482 787 3697 858 (virtu-

2042 875 2160 927 tem
2210 876 2266 927 te
2318 872 2602 944 siquidem
2661 889 2727 930 ac
2778 875 3046 945 pietatem
3105 892 3302 930 amare
3349 892 3694 946 persuasum

2041 960 2354 1032 habemus)
2388 964 2584 1017 munis
2617 964 2687 1018 ad
2723 967 2776 1018 te
2808 963 2911 1018 tibi
2955 973 3179 1034 gratum
3223 967 3508 1035 futurum,
3542 967 3600 1021 in
3632 983 3695 1023 se

2041 1053 2444 1124 magniﬁcum,
2501 1057 2819 1113 efferimus.
2869 1055 2970 1112 Cui
3022 1057 3257 1128 quidem
3301 1057 3433 1111 ﬁdei
3479 1063 3694 1115 nostrae

2039 1143 2514 1201 incontaminatas
2544 1151 2601 1201 et
2641 1147 2952 1214 detecatae,
2995 1152 3052 1202 et
3096 1147 3353 1203 divinam
3399 1152 3453 1203 et
3505 1166 3538 1203 a
3576 1149 3692 1205 Deo

2036 1233 2302 1290 edoctum
2370 1235 2694 1292 inserentes
2765 1236 3158 1308 disciplinam,
3230 1236 3410 1292 sacris
3469 1242 3689 1308 septem

2036 1321 2462 1379 nniversalibus
2485 1325 2743 1397 synodis,
2777 1341 2891 1380 non
2924 1325 3094 1380 aliter
3132 1341 3303 1395 quam
3345 1324 3496 1380 vallo
3537 1343 3683 1397 quo-

2035 1411 2172 1466 dam
2221 1416 2278 1466 et
2319 1413 2663 1484 sepimento,
2716 1413 3042 1470 doctrinam
3095 1414 3244 1469 hanc
3293 1413 3579 1470 caelestem
3633 1420 3692 1471 et

2035 1500 2442 1569 orthodoxam,
2495 1503 3012 1574 communivimus,
3072 1519 3217 1574 quas
3270 1503 3577 1574 perspicua
3635 1513 3693 1560 et

281 1592 441 1648 brevi
475 1591 752 1659 oratione,
795 1607 915 1647 una
961 1590 1415 1661 cognoscendas,
1461 1587 1862 1658 adjunximus.
1908 1586 2023 1642 Nec
2063 1588 2302 1658 interea,
2344 1608 2469 1663 quae
2511 1592 2584 1648 ad
2607 1593 2783 1649 vitam
2827 1597 2980 1649 recte
3041 1592 3465 1648 instituendam
3513 1593 3690 1662 perti-

282 1687 447 1748 nent,
487 1681 743 1753 ﬁdeique
774 1680 1104 1737 rectitudini
1135 1678 1541 1736 testimonium
1577 1676 1902 1748 perhibent,
1928 1693 2164 1748 prorsus
2190 1679 2422 1736 silentio
2463 1681 2911 1753 praeteribimus.
2959 1682 3120 1737 Certe
3166 1681 3320 1737 sicut
3366 1681 3564 1738 omnia
3603 1681 3690 1737 si—

277 1771 526 1845 gillatim
560 1773 631 1827 ab
671 1771 838 1827 initio
870 1771 1012 1827 velle
1043 1772 1251 1836 dicere,
1284 1769 1544 1841 ineptum
1577 1771 1665 1823 est
1701 1767 1822 1833 ;ita
1850 1767 1997 1824 nihil
2020 1769 2258 1826 omnino
2279 1771 2490 1842 dicere,
2524 1777 2690 1842 turpe
2722 1777 2778 1829 et
2815 1773 3192 1829 inhonestum
3249 1780 3349 1829 est.

346 1862 417 1936 γ’.
469 1866 558 1915 Δεῖ
617 1857 674 1914 δὲ
713 1860 808 1921 τὰς
865 1859 1057 1933 ἀρετὰς
1104 1863 1172 1931 τῇ
1216 1858 1395 1911 πίστει
1453 1855 1923 1932 παραπεπηγέναι,

2104 1859 2156 1913 3.
2191 1860 2431 1932 Oportet
2470 1867 2662 1917 autem
2712 1863 2956 1919 virtutes
3000 1867 3056 1918 et
3095 1864 3246 1918 bona
3290 1878 3466 1934 opera
3497 1879 3530 1917 a
3578 1862 3690 1918 {ide

277 1948 372 2003 καὶ
405 1945 474 2002 δι’
523 1949 725 2026 ἀμφοῖν
755 1947 847 2002 τὸν
898 1943 1194 2000 σπουδαῖον
1223 1945 1632 2018 καταρτίζεσται
1667 1946 1766 2015 (9).
1821 1944 1920 1998 Καὶ

277 2036 382 2110 γάρ
434 2034 720 2112 δογμάτων
775 2037 868 2108 μὲν
931 2035 1162 2101 εὐθύτης
1213 2033 1496 2096 πολιτείας
1546 2028 1919 2108 προϐάλλεται

281 2127 650 2200 κοσμιότητα,
719 2125 962 2200 πράξεων
1039 2121 1095 2179 δὲ
1152 2122 1458 2197 καθαρότης
1515 2129 1616 2192 τῆς
1691 2123 1928 2186 πίστεως

285 2213 621 2292 ἀπαγγέλλει
653 2215 910 2284 θειότητα
942 2231 956 2245 ο
999 2213 1074 2268 ὧν
1107 2213 1360 2286 ἑκάτερον
1408 2213 1584 2287 χωρὶς
1615 2215 1710 2267 τοῦ
1743 2213 1926 2286 ἑτέρου

285 2306 416 2379 ῥᾷον
473 2303 656 2359 ε’ίωθεν
718 2302 977 2379 ὐποῤῥεῖν
1035 2303 1123 2358 καὶ
1183 2302 1608 2376 παρασύρεσθαι,
1671 2303 1746 2373 μή
1808 2303 1928 2356 ἀνε-

285 2395 523 2469 χόμενον
595 2394 906 2467 καταμόνας
983 2395 1188 2466 ψυχαῖς
1247 2391 1544 2466 ἀνθρώπων
1626 2389 1931 2467 ὲγκατοικί-

286 2486 487 2553 ζεσθαι.
523 2481 700 2539 Ἀλλά
747 2483 869 2556 περὶ
907 2483 1002 2554 μὲν
1052 2481 1260 2536 τούτων
1301 2479 1392 2534 καὶ
1441 2479 1680 2553 ὕστερον.
1715 2485 1821 2534 Νῦν
1871 2477 1927 2534 δέ

283 2593 367 2628 σοι
399 2573 461 2628 τὸ
503 2573 646 2646 ἱερὸν
676 2571 763 2626 καὶ
790 2573 1126 2648 θεόχρηστον
1157 2577 1256 2640 τῆς
1292 2570 1437 2646 ἱερᾶς
1468 2571 1627 2643 ἡμῶν
1676 2569 1927 2643 λατρείας

283 2661 638 2735 ἀνατιθέμεθα
671 2662 921 2734 μάθημα.

354 2749 420 2810 δ’.
501 2751 746 2808 Πιστεύω
822 2750 899 2815 είς
969 2748 1062 2806 ἕνα
1137 2752 1267 2806 Θεὸν
1347 2746 1556 2825 Πατέρα
1630 2749 1927 2824 παντοκρά-

279 2865 436 2920 τορα,
495 2845 733 2916 ποιητὴν
790 2841 1021 2918 οὐρανοῦ
1081 2842 1172 2897 καί
1240 2849 1365 2916 γῆς,
1425 2843 1633 2912 ὁρατῶν
1687 2863 1745 2897 τε
1797 2842 1925 2896 πάν-

279 2957 388 2990 των
442 2935 532 2989 καὶ
602 2933 872 3010 ἀοράτων.
942 2933 1041 2988 Καὶ
1119 2933 1194 2994 εἷς
1269 2930 1364 2987 ἕνα
1440 2932 1636 3006 Κύριον
1712 2932 1924 3002 Ἰησοῦν

277 3023 532 3101 Χριστὸν,
601 3025 690 3078 τὸν
753 3023 876 3078 Υἱὸν
945 3026 1041 3076 τοῦ
1108 3027 1242 3077 Θεοῦ
1309 3023 1398 3076 τὸν
1483 3028 1779 3095 μονογενῆ,
1832 3023 1924 3076 τὸν

280 3111 340 3169 ἐκ
397 3117 496 3167 τοῦ
555 3111 762 3185 Πατρὸς
819 3111 1135 3186 γεννηθέντα
1191 3110 1296 3184 πρὸ
1367 3109 1578 3165 πάντων
1629 3113 1736 3164 τῶν
1797 3109 1924 3164 αἰώ-

2034 1962 2146 2003 non
2201 1947 2418 2014 divelli,
2452 1952 2549 2005 sed
2593 1951 2868 2022 utrinque
2919 1951 3106 2006 virum
3151 1952 3371 2006 bonum
3403 1952 3596 2022 perfici
3633 1956 3690 2007 et

2031 2039 2458 2094 consummari:
2496 2039 2638 2094 ﬁdes
2668 2041 2821 2094 enim
2855 2045 3009 2095 recta
3053 2056 3244 2096 mores
3277 2040 3542 2110 producit
3580 2040 3684 2094 ho-

2039 2129 2235 2181 nestos
2263 2144 2277 2196 ;
2309 2132 2364 2182 et
2385 2143 2624 2198 operum
2646 2127 2870 2198 puritas
2893 2129 3064 2184 ﬁdem
3088 2144 3215 2184 esse
3238 2129 3490 2183 divinam
3514 2128 3685 2199 plane

2039 2215 2296 2286 probat:
2352 2216 2592 2272 istorum
2649 2233 2784 2273 vero
2830 2217 3078 2272 alterum
3111 2219 3238 2272 sine
3287 2217 3465 2272 altero
3515 2215 3681 2272 facile

2037 2304 2300 2360 diffluere
2331 2305 2478 2361 solet
2516 2310 2572 2362 et
2612 2306 2893 2362 aliorsum
2919 2307 3040 2379 rapi
3075 2323 3087 2361 :
3130 2323 3317 2378 neque
3356 2307 3513 2362 enim
3557 2323 3686 2376 pos-

2037 2397 2176 2448 sunt
2205 2396 2466 2465 sejuncta
2505 2399 2562 2451 et
2606 2395 2836 2452 divulsa
2885 2397 2943 2450 in
2991 2396 3205 2451 animis
3257 2396 3550 2452 hominum
3589 2412 3682 2452 se-

2035 2483 2168 2538 dem
2203 2483 2392 2553 figere.
2428 2485 2539 2540 Sed
2573 2485 2642 2540 de
2674 2485 2802 2541 istis
2834 2484 3161 2540 videbimus
3184 2486 3240 2540 in
3273 2486 3681 2556 sequentibus.

2035 2574 2099 2628 In
2133 2573 2397 2643 prmsenti
2429 2591 2651 2629 sacram
2687 2573 2954 2629 etdivino
2986 2574 3222 2629 oraculo
3263 2574 3451 2628 fusam
3495 2590 3686 2630 sacro-

2035 2667 2248 2718 sanctae
2273 2668 2485 2718 nostra:
2508 2662 2801 2733 religionis
2824 2663 3153 2719 doctrinam
3177 2667 3680 2735 repraesentamus.

2107 2751 2156 2804 4.
2197 2753 2374 2808 Credo
2421 2755 2478 2806 in
2517 2769 2690 2807 unum
2739 2754 2908 2808 Deum
2960 2754 3184 2808 Patrem
3240 2754 3684 2825 omnipotentem,

2032 2841 2158 2895 caeli
2185 2846 2236 2896 et
2286 2845 2445 2897 terrae
2478 2843 2811 2911 Creatorem,
2856 2858 3066 2898 necnon
3097 2843 3400 2898 visibilium
3441 2843 3685 2900 omnium

2033 2945 2097 2985 ac
2125 2930 2507 2987 invisibilium
2536 2948 2554 2986 :
2586 2933 2649 2986 Et
2680 2934 2735 2986 in
2767 2949 2941 2986 unum
2973 2932 3266 2987 Dominum
3299 2934 3483 2988 Jesum
3527 2931 3686 2986 Chri-

2033 3027 2197 3088 stum,
2228 3021 2430 3076 Filium
2469 3022 2567 3076 Dei
2595 3021 2964 3092 unigenitum,
3005 3038 3074 3077 ea:
3103 3024 3276 3077 Patre
3317 3026 3509 3076 natum
3556 3029 3682 3076 ante

2033 3109 2222 3165 omnia
2270 3111 2509 3179 saecula;
2563 3111 2754 3166 lumen
2800 3113 2868 3166 de
2917 3111 3144 3179 lumine,
3180 3113 3348 3166 Deum
3374 3126 3562 3166 verum
3610 3111 3681 3164 de

275 3224 404 3259 νων.
468 3206 598 3264 Φῶς
651 3201 708 3256 έκ
774 3202 975 3280 φωτὸς,
1025 3201 1153 3256 Θεὸν
1209 3199 1472 3270 ἀληθινὸν
1530 3199 1589 3254 ἐκ
1619 3203 1752 3254 Θεοῦ
1781 3201 1920 3270 ἀλη-

2037 3201 2142 3257 Deo
2185 3216 2307 3256 vero
2327 3218 2348 3265 ;
2379 3200 2646 3271 genitum,
2687 3216 2794 3255 non
2833 3202 3077 3270 factum;
3119 3200 3278 3255 Patri
3321 3201 3680 3257 consubstan-

280 3294 477 3347 θινοῦ·
580 3290 917 3366 γεννηθέντα,
1024 3289 1085 3344 οὐ
1188 3289 1524 3360 ποιηθέντα·
1629 3291 1922 3364 ὁμοούσιον

277 3385 357 3454 τῷ
407 3381 601 3454 Πατρῖ,
647 3376 716 3434 δι’
767 3379 828 3433 οῦ
877 3381 943 3434 τά
992 3379 1165 3434 πάντα
1213 3378 1426 3453 ἐγένετο
1456 3400 1469 3413 ·
1515 3381 1606 3434 τὸν
1660 3378 1730 3434 δι’
1777 3382 1924 3454 ἡμᾶς

278 3470 408 3533 τοὺς
482 3466 802 3544 ἀνθρώπους
858 3469 947 3522 καὶ
1009 3465 1098 3522 διά
1169 3469 1267 3538 τήν
1325 3469 1594 3543 ἡμετέραν
1653 3468 1924 3545 σωτηρίαν

275 3557 611 3615 κατελθόντα
707 3557 758 3630 ἐξ
854 3558 1098 3634 οὐρανῶν
1133 3576 1146 3590 °
1250 3558 1339 3612 καὶ
1421 3559 1766 3634 σαρκωθέντα
1865 3557 1924 3613 ἐκ

276 3647 590 3722 Πνεύματος
639 3647 797 3722 ἁγίου
845 3646 937 3701 καὶ
1020 3647 1232 3721 Μαρίας
1291 3653 1390 3716 τῆς
1468 3649 1760 3720 Παρθένου,
1831 3647 1920 3701 καὶ

274 3736 784 3807 ἒνανθρωπήσαντα,
890 3735 1260 3810 σταυρωθέντα
1365 3757 1424 3791 τε
1525 3737 1658 3810 ὑπὲρ
1758 3739 1919 3809 ἡμῶν

274 3825 363 3882 ἐπὶ
431 3824 664 3881 Ποντίου
721 3823 984 3895 Πιλάτου,
1045 3827 1132 3880 καὶ
1194 3824 1450 3893 παθόντα,
1510 3826 1599 3879 καὶ
1665 3825 1916 3904 ταφέντα.

271 3916 363 3972 καὶ
418 3916 713 3971 ἀναστάντα
767 3918 836 3988 τῇ
884 3915 1042 3989 τρίτῃ
1098 3915 1281 3989 ἡμέρᾳ
1335 3913 1469 3968 κατὰ
1523 3915 1619 3975 τὰς
1686 3915 1918 3991 Γραφάς,

272 4007 363 4060 καί
439 4003 730 4061 ἀνελθόντα
807 4003 881 4066 εἷς
953 4002 1083 4066 τοὺς
1142 4003 1426 4077 οὐρανοὺς,
1518 4005 1609 4057 καὶ
1696 4004 1918 4072 καθεζό-

275 4118 438 4172 μενον
491 4095 545 4150 ἒν
599 4092 745 4166 δεξιᾷ
797 4097 896 4149 τοῦ
946 4094 1160 4166 Πατρός
1194 4115 1206 4127 ·
1266 4093 1353 4147 καὶ
1398 4093 1564 4148 πάλιν
1619 4091 1918 4169 ἐρχόμενον

275 4188 411 4262 μετά
469 4182 631 4255 δόξης
707 4189 892 4258 κρῖναι
950 4187 1151 4254 ζῶντας
1219 4183 1310 4238 καὶ
1365 4182 1585 4255 νεκρούς
1621 4203 1634 4216 '
1707 4184 1768 4238 οὗ
1815 4191 1916 4253 τῆς

275 4273 558 4351 βασιλείας
612 4273 713 4329 οὐκ
777 4271 924 4328 ἔσται
979 4271 1161 4335 τέλος.
1242 4273 1342 4328 Καὶ
1411 4272 1486 4334 εἰς
1560 4274 1622 4328 τὸ
1699 4278 1916 4349 Πνεῦμα

273 4366 336 4421 τὸ
369 4360 550 4439 ἅγιον,
593 4363 656 4418 τὸ
713 4362 917 4438 Κύριον
955 4363 1042 4417 καὶ
1105 4363 1372 4431 ζωοποιὸν
1424 4362 1486 4417 τὸ
1545 4360 1606 4417 ἐκ
1658 4367 1755 4418 τοῦ
1803 4369 1915 4417 Πα-

270 4455 403 4531 τρὸς
463 4451 914 4528 ἐκπορευόμενον,
968 4450 1030 4506 τὸ
1093 4450 1184 4506 σὺν
1247 4453 1416 4526 Πατρῖ
1470 4453 1559 4507 καὶ
1617 4453 1728 4525 Υἱῷ
1783 4474 1916 4529 προ·

272 4545 638 4616 σκυνούμενον
737 4543 827 4598 καὶ
943 4539 1418 4616 συνδοξαζόμενον,
1504 4543 1566 4598 τὸ
1671 4541 1916 4614 λαλῆσαν

273 4633 368 4690 διὰ
425 4637 534 4688 τῶν
591 4636 909 4712 προφητῶν.

1008 4631 1100 4694 Εἷς
1184 4630 1312 4705 μίαν
1381 4631 1535 4706 ἁγίαν
1619 4632 1920 4702 καθολικὴν
1978 4635 2066 4688 καὶ
2153 4634 2530 4706 ἄποστολικήν

2035 3291 2259 3356 tialem,
2287 3305 2386 3361 per
2413 3306 2570 3362 quem
2603 3291 2788 3346 omnia
2817 3291 2969 3361 facta
2999 3293 3126 3344 sunt
3157 3307 3170 3345 :
3205 3290 3302 3362 qui
3325 3298 3550 3362 propter
3577 3305 3679 3346 nos

2034 3379 2280 3436 homines
2297 3385 2349 3435 et
2371 3388 2590 3451 propter
2608 3384 2852 3435 nostram
2874 3381 3108 3436 salutem
3125 3381 3400 3438 descendit
3417 3380 3479 3436 de
3499 3381 3674 3446 cretis;

2033 3471 2356 3524 incarnatus
2412 3484 2481 3524 ex
2527 3468 2738 3540 Spiritu
2785 3477 2969 3526 sancto
2998 3472 3047 3525 et
3094 3469 3269 3526 Maria
3321 3470 3574 3540 Virgine;
3630 3479 3683 3526 et

2032 3560 2188 3616 homo
2235 3562 2416 3627 factus
2459 3563 2556 3623 est,
2586 3557 2986 3630 cruci/imusque
3024 3574 3123 3632 pro
3160 3560 3315 3615 nobis
3353 3561 3453 3615 sub
3493 3561 3686 3616 Pontio

2028 3649 2232 3714 Pilato,
2263 3664 2458 3719 passus
2508 3653 2558 3704 et
2604 3649 2846 3720 sepultus
2879 3667 2892 3717 ;
2925 3657 2977 3704 et
3017 3651 3323 3706 resurrexit
3372 3652 3538 3706 tertia
3598 3649 3687 3704 die

2029 3736 2326 3794 secundum
2357 3737 2670 3809 Scripturas
2695 3757 2713 3800 ;
2740 3747 2792 3794 et
2823 3740 3066 3795 ascendit
3111 3741 3169 3795 in.
3209 3741 3406 3806 certos;
3455 3748 3508 3795 et
3538 3738 3682 3805 sede,

2029 3845 2062 3882 a
2092 3828 2302 3882 dextris
2330 3829 2514 3882 Patris
2545 3844 2562 3882 :
2594 3833 2644 3882 et
2684 3830 2884 3884 iterum
2915 3838 3176 3884 venturus
3205 3835 3282 3885 est
3327 3845 3453 3884 cum
3481 3827 3685 3898 gloria,

2017 3916 2374 3987 judicaturus
2420 3919 2565 3973 vivos
2595 3923 2758 3989 atque
2804 3928 3043 3974 mortuos
3070 3936 3092 3980 ;
3135 3919 3289 3988 cuius
3354 3923 3516 3989 regni
3579 3936 3688 3974 non

2029 4006 2136 4060 erit
2157 4005 2286 4075 ﬁnis
2322 4021 2334 4060 :
2370 4007 2433 4060 Et
2465 4007 2523 4060 in
2563 4007 2830 4078 Spiritum
2860 4016 3110 4062 sanctum
3149 4009 3443 4062 Dominum
3488 4015 3540 4064 et
3585 4023 3688 4060 au-

2025 4106 2228 4154 ctorem
2263 4099 2386 4153 vitm
2431 4100 2528 4170 qui
2554 4098 2849 4169 procedila
2882 4100 3050 4154 Patre
3076 4115 3096 4159 ,·
3127 4101 3223 4170 qui
3252 4114 3374 4153 cum
3411 4100 3585 4154 Patre
3619 4115 3683 4154 ac

2026 4188 2166 4244 Filio
2214 4190 2483 4244 adoratur
2529 4194 2581 4243 et
2628 4188 3019 4258 gloriﬁcatur;
3060 4188 3156 4259 qui
3199 4189 3410 4244 locutus
3445 4196 3526 4244 est
3591 4206 3688 4260 per

2023 4277 2312 4349 praphetas
2339 4295 2361 4333 :
2391 4279 2452 4332 In
2494 4294 2668 4332 unam
2714 4278 3050 4335 catholicam
3095 4285 3146 4333 et
3184 4278 3539 4348 apostolicam
3586 4279 3686 4331 Ec-

2025 4366 2279 4423 clesium.
2333 4367 2601 4438 Conﬁteor
2632 4384 2806 4423 unum
2847 4368 3129 4440 baptisma,
3197 4368 3258 4422 in
3306 4367 3689 4422 remissionem

2029 4465 2392 4529 peccatorum.
2452 4458 2709 4531 Exspecto
2739 4461 3190 4515 resurrectionem
3243 4459 3604 4526 mortuorum,
3638 4464 3689 4514 et

2029 4548 2202 4602 vitam
2229 4550 2448 4604 venturi
2476 4550 2684 4605 saeculi.
2717 4551 2908 4607 Amen.

3058 4633 3352 4710 Ὁμολογῶ
3435 4633 3489 4688 ’ἐν
3589 4636 3685 4710 βά-

271 4743 496 4797 πτισμα
527 4721 604 4785 είς
638 4720 824 4800 ἄφεσιν
868 4723 1147 4796 ἁμαρτιῶν
1173 4737 1188 4753 ⁸
1221 4719 1514 4798 προσδοκῶ
1545 4721 1830 4778 ἀνάστασιν
1875 4729 2103 4798 νεκρῶν,
2145 4725 2233 4778 καὶ
2271 4727 2416 4795 ζωήν
2444 4730 2546 4780 τοῦ
2581 4724 2883 4800 μέλλοντος
2915 4725 3133 4786 αἰῶνος.
3167 4725 3369 4797 ’Δμτςν.

344 4815 403 4870 ι’.
462 4813 618 4867 Οὕτω
672 4815 957 4886 τοιγαροῦν
1017 4815 1230 4887 φρονῶν
1286 4811 1376 4866 καὶ
1435 4811 1726 4885 πιστεύων,
1783 4812 1916 4867 κατᾶ
1948 4817 1993 4881 Ι)

266 4905 370 4973 τὴν
417 4897 719 4976 παράδοσιν
770 4906 871 4969 τῆς
918 4899 1078 4977 ἁγίας
1127 4904 1224 4957 τοῦ
1283 4904 1416 4956 Θεοῦ
1464 4900 1763 4972 καθολικῆς
1821 4902 1911 4957 καὶ

271 4991 655 5060 ἀποστολικῆς
689 4990 1039 5061 Ἐκκλησίας,
1073 4989 1119 5043 ὦ
1158 4988 1326 5045 καλὸν
1357 4989 1584 5066 ἄγαλμα
1607 4995 1717 5046 τῶν
1767 4990 1912 5065 ἐμῶν

2613 4636 2968 4708 Ἐκκλησίαν,

2094 4818 2148 4872 5.
2181 4817 2267 4871 Ad
2299 4818 2456 4872 hunc
2487 4833 2620 4888 ergo
2659 4819 2897 4873 modum
2929 4815 3189 4872 sentiens
3228 4831 3294 4871 ac
3350 4815 3593 4872 credens
3625 4819 3689 4873 ut

2027 4904 2351 4960 secundum
2383 4905 2757 4961 traditionem
2790 4909 3001 4962 sanctae
3031 4903 3332 4961 catholicas
3362 4907 3419 4962 et
3464 4908 3688 4979 aposto-

2023 4993 2143 5050 lica;
2175 4993 2460 5066 Ecclesiae,
2492 5011 2524 5052 ο
2555 4994 2822 5052 laborum
2889 5010 3153 5052 meorum
3194 4995 3472 5054 eximium
3511 5014 3681 5056 orna-

1866 5141 2095 5200 NOT/E.

342 5274 601 5350 (9)_-At’_
662 5274 868 5350 ἀμφοῖν
932 5273 1049 5350 ’τὸν
1099 5270 1442 5350 σπουδαῖον-
1485 5274 1918 5350 καταρτίζεσθαι.

276 5345 540 5422 Ignatiqs
589 5347 647 5422 in
711 5345 814 5422 illa
879 5346 959 5422 ad
1011 5345 1220 5422 Ephesi.
1277 5345 1686 5422 ’epxﬁtwﬁq,
1745 5346 1924 5422 πίστις

273 5413 570 5492 τέλοςᾘδᾼέ,
622 5416 806 5492 ἀγάπη
845 5437 858 5449 ·
906 5417 973 5492 τᾲ
1020 5413 1077 5470 δὲ
1127 5413 1624 5492 δξύοὶένξῗενότητι
1665 5418 1926 5492 γενόμενα

276 5495 411 5548 Θεοῦ
439 5485 730 5550 ἄνθρωπον
779 5486 1038 5542 ἀποτελεῖ
1069 5507 1081 5519 °
1114 5489 1182 5542 τὰ
1227 5485 1285 5542 δὲ
1322 5486 1468 5543 ἄλλα
1497 5485 1687 5544 πάντα
1723 5485 1804 5550 εἰς’
1830 5510 1922 5544 κα-

278 5557 618 5636 λοκαγαθίαν
649 5557 926 5636 ἀκόλουθά
971 5557 1111 5636 ἐστιν
1149 5579 1160 5590 ·
1206 5557 1383 5636 οὐδεὶς
1411 5561 1606 5636 *πίστιν
1653 5559 1927 5636 ἐπαγγελ-

277 5629 514 5706 λόμενος
575 5630 807 5706 ὀφείλει-
832 5632 1178 5706 ἀμαρτάνειν,
1221 5629 1353 5706 Δοὐδὲ
1401 5630 1613 5704 ἀγάπην
1654 5629 1925 5706 κεκτημέν-

278 5699 367 5767 νος
409 5707 586 5777 μισεῖν
616 5699 707 5757 τὸν
747 5699 1004 5774 ἀδελφόν.
1039 5704 1147 5760 Ubi
1179 5702 1337 5764 τέλος
1371 5699 1483 5760 non
1530 5699 1614 5762 est
1648 5711 1760 5761 tam
1794 5699 1924 5775 ﬁnis

2030 5280 2338 5353 utvertunt
2352 5278 2903 5353 interpretes,quam
2921 5276 3204 5343 τελείωσις
3221 5283 3674 5353 per/ectio.ldem

2037 5349 2267 5445 beatus~
2299 5349 2550 5442 martyr,
2590 5352 2803 5445 iterum
2849 5353 2954 5445 ‘a'it
2990 5371 3003 5407 :
3063 5353 3126 5407 Oi
3182 5349 3672 5445 'e'namx‘i‘eﬁevyt

2035 5424 2271 5498 Χριστοῦ
2302 5420 2469 5491 εἶναι,
2497 5420 2594 5498 οὐκ
2643 5421 2691 5495 ἐξ
2724 5424 2796 5477 ῶν
2849 5423 3068 5498 λέγουσι
3125 5420 3486 5497 μόνον,’ἀλλὰ
3515 5420 3674 5498 ἓξᾼῶν

2035 5492 2331 5571 πράττουσι
2380 5492 2732 5566 γνωρίζονται
2763 5515 2774 5527 ·
2829 5496 2888 5550 ἐκ
2916 5492 3018 5569 γὰρ
3066 5492 3162 5551 τοῦ
3206 5501 3415 5571 καρποῦ
3462 5498 3523 5571 τὸ
3551 5492 3673 5571 -δέντ

2037 5559 2160 5640 βρεμι
2202 5559 2844 5640 γινῴσκεταιξἋμεινὸν
2897 5559 3008 5624 ἐστι
3055 5559 3389 5639 σιωπᾷνΙκαί
3445 5568 3600 5634 εἶναι,
3634 5567 3667 5635 ἢ

2036 5631 2224 5688 λαλεῖν
2252 5637 2336 5690 καὶ
2376 5639 2451 5708 μή
2485 5639 2638 5695 εἶναι.
