4090 6228
393 355 508 421 631

1586 356 1851 418 ΡΗΟΤΙΙ
1896 355 2423 418 PATRIARCHE
2465 354 2582 418 ΟΡ.

3679 353 3808 416 632

395 495 682 562 mentum,
721 507 910 549 sacras
952 497 1008 548 et
1053 491 1442 549 meumenicas
1493 495 1717 559 septem
1764 489 2033 558 synodos,

2159 485 2327 541 πόνων
2361 489 2490 558 (10),
2539 485 2635 547 τάς
2685 484 2836 560 ἁγίας
2891 485 2980 540 καί
3028 483 3405 559 οἷκουμενικᾶς
3453 486 3590 540 ἐπτᾶ
3640 487 3808 540 συνό-

399 581 612 652 partim
645 585 928 653 tanquam
963 583 1191 653 pietatis
1221 583 1550 653 magistras,
1581 581 1790 652 partim
1827 585 1890 634 ut
1921 596 2041 650 pro-

399 670 797 741 pugnatrices,
845 671 1073 740 suscipe
1102 675 1159 724 et
1204 669 1548 739 amplectere
1582 685 1594 722 :
1632 668 1733 724 Per
1774 668 1904 723 illas
1955 673 2038 722 et-

398 761 555 816 enim
577 765 630 816 et
649 759 879 815 illarum
903 776 1009 829 ope
1032 758 1222 814 omnis
1248 759 1563 826 innovatio,
1591 759 1826 814 heresis
1849 757 2040 813 omnis

398 849 734 920 repellitur;
786 854 842 902 et
891 849 1042 919 quod
1093 848 1475 903 orthodoxum
1525 851 1633 913 est,
1679 864 1821 918 puro
1869 852 1925 902 et
1969 845 2040 900 ab

398 939 656 1009 antiquis
700 937 920 991 tradido
971 936 1265 993 intellectu
1319 942 1710 1006 conservatur,
1762 943 1933 1007 atque
1979 937 2038 990 in

395 1029 623 1099 piorum
658 1027 970 1093 mentibus,
1005 1027 1370 1082 dubitatione
1411 1026 1664 1097 exclusa,
1699 1026 2035 1082 collocatur.

395 1116 614 1172 Harum
645 1132 747 1186 ego
778 1116 1132 1187 synodorum
1167 1116 1557 1173 narrationem
1597 1116 1904 1188 aggredior
1951 1114 2039 1169 in-

398 1204 637 1262 stituere
673 1222 686 1272 ;
721 1205 909 1261 locum
946 1205 1146 1274 simul,
1190 1222 1524 1276 numerum,
1576 1205 2038 1272 multitudinem,

397 1294 670 1366 praesides
721 1311 890 1366 porro
920 1294 1304 1364 singularum,
1363 1313 1478 1350 una
1515 1313 1647 1350 cum
1689 1296 2038 1366 actionibus,

395 1400 510 1455 quo
535 1401 626 1439 res
651 1384 858 1439 melius
891 1383 1307 1455 intelligantur,
1341 1384 1756 1456 descripturus.

467 1478 518 1528 6.
553 1472 744 1528 Prima
771 1473 899 1528 ideo
931 1473 1189 1544 synodus
1223 1473 1569 1529 universalis
1602 1476 1756 1545 apud
1789 1473 2039 1530 Nicaeam

393 1562 678 1632 Bithyniae
737 1561 1025 1616 civitatem
1085 1567 1282 1616 coacta
1341 1563 1468 1617 fuit.
1520 1564 1918 1620 Convenerant
1973 1581 2038 1620 eo

393 1651 637 1706 trecenti
670 1651 869 1705 decem
897 1655 953 1706 et
983 1655 1110 1706 octo
1143 1652 1242 1706 Dei
1287 1653 1614 1707 sacerdotes
1657 1671 1669 1708 :
1704 1655 1773 1707 de
1804 1655 2039 1708 veritate

387 1738 682 1809 judicium
744 1737 948 1792 latum.
1017 1740 1194 1794 Erant
1258 1739 1427 1795 istius
1495 1747 1670 1796 cactus
1728 1742 2038 1812 principes,

2151 573 2296 644 δους,
2329 577 2424 638 τὰς
2461 576 2556 648 μὲν
2590 574 2664 635 ὠς
2715 572 3098 647 διδασκάλους,
3137 579 3232 637 τὰς
3268 573 3325 630 δὲ
3361 578 3436 639 ὼς
3469 579 3807 654 προμάχους

2147 672 2245 733 τῆς
2296 660 2565 726 εὐσεϐείας
2618 661 2900 739 ἀποδέχου
2950 665 3040 719 καὶ
3072 665 3311 740 περίεπε.
3357 669 3435 720 Δι’
3479 666 3656 720 αὐτῶν
3699 668 3805 740 γὰρ

2149 759 2293 808 πᾶσα
2344 756 2672 826 καινοτομία
2732 755 2825 808 καὶ
2884 753 3089 830 αἶ’ρεσις
3154 753 3560 810 ἀπελαύνεται·
3619 757 3685 811 τὸ
3749 754 3810 810 δὲ

2149 849 2247 910 τῆς
2288 841 2606 916 ὀρθοδοξίας
2658 844 2932 916 ἀκήρατον
2981 844 3072 898 καί
3113 841 3626 919 ἁρχαιοπαράδοτον
3662 844 3809 922 φρόο

2147 952 2304 1004 νημα
2350 937 2468 995 ταῖς
2525 928 2898 986 εὐσεϐούντων
2953 935 3160 1008 ψυχαῖς
3218 932 3293 995 εἷς
3334 930 3652 987 ἀδίστακτον
3713 953 3806 987 σε-

2151 1015 2498 1093 ϐασμιότητα
2552 1018 2951 1095 καθιδρύνεται,
3001 1026 3093 1074 Ὠν
3139 1021 3460 1096 ἀπάρχομαι
3508 1023 3607 1090 τὴν
3657 1023 3809 1100 ἀφή-

2151 1130 2334 1185 γησιν,
2393 1110 2482 1164 καὶ
2547 1111 2734 1176 τόπον,
2791 1109 2881 1164 καὶ
2939 1109 3170 1184 ἀριθμὸν
3231 1114 3328 1165 τοῦ
3379 1110 3649 1180 πλήθους,
3713 1113 3810 1164 καὶ

2149 1197 2276 1259 τοὺς
2359 1198 2649 1273 ἀρχηγοὺς
2728 1198 2979 1268 ἑκάστης,
3074 1199 3237 1272 χάριν
3325 1198 3609 1272 εὐμαθίας,
3679 1204 3811 1261 ταῖς

2153 1287 2380 1350 οἰκείαις
2423 1288 2969 1356 συνυποτυπούμενος
3001 1303 3028 1343 8
3057 1289 3333 1363 πράξεσιν.

2223 1469 2286 1531 ς’.
2328 1469 2389 1522 Ἡ
2433 1467 2613 1522 τοίνυν
2660 1467 2854 1541 πρώτη
2904 1467 2995 1522 καὶ
3047 1467 3407 1541 οἰκουμενική
3459 1467 3589 1542 ἁγία
3635 1469 3806 1521 σύνο-

2156 1554 2268 1626 δος,
2301 1556 2355 1611 ἐν
2385 1561 2452 1630 τῇ
2486 1558 2620 1612 κατά
2653 1557 2895 1612 Βιθυνίαν
2949 1559 3152 1628 Νικαίᾳ
3184 1559 3556 1630 συνεκροτήθη
3593 1577 3605 1590 ’
3653 1557 3807 1611 ὀκτὼ

2153 1647 2244 1700 καὶ
2296 1645 2420 1700 δέκα
2480 1647 2538 1700 δὲ
2583 1647 2891 1721 τριακόσιοι
2923 1649 3059 1720 (11),
3110 1645 3265 1701 θείων
3318 1646 3621 1722 ἀρχιερέων
3663 1648 3808 1718 ὁμή-

2157 1755 2336 1811 γυρις,
2387 1737 2484 1804 τὴν
2541 1742 2641 1805 τῆς
2696 1733 2956 1804 ἀληθείας
3005 1735 3182 1811 κρίσιν
3238 1733 3662 1810 ἐνεχειρίζοντο.
3707 1737 3810 1789 Ὧν

397 1826 723 1882 Alexander
745 1826 1464 1897 Constantinopolitanum
1491 1831 2042 1903 archiepiscopalem

2159 1825 2294 1893 ἦσαν
2341 1827 2698 1902 προέχοντες,
2743 1822 3101 1899 Ἀλέξανδρός
3129 1846 3209 1894 τε,
3255 1825 3283 1878 ὁ
3312 1824 3403 1879 τὸν
3455 1830 3811 1880 Κωνσταντι-

397 1915 680 1970 thronum
748 1917 986 1970 sortitus
1049 1918 1570 1973 administrandum
1626 1925 1774 1989 (erat
1816 1919 1915 1974 ille
1966 1920 2050 1975 vir

401 2004 688 2074 profunda
724 2004 956 2075 quidem
999 2007 1229 2073 canitie,
1277 2012 1334 2061 et
1375 2007 1668 2062 consimili
1708 2009 2038 2079 prudentia,

403 2093 786 2160 venerabilis;
813 2093 1123 2164 plurimam
1157 2111 1326 2164 porro
1349 2096 1654 2164 possidens
1681 2099 1832 2166 apud
1866 2097 2048 2153 Deum

405 2181 702 2249 ﬁduciam,
738 2192 969 2253 propter
1007 2183 1134 2239 vitae
1163 2185 1556 2255 splendorem,
1590 2187 1788 2243 anima
1827 2189 2048 2245 sancti-

405 2271 689 2340 moniam,
723 2277 779 2327 et
805 2277 1136 2328 accuratam
1170 2275 1303 2329 fidei
1339 2276 1781 2348 professionem)
1819 2280 1836 2331 ε’
1866 2280 1959 2332 sed
1993 2282 2050 2332 et

403 2360 647 2432 insuper
673 2361 949 2416 Silvester
980 2367 1152 2431 atque
1181 2363 1372 2419 Julius
1395 2365 1653 2436 insignes
1684 2366 1767 2420 illi
1800 2367 2046 2422 celeber-

404 2449 654 2520 rimique
686 2449 955 2504 Romanae
998 2450 1268 2506 Ecclesiae
1309 2453 1605 2521 praesules,
1629 2459 1825 2508 neuter
1849 2460 2045 2510 tamen

406 2555 605 2594 eorum
642 2538 1022 2608 personaliter
1052 2557 1322 2608 praesens,
1355 2542 1596 2597 aderant
1630 2544 1764 2598 :sed
1805 2549 2046 2616 uterque

405 2643 514 2682 sua
542 2627 684 2694 vice,
718 2628 808 2683 sui
843 2629 1216 2698 pontiﬁcatus
1253 2636 1532 2702 tempore,
1573 2633 1769 2689 Vitum
1810 2639 1866 2689 et
1900 2634 2033 2690 Vin-

403 2716 682 2782 centium,
707 2717 1009 2771 communi
1042 2716 1124 2771 illi
1157 2720 1455 2774 consessui
1487 2721 1692 2776 adesse
1718 2723 2043 2791 jusserunt,

403 2804 665 2860 homines
697 2805 910 2862 virtute
942 2807 1234 2877 praeditos,
1268 2807 1483 2879 quique
1505 2810 1575 2864 ad
1610 2812 2046 2882 presbyteratus

399 2894 740 2963 dignitatem
775 2896 1158 2951 ascenderant
1190 2913 1361 2952 :cum
1397 2898 1607 2968 quibus
1655 2904 1711 2954 et
1767 2901 2045 2955 Cordubae

405 2983 716 3054 episcopus
749 2984 1004 3054 (Hosius)
1035 2985 1364 3040 sociabatur
1387 3005 1400 3052 ;
1423 2988 1518 3054 qui
1553 3003 1652 3057 per
1681 2989 2048 3059 Paganorum

405 3073 840 3142 persecutiones
880 3090 1088 3130 nomen
1118 3075 1230 3130 sibi
1265 3077 1544 3131 veraciter
1569 3077 1912 3148 impositum
1956 3080 2049 3133 de-

2159 1914 2474 1976 νουπόλειυς
2525 1915 2910 1991 ἀρχιερατικὸν
2969 1914 3156 1989 θρόνον
3210 1912 3401 1988 λαχὼν
3456 1911 3758 1969 διευθύνειν
3795 1933 3811 1946 °

2160 2005 2292 2076 ἀνὴρ
2343 2003 2527 2077 βαθείᾳ
2563 2005 2656 2074 μὲν
2708 2001 2900 2073 πολιᾷ,
2951 2002 3324 2076 παραπλησίῳ
3355 2000 3412 2057 δὲ
3466 2006 3817 2079 φρονήματι,

2160 2091 2581 2164 σεμνυνόμενος,
2619 2093 2742 2167 βίου
2775 2090 2829 2146 δὲ
2873 2089 3226 2166 λαμπρότητι
3265 2091 3355 2146 καὶ
3387 2093 3640 2162 ὁσιότητι
3671 2094 3817 2167 γνώ-

2159 2202 2267 2253 μης
2319 2183 2408 2235 καὶ
2461 2181 2693 2241 πίστεως
2725 2177 2977 2256 ἀκριϐείᾳ
3018 2182 3118 2250 τήν
3170 2180 3244 2242 εἷς
3293 2182 3354 2234 τὸ
3395 2183 3538 2235 θεῖον
3592 2179 3813 2256 παρῥη-

2157 2268 2271 2322 σίαν
2324 2267 2542 2337 πολλὴν
2581 2267 2950 2341 οἷ’κειοόμενος
2985 2286 2997 2298 ’
3046 2267 3136 2322 καὶ
3184 2266 3251 2339 δὴ
3299 2270 3389 2322 καὶ
3446 2264 3809 2343 Σίλϐεστρος,

2153 2358 2242 2412 καὶ
2327 2357 2580 2427 Ἰούλιος,
2665 2365 2766 2427 τῆς
2862 2356 3174 2432 Ῥωμαΐκῆς
3269 2357 3602 2429 Ἐκκλησίας
3689 2359 3812 2432 (12)

2155 2447 2419 2518 ἐπίσημοί
2463 2468 2521 2502 τε
2579 2448 2667 2502 καὶ
2723 2443 3007 2517 διαϐόητοι
3067 2444 3327 2522 πρόεδροι
3387 2467 3400 2480 ·
3461 2447 3642 2502 αὐτῶν
3706 2448 3807 2520 μὲν

2156 2533 2438 2611 οὐδέτερος
2501 2538 2899 2611 παραγεγονώς.
2963 2534 3173 2593 Βίτωνα
3239 2533 3298 2590 δὲ
3353 2535 3442 2590 καὶ
3503 2537 3808 2608 Βικὲντιον,

2155 2627 2406 2699 ἑκάτερος
2453 2626 2565 2681 ἀνθ’
2618 2628 2832 2694 ἑαυτοῦ,
2872 2627 3008 2682 κατὰ
3063 2627 3157 2681 τὸν
3213 2625 3411 2680 οἰκεῖον
3467 2632 3568 2695 τῆς
3615 2627 3807 2700 ἀρχιε-

2156 2718 2371 2791 ρατείας
2421 2718 2643 2793 χρόνον,
2693 2723 2762 2792 τῇ
2803 2721 2961 2791 κοινῇ
3011 2722 3262 2792 παρεῖναι
3309 2715 3616 2772 συνελεύσει
3665 2739 3810 2793 προ-

2156 2802 2527 2880 ϐαλλόμενοι,
2561 2807 2884 2880 ἀνθρώπους
2930 2807 3126 2880 ἀρετὴν
3159 2811 3458 2878 τιμῶντας,
3489 2807 3580 2860 καί
3633 2805 3713 2868 εἷς
3744 2807 3810 2860 τὸ

2160 2899 2256 2949 τοῦ
2307 2891 2697 2969 πρεσϐυτερίου
2748 2897 2959 2969 ἀξίωμα
3015 2893 3514 2972 παραγγέλλοντας.
3559 2897 3655 2956 Οἷς
3717 2897 3816 2949 καὶ

2161 2985 2188 3038 ὁ
2223 2980 2542 3059 Κορδοόϐης
2589 2984 2916 3048 Ἐπίσκοπος
2948 2985 3290 3040 συνετέτακτο
3324 3002 3337 3016 ⁸
3386 2986 3442 3046 ὃς
3490 2985 3627 3037 κατά
3667 2985 3812 3045 τοὺς

2161 3073 2526 3145 Ἑλληνικοὺς
2587 3071 2868 3150 διωγμοὺς
2935 3075 3032 3142 τὴν
3089 3071 3287 3144 κλῆσιν
3361 3071 3807 3141 ἐπα).ηθεῦουσαν

401 3159 724 3218 claraverat
757 3179 769 3217 :
805 3163 1011 3218 Hosius
1041 3163 1198 3219 enim
1229 3165 1292 3235 (i.
1333 3181 1383 3220 e.
1419 3170 1679 3233 sanctus)
1712 3167 2042 3224 nominatus

2159 3137 2372 3236 ἔδειξεν.
2419 3165 2603 3225 Ὅσιος
2672 3137 2777 3238 γάρ
2844 3137 3251 3236 ὀνομαζόμενος
3307 3137 3580 3232 ἀϐέϐηλον
3634 3159 3811 3216 αἱ)τοῦ

397 3265 607 3319 puram
649 3256 706 3306 et
745 3256 1011 3307 sanctam
1056 3253 1477 3323 professionem
1527 3272 1561 3310 a
1591 3255 1749 3310 cultu
1800 3255 2042 3312 idolola-

394 3338 541 3394 trico
572 3345 961 3396 conservarat.

467 3427 520 3480 7.
549 3429 764 3484 Aderat
811 3430 988 3485 etiam
1040 3437 1095 3487 et
1141 3430 1504 3488 Alexandria:
1555 3435 1861 3507 episcopus
1907 3435 2045 3490 Ale-

394 3515 635 3586 xander,
665 3516 752 3570 vir
783 3518 957 3573 rebus
981 3523 1180 3574 sancte
1203 3525 1258 3574 et
1280 3521 1551 3591 praeclare
1567 3524 1749 3592 gestis
1771 3524 2041 3580 eximius.

391 3605 648 3660 Adduxit
685 3605 781 3660 ille
830 3623 1030 3663 secum
1073 3608 1510 3666 colluctatorem
1556 3618 1612 3668 et
1641 3613 2041 3682 Athanasium,

398 3693 500 3765 qui
531 3698 668 3749 tunc
693 3693 1070 3752 diaconorum
1114 3698 1474 3768 primicerius
1505 3706 1645 3772 erat,
1695 3706 1826 3774 post
1872 3703 2043 3774 paulo

2153 3253 2250 3322 τὴν
2285 3253 2587 3327 ὁμολογίαν
2620 3259 2720 3322 τῆς
2753 3249 3048 3321 εἰδωλικῆς
3088 3250 3342 3327 λατρείας
3383 3249 3729 3326 διετήρησεν.

2228 3434 2288 3501 ζ’.
2348 3435 2406 3486 Ὀ
2475 3432 2662 3504 μέντοι
2724 3428 3130 3507 Ἀλεξανδρείας
3190 3427 3572 3504 Ἀλέξανδρος,
3632 3431 3797 3491 αὐτὸς

2150 3542 2208 3576 τε
2257 3528 2434 3595 παρῆν
2491 3521 2656 3594 ἱεροῖς
2709 3520 2762 3574 ἐν
2815 3518 3127 3594 διαπρέπων
3177 3522 3598 3594 καθορθώμασιν
3634 3539 3653 3557 ο
3701 3519 3802 3593 ἦγε

2154 3609 2212 3666 δὲ
2243 3614 2635 3688 συναγωνιστὴν
2678 3613 2851 3683 ἑαυτῷ
2891 3612 2980 3665 καὶ
3027 3613 3368 3680 Ἀθανάσιον,
3420 3611 3478 3672 ὃς
3521 3611 3652 3665 τότε
3706 3611 3800 3682 μὲν

2153 3705 2250 3756 τοῦ
2279 3702 2557 3776 τάγματος
2587 3704 2693 3756 τῶν
2728 3698 2992 3756 διακόνων
3020 3702 3206 3774 ἡγεῖτο
3240 3719 3252 3732 ·
3292 3701 3410 3772 μετ’
3445 3699 3509 3754 οὗ
3542 3697 3696 3754 πολὺ
3726 3697 3806 3770 δὲ,

1745 3800 1990 3857 νΑΗΙλΕ
2032 3801 2445 3859 LECTIONES.

469 3878 496 3920 ε
521 3860 673 3920 Ton...
705 3883 848 3928 νους.

1977 3963 2211 4020 NOT/E.

619 4043 685 4122 ᾯ
713 4044 881 4122 καλὸν
938 4045 1160 4122 ἄγαλμα
1215 4052 1322 4103 τῶν
1380 4048 1525 4121 ἐμῶν
1586 4049 1788 4109 πόνων.
1846 4052 2045 4109 Simile

405 4125 496 4196 est
526 4117 691 4196 illud,
725 4123 797 4196 et
830 4117 999 4196 plane
1028 4117 1373 4192 genuinum,
1407 4117 1466 4178 in
1517 4124 1655 4196 ﬁne,
1679 4123 2041 4196 παραινέσεως

403 4188 574 4268 istius
613 4187 674 4268 ,ὦ
733 4187 845 4268 τῶν
900 4187 1058 4261 ἐμῶν
1104 4187 1482 4262 πνευματικῶν
1556 4187 1767 4248 ὠδίνων
1833 4194 2042 4268 εὐγενὲς

401 4259 491 4338 καὶ
514 4261 742 4338 ’γνήσιον
775 4259 1461 4334 γέννη’μα.ουιιεὶῬὸοῒίο
1486 4269 1838 4334 ρτωᾶὶοιωιθ
1869 4259 2045 4338 Βόςει-

406 4333 490 4385 ris
511 4332 605 4386 ille
619 4332 1000 4400 Bulgarorum
1021 4338 1287 4402 princeps
1303 4338 1369 4388 ad
1392 4332 1562 4390 fidem
1587 4355 1892 4393 conversus
1909 4332 2044 4395 fuis-

403 4402 680 4466 εει.ουοά
696 4386 806 4456 υἷι]
827 4386 1033 4466 ita,sed
1051 4403 1145 4455 illo
1162 4386 1421 4458 fortassis
1447 4417 1786 4472 procurante
1807 4386 2042 4466 modum
2077 4386 2122 4446 D

402 4474 1020 4550 conversionisﬁefert
1036 4474 1185 4527 enim
1209 4477 1467 4550 Joannes
1491 4477 1865 4547 CurOpalales
1888 4484 2040 4550 apud

402 4545 716 4619 ﬂaronium
739 4543 897 4610 (nam
926 4560 1102 4619 penes
1127 4560 1217 4619 me
1245 4544 1390 4599 liber
1412 4564 1526 4600 non
1550 4543 1680 4619 est),
1708 4550 1812 4605 hoc
1837 4543 2037 4608 modo:

401 4615 681 4694 ξζινιεξριέ
710 4631 864 4694 soror
903 4617 1117 4694 captiva
1169 4615 1651 4688 ContantinOpoliri
1680 4621 1936 4692 adducta,
1983 4626 2042 4694 ﬁt

405 4685 728 4740 Christiana
747 4704 767 4748 ;
787 4693 838 4743 et
859 4698 1043 4759 postea
1071 4687 1296 4743 domum
1326 4685 1738 4760 reversafratri
1770 4685 2044 4750 Christia-

402 4771 601 4810 norum
629 4763 952 4837 mysterium
982 4760 1356 4837 commendat,
1376 4766 1427 4837 et
1458 4763 1588 4837 ﬁdei
1613 4779 1806 4837 semen
1838 4768 1896 4820 in
1925 4769 2041 4837 ejus

404 4831 1020 4907 cerspargz't.Cumqu_e
1038 4836 1310 4907 deinceps
1324 4833 1557 4905 Bulgari
1573 4836 1644 4890 ob
1659 4837 1874 4907 ingenti
1895 4831 2042 4895 fame

405 4908 834 4980 premerentur,
863 4905 932 4980 ad
969 4905 1147 4980 Deum
1197 4905 1659 4980 Christianorum
1698 4905 1797 4978 per
1841 4925 2040 4979 preces

405 4976 676 5048 princeps
698 4976 978 5047 confugit,
1004 4977 1176 5048 idque
1200 4979 1360 5047 genti
1383 4978 1493 5033 sibi
1528 4976 1864 5044 subditaa,ut
1888 4981 2041 5038 face-

406 5047 557 5110 rent,
590 5045 855 5120 imperat.
881 5045 1468 5118 impetrato—auxilio,
1496 5051 1552 5104 fit
1586 5051 2044 5120 Christianus,et

405 5129 507 5184 per
532 5115 892 5193 episcopum,
928 5115 1016 5193 ob
1046 5120 1099 5173 id
1154 5121 1426 5189 missum,
1457 5115 1825 5193 baptizatur.
1880 5115 2040 5187 Quod

405 5201 472 5239 cu
485 5201 534 5239 m
557 5185 750 5264 Photii
774 5185 1074 5264 auspiciis,
1094 5194 1150 5264 e_t
1173 5208 1272 5264 per
1287 5185 1829 5261 ejus'aucl'oritatem
1856 5185 2040 5264 fieret,

406 5261 798 5341 utpote-quod,
825 5268 980 5341 esset
1011 5262 1071 5341 P_.
1105 5261 1390 5341 C.,‘illum
1425 5265 1505 5319 ita
1553 5274 1738 5332 vocat,
1773 5271 1892 5320 tum
1923 5261 2040 5341 γένὲ

403 5347 575 5406 νημα,
607 5327 734 5406 tum
769 5327 1170 5406 divulgatum
1201 5333 1416 5406 θρέμμα
1449 5352 1644 5392 suum.

477 5401 584 5483 (11)
625 5401 973 5483 Legendum,
995 5402 1152 5483 exui)
1184 5401 1272 5456 κάι
1299 5401 1547 5483 δέκα-καί
1578 5409 1910 5483 τριακόσιοι.
1936 5415 2042 5467 Tot

405 5475 582 5552 enim,
618 5475 1178 5552 q_u_od_potissimum
1225 5483 1333 5548 est,
1359 5475 1623 5552 episcopi
1656 5492 2043 5540 convenerant

404 5545 461 5599 in
495 5545 742 5601 concilio
773 5545 1025 5603 Nicteno.

480 5618 590 5701 (12)
621 5616 738 5701 Καὶ.
772 5613 829 5701 δὲ
876 5617 964 5672 καὶ
999 5611 1344 5701 ,ἓίλδεεὶῖρος
1399 5623 1502 5687 τῆς
1557 5623 1870 5701 Ῥευιέᾳζίκῆς
1921 5625 2042 5680 Ἐκ-

406 5685 660 5758 κλησίας.
696 5689 823 5748 Vult
846 5691 1158 5749 concilium
1203 5685 1497 5751 Nicaenum
1538 5697 1648 5752 sub
1669 5685 1957 5755 'Silve'stro
1987 5702 2045 5754 et

2152 4051 2308 4107 Julio
2322 4051 2564 4107 celebrat
2578 4069 2705 4108 um:
2732 4053 2884 4124 quod
2907 4057 2993 4108 est
3014 4051 3631 4124 falsissimum..lulius
3647 4052 3806 4124 enim

2155 4125 2438 4178 successit
2469 4123 2789 4180 Silvestre:
2822 4130 2879 4179 at
2908 4125 3187 4180 Silvester
3208 4123 3455 4179 concilio
3487 4123 3808 4194 supervixit

2157 4195 2350 4264 plures
2374 4211 2578 4249 annos.
2604 4196 2817 4250 Verum
2852 4213 2965 4250 non
2999 4196 3238 4251 Photius
3270 4195 3427 4251 solus
3460 4194 3622 4249 hunc
3643 4211 3802 4250 erro-

2157 4282 2277 4339 rem
2311 4270 2543 4339 erravit,
2567 4269 2667 4321 sed
2701 4273 2758 4322 et
2788 4272 2987 4339 auctor
3005 4267 3286 4339 Synopsis
3309 4267 3668 4339 synodorum
3703 4282 3807 4337 per

2156 4337 2544 4392 Hmschelium
2579 4339 2794 4394 editus.
2830 4342 2895 4392 Et
2926 4336 3093 4393 illum
3145 4336 3398 4394 errorem
3432 4336 3619 4392 altero
3651 4336 3804 4392 insi-

2155 4409 2342 4480 gniori
2365 4415 2553 4480 auget,
2584 4411 2684 4480 qui
2717 4409 2942 4465 decimo
2964 4409 3332 4465 Constantini
3355 4426 3512 4464 anno
3544 4409 3806 4480 affirmat

2154 4479 2466 4536 concilium
2501 4479 2872 4535 celebratum.
2925 4482 3062 4537 Hcec
3093 4485 3246 4536 enim
3282 4482 3365 4535 ait
3398 4498 3433 4548 :7
3460 4481 3556 4532 Καὶ
3611 4480 3647 4547 ἠ
3707 4479 3801 4548 μὲν

2153 4551 2344 4626 πρώτη
2408 4548 2631 4626 σόν-οδος
2681 4553 2892 4626 γέγονεν
2923 4550 2998 4626 ’ἓν
3046 4552 3247 4621 Νικαίᾳ
3293 4555 3372 4626 τῶ
3422 4547 3655 4626 δεκάτῳᾳ
3687 4547 3806 4626 ’ἔτει

2154 4619 2255 4698 τῆς
2274 4619 2575 4698 Δβασιλείας
2615 4619 3040 4698 Δξζιιυνλσταντίνου
3072 4627 3168 4678 τοῦ
3220 4619 3466 4698 μεγάλου,
3508 4619 3804 4698 βασιλέως,

2151 4687 2219 4766 ὃς
2241 4687 2581 4766 ἐϐασίλευσεν
2613 4689 2706 4763 ἔτη
2744 4693 2851 4764 λη’.
2886 4697 3048 4760 Quod
3083 4687 3399 4766 utrumque
3443 4687 3659 4750 falsum
3693 4687 3804 4766 est,

2155 4765 2407 4839 ὑπῆρχον
2441 4762 2499 4818 δὲ
2528 4762 2753 4838 πατέρες
2782 4762 2849 4825 τ“.
2887 4773 2936 4823 ι’.
2979 4773 3046 4836 η’.
3080 4762 3321 4838 δγῐιοάό
3354 4767 3676 4839 principem
3715 4765 3806 4821 lo-

2153 4855 2284 4893 cum
2335 4838 2660 4893 obtinuisse
2703 4840 2778 4894 ibi
2825 4841 3097 4894 dicuntur
3145 4838 3420 4894 Silvester
3473 4838 3804 4904 Romanus,

2152 4909 2479 4982 Alexander
2497 4911 3193 4982 constantinopolitanus,
3207 4909 3802 4982 AlexanderAlexan-

2153 4981 2312 5044 ἀπίω,
2347 4981 2688 5036 Eustathius
2717 4981 3056 5048 Antiochiae,
3107 4991 3161 5036 et
3192 4983 3476 5036 Macarius
3528 4981 3804 5036 Hieroso-

2153 5051 2496 5122 lymitanus,
2557 5055 2862 5123 episcopi:
2923 5054 3222 5120 Sozomen,
3259 5053 3356 5106 lib.
3419 5069 3455 5117 i,
3521 5053 3801 5123 oapxiﬁ,

2150 5121 2373 5178 J’ulium
2411 5121 2695 5195 suggerit.
2731 5121 2895 5188 Quod
2944 5131 3000 5179 et
3030 5125 3222 5194 ipsum
3249 5124 3488 5195 falsum
3522 5128 3630 5178 est.
3675 5121 3804 5176 Ibi-

2153 5195 2308 5260 dem,
2361 5192 2566 5247 Βίτωνᾶ
2595 5192 2684 5248 καί
2733 5194 3026 5249 Βικὲντιον.
3057 5192 3191 5250 Vult
3215 5193 3412 5249 Vitum
3461 5199 3521 5249 et
3550 5197 3806 5249 Vincen-

2151 5269 2299 5321 tium
2328 5283 2340 5320 :
2371 5269 2469 5321 sed
2503 5271 2682 5322 Graeci
2716 5269 2878 5323 facile
2916 5282 3108 5322 errare
3135 5265 3326 5321 solent
3364 5265 3422 5320 in
3456 5267 3806 5322 nominibus

2156 5338 2396 5410 Latinis,
2431 5341 2595 5410 Apud
2631 5340 2856 5410 Sozom.
2901 5333 3437 5410 legimus,_'lodhoc
3499 5333 3557 5390 δὲ
3587 5337 3616 5390 ὁ
3661 5339 3806 5389 Ῥω-

2202 5409 2330 5461 αίων
2382 5405 2695 5481 ἐπίσκοπος,
2731 5407 2820 5464 διὰ
2845 5405 3016 5481 γῆρᾶς
3065 5405 3497 5481 ἂπελιμποὶνετο,
3547 5413 3803 5481 παρῆσαν

2202 5429 2330 5461 αιων
2382 5429 2695 5475 επισκοπος,
2731 5429 2820 5464 οια
2845 5429 3016 5481 γηρας
3065 5429 3497 5479 απεΑιμπανετο,
3547 5429 3803 5480 παρησαν

2156 5429 2212 5534 iis
2251 5481 2359 5534 ἀντ’
2409 5479 2574 5549 αὐτοῦ
2615 5486 2835 5536 Βιτωτῶ
2893 5479 3191 5545 Βικέντιος,
3234 5485 3334 5547 τῆς
3385 5478 3556 5548 αὐτῆς
3603 5477 3812 5549 ἐκκληο

2155 5552 2271 5613 σίας
2303 5548 2680 5627 πρεσϐύτεροι.
2735 5555 2936 5625 Inepta
2963 5552 3128 5610 lectio
3175 5557 3258 5608 est
3286 5554 3512 5606 Βιτωτῶ
3539 5569 3553 5619 ;
3603 5548 3808 5624 legen-

2152 5627 2294 5682 dum
2321 5625 2569 5682 Βίτωντε.
