4090 6228
332 357 458 420 633

1584 358 2136 423 EPISTOLARUM
2182 361 2412 422 LIBER
2457 362 2506 422 Ι.

3627 359 3747 422 634

336 493 554 548 καὶτοῦ
601 494 994 568 ἀρχιερατικοῦ
1045 495 1235 569 θρόνου
1284 493 1512 565 κατέστη
1565 494 1847 571 διάδοχος.
1884 495 1983 550 Ναὶ

2102 503 2294 554 autem
2355 500 2413 553 in
2463 498 2946 570 archiepiscopali
3006 499 3215 555 throno
3259 514 3582 555 successor.
3622 499 3749 556 Una

338 581 408 653 δὴ
452 584 546 637 καὶ
580 585 610 637 6
647 582 862 645 κλεινὸς
917 583 1214 646 Εὐστάθιος
1261 592 1574 659 συμπαρῆν,
1625 592 1728 654 τῆς
1780 589 1992 640 Ἀντιο-

339 673 486 747 χέων
561 672 859 743 ἒκκλησίας
934 672 996 728 τὸ
1083 673 1546 748 έγκαλλώπισμα,
1613 673 1812 736 πίσεως
1890 674 1987 746 μὲν

340 763 720 836 ἐναστράπτων
779 761 1130 836 καθαρότητι,
1186 762 1367 840 λόγων
1429 761 1486 817 δὲ
1538 763 1629 817 καὶ
1687 763 1980 835 νοημάτων

337 850 663 929 σωφροσύνῃ
707 847 1145 924 θαυμαζόμενος.
1201 855 1333 908 Μεθ’
1390 854 1463 906 ὧν
1521 854 1607 906 καὶ
1671 854 1698 906 6
1751 856 1983 928 Ἱεροσο-

335 941 536 1014 λύμων
597 942 894 1015 Μακάριος,
950 940 1190 1005 πολλαῖς
1259 939 1427 1003 ἰδέαις
1487 945 1690 1017 ἂρετῶν
1771 941 1988 996 ένευθυ-

335 1032 600 1105 νούμενος
632 1049 647 1062 °
681 1029 853 1085 ἄλλοι
881 1050 938 1085 τε
970 1031 1220 1086 πλεῖστοι
1253 1029 1646 1092 ἄποστολικοῖς
1680 1031 1986 1105 χαρίσμασι

335 1121 430 1175 καὶ
484 1125 840 1195 μαρτυρικοῖς
897 1121 1185 1193 παθήμασι
1245 1117 1690 1193 διαλάμποντεςη
1722 1122 1813 1174 Ὠν
1875 1127 1984 1174 Πα-

337 1210 619 1288 φνούτιος,
651 1209 741 1264 καὶ
792 1205 1127 1284 Σπυριδίων,
1159 1205 1419 1270 Ἰάκωϐός
1461 1230 1541 1278 τε,
1571 1210 1663 1264 καὶ
1710 1210 1979 1281 Μάξιμος,

339 1297 546 1374 ἄγαθοῦ
594 1299 684 1354 καὶ
734 1299 1038 1372 θαυμασίου
1087 1301 1434 1372 συστήματος
1477 1301 1668 1372 ἀγαθοὶ
1712 1298 1802 1353 καὶ
1855 1301 1982 1352 θαυ·

343 1389 536 1462 μάσιοι
602 1389 981 1463 πρωτοστάται
1041 1387 1420 1464 ἐγνωρίςοντο.
1484 1388 1600 1466 Ἐφ’
1677 1390 1759 1449 οἷς
1837 1387 1984 1442 ἅπα-

341 1499 450 1550 σιν,
481 1478 572 1532 καὶ
604 1479 632 1532 6
685 1478 854 1552 μέγας
902 1476 992 1532 καὶ
1043 1476 1360 1553 ἀξιάγαστος
1410 1483 1832 1547 Κωνσταντῖνος,
1879 1484 1982 1546 τῆς

337 1569 660 1639 Ῥωμαϊκῆς
716 1566 898 1642 ἀρχῆς
963 1567 1160 1620 ἰθύνων
1223 1568 1290 1622 τὰ
1367 1568 1636 1641 σκῆπτρα,
1708 1564 1982 1640 διέπρεπε,

335 1659 436 1728 τήν
464 1678 520 1712 τε
559 1653 781 1711 σύνοδον
831 1655 1128 1730 ἀθροίζων,
1169 1657 1259 1710 καὶ
1308 1655 1698 1730 λαμπροτέραν
1729 1655 1797 1730 τῇ
1847 1676 1988 1731 παρ-

337 1745 502 1821 φυσίᾳ
531 1744 1003 1822 ἀπεργαζόμενος.

2107 604 2340 660 quoque
2390 590 2588 644 aderat
2633 595 2691 645 et
2735 589 2978 644 illustris
3027 589 3125 644 ille
3172 589 3530 655 Eustathius,
3571 590 3748 645 decus

2103 677 2471 733 Antiochense
2523 677 2786 733 Ecclesia
2837 677 3148 748 singulare,
3201 677 3299 748 qui
3348 681 3583 748 propter
3613 678 3747 732 ﬁdei

2099 765 2412 836 puritatem
2476 766 2719 822 celebris
2779 767 3124 833 habebatur,
3177 771 3412 837 propter
3472 766 3749 821 orationis

2097 859 2154 910 et
2203 856 2412 926 judicii
2463 856 2793 912 castitatem
2849 860 2974 911 erat
3029 856 3299 910 omnibus
3348 855 3742 910 admirationi.

2097 947 2240 1000 Cum
2257 945 2374 1000 illis
2388 946 2586 1001 aderat
2600 951 2657 1000 et
2671 945 2960 1001 Macarius
2974 943 3532 1016 Hierosolymitanus
3548 945 3748 1000 multis

2096 1035 2374 1090 virtutum
2421 1035 2730 1106 generibus
2777 1039 2926 1090 recte
2971 1033 3384 1089 conformatus.
3425 1033 3534 1088 Sed
3567 1038 3623 1090 et
3653 1033 3752 1088 alii

2097 1124 2169 1178 ab
2193 1123 2320 1178 istis
2341 1123 2530 1192 multi,
2553 1123 2723 1178 donis
2753 1122 3082 1194 apostolicis
3105 1127 3160 1178 et
3185 1128 3501 1194 martyrum
3528 1123 3750 1194 passio-

2100 1213 2272 1268 nibus
2318 1211 2618 1283 conspicui
2653 1227 2667 1266 :
2699 1211 2853 1267 inter
2890 1228 3038 1284 quos
3071 1211 3750 1282 censebanturPaphnu-

2101 1301 2234 1367 tius,
2267 1309 2322 1357 et
2353 1301 2686 1373 Spyridion,
2730 1301 2999 1366 Iacobus,
3032 1305 3089 1355 et
3119 1300 3432 1366 Maximus,
3465 1299 3566 1371 qui
3597 1315 3745 1372 prae-

2097 1391 2312 1446 stantis
2381 1390 2540 1446 illius
2605 1398 2657 1445 et
2705 1389 3031 1444 admirandi
3093 1394 3414 1444 conventus
3485 1387 3746 1460 prmelari

2098 1477 2336 1549 quidam
2384 1484 2442 1534 et
2493 1477 2811 1534 admirandi
2843 1479 3115 1533 ductores
3150 1483 3207 1533 et
3239 1477 3530 1548 principes
3567 1492 3747 1549 agno-

2095 1567 2423 1622 scebantur.
2458 1567 2600 1623 Cum
2633 1567 2760 1622 istis
2783 1583 2952 1638 porro
2983 1567 3258 1622 omnibus
3293 1582 3536 1638 magnus
3565 1565 3664 1620 ille
3691 1568 3746 1622 et

2098 1655 2304 1712 merito
2336 1657 2553 1728 dignus
2592 1657 2976 1711 admiratione
3023 1655 3465 1722 Constantinus,
3489 1655 3588 1725 qui
3622 1659 3745 1709 tum

2100 1745 2346 1801 Romani
2414 1745 2643 1816 imperii
2708 1753 2936 1816 sceptra
3004 1744 3436 1808 moderabatur,
3492 1758 3745 1813 praesens

337 1837 652 1892 eminebat.
689 1835 789 1892 llle
819 1843 1015 1892 autem
1058 1840 1114 1892 et
1143 1838 1427 1906 synodum
1462 1835 1623 1892 illam
1656 1841 2017 1902 convocarat,
2049 1844 2103 1892 et
2141 1853 2249 1892 sua
2277 1836 2463 1907 ipsius
2504 1835 2823 1906 praesentia,
2859 1844 2918 1890 ut
2956 1835 3294 1890 honoratior
3329 1837 3504 1900 esset,
3537 1833 3744 1889 effecit.

407 1925 477 1993 η’.
522 1920 681 1979 Ἀλλ’
726 1921 784 1978 ἐκ
839 1924 1110 1979 τοσούτων
1165 1925 1258 1996 μὲν
1310 1925 1400 1978 καὶ
1444 1923 1709 1978 τοιούτων
1759 1925 1786 1978 ὃ
1837 1923 1982 1998 ἱερὸς
2015 1933 2058 1996 Β

334 2013 541 2074 ἐκεῖνος
589 2011 875 2068 συνίστατο
929 2013 1224 2088 σύλλογος.
1275 2015 1490 2086 ηΑρειόν
1547 2035 1670 2068 τινα
1718 2033 1986 2088 νεωτερο-

335 2106 493 2160 ποιὸν
564 2100 878 2167 δυσσεϐείας
952 2102 1103 2166 δίκας
1156 2103 1234 2168 εἷς
1306 2104 1702 2180 πραττόμενος,
1759 2103 1850 2159 καὶ
1923 2105 1986 2159 τὸ

337 2193 703 2250 ἆποστολικὸν
758 2195 845 2249 καὶ
893 2198 1036 2248 θεῖον
1087 2193 1442 2268 κρατύνοντες
1481 2196 1762 2270 κήρυγμα.
1797 2195 1897 2249 Ἦν
1941 2191 1990 2247 δ’

338 2283 499 2345 οὗτος
534 2284 562 2338 ὁ
604 2281 844 2346 δείλαιος
891 2279 1069 2338 ἓῖλκων
1107 2283 1201 2356 μὲν
1247 2283 1309 2338 τὸ
1359 2285 1516 2358 γένος
1568 2283 1627 2338 ἐκ
1673 2290 1774 2352 τῆς
1825 2281 1988 2339 Ἀλε-

337 2369 592 2445 ξάνδρου,
643 2371 718 2432 εἷς
767 2369 977 2446 κλῆρον
1030 2369 1086 2426 δὲ
1133 2372 1448 2447 καταλεγεὶς
1491 2379 1592 2442 τῆς
1639 2371 1811 2427 ἐκεῖσε
1871 2377 1987 2426 Ἐκ-

339 2459 598 2531 κλησίας,
676 2463 766 2515 καὶ
843 2461 921 2522 εἷς
987 2457 1354 2536 πρεσϐυτέρου
1440 2462 1652 2536 βαθμὸν
1724 2461 1984 2530 ἀνελθὼν,

340 2549 609 2624 πρότερον
664 2551 758 2624 μὲν
811 2550 950 2605 κατά
992 2555 1088 2604 τοῦ
1135 2548 1273 2605 ἰδίου
1321 2551 1580 2624 ποιμένός
1640 2551 1984 2627 ὑπερήφανον

339 2635 571 2694 ἀνέλαϐε
620 2641 894 2716 φρόνημα,
947 2639 1148 2695 ἐκεῖθεν
1198 2638 1256 2694 δὲ
1297 2642 1432 2695 κατὰ
1478 2645 1576 2694 τοῦ
1622 2645 1810 2695 κοινοῦ
1858 2661 1984 2694 ποι-

343 2727 504 2802 μένος
563 2730 653 2784 καὶ
715 2729 986 2784 Δεσπότου
1043 2731 1316 2803 παρέτεινε
1371 2731 1469 2799 τῆν
1532 2729 1788 2784 ἀπόνοιαν
1823 2747 1836 2760 °
1889 2730 1981 2785 τὸν

343 2819 450 2895 γὰρ
488 2819 612 2874 Υἱὸν
681 2819 772 2874 καὶ
830 2817 1007 2894 Λόγον
1065 2823 1162 2874 τοῦ
1221 2822 1354 2874 Θεοῦ
1411 2816 1480 2890 (ὦ
1536 2822 1636 2884 τῆς
1691 2817 1981 2894 τολμηρᾶς

337 2906 552 2978 ἆκείνης
598 2907 688 2962 καὶ
737 2908 996 2984 γλώττης
1027 2909 1117 2963 καὶ
1170 2905 1405 2969 διανοίας
1430 2909 1468 2980 ί)
1517 2907 1593 2970 εἷς
1641 2908 1842 2982 κτίσμα
1893 2910 1982 2963 καὶ

336 2995 561 3070 ποίημα
616 2991 988 3067 κατεϐίϐαζεν,
1057 2994 1185 3052 οὐδὲ
1237 3001 1398 3052 τοῦτο
1457 2994 1688 3052 συνιδεῖν
1754 2996 1981 3069 ἐθέλων,

337 3086 522 3140 κοινὸν
576 3087 824 3161 ὑπάρχον
865 3091 994 3141 πᾶσι
1042 3086 1132 3142 καὶ
1181 3083 1571 3142 αὐτοδίδακτον
1621 3085 1976 3162 ὁμολόγημα,

341 3176 418 3235 ὡς
451 3176 589 3236 ἄπας
632 3177 756 3238 Υἱὸς
802 3183 904 3246 τῆς
933 3175 1099 3245 αὐτῆς
1129 3175 1240 3232 ἐστι
1289 3181 1368 3243 τῷ
1411 3177 1752 3253 γεγεννηκότι
1793 3175 1979 3239 οὐσίας

2163 1928 2214 1980 8.
2249 1925 2288 1980 E
2321 1930 2403 1980 tot
2450 1924 2632 1996 igitur
2677 1931 2732 1980 et
2780 1928 2897 1979 tam
2945 1923 3193 1995 egregiis
3243 1923 3383 1978 viris
3434 1939 3600 1978 sacra
3641 1921 3743 1977 illa

2095 2016 2350 2085 synodus
2382 2030 2513 2069 cum
2549 2018 2862 2082 constaret,
2895 2013 2965 2068 ab
2995 2014 3128 2068 Ario
3161 2013 3416 2084 quodam
3450 2012 3622 2067 rebus
3653 2011 3744 2066 in-

2097 2103 2379 2158 novandis
2397 2103 2592 2157 dedito
2614 2119 2813 2173 poenas
2836 2101 3116 2156 haeretica;
3134 2101 3434 2170 pravitatis
3452 2100 3740 2170 exigebat;

2095 2191 2471 2264 apostolicam
2505 2207 2570 2246 ac
2601 2191 2854 2246 divinam
2889 2196 3014 2245 tum
3047 2190 3347 2244 retinendo
3379 2193 3500 2242 tum
3533 2188 3744 2242 conﬁr-

2097 2281 2304 2336 mando
2329 2280 2676 2337 doctrinam.
2703 2281 2838 2335 Erat
2858 2283 3054 2334 autem
3077 2277 3252 2332 miser
3273 2277 3369 2333 ille
3409 2275 3742 2331 maledictus

2097 2369 2267 2424 Arius
2297 2369 2725 2424 Alexandrinus
2755 2372 2879 2422 ortu
2916 2383 2928 2419 :
2965 2367 3222 2437 quicum
3253 2365 3313 2420 in
3336 2364 3551 2420 clerum
3582 2363 3740 2418 illius

2097 2458 2363 2514 Ecclesia
2397 2458 2602 2512 fuisset
2626 2461 2945 2528 cooptatus,
2977 2459 3034 2510 et
3056 2456 3126 2510 ad
3153 2454 3467 2526 presbyteri
3491 2455 3739 2525 gradum

2096 2548 2479 2615 ascendisset,
2506 2546 2757 2616 primum
2779 2543 3124 2600 insolentius
3143 2560 3202 2598 se
3217 2548 3419 2598 contra
3439 2542 3737 2613 proprium

2097 2653 2264 2693 suum
2316 2640 2606 2707 pastorem
2658 2635 3060 2702 eﬂ'erebat;ut
3108 2632 3189 2687 ita
3220 2632 3494 2703 deinceps
3523 2631 3736 2686 fastum

2097 2743 2273 2784 suum
2305 2735 2356 2782 et
2388 2727 2679 2781 insaniam
2705 2726 2774 2780 ad
2811 2739 3183 2780 communem
3218 2729 3507 2794 pastorem
3537 2725 3594 2777 et
3615 2723 3735 2777 Do-

2095 2817 2320 2872 minum
2353 2832 2520 2886 porro
2554 2816 2917 2887 protenderet
2944 2831 2956 2868 :
2982 2813 3192 2870 Filium
3225 2828 3481 2884 namque
3502 2828 3568 2866 ac
3598 2815 3738 2866 Ver-

2095 2905 2235 2961 bum
2267 2905 2368 2960 Dei
2390 2905 2447 2977 (o
2479 2903 2932 2960 audacissimam
2961 2905 3086 2958 tum
3112 2902 3372 2972 linguam
3395 2906 3521 2955 tum
3553 2899 3729 2955 etiam

2095 2999 2346 3050 mentem
2373 2993 2421 3065 ι)
2452 2993 2525 3048 ad
2557 2997 2949 3048 creaturarum
2983 3007 3172 3061 usque
3204 2998 3257 3045 et
3284 3005 3478 3046 rerum
3522 2989 3734 3060 produ-

2088 3088 2313 3140 ctarum
2364 3088 2584 3139 statum
2633 3087 2690 3137 et
2733 3080 3125 3138 conditionem
3175 3079 3500 3149 dejiciebat.
3531 3081 3612 3134 Ac
3661 3094 3733 3133 ne

2088 3173 2230 3228 illud
2265 3173 2526 3244 quidem,
2550 3172 2705 3242 quod
2746 3176 2936 3225 tamen
2977 3184 3178 3224 omnes
3199 3184 3299 3238 per
3317 3183 3379 3223 se
3402 3166 3734 3237 intelligunt

337 3265 428 3319 καὶ
477 3265 686 3340 φύσεως
722 3285 734 3297 ·
775 3265 866 3320 καὶ
925 3265 952 3320 ό
989 3267 1082 3321 τὸν
1143 3265 1260 3321 Υΐὸν
1321 3266 1528 3321 τάττων
1592 3264 1644 3320 έν
1699 3265 1976 3340 κτίσμασι,

2093 3266 2150 3318 et
2179 3261 2569 3318 communiter
2595 3259 2654 3314 in
2688 3259 2950 3314 confesso
2983 3264 3224 3328 ponunt,
3257 3255 3489 3311 volebat
3516 3255 3730 3320 videre,

334 3354 426 3408 καὶ
474 3355 566 3408 τὸν
627 3354 837 3430 Πατέρα
880 3355 1080 3428 κτίσμα
1131 3356 1598 3431 προανηγόρευσεν
1644 3375 1658 3389 ·
1721 3355 1903 3431 ὥσπερ
1951 3357 1979 3410 6

331 3444 425 3498 τὸν
471 3444 682 3518 Πατέρα
737 3445 1144 3520 δημιουργικῆς
1194 3443 1379 3507 οὐσίας
1425 3446 1514 3500 καὶ
1547 3442 1725 3500 ἀϊδίου
1768 3444 1980 3524 φύσεως

334 3529 516 3601 εἰδὼς,
549 3539 651 3602 τῆς
691 3533 861 3602 αὐτῆς
909 3535 1048 3589 εἶναι
1085 3534 1297 3589 καὶτὸν
1356 3534 1480 3589 Υἱὸν
1527 3535 1984 3610 συνανομολογή-

334 3641 495 3677 σειεν.
529 3625 642 3676 Ποῦ
674 3619 720 3676 δ’
765 3623 826 3677 ἂν
865 3621 950 3692 εἷή
1003 3623 1066 3678 τὸ
1096 3625 1312 3697 γνήσιον
1342 3629 1444 3692 τῆς
1496 3622 1768 3694 υἱότητος,
1801 3621 1980 3689 ἄλλης

335 3711 430 3783 μὲν
466 3710 650 3773 οὐσίας
698 3716 795 3766 τοῦ
827 3713 1060 3787 Πατρὸς,
1110 3711 1292 3786 ἑτέρας
1341 3711 1397 3766 δὲ
1443 3717 1542 3768 τοῦ
1585 3714 1713 3768 Υἱοῦ
1757 3732 1984 3788 χρημα-

331 3797 622 3870 τίζοντος;
671 3804 797 3862 Πῶς
831 3798 877 3856 δ’
928 3799 990 3855 οὐ
1019 3808 1119 3870 τῆς
1162 3799 1494 3871 Ἑλληνικῆς
1526 3798 1739 3870 πλάνης
1788 3801 1981 3856 ἀνακύ-

326 3891 416 3962 ψει
444 3890 508 3944 τὸ
547 3887 838 3957 πολύθεον,
871 3889 946 3951 εἷς
999 3888 1224 3945 ἐλάττω
1264 3891 1354 3944 καὶ
1408 3889 1578 3962 μείζω
1628 3889 1809 3944 οὐσίαν
1856 3911 1984 3962 τεμ-

331 3979 569 4050 νομένης
598 3985 699 4048 τῆς
750 3977 1030 4048 θεότητος,
1062 3977 1152 4034 καὶ
1199 3985 1300 4048 τῆς
1355 3979 1448 4050 μὲν
1500 3979 1575 4040 εἰς
1622 3981 1838 4054 πρῶτόν
1891 3979 1981 4033 καὶ

333 4064 675 4142 δημιουργόν
751 4068 842 4122 καὶ
907 4063 1271 4143 πρεσϐύτερον
1348 4067 1475 4122 Θεὸν
1556 4067 1980 4148 ἀφοριζομένης,

329 4163 433 4225 τῆς
463 4153 522 4210 δὲ
570 4157 646 4218 εἷς
696 4154 942 4230 δεύτερον
995 4159 1124 4213 Θεὸν
1178 4155 1595 4233 διακρινομένης
1646 4158 1734 4212 καὶ
1788 4158 1984 4232 ὑπουρ-

331 4245 428 4319 γὸν
471 4245 562 4298 καὶ
611 4245 912 4320 νεώτερον;
951 4251 1125 4303 ταῦτα
1170 4247 1270 4322 γὰρ
1317 4253 1419 4316 τῆς
1468 4251 1565 4301 τοῦ
1617 4246 1828 4319 Ἀρείου
1877 4266 1982 4301 πο-

331 4338 503 4407 νηρᾶς
556 4340 760 4402 σπορᾶς
787 4336 855 4390 τά
899 4337 1229 4411 γεννήματα.
1272 4335 1448 4393 Ἀλλὰ
1493 4339 1684 4391 τοῦτον
1734 4337 1852 4408 μὲν,
1905 4336 1980 4399 ὡς

336 4421 503 4496 χείλη
542 4421 847 4502 βλάσφημα
875 4425 1014 4480 κατὰ
1043 4429 1140 4480 τοῦ
1179 4425 1551 4495 πεποιηκότος
1583 4424 1974 4498 ὁπλισάμενον,

331 4512 432 4579 τῆς
465 4511 764 4585 ἱερωσύνης
798 4513 825 4567 ὁ
875 4514 1020 4588 ἱερὸς
1064 4514 1445 4588 ἆπεγύμνωσεν
1490 4513 1688 4586 ὅμιλος
1719 4531 1732 4544 ⁸
1784 4517 1884 4584 τῆν
1919 4511 1976 4568 δὲ

2088 3354 2239 3425 quod
2265 3351 2542 3408 nimirum
2567 3350 2814 3422 quilibet
2833 3348 2988 3403 ﬁlius
3011 3347 3269 3418 ejusdem
3290 3345 3366 3400 sit
3387 3344 3650 3401 essentiaa
3666 3361 3731 3400 ac

2088 3452 2308 3508 naturae
2341 3459 2477 3498 cum
2509 3458 2613 3498 suo
2657 3439 3039 3512 genitore;et
3085 3435 3242 3508 quod
3289 3434 3340 3490 is
3389 3435 3488 3506 qui
3540 3432 3728 3488 ﬁlium

2086 3533 2238 3590 inter
2268 3537 2567 3589 creaturas
2595 3529 2860 3595 collocat,
2894 3535 3114 3598 patrem
3146 3541 3212 3582 eo
3243 3525 3365 3596 ipso
3396 3538 3650 3596 quoque,
3680 3528 3736 3578 et

2089 3625 2326 3697 quidem
2361 3623 2542 3695 prius,
2573 3625 2895 3678 creaturam
2927 3621 3147 3674 statuat
3179 3633 3192 3673 ε
3220 3615 3298 3671 uti
3331 3619 3389 3670 et
3415 3614 3465 3670 is
3498 3612 3596 3686 qui
3628 3613 3732 3668 Pa-

2087 3720 2234 3770 trem
2269 3713 2522 3769 essentia
2551 3710 2834 3767 Creatoris
2867 3707 3174 3780 prmditum
3205 3721 3333 3762 esse
3365 3703 3660 3774 intelligit,
3680 3705 3738 3757 et

2091 3809 2301 3860 natura
2330 3808 2564 3866 aterna,
2586 3817 2704 3855 una
2725 3799 2900 3856 simul
2924 3801 2981 3854 et
3000 3797 3202 3852 eadem
3231 3811 3407 3867 opera
3437 3797 3494 3848 et
3527 3792 3738 3847 Filium

2089 3893 2348 3963 eiusdem
2401 3893 2618 3945 naturis
2650 3905 2715 3944 ac
2763 3887 3028 3942 essentia
3077 3900 3206 3940 esse
3251 3883 3579 3938 conlltetur.
3628 3881 3735 3937 Ubi

2089 3989 2279 4038 autem
2304 3979 2411 4035 erit
2433 3977 2737 4034 filialitatis
2757 3975 2954 4045 (utsic
2979 3973 3207 4043 loquar)
3233 3973 3466 4030 veritas,
3490 3970 3538 4026 si
3559 3970 3735 4025 unius

2089 4069 2357 4128 essentia;
2397 4067 2637 4124 exsistat
2667 4069 2849 4137 pater,
2885 4062 3124 4118 alterius
3147 4064 3330 4116 autem
3356 4060 3580 4114 dicatur
3610 4074 3735 4113 esse

2091 4159 2266 4217 ﬁlius.
2317 4160 2436 4214 lmo
2467 4160 2684 4223 autem,
2715 4153 3010 4226 quomodo
3060 4167 3173 4207 non
3207 4147 3475 4222 paganici
3523 4147 3733 4203 erroris

2089 4250 2190 4306 illa
2217 4251 2458 4305 deorum
2509 4244 2912 4317 multiplicitas
2959 4257 3081 4297 sese
3128 4241 3376 4305 exseret,
3410 4237 3455 4292 si
3498 4237 3557 4291 in
3589 4237 3734 4291 sub-

2088 4340 2356 4396 stantiam
2403 4337 2686 4406 majorem
2735 4341 2788 4390 et
2820 4331 3092 4388 minorem
3133 4328 3413 4384 Divinitas
3437 4326 3735 4382 discinda-

2087 4433 2181 4484 tur
2210 4444 2224 4485 :
2259 4433 2429 4500 atque
2459 4425 2560 4481 illa
2589 4425 2716 4495 ipsa
2746 4437 2977 4495 quoque
2999 4420 3059 4476 in
3084 4419 3358 4492 primum,
3391 4420 3731 4480 creatorem,

2091 4523 2149 4575 et
2177 4517 2461 4575 seniorem
2513 4519 2690 4570 Deum
2733 4511 3111 4582 dispertiatur
3142 4529 3157 4578 ;
3184 4523 3406 4562 necnon
3439 4506 3498 4560 in
3531 4519 3736 4560 secun-

390 4565 430 4579 "
519 4565 537 4585 r
722 4565 763 4582 ’⁷
808 4565 817 4567 ⁷
883 4565 1018 4588 ή”Γ”τ
1068 4565 1435 4588 ""'|'t""""
1497 4565 1686 4586 ἰ””””’
1799 4565 1876 4584 “Ἰ’
1928 4565 1971 4568 vv

335 4595 760 4672 δυσσεϐεστάτη-δ
805 4604 893 4656 καὶ
925 4603 1202 4678 θεομάχον
1254 4601 1418 4657 αὐτοῦ
1463 4601 1666 4676 α’ίρεσιν
1715 4608 1796 4676 τῷ
1841 4603 1973 4658 ἀνα-

2092 4565 2330 4677 δυηῖὶο
2353 4565 3120 4672 ευθειὶὶυῐυωῆέίῖῇυηὶονεω
3140 4565 3323 4652 beum
3341 4594 3668 4664 discerpatu
3679 4594 3734 4648 r?

339 4687 530 4759 θέματι
563 4685 934 4745 καθυπέϐαλεν
965 4707 978 4722 ⁶
1028 4691 1325 4764 ὁμοούσιον
1360 4688 1437 4761 δὲ,
1468 4691 1558 4746 καὶ
1609 4692 1857 4768 ὀμοφυῆ,
1890 4693 1980 4746 καὶ

332 4775 611 4833 συναΐδιον
637 4779 730 4834 τὸν
749 4781 873 4835 Υἱὸν
905 4781 996 4835 καὶ
1027 4781 1208 4856 Λόγον
1240 4783 1338 4836 τοῦ
1371 4784 1505 4835 Θεοῦ
1529 4785 1609 4853 τῷ
1633 4783 1978 4857 γεγεννηκότι

337 4867 530 4942 Πατρὶ,
581 4867 672 4922 καὶ
719 4875 819 4938 τῆς
869 4870 1042 4939 αὐτῆς
1088 4869 1327 4940 ἐξουσίας
1370 4870 1459 4924 καὶ
1510 4871 1855 4944 κυριότητος,
1907 4871 1981 4934 ὡς

335 4956 388 5010 o't
443 4957 579 5011 θεῖοι
640 4958 912 5032 χρησμοὶ,
974 4960 1065 5013 καί
1117 4963 1226 5015 τῶν
1280 4954 1649 5016 εὐσεϐούντων
1708 4961 1773 5015 τὰ
1830 4962 1982 5015 κοινά

335 5042 604 5120 δόγματα,
638 5047 1090 5123 ἱερολογήσαντες
1144 5045 1503 5123 διετράνωσαν
1533 5066 1546 5081 °
1598 5047 1786 5112 καλῶς
1837 5047 1976 5104 εἶδό-

332 5155 442 5204 τες,
494 5136 579 5190 ὅτι
625 5134 810 5211 ὥσπερ
855 5138 916 5192 τὸ
963 5138 1040 5200 εἷς
1088 5137 1142 5193 ἓν
1193 5138 1491 5216 συγκλείειν
1537 5139 1829 5214 πρόσωπον
1878 5141 1975 5208 τῆν

332 5221 619 5297 τριαδικὴν
681 5227 978 5306 μοναρχίαν
1035 5229 1124 5282 καὶ
1181 5231 1482 5303 κυριότητα
1547 5226 1810 5286 Ἰουδΐκόν
1867 5227 1978 5283 ἐστι

332 5313 421 5368 καὶ
468 5313 853 5389 μισόχριστον,
887 5315 1028 5372 οὕτω
1060 5319 1146 5372 καὶ
1182 5319 1245 5373 τὸ
1273 5318 1620 5392 κατατέμνειν
1651 5319 1726 5380 είς
1766 5317 1977 5381 ἀνίσους

333 5401 518 5479 φύσεις
579 5403 668 5455 καὶ
725 5403 1020 5476 ἀνομοίους
1079 5405 1261 5468 οὐσίας
1328 5407 1426 5473 τῆν
1504 5406 1821 5480 ὑπερούσιον
1887 5407 1974 5461 καὶ

334 5491 582 5569 ὑπερφυῆ
645 5490 737 5544 καὶ
796 5491 997 5548 ἑνιαίαν
1058 5494 1289 5565 θεότητα
1347 5493 1678 5565 Ἑλληνικὸν
1745 5493 1976 5571 ὑπάρχει

326 5581 417 5633 καὶ
448 5577 748 5635 πολύθεον,
775 5579 935 5638 Ἀλλ’
968 5582 1020 5638 ἒν
1049 5587 1264 5648 τούτοις
1301 5585 1396 5660 μὲν
1427 5587 1462 5655 ἡ
1495 5583 1626 5663 ἁγία
1666 5583 1755 5640 καὶ
1787 5585 1976 5642 οἰκου-

332 5673 522 5742 μενικῆ
555 5670 754 5746 πρώτη
793 5670 1054 5738 Σύνοδος.

2082 4701 2212 4756 Haec
2234 4702 2371 4754 sunt
2393 4695 2548 4751 enim
2575 4694 2736 4764 impii
2755 4692 2915 4747 illius
2937 4688 3134 4744 Ariani
3155 4684 3397 4742 seminis
3413 4681 3731 4756 genimina.

2083 4788 2390 4844 Hominem
2442 4788 2638 4840 autem
2669 4783 2872 4848 istum,
2907 4783 3105 4848 utpote
3151 4777 3354 4830 contra
3399 4771 3731 4828 Creatorem

2082 4892 2257 4931 suum
2287 4873 2440 4930 labia
2469 4870 2813 4942 blasphema
2853 4869 3183 4922 armantem
3231 4879 3352 4928 sua,
3374 4865 3616 4917 sanctus
3636 4859 3735 4916 ille

2081 4970 2266 5022 coetus
2315 4962 2560 5035 privavit
2611 4957 2933 5016 sacerdotio
2967 4971 2982 5011 :
3013 4954 3258 5026 impiam
3309 4967 3481 5024 porro
3528 4957 3582 5007 et
3617 4951 3732 5006 Deo

2081 5055 2300 5112 bellum
2349 5052 2689 5108 inferentem
2731 5045 3002 5103 haeresim
3049 5041 3407 5100 anathemati
3459 5039 3728 5110 subjecit.

2081 5145 2353 5216 Ejusdem
2387 5147 2578 5198 autem
2616 5135 2956 5194 substantias
2987 5132 3285 5198 exsistere,
3317 5137 3540 5186 naturae
3571 5129 3732 5198 ejus-

2082 5233 2212 5288 dem
2265 5231 2419 5287 velut
2448 5237 2822 5296 coaeternum,
2848 5223 3060 5280 Filium
3093 5225 3269 5294 atque
3323 5219 3568 5274 Verbum
3604 5217 3724 5282 Dei,

2083 5337 2189 5378 suo
2262 5319 2538 5390 genitori,
2590 5315 2714 5388 pari
2773 5312 3084 5386 praeditum
3132 5312 3435 5382 potestate,
3485 5305 3728 5362 Domino

2082 5416 2468 5481 exaequatum,
2511 5407 2662 5478 quod
2705 5403 2898 5460 divina
2946 5405 3218 5457 statuunt
3267 5395 3519 5460 oracula,
3552 5400 3608 5450 et
3637 5410 3727 5481 se-

2083 5480 2341 5554 cundum
2391 5513 2458 5551 ea
2488 5498 2640 5550 recte
2682 5491 2944 5547 omnium
2988 5485 3368 5544 sentientium
3400 5480 3723 5548 sententiae,

2082 5602 2225 5657 quas
2255 5586 2313 5641 in
2347 5601 2529 5640 unum
2573 5581 2948 5652 collegerant,
2979 5581 3195 5650 gverum
3245 5588 3373 5631 esse
3423 5569 3724 5643 perspicue

2084 5677 2229 5735 satis
2251 5676 2644 5734 declarabant.
2679 5673 2828 5732 Illud
2848 5671 3005 5731 enim
3034 5669 3253 5743 optime
3275 5661 3723 5738 cognoscebant,
