4090 6228
340 353 458 416 635
1537 340 1805 404 ΡΗΟἸΊΙ
1849 341 1992 403 ΡΑἸ

2105 339 2386 402 ΛΜΗ-ΗΕ
2432 339 2549 399 CP.
3636 344 3760 404 636

343 487 500 561 quod
559 482 1057 557 quemadmodum
1105 478 1410 536 Judaicum
1460 478 1517 533 et
1556 475 1770 531 Christi
1813 475 2010 530 odium
2061 489 2174 546 pra:
2205 488 2268 529 se
2317 472 2450 538 fert,
2483 472 2884 529 monarchiam
2933 475 2992 528 et
3028 472 3400 530 dominatum
3451 473 3760 530 Trinitatis

340 579 403 635 in
435 576 668 633 unicam
702 588 1007 646 personam
1039 569 1377 626 conclusam
1408 565 1680 633 retinere,
1709 563 1792 620 ita
1821 579 2054 636 quoque
2083 567 2141 619 et
2167 562 2226 618 in
2260 565 2500 618 naturas
2531 562 2849 634 inaequales
2879 579 2948 619 ac
2971 563 3336 620 substantias
3366 563 3761 620 dissimilares

349 683 585 725 omnem
612 663 1002 722 substantiam
1045 659 1437 724 excedentem,
1470 671 1703 712 omnem
1746 658 2009 710 naturam
2059 657 2501 724 exsuperantem
2551 668 2748 720 unam,
2781 651 3034 723 unicam,
3066 657 3124 708 et
3145 653 3442 709 unientem
3472 654 3761 710 Deitatem

342 758 620 826 dividere,
652 769 1011 828 paganorum
1045 749 1342 822 proprium
1393 753 1483 804 est
1513 745 1949 803 multitudinem
1982 747 2223 802 deorum
2280 743 2915 801 subintroducentium.
2948 747 3134 815 Atque
3178 745 3237 800 in
3264 745 3390 801 istis
3421 745 3522 802 illa
3553 751 3764 803 sancta

343 843 690 904 universalis
723 843 907 916 prima
939 840 1194 913 synodus
1225 839 1585 903 versabatur,

411 939 466 992 9.
519 935 782 991 Secunda
829 948 998 1004 porro
1065 939 1265 986 sancta
1313 929 1673 985 mcumenica
1733 927 1989 999 synodus

2173 924 2334 980 0'.’H
2393 921 2449 978 δὲ
2507 921 2631 999 ἁγία
2688 923 2779 978 καὶ
2831 922 3186 997 οἱκουμενικὴ
3251 921 3472 998 δευτέρα
3529 922 3760 987 σύνοδος

345 1026 548 1083 urbem
566 1023 781 1094 regiam
801 1020 1098 1092 (nimirum
1116 1016 1690 1088 Constantinopolim)
1705 1032 1992 1072 sacrarum

2105 1019 2208 1069 τῶν
2268 1012 2365 1086 μὲν
2418 1013 2580 1086 ἰερῶν
2639 1014 3057 1092 φροντισμάτων
3113 1015 3213 1082 τήν
3274 1011 3530 1089 βασιλίδα
3586 1012 3758 1069 πόλιν

345 1109 829 1170 deliberationum
853 1106 1112 1164 consiliis
1141 1106 1328 1162 locum
1352 1121 1607 1172 sacrum,
1635 1104 1989 1161 destinatum

2105 1103 2243 1177 ἱερὸν
2304 1099 2510 1156 ἐδείκνυ
2567 1103 2985 1182 φροντιστήριον
3039 1104 3156 1176 (13)
3189 1121 3202 1136 ·
3274 1101 3351 1163 εἷς
3407 1105 3758 1174 πεντήκοντα

339 1202 499 1258 velut
547 1214 817 1256 museum
871 1197 1176 1254 referebat.
1230 1197 1306 1252 Eo
1357 1211 1608 1266 namque
1656 1193 1992 1266 congregati

339 1292 577 1348 fuerunt
597 1291 831 1345 centum
853 1286 1283 1359 quinquaginta
1317 1286 1529 1341 sacrati
1547 1284 1674 1340 viri.
1697 1284 1991 1354 Principes

338 1380 490 1436 inter
519 1378 649 1434 illos
695 1381 884 1445 erant,
915 1375 1275 1443 Timotheus,
1309 1375 1408 1446 qui
1459 1375 1656 1430 sedem
1697 1372 1986 1444 archiepi-

339 1469 636 1541 scopalem
667 1465 1110 1522 Alexandrinam
1149 1489 1162 1533 ;
1192 1463 1529 1536 spectabilis
1571 1463 1857 1532 Meletius,
1891 1461 1990 1532 qui

336 1558 755 1616 Antiochenam
790 1575 804 1624 ;
839 1555 1105 1625 Cyrillus,
1141 1553 1237 1625 qui
1268 1552 1854 1625 Hierosolymitanam
1883 1553 1988 1608 ad-

342 1645 718 1701 ministrabat
750 1642 1055 1698 Ecclesias.
1090 1640 1252 1696 Certe
1287 1641 1520 1710 quidem
1553 1639 1854 1695 Nectarius
1883 1640 1986 1708 ibi,

341 1736 442 1808 qui
477 1752 591 1791 non
618 1735 695 1788 ita
719 1734 939 1804 pridem
965 1733 1035 1787 do
1058 1731 1606 1787 catechumenorum
1631 1747 1797 1802 grege
1825 1747 1989 1802 sepa-

344 1828 508 1880 ratus
558 1822 753 1877 divino
800 1823 1030 1877 lavacro
1091 1821 1293 1876 sordes
1353 1837 1471 1876 sum
1520 1821 1653 1876 vitm
1699 1821 1990 1892 abluerat,

347 1914 603 1969 mundus
634 1913 819 1968 factus
864 1910 1254 1966 mundissima
1296 1909 1668 1980 pontiﬁcatus
1710 1910 1990 1982 dignitate

346 2002 702 2059 convestitur
735 2017 747 2055 :
782 2001 854 2056 de
901 2001 1194 2056 sententia
1247 1999 1406 2056 illius
1455 2001 1662 2069 synodi
1710 2000 1987 2072 generali,

345 2108 449 2164 per
481 2107 718 2147 manum
768 2106 902 2146 vero
933 2090 1341 2162 praedictorum
1396 2090 1711 2162 praesulum
1752 2089 1995 2161 imposi-

2101 1189 2160 1247 δὲ
2208 1189 2298 1246 καὶ
2355 1191 2540 1246 ἑκατὸν
2609 1189 2804 1266 ἄνδρας
2855 1190 3033 1267 ἱεροὺς
3092 1193 3437 1266 συνηγείρετο
3485 1193 3761 1268 ἐξάρχους

2101 1277 2306 1358 ἔχουσα
2365 1275 2633 1353 Τιμόθεόν
2693 1301 2802 1344 τειι
2856 1281 2948 1336 τὸν
3019 1278 3452 1357 Ἀλεξανδρείας,
3507 1283 3600 1337 καὶ
3658 1284 3753 1338 τὸν

2100 1369 2532 1442 ἀξιοθαύμαστον
2587 1371 2686 1438 τῆς
2741 1369 3087 1448 Ἀντιοχείας
3137 1369 3418 1428 Μελέτιον.
3473 1369 3756 1445 Κύριλλόν

2097 1482 2157 1516 τε
2210 1465 2318 1516 τῶν
2399 1461 2823 1535 Ἱεροσολύμων,
2886 1461 3014 1523 τοὺς
3090 1463 3447 1538 ἱεραρχικοὺς
3521 1463 3756 1537 θρόνους

2100 1551 2412 1612 ἷθύνοντας·
2462 1550 2549 1605 καὶ
2601 1547 2668 1619 δὴ
2717 1551 2808 1606 καὶ
2857 1554 3175 1627 Νεκτάριον,
3217 1552 3277 1614 ὃς
3325 1551 3447 1626 ἄρτι
3495 1559 3598 1622 τῆς
3640 1556 3750 1607 τῶν

2098 1640 2533 1720 κατηχουμένων
2585 1639 2792 1714 ἀγέλης
2823 1641 3154 1717 ἀφορισθεὶς,
3187 1643 3276 1695 καὶ
3323 1645 3401 1713 τῷ
3441 1641 3575 1713 θείῳ
3626 1641 3757 1696 λου-

2096 1735 2211 1805 τρῷ
2257 1732 2348 1785 τὸν
2400 1734 2502 1785 τοῦ
2554 1729 2677 1804 βίου
2737 1731 2904 1804 ῥύπον
2971 1729 3446 1803 ἀποπλυνάμενος,
3513 1731 3756 1806 καθαρὸς

2097 1817 2231 1888 ἤδη,
2281 1821 2342 1873 τὸ
2400 1819 2784 1892 καθαρώτατον
2835 1825 2934 1888 τῆς
2990 1819 3274 1898 ἱεραρχίας
3323 1819 3540 1894 ἀξίωμα
3592 1839 3756 1892 περι-

2101 1903 2388 1978 ϐάλλεται,
2419 1910 2588 1986 ψήφῳ
2643 1907 2736 1981 μὲν
2777 1911 2934 1982 κοινῇ
2982 1914 3082 1977 τῆς
3132 1905 3380 1979 συνόδου,
3433 1908 3756 1984 χειροθεσίᾳ

2101 1994 2157 2052 δὲ
2212 2003 2322 2052 τῶν
2373 1998 2681 2074 προκρίτων
2718 2017 2731 2031 °
2782 1997 2872 2052 καὶ
2928 1999 3042 2072 ἅμα
3093 2019 3152 2053 τε
3205 2005 3307 2068 τῆς
3353 1997 3758 2074 βασιλευούσης

2104 2087 2420 2159 ἒπίσκοπος,
2477 2089 2568 2144 καὶ
2624 2095 2724 2158 τῆς
2784 2086 3013 2144 συνόδου
3069 2087 3439 2164 ἐχρημάτιζεν
3495 2085 3756 2164 ἔξαρχος.

353 2181 591 2250 tionem,
614 2181 694 2236 ita
718 2183 782 2236 ut
811 2179 980 2236 simul
1011 2180 1176 2252 regiae
1199 2179 1362 2236 urbis
1379 2180 1690 2252 episcopus
1711 2183 1768 2236 et
1788 2180 1992 2252 synodi

2106 2180 2238 2234 Μεθ’
2269 2179 2341 2233 ὧν
2385 2181 2716 2256 Γρηγόριος,
2749 2177 2780 2233 ὅ
2809 2199 2866 2233 τε
2895 2185 2996 2248 τῆς
3044 2176 3095 2232 ἐν
3128 2176 3488 2249 Καππαδοκίᾳ
3531 2178 3759 2250 Νύσσης

349 2287 563 2344 praeses
623 2270 1043 2326 nominaretur.
1095 2269 1312 2324 Aderat
1375 2272 1432 2324 et
1477 2268 1608 2325 istis
1658 2269 1992 2340 Gregorius,

2105 2245 2438 2338 ἐπίσκοπος,
2471 2245 2583 2322 neri.
2619 2269 2646 2322 ὁ
2704 2245 2804 2337 τῆς
2861 2245 3159 2344 Θεολογίας
3224 2267 3275 2339 ἐξ
3329 2245 3503 2344 ἓργιυν
3547 2245 3760 2323 Eminu-

345 2361 538 2433 Nyssaa
571 2359 629 2414 in
661 2359 1025 2430 Cappadocia
1071 2357 1402 2428 episcOpus,
1434 2361 1491 2413 et
1521 2357 1621 2428 qui
1653 2358 1900 2428 Theotogi
1927 2373 1996 2413 ex

345 2449 617 2522 operibus
642 2463 850 2504 nomen
897 2446 1170 2503 habebat.
1218 2446 1363 2502 Cum
1413 2447 1630 2517 quibus
1661 2447 1995 2519 conspirare

338 2537 763 2612 agnoscebatur
793 2537 1079 2592 Damasus
1129 2535 1426 2591 Romanus
1475 2537 1802 2608 episcopus,
1851 2539 1990 2592 dum

2109 2377 2231 2431 μσς.
2263 2359 2386 2424 Οἷς,
2421 2358 2485 2412 οὐ
2516 2356 2692 2420 πολὺς
2737 2357 2935 2433 χρόνος
2963 2357 3055 2413 καὶ
3096 2358 3370 2431 Δάμασος,
3402 2358 3432 2412 ὁ
3477 2364 3581 2428 τῆς
3619 2359 3757 2412 Ῥώ·

2108 2468 2238 2519 μης,
2271 2448 2340 2502 τὰ
2386 2445 2519 2501 αὐτὰ
2555 2447 2855 2521 κρατύνων,
2895 2446 3241 2523 ἐγνωρίζετο,
3291 2447 3590 2527 σύμφωνος
3633 2454 3761 2512 τοῖς

2101 2532 2444 2612 προλαϐοῦσι
2475 2536 2884 2610 καθιστάμενος.

346 2629 556 2701 synodi
605 2628 774 2684 istius
819 2632 968 2693 acta,
1002 2626 1264 2682 eamdem
1320 2643 1452 2682 cum
1486 2626 1630 2698 ipsis
1660 2628 2010 2684 sententiam
2044 2629 2266 2698 fovens,
2297 2629 2688 2686 confirmaret.

418 2719 501 2773 lO.
533 2716 979 2773 Sacratissimus
1011 2732 1181 2788 porro
1205 2717 1418 2772 chorus
1449 2717 1558 2773 iste
1584 2719 1987 2774 Macedonium

344 2808 675 2880 quemdam,
718 2805 820 2878 qui
868 2806 1065 2862 sedem
1117 2807 1410 2878 quondam
1458 2806 1988 2878 Constantinopoli-

345 2907 540 2955 tanam
607 2900 896 2968 arreptam
945 2897 1255 2964 invaserat,
1301 2897 1464 2968 juste
1525 2897 1751 2953 censuit
1801 2913 1993 2967 pmnas

342 2990 478 3046 dare
527 2989 820 3056 debuisse,
853 3005 918 3044 eo
951 2989 1103 3060 quod
1136 2988 1196 3044 in
1237 2989 1676 3045 sanctissimum
1705 2988 1991 3063 Spiritum

342 3080 472 3138 vitai
521 3079 739 3136 fontem
805 3077 1186 3150 blasphemus
1253 3080 1565 3135 exstiterat.
1613 3082 1773 3136 Sicut
1837 3079 1992 3135 enim

343 3170 516 3227 Arius
562 3177 762 3225 contra
811 3168 1042 3240 Filium,
1075 3169 1157 3225 ita
1203 3173 1260 3225 et
1305 3168 1416 3226 iste
1464 3173 1667 3226 contra
1709 3171 1994 3242 Spiritum

345 3264 620 3318 sanctum
643 3257 824 3316 armis
842 3259 1165 3316 instructus
1187 3259 1478 3332 prodierat
1497 3261 1556 3316 in
1579 3261 1758 3317 aciem
1786 3279 1799 3317 :
1828 3262 1995 3332 cujus

346 3349 672 3406 dominium
715 3365 1054 3421 supremum
1093 3354 1150 3405 et
1187 3350 1580 3422 principatum
1621 3350 1993 3406 excellentem

347 3438 420 3495 ad
471 3435 740 3492 servilem
797 3440 855 3492 et
903 3437 1297 3506 subjectitiam
1330 3439 1552 3505 redigat
1576 3439 1992 3494 conditionem.

2175 2724 2224 2774 t‘.
2276 2716 2445 2780 Οὗτος
2494 2715 2562 2785 δὴ
2623 2715 2716 2771 οῦν
2765 2717 2794 2772 ὁ
2843 2718 3166 2794 ἱεροφάντης
3197 2719 3367 2795 χορὸς
3415 2715 3756 2774 Μακεδόνιόν

2098 2827 2237 2878 τινα,
2308 2809 2402 2862 τὸν
2491 2809 3118 2872 Κωνσταντινουπόλεως
3201 2809 3395 2883 θρόνον
3489 2808 3754 2882 ἅρπαγμα

2100 2895 2272 2952 πάλαι
2320 2897 2710 2969 ποιησάμενον,
2743 2897 2827 2952 ὅτι
2871 2897 2933 2952 τὸ
2983 2897 3247 2972 πανάγιον
3293 2899 3382 2953 καὶ
3435 2899 3754 2973 ζωαρχικδν

2101 2983 2449 3064 ἐδυσφήμειί
2509 2989 2750 3060 Πνεῦμα,
2803 2985 3020 3050 εὐθύνας
3087 2984 3332 3043 ἒδικαίου
3391 2985 3603 3044 δοῦναι.
3661 2989 3752 3050 Ὠς

2103 3074 2209 3152 γὰρ
2255 3076 2476 3149 ’Ἄρειος
2515 3075 2649 3130 κατὰ
2702 3078 2799 3130 τοῦ
2855 3076 3006 3145 Υἱόῦ,
3058 3074 3201 3132 οὕτω
3257 3077 3346 3131 καὶ
3404 3077 3571 3138 αὐτὸς
3609 3077 3752 3132 κατὰ

2107 3172 2204 3224 τοῦ
2251 3165 2522 3243 παναγίου
2565 3167 3040 3242 παραταττόμενος
3098 3167 3434 3241 Πνεύματος,
3489 3166 3566 3230 εἲς
3622 3164 3754 3222 δού-

2104 3256 2236 3320 λους
2282 3257 2374 3312 καὶ
2429 3255 2703 3332 ὑπηρέτας
2759 3258 2858 3327 τὴν
2905 3255 3234 3327 δεσποτικὴν
3284 3258 3374 3312 καὶ
3434 3254 3758 3330 ὺπερκειμέ-

2108 3368 2208 3418 νην
2247 3346 2417 3402 αὐτοῦ
2475 3347 2754 3403 συνέταττε
2811 3346 3131 3422 κυριότητα.
3163 3345 3270 3404 Καί
3325 3361 3415 3402 τοι
3477 3345 3602 3422 ῥᾷον
3656 3347 3758 3414 ἦν,

2107 3436 2260 3511 ε’ίπερ
2301 3432 2582 3506 ἐϐούλετο,
2622 3440 2701 3506 τῷ
2750 3435 2928 3510 ἀθλίῳ
2977 3440 3225 3512 συνορᾷν,
3267 3437 3373 3509 ὅτι,
3418 3436 3658 3510 καθάπερ
3709 3436 3764 3490 οἱ

348 3527 696 3596 Quanquam
747 3523 915 3580 facile
963 3528 1206 3596 poterat,
1242 3525 1289 3580 si
1339 3525 1399 3580 in
1448 3526 1506 3580 id
1556 3525 1855 3582 intendere
1894 3542 1992 3582 vo-

2107 3527 2199 3582 τὸν
2268 3527 2390 3581 Υἱὸν
2453 3526 2528 3587 εἰς
2586 3523 2787 3599 κτίσμα
2840 3525 3149 3594 τάττοντες,
3207 3525 3306 3594 τὴν
3374 3519 3530 3599 ὕϐριν
3603 3521 3764 3580 οὐδὲν

349 3615 576 3682 luisset,
613 3612 815 3668 infelix
874 3615 930 3668 et
977 3613 1277 3683 improbus
1335 3613 1442 3669 iste
1517 3615 1996 3683 animadvertere,

349 3703 506 3776 quod
554 3709 617 3758 ut
662 3701 748 3756 illi
799 3702 899 3773 qui
946 3701 1156 3758 Filium
1209 3703 1593 3775 compingunt
1643 3705 1700 3759 in
1733 3705 1993 3761 ordinem

347 3797 762 3860 creaturarum,
791 3791 1143 3847 contumelia
1177 3790 1557 3848 nihilominus
1587 3792 1849 3850 afﬁciunt
1886 3796 1998 3850 Pa-

349 3885 520 3950 trem,
545 3880 626 3938 ita
655 3887 712 3937 et
743 3881 841 3953 qui
874 3888 1307 3937 sacrosanctum
1341 3884 1466 3952 ejus
1500 3883 1782 3954 Spiritum
1815 3901 1997 3940 annu-

351 3979 576 4027 merant
623 3969 925 4037 creaturis,
958 3970 1138 4026 simili
1188 3987 1424 4042 prorsus
1472 3976 1529 4027 et
1578 3973 1786 4044 aequali
1827 3973 1998 4028 modo

352 4060 683 4131 blasphemi
702 4059 761 4116 in
775 4059 1047 4116 eumdem
1065 4067 1218 4117 sunt.
1235 4061 1379 4116 Nam
1400 4060 1450 4116 si
1466 4061 1717 4133 Spiritus
1733 4066 2000 4118 creatura

350 4156 458 4219 est,
493 4155 646 4208 certe
693 4155 750 4206 et
780 4149 875 4207 ille
906 4158 1168 4208 creatura
1191 4151 1386 4219 fuerit,
1417 4153 1590 4224 cujus
1615 4153 1860 4225 spiritus
1887 4156 1996 4208 est.

351 4241 509 4306 Quod
561 4241 610 4297 si
640 4237 822 4297 istius
859 4240 1177 4311 impietatis
1226 4256 1530 4297 excessum
1581 4257 1752 4298 aures
1792 4246 1998 4298 nostrai

352 4330 502 4387 ferre
521 4329 992 4400 nequeant,unde
1011 4330 1226 4383 factum
1251 4335 1312 4384 ut
1334 4329 1513 4386 miser
1529 4330 1625 4386 ille
1645 4348 1760 4387 non
1782 4331 2000 4388 intelle-

351 4419 520 4489 xerit,
543 4419 702 4475 omni
734 4417 907 4472 modo
932 4415 1077 4470 illud
1107 4415 1522 4474 declinandum
1544 4419 1657 4474 sibi
1689 4435 1817 4477 esse
1847 4421 2000 4477 unde

2107 3617 2272 3684 ἧττον
2315 3614 2688 3690 προσάπτουσι
2720 3617 2798 3686 τῷ
2847 3613 3040 3690 Πατρὶ,
3073 3614 3218 3669 οὕτω
3265 3613 3356 3668 καὶ
3390 3615 3438 3668 οἱ
3469 3615 3534 3668 τὸ
3582 3615 3762 3668 πανά-

2102 3725 2222 3779 γιον
2257 3703 2420 3758 αὐτοῦ
2453 3707 2672 3776 Πνεῦμα
2699 3708 2816 3765 τοῖς
2848 3705 3151 3777 ποιήμασιν
3187 3701 3623 3777 ἐναριθμοῦντες,
3653 3705 3759 3772 την

2099 3793 2226 3863 ’ίσην
2259 3794 2348 3848 καὶ
2399 3791 2595 3866 ὁμοίαν
2653 3791 3010 3870 βλασφημίαν
3061 3791 3249 3870 ἀφιᾶσι
3296 3791 3412 3847 κατ’
3453 3790 3644 3851 αὐτοῦ,
3693 3789 3760 3849 Ei

2102 3883 2206 3959 γὰρ
2243 3884 2306 3938 τὸ
2340 3885 2584 3954 Πνεῦμα,
2616 3883 2842 3955 κτίσμα,
2874 3882 3125 3943 κάκεῖνος
3157 3882 3221 3936 οῦ
3251 3882 3313 3936 τὸ
3340 3884 3587 3954 Πνεῦμα,
3624 3883 3764 3954 μετᾶ

2105 3977 2215 4029 τῶν
2237 3973 2574 4046 κτισμάτων.
2601 3973 2661 4028 Et
2693 3971 2750 4028 δὲ
2778 3973 2868 4028 καὶ
2898 3975 3086 4036 ἀκοαῖς
3110 3973 3386 4048 ἀφόρητον
3411 3973 3446 4040 ἡ
3477 3979 3581 4040 τῆς
3605 3973 3767 4027 ἀθεὸο

2105 4083 2271 4133 τητος
2300 4060 2502 4131 ταύτης
2534 4058 2841 4138 ὑπερϐολὴ,
2873 4066 2989 4125 πῶς
3029 4061 3094 4117 οὐ
3127 4068 3350 4132 συνῆκεν
3403 4061 3431 4116 ὁ
3471 4058 3770 4115 ταλαίπωο

2109 4170 2200 4226 ρος
2256 4148 2430 4205 ἒκεῖνο
2489 4151 2730 4228 φεύγειν,
2797 4147 2867 4206 δι’
2937 4150 3000 4206 οὗ
3057 4150 3195 4224 πρὸς
3261 4148 3491 4211 τούτους
3549 4147 3758 4224 ἀνάγκη

2104 4245 2284 4295 πεσεῖν
2365 4238 2492 4303 τοὺς
2571 4240 2882 4316 θεομάχους
2956 4237 3306 4316 λογισμοὺς;
3381 4239 3622 4299 Ἀθετεῖς
3700 4237 3762 4292 τὸ

2107 4333 2327 4404 Πνεῦμα
2373 4329 2510 4384 εἶναι
2559 4325 2732 4400 Θεόνς
2779 4331 2896 4403 (14)
2942 4333 3060 4392 πῶς
3118 4327 3306 4403 ἐρευνᾷ
3351 4327 3418 4382 τὰ
3467 4327 3610 4400 βάθη
3659 4328 3761 4380 τοῦ

2110 4422 2268 4488 Θεοῦ,
2320 4420 2550 4494 κρύφιον
2599 4419 2692 4475 ἀπ’
2738 4418 2943 4490 αύτοῦ;
2993 4422 3111 4482 πῶς
3159 4418 3300 4474 ἐστιν
3358 4414 3534 4478 ἄλλος
3591 4415 3764 4490 παρά-

1701 4545 1938 4602 νΑΒΙλΕ
1977 4547 2390 4606 LECTIONES.

424 4685 451 4729 ι,
484 4667 556 4726 ῗσ.
583 4664 852 4742 Τιμόθεον
883 4667 1028 4724 τότε.
1105 4664 1229 4724 Γίσ.
1264 4663 1632 4745 ἐϐλασφήμει.
1705 4667 1823 4745 ίτίσ,
1861 4671 2084 4746 ἁγνίζει.

1931 4787 2161 4847 NOTAE.

430 4903 544 4980 (13)
587 4905 1068 4980 mpovrtcwﬁpt'ov._
1098 4904 1256 4980 Vult,
1301 4907 1454 4980 quod
1503 4923 1702 4964 verum
1754 4910 2004 4980 est,,_se-
2035 4912 2083 4977 1)
2110 4922 2244 4962 num
2273 4907 2983 4980 Constantinopolitanum,
3025 4907 3122 4980 qui
3158 4923 3282 4962 cum
3329 4908 3389 4962 in
3420 4906 3524 4980 illa
3563 4911 3763 4980 saneta

361 4976 611 5052 cundam
643 4976 937 5052 synodum
975 4976 1360 5036 universalem
1409 4978 2003 5052 Constantinopolita-

361 5065 496 5107 nam
522 5047 581 5104 in
615 5047 758 5123 urbe
787 5048 889 5123 illa
921 5052 1072 5123 regia
1104 5051 1463 5123 convenisse.
1500 5052 1567 5107 In
1613 5069 1732 5122 qua
1762 5047 2004 5123 synodo,

363 5120 752 5195 ut_Synopsis
795 5120 1008 5190 habet;
1037 5122 1274 5195 ἡγοῦντο
1324 5122 1574 5195 Δάμασος
1623 5120 1867 5194 Ῥώμης,
1911 5127 2008 5195 Νε-

363 5191 588 5268 κτάριος
662 5191 1302 5268 Κιυνσταντινουπόλεως,
1364 5191 1643 5266 Κήύριλλος
1703 5191 2008 5268 Ἱεροσολύ-

368 5261 504 5338 μων,
537 5270 646 5320 etc.
690 5265 844 5338 Quos
882 5261 1188 5338 ,Ἐξαίρχους
1216 5261 1382 5323 voeat
1432 5261 1695 5324 Photius.
1741 5261 1847 5323 Sed
1900 5265 2006 5338 Da-

365 5336 566 5394 masus
599 5336 943 5408 noniadfuit,
977 5336 1314 5407 ne’quidem
1348 5353 1449 5408 per
1477 5339 1737 5408 legatos;
1772 5352 1879 5394 nec
1909 5337 2007 5392 Ti-

361 5409 656 5476 motheus,
679 5407 787 5461 nisi
813 5408 1149 5480 continuata
1170 5407 1412 5480 synodo,
1439 5407 1606 5466 turbo
1629 5416 1687 5466 et
1705 5408 2005 5466 ﬂabellum

356 5482 520 5538 illius
572 5479 960 5550 tempestatis,
993 5495 1104 5548 qua
1151 5479 1407 5550 dejectus
1437 5483 1648 5550 throno
1696 5481 2008 5550 Gregorius

362 5547 944 5627 Nazianz_enus,_qui
997 5547 1110 5627 hic,
1161 5548 1455 5627 Θεολογίας
1501 5551 1552 5627 ἐξ
1593 5547 1763 5627 ἔργων
1806 5547 2010 5610 ἔπώνυ-

369 5647 492 5700 μσς,
516 5625 749 5700 dicitur.
769 5622 1113 5700 Nazianzeni
1144 5622 1376 5700 causam
1404 5625 1484 5700 ita
1514 5622 1762 5700 breviter
1790 5633 1848 5684 et
1876 5641 2010 5700 νει-ο

369 5692 602 5772 expedit
618 5693 915 5769 Synopsis.
936 5692 1226 5768 Gregorius
1257 5695 1554 5767 Theoto'gus
1583 5698 1831 5754 obtinens
1857 5695 2007 5752 thro-

2113 4977 2318 5050 synodo
2349 4980 2554 5035 divisio
2583 4977 2882 5052 oriebatur,
2905 4977 3094 5052 span—te
3119 4995 3219 5035 sua
3247 4981 3305 5033 in
3329 4978 3537 5052 synodo
3567 4979 3766 5035 throno

2113 5051 2474 5106 renuntiavit.
2511 5059 2563 5107 et
2593 5051 2784 5106 habita
2814 5051 3085 5120 oratione,
3126 5067 3237 5122 qua
3262 5065 3392 5105 eum
3433 5051 3600 5120 ﬁdem
3625 5065 3766 5120 pro-

2115 5123 2384 5194 ﬁteretur,
2416 5130 2532 5177 tum
2578 5122 2792 5178 abitum
2817 5128 3064 5194 pararet,
3095 5125 3153 5179 in
3199 5125 3500 5193 praesentia
3527 5123 3767 5178 Patrum

2116 5193 2341 5266 illorum
2368 5202 2582 5250 centum
2610 5200 2662 5250 et
2693 5193 2872 5251 decem
2902 5196 3132 5251 excessit
3154 5193 3442 5266 synodo,“
3473 5195 3766 5266 migravit,

2114 5264 2477 5322 Nazianzum.
2506 5267 2568 5321 in
2593 5267 2974 5338 cujuslocum
3000 5265 3168 5338 impii
3183 5264 3298 5338 illi,
3321 5264 3766 5338 quiamotionis

2116 5353 2294 5392 causa
2340 5336 2703 5406 exstiterant,
2740 5337 3066 5395 Nectarium
3090 5336 3354 5402 daicum,
3383 5336 3555 5391 illum
3587 5338 3764 5408 cujus

2115 5407 2383 5464 meminit
2412 5409 2680 5476 Photius,
2711 5413 2911 5466 contra
2939 5425 3192 5466 canones
3222 5411 3609 5464 lntruserunt.

2187 5480 2299 5554 (t4)
2335 5481 2476 5554 Lego
2506 5489 2584 5554 et,
2609 5479 2926 5554 distinguo,
2956 5483 3076 5542 πῶς
3107 5477 3312 5554 -ᾆρευνᾷ
3349 5478 3617 5554 τάξ-’βάθη
3661 5481 3765 5532 τοῦ

2115 5549 2270 5629 Θεοῦ,
2302 5549 2527 5629 κρύῷιον
2560 5549 2868 5629 egestas.
2897 5554 3043 5612 Nam
3071 5549 3278 5612 alludit
3305 5552 3378 5609 ad
3411 5549 3560 5609 illud
3591 5553 3764 5625 Apo-

2116 5623 2274 5694 stoli,
2309 5623 2492 5681 rem.
2525 5635 2587 5694 ιι,
2622 5625 2688 5680 10
