2045 3114
167 208 227 238 637
787 210 1062 242 EPISTOLARUM
1086 211 1202 241 LIBER
1222 211 1247 241 Ι.
1812 214 1872 244 638

166 276 289 310 κλητος;
319 277 378 307 πῶς
408 274 579 303 συντάττεται
606 275 691 314 Πατρὶ
720 277 765 304 καὶ
792 278 865 314 Υἱῷς
887 281 974 316 Πορευ

1047 277 1110 305 ﬁeri
1126 278 1244 306 omnino
1255 277 1355 306 debuit
1370 279 1403 306 ut
1413 278 1443 306 in
1459 278 1625 307 istiusmodi
1641 279 1746 315 impias
1761 281 1789 308 et
1803 288 1869 309 cum

168 321 257 351 θέντες
281 320 342 358 γὰρ,
369 319 450 351 αὐτός
474 331 555 360 φησιν
581 321 594 348 ὁ
610 321 683 355 Υἱὸς,
702 323 888 358 μαθητεύσατε
902 324 989 350 πάντα

167 365 201 393 τὰ
224 363 298 400 ἔθνη,
326 364 501 402 βαπτίζοντες
526 364 625 397 αὐτοὺς
649 365 687 398 εἷς
709 367 740 393 τὸ
765 366 851 403 ὄνομα
865 369 913 395 τοῦ
933 370 988 395 Πα-

167 409 242 447 τρὸς,
258 409 303 436 καὶ
320 410 368 436 τοῦ
384 409 459 444 Υίοῦ,
474 409 519 437 καὶ
542 412 590 437 τοῦ
614 411 695 448 ἁγίου
718 411 886 448 Πνεύματος.
911 412 939 439 Εἰ
959 411 987 439 'e'v

166 464 192 481 τι
220 455 274 480 τῶν
296 454 379 490 τριῶν
403 463 515 489 κτισμα,
541 452 568 481 ἐν
593 455 633 485 οἷς
656 455 841 493 φωτιζόμεθα,
867 454 929 482 οὐδὲ
955 456 989 483 τὰ

167 497 253 526 λοιπᾶ
276 497 435 534 καθαρεύσει
459 500 509 532 τῆς
534 496 648 535 ὕϐρεως.
674 498 750 527 Ἀλλ’
766 500 789 526 εἰ
802 499 913 537 κτίσμα,
929 502 987 531 πῶς

165 543 270 578 κτίζει;
287 545 345 573 πῶς
361 542 466 580 ἁγιάζει
484 543 491 570 i
507 551 514 578 ;
531 545 589 574 πῶς
600 546 730 578 ζωοποιεῖ
742 546 819 578 ;”πῶς
830 543 929 582 διαιρεῖ
938 554 988 583 χα-

167 586 301 625 ρίσματα;
318 589 377 617 πῶς
397 585 425 614 δὲ
440 586 504 618 Θεός
519 597 527 622 ;
542 587 615 615 ἂλλᾶ
633 587 737 615 τούτων
760 587 841 616 οὐδὲν
858 588 958 621 ἐκεῖνος
973 590 986 616 ὁ

168 629 362 671 φρενοϐλαϐὴς
386 631 430 659 ἐπὶ
454 635 516 659 νοῦν
539 632 724 670 βαλλόμενος,
747 637 797 668 τῆς
816 638 986 671 μοναρχικῆς

164 677 229 705 αὐτὸ
245 677 288 704 καὶ
307 680 370 714 μιᾶς
386 676 541 715 ἀδιαιρέτου
557 677 685 714 θέοτητος
700 678 813 714 διασπᾷν
830 680 860 706 τὸ
877 681 986 715 Πνεῦμα

164 721 270 759 ἐτόλμα
297 721 342 749 καὶ
371 722 581 760 ἀπεθρασὺνετο,
616 724 662 751 Διὸ
691 724 735 751 καί
773 727 823 758 τῆς
864 721 985 755 ἀσεϐείας

165 766 261 802 ἐπάξια
285 765 384 805 ε’ίληφε
407 767 440 794 τὰ
465 767 613 806 ἱπιχείρια,
636 767 717 799 αὐτός
739 778 768 796 τε
782 767 920 808 ἀφαιρέσει
935 771 985 803 τῆς

162 810 313 850 ἱερωσύνης
345 812 505 847 ζημιωθεὶς,
531 812 577 839 καὶ
611 813 707 844 πάντες
736 811 793 840 ὅσοι
828 814 879 847 τῆς
903 813 986 840 αὐτοῦ

163 855 328 894 θεομαχίας
344 856 375 883 τὸ
400 856 508 884 ἀνιάτων
535 857 742 893 παρεζῆλωσαν.
772 858 822 885 Καὶ
851 858 888 888 ὥς
913 857 986 885 ἐκεῖ-

161 911 208 931 νος
232 901 264 928 τὸ
286 901 418 940 πανάγιον
442 900 551 938 ΙΙνεῦμα
573 905 623 936 τῆς
645 900 787 939 τριαδικῆς
809 904 873 938 μιᾶς
888 903 986 937 θεότη-

1044 323 1102 350 Deo
1123 325 1284 358 pugnantes
1308 322 1460 359 opiniones
1480 323 1609 352 recidat?
1628 323 1790 353 Concedere
1810 333 1868 352 non

1044 367 1086 395 vis
1098 367 1235 403 Spiritum
1247 375 1310 395 esse
1326 368 1436 395 Deum?
1447 369 1476 395 at
1493 368 1636 403 quomodo
1656 369 1803 404 profunda
1818 369 1870 397 Dei

1044 414 1201 447 scrutatur,
1225 411 1260 440 ab
1289 412 1353 448 ipso
1377 413 1533 440 abstrusa?
1557 413 1703 448 quomodo
1723 413 1777 441 erit
1794 414 1868 442 alius

1043 456 1232 485 Paracletus?
1255 457 1332 484 unde
1360 457 1466 484 factum
1497 461 1528 484 ut
1557 465 1622 484 cum
1644 457 1728 485 Patre
1748 459 1778 485 et
1795 458 1868 486 Filio

1043 504 1233 538 componatur
1251 502 1265 529 ?
1289 502 1390 529 Eunles
1410 502 1495 535 enim,
1521 502 1559 529 ait
1583 501 1708 538 ipsemet
1727 502 1826 536 Filius,
1837 502 1870 536 in_

1042 546 1175 574 mundum
1191 546 1360 581 universum,
1375 546 1468 574 docete
1493 554 1586 575 omnes
1610 547 1748 580 nationes,
1779 548 1869 583 bapti-

1043 593 1139 618 rantes
1166 597 1211 618 eos
1234 590 1264 618 in
1288 590 1399 618 nomine
1419 590 1520 624 Putris,
1537 592 1564 618 et
1587 590 1667 625 Filii,
1692 594 1719 617 et
1744 590 1870 626 Spiritus

1040 635 1132 661 sancti
1147 634 1167 661 ².
1196 634 1277 666 Quod
1320 633 1345 661 si
1377 635 1476 662 autem
1518 641 1534 661 e
1575 634 1670 661 tribus
1716 634 1790 668 istis,
1837 635 1866 662 in

1043 685 1169 714 quorum
1196 677 1366 706 nominibus
1390 677 1529 713 baptizati
1551 677 1765 712 illuminamur,
1791 686 1866 706 unus

1042 722 1097 750 erit
1112 725 1255 756 creatura,
1272 724 1349 750 certe
1364 722 1482 758 quidem
1500 730 1552 750 nec
1580 723 1677 750 caeteri
1701 722 1737 750 ab
1761 722 1868 758 injuria

1040 766 1095 794 hac
1118 769 1147 795 et
1163 766 1342 795 contumelia
1358 767 1505 794 immunes
1520 767 1638 794 fuerint.
1654 767 1732 800 Quod
1750 766 1775 794 ei
1791 775 1869 795 crea-

1042 812 1107 839 tura
1140 811 1189 846 sit,
1211 812 1356 846 quomodo
1390 812 1548 846 quidquam
1581 812 1686 839 creat?
1721 812 1867 847 quomodo

1041 855 1213 889 sanctiﬁcat,
1229 856 1274 883 vel
1290 855 1440 884 viviﬁcat?
1459 856 1605 891 quomodo
1626 855 1776 883 distribuit
1795 855 1868 883 cha-

1041 900 1182 928 rismata?
1195 901 1340 936 quomodo
1353 902 1426 928 Deus
1436 900 1450 928 ?
1465 899 1544 928 Nihil
1566 902 1662 928 autem
1681 900 1804 928 istorum
1821 901 1868 927 de-

161 946 210 977 τός
224 956 252 972 τε
266 944 311 972 καὶ
327 946 489 982 κυριότητος
515 945 679 984 ἀλλοτριοῦν
702 946 874 984 ἐγρυάττετο,
900 948 982 979 οὕτως

1041 944 1115 972 lirus
1131 944 1180 972 ille
1197 945 1275 980 apud
1291 945 1418 972 animam
1437 952 1520 972 suam
1542 946 1679 980 reputans
1700 944 1841 979 cogitabat
1858 952 1864 976 ;

163 989 243 1017 αὐτὸν
268 991 285 1024 ἡ
305 989 367 1028 ἆγία
390 990 436 1017 καὶ
461 989 637 1027 οἶκουμενική
668 990 783 1023 σύνοδος
811 992 857 1019 καὶ
876 995 926 1027 τῆς
946 992 984 1019 ἱε-

163 1035 287 1073 ρωσύνης
320 1034 364 1062 καὶ
393 1038 442 1070 τῆς
469 1037 523 1062 τῶν
553 1038 655 1063 πιστῶν
685 1035 796 1073 μερίδος
824 1037 869 1063 καὶ
890 1047 986 1063 συναυ-

164 1078 228 1109 λίας
242 1080 287 1107 οἶα
303 1078 426 1116 δεύτερον
441 1078 629 1116 ἠλλοτρίωοεν
653 1081 771 1118 Ἀρειον.
792 1081 827 1109 Τὸ
851 1079 880 1108 δὲ
901 1080 985 1108 πανά-

164 1134 225 1161 γιον
251 1123 295 1151 καὶ
321 1124 474 1162 ζωαρχικὸν
501 1127 620 1161 Πνεῦμα,
643 1125 660 1152 ἅ
683 1136 712 1153 τε
734 1124 767 1160 δὴ
794 1126 915 1163 ὁμοφυὲς
942 1125 986 1153 καὶ

164 1166 325 1204 ὸμοούσιον,
343 1167 473 1199 ἰσοσθενές
491 1178 520 1195 τε
532 1168 576 1195 καὶ
597 1167 815 1206 πανταδύναμον,
837 1171 877 1205 τῷ
901 1169 986 1207 Πατρὶ

162 1213 207 1239 καὶ
238 1214 278 1248 τῷ
306 1212 361 1248 Υἱῷ
392 1213 653 1249 συμπροσκυνεῖσθαι
691 1213 736 1240 κάἰ
779 1212 986 1251 συνδοξολογεῖ-

166 1257 238 1292 σθαι,
259 1257 327 1284 κατὰ
348 1256 394 1288 τὰς
419 1258 552 1294 πατρικάς
575 1268 604 1285 τε
628 1257 672 1284 καὶ
698 1256 857 1295 θεολογικὰς
884 1259 985 1295 φωνὰς,

165 1303 351 1340 ἀνεκήρυξαν·
381 1303 563 1342 ἐκθερίσαντες
594 1303 688 1332 τέλεον
729 1305 774 1331 καὶ
815 1304 838 1332 εἳ
876 1315 901 1331 τι
936 1308 986 1340 τῆς

163 1348 308 1385 Ἀρειανῆς
339 1351 441 1386 σπορᾶς
484 1348 599 1383 ζιζάνιον
648 1349 791 1389 ὑπεφύετο.
834 1351 987 1384 Τηνικαῦτα

166 1391 196 1420 δὲ
224 1392 271 1424 τὰς
297 1393 346 1427 τῆς
373 1392 513 1431 βασιλείας
542 1392 620 1428 ἡνίας
649 1394 663 1420 ὁ
698 1394 780 1432 μέγας
810 1394 847 1425 ὡς
875 1393 986 1429 ἀληθῶς

167 1437 213 1464 καὶ
237 1436 359 1475 μεγάλης
383 1438 520 1475 εὐφημίας
545 1438 618 1474 ἄξιος
651 1438 844 1476 περιεζώννυτο
885 1437 986 1466 Θεοδό-

164 1492 235 1517 σιος,
259 1482 406 1520 πρόμαχος
429 1482 473 1510 καὶ
492 1482 572 1513 αὐτὸς
601 1486 650 1518 τῆς
688 1482 827 1514 εὐσεϐείας
855 1482 987 1521 γνωριζό-

164 1537 257 1563 μενος,
287 1525 363 1554 Ἀλλ’
395 1526 420 1554 ἐν
450 1527 557 1559 τούτοις
589 1528 636 1565 μὲν
673 1528 718 1555 καὶ
764 1527 832 1563 αὕτη
866 1529 883 1563 ἡ
927 1527 988 1566 ἁγία

160 1569 286 1602 σύνοδος.

1041 990 1092 1017 sed
1109 997 1199 1017 ausus
1213 992 1258 1017 cst
1274 989 1361 1017 homo
1377 989 1576 1024 importunus,
1593 988 1753 1017 insolenter
1768 998 1784 1016 a
1800 997 1867 1016 mo—

1041 1034 1179 1061 narchica
1194 1034 1288 1068 unica,
1304 1034 1430 1061 indivisa
1446 1033 1558 1061 Deitate
1573 1033 1701 1061 dividere
1712 1033 1865 1068 Spiritum.

1040 1078 1180 1110 Quocirca
1204 1078 1324 1114 dignam
1350 1086 1404 1106 sua
1424 1078 1575 1106 molitione
1593 1078 1680 1113 impia
1702 1078 1866 1106 mercedem

1040 1123 1159 1159 recepit.
1175 1125 1245 1151 Nam
1260 1125 1289 1151 et
1303 1122 1466 1151 sacerdotio
1481 1123 1612 1158 privatus
1629 1122 1825 1157 multabatur;
1840 1124 1869 1150 et

1041 1175 1101 1196 una
1129 1176 1196 1195 cum
1228 1176 1261 1196 eo
1286 1169 1475 1204 quotcunque
1496 1167 1709 1203 incorrigibiles
1731 1168 1863 1195 eamdem

1041 1212 1174 1241 haeresim
1188 1212 1217 1240 in
1231 1213 1322 1240 Deum
1339 1212 1504 1248 blasphemi
1513 1213 1710 1241 sectabantur.
1722 1212 1757 1240 Et
1767 1220 1866 1248 quem-

1041 1257 1200 1286 admodum
1211 1257 1261 1285 ille
1280 1260 1415 1285 sanctum
1436 1257 1578 1293 Spiritum
1598 1257 1727 1285 alienum
1746 1265 1763 1284 a
1782 1257 1864 1285 Trin-

1042 1312 1101 1331 una
1116 1303 1227 1331 Deitate
1250 1304 1279 1330 et
1300 1302 1504 1331 Dominatione
1525 1302 1690 1338 jactitabat,
1715 1302 1754 1330 ita
1782 1301 1865 1330 illum

1041 1350 1140 1376 sancta
1163 1350 1192 1376 et
1214 1347 1388 1375 universalis
1412 1347 1550 1383 synodus,
1575 1349 1715 1382 tanquam
1740 1346 1866 1374 alterum

1041 1393 1155 1427 Arium,
1179 1400 1195 1420 a
1214 1391 1375 1420 sacerdotio
1395 1393 1423 1420 et
1443 1391 1572 1419 ﬁdelium
1593 1391 1726 1420 sodalitio
1745 1398 1778 1420 ac
1801 1399 1866 1427 por-

1041 1438 1119 1466 tione
1145 1436 1302 1466 declaravit
1322 1437 1461 1465 alienum.
1483 1437 1710 1465 Sanctissimum
1732 1444 1817 1472 porro
1840 1439 1868 1464 et

1042 1483 1105 1511 vitae
1115 1483 1269 1510 Auctorem
1281 1481 1471 1517 principalem
1489 1482 1642 1518 Spiritum,
1655 1482 1739 1518 juxta
1750 1483 1866 1509 Patrum

1043 1530 1072 1556 et
1090 1527 1293 1563 theologorum
1318 1526 1487 1560 sententias,
1505 1527 1623 1562 publico
1648 1526 1792 1562 pra-conio
1812 1526 1863 1553 de-

1000 1564 1021 1597 C
1042 1572 1226 1605 monstravit,
1247 1579 1306 1599 una
1320 1579 1386 1599 cum
1403 1571 1487 1599 Patre
1501 1579 1533 1599 ac
1549 1571 1621 1599 Filio
1637 1572 1820 1599 adorandum
1837 1572 1867 1599 et

159 1615 250 1645 simul
268 1615 502 1652 gloriﬁcandum,
523 1619 623 1654 utpote
645 1618 777 1653 ejusdem
802 1617 973 1646 existentem
994 1625 1060 1645 cum
1077 1616 1136 1645 illis
1160 1618 1270 1644 natura:
1293 1616 1535 1652 anhelantiaque,
1561 1616 1623 1652 pari
1645 1615 1802 1652 praeditum
1827 1615 1867 1643 vi,

161 1662 302 1697 potentia,
328 1663 474 1691 facultate.
499 1663 573 1696 Quin
594 1668 620 1691 et
645 1664 669 1692 si
693 1663 772 1700 quod
794 1664 971 1692 zizaniorum
995 1662 1091 1691 adhuc
1114 1663 1148 1690 de
1168 1661 1279 1689 semine
1294 1660 1354 1688 Arii
1377 1660 1637 1697 suppullulaverst,
1656 1663 1684 1689 et
1704 1660 1776 1689 illud
1798 1661 1866 1689 stir-

160 1706 240 1742 pitus
255 1707 429 1735 evellebant.
447 1708 561 1744 Imperii
577 1716 661 1744 porro
676 1710 747 1736 tunc
758 1708 898 1744 temporis
913 1708 994 1736 frena
1010 1707 1214 1736 moderabatur
1229 1713 1353 1742 magnus
1372 1705 1421 1733 ille
1442 1708 1471 1733 et
1485 1714 1591 1742 magno
1612 1706 1732 1734 laudum
1757 1714 1867 1741 praeco-

160 1751 210 1779 nio
236 1751 426 1780 celebrandus
442 1752 645 1788 Theodosius;
666 1753 715 1790 qui
746 1753 888 1790 religiose
913 1753 1028 1790 pietatis
1055 1753 1256 1789 propugnator
1279 1750 1411 1787 egregius
1438 1751 1588 1779 existebat.
1613 1752 1708 1787 Atque
1727 1751 1763 1779 ad
1788 1750 1866 1780 hunc

159 1797 279 1824 modum
296 1796 401 1825 habuit
416 1805 448 1826 se
461 1797 519 1826 ista
534 1799 671 1834 synodus.

199 1841 240 1869 ια’.
270 1841 303 1869 Ἡ
322 1839 350 1869 δὲ
374 1841 440 1880 ἁγία
464 1842 509 1869 καὶ
533 1841 711 1879 οἷκουμενικὴ
728 1842 806 1880 τρίτη
823 1841 936 1874 σύνοδος
957 1842 982 1870 ἐν

163 1886 212 1923 μὲν
238 1886 272 1923 τῇ
300 1887 367 1914 κατὰ
391 1887 441 1921 τήν
464 1886 555 1915 Ἀσίαν
581 1887 685 1926 Ἐφέσῳ
714 1888 919 1925 συνεκροτήθη·
946 1887 984 1919 είς

160 1930 319 1961 διακοσίους
348 1930 377 1958 δὲ
400 1930 577 1966 ἐπληθύνετο.
604 1932 647 1959 Ἐν
675 1933 719 1964 οἷς
741 1932 873 1969 ἡγεμόνες
896 1933 983 1970 ἒγνω-

158 1975 278 2014 ρίζοντο,
301 1974 440 2012 Κύριλλός
462 1986 491 2003 τε
515 1977 529 2003 ὁ
554 1976 580 2003 ἐν
605 1977 722 2013 πατράσι
748 1976 932 2013 περιώνυμος,
952 1976 981 2007 ’ὸς

159 2018 194 2047 δι’
218 2019 316 2057 ἀρετὴν
340 2020 386 2047 καί
407 2020 502 2059 σοφίας
525 2021 644 2049 πλοῦτον
670 2023 720 2055 τῆς
738 2019 916 2058 Ἀλεξάνδρου
934 2030 982 2057 με·

157 2064 339 2102 γαλοτιόλεως
356 2064 454 2093 ἰθύνων
468 2066 514 2093 τὸν
534 2066 639 2103 θρόνον,
659 2066 703 2093 καὶ
722 2059 776 2093 ίτοῦ
802 2066 912 2102 Ῥώμης
933 2068 980 2092 Κε-

157 2109 281 2137 λεστίνου
305 2110 355 2144 τήν
380 2109 510 2148 καθέδραν
530 2110 685 2148 ἀνεπλήρου
710 2111 755 2138 καὶ
774 2110 805 2138 τὸ
824 2110 980 2148 πρόσωπον.

156 2155 223 2182 Μεθ’
243 2155 280 2181 ὧν
297 2155 340 2181 καὶ
359 2154 487 2192 Μέμνων,
504 2156 518 2182 ὁ
540 2159 590 2191 τῆς
611 2155 742 2195 Ἐφεσίων
763 2154 909 2190 ἐκκλησίας
935 2154 983 2191 ἐμ-

156 2200 371 2235 πεπιστευμὲνος
385 2199 449 2231 τοὺς
464 2199 567 2232 οἵακας·
580 2200 624 2228 καὶ
636 2200 669 2235 δὴ
680 2201 724 2228 καὶ
737 2201 751 2227 ὁ
766 2202 819 2228 τῶν
833 2199 982 2238 Ἰεροσολύ-

157 2254 227 2280 μων,
252 2241 441 2275 Ἰουόενάλιος.
469 2243 569 2275 οἵτινες
594 2245 641 2273 σὺν
665 2245 742 2273 παντὶ
767 2247 806 2281 τῷ
825 2248 874 2279 τῆς
904 2244 980 2271 συνό-

156 2287 204 2316 δου
219 2288 401 2326 πληρώματι,
416 2289 462 2317 τὸν
489 2287 605 2324 δυσσεϐῆ
630 2290 787 2328 Νεστόριον,
817 2300 854 2317 ων
873 2287 978 2324 ἠσέϐει,

156 2330 233 2364 δίκας
267 2333 485 2371 εἶσεπράττοντο.
519 2335 566 2365 ’Ός
595 2333 625 2362 ἐκ
651 2337 702 2369 τῆς
733 2335 887 2372 Ἀντιόχου,
928 2336 980 2368 τῆς

154 2378 224 2415 πρὸς
250 2380 291 2414 τῷ
319 2379 443 2416 Ὀροντῃ,
472 2379 645 2416 ὁρμώμενος,
678 2379 724 2407 τὸν
760 2382 979 2407 Κωνσταντινου-

154 2421 266 2453 πόλεως
287 2422 382 2459 θρόνον
406 2423 458 2450 οὒκ
481 2422 587 2462 εὒαγῶς
609 2423 792 2462 ἐγκεχείριστο
807 2425 876 2461 (15).
901 2421 980 2450 Ἀλλ’

156 2467 203 2506 ὅγε
231 2468 407 2505 ταλαίπωρος
441 2468 532 2505 οὗτος,
560 2468 591 2496 ἐκ
618 2471 672 2497 τῶν
692 2470 748 2506 (16)
776 2467 915 2505 Διοδώροῦ
934 2468 979 2495 καὶ

193 2532 204 2549 ²
219 2531 323 2559 Matth.
339 2539 436 2566 xxvm,
457 2531 549 2559 18-20.

1075 1842 1118 1869 11.
1139 1840 1238 1869 Tertia
1257 1843 1354 1868 autem
1374 1841 1476 1868 sancta
1490 1842 1518 1868 et
1538 1840 1712 1869 universalis
1738 1841 1864 1877 synodus

1038 1886 1143 1922 Ephesi
1151 1885 1180 1913 in
1187 1885 1255 1913 Asia
1262 1885 1620 1921 congregabatur,numero
1627 1885 1784 1914 ducenaria
1791 1893 1863 1913 com-

1037 1931 1124 1967 pleta.
1143 1929 1289 1965 Principes
1299 1938 1383 1964 porro
1399 1929 1577 1963 ferebantur,
1587 1930 1712 1966 Cyrillus
1732 1930 1780 1958 ille
1792 1930 1867 1958 inter

1037 1975 1136 2003 Patres
1151 1973 1417 2008 nominatissimus,
1434 1974 1482 2009 qui
1498 1976 1526 2001 et
1547 1974 1653 2003 virtute
1666 1977 1695 2002 et
1712 1975 1866 2010 prudentia

1037 2018 1282 2048 instructissimus
1299 2026 1411 2053 magna:
1425 2018 1505 2046 illius
1520 2018 1674 2047 Alexandri
1688 2019 1769 2047 urbis
1787 2019 1865 2047 thro-

1037 2071 1109 2092 num
1128 2062 1295 2091 insidebat:
1319 2070 1432 2090 necnon
1452 2062 1599 2090 leestini
1620 2063 1756 2090 Romanis
1784 2063 1865 2090 urbis

1036 2108 1163 2145 episcopi
1179 2107 1279 2135 obibat
1294 2108 1323 2135 et
1337 2107 1492 2143 peragebat
1507 2107 1593 2135 vices.
1609 2107 1717 2135 Aderat
1731 2109 1759 2135 et
1774 2107 1864 2135 Mem-

1037 2163 1105 2188 non,
1121 2153 1170 2189 qui
1185 2153 1220 2181 ad
1251 2151 1364 2180 clavum
1389 2151 1542 2188 Ephesium
1563 2152 1696 2181 Ecclesiae
1720 2152 1860 2180 sedebat:

1035 2197 1205 2228 Juvenalius
1220 2204 1337 2233 qquue
1352 2196 1629 2233 Hierosolymorum.
1647 2197 1708 2231 Isti,
1721 2206 1780 2225 una.
1796 2205 1862 2225 cum

1034 2244 1123 2273 totius
1138 2242 1242 2279 synodi
1264 2249 1404 2270 consessu
1419 2243 1532 2277 caetero,
1558 2242 1594 2270 ab
1617 2242 1708 2278 impio
1730 2242 1863 2270 Nestorio

1036 2287 1198 2325 impietatis
1208 2296 1269 2316 sua:
1285 2295 1384 2323 pcenas
1400 2286 1598 2323 reposcebant.
1614 2286 1665 2315 Ille
1683 2288 1781 2314 autem
1803 2288 1864 2314 An-

1033 2333 1142 2363 tiochia
1154 2337 1234 2361 ortus
1251 2332 1287 2360 ad
1301 2332 1432 2360 Orontem
1455 2331 1565 2360 ﬂumen
1589 2331 1654 2367 sita,
1685 2333 1775 2367 atque
1795 2331 1862 2360 inde

1034 2379 1188 2415 profectus,
1201 2376 1306 2405 solium
1322 2376 1676 2412 Constantinopolitanum
1692 2376 1770 2404 haud
1794 2385 1863 2405 sane

1032 2422 1163 2459 legitime
1170 2421 1386 2449 conscenderat.
1395 2420 1499 2449 Infelix
1513 2420 1570 2448 iste
1581 2420 1669 2449 homo
1684 2421 1720 2448 de
1731 2420 1843 2449 lutulen
1851 2437 1862 2442 -

1034 2467 1072 2496 tis
1093 2464 1210 2494 Diodori
1225 2467 1253 2493 et
1267 2464 1408 2494 Theodori
1423 2465 1608 2499 impietatum
1619 2465 1862 2502 scaturiginibus,

954 2577 1070 2605 NOTAE.

191 2634 248 2672 (15)
264 2633 322 2662 Οὐκ
342 2633 445 2672 εὐαγῷς
469 2633 665 2672 ἐγκεχείριστο.
689 2634 884 2672 Inauspicato,
908 2635 977 2672 alio-

154 2670 226 2705 quin
243 2670 401 2705 perperam
410 2670 493 2699 haud
505 2670 640 2707 ascendit
650 2670 917 2707 episcopatum,sed
929 2679 978 2705 per

151 2706 336 2742 canonicam,
348 2706 372 2733 si
383 2707 449 2742 quis
469 2707 555 2742 alius,
567 2706 749 2735 electionem.
763 2707 825 2734 Post
838 2714 977 2734 excessum

151 2741 285 2775 Sisinnii,
301 2741 398 2778 inquit
413 2741 554 2776 Socrates,
572 2742 622 2770 lib.
639 2750 686 2776 vn,
704 2750 769 2778 cap.
784 2742 926 2776 27,visum
935 2744 977 2770 est

150 2777 316 2812 imperatori
329 2780 443 2814 propter
457 2778 579 2806 homines
594 2777 724 2806 inanium
738 2777 832 2806 rerum
844 2781 970 2814 appeten-

153 2814 199 2846 tes,
216 2814 355 2850 neminem
364 2821 400 2850 ea;
411 2812 463 2841 ista
478 2815 608 2849 Ecclesia,
625 2814 687 2842 licet
702 2814 790 2850 aliqui
803 2812 974 2850 Philippum,

152 2849 306 2883 complures
320 2849 449 2877 Proetum
463 2849 638 2885 designatum
650 2849 793 2885 cuperent,
814 2850 850 2877 ad
873 2849 976 2885 episco~

152 2885 248 2920 patum
265 2885 346 2912 illum
361 2884 475 2921 eligere,
496 2884 543 2914 sed
561 2886 696 2915 advenam
716 2885 862 2915 Antiochia
883 2884 975 2914 orces-

1031 2642 1101 2662 tere.
1128 2634 1236 2662 Deinde
1260 2632 1408 2660 hominem
1434 2631 1609 2660 accersitum
1632 2631 1674 2659 ita
1696 2631 1854 2660 describit:

1031 2670 1105 2698 Erat
1119 2669 1183 2697 illic
1198 2670 1338 2697 [Vestorius
1352 2677 1389 2697 ex
1403 2668 1551 2696 Germania
1564 2667 1709 2701 oriundus,
1726 2675 1788 2696 voce
1801 2669 1855 2695 im—

1029 2705 1129 2741 primis
1153 2713 1263 2740 sonora,
1286 2705 1382 2740 lingua
1405 2704 1520 2739 diserta,
1548 2708 1575 2741 et
1591 2703 1711 2741 ob_eam
1743 2711 1855 2730 causam

1031 2739 1163 2777 tanquam
1178 2741 1213 2768 ad
1228 2739 1381 2769 docendum
1396 2742 1525 2776 populum
1541 2739 1689 2777 admodum
1703 2746 1853 2777 accommo-

1030 2775 1119 2805 datus.
1135 2778 1303 2805 Accersitus
1318 2775 1417 2812 igitur,
1429 2775 1458 2804 et
1469 2777 1608 2804 canonice
1619 2775 1729 2812 electus
1745 2775 1854 2801 inthro-

1030 2813 1153 2848 nizatur.
1181 2812 1280 2847 Qualis
1309 2811 1407 2841 autem
1432 2812 1481 2840 ille
1503 2815 1605 2848 postea
1630 2811 1660 2839 in
1684 2811 1851 2846 episcopatu

1029 2845 1186 2883 exstiterit,
1194 2845 1306 2877 notum
1322 2850 1377 2883 est.

1069 2885 1127 2921 (16)
1149 2880 1197 2912 Ἐκ
1219 2887 1273 2911 τῶν
1300 2882 1438 2921 Διοδώρου
1462 2883 1506 2910 καὶ
1533 2880 1686 2918 Θεοδώρου.
1716 2880 1852 2916 intelligit
