4090 6228
351 361 469 422 639

1567 347 1825 410 PHOTII
1875 347 2395 409 PATRIARCHJE
2437 349 2555 408 GP.

3643 359 3762 418 640

353 495 455 552 ubi
487 495 788 566 potaverat
817 489 962 562 ipse,
995 491 1052 544 et
1083 488 1275 542 mente
1305 483 1500 539 ebrius
1541 496 1669 538 esse
1717 485 1986 551 coeperat,

2106 477 2388 554 Θεοδώρου
2419 477 2662 554 θολερῶν
2691 481 2790 548 τῆς
2823 474 3066 542 ἀσεϐείας
3119 479 3428 561 ἑκροφήσας
3475 486 3766 558 ναμάτων,

360 585 430 640 ad
457 582 772 655 perniciem
807 577 995 651 gregis
1025 576 1140 642 sui,
1189 573 1476 629 absurdae
1507 575 1563 627 et
1604 570 1998 626 abhorrendas

356 673 644 746 quaedam
681 687 849 727 voces
873 668 1188 724 multorum
1222 663 1465 720 auribus
1496 661 1815 732 ingerebat.
1841 660 2001 715 Chri-

356 771 516 821 stum
548 762 783 824 etenim,
812 759 904 815 Dei
939 757 1144 813 Filium
1196 755 1456 823 unicum,
1507 757 1688 806 Deum
1732 756 1997 807 nostrum

354 871 577 920 verum,
614 853 710 924 qui
745 858 974 922 propter
1003 863 1106 902 nos
1136 849 1190 900 et
1221 843 1469 900 salutem
1504 848 1765 897 nostram
1806 842 1997 898 carnis

355 947 530 1015 atque
562 939 870 1012 sanguinis
889 935 1093 1001 nostri,
1118 933 1331 990 similis
1362 933 1532 987 nobis
1565 933 1749 986 factus
1770 929 1996 1001 partici-

354 1034 527 1105 pavit,
559 1036 614 1086 et
645 1030 702 1084 in
736 1029 996 1100 seipsum
1026 1029 1282 1080 nostram
1329 1021 1653 1094 suscipiens
1691 1025 1746 1076 et
1779 1021 1996 1076 substi-

351 1128 522 1178 tuens
554 1135 829 1186 massam,
859 1132 1012 1172 unus
1044 1131 1074 1169 e
1108 1113 1333 1168 duobus
1370 1110 1677 1167 contrariis
1715 1109 1998 1166 conﬂatus

353 1209 686 1265 dicebatur:
714 1207 867 1262 Deus
888 1219 1097 1275 nempe
1121 1203 1274 1256 idem
1299 1206 1476 1272 atque
1499 1199 1672 1255 homo
1692 1198 1998 1264 exsistens,

354 1315 500 1356 unus
532 1297 816 1362 Christus,
854 1294 1036 1350 Filius
1070 1307 1241 1357 unus,
1274 1291 1425 1344 idem
1443 1290 1750 1344 desursum
1776 1305 1806 1343 e
1829 1287 1998 1342 Patre

351 1388 478 1444 sine
511 1391 718 1449 matre,
742 1384 842 1456 qui
874 1383 1146 1438 deorsum
1179 1387 1298 1435 erat
1331 1395 1360 1432 e
1401 1381 1579 1433 matre
1622 1377 1748 1432 sine
1788 1376 1953 1432 Patre
1981 1392 1994 1430 :

350 1477 473 1547 ipse
505 1483 557 1530 et
588 1489 703 1529 non
736 1472 905 1538 alius,
939 1471 1136 1526 eadem
1162 1483 1428 1539 persona,
1463 1465 1792 1538 bypostasis
1828 1482 1947 1520 una
1980 1481 1992 1519 :

350 1565 515 1620 Hunc
540 1563 760 1619 scilicet
784 1576 962 1616 unum
979 1558 1294 1613 Dominum
1320 1559 1584 1611 nostrum
1607 1555 1812 1610 Jesum
1836 1554 1999 1609 Chri-

352 1660 506 1710 stum
539 1652 982 1708 infelicissimus
1016 1647 1111 1703 ille
1136 1646 1280 1701 nihil
1321 1645 1618 1700 veritusin
1643 1645 1786 1698 duas
1815 1643 1995 1716 hypo-

352 1751 534 1800 stases
565 1741 855 1796 dissecare
885 1743 942 1794 et
980 1737 1255 1800 dividere,
1279 1735 1513 1790 alteram
1549 1749 1771 1788 merum
1803 1738 1859 1788 et
1890 1749 1995 1803 pu-

353 1850 484 1889 rum
518 1832 815 1888 hominem
851 1829 1130 1885 confinxit
1163 1827 1220 1880 in
1270 1842 1380 1882 sua
1427 1825 1657 1896 propria
1699 1824 1996 1896 hypostasi

2106 1827 2196 1877 τοῦ
2255 1819 2667 1898 προσλαϐόντος
2728 1825 2932 1898 Λόγου,
2999 1825 3117 1879 κατ’

349 1923 792 1986 subsistentem,
824 1918 1136 1990 separatim
1181 1933 1214 1972 a
1247 1915 1428 1970 Verbo
1461 1919 1818 1978 assumento,
1859 1914 1997 1968 alteo

351 2030 472 2068 ram
504 2027 637 2066 vero
668 2009 898 2064 divisim
937 2009 1114 2062 Deum
1147 2009 1484 2060 assumento
1517 2003 1675 2060 omni
1720 2019 1996 2073 corporeo

351 2102 709 2158 denudatum
746 2115 759 2155 :
795 2098 1008 2154 veritus
1042 2095 1329 2162 fortassis,
1363 2111 1474 2164 qua
1499 2094 1608 2148 fuit
1638 2092 1998 2159 stultitia,ne

351 2192 488 2264 quid
521 2193 814 2262 pateretur
833 2187 1007 2251 Deus,
1045 2187 1180 2240 dum
1209 2192 1440 2256 prOpter
1460 2199 1716 2238 amorem
1741 2199 1877 2254 erga
1900 2182 1999 2238 ho-

348 2281 541 2337 mines
563 2277 1028 2350 inexplicabilem
1053 2291 1214 2331 suam
1241 2276 1421 2346 ipsius
1441 2273 1618 2328 subiit
1647 2277 1994 2340 creaturam,

351 2372 586 2428 utillam
603 2371 977 2441 refingeretet
991 2369 1344 2438 persanaret.
1365 2364 1561 2435 Neque
1577 2363 1719 2418 illud
1735 2363 1996 2418 animad-

351 2461 547 2527 vertit,
581 2459 730 2531 quod
755 2475 820 2513 eo
849 2458 974 2529 ipso
1009 2457 1067 2512 in
1099 2472 1213 2527 quo
1257 2459 1522 2510 naturam
1566 2453 1884 2508 humanam
1924 2453 1994 2507 ab

352 2546 656 2618 hypostasi
687 2543 859 2600 Verbi
891 2542 1199 2612 separavit,
1234 2543 1500 2596 eamdem
1545 2539 1714 2611 plane
1757 2539 1994 2594 insana-

349 2635 527 2690 bilem
582 2638 756 2704 atque
814 2630 1197 2687 incurabilem
1259 2629 1693 2701 pradicaverit;
1751 2627 1996 2700 ipseque

351 2725 496 2780 adeo
516 2739 686 2779 suam
717 2721 1012 2795 propriam
1038 2719 1285 2775 salutem
1307 2722 1624 2786 aversetur,
1648 2734 1774 2772 eam
1821 2719 1989 2790 plane

351 2812 710 2885 sbnegando.
745 2811 855 2867 Sed
888 2815 945 2866 et
967 2809 1229 2877 ulterius,
1264 2808 1433 2880 quasi
1456 2807 1602 2865 ratio
1625 2808 1736 2879 ipsi
1760 2809 1996 2879 penitus

352 2903 560 2958 fuisset
593 2903 962 2972 eXpectorata
999 2915 1033 2954 a
1081 2897 1368 2970 perversis
1409 2896 1569 2953 hisce
1613 2896 1992 2968 opinionibus

347 2991 489 3057 suis,
524 2989 642 3061 pati
674 2987 862 3045 noluit
892 2991 1135 3043 matrem
1185 2986 1310 3057 ejus
1351 2987 1677 3042 secundum
1735 3002 1991 3056 carnem,

348 3078 784 3136 sanctissimam
820 3092 1029 3148 nempe
1059 3074 1382 3148 Virginem,
1416 3092 1542 3148 quae
1571 3076 1847 3133 veraciter
1867 3076 1996 3148 qui-

2107 568 2196 624 καῖ
2243 568 2324 632 εἷς
2370 569 2575 647 φρενών
2627 569 2794 641 μέθην
2842 568 3112 642 ἐμπεσὼν,
3161 571 3402 652 ἀπηχεῖς
3459 575 3552 628 καὶ
3601 574 3764 630 ἐκτό-

2107 679 2242 721 πους
2285 657 2487 735 φωνάς,
2521 656 2607 712 ἐπὶ
2641 656 2790 731 λύμῃ
2818 663 2916 712 τοῦ
2964 659 3244 733 ποιμνίου,
3284 660 3514 716 πολλῶν
3568 664 3763 726 ἀκοαῖς

2108 748 2530 818 ἐναπηρεύξατο.
2564 749 2792 822 Χριστὸν
2835 750 2961 822 γάρ,
2993 751 3084 804 τὸν
3127 749 3215 806 ἕνα
3264 756 3398 806 Θεοῦ
3445 754 3571 807 Υἱὸν
3621 756 3772 828 (1⁸7),

2106 841 2196 895 τὸν
2246 838 2509 910 ἀληθινὸν
2556 840 2686 894 Θεὸν
2735 843 2918 913 ἡμῶν,
2969 842 3027 903 ὃς
3077 839 3146 896 δι’
3196 845 3342 915 ἡμᾶς
3381 845 3470 898 καὶ
3521 842 3614 898 διά
3661 847 3766 914 τήν

2108 929 2376 1004 ἡμετέραν
2446 928 2717 1003 σωτηρίαν
2796 931 3016 1003 σαρκὸς,
3111 933 3248 1004 ἡμῖν
3327 933 3765 1007 παραπλησίως,

2105 1022 2449 1089 κοινωνήσας
2503 1019 2591 1073 καὶ
2646 1017 2899 1092 αἵματος,
2944 1021 3032 1074 καὶ
3083 1020 3160 1082 εἷς
3211 1023 3397 1076 ἑαυτὸν
3446 1022 3509 1078 τὸ
3562 1025 3771 1096 ἡμὲτε-

2110 1128 2202 1182 ρον
2257 1108 2702 1180 ὑποστησάμενος
2750 1109 2994 1186 φύραμα,
3041 1111 3122 1172 εἷς
3162 1108 3222 1165 ἐκ
3269 1108 3368 1165 δύο
3414 1110 3767 1187 ἐχρημάτισε

2105 1199 2214 1250 τῶν
2263 1193 2537 1263 ἐναντίων,
2592 1197 2720 1256 Θεὸς
2769 1198 2797 1251 6
2864 1197 3026 1259 αὐτὸς
3087 1197 3350 1273 ὑπάρχων
3401 1199 3493 1253 καὶ
3551 1199 3766 1275 ἅνθρω-

2106 1304 2228 1346 πος·
2282 1286 2362 1345 εἷς
2411 1286 2664 1360 Χριστὸς,
2714 1288 2793 1348 εἷς
2843 1288 2989 1354 Υἱὸς,
3036 1289 3063 1342 6
3109 1288 3272 1351 αὐτὸς
3307 1287 3419 1343 ἅνω
3451 1287 3511 1344 ἐκ
3543 1291 3761 1364 Πατρὸς

2105 1375 2363 1448 ἀμήτωρ,
2414 1375 2503 1428 καὶ
2546 1378 2694 1430 κάτω
2745 1374 2804 1430 ἐκ
2845 1377 3054 1450 μητρὸς
3094 1377 3338 1453 ἀπάτωρ·
3390 1378 3417 1431 ὁ
3470 1378 3638 1439 αὐτὸς
3671 1380 3766 1433 καὶ

2108 1465 2209 1519 οὐκ
2239 1461 2429 1525 ἄλλος’
2462 1463 2517 1518 ἓν
2555 1465 2872 1539 πρόσωπον,
2930 1464 3026 1538 μία
3076 1465 3387 1529 ὑπόστασις.
3441 1471 3640 1522 Τοῦτον
3694 1465 3766 1536 δὴ

2106 1555 2196 1608 τὸν
2242 1551 2358 1623 ἕνα,
2421 1555 2616 1628 Κύριον
2664 1557 2823 1627 ἡμῶν
2869 1555 3084 1625 Ἰησοῦν
3131 1555 3220 1610 τὸν
3269 1557 3519 1630 Χριστὸν,
3551 1557 3628 1619 εἷς
3667 1553 3767 1612 δύο

2104 1647 2319 1717 τέμνειν
2350 1647 2436 1700 καὶ
2474 1643 2702 1719 διαιρεῖν
2737 1646 3081 1712 ὑποστάσεις,
3110 1647 3138 1702 ὁ
3191 1646 3508 1723 τρισάθλιος
3557 1646 3764 1710 ἐκεῖνος

2110 1735 2171 1790 ού
2220 1736 2520 1813 πεφρικὼς,
2568 1736 2659 1789 τὸν
2714 1737 2810 1807 μὲν
2859 1734 3021 1809 ψιλὸν
3071 1733 3370 1811 ἄνθρωπον,
3428 1738 3518 1791 καὶ
3583 1738 3768 1812 χωρὶς

3204 1823 3343 1879 ἰδίαν
3440 1824 3764 1898 ὑπόστασιν,

2107 1906 2358 1980 ἔπλαττε,
2417 1914 2508 1968 τὸν
2566 1910 2623 1967 δὲ
2669 1914 2796 1968 Θεὸν
2845 1913 2943 1968 ἀνά
3004 1915 3186 1986 μέρος,
3247 1914 3336 1968 καὶ
3395 1917 3602 1990 γυμνὸν
3659 1920 3758 1970 τοῦ

2107 2001 2568 2076 προσλήμματοςο
2619 2002 2797 2078 ὥσπερ
2844 1999 3107 2066 δεδοικὼς
3165 2005 3191 2058 6
3257 2005 3512 2074 ἀνόητος,
3579 2007 3656 2076 μή
3710 2026 3766 2060 τι

2108 2093 2237 2153 Θεὸς
2287 2094 2472 2159 πάθοι,
2520 2093 2580 2147 τὸ
2635 2092 2834 2147 οἰκεῖον
2895 2091 3123 2164 πλάσμα
3173 2089 3243 2146 δι’
3297 2092 3498 2171 ἄφατον
3562 2093 3757 2172 φιλαν-

2109 2181 2372 2256 θρωπίαν,
2405 2180 2482 2243 εἰς
2521 2181 2828 2257 θεραπείαν,
2858 2181 2946 2236 καὶ
2997 2180 3294 2237 ἀνάπλασιν
3349 2179 3754 2255 ὑποδυόμενος.

2107 2268 2242 2325 Οὐδὲ
2284 2275 2446 2326 τοῦτο
2498 2268 2750 2338 συνιδὼν,
2801 2271 2876 2334 ὡς
2926 2273 3009 2332 οἷς
3056 2271 3154 2338 τήν
3198 2271 3544 2345 ἀνθρωπίνην
3597 2273 3756 2348 φύσιν

2105 2366 2205 2429 τῆς
2253 2364 2350 2414 τοῦ
2397 2361 2584 2436 Λόγου
2633 2358 2878 2434 ἐὸίχαζεν
2928 2360 3294 2427 ὑποστάσεως,
3326 2361 3542 2415 ἀνίατον
3587 2360 3756 2430 αὐτὴν

2105 2449 2196 2504 καὶ
2262 2449 2614 2523 ἀθερέπευτον
2663 2449 3012 2523 ἀνεκήρυττε,
3061 2447 3149 2504 καὶ
3193 2455 3295 2518 τῆς
3347 2446 3486 2511 ἰδίας
3545 2448 3763 2524 ἔξαρνος

2108 2541 2383 2613 σωτηρίας
2413 2538 2676 2615 ἐγίγνετο.
2704 2537 2882 2595 Ἀλλά
2903 2540 3004 2614 γὰρ
3037 2547 3084 2610 Ιι,
3113 2541 3242 2600 τοὺς
3275 2538 3583 2614 λογισμοὺς
3607 2539 3761 2603 ὅλως

2106 2629 2166 2686 ἐκ
2209 2630 2417 2684 τούτων
2471 2627 2839 2704 διαστραφεὶς,
2891 2626 3016 2683 οὑδὲ
3063 2630 3162 2698 τήν
3202 2627 3366 2683 αὐτοῦ
3415 2629 3553 2684 κατὰ
3585 2631 3762 2704 σάρκα

2109 2718 2339 2792 μητέρα,
2395 2719 2494 2787 τὴν
2554 2718 2814 2794 παναγίαν
2872 2719 3162 2793 Παρθένον,
3229 2719 3330 2787 τήν
3389 2719 3595 2794 κυρίως
3660 2722 3756 2774 καὶ

2106 2807 2330 2878 ἀληθῶς
2360 2809 2452 2862 τὸν
2495 2808 2623 2862 Θεὸν
2659 2808 2830 2884 Λόγον
2870 2807 3277 2882 σεσαρκωμένον
3306 2812 3591 2878 τεκοῦσαν,
3625 2808 3756 2864 οὐδὲ

2103 2896 2304 2967 ταύτην
2350 2896 2534 2952 καλεῖν
2587 2897 2848 2952 Θεοτόκον
2893 2898 3179 2972 ἠνέσχετο·
3241 2895 3367 2953 ἀλλ’
3426 2895 3608 2972 ὥσπερ
3657 2900 3755 2953 τὸν

2105 2986 2225 3040 Υίὸν
2279 2985 2554 3062 ἀπεστέρει
2605 2992 2705 3056 τῆς
2751 2986 3035 3058 θεότητος,
3075 2984 3248 3049 οὕτως
3295 2985 3590 3061 ἠλλοτρίου
3650 2989 3747 3043 καί

2102 3077 2200 3145 τήν
2233 3077 2641 3151 γεννησαμένην
2670 3082 2770 3145 τῆς
2801 3077 3070 3132 Θεοτόκου
3108 3075 3381 3147 κλήσεως.

351 3169 484 3225 dem
515 3185 550 3223 a
579 3165 856 3239 peculiari
892 3182 998 3222 suo
1035 3167 1208 3221 modo
1237 3166 1422 3222 Deum
1453 3165 1707 3222 Verbum
1767 3166 2137 3223 incarnatum
2175 3171 2497 3239 pepererat,
2544 3167 2845 3238 Deiparam
2887 3167 3175 3224 nominari
3209 3185 3222 3223 :
3267 3169 3367 3224 sed
3401 3169 3485 3223 uti
3524 3167 3748 3224 Filium

345 3257 598 3330 privaret
629 3255 867 3321 deitate,
897 3255 977 3310 ita
1009 3258 1309 3326 parentem
1333 3256 1464 3326 ejus
1486 3272 1518 3310 a
1541 3254 1710 3310 titulo
1729 3256 1989 3328 Deiparaa
2021 3255 2271 3312 alienam
2300 3256 2452 3312 fecit.

416 3348 503 3402 12.
528 3345 812 3412 Quorcica
833 3345 1013 3412 hunc,
1038 3350 1206 3416 prout
1229 3346 1474 3401 meritus
1500 3345 1685 3401 fuerat
1707 3361 1808 3417 per
1840 3345 1988 3400 banc
2021 3349 2071 3414 Ο

347 3453 518 3494 suam
551 3435 843 3490 insaniam
876 3439 931 3490 et
963 3433 1224 3506 linguam
1258 3434 1685 3505 blasphemam,
1715 3450 1878 3489 sacer
1900 3433 1989 3488 hic

344 3526 649 3582 beatorum
673 3526 912 3579 Patrum
945 3524 1248 3578 confessus
1281 3523 1439 3578 omni
1473 3523 1796 3578 sacerdotio
1818 3523 1994 3577 denu-

345 3615 518 3682 davit,
541 3617 617 3683 et,
650 3631 765 3670 una
794 3629 925 3668 cum
951 3613 1135 3685 ipsius
1161 3612 1394 3684 prepria
1415 3616 1471 3667 et
1503 3613 1844 3668 detestanda
1862 3627 1995 3668 sen-

347 3703 548 3772 tentia,
580 3703 938 3774 sempiterno
970 3700 1216 3772 subjecit
1257 3700 1636 3757 anathemati.
1682 3701 1995 3757 Dominum

349 3807 480 3849 vero
524 3796 786 3848 nostrum
828 3791 1031 3847 Jesum
1073 3790 1391 3857 Christum,
1447 3791 1507 3846 in
1542 3805 1655 3845 una
1705 3795 1761 3845 et
1795 3791 1995 3846 eadem

345 3882 668 3954 hypostasi,
706 3897 865 3937 more
894 3882 1067 3936 veteri
1115 3884 1171 3935 et
1200 3897 1232 3935 a
1272 3880 1509 3936 Patrum
1552 3880 1858 3936 traditione
1898 3897 1994 3936 ac-

345 3979 528 4043 cepto,
561 3969 996 4042 pradicandum
1029 3973 1085 4025 et
1119 3970 1484 4025 adorandum
1517 3971 1818 4026 decrevere
1846 3986 1858 4025 :
1882 3970 1996 4026 Nec

349 4070 662 4135 nou,prout
684 4076 1050 4133 consequens
1073 4065 1214 4128 erat,
1243 4060 1674 4116 immaculatam
1695 4069 1749 4116 et
1767 4075 1997 4132 semper

345 4151 630 4224 virginem
663 4153 792 4223 ejus
827 4154 1068 4209 Matrem
1102 4151 1334 4223 proprie
1349 4157 1406 4206 et
1436 4167 1564 4208 vere
1583 4151 1995 4207 nominandam

349 4247 408 4298 et
440 4241 870 4315 praedicandam
905 4241 1209 4312 Deiparam
1246 4240 1570 4312 prodidere.
1597 4243 1674 4296 Eo
1695 4241 1850 4296 enim
1871 4241 2022 4311 ipso'

345 4333 496 4404 quod
534 4332 713 4386 Deum
734 4330 1012 4395 Verbum,
1048 4330 1106 4383 in
1141 4345 1312 4384 carne
1344 4329 1651 4399 dignatum
1688 4330 1870 4399 nasci,
1897 4345 1996 4402 pe-

346 4421 514 4492 perit,
549 4419 852 4485 Deiparam
890 4432 994 4472 nec
1026 4416 1244 4484 injuria
1275 4420 1330 4472 et
1354 4415 1469 4471 dici
1506 4421 1561 4472 et
1583 4417 1692 4472 coli
1724 4422 1781 4473 et
1807 4435 1913 4489 par
1941 4422 1996 4473 et

343 4513 612 4565 sanctum
638 4511 746 4561 est.
767 4510 952 4576 Atque
965 4503 1127 4559 hisce
1148 4503 1232 4560 ita
1254 4505 1663 4560 determinetis
1687 4506 1856 4561 finem
1874 4522 1999 4561 sus-

2175 3344 2263 3419 ιβ“.
2300 3345 2377 3398 Δι’
2416 3344 2444 3398 ’ὀ
2493 3348 2708 3414 τοῦτον,
2748 3343 2910 3416 ἀξίως
2958 3351 3058 3414 τῆς
3104 3343 3448 3415 τηλικαύτης
3485 3344 3753 3406 ἀπονοίας

2098 3433 2186 3486 καὶ
2216 3435 2314 3501 τῆς
2351 3432 2684 3510 βλασφήμου
2715 3433 2996 3510 γλώσσης,
3043 3438 3150 3489 τῶν
3199 3433 3478 3508 μακαρίων
3531 3439 3752 3508 πατρῶν

2103 3521 2130 3574 6
2181 3520 2456 3596 σύλλογος
2504 3525 2682 3592 πάσης
2728 3543 2787 3578 τε
2831 3523 3130 3598 ἱερωσύνης
3170 3521 3467 3599 ἐγύμνωσε,
3521 3524 3614 3578 καὶ
3665 3524 3758 3578 σὺν

2100 3614 2178 3682 τῷ
2229 3610 2414 3684 οἰκείῳ
2461 3613 2550 3667 καὶ
2608 3609 3009 3686 βδελυρωτάτῳ
3059 3614 3368 3690 φρονήματι
3413 3616 3495 3682 τῷ
3540 3611 3750 3685 αἰωνίῳ

2100 3702 2457 3776 παρέπεμψαν
2503 3701 2822 3774 ἀναθέματι.
2894 3703 2992 3756 Τὸν
3053 3701 3109 3757 δὲ
3169 3704 3364 3777 Κύριον
3424 3704 3590 3776 ἡμῶν
3649 3705 3757 3773 Ἰη-

2103 3795 2228 3846 σοῦν
2281 3792 2534 3866 Χριστὸν,
2582 3791 2637 3847 ἐν
2691 3796 2790 3864 μιᾷ
2841 3791 2929 3847 καὶ
2972 3795 3041 3865 τῇ
3099 3791 3239 3867 αὐτῇ
3313 3792 3602 3847 ὑποστάσει
3644 3813 3761 3846 πα-

2100 3879 2523 3955 τροπαραδὸτως
2574 3882 2664 3936 καὶ
2733 3882 3077 3957 ὁσιοπρεπῶς
3167 3881 3581 3955 προσκυνεῖσθαι
3663 3882 3757 3935 καὶ

2102 3968 2458 4044 κηρύττεσθαι
2511 3967 2953 4046 δογματίσαντες,
3003 3968 3322 4031 ἀκολούθως
3369 3970 3458 4024 καὶ
3509 3971 3611 4039 τὴν
3639 3989 3758 4024 πα-

2101 4058 2402 4135 νάχραντον
2459 4056 2620 4112 αὐτοῦ
2677 4058 2767 4113 καὶ
2828 4059 3200 4132 Ἀειπαρθὲνον
3262 4060 3472 4132 μητέρα
3546 4057 3756 4127 κυρίως

2102 4147 2187 4200 καὶ
2250 4145 2472 4216 ἀληθῶς
2522 4145 2801 4202 καλεῖσθαι
2859 4148 2948 4202 καὶ
3009 4147 3431 4225 ἀνευφημεῖσθαι
3490 4146 3757 4202 Θεοτόκον

2101 4232 2567 4310 παραδεδώκασιν.
2628 4238 2726 4300 Οἷς
2782 4237 2881 4312 γὰρ
2929 4238 3021 4292 τὸν
3090 4237 3220 4292 Θεὸν
3303 4238 3503 4312 Λόγον,
3589 4237 3758 4310 σαρκὶ

2100 4326 2424 4402 γεννηθῆναι
2474 4323 2918 4400 καταδεξάμενον,
2973 4327 3208 4395 τέτοκεν,
3277 4325 3539 4386 Θεοτόκος
3608 4321 3758 4379 ἐνδί-

2101 4435 2211 4476 κως
2245 4411 2654 4490 δοξολογεῖσθαι
2693 4415 2782 4471 καὶ
2828 4415 3183 4489 ὀνομάξεσθαι
3227 4413 3546 4486 ἐξωσίωται.
3593 4413 3760 4470 Ἀλλ’

2103 4502 2191 4559 ἐπὶ
2239 4504 2458 4566 τούτοις
2512 4505 2605 4578 μὶν
2656 4505 2746 4560 καὶ
2798 4505 2931 4575 αὕτη
2985 4505 3046 4559 τὸ
3092 4501 3253 4567 τέλος
3300 4499 3558 4582 ἔσχηκεν,
3590 4502 3762 4571 ἡνίκα

344 4599 498 4671 cepit
538 4601 595 4654 et
642 4595 756 4652 ista
812 4592 1070 4665 synodus
1119 4609 1231 4665 quo
1281 4597 1547 4666 tempore
1597 4593 1993 4651 Theodosium

2106 4595 2196 4649 τὸν
2248 4591 2363 4648 νέον
2411 4577 2694 4650 Θεοδόσιον
2741 4595 2776 4664 ἡ
2827 4593 3110 4670 Ῥωμαϊκὴ
3175 4577 3428 4649 πολιτεία
3479 4590 3756 4668 γαληνοῖς

1713 4720 1949 4778 VARIIE
1989 4721 2393 4780 LECTIONES.

418 4813 446 4853 Β
475 4808 550 4870 i'a.
583 4810 657 4873 ὡς
679 4811 792 4869 καί.

1939 4938 2168 4995 ΝΟΤΛΕ.

349 5044 827 5118 Mopsuestenum
884 5051 937 5118 et
986 5047 1331 5103 Tarsensem
1383 5046 1710 5118 episcopos,
1773 5046 1873 5117 qui
1931 5049 1989 5100 et

349 5117 672 5173 doctissimi
722 5122 778 5172 et
828 5117 1133 5173 orthodoxi
1190 5125 1379 5184 erant,
1422 5117 1560 5172 ’aut
1596 5117 2002 5188 habebantur,

354 5189 644 5314 precipue
686 5189 993 5256 Diodorus,
1041 5197 1094 5244 et
1144 5206 1178 5244 a
1228 5189 1461 5254 Basilio,
1495 5189 1905 5261 Chrysostomo
1937 5206 2003 5245 ac

354 5259 482 5316 aliis
555 5261 868 5316 sudantur.
900 5276 1004 5316 nec
1065 5260 1177 5316 nisi
1243 5262 1450 5316 mortui
1501 5261 1559 5315 in
1612 5261 2002 5316 susniciouem

351 5265 482 5316 aliis
532 5265 868 5327 laudantur,
900 5276 1004 5316 nec
1065 5265 1177 5316 nisi
1243 5265 1450 5316 mortui
1501 5265 1559 5315 in
1612 5265 2002 5331 suspicionem

356 5333 644 5413 haereseos
675 5347 903 5413 venere,
936 5331 1355 5413 et_sequiorum
1387 5332 1734 5413 seculorum
1762 5332 2002 5413 calamis

349 5409 712 5476 punguntur,
745 5404 845 5475 qui
879 5403 1022 5458 mihi
1055 5419 1169 5458 non
1203 5406 1551 5476 persuadent
1584 5405 1762 5461 fuisse
1814 5403 1999 5460 haere-

350 5493 481 5532 seos
515 5476 643 5531 labe
668 5477 932 5530 infectos.

420 5549 536 5621 (17)
570 5545 810 5621 ᾲὶςριστὸν
860 5544 963 5620 γὰρ
1005 5544 1097 5621 τὸν
1147 5539 1241 5621 ἕνα
1281 5549 1428 5621 Θεοῦ⁸
1462 5545 1636 5621 Υἱόνη.
1667 5547 1750 5603 Ita
1803 5546 2002 5621 legen-

354 5612 527 5677 du‘m,
568 5612 710 5676 Nam
761 5612 960 5676 statim
1010 5618 1110 5687 ait,
1142 5619 1334 5671 τοῦτον
1386 5615 1443 5673 δὲ
1488 5617 1580 5672 τὸν
1611 5612 1722 5673 ἓνα⁶
1770 5612 2003 5676 εθιῖιιᾶ-

357 5693 616 5750 dendum
664 5698 748 5748 est
795 5691 950 5761 Θεοῦ,
1002 5689 1112 5748 hoc
1157 5690 1350 5758 modo,
1397 5689 1626 5763 Χριστὸν
1659 5690 1762 5768 γὰρ
1789 5690 1881 5744 τὸν
1907 5687 1999 5745 ἕνα

2097 5046 2231 5099 Θεοῦ
2262 5043 2412 5114 Υῖόν,
2443 5044 2719 5102 Christum
2751 5046 2981 5101 unicum
3011 5047 3112 5104 Dei
3141 5048 3369 5103 Filium.
3417 5047 3628 5103 Statim
3661 5063 3758 5102 re-

2113 5133 2284 5187 pono,
2346 5116 2420 5176 ὼς
2479 5115 2566 5170 καὶ
2614 5115 2740 5178 τοὺς
2787 5115 3106 5190 λογισμούς.
3163 5120 3229 5174 Ει
3287 5135 3442 5184 mox,
3500 5119 3591 5171 τὸν
3634 5119 3756 5172 νὲον

2112 5183 2420 5263 Θεοδόσιον,
2455 5205 2628 5260 quem
2659 5188 2753 5263 alii
2789 5187 3252 5263 paxp6vivocant,
3274 5190 3384 5245 hoc
3419 5195 3534 5259 est,
3559 5190 3757 5263 junio-

2111 5276 2271 5334 rem,_
2301 5260 2401 5334 qui
2447 5259 2942 5334 regnavitannos
2987 5261 3074 5316 42.
3121 5262 3180 5316 In
3239 5262 3346 5316 hac
3395 5259 3643 5334 synodo,
3687 5278 3760 5317 ex

2107 5331 2476 5404 aemulatione
2521 5331 2581 5386 et
2618 5331 3291 5404 ambitionetcertatum
3331 5331 3653 5404 est'usque
3681 5335 3760 5388 ad

2110 5403 2647 5469 anathematismos,
2679 5403 2827 5458 inter
2855 5402 3135 5475 Cyrillum
3181 5402 3668 5470 Alexandrinum,
3701 5410 3763 5461 et

2107 5475 2395 5547 Joannem
2443 5475 2898 5545 Antiochenum,
2949 5477 3198 5547 arcujus
3250 5476 3763 5547 partibusstabat

2109 5545 2488 5620 doctissimus
2529 5547 2952 5620 Theodo‘retus,
2991 5545 3113 5604 hoc
3141 5545 3421 5605 estinter
3447 5546 3760 5620 episcopos

2108 5618 2436 5676 Orientales
2465 5622 2522 5674 et
2549 5617 2940 5692 Egyptiacos.
