2045 3114
158 193 217 224 641
780 193 982 224 EPISTOLAI

1040 195 1057 225 vi
1081 194 1196 225 LIBER
1218 196 1242 224 Ι.
1801 202 1860 232 642

159 264 232 301 ἑώρα
251 262 405 301 ὀφθαλμοῖς
424 263 473 297 τήν
499 264 627 302 πατρῴαν
652 263 696 290 καὶ
728 262 864 300 βασίλειον
887 263 976 302 ἀρχὴν

1040 266 1179 299 iuniorem
1208 266 1337 295 Romana
1365 267 1531 303 respublica
1559 268 1651 297 oculis
1678 269 1788 298 serenis
1812 270 1858 298 in-

158 306 188 335 ἐκ
200 307 341 346 τριγονίας
357 306 512 336 διανύοντα.

197 398 240 435 ιγ’.
256 397 289 426 Ἡ
313 395 341 424 δὲ
368 396 432 434 ἁγία
446 397 491 424 καὶ
520 397 696 434 οἶκουμενική
720 397 835 434 τετάρτη
857 395 980 430 σύνοδος,

157 442 204 469 τὸν
230 441 256 469 ἐν
286 441 441 479 βασιλεῦσιν
468 439 657 469 εὐσεϐέστατον
680 442 834 479 Μαρκιανὸν
859 451 982 479 συμπαρ-

161 486 224 514 όντα
252 487 295 514 καὶ
322 486 490 524 συμπνέοντα
521 483 633 524 ἔχουσα,
664 489 717 514 τῶν
754 486 894 522 ἀληθινῶν
930 487 977 523 μὲν

161 530 309 569 δογμάτων
328 532 508 569 ἀκροατήριον
530 533 587 568 (18)
610 531 716 568 ἀνιέρου
740 532 789 566 τήν
806 530 980 567 Χαλκηδόνα,

158 576 240 604 πόλιν
257 576 381 607 Βιθυνίας
398 575 477 604 οὖσαν
495 576 640 612 ἐπίσημον.
656 577 700 604 Ἐν
722 576 868 614 τριάκοντα
884 575 912 604 δὲ
935 576 980 603 καὶ

158 620 310 656 ἑξακοσίοις
342 621 389 649 τὸν
420 621 535 658 ἀριθμὸν
583 621 733 656 ἐξετείνετο.
774 621 824 652 Ἦς
865 619 980 659 λογάδες

157 665 344 703 ἐχρημάτιζον
372 665 534 698 Ἀνατόλιός
552 676 581 693 τε
605 665 619 692 6
641 669 691 701 τῆς
713 664 855 703 βασιλίδος
872 665 981 696 πόλεως

156 709 220 741 τοὺς
240 710 414 747 ἱεραργικοὺς
431 710 548 746 θεσμοὺς
571 709 787 749 ἐγκεχρισμένος
807 711 867 747 (19)
887 711 895 732 1
915 720 921 726 ·
935 710 980 737 καὶ

156 753 190 789 δὴ
209 756 378 792 Πασχασῖνός
388 765 417 782 τε
431 755 476 782 καὶ
493 755 663 789 Λουκίνσιος,
679 754 850 791 ἒπισκοπικῷ
870 753 981 792 διαπρέ-

154 809 252 830 ποντες
286 799 431 835 ἀξιώματι¹
463 800 508 826 σιῖιν
534 798 689 838 Βονιφατίῳ
724 797 908 837 πρεσϐυτέρῳ,
933 800 979 827 τὸν

154 844 239 871 τόπον
267 843 411 882 ἐπέχοντες
440 843 555 875 Λέοντος
575 846 623 871 τοῦ
648 844 799 880 ἀγιωτάτου
824 844 979 871 πάπαῬώ-

158 898 224 924 μης.
240 888 277 916 Οὗ
287 888 369 920 κλέος
384 888 464 926 μέγα,
485 888 529 916 καὶ
546 887 634 920 πολὺς
649 888 662 915 6
685 888 752 925 ὑπὲρ
772 892 821 923 τῆς
842 885 979 919 εὐσεϐείας

1036 310 1181 345 tuebatur,
1198 319 1322 347 regnum
1337 320 1354 339 a
1368 311 1452 340 Patre
1467 315 1618 349 acceptum
1629 322 1693 349 suo,
1705 315 1790 343 tertio
1797 315 1859 350 jam

1036 355 1138 383 ordine
1153 356 1278 392 generis,
1294 356 1518 392 gubernantem.

1071 399 1114 427 13.
1131 400 1234 428 Sancta
1249 402 1277 428 et
1291 401 1470 429 cacumenica
1485 403 1588 437 quarta
1603 403 1731 439 synodus
1748 403 1860 440 religio-

1035 443 1187 472 sissimum
1200 444 1361 481 principem
1377 446 1556 474 Marcianum
1570 450 1740 482 prasentem
1751 448 1821 477 vidit
1832 449 1860 476 et

1036 488 1265 524 conspirantem,
1282 498 1343 525 quis
1360 490 1488 518 veritatis
1505 491 1669 526 dogmatum
1683 492 1860 521 auditorium

1035 533 1245 563 Chalcedonem
1257 535 1395 571 Bithyniae
1405 536 1507 564 urbem
1517 536 1657 564 celebrem
1670 537 1858 566 consecravit.

1035 579 1076 606 Ad
1093 581 1245 607 sexcentos
1259 582 1288 607 et
1304 580 1418 615 triginta
1435 588 1574 608 numerus
1588 582 1769 617 pertingebat
1791 590 1859 610 con-

1036 631 1184 651 venarum.
1204 625 1332 656 Quorum
1349 624 1485 660 praecipui
1501 625 1673 653 dicebantur
1696 626 1857 660 Anatolius,

1035 667 1085 703 qui
1099 667 1129 694 in
1145 667 1326 696 sacerdotale
1343 669 1428 704 regia
1444 668 1524 696 urbis
1541 669 1649 697 solium
1666 671 1760 698 fuerat
1775 670 1860 699 inun-

1036 714 1119 740 ctus:
1141 712 1339 740 Paschaeinus
1355 721 1470 749 quoque
1486 715 1513 741 et
1528 715 1685 742 Lucentius
1702 715 1860 751 episcopali

1035 756 1176 792 dignitate
1189 757 1345 792 fulgentes,
1363 766 1421 785 una
1436 766 1502 785 cum
1520 759 1684 795 presbytero
1700 760 1860 794 Bcnifacio,

1035 801 1129 828 locum
1146 801 1247 829 Leonis
1260 801 1439 829 sanctissimi
1451 810 1529 837 papae
1541 803 1661 830 Romani
1677 803 1857 837 obtinebant,

1035 846 1120 880 cujus
1145 845 1248 873 Leonis
1265 846 1369 881 ingens
1392 845 1484 880 gloria
1510 848 1539 874 et
1554 847 1661 874 multus
1678 855 1729 882 pro
1754 848 1859 883 pietate

1035 889 1124 917 zelus.
1141 890 1265 917 Aderant
1281 894 1417 925 praeterea
1428 890 1572 919 Maximus
1583 891 1753 925 Antiochia},
1770 894 1798 920 et
1807 892 1860 920 Ju-

156 931 254 967 ζῆλος.
271 933 335 960 Μεθ’
355 933 392 960 ὧν
412 933 536 969 Μάξιμός
554 943 584 960 τε
606 933 620 960 6
640 933 821 970 ’Δντιοχείας,
837 933 881 960 καί
897 933 911 960 6
932 934 979 960 Ἱε-

1040 934 1167 962 venalius
1184 934 1460 970 Hierosolymorum.
1479 936 1527 962 Isti
1547 935 1695 971 Eutychen
1712 936 1857 964 infelicem

159 976 323 1014 ροσολύμων
352 975 544 1009 Ἰουϐενάλιος.
573 976 676 1009 0¹ίτινες
715 977 824 1015 Εὐτυχῆ
866 987 895 1005 τε
931 978 979 1005 τὸν

157 1020 280 1059 δυστυχῆ
309 1022 355 1049 καὶ
379 1022 424 1049 τὸν
454 1023 641 1059 προασπιστήν
671 1022 754 1049 αὐτοῦ
788 1022 835 1050 τὸν
864 1021 981 1056 ἀλαζόνα

155 1067 301 1105 Διόσκορον
346 1065 559 1103 δυσσεϐημάτων
598 1067 635 1099 εἰς
673 1068 784 1105 πράξεις
826 1067 979 1104 ἀπῄτησαν.

159 1112 208 1139 Καὶ
237 1113 288 1150 γὰρ
314 1112 358 1140 καὶ
389 1113 475 1147 οὗτοι,
505 1114 555 1147 τήν
586 1112 615 1140 ἐκ
652 1111 799 1150 διαμέτρου
840 1113 980 1149 Νεστορίῳ

157 1156 263 1192 πλάνην
280 1157 499 1194 οἷκειωσάμενοι,
516 1157 554 1188 εἷς
573 1158 624 1191 τήν
648 1157 745 1194 ὁμοίαν
769 1156 863 1193 ἐκείνῳ
888 1155 982 1192 ἐξέπε-

157 1211 204 1228 σον
230 1199 388 1237 ἆθλιότητα.
419 1202 472 1230 Τὸν
497 1202 549 1239 γὰρ
577 1199 623 1229 ἕνα
651 1201 752 1239 Κύριον
779 1202 859 1237 ἡμῶν
874 1203 980 1236 Ἰησοῦν

158 1246 286 1284 Χριστὸν,
303 1246 333 1273 ἐκ
348 1246 478 1282 θεότητος
500 1246 546 1273 καὶ
573 1245 786 1283 ἀνθρωπότητος
810 1246 980 1284 γνωριζόμε-

156 1301 214 1326 νον,
231 1291 274 1319 καὶ
291 1291 318 1318 ἐν
341 1292 451 1322 ταύταις
475 1293 534 1323 ταῖς
556 1290 615 1318 δυσὶ
640 1291 877 1328 προσκυνούμενον
901 1290 981 1328 φύσε-

157 1347 211 1370 σιν,
227 1336 264 1367 εἷς
290 1336 354 1372 μίαν
383 1336 461 1374 φύσιν
484 1336 634 1374 τολμηρῶς
660 1336 705 1363 καὶ
730 1336 854 1376 ἀφρόνως
878 1336 981 1373 ἀνεκρί-

156 1391 209 1408 νων
235 1381 280 1408 καὶ
306 1380 444 1419 συνέχεον.
461 1381 505 1416 Ἐξ
534 1381 580 1415 ὧν,
607 1384 658 1416 τῆς
681 1391 710 1408 τε
739 1384 873 1418 πατρικῆς
889 1381 980 1412 οὐσίας

157 1423 332 1464 ἑτερόφυλον,
347 1426 392 1453 καὶ
411 1428 469 1457 τοῖς
491 1425 645 1464 ἀνθρωποις
664 1425 839 1465 ἑτερόφυλον,
859 1426 904 1453 καὶ
923 1428 981 1457 τοῖς

157 1471 312 1507 ἂνθρώποις
338 1471 479 1509 ἑτεροφυᾶ,
509 1470 539 1498 οὐ
568 1470 687 1498 συνίεσαν
716 1471 742 1498 οἱ
771 1469 887 1498 δείλαιοι
913 1481 981 1507 συμ-

157 1515 342 1551 περαίνοντες.
371 1516 402 1543 Ei
434 1516 486 1553 γὰρ
518 1517 568 1552 μία
593 1517 610 1550 ἡ
631 1518 679 1543 τοῦ
705 1517 823 1553 Χριστοῦ
847 1516 936 1555 φύσις,
964 1516 981 1551 ἢ

159 1560 218 1587 θεία
239 1560 346 1591 πάντως
370 1560 387 1595 ἣ
416 1560 570 1597 ἀνθρωπίνη
592 1560 675 1588 ἔσται.
705 1560 783 1588 Ἀλλ’
798 1560 820 1588 εἰ
845 1561 892 1596 μὲν
910 1561 981 1597 μόνη

1035 982 1061 1005 et
1077 978 1340 1006 insolentissimum
1365 979 1448 1007 illum
1466 979 1560 1015 ipsius
1579 982 1769 1015 protectorem
1792 981 1859 1009 Dio-

1035 1031 1152 1050 scorum
1171 1023 1298 1051 rationes
1315 1023 1433 1051 reddere
1448 1024 1484 1051 de
1500 1024 1648 1059 impietate
1661 1029 1825 1060 coegerunt.
1842 1027 1860 1051 Ε

1036 1067 1178 1095 diametro
1194 1067 1241 1095 isti
1253 1068 1433 1096 contrarium
1450 1068 1582 1096 Nestoris
1597 1076 1725 1097 errorem
1736 1069 1793 1097 sibi
1809 1078 1860 1106 ap-

1035 1112 1274 1148 propriaverant;
1292 1113 1369 1140 unde
1390 1112 1421 1140 in
1438 1121 1538 1149 parem
1554 1121 1618 1142 cum
1636 1113 1685 1141 illo
1709 1114 1858 1149 impietate

1037 1159 1218 1192 proruerent.
1229 1156 1354 1185 Unicum
1361 1158 1440 1185 enim
1450 1158 1606 1186 Dominum
1616 1163 1748 1186 nostrum
1757 1158 1860 1186 Jesum

1035 1200 1182 1229 Christum
1195 1210 1211 1229 a
1220 1201 1318 1229 divina
1330 1204 1435 1230 natura
1445 1203 1576 1238 agnitum
1587 1205 1615 1230 et
1626 1202 1763 1238 humana,
1774 1207 1860 1239 atque

1036 1246 1066 1273 in
1090 1248 1209 1281 utraque
1231 1248 1335 1274 natura
1354 1248 1517 1281 adoratum,
1533 1255 1680 1275 summam
1702 1256 1752 1283 per
1775 1248 1861 1276 auda-

1036 1290 1111 1318 ciam
1127 1292 1155 1318 et
1170 1290 1324 1318 stultitiam
1334 1291 1364 1318 in
1376 1299 1462 1319 unum
1475 1294 1610 1320 naturam
1626 1292 1860 1326 commisceutes,

1036 1335 1239 1363 confuderunt.
1252 1335 1309 1363 Nec
1318 1336 1416 1364 miseri
1429 1338 1550 1364 uterant
1561 1336 1771 1372 intelligehant,
1784 1338 1861 1373 quod

1036 1387 1087 1415 per
1101 1379 1176 1407 hanc
1191 1379 1303 1407 irritam
1320 1380 1457 1408 rationem
1468 1380 1552 1409 illum
1568 1380 1771 1417 alienigenam,
1782 1389 1799 1409 a
1810 1390 1860 1417 pa-

1034 1428 1119 1452 terna
1134 1424 1296 1452 substantia
1309 1425 1468 1460 diversum,
1481 1433 1593 1453 necnon
1607 1425 1751 1454 differenti
1763 1426 1799 1453 ab
1809 1426 1861 1454 ho-

1037 1469 1166 1497 minibus
1176 1473 1278 1497 natura
1289 1470 1655 1503 constantem,deﬁnirent.
1664 1471 1734 1499 Nam
1743 1471 1767 1498 si
1776 1471 1862 1499 unica

1037 1514 1242 1542 tantummodo
1262 1514 1301 1542 sit
1325 1517 1428 1542 natura
1450 1515 1566 1550 Christi,
1592 1515 1635 1543 vel
1657 1515 1755 1543 divina
1778 1524 1860 1550 pror-

1037 1568 1087 1587 sus
1102 1567 1135 1587 ea
1151 1559 1244 1594 fuerit,
1261 1559 1304 1587 vel
1319 1559 1457 1587 humana.
1474 1558 1555 1592 Quod
1568 1560 1593 1588 si
1606 1568 1685 1588 mere
1699 1560 1797 1588 divina
1809 1560 1858 1594 sit,

159 1604 230 1640 θεία,
259 1607 312 1632 ποῦ
340 1605 372 1632 τὸ
392 1605 562 1642 ἀνθρώπινον
576 1619 583 1640 ;
600 1606 622 1632 εἷ
652 1604 676 1633 δ’
691 1605 849 1643 ἀνθρωπίνη
865 1613 885 1627 ιη
899 1627 906 1640 ,
923 1607 982 1637 πῶς

1041 1604 1089 1632 ubi
1111 1607 1180 1632 tunc
1197 1604 1348 1631 humana?
1364 1604 1439 1639 quod
1456 1604 1480 1632 si
1496 1607 1611 1632 tantum
1631 1604 1770 1638 humana,
1797 1604 1859 1632 ﬁeri

162 1649 212 1677 οὐκ
235 1648 341 1687 ἔξαρνοι
373 1653 423 1685 τῆς
447 1650 606 1685 Betim-mc;
635 1650 658 1677 εἰ
682 1649 705 1677 δ’
737 1649 828 1688 ἕτερόν
856 1661 881 1678 τι
911 1650 983 1687 παρὰ

159 1696 245 1722 ταῦτα
270 1696 359 1730 (τοῦτο
379 1695 431 1732 γὰρ
453 1694 640 1729 ὑπολείπεται,
656 1694 700 1722 καὶ
725 1695 792 1732 πρὸς
811 1697 893 1722 τοῦτο
918 1693 985 1731 μᾶλ-

161 1739 212 1767 λον
231 1738 318 1767 αὒτῶν
353 1740 423 1767 νεύει
450 1740 481 1767 τὸ
510 1740 659 1778 φρόνημα),
676 1742 734 1772 πῶς
761 1739 815 1779 οὐχ
839 1740 986 1777 ἑτεροφυής

161 1784 256 1815 αὐτοῖς
272 1785 286 1811 ὁ
301 1785 419 1822 Χριστὸς
434 1785 480 1812 καὶ
495 1787 544 1812 τοῦ
568 1784 672 1822 Πατρός
693 1785 737 1812 καὶ
760 1786 840 1821 ἡμῶν
866 1784 985 1812 ἀναπλα-

163 1830 311 1865 σθήσεταις
333 1829 364 1856 οὗ
380 1829 406 1857 τί
423 1828 453 1856 ἃν
478 1827 696 1867 δυσσεϐέστερον,
724 1830 741 1864 ἢ
774 1829 984 1868 ἀφρονέστερονς

162 1873 303 1910 ἄνθρωπον
332 1874 454 1911 γενέσθαι
492 1874 601 1913 φάσκειν
636 1874 668 1901 τὸ
703 1876 752 1901 τοῦ
795 1876 861 1901 Θεοῦ
898 1873 986 1911 Λόγον

162 1918 208 1945 καὶ
225 1918 299 1954 Θεὸν,
314 1917 358 1945 ἐπί
386 1929 415 1945 τε
447 1919 533 1957 φθορᾷ
561 1922 610 1953 τῆς
635 1917 702 1948 ἰδίας
725 1918 866 1953 θεότητος,
882 1919 927 1944 καὶ
943 1917 986 1945 ἐπὶ

164 1962 298 1999 ἀναιρέσει
322 1966 372 1997 τῆς
398 1962 618 2002 προσληφθείσης
638 1962 865 1999 ἀνθρωπότητος;
897 1963 988 1990 Τοῦτο

165 2007 216 2046 γὰρ
232 2005 324 2035 ἕπεται
340 2007 448 2038 πάντως
464 2009 521 2039 τοῖς
537 2005 686 2043 μηδετέρας
702 2006 819 2045 φύσεως,
841 2006 904 2034 ἀλλ’
932 2005 988 2033 ὲτέ-

166 2062 214 2094 ρας
229 2053 301 2089 παρᾶ
313 2051 422 2087 ταύτας,
438 2053 483 2080 τὸν
499 2052 614 2089 Χριστὸν
629 2052 714 2079 εἰπεῖν
729 2050 926 2088 ἐκτολμήσασι.

1040 1658 1097 1676 non
1113 1651 1207 1685 potest
1222 1649 1289 1684 quin
1307 1653 1428 1684 negetur
1438 1648 1545 1677 divina.
1560 1649 1640 1681 Quod
1653 1649 1676 1677 si
1690 1649 1759 1685 quid
1771 1649 1863 1677 diver-

1040 1702 1106 1722 sum
1118 1694 1153 1721 ab
1166 1699 1286 1729 utraque
1298 1696 1402 1721 natura
1414 1694 1499 1722 fuerit
1509 1694 1590 1729 (nam
1604 1694 1698 1722 hocin
1711 1694 1761 1722 hac
1772 1702 1863 1722 causa

1041 1738 1159 1766 unicum
1175 1738 1213 1766 iis
1229 1738 1414 1774 relinquitur,
1431 1740 1458 1766 et
1473 1747 1505 1766 eo
1516 1738 1650 1767 videntur
1660 1738 1863 1775 propendere),

1042 1783 1187 1819 quomodo
1204 1791 1261 1810 non
1277 1782 1331 1810 erit
1346 1783 1422 1818 apud
1438 1783 1518 1819 ipsos
1529 1783 1663 1811 Christus
1677 1783 1798 1811 alterius
1815 1791 1864 1811 cu-

1038 1828 1157 1863 jusdam
1173 1830 1200 1855 et
1215 1827 1335 1855 diversae
1351 1830 1460 1856 naturis
1482 1837 1548 1856 cum
1566 1837 1582 1857 ιι
1597 1837 1650 1857 suo
1666 1829 1751 1857 Patre
1767 1831 1830 1856 tum
1849 1837 1866 1856 ιι

1041 1872 1124 1900 vobis
1134 1872 1148 1899 ?
1159 1873 1233 1908 quod
1247 1872 1316 1907 quid
1329 1873 1422 1908 magis
1434 1873 1558 1909 impium
1570 1876 1621 1901 aut
1632 1873 1756 1902 delirum
1773 1873 1868 1908 magis

1043 1917 1113 1952 ﬁngi
1129 1917 1245 1951 potest?
1260 1925 1388 1945 asserere
1400 1918 1539 1945 nimirum
1549 1917 1676 1946 Verbum
1690 1918 1751 1953 Dei,
1764 1917 1868 1952 Deum,

1043 1960 1191 1988 hominem
1204 1962 1313 1988 factum
1324 1961 1353 1988 in
1365 1969 1431 1989 eum
1441 1962 1541 1995 tinem,
1553 1964 1584 1989 ut
1596 1970 1661 1989 cum
1672 1962 1809 1990 divinitas
1819 1963 1869 1989 de-

1044 2007 1202 2033 strueretur
1224 2005 1349 2041 propria,
1374 2005 1461 2034 etiam
1478 2008 1631 2042 assumpta
1646 2006 1813 2034 humanitas
1837 2006 1868 2033 in

1044 2051 1170 2079 nihilum
1185 2052 1372 2087 redigeretur.
1389 2051 1448 2079 Hoc
1464 2052 1541 2079 enim
1559 2052 1600 2080 ita
1616 2052 1700 2086 plane
1711 2059 1870 2087 conseque-

167 2097 232 2131 tur,
248 2098 271 2125 si
287 2099 355 2133 quis
370 2098 443 2126 tueri
459 2107 548 2126 ausus
563 2098 650 2126 fuerit.
663 2098 812 2126 Christum
829 2106 885 2126 non
902 2097 1022 2126 alterius
1038 2097 1170 2132 istarum,
1183 2097 1233 2124 sed
1250 2099 1352 2132 praeter
1366 2096 1439 2125 istas
1454 2097 1531 2125 alius
1548 2099 1658 2125 natura:
1670 2096 1872 2133 participasse.

204 2141 247 2170 ιδ’.
276 2143 322 2170 Διὸ
347 2144 458 2177 καὶτῆς
483 2143 616 2178 τοσαύτης
634 2140 790 2173 δυσσεϐείας
806 2142 832 2170 oi
858 2143 911 2170 τῶν
928 2151 991 2179 χρι-

167 2187 317 2224 στομάχων
343 2187 447 2215 τούτων
478 2186 621 2225 δογμάτων
654 2187 807 2224 εἰσηγηταὶ,
837 2187 913 2223 ἀξίαν
941 2187 991 2221 τήν

168 2230 248 2266 δίκην
278 2230 438 2267 δεδωκότες,
462 2232 634 2271 ἀφῃρέθησάν
648 2243 678 2260 τε
702 2235 752 2267 τῆς
774 2231 990 2269 ἱερωσύνης,καὶ

167 2276 221 2303 ἀπὸ
244 2277 334 2312 πάσης
378 2280 428 2311 τῆς
472 2276 637 2312 Ἐκκλησίας
678 2278 817 2314 γεγόνασιν
860 2276 988 2313 ἀνάθεμα·

168 2320 398 2357 συναπελαθείσης
427 2321 520 2354 αὐτοῖς
546 2321 590 2349 καί
617 2325 667 2356 τῆς
696 2321 890 2359 χριστομάχου
914 2321 990 2358 αἱρέ-

168 2375 246 2397 σεως.
264 2366 300 2393 Τὸ
321 2365 349 2393 δὲ
376 2365 455 2404 ὀρθὸν
481 2366 527 2393 καὶ
550 2365 742 2404 ἀπαράτρωτον
763 2367 813 2401 τῆς
829 2365 988 2403 ὁρθοδοκίας

168 2410 297 2447 φρόνημα
309 2408 348 2438 ἔτι
365 2410 471 2447 μᾶλλον
485 2412 545 2441 ταῖς
561 2413 706 2450 γραφικῆς
722 2421 750 2438 τε
774 2410 818 2437 καὶ
846 2412 990 2448 πατρικαῖς

1083 2142 1126 2170 14.
1149 2142 1290 2174 Quocirca
1309 2142 1429 2177 dignum
1454 2151 1508 2170 sua
1523 2142 1674 2178 impietate
1689 2142 1867 2178 supplicium

1048 2187 1173 2221 subiere,
1191 2187 1240 2222 qui
1256 2186 1425 2222 dogmatum
1446 2187 1581 2221 istorum,
1603 2195 1653 2222 per
1667 2195 1730 2223 quae
1753 2186 1869 2214 Christo

1047 2230 1153 2259 bellum
1161 2231 1311 2267 indicitur,
1320 2234 1454 2260 auctores
1462 2233 1586 2267 fuerant,
1597 2231 1758 2260 sacerdotio
1767 2239 1830 2259 nem
1837 2239 1871 2265 pe

1045 2275 1160 2311 dejecti,
1173 2277 1201 2303 et
1218 2284 1267 2311 per
1281 2283 1383 2304 omnes
1403 2276 1546 2304 Ecclesiae
1569 2275 1748 2304 anathemati
1769 2274 1870 2309 subje-

1045 2321 1094 2354 cti,
1110 2329 1177 2349 cum
1188 2321 1296 2356 quibus
1310 2323 1339 2349 et
1353 2321 1416 2357 ipsa
1428 2322 1546 2350 haeresis
1560 2321 1766 2356 expellebatur.
1783 2322 1873 2347 Recta

1045 2369 1141 2394 autem
1154 2370 1180 2393 et
1189 2366 1348 2394 orthodoxa
1356 2366 1511 2400 sententia,
1522 2365 1611 2393 nullis
1619 2364 1789 2393 vulneribus
1800 2372 1873 2392 con—

1046 2411 1130 2444 fossa,
1145 2412 1284 2446 majorem
1296 2411 1326 2438 in
1344 2411 1461 2438 modum
1474 2410 1649 2438 testimoniis
1658 2414 1685 2439 et
1695 2418 1710 2439 e
1720 2409 1871 2445 Scriptura

851 2486 970 2515 VARI/Ii
988 2486 1140 2514 LECTION
1146 2486 1196 2514 ES.

216 2563 223 2583 ι
247 2561 578 2601 Leg.é1xsxatptepévoc.
617 2561 684 2591 mis.
704 2562 787 2599 μόνη.

974 2633 1091 2663 NOT/E.

206 2699 264 2735 (18)
280 2698 487 2762 Ἀκὲοατήριον,
505 2699 547 2727 Ita
562 2698 645 2734 prius
660 2697 777 2730 vocavit,
799 2697 834 2724 ob
859 2697 992 2725 eamdem

206 2742 302 2762 usam.
348 2734 598 2762 onstantinonolin
628 2733 849 2762 φροντιστήριον.
879 2735 992 2762 oronte!

169 2733 318 2772 causam,"
325 2733 598 2772 Constantinopolin
628 2733 849 2772 φροντιστήριον,
870 2735 995 2772 propter

168 2770 224 2798 loci
242 2770 435 2805 nobilitatem,
451 2780 467 2799 ι
482 2768 553 2799 viris
581 2768 746 2799 eruditione
771 2768 934 2797 celebribus
948 2776 995 2796 ce-

172 2806 328 2835 lebratam.

189 2842 266 2881 _(19)
282 2842 417 2881 -Θεσμους
441 2840 679 2881 ,ἐγκεχρισμένος
702 2842 868 2881 _Annotarat
889 2839 998 2881 doctis-

174 2875 266 2906 simus
282 2878 315 2905 ῐ).
335 2875 504 2913 Lindsell,'6
521 2875 684 2915 ᾖᾶκιὶρίτης,
702 2877 857 2913 legendum
874 2875 929 2904 sibi
953 2875 999 2903 vi—

1050 2695 1110 2724 deri
1136 2695 1398 2740 ὲγκεχειρισμένοιὶςε
1419 2697 1549 2740 apposite
1563 2697 1703 2740 quidem,
1730 2699 1758 2724 et
1777 2696 1872 2732 magis

1050 2740 1084 2760 ex
1100 2740 1153 2759 usu
1166 2732 1282 2769 lingua.
1294 2733 1350 2761 Sed
1366 2732 1485 2761 Photius
1500 2733 1572 2761 solet
1583 2732 1734 2761 interdum
1745 2741 1871 2769 καινοτος

1052 2768 1156 2805 μεῖνει
1180 2768 1368 2805 καινοφωνεῖν.
1389 2769 1529 2805 Quocirca
1557 2769 1665 2797 codicis
1694 2768 1870 2805 scripturam

1050 2803 1184 2843 admitto,
1201 2807 1233 2843 ut
1254 2803 1296 2843 sit
1322 2803 1543 2843 ἐγιιεχριιτμένοςζ
1568 2806 1709 2843 (nuncius.
1725 2803 1768 2831 Ad
1784 2803 1872 2843 ﬁne_m

1053 2839 1190 2877 sectionis
1205 2840 1278 2877 forte
1289 2839 1493 2877 legendhm'et
1515 2839 1753 2876 distinguendum
1779 2839 1872 2875 σαφῶς

1052 2885 1081 2903 τε
1096 2875 1140 2903 καὶ
1157 2875 1358 2914 ἀναντιρῥήτῖυς
1374 2876 1459 2914 λέγω,
1474 2880 1528 2905 etc.
