4090 6228
377 351 498 412 643

1585 336 1843 400 PHOTll
1892 333 2422 401 PATRIARCHIE
2462 340 2584 404 ΟΡ.

3673 343 3792 403 644

374 490 433 542 et
491 501 522 542 e
586 480 855 539 Patribus
928 475 1194 534 deductis
1260 471 1664 540 confirmatur,
1719 471 2002 543 praaconii:

2140 474 2460 548 μαρτυρίαις
2527 472 2874 548 ἇνεκηρύχθη
2923 474 3013 530 καὶ
3079 471 3400 550 διέλαμψεν·
3473 477 3612 533 Ἕνα
3694 477 3788 532 τὸν

373 571 751 631 celeberrima
779 567 1151 626 clarescebat.
1178 564 1370 621 Unum
1402 561 1557 617 enim
1598 559 1917 628 Christum,
1963 559 2021 616 id

378 668 488 730 est,
503 664 738 718 unicam
755 660 882 730 ejus
902 654 1259 729 hypostasin,
1275 660 1542 707 naturam
1562 666 1695 706 vero
1713 648 2024 720 duplicem,

375 753 630 809 divinam
661 765 870 820 nempe
899 751 956 804 et
984 745 1324 812 humanam,
1349 739 1702 797 inconiusim
1733 745 1790 795 et
1817 739 2024 794 indivi-

377 843 490 901 sim
523 840 966 902 consideratam,
1000 850 1102 907 per
1140 832 1514 888 beatissimos
1544 829 1718 885 hosce
1757 829 2024 885 sacerdo-

378 939 464 990 tes
494 941 547 990 et
575 931 894 1001 theologos,
943 926 1002 980 in
1036 923 1323 979 mundum
1364 920 1702 976 universum
1735 922 1793 974 et
1841 935 2022 973 mun-

375 1024 433 1078 di
514 1025 801 1078 extremos
877 1013 1181 1081 terminos,
1239 1009 1597 1067 confessione
1677 1012 1734 1064 et
1816 1008 2024 1079 praedi-

375 1111 601 1169 catione
658 1104 1100 1181 agnoscendam,
1161 1101 1333 1169 clare,
1393 1097 1698 1171 perspicue
1775 1101 1832 1154 et
1896 1097 2022 1152 sine

373 1200 740 1258 haesitatione
798 1194 1214 1266 propagabant.
1291 1188 1431 1246 Hinc
1509 1203 1738 1259 quoque
1814 1186 2018 1259 liquet,

373 1291 530 1365 quod
561 1305 692 1345 cum
723 1286 946 1344 claudis
977 1297 1212 1355 gressus
1241 1280 1748 1344 confirmarentur,
1774 1282 1827 1332 et
1853 1276 2020 1333 caecis

373 1379 602 1436 cacitas
637 1377 698 1432 in
747 1370 1233 1431 elﬂorescentiam
1274 1367 1572 1424 oculorum
1607 1370 2018 1433 succresceret,

371 1486 502 1525 cum
533 1465 747 1523 mortui
775 1464 847 1519 ab
877 1459 1093 1518 inferni
1143 1457 1324 1530 portis
1370 1455 1824 1523 retraherentur,
1857 1459 1913 1511 et
1957 1454 2019 1510 in

369 1557 545 1615 vitam
577 1557 765 1612 denuo
795 1549 1352 1611 transmitterentur,
1387 1561 1611 1601 necnon
1637 1559 1768 1600 cum
1803 1548 1859 1600 et
1893 1543 2018 1600 alia

372 1647 582 1706 divinae
611 1645 874 1709 virtutes,
901 1657 1045 1713 quas
1068 1654 1181 1694 non
1205 1640 1293 1693 est
1319 1634 1488 1690 facile
1510 1647 1874 1702 enumerare,
1894 1649 2014 1703 per-

372 1742 758 1810 petrarentur,
790 1737 846 1788 et
875 1732 934 1787 in
983 1734 1295 1798 conspectu
1342 1725 1606 1782 omnium
1639 1722 2015 1794 propalaren-

2137 563 2394 636 Χριστὸν,
2429 563 2554 632 ἤτοι
2601 563 2721 636 μίαν
2755 563 2917 618 αὺτοῦ
2962 564 3061 632 τήν
3103 563 3414 634 ὑπόστασιν,
3443 564 3535 620 καὶ
3565 562 3663 620 δύο
3689 564 3786 628 τὰς

2138 653 2340 728 φύσεις,
2375 652 2604 722 Θεότητά
2632 673 2689 706 τε
2735 652 2825 707 καὶ
2877 651 3289 726 ὰνθρωπὸτητα,
3334 654 3664 731 ἀσυγχύτως
3695 655 3790 710 καὶ

2143 739 2461 814 ἀδιαιρέτως
2515 740 2964 815 ένθεωρουμένας,
3011 747 3120 797 τῶν
3166 743 3641 819 τρισμακαρίστων
3691 744 3790 818 ἆρ-

2134 833 2366 908 χιερέων
2433 836 2742 908 περιφανῶς
2812 829 3268 907 Θεολογησάντων
3312 834 3403 887 καὶ
3459 831 3791 908 παραδεδω-

2133 921 2310 977 κότων
2350 918 2685 983 ἀδιστᾶκτως
2717 921 3022 998 ὁμολογεῖν
3052 924 3143 976 καὶ
3184 942 3472 995 κηρυσσειν
3501 921 3578 985 εἷς
3609 923 3788 979 πάντα

2133 1018 2231 1080 τῆς
2254 1010 2580 1084 οἰκουμένης
2610 1011 2676 1064 τὰ
2705 1009 2936 1084 πέρατα.
2964 1009 3144 1080 Δῆλον
3178 1008 3234 1066 δὲ
3271 1012 3573 1080 κάντεῦθεν,
3603 1013 3679 1074 ὡς
3711 1009 3790 1066 δι’

2136 1102 2208 1154 ὧν
2243 1101 2335 1173 μὲν
2381 1098 2593 1174 χωλοῖς
2628 1099 2679 1153 αἰ
2705 1101 2886 1174 βάσεις
2907 1099 3303 1173 ὠρθοῦντο,καὶ
3334 1099 3566 1180 τυφλοῖς
3597 1103 3662 1156 τὸ
3685 1122 3788 1156 πα-

2134 1191 2224 1251 θος
2274 1189 2350 1250 εἰς
2409 1188 2676 1261 ὀμμάτων
2737 1187 2978 1263 βλάστην
3041 1188 3330 1267 ὒπεφύετο,
3362 1189 3540 1263 νεκροί
3573 1211 3633 1246 τε
3666 1195 3778 1244 τῶν

2133 1277 2322 1332 πυλῶν
2372 1277 2678 1333 ἆνεσπῶντο
2725 1281 2821 1332 τοῦ
2888 1273 3038 1348 ᾅδου,
3075 1277 3163 1333 καὶ
3221 1280 3356 1353 πρὸς
3383 1280 3444 1335 τὸ
3491 1283 3585 1352 ζῇν
3625 1300 3784 1352 μετε-

2131 1367 2412 1436 τάττοντο,
2453 1365 2507 1422 α’ί
2544 1388 2602 1423 τε
2633 1364 2776 1422 ἄλλα
2817 1369 3160 1440 θεοσημεῖαι,
3191 1363 3253 1432 ἃς
3301 1368 3361 1422 οὐ
3421 1365 3607 1442 ῥᾴδιον
3653 1367 3779 1444 ἆρι-

2133 1462 2310 1532 Θμεῖν,
2341 1455 2695 1513 ἐπετελοῦντο
2725 1457 2814 1511 καὶ
2839 1455 3231 1528 ἐπεδείκνυντο,
3259 1464 3359 1526 τῆς
3392 1457 3537 1521 θείας
3567 1457 3782 1536 φύσεως

2134 1547 2368 1622 ἐναργῶς
2407 1543 2790 1621 παρεδηλοῦτο
2829 1550 2890 1602 τὸ
2920 1546 3156 1619 ἀξίωμα.
3201 1548 3286 1602 Δι’
3323 1548 3396 1601 ὧν
3441 1545 3500 1601 δὲ
3550 1550 3782 1619 κόπους,

2132 1636 2222 1694 καί
2253 1636 2449 1699 πόνους
2496 1637 2586 1691 καὶ
2635 1633 2795 1710 δίψαν
2851 1637 2938 1691 καὶ
2988 1641 3194 1705 πεῖναν,
3228 1637 3317 1692 καὶ
3348 1637 3552 1708 πενίαν,
3585 1639 3675 1692 καὶ
3713 1638 3783 1693 τὰ

2130 1734 2344 1788 τούτοις
2375 1726 2635 1803 ύφίστατο
2657 1733 2892 1802 συγγενῆ
2924 1725 3012 1782 καὶ
3037 1728 3415 1802 παραπλήσια,
3444 1734 3546 1796 τῆς
3569 1728 3784 1802 ἀνθρω-

372 1802 494 1898 tur,
523 1829 726 1886 divinae
745 1802 982 1882 naturae
1014 1821 1268 1892 dignitas
1294 1827 1346 1874 et
1377 1817 1698 1873 eminentia
1726 1817 2002 1872 evidentel

2128 1816 2290 1885 πίνης
2323 1802 2510 1877 οὐσίας
2542 1814 2874 1889 ἐτρατο(8ἱο)
2905 1816 2968 1870 τὸ
3002 1813 3223 1888 ἰδίωμα.
3260 1822 3349 1871 Ὠν
3377 1816 3442 1871 τὰ
3501 1817 3598 1890 μὲν
3659 1819 3785 1873 θεο-

370 1918 894 1978 demonstrabatur.
945 1914 1167 1968 Rursus
1199 1927 1299 1983 per
1329 1909 1407 1975 id,
1459 1909 1613 1979 quod
1655 1906 2012 1978 defatigatio-

368 2028 526 2078 nem,
560 2009 841 2075 laborem,
865 2003 1043 2072 sitim,
1065 2002 1275 2056 famem
1304 1996 1657 2054 sustinuerit
1686 2001 1743 2052 et
1776 2011 2016 2068 pauper-

368 2107 568 2171 tatem,
595 2105 770 2172 atque
789 2097 882 2153 bis
905 2094 1114 2151 similia
1135 2097 1192 2148 et
1213 2090 1539 2162 congenita,
1565 2088 1883 2161 proprietas
1910 2088 2016 2144 hu-

372 2207 562 2247 manm
582 2185 926 2245 substantia:
949 2181 1447 2238 manifestabatur.
1474 2178 1743 2243 Quaedam
1769 2176 2016 2232 istorum

369 2285 433 2336 ut
466 2281 576 2336 Deo
599 2278 840 2349 dignum
872 2276 1010 2338 erat,
1062 2269 1176 2326 alia
1207 2285 1310 2340 pro
1361 2265 1714 2324 conditionis
1745 2265 2018 2322 humanae

368 2371 563 2438 modo,
594 2369 747 2423 idem
787 2369 844 2422 et
887 2377 1038 2418 unus
1077 2360 1368 2427 Christus,
1399 2373 1572 2413 verus
1613 2356 1764 2411 Deus
1798 2359 2014 2422 noster,

2127 1910 2363 1980 πρερῶς,
2393 1905 2459 1960 τὰ
2499 1903 2556 1959 δὲ
2583 1904 3066 1978 ἀνθρωποπρεπῶς
3091 1905 3118 1959 6
3141 1905 3299 1968 αὐτὸς
3331 1907 3563 1979 Χριστὸς
3587 1908 3614 1961 6
3636 1906 3780 1978 ἀλη-

2128 1993 2274 2054 θινὸς
2315 1993 2441 2054 Θεὸς
2483 1994 2644 2064 ἡμῶν
2676 1991 2987 2056 ἐπιτελέσας
3019 1993 3110 2046 καὶ
3157 1991 3612 2069 διαπραξάμενος,
3651 1995 3779 2068 μίαν

2132 2083 2225 2156 μὲν
2256 2081 2420 2136 αὐτοῦ
2449 2082 2537 2136 καὶ
2571 2082 2771 2136 ἑνιαίαν
2833 2083 2932 2151 τήν
2995 2081 3308 2144 ὑπόστασιν,
3333 2080 3418 2136 δύι
3451 2085 3512 2138 δὶ
3536 2084 3628 2139 καὶ
3661 2083 3781 2140 δια·

2129 2172 2391 2249 φερούσας
2431 2173 2525 2232 τὰς
2575 2171 2781 2247 φύσεις,
2828 2169 2878 2225 ἐν
2930 2171 3222 2250 ἀσυγχύτῳ
3253 2174 3460 2244 ένώσει,
3505 2179 3696 2248 σαφῶς
3727 2196 3786 2230 τε

2126 2263 2216 2317 καὶ
2266 2260 2640 2336 ἄναντιῤῥήτῳ
2697 2259 2846 2336 λόγῳ
2901 2260 3210 2332 παρέστησε
3263 2263 3351 2318 καὶ
3411 2262 3778 2322 ἐπιστώσατο.

2131 2348 2286 2408 Ἀλλ’
2317 2348 2371 2405 ἐν
2398 2349 2611 2412 τούτοις
2643 2349 2734 2404 καὶ
2766 2350 2832 2404 τὰ
2857 2357 2956 2420 τῆς
2988 2353 3248 2425 τετάρτης
3279 2349 3536 2411 συνόδου.

375 2475 509 2514 cum
541 2460 880 2528 operaretur
925 2455 982 2506 et
1012 2449 1333 2520 perﬁceret,
1365 2449 1519 2501 certe
1578 2460 1753 2500 unam
1792 2450 1846 2500 et
1885 2443 2109 2498 unitate
2164 2441 2583 2498 consistentem
2651 2441 2993 2512 bypostasin
3025 2459 3210 2512 suam,
3272 2445 3416 2500 duas
3465 2448 3661 2502 autem
3719 2450 3782 2503 et

368 2547 629 2602 diversas
659 2550 900 2598 naturas
928 2539 988 2593 in
1021 2535 1236 2593 unione
1264 2534 1364 2590 illa
1393 2532 1717 2601 inconfusa,
1751 2532 2057 2603 perspicue
2087 2529 2243 2586 clara
2273 2546 2376 2587 nec
2409 2529 2525 2586 ullo
2557 2535 2723 2602 pacto
2754 2531 3204 2590 contradicenda
3238 2533 3460 2590 ratione
3503 2539 3632 2590 tum
3663 2551 3774 2592 ex-

357 2635 549 2691 hibuit
575 2638 699 2689 tum
730 2627 1118 2686 conﬁrmavit.
1148 2627 1336 2696 Atque
1369 2624 1652 2678 hactenus
1684 2622 1753 2678 de
1785 2627 1994 2693 quarta
2024 2621 2264 2693 synodo.

429 2727 515 2781 15.
547 2725 762 2781 Sancta
792 2716 1135 2776 universalis
1185 2714 1387 2784 quinta
1415 2714 1676 2784 synodus
1723 2711 2005 2782 sequitur.

357 2811 887 2873 Cuiconveniendas
937 2805 1292 2872 sacrabatur,
1334 2807 1607 2871 tanquam
1641 2805 1873 2872 septum
1915 2817 2009 2856 sa-

357 2921 544 2970 crum,
581 2917 793 2973 magna
843 2893 1204 2954 Constantini
1237 2891 1460 2948 civitas.
1493 2891 1762 2947 Obtinuit
1809 2894 2007 2946 autem

354 2996 471 3051 vim
504 2998 560 3049 et
590 2988 1043 3048 confirmabatur
1064 3001 1165 3057 per
1189 2981 1554 3055 praasentiam
1587 2985 1643 3036 et
1671 2995 2010 3036 concursum

351 3084 614 3156 quinque
629 3078 934 3150 sexaginta
957 3078 1189 3130 centum
1210 3072 1634 3143 episcoporum.
1665 3071 1879 3124 Horum
1903 3069 2005 3124 du-

2195 2711 2272 2764 ιε’·
2321 2710 2386 2765 Ἡ
2441 2706 2497 2764 δὲ
2555 2710 2682 2784 ἁγία
2738 2710 2827 2764 καὶ
2859 2710 3214 2785 οἰκουμενική
3247 2709 3472 2784 πέμπτη
3517 2711 3775 2786 σύνοδος,

2118 2798 2340 2871 τέμενος
2377 2799 2468 2872 μὶν
2502 2799 2647 2874 ἱερὸν
2681 2797 2820 2873 αὐτῇ
2851 2802 2886 2869 ἡ
2923 2801 3035 2872 (20)
3081 2802 3488 2857 Κωνσταντίνου
3523 2803 3777 2878 μεγαλό-

2117 2887 2283 2950 πολις
2333 2888 2628 2964 ἀφιέρωτο.
2690 2889 2848 2945 Πέντε
2907 2886 2962 2944 δὲ
3019 2891 3109 2945 καὶ
3141 2890 3402 2962 ἐξήκοντα
3455 2892 3548 2946 καὶ
3581 2893 3775 2948 ἑκατὸν

2119 2977 2396 3057 θεοφόρων
2431 2980 2676 3054 πατέρων
2711 2978 2979 3052 παρουσίᾳ
3001 2982 3091 3034 καὶ
3124 2977 3405 3055 συνδρομῇ
3424 2981 3771 3056 ἐκρατύνετο.

2121 3072 2208 3122 Ὦν
2237 3069 2474 3141 ἡγοῦντο
2505 3069 2593 3123 καὶ
2637 3067 3021 3142 προέλαμπον,
3056 3075 3244 3139 Μηνᾶς
3291 3072 3386 3143 μὲν
3416 3073 3518 3141 τήν
3561 3072 3772 3149 ἀρχὴν,

348 3153 444 3230 ces
473 3153 533 3228 et
559 3174 840 3241 tanquam
864 3164 1087 3221 lumina
1109 3162 1363 3227 fuerunt,
1399 3161 1636 3215 Mennas
1657 3158 1897 3230 quidem
1931 3158 2002 3213 ab

2119 3157 2236 3212 εἶτα
2277 3154 2334 3213 δὲ
2389 3159 2478 3212 καὶ
2512 3157 2803 3232 Εὐτύχιος,
2853 3165 2952 3227 τῆς
3005 3158 3172 3228 αὐτῆς
3215 3158 3521 3234 βασιλίδος,
3554 3161 3614 3217 ἐκ
3647 3161 3770 3219 δια-

347 3262 532 3328 ἱοὶιίο,
569 3264 690 3316 tum
716 3254 1034 3326 Eutycbius
1076 3265 1401 3318 successor,
1445 3248 1544 3320 qui
1576 3247 1802 3303 clavum
1837 3247 2005 3315 regiis

346 3351 512 3408 istius
543 3354 602 3407 et
626 3341 1140 3418 archiepiscopalis
1179 3340 1336 3396 sedis
1382 3337 1811 3394 moderabatur.
1852 3335 2007 3406 Vigi-

344 3442 463 3496 lius
495 3440 690 3495 aderat
715 3435 839 3508 (qui
869 3437 926 3489 et
963 3433 1087 3502 ipse
1133 3430 1375 3485 Romam
1409 3432 1745 3496 susceperat
1793 3440 2003 3496 procu-

347 3527 613 3598 randam)
646 3525 801 3598 apud
835 3523 1040 3579 urbem
1072 3519 1328 3592 quidem,
1371 3516 1592 3588 synodo
1636 3520 1832 3570 tamen
1885 3529 2000 3568 non

344 3617 626 3687 interfuit,
668 3632 734 3670 eo
765 3613 918 3683 quod
965 3609 1199 3667 nolebat
1229 3613 1438 3680 sponte
1478 3622 1539 3662 se
1587 3607 1658 3659 ad
1711 3602 1874 3659 illum
1906 3619 2000 3672 ag-

344 3721 580 3781 gregare
625 3706 994 3759 conventum.
1030 3698 1128 3754 Ille
1176 3701 1368 3752 autem
1403 3693 1806 3758 nihilominus,
1845 3691 1996 3761 quod

345 3796 586 3853 minime
607 3793 834 3850 volebat
855 3789 1004 3846 sacri
1027 3787 1190 3843 illius
1211 3799 1521 3841 consessus
1536 3781 1803 3840 sudalitio
1819 3781 1996 3835 inter-

343 3904 490 3957 esse,
543 3887 717 3942 tidem
767 3879 1065 3939 communi
1123 3880 1358 3933 Patrum
1408 3873 1688 3945 sulfragio
1752 3871 1992 3940 editam,

343 3977 538 4035 libello
569 3992 672 4033 suo
700 3975 859 4040 dato,
895 3968 1279 4028 confirmavit.
1323 3966 1492 4021 Hisce
1536 3966 1777 4019 aderant
1817 3961 1994 4033 Apol-

341 4067 588 4124 linarius
618 4061 998 4130 Alexandriae,
1049 4065 1106 4116 et
1151 4062 1408 4112 Domnus
1455 4052 1739 4125 dignitate
1789 4050 1994 4106 Antio-

341 4157 536 4214 chenaa
586 4152 858 4211 Ecclesia
907 4143 1388 4219 archiepiscopali
1449 4140 1692 4213 priediti.
1741 4139 1995 4194 Aderant

344 4247 619 4316 Didymus
640 4248 696 4300 et
715 4241 1014 4313 Evagrius,
1037 4239 1228 4294 locum
1253 4237 1511 4290 tenentes
1531 4229 1830 4286 Eustachii
1857 4228 1990 4283 Hie.

337 4333 740 4409 rosolymitani
772 4326 1214 4400 archiepiscopi.
1247 4329 1351 4380 Per
1383 4322 1440 4378 id
1484 4320 1765 4393 temporis
1801 4317 1983 4375 Justi-

334 4427 544 4484 nianus
567 4422 860 4480 maximus
879 4417 1218 4489 imperator,
1242 4409 1484 4468 Romani
1502 4409 1864 4481 principatus
1887 4423 1981 4463 cu-

333 4533 458 4572 ram
491 4511 763 4572 manibus
791 4505 1176 4582 gubernabat,
1210 4505 1266 4558 et
1295 4515 1429 4557 cum
1451 4496 1858 4555 ecclesiasticis
1885 4497 1980 4552 do-

334 4606 630 4677 gmatibus
652 4598 1040 4672 conspirahat.
1068 4594 1197 4651 Haec
1219 4591 1416 4663 itaque
1437 4591 1640 4645 sancta
1669 4590 1726 4643 et
1749 4585 1981 4677 univer-

336 4675 477 4752 salis
506 4695 762 4768 synodus
792 4691 1026 4762 impura
1056 4681 1305 4742 Nestorii
1327 4681 1602 4751 dogmata
1635 4675 1979 4768 repullulas-

335 4783 523 4839 centia
541 4766 786 4854 penitus
825 4780 1039 4837 iterum
1062 4769 1402 4841 demessuit,
1427 4785 1544 4826 una
1566 4783 1694 4825 cum
1730 4766 1975 4823 zizanio-

333 4888 466 4929 rum
495 4873 622 4945 ipso
655 4872 1004 4930 seminatore
1033 4883 1049 4926 :
1080 4871 1147 4923 Et
1169 4867 1302 4938 post
1322 4877 1476 4928 eum,
1501 4859 1865 4917 Theodorum
1894 4862 1976 4914 at-

2119 3243 2315 3321 δοχῆςι
2372 3245 2502 3308 τοὺς
2557 3247 2977 3322 ἀρχιερατικοὺς
3037 3246 3594 3323 πηδαλιουχήσαντες
3651 3252 3774 3307 οἴα-

2113 3356 2230 3396 xm."
2284 3336 2374 3390 καὶ
2433 3335 2676 3411 Βιγίλιος
2713 3339 2826 3407 (21)
2859 3338 2887 3391 6
2943 3344 3044 3406 τῆς
3079 3339 3301 3411 Ῥώμης
3330 3341 3430 3408 τήν
3479 3340 3626 3412 ἱερὰν
3662 3339 3769 3396 λα-

2113 3425 2230 3498 χὼν
2279 3423 2519 3503 ἐφορίαν,
2571 3427 2756 3498 παρὼν
2796 3427 2887 3499 μὲν
2933 3430 3002 3500 τῇ
3053 3427 3235 3497 πόλει,
3279 3429 3342 3482 ού
3393 3430 3581 3503 παρὼν
3610 3427 3668 3485 δὲ
3695 3437 3770 3506 τῇ

2114 3511 2343 3586 συνόδῳ·
2404 3515 2464 3575 ’ὃς
2521 3515 2611 3569 καὶ
2673 3516 2750 3588 μή
2811 3515 3093 3591 πρόθυμος
3137 3517 3211 3579 εἷς
3278 3520 3381 3588 τήν
3449 3517 3775 3593 συνδρομὴν

2109 3610 2208 3673 τῆς
2263 3603 2410 3678 ἱερᾶς
2474 3605 2802 3679 ὁμηγύρεως
2855 3606 3107 3677 κατέστη,
3152 3604 3279 3661 ἀλλ’
3329 3605 3485 3662 οὐδὲν
3537 3607 3766 3665 ἔλαττον

2110 3692 2264 3764 ὅμως
2305 3694 2404 3762 τήν
2448 3696 2637 3762 κοινήν
2692 3699 2797 3748 τῶν
2848 3695 3095 3768 πατέρων
3130 3696 3312 3752 πίστιν
3367 3696 3634 3773 ἐπεκύρου
3673 3697 3764 3754 λι-

2106 3778 2314 3854 ϐέλλῳ.
2349 3781 2454 3837 Σὺν
2485 3785 2569 3845 οἷς
2598 3781 2988 3859 ’Δπολινάριός
3017 3804 3074 3839 τε
3107 3785 3134 3839 ὁ
3185 3783 3631 3860 Ἀλεξανδρείας,
3677 3789 3770 3843 καὶ

2105 3871 2312 3945 Δόμνος
2353 3873 2380 3926 ὁ
2429 3872 2901 3948 Ἀντιοχείας,τῷ
2948 3872 3318 3948 ἀρχιερατικῷ
3359 3876 3632 3947 ἀξιώματι
3664 3897 3759 3932 κε-

2101 3960 2469 4035 κοσμημένοι.
2520 3962 2618 4016 Καὶ
2691 3959 2755 4032 δὴ
2825 3963 2916 4017 καὶ
2983 3961 3216 4036 Δίδυμος
3285 3963 3376 4018 καὶ
3451 3965 3753 4042 Εύάγριος,

2105 4051 2408 4126 Exin-toxico
2473 4055 2569 4106 τοῦ
2620 4051 3016 4126 Ἰεροσολύμων
3059 4052 3360 4128 ἀρχιερέως
3415 4059 3508 4110 τὸν
3575 4057 3750 4111 τόπον

2101 4140 2552 4216 ἀνατληροῦντες.
2621 4146 2926 4212 Τηνικαῦτα
2984 4139 3040 4196 δὲ
3087 4143 3175 4196 καὶ
3242 4143 3628 4209 Ἰουστινιανὸς
3723 4149 3750 4201 6

2099 4229 2384 4304 κράτιστος
2432 4228 2484 4284 ἐν
2543 4228 2851 4304 βασιλεῦσι,
2904 4237 3004 4300 τῆς
3051 4231 3363 4304 Ῥωμαϊκῆς
3420 4233 3607 4309 ἀρχῆς
3653 4235 3753 4299 τὰς

2094 4315 2379 4394 φροντίδας
2412 4317 2698 4394 έχείριζεν,
2745 4319 2833 4374 καὶ
2889 4323 2968 4391 τῷ
3018 4317 3458 4394 ἐκκλησιαστικῷ
3509 4325 3751 4401 συνεφώ-

2091 4427 2166 4462 νει
2220 4409 2552 4486 φρονήματι.
2600 4407 2748 4480 Αὕτη
2802 4412 3085 4483 τοιγαροῦν
3123 4411 3158 4478 ἡ
3210 4410 3338 4484 ἀγία
3368 4412 3461 4466 καὶ
3486 4413 3750 4488 οἰκουμε-

2092 4499 2215 4568 νική
2279 4495 2504 4561 σύνοδος
2552 4499 2854 4573 Νεστσρίου
2903 4497 3068 4554 πάλιν
3129 4499 3195 4555 τὰ
3245 4502 3413 4575 μιαρὰ
3462 4503 3744 4582 παραφυό-

2093 4608 2225 4661 μενα
2282 4584 2532 4665 δόγματα
2579 4587 2654 4652 εἷς
2699 4590 2762 4644 τὸ
2810 4587 3070 4652 παντελὲς
3113 4588 3420 4664 ἐξεθέρισεν,
3455 4590 3565 4647 ἅλα
3597 4592 3746 4668 αὐτῷ

2091 4677 2306 4732 ἐκείνων
2347 4682 2425 4749 τῷ
2469 4683 2660 4753 σπορεῖ
2707 4681 2814 4734 τῶν
2862 4677 3135 4749 ζιζανίων.
3176 4680 3306 4736 Μεθ’
3336 4681 3418 4751 ὃν,
3456 4681 3744 4758 Θεόδωρον

2087 4767 2178 4821 καὶ
2224 4765 2524 4842 Δεόδωρον·
2585 4768 2658 4822 ὧν
2709 4768 2736 4821 6
2783 4768 2876 4840 μὲν
2928 4772 3140 4844 Ταρσοῦ
3189 4768 3430 4841 πόλεως,
3462 4771 3491 4825 6
3537 4768 3595 4826 δὲ
3626 4779 3742 4829 Μο-

2090 4855 2374 4930 ψουεστίας
2449 4856 2839 4928 ἐπεσκόπησεν.
2898 4857 2983 4927 O't,
3061 4857 3354 4935 Νεστορίου
3439 4859 3739 4936 πρότερον,

1933 5061 2142 5120 NOTAE

403 5280 516 5352 (20)
547 5274 891 5352 Legendurn
931 5270 1092 5352 αὐτῇ,
1139 5287 1255 5329 non
1273 5268 1464 5352 _a61§15.
1523 5266 1623 5322 Est
1653 5267 1847 5352 autem
1886 5260 1969 5352 τέ-

339 5331 518 5424 μειῖςξε
549 5331 706 5435 and
738 5347 814 5402 αίι
847 5331 1189 5435 sesese.
1380 5331 1976 5435 δμεκεεισιεξίεελέ-

334 5406 424 5486 ξος
479 5406 588 5477 τίνί
635 5417 710 5481 εἷς
766 5406 982 5490 τιμήνῖ
1005 5406 1187 5471 Ιάοω’
1211 5414 1362 5485 quod
1423 5406 1640 5467 L'atinis
1673 5406 1973 5480 Templum,

334 5495 497 5535 Inous:
529 5511 639 5535 nnn
665 5490 852 5535 mlum
879 5493 1115 5535 nanctus
1137 5487 1236 5535 sed
1259 5492 1316 5535 et
1337 5487 1592 5535 sacer.ut
1614 5481 1971 5535 sepulcrum.

332 5495 498 5554 locus
529 5511 641 5552 non
665 5487 853 5549 solum
879 5493 1115 5546 sanctus
1137 5487 1236 5542 sed
1259 5492 1316 5541 et
1337 5487 1592 5550 sacer,ut
1614 5487 1971 5552 sepulcrum.

331 5567 704 5627 Recentiores
762 5561 940 5645 ϐινοοί
999 5559 1083 5616 sic
1141 5556 1445 5645 ecclesiam
1504 5553 1832 5622 nominant,
1870 5550 1973 5608 sed

334 5655 640 5715 nunquam
672 5633 1040 5693 vetustiores.
1162 5632 1177 5690 Ι
1395 5698 1406 5710 ι
1453 5697 1464 5710 .
1496 5697 1508 5710 ο

402 5715 518 5789 (21)
569 5707 815 5787 Βιγίλιος
869 5710 970 5776 τῆς
1026 5701 1275 5775 Ῥώμης.
1347 5697 1582 5770 Vigillus
1613 5712 1759 5770 papa
1818 5693 1971 5750 Con-

2088 5259 2702 5342 stantinopoljnﬁdiit,
2752 5268 2995 5342 vocante
3027 5263 3359 5342 Justiniano
3400 5272 3460 5324 et
3515 5270 3734 5342 synodo

2085 5333 2367 5411 interfuit.
2429 5335 2538 5390 Sed
2596 5351 2742 5411 cum
2787 5341 2916 5411 acta
2973 5353 3088 5394 non
3147 5340 3437 5411 probaret,
3497 5333 3738 5398 secessit

2085 5405 2528 5488 Chalcedonam,
2561 5407 2661 5462 sed
2685 5406 2765 5488 ab
2797 5405 3444 5488 imperatore-heretico
3466 5417 3524 5468 et
3547 5413 3738 5488 impe-

2085 5479 2238 5550 rioso
2259 5479 2604 5550 exagitatus,
2645 5483 2820 5550 atque
2850 5479 2907 5535 in
2949 5482 3211 5538 exsilium
3248 5479 3734 5550 missus,tandem

2084 5549 2341 5628 elanguit
2373 5549 2427 5628 et
2457 5549 2820 5628 subscripsit,
2850 5553 3056 5628 ﬁtatim
3089 5553 3215 5628 lego
3251 5571 3371 5628 non
3402 5553 3733 5628 ἐκείνῳ,εε‹1

2085 5569 2341 5619 elanguu
2373 5569 2427 5605 et
2457 5569 2679 5606 sunscrl
2726 5569 2820 5619 su,
2852 5569 3056 5608 btatlm
3089 5569 3105 5608 ι
3184 5571 3215 5610 o
3256 5571 3371 5610 non
3402 5569 3733 5628 εκεῐνῳ,εεα

2085 5616 2328 5701 ἐκείνων,
2373 5621 2480 5701 h_(_)c
2528 5569 3413 5701 e_8t,_ELCnvtmv,';proe§ndo§ot,
3467 5628 3737 5701 reposuit

2084 5691 2366 5750 Dominus
2394 5691 2831 5752 Herefordensis
2876 5691 3132 5771 ληροῦσι,
3166 5691 3320 5772 quod
3350 5691 3576 5758 rectum
3621 5704 3734 5758 est.
