4090 6228
297 381 415 439 645
1551 370 1939 432 EPISTULA?

2048 371 2100 432 M
2145 371 2376 434 LIBER
2421 374 2465 433 ι.
3577 389 3696 452 646

297 518 398 584 τὴν
441 513 700 585 τοιαύτην
739 509 1026 574 ὠδίνοντες
1067 507 1300 586 α’ίρεσιν,
1349 507 1441 562 καὶ
1499 503 1759 583 ἔγγραφον
1801 505 1937 562 ἀπο-

2055 523 2168 579 que
2197 507 2515 566 Diodorum
2541 525 2824 583 :quorum
2858 513 2972 572 iste
2994 516 3158 574 Tarsi
3175 517 3448 589 civitatis,
3478 519 3578 578 ille
3595 539 3698 580 au-

300 604 612 674 λελοίπασι,
657 609 760 673 τῆς
802 603 962 658 νόθου
1009 597 1248 662 διανοίας
1295 598 1362 654 τὰ
1396 599 1529 652 νόθα
1575 595 1664 650 καὶ
1722 587 1929 670 ἔκφυλα

297 697 574 769 κυήματα.
628 697 753 750 "Et:
798 691 855 748 δὲ
912 689 1228 747 κατεδίκασε
1265 688 1356 744 καὶ
1386 688 1763 760 ἀνεθεμάτισεν
1792 686 1937 758 Ὠρι-

297 787 484 860 γὲνην,
518 781 774 856 Δίδυμον,
803 781 1096 858 Εύάγριον,
1125 778 1334 836 παλαιά
1358 782 1468 834 τῶν
1517 780 1721 831 πιστῶν
1764 771 1939 848 ἀρῥωο

298 875 572 947 στήματα,
621 869 820 946 ἄνδρας
866 871 965 939 τήν
1003 867 1332 939 Ἑλληνικὴν
1383 864 1714 941 μυθολογίαν
1772 862 1822 918 ἐν
1866 865 1934 936 τῇ

294 967 394 1018 τοῦ
439 967 577 1018 Θεοῦ
629 959 926 1033 Ἐκκλησία
970 961 1395 1033 παρεισενεγκεῖν
1433 955 1935 1034 φιλονεικήσαντας.

297 1055 680 1128 Προϋπάρχειν
739 1071 796 1106 τε
841 1050 943 1126 γὰρ
984 1051 1133 1104 οὗτοι
1188 1050 1284 1110 τὰς
1348 1047 1531 1122 ψυγᾶς
1581 1049 1691 1100 τῶν
1749 1043 1936 1116 σωμά-

292 1165 405 1198 των
437 1140 774 1216 ἐληρῴδουν,
801 1141 891 1195 καὶ
922 1138 1107 1195 πολλὰ
1137 1138 1366 1211 σώματα
1393 1137 1490 1204 τήν
1535 1135 1702 1204 αὐτὴν
1751 1153 1938 1207 μετεν-

296 1229 534 1288 δύεσθαι·
579 1228 760 1308 δόγμα
809 1229 1002 1305 μιαρὸν
1052 1227 1141 1283 καὶ
1187 1227 1563 1282 κατάπτυστον
1609 1224 1701 1279 καὶ
1735 1221 1936 1295 μόνων,

295 1321 371 1384 ὡς
402 1320 650 1391 ἀληθῶς,
681 1317 897 1374 ἐκείνων
934 1322 1040 1375 τῶν
1087 1319 1281 1392 ψυχῶν
1313 1313 1481 1383 ἄξιον.
1532 1313 1630 1369 Καὶ
1678 1312 1837 1376 τὲλος
1879 1309 1936 1366 δὲ

291 1416 396 1481 τῆς
425 1408 789 1480 ἀτελευτήτου
826 1405 1105 1469 κολάσεως
1137 1403 1487 1484 ἐψηφίζοντο.
1520 1401 1726 1472 Ἄλλη,
1751 1407 1933 1472 τοῦτο,

292 1497 642 1574 παράκλησις
697 1497 833 1572 πρὸς
892 1494 1155 1572 ἁμαρτίαν
1219 1499 1394 1549 πᾶσαν
1456 1493 1546 1547 καὶ
1640 1490 1933 1547 ἀπώλειαν.

297 1589 399 1645 Καὶ
448 1593 565 1651 τοῖς
615 1591 874 1662 πονηροῖς
924 1584 1148 1659 δαίμοσι
1197 1585 1260 1639 τὸ
1299 1583 1531 1660 ἀρχαῖον
1565 1580 1778 1654 ἀξίωμα
1806 1580 1935 1656 ἐχα-

295 1679 534 1751 ρίζοντο,
583 1675 976 1752 ἐπαναδραμεῐν
1023 1672 1216 1736 αὐτοὺς
1266 1673 1340 1735 εἷς
1389 1673 1488 1742 τήν
1546 1671 1745 1726 ἄνωθεν
1779 1667 1933 1740 δόξαν

293 1768 346 1838 ἐξ
404 1770 471 1836 ἧς
525 1764 794 1838 ἐξέπεσον,
851 1763 1302 1832 ἀναπλάττοντες,
1361 1763 1482 1817 Ἔτι
1539 1757 1618 1828 δὲ,
1689 1756 1812 1814 οὐδὲ
1869 1759 1935 1814 τὰ

2040 601 2159 652 tem
2183 595 2548 668 Mopsuestia
2577 600 2889 674 episcopus
2919 609 3065 662 erat.
3107 607 3207 664 Isti
3229 609 3386 666 enim
3433 609 3693 668 Nestorio

2040 686 2256 756 priores
2285 687 2447 744 illam
2483 688 2668 760 ipsam
2715 691 2978 750 haeresim
3016 698 3438 766 parturiebant,
3473 703 3530 756 et
3560 705 3695 772 post

2045 790 2104 830 se
2135 775 2462 846 defunctos,
2487 779 2722 850 scriptis
2747 783 2992 838 traditos
3012 784 3294 856 reliquere
3316 788 3525 858 spurias
3556 805 3694 848 sen-

2044 864 2238 921 tentias
2259 867 2488 936 spurios
2520 875 2736 940 partus.
2778 870 3198 930 Condemnavit
3220 875 3460 947 insuper
3481 880 3536 932 et
3555 895 3696 935 ana-

2047 953 2296 1011 themate
2327 955 2476 1012 feriit
2502 958 2832 1030 Origenem,
2879 961 3212 1034 Didymum,
3246 965 3578 1038 Evagrium,
3620 967 3692 1024 ab

2045 1043 2306 1118 antiquis
2336 1048 2700 1118 temporibus
2731 1052 2790 1106 in
2823 1053 2937 1109 ﬁde
2974 1053 3301 1126 languidos,
3335 1057 3550 1129 quippe
3595 1057 3698 1128 qui

2042 1133 2103 1188 in
2125 1134 2436 1192 Ecclesiam
2463 1137 2558 1193 Dei
2577 1138 3058 1198 subintroducere
3077 1143 3436 1214 Paganorum
3470 1145 3697 1204 fabulas

2047 1227 2436 1281 tentaveraut.
2473 1225 2802 1285 Delirabant
2830 1233 3004 1298 enim,
3038 1231 3264 1288 animas
3290 1237 3425 1290 ante
3448 1250 3689 1306 corpora

2047 1314 2476 1384 praeexstitisse,
2521 1332 2625 1373 nec
2665 1335 2799 1385 non,
2831 1337 3005 1376 unam
3048 1330 3100 1376 et
3129 1323 3392 1379 eamdem
3434 1323 3690 1380 animam

2043 1402 2222 1460 multa
2234 1408 3070 1481 corporasubingredilmpium
3085 1414 3692 1486 dogmaotcouspuen-

2047 1494 2211 1554 dum,
2249 1493 2426 1550 nullis
2443 1496 2687 1568 dignum
2710 1503 2919 1568 praeter
2939 1499 3084 1572 ipsis
3123 1502 3464 1559 fautoribus.
3491 1505 3692 1560 Finem

2045 1600 2276 1656 quoque
2303 1589 2361 1642 et
2381 1587 2696 1643 terminum
2718 1588 2985 1660 supplicii
3005 1591 3455 1649 interminabilis
3476 1595 3692 1649 consti-

2045 1675 2292 1731 tuebant
2323 1691 2337 1730 :
2371 1691 2495 1748 quae
2521 1685 2606 1733 est
2625 1679 2881 1735 maxima
2931 1680 3196 1736 omnium
3229 1682 3301 1736 ad
3333 1684 3689 1752 peccandum

2042 1762 2315 1820 illecebra
2345 1770 2402 1821 et
2439 1767 2820 1838 praecipitium
2851 1770 2912 1825 in
2963 1773 3193 1826 ruinam
3226 1771 3466 1828 ducens.
3498 1772 3607 1828 Sed
3637 1776 3696 1829 et

295 1859 527 1932 σώματα
570 1863 691 1919 ταῖς
741 1859 948 1932 ψυχαῖς
996 1849 1292 1910 ἐϐούλοντο
1338 1850 1746 1906 συνανίστασθαι
1785 1867 1802 1882 ⁸
1840 1872 1934 1924 γυ-

2048 1853 2239 1926 impiis
2260 1835 2813 1912 daemonibus—suum
2849 1859 3158 1930 antiquum
3186 1859 3379 1917 locum
3411 1866 3468 1918 et
3497 1861 3692 1933 digni-

373 1945 681 2002 as"‘
891 1943 1079 1998 ὀἀ
1211 1937 1690 1994 “σ’-τ“’δ
1913 1937 1928 1958 ⁸

299 1971 366 2022 μν
410 1970 434 2010 ς
498 1969 522 2002 ε
559 1967 720 2008 αυτας
748 1965 1016 2019 σωμαυων
1083 1963 1334 1998 νιστωσιν
1392 1961 1491 1996 ουκ
1529 1953 1610 1995 ο.ο
1697 1983 1710 2007 ,
1759 1961 1812 1995 τι
1841 1959 1931 1994 και

291 2037 596 2098 καλοῦντες
653 2033 957 2104 ἀνάστασιν,
1015 2029 1166 2107 ε’ίπερ
1230 2037 1332 2087 τοῦ
1405 2029 1758 2089 πεπτωκότος
1840 2027 1932 2083 καὶ

293 2127 548 2188 θανόντος
587 2127 622 2194 ἡ
667 2124 976 2195 ἀνάστασις,
1023 2120 1152 2197 οὐχὶ
1197 2119 1254 2176 δὲ
1291 2125 1388 2176 τοῦ
1437 2119 1517 2174 ἀεὶ
1580 2120 1813 2180 ἑστῶτος
1845 2117 1934 2172 καὶ

293 2214 346 2270 ἐν
400 2215 668 2293 ἀφθαρσίᾳ
718 2211 1092 2287 διαμένοντος,
1142 2209 1257 2265 οἷόν
1317 2206 1414 2283 πέρ
1484 2207 1623 2264 ἐστιν
1680 2210 1714 2277 ἡ
1755 2209 1936 2285 ψυχή⁹

293 2302 422 2360 οὐδὲ
449 2309 610 2360 τοῦτο
640 2301 1046 2373 δυσωπηθέντες
1077 2301 1128 2354 οἱ
1158 2297 1360 2366 ἄθλιοι,
1405 2296 1600 2368 ἡλίκον
1649 2299 1769 2353 οἷον
1817 2294 1934 2352 ἀδί-

291 2409 473 2466 κημα,
514 2390 583 2448 δι’
614 2394 690 2448 ὧν
722 2391 953 2462 ληθοῦσι
982 2401 1031 2460 ιι,
1071 2393 1168 2445 τοῦ
1209 2385 1419 2444 δικαίου
1458 2390 1662 2460 Κριτοῦ
1699 2407 1938 2462 κατηγο-

293 2489 471 2560 ροῦσι.
504 2488 625 2546 Πῶς
655 2482 759 2559 γὰρ
790 2480 890 2538 οὐκ
928 2481 1167 2557 ἐσχάτην
1200 2477 1410 2535 ἀδικίαν
1444 2478 1611 2532 αὐτοῦ
1657 2497 1938 2551 καταμαρ-

293 2579 542 2650 τυροῦσι,
592 2576 660 2630 τὰ
701 2574 794 2647 μὲν
846 2573 1250 2642 συναθκήσαντα
1299 2571 1528 2643 σώματα
1572 2574 1692 2630 ταῖς
1735 2572 1942 2646 ψυχαῖς

291 2671 412 2727 τοῖς
443 2665 560 2720 κατ’
591 2664 786 2739 ἀρετὴν
818 2661 1003 2725 πόνοις
1041 2665 1150 2717 τῶν
1181 2665 1378 2715 κοινῶν
1425 2656 1679 2714 ἐπάθλων
1709 2658 1937 2713 ἀποστε-

295 2760 407 2829 ρεῖν
455 2754 617 2809 αὐτὸν
670 2751 1144 2829 βλασφημοῦντες·
1188 2749 1256 2804 τὰ
1299 2747 1344 2803 δ’
1393 2748 1456 2803 αὖ
1517 2745 1680 2802 πάλιν
1724 2748 1937 2817 συνεξα-

298 2844 596 2917 μαρτόντα,
644 2844 745 2912 τῆς
794 2847 981 2910 κοινῆς
1035 2840 1212 2902 αἰτίας
1269 2839 1360 2894 καὶ
1405 2836 1647 2912 πράξεως
1707 2839 1942 2894 ἀνεπιτί-

300 2954 447 3007 μητα
496 2930 952 3005 καταλιμπάνειν,
1007 2930 1173 3005 μόνας
1222 2926 1282 2984 δὲ
1326 2929 1421 2992 τὰς
1503 2928 1702 3003 ψυχὰς,
1763 2929 1938 3003 χωρὶς

292 3026 406 3076 τῶν
439 3018 978 3095 συνδιαπραξαμένων
1007 3020 1301 3092 σωμάτων,
1343 3016 1378 3086 ἢ
1431 3014 1633 3086 διπλῆν
1685 3016 1940 3092 εἰσπράτ-

290 3129 403 3163 τειν
431 3107 728 3182 τιμωρίαν,
759 3108 794 3176 ἢ
830 3104 1033 3176 διπλῆς
1065 3107 1243 3177 ἀξιοῦν
1278 3101 1726 3179 μισθαποδοσίας.

296 3205 589 3270 iuverant,
648 3199 904 3272 pramiis
955 3198 1192 3255 illorum
1256 3197 1521 3254 laborum
1582 3197 1999 3252 communibus
2055 3197 2337 3268 privanda
2388 3214 2402 3253 :

2041 1947 2222 1999 tatem
2249 1944 2648 2016 largiebantur
2679 1962 2692 2000 :
2727 1962 2862 2002 nam
2897 1963 3227 2019 regressum
3265 1949 3384 2006 illis
3415 1951 3484 2006 ad
3519 1950 3690 2006 coale-

2044 2037 2194 2088 stem
2224 2033 2470 2103 gloriam
2519 2036 2875 2106 patefactum
2923 2037 2993 2092 iri
3024 2038 3330 2108 docebant,
3366 2041 3518 2095 unde
3549 2040 3688 2095 olim

2047 2122 2397 2178 exciderant.
2448 2124 2552 2178 Sed
2603 2139 2708 2179 nec
2737 2140 2979 2196 corpora
3020 2142 3154 2182 cum
3203 2127 3328 2184 suis
3371 2127 3684 2186 animabus

2046 2210 2353 2282 conjuncta
2373 2221 2768 2270 resurrectura
2789 2214 3099 2285 ﬁngebant,
3123 2217 3224 2271 sed
3247 2217 3437 2273 nudas
3459 2218 3689 2274 animas

2045 2300 2172 2356 sine
2200 2302 2562 2372 corporibus.
2590 2302 2796 2359 Nescio
2827 2320 3003 2375 quam
3040 2321 3162 2361 rem
3195 2306 3411 2363 interea
3441 2307 3690 2362 commi-

2047 2387 2339 2445 niscentes
2369 2393 2871 2460 resurrectionem,
2919 2392 3214 2465 siquidem
3246 2396 3595 2453 resurrectio
3625 2393 3699 2451 il-

2049 2477 2163 2534 lius
2194 2486 2280 2534 est
2327 2480 2485 2550 quod
2515 2481 2845 2537 conciderat
2895 2486 2952 2537 et
3000 2482 3376 2553 moriebatur,
3411 2500 3526 2540 non
3562 2484 3692 2555 ejus

2045 2572 2194 2641 quod
2217 2570 2437 2643 jugiter
2453 2574 2818 2628 consistebat
2835 2578 2891 2628 et
2908 2573 3351 2646 ineorruptibile
3392 2591 3702 2648 permane-

2048 2661 2167 2731 bat,
2201 2663 2530 2732 cujusmodi
2565 2664 2772 2720 animas
2804 2668 2991 2720 status
3019 2670 3130 2732 est,
3162 2682 3268 2722 nec
3297 2665 3704 2738 intelligebant

2050 2751 2249 2807 miseri
2291 2756 2392 2808 aut
2432 2755 2869 2825 reverebantur,
2928 2770 3104 2825 quam
3152 2771 3361 2827 magna
3413 2755 3702 2826 iniustitia

2042 2841 2271 2911 justum
2303 2842 2520 2898 interea
2549 2843 2815 2898 Judicem
2848 2844 3182 2899 onerabant.
3222 2845 3368 2900 Nam
3401 2845 3698 2916 quomodo

2051 2947 2166 2986 non
2197 2935 2395 2988 contra
2443 2931 2611 2987 illum
2660 2932 2968 3002 perhibent
2997 2933 3067 2988 de
3119 2949 3353 2988 summa
3405 2933 3697 3004 injustitia

2050 3019 2472 3086 testimonium,
2507 3021 2608 3092 qui
2638 3019 2978 3092 blaspheme
3010 3021 3410 3090 pronuntiant,
3453 3038 3698 3092 corpora

2053 3107 2150 3162 illa
2173 3125 2299 3180 quae
2324 3126 2441 3164 una
2462 3126 2594 3166 cum
2621 3111 2932 3165 animabus
2959 3111 3020 3166 in
3041 3110 3227 3166 stadio
3250 3111 3480 3165 virtutis
3501 3111 3702 3166 decer-

2468 3203 2568 3254 aut
2624 3203 2687 3254 ut
2745 3217 2870 3270 quae
2932 3205 3331 3272 peccaverant,
3401 3201 3472 3255 ab
3542 3199 3706 3256 omni

293 3295 460 3348 reatu
523 3296 581 3347 et
638 3307 810 3362 pcena
850 3307 953 3363 pro
1012 3289 1238 3345 actibus
1298 3287 1700 3353 solverentur;
1760 3285 1967 3342 animae
1998 3292 2190 3344 autem
2233 3287 2371 3343 solae
2401 3292 2458 3344 et
2486 3289 2757 3344 solitariae
2798 3305 2865 3344 ac
2895 3294 3129 3345 semotae
3159 3307 3191 3345 a
3219 3289 3562 3360 corporibus
3591 3307 3708 3347 una

293 3382 702 3454 operantibus,
733 3381 821 3437 vel
851 3380 1068 3453 duplici
1100 3397 1292 3453 pmna,
1314 3379 1397 3435 vel
1431 3377 1729 3450 duplicata
1759 3377 2044 3439 mercede,
2078 3379 2521 3436 retributionem
2554 3380 2822 3436 solitaria
2855 3381 3137 3437 baberent
3165 3382 3194 3436 ‘I

373 3474 458 3535 ις’.
524 3471 596 3528 Οὐ
659 3473 823 3545 μόνον
871 3469 926 3526 δὲ
971 3471 1040 3525 τά
1084 3474 1306 3526 τοιαῦτα
1363 3473 1468 3524 τῶν
1526 3466 1848 3546 δυσφημιῶν
1901 3469 1928 3524 6
1959 3478 2008 3544 Ο

292 3563 442 3636 ἱερὸς
492 3563 648 3624 οὗτος
695 3566 806 3617 τῶν
853 3561 1098 3636 πατέρων
1148 3561 1320 3636 χορὸς
1370 3559 1722 3635 ἀπεκήρυξεν,
1789 3558 1935 3614 ἀλλά

291 3651 386 3707 καὶ
418 3650 554 3726 πρός
577 3671 639 3728 γε
665 3650 879 3712 τούτοις
911 3652 1023 3724 (22)
1057 3649 1147 3721 (οὐ
1177 3648 1372 3720 πολλῷ
1401 3646 1702 3724 ἔμπροσθεν
1730 3647 1938 3724 χρόνῳ)

293 3739 563 3797 κπαθεῖλε
605 3741 696 3795 καὶ
754 3741 1131 3814 ἀνεθεμάτισεν
1171 3739 1428 3812 Ἀνθιμόν
1476 3759 1535 3793 τε
1584 3738 1677 3793 τὸν
1733 3746 1938 3812 Τραπε-

299 3831 566 3902 ζούντιον,
623 3829 686 3885 τὸ
749 3828 1032 3904 Εὐτυχοῦς
1093 3826 1480 3883 ὑποθάλποντα
1518 3826 1800 3906 φρόνημα,
1847 3828 1935 3882 καὶ

299 3915 566 3994 Σεϐἧρον,
621 3919 824 3994 Πέτρον
869 3939 927 3974 τε
974 3918 1064 3973 τὸν
1111 3917 1205 3972 ἀπ’
1255 3916 1461 3989 Αμείας
1491 3935 1534 3985 ο,
1575 3915 1663 3970 καὶ
1696 3920 1940 3992 Ζωορᾶν,

297 4010 390 4064 καὶ
452 4015 625 4064 πᾶσαν
682 4009 781 4076 τὴν
838 4007 1077 4083 πονηρὰν
1135 4003 1345 4075 ἐκείνην
1401 4004 1491 4060 καὶ
1556 4002 1938 4076 πολυκέφαλον

300 4097 603 4172 διασπορὰν
647 4097 738 4152 καὶ
788 4097 1116 4172 συμμορίαν.
1170 4098 1480 4170 Ἀγαπητοῦ
1531 4095 1625 4167 μὲν
1681 4093 1938 4166 μάλιστα,

297 4193 398 4242 τοῦ
447 4188 690 4261 Ῥώμης,
735 4194 836 4256 τῆς
886 4187 1119 4262 εύαγοῦς
1175 4183 1644 4261 προκατάρξαντος
1675 4181 1938 4259 πράξεως·

297 4279 612 4356 συμψήφων
673 4274 729 4333 δὲ
772 4277 861 4332 καὶ
927 4280 1199 4351 συνεργῶν
1273 4273 1637 4354 ἁναφανὲντων
1694 4277 1801 4329 τῶν
1846 4293 1941 4328 πε-

300 4366 589 4441 ριωνύμων
636 4367 959 4442 ἀρχιερέων·
993 4366 1066 4421 ὧν
1105 4366 1134 4420 6
1189 4367 1283 4439 μὶν
1346 4364 1686 4442 Εὐφραίμιος
1719 4364 1770 4438 (ὁ
1801 4361 1946 4418 κλει-

299 4457 391 4517 νὸς
435 4462 537 4526 τῆς
591 4455 880 4534 Ἀντιόχου
932 4453 988 4510 δὲ
1037 4455 1239 4528 οὗτος),
1299 4459 1408 4509 τῶν
1457 4452 1856 4528 Ἱεροσολύμων
1887 4449 1944 4508 δὲ

301 4545 504 4619 Πέτρος
555 4546 583 4600 6
639 4545 786 4619 ἱερὸς
842 4544 1214 4620 ἐπετρόπευεν.
1271 4544 1503 4604 Τούτους
1561 4541 1652 4598 οῦν
1709 4541 1947 4606 ἅπαντας

297 4635 364 4690 τὸ
406 4637 550 4690 θεῖον
613 4639 721 4690 τῶν
772 4633 1076 4713 ἀρχιερέων
1132 4635 1507 4710 συνάθροισμα
1561 4630 1947 4705 ἐκκηρύξαντὲς

295 4746 358 4780 τε
397 4725 487 4780 καὶ
539 4720 1012 4798 ἀποϐαλλόμενοι,
1061 4725 1130 4778 τὰ
1173 4723 1385 4794 ἀπλανῆ
1439 4721 1527 4778 καί
1572 4725 1688 4778 θεῖα
1726 4728 1825 4792 τῆς
1855 4742 1950 4777 κα-

2119 3472 2204 3527 16.
2237 3471 2786 3543 Nequeisliusmodi
2820 3472 3009 3530 solum
3033 3471 3429 3544 blasphemias
3461 3475 3700 3530 sanctus

2045 3560 2143 3619 ille
2164 3559 2397 3617 Patrum
2421 3561 2655 3618 illorum
2678 3578 2993 3618 concessus
3031 3561 3391 3634 proscripsit,
3417 3562 3518 3618 sed
3541 3566 3596 3617 et
3617 3562 3702 3620 in-

2045 3667 2223 3722 super
2252 3652 2386 3708 sede
2416 3668 2523 3706 sua
2553 3652 2824 3723 deposuit
2851 3656 2907 3706 et
2937 3650 3448 3707 anathematizavit
3487 3651 3699 3706 Antbi-

2049 3757 2234 3811 mum,
2258 3740 2357 3812 qui
2379 3757 2494 3796 non
2520 3740 2604 3797 ita
2627 3748 2747 3796 tum
2773 3741 2998 3813 pridem
3023 3740 3544 3812 Trapezuntiorum
3573 3741 3700 3810 epi-

2047 3846 2257 3900 scopus
2279 3831 2484 3898 fuerat,
2516 3831 2614 3901 qui
2645 3830 2821 3885 tacite
2850 3831 3003 3901 apud
3035 3831 3306 3885 animum
3339 3831 3570 3886 fovebat
3592 3831 3702 3886 Eu-

2047 3919 2675 3990 tycbetissententiam,
2708 3923 2899 3974 etuna
2937 3935 3070 3974 cum
3103 3918 3224 3984 illo,
3248 3919 3547 3987 Severum,
3589 3922 3701 3976 Pe-

2048 4015 2200 4062 trum
2243 4009 2510 4078 Apamea
2550 4007 2910 4078 episcopum,
2959 4011 3200 4073 Zooran,
3260 4011 3318 4062 et
3363 4007 3698 4063 universam

2045 4094 2205 4150 illam
2227 4094 2490 4165 impiam,
2517 4094 2944 4166 multicipitem,
2969 4094 3296 4166 dispersam
3335 4095 3489 4150 varie
3517 4094 3700 4150 socie-

2044 4188 2245 4241 tatem.
2273 4184 2569 4256 Principes
2600 4183 2660 4238 in
2692 4182 2800 4239 hoc
2832 4183 3062 4254 negotio
3105 4188 3306 4239 sancto
3328 4191 3520 4254 patres
3541 4183 3698 4255 Aga-

2050 4278 2220 4346 petus
2277 4277 2474 4330 Romae
2545 4272 2852 4344 episcopus
2905 4270 3104 4328 obibat
3154 4291 3168 4340 ;
3221 4270 3695 4344 conspirautibus

2050 4366 2245 4420 autem
2269 4369 2322 4419 et
2345 4363 2688 4434 conjunctas
2713 4378 2916 4434 operas
2936 4361 3369 4419 conferentibus
3389 4359 3700 4416 celeberri-

2053 4453 2162 4510 mis
2192 4452 2310 4510 illis
2348 4453 2658 4508 antedictis
2715 4450 3303 4508 archisacerdotibus.
3354 4453 3418 4506 In
3450 4463 3698 4521 quorum

2053 4544 2185 4599 dein
2205 4559 2444 4600 numero
2461 4541 2846 4599 censebantur
2871 4540 3284 4612 Euphraimius
3300 4538 3556 4610 inclytus
3577 4539 3690 4593 An-

2049 4633 2296 4704 tiochia,
2313 4637 2370 4689 et
2382 4636 2618 4689 sanctus
2639 4633 2848 4689 Petrus
2866 4629 3399 4701 Hierosolymorum
3417 4627 3700 4699 episcopi.

2053 4725 2302 4780 Sanctus
2343 4723 2592 4779 istorum
2634 4721 3163 4779 arcbisacerdotum
3222 4733 3538 4774 concessus
3565 4715 3699 4772 illos

296 4814 526 4886 θολικῆς
585 4817 675 4871 καὶ
725 4815 1100 4886 ἀποστολικῆς
1153 4813 1484 4886 Ἐκκλησίας
1545 4813 1828 4890 ἐκράτυνάν
1883 4833 1939 4867 τε

2048 4830 2224 4883 sapra
2253 4828 2456 4868 omnes
2485 4812 2698 4882 ejectos
2731 4827 2798 4867 ex
2853 4808 3111 4865 Ecclesia
3146 4805 3469 4880 publicavit
3508 4821 3522 4862 :
3555 4805 3698 4863 dum

1625 4967 1872 5024 VARUE
1901 4964 2314 5024 LECTIONES.

369 5132 396 5160 ιι
426 5111 682 5194 ληροῦσι,
758 5149 782 5178 ο
808 5111 1129 5189 ’Δπαμείας.

1866 5255 2097 5316 NOT/E.

374 5397 487 5470 (‘22)
526 5393 705 5452 Ἀλλᾶ
747 5395 836 5472 καὶ
867 5397 974 5472 πρό
1021 5416 1096 5472 γε.
1133 5393 1362 5452 τούτων.
1409 5393 1632 5472 Recte,_
1653 5394 1706 5472 si
1759 5393 1946 5472 inclu-

303 5464 520 5526 dantur
564 5464 1137 5541 parenthesiera'ulo
1177 5472 1328 5541 post
1356 5481 1570 5541 repone
1619 5464 1942 5541 ξΑπαμείας.

299 5542 444 5597 Nam
477 5536 732 5613 divulsio
763 5540 1142 5613 exscriptoris
1166 5536 1224 5597 et
1245 5538 1333 5594 ἀπ’
1367 5536 1585 5611 Ἀμείας
1615 5536 1811 5613 inepta
1839 5544 1945 5613 est.

302 5617 376 5668 At
401 5613 509 5690 πρό
548 5631 609 5685 γε
637 5609 868 5690 τούτων,
909 5606 1348 5690 qupd_ait,_pon
1374 5606 1464 5667 est
1509 5606 1813 5690 verum'de
1843 5606 1948 5690 illa

303 5681 798 5760 synodo,_'_nedum
831 5681 901 5742 de
924 5681 1188 5760 'Vigilio.’
1205 5683 1373 5760 13am,
1405 5683 1559 5760 quod
1607 5681 1856 5760 habetur
1883 5681 1943 5736 in

303 5754 708 5828 sequentibus,
739 5754 1056 5831 Agapetus,
1088 5756 1187 5828 qui
1218 5754 1524 5812 Silverium
1559 5754 1946 5826 praedecesso-

2055 5406 2178 5446 rem
2210 5388 2415 5464 Vigilii
2436 5385 3128 5464 ant_ecess_it.Anthimum
3159 5382 3546 5464 Tra_pez_untis
3575 5383 3702 5464 epi-

2056 5455 2316 5532 scopum".
2352 5461 2653 5516 Theodore
2683 5461 2944 5532 Augusta
2967 5462 3336 5532 procurante,
3357 5455 3697 5532 Consta_nti-

2056 5526 2291 5608 nopolin
2320 5532 2693 5608 translatum,
2739 5526 2806 5586 et
2820 5526 3180 5608 luere—ticum,
3214 5533 3380 5608 extra
3403 5526 3694 5608 synodum

2055 5597 2321 5678 quintam
2354 5597 2774 5679 cecumegicam
2804 5603 3092 5679 dep_osu_it,
3147 5617 3280 5658 cum
3311 5598 3384 5654 ad
3413 5597 3696 5679 Iustinia-

2056 5667 2201 5734 num
2232 5682 2490 5750 Augusta
2516 5694 2550 5734 a
2578 5667 3218 5732 Theodato’Gotbo'rum
3243 5685 3399 5742 rege,
3429 5672 3486 5724 et
3515 5667 3694 5723 Italiae

2054 5748 2344 5818 domino,'
2373 5748 2760 5822 ablegaretur.
