4090 6228
189 306 306 366 6ί9

1470 302 1979 370 EPISTULARUM
2021 303 2231 371 LIBER
2273 303 2314 370 i.

3458 323 3562 382 650

191 433 320 489 οὐδὲ
362 441 538 510 νεκρόν
592 435 907 502 ἀναστῆσαι,
966 443 1056 490 xui
1113 433 1362 510 δακρύειν
1421 437 1504 488 ἐπὶ
1561 437 1795 496 τελευτὴ-

1909 439 2211 512 deprecari
2241 446 2304 496 ut
2335 444 2593 498 transeat
2621 443 2827 499 mortis
2857 444 3163 516 poculum,
3195 449 3253 502 et
3281 448 3561 506 eamdem

193 547 372 580 σαντι.
415 527 489 578 Ou'
532 531 635 598 μὴν
692 523 815 579 οῦδὲ
855 536 948 587 τῆς
979 527 1142 589 αὐτῆς
1167 526 1280 579 ἐστι
1313 527 1582 591 θελήσεως,
1615 527 1793 600 παρελο

191 619 296 669 θεῖν
327 615 590 668 αἰτεῖσθαι
639 619 696 668 τὸ
751 622 999 690 ποτήριον
1053 624 1142 668 τοῦ
1186 619 1427 680 θανάτου,
1495 621 1583 667 xui
1637 612 1794 678 δόξαν

189 706 377 777 αὐτῷ*
414 705 584 758 καλεῖν
639 706 813 773 πάλιν,
887 713 975 758 καὶ
1053 706 1339 778 βούλεσθαι
1407 710 1464 758 τό
1522 705 1791 764 ἀθέλητον.

191 795 352 849 Ἀλλὰ
397 805 502 856 πῶς
545 795 672 866 οὐχὶ
749 799 1075 868 συνῄσθοντο
1125 793 1219 848 διὰ
1289 798 1504 860 τούτων,
1554 799 1642 846 καὶ
1695 803 1794 846 τῶν

191 888 397 958 φύσεων
428 890 518 943 τὴν
566 881 821 959 διαφορὰν
877 884 1280 957 ἐξαρνοῦμενοη
1337 891 1484 937 πᾶσα
1543 887 1643 956 γὰρ
1700 888 1796 955 φῦ-

193 994 276 1034 σις
333 979 475 1045 πηγή
523 973 798 1048 ἐνεργείας,
854 980 944 1025 xui
1023 983 1135 1034 ταῖς
1193 971 1468 1048 διαφόροις
1524 973 1796 1045 ἐνεργείαις

192 1066 250 1116 αἱ
278 1068 498 1136 φυσικαὶ
518 1064 746 1125 θελήσεις
773 1061 1273 1135 συνδιασχίζονται.
1313 1069 1411 1116 Καὶ
1445 1061 1506 1130 εἰ,
1544 1064 1680 1114 κατά
1699 1066 1793 1120 τὴν

189 1153 243 1205 ἕν
271 1153 450 1214 αὐτοῖς
474 1153 690 1217 πλάνην,
736 1155 766 1210 ἠ
813 1151 1038 1226 ἐνέργεια
1099 1157 1186 1205 καὶ
1230 1156 1260 1210 ἠ
1309 1152 1516 1212 θέλησις
1555 1156 1671 1222 μία,
1705 1156 1794 1203 καὶ

189 1245 224 1300 ἡ
270 1245 428 1315 φύσις
456 1243 654 1302 πάντως
679 1239 731 1303 ἐξ
770 1243 828 1302 ἧς
851 1249 1036 1310 ταῦτα,
1069 1247 1184 1314 μία.
1231 1241 1288 1295 Εἰ
1316 1239 1374 1293 δε
1406 1237 1503 1293 δύο
1535 1243 1589 1292 αἱ
1620 1243 1795 1312 φύσεις

189 1335 362 1401 (οῦπω
408 1335 509 1405 γὰρ
568 1331 635 1391 εἰς
710 1339 866 1384 τοῦτο
937 1337 1123 1404 μανίας
1172 1331 1461 1396 ἐξώκειλαν,
1513 1329 1560 1382 ἐν
1610 1329 1796 1402 ὀφθαλ-

187 1428 310 1493 μοῖς
362 1423 569 1492 ἔχοντες
625 1425 718 1478 τὴν
773 1417 1068 1495 διασπορὰν
1139 1429 1238 1472 τῶν
1283 1421 1648 1494 καταρξάντων
1706 1424 1795 1472 καὶ

189 1509 494 1580 ἀπώλειαν),
550 1518 655 1570 πῶς
701 1509 828 1580 οῦχὶ
887 1509 1100 1583 ἑκατέρα
1158 1511 1392 1581 πηγάσει
1450 1514 1543 1568 τὴν
1602 1509 1794 1562 οἰκείαν

186 1597 445 1674 ἐνέργειαν
474 1604 562 1651 καὶ
610 1603 702 1657 τὴν
764 1599 970 1656 θέλησιν
1007 1616 1019 1664 ;
1052 1598 1191 1650 Ἀλλ’
1237 1599 1381 1650 οὗτοι
1429 1602 1518 1670 μὲν
1570 1606 1664 1659 τῆς
1692 1599 1796 1649 αῦ-

185 1698 290 1740 τῶν
320 1693 409 1740 καὶ
463 1685 745 1760 δυσφημον
801 1684 958 1751 δόξης
1000 1684 1150 1740 οὐδὲν
1217 1692 1651 1761 προτιμήσαντες,
1699 1691 1794 1739 σὺν

1904 544 2108 584 rursus
2140 529 2628 600 gloriticationem
2664 533 2874 600 dicere,
2919 539 3098 607 atque
3130 535 3208 591 ita
3255 536 3400 593 velle
3438 554 3562 598 non

1903 617 2170 673 volitum.
2198 620 2304 684 Qui
2328 618 2452 674 ﬁeri
2471 621 2663 692 potuit
2686 626 2748 676 ut
2775 637 2894 677 non
2919 623 3288 694 perciperent
3309 641 3370 681 se
3393 635 3562 684 natu-

1903 722 2107 762 rarum
2139 707 2360 772 tollere,
2393 708 2480 763 his
2511 708 2781 775 sublatis,
2815 710 3254 770 differentiam?
3280 717 3378 770 Est
3399 716 3562 773 enim

1902 796 2264 867 operationis
2294 797 2708 870 cujuscunque
2729 799 2882 868 fons,
2912 807 3163 861 natura:
3190 808 3247 859 et
3275 803 3448 874 juxta
3476 805 3564 861 di-

1903 900 2105 941 versas
2132 886 2431 942 naturales
2463 889 2842 958 operationes
2889 889 3228 947 voluntates
3259 893 3564 950 naturales

1903 973 2349 1046 dispertiuntur.
2373 976 2543 1041 Quod
2563 975 2634 1042 si,
2661 977 2990 1033 secundum
3015 977 3255 1035 illorum
3282 981 3559 1048 hzeresin,

1902 1064 2168 1134 operatio
2195 1063 2369 1119 unica
2389 1065 2462 1120 sit
2491 1070 2548 1120 et
2575 1065 2873 1132 voluntas,
2909 1071 3063 1123 certe
3094 1071 3150 1124 et
3171 1074 3388 1126 natura
3410 1086 3564 1142 quo-

1901 1167 2019 1225 que
2037 1153 2214 1209 unica
2231 1152 2408 1208 fuerit
2423 1155 2762 1210 necessario
2781 1155 2940 1210 unde
2959 1155 3073 1212 illis
3090 1157 3564 1226 oriuntur.Quod

1903 1240 1952 1295 si
1978 1241 2252 1298 dederint
2279 1246 2524 1298 naturas
2557 1245 2713 1300 duas
2735 1244 2957 1316 (neque
2983 1245 3140 1301 enim
3173 1245 3286 1302 hoc
3309 1247 3563 1304 insania:

1903 1335 2244 1403 eruperunt,
2270 1335 2474 1404 utpote
2503 1331 2792 1389 habentes
2834 1339 2971 1390 ante
3001 1335 3208 1391 oculos
3247 1334 3560 1408 dispersio-

1901 1436 2037 1476 nem
2062 1426 2119 1476 et
2147 1421 2541 1492 perditionem
2587 1437 2795 1478 eorum
2823 1423 2928 1495 qui
2951 1423 3031 1480 ita
3054 1424 3306 1481 docuere
3340 1426 3563 1498 primi),

1902 1510 2212 1580 quomodo
2230 1525 2349 1566 non
2369 1515 2616 1584 utraque
2633 1515 2847 1568 natura
2859 1513 3164 1585 propriam
3185 1513 3414 1571 emittet
3427 1531 3566 1587 ope-

1903 1597 2195 1654 rationem
2226 1604 2282 1654 et
2311 1599 2712 1656 voluntatem?
2759 1603 2972 1656 Verum
3012 1602 3159 1658 dum
3207 1619 3384 1659 suam
3425 1619 3566 1676 pro-

1904 1685 2098 1757 priam
2110 1692 2166 1742 et
2180 1686 2596 1759 blasphemam
2612 1689 2967 1746 sententiam
2985 1689 3147 1746 omni
3163 1691 3344 1747 modo
3359 1691 3568 1762 praefe-

185 1777 320 1849 αὐτῇ
362 1776 546 1850 ἐκείνῃ,
598 1786 668 1848 τῷ
722 1777 911 1848 αἰωνίῳ
968 1773 1429 1835 κατεδικάσθησαν
1487 1776 1789 1849 ἀναθέματι.

1909 1777 2678 1843 ιίιοι,οηδῑὶ]οιηθ.ιοεοιθτοο
2693 1779 3194 1836 condemnamur.
3213 1782 3372 1836 Duas
3386 1795 3566 1852 porro

186 1869 290 1919 Δύο
319 1863 378 1918 δὲ
409 1867 641 1929 θελήσεις
693 1869 915 1939 φυσικὰς
963 1871 1054 1918 καὶ
1109 1863 1205 1919 δύο
1256 1868 1510 1939 ἐνεργείας
1566 1866 1651 1918 ἐπὶ
1701 1873 1792 1918 τοῦ

185 1956 300 2016 ἑνός
352 1963 586 2030 Χριστοῦ
633 1963 724 2008 τοῦ
792 1964 925 2009 Θεοῦ
993 1957 1160 2028 ἡμῶν,
1227 1963 1327 2008 τῶν
1379 1957 1630 2028 θεοφόρων
1691 1962 1794 2008 llu-

188 2049 350 2117 τέρων
385 2045 719 2117 ἱερολογήσας
775 2047 800 2098 ό
849 2045 1118 2117 σύλλογος,
1167 2053 1282 2105 ταῖς
1331 2044 1642 2116 ἁπανταχοῦ
1680 2043 1795 2096 Ἐκ-

185 2134 435 2196 κλησίαις
461 2139 519 2186 τό
552 2132 768 2188 διπλοῦν
816 2135 1078 2207 ὁμολογεῖν
1142 2139 1232 2186 xui
1280 2137 1588 2209 κηρύσσειν,
1620 2135 1792 2206 ὥσπερ

185 2232 290 2276 τῶν
349 2226 566 2296 φύσεων,
625 2225 756 2276 οὕτω
798 2229 888 2277 καὶ
940 2233 1039 2276 τῶν
1079 2223 1337 2298 ἐνεργειῶν
1379 2228 1468 2275 καὶ
1518 2222 1791 2287 θελήσεων,

186 2312 247 2388 ὁρ
256 2309 490 2375 θοδόξως
561 2310 997 2388 παραδεδώκασι.

185 2410 376 2464 καῦτα,
434 2403 460 2453 ὁ
530 2401 778 2474 ἀπόγονος
822 2401 1143 2478 Ἡρακλείου,
1197 2406 1284 2454 τόν
1336 2404 1644 2476 προγονικὸν
1700 2409 1794 2463 τῆς

1081 2320 1465 2372 Κωνσταντίνος
1535 2309 1594 2364 δι
1649 2330 1796 2369 τηνι-

186 2489 464 2564 βασι).είας
514 2491 702 2563 κλῆρον
781 2491 1138 2564 ἐχρημάτιζεν
1225 2487 1648 2562 ἀναδεδεγμένος.
1716 2491 1796 2542 Τά

185 2599 243 2632 τε
272 2580 404 2632 ἄλλα
455 2581 804 2653 συμπράττων
854 2589 916 2653 τῇ
986 2577 1214 2652 συνόδῳ,
1263 2585 1354 2633 καὶ
1406 2583 1462 2632 τό
1512 2580 1663 2654 ὀρθὸν
1705 2588 1796 2640 τῆς

183 2669 511 2732 Ἐκκλησίας
565 2676 802 2745 φρόνημα
863 2669 1180 2744 πρεσϐεύων.
1267 2669 1400 2724 Ἀλλ’
1483 2668 1531 2720 ἐν
1597 2671 1796 2730 τούτοις

186 2762 282 2832 μὶν
306 2764 399 2812 καὶ
430 2761 460 2818 ἠ
493 2759 634 2818 ἕκτη.

270 2848 448 2906 ιη¹.ἰῐ
501 2845 548 2901 δ’
605 2849 731 2921 ἁγία
784 2853 871 2901 καὶ
917 2848 1246 2921 οἱκουμενικὴ
1296 2844 1493 2920 ἑϐδόμη
1552 2844 1794 2916 σύνοδος,

191 2944 423 2992 Νικαίαν
479 2942 590 3010 μὲν,
652 2946 737 2999 τῆς
783 2940 1009 2990 Βιθυνῶν
1085 2937 1404 3011 μητρόπολιν
1478 2934 1660 3003 οὖσαν,
1708 2941 1796 2989 καὶ

194 3036 300 3081 τῶν
343 3027 506 3102 ὀρθῶν
561 3025 881 3100 δογματικόν
922 3025 1268 3103 δικαστήριον
1318 3027 1479 3080 πάλαι
1503 3034 1792 3098 γεγονυῖαν,

1902 1863 2257 1933 voluntates,
2287 1867 2440 1922 duas
2481 1868 2859 1939 operationes
2897 1868 2957 1923 in
2999 1885 3120 1924 uno
3167 1868 3395 1924 Christo
3447 1872 3566 1926 Deo

1900 1959 2125 2020 nostro,
2154 1955 2302 2011 dum
2327 1963 2564 2012 sanctus
2584 1956 2920 2012 divinorum
2962 1957 3202 2013 Patrum
3233 1963 3419 2014 caatus
3452 1962 3566 2014 sta-

1903 2043 2030 2107 tuit,
2065 2043 2260 2099 ubivis
2291 2050 2582 2101 terrarum
2614 2045 2826 2117 positis
2857 2043 3131 2102 Ecclesiis
3161 2047 3565 2103 orthodoxam

1901 2131 2342 2187 confessionem
2355 2137 2410 2188 et
2431 2133 2911 2204 praedicationem
2928 2131 3188 2190 duarum
3203 2149 3342 2190 cum
3356 2134 3566 2191 volun-

1903 2225 2094 2276 tatum
2127 2227 2252 2276 tum
2283 2223 2699 2293 operationum
2729 2221 3046 2278 tradidere.
3081 2225 3218 2279 Erat
3257 2227 3460 2280 autem
3491 2239 3563 2281 eo

1904 2315 2170 2382 tempore
2219 2311 2637 2366 Constantinus
2683 2310 2931 2367 Heraclii
2972 2311 3170 2383 proles
3215 2327 3354 2368 cum
3399 2312 3566 2384 regia

1904 2399 2205 2470 majorum
2237 2405 2389 2455 sorte
2417 2401 2801 2456 constitutus:
2824 2400 2926 2471 qui
2955 2404 3012 2456 et
3038 2417 3211 2457 suam
3242 2401 3390 2458 alias
3419 2416 3566 2474 ope-

1903 2504 2032 2543 ram
2051 2489 2286 2560 synodo
2304 2488 2568 2553 contulit,
2593 2493 2648 2544 et
2687 2488 3086 2545 orthodoxam
3126 2489 3397 2546 Ecclesiae
3424 2505 3562 2546 sen-

1907 2577 2150 2633 tentiam
2178 2577 2472 2634 tuebatur.
2501 2579 2692 2650 Atque
2721 2577 2803 2634 ita
2834 2582 3001 2634 sexta
3031 2578 3306 2652 synodus
3335 2578 3465 2634 fuit.

1982 2831 2062 2883 18.
2089 2828 2304 2883 Sancta
2327 2825 2680 2882 universalis
2701 2825 2958 2898 septima
2982 2826 3251 2898 synodus
3270 2833 3567 2902 metropo-

1903 2918 1985 2973 lin
2014 2917 2580 2989 BithyniaeNicasam,
2623 2915 2763 2972 olim
2789 2915 2937 2970 illud
2983 2916 3248 2973 tribunal
3275 2934 3565 2975 sanorum

1904 3007 2280 3078 dogmatum,
2299 3011 2356 3061 et
2372 3021 2530 3060 nunc
2545 3005 2792 3060 demum
2811 3004 3015 3077 pietati
3025 3006 3368 3076 judicandaa
3385 3007 3566 3063 desti-

192 3123 288 3170 xui
348 3118 477 3176 αὐτὴ
506 3117 618 3188 (24)
651 3126 746 3178 τῆς
785 3116 1041 3178 εὐσεϐείας
1082 3123 1351 3191 κριτήριον
1417 3113 1622 3181 ἔδειξεν,
1668 3116 1798 3168 ἑπτὰ

1909 3097 2088 3152 navit.
2107 3095 2471 3168 Implebatur
2484 3110 2660 3167 porro
2673 3094 2943 3166 synodus
2955 3111 3208 3151 numero
3231 3102 3313 3151 ter
3325 3104 3564 3152 centum

194 3211 290 3280 μὲν
321 3212 410 3260 xui
479 3207 724 3270 ἑξήκοντα
770 3209 882 3259 xui."
912 3213 1224 3278 τριακοσίων
1273 3209 1416 3280 ἱερῶν
1467 3203 1670 3280 ἀνδρῶν
1724 3215 1796 3276 τῲ

195 3297 388 3355 πλήθει
441 3296 814 3369 πλατυνομένη,
871 3297 1196 3371 ταξιάρχους
1245 3293 1304 3348 δὲ
1349 3301 1439 3348 καὶ
1496 3297 1796 3368 πρωτοστά-

194 3406 288 3446 τας
319 3395 416 3448 τῆς
474 3389 606 3459 ἱεροῖς
654 3387 820 3438 αὐτῶν
883 3391 972 3438 καὶ
1065 3385 1288 3457 μεγάλης
1349 3385 1614 3456 φάλαγγος
1676 3403 1799 3457 προ-

194 3476 794 3550 ϐαλλομένη,Ταράσιόν
818 3495 869 3528 τε
921 3480 1007 3528 τὸν
1057 3475 1104 3526 ἐν
1156 3474 1463 3551 ἀρχιερεῦσι
1512 3482 1644 3526 Θεοῦ
1709 3493 1800 3525 πε-

195 3565 446 3640 ριϐόητον
476 3567 630 3632 (θεῖος
668 3567 818 3624 οὗτος
867 3570 957 3618 καὶ
1007 3567 1329 3638 πανάριστος
1377 3563 1528 3636 ἀνὴρ,
1569 3569 1657 3615 καὶ
1710 3568 1800 3623 τὴς

198 3651 490 3728 βασιλίδος
536 3655 724 3716 πόλεως
773 3659 892 3716 τοὺς
927 3657 1262 3729 ἱεραρχικοῦς
1291 3656 1492 3714 οῖακας,
1552 3655 1689 3724 εἴπερ
1722 3671 1801 3713 τις

196 3745 378 3810 ἄλλος,
412 3747 674 3816 περιάγειν
704 3745 891 3815 ἄξιος),
925 3749 1014 3795 καὶ
1056 3740 1122 3802 δὴ
1178 3748 1268 3794 καὶ
1308 3746 1498 3813 Πέτρον
1537 3743 1618 3791 τὸν
1658 3740 1798 3791 εὐλα-

193 3834 472 3901 ϐέστατον,
518 3832 1040 3907 πρωτοπρεσϐῦτερον
1099 3841 1189 3892 τῆς
1243 3834 1379 3882 κατὰ
1418 3829 1616 3900 Ῥώμην
1647 3829 1800 3898 ἁγίας

195 3923 538 3993 Ἐκκλησίας,
605 3929 695 3976 xui
781 3928 969 3995 Πέτρον
1043 3921 1214 3986 ἄλλον,
1297 3917 1641 3994 πρεσϐύτερον
1713 3921 1802 3968 καὶ

196 4013 380 4080 οσῧτόν,
440 4019 529 4064 xui
603 4021 693 4073 τῆς
746 4012 908 4065 ἐκεῖσε
965 4019 1120 4082 μονῆς
1177 4012 1456 4080 ἡγούμενον
1513 4014 1604 4058 τοῦ
1653 4004 1801 4075 ἁγίου

198 4101 400 4156 Σάϐϐαο
446 4102 493 4154 οἱ
546 4111 636 4163 τῆς
683 4100 1035 4161 ἀποστολικῆς
1087 4095 1348 4171 καθέδρας
1433 4093 1802 4167 διεκληροῦντο

195 4196 290 4245 τόν
332 4196 508 4256 τόπον,
541 4187 828 4264 Ἀδριανοῦ
872 4196 988 4243 τότε
1038 4192 1096 4242 τὸ
1147 4187 1516 4261 ἀρχιερατικὴν
1552 4189 1805 4255 κοσμοῦν-

197 4301 287 4342 τος
329 4280 551 4354 ἀξίωμα.
602 4279 748 4353 ’Ἅμα
801 4277 859 4333 δὲ
916 4283 1139 4342 τούτοις,
1185 4279 1425 4334 Ἰωάννην
1471 4278 1560 4326 καὶ
1589 4278 1804 4345 Θωμᾶν,

199 4369 400 4445 ἄνδρας
465 4368 723 4444 μοναδικῇ
765 4370 1000 4441 πολιτείᾳ
1077 4369 1445 4440 πιριωνῦμους,
1506 4369 1595 4416 xui
1677 4365 1808 4436 ἱερα-

197 4470 324 4534 τικῇ
375 4469 502 4534 τιμῇ
565 4458 973 4531 ὃιαλάμποντας,

200 4549 523 4612 διοικήσεως
570 4558 672 4602 τῶν
756 4548 1108 4602 ἀποστολικῶν
1165 4551 1254 4598 καὶ
1333 4539 1566 4618 μεγάλων
1621 4545 1808 4617 θρόνων

201 4643 585 4711 τοποτηρητὰς,
660 4645 748 4692 καὶ
826 4643 883 4692 τό
960 4645 1061 4690 τῶν
1142 4636 1427 4711 ἀρχιερέων
1529 4637 1808 4707 προνόμιον

203 4732 426 4801 ἔχοντας
475 4748 487 4762 ⁸
554 4729 683 4800 λέγω
759 4725 826 4788 δὴ
883 4726 1248 4798 Ἀπολιναρίου
1307 4743 1380 4792 τε,
1451 4727 1541 4774 καὶ
1600 4716 1810 4775 Θεοδω-

204 4824 395 4894 ρήτου,
448 4824 538 4870 καὶ
609 4817 778 4872 Ἠλίαν
859 4817 926 4868 ὧν
979 4817 1004 4868 ὁ
1079 4818 1167 4888 μὲν
1221 4809 1630 4884 Ἀλεξανδρείας,
1677 4812 1702 4862 ὁ
1753 4806 1811 4862 δὲ

204 4912 564 4981 Ἀντιοχείας,
615 4912 704 4960 καὶ
773 4907 799 4958 ὁ
849 4907 1029 4966 λοιπὸς
1103 4901 1162 4956 δὲ
1222 4901 1608 4977 Ἱεροσολύμων,
1685 4901 1812 4971 ἱερο-

205 5007 421 5071 πρεπῶς
512 5017 568 5050 τε
640 5003 728 5049 xui
802 5000 1078 5067 πανσόφως
1153 4997 1608 5068 προειστήκεισαν.
1686 4991 1812 5039 Τότε

209 5095 599 5149 κωνσταντίνος
651 5091 740 5138 καὶ
789 5085 1008 5160 Εἰρήνη,
1077 5077 1384 5155 ὀρθοδοξίας
1444 5080 1670 5150 στεφάνῳ
1727 5095 1814 5127 xo-

1907 3186 2219 3255 sexaginta
2243 3191 2468 3255 septem
2503 3187 2784 3250 virorum,
2818 3199 3078 3256 quorum
3111 3185 3282 3254 primi
3330 3185 3565 3242 fuerant

1908 3275 2183 3330 ductores
2209 3279 2264 3329 et
2294 3278 2689 3329 sacrosanctis
2735 3288 2805 3328 ac
2850 3287 3191 3328 numerosae
3247 3273 3566 3344 phalangis

1910 3364 2230 3436 principes,
2261 3363 2562 3428 'l‘arasius,
2591 3362 2740 3417 inter
2776 3361 2875 3417 Dei
2927 3361 3268 3417 sacerdotes
3306 3363 3566 3430 illustris,

1909 3453 2149 3510 divinus
2179 3455 2352 3526 plane
2393 3458 2451 3509 et
2493 3451 2759 3524 optimus
2814 3450 3168 3506 omnimodo
3212 3451 3320 3519 vir,
3353 3452 3571 3522 dignus

1909 3549 2060 3600 certe
2085 3543 2160 3614 (si
2190 3545 2323 3614 quis
2350 3541 2524 3614 alius)
2553 3543 2654 3612 qui
2684 3541 2861 3611 regias
2892 3539 3056 3596 urbis
3084 3542 3321 3596 clavum
3355 3542 3572 3612 guber-

1909 3642 2115 3705 naret;
2153 3638 2352 3689 Petrus
2383 3632 2667 3701 deinceps
2694 3629 3175 3701 archipresbyter
3205 3637 3425 3686 sanctas
3457 3634 3574 3687 Ro-

1910 3742 2102 3781 manae
2135 3723 2411 3779 Ecclesiae
2446 3721 2768 3791 piissimus;
2801 3725 2856 3774 et
2895 3721 3095 3773 Petrus
3141 3735 3383 3790 quoque
3429 3721 3575 3776 alter

1909 3817 2114 3872 aderat
2131 3815 2259 3884 ipse
2277 3826 2518 3882 quoque
2541 3809 2870 3879 presbyter,
2888 3807 2991 3879 qui
3017 3809 3383 3873 monasterii,
3409 3809 3575 3880 quod

1909 3903 1992 3960 ibi
2016 3907 2122 3964 est,
2149 3901 2336 3956 sancti
2375 3899 2588 3955 Sabbaa
2615 3895 2928 3967 praefectus
2975 3895 3064 3949 vel
3104 3897 3575 3954 archimandrita

1911 3992 2038 4049 fuit.
2068 3991 2164 4046 Isti
2196 3987 2592 4044 sortiebantur
2627 3983 2827 4038 locum
2860 3982 3158 4037 cathedrae
3204 3985 3568 4054 apostolicae,

1912 4082 2006 4138 cui
2028 4086 2154 4137 tum
2177 4076 2525 4148 dignissime
2550 4078 2797 4143 praeerat
2820 4071 3139 4136 Adrianus,
3164 4072 3571 4142 archipraasul.

1915 4171 2180 4227 Aderant
2224 4182 2344 4222 una
2393 4180 2530 4219 cum
2574 4163 2700 4217 istis
2747 4161 3006 4216 Joannes
3046 4165 3099 4215 et
3143 4160 3420 4228 Thomas,
3465 4162 3575 4217 viri

1916 4261 2177 4318 celebres
2235 4257 2296 4310 in
2337 4251 2704 4325 professione
2772 4248 3190 4313 mouachatus,
3246 4255 3299 4303 et
3350 4249 3574 4306 honore

1919 4351 2210 4419 fulgentes
2235 4339 2607 4405 sacerdotali,
2636 4339 2740 4411 qui
2772 4337 3020 4410 quidem
3052 4337 3253 4392 locum
3295 4341 3577 4396 tenebant

1027 4463 1115 4510 xui
1141 4465 1229 4517 τῆς
1261 4455 1568 4515 ἀνατολικῆς
1597 4453 1798 4513 ἁπάσης

1920 4440 2211 4497 universa
2238 4431 2560 4495 orientalis,
2579 4427 2941 4500 apostolicae,
2959 4432 3014 4481 et
3034 4443 3271 4498 magnae
3299 4428 3575 4483 dioecesis

1920 4525 2572 4597 etarchiepiscoporum
2587 4518 2860 4588 ejusdem
2877 4515 3230 4585 dignitatem
3249 4516 3574 4584 habebant,

1919 4615 2244 4693 Apolinarii
2288 4625 2525 4683 nempe,
2567 4606 2914 4664 Theodoreti
2957 4611 3014 4662 et
3067 4605 3266 4661 Helias:
3316 4621 3576 4677 quorum

1923 4711 2152 4784 primus
2189 4699 2582 4767 Alexandriae,
2621 4695 2922 4752 secundus
2951 4694 3315 4784 AAntiochiaa,
3370 4694 3576 4751 tertius

1922 4782 2466 4865 Hierosolymorum
2498 4785 2784 4842 Ecclesias
2814 4782 3157 4856 prudenter,
3193 4788 3249 4838 et
3291 4789 3354 4837 ut
3387 4799 3580 4841 sacer-

1919 4891 2091 4946 dotes
2115 4883 2387 4942 decebat,
2413 4873 2854 4946 gubernabant.
2887 4875 2966 4926 Εο
2997 4875 3261 4943 tempore
3291 4871 3580 4931 Constan-

1922 4980 2079 5035 tinus
2117 4977 2172 5028 et
2210 4975 2392 5036 lrene,
2447 4961 2817 5021 orthodoxiaa
2873 4975 3094 5016 corona
3132 4960 3410 5027 redimiti,
3462 4966 3580 5020 Ro-

1921 5066 2086 5126 mani
2125 5059 2358 5132 imperii
2414 5067 2677 5127 purpure
2738 5049 3154 5107 vestiebantur.
3222 5051 3341 5110 Ista
3399 5068 3578 5126 porro

1562 5200 1790 5258 VARLE
1828 5187 2238 5253 LECTIONES.

282 5351 300 5376 ⁸
321 5359 412 5414 γρ.
444 5341 594 5392 αῦτό.

283 5576 396 5648 (24)
428 5573 592 5630 Αὕτη.
628 5564 1170 5648 Nempe_s_y_nodus.
1203 5557 1338 5648 lSed
1386 5555 1637 5648 malim:
1652 5551 1806 5648 fit}:

216 5629 339 5706 haec
350 5629 484 5718 ipsa
503 5629 794 5716 synodsz
815 5629 1145 5695 nisi'forsan
1158 5638 1406 5706 utraque
1427 5629 1677 5685 lectione
1693 5639 1811 5679 me-

503 5754 744 5808 PATROL.
774 5749 876 5805 Gn.
911 5744 1019 5800 Cll.

1816 5421 2044 5483 ΝΟΤᾹΞ.

1918 5545 2030 5601 lior
2066 5536 2236 5600 αὖθις,
2280 5533 2342 5590 id
2373 5533 2460 5588 est
2497 5528 2758 5587 secunda
2783 5527 2925 5585 vice.
2963 5527 3466 5602 lbidrlegendum
3516 5535 3577 5589 in

1921 5611 2158 5690 plurali,
2192 5606 2538 5666 ἐστολίζοντο.
2567 5603 2716 5658 Nam
2738 5602 2903 5657 lrene
2927 5601 3229 5671 regnabat
3248 5621 3386 5662 cum
3415 5606 3576 5663 Filio.

3193 5714 3251 5764 2i

4011 23 4018 30 ο

3964 41 4022 60 ,⁸.

3993 91 4008 108 ὀ

3977 125 4018 144 ιτ.

3969 145 3994 172 ι..

3995 237 4028 276 ἃ

3975 415 3984 424 o

3971 439 4026 482 ..ν

3977 505 3986 512 ι

3997 523 4002 530 ι

3997 599 4004 614 1

3964 873 3970 880 ’
4013 889 4024 896 ι

3985 1089 4002 1102 Π

4011 1145 4018 1156 ι

3991 1165 4020 1184 ⁸.

3977 1199 3982 1202 _
4019 1185 4038 1196 δ.

4013 1759 4020 1772 I

3969 1787 4030 1818 uis

4005 2281 4008 2288 .

4017 2309 4040 2324 δ.

4005 2379 4012 2386 .

3964 2667 4016 2692 ,Ἰ

4058 2718 4059 2729 l

4058 2758 4059 2767 l

4056 2832 4059 2847 t

4029 2861 4059 2871 ο

4062 3492 4063 3501 l

3989 3597 4002 3608 I
4060 3576 4065 3593 ι

4060 3644 4063 3651 ι

4060 3712 4063 3725 l

4062 3736 4063 3751 l

4062 3760 4063 3767 η

4064 3820 4065 3831 l

4066 4534 4067 4543 l

4023 4741 4069 4761 Ι.

4066 4932 4071 4945 ι

4068 5082 4069 5089 η

4068 5098 4071 5117 Ι

4070 5300 4073 5317 l

4041 5414 4073 5427 .

4041 5547 4052 5556 κ

4074 5940 4077 5953 4
