2045 3114
96 159 148 194 633

734 161 990 194 EPISTOLARUM
1010 164 1119 195 LIBER
1139 162 1150 192 ι
1182 152 1186 155 ’

1730 171 1783 201 654

99 230 149 257 τὴν
186 226 217 254 δε
243 227 329 254 εἰκόνα
359 229 478 264 Χριστοῦ
506 231 552 255 τοῦ
576 227 700 258 ἀληθινοῦ
726 232 793 255 Θεοῦ
819 230 902 265 ἡμῶν,

959 229 1102 257 societate
1116 227 1346 261 excludendum,
1357 229 1478 259 vinculo
1491 232 1690 262 anathematis
1700 234 1791 263 indis-

101 273 173 298 κατὰ
211 273 256 302 τὰς
289 271 408 298 ἀνέκαθεν
443 271 616 303 ἁποστολικςὲς
639 282 668 299 τε
702 276 747 299 καὶ
772 274 903 310 Πατρικὰς

103 314 278 353 παραδόσεις,
304 320 349 342 καὶ
373 318 418 347 τὰς
440 321 490 343 τῶν
517 319 590 355 ἱερῶν
614 320 716 354 Λογίων
736 317 903 354 ἐκφαντορίας

104 360 147 387 ἐπὶ
169 365 232 397 τιμῇ
255 363 300 386 καὶ
323 361 512 398 σεϐασμιότητι
532 366 577 388 τοῦ
600 362 798 398 εἰκονιζομὲνου,
825 372 904 399 προσ-

103 406 241 432 κυνεῖσθαι
262 408 325 441 οιαὶ
355 407 495 442 τιμᾶσθαι,
525 407 624 443 ψήφοις
661 406 778 437 ἀπάσαις
815 406 904 433 ἐπεκύ-

102 452 185 488 ρωσέν
221 460 248 476 τε
285 452 330 476 καὶ
365 450 589 488 ἄπισφραγίσατο·
618 455 665 482 τῆς
701 454 903 488 προσκυνήσεως

102 497 149 521 καὶ
177 499 255 531 τιμῆς
287 493 408 524 δηλονότι
435 497 661 533 προφσαγομένης,
677 496 736 522 καθ’
761 495 788 522 ὃν
810 498 903 533 τρόπον

103 542 149 565 καὶ
171 543 226 570 τοῖς
247 538 334 570 ἄλλοις
357 541 435 577 ὶεροις
453 541 545 572 τύποις
562 542 608 566 καὶ
624 540 764 577 συμϐόλοις
782 544 831 571 τῆς
844 540 903 566 καθ’

103 584 174 619 ἡμᾶς
198 583 346 619 ἁγιωτάτης
366 583 484 621 λατρείας
507 586 719 622 προσερχόμεϐα.
745 584 782 610 Οὐ
803 586 854 620 γὰρ
879 583 903 610 ἰν

103 629 195 659 αὐτοῖς
219 631 328 664 ἱστῶμεν
350 631 395 655 καὶ
425 629 656 666 συμπερικλείομιν
682 632 726 658 τὴν
753 631 831 665 τιμὴν
859 638 904 655 και

103 674 294 709 προσκύνησιν,
311 671 368 699 οὐδ’
381 673 416 704 εἰς
431 673 568 711 ὖτιρόφιὴμ
583 676 627 699 καὶ
643 672 757 710 διάφορα
772 673 830 703 τέλη
847 673 903 709 ('25)

103 718 265 754 σχιζόμεθα”
308 717 372 744 ἀλλὰ
408 717 455 744 διὰ
496 722 543 749 τῆς
581 720 734 754 φαινομένης
776 716 904 755 διαφόρου

102 765 147 789 καὶ
175 766 302 798 μεριστῆς
338 762 423 789 αὐτῶν
449 763 586 799 θεραπείας
623 765 667 789 καὶ
692 765 902 799 προσκυνήσεως,

104 809 264 843 ἱεροπρεπῶς
296 817 324 834 τε
356 809 402 833 καὶ
434 806 590 844 ἁδιαιρέτως
612 807 647 838 εἰς
685 809 730 836 τὴν
764 807 903 843 ἀμέριστον

102 852 199 881 ἐκείνην
213 850 312 881 ἕνοειδῆ
329 861 355 878 τε
368 854 414 878 καὶ
429 851 543 878 ἑνοποιὸν
558 853 667 881 ϐιότητα
681 851 837 888 ἀναγόμεθα.

138 941 173 967 κ’.
199 940 274 966 Οὕτω
300 942 342 966 τὸν
366 942 452 977 τίμιον
474 941 587 978 σταυρὸν
616 943 820 976 προσκυνοῦμεν·
846 939 869 965 ἔν
884 939 904 974 ᾧ

102 987 132 1011 τὸ
156 986 314 1011 Δεσποτικὸν
337 984 493 1016 ἂξετανύσθη
521 989 610 1021 σῶμα,
633 987 677 1011 καὶ
698 987 784 1011 τὸτοῦ
803 986 904 1019 κόσμου

101 1030 247 1066 καθάρσιον
276 1028 412 1055 ἀνέϐλυσεν
440 1030 515 1065 αἶμα¹
543 1032 588 1056 καὶ
615 1030 630 1059 ἡ
659 1033 705 1056 τοῦ
733 1028 809 1060 ξύλου
829 1030 905 1064 φύσις

101 1078 160 1105 ταῖς
174 1074 268 1101 ἐκεῖθεν
288 1074 363 1111 ῥοαῖς
377 1072 538 1110 ἀρδενθιῖσα
559 1076 606 1103 τήν
627 1074 717 1110 ἀγήρω
739 1074 808 1103 ζωὴν
832 1072 904 1099 ἐϐλά-

102 1128 201 1148 στησεν
217 1118 274 1146 ἂντὶ
292 1122 338 1145 τοῦ
359 1119 484 1147 θανάτου.
507 1118 583 1145 οὕτω
606 1120 650 1144 τὸν
665 1119 745 1144 τύπον
763 1121 808 1144 τοῦ
825 1127 904 1144 σταυ-

100 1167 149 1201 ροῦ
173 1167 380 1200 προσκυνοῦμεν,
406 1161 443 1189 δι’
472 1163 502 1189 οὗ
516 1161 645 1199 δαιμόνων
664 1162 796 1189 ἐλαύνεται
811 1164 902 1198 στίφη,

101 1211 147 1235 καὶ
184 1209 256 1237 πάθη
286 1209 454 1245 θεραπεύεται
481 1207 597 1234 ποικίλαι
630 1211 677 1238 τῆς
709 1207 780 1238 ἅπαξ
808 1206 831 1232 ἐν
867 1211 903 1243 τῷ

101 1254 265 1289 πρωτοτύπῳ
306 1254 420 1290 χάριτος
457 1255 501 1278 καὶ
540 1250 675 1288 δυνάμεως
710 1251 901 1287 ὸεργηθεὶσης,

101 1299 148 1323 καὶ
182 1299 280 1333 μέχρις
314 1297 400 1323 αὐτῶν
433 1300 483 1323 τῶν
512 1297 609 1329 τύπων,
640 1297 706 1331 μετὰ
737 1299 784 1326 τῆς
812 1296 904 1331 ὁμοίας

101 1341 230 1377 ἐνεργείας
257 1342 471 1377 συμπροῑούο-ης,
500 1342 603 1368 Τούτων
622 1344 760 1378 τοιγαροῦν
783 1340 901 1374 ἓκαστον,

102 1388 150 1415 τήν
174 1395 202 1412 τε
217 1389 335 1420 Χριστοῦ
354 1385 439 1412 ιὶκόνα
454 1388 532 1422 φημὶ,
556 1388 601 1411 καὶ
622 1384 700 1411 αὐτὸν
720 1387 763 1410 τὸν
779 1386 902 1421 σταυρὸν,

101 1433 148 1457 καὶ
163 1429 198 1460 δή
226 1433 332 1457 καὶτοῦ
355 1434 470 1467 σταυροῦ
492 1432 536 1456 τὸν
551 1431 642 1462 τύπον,
664 1428 851 1466 παραπλησίως
870 1432 901 1465 τῇ

103 1474 295 1512 σεϐασμιότητι
326 1477 371 1501 καὶ
402 1477 582 1512 προσκυνήσει
608 1474 777 1506 ἂξοσιοῡντες,
804 1473 850 1499 οὐκ
879 1473 903 1499 ἐν

101 1520 195 1551 αὐτοῖς
227 1520 419 1557 περιγράφομεν
453 1522 496 1546 καὶ
533 1520 714 1556 περιορίζομεν
749 1520 792 1547 τὴν
825 1520 903 1554 τιμὴν

101 1567 148 1591 καὶ
168 1566 196 1591 τὸ
222 1564 310 1595 σέϐας,
328 1563 382 1591 ἀλλ’
406 1564 443 1595 εἰς
463 1565 507 1590 τὸν
524 1562 560 1590 δι’
579 1564 646 1600 ἡμᾶς
670 1562 904 1599 ἂνανθρωπὴσαντα

101 1609 205 1645 πλούτῳ
245 1608 438 1646 φιλανθρωπίας
476 1608 576 1645 ἀφάτῳ,
599 1610 645 1634 καὶ
669 1609 713 1635 τὰ»
738 1608 802 1644 ὑπὲρ
830 1608 903 1644 ἡμῶν

101 1652 282 1680 ἐπονείδιστον
323 1654 431 1680 θάνατον
465 1654 595 1684 ἱκουσίως
626 1653 807 1688 ὑπενεγκόντα,
842 1654 904 1678 ταύ-

101 1708 150 1728 την
167 1698 324 1735 ὢαφερομεν
350 1701 394 1724 καὶ
419 1697 579 1734 ἆνιεροῠμεν.
606 1697 681 1723 οὕτω
703 1695 736 1725 δὴ
764 1699 809 1725 καὶ
830 1698 904 1727 ναοὺς

101 1743 195 1778 ἁγίων,
229 1745 274 1769 καὶ
296 1743 404 1778 τάφους,
436 1745 481 1768 καὶ
505 1741 624 1777 λείψανα,
657 1745 763 1772 πιστοῖς
789 1740 904 1778 βρύοντα

102 1788 209 1823 ὶάσειςε,
240 1792 341 1818 πιστῶς
372 1790 578 1824 προσκυνοῦμεν,
607 1788 650 1812 τὸν
673 1786 768 1817 αὐτοὺς
794 1788 803 1807 ι
828 1784 905 1818 δοξά-

102 1841 189 1860 σνατα
223 1834 337 1868 Χριστὸν
373 1833 416 1858 τόν
448 1832 510 1858 Θεὸν
541 1832 614 1863 ἡμῶν
646 1831 829 1867 μεγαλύνοντες
859 1834 904 1858 διαὶ

102 1878 322 1914 ἄνευφημοῡντις·
356 1879 401 1903 καὶ
425 1875 458 1906 δὴ
485 1878 529 1902 καὶ
555 1876 577 1902 εἰ
590 1885 616 1902 τι
639 1877 749 1910 τούτοις,
769 1877 837 1901 κατὰ
860 1877 904 1907 τὰς

100 1923 234 1959 μυστικὰς
265 1924 311 1948 καὶ
334 1921 411 1957 ἁγίας
449 1921 522 1956 ἡμῶν
550 1920 659 1952 τελετὰς,
687 1919 743 1946 ἐστὶ
768 1919 905 1956 παραπλή-

103 1976 173 1999 σιον,
201 1964 249 1992 διὰ
278 1970 325 1996 τῆς
351 1965 375 1992 ἄν
404 1965 494 1995 αὐτοῖς
527 1965 709 2002 ἐνεργουμένης
744 1962 841 2001 δωρεᾶς
879 1974 905 1991 τε

101 2014 149 2039 καὶ
185 2011 332 2048 εὐεργεσίας
360 2016 387 2044 ιι,
412 2011 441 2036 τὸ
470 2009 582 2046 ἀρχικόν
616 2018 643 2035 τε
665 2011 710 2035 καὶ
738 2011 904 2045 πρωτουργόν

101 2058 188 2083 αἴτιον
214 2054 418 2090 ἇπιγινώσχομίν
446 2063 473 2080 τε
498 2055 544 2080 καὶ
560 2051 757 2089 δοξολογοῡμεν.
773 2052 810 2079 Δι’
828 2053 841 2079 ὃ
860 2055 904 2079 καὶ

102 2104 154 2127 τοῖν
179 2101 314 2136 μακαρίων
338 2098 440 2125 ὶκεὶνων
464 2100 508 2124 καὶ
530 2099 601 2135 ἱερῶν
626 2095 728 2133 ἀνδρῶν
747 2097 762 2126 ἡ
785 2098 905 2133 θεοφόρος

101 2148 149 2171 καὶ
176 2144 242 2180 ἁγία
268 2146 414 2181 πανήγυρις
445 2142 474 2169 ού
495 2144 572 2178 μόνον
596 2144 642 2171 τὴν
663 2141 749 2168 εἰκόνα
775 2144 904 2179 Χριστοῦ,

101 2190 222 2226 καθάπερ
249 2189 352 2225 ἱμμεν,
380 2187 444 2214 ἀλλά
468 2197 498 2223 γε
524 2185 558 2216 δὴ
583 2189 629 2213 καὶ
644 2190 692 2217 τῆς
718 2188 904 2223 παναχράντου

102 2237 150 2260 καὶ
176 2233 345 2269 ἄειπαρθένου
374 2234 516 2262 Δισποίνης
541 2237 557 2252 V
581 2232 653 2267 ἡμῶν
691 2233 830 2263 Θιοτόκου,
860 2234 904 2258 καὶ

958 273 1078 301 solubili
1091 272 1268 301 innodavit:
1297 273 1403 302 Christi
1429 278 1531 304 autem
1558 277 1619 305 veri
1636 278 1684 306 Dei
1699 280 1792 308 nostri

958 317 1133 352 imaginem,
1145 317 1232 352 juxta
1244 317 1417 346 traditiones
1430 320 1544 356 priscas
1557 323 1674 350 Patrum
1681 326 1710 351 et
1719 331 1791 360 apo-

958 362 1102 390 stolorum
1115 365 1144 389 et
1164 369 1317 390 sacrorum
1326 364 1518 393 oraculorum
1529 365 1791 401 declarationes,in

957 406 1104 434 honorem
1117 408 1145 434 et
1155 406 1268 434 cultum
1278 409 1481 442 representati
1496 410 1684 439 adorandam
1699 414 1728 440 et
1739 413 1792 441 hoe

957 450 1137 483 norandam,
1149 451 1362 479 communibus
1371 453 1520 488 suffragiis
1530 454 1637 482 sanciit
1647 457 1790 485 etconﬁr-

958 495 1050 523 mavit
1065 503 1071 528 ;
1089 495 1170 523 cultu
1186 495 1328 523 nimirum
1355 499 1383 523 et
1396 497 1509 526 honore
1529 499 1573 526 sic
1588 499 1701 532 habito,
1718 509 1790 537 quo-

958 539 1050 567 modo
1064 547 1186 576 quoque
1200 540 1288 574 signa
1303 543 1331 568 et
1345 541 1482 576 symbola
1502 544 1683 572 sanctissimi
1698 546 1789 573 nostri

958 583 1055 612 cultus
1070 584 1202 612 solemus
1212 585 1371 613 celebrare.
1382 586 1483 622 Neque
1495 588 1575 615 enim
1585 588 1615 616 in
1627 589 1734 617 iisdem
1749 590 1790 618 ita

958 627 1125 656 insistimus
1133 628 1281 657 utcultum
1289 632 1316 656 et
1323 630 1466 658 honorem
1475 631 1608 660 debitum
1617 633 1728 662 ibidem
1736 634 1790 662 cir-

958 673 1208 706 oumscribamus,
1222 673 1275 701 sed
1291 675 1383 701 necin
1397 675 1510 703 alienos
1521 684 1539 703 θ.
1551 677 1660 712 pietate
1673 677 1747 706 ﬁnes
1761 681 1790 707 et

958 715 1095 744 diversos
1110 717 1299 745 ditﬂndimur
1320 726 1326 750 ;
1348 718 1400 746 sed
1417 727 1468 755 per
1482 722 1687 757 conspicuam,
1704 723 1789 751 diffe-

957 764 1073 789 rentem
1102 763 1131 789 et
1158 762 1288 790 divisam
1313 771 1417 791 eorum
1444 766 1667 794 venerationem
1699 771 1789 803 atque

958 806 1082 841 cultum,
1090 806 1181 834 modo
1194 807 1325 842 quodam
1335 816 1420 837 sacro
1429 812 1456 837 et
1463 809 1566 838 divino
1573 819 1608 839 ac
1616 812 1788 848 indiscreta,

959 851 998 879 ad
1016 850 1108 883 illam.
1125 859 1193 887 quin
1208 851 1508 887 estindivisa,unica,
1518 856 1602 884 unita
1610 859 1637 884 et
1647 857 1788 894 unionem

921 903 943 930 Β
959 903 1124 932 procurans
1139 895 1328 924 divinitatem
1344 898 1533 927 deducimur.

993 942 1038 968 20.
1068 940 1110 967 Ad
1128 940 1210 968 hunc
1238 942 1363 970 modum
1386 946 1414 970 et
1443 944 1643 973 venerabilem
1669 954 1788 974 crucem

958 985 1131 1018 adoramus,
1151 985 1181 1013 in
1203 993 1264 1022 qua
1278 986 1397 1014 Domini
1425 996 1534 1024 corpus
1563 990 1787 1024 extendebatur,

960 1028 1038 1057 unde
1045 1029 1168 1064 sanguis
1177 1029 1225 1057 ille
1232 1030 1344 1058 ebulliit
1353 1039 1414 1066 quo
1425 1034 1558 1061 mundus
1566 1035 1785 1064 mundabatur:

957 1073 1030 1109 ligni
1051 1076 1152 1101 autem
1173 1076 1281 1102 natura
1305 1074 1383 1102 illius
1412 1076 1568 1104 stillicidiis
1593 1078 1714 1113 irrigata
1732 1087 1787 1115 pro

958 1119 1052 1146 morte
1072 1118 1164 1145 vitam
1181 1117 1263 1146 haud
1292 1123 1496 1148 senescentem
1522 1123 1727 1156 egerminavit.
1743 1123 1787 1151 Ad

957 1162 1037 1190 hunc
1050 1162 1174 1190 modum
1189 1163 1285 1191 crucis
1301 1164 1464 1193 adoramus
1477 1166 1617 1201 efﬁgiem,
1632 1175 1684 1203 per
1694 1176 1786 1204 quam

957 1207 1078 1243 agmina
1093 1207 1267 1235 daemonum
1278 1207 1458 1243 effinguntur,
1476 1211 1573 1238 morbi
1593 1215 1693 1240 autem
1712 1213 1787 1240 varii

958 1254 1166 1288 persanantur,
1186 1251 1329 1280 nimirum
1349 1253 1398 1281 illa
1417 1255 1512 1289 gratia
1528 1257 1555 1283 et
1570 1257 1704 1291 potentia
1720 1265 1786 1293 quae

959 1296 1057 1332 prima
1083 1296 1146 1324 vice
1161 1300 1285 1332 operata
1313 1300 1356 1325 est
1383 1298 1413 1325 in
1440 1300 1613 1335 exemplari,
1636 1309 1731 1336 usque
1747 1301 1787 1329 ad

958 1340 1105 1375 imagines
1112 1343 1140 1368 et
1155 1342 1436 1377 reprmsentationes
1448 1351 1516 1371 cum
1532 1344 1703 1373 eademmet
1718 1346 1746 1374 vi
1759 1348 1788 1374 et

957 1385 1131 1421 operatione
1153 1386 1372 1421 progrediente.
1389 1388 1513 1422 Singula
1530 1389 1619 1424 igitur
1644 1390 1711 1422 ista,
1729 1390 1786 1418 hoc

957 1432 1011 1463 est,
1021 1430 1124 1458 Christi
1131 1429 1306 1465 imaginem,
1321 1434 1348 1458 et
1362 1431 1659 1467 ipsammetcrucem,
1673 1437 1700 1462 et
1712 1435 1787 1469 tign-

957 1482 1023 1503 ram
1037 1474 1143 1508 crucis,
1151 1474 1215 1511 pari
1229 1475 1320 1503 modo
1328 1478 1524 1505 reverentiaet
1533 1478 1708 1507 adoratione
1717 1487 1785 1507 con-

957 1521 1182 1552 secrantes,non
1194 1522 1293 1548 tamen
1309 1520 1350 1548 ita
1369 1520 1482 1548 cultum
1499 1522 1784 1557 circumscribimus,

957 1565 986 1590 et
998 1562 1149 1591 adeadem
1165 1564 1370 1596 terminamus,
1388 1565 1438 1592 sed
1459 1566 1498 1593 ad
1513 1566 1596 1594 illum
1615 1568 1784 1603 referimus,

957 1609 985 1635 et
998 1607 1048 1636 illo
1060 1610 1175 1636 sacrate
1187 1609 1356 1641 statuimus,
1371 1610 1423 1645 qui
1452 1618 1504 1646 per
1528 1613 1555 1638 et
1583 1615 1703 1647 propter
1732 1613 1786 1640 hu-

957 1651 1039 1680 mani
1060 1653 1176 1687 generis
1195 1660 1330 1681 amorem
1349 1654 1645 1683 abundantissimum
1661 1659 1690 1684 et
1706 1656 1787 1685 inex-

957 1696 1127 1732 plicabilem
1142 1696 1314 1725 incarnatus
1330 1698 1392 1731 fuit,
1409 1702 1437 1726 et
1457 1702 1561 1735 sponte
1577 1708 1632 1728 sua
1643 1703 1671 1728 et
1682 1700 1787 1729 volun-

956 1743 1016 1769 tate
1029 1741 1220 1770 maledictam
1231 1742 1312 1770 illam
1324 1746 1450 1771 mortem
1466 1747 1570 1773 nostra
1579 1753 1674 1774 causa
1685 1746 1786 1774 subiit.

956 1785 1001 1813 Ad
1015 1787 1155 1814 eumdem
1167 1794 1282 1815 morem
1291 1791 1465 1816 sanctorum
1474 1789 1626 1823 basilicas,
1640 1791 1785 1826 sepulcra,

956 1830 1110 1867 reliquias,
1126 1830 1266 1860 fidelibus
1272 1833 1442 1861 curationes
1449 1834 1654 1867 exuberantia,
1662 1835 1787 1863 ﬁdeliter

957 1883 1149 1909 veneramur;
1165 1876 1312 1905 Christum
1324 1877 1466 1905 nimirum
1479 1879 1571 1906 Deum
1581 1881 1782 1916 nostrum,qui

958 1919 999 1947 sic
1012 1927 1063 1947 eos
1077 1919 1265 1954 gloriﬁcavit,
1282 1920 1465 1949 honorantes
1487 1925 1515 1950 et
1530 1923 1668 1950 laudibus
1689 1932 1788 1958 prose-

957 1966 1092 2001 quentes.
1115 1964 1201 1996 Quod
1214 1964 1239 1991 si
1253 1964 1402 1993 solemues
1415 1968 1523 1994 nostrae
1537 1969 1564 1994 et
1579 1975 1669 1994 sacra:
1680 1968 1786 1996 festivi-

960 2010 1035 2037 tates
1043 2007 1223 2036 etsacriﬁcia
1235 2008 1361 2044 mystica
1374 2009 1487 2045 aliquid
1502 2010 1582 2038 hisce
1596 2010 1691 2038 simile
1709 2012 1739 2039 in
1755 2020 1786 2040 se

961 2051 1210 2088 complectuntur,
1225 2060 1277 2088 per
1287 2052 1425 2081 virtutem
1438 2054 1515 2081 illius
1529 2055 1631 2089 gratiae
1639 2063 1707 2091 quae
1716 2055 1787 2084 inibi

959 2099 1106 2132 operatur,
1121 2097 1150 2124 in
1165 2105 1201 2125 eo
1215 2097 1282 2133 ipso
1296 2098 1471 2133 originalem
1485 2101 1512 2126 et
1528 2099 1723 2135 principalem
1737 2101 1787 2128 be-

959 2141 1054 2169 neﬁcii
1061 2149 1180 2170 causam
1189 2144 1251 2170 tum
1258 2144 1498 2178 recognoscimus
1506 2146 1568 2171 tum
1575 2144 1785 2179 gloriﬁcamus.

958 2187 1053 2223 Atque
1066 2186 1141 2215 hanc
1149 2186 1188 2215 ob
1200 2194 1323 2215 causam
1333 2196 1416 2216 sacer
1429 2188 1475 2215 ille
1482 2191 1510 2216 et
1519 2190 1577 2216 Deo
1593 2188 1699 2224 plenus
1712 2198 1786 2218 san-

958 2233 1074 2259 ctcrum
1090 2232 1210 2259 Patrum
1222 2234 1251 2260 et
1266 2232 1419 2260 beatorum
1434 2240 1602 2266 consessus,
1618 2242 1679 2261 non
1695 2235 1786 2263 modo

103 2280 208 2305 πάντων
231 2281 281 2304 τῶν
308 2277 390 2313 ἁγίων
411 2278 460 2308 τὰς
481 2277 548 2313 ἱερὰς
571 2275 680 2309 εἱκνόας,
705 2274 903 2311 κατ’ἀναλογίαν

959 2275 1052 2312 (quod
1068 2275 1211 2312 diximus)
1231 2276 1344 2309 Christi,
1362 2285 1463 2304 verum
1484 2277 1574 2305 etiam
1594 2265 1786 2311 intemeratae,

103 2327 154 2354 τῆς
177 2327 227 2349 τῶν
250 2323 427 2359 πρωτοτύπων
452 2321 586 2357 ὑπεροχῆς
613 2322 658 2346 καὶ
685 2319 902 2357 σεϐασμιότητος,

103 2368 236 2404 τιμᾶσθαι
266 2369 311 2393 καὶ
338 2366 553 2404 προσκυνεῖσθαι,
592 2368 683 2391 κοινῶν
722 2365 905 2401 θεσπισμάτων

104 2412 176 2449 ὅροις
199 2411 376 2447 επεσφροίγισί
400 2419 427 2437 τι
453 2413 499 2436 καῖ
522 2408 678 2446 ὶπεκύρωσε.
707 2411 757 2435 Καὶ
783 2410 833 2447 γὰρ
861 2412 906 2436 καὶ

105 2455 144 2483 δι’
169 2455 253 2482 αὐτῶν
279 2455 315 2487 εἰς
340 2455 453 2482 ίνοποιον
480 2464 538 2481 τινα
564 2456 610 2480 καὶ
639 2455 791 2490 συναγωγὸν
814 2452 906 2489 ἀναγό-

960 2327 1088 2355 semper,
1095 2320 1219 2355 virginis
1229 2320 1361 2349 Dominae
1371 2324 1478 2349 ucstrte
1487 2322 1629 2357 Deiparae,
1639 2324 1787 2351 etsancto-

958 2372 1027 2392 rum
1041 2372 1148 2393 omnes
1164 2365 1322 2401 imagines,
1333 2366 1420 2400 juxta
1433 2366 1561 2400 gradum
1576 2369 1605 2394 et
1620 2367 1788 2403 proportio-

959 2417 1029 2437 nem
1042 2409 1221 2438 excellentim
1232 2412 1261 2439 et
1272 2410 1469 2438 venerationis
1481 2413 1717 2447 prototyporum,
1729 2413 1787 2441 coli

960 2453 1270 2488 etadorari,communi
1280 2463 1334 2483 suo
1342 2455 1681 2490 suli'ragioetdictamine
1688 2459 1786 2486 ratum

782 2525 896 2552 VARl/E
916 2524 1116 2553 LECTIONES.

140 2604 153 2620 Ι
165 2607 209 2635 γρ.
227 2597 324 2625 ἰάσεσι.
361 2598 371 2618 ι
385 2606 431 2634 γρ.
445 2594 522 2623 αὐτοὶ⁸
561 2601 577 2617 ιι
591 2605 635 2632 γρ.
650 2595 771 2632 χάριτος.
808 2604 852 2631 γρ.
868 2601 883 2616 ν
896 2597 998 2631 Μαρίας
1008 2597 1054 2622 καὶ
1069 2592 1148 2625 δεσπ.

891 2671 1008 2701 NOTAE.

143 2743 199 2780 (25)
217 2744 294 2773 τέλη.
320 2741 411 2778 Verti,
431 2744 505 2779 ﬁne:
521 2751 529 2778 ;
545 2742 681 2772 fortassis
696 2744 800 2770 auctor
818 2741 906 2780 intel-

105 2779 336 2812 lex’it'ordines,
361 2783 486 2813 turmas,
516 2782 548 2809 ut
571 2780 631 2807 sint
655 2780 833 2816 στρατιωτικὰ
858 2779 904 2805 τά-

105 2825 207 2853 γματα,
223 2815 387 2850 veritatem,
410 2816 500 2853 quasi
523 2816 626 2853 prmlio
648 2815 796 2850 conserto,
812 2822 903 2851 oppu-

959 2742 1216 2781 gnantia.Erudite
1225 2751 1314 2773 nsum
1326 2745 1493 2781 imaginum
1506 2746 1603 2781 docet,
1616 2751 1642 2776 et
1657 2751 1787 2777 mentem

959 2779 1037 2806 illius
1057 2780 1174 2822 septimi
1199 2781 1315 2822 concilii
1333 2779 1428 2817 aperit
1452 2787 1556 2811 contra
1571 2779 1786 2822 _Iconoclastas,

959 2823 1037 2851 quas
1050 2819 1134 2844 extra
1145 2819 1351 2846 invitationem
1367 2826 1427 2846 non
1445 2820 1600 2856 processit.
