4090 6228
510 289 616 348 655
1770 292 2008 348 ΡΗΟΤΙΙ
2040 292 2154 348 ΡΑἸ

2265 293 2524 349 ARCH/E
2550 294 2660 349 ΟΡ.
3773 289 3890 347 6ὃὸ

511 421 566 472 et
589 417 834 472 ﬁrmum
860 417 1318 474 velutifuturum
1339 416 2032 486 consignarunt.Etenim
2060 432 2154 490 per

2276 421 2407 488 μεθα
2456 420 2691 493 θεωρίαν,
2758 423 2847 472 καὶ
2912 428 3004 482 τῆς
3057 422 3183 494 πρὸς
3238 431 3268 462 ι
3323 423 3380 472 τὸ
3438 418 3728 491 ἀκρότατον
3781 427 3890 470 τῶν

507 505 670 577 ipsas
695 505 773 562 ad
799 506 1360 578 contemplationem
1386 505 1716 577 quamdam
1773 507 2076 562 unientem
2110 512 2154 562 el

2275 507 2495 578 ὁρεκτών
2551 503 2622 558 δι’
2675 507 2838 569 αὐτῆς
2890 508 3172 581 ἀξιούμεθα
3229 510 3363 568 θείας
3428 512 3518 560 καὶ
3591 510 3890 580 ὑπερφυοῦς

509 595 1036 667 compaginautem
1080 611 1316 650 sursum
1355 594 1653 659 ducimur,
1695 600 1750 650 et
1787 610 1891 666 per
1919 595 2162 651 easdem

510 681 676 754 digni
692 683 986 756 ﬁmusqiii
1003 700 1139 739 cum
1158 699 1396 739 summo
1412 682 1881 738 desideratorum
1897 683 2162 738 omnium

509 788 616 844 per
644 772 912 828 divinam
951 777 1007 827 et
1035 771 1550 844 supernaturalem
1591 772 2032 844 copulationem
2060 773 2162 828 ad-

509 861 952 917 uniamur.Ha3c
981 865 1181 916 autem
1205 860 1503 931 sapienter
1527 859 1856 916 admodum
1881 867 1935 915 et
1953 876 2161 916 secun-

509 949 656 1004 dum
695 948 796 1004 Dei
833 947 1273 1020 beneplacitum
1303 949 1629 1004 decernens
1682 947 1946 1020 synodus
1975 949 2160 1004 deter-

509 1037 758 1093 minavit
790 1059 802 1090 :
836 1042 1014 1108 atque
1043 1038 1122 1092 ita
1171 1037 1432 1108 depulsis
1484 1038 1780 1093 haereseos
1835 1036 2058 1093 morbis
2105 1042 2162 1093 et

509 1126 890 1182 immunditia
929 1143 964 1182 a
989 1142 1169 1197 grege
1206 1127 1433 1182 ratione
1464 1127 1732 1199 praedito,
1766 1126 1943 1182 nobis
1971 1125 2158 1182 Eccle-

505 1216 656 1271 siam
687 1216 1133 1287 repraasentavit
1179 1215 1239 1270 in
1270 1219 1621 1286 recuperato
1675 1231 1783 1272 suo
1832 1220 2044 1272 ornatu
2103 1220 2161 1271 et

506 1303 948 1375 pulchritudine
979 1304 1386 1376 conspicuam,
1429 1309 1483 1361 et
1513 1309 1802 1376 tanquam
1843 1321 2154 1378 sponsam,

2270 1316 2384 1379 μοῖς
2447 1311 2774 1382 καθορᾶσθαι
2838 1315 2928 1362 καὶ
2997 1308 3395 1381 ἕναγλαίζεσθαι
3447 1313 3602 1360 παντὶ
3650 1317 3723 1378 τῷ
3773 1315 3886 1359 τῶν

504 1409 626 1450 non
652 1393 896 1466 quidem
927 1393 1104 1448 bullis
1131 1399 1234 1450 aut
1263 1393 1448 1449 clavis
1489 1398 1764 1450 ornatam
1802 1394 2020 1460 aureis,
2051 1396 2154 1451 sed

2269 1404 2466 1448 πιστῶν
2499 1396 2811 1470 πληρώματι
2839 1400 3256 1473 παρεσκεύασεν.

508 1483 692 1538 sacris
716 1488 771 1538 et
792 1482 1129 1538 redimitam
1143 1482 1795 1554 etresplendescentem
1821 1483 2283 1554 imagunculis,a
2302 1485 2509 1540 Christi
2523 1487 2730 1558 sponsi
2759 1487 2976 1543 dextris
2989 1487 3400 1552 constitutam,
3416 1485 3705 1541 universa:
3726 1483 3890 1540 ﬁde-

505 1571 652 1626 lium
684 1571 1050 1627 multitudini
1074 1571 1223 1627 laetis
1248 1576 1302 1626 et
1315 1571 1599 1641 jucundis
1623 1572 1811 1628 oculis
1841 1572 2257 1644 aspiciendam
2281 1579 2335 1630 et
2365 1574 2746 1632 lustrandam
2771 1576 3059 1632 exhibuit.

2277 600 2566 668 συναφείας.
2619 597 2777 652 Ἀλλὰ
2841 605 3003 650 ταῦτα
3060 602 3150 669 μεν
3229 606 3394 668 σοφῶς
3446 617 3499 649 τε
3555 603 3644 648 καὶ
3705 599 3890 668 θεαρέ-

2276 704 2406 744 στως
2445 684 2749 757 τελεσαμίνη
2802 687 2938 757 (26),
2983 683 3248 760 διώρισενο
3299 692 3471 738 πᾶσαν
3521 681 3580 737 δε
3612 685 3886 756 αἰρετικὴν

2272 779 2419 825 νόσον
2464 778 2553 826 καὶ
2597 780 2768 826 πᾶσαν
2819 774 3076 848 ἀκοσμίαν
3124 784 3220 836 τῆς
3270 775 3484 846 λογικῆς
3533 772 3723 844 ἀγέλης
3786 783 3884 824 απ-

2273 862 2522 927 ελοέσασα,
2575 866 2660 915 τὸν
2704 864 2889 916 οἰκείον
2933 868 3129 937 κόσμον
3179 868 3352 917 καὶτὸ
3395 863 3581 924 κοίλλος
3617 868 3712 921 τήν
3758 865 3886 915 Ἐκ-

2271 952 2492 1010 κλησίαν
2540 951 2964 1006 ἕπαναλαϐοῦσαν
3013 951 3250 1016 ὑπέδειξε
3289 967 3337 1022 Υ,
3370 958 3461 1005 κκὶ
3517 954 3602 1005 οἷα
3649 949 3719 1010 δὴ
3750 956 3888 1024 νύμ-

2273 1061 2390 1112 φην,
2452 1041 2544 1093 οῦκ
2597 1041 2644 1094 ἕν
2698 1051 3024 1111 κροσσωτοῖς
3077 1050 3328 1116 χρυσοῖς,
3387 1042 3494 1093 ἀλλ’
3548 1041 3596 1094 ἐν
3647 1042 3887 1115 ἱεροῖς.⁸

2271 1129 2674 1203 ὶξωραὶσθεῖσαν
2726 1132 3102 1205 εἰκονίσμασιν,
3167 1131 3222 1183 ἐκ
3267 1129 3450 1194 δεξιων
3513 1139 3604 1183 τοῦ
3647 1135 3886 1201 νυμφίου

2274 1226 2508 1290 Χριστοῦ
2555 1226 2971 1295 παραστήσασα,
3017 1221 3211 1294 ἱλαροῖς
3247 1225 3336 1272 καὶ
3365 1224 3651 1294 χαίρουσιν
3683 1218 3888 1290 ὀφθαλμ-

577 1699 667 1749 21.
724 1697 825 1750 Est
876 1694 1005 1750 haec
1051 1699 1258 1750 nostra
1316 1694 1783 1751 Christianorum
1824 1711 1999 1768 pura,
2059 1697 2158 1752 de-
2193 1697 2236 1751 Β

505 1782 713 1839 faacata
731 1786 786 1838 et
801 1783 1184 1854 inculpabilis
1203 1783 1338 1838 ﬁdei
1359 1783 1762 1841 confessiozest
1775 1785 1901 1841 hac
1921 1803 1953 1841 ιι
1969 1785 2160 1842 divina

505 1872 799 1944 sapientia
825 1872 1088 1945 profecta
1113 1874 1524 1946 mystagogica
1553 1873 1840 1929 institutio
1869 1875 2159 1931 immacu-

2337 1697 2439 1753 κα’.
2494 1699 2633 1756 Αὕτη
2693 1707 2790 1762 τῆς
2842 1704 3072 1762 πίστεως
3123 1702 3267 1772 ἡμῶν
3310 1707 3410 1751 τῶν
3459 1705 3797 1774 Χριστιανῶν
3847 1699 3880 1755 ἡ

2267 1789 2472 1859 καθαρά
2515 1793 2603 1840 καὶ
2653 1787 2932 1861 ἀμώμητος
2980 1788 3247 1862 ὁμολογίαο
3292 1788 3418 1845 αὕτη
3462 1795 3554 1849 τῆς
3595 1785 3885 1858 ἀχρείντου

2264 1881 2354 1928 καὶ
2383 1876 2667 1950 ελικρινοῦς
2691 1889 2717 1919 ι
2758 1877 3020 1950 ἐλατρείας
3067 1881 3232 1950 ἡμῶν,
3280 1882 3368 1929 καὶ
3413 1885 3513 1929 τῶν
3553 1881 3670 1949 περὶ
3705 1875 3886 1932 αὐτην

501 1960 604 2017 lati
627 1966 681 2018 et
713 1961 925 2017 sinceri
963 1962 1146 2018 nostri
1171 1963 1390 2032 cultus,
1423 1967 1478 2018 et
1514 1962 1994 2018 venerandorum
2021 1980 2158 2036 quas

503 2065 573 2106 eo
613 2049 861 2106 tendunt
901 2051 1324 2124 mysteriorum
1358 2051 1723 2107 :secundum
1758 2051 1934 2108 istam
1959 2055 2034 2108 ad
2063 2068 2160 2108 oc-

502 2155 710 2195 casum
765 2154 956 2211 usque
1006 2144 1060 2195 et
1106 2141 1326 2196 exitum
1383 2141 1516 2196 vitae
1561 2143 1775 2196 nostra;
1815 2140 2154 2204 sentientes,

500 2229 828 2294 credentes,
861 2237 1300 2295 conversantes,
1333 2229 1408 2285 ad
1439 2245 1631 2302 usque
1648 2229 1936 2285 orientem
1966 2230 2155 2286 solem

500 2317 935 2387 intelligibilem
963 2319 1329 2374 incedimus:
1359 2334 1481 2390 quo
1512 2319 1941 2389 pervenientes,
1968 2319 2156 2375 multo

500 2407 836 2463 evidentius
896 2411 952 2463 et
1001 2408 1319 2479 perfectius
1364 2407 1669 2463 radiorum
1728 2407 2044 2479 splendore
2101 2413 2157 2462 et

501 2494 875 2564 claritudine,
929 2497 1056 2550 sine
1121 2495 1244 2552 ullo
1273 2511 1516 2562 occasu,
1549 2495 1942 2566 perfruemur.
1997 2499 2156 2552 Hanc

499 2598 678 2654 porro
704 2582 843 2638 ﬁdei
899 2584 1359 2652 confessionem,
1407 2590 1462 2639 et
1517 2592 1797 2649 vestram,
1842 2601 1948 2657 par
1977 2592 2088 2650 est,
2119 2603 2155 2642 a

501 2672 620 2727 Deo
647 2671 1006 2728 custoditam
1031 2673 1436 2744 prudentiam,
1461 2673 1602 2727 dum
1633 2678 1894 2728 nostram
1921 2675 2155 2746 pietatis

501 2765 718 2815 sortem
752 2760 1029 2824 intuetur,
1060 2761 1294 2817 sincero
1325 2761 1561 2826 affectu,
1584 2767 1743 2818 recto
1764 2762 2012 2832 judicio,
2037 2763 2153 2818 ﬁde

501 2849 859 2906 inconcussa
872 2865 978 2906 nec
991 2850 1649 2923 vacillante,susceptam
1669 2851 1840 2907 semel
1854 2852 2150 2918 adamare,

498 2953 610 2995 nec
627 2938 705 2995 ab
723 2938 1088 2996 eavellatum
1107 2939 1456 3011 unguem,ad
1471 2940 1721 2995 dextram
1740 2940 1819 2995 vel
1833 2940 2148 3006 sinistram,

2268 1974 2466 2017 σεπτὼν
2529 1971 2854 2040 μυστηρίων,
2919 1968 2948 2024 ἠ
3003 1969 3247 2039 θεόσοφος
3309 1965 3678 2038 μυσταγωγία·
3730 1967 3888 2016 κατὰ

2779 2053 2902 2128 βίον
2963 2053 3202 2128 δυσμῶν,
3269 2060 3360 2108 καὶ
3417 2062 3720 2128 φρονοῦντες
3777 2060 3882 2106 καὶ

2267 2147 2594 2206 πιστεύοντες
2644 2149 2734 2197 καὶ
2791 2145 3194 2218 πολιτευόμενοι,
3265 2148 3394 2218 πρὸς
3453 2149 3547 2201 τὴν
3610 2141 3882 2201 ἀνατολήν

2265 2058 2483 2116 ταύτην,
2539 2060 2702 2128 μέχρι

2265 2239 2356 2284 τοῦ
2386 2242 2571 2290 νοητοῦ
2614 2233 2763 2292 ἡλίου
2817 2237 3148 2306 ἑπειγόμεθα,
3201 2243 3294 2294 τῆς
3342 2232 3527 2285 ἐκεῖθεν
3579 2233 3881 2304 ὼεσπέρου

2264 2324 2433 2391 αὐγῆς
2488 2327 2575 2374 καὶ
2652 2322 3014 2395 λαμπρότητος
3066 2327 3366 2396 τρανότερον
3421 2341 3474 2374 τε
3535 2327 3623 2373 καὶ
3679 2321 3882 2373 τελειόο

2264 2428 2405 2483 τερον
2487 2409 2886 2473 ἀπολαύσοντες.
2978 2416 3185 2470 Ταύτην
3259 2417 3514 2484 προσήκει
3586 2415 3677 2462 καὶ
3772 2414 3882 2469 τὴν

2263 2500 2510 2572 ὑμετέραν
2551 2502 2926 2575 θεοφρούρητον
2984 2505 3190 2553 σύνεσιν
3244 2498 3375 2564 ἤδη,
3431 2503 3559 2572 πρὸς
3602 2502 3691 2550 τόν
3739 2500 3882 2571 ἠμ-

2261 2607 2404 2660 τερον
2477 2589 2665 2662 κλῆρον
2725 2599 2819 2652 τῆς
2896 2590 3155 2652 εὐσεϐείας
3231 2588 3526 2662 ἀφορῶσαν,
3603 2587 3880 2661 εἰλικρινεῖ

2263 2673 2515 2739 διαθέσει,
2551 2683 2638 2730 καὶ
2663 2685 2870 2751 γνώμης
2903 2680 3167 2744 εῦθύτητι,
3211 2685 3302 2732 καὶ
3349 2676 3658 2748 ἀδιστοίκτῳ
3690 2683 3878 2729 πίστει

2264 2764 2628 2837 ἀποδέχεσθαι
2672 2774 2761 2819 καὶ
2802 2773 3052 2842 στέργειν,
3103 2774 3192 2821 καὶ
3231 2772 3360 2840 μήτε
3402 2765 3549 2830 δεξιᾶ
3576 2773 3712 2839 μήτε
3747 2767 3872 2838 ἀρι-

2264 2860 2439 2926 στερᾷ,
2499 2852 2638 2928 μηδὲ
2691 2855 2773 2909 ίπὶ
2825 2856 3030 2931 βραχὺ,
3077 2859 3267 2918 ταύτης
3325 2855 3632 2910 ἀποκλίνειν.
3694 2859 3872 2910 Τοῦτο

2259 2946 2360 3017 γὰρ
2418 2953 2516 2996 τῶν
2562 2944 2860 2997 ἀποστόλων
2908 2950 2966 2998 τὸ
3021 2952 3286 3018 κήρυγμα,
3341 2954 3492 2998 τοῦτο
3537 2954 3634 2996 τῶν
3687 2946 3871 2997 οἰκουο

498 3026 819 3084 declinare.
878 3030 1038 3083 Hanc
1079 3028 1373 3101 siquidem
1432 3028 1835 3101 praedicarunt
1875 3031 2148 3102 apostoli,

2265 3041 2475 3105 μενικῶν
2526 3031 2762 3086 συνόδων
2811 3039 2869 3086 τό
2902 3039 3161 3108 φρόνημα.
3212 3039 3298 3087 Διό
3339 3035 3398 3086 οῦ
3441 3038 3593 3106 μόνον
3639 3041 3866 3086 σεαυτὸν

496 3116 655 3173 hanc
689 3117 1048 3173 universales
1082 3117 2146 3190 synodicensueruntobservandam.

496 3207 686 3279 Atque
717 3207 853 3263 ideo
882 3222 1003 3262 non
1034 3212 1086 3263 te
1116 3211 1346 3264 tantum
1387 3212 1621 3280 oportet
1651 3208 1708 3264 in
1761 3208 1874 3264 hac
1927 3210 2148 3265 versari

2260 3130 2456 3194 φρονεῖν
2505 3124 2638 3174 οὕτω
2687 3119 2768 3176 δεῖ
2813 3129 2903 3176 καὶ
2955 3125 3057 3195 [τό]
3115 3122 3375 3189 δοξάζειν,
3428 3123 3555 3175 ἀλλὰ
3602 3128 3691 3173 καὶ
3738 3130 3868 3186 τοῦς

2259 3213 2358 3262 ύπό
2415 3214 2471 3263 σε
2519 3217 2856 3284 τεταγμένους
2906 3214 2978 3275 εἰς
3021 3217 3078 3265 τό
3121 3213 3246 3266 αύτό
3291 3222 3387 3274 τῆς
3448 3211 3692 3274 ἀληθείας
3739 3219 3866 3284 ’ξυρό-

493 3296 802 3360 sententia.
838 3296 914 3352 ad
947 3297 1105 3352 hunc
1139 3296 1389 3352 modum
1423 3300 1605 3352 Deum
1636 3299 2150 3366 magniticare,sed

495 3390 551 3441 et
578 3387 709 3441 illos
724 3387 826 3458 qui
861 3387 965 3442 tibi
988 3393 1263 3458 parentes
1295 3387 1571 3452 subsunt,
1607 3389 1682 3442 ad
1705 3389 1973 3443 eamdem
2006 3389 2151 3444 veri-

492 3479 678 3528 tatem
705 3473 1187 3546 amplectendam
1220 3476 1386 3546 quasi
1409 3476 1836 3540 manuducere,
1855 3477 1910 3530 in
1937 3477 2147 3533 eadem

494 3561 614 3616 ﬁde
632 3562 924 3633 perfectos
947 3579 1369 3618 consummare
1392 3568 1642 3634 oportet,
1675 3579 1784 3618 nec
1812 3565 2147 3636 quidquam

492 3648 606 3705 hac
646 3664 791 3705 cura
815 3650 1240 3719 etcogitatione
1269 3651 1432 3721 prius
1462 3651 1550 3706 vel
1573 3652 1876 3723 antiquius
1903 3653 2145 3710 habere.

494 3739 731 3810 Spectat
777 3739 934 3794 enim
991 3755 1196 3795 revera
1225 3740 1304 3795 ad
1361 3739 1627 3796 ofﬁcium
1685 3741 1992 3814 principis,
2029 3760 2149 3798 non

490 3827 582 3882 sui
621 3827 805 3899 ipsius
833 3833 1060 3884 tantum
1091 3829 1530 3884 salutishabere
1545 3831 2074 3896 rationem,verum
2096 3839 2152 3888 et

486 3917 618 3989 pari
649 3933 791 3974 cura
831 3921 888 3973 et
927 3917 1302 3990 providentia
1358 3919 1585 3991 populo
1654 3919 1764 3974 sibi
1810 3923 2150 3978 concredita

485 4006 843 4079 prospicere,
865 4013 928 4063 ut
947 4006 1018 4062 ad
1041 4007 1308 4077 ejusdem
1333 4008 1429 4062 Dei
1452 4007 1725 4063 eamdem
1748 4010 2148 4080 cognitionem

485 4100 542 4150 et
578 4095 996 4166 perfectionem
1056 4112 1241 4151 manu
1296 4097 1583 4168 perducta
1627 4097 1956 4154 devocetur.
2023 4099 2144 4154 Noli

483 4183 662 4256 igitur
703 4186 1094 4253 committere,
1124 4191 1187 4240 ut
1234 4201 1344 4239 nos
1385 4200 1487 4256 spe
1525 4192 1728 4242 nostra
1777 4187 2146 4254 excidamus,

483 4273 558 4328 ad
574 4289 759 4345 quam
793 4279 898 4328 tua
911 4288 1022 4328 nos
1043 4273 1349 4328 inclinatio
1370 4274 1428 4328 in
1444 4274 1720 4330 virtutem
1741 4276 2060 4331 etobedien
2073 4278 2150 4333 lia

2265 4287 2509 4343 ματαίους
2558 4282 2782 4357 ἐλέγξῃς
2830 4283 2960 4358 μηδ’
3011 4287 3276 4361 ἄρχεσθαι
3324 4288 3413 4358 μὶν
3465 4287 3735 4357 προθυμίᾳ
3766 4291 3858 4334 τοῦ

482 4360 652 4416 facile
677 4360 965 4417 invitavit.
999 4361 1146 4425 Noli,
1180 4377 1411 4432 quaeso,
1454 4362 1688 4418 labores
1722 4364 1852 4419 illos
1884 4370 1940 4420 et
1965 4371 2148 4422 certa-

2265 4373 2398 4423 θείου
2460 4375 2796 4445 κηρύγματος
2858 4371 3222 4446 ὑποδέχεσθαι
3269 4378 3391 4436 τοῦς
3434 4373 3648 4444 λόγους,
3701 4375 3858 4425 αὐτόν

481 4452 668 4520 mina,
699 4448 919 4506 frustra
948 4449 1124 4505 nobis
1153 4456 1427 4521 suscepta
1447 4452 1825 4520 redarguere,
1851 4458 1908 4508 et
1940 4454 2148 4512 inanes

477 4540 748 4608 reddere,
781 4555 934 4611 quos
963 4554 1202 4593 summo
1215 4554 1352 4594 cum
1368 4539 1591 4610 gaudio
1613 4540 1670 4594 in
1693 4545 1790 4596 tua
1810 4542 1998 4597 salute
2015 4561 2146 4615 pro-

478 4629 748 4688 curanda
776 4628 1232 4686 exantlavimus.
1267 4627 1665 4700 Noliincipere
1683 4646 1821 4685 cum
1839 4631 2142 4690 alacritate

479 4731 719 4778 summa
746 4719 934 4776 divini
964 4717 1247 4791 praaconii
1280 4732 1450 4773 voces
1480 4718 1800 4790 suscipere,
1829 4723 1886 4776 et
1917 4737 2053 4777 cum
2088 4728 2140 4779 te

2258 3321 2397 3372 νημα
2446 3309 2815 3372 χειραγωγεῖν,
2871 3308 2960 3354 καὶ
3009 3306 3140 3377 πρὸς
3190 3307 3284 3360 τὴν
3321 3302 3476 3358 αὐτὴν
3520 3303 3863 3372 καταμίξει,

2258 3396 2456 3456 πίστιν,
2495 3396 2578 3442 καὶ
2625 3389 2790 3463 μηδεν
2831 3400 2925 3454 τῆς
2972 3395 3212 3452 τοιαύτης
3265 3387 3503 3453 σπουδῆς
3553 3397 3642 3444 καὶ
3683 3391 3864 3463 ἐπιμε-

2256 3479 2390 3539 λείας
2433 3481 2680 3551 ἡγεῖσθαι
2728 3487 3052 3556 τιμιώτερον.
3129 3481 3419 3554 ’Δρχοντος
3465 3484 3565 3552 γὰρ
3621 3483 3690 3542 ὡς
3731 3480 3866 3538 ἀλη-

2261 3570 2376 3632 θῶς,
2426 3573 2496 3640 μὴ
2544 3577 2640 3630 τῆς
2689 3567 2829 3631 ἰδίας
2876 3569 3026 3641 μόνον
3078 3575 3342 3643 σωτηρίας
3393 3572 3662 3622 ποιεῖσθαι
3713 3590 3866 3644 φρον-

2259 3655 2405 3720 τίδα,
2457 3657 2582 3710 ἀλλὰ
2635 3665 2724 3712 καὶ
2790 3663 2876 3712 τὸν
2943 3660 3352 3732 ἕμπιστευθέντα
3406 3659 3528 3710 λαόν
3587 3669 3685 3719 τῆς
3735 3663 3864 3722 ἴσης

2261 3745 2436 3809 ἀξιοῦν
2491 3755 2756 3823 προνοίας,
2807 3754 2896 3802 καὶ
2951 3750 3018 3809 εἰς
3066 3753 3158 3808 τήν
3213 3749 3369 3807 αὐτὴν
3413 3758 3508 3808 τῆς
3543 3750 3862 3818 θεογνωσίας

2259 3847 2605 3909 χειραγωγεῖν
2672 3858 2723 3890 τε
2781 3859 2868 3890 και
2920 3837 3329 3914 προσκαλεῖσθαι
3397 3837 3715 3894 τελειότητα.
3771 3844 3856 3894 Μὴ

2259 3931 2428 3976 τοίνυν
2479 3936 2572 3978 τῶν
2619 3925 2834 3979 ἐλπίδων
2877 3930 3011 3999 ἡμᾶς
3071 3924 3464 3997 διαψευσθῆναι
3513 3931 3762 3999 ποιήσῃς,
3805 3927 3863 3986 ἀς

2260 4016 2288 4072 ἡ
2327 4019 2392 4072 σὴ
2427 4021 2544 4088 περὶ
2592 4020 2656 4068 τὰ
2686 4017 2818 4068 καλά
2843 4019 2977 4091 ῥοπή
3017 4037 3069 4069 τε
3099 4023 3187 4068 καὶ
3219 4017 3433 4074 εύηκοία
3469 4022 3711 4088 παρέσχε
3741 4037 3864 4087 προο

2260 4101 2557 4155 ϐάλλεσθαι·
2604 4103 2742 4173 μηδὲ
2789 4110 2911 4168 τοὺς
2961 4112 3148 4167 πόνους
3195 4109 3279 4157 καὶ
3325 4109 3446 4167 τοὺς
3495 4104 3720 4175 ἀγῶνας,
3774 4105 3864 4166 οῦς

2261 4193 2386 4265 ὑπὲρ
2436 4203 2530 4255 τῆς
2578 4195 2821 4267 ὑμετέρας
2845 4194 3125 4270 [σωτηρίας
3169 4193 3518 4266 ἀνεδεξάμεθα
3558 4200 3857 4266 χαίροντες,

2259 4457 2542 4534 ἓπιδείξης,
2605 4462 2671 4522 εἰς
2721 4463 2983 4536 ῥᾳθυμίαν
3035 4460 3096 4516 δε
3147 4469 3241 4522 τήν
3285 4465 3582 4538 προθυμίαν
3631 4462 3856 4515 καταλύο

2259 4569 2361 4609 σεις
2385 4569 2432 4612 ι).
2487 4550 2594 4602 ἀλλ’
2643 4553 2818 4623 ὅμοιον
2867 4556 2958 4624 μὶν
3011 4561 3072 4626 τῇ
3125 4552 3344 4626 ἀπαρχῇ
3396 4557 3454 4605 τὸ
3513 4552 3676 4621 τελος,
3727 4556 3864 4624 σύμ-

2258 4658 2418 4710 φωνον
2463 4636 2521 4692 δε
2565 4643 2656 4698 τὴν
2697 4639 2954 4693 πολιτείαν
3005 4649 3067 4714 τῇ
3097 4647 3290 4706 πίστει,
3335 4645 3507 4694 κοινὸν
3548 4639 3611 4694 δε
3659 4641 3858 4712 ἀγαθόν

2254 4732 2344 4780 καὶ
2395 4733 2574 4799 γένους
2620 4734 2708 4781 καὶ
2755 4727 3010 4802 πατρίδος
3054 4735 3147 4790 τὴν
3210 4736 3306 4790 σὴν
3361 4727 3552 4792 διδούς
3616 4731 3861 4794 ἐξουσίαν

1835 4935 2068 4991 VARI/E
2098 4936 2494 4996 LECTIONES.

549 5115 578 5146 ι
607 5123 694 5181 γρ.
723 5110 810 5159 καὶ
839 5110 993 5179 πρός.
1033 5120 1064 5162 1
1095 5129 1181 5182 γρ.
1213 5106 1472 5173 ἀπέδειξε.
1549 5115 1574 5145 ⁸
1602 5130 1685 5186 γρ.
1719 5120 1929 5187 νοεροῐς.
2005 5125 2032 5158 ε
2063 5114 2198 5186 Leg.
2228 5116 2545 5190 εἰλικρινοῦς.

2045 5256 2272 5312 ΝΟΤᾹΞ.

2624 5122 2652 5164 b
2680 5117 2819 5189 Leg.
2853 5118 3122 5193 καταλύσῃ
3134 5139 3176 5180 ς.

545 5422 657 5494 ('26)
689 5423 828 5478 Post
856 5421 1195 5495 4τιλεσαμένη,
1258 5425 1359 5479 ἀπὸ
1412 5437 1503 5480 τοῦ
1547 5437 1720 5482 κοινοῦ
1798 5429 2124 5487 subintelli-

471 5495 669 5576 genda
683 5493 958 5576 synodus,
979 5493 1112 5576 quae
1126 5499 1472 5576 voxqrectiu‘s
1504 5501 1824 5576 adderetur
1841 5509 2122 5576 σαφηνείας

469 5570 678 5638 gratia.
715 5570 1046 5640 Κροσσωτοῑς
1078 5574 1350 5640 χρυσέοις.
1386 5571 1602 5628 Alludit
1639 5575 1715 5629 ad
1768 5570 1929 5632 [ιδαιζ
1985 5594 2117 5644 XLV,

2233 5434 2298 5489 13
2342 5451 2353 5490 :
2394 5442 2545 5488 Πᾶσα
2583 5437 2611 5495 ἡ
2656 5433 2786 5499 δόξα
2826 5444 2914 5498 τῆς
2955 5439 3217 5512 θυγατρὸς
3266 5437 3531 5511 βασιλέως
3569 5443 3768 5494 ἔσωθεν
3807 5441 3858 5491 ἓν

2230 5517 2552 5585 κροσσωτοῖς
2585 5514 2833 5585 χρυσέοις
2863 5509 3292 5584 περιϐεϐλημένη..
3340 5512 3486 5577 Qua:
3531 5519 3856 5585 postrema

2232 5595 2346 5634 vox
2372 5580 2464 5634 hic
2497 5580 2702 5636 deche
2738 5580 2986 5638 videtur.
