4090 6228
269 329 380 383 657

1537 325 2045 385 EPISTOLARUM
2087 328 2300 384 LIBER
2341 329 2382 384 Ι.

3535 348 3640 402 658

265 455 598 526 καθορᾶσθαι
655 460 744 506 καὶ
788 453 1160 526 ὀνομάζεσθαι,
1210 459 1300 513 τὴν
1340 454 1466 526 ἐμὴν
1503 453 1584 506 ἐπὶ
1635 459 1717 506 σοὶ
1766 475 1862 526 χα-

1979 454 2152 512 talem
2176 455 2494 526 praebueris
2522 457 2962 534 aliquantisper,
2995 465 3140 522 illud
3182 471 3348 524 tuum
3373 472 3637 528 studium

263 543 362 613 ράν
382 547 473 593 καὶ
501 541 820 616 εὐφροσύνην
852 539 1093 616 διατήρει
1133 540 1507 604 ἀνεξάλειπτον.

1979 550 2318 600 convertere
2347 545 2408 600 in
2442 545 2745 616 ignaviam
2775 567 2788 605 :
2820 569 3024 609 verum
3066 554 3202 611 ﬁnis
3242 557 3407 614 initio
3449 574 3640 616 corre-

264 631 594 704 spondeat;
629 631 763 687 vitae
792 631 1164 688 conversatio
1187 632 1370 687 tidem
1406 631 1720 703 exprimat,
1744 635 1802 688 et
1830 631 1976 688 dum
2015 636 2180 689 tuam
2211 637 2570 705 potestatem
2601 639 2874 697 omnium
2901 643 3092 699 oculis
3133 650 3188 701 et
3216 645 3437 716 linguis
3463 663 3639 704 usur-

260 720 534 793 pandum
549 720 820 787 exhibes,
846 721 906 777 in
939 736 1328 777 communem
1356 725 1413 777 et
1445 721 1680 791 generis
1701 724 1758 776 et
1785 721 1990 794 patriae
2027 721 2355 790 utilitatem,
2384 739 2587 780 meum
2605 725 2679 782 de
2701 732 2754 784 te
2771 730 3062 800 gaudium
3078 737 3133 790 et
3159 735 3635 793 animisolatium

263 825 506 882 semper
535 810 865 866 indeletum
893 809 1221 868 custodito.

336 897 449 971 κβ.
491 897 626 954 Ἀλλ’
657 899 756 972 ὅρα
785 895 853 958 δή
894 919 985 972 μοι
1027 899 1225 964 λοιπὸν,
1259 897 1570 971 φιλόχριστε
1597 903 1686 951 καὶ
1723 916 1873 951 πνευο

262 991 454 1062 ματικὲ
498 990 642 1060 ημῶν
685 990 779 1052 νὶε,
830 992 920 1040 καὶ
969 991 1012 1042 εἰ
1059 1009 1112 1041 τι
1167 989 1290 1041 ἄλλο
1344 987 1537 1041 κλεινὸν
1583 993 1671 1040 καὶ
1717 987 1870 1040 καλόν

264 1083 356 1130 καὶ
415 1085 642 1149 στοργῆς
682 1077 828 1140 ἄξιον
863 1077 1046 1150 ὄνομα,
1079 1079 1175 1150 ὅρα
1225 1085 1504 1150 τοιγαροῦν
1546 1079 1674 1139 ὅσας
1705 1096 1872 1151 παρα-

262 1166 435 1229 τάξεις
463 1168 490 1218 ό
522 1169 747 1239 πονηρὸς
789 1169 923 1219 κατά
970 1174 1064 1229 τῆς
1109 1165 1348 1227 εὐσεϐοῦς
1397 1171 1486 1219 καὶ
1539 1171 1702 1239 μόνης
1750 1165 1873 1222 ἀλη-

265 1259 416 1316 θινῆς
465 1264 563 1308 τῶν
613 1263 942 1328 Χριστιανῶν
1002 1258 1285 1331 θρησκείας
1332 1255 1728 1328 ἐπαλαμήσατο,
1793 1256 1873 1307 αἱ·

261 1352 434 1419 ρέσειι,
519 1341 819 1418 διαφόρους,
878 1350 968 1398 καὶ
1041 1347 1270 1410 στάσεις,
1345 1351 1435 1398 καὶ
1507 1347 1705 1418 μάχας,
1781 1349 1871 1397 καὶ

262 1436 521 1508 πολέμους
576 1434 810 1489 ἐπινοῶν.
863 1433 1000 1508 Ὀρα
1051 1432 1110 1488 δε
1156 1441 1245 1488 καὶ
1275 1443 1447 1500 τοῦτο,
1480 1437 1618 1496 ὅπως
1661 1434 1872 1494 ἁπάσας

262 1525 396 1582 αὕτη
456 1523 866 1598 κατεστρέψατο,
918 1529 1007 1576 καὶ
1067 1525 1281 1596 λαμπρά
1339 1526 1403 1576 τά
1472 1526 1608 1575 κατά
1667 1525 1871 1575 πάντων

263 1613 521 1672 ἀνέστησε
577 1618 823 1688 τρόπαια.
883 1618 984 1666 Καὶ
1059 1611 1226 1686 μηδὲν
1296 1615 1572 1685 θαυμάσῃς
1620 1615 1708 1673 τὰς
1754 1613 1868 1664 κατ’

261 1704 428 1764 αὐτῆς
477 1703 812 1774 λογιζόμενος
870 1700 1097 1765 ἐπινοίας
1169 1707 1260 1754 καὶ
1309 1700 1597 1762 ὶπιϐουλας.
1664 1709 1871 1774 Πρῶτον

257 1796 350 1864 μὲν
398 1793 522 1865 γαρ,
572 1791 666 1844 οὐκ
705 1790 765 1843 ἂν
813 1792 949 1844 οὕτω
993 1795 1280 1865 περιφανὴς
1342 1795 1432 1843 καὶ
1505 1793 1731 1864 κραταιά
1779 1795 1868 1842 καὶ

257 1880 520 1953 ἐπίσημος
570 1877 664 1933 δια
717 1888 812 1942 τῆς
839 1885 989 1942 νίκης
1035 1879 1247 1952 ἐγίνετο,
1289 1880 1333 1932 εἰ
1361 1877 1528 1951 μηδὲν
1560 1879 1689 1952 αὐτῇ
1726 1879 1872 1931 πολέ-

258 1990 378 2042 μιον
441 1969 795 2023 συνεπλέκετο.
852 1969 1065 2022 Ἔπειτα
1109 1965 1166 2022 δε
1223 1974 1313 2020 καὶ
1391 1974 1611 2043 συνορᾴν
1657 1965 1864 2041 ῥᾴδιον,

258 2062 330 2121 ὡς
381 2061 596 2134 ἔνθαπερ
643 2060 668 2110 ό
706 2062 926 2131 πονηρὸς
977 2054 1322 2132 σφοδρότερον
1387 2057 1706 2130 πολεμεῖται,
1767 2056 1869 2108 ἐκεῖ

256 2153 348 2200 καὶ
404 2147 560 2208 αὐτὸς
619 2145 1027 2222 σπουδαιότερον
1080 2150 1142 2199 τα
1189 2155 1284 2208 τῆς
1333 2152 1516 2208 κακίας
1545 2147 1706 2198 αὐτοῦ
1738 2145 1864 2218 βέλη

257 2240 471 2307 πέμπει,
544 2241 634 2290 καὶ
690 2239 756 2290 τὰ
811 2242 1178 2310 μηχανήματα
1221 2239 1454 2293 ἰστησιν.
1499 2236 1578 2289 Ἐν
1631 2239 1720 2307 μεν
1763 2237 1864 2308 γὰρ

254 2333 364 2388 τοῖς
396 2325 570 2389 ἄλλοις
616 2329 834 2396 ἔθνεσιν,
881 2329 987 2379 ἐπεὶ
1039 2323 1230 2398 μηδείς
1273 2324 1412 2378 ἐστιν
1466 2325 1602 2395 αὐτῷ
1636 2321 1865 2397 σφοδρός

255 2416 500 2488 πόλεμος,
553 2412 649 2468 διὰ
704 2423 857 2468 τοῦτο
911 2415 1036 2467 οὐδὲ
1093 2415 1248 2476 αὐτὸς
1309 2414 1424 2466 κατ’
1475 2413 1670 2466 ἐκείνων
1717 2413 1864 2465 όπλί-

259 2505 410 2566 ζεται
450 2525 463 2537 ο
509 2507 534 2556 ὁ
563 2501 621 2558 δε
655 2511 1028 2579 Χριστώνυμος
1057 2511 1148 2556 τοῦ
1180 2511 1312 2557 Θεοῦ
1346 2503 1488 2568 λαός,
1521 2506 1576 2555 τό
1607 2503 1776 2574 ἅγιον,
1808 2505 1864 2555 τὸ

255 2593 528 2668 βασίλειον
579 2595 878 2668 ἱεράτευμα,
943 2592 1050 2646 ἐπεὶ
1113 2593 1230 2645 καθ’
1302 2592 1529 2651 ἑκάστην
1584 2594 1864 2666 κραταιού-

254 2703 404 2756 μενοι
433 2691 496 2756 τῇ
547 2689 746 2752 πίστει,
805 2685 942 2735 κατὰ
979 2690 1078 2734 τῶν
1132 2691 1368 2755 πονηρῶν
1424 2681 1584 2733 αὐτου
1631 2681 1863 2752 πράξεων

254 2779 347 2825 καὶ
388 2769 817 2843 ἐπιτηδευμάτων
875 2768 1230 2844 ἀνδρίζονται,
1283 2767 1378 2822 θ’ιά
1427 2778 1576 2822 τοῦτο
1631 2768 1862 2831 κάκεῖνος

256 2866 479 2934 μυρίαις
525 2861 787 2921 ἐπιϐολαῖς
841 2873 864 2904 6
917 2867 1006 2914 xui
1059 2863 1255 2922 πάσαις
1321 2856 1565 2932 μεθόδοις
1621 2861 1766 2920 τινάς
1812 2857 1864 2920 ἐξ

257 2952 430 3003 αὐτῶν
479 2950 838 3010 ὑποσκελίζειν
905 2951 1238 3021 τεχνάζεται,
1293 2955 1382 3002 καὶ
1442 2949 1733 3001 ἀντιλυπεῖν
1769 2953 1860 3006 τὴν

256 3041 575 3098 Ἐκκλησίαν
618 3046 850 3114 Χριστοῦ
883 3037 1211 3110 ἀγωνίζεται,
1265 3039 1304 3090 εὶ
1348 3043 1436 3090 καὶ
1481 3038 1553 3099 εἰς
1595 3037 1861 3108 αἰσχύνην

255 3130 402 3199 αὖτῴ
442 3132 492 3181 οἱ
539 3127 732 3200 ἀγῶνες
781 3133 870 3180 καὶ
929 3130 993 3180 τα
1039 3131 1408 3202 πονηρεύματα
1474 3130 1858 3199 καταστρέφω·

259 3239 342 3271 σιν
369 3240 381 3251 ·
419 3217 524 3269 ἀλλ’
567 3219 699 3270 ὥστε
736 3217 756 3245 ⁸
787 3213 845 3269 δὲ
872 3219 936 3268 τὰ
973 3220 1062 3287 μὲν
1093 3216 1221 3268 ἄλλα
1251 3225 1349 3268 τῶν
1389 3215 1542 3268 ἐθνῶν
1574 3211 1862 3287 ἀδιάκριτα

253 3313 346 3360 καὶ
397 3311 768 3378 συγκεχυμένα
813 3308 878 3356 τα
929 3304 978 3357 ἐν
1039 3301 1301 3377 δόγμασιν
1358 3308 1472 3376 ἔχει
1534 3309 1857 3378 φρονήματα,

253 3403 346 3448 καὶ
403 3392 554 3448 οὐδὲν
601 3397 829 3468 καθαρόν
882 3391 997 3446 οὐδ’
1042 3394 1113 3455 εἰς
1162 3393 1428 3468 ἀκρίϐειαν
1475 3390 1865 3464 δεδοκιμασμέ-

252 3505 359 3551 νον,
397 3483 491 3537 διὰ
519 3492 670 3537 τοῦτο
713 3483 762 3535 ἐν
793 3483 1003 3545 ἐκείνοις
1028 3491 1144 3536 οὔτε
1183 3488 1239 3536 τό
1293 3481 1702 3556 διεστραμμένον
1744 3486 1864 3554 φαί-

251 3594 416 3628 νεται.
475 3574 555 3626 Ἐν
611 3571 668 3626 δε
721 3581 781 3645 τῇ
849 3575 1214 3646 καθαρωτάτη,
1286 3578 1375 3624 καὶ
1431 3571 1716 3644 ἁγιωτάτῃ,
1774 3575 1864 3622 καὶ

251 3664 386 3716 πολὺ
418 3667 474 3714 τὸ
503 3661 705 3734 ἀκριϐὲς
759 3661 960 3734 ἐχούσῃ
1014 3665 1189 3713 πίστει
1235 3670 1336 3714 τῶν
1377 3668 1726 3734 Χριστιανῶν,
1771 3655 1865 3711 διὰ

251 3755 311 3805 τὸ
356 3753 473 3803 λίαν
517 3753 672 3811 αὐτῆς
744 3751 1006 3822 εἰλικρινὲς
1058 3755 1148 3802 καὶ
1216 3749 1356 3811 εὗθὲς
1414 3755 1504 3800 καὶ
1553 3747 1863 3820 ἐξῃρημένον

251 3847 343 3894 καὶ
371 3839 655 3913 ἀκήρατον,
716 3837 925 3892 ἐπειδάν
973 3860 1054 3902 τις
1093 3845 1183 3891 καὶ
1227 3843 1410 3911 μικρόν
1445 3858 1495 3890 τι
1537 3834 1864 3908 διαστροφῆς

251 3933 283 3989 ἡ
335 3934 671 4001 καινοτομίας
714 3936 1120 4002 παρεισενεγκείν
1165 3926 1509 3999 ἐπιχειρήσῃ,
1565 3926 1756 3976 αὐτίκα
1803 3929 1861 3976 τὸ

251 4015 664 4093 διεστραμμένον
718 4023 805 4069 καὶ
857 4015 1106 4074 κίϐδηλον
1165 4025 1225 4088 τῇ
1269 4018 1553 4089 παραθέσει
1597 4021 1691 4074 τῆς
1731 4011 1862 4071 ἀλη-

251 4109 391 4168 θείας
443 4113 534 4159 καὶ
585 4115 676 4158 τοῦ
732 4108 888 4181 όρθου
941 4107 1095 4177 λόγου
1134 4109 1507 4178 καταφαίνεταί
1559 4122 1611 4155 τε
1642 4107 1730 4154 καὶ
1782 4099 1860 4154 δι-

246 4196 543 4268 ελέγχεται,
574 4201 662 4248 καὶ
691 4193 806 4248 οὐδ’
834 4195 916 4248 ἐπὶ
950 4193 1134 4267 βραχὺ
1165 4199 1220 4247 τὸ
1274 4197 1421 4246 νόθον
1478 4197 1710 4263 γέννημα
1740 4177 1860 4243 οὐδ’

247 4287 351 4338 ὑπὸ
405 4290 496 4342 τὴν
554 4285 712 4343 αὐτὴν
744 4285 1027 4356 ὀνομασίαν
1067 4286 1217 4348 εἶναι,
1250 4292 1347 4335 τῶν
1397 4281 1619 4335 εὐσεϐῶν
1661 4277 1860 4352 δογμά-

247 4394 349 4427 των
380 4371 629 4446 οὑδαμῶς
687 4373 930 4445 ἀνέχεται
968 4376 997 4431 ἡ
1046 4374 1291 4444 εὐγένεια.
1358 4372 1574 4444 ’Ὥσπερ
1623 4373 1724 4444 γὰρ
1777 4368 1859 4422 ἐπὶ

244 4471 349 4514 τῶν
407 4463 582 4514 κάλλει
654 4459 1000 4534 διαφερόντων
1077 4465 1330 4533 σωμάτων
1402 4466 1490 4512 καὶ
1547 4461 1711 4532 μικρά
1784 4478 1859 4519 τις

245 4551 578 4623 ἐπιγενομένη
637 4551 788 4613 κηλὶς
841 4553 1025 4604 θᾶττον
1081 4557 1362 4622 συνορᾶται
1417 4555 1506 4601 καὶ
1559 4553 1860 4622 πεφώραται

2052 903 2141 956 22.
2175 900 2290 958 Sed
2319 901 2452 958 vide
2473 901 2741 970 demum,
2769 922 2976 978 quaeso
3008 913 3078 973 te,
3105 926 3140 966 o
3168 915 3232 968 tu
3259 913 3404 970 mihi
3430 913 3638 972 dilecte

1981 988 2042 1044 in
2117 990 2344 1047 Christo
2410 996 2467 1048 et
2515 991 2838 1064 spiritualis
2895 995 2996 1061 ﬁli,
3052 1003 3108 1052 et
3158 999 3206 1054 si
3254 1001 3397 1072 quid
3472 1003 3638 1060 aliud

1981 1077 2270 1134 eximium
2315 1080 2592 1152 usurpari
2642 1087 2834 1152 potest
2869 1089 2925 1139 et
2951 1085 3245 1143 excellens
3277 1105 3500 1147 nomen
3547 1092 3637 1147 di-

1982 1181 2169 1237 gnum
2198 1173 2452 1242 paterno
2478 1169 2577 1226 illo
2604 1186 2726 1242 quo
2753 1177 2807 1228 te
2833 1175 3160 1246 amplector
3183 1178 3395 1236 affectu
3433 1196 3448 1247 ;
3478 1180 3634 1249 vide,

1980 1256 2251 1328 inquam,
2280 1263 2336 1313 et
2365 1258 2608 1314 adverte
2633 1265 2780 1332 quot
2803 1261 3093 1320 adversus
3126 1266 3285 1322 acies
3315 1269 3510 1324 malus
3540 1269 3635 1325 ille

1979 1343 2216 1400 daemon
2261 1350 2466 1401 contra
2496 1345 2682 1417 pium,
2716 1348 2910 1405 solum
2959 1366 3166 1408 verum
3203 1354 3637 1413 Christianismi

1979 1431 2202 1488 cultum
2251 1432 2643 1494 instruxerit:
2699 1436 2955 1493 haereses
2999 1439 3282 1498 nimirum
3328 1443 3633 1514 plurimas,

1981 1521 2291 1586 tumultus,
2315 1538 2573 1595 pugnas,
2607 1527 3034 1592 contentiones,
3069 1530 3271 1600 praelia
3301 1533 3632 1592 concitavit.

1981 1610 2118 1665 Vide
2149 1616 2349 1667 autem
2379 1613 2899 1684 quemadmodum
2931 1617 3266 1675 Christiana
3293 1619 3482 1692 pietas
3522 1621 3636 1678 ista

1980 1699 2189 1757 omnia
2208 1699 2361 1757 fudit
2386 1700 2750 1776 fugavitque,
2768 1709 2825 1760 et
2853 1705 3246 1763 clarissimum
3278 1709 3418 1765 inde
3438 1711 3638 1767 trium-

1979 1788 2169 1860 phum
2213 1789 2552 1863 reportavit.
2599 1795 2714 1848 Nec
2762 1797 2817 1850 te
2868 1795 3082 1852 subeat
3117 1796 3460 1866 admiratio,
3489 1799 3636 1857 dum

1978 1885 2176 1935 mente
2220 1880 2485 1936 revolvas
2533 1887 2742 1938 contra
2771 1881 2934 1940 illam
2985 1891 3288 1957 susceptas
3333 1888 3635 1946 machina-

1906 1956 1948 2009 Β
1980 1968 2167 2025 tiones
2192 1973 2249 2024 et
2269 1968 2536 2025 insidias.
2558 1971 2857 2042 Imprimis
2873 1972 3032 2028 enim
3060 1956 3447 2048 nequaquam
3461 1979 3637 2034 victo-

1977 2057 2130 2113 riam
2153 2062 2276 2112 tam
2303 2057 2613 2124 illustrem,
2644 2063 2913 2130 potenter
2955 2066 3188 2132 partam
3222 2070 3278 2120 et
3308 2065 3633 2134 gloriosam

1977 2150 2338 2218 reportasset
2361 2146 2691 2204 Christiana
2716 2148 2926 2219 pietas,
2953 2151 3002 2205 si
3036 2167 3176 2208 cum
3201 2152 3366 2209 nullo
3391 2169 3637 2224 congre-

1978 2233 2211 2290 deretur
2260 2234 2623 2293 adversario.
2677 2237 2896 2293 Deinde
2926 2243 2983 2294 et
3011 2237 3158 2294 illud
3211 2240 3380 2296 facile
3430 2241 3636 2300 intelli-

1975 2324 2152 2394 gitur,
2175 2322 2339 2396 quod
2388 2323 2489 2380 ubi
2520 2323 2768 2381 validius
2814 2326 3009 2382 malus
3045 2327 3140 2382 ille
3186 2329 3345 2386 bello
3399 2331 3632 2402 petitur,

1975 2412 2054 2470 ibi
2093 2417 2151 2468 et
2192 2413 2319 2484 ipse
2363 2429 2474 2469 sua
2517 2413 2848 2486 iniquitatis
2898 2416 3011 2472 tela
3058 2417 3268 2474 fortius
3319 2421 3549 2487 emittit,
3577 2427 3635 2478 et

1975 2501 2282 2558 machinas
2305 2501 2558 2574 adaptat
2585 2518 2745 2559 suas.
2782 2506 2847 2560 Et
2875 2509 3030 2561 certe
3056 2505 3208 2562 inter
3237 2507 3386 2564 alias
3406 2515 3630 2579 gentes,

1975 2608 2046 2648 eo
2075 2591 2232 2663 quod
2257 2606 2646 2664 nequaquam
2678 2593 2834 2649 serio
2863 2598 3069 2651 contra
3109 2595 3308 2666 ipsum
3355 2596 3629 2662 bellatur,

1973 2696 2084 2737 nec
2114 2681 2240 2752 ipse
2275 2679 2336 2735 in
2375 2679 2686 2736 adversum
2719 2689 2985 2738 armatus
3013 2684 3165 2739 adeo
3192 2684 3398 2740 tendit.
3430 2687 3500 2742 At
3531 2703 3634 2758 po-

1973 2769 2149 2842 pulus
2194 2768 2296 2842 qui
2355 2785 2391 2824 a
2458 2768 2689 2826 Christo
2746 2771 2980 2828 sortitur
3028 2787 3270 2838 nomen,
3323 2774 3483 2831 natio
3533 2775 3633 2832 illa

1975 2864 2202 2924 sancta,
2242 2858 2440 2929 regale
2479 2858 2901 2923 sacerdotium,
2957 2877 3028 2915 eo
3075 2862 3240 2933 quod
3294 2877 3400 2934 per
3447 2863 3630 2921 tidem

1971 2946 2383 3020 praevalentes,
2402 2947 2571 3019 quoti
2591 2947 2894 3004 diecontra
2914 2950 3227 3020 improbos
3249 2950 3441 3022 ipsius
3463 2959 3632 3008 actus

1971 3043 2027 3092 et
2052 3037 2318 3091 instituta
2345 3035 2668 3100 decertant,
2697 3041 2754 3092 et
2782 3036 2906 3108 ipse
2933 3053 3174 3110 quoque
3203 3045 3512 3096 sexcentas
3544 3041 3630 3095 in-

1971 3124 2455 3189 sidias,diversas
2480 3125 2602 3180 vias
2623 3127 2920 3194 excogitat
2943 3133 2996 3182 et
3025 3127 3416 3190 machinatur,
3447 3135 3510 3184 ut
3538 3129 3628 3184 vel

1971 3213 2180 3269 saltem
2239 3213 2560 3268 nonnullos
2615 3213 2997 3284 supplantare
3050 3219 3230 3286 atque
3283 3215 3364 3271 ita
3422 3217 3628 3272 Christi

1900 3307 1940 3364 C
1973 3301 2295 3359 Ecclesiam
2340 3316 2596 3358 maerore
2637 3301 2872 3358 afﬁcere
2900 3308 2954 3358 et
2981 3302 3213 3358 tristitia
3258 3310 3460 3375 posset
3491 3321 3506 3359 :
3543 3310 3629 3361 ut-

1973 3407 2210 3464 cunque
2225 3389 2466 3446 tandem
2479 3389 2717 3463 incepta
2730 3391 2935 3447 omnia
2951 3397 3005 3446 et
3023 3391 3206 3463 impia
3224 3391 3326 3446 illa
3341 3391 3624 3448 machina-

1974 3487 2173 3537 menta
2200 3479 2260 3534 in
2291 3479 2479 3551 ipsius
2507 3479 2771 3535 dedecus
2794 3495 3085 3535 conversa
3107 3480 3398 3536 desinent.
3427 3480 3543 3537 Sed
3570 3485 3628 3536 et

1973 3569 2104 3625 aliae
2133 3569 2403 3625 nationes
2441 3567 2727 3638 dogmata
2757 3584 2867 3625 sua
2897 3574 2954 3624 et
2989 3567 3325 3624 doctrinam
3355 3567 3627 3624 indistin-

1973 3664 2132 3714 ctam
2149 3663 2204 3712 et
2233 3657 2550 3713 confusam
2569 3657 2807 3721 habent,
2825 3673 2932 3713 nec
2962 3657 3290 3730 quidquam
3311 3659 3472 3730 apud
3499 3657 3627 3712 illos

1971 3747 2311 3804 deftecatum
2363 3746 2652 3818 reperitur
2683 3750 2787 3801 aut
2844 3762 2980 3801 cum
3045 3762 3189 3802 cura
3236 3747 3623 3803 exasciatum.

1974 3837 2116 3891 Hinc
2146 3841 2234 3890 est
2265 3835 2429 3906 quod
2458 3833 2598 3889 nihil
2641 3833 2916 3890 videatur
2946 3835 3094 3889 inter
3126 3835 3254 3890 illas
3281 3835 3619 3891 distortum.

1974 3923 2262 3979 Verumin
2291 3922 2393 3977 illa
2419 3922 2841 3988 mundissima,
2875 3922 3278 3977 sacratissima
3309 3929 3624 3981 etaccura-

1969 4013 2204 4069 tissima
2221 4010 2690 4068 Christianorum
2703 4010 2840 4076 ﬁde,
2856 4016 3100 4080 propter
3114 4026 3417 4066 summam
3435 4012 3625 4082 ipsius

1969 4103 2288 4174 puritatem
2326 4105 2384 4155 et
2417 4098 2854 4170 impermistam
2880 4098 3342 4168 simplicitatem,
3382 4105 3624 4170 propter

1969 4189 2381 4245 rectitudinem
2419 4193 2474 4243 et
2502 4186 2797 4243 delectum
2827 4203 2944 4258 quo
2972 4186 3279 4257 prtefertur
3308 4188 3552 4256 caeteris,
3576 4189 3624 4243 si

1967 4279 2103 4351 quis
2146 4277 2236 4334 vel
2267 4275 2563 4333 tantillum
2599 4276 2658 4331 in
2697 4291 2769 4332 ea
2811 4291 2848 4331 a
2895 4275 3248 4330 rectitudine
3289 4274 3618 4341 declinans,

1965 4369 2022 4424 in
2034 4372 2321 4424 novatum
2350 4365 2578 4438 aliquid
2598 4364 3125 4430 subintroduxerit,
3150 4364 3434 4420 continuo
3455 4366 3620 4436 quod

1965 4457 2280 4530 obliquum
2301 4461 2388 4512 est
2418 4460 2473 4511 et
2503 4453 2924 4520 adulteratum,
2948 4454 2996 4509 si
3018 4453 3094 4509 ad
3116 4460 3338 4509 rectam
3361 4453 3621 4510 veritatis

1965 4547 2256 4602 rationem
2285 4543 3388 4616 exigatur,etapparetetconvincitur.
3420 4545 3620 4612 Neque

244 4648 310 4712 τῇ
347 4641 636 4711 παραθέσει
682 4649 776 4702 τῆς
819 4639 1005 4700 λοιπῆς
1043 4639 1092 4690 ἐν
1141 4647 1212 4709 τῷ
1255 4644 1460 4710 σώματι
1518 4639 1853 4712 ὡραιότητος,

1973 4643 2120 4691 certe
2154 4636 2277 4707 pati
2315 4638 2510 4706 potest
2561 4649 2852 4703 generosa
2907 4632 3006 4688 illa
3057 4630 3289 4686 indoles
3335 4629 3621 4685 doctrinae

245 4736 359 4789 τοῖς
391 4726 440 4780 δ’
476 4729 726 4801 αἰσχροῖς
755 4733 848 4787 την
900 4728 1019 4800 ὄψιν
1050 4728 1144 4780 οὐκ
1175 4727 1233 4779 ἀν
1284 4727 1606 4799 ἐξελεγχθείη
1659 4723 1856 4800 ῥαδίως

244 4821 314 4870 τὰ
370 4825 466 4880 τῆς
519 4817 906 4890 ἀσχημοσύνης
973 4820 1115 4876 πάθη
1188 4817 1631 4888 ἐπισυνιστάμενα
1701 4817 1851 4886 (ὑπο-

243 4907 485 4960 λανθάνει
539 4911 637 4981 γὰρ
709 4917 804 4968 τῆς
853 4906 1110 4981 ἀμορφίας
1177 4916 1248 4978 τῷ
1321 4914 1560 4977 συγγενεῖ
1629 4912 1720 4957 καὶ
1787 4913 1847 4977 τῇ

245 4997 541 5068 ὁμοιότητι)
573 5018 586 5029 ·
643 4997 776 5048 οὕτω
811 5003 899 5048 καὶ
941 4995 1024 5048 ἐπὶ
1063 5003 1154 5056 τῆς
1184 5005 1282 5048 τῶν
1312 5003 1640 5070 Χριστιανῶν
1668 4997 1852 5066 ὡραιο-

247 5088 406 5148 τάτης
461 5088 529 5148 ὡς
581 5084 787 5147 ἀληθῶς
842 5091 931 5137 καὶ
989 5085 1361 5158 ὑπερλάμπρου
1421 5087 1706 5158 θρησκείας
1762 5089 1850 5135 καὶ

246 5180 491 5238 πίστεως,
541 5172 634 5225 κᾶν
686 5177 744 5225 τό
795 5171 1138 5247 βραχύτατον
1189 5193 1264 5234 τις
1311 5173 1467 5234 αὐτῆς
1513 5172 1848 5246 παρατρέψῃ,

246 5263 477 5335 μεγάλην
535 5261 922 5334 ἀσχημοσύνην
981 5261 1256 5336 ἐργάζεται
1308 5280 1320 5292 ⁸
1374 5264 1437 5314 τά
1477 5259 1526 5314 δ’
1584 5261 1714 5313 ἄλλα
1753 5270 1850 5313 τῶν

246 5351 401 5404 ἐθνῶν
455 5351 724 5423 δόγματα,
772 5351 966 5413 πολλῆς
1016 5350 1274 5423 ἀκοσμίας
1321 5355 1408 5402 καὶ
1465 5349 1850 5421 ἀσχημοσύνης

245 5447 492 5515 γέμοντα,
549 5437 799 5513 οὐδεμίαν
829 5443 968 5511 ἔχειν
1022 5447 1126 5501 τοῖς
1176 5441 1386 5500 οἰκείοις
1432 5438 1675 5512 ἐρασταῖς
1733 5459 1848 5491 συνο

1966 4741 2150 4790 sauaa,
2193 4729 2256 4779 ut
2309 4723 2514 4796 spuria
2551 4723 2839 4792 dogmata
2871 4721 2964 4776 vel
3009 4719 3307 4776 tantillum
3339 4719 3620 4790 temporis

1964 4815 2078 4871 sub
2097 4829 2218 4870 uno
2231 4830 2426 4869 secum
2441 4813 2675 4868 nomine
2687 4807 3618 4873 delitescerent.Quemadmodum

1963 4905 2122 4961 enim
2155 4903 2215 4958 in
2243 4917 2494 4972 corpore
2521 4900 2772 4972 pulchro
2813 4898 2904 4953 vel
2933 4899 3180 4954 minima
3209 4897 3483 4954 labecula
3514 4905 3620 4952 aut

1965 4991 2202 5048 macula
2225 5007 2362 5063 quae
2385 4989 2718 5053 adhmserit,
2747 4987 2906 5043 cerni
2928 4991 3121 5058 potest
3146 4991 3202 5042 et
3227 4986 3396 5042 citius
3428 4985 3621 5042 anim-

1961 5082 2212 5150 adverti,
2239 5096 2308 5137 eo
2335 5079 2498 5151 quod
2524 5095 2561 5134 ιι
2583 5076 2815 5150 reliqua
2839 5075 3129 5147 discrepet
3159 5075 3614 5148 pulchritudine,

1963 5170 2010 5227 si
2044 5169 2122 5226 ad
2153 5185 2286 5226 eam
2326 5171 2724 5239 componatur
2752 5184 2766 5221 ε
2795 5170 2890 5222 ast
2920 5166 2976 5221 in
3007 5165 3380 5221 deformibus
3403 5171 3460 5220 ct
3487 5164 3617 5219 visu

1961 5259 2254 5331 turpibus,
2278 5273 2414 5330 quae
2433 5255 2727 5328 turpicula
2753 5260 2911 5320 sunt,
2935 5270 3056 5310 non
3081 5259 3204 5310 tam
3220 5254 3337 5310 cito
3369 5257 3425 5308 et
3446 5252 3616 5307 facile

1961 5347 2527 5420 deprehenduntur;
2563 5360 2700 5400 nam
2723 5358 2829 5415 per
2855 5343 3249 5398 deformitatis
3281 5337 3616 5396 similitudi-

1962 5453 2099 5493 nem
2121 5443 2178 5492 et
2215 5449 2610 5506 congenerem
2638 5431 2893 5489 formam
2924 5432 3109 5488 latent
3137 5447 3149 5486 :
3185 5431 3264 5486 ita
3293 5443 3532 5502 quoque
3559 5430 3615 5482 et

1594 5537 1833 5591 VAlil/E
1876 5533 2276 5592 LECTIONES.

319 5638 342 5664 °
373 5627 693 5690 ἐπιϐουλαῖς.
728 5627 862 5702 ἀγρ.
893 5627 1054 5688 ἄλλως
1079 5646 1152 5680 τι.
