4090 6228
489 315 595 372 659
685 343 696 352 -

1717 305 1950 361 ΡΠΟΤΙΙ
1994 303 2309 359 ΡΑἸῊῘΑΒ
2323 302 2481 358 CH/E
2515 301 2624 357 ΟΡ.

3767 297 3874 357 660

486 441 546 496 in
578 438 919 496 Christianae
948 436 1245 508 religionis
1275 439 1330 491 et
1365 433 1504 490 fidei
1549 433 1866 506 splendore
1901 447 1971 488 ac
2013 431 2141 503 pul-

2257 431 2508 488 αἰσθησιν
2545 425 2744 482 δίδωσι
2782 435 2874 490 τῆς
2927 425 3321 501 ἐπιγιγνομένης
3369 427 3750 502 αἰσχρότητος.
3791 426 3873 480 Οὐ

487 529 821 585 cbritudine
842 527 1060 584 accidit
1093 545 1105 583 :
1135 527 1182 582 si
1212 525 1346 598 quis
1375 523 1470 579 vel
1500 521 1796 580 tantillum
1819 523 1880 578 in
1909 521 2008 577 illa
2039 521 2145 576 im-

487 623 787 674 mutatum
827 615 1189 688 perverterit,
1224 629 1511 684 magnam
1557 616 1838 685 operatur
1867 609 2144 666 deformi-

489 713 690 772 tatem,
723 723 858 779 quae
906 711 1039 776 ipsa
1089 709 1145 759 et
1191 703 1390 759 statim
1448 701 1949 774 deprehenditur;
2003 715 2140 754 cum

489 803 695 852 cmtera
706 813 835 852 rum
860 795 1122 868 gentium
1137 793 1426 862 doctrina,
1448 797 1650 864 utpote
1673 791 1962 846 dedecore
1986 788 2142 845 mul-

488 886 670 958 tiplici
714 885 925 940 referta.
955 888 1011 939 et
1031 883 1409 955 turpitudine,
1441 881 1671 937 nullum
1699 880 1875 952 plane
1897 893 2141 935 sensum

488 975 675 1047 ipsius
695 972 1056 1046 sequacibus
1069 972 1346 1027 admissae
1361 969 1748 1042 turpitudinis
1762 969 1856 1024 vel
1870 967 2140 1024 notitiam

489 1068 789 1132 suggerat.
815 1061 984 1127 Quod
1013 1061 1206 1132 ipsum
1228 1060 1439 1115 eodem
1469 1060 1643 1116 modo
1673 1057 2143 1114 animadvertere

485 1153 690 1208 licetin
713 1152 940 1207 cteteris
964 1149 1266 1213 omnibus,
1298 1149 1474 1205 etiam
1498 1148 1723 1204 artibus
1748 1152 1805 1202 et
1833 1147 2092 1204 scientiis
2122 1163 2136 1203 :

486 1257 630 1298 nam
660 1241 721 1296 in
770 1241 841 1295 iis
867 1256 1003 1312 quas
1034 1243 1306 1295 constant
1339 1237 1712 1294 exactissime
1752 1236 1846 1292 vel
1892 1236 2141 1293 minima

488 1330 784 1388 aberratio
834 1329 1004 1385 facile
1055 1328 1453 1394 discernitur;
1504 1343 1641 1384 cum
1684 1327 1744 1382 in
1795 1326 2141 1396 vulgaribus

488 1421 680 1477 multa
727 1418 1124 1489 negligantur,
1153 1422 1209 1474 et
1239 1432 1347 1473 nec
1373 1417 1433 1472 in
1465 1433 1736 1473 errorum
1767 1432 1948 1472 censu
1970 1431 2143 1486 repu-

489 1515 704 1567 tentur.
737 1509 822 1564 Ita
865 1523 926 1562 se
956 1523 1050 1562 res
1075 1522 1316 1578 quoque
1358 1505 1541 1562 habet
1571 1511 1626 1562 et
1656 1506 1716 1562 in
1749 1505 2138 1578 principibus,

2253 523 2406 590 μόνον
2459 515 2538 584 δὲ,
2580 518 2708 570 ἀλλὰ
2737 523 2827 571 καὶ
2851 518 2937 572 ἐπὶ
2986 527 3085 571 τῶν
3115 518 3278 571 ἄλλων
3329 527 3509 571 πασῶν
3542 527 3747 589 τεχνῶν
3775 523 3868 570 καὶ

2253 605 2554 678 ἕπιστημῶν
2596 611 2654 660 τό
2687 607 2813 660 αὐτὸ
2870 604 3104 661 κατιδεῖν
3153 611 3312 663 ἔστιν.
3350 607 3429 661 Ἐν
3461 611 3551 680 μὲν
3601 611 3706 678 γὰρ
3747 616 3867 668 ταῖς

2253 695 2655 768 ἁκριϐεστάταις
2687 703 2776 749 καὶ
2828 700 2885 750 τό
2935 695 3279 769 βραχύτατον
3334 705 3433 749 τῶν
3465 696 3865 769 ἁμαρτημάτων

2249 785 2422 858 ῥᾷστα
2451 788 2753 859 κατάφωρον
2782 791 2983 858 γίνεται
3011 803 3022 816 ·
3053 786 3102 839 ἐν
3147 784 3206 840 δι
3235 795 3352 849 ταῖς
3379 789 3679 858 τυχούσαις
3703 787 3872 839 πολλὰ

2249 881 2565 948 παρορᾶται,
2616 880 2705 928 καὶ
2747 873 2861 929 οὐδ’
2904 881 2977 938 εὶς
3007 874 3298 950 ἁμάρτημα
3349 881 3601 950 κρίνεται.
3639 875 3699 929 Εἰ
3725 875 3868 948 βοῦ-

2249 962 2324 1016 λει
2354 960 2432 1028 δε,
2466 971 2556 1016 καὶ
2609 963 2658 1016 ἓν
2686 967 2778 1037 μεν
2834 971 2943 1022 τοῖς
2990 964 3246 1038 ἄρχουσι,
3301 971 3526 1018 καὶτῶν
3577 965 3746 1017 ἄλλων

2251 1051 2462 1125 ἕξουσίᾳ
2490 1057 2806 1126 προέχουσι,
2837 1053 3069 1126 μάλιστα
3117 1051 3176 1108 δε
3218 1055 3290 1116 οἷς
3339 1056 3475 1106 κατὰ
3513 1054 3761 1108 πλειόνων
3811 1074 3872 1107 το

2249 1142 2460 1214 κράτος,
2493 1148 2583 1195 καὶ
2620 1147 2679 1195 τὸ
2721 1147 2907 1217 μικρόν
2983 1152 3082 1197 τῶν
3141 1147 3482 1216 πταισμάτων
3529 1143 3600 1206 εἰς
3648 1145 3878 1217 μέγεθος

2250 1230 2472 1303 αἴρεται,
2545 1238 2634 1285 καὶ
2667 1239 2807 1286 πᾶσι
2845 1239 3046 1305 ’γίνεται
3073 1233 3379 1308 περιϐόητον
3409 1255 3422 1266 ·
3453 1236 3500 1286 ἓν
3543 1230 3603 1286 δι
3637 1241 3749 1296 τοῖς
3784 1233 3878 1308 ἆρ-

2251 1324 2495 1392 χόμένοις
2547 1327 2636 1375 καὶ
2686 1327 3062 1394 ταπεινοτέροις
3114 1323 3276 1375 πολλὰ
3312 1321 3413 1375 τῶν
3458 1322 3882 1397 παραπλησίωςο

2253 1406 2712 1485 διαμαρτηθίντων
2774 1409 2890 1465 οὐδ’
2959 1413 3039 1465 ὃτι
3095 1411 3339 1486 ἐπράχθη
3405 1415 3878 1484 συνεγνῶσθησαν,

2253 1505 2360 1559 ἀλλ’
2409 1508 2727 1582 ἑναπεκρύϐη
2779 1517 2867 1563 καὶ
2918 1512 3083 1575 ἔλαθε,
3152 1519 3215 1585 τῇ
3275 1516 3592 1584 σμικρότητι
3647 1517 3738 1563 καὶ
3787 1513 3882 1564 εῦ-

489 1600 619 1656 etin
642 1598 943 1668 dignitatis
957 1596 1149 1667 gradu
1171 1612 1352 1668 super
1381 1596 1526 1651 alios
1563 1595 1916 1658 constitutis,
1950 1610 2142 1667 eoque

2258 1596 2424 1670 τελείᾳ
2451 1599 2944 1652 συναποσϐεσθὲντα
2982 1609 3072 1653 τοῦ
3103 1601 3526 1675 ἁμαρτήσαντος.

488 1687 683 1756 magis
709 1702 828 1757 quo
857 1684 1133 1757 pluribus
1155 1684 1622 1756 imperitaverint
1646 1701 1660 1738 :
1693 1684 1772 1739 illi
1791 1683 1952 1738 enim
1972 1684 2018 1738 si
2037 1682 2128 1738 vel
2147 1682 2346 1740 leviter
2371 1689 2805 1758 cespitaverint,
2834 1697 3251 1760 exaggeratur,
3287 1695 3342 1746 et
3369 1705 3663 1758 magnum
3695 1692 3879 1760 ﬂagi-

490 1776 639 1832 tium
671 1775 992 1831 admisisse
1022 1773 1295 1830 omnium
1336 1773 1559 1844 judicio
1585 1774 1946 1830 denotantur
1980 1789 1993 1828 :
2023 1788 2162 1828 cum
2206 1777 2406 1830 tamen
2463 1776 2686 1832 subditi
2731 1784 2788 1834 et
2838 1777 3131 1835 inferioris
3169 1779 3417 1844 ordinis,
3453 1779 3499 1833 si
3561 1777 3880 1836 multoties

492 1863 709 1920 similia
729 1863 908 1934 plane
933 1863 1294 1927 admiserint,
1316 1863 1480 1918 nulla
1493 1863 1702 1918 notitia
1735 1867 2034 1927 notantur,
2059 1876 2254 1932 neque
2272 1863 2330 1918 id
2349 1864 2542 1934 egisse
2557 1866 3134 1936 animadvertuntur,
3151 1867 3257 1923 sed
3273 1867 3569 1940 quidquid
3587 1867 3872 1933 fecerint.

491 1969 613 2009 una
639 1968 775 2008 cum
807 1953 1092 2024 parvitate
1113 1956 1170 2007 et
1188 1955 1536 2023 contemptu
1567 1951 1962 2014 admittentia,
1992 1955 2047 2006 et
2086 1950 2286 2021 ipsum
2317 1953 2573 2010 celatum
2606 1960 2784 2028 atque
2803 1956 3168 2013 occultatum
3198 1958 3436 2028 penitus
3456 1958 3788 2013 evanescit.

561 2043 650 2098 23.
693 2045 755 2097 In
808 2045 1106 2115 quantum
1158 2041 1336 2113 igitur
1380 2039 1819 2111 magnitudine.
1857 2039 2143 2112 potentia,

2328 2041 2436 2114 κγ’.
2492 2042 2654 2096 Ὀσον
2711 2046 2798 2098 οὖν
2845 2048 3070 2118 μεγέθει,
3124 2050 3212 2099 καὶ
3268 2047 3467 2121 κράτει,
3515 2051 3602 2099 καὶ
3655 2047 3875 2100 κάλλει,

489 2130 956 2204 pulchritudine,
989 2130 1389 2195 accuratione,
1421 2130 1697 2202 puritate,
1722 2133 1778 2186 et
1802 2127 2143 2185 omnimoda

2257 2135 2346 2182 καὶ
2395 2130 2650 2206 ἀκριϐείᾳ,
2719 2141 2808 2186 καὶ
2871 2137 3212 2208 καθαρότητι,
3267 2141 3357 2186 καὶ
3413 2142 3474 2207 τῇ
3529 2135 3654 2207 illi;
3711 2139 3876 2209 πάσῃ

492 2221 608 2278 alia
621 2220 981 2294 perfectione
999 2218 1471 2277 Christianorum
1485 2218 1636 2274 ﬁdes
1657 2223 1710 2274 et
1731 2217 1936 2288 religio
1961 2233 2143 2289 paga-

2258 2219 2559 2287 τελειότητι,
2594 2231 2693 2275 τῶν
2725 2224 2773 2275 ἐν
2803 2232 2908 2284 τοῖς
2937 2226 3104 2277 ἔθνεσι
3159 2221 3505 2296 δοξασμάτων
3536 2227 3566 2282 ἠ
3599 2234 3702 2276 τῶν
3725 2233 3880 2298 Χρι-

490 2326 705 2368 norum
733 2313 976 2382 superat
1013 2312 1070 2365 et
1103 2308 1466 2365 transcendit
1497 2309 1791 2380 pietatem,
1822 2309 1882 2364 in
1918 2312 2149 2363 tantum

490 2399 687 2457 malus
709 2398 804 2454 ille
820 2397 1042 2454 bellum
1057 2401 1265 2454 contra
1285 2397 1453 2452 illam
1480 2396 1760 2452 furiosius
1786 2396 2149 2452 concitatum

492 2488 637 2558 gerit
667 2504 680 2553 ;
713 2488 773 2542 in
810 2490 1041 2542 tantum
1073 2485 1252 2541 etiam
1281 2485 1632 2540 stolidorum
1661 2492 1715 2541 et
1744 2484 2148 2556 insipientium

489 2576 806 2632 hominum
833 2573 1068 2642 delicta,
1091 2573 1169 2628 ad
1197 2573 1257 2628 id
1286 2573 1450 2645 quod
1475 2579 1703 2629 rectum
1735 2578 1821 2630 est
1851 2575 2146 2645 apposita,

492 2665 913 2720 discernuntur
942 2679 956 2730 ;
995 2678 1106 2718 nec
1130 2663 1256 2718 ﬁeri
1286 2668 1484 2735 potest
1521 2670 1583 2718 ut
1610 2663 1704 2719 vel
1735 2663 1960 2720 tantillo
2000 2671 2149 2719 tem-

491 2753 655 2826 poris
670 2753 865 2824 spatio
881 2751 1248 2818 obvelentur,
1280 2756 1381 2808 aut
1393 2753 1641 2809 modum
1664 2753 1816 2810 clam
1847 2758 1905 2808 et
1922 2760 2148 2810 secreto

492 2841 864 2911 ingrediendi
891 2842 1230 2898 sortiantur.
1264 2842 1501 2908 Verum,
1543 2842 1708 2916 quod
1743 2843 1804 2897 in
1834 2842 2146 2897 antedictis

493 2934 754 3007 positum
808 2936 896 2988 est
945 2949 982 2988 a
1031 2932 1226 2999 nobis,
1264 2932 1555 2989 catholica
1589 2937 1647 2990 et
1685 2931 2016 3005 apostolica
2049 2931 2146 2988 Dei

492 3022 752 3080 Ecclesia
766 3021 975 3078 omnia
989 3022 1217 3078 diaboli
1235 3022 1711 3080 machinamenta
1731 3021 1875 3078 nulli
1891 3022 2019 3076 usui
2038 3035 2147 3076 nec

493 3112 711 3170 actioni
742 3127 872 3169 esse
898 3115 957 3167 et
992 3112 1265 3168 inservire
1291 3111 1571 3178 declarat,
1595 3112 1743 3184 quin
1779 3117 1837 3168 et
1860 3112 1917 3166 in
1949 3111 2144 3183 ipsum

493 3203 966 3259 machinatorem
1005 3201 1218 3257 eadem
1249 3202 1538 3258 convertit
1570 3220 1582 3270 ;
1620 3202 1700 3258 ita
1735 3200 2143 3257 haereticorum

2257 3213 2672 3275 χανουργοᾶντος
2745 3206 3224 3282 ἐπαναστρέφουσα,
3270 3213 3360 3260 καὶ
3403 3215 3503 3260 τῶν
3562 3209 3869 3281 αἱρετιζόν-

490 3291 901 3363 blasphemiae
953 3289 1121 3346 facile
1171 3289 1402 3356 refutat,
1438 3290 1872 3362 impudentiam
1912 3289 2143 3362 pudore

2257 3312 2354 3344 των
2410 3291 2608 3368 ῥᾳδίως
2658 3295 3120 3368 ἁποσκευαζομένη
3153 3301 3210 3350 τὸ
3253 3295 3588 3370 βλάσφημον,
3620 3303 3712 3350 καὶ
3736 3318 3869 3350 κατ-

493 3381 692 3448 afﬁcit,
733 3386 941 3437 contra
991 3395 1202 3437 omnes
1257 3384 1315 3434 et
1368 3380 1573 3436 omnia
1597 3384 1954 3452 potestatem
1983 3380 2142 3434 inex-

2257 3387 2591 3454 αισχύνουσα
2642 3389 2698 3438 τό
2750 3385 3120 3459 ἀναίσχυντον,
3193 3389 3327 3439 κατά
3379 3390 3580 3440 πάντων
3649 3389 3868 3460 ἄμαχον

491 3469 892 3543 superabilem
917 3473 972 3525 et
989 3469 1272 3525 invictam
1297 3469 1548 3538 habens,
1565 3469 1885 3540 triumphis
1919 3468 1977 3524 in
1991 3469 2146 3524 salu-

493 3563 610 3614 tem
645 3558 852 3613 mundi
885 3557 1099 3622 ductis,
1127 3557 1560 3626 gloriosissime
1581 3558 1893 3614 exaltatur.

560 3651 646 3702 24.
690 3646 1002 3718 Tuideo(o
1018 3650 1210 3718 quote
1235 3646 1822 3715 nominedesignem,
1857 3651 1914 3700 ut
1942 3663 2143 3703 meum

493 3736 778 3808 explicem
799 3735 858 3790 in
877 3740 928 3790 te
949 3735 1133 3791 animi
1153 3734 1434 3791 affectum
1453 3740 1509 3791 et
1531 3734 2143 3806 desiderium?)divini

495 3824 747 3897 Spiritus
787 3823 1099 3896 splendore
1129 3829 1389 3880 mentem
1419 3824 1650 3880 habens
1692 3823 2055 3890 irradiatam,
2089 3829 2146 3880 et

492 3913 775 3970 adlucem
798 3912 1071 3969 sublatus
1100 3917 1274 3969 rectm
1306 3913 1643 3986 pietatis;et
1671 3929 1824 3986 opus
1850 3913 2145 3984 ejusmodi

492 4007 770 4074 Operatus
809 4019 931 4075 quo
953 4002 1030 4060 ad
1061 4001 1424 4060 Constantini
1454 4001 1607 4058 illius
1645 4003 1838 4074 Magni
1880 4003 2142 4058 actiones

492 4091 864 4158 subveharis,
913 4093 1143 4149 imitare
1177 4092 1371 4148 adhuc
1402 4092 1695 4163 primitias
1744 4092 1876 4148 illas
1910 4093 2143 4158 mentis,

490 4180 742 4249 consilii,
801 4181 1103 4252 sapientiae
1155 4188 1270 4238 tum
1311 4199 1326 4239 :
1377 4182 1636 4237 consiste
1675 4181 1931 4238 validius
1965 4199 2148 4253 super

489 4275 718 4341 petram
772 4269 932 4334 ﬁdei,
989 4268 1051 4324 in
1090 4285 1212 4339 qua
1235 4271 1483 4340 pulchre
1518 4286 1626 4343 per
1660 4271 1977 4327 Dominum
2011 4272 2146 4327 fun-

489 4357 668 4414 datus
699 4357 890 4416 fuisti:
929 4357 1400 4428 supereedificato
1430 4361 1692 4416 actiones
1716 4359 1929 4424 bonas,
1948 4376 2146 4416 emen-

488 4448 642 4504 datae
670 4447 802 4502 vitae
856 4447 1228 4516 gravitatem,
1263 4463 1440 4519 super
1468 4448 1650 4504 ﬁdem
1694 4448 2093 4505 orthodoxam
2129 4467 2142 4505 :

487 4536 607 4594 noli
636 4539 1043 4608 superstruere
1069 4534 1252 4604 ligna,
1285 4534 1507 4600 fenum,
1533 4535 1800 4608 stipulas,
1836 4539 2144 4596 materiem

488 4626 715 4700 peccati
757 4623 1240 4682 combustibilem
1289 4640 1359 4680 ac
1403 4625 1858 4695 conflagrationi
1891 4632 2141 4694 tantum,

2257 4631 2379 4701 πρός
2419 4625 2568 4681 οὐδὲν
2627 4625 2685 4681 δι
2740 4631 3177 4706 χρησιμεῦουσαν
3223 4634 3426 4705 ἕτερον·
3469 4631 3598 4685 ἀλλὰ
3650 4637 3861 4706 χρυσόν

488 4717 630 4771 nulli
645 4721 844 4773 autem
865 4715 996 4771 usui
1016 4714 1742 4787 praeterea,inservientem
1756 4731 1773 4781 ;
1789 4714 1893 4770 sed
1906 4731 2139 4781 aurum,

2257 4723 2340 4770 καὶ
2398 4717 2642 4792 ἄργυρον,
2693 4727 2792 4770 τῶν
2835 4722 3250 4793 κατορθωμάτων
3309 4723 3375 4773 τὰ
3439 4725 3620 4793 τίμια.
3677 4729 3862 4775 Ταῦτα

2261 2321 2481 2364 στιανών
2510 2318 2686 2374 πίστις
2735 2319 2824 2367 καὶ
2875 2315 3086 2386 λατρεία
3120 2317 3504 2389 ὑπερανέστηκε
3547 2321 3636 2366 καὶ
3668 2313 3881 2389 ὲξῄρηο

2260 2419 2365 2467 ται,
2418 2404 2722 2455 τοσοῦτονὸ
2771 2423 2825 2456 τε
2872 2407 3094 2476 πονηρός
3151 2403 3223 2465 εἰς
3265 2407 3350 2455 τόν
3392 2402 3504 2455 κατ’
3559 2404 3722 2466 αὐτῆς
3787 2406 3880 2456 ἁν-

2260 2491 2542 2563 ερεθίζεται
2596 2492 2814 2563 πόλεμον
2839 2514 2853 2526 ·
2893 2498 2982 2546 καὶ
3029 2500 3278 2545 τοσοῦτον
3311 2492 3464 2545 πάλιν
3493 2494 3559 2544 τὰ
3611 2493 3669 2555 εξ
3707 2493 3884 2568 ἀφρό-

2259 2599 2356 2630 νων
2412 2586 2501 2632 καὶ
2558 2581 2888 2634 κακοϐούλων
2953 2579 3158 2655 ἀνδρῶν
3234 2581 3586 2656 ἁμαρτήματα
3649 2583 3704 2634 ἐκ
3775 2592 3880 2636 τοῦ

2259 2668 2430 2731 εῦθίος
2483 2676 2870 2743 καταφαίνεται,
2919 2668 3048 2733 μηδ’
3102 2671 3187 2723 ἰπὶ
3215 2670 3400 2745 βραχὺ
3430 2677 3609 2744 χώραν
3643 2680 3738 2724 τοῦ
3771 2672 3876 2727 λα-

2262 2757 2363 2834 θεῖν
2407 2761 2616 2829 ἔχοντα,
2680 2757 2822 2832 μηδέ
2881 2780 2996 2813 τινα
3055 2757 3410 2834 παρείσδυσιν
3464 2759 3876 2834 ἓφευρίσκοντα.

2259 2831 2394 2897 Ἀλλ’
2463 2849 2601 2920 ὅμως
2748 2858 2837 2902 τοῦ
2904 2857 3038 2902 Θεοῦ
3086 2831 3334 2908 καθολικὴ
3390 2855 3479 2902 καὶ
3532 2831 3874 2910 ἀποστολική

2257 2930 2562 3004 Ἐκκλησία,
2618 2941 2686 2999 ὡς
2737 2945 2826 2991 καὶ
2877 2941 3166 3011 φθάσαντες
3213 2941 3420 3011 ἔφημεν,
3471 2946 3558 2992 καὶ
3611 2947 3705 2992 τοῦ
3767 2961 3873 2992 πο-

2255 3032 2414 3095 νηροῦ
2470 3029 2640 3080 πάντα
2690 3031 2755 3080 τὰ
2810 3035 3196 3101 μηχανήματα,
3258 3030 3428 3102 σαθρά
3473 3034 3563 3080 καὶ
3613 3030 3873 3104 ἄπρακτα

2258 3110 2629 3187 διελίγχουσα,
2687 3117 2876 3188 μᾶλλον
2929 3114 2989 3171 δὲ
3039 3119 3154 3170 κατ’
3185 3118 3344 3170 αὐτοῦ
3385 3117 3578 3170 ἕκείνου
3619 3126 3710 3170 τοῦ
3755 3139 3874 3189 μη-

2253 3475 2311 3523 τό
2358 3476 2546 3546 κράτος
2575 3480 2663 3527 καὶ
2708 3476 2966 3533 ἀήττητον
3016 3473 3352 3547 ἀναδέχεται,
3413 3483 3503 3529 καὶ
3553 3477 3734 3540 καλοῖς
3775 3485 3868 3530 καὶ

2258 3567 2614 3635 σωσικόσμόις
2645 3561 2679 3617 δ
2686 3568 2932 3626 ιαπαντὸς
2981 3564 3255 3639 θριάμϐοις
3287 3564 3750 3636 ίγκαλλωπίζεται.

2325 3649 2432 3707 κδ’.
2496 3657 2559 3705 Σὺ
2608 3658 2777 3706 τοίνυν
2837 3656 2898 3718 (ὦ
2945 3659 2997 3706 τί
3061 3673 3118 3707 σε
3167 3659 3462 3728 προσειπὼν
3521 3654 3678 3718 ἀξίως
3732 3656 3863 3708 rise»

2254 3749 2344 3794 τοῦ
2375 3744 2571 3814 «decu;
2606 3745 2714 3815 )τῇ
2746 3743 2894 3816 αἴγλη
2941 3751 3033 3796 τοῦ
3077 3746 3214 3796 θείου
3272 3747 3573 3815 Πνεῦματος
3613 3750 3701 3802 τὴν

2251 3835 2358 3902 χὴν
2412 3831 2714 3902 αῦγασθεὶς,
2760 3837 2848 3885 καὶ
2895 3836 3024 3906 πρός
3075 3836 3134 3885 τὸ
3199 3841 3294 3895 τῆς
3351 3832 3615 3894 εὐσεϐείας
3663 3837 3858 3905 φέγγος

2253 3916 2519 3992 ἀναχθεὶς,
2579 3925 2667 3972 καὶ
2735 3925 2880 3994 ἔργον
2952 3920 3320 3996 ἐργασάμενος,
3368 3919 3441 3974 δι’
3481 3923 3542 3974 οὗ
3595 3926 3722 3996 πρὸς
3771 3927 3859 3980 τὴν

2252 4016 2343 4060 τοῦ
2401 4009 2624 4082 μεγάλου
2677 4015 3066 4064 Κωνσταντίνου
3129 4011 3316 4084 πρᾶξιν
3375 4011 3680 4081 ἁνυψώθης,
3730 4015 3864 4064 κατὰ

2253 4103 2479 4168 μίμησιν
2518 4101 2646 4170 ἔχου
2695 4107 2791 4161 τῆς
2817 4099 2904 4152 ἀπ’
2955 4099 3132 4173 ἀρχῆς
3185 4120 3278 4152 σου
3304 4107 3513 4173 γνώμης
3543 4107 3632 4153 καὶ
3666 4100 3863 4173 βουλῆς

2253 4192 2341 4238 καὶ
2371 4191 2624 4249 συνέσεως
2655 4209 2667 4221 ο
2714 4191 2870 4248 στῆθι
2926 4188 3146 4265 στερρῶς
3197 4189 3246 4240 ἰν
3295 4197 3357 4262 τῇ
3413 4194 3575 4266 πέτρᾳ
3621 4199 3718 4252 τῆς
3771 4196 3866 4242 πίο

2256 4295 2435 4341 στεως,
2482 4279 2530 4328 ἐν
2643 4277 2811 4338 καλῶς
2863 4279 2963 4330 ὑπό
3017 4283 3210 4352 Κυρίου
3265 4279 3634 4348 τεθεμελίωσαι
3672 4301 3684 4312 ο
3721 4279 3862 4332 ἑποι-

2253 4361 2548 4438 κοδόμειτῇ
2593 4366 2718 4441 ὀρθῇ
2756 4387 2849 4419 σου
2895 4371 3072 4420 πίστει
3107 4367 3323 4441 πράξεις
3379 4367 3580 4438 ἀγαθὰς
3610 4375 3702 4422 καὶ
3736 4369 3859 4441 βίον

2256 4473 2563 4525 σεμνότητα,
2621 4460 2690 4528 μὴ
2749 4456 2873 4519 ξύλα
2924 4461 3012 4508 καὶ
3057 4461 3273 4529 χόρτον,
3305 4455 3444 4529 μηδε
3477 4458 3744 4531 καλάμην,
3778 4463 3862 4512 t3-

2255 4539 2462 4610 φλεκτον
2494 4549 2588 4601 τῆς
2630 4540 2892 4612 ἁμαρτίας
2929 4541 3074 4606 ῦλην,
3133 4546 3224 4594 καὶ
3275 4546 3406 4615 πρὸς
3447 4551 3640 4595 καῦσιν
3672 4551 3860 4616 μόνην,

490 4811 801 4873 argentum
833 4804 1112 4872 aedifices,
1137 4809 1193 4861 et
1221 4805 1513 4878 pretiosas
1537 4808 1694 4860 recte
1722 4804 2012 4860 factorum
2026 4821 2140 4860 res.

492 4891 624 4948 Haec
654 4894 945 4964 siquidem
971 4911 1080 4967 per
1133 4894 1541 4952 tribulationes
1569 4894 1872 4968 explorata
1902 4895 2144 4966 puriora

486 4978 834 5046 redduntur,
863 4987 920 5036 et
944 4983 1297 5053 pretiosiora
1327 4986 1640 5055 apparent.

557 5068 644 5122 25.
689 5071 752 5124 In
794 5070 1091 5126 mandatis
1143 5072 1405 5128 Christus
1453 5071 1795 5128 communis
1859 5073 2141 5129 Dominus

485 5161 685 5212 noster
705 5160 761 5212 et
793 5157 1074 5227 magister
1102 5160 1216 5216 hoc
1251 5161 1434 5230 dedit,
1466 5161 1690 5218 fructus
1711 5161 1997 5218 nimirum
2029 5163 2141 5218 vir-

487 5245 624 5301 tutis
663 5244 944 5317 proferre,
969 5261 1078 5303 nec
1107 5247 1288 5305 ﬁdem
1321 5266 1426 5322 per
1447 5266 1629 5323 opera
1654 5250 2031 5323 pudefacere.
2053 5253 2139 5308 Ad

2251 4810 2352 4878 γὰρ
2405 4813 2493 4859 καὶ
2545 4813 2660 4880 περὶ
2691 4818 2715 4851 ο
2763 4816 3064 4882 πειρασμῶν
3118 4807 3460 4882 δοξαζόμενα,
3511 4814 3857 4886 καθαρώτερα

2253 4916 2339 4948 και
2368 4901 2647 4969 τιμιώτερα
2678 4893 3062 4953 διαδείκνυται.

2320 5073 2410 5129 κε’.
2458 5074 2610 5126 Οὕτω
2663 5079 2893 5148 Χριστός
2941 5076 2967 5128 ό
3007 5078 3171 5136 κοινός
3229 5081 3496 5138 Δεσπότης
3534 5077 3858 5150 ἔγκελεύεται

2249 5167 2477 5238 καρποὺς
2533 5163 2857 5236 προϐάλλειν,
2903 5169 2991 5217 καὶ
3037 5169 3109 5237 μὴ
3143 5169 3519 5238 καταισχύνειν
3551 5175 3648 5228 τὴν
3675 5174 3857 5221 πίστιν

2250 5251 2341 5305 διὰ
2397 5261 2495 5306 τῶν
2540 5254 2792 5328 πράξεων.
2854 5255 3004 5306 Οὕτω
3054 5253 3252 5316 Παῦλος
3292 5257 3317 5306 ό
3365 5260 3526 5328 μέγας
3595 5267 3692 5321 τῆς
3745 5258 3864 5312 Ἐκ-

1825 5430 2058 5486 VARl/E
2099 5431 2500 5488 LECTIONES.

554 5594 578 5626 θ
607 5581 684 5640 ἳσ.
716 5585 886 5660 παρά.
