4090 6228
208 307 320 366 661

1489 283 2001 362 EPISTOLARUM
2043 303 2259 362 LIBER
2302 302 2344 358 ι.

3487 303 3591 363 662

211 434 437 495 κλησίας
467 433 809 507 συμϐουλεύει
853 430 1196 495 διδάσκαλος,
1252 433 1403 486 Οὕτω
1435 435 1629 505 Πέτρος
1666 432 1691 483 6
1738 449 1815 482 κοί

1932 428 2093 485 hunc
2127 428 2264 486 mod
2275 444 2378 483 um
2389 426 2608 483 Paulus
2627 441 2884 496 magnus
2901 425 2996 484 ille
3014 425 3296 497 magister
3319 428 3590 486 Ecclesiae

208 530 433 596 ρυφαῖος
481 533 580 574 τῶν
671 523 991 592 ἀποστόλων,
1076 529 1165 576 καὶ
1205 531 1302 576 τῶν
1349 521 1597 596 οὐρανίων
1649 519 1821 573 πυλῶν

183 615 302 672 ¹τὰς
351 612 486 673 κλεῖς
546 611 1013 686 ἐμπεπιστευμένος
1058 618 1148 666 καὶ
1200 617 1292 671 τὴν
1352 608 1557 664 εἴσοδον
1616 629 1631 644 ⁸
1687 610 1821 662 οὕτω

211 709 316 753 τῶν
344 701 535 753 λοιπῶν
589 701 942 755 ἀποστόλωνό
995 705 1128 764 Θείος
1175 705 1335 774 χορὸς
1367 705 1458 759 τὴν
1517 700 1820 770 οἰκουμένην

210 789 596 862 ἰμαθήτιυσεν·
639 792 801 852 οὕτως
847 793 993 863 ἡμῶν
1036 795 1084 844 οἱ
1142 795 1365 865 Πατέρες
1413 787 1816 862 παρειλήφασιν,

211 879 379 940 οὕτως
425 881 568 950 ἡμῖν,
627 886 738 942 τοῖς
777 879 886 951 μετ’
930 879 1168 947 έκείνους,
1191 875 1655 952 παραδεδώκασιν·
1686 874 1820 928 οὕτω

209 973 302 1020 καὶ
359 970 508 1040 ἡμεῖς
550 988 634 1020 σοι
682 976 1031 1044 παραινοῦμεν
1077 975 1168 1022 καὶ
1222 967 1659 1041 συμϐουλεύομεν,
1707 965 1820 1038 ἀρε-

207 1064 325 1118 ταῖς
370 1064 584 1129 κοσμεῖν
629 1061 723 1116 τὴν
775 1063 974 1123 πίστιν,
1024 1064 1114 1112 καὶ
1170 1066 1230 1130 τῇ
1291 1062 1471 1110 πίστει
1515 1059 1604 1116 τάς
1635 1055 1822 1129 ἀρετὰς

207 1146 570 1220 λαμπροτέρας
620 1146 1033 1220 ἀπεργάζεσθαι.
1103 1146 1424 1218 Ἐϐουλόμην
1501 1145 1650 1205 αὐτὸς
1717 1145 1818 1217 ὶγὼ

214 1254 302 1288 σοι
332 1244 591 1310 παρεῖναι,
631 1242 720 1289 καὶ
759 1243 876 1298 ταῖς
923 1237 1173 1309 πράξεσιν
1227 1236 1516 1309 ἐφιστάναι,
1589 1236 1671 1287 ἶνα
1720 1242 1820 1286 τῶν

210 1328 304 1397 μὲν
348 1325 517 1377 καλῶν
583 1328 744 1398 ἔργων
836 1326 1248 1397 αύτεπάγγελτον
1317 1322 1410 1378 διὰ
1483 1332 1580 1386 τῆς
1655 1323 1820 1396 ὄψεως

209 1413 486 1486 λαμϐάνων
536 1419 629 1472 τὴν
671 1423 885 1485 γνῶσιν,
947 1418 1025 1468 ἔτι
1103 1415 1292 1486 μᾶλλον
1341 1415 1388 1466 ἐν
1439 1417 1662 1486 εὐθυμία
1730 1419 1816 1466 καὶ

213 1509 363 1576 χαρᾲ
411 1501 738 1576 διακείμενος
790 1508 898 1562 εἴην
932 1526 945 1538 ο
979 1505 1023 1558 εἰ
1058 1502 1117 1558 δέ
1171 1526 1222 1558 τι
1252 1511 1339 1558 καὶ
1367 1505 1662 1580 παράλογον
1695 1524 1821 1557 συν-

212 1593 326 1655 ἐδη,
397 1593 656 1665 μεθέλκειν
701 1597 881 1666 ἔχοιμι
917 1591 1120 1668 ῥᾳδίως
1179 1601 1266 1647 καὶ
1350 1595 1712 1668 μεθαρμόζειν,
1765 1593 1817 1646 ἐκ

209 1691 299 1735 τοῦ
352 1693 707 1756 παραχρῆμα,
765 1688 890 1757 πρὸς
941 1681 1245 1756 διόρθωσιν.
1299 1685 1439 1738 Ἐπεὶ
1503 1682 1561 1738 δὲ
1613 1687 1642 1743 ἡ
1695 1684 1820 1757 βού-

1931 519 2248 576 oonsilium
2266 517 2372 573 dat
2400 516 2508 578 :ita
2527 515 2741 572 suadet
2760 516 2966 572 Petrus
2985 517 3395 588 apostolorum
3427 533 3591 590 cory-

1929 607 2260 680 phaaus,cui
2287 607 2485 662 claves
2514 609 2570 661 et
2590 605 2897 675 ingressus
2921 610 3232 678 portarum
3261 606 3589 664 cmlestium

1929 697 2371 753 ooncreduutur
2403 695 2525 761 ;sio
2555 700 2611 750 et
2630 694 2898 766 reliquus
2929 695 3341 766 apostolorum
3367 696 3587 754 chorus

1929 786 2139 842 orbem
2187 793 2477 842 terrarum
2531 784 2918 840 informavit:
2975 784 3087 840 hoc
3150 787 3348 841 Patres
3401 788 3590 843 nostri

1928 875 2213 931 traditum
2240 877 2634 946 susceperunt
2665 891 2678 939 ;
2713 873 2790 928 ad
2817 873 2979 929 hunc
3002 873 3255 929 modum
3277 873 3453 930 nobis
3485 890 3592 946 po-

1931 965 2102 1020 steris
2126 963 2495 1020 tradiderunt
2527 962 2674 1018 :hoc
2699 962 2801 1018 tibi
2825 978 2935 1017 nos
2969 961 3322 1026 suademus,
3354 966 3410 1018 et
3443 978 3590 1024 con-

1929 1053 2124 1109 silium
2137 1053 2601 1123 damus,uempe
2621 1057 2682 1106 ut
2698 1051 2878 1106 ﬁdem
2901 1051 3158 1106 illustres
3172 1066 3276 1122 per
3290 1051 3582 1118 actiones,

1929 1147 1984 1200 et
2021 1142 2138 1198 ﬁde
2187 1141 2407 1198 reddas
2437 1140 2700 1196 actiones
2754 1140 3169 1211 speciosiores.
3203 1138 3421 1196 Vellem
3468 1156 3581 1209 ego

1927 1232 2176 1305 quidem
2213 1230 2275 1286 iu
2333 1246 2456 1286 rem
2508 1234 2868 1301 prensantem
2922 1245 3050 1284 esse
3080 1227 3205 1294 tibi,
3257 1233 3312 1284 et
3340 1232 3582 1286 tuarum

1928 1321 2230 1377 actionum
2265 1321 2534 1389 regimen
2569 1319 2629 1374 in
2658 1335 2752 1374 me
2784 1319 3107 1389 suscipere,
3147 1333 3217 1372 eo
3242 1318 3358 1374 ﬁne
3394 1323 3456 1374 ut
3481 1334 3586 1390 per

1927 1410 2133 1466 oculos
2150 1411 2448 1465 bonorum
2489 1412 2728 1463 tuorum
2747 1421 2994 1477 operum
3015 1407 3416 1475 cognitionem
3444 1411 3582 1464 actu

1927 1499 2062 1571 ipso
2094 1515 2416 1570 usurpans,
2447 1497 2658 1567 majori
2691 1496 2916 1565 gaudio
2947 1495 3208 1567 repletus
3241 1495 3357 1553 siin
3385 1501 3442 1553 et
3483 1498 3583 1568 ju—

1928 1589 2257 1653 cunditate;
2287 1594 2343 1643 et
2367 1588 2413 1642 si
2446 1592 2658 1660 praeter
2675 1591 2898 1642 rectam
2916 1584 3138 1656 agendi
3168 1587 3455 1642 rationem
3474 1586 3581 1642 ali-

1928 1678 2072 1750 quid
2107 1677 2208 1732 tibi
2241 1677 2552 1746 excideret,
2574 1675 2867 1732 retrahere
2885 1675 3169 1730 continuo
3195 1679 3250 1729 et
3267 1674 3586 1732 reformare

209 1773 368 1834 λησις
397 1781 493 1834 τῆς
550 1769 819 1844 δυνάμεως
871 1777 1110 1846 χηρεύει,
1166 1779 1254 1826 καὶ
1305 1775 1467 1827 πολλὰ
1503 1780 1597 1833 τὴν
1651 1776 1815 1849 ὁρμὴν

1932 1783 2195 1840 possem,
2260 1766 2425 1822 nullo
2464 1765 2703 1835 negotio
2761 1763 3191 1822 correctionem
3229 1763 3520 1820 adhibens
3568 1781 3582 1818 :

211 1860 572 1914 ἀνακύπτοντα
608 1861 812 1928 κωλύει,
864 1863 890 1914 ὃ
973 1882 1064 1934 μοι
1137 1862 1314 1915 λοιπόν
1362 1863 1475 1916 ἔστι
1570 1861 1811 1924 δυνατὸν,

209 1959 387 2024 γραφῇ
433 1959 677 2004 τυπῶσαι
716 1953 809 2013 τάς
859 1956 1205 2026 παραινέσεις,
1247 1956 1314 2015 ὡς
1393 1959 1480 2006 καὶ
1542 1956 1819 2028 καταρχὰς

211 2043 547 2113 ὑπεσχόμην,
585 2038 659 2100 id
664 2061 692 2099 η
727 2043 1066 2116 πειράσομαι.

279 2379 386 2440 κζ’.
420 2378 540 2430 Ὀτι
596 2380 684 2450 μὲν
750 2374 837 2429 οὖν
868 2382 976 2450 χρὴ
1032 2379 1088 2429 τό
1119 2384 1266 2431 Θεῖον
1297 2377 1583 2452 εἰλικρινῶς
1609 2378 1815 2450 ἀγαπᾷν

207 2471 299 2519 καὶ
335 2468 651 2539 θεραπεύειν,
703 2471 791 2518 καὶ
847 2469 904 2518 τὸ
957 2465 1209 2538 ὁμόφυλον
1263 2469 1332 2530 ὡς
1383 2467 1562 2520 ἑαυτὸν
1588 2473 1816 2542 στέργειν

207 2559 299 2607 καὶ
347 2555 527 2626 φιλεῖν,
591 2558 812 2628 ἔμφυτός
894 2575 1001 2617 πως
1049 2562 1158 2616 τοῖς
1202 2555 1490 2630 ἀνθρώποις
1533 2559 1562 2615 ἡ
1623 2565 1816 2628 γνῶσις

205 2646 534 2702 καθέστηκεν
582 2665 595 2677 ο
625 2647 654 2703 η
713 2643 968 2716 βούλησις
996 2641 1054 2696 δὲ
1103 2649 1172 2718 μὴ
1197 2649 1563 2716 συντρέχουσα
1591 2654 1653 2717 τῇ
1687 2651 1815 2718 γνώ-

211 2753 313 2796 σει,
352 2733 419 2794 εἰς
447 2736 716 2806 θέσπισμα
761 2738 850 2786 καὶ
889 2738 1040 2806 νόμον
1086 2732 1446 2808 ἀναγραφῆναι
1497 2743 1590 2794 τῆν
1638 2741 1814 2796 κοινὴν

209 2821 517 2886 ἐξεϐιάσατο
573 2830 804 2895 γνώμην.
854 2822 975 2875 Ὀτι
1019 2819 1078 2876 δὲ
1125 2825 1151 2874 6
1182 2831 1273 2875 τοῦ
1324 2828 1478 2876 Θείου
1537 2825 1815 2896 εἰλικρινὴς

207 2915 357 2984 ἔρως,
389 2917 476 2965 καὶ
518 2915 547 2970 ἡ
592 2920 682 2964 τοῦ
731 2912 952 2971 πλησίον
1015 2917 1212 2985 στοργὴ
1265 2918 1356 2965 καὶ
1410 2913 1577 2965 τελεία
1608 2913 1810 2985 ἀγάπη,

205 3010 309 3053 τῶν
407 3001 570 3054 α’λλων
645 3000 854 3054 ἐντολῶν
930 3001 977 3054 έν
1054 3002 1263 3064 ἑαυταῖς
1336 3008 1647 3077 περιέχουσι
1720 3007 1815 3066 τὰς

205 3091 438 3165 πράξεις,
496 3090 556 3142 ού
603 3091 834 3161 χαλεπόν
894 3094 984 3162 μὲν
1046 3096 1134 3143 καὶ
1184 3091 1395 3144 αὐτόθεν
1467 3101 1809 3154 κατανοῆσαι.

206 3184 510 3254 ῐίαρίστησι
578 3176 637 3232 δὲ
684 3188 834 3232 τοῦτο
881 3186 970 3232 καὶ
1013 3181 1039 3231 6
1098 3185 1408 3242 Δεσποτικὸς
1459 3181 1630 3252 λόγος,
1663 3184 1709 3235 ἐν
1741 3188 1814 3246 οἶς
1851 3142 1890 3198 C

203 3289 337 3341 φησι
395 3273 510 3340 περὶ
570 3268 758 3335 αὐτῶν,
813 3270 892 3322 Ἐν
947 3273 1161 3330 ταύταις
1211 3277 1326 3331 ταῖς
1377 3268 1533 3323 δυσὶν
1586 3271 1811 3337 ἐντολαῖς

1714 3368 1811 3422 Καὶ

199 3449 305 3521 γὰρ
339 3448 366 3499 6
396 3450 482 3499 τόν
518 3449 648 3500 θεῖον
710 3450 876 3518 ἔρωτα
932 3448 1368 3523 ένστερνισμένος,
1421 3456 1511 3504 καὶ
1564 3455 1650 3504 τὸν
1677 3452 1813 3511 πλη-

201 3358 315 3418 ὃλος
382 3359 406 3408 6
487 3362 635 3430 νόμος
709 3362 987 3432 κρέμαται,
1061 3364 1151 3412 καὶ
1226 3363 1274 3412 οἱ
1348 3369 1629 3434 προφῆται.

204 3544 325 3588 σίον
373 3538 442 3597 ὡς
498 3536 674 3588 ἑαυτὸν
734 3541 961 3610 στέργων
1013 3543 1102 3589 καὶ
1150 3537 1324 3609 φιλῶν,
1374 3545 1574 3610 πατέρα
1611 3544 1700 3612 μὲν
1723 3543 1811 3594 καὶ

201 3629 412 3696 μητέρα
480 3621 824 3696 διαφερόντως
870 3623 1156 3696 ἀγαπήσει,
1204 3631 1294 3677 καὶ¹
1351 3636 1502 3699 τιμῆς
1549 3637 1644 3690 τῆς
1673 3635 1812 3702 πρώ-

202 3733 322 3776 της,
359 3715 490 3784 μετά
541 3733 598 3784 γε
643 3717 794 3778 Θεὸν,
850 3712 1061 3776 ἀξιώσει
1095 3736 1108 3748 ο
1175 3717 1403 3787 αἱμάτων
1461 3714 1518 3768 6":
1553 3717 1809 3789 ἐμφυλίων

199 3807 292 3854 καὶ
345 3807 507 3873 φόνων
565 3802 620 3856 ού
690 3807 842 3874 μόνον
897 3807 985 3863 τὰς
1032 3810 1215 3878 χεῖρας
1289 3806 1525 3877 καθαρὰς
1572 3807 1805 3877 φυλάξει,

201 3891 334 3942 ἀλλὰ
382 3896 471 3942 καὶ
510 3895 602 3950 τήν
654 3891 897 3962 γλῶσσαν
940 3898 1028 3944 καὶ
1095 3896 1215 3954 τοὺς
1262 3892 1544 3965 λογισμοὺς
1595 3896 1806 3966 μελέτης

197 3983 454 4040 τοιαύτης
483 4001 494 4012 ·
546 3980 604 4032 ού
662 3985 765 4052 μὴν
818 3977 941 4033 οὐδὲ
984 3981 1208 4052 κλέψειεν
1249 3982 1395 4044 οὗτος
1447 4003 1458 4015 ·
1507 3979 1676 4044 οὐδεὶς
1705 3987 1806 4055 γὰρ

193 4073 252 4122 ὃν
304 4072 374 4131 ὡς
430 4069 604 4122 ἑαυτὸν
687 4069 820 4141 φιλεῖ
878 4074 966 4121 καὶ
1012 4069 1271 4140 φυλάττει,
1339 4074 1524 4125 τούτου
1591 4072 1808 4135 κλέπτης

195 4158 468 4232 ἐφωράθη.
515 4158 654 4212 Ἀλλ’
722 4156 844 4210 οὐδὲ
914 4157 1210 4233 ἀλλοτρίους
1303 4162 1505 4232 γάμους
1550 4158 1802 4234 διορύξει.

194 4245 334 4300 Οὐδ’
359 4249 508 4320 ὁρκον
549 4246 783 4322 ἐπίορκον
829 4247 1035 4320 ὀμόσει,
1077 4248 1136 4300 ού
1189 4251 1278 4320 μὲν
1333 4247 1420 4302 οὖν
1455 4247 1578 4304 οὐδὲ
1608 4272 1806 4326 μαρτυ-

191 4342 314 4410 ρίαν
343 4335 515 4406 ψευδῆ
563 4341 697 4390 κατά
753 4344 843 4389 τοῦ
901 4337 1121 4394 πλησίον
1165 4345 1507 4412 μαρτυρήσει.
1537 4342 1799 4408 Καὶὸλως,

197 4426 260 4477 οὗ
321 4435 518 4498 χειρῶν
569 4422 764 4478 ἀδίκων
812 4425 975 4500 ἄρξει,
1045 4428 1247 4480 τύπτειν
1301 4429 1329 4488 ἡ
1392 4430 1801 4501 προπηλακίζειν

194 4517 502 4588 ἐπιχειρῶν,
553 4515 581 4572 ἡ
634 4518 878 4588 τύραννος
917 4516 1034 4584 (27)
1108 4515 1331 4589 ἐραστὴς
1403 4526 1522 4582 τῶν,
1587 4521 1688 4572 ὅσα
1730 4531 1802 4591 τῷ
1836 4499 1878 4552 D

191 4603 420 4660 πλησίον
468 4604 716 4675 ὑπάρχει,
768 4607 1054 4674 γινόμενος.
1111 4603 1172 4657 Ὀ
1209 4607 1310 4679 γάρ
1345 4625 1394 4658 τι
1429 4611 1622 4660 τούτων
1643 4629 1800 4662 κατα-

188 4692 416 4764 τολμῶν,
475 4691 689 4745 αύτὸθεν
750 4691 1051 4763 λυμαίνεται
1115 4696 1287 4766 ἄμφω,
1349 4700 1438 4747 καὶ
1498 4700 1584 4749 τὸν
1636 4701 1800 4773 ἔρωτα

188 4785 276 4833 τόν
321 4783 454 4832 Θεῖον
485 4786 573 4834 καὶ
605 4784 933 4845 Δεσποτικὸν,
964 4787 1054 4834 καὶ
1084 4790 1174 4834 τοῦ
1232 4784 1484 4854 όμοφυοῡς
1527 4792 1620 4844 τὴν
1651 4807 1800 4862 στορ-

187 4877 312 4940 γήν.
377 4876 461 4941 Τῷ
518 4874 609 4943 μὲν
666 4869 1005 4924 ἐπιϐουλεύων
1063 4878 1150 4924 καὶ
1220 4871 1532 4946 περιϐάλλων
1596 4885 1795 4946 κακοῖς,

189 4965 278 5012 τόν
313 4958 374 5014 δὲ
434 4962 576 5034 παρά
633 4960 820 5031 φαῦλον
877 4963 1181 5033 ποιούμενος
1231 4968 1318 5015 καὶ
1375 4966 1654 5040 ὑπερορῶν.
1716 4970 1801 5032 Ἐξ

190 5050 260 5101 ὧν
282 5050 350 5110 εἰς
399 5051 516 5111 οῐας
563 5048 952 5122 ἀπαραιτήτους
1011 5057 1100 5104 καὶ
1154 5055 1345 5124 πικρὰς
1399 5062 1656 5130 τιμωρίας
1710 5057 1798 5131 ἐμ-

265 5209 285 5243 ⁵
325 5209 527 5265 Matth.
557 5225 688 5277 XIII,
723 5209 811 5266 40.

1931 1873 2136 1914 verum
2168 1872 2306 1911 cum
2342 1855 2633 1911 voluntati
2671 1869 2794 1910 non
2824 1853 3184 1925 respondeat
3216 1852 3584 1924 possibilitas

1931 1945 2326 2010 autfacultas,
2355 1949 2410 1999 et
2457 1944 2750 2014 impetum
2807 1943 2999 1999 multa
3050 1942 3168 1998 sint
3217 1958 3355 2013 quas
3413 1943 3588 1998 inter-

1929 2039 2163 2107 ceptent
2201 2038 2378 2106 atque
2420 2033 2768 2104 reprimant,
2803 2032 2969 2102 quod
3023 2031 3272 2087 unicum
3318 2031 3464 2088 mihi
3496 2047 3587 2087 re-

1927 2124 2132 2180 lictum
2159 2128 2250 2180 est
2289 2127 2351 2178 ut
2381 2125 2663 2192 prtestare
2711 2120 2953 2192 possim,
2983 2120 3222 2192 scripto,
3264 2119 3430 2192 quod
3459 2119 3585 2191 pol-

1926 2213 2118 2270 licitus
2153 2228 2287 2268 sum
2315 2211 2392 2267 ab
2444 2209 2631 2276 initio,
2657 2209 3102 2266 admonitiones
3161 2208 3426 2264 conabor
3483 2209 3584 2265 de-

1925 2302 2167 2358 liueare.

1995 2393 2083 2446 27.
2123 2394 2304 2447 Deum
2330 2405 2462 2445 esse
2475 2389 2706 2444 sincero
2730 2387 2945 2444 affectu
2968 2385 3384 2444 adamandum
3402 2391 3581 2458 atque

1926 2479 2272 2546 colendum,
2287 2477 2656 2547 diligendum
2669 2475 2844 2533 nobis
2860 2490 3259 2544 congenerem
3272 2475 3582 2532 hominem

1925 2575 1980 2626 et
2009 2567 2515 2639 amplectendum,
2549 2566 2717 2639 quasi
2744 2565 2918 2622 insita
2939 2564 3222 2636 quaedam
3242 2563 3584 2622 hominibus

1925 2658 2186 2728 cognitio
2233 2657 2496 2730 suggerit
2529 2673 2542 2714 :
2588 2656 2734 2714 dum
2780 2660 2980 2713 autem
3011 2655 3289 2712 voluntas
3317 2671 3454 2712 cum
3487 2671 3585 2711 co-

1925 2749 2187 2818 gnitione
2241 2763 2362 2804 non
2407 2746 2732 2817 conspirat,
2765 2745 3105 2802 necessario
3143 2745 3365 2802 factum
3392 2749 3479 2799 est
3517 2749 3583 2800 ut

1924 2839 2131 2894 notitia
2151 2837 2252 2892 illa
2274 2835 2916 2906 communistanquam
2939 2834 3088 2905 legis
3111 2833 3411 2890 dictamen
3443 2833 3585 2892 scri-

1923 2932 2026 2999 pta
2066 2926 2417 2982 traderetur.
2435 2923 2807 2996 Porro,quod
2825 2923 2885 2978 in
2901 2926 3084 2980 Deum
3099 2923 3362 2979 sincerus
3391 2938 3578 2988 amor,

1923 3019 1981 3071 et
2011 3015 2242 3072 dilectio
2280 3014 2558 3086 proximi,
2591 3018 2647 3070 et
2680 3012 2780 3068 illa
2824 3011 3068 3084 quidem
3095 3011 3379 3084 perfecta,
3413 3017 3581 3067 caete-

1922 3120 2126 3160 rorum
2145 3103 2567 3159 mandatorum
2584 3103 2642 3158 in
2675 3117 2736 3157 se
2749 3100 3093 3156 contineant
3117 3099 3399 3163 actiones,
3419 3099 3580 3156 haud

1924 3199 2076 3252 certe
2117 3192 2430 3249 difﬁculter
2455 3208 2484 3246 e
2507 3207 2565 3248 re
2591 3191 2721 3260 ipsa
2764 3188 3008 3258 intelligi
3036 3188 3370 3260 potest.Sed
3401 3192 3457 3244 et
3476 3187 3577 3244 do-

1921 3287 2013 3336 cet
2059 3281 2172 3335 hoc
2217 3281 2462 3351 insuper
2506 3278 2755 3335 verbum
2802 3277 2947 3337 illud
2988 3276 3244 3343 Domini,
3279 3292 3401 3349 quo
3445 3291 3580 3334 cen-

1922 3371 2091 3428 sebat
2123 3387 2134 3424 :
2182 3370 2246 3426 In
2275 3370 2500 3426 duobus
2530 3369 2680 3425 hisce
2707 3367 3018 3437 praeceptis
3051 3371 3173 3423 tota
3206 3368 3306 3423 lex
3332 3381 3578 3435 suspen-

1920 3460 2090 3516 ditur
2119 3467 2170 3516 ει
2201 3460 2501 3530 map/tetu,I
2519 3460 2560 3511 ⁵.
2587 3456 2694 3523 Qui
2709 3457 2866 3514 enim
2881 3455 3149 3512 divinum
3171 3455 3284 3512 sibi
3303 3470 3572 3512 amorem

1922 3547 2328 3619 impectoravit
2355 3553 2411 3604 et
2445 3546 2699 3604 vicinum
2716 3543 2902 3615 diligit
2930 3543 3082 3600 sicut
3099 3544 3228 3615 ipse
3250 3547 3574 3615 se,patrem

1918 3636 2163 3709 quidem
2207 3642 2263 3694 et
2311 3641 2563 3692 matrem
2617 3633 3013 3690 excellentiori
3064 3633 3335 3705 quodam
3390 3633 3576 3690 modo

1919 3725 2364 3796 complectetur,
2421 3729 2476 3781 et
2531 3728 2665 3794 post
2731 3726 2916 3780 Deum
2975 3722 3279 3794 praecipuo
3346 3722 3574 3780 honore

1919 3819 2313 3886 prosequetur
2352 3830 2366 3879 ;
2413 3830 2449 3872 a
2480 3813 2775 3882 sanguine
2820 3827 3000 3882 porro
3033 3817 3089 3867 et
3141 3811 3404 3866 caedibus
3432 3826 3576 3866 con-

1919 3903 2383 3973 sanguineorum
2406 3917 2582 3971 puras
2600 3899 2713 3956 sibi
2737 3915 2953 3955 manus
2974 3899 3373 3962 conservabit,
3394 3901 3497 3954 sed
3520 3904 3576 3956 et

1918 3992 2182 4059 linguam
2217 4006 2394 4061 porro
2420 3997 2474 4046 et
2499 3987 2890 4058 cogitationes
2922 3987 3000 4043 ab
3052 3986 3350 4055 ejusmodi
3407 3987 3574 4042 omni

1916 4079 2308 4150 dispositione
2336 4077 2594 4134 mundas
2621 4065 2991 4138 :adhuc,nec
3005 4072 3298 4132 iurabitur
3315 4072 3417 4143 qui
3439 4073 3570 4130 talis

1915 4175 2022 4234 est,
2057 4183 2250 4239 neque
2281 4167 2440 4224 enim
2475 4180 2746 4237 unquam
2781 4163 2946 4220 illum
2963 4160 3573 4234 spoliasseinvenitur

1915 4257 2128 4329 aliquis
2147 4273 2326 4328 quem
2349 4254 2673 4324 diligit,cui
2704 4259 2906 4309 custos
2932 4251 3254 4323 apponitur
3282 4266 3296 4314 ;
3323 4249 3428 4304 sed
3461 4265 3570 4304 nec

1914 4346 2175 4402 alienum
2205 4345 2492 4416 irrumpet
2539 4341 2871 4402 thalamum
2900 4360 2915 4408 ;
2942 4355 3050 4396 nec
3077 4338 3295 4394 falsum
3343 4337 3572 4411 jurabit

1907 4436 2341 4506 juramentum,
2397 4433 2633 4492 nullum
2677 4431 2836 4488 dicet
2885 4430 3102 4486 falsum
3157 4427 3569 4484 testimonium

1911 4529 2113 4580 contra
2167 4523 2426 4580 vicinum
2499 4537 2698 4585 suum,
2757 4535 2953 4594 neque
3002 4517 3169 4574 dabit
3217 4517 3450 4574 initium
3479 4515 3571 4570 in-

1906 4614 2196 4684 juriarum
2250 4631 2262 4678 ;
2305 4628 2426 4668 non
2457 4611 2678 4683 pugnis
2711 4610 2956 4673 caedere,
2999 4623 3119 4662 non
3169 4619 3569 4676 conspurcare

1912 4702 2239 4758 maledictis
2261 4701 2641 4770 aggrediatur
2668 4716 2680 4762 ;
2714 4715 2832 4756 non
2853 4696 3160 4769 tyrannica
3186 4693 3569 4764 concupiscet

1912 4807 1982 4846 ea
2006 4807 2141 4862 quae
2172 4790 2466 4860 pertinent
2493 4788 2571 4844 ad
2601 4787 2867 4845 vicinum
2891 4783 3205 4849 suum.Qui
3228 4782 3389 4838 enim
3417 4779 3566 4852 quid

1913 4879 2250 4936 istiusmodi
2282 4877 2674 4939 attentaverit,
2697 4891 2816 4932 uno
2838 4880 2975 4930 actu
3004 4879 3322 4943 utrumque
3355 4870 3555 4935 violat,

1911 4985 2177 5026 amorem
2210 4982 2425 5038 nempe
2447 4967 2506 5020 in
2530 4967 2714 5022 Deum
2737 4970 2793 5020 et
2823 4961 3165 5026 Dominum,
3192 4965 3247 5018 et
3279 4975 3422 5030 erga
3460 4976 3553 5014 co-

1911 5065 2162 5131 gnatum
2189 5057 2298 5118 sibi
2329 5056 2608 5114 affectum
2641 5073 2655 5110 :
2687 5055 2848 5114 hunc
2884 5053 3048 5112 enim
3074 5052 3334 5110 adoritur
3362 5067 3432 5108 ex
3460 5050 3555 5106 in-

1818 5367 2040 5424 ΝΟΤίΕ.

261 5512 376 5582 ('27)
409 5512 473 5565 Ἦ
499 5516 764 5587 τύραννος.
797 5515 912 5587 A_ut
937 5514 1259 5587 delendum
1286 5517 1340 5580 ἡ,
1391 5522 1491 5574 aut
1544 5517 1865 5587 legendum

194 5589 340 5653 στής.
371 5600 491 5642 non
522 5582 659 5642 sunt
683 5582 980 5654 ἁσυνδέτως
1009 5586 1352 5662 copulandi.

1920 5528 2202 5594 τυραννεῖν,
2258 5525 2314 5576 et
2373 5536 2492 5576 non
2550 5523 2791 5595 τύραννος
2821 5539 2833 5552 ·
2864 5521 3084 5594 ubique
3135 5525 3384 5598 τύραννος
3433 5522 3546 5596 έρα·
