4090 6228
248 268 361 322 665

327 391 395 442 λ’.
434 392 500 442 Σύ
531 392 697 440 τοίνυν
759 387 1070 460 προσεύχου
1127 386 1218 458 μὲν
1270 383 1435 456 εύχάς
1481 379 1620 443 ἰδίας
1649 380 1871 436 διαπαν-
1901 383 1948 437 Α

253 483 344 539 τός
372 483 463 530 καὶ
488 478 604 530 καθ’
659 476 838 529 ἑαυτὸν
895 483 965 545 τῷ
1023 481 1158 544 Θεῷ.
1222 474 1533 547 Προσεύχου
1567 468 1626 525 δε
1650 477 1740 524 καὶ
1762 472 1872 544 ἅμα

253 578 328 639 τῷ
359 568 562 632 πλήθει,
595 571 685 617 καὶ
739 564 786 618 ἐν
828 573 900 636 τῷ
941 571 1139 639 φανερῷ
1171 585 1183 597 ·
1227 559 1299 615 δι’
1347 565 1603 638 ἑκατέρουν
1639 565 1726 634 μὲν
1766 565 1868 636 σγάρ

257 657 506 730 θεοφιλῶς
554 659 932 730 πραττομένου,
975 657 1034 706 τό
1102 655 1247 706 ὅσιον
1317 655 1457 705 ἔστιν
1529 648 1866 704 ἀποδιδόναι.

251 746 417 799 Ὅσον
477 742 536 798 δὲ
617 748 673 798 1'6
761 749 1008 818 πρότερον
1085 742 1152 804 εἰς
1233 743 1568 816 καθαρότητα
1635 739 1872 801 διανοίας

254 835 568 902 πλεονεκτεῖ,
623 841 874 886 τοσοῦτον
932 837 990 886 τό
1046 830 1284 907 δεύτερον
1366 831 1438 893 εἰς
1483 836 1711 904 μίμησιν
1749 835 1872 892 τοὺς

256 923 488 1000 ὁρῶντας
543 923 832 997 παρακαλεί
885 961 898 974 .
934 929 1034 976 Καὶ
1081 926 1140 975 τὸ
1201 925 1290 994 μεν
1338 921 1406 983 εἰς
1449 922 1634 975 οἰκεῖον
1689 917 1872 995 κέρδος

261 1014 494 1068 συντελεῖ
523 1036 534 1048 ·
561 1017 618 1066 1'6
651 1009 711 1066 δὲ
753 1018 845 1064 καὶ
894 1016 1009 1074 τούς
1053 1012 1240 1075 ἄλλους
1268 1009 1408 1065 οἶδεν
1456 1011 1659 1084 ὠφελεῖν
1684 1032 1698 1045 ·
1732 1011 1799 1061 ὧν
1835 1010 1866 1067 ἡ

260 1108 500 1178 σωτηρία
545 1107 636 1156 καὶ
677 1105 706 1162 η
753 1106 1019 1174 προκοπὴ,
1087 1101 1288 1175 μεγάλη
1337 1099 1492 1154 πάλιν
1541 1107 1637 1164 τῆς
1684 1098 1872 1176 ἀρετῆς

260 1191 376 1244 ἐστι
398 1199 490 1244 τοῦ
512 1193 770 1266 ἄρχοντος
796 1195 1082 1267 μαρτυρία.

329 1371 430 1426 λα’.
463 1374 632 1432 Num);
679 1369 759 1423 ἐπ’
785 1369 998 1442 ὀνόματι
1044 1377 1178 1423 Θεοῦ
1225 1374 1316 1422 καὶ
1368 1376 1468 1422 τῶν
1499 1367 1660 1421 αὑτοῦ
1708 1369 1869 1438 ἀγίων

259 1463 393 1512 κατά
441 1465 560 1521 τοὺς
613 1459 1081 1522 ἐκκλησιαστικοὺς
1166 1461 1388 1529 θεσμοὺς
1445 1454 1734 1531 οἰκοδόμει,
1779 1464 1868 1512 καὶ

258 1554 463 1612 τούτοις
489 1553 576 1602 τόν
605 1549 726 1602 λαὸν
785 1549 1232 1610 ἑκκλησιάξεσθαι
1279 1549 1420 1610 ἔθιζε
1450 1569 1462 1582 ·
1499 1549 1582 1600 ἵνα
1637 1557 1782 1621 κοινῇ
1810 1551 1868 1600 τὸ

259 1647 412 1693 Θεῖον
452 1639 806 1710 ἐξιλεούμενοι,
876 1644 966 1691 καὶ
1009 1641 1185 1696 κοινὴν
1234 1642 1322 1696 τὴν
1372 1633 1678 1708 δοξολογίαν
1701 1656 1869 1712 προσ-

261 1731 490 1801 άγοντες,
554 1729 625 1791 εἰς
702 1733 879 1786 κοινήν
956 1747 1010 1780 τε
1081 1727 1272 1790 μᾶλλον
1330 1728 1571 1798 ὁμόνοιαν
1625 1727 1869 1780 συνελαύ-
1899 1731 1941 1786 Β

263 1838 473 1882 νωνται,
523 1823 612 1870 καὶ
697 1821 874 1876 κοινὴν
953 1825 1253 1891 καρπῶνται
1327 1820 1422 1874 την
1469 1820 1732 1889 σωτηρίαν
1777 1822 1868 1871 καὶ

262 1908 525 1981 ὠφέλειαν.

326 1993 436 2067 λβ’.
471 1997 536 2048 Ai
567 1997 749 2048 θυσίαι
805 1997 897 2068 μὲν
946 2003 1043 2059 τῆς
1097 1997 1234 2068 ἱερᾶς
1281 1997 1430 2067 ἡμῶν
1473 1994 1712 2068 λατρείας
1757 2002 1868 2056 τοῖς

259 2086 482 2159 ἱερεῦσιν
558 2083 850 2137 ἀνάκεινται
895 2083 967 2145 οἷς
1041 2086 1309 2159 ὑπηρετῶν
1401 2086 1682 2158 προθύμως
1775 2089 1864 2136 καὶ

256 2177 587 2248 προσφέρων,
644 2173 837 2234 πολλῆς
879 2182 976 2234 τῆς
1030 2170 1124 2226 διὰ
1173 2176 1366 2225 τούτων
1421 2171 1734 2235 ἀπολαύσεις
1775 2181 1864 2228 καὶ

255 2262 551 2336 εὐεργεσίας
575 2268 664 2315 καὶ
688 2265 926 2335 χάριτος.
988 2266 1172 2315 Δύναιο
1218 2260 1270 2315 δ’
1321 2261 1381 2314 ἂν
1428 2267 1628 2326 καὶσὺ,
1672 2263 1860 2336 βουλη.

259 2352 380 2415 θεὶς,
410 2353 685 2404 κάλλιστον
731 2353 1094 2427 αὐτουργῆσαι
1139 2359 1253 2422 Θεῷ
1313 2354 1452 2423 θύμα
1476 2357 1565 2404 καὶ
1604 2352 1862 2428 ἐρασμιώ·

257 2460 432 2506 τατον,
482 2440 597 2513 βίον
627 2442 766 2512 αύτῷ
835 2441 1254 2515 καλλιερούμενος
1306 2443 1554 2514 καθαρόν,
1599 2449 1690 2496 xui
1745 2440 1862 2497 δια-

255 2534 406 2591 νοίας
436 2531 708 2605 ὀρθότητα.

326 2707 426 2778 λγ’.
459 2705 628 2771 Εἰδὼς
660 2706 719 2762 δε
743 2712 812 2772 ὡς
867 2709 1064 2782 μεγάλη
1113 2711 1247 2784 ῥοπὴ
1282 2712 1407 2781 πρὸς
1445 2714 1536 2768 τὴν
1565 2719 1666 2762 τῶν
1697 2711 1858 2764 ἄλλων

256 2793 544 2861 διοίκησιν,
597 2799 746 2871 ῥώμη
805 2804 896 2851 καὶ
947 2801 1117 2870 τάχος
1165 2795 1422 2866 διανοίας,
1474 2798 1612 2871 μηδὲ
1665 2804 1858 2863 ταύτης

257 2885 520 2958 ἀφίστασο
566 2896 662 2948 τῆς
728 2887 1036 2960 ἐπιμελείας.
1123 2889 1408 2959 Ἀγχίνουν
1478 2891 1568 2960 μὲν
1614 2893 1715 2964 γαρ
1765 2891 1859 2943 ούκ

256 2979 372 3028 ἔστι
395 2977 638 3046 γενέσθαι
669 2979 755 3028 τόν
784 2982 856 3048 μὴ
917 2981 1068 3049 φύσει
1124 2985 1276 3028 τοῦτο
1332 2983 1596 3049 πεφυκότα
1629 3000 1640 3011 ·
1675 2980 1854 3050 μελέτη

260 3062 320 3118 δὲ
367 3069 456 3117 καὶ
499 3068 821 3140 πραγμάτων
868 3074 1042 3140 πεῖρα,
1093 3071 1375 3141 πρόχειρον
1423 3069 1736 3138 ἐμποιοῦσαι
1765 3075 1858 3128 τὴν
1894 3094 1934 3152 C

252 3162 469 3226 γνῶσιν,
525 3154 769 3216 πολλάκις
817 3155 864 3206 ἐν
917 3155 1089 3216 αὐτοῖς
1142 3163 1251 3218 τοῖς
1351 3158 1522 3230 ἔργοις
1623 3158 1859 3233 ὀξύτερον

252 3240 455 3304 ἔδειξαν
535 3248 621 3296 τόν
691 3247 1184 3316 ἐγγεγυμνασμένον,
1237 3245 1266 3303 η
1332 3249 1454 3307 τούς
1511 3251 1709 3308 ταύτης
1764 3256 1860 3309 τῆς

255 3330 527 3404 δυνάμεως
579 3336 713 3385 κατά
764 3337 918 3405 φύσιν
1005 3339 1423 3405 μετεσχηκότας.
1472 3335 1544 3388 Δι’
1595 3337 1620 3388 6
1670 3341 1863 3408 φρόνη-

257 3441 340 3473 σιν
372 3421 550 3474 ἀσκεῖν
580 3428 835 3497 προσήκει
871 3420 964 3475 διά
1013 3421 1134 3495 βίου
1195 3445 1206 3456 ο
1240 3425 1370 3481 αὕτη
1433 3421 1491 3476 δὲ
1521 3430 1861 3499 παραγίνεται

252 3511 434 3583 μελέτη
487 3515 575 3581 μὲν
633 3518 721 3563 καὶ
797 3518 974 3585 μνήμη
1037 3512 1268 3584 πράξεων
1315 3513 1694 3587 πρεσϐυτέρων,
1749 3517 1863 3587 ὁμι-

252 3601 340 3670 λίᾳ
397 3596 456 3652 δε
508 3605 596 3652 καὶ
648 3607 903 3673 συνουσία
940 3610 1040 3653 τῶν
1091 3609 1365 3676 περιόντων
1440 3601 1640 3677 ανδρων
1693 3610 1863 3676 φρονί-

256 3709 388 3761 μων,
449 3694 538 3740 καὶ
583 3691 823 3762 ἐμπειρίᾳ
873 3688 930 3743 δὲ
977 3701 1073 3742 τῶν
1122 3694 1256 3742 κατά
1296 3696 1381 3742 τόν
1427 3691 1544 3763 βίον
1575 3697 1858 3766 πρακτέων.

261 3778 454 3850 Πρᾶξις
503 3783 604 3851 γὰρ
665 3785 888 3852 μιμήσει
952 3785 1040 3832 καὶ
1127 3779 1290 3852 βουλῇ
1360 3786 1448 3832 καὶ
1539 3778 1862 3854 διαχειρίσει

257 3869 446 3937 κράτος
472 3868 824 3934 συλλαϐοῦσα,
862 3878 955 3930 τῆς
1011 3871 1201 3921 ἄνωθεν
1231 3871 1397 3944 ῥοπῆς
1445 3869 1540 3922 ούκ
1593 3869 1862 3944 ἀντιπρατ-

258 3960 470 4024 τούσης,
505 3958 572 4019 εἰς
610 3964 869 4034 συμφέρον
893 3959 1034 4022 τέλος
1056 3958 1341 4013 ἀποϐαίνει.

324 4293 428 4351 λδ’.
463 4295 613 4356 Μηδὲ
642 4306 740 4350 τῶν
768 4304 885 4373 περὶ
929 4303 985 4351 τὸ
1043 4307 1194 4370 σῶμα
1245 4295 1304 4352 δὲ
1343 4302 1486 4371 ἡμῶν
1515 4304 1604 4352 καὶ
1643 4305 1858 4372 σχημά-

254 4405 355 4438 των
386 4393 471 4438 xui
537 4393 809 4453 κινήσεων,
864 4389 933 4450 ὡς
1000 4387 1228 4454 adnisi-1,
1287 4390 1534 4462 ὑπερόρα.
1606 4394 1705 4442 Καὶ
1755 4393 1856 4464 γὰρ

253 4481 346 4526 καὶ
398 4477 428 4534 ἡ
482 4475 529 4527 ἐν
597 4477 771 4538 αὐτοῖς
821 4476 1012 4551 ἀρίστη
1064 4477 1210 4538 τάξις
1258 4483 1348 4530 καὶ
1401 4481 1720 4539 κατάστασις
1763 4480 1856 4532 οὐκ
1891 4486 1934 4540 D

255 4563 536 4635 ἐλάχιστον
575 4569 724 4639 μέρος
781 4571 1074 4640 φρονήσεως
1132 4563 1304 4629 ἔδοξεν
1363 4565 1490 4619 εἶναι
1542 4589 1553 4600 '
1610 4574 1700 4620 xui
1758 4578 1854 4620 τῶν

257 4651 559 4727 ἀνθρώπων,
620 4656 732 4706 ὅσοι
800 4659 871 4726 μὴ
930 4651 1158 4707 συνιδεῖν
1217 4654 1346 4706 εἰσιν
1418 4653 1471 4707 ἐκ
1523 4663 1614 4708 τοῦ
1658 4658 1854 4731 ῥᾴστου

257 4738 420 4794 δεινοὶ
451 4747 541 4802 τὴς
571 4740 618 4794 ἐν
663 4750 724 4814 τῇ
774 4742 929 4815 ψυχῇ
993 4739 1212 4816 δύναμιν
1261 4748 1350 4794 καὶ
1388 4747 1446 4795 τό
1480 4743 1679 4805 κάλλος,
1713 4745 1856 4798 οὗτοι

254 4839 361 4892 τοῖς
412 4831 594 4892 ἔξωθεν
654 4833 880 4904 θεάμασι
949 4832 1329 4904 ξεναγούμενοι,
1418 4837 1507 4884 καὶ
1563 4841 1662 4884 τῶν
1725 4829 1854 4891 ἀδή-

252 4920 354 4972 λων
403 4919 619 4992 ἐρασταὶ
671 4927 759 4973 καὶ
831 4920 1092 4973 ἐπαινέται
1139 4923 1504 4977 καθίστανται.
1559 4924 1654 4974 Διά
1706 4930 1856 4974 τοῦτο

949 4832 1329 4904 ξεναγούμενοι,

255 5006 341 5063 δεῖ
367 5015 457 5062 καὶ
486 5017 770 5085 προσώπου
816 5007 1071 5077 διαθέσει,
1122 5016 1211 5063 καὶ
1252 5015 1420 5084 κόμης
1473 5010 1717 5077 ἀσκήσει,
1768 5018 1857 5064 καὶ

255 5097 500 5172 περιϐολῇ
552 5101 766 5160 ἐσθῆτος
804 5106 1024 5173 κόσμιον
1079 5102 1304 5173 ὁρᾶσθαι
1365 5105 1450 5153 xui
1487 5104 1691 5172 σεμνόν,
1725 5105 1857 5173 μήτε

254 5188 327 5250 εἰς
374 5192 431 5240 τό
489 5185 755 5259 βλακώδες
801 5195 892 5242 καὶ
976 5195 1243 5263 περίεργον
1309 5189 1658 5262 ἐκφερόμενον,
1727 5197 1858 5258 μήτε

257 5277 412 5328 πάλιν
457 5283 588 5350 πέρα
638 5286 729 5330 τοῦ
785 5284 994 5353 μετρίου
1056 5282 1185 5351 πρὸς
1247 5281 1305 5330 1'6
1358 5279 1673 5350 ἠμελημένον
1734 5281 1859 5330 καθο

255 5365 539 5437 ελκόμενον.
603 5366 868 5442 Ἑκάτερον
969 5372 1068 5442 γὰρ
1163 5367 1380 5440 ἀπρεπὲς
1467 5373 1556 5419 καὶ
1644 5368 1858 5421 εὐκατα-

969 5372 1068 5443 γάρ
1163 5367 1380 5440 ἀπρεπὲς

255 5459 529 5523 φρόνητον,
622 5462 711 5508 καὶ
791 5455 1026 5530 ἀρχικῆς
1089 5457 1346 5518 πολιτείας
1404 5455 1686 5530 ἀλλότριον.
1759 5463 1857 5511 Καὶ

258 5539 594 5615 βαδίσματος
655 5541 713 5597 δὲ
770 5551 950 5620 πρέπει
1004 5554 1077 5616 τῷ
1141 5548 1365 5622 ἄρχοντι
1425 5546 1656 5612 εὐταξία,
1723 5552 1856 5618 μήτε

1524 257 2036 315 EPISTOLARUM
2079 259 2293 316 LIBER
2332 261 2373 315 Ι.

3533 267 3639 332 666

2053 385 2142 439 30.
2173 387 2350 442 Orato
2380 386 2558 458 igitur
2579 386 2978 444 indesinenter
2999 389 3279 460 privatim
3307 394 3363 447 et
3395 393 3560 464 apud
3586 400 3638 450 te

1981 474 2166 530 Deum
2202 496 2212 527 :
2245 475 2412 531 sedet
2433 475 2636 548 palam
2657 481 2711 532 et
2735 493 2857 532 una
2886 493 3024 534 cum
3047 477 3424 536 multitudine
3445 487 3634 538 orato.

1981 563 2144 619 Certe
2158 579 2261 635 per
2284 569 2603 636 utrumque
2620 566 2832 622 orandi
2855 567 2992 623 mod
3005 583 3125 632 um,
3141 573 3205 623 ut
3223 567 3411 624 Deum
3427 585 3640 627 aman-

1981 656 2098 709 tem
2145 651 2331 718 decet,
2387 653 2774 710 observatum
2814 655 3201 713 sanctiﬁcatio
3257 657 3525 714 habetur.
3574 664 3639 716 1n

1979 745 2276 813 quantum
2309 756 2449 797 vero
2479 742 2644 814 prius
2675 742 2822 798 illud
2855 743 2931 799 ad
2961 741 3176 800 mentis
3209 750 3323 801 tuae
3359 747 3641 804 conducit

1980 829 2320 900 puritatem,
2341 827 2402 884 in
2419 832 2652 886 tantum
2667 830 2728 886 id
2747 831 2912 903 quod
2930 832 3174 903 ponitur
3195 834 3460 890 secundo
3481 834 3635 903 loco,

1978 917 2352 974 intuentesin
2378 918 2772 976 imitationem
2805 926 2996 977 vocat.
3028 921 3095 976 Et
3121 922 3372 995 alterum
3390 925 3637 996 quidem

1979 1006 2230 1078 privatis
2257 1007 2588 1064 commodis
2617 1009 2884 1075 inservit,
2924 1010 3178 1066 alterum
3212 1011 3459 1084 insuper
3496 1029 3637 1069 con-

1979 1095 2142 1151 ducit
2167 1100 2224 1152 et
2255 1096 2488 1155 alienis.
2521 1097 2762 1154 Illorum
2809 1113 2989 1170 porro
3038 1099 3199 1155 salus
3228 1106 3285 1156 et
3320 1101 3380 1156 in
3421 1101 3636 1159 virtute

1979 1200 2336 1256 progressus
2361 1185 2583 1243 illustre
2621 1186 2951 1244 admodum
2994 1188 3402 1246 testimonium
3433 1190 3636 1247 virtuti

1977 1273 2323 1346 imperantis
2353 1275 2648 1347 perhibet.

2048 1363 2136 1418 3t.
2169 1363 2414 1436 Templa
2444 1366 2564 1420 Deo
2595 1370 2650 1421 et
2679 1365 2903 1421 sanctis
2933 1366 3063 1436 ejus
3108 1367 3441 1424 secundum
3475 1369 3633 1441 leges

1978 1452 2210 1509 aediﬁca
2265 1453 2700 1510 ecclesiasticas
2735 1470 2749 1509 :
2785 1470 2856 1510 eo
2905 1454 3160 1527 populus
3200 1457 3518 1512 convenire
3568 1458 3630 1514 in

1979 1547 2168 1597 coetus
2197 1542 2601 1609 assuescat,in
2629 1558 2767 1598 eum
2797 1543 2979 1599 tinem
3006 1546 3504 1602 utcommunibus
3537 1563 3635 1602 vo-

1979 1630 2050 1686 tis
2078 1633 2265 1687 Deum
2279 1630 2607 1704 propitium
2633 1631 2937 1696 facientes,
2959 1637 3017 1688 et
3035 1634 3435 1690 communiter
3449 1635 3636 1692 doxo—

1977 1719 2199 1790 logiam
2231 1721 2284 1776 ei
2314 1719 2649 1786 offerentes,
2679 1721 2759 1778 ita
2789 1722 2984 1792 magis
3001 1738 3141 1778 cum
3162 1723 3222 1779 in
3244 1739 3632 1781 communem

1976 1809 2358 1867 concordiam
2372 1810 2729 1877 coalescant,
2744 1815 2798 1867 et
2817 1827 3202 1869 communem
3216 1812 3476 1871 referant
3494 1829 3633 1870 cum

1975 1899 2230 1956 salutem
2262 1903 2392 1954 tum
2422 1900 2602 1955 etiam
2629 1899 2784 1956 alias
2811 1900 3120 1958 utilitates.

2046 1992 2135 2045 32.
2163 1987 2468 2044 Sacriﬁcia
2497 1995 2730 2044 sacrata
2773 1994 2986 2044 nostrae
3024 1989 3331 2060 religionis
3359 1995 3634 2062 spectant

1977 2077 2055 2133 ad
2073 2077 2438 2133 sacerdotes:
2457 2076 2680 2148 quibus
2695 2077 2742 2132 si
2757 2077 3011 2135 libenter
3033 2084 3084 2134 te
3113 2081 3629 2147 accommodabis,

1973 2171 2031 2222 et
2059 2165 2392 2222 oblationes
2422 2170 2558 2222 tuas
2587 2165 2844 2231 dederis,
2876 2171 2933 2222 et
2956 2165 3434 2224 benevolentiam
3465 2184 3537 2224 ex
3566 2185 3632 2226 eo

1972 2254 2152 2320 facto,
2184 2258 2241 2310 et
2269 2252 2446 2309 simul
2467 2253 2720 2324 gratiam
2749 2254 2888 2310 inde
2921 2270 3044 2310 non
3086 2254 3395 2324 vulgarem
3424 2273 3628 2330 repor-

1974 2341 2145 2398 tabis.
2179 2342 2398 2398 Poteris
2423 2346 2646 2410 autem,
2679 2341 2862 2398 modo
2907 2343 3148 2398 animus
3191 2343 3368 2409 adsit,
3423 2351 3480 2401 et
3510 2349 3630 2406 tute

1971 2447 2078 2503 per
2097 2436 2148 2487 te
2177 2431 2645 2502 pulcherrimum
2678 2431 2797 2487 Deo
2829 2430 3042 2487 offerre
3073 2431 3433 2489 sacriﬁcium
3461 2439 3517 2490 et
3532 2435 3632 2491 de-

1969 2519 2261 2589 lectabile,
2294 2519 2341 2575 si
2373 2519 2551 2576 vitam
2583 2519 2699 2592 ipsi
2729 2535 2947 2592 puram
3000 2525 3057 2576 et
3096 2521 3365 2578 animum
3397 2527 3630 2580 rectum

1973 2609 2220 2682 pulchre
2251 2608 2558 2666 obtuleris.

2040 2703 2130 2756 33.
2149 2698 2236 2754 Ad
2255 2698 2336 2754 rei
2362 2714 2504 2754 vero
2551 2698 2730 2754 totius
2750 2697 3007 2770 publicae
3047 2699 3632 2758 administrationem

1967 2805 2106 2844 cum
2129 2787 2425 2857 intelligas
2443 2786 2768 2859 plurimum
2785 2787 3050 2842 conferre
3067 2789 3277 2844 mentis
3308 2789 3629 2847 valentiam

1967 2884 2024 2934 et
2053 2877 2271 2950 agilem
2302 2877 2734 2942 dexteritatem,
2769 2877 2889 2930 noli
2921 2893 3128 2932 curam
3159 2878 3314 2934 hanc
3339 2879 3506 2935 obire
3525 2896 3630 2936 ne-

1967 2967 2312 3038 gligentius.
2357 2969 2419 3021 Et
2450 2970 2605 3020 certe
2649 2965 3025 3036 prudentiam
3051 2966 3111 3021 in
3168 2969 3474 3038 procinctu
3506 2986 3628 3026 non

1968 3055 2213 3111 habebit
2241 3054 2334 3110 ille
2365 3055 2467 3127 qui
2501 3069 2622 3109 non
2655 3060 2741 3109 est
2768 3071 2802 3109 a
2847 3060 3062 3109 natura
3089 3055 3167 3111 ad
3197 3055 3357 3110 illam
3383 3073 3632 3129 compa-

1969 3153 2152 3202 ratus.
2190 3143 2482 3200 Meditatio
2498 3143 2725 3213 sedula,
2744 3144 3220 3215 experientiaque
3248 3160 3470 3214 rerum,
3495 3162 3628 3218 quae

1969 3234 2370 3303 cognitionem
2384 3232 2460 3288 ad
2476 3248 2720 3288 manum
2735 3231 3268 3304 suppeditant,non
3282 3249 3417 3289 raro
3433 3236 3628 3291 virum

1972 3340 2085 3379 usu
2104 3322 2480 3378 exercitatum
2513 3321 2736 3376 faciunt
2763 3321 2950 3377 multo
2973 3321 3205 3377 acutius
3234 3323 3292 3377 in
3321 3323 3629 3395 procinctu

1970 3411 2171 3468 videre
2197 3427 2382 3484 quam
2400 3411 2546 3466 alios
2563 3409 2786 3482 quibus
2806 3409 3210 3467 anaturahaec
3227 3411 3479 3468 facultas
3492 3428 3630 3469 con-

1972 3517 2138 3558 cessa
2168 3507 2274 3556 est.
2307 3500 2595 3567 Quocirca
2648 3498 3083 3571 providentiam
3138 3503 3307 3556 decet
3355 3517 3626 3558 exercere

1973 3607 2078 3663 per
2101 3596 2287 3646 totum
2312 3591 2490 3646 totius
2510 3590 2644 3644 vitae
2659 3605 2922 3644 cursum.
2941 3589 3277 3661 Acquiritur
3304 3590 3403 3646 illa
3424 3597 3624 3648 autem

1971 3679 2118 3734 dum
2151 3678 2470 3734 recolimus
2487 3683 2542 3733 et
2573 3679 2936 3733 meditamur
2963 3695 3054 3733 res
3073 3679 3212 3734 olim
3238 3685 3459 3750 gestas,
3483 3681 3626 3736 dum

1973 3782 2364 3836 congressum
2398 3766 2752 3822 atlcctamur
2803 3773 2860 3821 et
2905 3767 3258 3823 familiarem
3291 3785 3626 3825 sermonem

1972 3856 2360 3927 prudentium
2386 3855 2577 3910 invita
2593 3856 3023 3920 exsistentium,
3045 3856 3190 3911 dum
3214 3872 3413 3912 rerum
3437 3859 3631 3928 quoti-

1971 3944 2217 4000 dianam
2247 3943 2667 4016 experientiam
2682 3942 3219 4011 colligimus.Actio
3247 3945 3629 4016 enimacqui-

1970 4034 2043 4089 rit
2072 4034 2226 4089 vires
2243 4033 2774 4106 perimitationem,
2791 4030 3108 4088 consilium
3123 4034 3598 4104 etoperationem
3611 4075 3625 4101 ,

1969 4129 2149 4196 atque
2180 4123 2260 4178 ita
2300 4121 2500 4178 divino
2544 4136 2666 4176 non
2706 4119 3062 4178 adversante
3088 4121 3309 4178 auxilio
3353 4122 3414 4178 in
3442 4123 3627 4178 tinem

1970 4211 2362 4268 commodum
2385 4210 2687 4266 conducit.

2040 4304 2126 4357 34.
2156 4299 2452 4362 Habitum,
2483 4299 2764 4370 ﬁguram,
2793 4303 3024 4356 motum
3055 4301 3322 4372 corporis
3354 4299 3475 4357 noli
3503 4306 3627 4356 tan-

1968 4407 2151 4464 quam
2176 4390 2311 4446 vilia
2349 4395 2750 4446 contemnere.
2785 4389 2945 4446 Ordo
2977 4391 3136 4446 enim
3167 4389 3231 4446 in
3263 4390 3374 4446 illis
3405 4391 3506 4462 qui
3539 4395 3627 4447 est

1967 4480 2231 4552 optimus
2262 4481 2635 4545 observatus,
2668 4483 2726 4535 et
2774 4479 3084 4551 dispositio
3137 4480 3444 4552 praeclara,
3505 4495 3626 4535 non

1967 4570 2221 4626 minima
2250 4569 2482 4624 videtur
2510 4584 2639 4624 esse
2670 4567 2997 4639 prudentiae
3028 4569 3237 4639 portio.
3294 4569 3379 4623 Illi
3423 4573 3622 4624 autem

1965 4660 2189 4731 quibus
2216 4674 2338 4714 non
2364 4662 2455 4713 est
2477 4657 2812 4728 positumin
2829 4656 3075 4728 proclivi
3097 4656 3234 4722 vim,
3260 4655 3621 4724 facultatem,

1967 4747 2472 4820 pulchritudinem
2493 4747 2553 4801 in
2575 4745 2778 4801 animo
2805 4745 3249 4801 delitescentem
3275 4745 3512 4812 intueri,
3541 4747 3624 4804 fa-

1967 4837 2074 4893 cile
2105 4837 2402 4892 ducuntur
2431 4835 2689 4890 externis
2718 4833 3089 4906 spectaculis,
3126 4838 3180 4890 et
3209 4850 3408 4890 rerum
3436 4835 3625 4892 oculis

1969 4941 2089 4982 non
2107 4925 2514 4995 subjectarum
2531 4921 2745 4979 exinde
2765 4925 3063 4978 amatores
3079 4923 3377 4980 exsistunt
3399 4929 3454 4981 et
3474 4941 3625 4998 prae-

1967 5031 2170 5072 cones.
2205 5014 2345 5070 Ideo
2376 5011 2718 5068 decetvultu
2741 5011 2895 5067 bene
2917 5011 3226 5082 disposito,
3247 5029 3421 5070 coma
3451 5029 3624 5070 exor-

1967 5109 2126 5171 nata,
2163 5103 2376 5158 vestitu
2408 5106 2464 5156 et
2501 5101 2726 5158 amictu
2751 5100 3100 5171 gravitatem
3131 5117 3256 5174 prae
3287 5119 3348 5157 se
3378 5102 3526 5159 ferre
3565 5107 3623 5160 et

1967 5192 2274 5249 decorem:
2301 5205 2423 5246 non
2441 5189 2513 5246 ad
2531 5188 2836 5246 mollitiem
2847 5188 2942 5245 vel
2963 5189 3366 5247 curiositatem
3381 5191 3622 5247 deviare

1967 5296 2078 5338 nec
2103 5281 2455 5352 ultraquam
2473 5282 2681 5354 parest
2703 5280 2778 5335 ad
2808 5277 3148 5348 neglectum
3177 5279 3500 5336 transferri.
3521 5283 3622 5335 De-

1966 5370 2138 5427 decet
2163 5369 2322 5426 enim
2356 5372 2676 5442 utrumque
2705 5372 2760 5426 et
2790 5375 3202 5440 contemptum
3238 5370 3405 5440 parit,
3439 5375 3493 5424 et
3518 5368 3621 5424 ab-

1965 5459 2166 5516 horret
2194 5456 2532 5530 aprincipis
2563 5455 2666 5513 viri
2695 5457 2922 5513 ratione
2953 5461 3008 5514 et
3039 5461 3213 5514 statu.
3247 5457 3360 5513 Sed
3377 5463 3432 5513 et
3463 5457 3620 5530 prin-

1970 5547 2161 5620 cipem
2191 5545 2360 5604 decet
2391 5544 2664 5602 incessus
2694 5545 2846 5603 bene
2881 5547 3251 5618 compositus
3285 5563 3299 5603 :
3333 5562 3476 5603 nam
3509 5561 3617 5602 nec
