4090 6228
417 123 440 142 κ

437 268 542 328 667

1661 265 1902 324 PHOTII
1939 267 2424 326 PATHIARCHE
2461 268 2571 325 (ΣΡ.

3695 267 3808 324 668

439 398 667 458 moveri
696 396 871 455 debet
900 396 1192 454 dissoluto
1218 400 1275 454 et
1310 396 1590 454 muliebri
1645 401 1832 462 motu,
1891 411 2088 468 neque

2213 395 2269 458 ri;
2305 398 2364 448 τὸ
2422 395 2742 469 θηλυπρεπες
2815 399 2906 448 καὶ
2971 393 3179 450 ἔκλυτον
3241 394 3653 470 ἂσχημονοὺντι
3717 399 3813 452 τήν

440 505 648 546 rursus
671 489 996 544 novitatem
1027 487 1302 544 affectare
1333 505 1437 561 per
1461 491 1815 556 confertum,
1859 493 2088 562 pertur-

441 577 987 650 batum.disparem
1009 577 1365 646 ingressum,
1381 582 1582 636 omnis
1609 585 1810 636 autem
1831 579 2090 652 corporis

441 667 625 723 motio
653 666 858 722 ordine
879 667 1124 722 omnino
1155 666 1527 739 disponatur.

514 758 600 812 35.
625 755 903 813 Cavenda
942 761 1029 810 est
1055 761 1110 811 et
1138 757 1196 811 in
1230 773 1504 814 sermone
1531 758 1839 815 velocitas.
1863 761 1963 814 Est
1988 773 2092 813 au-

443 847 562 902 tem
600 844 698 901 illa
727 845 968 900 forsitan
1021 844 1272 916 alicujus
1310 863 1453 902 usus
1499 848 1559 903 in
1610 847 1994 903 contentiosis
2035 850 2094 903 et

444 933 688 988 cristicis
719 932 1158 1002 congressibus,
1189 951 1296 991 nec
1339 937 1531 992 virum
1557 936 1804 992 dedecet
1848 951 2092 1004 genero-

445 1038 578 1076 sum
606 1039 618 1077 :
645 1021 746 1076 sed
779 1022 954 1078 stulta
975 1027 1061 1078 est
1087 1029 1142 1079 et
1168 1025 1522 1096 periculosa,
1553 1025 1824 1082 adhibita
1855 1027 1902 1081 si
1934 1026 2005 1082 sit
2031 1027 2091 1082 in

441 1111 752 1183 colloquiis
776 1111 1162 1168 familiaribus
1188 1132 1200 1168 :
1227 1114 1286 1168 in
1319 1115 1617 1171 mandatis
1645 1115 1882 1180 dandis,
1905 1114 2093 1187 politi-

440 1200 522 1260 cis
547 1201 859 1272 praesertim
891 1205 946 1256 et
975 1217 1099 1257 rem
1127 1204 1529 1273 spectantibus
1555 1221 1960 1272 communem,
1987 1205 2092 1260 hu-

439 1279 596 1348 m’ilis
627 1294 714 1344 est
743 1294 798 1344 et
827 1290 1047 1345 nullius
1077 1293 1266 1362 pretii.
1317 1295 1670 1349 Exaccurate
1697 1294 1914 1356 dicere,
1951 1293 2094 1348 cele-

441 1378 581 1434 riter
609 1379 890 1450 perﬁcere
921 1379 1172 1445 actibus,
1204 1382 1604 1452 sermonibus,
1639 1383 1920 1447 motibus,
1955 1398 2092 1437 cum

440 1468 654 1524 decore
695 1468 936 1534 versari,
985 1469 1195 1525 divinas
1245 1471 1419 1525 sortis
1462 1471 1629 1527 illum
1676 1489 1804 1528 esse
1855 1477 1911 1527 et
1945 1471 2095 1527 ultra

440 1572 826 1612 communem
857 1559 1168 1629 arguitqui
1200 1559 1279 1613 ita
1307 1567 1692 1632 comparatus
1732 1566 1836 1616 est.
1872 1563 2092 1616 Verum

441 1645 921 1701 raroadmodum
937 1653 992 1701 et
1023 1647 1337 1702 difficulter
1376 1650 1664 1718 contingit
1693 1656 1750 1705 ut
1775 1649 2094 1705 simulomo

2197 491 2422 556 κίνησιν,
2471 489 2603 557 μήτε
2653 489 2756 558 μὴν
2810 484 2876 545 εἰς
2955 488 3014 537 τὸ
3063 484 3250 560 ἀθρόον
3297 491 3385 538 καὶ
3429 488 3814 557 τεταραγμένον

2199 580 2287 627 καὶ
2337 574 2600 646 ἀνώμαλον
2674 577 2867 632 ταύτην
2926 573 3339 650 ἕκνεωτερίζοντι
3402 595 3419 611 ο
3501 580 3593 626 καὶ
3659 574 3814 642 ὅλως,

2199 671 2344 716 πᾶσα
2373 669 2576 724 κίνησις
2599 663 2741 726 τάξει
2772 667 3096 735 κοσμείσθω.

2269 753 2354 806 λε.
2412 761 2495 806 Δεῖ
2535 749 2594 806 δι
2643 757 2734 804 xui
2775 757 2834 804 τὸ
2883 752 2929 804 ίν
2997 753 3172 824 λόγοις
3224 755 3392 825 τάχος
3447 751 3810 806 εὐλαϐεῖσθαι.

2199 842 2509 914 Ταχυλογία
2543 845 2666 916 γὰρ,
2723 841 2770 893 ἄν
2816 845 2906 913 μεν
2954 841 3328 914 ἁγωνιστικαῖς
3397 839 3665 904 διαλέξεσι
3723 846 3814 894 καὶ

2201 932 2456 1004 ἁμίλλαις,
2507 931 2601 983 οὐκ
2644 931 3089 1004 εὐκαταφρόνητον
3120 935 3267 997 ῖσως,
3318 928 3442 984 οὐδε
3495 930 3667 1003 ὰγενές
3702 949 3717 962 ο
3763 929 3814 982 ἐν

2203 1019 2509 1096 δημηγορίᾳ
2539 1017 2618 1089 δε,
2671 1019 2884 1078 ἀνόητον
2928 1027 3018 1073 xui
3064 1021 3361 1094 ἐπισφαλές.
3411 1018 3561 1074 Ἐνδὲ
3585 1022 3816 1094 προστάο

2200 1131 2391 1184 γμασι,
2445 1115 2534 1162 xui
2563 1109 2795 1180 μάλιστα
2820 1116 2929 1174 τοῖς
2979 1111 3281 1179 πολιτικοῖς,
3333 1115 3421 1164 xui
3452 1118 3647 1170 κοινοῖς
3677 1109 3816 1162 sdu-

2201 1200 2280 1262 λὶς
2319 1207 2407 1252 xui
2437 1204 2691 1254 ταπεινόν.
2723 1198 3101 1274 Ἐντελέστερον
3167 1196 3217 1252 δ’
3273 1199 3448 1264 εἰπεῖν,
3489 1202 3734 1270 ταχύτης
3768 1202 3818 1250 ἑν

2202 1290 2386 1363 πράξει
2429 1295 2518 1340 καὶ
2565 1288 2734 1358 λόγοις
2778 1294 2868 1340 καὶ
2925 1293 3202 1359 κινήμασι,
3249 1293 3343 1340 σὺν
3391 1289 3622 1359 εὐταξίᾳ,
3675 1290 3818 1340 θεῖον

2204 1385 2293 1451 μέν
2350 1398 2464 1430 τινα
2515 1383 2602 1430 καὶ
2649 1380 2882 1450 ὑπερφυῆ
2933 1376 3206 1449 ἀποφαίνει
3261 1382 3348 1430 τὸν
3399 1380 3616 1449 ἔχοντα.
3674 1379 3820 1429 Σπά-

2202 1488 2307 1520 νιον
2340 1465 2417 1532 δε,
2449 1474 2536 1519 καὶ
2587 1468 2844 1519 συνελθεῖν
2902 1468 3014 1538 οἶμα
3064 1469 3234 1518 πάντα
3290 1467 3682 1538 χαλεπώτατον.
3743 1469 3820 1519 Τὸ

2206 1553 2265 1610 δι
2295 1557 2342 1608 έν
2373 1560 2576 1618 τούτοις
2635 1558 2926 1628 σύμμετρον
2979 1558 3072 1607 σὺν
3121 1556 3349 1628 εὐταξίᾳ,
3407 1562 3590 1627 σεμνὸν
3641 1561 3822 1608 τεκαὶ

2206 1646 2542 1717 ἁξιάγαστον,
2619 1664 2708 1696 και
2761 1649 2952 1716 μεστὸν
3016 1649 3174 1715 ὄγκου
3252 1652 3341 1698 καὶ
3408 1649 3504 1698 σύν
3547 1644 3819 1717 εὐλαϐείᾳ,

441 1736 543 1796 nia
572 1737 632 1790 in
659 1750 843 1790 unum
868 1737 1210 1806 conspirent
1241 1758 1252 1790 :
1283 1738 1616 1794 moderatio
1641 1745 1870 1805 ornata,
1903 1739 2096 1808 gravi-

2213 1737 2436 1788 ποθεινὸν
2494 1735 2718 1806 ὁρᾶσθαι
2761 1735 3172 1806 παρασκευάζει,
3231 1740 3319 1786 καὶ
3384 1735 3570 1809 ἄρχειν
3632 1737 3821 1794 ἕπει-η-

442 1827 534 1880 tas
563 1825 696 1879 visu
717 1824 920 1894 digna,
963 1840 1100 1879 cum
1148 1825 1412 1896 pondere
1443 1827 1710 1899 quodam
1734 1832 1790 1883 et
1819 1830 2094 1884 cautione

441 1914 780 1984 conjuncta,
823 1930 892 1969 ea
904 1915 1305 1986 possidentem
1320 1916 1714 1988 conspicuum
1727 1934 1864 1974 cum
1883 1919 2096 1990 jucun-

442 2003 622 2059 ditate
646 2002 934 2074 quadam,
958 2007 1304 2059 etornatum
1328 2006 1521 2061 reddit
1545 2006 1619 2061 ad
1644 2006 2090 2079 imperandum.

398 2165 400 2168 ν
441 2095 518 2157 et,
552 2091 598 2147 si
618 2091 764 2164 quid
781 2091 994 2162 vulgus
1017 2092 1180 2164 quod
1197 2093 1495 2164 optimum
1518 2101 1791 2152 censetur
1811 2097 2094 2152 adamare

439 2185 640 2254 queat,
673 2180 978 2253 placitum.
1001 2181 1352 2239 Volubilitas
1381 2200 1518 2240 vero
1543 2184 1670 2241 sine
1699 2185 1818 2240 ulla
1840 2186 2094 2257 disposi-

437 2270 597 2328 tione
619 2270 928 2326 velordine
944 2270 1236 2326 furiosum
1259 2272 1552 2344 quiddam
1572 2273 1919 2330 etinsanum
1937 2274 2094 2330 vide-

438 2363 536 2416 tur
553 2378 566 2413 :
583 2360 800 2431 saepius
817 2359 1100 2414 aberrata
1121 2366 1302 2424 recto,
1317 2361 1548 2416 etiamsi
1572 2361 1900 2434 aliquando
1919 2363 2094 2435 prod-

439 2463 571 2504 esse
595 2447 813 2521 poterit
841 2447 1243 2504 vehementer.
1277 2449 1546 2506 Tarditas
1577 2466 1716 2506 cum
1745 2451 2096 2508 confusione

439 2538 685 2593 stultum
702 2537 870 2608 quid,
886 2536 1124 2592 imbelle
1143 2557 1155 2592 :
1175 2537 1455 2594 aberrare
1473 2539 1703 2595 videtur
1719 2540 2091 2613 plerumque,

2207 1822 2483 1898 δειότερον,
2521 1827 2660 1896 εἰπερ
2703 1829 2793 1875 καὶ
2848 1823 2896 1874 ἐν
2969 1829 3074 1883 τοῖς
3143 1823 3378 1896 ἀρίστοις
3443 1827 3556 1876 ἔστι
3627 1843 3680 1876 τι
3741 1832 3822 1894 τῷ

2203 1914 2390 1972 πλήθει
2423 1912 2824 1986 ἐρασμιώτερον.
2877 1913 3124 1984 Ταχύτης
3195 1909 3253 1965 δὲ
3307 1917 3401 1965 σὺν
3455 1912 3670 1985 ἀταξίᾳ,
3727 1915 3824 1986 ἔμ-

3653 2002 3822 2055 ἐνίοτε

2204 2091 2424 2164 μεγάλα,
2465 2095 2554 2143 καὶ
2605 2090 2827 2163 σφάλλον
2917 2092 2987 2152 ὡς
3062 2093 3130 2144 τὰ
3196 2091 3359 2143 πολλά
3438 2091 3823 2164 παραπλήσια.

2202 2181 2259 2238 Ἢ
2316 2179 2375 2234 δε
2429 2184 2522 2233 σὺν
2572 2179 2761 2252 ἀταξίᾳ
2816 2177 3114 2252 βραδύτης,
3172 2182 3365 2255 νωθρὸν
3443 2186 3534 2233 xui
3585 2181 3823 2250 ἠλίθιον,

2204 2277 2294 2324 xui
2371 2270 2592 2341 σφάλλον
2666 2274 2755 2341 μεν
2831 2268 2988 2322 ἐνίοτε
3061 2276 3149 2322 καὶ
3223 2269 3441 2342 μεγάλα,
3519 2274 3825 2344 κατορθοῦν

2203 2002 2426 2061 πληκτον
2501 2007 2586 2053 καὶ
2680 2005 2916 2072 μανικὸν,
2994 2007 3085 2053 xui
3157 1997 3548 2076 παραδιορθοῡν

2207 2357 2266 2413 δι
2319 2359 2598 2431 ἐλάχιστα,
2652 2363 2737 2410 xui
2808 2367 2974 2411 ταῦτα
3042 2359 3153 2412 λίαν
3247 2361 3482 2422 ταπεινὰ,
3537 2365 3629 2412 καὶ
3681 2365 3825 2434 πρὸς

2205 2453 2298 2511 τὰς
2349 2449 2529 2509 λοιπὰς
2575 2449 2767 2502 ἐκείνου
2817 2449 3023 2523 πράξεις
3098 2453 3248 2521 μόνον
3323 2451 3825 2522 παραμετρούμενα,

2209 2541 2616 2613 κατορθώματα.

446 2632 501 2682 et
529 2625 774 2698 quidem
819 2626 877 2680 in
921 2627 1169 2695 magnis,
1211 2625 1345 2682 licet
1381 2628 1681 2684 interdum
1724 2629 1948 2702 aliquid
1991 2629 2259 2702 perﬁciat
2289 2629 2440 2684 boni
2485 2646 2497 2684 :
2529 2628 2633 2684 sed
2664 2627 2806 2683 illud
2840 2632 3016 2684 tenue
3062 2633 3118 2684 et
3149 2627 3368 2684 nullius
3399 2627 3597 2700 pretii,
3627 2627 3829 2700 quod-

445 2731 563 2789 que
593 2729 712 2769 non
739 2714 906 2770 aliter
931 2713 1228 2770 habeatur
1265 2715 1516 2788 bonum,
1549 2734 1736 2790 quam
1759 2718 2039 2775 collatum
2069 2719 2146 2775 ab
2173 2723 2415 2775 crateras
2453 2719 2584 2787 ejus
2609 2718 2892 2773 actiones.

519 2804 766 2861 36.Risu
815 2802 1133 2874 disrumpi,
1184 2817 1323 2858 cum
1372 2804 1744 2862 deformitate
1787 2806 1988 2862 vultus
2044 2812 2096 2862 et

2281 2805 2385 2871 λς’.
2438 2810 2507 2859 Τὸ
2553 2811 2681 2880 πρὸς
2755 2805 2982 2877 γέλωτας
3036 2803 3481 2881 διαθρύπτεσθαι,
3537 2809 3670 2878 μετὰ
3727 2813 3828 2858 τοῦ

446 2909 683 2950 morum
706 2891 1013 2956 dedecore,
1045 2894 1450 2952 constantiam
1481 2899 1536 2952 et
1574 2895 1927 2965 gravitatem
1968 2911 2104 2952 con-

448 2985 691 3042 tumelia
716 2988 916 3046 afﬁcit.

516 3077 605 3130 3‘7.
640 3079 927 3134 immunis
957 3079 1030 3135 sit
1056 3095 1194 3135 cum
1213 3078 1451 3135 auditus
1473 3079 1599 3132 tum
1639 3076 1820 3133 etiam
1839 3076 2045 3146 lingua
2068 3092 2104 3132 a

445 3164 826 3238 turpiloquio.
860 3169 1244 3242 Quaecunque
1267 3184 1405 3225 cum
1437 3165 1882 3238 voluptatequis
1897 3166 2104 3222 audire

447 3256 637 3323 gestit,
666 3255 762 3312 illa
793 3258 1004 3314 eadem
1037 3258 1202 3316 effari
1233 3273 1353 3314 non
1386 3255 1611 3330 pudeﬁt
1646 3273 1658 3323 ;
1691 3260 1748 3311 et
1784 3272 1913 3328 quae
1964 3255 2100 3328 quis

447 3343 642 3400 dicere
672 3362 793 3403 non
825 3347 1136 3414 erubescit,
1181 3351 1336 3403 certe
1389 3361 1498 3401 nec
1551 3345 1861 3400 erubescet
1891 3361 2102 3417 perpe-

449 3437 622 3500 trare,
640 3435 812 3505 cujus
827 3436 1004 3492 reiita
1032 3434 1822 3492 ediditdemonstrationem.
1845 3433 2102 3488 Omnino

450 3536 665 3577 caveas
691 3538 766 3578 ne
785 3523 992 3593 lingua
1017 3523 1377 3596 prolabaris,
1408 3537 1567 3593 saepe
1583 3522 1742 3577 enim
1767 3521 1857 3576 vel
1875 3522 2102 3578 levissi-

450 3626 550 3666 mo
572 3627 844 3667 sermone
874 3612 1067 3685 lapsa,
1098 3612 1310 3682 ingens
1341 3610 1535 3666 intulit
1570 3611 2017 3677 detrimentum,
2045 3614 2102 3667 et

449 3704 608 3755 certo
633 3699 707 3756 de
733 3701 927 3773 capite
959 3700 1284 3774 periclitata
1315 3703 1423 3765 est,
1443 3699 1706 3772 jecitque
1729 3699 1947 3756 aleam.

520 3789 607 3844 38.
631 3791 816 3846 Aures
837 3791 1036 3862 praebe
1059 3789 1296 3863 patulas
1328 3788 1547 3860 injuria
1585 3787 1832 3855 affectis,
1862 3788 2098 3846 clausas

450 3885 654 3936 contra
667 3880 742 3936 ad
760 3879 1144 3937 afticientium
1158 3879 1213 3936 in
1217 3879 1238 3951 j
1249 3878 1683 3936 urialenocinia
1695 3877 2100 3951 etprobabiles

449 3968 847 4028 inductiones.

528 4059 808 4115 39.Labia
829 4057 1204 4115 accusatoria
1223 4060 1278 4115 et
1293 4057 1725 4131 sycophantica
1741 4071 2093 4128 aspernere:

448 4161 591 4204 nam
623 4164 742 4204 non
765 4164 901 4204 raro
937 4153 992 4204 et
1017 4147 1232 4205 liberos
1273 4147 1466 4204 furere
1497 4147 1553 4200 in
1587 4153 1886 4218 parentes,
1913 4151 1967 4202 et
1999 4162 2098 4216 pa-
2130 4169 2174 4222 ι)
2209 4147 2428 4216 στρέφου
2466 4160 2478 4172 ·

448 4243 643 4293 rentes
673 4237 734 4293 in
758 4238 996 4302 liberos,
1026 4238 1379 4307 adegerunt,
1422 4235 1557 4291 vitae
1596 4235 1832 4291 vincula
1875 4239 1932 4290 et
1961 4251 2096 4290 con-

2213 4238 2429 4307 πατέρας
2459 4231 2664 4304 ἐξέμηνε
2701 4236 2835 4284 κατά
2887 4230 3114 4301 παίδων,
3163 4239 3251 4285 καὶ
3307 4232 3422 4305 βίον
3474 4235 3669 4304 ἔσχισε
3721 4252 3824 4284 συ-

448 4327 735 4382 nexiones
765 4325 1170 4398 disruperunt,
1193 4329 1249 4381 et
1276 4325 1336 4380 in
1374 4341 1434 4379 se
1463 4324 1718 4379 invicem
1745 4325 2098 4393 consangui-

447 4430 594 4471 neos
623 4415 972 4472 excitarunt.
1016 4413 1165 4480 Quid
1196 4419 1393 4469 autem
1425 4411 1525 4468 illa
1556 4413 1788 4468 minora
1840 4428 2099 4468 comme-

449 4523 620 4563 moro
638 4506 665 4562 ?
679 4504 770 4561 vel
801 4503 979 4560 unica
1009 4503 1395 4576 sycophantae
1412 4517 1524 4557 vox
1538 4501 1800 4557 civitates
1819 4501 2100 4560 etdomos

447 4595 706 4667 integras
727 4593 1011 4651 subvertit
1029 4607 1207 4664 saepe.

519 4688 605 4743 40.
649 4689 727 4742 Ne
776 4685 857 4740 sis
911 4685 971 4739 in
1024 4680 1286 4740 amicitia
1334 4679 1597 4737 ineunda
1647 4679 2098 4749 velox;initam

447 4787 589 4827 vero
606 4773 770 4829 omni
791 4773 974 4830 modo
993 4788 1149 4828 nexu
1165 4786 1455 4828 conserva
1476 4768 2096 4836 indissolubili,totum

449 4857 575 4913 inte
599 4861 858 4930 proximi
879 4863 1154 4919 derivans
1176 4859 1470 4926 onus,nisi
1504 4859 1654 4915 forte
1674 4875 1810 4916 cum
1835 4861 2098 4933 periculo

450 4951 567 5002 tua:
599 4948 816 5004 animae
837 4951 1140 5022 jungatur.
1176 4950 1509 5006 Certamina
1530 4954 1583 5004 et
1612 4949 1923 5006 discordiae
1949 4951 2099 5005 inter

450 5035 678 5091 amicos
703 5036 761 5090 in
775 5043 1184 5110 contemptum
1207 5038 1516 5094 adducunt
1535 5039 1876 5093 universum
1905 5038 2099 5094 homi-

448 5139 594 5180 num
627 5125 989 5195 propositum
1011 5131 1066 5182 et
1097 5127 1552 5198 dispositionem
1574 5144 1586 5182 :
1607 5143 1716 5184 nec
1748 5126 1937 5199 culpae
1967 5132 2096 5182 tan-

450 5217 578 5268 tum
604 5212 862 5280 obnoxii,
888 5215 991 5269 sed
1009 5220 1067 5271 et
1087 5215 1212 5272 sine
1235 5216 1410 5290 culpa
1438 5215 1540 5290 qui
1567 5220 1724 5283 sunt,
1743 5216 1800 5271 in
1820 5216 2095 5272 eamdem

449 5300 846 5372 suspicionem
866 5302 1200 5358 trahuntur.
1215 5305 1454 5362 Illorum
1482 5305 1674 5361 fruere
1705 5305 1966 5361 amicitia
1993 5305 2096 5377 qui

450 5403 588 5446 cum
621 5387 754 5444 aliis
793 5390 918 5444 sine
971 5389 1108 5446 fuco
1152 5391 1450 5449 sinceram
1499 5409 1737 5466 semper
1773 5393 2095 5450 amicitiam

447 5477 855 5536 custodierunt
884 5494 896 5543 ;
929 5479 1154 5549 quinec
1175 5481 1570 5538 oculoinvido
1602 5482 1792 5538 intuiti
1828 5485 1964 5538 sunt
1992 5483 2096 5540 ﬂo-

449 5571 665 5638 rentes,
695 5581 804 5622 nec
836 5567 1062 5640 positos
1096 5567 1154 5622 in
1187 5567 1451 5624 adversis
1481 5570 1888 5640 neglexerunt.
1915 5572 2095 5629 Exsti-

2214 2894 2536 2968 ἀσχημονεῖν
2591 2901 2684 2954 τὴν
2739 2900 2962 2968 μορφὴν,
3015 2901 3104 2948 xui
3184 2903 3278 2948 τοῦ
3341 2897 3504 2956 ἤθους
3553 2894 3694 2947 ἐστὶν
3743 2895 3827 2958 ἕξ-

2211 2983 2442 3057 υϐριζιίν
2473 2989 2566 3044 τὴν
2594 2985 2918 3037 εὐστάθειαν.

2280 3073 2377 3134 λζ’·
2447 3073 2993 3148 Αἰσχρορῥημοσύνης
3047 3070 3106 3127 δε
3152 3076 3330 3135 πάσης
3391 3079 3481 3126 καὶ
3541 3072 3669 3131 ἀκοὴ
3723 3079 3824 3125 καὶ

2209 3161 2427 3234 γλῶσσα
2469 3165 2820 3238 καθαρευίτω.
2873 3170 2930 3216 ‘A
2988 3167 3078 3235 μεν
3120 3165 3223 3237 γάρ
3266 3182 3341 3223 τις
3427 3161 3626 3214 ἁκούων
3687 3159 3824 3222 ἣδε.

2209 3271 2318 3320 ται,
2371 3259 2537 3306 ταῦτα
2583 3258 2672 3304 καὶ
2699 3252 2861 3323 λέγειν
2892 3252 2985 3306 ούκ
3033 3252 3365 3325 αἰσχύνεται,
3418 3254 3494 3304 ὅτι
3517 3258 3606 3304 καὶ
3656 3254 3827 3326 πράτο

2209 3361 2312 3393 τειν
2363 3341 2457 3393 ούκ
2509 3341 2953 3413 αἰσχυνθήσεται,
3013 3342 3243 3414 μεγάλην
3291 3346 3558 3416 παρέσχεν
3602 3339 3824 3394 ἀποδει-

2210 3429 2307 3492 ξιν.
2365 3431 2437 3483 Δι’
2482 3429 2598 3482 ῶ.ου
2651 3429 2729 3496 δὲ,
2775 3430 3021 3502 γλώσσης
3073 3431 3342 3503 φυλάσσου
3397 3430 3821 3504 παρολισθῆσαι.

2206 3523 2426 3591 Ῥηματι
2497 3522 2598 3593 γὰρ
2676 3518 3002 3592 βραχυτάτῳ
3089 3520 3331 3580 πολλάκις
3428 3519 3819 3591 ὑποσφαλεῖσα,

2208 3608 2439 3679 μεγάλην
2493 3612 2674 3680 ἤνεγκε
2718 3609 2932 3681 ζημίαν,
2988 3609 3177 3670 αὐτοὺς
3220 3613 3336 3670 τοὺς
3405 3614 3526 3682 περὶ
3574 3616 3669 3660 τοῦ
3722 3608 3822 3680 ζῇν

2208 3699 2470 3768 ἐσχάτους
2498 3695 2834 3771 ἀναῤῥίψασα
2863 3697 3072 3760 κύϐους.

2277 3787 2378 3845 λη’.
2439 3785 2576 3858 "Ex:
2626 3789 2690 3838 τὰ
2735 3785 2843 3839 ὦτα
2898 3795 3001 3848 τοῖς
3072 3791 3162 3860 μεν
3220 3784 3588 3859 ἀδικουμένοις
3666 3788 3825 3856 ἠνεῳ-

2205 3880 2388 3948 γμένα,
2442 3880 2566 3948 πρὸς
2617 3872 2675 3928 δε
2722 3879 2814 3938 τὰς
2866 3885 2964 3928 τῶν
3032 3873 3352 3930 ἀδικούντων
3397 3877 3678 3949 ἐπαγωγὰς
3730 3881 3822 3926 καὶ

2205 3965 2572 4036 πιθανολογίας
2613 3965 3068 4038 ἀποκεκλεισμένα.

2274 4053 2373 4106 λΘ’.
2435 4054 2589 4111 Χείλη
2651 4051 2708 4106 δὲ
2762 4060 3054 4126 κατήγορα,
3126 4061 3215 4106 καί
3291 4058 3640 4126 συκοφαντίας
3692 4053 3824 4105 ἀπο-

2527 4143 2773 4205 πολλάκις
2829 4147 2927 4216 γὰρ
2995 4141 3195 4206 παῖδας
3238 4147 3373 4195 κατὰ
3419 4148 3677 4216 πατέρων,
3729 4163 3822 4194 και

2211 4325 2393 4393 ζυγίας
2469 4329 2557 4374 xui
2635 4329 2898 4393 συγγενεῖς
2973 4321 3293 4379 ἐπανίστησι
3367 4327 3481 4374 κατ’
3563 4322 3822 4379 ausim.

2209 4417 2308 4463 Kui
2370 4415 2412 4463 τί
2473 4411 2638 4482 λέγω;
2687 4411 2858 4472 πόλεις
2913 4412 3029 4472 ὅλας
3081 4418 3170 4466 xui
3221 4413 3391 4474 οἰκίας
3433 4412 3680 4485 ἀνέτρεψε
3724 4417 3824 4484 μία

2206 4505 2341 4572 φωνὴ
2392 4502 2738 4572 συκοφάντου.

2276 4678 2347 4749 μ’.
2377 4681 2462 4735 Μὴ
2505 4680 2670 4748 ταχὺς
2697 4675 2837 4749 ᾖσθα
2870 4678 3130 4748 ζευγνύειν
3189 4679 3260 4738 είς
3300 4679 3472 4750 φιλίαν
3503 4697 3515 4709 ⁸
3561 4680 3823 4742 συζεύξας

2207 4765 2285 4833 δὲ,
2318 4772 2471 4822 παντὶ
2503 4772 2674 4840 τρόπῳ
2719 4771 2805 4820 τὸν
2864 4765 3057 4840 δεσμὸν
3112 4768 3294 4821 ἄλυτον
3347 4773 3614 4842 ωντήρει,
3676 4773 3817 4823 ἅπαν

2207 4865 2295 4910 τοῦ
2348 4857 2568 4915 πλησίον
2621 4855 2820 4928 ἀνέχων
2876 4862 2930 4909 τὸ
2981 4857 3164 4932 βάρος,
3212 4858 3342 4916 πλὴν
3404 4861 3445 4911 εὶ
3494 4865 3655 4931 μήπω
3717 4861 3818 4930 ψυ-

2205 4955 2312 5019 χῆς
2363 4943 2602 4998 κίνδυνον
2673 4948 2854 5018 ἐπάγει
2899 4969 2911 4980 ·
2986 4950 3040 4998 αἱ
3087 4950 3188 5020 γὰρ
3249 4952 3376 5022 πρὸς
3456 4953 3578 5011 τούς
3637 4949 3816 5022 φᾶους

2210 5033 2518 5098 διαστάσεις
2559 5040 2650 5093 τήν
2699 5037 2825 5095 ’ὃλην
2900 5041 3202 5110 προαίρεσιν
3278 5037 3656 5109 ἑκφαυλίζουσι
3713 5049 3816 5091 τῶν

2209 5122 2507 5200 ἀνθρώπων,
2551 5130 2638 5177 καὶ
2688 5126 2746 5177 ού
2790 5129 2877 5177 τὸν
2933 5127 3169 5178 ὑπαίτιον
3213 5130 3385 5198 μόνον,
3419 5126 3550 5178 ἀλλὰ
3582 5135 3672 5180 xui
3727 5132 3814 5180 τὸν

2207 5213 2435 5266 ἀναίτιον
2467 5214 2533 5273 εἰς
2565 5218 2659 5270 τὴν
2707 5214 2870 5273 αὐτὴν
2922 5215 3166 5266 ὑπόνοιαν
3218 5223 3585 5269 κατασπῶσιν.
3643 5219 3815 5271 Ἐκείο

2205 5322 2311 5364 νοις
2343 5298 2400 5354 δι
2446 5306 2686 5376 κέχρησο
2744 5304 2910 5377 φίλοις
2955 5303 3003 5356 οἳ
3047 5306 3178 5378 πρὸς
3222 5304 3424 5380 ἐτέρους
3449 5309 3588 5358 κατὰ
3641 5311 3813 5361 πάντα

2205 5395 2386 5462 καιρὸν
2415 5388 2602 5444 ἄδολον
2649 5389 2973 5445 διεσώσαντο
3034 5401 3125 5452 τῆν
3172 5393 3364 5465 φιλίαν,
3412 5401 3502 5446 καὶ
3550 5401 3686 5468 μήτε
3735 5397 3814 5450 εὖ·

2205 5490 2469 5558 πραγοῦσι
2513 5481 2805 5556 βασκανίας
2835 5481 3076 5535 ἐπέϐαλον
3123 5481 3403 5554 ὀφθαλμὸν,
3431 5490 3565 5556 μήτε
3617 5486 3814 5558 ἠμελη-

2211 5591 2306 5625 σαν
2337 5568 2803 5647 δυσπραγοῦντων.
2837 5572 3021 5628 Πολλοὶ
3063 5576 3165 5652 γὰρ
3197 5581 3366 5635 κακῶς
3413 5577 3504 5648 μὶν
3549 5577 3812 5652 πράττον-
