4090 6228
198 325 324 382 669
1493 322 1807 381 ΕΡΙΞΤΟΙΑ

1919 321 1942 380 Ι
1950 323 2003 379 Μ
2046 323 2258 381 LIBER
2301 323 2343 380 Ι.
3253 359 3256 362 ~
3485 323 3592 383 670

199 471 293 504 σιν
321 450 679 526 ἐπεκούρησάν
708 471 762 506 τε
791 457 880 506 καὶ
921 456 1258 528 συνήργησαν
1293 459 1403 515 τοῖς
1435 451 1624 525 φίλοις,
1659 451 1714 504 εὗ
1758 447 1793 504 δ
1797 454 1807 504 i

1932 453 2051 508 tere
2075 449 2246 506 multi
2301 452 2404 524 qui
2440 452 2703 511 tulerunt
2747 469 2928 526 opem
2977 453 3207 512 afﬂictis
3239 458 3296 511 et
3323 453 3593 512 auxiliati

199 546 516 615 φερομένων,
550 543 675 612 όρᾴν
730 543 823 596 οὐκ
862 547 1082 614 ἤνεγκαν
1112 547 1202 602 τὴν
1253 543 1549 616 εὐημερίαν·
1603 546 1692 594 καὶ
1731 542 1821 602 ούς

199 631 305 683 οὐκ
354 631 535 702 ἡλεγξε
590 635 772 704 καιρὸς
827 635 1175 706 συμπαθείας,
1221 635 1438 694 τούτους
1485 631 1720 705 έφώρασε
1763 635 1820 684 τό

199 723 378 783 πάθος
404 729 495 775 τοῦ
539 725 745 795 φθόνου.
804 729 920 778 κτῶ
961 729 1130 778 τοίνυν
1179 724 1381 798 φίλους,
1440 727 1511 796 μὴ
1547 727 1669 784 τοὺς
1694 724 1823 796 φαύο

195 810 350 876 λους,
389 810 516 864 ἀλλὰ
565 816 683 874 τοὺς
731 812 999 886 ἀρίστους.
1057 814 1148 866 Ἐκ
1193 816 1295 888 γὰρ
1347 821 1448 866 τῶν
1502 812 1820 885 φιλουμένων

197 903 272 962 ὡς
321 904 387 954 τά
433 901 594 954 πολλὰ
648 907 878 976 κρίνεται
923 906 987 956 τά
1044 906 1147 962 ἤθη
1198 911 1297 956 τῶν
1346 903 1521 976 φίλων·
1585 905 1675 954 καὶ
1728 897 1823 954 διὰ

198 991 300 1060 μεν
353 998 452 1042 τῶν
505 987 811 1044 σπουδαίων
861 992 1053 1065 ῥᾷστον
1124 992 1186 1044 ἄν
1245 1010 1346 1057 τις,
1395 994 1485 1042 καὶ
1535 1008 1821 1062 παρασφαο

195 1076 310 1138 λεὶς
342 1078 381 1143 ι’,
433 1077 778 1150 ἑπαναχθείηο
823 1082 872 1132 οἱ
919 1081 1104 1152 φαῦλοι
1133 1077 1193 1134 δε
1245 1086 1336 1133 καὶ
1386 1085 1473 1138 τὴν
1511 1085 1821 1152 προσοῦσαν

201 1165 552 1238 λυμαίνονται
600 1168 1006 1240 καλοκαγαθία-δ’
1066 1175 1156 1224 καὶ
1204 1172 1253 1222 οἱ
1310 1172 1401 1241 μεν
1449 1175 1539 1222 καὶ
1601 1172 1660 1222 τὸ
1718 1168 1822 1221 λεῖ-

198 1275 306 1310 πον
349 1256 420 1319 εἰς
463 1255 672 1331 ἀρετὴν,
730 1255 802 1310 δι’
853 1259 1044 1311 ἑαυτῶν
1083 1257 1511 1330 ἓπιτειχίζοντες,
1560 1257 1819 1320 ἀνελλιπὲς

199 1347 486 1417 φαίνεσθαι
533 1354 792 1400 ποιοῦσιν·
831 1349 861 1406 ἠ
905 1345 965 1400 δὲ
1018 1352 1150 1421 πρὸς
1199 1352 1315 1409 τοὺς
1369 1348 1589 1421 φαύλους
1643 1347 1818 1420 ἐπιμι-

201 1435 316 1499 ξία,
370 1441 460 1488 καὶ
517 1440 638 1508 ὅπερ
693 1435 832 1489 ἔστὶν
891 1436 1170 1490 ὑπόλοιπον
1223 1437 1425 1511 ἀρετῆς,
1477 1439 1624 1490 νόθον
1685 1436 1814 1490 ἀπο-

199 1529 394 1596 φαίνει.
441 1529 525 1583 Μὴ
573 1525 721 1586 ζήτει
769 1523 828 1579 δε
883 1529 1025 1600 παρὰ
1076 1526 1232 1600 φίλων
1287 1526 1488 1580 ἀκούειν
1540 1529 1606 1579 τὰ
1659 1522 1813 1590 ἡδέα,

203 1612 337 1666 ἆλλά
407 1616 475 1666 τὰ
527 1613 692 1673 ἀληθῆ
743 1615 952 1687 μᾶλλονο
1008 1616 1052 1668 εἰ
1092 1619 1193 1690 γὰρ
1251 1615 1467 1688 έχθροῖς
1524 1619 1634 1687 μὶν,
1695 1611 1814 1667 οὐδ’

201 1701 544 1770 ἀληθεύουσι,
593 1709 926 1771 πιστευτέον,
985 1706 1147 1778 φίλοις
1197 1702 1255 1758 δὲ
1315 1702 1554 1781 διέφθορε
1603 1708 1668 1757 τὰ
1724 1713 1816 1766 τῆς

1933 543 2072 596 sunt
2101 539 2331 606 amicis,
2364 545 2425 597 at
2449 541 2784 599 felicitatem
2803 543 2861 599 in
2883 545 3187 616 prosperis
3211 559 3420 599 eorum
3441 544 3592 598 ferre

1930 629 2248 702 nequivere
2280 645 2467 703 :quos
2499 633 2846 705 neutiquam
2869 633 3170 706 redarguit
3197 632 3400 690 oblata
3431 647 3591 687 com-

1930 719 2249 776 miserandi
2281 721 2540 785 occasio,
2568 720 2702 776 illos
2736 722 2981 778 affectus
3007 721 3249 778 invidite
3282 720 3484 794 palam
3514 719 3594 775 fe-

1930 807 2025 864 cit.
2055 808 2218 868 Habe
2247 825 2388 880 ergo
2423 809 2526 866 tibi
2547 811 2775 867 amicos
2800 827 2919 867 non
2949 811 3140 867 malos
3165 810 3270 866 sed
3301 811 3587 882 optimos.

1932 897 2093 953 Certe
2118 899 2222 969 qui
2247 898 2310 954 in
2338 899 2563 956 amicos
2588 899 2908 969 eliguntur,
2937 915 3128 955 mores
3171 905 3227 954 et
3255 899 3593 970 dispositio-

1929 1001 2037 1041 nes
2074 987 2391 1058 propalant
2415 987 2578 1059 ipsos
2609 989 2975 1058 eligentium.
3019 989 3126 1044 Per
3153 988 3372 1060 probos
3403 993 3458 1042 et
3486 987 3592 1042 ho.

1930 1081 2151 1144 nestos,
2182 1076 2231 1132 si
2256 1076 2395 1149 quis
2418 1077 2478 1134 in
2518 1077 2722 1150 aliquo
2750 1077 2959 1150 lapsus
2987 1078 3079 1144 sit,
3111 1077 3288 1134 tacite
3317 1078 3376 1132 in
3407 1075 3590 1132 amis-

1931 1179 2066 1222 sum
2091 1164 2290 1221 locum
2315 1166 2930 1239 reducetur:improbi
2955 1166 3276 1224 bonitatem
3309 1181 3432 1238 qua
3452 1165 3590 1236 quis

1931 1253 2217 1324 praeditus
2244 1258 2330 1311 est
2355 1254 2818 1327 depopulantur.
2853 1256 3050 1322 Probi,
3084 1256 3132 1311 si
3160 1255 3306 1326 quid
3339 1253 3491 1309 desit
3514 1253 3590 1310 de

1929 1343 2160 1399 virtutis
2196 1361 2499 1412 mensura,
2523 1361 2554 1401 e
2585 1362 2694 1400 suo
2711 1361 2869 1418 penu
2900 1344 3257 1417 supplendo,
3291 1343 3583 1400 defectum

1929 1432 2141 1490 tollunt
2171 1439 2225 1489 et
2254 1435 2584 1490 resarciunt
2613 1451 2624 1490 :
2653 1435 2757 1490 sed
2788 1451 2925 1490 cum
2959 1433 3244 1506 improbis
3270 1447 3592 1488 conversa-

1927 1523 2026 1587 tio,
2059 1523 2353 1596 quidquid
2376 1524 2517 1580 boni
2539 1525 2609 1580 sit
2642 1524 2960 1597 reliquum,
2985 1524 3248 1579 declarat
3271 1539 3396 1578 esse
3419 1521 3592 1580 adu].

1925 1617 2139 1669 terum.
2171 1613 2297 1668 Noli
2318 1613 2396 1669 ab
2418 1613 2628 1669 amicis
2650 1614 2900 1670 libenter
2917 1630 2987 1672 ea
3011 1630 3148 1686 quas
3176 1613 3464 1668 delectent
3483 1627 3590 1667 au~

1925 1701 2066 1766 dire,
2091 1701 2288 1773 potius
2334 1707 2530 1760 autem
2574 1719 2713 1759 cum
2763 1705 3005 1760 veritate
3053 1703 3302 1774 juncta:
3340 1702 3387 1756 si
3429 1702 3585 1756 enim

202 1791 468 1857 ἀληθείας,
509 1797 686 1846 καὶτὸ
727 1792 834 1853 ἡδὺ
883 1795 1044 1866 λέγειν
1098 1796 1322 1856 ζητοῦσι
1371 1794 1618 1859 κάκεῖνοι,
1658 1797 1807 1848 πόθεν

1925 1789 2182 1848 inimicis
2229 1807 2306 1847 ne
2335 1807 2543 1848 verum
2582 1793 2823 1866 quidem
2866 1792 3203 1848 dicentibus
3241 1790 3390 1848 ﬁdes
3421 1790 3590 1846 adhi-

203 1885 337 1955 ἡμῖν
393 1881 679 1954 ἀλλαχόθεν
736 1886 766 1942 ἡ
834 1891 926 1946 τῆς
980 1882 1219 1946 ἀληθείας
1266 1887 1438 1938 ἔσοιτο
1503 1894 1530 1931 α
1592 1893 1806 1957 γνῶσις,

202 1975 298 2023 καὶ
331 1973 360 2030 ἡ
399 1969 684 2044 ἔπιστροφὴ
727 1973 862 2045 (28),
895 1980 994 2025 τῶν
1035 1973 1064 2018 h
1104 1973 1199 2026 οὐκ
1231 1973 1432 2046 εύαγῶς
1474 1973 1630 2027 ένίοτε
1682 1974 1808 2048 παρ’

203 2063 357 2131 ἡμῶν
423 2061 704 2134 λεγομένων
766 2066 796 2122 ᾖ
873 2067 1235 2136 πραττομένων
1265 2065 1324 2130 ¹;
1399 2066 1495 2117 Λιὸ
1563 2068 1809 2136 μέγιστον

204 2152 344 2222 ἡγοῦ
397 2151 569 2222 φίλους
620 2152 851 2204 κολάκων
911 2149 1192 2228 διαφέρειν.
1250 2157 1316 2208 Oi
1367 2156 1458 2227 μὲν
1512 2157 1616 2226 γὰρ
1672 2156 1809 2206 κατὰ

202 2245 488 2307 πρόσωπον
517 2242 858 2310 ἐπαινοῦντες,
893 2246 951 2295 σέ
1000 2263 1052 2296 τε
1103 2252 1222 2311 τῶν,
1257 2248 1320 2305 ὡς
1365 2244 1515 2305 εἰκὸς,
1575 2244 1808 2319 ἁμαρτα-

203 2334 427 2402 νομένων
505 2333 854 2390 συναίσθησιν
923 2331 1094 2386 λαϐεῖν
1159 2332 1252 2385 ούκ
1310 2333 1454 2400 ἐῶσι,
1512 2339 1602 2387 καὶ
1643 2335 1806 2406 μείζω

202 2426 374 2471 ταῦτα
427 2422 556 2493 πρὸς
582 2424 698 2482 τούς
723 2421 909 2484 ἄλλους
949 2431 1066 2483 ταῖς
1114 2419 1390 2485 διαϐολαῖς
1441 2422 1802 2476 ἀποτελούσιψ

206 2510 256 2560 οἱ
314 2505 373 2561 δε
416 2515 504 2562 καὶ
550 2513 626 2574 σε,
699 2519 769 2581 τῷ
814 2509 907 2564 διὰ
957 2511 1123 2584 φιλίας
1175 2511 1393 2584 ἐλέγχω,
1457 2510 1686 2566 συνιδεῖν
1747 2517 1806 2566 τό

208 2602 572 2670 παρανομηθὲν
638 2601 826 2672 μᾶλλον
891 2598 1212 2672 δυναμοῦσι,
1269 2604 1364 2654 κοίν
1425 2623 1477 2656 τι
1524 2600 1616 2675 δέη
1678 2607 1805 2678 πρὸς

205 2692 325 2748 τούς
390 2689 484 2750 ἔξω
539 2689 721 2760 λέγειν,
809 2689 916 2743 ἀντὶ
980 2696 1304 2766 κατηγορίας
1380 2691 1660 2764 ἀπολογίαν
1716 2701 1805 2744 τοῦ

207 2779 540 2849 πραχθέντος
592 2778 1017 2851 ἐκμηχανώνται.
1089 2780 1250 2833 ’Ὁσον
1298 2777 1386 2833 οὖν
1437 2790 1529 2834 τοῦ
1581 2781 1663 2834 ἐπὶ
1710 2802 1808 2834 κα-

207 2872 324 2918 κίαν
380 2873 688 2940 προκόπτειν
753 2873 812 2921 τὸ
869 2869 1054 2942 ἀρετὴν
1111 2869 1287 2922 ἀσκεῖν
1368 2867 1660 2943 δεινήνοχε,
1717 2878 1806 2925 καὶ

207 2963 300 3008 τοῦ
341 2953 718 3011 διαϐάλλεσθαι
761 2957 808 3010 ἐν
843 2967 952 3020 τοῖς
1001 2958 1316 3032 ἀρχομένοις
1356 2963 1414 3012 τό
1444 2963 1536 3022 τὰς
1563 2957 1808 3024 διαϐολὰς

209 3041 460 3112 διαλύειν,
515 3056 763 3101 τοσοῦτον
817 3046 900 3102 δεῖ
949 3052 1093 3124 παρά
1145 3055 1229 3103 σοὶ
1277 3054 1397 3112 τοὺς
1450 3051 1623 3114 εὔνους
1657 3051 1806 3105 πλέον

206 3137 350 3206 ἒχειν
379 3144 478 3188 τῶν
500 3137 750 3192 κολάκων.

277 3473 387 3545 μα’.
429 3480 538 3526 Τῶν
587 3473 914 3550 ἀπορρήτων,
977 3475 1010 3527 ἃ
1053 3480 1142 3548 μὲν
1190 3481 1282 3536 τὴν
1329 3481 1426 3536 σὴν
1480 3476 1664 3551 ἀρετὴν
1713 3478 1805 3530 αύ-

208 3560 366 3629 ξάνει,
412 3569 637 3618 κοινώνει
687 3572 797 3626 τοῖς
846 3565 1030 3636 φίλους·
1065 3566 1098 3618 ἂ
1129 3563 1187 3619 δὲ
1235 3571 1327 3625 τὴν
1374 3573 1586 3640 γνώμην
1627 3567 1804 3640 φαυλί-

208 3651 306 3718 ζει,
340 3652 463 3724 μήτ’
512 3652 663 3713 αὐτὸς
687 3657 968 3727 μετέρχου,
1010 3659 1140 3726 μήτε
1191 3662 1294 3717 τοῖς
1334 3656 1495 3728 φίλοις
1550 3656 1799 3710 ἀνατίθει.

207 3741 424 3814 ἄριστον
475 3744 567 3814 μεν
637 3744 736 3813 γὰρ
819 3751 972 3795 τούτο
1026 3749 1114 3796 καὶ
1169 3750 1338 3819 χωρὶς
1392 3750 1562 3808 αἰτίας
1612 3746 1797 3818 ἑτέρας·

206 3829 345 3888 Πλὴν
372 3849 432 3901 γε
474 3826 564 3896 δὴ,
615 3837 704 3884 καὶ
736 3831 807 3892 εἰς
853 3837 1024 3906 κόρον,
1060 3834 1144 3885 οἷα
1173 3833 1336 3888 πολλά
1377 3837 1440 3887 τὰ
1483 3834 1799 3907 ἀνθρώπινα,

203 3926 294 3971 τοῦ
353 3919 564 3994 φίλτρου
617 3925 912 3994 τραπέντος,
960 3921 1151 3996 μᾶλλον
1203 3929 1294 3984 τῆς
1348 3928 1694 3997 παραινέσεως
1743 3929 1800 3978 1'6

201 4014 466 4081 χρήσιμον
523 4011 831 4082 καθορᾶται·
890 4015 948 4064 τό
1003 4015 1092 4083 μὲν
1144 4014 1244 4086 γάρ
1294 4013 1482 4085 φαῦλον
1536 4022 1634 4064 τῶν
1674 4034 1803 4087 κρν-

203 4103 349 4169 φίων,
384 4103 500 4152 τότε
525 4098 755 4164 μάλιστα
799 4103 920 4162 τοὺς
968 4101 1254 4173 λογισμούς
1298 4109 1389 4153 τοῦ
1424 4109 1803 4173 συνεγνωκότος

201 4188 493 4260 ύποτρέχον
523 4193 612 4240 καὶ
670 4186 1032 4260 διακυμαῖνον,
1073 4192 1250 4242 θᾶττόν
1300 4211 1370 4259 τε,
1424 4197 1513 4244 καὶ
1568 4197 1662 4245 σὺν
1710 4193 1800 4244 ού·-

203 4273 309 4329 δενὶ
359 4280 514 4348 ὄκνῳ,
572 4287 666 4340 τῆς
716 4277 924 4349 ἀγάπης
977 4277 1288 4344 ἀποστήσει,
1339 4286 1426 4332 καὶ
1494 4286 1620 4356 πρός
1695 4280 1802 4333 ἐπι-

203 4371 425 4438 στροφὴν
479 4363 608 4419 ἰδεῖν
661 4366 754 4418 ούκ
793 4369 964 4420 ἐάσαιο
1023 4372 1108 4420 σοί
1156 4388 1209 4420 τε
1266 4365 1516 4428 διαϐολὴν
1559 4369 1794 4443 βαρεῖαν,

201 4456 409 4528 ἔκφορον
483 4459 716 4526 γεγονὸς,
771 4456 990 4520 ἐποίσει,
1063 4463 1151 4510 καὶ
1199 4461 1330 4532 πρὸς
1385 4462 1471 4510 τόν
1537 4458 1799 4523 ἐξειπόντα

199 4543 559 4619 χαλεπώτερον
618 4541 890 4603 διαθήσει,
951 4551 1020 4600 T6
1071 4544 1128 4599 δὲ
1165 4551 1407 4618 χρηστόν
1450 4552 1534 4600 τόν
1590 4569 1641 4602 τε
1674 4569 1798 4601 συν-

199 4637 456 4702 εγνωκότα
503 4634 730 4708 ῥυῆναι
781 4643 872 4697 τῆς
930 4635 1097 4707 φιλίας
1140 4635 1570 4708 ἐπικατασχέσει,
1615 4635 1795 4709 δεσμῷ

198 4726 482 4794 κρατίστῳ,
533 4731 592 4794 τῇ
670 4723 846 4798 ἀρετῇ,
909 4723 1240 4796 βιαζόμενον,
1299 4730 1389 4777 καὶ
1446 4727 1514 4790 εἰς
1592 4731 1794 4780 ἔπαινον

198 4818 290 4871 τῆς
341 4820 438 4872 σῆς
481 4808 776 4875 σπουδαίας
806 4819 1019 4885 γνώμης
1064 4813 1146 4866 ἐπὶ
1202 4822 1318 4866 νοῦν
1369 4815 1666 4889 ἐρχόμενον,
1712 4814 1793 4870 δι-

198 4905 497 4966 αναστήσει,
555 4905 644 4953 καὶ
693 4905 750 4954 σε
803 4898 1046 4960 δηλονότι
1101 4910 1266 4955 ταυτα
1323 4915 1637 4980 συνορῶντα,
1697 4907 1790 4960 οὐκ

1921 1879 2142 1944 benda,
2183 1886 2239 1938 et
2261 1881 2322 1937 id
2352 1881 2517 1954 quod
2539 1899 2748 1938 verum
2775 1887 2863 1938 est
2892 1882 2967 1938 ab
2992 1882 3202 1939 amicis
3227 1880 3496 1953 deperiit,
3515 1895 3590 1936 eo

1917 1970 2083 2041 quod
2115 1970 2176 2025 id
2201 1971 2367 2042 quod
2393 1971 2643 2028 dulciter
2671 1971 2890 2028 arridet
2912 1977 3142 2028 tantum
3174 1969 3450 2043 proloqui
3479 1985 3588 2024 vo-

1916 2057 2134 2116 luerint
2170 2059 2331 2115 unde
2365 2060 2472 2116 erit
2507 2065 2573 2116 ut
2612 2060 2672 2115 in
2723 2061 2984 2116 veritatis
3032 2060 3460 2130 cognitionem,
3510 2057 3588 2114 ad

1918 2147 2083 2203 illam
2103 2150 2396 2217 conversi,
2425 2149 2834 2206 deducamur?
2859 2148 3018 2205 unde
3044 2153 3107 2204 ut
3126 2147 3205 2205 ab
3228 2148 3296 2203 iis
3319 2146 3586 2202 disceda-

1918 2253 2054 2294 mus
2073 2253 2208 2310 qum
2239 2253 2349 2294 nos
2389 2254 2602 2310 parum
2633 2239 2730 2310 pie
2755 2237 3056 2294 interdum
3085 2237 3344 2293 dicimus
3377 2236 3469 2292 vel
3502 2235 3588 2290 fa-

1917 2326 2152 2383 cimus?
2177 2325 2460 2383 Existima
2481 2327 2700 2384 idcirco
2726 2326 3104 2399 plurifariam
3127 2325 3364 2382 differre
3385 2341 3584 2381 assen-

1915 2419 2135 2472 tatores
2167 2415 2246 2472 ab
2277 2415 2506 2472 amicis.
2551 2415 2636 2472 Illi
2677 2431 2880 2474 coram
2922 2415 3240 2472 laudantes
3287 2419 3346 2470 et
3383 2414 3443 2470 in
3493 2429 3582 2480 os,

1916 2504 2079 2560 nullo
2109 2520 2290 2562 sensu
2312 2510 2367 2561 te
2393 2504 2550 2562 afﬁci
2569 2506 3134 2577 permittenteorum
3157 2520 3293 2576 qum
3311 2508 3504 2560 sunta
3529 2507 3586 2559 te

1917 2594 2116 2650 minus
2143 2599 2300 2650 recte
2321 2601 2522 2665 gesta;
2551 2595 2714 2666 apud
2731 2595 2878 2651 alios
2895 2599 3099 2651 autem
3125 2591 3580 2656 calumniando,

1918 2683 2151 2754 majora
2180 2700 2312 2739 esse
2343 2699 2527 2756 quam
2563 2689 2701 2740 sunt
2741 2699 2947 2740 revera
2989 2682 3381 2739 clamabunt:
3409 2680 3584 2738 amici

1915 2789 2076 2841 vero,
2094 2773 2563 2846 reprehensione
2588 2790 2696 2830 sua
2721 2774 2936 2841 amica,
2965 2778 3278 2846 peccatum
3302 2776 3364 2830 ut
3387 2770 3584 2828 videre

1916 2863 2102 2934 possis
2143 2864 2374 2930 melius,
2404 2863 2661 2920 efﬁcient
2691 2863 2884 2938 ;quod
2908 2863 2956 2918 si
2983 2879 3137 2934 opus
3157 2862 3229 2918 sit
3259 2861 3422 2934 apud
3447 2859 3584 2918 alie-

1914 2968 2025 3012 nos
2055 2953 2130 3009 de
2159 2969 2230 3010 eo
2261 2953 2442 3010 verba
2470 2954 2682 3018 facere,
2713 2969 2834 3010 non
2867 2951 2950 3010 illi
2989 2951 3439 3010 accusationem
3472 2951 3578 3008 sed

1915 3042 2259 3112 apologiam
2288 3041 2672 3100 meditantur.
2705 3043 2770 3100 In
2801 3045 3098 3114 quantum
3127 3041 3306 3110 igitur
3349 3039 3583 3096 virtutis

1842 3161 1882 3217 ρ
1914 3132 2257 3190 exercitium
2288 3147 2673 3203 progressum
2701 3130 2762 3188 in
2781 3129 2955 3190 malis
2974 3129 3291 3194 antecedit,
3317 3134 3372 3185 et
3393 3129 3578 3185 satius

1915 3226 2002 3276 est
2021 3223 2181 3290 apud
2214 3221 2516 3292 subjectos
2547 3219 2898 3278 criminibus
2925 3218 3157 3274 absolvi
3183 3233 3370 3290 quam
3396 3231 3578 3276 accu-

1916 3309 2057 3380 sari,
2091 3309 2151 3366 in
2181 3315 2412 3368 tantum
2431 3315 2485 3366 te
2510 3312 2746 3382 oportet
2767 3307 3090 3366 benevolos
3115 3305 3401 3364 omnibus
3426 3304 3576 3362 adu-

1916 3397 1966 3456 le
1979 3398 2204 3456 toribus
2235 3398 2544 3458 anteferre.
3457 3413 3462 3416 ·

1984 3489 2072 3542 41.
2107 3486 2182 3541 De
2209 3486 2470 3550 secretis,
2503 3484 2603 3542 illa
2624 3485 2936 3557 quibusin
2961 3490 3016 3544 te
3049 3483 3282 3542 virtutis
3312 3481 3578 3540 studium

1913 3579 2203 3646 augeatur
2233 3575 2439 3632 amicis
2467 3574 2726 3647 imperti.
2756 3576 2870 3633 Sed
2894 3591 3023 3647 quas
3040 3574 3332 3646 judicium
3359 3571 3579 3643 depra-

1913 3672 2074 3732 vant,
2108 3664 2207 3721 illa
2237 3681 2346 3722 nec
2375 3664 2599 3730 actites,
2626 3680 2733 3722 nec
2791 3665 2954 3736 apud
3002 3665 3230 3722 amicos
3279 3661 3570 3735 deponas.

1914 3756 2010 3810 Est
2037 3753 2149 3810 hoc
2180 3753 2424 3826 quidem
2470 3754 2768 3825 optimum
2821 3754 2981 3812 factu
3007 3757 3135 3810 sine
3186 3751 3305 3810 ullo
3335 3751 3450 3806 alio
3481 3764 3576 3805 re-

1913 3849 2140 3914 spectu.
2162 3842 2332 3906 Quod
2357 3843 2426 3908 si,
2463 3847 2523 3898 ut
2543 3841 2606 3898 fit
2625 3842 2684 3898 in
2707 3842 2990 3900 humanis
3011 3841 3214 3906 rebus,
3232 3840 3574 3914 amicorum

1912 3907 2152 3988 satietas
2193 3936 2243 3988 te
2274 3907 2514 4000 ceperit,
2565 3929 2660 3986 hic
2701 3931 2824 3986 scio
2853 3928 2912 3986 id
2945 3929 3108 4002 quod
3163 3907 3301 3984 utile
3331 3935 3419 3984 est
3470 3927 3573 3983 ad-

1912 4019 2217 4075 monitioni
2237 4017 2529 4090 praeferes.
2560 4018 2772 4076 Malum
2805 4019 2964 4074 enim
2987 4017 3034 4074 si
3065 4016 3212 4088 quid
3237 4016 3297 4071 in
3325 4017 3570 4072 secretis

1911 4107 2100 4171 fuerit,
2137 4114 2276 4162 tunc
2303 4106 2602 4178 imprimis
2645 4112 2905 4164 mentem
2931 4110 2986 4162 et
3016 4104 3439 4175 cogitationem
3469 4103 3575 4160 ho-

1909 4197 2091 4252 minis
2140 4196 2360 4252 conscii
2411 4195 2665 4266 alicujus
2706 4195 2975 4260 subiens.
3023 4193 3279 4252 tumultu
3336 4192 3566 4264 implet,

1909 4285 2267 4364 quantocius
2306 4290 2459 4340 certe
2491 4301 2597 4340 nec
2630 4289 2873 4355 gravate
2925 4283 3148 4340 recedit
3171 4282 3246 4339 ab
3278 4281 3564 4347 amicitia,

1908 4374 1986 4430 ita
2021 4379 2080 4430 ut
2110 4389 2217 4429 nec
2247 4373 2519 4429 admittat
2546 4373 2874 4431 revertendi
2907 4379 3009 4430 aut
3052 4371 3409 4446 respiciendi
3439 4370 3570 4426 ani-

1910 4479 2094 4519 mum.
2121 4461 2439 4534 Propalam
2453 4480 2594 4520 vero
2614 4463 2772 4520 idem
2797 4462 3016 4520 factum
3043 4477 3263 4534 magno
3293 4460 3394 4516 tibi
3415 4459 3576 4514 futu-

1906 4568 2040 4608 rum
2071 4557 2157 4608 est
2187 4551 2482 4619 dedecori,
2513 4559 2568 4610 et
2596 4554 2656 4609 in
2675 4569 2811 4609 eum
2835 4552 2938 4625 qui
2960 4552 3164 4624 palam
3187 4549 3336 4615 fecit,
3359 4548 3572 4620 impla-

1907 4641 2250 4696 cabiliorem
2297 4642 2484 4698 faciet.
2530 4645 2761 4700 Bonum
2809 4657 2948 4697 vero
2977 4639 3218 4713 quidvis
3247 4637 3413 4693 illum
3461 4637 3567 4709 qui

1903 4735 1991 4787 est
2017 4731 2287 4786 conscius
2332 4747 2450 4787 non
2482 4732 2701 4803 patitur
2732 4729 2809 4786 ab
2841 4729 3103 4785 amicitia
3149 4726 3372 4789 divelli,
3423 4741 3563 4783 cum

1903 4818 2130 4873 virtutis
2179 4819 2506 4875 fortissimo
2564 4817 2802 4874 vinculo
2845 4817 3284 4888 constringatur
3338 4831 3350 4871 :
3395 4819 3452 4871 et
3485 4814 3561 4871 ad

1901 4906 2143 4962 laudem
2161 4906 2403 4979 optimis
2433 4911 2550 4963 tum
2581 4911 2637 4964 et
2666 4905 2967 4980 prteclarae
2998 4903 3564 4972 voluntatis,animo

1543 5057 1782 5111 VARl/E
1825 5056 2223 5112 LECTIONES.

266 5226 396 5280 ’κάν
415 5227 753 5300 παρασφαλῇ.
829 5240 849 5267 ⁸
873 5231 1068 5285 ἔσεται.
1149 5230 1175 5272 h
1207 5231 1233 5289 ἡ
1267 5238 1364 5284 τῶν
1442 5232 1552 5287 ίῐσ.
1590 5253 1752 5286 ...νων
1784 5231 2088 5308 ἀποστροφή
2128 5249 2142 5300 ;

1785 5403 2012 5460 NOTAE.

263 5540 376 5611 (28)
424 5539 496 5595 Ἦ
550 5538 824 5614 ἔπισροφὴ.
887 5541 1044 5614 Puto
1083 5540 1424 5614 legendum,
1471 5543 1501 5600 ἢ
1552 5549 1651 5594 τῶν
1696 5542 1788 5595 ούκ

192 5611 406 5684 tam,“
439 5617 550 5668 etc.
577 5613 608 5671 ἠ
643 5611 954 5687 ἄπιοι-μονή.
989 5612 1052 5668 ld
1089 5613 1250 5672 enim
1281 5614 1526 5688 requirit
1575 5614 1790 5671 veritas

1899 5544 2158 5615 cognita,
2176 5545 2246 5620 ut
2260 5543 2337 5600 ad
2369 5544 2566 5620 ipsam
2589 5547 2978 5612 revertamur,
3004 5559 3138 5620 quae
3153 5543 3453 5603 mirabiles
3471 5544 3563 5601 sui

1898 5630 2133 5672 amores
2163 5615 2312 5673 solet
2343 5615 2622 5674 essitare.
