4090 6228
469 257 567 314 671

1702 256 1938 312 PHOTII
1983 259 2469 316 PATRIABCHIE
2509 259 2611 316 ΟΡ.

3743 271 3849 323 6ἳὲ

467 400 606 440 cum
664 384 740 440 sit
770 387 1276 456 repraesentatum,
1327 383 1603 442 excitabit
1654 382 1852 439 adhuc
1903 384 2116 455 magis,

2250 382 2416 446 ὶηδῶς
2448 383 2740 449 ἀναλαϐεῖν,
2785 392 2828 438 ei
2860 405 2908 437 τι
2964 391 3274 462 παρῃνέοης,
3330 396 3422 448 τήν
3478 412 3532 444 τε
3579 397 3707 464 πρὸς
3759 395 3852 444 αυ-

466 487 663 545 neque
691 478 754 528 tu
784 474 888 545 qui
913 473 1018 529 tibi
1051 474 1265 530 scilicet
1293 489 1501 529 eorum
1535 473 1810 529 conscius
1848 489 1934 540 es,
1968 488 2125 544 aegre

467 561 924 634 persuadeberis
950 563 1137 628 illum,
1154 561 1201 617 si
1232 562 1378 634 quid
1392 577 1707 634 perperam
1729 562 2124 618 commissum

469 657 572 719 est,
605 652 684 709 ad
714 653 1062 708 familiarem
1091 653 1303 708 iterum
1324 668 1717 723 congressum
1743 655 1800 708 et
1831 651 2123 708 fruitionis

468 741 836 797 desiderium
867 741 1196 798 admittere.
1233 745 1311 798 De
1335 742 1545 799 amicis
1567 741 1746 812 igitur
1765 757 2001 814 semper
2019 757 2126 814 op-

469 829 612 886 time
639 830 902 904 loquaris
933 835 988 886 et
1016 847 1340 903 persuasus
1371 831 1470 898 sis,
1503 829 1849 887 absentibus
1874 845 2123 903 praeser-

470 921 595 983 tim,
628 920 806 992 idque
831 937 1033 977 coram
1047 921 1178 977 aliis
1208 921 1323 980 :ita
1335 928 1390 978 et
1411 921 1813 994 suspicionem
1835 918 2123 977 adulandi

470 1008 737 1076 evitabis,
768 1024 905 1065 cum
935 1026 1046 1066 nec
1089 1009 1182 1066 vel
1231 1009 1433 1067 leviter
1462 1011 1820 1082 impressum
1877 1010 2039 1081 apud
2069 1012 2123 1064 te

2235 477 2320 527 τὸν
2356 473 2564 546 ὁμιλίαν
2610 480 2699 527 καὶ
2743 479 2834 534 τὴν
2883 474 2930 527 ἐν
2977 485 3048 547 τῷ
3105 480 3248 550 πόθῳ
3314 484 3503 552 σχέσιν
3555 481 3849 538 ἀναπείσει.

2227 563 2345 629 ι’Λεὶ
2397 567 2486 634 μὲν
2527 559 2612 615 οὖν
2645 563 2823 636 φίλους
2861 565 3078 638 εὐλόγει,
3135 567 3368 639 μάλιστα
3405 566 3463 622 δὲ
3511 574 3640 632 τοὺς
3699 570 3852 624 ἀπόν-

2235 672 2331 715 τας
2361 651 2444 704 ἐπὶ
2497 661 2597 704 τῶν
2651 657 2938 726 παρόντων.
2991 656 3144 708 Οὕτω
3190 677 3249 728 γε
3275 662 3376 733 γὰρ
3407 665 3499 712 καὶ
3541 663 3601 712 τὸ
3643 670 3743 723 τῆς
3771 682 3854 713 κο-

2233 741 2435 802 λακείας
2467 737 2765 814 διαφύγοις,
2808 740 2922 796 οὐδ’
2957 744 3100 816 ἱχνος
3143 747 3303 807 αὐτῆς
3357 746 3404 799 ἐν
3438 754 3522 801 σοὶ
3572 753 3852 820 φαίνεσθαι

2232 831 2670 903 παρασκευάζων,
2725 837 2814 884 καὶ
2867 841 2972 894 τοῖς
3019 833 3186 906 φίλοις
3233 838 3323 908 Eoi:
3383 840 3630 911 πράττων
3686 858 3851 910 ziza-

2233 923 2474 993 ρισμένα,
2524 928 2757 974 τοιοῦτον
2809 926 3026 975 σεαυτὸν
3057 921 3186 976 εἶναι
3214 933 3319 986 τοῖς
3367 935 3604 1002 παροῦσι
3649 935 3851 980 marcia-

2237 1028 2349 1075 σας,
2383 1011 2491 1071 οἷος
2523 1009 2696 1071 αὐτοῖς
2726 1016 2842 1084 περὶ
2870 1021 2970 1064 τῶν
2997 1011 3228 1066 ἀπόντων
3255 1014 3533 1087 ἐγνώσθης.

468 1097 784 1168 vestigium
814 1098 965 1154 illius
995 1100 1115 1155 vitii
1149 1099 1407 1155 residere
1436 1115 1798 1172 persuasum
1831 1097 2028 1163 dabis,
2062 1101 2120 1154 et
2146 1097 2356 1154 amicis
2387 1115 2520 1172 quae
2548 1105 2719 1170 grata
2748 1106 2805 1156 et
2831 1109 3077 1174 accepta
3115 1111 3253 1160 sunt
3283 1104 3480 1160 facies.
3515 1106 3852 1162 Praasentes

469 1187 628 1243 enim
658 1188 1069 1259 opinabuntur
1099 1196 1151 1244 te
1183 1189 1464 1245 eumdem
1489 1205 1632 1259 erga
1657 1189 1816 1260 ipsos
1847 1187 2115 1244 futurum
2141 1185 2311 1253 alias,
2344 1204 2522 1260 quem
2553 1190 2903 1258 agnoverint
2929 1190 3043 1262 ipsi
3069 1207 3214 1262 erga
3239 1193 3518 1250 absentes
3545 1199 3602 1250 te
3629 1195 3842 1254 fuisse.

536 1281 624 1332 42.
657 1277 744 1333 Ad
784 1278 944 1334 hunc
973 1278 1225 1335 modum
1257 1279 1358 1334 ubi
1391 1287 1442 1334 te
1475 1278 1684 1334 amicis
1709 1277 2124 1334 communive-

466 1366 566 1432 ris,
599 1367 712 1422 eris
749 1368 811 1423 in
862 1367 992 1423 illos
1047 1368 1152 1440 qui
1202 1374 1410 1424 contra
1461 1367 1608 1423 alios
1667 1372 1791 1423 tum
1847 1367 2023 1423 etiam
2068 1365 2129 1421 in

466 1456 904 1527 rempublicam
935 1457 1314 1528 deliquerint,
1341 1457 1740 1528 implacabilis
1775 1473 1787 1509 :
1822 1455 1929 1513 sed
1960 1470 2128 1512 com—

468 1544 805 1602 misericors
834 1547 893 1601 in
915 1562 1016 1601 eos
1055 1546 1157 1619 qui
1185 1550 1242 1602 te
1282 1545 1655 1602 offenderint.
1693 1549 1776 1602 ita
1818 1545 1977 1601 enim
2006 1543 2126 1608 ﬁet,

469 1638 533 1689 ut
562 1638 715 1689 recte
745 1635 806 1689 in
834 1635 1144 1706 republica
1181 1635 1510 1708 procedant
1536 1635 1720 1706 leges,
1753 1639 1811 1690 et
1846 1635 1999 1690 bene
2031 1647 2132 1688 co-

467 1722 633 1790 gnita
661 1728 1044 1796 etperspecta
1074 1724 1181 1781 erit
1199 1724 1299 1780 illa
1327 1741 1471 1781 cura
1487 1729 1542 1781 et
1581 1723 1916 1780 sollicitudo
1945 1737 2131 1795 quam

463 1825 607 1880 erga
639 1811 915 1868 subditos
944 1815 1116 1883 geris.
1154 1817 1238 1870 Ita
1259 1830 1501 1886 quoque
1534 1813 1651 1879 fiet,
1677 1819 1740 1869 ut
1768 1811 2133 1881 intelligatur

464 1913 648 1970 quam
682 1899 985 1957 humanus
1015 1902 1114 1970 sis,
1155 1907 1210 1958 et
1233 1901 1386 1958 bene
1425 1901 1748 1970 animatus,
1781 1899 1885 1971 qui
1934 1913 2130 1955 mores

464 2003 668 2057 regem
727 2005 864 2044 cum
929 1990 1199 2056 deceant,
1257 1991 1318 2046 in
1367 1996 1422 2047 te
1471 1993 1650 2046 erunt
1693 1987 2130 2061 prtrdicabiles.

462 2077 722 2147 Tyranni
765 2078 1120 2152 plerumque
1169 2080 1480 2151 negligunt
1525 2084 1583 2136 et
1618 2080 1866 2151 insuper
1905 2077 2136 2134 habent

461 2165 710 2236 injurias
740 2170 1156 2226 communitati
1191 2169 1514 2226 hominum
1542 2174 1723 2241 atque
1746 2167 1880 2224 aliis
1908 2168 2135 2238 irroga-

464 2263 578 2324 tas,
607 2256 714 2313 sed
743 2274 882 2314 suas
912 2259 1185 2330 ipsorum
1227 2258 1499 2331 proprias
1539 2257 1902 2328 rigidissime
1938 2257 2135 2314 solent

464 2344 1032 2417 vindicarezregem
1083 2363 1246 2411 vero,
1298 2348 1402 2420 qui
1451 2346 1787 2402 secundum
1841 2346 2134 2417 justitiam

464 2433 776 2504 imperium
809 2436 1384 2506 administrat,deeet
1411 2453 1553 2492 suas
1591 2435 1838 2506 injurias
1859 2433 2137 2490 humani-

467 2526 554 2577 ter
601 2524 963 2595 condonare,
1025 2527 1129 2580 sed
1181 2541 1536 2581 communes
1583 2529 1640 2580 et
1671 2525 1804 2581 aliis
1844 2524 2138 2594 irrogatas

467 2627 604 2666 cum
627 2612 857 2682 justitia
882 2613 1202 2670 reformare
1232 2620 1290 2670 et
1312 2615 1651 2687 disponere.

536 2717 626 2772 43.
662 2721 729 2775 Ut
786 2735 1070 2790 magnam
1125 2721 1174 2776 is
1235 2726 1494 2778 meretur
1534 2721 1799 2786 laudem,
1855 2722 1956 2793 qui
1999 2737 2137 2776 cum

465 2823 768 2863 summam
790 2808 1277 2866 habeatlaedendi
1294 2811 1697 2882 potestatem.j
1712 2815 1914 2865 ustum
1934 2815 2137 2866 tamen

466 2911 528 2951 se
567 2896 805 2953 exhibet
833 2917 846 2960 :
876 2899 958 2954 ita
997 2899 1184 2954 multo
1219 2900 1504 2971 vituperio
1547 2899 1786 2969 dignus,
1835 2899 1938 2971 qui
1999 2915 2137 2953 cum

466 2984 632 3041 nulla
661 3002 721 3041 re
751 2986 1019 3057 indigeat
1059 2989 1414 3053 necessaria,
1455 3004 1671 3044 manus
1707 2993 1906 3044 tamen
1963 2988 2136 3043 rebus

469 3074 676 3131 alienis
723 3076 930 3146 injicit.
983 3077 1276 3148 Indigenti
1330 3078 1626 3151 siquidem
1684 3077 1986 3133 excusatio
2043 3083 2137 3133 est

464 3171 802 3237 paupertas,
832 3165 960 3222 licet
984 3183 1104 3223 non
1135 3167 1522 3232 admittenda,
1559 3167 1610 3221 si
1641 3166 1956 3238 deliquerit
1999 3182 2135 3221 con-

468 3258 558 3310 tra
603 3255 894 3326 justitiam
931 3273 942 3310 :
979 3257 1084 3311 sed
1111 3257 1238 3329 qui,
1290 3273 1427 3312 cum
1482 3260 1838 3328 potestatem
1887 3255 2132 3319 habeat,

465 3358 575 3397 nec
617 3343 733 3399 ulla
800 3361 860 3399 re
901 3346 1185 3414 indigeat,
1241 3345 1524 3417 injuriam
1580 3345 1741 3409 facit,
1774 3360 2014 3416 prorsus
2045 3349 2136 3399 est

466 3431 592 3486 sine
619 3434 783 3487 omni
809 3433 1210 3490 excusatione.

537 3538 623 3591 4i.
674 3537 909 3606 Quanto
965 3541 1099 3610 quis
1159 3540 1447 3609 majorem
1494 3544 1852 3610 potestatem
1884 3539 2132 3599 obtinet.

475 3629 642 3681 tanto
672 3627 880 3698 majori
912 3627 1104 3682 virtuti
1131 3627 1306 3682 debet
1327 3627 1377 3680 is
1407 3628 1761 3699 praecellere.
1787 3629 1894 3693 Qui
1926 3634 2130 3683 contra.

473 3713 631 3778 facit,
663 3715 774 3769 tria
819 3714 997 3771 simul
1031 3715 1284 3772 admittit
1314 3716 1763 3788 improbissima
1799 3735 1810 3772 :
1839 3734 1898 3772 se
1941 3717 2137 3788 perdit

466 3803 702 3874 ipsum;
726 3804 1017 3860 intuentes
1038 3805 1116 3861 ad
1139 3805 1510 3877 peccandum
1533 3805 1713 3862 allicit
1741 3823 1754 3871 ;
1782 3809 1968 3862 Deum
1995 3805 2136 3862 facit

465 3891 890 3964 blasphemari,
913 3895 1015 3966 qui
1045 3900 1165 3949 tam
1191 3894 1467 3966 improbo
1491 3895 1731 3951 tradidit
1754 3899 2132 3966 potestatem.

465 3981 754 4045 Quocirca
781 3981 949 4038 decet
975 3999 1472 4056 unumquemque
1506 3983 1732 4038 malum
1764 3983 2060 4040 declinare
2104 4000 2118 4050 ;

465 4069 572 4125 sed
601 4075 736 4126 ante
766 4071 937 4138 alios,
969 4087 1071 4127 eos
1104 4073 1200 4143 qui
1231 4071 1346 4127 sint
1377 4089 1514 4128 cum
1546 4071 1822 4144 imperio.

533 4190 619 4242 45.
655 4189 735 4244 Ita
765 4205 906 4260 ergo
935 4188 1190 4244 subditis
1219 4189 1332 4245 tuis
1361 4188 1616 4262 impera,
1649 4192 1712 4244 ut
1741 4204 2130 4260 nequaquam

461 4277 788 4348 tyrannidi,
822 4277 926 4332 sed
957 4292 1164 4333 eorum
1211 4278 1480 4333 confidas
1531 4277 1983 4333 benevolentiae.
2033 4278 2128 4334 Est

2309 1276 2424 1349 μβ’.
2455 1279 2606 1330 Οὕτω
2653 1275 2712 1332 δὲ
2773 1283 2986 1334 σεαυτὸν
3030 1280 3177 1354 φιλίᾳ
3221 1284 3538 1356 περιφράξας
3578 1287 3676 1358 ἔση
3741 1295 3853 1347 τοίς

2238 1369 2328 1438 μὲν
2364 1367 2431 1427 εὶς
2481 1367 2679 1442 ἑτέρους
2708 1374 2798 1422 καὶ
2846 1370 2912 1429 εἰς
2959 1372 3024 1422 τά
3063 1374 3211 1422 κοινά
3263 1371 3661 1444 πλημμελοῦσιν
3719 1374 3853 1427 ἁπαο

2238 1459 2502 1528 ραίτητος,
2550 1465 2658 1518 τοῖς
2690 1454 2748 1510 δε
2778 1458 2846 1518 εἰς
2880 1461 2936 1512 σε
2983 1459 3346 1532 ἁμαρτάνουσι
3378 1464 3842 1534 συμπαθέστατος.

2241 1548 2347 1598 Λιά
2384 1549 2474 1618 μὲν
2503 1549 2604 1620 γὰρ
2656 1546 2846 1600 ἐκείνου
2897 1548 3108 1621 εὐνομία
3159 1553 3308 1603 ἔσται
3359 1559 3420 1623 τῇ
3461 1553 3720 1624 πολιτείᾳ,
3763 1559 3854 1607 καὶ

2240 1635 2268 1692 ἡ
2325 1639 2390 1692 σὴ
2450 1640 2568 1709 περὶ
2621 1641 2740 1698 τοὺς
2815 1635 3142 1711 ἀρχομένους
3193 1636 3443 1702 ἐπίδηλος
3490 1639 3704 1700 σπουδή
3763 1648 3854 1696 καὶ

2241 1719 2547 1796 κηδεμονίω
2579 1722 2673 1778 διά
2710 1723 2768 1778 δὲ
2825 1731 3010 1779 τούτου
3068 1731 3124 1781 τὸ
3173 1728 3530 1802 φιλάνθρωπον
3581 1738 3674 1792 τῆς
3723 1739 3856 1804 γνὼ-

2241 1832 2346 1884 μης
2393 1818 2480 1866 καὶ
2529 1815 2554 1866 ὁ
2587 1812 2849 1886 βασίλειος
2895 1818 2966 1876 ὡς
3019 1816 3222 1878 ἀληθῶς
3270 1817 3684 1892 ἀνακηρυττεται
3737 1827 3854 1893 τρο-

2241 1921 2356 1962 πος.
2404 1904 2468 1954 Οἱ
2511 1906 2601 1974 μὲν
2655 1907 2754 1977 γὰρ
2795 1910 3034 1978 τύραννοι
3075 1910 3141 1958 τά
3194 1910 3343 1960 κοινά
3370 1915 3469 1960 τῶν
3501 1905 3851 1980 ἀδικημάτων

2242 1996 2330 2044 καὶ
2414 1995 2479 2044 τά
2528 1992 2596 2054 εἰς
2657 1993 2904 2055 ἀλλήλους
2963 1995 3204 2056 πολλάκις
3277 1998 3588 2072 ὑπερορῶσι,
3653 2009 3853 2073 πικρῶς

2245 2077 2302 2133 δὲ
2335 2083 2399 2132 τὰ
2429 2081 2495 2142 εἰς
2539 2081 2749 2145 ἑαυτοὺς
2782 2083 3082 2146 ἐξετάζουσι
3111 2107 3122 2118 ο
3158 2085 3415 2158 βασιλέως
3472 2084 3533 2139 δέ
3592 2087 3708 2140 ἐστι
3765 2095 3856 2142 καὶ

2245 2169 2422 2242 ἀρχῆς
2465 2169 2816 2242 ἐννομωτάτης
2863 2177 3032 2245 ἔργον,
3064 2177 3130 2226 τά
3177 2179 3265 2247 μὲν
3311 2176 3383 2237 εἰς
3436 2175 3620 2228 ἑαυτὸν
3674 2177 3856 2245 φιλαν-

2248 2261 2459 2333 θρώπως
2491 2265 2672 2335 φέρειν,
2707 2266 2769 2314 τά
2823 2259 2883 2316 δὲ
2923 2264 2994 2326 εἰς
3044 2267 3192 2317 κοινά
3225 2270 3314 2318 καὶ
3366 2265 3438 2326 εἰς
3487 2265 3740 2328 ἀλλήλους
3771 2265 3853 2320 δι·

2245 2353 2406 2411 καίως
2435 2349 2652 2403 εὐθετεῖν
2688 2357 2777 2404 καὶ
2809 2347 3084 2425 διεξάγειν.

2318 2704 2430 2774 μγ¹.
2479 2704 2679 2778 ⁷Ωσπερ
2743 2706 2935 2758 πολλῶν
3005 2706 3220 2760 ἐπαίνων
3273 2711 3441 2772 ἄξιος,
3523 2711 3548 2760 ὁ
3623 2712 3856 2782 μεγάλην

2248 2790 2485 2854 ἐξουσίαν
2543 2801 2633 2846 τοῦ
2665 2791 2864 2848 ἀδικεῖν
2911 2795 3100 2858 λαϐὼν,
3134 2802 3220 2848 καὶ
3251 2801 3311 2849 τά
3366 2795 3554 2851 δίκαια
3585 2804 3852 2870 πράττωνο

2247 2883 2380 2933 οὕτω
2423 2883 2618 2934 πολλῶν
2651 2885 2932 2946 ὑπεύθυνος
2976 2886 3170 2956 ψόγων,
3205 2888 3231 2937 ὁ
3274 2884 3495 2958 μηδενός
3526 2885 3705 2949 ἐνδεὴς
3757 2899 3855 2941 τῶν

2248 2970 2558 3041 ἀναγκαίων,
2593 2978 2680 3025 καὶ
2729 2974 2798 3034 εἰς
2829 2977 2891 3025 tr).
2923 2975 3163 3050 ἀλλότρια
3214 2980 3305 3036 τάς
3347 2985 3532 3051 χεῖρας
3587 2977 3852 3030 ἐκτείνων.

2245 3057 2432 3134 Ἀνδρὶ
2487 3064 2575 3131 μὲν
2625 3065 2724 3136 γάρ
2777 3068 3031 3135 πενομένῳ
3089 3070 3369 3138 πρόφασις,
3413 3066 3456 3118 εἰ
3503 3073 3595 3119 καὶ
3623 3068 3859 3139 παράλο-

2245 3169 2354 3220 γος,
2399 3158 2489 3201 τοῦ
2520 3148 2737 3216 ἀδικεῖν,
2765 3153 2794 3209 ἡ
2825 3157 2989 3205 πενία·
3025 3151 3154 3226 ἀνὴρ
3211 3151 3270 3206 δὲ
3327 3151 3640 3208 δυναστείαν
3689 3159 3853 3227 ἔχων,

2248 3243 2336 3290 καὶ
2380 3241 2599 3311 ἀπορίαν
2651 3240 2744 3292 οὐκ
2795 3244 2952 3313 ἔχων,
3012 3240 3394 3315 ἀναπολόγητον
3445 3247 3560 3315 ἔχει
3603 3250 3698 3304 τὴν
3749 3245 3855 3297 ἀπὸ

2247 3335 2336 3380 τοῦ
2366 3326 2564 3381 ἀδικεῖν
2592 3329 2731 3403 ἀμαρ
2741 3336 2869 3382 τίαν.

2319 3521 2430 3595 yid".
2454 3531 2601 3596 Ὂσῳ
2635 3522 2694 3578 δέ
2721 3547 2798 3589 τις
2850 3532 3064 3600 προέχει
3096 3537 3155 3600 τῇ
3209 3527 3376 3601 ἀρχῇ,
3419 3534 3654 3602 τοσούτῳ
3684 3551 3856 3604 χρεω-

2253 3621 2362 3664 στεῐ
2393 3617 2668 3687 πρωτεύειν
2694 3621 2783 3668 καὶ
2827 3624 2886 3688 τῇ
2925 3616 3099 3690 ἀρετῇ.
3131 3617 3190 3668 Ὀ
3219 3614 3278 3670 δὲ
3324 3619 3624 3671 τούναντίον
3667 3629 3853 3687 ποιῶν,

2248 3707 2368 3774 τρία
2398 3704 2526 3774 ἅμα,
2589 3710 2676 3758 καὶ
2705 3709 2951 3768 κάκιστα,
3005 3705 3239 3759 ἐπιτελεῖ·
3303 3707 3588 3760 ἀπολλυσιν
3649 3710 3852 3761 ἑαυτὸν·

2249 3796 2368 3854 τοὺς
2411 3795 2638 3865 ὁρῶντας
2693 3795 2758 3855 εἰς
2814 3801 2998 3847 κακίαν
3047 3798 3354 3870 παρακαλεῖ·
3410 3797 3852 3871 βλασφημείσθω

2247 3884 2639 3955 παρασκευάζει
2700 3887 2782 3936 τὸν
2849 3889 2997 3949 Θεὸν,
3076 3885 3156 3936 ὅτι
3236 3889 3454 3958 τοιούτῳ
3525 3889 3850 3946 τηλικαύτην

2247 3969 2556 4044 ἐνεχείρισεν
2632 3972 2825 4046 ἀρχήν.
2893 3977 2986 4026 Διά
3050 3983 3198 4027 τοῦτο
3251 3982 3404 4028 παντὶ
3455 3980 3547 4048 μὲν
3594 3981 3851 4052 ἀνθρώπῳ

2246 4066 2483 4132 φευκτέον
2509 4064 2538 4120 ἡ
2573 4068 2750 4128 κακία,
2775 4063 3002 4134 μάλιστα
3033 4061 3092 4116 δὲ
3123 4073 3228 4125 τοῖς
3259 4064 3305 4116 ἐν
3337 4062 3398 4138 τῇ
3433 4065 3602 4139 ἀρχῇ.

2315 4177 2411 4250 με’.
2445 4177 2618 4251 Ἀρχε
2651 4185 2819 4232 τοίνυν
2874 4189 2970 4232 τῶν
3019 4183 3280 4251 ὑπηκόων,
3319 4187 3390 4254 μὴ
3442 4185 3710 4245 πεποιθὼς
3760 4204 3850 4237 τυ-

2241 4264 2468 4342 ραννίδι,
2510 4267 2638 4320 ἀλλά
2770 4279 2867 4322 τῶν
2917 4269 3218 4346 ἀρχομένων
3264 4272 3454 4344 εὐνοία,
3507 4276 3699 4326 Εὔνοια
3743 4276 3850 4346 γὰρ

462 4367 621 4421 enim
652 4365 1069 4421 benevolentia
1113 4370 1168 4421 et
1221 4365 1397 4434 longe
1429 4367 1812 4421 excellentius
1841 4371 1897 4421 et
1943 4365 2130 4421 multo

2250 4358 2418 4428 μεῖζον
2471 4357 2643 4432 ἀρχῆς
2710 4359 2906 4431 βάθρον
2977 4366 3067 4413 καὶ
3127 4360 3526 4435 ἀσφαλέστερον,
3580 4364 3609 4421 ᾖ
3670 4361 3850 4435 φόϐος.

463 4454 644 4510 tutius
698 4453 1138 4509 firmamentum
1171 4470 1356 4526 quam
1392 4459 1606 4510 metus.
1635 4454 1782 4510 Illud
1809 4460 2011 4510 autem
2034 4471 2130 4510 ac-

462 4545 612 4618 quiri
625 4554 714 4600 tur
748 4544 1023 4600 virtutem
1045 4542 1433 4616 possidendo,
1457 4548 1514 4598 et
1535 4542 1772 4599 labores
1801 4559 2129 4615 curamque

463 4650 605 4704 erga
633 4633 909 4690 subditos
940 4631 1370 4706 impendendo.
1419 4635 1499 4687 lta
1554 4633 1652 4686 ﬁet
1691 4637 1754 4687 ut
1782 4631 1968 4686 vitam
1995 4648 2130 4687 vere

464 4724 697 4780 vitalem
729 4730 784 4781 et
822 4724 1048 4794 regiam
1076 4739 1222 4793 agas
1247 4723 1394 4794 ipse,
1434 4727 1612 4794 atque
1636 4720 1769 4776 illos
1798 4720 1943 4776 dum
1972 4727 2130 4778 tutos

463 4816 518 4865 et
542 4812 870 4869 incolumes
926 4817 1176 4885 priestas
1223 4811 1301 4868 ab
1335 4810 1562 4866 insidiis
1597 4815 1652 4867 et
1684 4810 2128 4867 calamitatibus

465 4905 674 4969 praeter
707 4902 802 4971 jus
837 4903 1028 4967 illatis,
1071 4902 1326 4973 gloriam
1361 4900 1462 4956 tibi
1503 4904 1780 4972 paratam
1821 4900 2125 4956 immorta-

466 4987 582 5044 lem
610 4991 1012 5046 conservabis.

537 5106 625 5158 46.
679 5106 855 5174 Leges
898 5106 1275 5162 exactissime
1329 5105 1480 5161 latas
1534 5103 1781 5160 laudato
1819 5108 1876 5160 et
1905 5104 2130 5177 ample-

466 5195 641 5248 ctere.
670 5192 803 5248 lllas
825 5209 1002 5264 porro
1021 5194 1329 5260 intuendo,
1362 5194 1546 5250 vitam
1571 5199 1738 5249 tuam
1758 5193 1982 5263 dirige:
2009 5194 2128 5250 noli

468 5284 668 5336 autem
703 5280 875 5350 juxta
904 5280 1137 5337 illarum
1163 5284 1362 5355 legum
1394 5281 1654 5339 calculos
1680 5297 1893 5354 poenas
1923 5281 2126 5336 inexo-

466 5367 686 5426 rabiles
709 5369 964 5425 subditis
985 5370 1096 5425 tuis
1127 5371 1414 5442 irrogare;
1440 5372 1636 5444 potius
1653 5375 1852 5426 autem
1877 5369 2132 5426 clemen-

466 5459 721 5515 tioribus
736 5458 1020 5515 institutis
1045 5458 1178 5516 illos
1199 5460 1461 5517 eruditos
1477 5476 1635 5532 rege.
1658 5464 1741 5517 Ita
1761 5461 1860 5516 ﬁet
1877 5464 1958 5525 ut,
1983 5459 2130 5516 dum

469 5552 741 5606 exactam
772 5548 832 5606 in
854 5549 1038 5621 teipso
1054 5548 1347 5606 rationem
1365 5549 1497 5619 inis,
1517 5551 1872 5608 metuendus
1894 5549 2132 5608 videbe-

2240 4453 2402 4498 Τοῦτο
2451 4443 2508 4498 δε
2549 4445 2739 4520 ἀρετῶν
2771 4467 2822 4500 τε
2870 4457 3054 4509 κτῆσις
3091 4459 3246 4514 ποιεῖ,
3300 4455 3386 4502 καὶ
3412 4456 3461 4502 οἱ
3492 4458 3610 4525 περὶ
3665 4455 3720 4503 τὸ
3751 4453 3854 4503 ὑπ-

2241 4542 2389 4594 ήκοον
2442 4543 2587 4589 πονοι
2657 4543 2743 4590 καὶ
2821 4535 3108 4610 φροντίδες.
3161 4541 3308 4591 Οὕτω
3357 4536 3415 4592 δὲ
3471 4540 3630 4602 αὐτὸς
3683 4561 3736 4592 τε
3785 4545 3852 4602 ὡς

2242 4624 2440 4687 ἀληθῶς
2471 4625 2763 4698 βασιλικῶς
2799 4634 2888 4680 καὶ
2917 4625 3085 4690 ἡδέως
3130 4628 3364 4700 βιώσεις,
3420 4628 3681 4692 κάκείνοις
3711 4631 3852 4682 ἑλευο

2243 4717 2390 4788 Θέραν
2440 4715 2718 4777 ἐπιϐουλῆς
2766 4722 2854 4768 καὶ
2890 4727 3166 4792 συμφορῶν
3215 4717 3504 4789 ἀλογίστων
3559 4723 3654 4776 τὴν
3703 4719 3851 4771 πολι-

2240 4810 2377 4856 τείαν
2453 4811 2806 4877 συντηρὴσας,
2890 4805 3203 4878 ἀείμνηστον
3282 4815 3479 4860 σαυτοῦ
3555 4808 3701 4870 κλέος
3758 4813 3847 4860 τον

2239 4894 2443 4947 ἅπαντα
2473 4901 2661 4969 χρόνον
2683 4895 3029 4968 καταλείρεις.

2311 5099 2426 5172 μςέ.
2481 5106 2667 5172 Νόμων
2714 5104 2833 5163 τοὺς
2888 5099 3292 5173 ἀκριϐεστάτους
3339 5099 3534 5154 ἐπαίνει
3573 5109 3666 5154 καὶ
3724 5101 3850 5155 ἀποο

2243 5185 2428 5260 δέχουσ
2497 5193 2586 5240 καὶ
2656 5192 2784 5261 πρὸς
2848 5187 3068 5250 ἐκείνους
3143 5188 3368 5260 βλέπων,
3457 5194 3544 5241 τὸν
3623 5201 3850 5243 σεαυτοῦ

2241 5279 2462 5353 ῥύϐμιζε
2509 5276 2643 5350 βίον·
2696 5283 2767 5350 μὴ
2821 5283 2993 5349 μέντοι
3041 5281 3176 5330 κατὰ
3223 5281 3312 5338 τάς
3368 5277 3571 5330 ἐκείνοιν
3639 5280 3853 5351 ψήφους

2244 5371 2300 5420 τὸ
2331 5369 2562 5427 ὑπήκοον
2607 5367 3000 5442 ἀπαραιτήτους
3051 5368 3363 5442 εἰσπράττου
3419 5371 3509 5429 τάς
3569 5375 3850 5440 τιμωρίας,

2243 5457 2371 5509 ἀλλά
2421 5454 2515 5509 διὰ
2565 5464 2665 5507 τῶν
2721 5456 3206 5530 φιλανθρωποτέρων
3259 5455 3447 5528 μᾶλλον
3489 5453 3848 5528 παιδαγωγει·

2243 5547 2378 5600 οὕτω
2425 5565 2478 5599 τε
2524 5548 2626 5620 γὰρ
2681 5544 2909 5620 φοϐερὸς,
2955 5542 3028 5598 δι’
3083 5546 3151 5598 ὧν
3211 5547 3428 5598 σεαυτὸν
3469 5543 3850 5619 ἀκριϐολογῇ,
