2045 3114
94 152 148 182 673

94 221 151 248 τοῖς
176 216 369 254 ἁμαρτάνουσιν
391 216 455 244 εἶναι
477 216 570 251 δοξιις,
595 221 640 245 καὶ
670 218 824 256 ἀνεπαχθὴς
847 223 902 250 τοῖς
919 220 941 246 Δ

95 271 240 292 υπηκοοις.

133 306 189 342 μζ’.
217 310 260 333 Δεῖ
272 305 302 333 δὲ
322 306 454 343 ὶγκρατῶς
467 308 572 345 ἄρχειν,
596 308 625 334 οὐ
639 312 674 344 τῲ
687 308 818 341 κολάζειν,
840 308 904 335 ἀλλὰ

96 355 133 387 τῷ
150 349 238 378 δοκεῖν
267 350 423 378 κολαστικὸν
448 353 522 380 εἶναι.
550 356 632 379 Τοῦτο
652 351 682 379 δὲ
704 351 765 384 ἦθος
780 353 903 384 εὐσταθὶς

96 399 179 428 ποιεῖ,
202 398 249 422 καὶ
272 397 286 425 ἠ
300 400 349 422 τῶν
374 396 473 422 οἱκιίων
497 399 600 433 τρόπων
627 400 756 434 σεμνότης
774 398 903 424 καὶ-ἐπι-

97 440 198 477 μέλεια.
218 440 346 478 Ὀργίλων
375 439 405 467 δε
428 441 524 477 μᾶλλον
553 441 692 479 ἀνθρώπων
718 445 732 472 ἦ
763 445 903 480 φρονίμων,

99 485 127 511 αἱ
147 484 268 515 κολάσεις
282 496 288 502 ι
305 486 398 516 οἵτινες
424 485 522 523 ἀπορίᾳ
549 490 595 513 τοῦ
620 485 788 523 δημαγωγεῖν
804 490 904 524 σωφρό-

97 539 160 562 νως,
186 528 228 556 ἐπὶ
252 531 281 555 τὸ
297 529 415 561 κολάζειν
438 532 574 568 τρέπονται
597 530 707 568 ῥᾳδίως.
740 533 791 558 Καὶ
808 533 837 557 τὸ
858 533 904 568 μεν

98 576 146 600 καὶ
175 575 188 600 ὁ
217 577 439 612 τυραννικώτατος
464 575 584 612 πράξειεν
607 576 656 601 οἷν·
673 577 701 602 τὸ
726 574 766 608 δί,
795 577 870 611 μόνος
891 576 904 602 ὁ

98 617 301 655 ἁρχικὼτατος’
329 618 399 655 εἰπερ
442 619 570 656 ἄρχοντος
600 619 677 658 ἁρετὴ
713 623 749 656 μὴ
783 621 904 657 φθείρειν,

99 662 167 689 ἀλλὰ
178 663 283 695 πλείους
295 666 341 690 καὶ
356 663 488 700 βελτίονας
502 669 584 691 ποιεῖν
598 667 659 696 τοὺς
677 664 850 702 ἀρχομένους.

139 759 198 789 μιν.
229 752 376 790 ’Δρχοντος
402 755 448 790 μέν
474 764 541 786 τινες
567 754 665 790 ὶφησαν
687 754 788 791 ἀρετὴν,
815 754 842 780 ἐκ
864 765 907 790 μι-

101 800 167 834 κρᾶς
179 797 295 834 μεγάλην
321 798 395 824 πόλιν
411 802 523 828 ποιῆσαι
538 809 544 815 ·
559 798 608 835 ὶγὼ
627 798 658 826 δι
670 799 764 836 μᾶλλον
779 800 810 826 ἄν
818 801 906 835 φαίην,

100 843 132 868 τὸ
152 842 182 868 ἐκ
196 842 294 878 φαύλης
318 841 465 869 σπουδαίαν
494 845 705 880 παρασκευάσαι.
726 847 778 870 Τοῡ
792 845 838 880 μεν
856 845 907 880 7&9

100 889 148 913 καὶ
179 891 276 924 καιρῶν
299 887 423 918 πολλάκις
454 889 520 926 φορὰ
545 891 634 925 γέγονε
659 891 795 925 παραιτία.
816 891 851 915 Τὸ
879 887 908 915 δε
925 881 947 909 Β

100 931 151 958 οὔκ
177 933 232 958 ἔστι
255 934 291 968 μὴ
313 932 377 969 οὐχὶ
404 934 475 969 παρὰ
500 936 546 959 τοῦ
571 932 668 971 ἄριστα
692 932 854 965 διοικοῦντος
867 943 908 970 γε·

100 977 204 1003 νὲσθαι.
227 976 274 1002 ⁴Ον
298 978 330 1003 σὺ
352 977 522 1014 παραξηλῶν,
544 976 581 1004 δι’
603 978 637 1004 ὧν
652 980 800 1016 κατορθοῖς,
827 978 904 1017 ἀρετῇ

101 1022 151 1049 τὴν
167 1024 216 1046 τῶν
231 1019 384 1057 ἀρχομένων
399 1022 485 1053 αὔξεις
498 1022 638 1049 πολιτείαν.

138 1109 190 1145 μ.θῖ
215 1109 315 1147 Ὠσπερ
345 1114 435 1147 τεῖχος
453 1112 560 1148 σαθρόν,
585 1111 633 1137 κᾶν
649 1112 736 1143 οἰκίας
760 1111 832 1139 ἔνδον
852 1114 903 1149 ἔχῃ

99 1156 234 1192 λαμπρὰς,
261 1158 305 1182 καὶ
333 1155 414 1192 ἀέρων
447 1156 600 1192 εὐκρασίαν,
635 1159 680 1183 καὶ
709 1157 801 1183 ὠνείων
826 1158 906 1194 ἀφθο-

100 1201 169 1232 νίαν,
195 1200 262 1236 ὅμως
285 1202 333 1229 τὴν
361 1200 435 1227 πόλιν
455 1200 625 1233 ἕξευτελίζει·
641 1201 722 1232 οὕτως
744 1203 768 1228 οἱ
792 1205 849 1239 περὶ
863 1205 904 1229 τὸν

101 1244 223 1280 ἄρχοντα
237 1244 340 1280 φαῦλοι,
362 1248 407 1272 καὶ
421 1247 464 1272 τὸν
490 1246 586 1272 ἕκείνου
614 1244 836 1273 συνδιαϐάλλουσι
848 1250 906 1284 τρό-

102 1298 162 1314 πον.
197 1290 230 1314 οἱ
266 1290 317 1325 γὰρ
353 1290 454 1316 ἐκείνων
489 1295 536 1322 τῆς
572 1293 699 1327 πονηρίας
734 1290 905 1327 λαμϐάνοντες

102 1337 205 1369 πέἰραν,
221 1336 266 1360 καὶ
285 1335 328 1360 τὸν
344 1334 388 1360 ὑπ’
412 1335 496 1361 αὐτῶν
526 1334 748 1372 δορυφορούμενον
767 1337 904 1373 παραπλή-

104 1387 161 1404 σιον
174 1377 401 1415 ὑπολαμϐάνουσιν
412 1378 486 1406 εἶναι.

139 1466 171 1494 ν’.
187 1465 306 1498 Μηδενος
329 1471 503 1505 παρανομίαν,
519 1470 568 1495 κᾶν
588 1468 653 1506 δοκῇ
671 1468 708 1496 δι’
721 1470 801 1501 αὐτῆς
816 1470 907 1507 εὐημε-

103 1515 170 1547 ρεῖν,
199 1511 347 1549 ὶπαινέσῃς.
377 1513 487 1539 Ἐκεῖνον
506 1523 534 1540 τε
554 1516 604 1551 γὰρ
632 1514 727 1551 μᾶλλον
756 1515 791 1546 εἰς
814 1517 907 1541 κακίαν

104 1556 264 1592 ὑπαλείψεις,
306 1561 350 1584 καὶ
382 1560 490 1584 σεαυτὸν
524 1559 560 1590 εὶς
592 1559 778 1596 παραπλησίαν
814 1560 907 1596 πρᾶξιν
926 1559 946 1587 C

104 1603 196 1637 καιρὸν
239 1601 370 1632 ἐπιζητεῖν
408 1602 559 1639 ἀπελίγξεις.
586 1603 616 1629 Ὀ
646 1605 697 1641 γὰρ
736 1606 785 1642 πρὸ
814 1609 908 1641 καιροῦ

104 1649 198 1679 ταῦτα,
220 1644 256 1672 δι’
284 1646 318 1672 ὧν
345 1646 452 1680 ἔπαινεῖ,
481 1649 694 1684 προθυμοὺμενος
709 1651 754 1675 καὶ
773 1654 864 1686 τιμῶν,
881 1652 908 1676 τί

105 1689 136 1715 ἂν
152 1690 181 1716 οὗ
196 1693 309 1720 ποιήσαι
323 1693 441 1718 τοιούτου
461 1695 716 1729 παραπεπτωκότος;

143 1835 192 1862 να”.
215 1835 244 1861 Ὀ
270 1839 319 1862 τῶν
349 1835 483 1873 ἀρχόντων
501 1839 605 1873 τρόπος,
632 1839 711 1873 νόμος
733 1839 832 1873 γίνεται
856 1840 909 1868 τοῖς

107 1880 159 1905 ὑπὸ
174 1884 263 1917 χεῖρα.
281 1881 312 1906 Εἴ
336 1890 361 1907 τι
385 1879 429 1906 οὖν
445 1882 473 1906 τό
490 1881 586 1912 πλῆθος
614 1881 790 1918 ἐξαμαρτάνει,
807 1883 842 1913 εἰς
866 1884 910 1908 τὸν

106 1925 228 1960 ἄρχοντα
250 1927 296 1954 τὴν
327 1925 411 1951 αἰτίαν
448 1925 601 1961 ἀναπέμπει,
637 1929 718 1952 πόσον
739 1928 787 1952 οἷει
814 1929 909 1952 σαυτὸν

107 1968 200 2005 ἀρετῆς
236 1968 423 2005 ἐπιμελεῖσθαι,
468 1973 513 1996 καὶ
543 1975 686 2007 χρεωστεῖν
718 1970 757 1997 ἀεὶ
790 1971 831 1997 ἐπὶ
857 1974 911 2002 τοῖς

105 2011 193 2041 καλοῖς
210 2011 379 2049 ἐγρηγορέναι
395 2020 402 2046 ;

140 2064 193 2101 νβ’.
219 2067 313 2097 Πάσης
329 2066 446 2101 πράξεως
482 2066 564 2103 βουλὴ
596 2068 776 2104 προηγείσθω.
806 2068 840 2094 Αἰ
858 2068 909 2105 γὰρ

107 2109 294 2136 ἀνεπίσκιπτοι
323 2111 438 2148 πράξεις,
456 2112 488 2141 ὡς
500 2113 532 2137 τὰ
550 2111 631 2138 πολλά
660 2112 785 2149 σφαλεραί
800 2122 808 2129 ·
822 2114 866 2138 καὶ
881 2114 910 2139 τὸ

106 2155 325 2191 κατορθούμενον,
362 2153 472 2186 δικαίως
503 2156 533 2182 οῖν
561 2156 644 2188 αἰτίας
670 2157 747 2187 ἄλλης
773 2158 846 2195 ἔργον
871 2167 911 2183 νο-

104 2199 214 2234 μισθείη
244 2199 349 2235 μᾶλλον,
368 2201 382 2228 ἢ
405 2204 451 2231 τῆς
474 2204 519 2226 τοῦ
553 2201 676 2232 πολλάκις
701 2202 912 2238 παρασφαλέντος

105 2243 189 2279 ὁρμῆς
206 2246 250 2269 καὶ
266 2246 436 2281 περιπετείας,
928 2237 952 2265 D

144 2340 193 2376 η’.
220 2341 303 2378 Ἀπερ
329 2345 417 2379 χεῖρες
447 2342 555 2375 πολλῶν,
578 2345 623 2369 καὶ
642 2343 775 2377 πολλάκις,
798 2344 845 2370 οὐκ
859 2345 912 2382 εἰρ-

106 2385 236 2421 γάσαντο,
252 2390 334 2412 ταῦτα
356 2386 439 2423 βουλὴ
469 2390 518 2423 μία
536 2390 580 2413 καὶ
595 2388 696 2424 ἐφάπαξ
721 2389 910 2427 κατεπράξατο.

109 2430 147 2455 Δι’
163 2429 176 2455 ὃ
191 2429 325 2456 εὐϐουλίαν
340 2434 456 2468 προτίμα
475 2432 655 2469 πολυχειρίας.

142 2526 194 2554 νϐ’.
236 2531 360 2566 Προνοίας
391 2528 526 2566 ἆπίκονρος
563 2531 578 2559 ἡ
617 2531 750 2567 μετάνοια,
783 2531 802 2557 ἄ
826 2533 912 2558 τοίνυν

105 2571 205 2602 ἐκείνην
235 2572 338 2600 διέλαθε
364 2576 409 2600 καὶ
437 2573 565 2608 ἕκπίπτει,
591 2575 657 2604 αὕτη
684 2579 768 2602 ταῦτα
794 2576 913 2603 ἔπανελο-

104 2618 169 2652 μὲνη
185 2615 203 2644 δ
205 2618 350 2654 ιορθούσθω
365 2620 411 2645 καὶ
426 2616 445 2644 δ
447 2619 593 2649 ιασωξέτω.

139 2671 184 2698 γε’.
198 2672 227 2697 ’0
253 2673 354 2708 φθόνος,
383 2673 456 2709 πάσῃ
472 2675 518 2709 μὲν
533 2673 610 2710 ψυχῇ
638 2674 739 2711 μεγάλη
754 2676 830 2706 νόσος
845 2686 851 2692 ·
868 2685 912 2711 με·

103 2718 185 2751 Ὶίστη
209 2715 248 2748 δὲ,
273 2717 390 2754 μάλιστα
410 2721 462 2748 τοῖς
487 2717 510 2744 ἐν
526 2718 641 2756 ἐξουσίᾳ.
665 2719 780 2755 Ἀνάγκη
796 2721 857 2757 γὰρ,
872 2718 912 2751 οἷς

107 2765 243 2799 συνεργοῖς
268 2762 352 2798 μέλλει
375 2763 499 2799 χρῆσθαι
514 2765 557 2789 καὶ
585 2763 647 2800 βίον
662 2767 707 2791 καὶ
722 2764 816 2795 πόλεως
846 2766 911 2801 πρὸς

106 2803 286 2842 εὐδαιμονίαν,
307 2808 413 2838 τούτους
428 2808 489 2844 ὀρᾴν
505 2809 538 2840 ὡς
560 2807 683 2845 ἐχθροὺς,
706 2807 753 2836 διὰ
771 2812 818 2839 τὴν
838 2808 910 2836 ἕνοῦ-

725 155 975 184 EPISTOLARUM
995 142 1102 184 LIBER.
1117 157 1139 184 1.

1733 156 1787 187 6³14

955 219 997 247 ris
1017 218 1272 256 delinquentibus,
1290 226 1387 256 neque
1404 221 1502 248 tamen
1527 217 1655 248 subditis
1678 220 1786 249 intole-

957 263 1083 292 rantlus.

991 309 1035 336 47.
1053 308 1115 336 Vim
1132 308 1246 345 imperii
1262 309 1395 337 obtinere
1414 312 1530 345 oportet
1546 316 1605 337 non
1621 308 1786 345 puniendo,

958 353 1011 381 sed
1032 353 1204 388 opinionem
1220 353 1349 382 fovendo
1370 354 1544 382 severitatis.
1563 355 1642 382 lianc
1668 362 1787 382 morum

957 400 1097 434 procurat
1111 397 1269 433 stabilitas,
1283 398 1415 434 gravitas
1428 401 1456 426 et
1467 398 1572 427 sedula
1585 398 1786 427 observantia.

958 444 1064 470 Pmnas
1075 442 1208 478 inﬂigere
1217 442 1431 479 frequentiores
1442 443 1576 471 iracundi
1590 443 1687 479 potius
1694 451 1787 479 quam

958 487 1112 524 prudentis
1128 490 1181 515 est.
1207 487 1250 515 Illi
1265 488 1346 516 enim
1374 487 1458 516 facile
1476 488 1514 515 ad
1536 488 1722 524 puniendum
1738 488 1787 515 de-

959 532 1193 565 scendunt,cum
1205 540 1257 568 per
1269 532 1418 560 defectum
1433 532 1647 560 moderationis
1659 532 1787 560 mulcere

958 576 1095 605 homines
1110 577 1255 605 nesciunt.
1265 577 1398 610 Quorum
1413 576 1537 605 alterum
1549 580 1706 613 tyrannus,
1719 577 1788 604 alte-

960 629 1024 649 rum
1039 621 1065 648 is
1078 621 1160 649 solus
1175 621 1227 657 qui
1242 621 1368 657 imperio
1381 621 1490 657 dignus
1505 621 1612 649 faciet:
1626 621 1712 656 cujus
1729 621 1788 649 vir-

959 667 1007 693 tus
1022 668 1068 693 est
1090 665 1252 702 prtecipua,
1268 674 1329 694 non
1355 666 1490 702 perdere,
1507 665 1559 693 sed
1575 665 1712 693 meliores
1723 665 1789 694 red-

960 710 1030 738 dere
1045 718 1117 738 suos
1129 710 1276 738 subditos.

996 755 1039 783 48.
1061 755 1136 783 Sunt
1155 755 1206 791 qui
1222 755 1418 791 pronuntiant
1438 754 1478 783 ad
1493 754 1625 782 ofﬁcium
1641 755 1720 790 regis
1733 754 1788 783 im-

961 798 1065 835 primis
1091 799 1247 835 pertinere,
1269 799 1487 836 rempublicam
1504 806 1519 826 e
1535 806 1628 835 parva
1644 806 1787 834 magnam

961 843 1078 872 facere:
1095 843 1167 872 mihi
1180 844 1276 880 potius
1297 843 1422 876 videtur,
1439 852 1475 872 ex
1499 843 1639 879 improba
1661 843 1790 879 probam

963 889 1151 918 constituere.
1165 888 1240 916 Illud
1250 888 1330 917 enim
1343 888 1491 916 interdum
1505 888 1672 916 occasionis
1685 895 1790 915 cursus

962 935 1082 970 praestat
1099 941 1106 961 :
1127 933 1185 961 hoc
1206 933 1288 961 nullo
1314 933 1404 961 modo
1426 933 1597 968 contingere
1618 934 1715 969 potest
1733 932 1790 960 nisi

961 985 1015 1014 per
1024 977 1136 1014 optime
1147 978 1354 1014 imperantem.
1368 977 1451 1005 Hunc
1463 980 1493 1005 tu
1503 977 1528 1005 si
1545 977 1678 1005 imitatus
1689 976 1788 1009 fueris,

961 1023 1020 1050 tuis
1040 1022 1191 1059 praeclaris
1208 1022 1293 1050 factis
1307 1030 1370 1050 rem
1386 1022 1576 1050 subditorum
1597 1028 1791 1049 communem

960 1067 1067 1095 virtute
1088 1067 1290 1103 promovebis.

995 1113 1041 1140 49.
1062 1112 1168 1139 Moenia
1191 1111 1267 1139 sicut
1287 1111 1406 1139 ruinam
1434 1110 1611 1145 minitantia,
1634 1109 1739 1137 urbem
1760 1109 1790 1137 in

960 1159 1165 1192 contemptum
1177 1156 1298 1189 ducunt,
1311 1155 1378 1184 licet
1388 1155 1463 1183 alias
1476 1154 1599 1191 pulchre
1610 1154 1791 1182 aedificatam

960 1200 1096 1234 interius,
1106 1200 1183 1228 aeris
1195 1200 1379 1232 salubritate,
1392 1202 1420 1227 et
1431 1207 1531 1227 rerum
1541 1198 1691 1227 venalium
1705 1197 1791 1226 uber-

960 1248 1019 1274 tate
1032 1247 1151 1282 praestet
1168 1253 1174 1272 :
1190 1244 1230 1273 ita
1241 1252 1362 1281 quoque
1378 1247 1407 1272 et
1420 1243 1505 1280 impii
1520 1243 1601 1280 apud
1612 1243 1790 1279 principem,

960 1298 1021 1318 una
1041 1298 1110 1318 cum
1126 1290 1271 1326 ipsorum,
1287 1292 1315 1317 et
1335 1289 1400 1324 ejus
1419 1289 1509 1317 etiam
1524 1289 1616 1316 vitam
1631 1286 1792 1322 vituperari

959 1335 1085 1363 faciunt:
1095 1342 1168 1363 nam
1176 1334 1314 1371 quisquis
1324 1333 1441 1361 illorum
1454 1332 1618 1369 nequitiam
1628 1332 1789 1368 experitur,

960 1388 1030 1408 eum
1043 1381 1072 1407 in
1092 1380 1178 1415 cujus
1196 1381 1266 1406 sunt
1278 1377 1425 1410 satellitio,
1443 1377 1515 1414 ipsis
1528 1377 1653 1405 omnino
1665 1376 1791 1404 similem

961 1424 1170 1453 arbitrabitur.

998 1470 1041 1498 50.
1062 1468 1178 1496 Nullius
1193 1467 1412 1503 improbitatem
1425 1466 1629 1498 commendes,
1643 1465 1711 1493 licet
1722 1465 1792 1493 inde

962 1514 1095 1541 videatur
1110 1513 1177 1541 felix
1200 1520 1263 1540 esse
1279 1520 1284 1539 :
1302 1520 1373 1540 nam
1390 1512 1448 1539 hoc
1474 1511 1564 1539 modo
1590 1511 1625 1537 ad
1647 1510 1791 1545 majorem

962 1558 1185 1595 improbitatem
1201 1556 1390 1593 provocabis,
1405 1560 1434 1583 et.
1456 1555 1655 1592 suspicionem
1675 1554 1792 1581 creabis

963 1602 1150 1640 probabilem
1167 1604 1194 1629 te
1210 1604 1324 1629 tantum
1341 1600 1470 1636 opperiri
1494 1599 1683 1627 occasionem
1705 1600 1737 1625 ut
1751 1596 1791 1625 illi

963 1648 1068 1676 similis
1076 1647 1143 1675 ﬁas.
1157 1647 1237 1674 Certe
1248 1646 1297 1682 qui
1309 1645 1444 1673 nondum
1462 1644 1621 1678 datajusta
1633 1642 1792 1670 occasione

963 1693 1104 1721 affectum
1129 1699 1160 1719 se
1184 1690 1315 1718 ostendit
1338 1697 1410 1724 erga
1428 1689 1479 1716 illa
1501 1696 1570 1724 quas
1587 1686 1790 1719 commendat,

964 1737 1036 1765 nihil
1059 1736 1105 1764 ille
1125 1743 1186 1764 non
1207 1734 1343 1763 ctiectum
1366 1733 1450 1762 dabit
1466 1736 1497 1761 ut
1521 1732 1652 1769 primum
1672 1730 1793 1759 occasio

962 1782 1046 1817 justa
1060 1780 1205 1809 inciderit.

999 1836 1044 1862 51.
1065 1835 1158 1862 Mores
1170 1833 1338 1869 principum
1352 1832 1425 1866 legis
1441 1831 1501 1859 vice
1515 1832 1584 1858 sunt
1594 1829 1676 1866 apud
1692 1828 1794 1857 subdi-

965 1883 1021 1915 tos,
1039 1880 1179 1916 quocirca
1210 1887 1279 1906 cum
1296 1878 1470 1913 delinquant
1494 1875 1643 1911 homines,
1667 1882 1793 1903 causam

964 1925 1101 1960 rejiciuut
1114 1924 1144 1951 in
1159 1924 1368 1959 imperantem.
1386 1922 1450 1954 Quo
1467 1924 1492 1948 te
1508 1928 1579 1955 ergo
1594 1927 1671 1947 nexu
1687 1919 1793 1947 obstri-

965 1972 1046 1997 ctum
1057 1968 1149 1996 teneri
1164 1970 1263 2003 putas,
1277 1970 1307 1994 ut
1322 1966 1404 1993 omni
1421 1973 1476 2000 ope
1489 1972 1640 2000 operaque
1655 1964 1792 1991 virtutem

966 2014 1057 2045 colas,
1074 2016 1101 2040 et
1116 2012 1203 2040 bouis
1220 2011 1303 2038 factis
1320 2009 1444 2045 agendis
1457 2008 1593 2043 invigiles
1604 2008 1618 2035 ?

1002 2070 1046 2095 52.
1068 2066 1220 2094 Actionem
1232 2071 1445 2101 quamcunque
1458 2061 1614 2090 consilium
1630 2059 1792 2096 prmcedat.

967 2113 1040 2141 Suut
1050 2112 1128 2139 enim
1140 2109 1262 2138 lubricze
1275 2111 1303 2136 et
1315 2107 1498 2144 periculosae,
1512 2113 1579 2142 quae
1590 2105 1654 2133 sine
1666 2104 1792 2132 consilio

965 2158 1160 2193 peraguntur.
1178 2154 1262 2189 Quod
1284 2153 1307 2181 si
1327 2153 1398 2189 quid
1420 2152 1493 2180 forte
1513 2149 1687 2179 successerit
1706 2149 1792 2182 bene,

966 2210 1021 2230 nec
1042 2201 1162 2237 quidem
1188 2199 1299 2236 injuria
1323 2197 1443 2227 aliunde
1469 2195 1638 2225 censebitur
1658 2194 1794 2222 evenisse

968 2247 1065 2284 potius
1079 2254 1171 2282 quam
1186 2245 1225 2273 ab
1241 2245 1354 2280 impetu
1370 2245 1396 2271 et
1410 2242 1528 2270 fortuita
1543 2241 1607 2276 ejus
1621 2238 1793 2275 operatione

967 2291 1019 2328 qui
1037 2291 1215 2327 plerumque
1231 2289 1304 2318 solet
1319 2288 1467 2317 aberrare.

1003 2340 1047 2368 53.
1069 2341 1141 2373 Quae
1157 2339 1320 2367 multorum
1337 2337 1486 2368 manibus,
1503 2337 1532 2363 et
1557 2333 1698 2362 continuo
1721 2339 1794 2368 ope-

967 2384 1115 2417 rantibus,
1124 2383 1205 2412 haud
1214 2382 1414 2419 perficiuntur,
1424 2380 1473 2408 illa
1480 2379 1566 2407 unico
1573 2377 1696 2406 consilio
1705 2376 1792 2404 unius

968 2433 997 2458 et
1012 2429 1104 2457 semel
1125 2432 1194 2457 actu
1209 2429 1347 2456 eventum
1365 2425 1537 2453 sortiuntur.
1556 2423 1659 2458 Itaque
1676 2423 1791 2449 rectum

968 2474 1126 2503 consilium
1144 2473 1308 2501 multorum
1324 2469 1464 2499 manibus
1480 2467 1656 2504 prmtlileris.

1002 2529 1047 2557 54.
1067 2526 1237 2564 Adjuvassit
1251 2523 1424 2562 poenitentia
1439 2521 1664 2558 providentiam.
1679 2519 1708 2548 Si
1724 2527 1793 2555 quae

967 2574 1055 2609 igitur
1064 2573 1149 2601 illum
1159 2570 1297 2600 latuerint
1309 2571 1338 2598 et
1351 2567 1517 2603 effugerint,
1529 2566 1752 2601 hmcresumpta
1762 2566 1791 2591 et

966 2618 1120 2647 recollecta
1128 2615 1268 2645 resarciat
1285 2617 1314 2643 et
1328 2614 1493 2642 conservet.

1003 2675 1045 2701 55.
1067 2673 1117 2700 Est
1138 2670 1252 2699 invidia
1266 2669 1472 2704 cujuscunque
1491 2666 1599 2695 animm
1614 2663 1737 2692 morbus
1751 2662 1794 2690 in-

966 2725 1051 2753 gens,
1065 2716 1117 2745 sed
1128 2723 1189 2752 prce
1196 2715 1261 2743 aliis
1276 2713 1330 2742 viri
1345 2720 1414 2741 cum
1425 2711 1593 2748 principatu
1606 2708 1790 2753 exsistentis.

966 2751 1091 2790 ﬁecesse
1104 2751 1183 2790 enim
1198 2760 1289 2789 habet
1302 2758 1368 2788 illos
1389 2759 1535 2793 tanquam
1557 2755 1658 2783 hostes
1674 2751 1791 2784 intueri,

967 2809 1088 2844 propter
1102 2806 1237 2835 innatam
1248 2805 1321 2842 ipsis
1336 2803 1485 2835 virtutem,
1494 2804 1522 2830 et
1536 2808 1574 2829 ex
1586 2797 1701 2827 insidiis
1711 2796 1793 2824 velut
