4090 6228
497 297 603 372 6Ἰὸ

1766 265 1999 362 pedm
2039 287 2524 360 pistrensem
2563 285 2670 358 cp.

3767 287 3873 355 676

495 440 700 496 hostes
736 433 980 503 adoriri,
1013 449 1168 509 quos
1196 432 1320 491 vult
1341 435 1396 490 et
1422 431 1600 488 debet
1629 428 1916 488 adhibere
1935 445 2133 503 coope-

2266 447 2360 482 σαν
2411 428 2616 503 ἀρετὴν,
2685 430 2776 479 καὶ
2834 422 3177 480 ἐπιϐουλεύειν
3231 428 3296 486 ὡς
3361 424 3642 496 πολεμίοις,
3695 423 3776 475 Οὔ
3821 427 3872 476 τί

495 534 696 586 rantes
753 527 830 583 ad
890 542 1063 582 suam
1121 523 1310 596 ipsius
1349 527 1404 578 et
1433 521 1771 593 reipublicae
1813 520 2152 576 felicitatem

495 607 1000 666 constituendam.
1034 607 1162 672 Quo
1188 603 1437 677 quidem
1462 601 1615 658 nihil
1647 601 1736 660 vel
1762 600 2150 675 perniciosius

495 697 587 755 vel
621 697 857 754 stultius
889 711 1020 752 esse
1044 697 1246 767 queat.

571 789 656 843 56.
705 787 768 841 In
814 789 1110 858 quantum
1144 782 1387 841 vitanda
1416 785 1504 841 est
1531 780 1779 849 invidia,
1811 781 1871 839 in
1917 785 2148 840 tantum

494 874 888 933 annitendum
917 878 975 929 ut
1001 872 1396 939 invideamur.
1429 872 1492 928 Et
1521 873 1636 928 hoc
1670 872 1966 944 imprimis
1989 871 2148 944 prin-

493 965 609 1036 cipi
639 963 932 1028 convenit,
961 977 1143 1034 quem
1175 977 1297 1018 non
1327 966 1416 1018 est
1447 959 1712 1034 proclive
1742 961 2054 1018 malevolis
2083 965 2150 1018 ut

492 1053 730 1109 laedant.
763 1053 926 1116 Quod
962 1051 1010 1106 si
1039 1055 1242 1107 autem
1289 1051 1747 1123 comprimenda
1799 1051 1871 1106 sit
1922 1050 2146 1107 invidia

491 1143 600 1213 (est
629 1141 786 1196 enim
819 1141 1016 1196 bellua
1039 1141 1236 1196 audax
1269 1140 1560 1212 imprimis
1593 1139 2144 1212 etversipellis),im-

490 1230 822 1303 pressiones
878 1230 1008 1301 ejus
1090 1230 1327 1285 eludere
1385 1234 1636 1300 oportet,
1693 1243 1816 1285 non
1865 1229 2143 1285 virtutem

489 1318 836 1384 minuendo,
897 1319 1002 1372 sed
1048 1318 1456 1373 moderatione
1517 1319 1881 1381 animorum,
1931 1321 1988 1372 et
2037 1329 2143 1389 per

488 1408 818 1480 quamdam
852 1407 1306 1462 diminutionem
1341 1407 1924 1479 subtractionemque
1949 1411 2140 1462 osten-

488 1497 655 1553 tandi
703 1500 1078 1568 potestatem,
1115 1501 1172 1551 et
1199 1495 1545 1552 declarandi
1576 1496 2048 1568 superioritatem
2081 1496 2141 1550 in

488 1589 666 1642 rebus
696 1597 818 1641 non
851 1586 1026 1640 nimis
1057 1585 1432 1641 necessariis.

561 1689 647 1748 57.
691 1695 839 1749 Cum
861 1691 1360 1764 sibimetipsiquis
1379 1693 1774 1765 imperaverit,
1800 1697 1926 1749 tum
1948 1693 2140 1749 sesuis

2260 520 2321 570 ἄν
2353 519 2430 577 εἴη
2468 517 2830 594 ὁλεθριώτιρον
2858 519 2887 575 ἦ
2923 514 3327 592 ἀφρονέστερον;

2326 791 2428 859 νςῖ
2481 789 2648 846 Ὀσον
2704 785 2763 847 δί
2794 785 2880 844 δεῖ
2931 789 3109 863 φυγεῖν
3151 789 3208 840 τό
3253 787 3470 860 φθονεῖν,
3504 792 3762 838 τοσοῦτον
3793 781 3873 837 οἰ⁸

2257 887 2404 936 ώκειν
2431 886 2488 936 τό
2521 881 2824 955 φθονεῖσθαι
3023 876 3282 953 Ἀρχοντι
3312 872 3371 928 δὲ
3408 873 3642 948 μάλιστα
3665 876 3868 948 πρέπει,

2256 973 2295 1043 ᾧ
2339 969 2469 1045 μηδ’
2519 969 2572 1034 ἐξ
2624 970 2834 1041 ἑτοίμου
2876 969 2906 1028 ἡ
2967 966 3070 1021 ἀπὸ
3130 973 3231 1019 τῶν
3289 967 3608 1038 φθονούντων
3664 966 3873 1035 φέρεται

2258 1061 2450 1135 βλάϐη.
2486 1060 2546 1114 Ei
2577 1056 2660 1113 δεῖ
2706 1056 2766 1112 δὲ
2819 1059 2956 1131 ὅμως
2985 1061 3076 1110 τὸν
3125 1057 3310 1130 φθόνον
3356 1053 3708 1130 περιστέλλειν
3753 1053 3876 1124 (πο-

2253 1150 2560 1224 λυμήχανον
2589 1153 2691 1224 γὰρ
2741 1154 2830 1202 καὶ
2884 1147 3176 1217 πάντολμον
3223 1149 3280 1198 τό
3335 1145 3559 1220 θηρίον),
3611 1143 3711 1195 οὐκ
3760 1141 3874 1215 ἀρεο

2255 1248 2349 1303 τῆς
2400 1239 2699 1307 ἐλαττώσει,
2733 1242 3035 1310 μετριότητι
3068 1233 3127 1288 δε
3176 1239 3527 1310 φρονήματος,
3580 1237 3673 1285 καὶ
3719 1231 3874 1305 ἀφαι·

2252 1335 2394 1404 ρέσιι
2424 1332 2513 1380 καὶ
2553 1333 2808 1402 περικοπῇ
2864 1333 2957 1387 τῆς
3009 1324 3058 1376 ἐν
3106 1332 3214 1386 τοῖς
3260 1323 3356 1376 οὐκ
3413 1324 3717 1394 ἀναγκαίοις
3765 1319 3873 1372 ἔπι-

2255 1416 2457 1481 δείξεως
2504 1423 2593 1469 καὶ
2645 1416 2952 1480 πλεονεξίας,
3008 1417 3104 1474 τάς
3153 1413 3312 1465 αὐτοῦ
3363 1409 3587 1485 βολίδας
3617 1408 3876 1486 διακρου-

2256 1512 2421 1561 στίον.

2322 1703 2418 1765 νζ’.
2485 1702 2646 1757 Ὀταν
2695 1722 2770 1762 τις
2825 1703 2966 1774 οἷρχη
3037 1700 3244 1765 ἑαυτοῦ,
3301 1701 3415 1753 τότε
3469 1697 3731 1772 νομιζέτω
3784 1700 3874 1749 καί

489 1779 739 1836 subditis
770 1781 1066 1852 imperare
1097 1787 1263 1854 putet
1293 1797 1429 1836 cum
1463 1781 1693 1837 effectu.
1727 1781 1832 1837 Ubi
1868 1781 2025 1838 enim
2059 1779 2133 1837 illi

2262 1799 2350 1845 τῶν
2395 1794 2638 1852 ὑπηκόων
2698 1793 2882 1865 ἄρχειν
2932 1789 3158 1852 ἀληθῶς.
3211 1789 3378 1842 Ὀταν
3410 1791 3509 1861 γὰρ
3566 1784 3736 1840 ἴδωσι
3785 1788 3870 1838 τόν

486 1869 740 1926 viderint
764 1887 900 1926 eum
933 1871 1036 1942 qui
1066 1870 1211 1943 ipsis
1235 1876 1464 1943 praeest,
1496 1869 1807 1926 affectibus
1823 1870 2140 1942 suisimpe—

483 1964 737 2024 rantem,
779 1959 1188 2030 voluptatibus
1220 1960 1654 2026 dominantem,
1691 1960 1941 2017 libenter
1970 1976 2031 2016 se
2083 1965 2139 2017 et

484 2061 621 2104 cum
676 2048 973 2104 desiderio
1033 2049 1354 2120 subjicient
1395 2049 1644 2122 imperio
1687 2049 1812 2121 ejus
1843 2066 1854 2106 :
1885 2049 2050 2121 quod
2088 2049 2137 2105 si

482 2137 878 2210 voluptatibus
935 2143 992 2193 et
1051 2137 1365 2194 affectibus
1422 2138 1544 2193 suis
1597 2137 1817 2194 servire
1864 2137 2134 2204 viderint,

481 2239 653 2282 servo
687 2227 937 2283 subesse
964 2241 1086 2283 non
1120 2227 1434 2299 patientur.

553 2338 637 2390 58.
671 2327 936 2392 Judicem
971 2333 1136 2390 illum
1171 2335 1467 2406 optimum
1499 2333 1808 2401 arbitrare,
1843 2334 2132 2407 quijusti-

480 2422 574 2477 tiae
607 2429 882 2479 naturam
911 2429 965 2478 et
995 2421 1401 2478 conditionem
1423 2421 1727 2478 celerrime
1754 2422 1906 2478 valet
1930 2423 2136 2478 animo

480 2509 950 2581 apprehendere,
985 2517 1041 2566 et
1089 2511 1448 2566 intellectam
1499 2510 1707 2566 ordine
1762 2510 2036 2583 producit
2075 2510 2135 2566 in

479 2604 790 2670 apertum;
825 2599 1097 2670 quiceler
1118 2599 1195 2654 ad
1221 2597 1644 2672 opitulandum
1672 2595 1898 2656 accedit
1920 2599 2137 2670 injuria

478 2685 726 2757 atl‘ectis,
759 2687 1175 2761 delinquentes
1202 2685 1429 2744 tardius
1458 2689 1625 2761 punit
1658 2706 1670 2755 ;
1711 2690 1812 2762 qui
1853 2705 1973 2745 non
2006 2705 2134 2745 cor-

477 2777 772 2849 rumpitur
809 2793 978 2842 auro,
1022 2794 1128 2833 nec
1168 2776 1408 2833 inﬂatur
1465 2781 1780 2848 potestate;
1821 2779 1917 2849 qui
1955 2778 2136 2836 vincit

478 2865 874 2937 iracundiam,
897 2883 1004 2922 nec
1026 2866 1345 2923 clementia
1369 2866 1759 2941 vincitur;qui
1781 2865 2131 2924 afﬁnitatem

477 2955 691 3019 solam,
730 2956 1081 3023 amicitiam,
1145 2955 1495 3028 popularem
1554 2972 1764 3013 auram
1806 2973 1927 3012 non
1969 2955 2135 3014 aliter

474 3045 743 3117 agnoscit
769 3061 954 3118 quam
988 3062 1125 3102 cum
1150 3046 1371 3116 iustitia
1390 3043 1958 3118 judicando,solum
1980 3047 2134 3118 inju-

473 3140 697 3196 stitiam
729 3153 765 3194 a
797 3152 855 3191 se
887 3134 1165 3200 alienam,
1195 3135 1502 3192 inimicam
1531 3135 1641 3190 sibi
1689 3139 1744 3192 et
1775 3135 2134 3207 ignominio-
2167 3120 2212 3176 (ἶ

479 3249 610 3289 sam
633 3230 968 3287 arbitratur.

551 3341 641 3396 59.
683 3340 833 3406 Erga
856 3339 1146 3405 cognatos
1175 3337 1232 3390 et
1261 3333 1472 3390 afﬁnes
1498 3333 1618 3389 noli
1636 3349 1770 3389 esse
1793 3333 2132 3390 abalienato

478 3427 701 3490 animo,
719 3425 832 3480 levi
855 3426 926 3479 de
951 3439 1132 3478 causa
1149 3427 1202 3477 et
1227 3422 1468 3477 incerta.
1485 3424 1634 3478 Nam
1670 3429 1972 3494 utcunque
1992 3422 2132 3478 sub-

476 3530 606 3569 esse
647 3516 893 3584 possunt
931 3510 1179 3564 latentes
1238 3524 1429 3562 causa:
1489 3524 1623 3579 quas
1680 3508 1812 3578 jure
1850 3515 2133 3564 excusent

475 3601 902 3663 abalienatum,
935 3597 1016 3652 illi
1047 3604 1246 3652 tamen
1262 3596 1480 3668 quibus
1495 3601 1627 3652 sunt
1649 3596 1983 3667 incognitae,
2007 3613 2130 3654 non

475 3691 536 3746 in
566 3686 1030 3758 illosconjicient
1052 3684 1290 3755 culpam
1335 3683 1814 3751 abalienationis,
1837 3685 1941 3740 sed
1962 3691 2131 3743 tuam

473 3776 846 3836 accusabunt
886 3773 1135 3831 omnino
1175 3771 1470 3828 levitatem
1521 3777 1576 3828 et
1631 3773 1843 3829 mentis
1882 3773 2128 3830 inﬁrmi-

473 3872 679 3925 tatem.

543 3975 630 4031 60.
666 3972 996 4044 Principem
1037 3984 1159 4026 non
1196 3972 1318 4026 tam
1355 3967 1570 4025 excolit
1606 3970 1791 4026 virtus
1824 3970 2034 4027 bellica
2073 3977 2132 4026 et

469 4066 704 4121 salvum
729 4065 980 4136 prtestat,
1003 4075 1189 4132 quam
1215 4058 1552 4130 benignitas
1574 4065 1628 4114 et
1655 4059 1786 4130 pius
1807 4061 1863 4113 in
1883 4075 2125 4131 compa-

469 4155 678 4211 triotas
718 4153 988 4208 atlectus.
1034 4145 1211 4214 Multi,
1245 4147 1426 4204 rebus
1456 4145 1680 4202 bellicis
1713 4146 1995 4220 praeclare
2024 4147 2126 4202 ad-

467 4242 848 4311 ministratis,
887 4239 1053 4296 domi
1110 4244 1346 4310 propter
1387 4236 1802 4292 truculentiam
1843 4251 1950 4308 per
1988 4252 2128 4291 suos

469 4332 840 4394 interierunt,
875 4325 1040 4384 multi
1073 4342 1178 4400 per
1209 4341 1352 4381 suos
1374 4325 1589 4380 servati
1621 4323 1939 4388 redierunt,
1967 4340 2126 4396 quos

464 4423 617 4478 bene
646 4419 906 4492 captivos
935 4417 1195 4472 fecerunt
1223 4411 1464 4469 hostiles
1497 4414 1704 4485 copiae,
1735 4427 1931 4486 neque
1962 4414 2123 4469 enim

463 4512 647 4569 vitam
679 4509 756 4565 illi
786 4523 958 4564 suam
991 4502 1275 4578 principis
1298 4500 1469 4558 saluti
1494 4499 1903 4576 praetulerunt.

537 4711 624 4765 6t.
668 4709 798 4765 Illos
851 4707 1086 4780 oportet
1151 4715 1289 4758 cum
1349 4698 1706 4770 magistratu
1767 4697 2122 4754 constituere

467 4799 571 4870 qui
602 4800 884 4855 virtutum
913 4794 1189 4854 omnium
1220 4787 1395 4864 copia
1434 4789 1845 4845 instruuntur:
1878 4787 2044 4860 quod
2075 4789 2124 4844 si

469 4901 590 4942 non
624 4887 788 4943 omni
804 4887 1034 4952 virtute,
1057 4879 1281 4957 iustitia
1303 4878 1511 4937 saltem
1530 4877 1914 4935 instruantur.
1940 4875 2128 4942 Quid-

2251 1885 2574 1955 ἐφεστηκότα
2621 1882 2860 1957 ἄρχοντα
2923 1881 3101 1933 παθῶν
3148 1883 3238 1931 καὶ
3294 1887 3585 1951 κρατοῦντα
3643 1873 3869 1940 ἡδονῶν,

2250 1976 2365 2024 τότε
2394 1973 2534 2042 πόθῳ
2567 1977 2655 2022 καὶ
2713 1970 2910 2030 ἑκόντες
2963 1974 3054 2021 καὶ
3095 1968 3243 2020 αὐτοὶ
3293 1967 3725 2039 ὑποταγησονται
3769 1986 3783 2000 ο
3813 1969 3871 2017 ἀν

2253 2057 2310 2113 δὲ
2343 2057 2675 2135 ἀνδράποδον
2718 2056 2906 2111 ἴδωσιν
2961 2054 3159 2120 ἡδονῆς
3211 2062 3296 2109 καὶ
3359 2059 3555 2123 παθῶν,
3604 2054 3869 2128 ἀφόρητον

2249 2151 2539 2220 ἡγήσονται
2571 2144 2890 2220 ἀνδραπόδῳ
2923 2143 3182 2200 δουλεύειν
3223 2146 3393 2204 αὐτοί,

2320 2343 2422 2402 νη’.
2472 2344 2720 2417 Ἀριστον
2776 2343 2957 2415 νόμιζε
3005 2337 3290 2409 δικαστὴν,
3344 2343 3400 2404 ὃς
3427 2344 3586 2414 τάχει
3640 2345 3730 2414 μὲν
3786 2339 3870 2393 λο·

2245 2441 2452 2504 γισμών
2486 2438 2578 2491 τὴν
2626 2440 2716 2484 τοῦ
2775 2429 2984 2484 δικαίου
3043 2435 3199 2504 φύσιν
3231 2434 3456 2504 θηρεύει,
3498 2433 3768 2502 θηρεύσας
3809 2427 3868 2484 δι

2251 2525 2344 2573 σὺν
2396 2519 2638 2593 ὀρθότητι
2687 2524 2903 2596 προάγει
2956 2542 2967 2553 ο
3016 2527 3106 2572 καὶ
3151 2520 3347 2591 πρᾶξαι
3399 2524 3488 2592 μεν
3528 2522 3704 2572 οἰνίσιν
3761 2527 3869 2580 τοίς,

2249 2605 2616 2680 ἀδικουμένοις
2647 2607 2785 2676 ὀξὺς,
2839 2605 3043 2682 βραδὺς
3098 2605 3156 2660 δὲ
3187 2609 3409 2662 κολάσαι
3452 2609 3574 2668 τοὺς
3633 2608 3868 2680 ἁμαρτά-

2246 2717 2428 2760 νοντας
2460 2717 2471 2731 ·
2521 2704 2610 2750 καὶ
2660 2704 2904 2772 κρείττων
2958 2701 3048 2768 μὲν
3104 2701 3364 2770 χρυσίου,
3418 2696 3512 2748 οὐκ
3557 2695 3779 2748 ἐλάττων
3808 2692 3867 2749 δὲ

2247 2783 2594 2847 δυναστείας·
2625 2793 2715 2839 καὶ
2764 2796 2967 2859 κρατῶν
3016 2789 3106 2858 μὲν
3159 2787 3342 2859 ὀργῆς,
3403 2785 3506 2857 οὐχ
3567 2786 3868 2856 ἡττώμενος

2247 2873 2309 2930 δὲ
2369 2880 2671 2949 συμπαθείᾳ
2703 2899 2714 2911 ·
2747 2883 2836 2928 καὶ
2875 2881 3035 2948 μόνην
3077 2881 3168 2948 μὲν
3202 2881 3504 2948 συγγένειαν
3552 2878 3644 2926 καὶ
3693 2872 3864 2945 φιλίαν

2245 2971 2335 3018 καί
2369 2963 2526 3029 δόξαν
2572 2964 2733 3032 οἶδεν,
2796 2969 2844 3017 ἐν
2899 2974 2969 3036 τῷ
3029 2961 3292 3030 δικάζειν,
3341 2969 3432 3024 τὴν
3464 2960 3815 3020 δικαιοσύνην
3850 2983 3864 2996 ο

2247 3059 2409 3127 μόνην
2463 3052 2522 3108 δὲ
2564 3053 2915 3129 ἀλλοτρίωσιν
2969 3057 3060 3105 καὶ
3106 3054 3302 3125 ἔχθραν
3341 3057 3430 3106 καὶ
3486 3047 3726 3114 ἀδοξίαν,
3769 3054 3866 3108 τὴν

2250 3139 2484 3198 ἀδικίαν.

2319 3339 2408 3392 νθ’.
2442 3337 2620 3396 Μηδὲν
2653 3347 2747 3401 τῆς
2801 3343 2928 3412 πρὸς
2979 3341 3038 3390 τό
3087 3337 3340 3410 ὁμόφυλον
3390 3334 3672 3398 διαθέσεως
3711 3337 3866 3408 αὔχει

2241 3437 2348 3502 ρῶς
2379 3434 2467 3479 καὶ
2523 3433 2694 3500 χωρὶς
2745 3427 2996 3500 ἐμφανοῦς
3039 3427 3214 3487 αἰτίας
3252 3426 3608 3497 μεταϐάλλοις.
3660 3427 3719 3479 Εἰ
3756 3429 3864 3498 γὰρ

2243 3523 2336 3568 καὶ
2393 3516 2846 3568 ὑπολανθάνουσαι
2902 3515 3022 3589 παρ’
3074 3515 3244 3567 αὐτῶν
3285 3515 3451 3568 αἰτίαι
3480 3521 3574 3572 τὴν
3605 3519 3732 3587 προς
3771 3515 3864 3566 αὖ-

2243 3611 2366 3668 τοὺς
2421 3605 2708 3671 μεταϐολὴν
2754 3601 2967 3656 δικαίαν
2998 3613 3262 3672 ποιοῦσιν,
3319 3604 3424 3658 ἀλλ’
3456 3601 3544 3656 οὖν
3583 3606 3634 3656 οἱ
3670 3608 3866 3665 ταύτας

2246 3700 2318 3767 μὴ
2368 3703 2701 3766 συνορῶντες,
2761 3693 2855 3745 οὐκ
2912 3691 3134 3753 ἐκείνους
3210 3693 3539 3745 αἰτιάσονται
3606 3702 3702 3755 τῆς
3764 3701 3864 3753 σῆς

2247 3788 2363 3857 περὶ
2419 3784 2607 3844 αὐτοὺς
2662 3781 3003 3847 ἀλλοιώσεως,
3063 3790 3158 3834 σοῦ
3203 3777 3253 3834 δ’
3287 3781 3582 3856 ἀρρωστίαν
3639 3786 3730 3833 καὶ
3780 3781 3860 3832 εὖ-

2245 3877 2458 3948 χέρειαν
2485 3878 2916 3945 κατηγορήσουσι
2950 3877 3176 3944 γνώμης.

2320 3977 2381 4041 ξ’.
2422 3978 2543 4049 Οὐχ
2598 3980 2756 4038 οὕτως
2807 3979 2836 4036 ἠ
2885 3975 2931 4028 ἐν
2964 3977 3170 4048 πολέμῳ
3225 3973 3441 4050 ἀνδρεία
3485 3978 3572 4028 τόν
3621 3976 3868 4050 ἀρχοντα

2241 4074 2433 4140 κοσμεῖ
2490 4073 2579 4118 καὶ
2637 4071 2813 4136 σώζει,
2854 4069 2920 4127 ὡς
2967 4068 2996 4126 ἡ
3048 4068 3210 4140 πρόὺς
3261 4070 3382 4126 τοὺς
3438 4065 3725 4138 ὁμοφύλους
3781 4069 3860 4118 εὖ·

2241 4161 2422 4228 μένεια
2457 4157 2547 4228 καὶ
2601 4154 2979 4229 φιλανθρωπία.
3042 4155 3226 4208 Πολλοὶ
3287 4157 3386 4228 γὰρ
3446 4154 3702 4225 πολεμίων
3732 4175 3860 4226 κρα-

2241 4249 2518 4313 τήσαντες,
2575 4245 2674 4296 ὑπὸ
2728 4252 2826 4296 τῶν
2883 4242 3082 4296 οἰκείων
3142 4239 3214 4296 δι’
3281 4241 3525 4314 ὠμότητα
3575 4238 3859 4317 διεφθάρη-

2241 4353 2342 4386 σαν
2377 4355 2388 4367 ·
2419 4337 2508 4385 καὶ
2552 4329 2728 4385 πολλοὶ
2775 4335 2917 4407 παρά
2961 4335 3145 4405 μικρόν
3200 4330 3390 4382 ἁλῶναι
3439 4331 3707 4402 πολεμίοις
3755 4353 3866 4384 xw-

2240 4419 2609 4487 δυνεύσαντες,
2704 4422 2804 4472 ὑπό
2879 4431 2979 4473 τῶν
3030 4419 3300 4492 ὁμοφύλων
3333 4417 3692 4486 διεσώθησαν,
3742 4417 3865 4474 οὐδ’

2240 4511 2369 4564 αὖτὸ
2399 4515 2457 4563 τό
2487 4511 2583 4582 ζῇν
2629 4511 2756 4583 ὑπὲρ
2802 4518 2893 4570 τῆς
2950 4512 3216 4581 σωτηρίας
3271 4509 3712 4582 προτιμησάντων
3770 4517 3864 4562 τοῦ

2239 4603 2523 4676 ἄρχοντος.

2319 4696 2417 4760 ξα’.
2467 4695 2768 4771 Ἀρχοντας
2819 4691 2901 4748 δεῖ
2947 4695 3283 4760 καθιστάναι,
3335 4694 3570 4766 μάλιστα
3626 4699 3719 4768 μὲν
3767 4699 3869 4750 πά-

2245 4806 2368 4847 σαις
2415 4783 2761 4846 πλουτοῦντας
2811 4792 2926 4847 ταῖς
2982 4781 3192 4860 ἀρεταῖς
3219 4804 3233 4816 ·
3271 4783 3314 4836 εἰ
3357 4780 3414 4836 δὲ
3444 4787 3541 4856 μή,
3567 4787 3779 4848 πάντως
3807 4807 3866 4859 γε

2242 4873 2635 4938 δικαιοτάτους.
2668 4880 2770 4930 Καὶ
2795 4878 2896 4951 γὰρ
2942 4873 2975 4926 ἃ
3003 4880 3114 4935 τοῖς
3168 4874 3406 4948 ἄρχουσι
3456 4879 3864 4947 παραμονείται,

2043 5053 2270 5112 NOTAE.

537 5243 648 5326 φρ)
688 5241 777 5326 τὲ
802 5233 1299 5326 ίφίθρξεξοῑθοξξίμῌρρ
1336 5235 2122 5326 ςεβξιξὲεῇξεὲἒθι-ςὶξὲἒεὶα

467 5306 693 5379 odium,
712 5325 821 5366 nec
843 5308 1309 5372 miserationem.
1327 5307 1436 5379 sed
1461 5306 1747 5362 invidiam
1772 5309 2116 5379 procurant,

466 5377 750 5442 nimirum
780 5397 874 5437 res
901 5379 1195 5454 praetera}
1215 5383 1273 5433 et
1296 5378 1573 5454 illustres.
1608 5383 1708 5454 ιςαι
1718 5377 1834 5454 1&9
1865 5395 1945 5454 τοι
1974 5377 2124 5439 ὅστις

464 5462 677 5528 τούτοις,
704 5443 918 5528 φθονεῑ,’
943 5451 1134 5528 inquit
1174 5449 1396 5528 Lysias,
1452 5443 1566 5528 ea;
1602 5451 1650 5528 οἱ
1700 5443 1844 5528 (£3.35:
1894 5447 2120 5514 ἐλεοῦσι,

466 5537 602 5594 τίνος
659 5519 721 5580 ἂν
773 5519 894 5596 ὑμῖν
952 5519 1277 5596 οΓτοιοῦέοι
1327 5519 1694 5596 ,ἀποσχέσθαι
1749 5519 1895 5574 δοκιί
1958 5539 2120 5579 πονη·

462 5591 614 5684 ptas;
639 5591 920 5675 Appo'site
953 5595 1168 5651 Statius
1195 5591 1500 5664 Papinius,

2312 5231 2589 5299 Quisnam
2615 5232 2915 5302 impacata
2942 5229 3468 5302 consanguinitate
3496 5232 3720 5291 locavit

2309 5305 2641 5379 Ivgrtunam
2662 5301 3060 5379 iustitiamque
3078 5301 3278 5379 {Dens
3299 5304 3403 5375 qui
3407 5307 3597 5374 jussit
3620 5306 3862 5379 iniquus

2311 5376 2644 5431 zEternum
2672 5373 2892 5430 bellare
2915 5375 3059 5430 Deas
3091 5374 3120 5428 ?
3151 5373 3456 5432 nulla‘mue
3487 5379 3717 5434 notavit

2315 5447 2435 5521 ζιια
2455 5445 2712 5521 domum,
2747 5453 2913 5502 torvo
2935 5459 3108 5516 quam
3130 5461 3259 5521 _non
3294 5445 3430 5521 haec
3469 5447 3693 5521 lumine
3718 5450 3862 5521 ﬁgat

2311 5519 2608 5580 Protinus,
2642 5523 2696 5575 et
2721 5531 2875 5573 saeva
2903 5518 3210 5587 perturbet
3242 5518 3471 5587 gaudia
3502 5520 3748 5577 dextra.
