4090 6228
190 298 299 365 677

1445 290 1976 376 EPISTOLABUM
2017 291 2234 362 LIBER
2272 301 2314 362 ι.

3460 298 3566 370 678

192 440 366 487 ταῦτα
395 435 454 485 τὸ
483 439 638 504 μῖσος
694 435 783 483 καὶ
841 433 935 488 τὴν
989 429 1160 503 ὀργὴν
1203 437 1295 482 τοῦ
1362 429 1587 492 πλήθους
1617 431 1690 494 εἰς
1718 435 1805 484 τὸν

1927 431 2062 504 quid
2110 432 2269 488 enim
2299 430 2655 505 deliquerint
2683 433 3086 504 magistratus,
3120 433 3326 490 odium
3373 439 3428 492 et
3477 434 3568 492 ira

195 524 679 597 προχειρισάμενον
707 520 964 594 ἀναφέρει.

272 699 378 773 ξβ’.
439 699 769 771 Πολλαχόθεν
838 695 920 752 δεῖ
993 701 1080 750 τὸν
1132 699 1370 771 ἄρχοντα
1423 700 1652 772 θηρεύειν
1709 707 1807 751 τῶν

200 793 446 849 ὑπηκόων
496 793 588 851 τὰς
643 796 876 862 γνώμας,
931 794 1020 840 καὶ
1075 790 1207 841 οὕτω
1250 796 1514 850 κοινωνοῖς
1566 791 1808 864 χρῆσθαι

201 881 370 953 φιλίας
417 884 508 932 καὶ
556 878 727 952 ἀρχῆς
781 884 872 932 καὶ
917 877 1303 950 βουλευμάτωνο
1366 887 1588 950 πρῶτον,
1650 878 1702 941 ἐξ
1740 880 1807 929 ὧν

199 970 362 1034 αὐτὸς
390 973 455 1023 τὰ
491 972 628 1022 κατὰ
679 973 772 1027 τήν
823 970 984 1022 αὑτοῦ
1023 969 1190 1021 οἰκίαν
1215 969 1498 1040 οἰκονομεῖν
1546 965 1803 1042 δεύτερον,

201 1059 256 1122 ἕξ
281 1059 350 1111 ὧν
380 1064 593 1131 γυναικί
641 1077 695 1111 τε
741 1062 831 1111 καὶ⁵
882 1063 1037 1111 παισὶ
1082 1063 1173 1110 καὶ
1224 1054 1432 1118 δούλοις
1481 1054 1807 1112 συνδιατίθεο

199 1169 292 1202 ται
320 1167 332 1178 ·
370 1154 574 1222 τρίτον,’
609 1146 664 1210 ἐξ
715 1147 783 1198 ὧν
826 1152 1087 1220 κέχρηται
1129 1154 1234 1207 τοῖς
1288 1147 1495 1219 φίλοις·
1541 1151 1806 1219 τέταρτον,

202 1238 257 1300 ἐξ
324 1239 394 1290 ὧν
445 1241 572 1311 πρὸς
632 1240 756 1298 τοὺς
815 1235 870 1288 ἐκ
919 1242 1156 1307 γειτόνων
1216 1233 1510 1288 διάκειταιο
1548 1242 1638 1287 καὶ
1683 1240 1809 1307 πίμ-

200 1346 352 1394 πτον,
383 1325 435 1390 ἕξ
471 1328 539 1378 ὧν
565 1328 762 1400 ἔχθραν
793 1345 847 1377 τε
900 1322 1216 1398 ἀναδέχεται
1258 1330 1346 1376 καὶ
1404 1323 1668 1396 ἀμύνεται,
1719 1331 1808 1376 καὶ

199 1415 380 1479 πάλιν,
431 1415 504 1475 οἷς
550 1416 879 1466 κατατίθεται
956 1419 1044 1466 καὶ
1115 1409 1408 1467 διαλύεται.
1486 1413 1658 1466 Ἰκανὰ
1706 1417 1806 1486 γὰρ

202 1513 376 1556 ταῦτα
405 1507 558 1576 φύσιν
591 1501 782 1577 ἀνδρὸς
828 1511 1210 1574 τεκμηριῶσαι,
1269 1507 1358 1554 καὶ
1407 1499 1576 1566 δείξαι
1613 1507 1807 1574 γυμνόν

204 1598 561 1668 προσωπείου,
610 1598 700 1646 καὶ
756 1599 862 1653 τοῖς
924 1591 1006 1644 ἐπὶ
1063 1600 1256 1652 σκηνῆς
1299 1592 1410 1662 (30)
1485 1594 1808 1664 ὑποκρίσεως

201 1687 292 1736 τὸν
325 1684 592 1760 ἄνθρωπον
621 1685 894 1756 θεωροῦσι.

280 1949 380 2021 ἔν’.
407 1954 532 2004 Τότε
564 1955 746 2024 κριτὴς
802 1953 1020 2024 ἄριστος
1062 1953 1153 2023 ἔσῃ
1218 1959 1314 2003 τῶν
1368 1949 1549 2014 ἄλλων,
1591 1951 1673 2001 ὅτε
1714 1951 1804 2013 τὰς

204 2039 435 2093 αὑτοῡᾶ
511 2039 826 2108 ἄπισκοπῶν,
903 2041 1052 2113 λόγον
1119 2041 1344 2102 ἑκάστης
1406 2040 1640 2111 πράξεως
1704 2041 1804 2091 ὑπὸ

204 2125 473 2181 συνειδότι
541 2138 692 2203 κριτῇ
747 2127 934 2195 δίδως,
985 2136 1072 2182 καὶ
1131 2127 1413 2202 διόρθωσιν
1463 2129 1672 2189 ἐπινοεῖς
1706 2137 1805 2181 τῶν

201 2220 604 2291 ἡμαρτημένων.
684 2219 823 2273 Ἐπεὶ
897 2229 1006 2282 πῶς
1077 2224 1194 2281 τοὺς
1295 2218 1480 2279 ἄλλους

203 2307 301 2359 οὐκ
352 2307 703 2382 ἐρυθριάσεις,
769 2307 843 2380 ἔφ’
893 2311 970 2370 οἷς
1029 2309 1188 2367 αὐτὸς
1225 2311 1291 2360 τὰ
1338 2311 1494 2380 ὅμοια
1520 2307 1807 2382 ἐξαμαρτα-

201 2413 341 2460 νειςς
374 2407 484 2458 πῶς
539 2394 598 2450 δὲ
652 2397 870 2460 ἕκείνους
914 2401 1008 2451 οἴει
1059 2417 1144 2451 σοι
1195 2394 1521 2464 διατεθῆναι,
1579 2397 1807 2456 ἡνίκαὲν

203 2482 278 2541 οἷς
304 2483 590 2534 ὑπεύθυνόν
667 2499 724 2534 σε
779 2483 1094 2554 καθορῶσιν,
1139 2482 1287 2534 αὐτοὶ
1353 2479 1506 2544 δίκας
1563 2483 1810 2559 εἰσπράτ-

202 2571 390 2622 τεσθαι
423 2566 456 2622 δ
462 2577 750 2622 ικαιοῡνται
782 2586 796 2637 ;

684 2219 823 2273 Ἐπεὶ
897 2229 1006 2282 πῶς
1077 2224 1194 2281 τοὺς
1295 2219 1480 2279 ἄλλους
1556 2219 1805 2291 ἐπιτιμῶν

275 2743 375 2809 ξδ’.
418 2748 649 2800 Ἐπαίνει
693 2751 787 2810 τὰς
836 2747 1085 2824 ἀρίστους
1158 2749 1365 2822 πράξεις
1411 2770 1424 2783 ο
1486 2749 1678 2802 ἐπαίνει
1724 2747 1802 2817 δὲ,

198 2840 272 2908 μὴ
329 2835 468 2908 λόγῳ
534 2842 707 2908 μόνον,
749 2835 877 2890 ἀλλὰ
921 2834 994 2890 δι’
1039 2835 1106 2888 ὡν
1161 2839 1317 2900 αὐτὸς
1369 2857 1422 2890 τε
1465 2838 1698 2911 μάλιστα
1744 2843 1806 2892 τὰ

197 2924 357 2993 ὅμοια
385 2925 658 2997 πράττοις,
713 2931 802 2978 καὶ
852 2923 924 2979 δι’
982 2927 1049 2978 ὧν
1104 2931 1226 2990 τοὺς
1283 2931 1516 3000 μιμητὰς
1565 2936 1666 2980 τῶν
1696 2927 1805 2982 λοι-

195 3021 308 3064 πών
357 3019 668 3085 προκρίνων,
721 3013 956 3086 ἐντίμους
1013 3013 1391 3077 ἁποδεικνύοις.
1445 3024 1516 3070 Τὸ
1564 3021 1653 3090 μεν
1705 3021 1804 3090 γὰρ

193 3107 286 3154 καὶ
316 3111 416 3154 τῶν
448 3108 738 3175 τυχόντῶν,
767 3107 825 3156 τό
858 3101 916 3156 δὲ
942 3113 1042 3156 τῶν
1067 3108 1254 3180 ἄρχειν
1285 3105 1462 3168 ἀξίων.

269 3189 357 3253 ξε’.
417 3197 630 3264 Προνόει
714 3194 938 3259 πάντων,
989 3203 1090 3246 τῶν
1156 3198 1247 3266 μὲν
1300 3198 1555 3261 ἂπιεικών,
1619 3199 1689 3258 ὡς
1743 3195 1804 3248 ἂν

197 3281 412 3354 ἄριστοι
467 3284 736 3352 γένωνται,
783 3288 874 3336 καὶ
924 3291 1019 3345 τῆς
1077 3283 1398 3356 ὀφειλομένης
1451 3286 1626 3348 αὐτοῖς
1675 3285 1806 3338 ἀπο-

196 3369 439 3422 λαύσωσι
468 3378 627 3443 τιμῆς
679 3378 884 3424 καὶτοῦ
929 3379 1213 3448 προνομίου
1256 3395 1268 3407 ·
1304 3383 1404 3426 τῶν
1449 3369 1508 3428 δι
1533 3380 1604 3447 μὴ
1639 3379 1806 3428 τοιού·

196 3478 322 3522 των,
353 3461 424 3520 ὡς
466 3457 528 3511 ἄν
596 3458 924 3532 βελτιωθῶσι
974 3464 1068 3524 τὰς
1122 3469 1353 3536 γνώμας,
1416 3469 1504 3516 καὶ
1559 3474 1649 3526 τῆς
1705 3467 1806 3518 ἀπὸ

199 3556 303 3600 τῶν
333 3552 499 3620 νόμων
530 3549 798 3623 ῥυσθῶσιν
849 3550 1087 3624 ἀτιμίας.
1131 3559 1294 3605 Τοῦτο
1343 3556 1443 3627 γὰρ
1493 3559 1561 3617 ὡς
1604 3555 1808 3618 ἀληθῶς

200 3635 382 3708 ἀρχῆς
407 3635 616 3710 ἐννόμου
645 3642 734 3690 καὶ
756 3637 1070 3702 ἐπιστασίας
1095 3643 1259 3712 ἔργον.

276 3904 366 3968 ξς.
425 3906 530 3966 Τὰς
594 3908 720 3978 πρὸς
767 3904 1014 3969 ἀλλήλους
1065 3917 1166 3961 τῶν
1214 3909 1516 3983 ἀρχομένων
1567 3915 1692 3987 ἕρεις
1741 3914 1812 3977 εἰς

199 3997 328 4054 τοὺς
380 3993 659 4065 πολεμίους
711 3999 930 4071 τρέπων,
981 3997 1030 4049 ἐν
1087 4006 1198 4060 τοῖς
1235 4001 1360 4071 ὑπὲρ
1409 4009 1500 4062 τῆς
1551 3999 1812 4078 πατρίδος

199 4080 378 4152 ἀγῶσι
404 4085 669 4154 μετατίθει
721 4104 735 4118 ο
787 4089 1049 4159 τυράννων
1105 4092 1196 4159 μὲν
1225 4091 1348 4163 γὰρ,
1401 4095 1708 4155 στασιάζειν
1747 4097 1812 4147 τὰ

197 4170 372 4229 πλήθη
426 4190 442 4204 ·
485 4170 532 4224 ἐν
579 4175 682 4245 γὰρ
735 4181 797 4245 τῇ
857 4183 1001 4248 κοινῇ
1057 4178 1224 4251 φθορᾷ
1261 4182 1350 4230 καὶ
1405 4176 1739 4255 διχοστασία
1777 4186 1808 4242 ἡ

200 4265 446 4333 τυραννὶς
474 4265 570 4318 την
600 4260 882 4334 ἀσφάλειαν
927 4267 1042 4335 ἔχει
1095 4285 1108 4300 ·
1139 4269 1400 4339 ἄρχοντος
1454 4265 1513 4322 δὲ
1538 4275 1627 4323 καὶ
1655 4269 1811 4344 βασιο

198 4349 351 4416 ὶίως,
431 4347 782 4404 ἀστασίαστον
853 4363 1122 4428 συντηρεῖν
1199 4362 1290 4414 τὴν
1379 4360 1619 4432 ὁμόνοιαν
1711 4370 1814 4413 τῶν

199 4456 310 4494 υπη
318 4457 454 4489 κοων
487 4457 502 4472 ⁹

203 4524 409 4599 βάθρον
442 4527 620 4589 αὐτοῖς
643 4534 844 4602 πέπηγε
871 4540 964 4594 τῆς
995 4531 1258 4598 ἄξουσίας.

278 4614 382 4676 ξζᾍ
433 4613 634 4690 Ὥσπερ
669 4614 752 4670 δεῖ
797 4623 884 4670 τὸν
931 4621 1168 4693 ἄρχοντα
1237 4623 1450 4699 φοϐερὸν
1525 4625 1653 4680 εἶναι
1704 4636 1814 4692 τοῖς

204 4701 512 4770 ἀδικοῦσιν,
567 4705 704 4758 οὕτω
743 4707 976 4779 φυλακὴν
1031 4717 1120 4762 καὶ
1169 4711 1452 4786 ἀσφάλειαν
1496 4725 1596 4768 τῶν
1647 4715 1814 4790 μηδὲν

206 4789 277 4846 ἁδ
289 4795 559 4858 ικούντων,
623 4793 752 4848 ἀλλὰ
801 4801 938 4850 κατὰ
993 4805 1113 4862 τοὺς
1169 4805 1360 4874 νόμους
1387 4789 1812 4880 πολιτευομένων.

275 4969 376 5034 ξην,
433 4976 570 5045 Τρία
632 4971 774 5027 ἰστὶν
843 4975 892 5028 ἓν
967 4975 1278 5053 ἀνθρώποις,
1347 4989 1594 5060 τιμωρία,
1628 4987 1807 5061 ψόγος,

1918 537 1952 575 a
1973 521 2198 593 populo
2229 527 2524 593 concepta,
2559 528 2868 596 eapropter
2897 523 2958 578 in
2989 522 3118 578 illos
3142 522 3433 581 redundat
3463 535 3569 597 per

1916 625 2068 682 quos
2098 615 2266 666 erant
2295 611 2616 667 constituti.

1989 699 2076 754 62.
2120 699 2304 754 Multis
2337 698 2532 756 modis
2561 700 2890 773 principem
2935 704 3162 772 oportet
3192 701 3567 758 subditorum

1921 792 2146 842 mentes
2176 787 2502 860 explorare,
2559 793 2624 843 ut
2672 789 2993 862 participes
3046 805 3148 845 eos
3176 791 3257 847 ita
3285 791 3570 848 adhibeat

1919 891 2057 932 cum
2087 877 2384 942 amicitim,
2415 883 2538 932 tum
2570 878 2822 948 imperii,
2855 894 2924 934 ac
2955 879 3132 934 etiam
3184 879 3568 936 consiliorum

1919 981 2166 1020 suorqu
2200 981 2213 1018 :
2247 981 2450 1022 eorum
2491 965 2714 1022 scilicet
2755 967 3048 1038 imprimis
3087 968 3306 1040 quibus
3354 968 3412 1024 in
3459 985 3569 1026 sua

1917 1053 2108 1126 ipsius
2139 1055 2372 1126 privata
2408 1055 2634 1111 familia
2663 1055 2999 1112 ordinanda
3029 1057 3205 1112 utitur
3236 1073 3249 1122 ;
3283 1058 3564 1130 secundo,

1918 1141 2141 1214 quibus
2217 1144 2338 1216 ipse
2404 1159 2539 1199 cum
2596 1161 2800 1213 uxore,
2848 1144 3049 1200 liberis
3112 1151 3166 1201 et
3245 1147 3428 1202 servis
3503 1163 3568 1203 se

1912 1231 2175 1303 impertit
2203 1248 2216 1298 ;
2246 1233 2429 1300 tertio,
2461 1233 2679 1305 quibus
2709 1235 2883 1288 utitur
2899 1249 3041 1304 erga
3061 1233 3308 1300 amicos,
3332 1237 3565 1308 quarto,

1919 1319 2140 1391 quibus
2169 1337 2306 1376 cum
2352 1323 2558 1376 vicinis
2600 1322 2763 1390 agit;
2799 1323 3024 1393 quinto,
3054 1322 3277 1394 quibus
3325 1323 3570 1379 inimici.

1919 1409 2033 1464 tias
2059 1415 2309 1477 exercet,
2364 1418 2418 1466 et
2470 1412 2591 1466 vim
2643 1410 2867 1466 illatam
2926 1411 3181 1481 depellit,
3225 1413 3312 1467 vel
3359 1428 3568 1484 pacem

1918 1499 2135 1554 stabilit
2169 1503 2227 1555 et
2255 1500 2815 1556 reconciliationem.
2849 1499 3168 1556 Sufficiunt
3214 1507 3414 1557 autem
3459 1501 3571 1560 ista

1918 1589 1994 1644 ad
2026 1595 2304 1644 naturam
2331 1589 2592 1644 hominis
2635 1590 3042 1662 cujuscunque
3076 1591 3568 1660 patefaciendam,

1917 1678 1992 1734 ad
2039 1679 2602 1746 demonstrandum,
2654 1678 2799 1734 nihil
2840 1678 2900 1732 in
2933 1678 3032 1734 illo
3061 1684 3398 1750 prastextus,
3427 1679 3571 1735 nihil

1838 1759 1880 1818 Β
1915 1766 2309 1840 hypocrisems
2337 1785 2480 1834 esse,
2515 1767 2849 1840 cujusmodi
2876 1766 2932 1822 in
2958 1783 3136 1824 scena
3155 1767 3342 1825 solent
3363 1769 3572 1826 obser-

1917 1871 2063 1912 vari.

1985 1951 2074 2003 63.
2124 1947 2270 2002 Tum
2302 1945 2611 2017 .judicium
2670 1946 2890 2018 optime
2949 1947 3010 2002 in
3051 1946 3198 2002 alios
3247 1945 3569 2018 exercebis,

1913 2051 2052 2091 cum
2081 2041 2215 2091 tuas
2238 2035 2424 2107 ipsius
2450 2036 2711 2091 actiones
2731 2034 3194 2107 contemplatus,
3219 2035 3330 2091 sub
3367 2035 3573 2107 judice

1915 2123 2160 2196 propria
2197 2125 2559 2180 conscientia
2583 2124 3054 2197 uniuscujusque
3079 2129 3246 2181 actus
3277 2126 3570 2182 rationem

1916 2215 2201 2286 exegeris,
2243 2220 2298 2270 et
2337 2220 2716 2286 peccatorum
2758 2213 3081 2270 institueris
3120 2215 3568 2272 correctionem.

1915 2304 2219 2377 Siquidem
2243 2301 2404 2358 enim
2425 2302 2573 2358 alios
2613 2303 2662 2358 si
2713 2302 3113 2376 redargueris,
3171 2320 3308 2360 cum
3357 2303 3571 2360 iisdem

1917 2395 2046 2465 ipse
2069 2391 2416 2449 criminibus
2443 2391 2712 2459 tenearis,
2747 2407 2990 2448 necesse
3022 2397 3112 2449 est
3144 2397 3208 2448 ut
3231 2393 3568 2450 erubescas.

1918 2481 2232 2552 Quomodo
2276 2495 2484 2536 rursus
2523 2479 2656 2538 illos
2687 2479 2932 2537 affectos
2975 2481 3044 2538 iri
3093 2487 3290 2554 putas,
3327 2498 3464 2538 cum
3520 2487 3574 2540 te

1917 2572 2020 2645 qui
2087 2570 2232 2626 nulli
2288 2571 2579 2626 rationem
2647 2569 2896 2626 reddere
2962 2571 3178 2627 teneris
3230 2571 3572 2637 obstrictus,

1919 2676 2122 2716 severe
2153 2665 2352 2716 tamen
2381 2663 2752 2716 exercentem
2795 2659 3092 2730 judicium
3130 2659 3519 2716 intuebuntur
3547 2662 3576 2718 ?

1987 2753 2074 2808 64.
2133 2747 2414 2805 Praeclare
2456 2754 2656 2820 gestas
2685 2765 2779 2805 res
2845 2747 3205 2816 collaudato,
3234 2763 3344 2805 nec
3384 2747 3575 2806 verbis

1915 2843 2146 2895 tantum
2178 2837 2533 2903 collaudato,
2578 2835 2686 2893 sed
2715 2839 2840 2911 ipse
2872 2851 2968 2894 res
2999 2837 3218 2910 pariles
3249 2838 3572 2911 operando,

1914 2929 2113 2986 etillos
2140 2928 2272 2984 aliis
2292 2926 2674 2985 anteferendo
2695 2925 3576 2999 honorandosquedeclarando

1913 3018 2016 3090 qui
2047 3017 2521 3074 taliaimitantur
2562 3031 2866 3088 :quorum
2924 3015 3182 3071 alterum
3239 3015 3576 3088 cuicunque

1842 3112 1884 3168 Ο
1912 3107 2161 3174 homini,
2187 3106 2438 3163 alterum
2467 3104 2750 3177 competit
2775 3106 2825 3159 ei
2856 3103 2962 3176 qui
2993 3103 3174 3174 digne
3207 3102 3482 3176 imperat.

1985 3199 2070 3252 63.
2097 3197 2379 3252 Omnium
2411 3195 2659 3251 omnino
2713 3209 2921 3249 curam
2976 3192 3258 3249 adhibeto
3303 3193 3576 3249 modera-

1914 3292 2110 3342 torum
2136 3285 2476 3349 hominum,
2508 3285 2589 3340 ita
2629 3287 2692 3340 ut
2729 3281 3314 3339 commendatissimi
3351 3281 3486 3347 sint,
3517 3284 3575 3336 et

1913 3377 2098 3447 digno
2137 3375 2283 3447 ipsis
2320 3374 2548 3430 honore
2579 3373 2960 3446 praemiisque
2990 3369 3296 3438 fruantur;
3325 3369 3576 3427 minime

1915 3471 2112 3522 autem
2145 3463 2378 3530 talium,
2420 3464 2481 3518 in
2507 3479 2645 3519 eum
2677 3461 2858 3517 tinem
2887 3465 2954 3517 ut
2978 3461 3057 3518 ad
3086 3459 3315 3518 bonam
3341 3459 3576 3532 frugem

1915 3555 2250 3624 deveniant,
2285 3559 2341 3608 et
2367 3555 2668 3608 immunes
2698 3552 2812 3607 sint
2840 3567 2875 3608 a
2902 3549 3089 3623 pcenis
3117 3565 3223 3622 per
3252 3549 3411 3621 leges
3427 3547 3578 3605 inﬂi-

1919 3645 2148 3715 gendis,
2187 3659 2298 3699 nec
2345 3642 2592 3698 infamia
2643 3647 2936 3697 notentur.
2993 3642 3110 3696 Hoc
3157 3638 3317 3695 enim
3367 3647 3578 3696 revera

1919 3737 2145 3806 spectat
2175 3731 2252 3788 ad
2266 3730 2530 3789 ofﬁcium
2559 3730 2687 3801 ejus
2716 3729 2819 3802 qui
2852 3727 3359 3800 secundumleges
3375 3727 3577 3801 anpiat

1919 3823 2232 3894 imperare.

1991 3909 2498 3966 66.8ubditorum
2551 3907 2684 3964 lites
2739 3909 2796 3966 in
2852 3907 3052 3965 hostes
3092 3907 3338 3973 diverte,
3397 3908 3577 3978 atqueI

1919 4000 1995 4058 ad
2019 3999 2348 4056 certamina
2373 4013 2482 4069 pro
2517 3998 2704 4068 patria
2736 3997 3055 4054 subeunda
3080 3995 3577 4067 transfer;tyran-

1920 4091 2124 4146 nicum
2149 4093 2234 4144 est
2260 4085 2554 4160 populum
2583 4085 2656 4140 ad
2694 4085 3014 4142 seditiones
3061 4085 3378 4148 concitare,
3437 4093 3577 4138 cum

1921 4178 2297 4235 securitatem
2326 4191 2499 4231 suam
2527 4174 2765 4246 tyranni
2807 4176 3072 4229 statuant
3100 4172 3162 4228 in
3191 4169 3493 4228 discordia
3522 4173 3578 4226 et

1920 4267 2160 4326 interitu
2189 4263 2464 4338 populari
2499 4280 2512 4318 ε
2553 4263 2784 4335 regium
2813 4265 2901 4318 est
2930 4271 3152 4328 autem,
3203 4259 3578 4317 subditorum

1922 4356 2306 4414 concordiam
2328 4355 2641 4410 immotam
2674 4367 3050 4422 conservare,
3100 4367 3240 4408 cum
3271 4350 3332 4406 in
3389 4349 3579 4407 salute

568 4440 619 4492 ἐν
669 4443 774 4513 γὰρ
829 4450 891 4514 τῇ
948 4452 1050 4495 τῶν
1103 4443 1407 4519 ἀρχομένων
1467 4455 1705 4523 σωτηρίᾳ
1749 4454 1807 4503 τὸ

1927 4445 2326 4517 subjectorum
2357 4443 2662 4516 potestatis
2706 4457 2912 4498 eorum
2959 4440 3219 4498 fulcrum
3265 4441 3577 4496 statuatur.

1994 4539 2082 4592 67.
2129 4533 2411 4605 Princeps
2443 4537 2504 4588 ut
2534 4531 2824 4588 adversus
2850 4531 3099 4602 iniustos
3125 4527 3398 4586 terribilis
3453 4542 3580 4582 esse

1923 4625 2118 4694 debet,
2151 4625 2230 4681 ita
2256 4621 2590 4680 custodiam
2606 4621 2910 4693 suscipere
2932 4620 3316 4676 innocentum
3331 4619 3577 4689 oportet,

1925 4721 1981 4773 et
2004 4731 2108 4772 eos
2147 4715 2250 4786 qui
2299 4711 2632 4769 secundum
2681 4709 2842 4780 leges
2892 4709 3103 4766 vivunt
3149 4713 3342 4766 sartos
3393 4710 3581 4764 tectos

1925 4810 2229 4880 praestare.

1999 4990 2088 5043 68.
2137 4983 2269 5044 Tria
2325 4985 2465 5041 sunt
2537 4985 2672 5056 quae
2720 4983 2974 5056 tangunt
3024 4971 3319 5049 homines,
3379 4987 3580 5056 poena,

1546 5114 1786 5174 VARI/E1
1824 5116 2231 5178 LECTIONES.

266 5204 285 5258 1'
313 5203 356 5260 1.
391 5205 460 5258 τὰ
491 5214 710 5264 σαυτοῦ.

1781 5350 2009 5411 NOTAE.

277 5447 392 5533 (39)
455 5451 556 5533 Καί
604 5457 724 5533 ’τοῖς
777 5451 864 5505 ἐπὶ
925 5464 1138 5533 σκηνῆς.
1206 5461 1410 5533 Inepta
1464 5463 1658 5521 lectio.
1715 5455 1812 5524 Lei-

202 5518 469 5600 gendum
494 5525 558 5600 _et
584 5518 1325 5600 distinguendum,xatrﬁ£
1348 5532 1447 5586 ἀπὸ
1472 5518 1667 5600 ἀθά
1686 5518 1811 5592 ἀῙι-ξ-

201 5594 426 5661 κρίσεως
452 5595 538 5644 τὸν
570 5593 710 5662 ἄνθη
742 5601 850 5651 etc.
878 5593 1153 5672 Sequenti
1181 5611 1322 5661 sect.
1353 5593 1806 5679 restituendum,

1923 5477 2022 5522 Οτι
2046 5472 2139 5531 τὰς
2187 5469 2370 5521 ἑαυτοῦ
2417 5465 2711 5520 ἐπισκοπῶν
2764 5457 2974 5540 πράξεις
3017 5463 3169 5537 λόγον
3213 5463 3430 5526 ἑκάστης
3461 5465 3563 5518 ὑπὸ

1925 5538 2210 5609 συνειδότι,
2239 5547 2352 5598 etc.

4033 57 4038 70 ι

4033 259 4046 282 δ

4033 861 4040 874 α

4041 953 4044 964 ι

4029 1005 4034 1016 ι

4037 1301 4046 1312 υ

4029 1375 4048 1394 Ἰ

4022 1699 4042 1720 ἢ

4053 2891 4060 2904 ι
