4090 6228
585 272 690 328 679

1829 263 2066 318 ΡΗυΤιι
2120 264 2610 322 ΡΛΤΒΙΑΗΟΗᾹΞ
2645 265 2747 322 CP.

2252 265 2610 322 'BlARCH/E
2645 265 2747 322 ΟΡ.
3794 267 3867 329 680

581 394 962 465 vituperium,
994 392 1148 460 laus,
1187 392 1291 449 sed
1317 397 1374 449 et
1415 392 1678 460 insuper,
1709 388 1758 444 si
1814 389 2028 461 placet,
2062 389 2196 446 bene

2272 391 2318 444 A
2353 395 2578 458 ἔπαινος,
2613 392 2656 444 εἰ
2705 390 2885 464 βούλει
2934 389 3012 460 δε,
3072 395 3157 445 xui
3213 391 3479 464 εὐεργεσία
3517 412 3529 424 ο
3561 389 3673 444 ἀλλα
3697 400 3770 454 τῆς
3809 397 3867 463 μιν

581 483 841 540 ticentia.
869 484 1048 538 Pcena
1070 483 1234 552 digni
1266 486 1403 536 sunt
1431 479 1678 545 inimici;
1715 478 2024 551 vituperio,
2081 479 2241 534 cives

580 572 684 643 qui
716 571 1052 628 exorbitant
1081 572 1140 626 in
1180 569 1579 643 quibusdam;
1612 567 1900 623 laudandi
1930 573 1985 622 et
2020 567 2244 622 beneﬁ-

581 662 686 717 ciis
717 660 1087 728 cumulandi,
1120 660 1222 731 qui
1251 659 1426 714 rebus
1457 657 1607 713 bene
1654 657 1835 728 gestis
1893 655 2240 712 inclaruere.

582 749 750 816 Quod
782 750 828 805 si
884 751 1018 822 quis
1049 765 1114 803 eo
1142 746 1540 820 progreditur,
1570 751 1631 802 ut
1682 761 1818 818 quae
1843 744 2048 801 hostes
2087 745 2243 801 face-

579 846 728 905 rent,
771 843 825 894 et
854 839 984 910 ipse
1016 837 1256 905 audeat,
1289 852 1512 908 eosque
1543 835 1823 898 imitetur,
1852 835 2109 890 hostium
2150 833 2243 890 ille

579 943 823 1000 pmnam
863 927 923 982 in
972 942 1033 981 se
1081 925 1376 981 transfert.
1428 923 1595 989 Quod
1643 924 1691 978 si
1735 923 1870 994 quis
1929 925 2245 979 mutaverit

580 1015 853 1073 ordinem
887 1032 1061 1070 suum
1094 1019 1152 1070 et
1176 1014 1376 1070 locum
1409 1014 1466 1068 in
1499 1028 1620 1085 quo
1650 1012 2045 1077 constituitur,
2093 1011 2244 1069 ultra

579 1106 761 1161 etiam
788 1105 988 1160 hostes
1017 1104 1296 1160 inimicus
1321 1102 1639 1159 habendus
1671 1101 2030 1174 reipublicae.
2050 1101 2244 1157 Prodi-

579 1199 668 1250 tor
698 1198 807 1262 est,
830 1194 936 1266 qui
965 1192 1277 1249 beneficiis
1304 1193 1537 1247 hostem
1551 1190 1751 1247 afficit.
1787 1190 2092 1248 Civitatem
2117 1205 2244 1262 per-

578 1282 684 1349 dit,
709 1281 811 1354 qui
837 1282 1122 1338 laudibus
1154 1280 1465 1353 iinprobos
1491 1279 1735 1345 attollit;
1764 1295 1905 1335 nam
1948 1280 2106 1336 cives
2163 1279 2243 1334 ad

577 1372 735 1428 male
766 1371 1071 1442 agendum
1103 1369 1392 1427 stimulat.
1426 1370 1486 1425 lu
1513 1385 1698 1442 quam
1734 1369 1924 1440 ipsam
1956 1367 2244 1424 deformi-

578 1464 758 1517 tatem
787 1460 1087 1515 civitatem
1118 1464 1174 1515 et
1201 1458 1248 1514 is
1280 1458 1529 1514 adducit
1573 1457 1676 1530 qui
1706 1462 1860 1514 recte
1903 1457 2242 1513 incedentes

578 1548 922 1604 inhonorat.

655 1641 742 1692 69.
778 1636 1023 1692 Difﬁcile
1073 1636 1319 1708 quidem
1371 1642 1594 1691 metum
1652 1635 1844 1691 amori
1882 1634 2238 1691 immiscere.

2353 483 2401 533 οἱ
2426 481 2661 553 πολέμιοι
2691 481 2828 544 ἄξιοι
2858 502 2871 516 ο
2899 481 3069 554 ψόγου
3124 477 3203 548 δὲ,
3266 483 3316 534 οἱ
3368 485 3548 555 μίτρικ
3583 489 3669 532 τῶν
3708 481 3868 533 πολιτῶν

2353 570 2731 643 ἁμαρτάνοντες
2785 593 2798 605 ·
2863 569 3074 624 ἐπαίνου
3135 567 3194 622 δὲ
3235 575 3325 622 καὶ
3373 570 3672 644 εὐεργεσίας,
3718 572 3757 620 οὶ
3791 568 3870 622 δια-

2355 665 2585 734 φέροντες
2633 662 3025 734 κατορθώμασι.
3073 660 3132 714 Εἰ
3177 657 3235 713 δέ
3290 679 3366 721 τις
3422 659 3491 721 εἰς
3541 663 3628 717 τὴν
3666 668 3748 711 τῶν
3771 661 3869 712 πολε·

2352 754 2483 820 μίων
2556 749 2746 821 τόλμαν
2798 753 2887 802 xui
2926 754 3153 822 μίμησιν
3203 748 3471 819 ἑξαχθείη,
3525 747 3668 808 αύτός
3706 753 3778 798 καὶ
3808 753 3870 805 τὴν

2353 836 2555 890 ἐκείνων
2594 843 2776 896 ποινὴν
2829 838 2901 900 εἰς
2953 838 3132 891 ἑαυτὸν
3173 840 3482 912 ἐπιστρέφει.
3534 834 3587 887 Ὀ
3628 831 3679 888 δέ
3721 855 3763 887 τι
3796 840 3874 887 τοὺς

2353 947 2452 978 των
2502 927 2745 1000 ἀμείϐων,
2795 933 2885 981 καὶ
2938 933 3030 987 τὴν
3083 925 3324 990 διάταξιν
3407 925 3732 990 ἐπαλλάσσων,
3769 925 3873 986 οὗτος

2353 1018 2546 1090 ἐχθρὸς
2569 1026 2665 1080 τῆς
2721 1017 2983 1080 πολιτείας
3034 1017 3180 1070 πλέον
3231 1018 3260 1076 ἦ
3296 1017 3349 1069 οἱ
3403 1015 3716 1087 πολέμιοι.’0
3742 1017 3873 1086 τεγὰρ

2352 1111 2469 1168 τούς
2525 1106 2802 1180 πολεμίους
2871 1107 3169 1182 εὐεργετῶν,
3256 1101 3523 1180 προδότης
3569 1105 3643 1155 οδ
3693 1122 3737 1155 τι
3789 1107 3874 1162 τοὺς

2355 1195 2580 1268 φαύλους
2636 1195 2874 1260 ἐπαινῶν,
2932 1200 3026 1254 τὴν
3087 1194 3232 1248 πόλιν
3282 1192 3548 1266 ἀνατρέπει
3592 1212 3604 1224 ”
3645 1190 3874 1244 ίπὶκακίαν

2351 1287 2453 1359 γὰρ
2484 1285 2772 1358 παρακαλεῖ
2820 1289 2940 1348 τοὺς
2988 1285 3199 1345 πολίτας
3232 1304 3244 1318 ·
3279 1288 3371 1336 καὶ
3416 1284 3440 1334 ὁ
3494 1285 3608 1343 τοὺς
3629 1281 3875 1352 κατορθοῦτε

2351 1394 2443 1436 τας
2482 1379 2550 1434 μὴ
2602 1383 2785 1448 τιμῶν,
2842 1375 2908 1436 εἰς
2964 1379 3051 1433 τὴν
3125 1373 3289 1431 αύτην
3348 1371 3602 1444 ἀκοσμίαν
3653 1373 3732 1426 τὴν
3772 1366 3876 1419 πολι-

2353 1468 2492 1516 τείαν
2521 1469 2884 1539 καταστρέφει.
3777 1460 3784 1468 ”

2426 1641 2524 1704 ἔθ’.
2561 1643 2794 1696 Χαλεπὸν
2838 1645 2927 1715 μὶν
2983 1641 3137 1715 φόϐον
3442 1641 3666 1712 κεράσαι.
3718 1638 3772 1688 Οἱ
3801 1636 3873 1705 γὰρ

581 1731 862 1782 Amantes
903 1725 1064 1781 enim
1096 1725 1343 1782 omnino
1375 1730 1512 1780 sunt
1541 1724 1769 1797 absque
1802 1729 1963 1780 metu
1995 1744 2008 1780 :
2041 1723 2146 1796 qui
2177 1729 2192 1778 t

2273 1739 2320 1796 Β
2358 1731 2617 1804 φιλοῦντες
2648 1735 2716 1794 ὡς
2748 1730 2936 1784 ἐπίπαν
2962 1735 3020 1784 τό
3071 1728 3189 1794 δέος
3219 1730 3314 1783 οῦκ
3368 1733 3570 1802 ἔχουσι,
3607 1732 3687 1780 καὶ
3737 1727 3776 1776 οἱ
3816 1720 3873 1774 δι-

581 1831 748 1872 more
797 1814 1218 1887 percelluntur,
1271 1830 1474 1870 amare
1529 1813 1758 1869 nolunt.
1808 1815 1879 1868 At
1928 1816 1989 1868 tu
2038 1818 2238 1869 tamen

579 1904 808 1960 divide:
836 1909 1012 1976 teque
1040 1904 1123 1959 ita
1145 1918 1426 1975 compara
1456 1907 1516 1959 ut
1540 1919 1704 1959 ames
1728 1902 2020 1974 optimos;
2046 1917 2242 1974 neque

577 1993 738 2050 enim
769 1993 865 2049 hic
896 2009 1049 2062 opus
1081 1998 1172 2048 est
1203 1992 1322 2047 ullo
1347 1997 1525 2047 metu.
1561 1991 1840 2064 Reliquos
1872 2005 2114 2046 necesse
2153 1993 2243 2047 est

579 2087 742 2139 metu
785 2088 1027 2147 terreas,
1075 2087 1138 2137 ut
1180 2098 1217 2138 a
1263 2081 1417 2137 male
1469 2081 1706 2152 agendo
1764 2096 1827 2135 se
1880 2079 2237 2136 abstineant.

576 2175 829 2229 Metueut
882 2187 1074 2243 porro,
1131 2171 1179 2226 si
1235 2175 1292 2226 te
1351 2170 1590 2226 videant
1643 2176 1873 2226 semota
1929 2169 2243 2225 iracundia

579 2261 945 2332 punientem,
979 2265 1033 2315 et
1066 2265 1353 2330 tanquam
1384 2264 1693 2330 parentem
1716 2256 2243 2324 informantem;si

576 2356 630 2407 te
645 2349 1131 2406 animadvertant
1153 2348 1400 2403 minime
1417 2347 1613 2403 libenti
1639 2347 1844 2402 animo
1867 2345 2236 2418 punientem,

574 2440 754 2496 rebus
779 2444 982 2494 autem
1001 2437 1272 2493 adversis
1293 2442 1349 2492 et
1372 2436 1708 2492 infortuniis
1726 2435 1851 2490 sine
1873 2436 2076 2508 aliquo
2093 2451 2243 2507 prae-

577 2534 764 2594 textu,
797 2528 1046 2592 sincere,
1079 2541 1254 2597 opem
1281 2525 1585 2582 ferentem.

649 2620 736 2672 70.
763 2616 873 2681 Qui
891 2620 1119 2671 natura:
1137 2614 1297 2669 dona
1319 2613 1377 2669 in
1399 2612 1843 2685 improbitatem
1866 2617 2237 2681 convertunt,

576 2710 634 2762 et
655 2720 776 2761 non
805 2703 882 2760 ad
911 2702 1200 2760 auxilium
1229 2701 1582 2773 vicinorum,
1611 2717 1746 2757 cum
1770 2706 2050 2758 naturam
2078 2717 2242 2772 sper-

576 2799 746 2860 nunt,
789 2797 918 2848 tum
962 2791 1242 2848 creatoris
1280 2806 1421 2860 erga
1457 2791 1616 2863 ipsos
1660 2789 2134 2846 muniﬁcentiam
2179 2790 2240 2846 in

576 2881 1007 2940 contumeliam
1037 2880 1256 2950 ingrati
1285 2884 1647 2952 pervertunt.

647 3062 734 3116 71.
770 3057 1296 3149 Quemadmodum
1321 3062 1485 3129 turpe
1507 3062 1595 3149 est
1619 3062 1674 3113 et
1700 3055 2036 3149 sordidum,
2060 3055 2240 3149 plane
2275 3091 2318 3149 ρ

575 3150 898 3224 plebeculis
949 3149 1028 3205 ad
1079 3148 1440 3204 voluntatem
1487 3147 1905 3212 obsecundari,
1959 3153 2014 3202 et
2061 3145 2239 3202 nimis

576 3240 942 3296 familiariter
967 3254 1028 3293 se
1056 3253 1288 3308 gerere:
1319 3237 1399 3293 ita
1425 3236 1724 3292 lubricum
1753 3244 1843 3291 est
1873 3242 1929 3291 et
1953 3235 2240 3307 periculo-

578 3346 736 3392 sum,
769 3327 1231 3400 superciliosum
1260 3342 1496 3398 semper
1517 3332 1572 3380 et
1602 3326 1895 3380 tumidum
1924 3341 2236 3397 apparere.

576 3419 1015 3472 Extremitatem
1063 3431 1204 3484 ergo
1249 3421 1564 3486 utramque
1624 3414 1829 3484 fugere
1884 3418 2137 3485 oportet,
2183 3419 2240 3471 et

579 3506 844 3560 medium
871 3512 1157 3574 tanquam
1184 3504 1458 3558 virtutem
1492 3505 1844 3566 consectari,
1873 3518 2013 3557 suas
2039 3509 2238 3574 partes

577 3593 792 3665 cuique
821 3592 1074 3663 tempori
1101 3607 1401 3660 congruas
1436 3591 1771 3646 tribuendo.

649 3687 738 3736 '72.
766 3684 1178 3736 .luramentum
1206 3680 1486 3750 proclive,
1511 3679 1837 3751 perjurium
1863 3684 1950 3735 est
1980 3686 2145 3736 stans
2177 3681 2238 3736 in

578 3772 908 3843 procinctu.
941 3769 1104 3823 Certe
1145 3783 1254 3822 nec
1293 3784 1490 3823 mores
1541 3771 1688 3822 bene
1731 3768 2088 3824 constitutos
2129 3784 2240 3824 nec

576 3861 848 3915 animum
879 3859 1042 3914 decet
1072 3873 1454 3926 generosum,
1483 3858 1706 3928 jurare.
1739 3858 1834 3913 Vir
1863 3859 2075 3914 etenim
2110 3874 2240 3928 gra-

574 3950 666 4006 vis
709 3953 766 4005 et
813 3949 1238 4018 magnanimus
1287 3947 1559 4018 pudetiet,
1604 3948 1650 4002 si
1692 3947 1868 4003 verba
1908 3965 2017 4004 sua
2056 3948 2237 4003 ﬁdem

575 4054 694 4094 non
719 4043 1056 4094 mereantur
1086 4036 1697 4109 absquejuramento,
1723 4042 1777 4092 et
1800 4037 2240 4094 conversationi

574 4143 693 4182 suae
743 4127 1025 4197 injuriam
1073 4126 1258 4180 inuri:
1311 4127 1390 4180 ita
1439 4133 1497 4180 ut
1549 4126 1936 4196 conjunctum
1985 4128 2056 4182 sit
2101 4142 2239 4182 cum

577 4218 825 4273 utilitate
853 4221 908 4272 et
932 4221 1135 4270 nostra
1161 4231 1325 4281 cura,
1353 4215 1513 4286 quod
1539 4214 1666 4284 lege
1697 4216 1900 4272 divina
1931 4217 2241 4288 prohibea-

575 4323 713 4361 mur
744 4306 994 4361 omnino
1016 4305 1238 4376 jurare.

645 4397 733 4449 73.
763 4394 1186 4448 Beneficiorum
1211 4407 1445 4462 semper
1469 4409 1697 4448 memor
1722 4399 1846 4449 esto
1868 4411 1880 4460 ;
1902 4411 2037 4466 quas
2062 4395 2239 4451 bene-

575 4483 782 4540 feceris
799 4481 988 4538 statim
1005 4479 1293 4536 oblivioni
1309 4480 1645 4537 trade.lllud
1661 4482 1819 4537 enim
1834 4483 2164 4541 bonitatem
2181 4489 2239 4540 et

575 4573 932 4646 probitatem
950 4568 1132 4625 animi
1152 4568 1388 4632 indicat,
1425 4570 1536 4624 hoc
1553 4577 1748 4625 autem
1766 4574 2238 4642 magnitudinem

575 4669 629 4720 et
649 4664 967 4734 puritatem
989 4677 1002 4728 ;
1019 4659 1164 4714 dum
1182 4674 1395 4730 purum
1411 4659 1590 4714 etiam
1606 4666 1846 4732 praestat
1862 4662 2235 4723 beneficium.

645 4757 733 4807 74.
771 4750 1059 4807 Beneﬁcia
1089 4747 1438 4820 exprobrari
1478 4749 1568 4803 vel
1606 4749 2000 4808 infortunium
2039 4753 2232 4822 alicui,

577 4846 631 4896 et
653 4841 947 4895 levitatem
976 4837 1196 4893 iudicat
1214 4843 1270 4893 et
1297 4836 1815 4894 inhumanitatem.

648 4933 735 4983 75.
771 4930 952 4982 Fraus
981 4943 1218 4997 semper
1257 4926 1569 4997 profitetur
1598 4926 2094 4989 imbecillitatem:
2128 4936 2234 4991 sed

576 5015 790 5072 eadem
856 5030 997 5084 erga
1047 5014 1272 5070 amicos
1316 5014 1589 5072 adhibita
1636 5022 1962 5076 extremam
2011 5023 2234 5082 indicat

576 5104 908 5177 nequitiam
940 5108 995 5158 et
1024 5119 1325 5158 summam
1366 5103 1842 5176 improbitatem:
1872 5108 2133 5168 adhibita
2174 5114 2231 5170 in

576 5194 776 5250 hostes
805 5196 861 5248 et
891 5191 1181 5260 inimicos,
1223 5191 1402 5248 etiam
1443 5193 1834 5266 improvidos,
1891 5214 2015 5256 non
2056 5200 2233 5272 longe

576 5284 702 5342 abit
757 5299 794 5339 a
842 5286 1280 5352 stratagemate.
1340 5283 1613 5341 Tractatu
1655 5291 1856 5343 autem
1905 5289 2111 5348 habito
2158 5293 2232 5350 de

2355 1817 2519 1882 διότες
2572 1819 2730 1890 φιλεῖν
2787 1821 2882 1872 ούκ
2938 1819 3192 1873 ἐθέλουσι.
3250 1823 3316 1872 Σὺ
3353 1815 3411 1872 δι
3462 1815 3588 1871 δίελε
3638 1837 3650 1851 ·
3695 1815 3874 1870 καὶτοὺς

2351 1913 2441 1983 μὲν
2489 1909 2735 1982 ἀρίστους
2761 1909 2918 1982 φιλεῖν
2979 1911 3385 1983 παρασκεύασον
3437 1927 3452 1942 ο
3512 1902 3649 1958 ούδεν
3693 1907 3776 1975 γὰρ
3818 1896 3873 1950 δεῖ

2353 1995 2504 2062 δίους
2534 1998 2617 2052 ἐπὶ
2647 2007 2756 2060 τοίς
2812 2001 3088 2060 τοιούτοις.
3141 2002 3270 2059 Τούς
3310 1995 3361 2050 δ’
3411 1996 3586 2056 ἄλλους
3623 1993 3786 2064 ἀνάγκη
3812 2008 3873 2061 .99-

2353 2087 2477 2154 δεῖν)
2512 2090 2592 2140 ἶνα
2649 2098 2746 2140 τῶν
2819 2088 3021 2161 φαύλων
3075 2087 3363 2160 ἀπέχονται
3410 2094 3451 2136 ιι.
3503 2083 3787 2142 Φοϐἠσονται
3831 2074 3870 2128 δὲ

2350 2182 2521 2252 χωρὶς
2549 2182 2736 2249 μίσους
2791 2176 2850 2230 ἂν
2920 2182 2991 2249 μὴ
3056 2177 3165 2250 μετ’
3219 2175 3379 2252 ὀργῆς
3430 2177 3588 2248 ὁρῶσι
3629 2171 3870 2232 κολάζοντα,

2352 2265 2546 2326 ἀλλ’ὡς
2573 2271 2768 2338 πατέρα
2819 2263 3160 2333 παιδεύοντα,
3219 2270 3316 2317 καὶ
3366 2263 3414 2316 ἐν
3475 2267 3560 2336 μὲν
3607 2269 3703 2322 τοῖς
3748 2258 3873 2328 ἁμαρ·

2349 2360 2578 2429 τάμασιν
2623 2355 2728 2428 οὔχ
2772 2352 2942 2418 ἡδέως
2992 2357 3399 2428 τιμωρούμενον,
3457 2352 3502 2406 ἐν
3559 2349 3612 2404 δί
3656 2355 3752 2408 ταῖς
3776 2365 3872 2414 συμ-

2350 2452 2526 2520 φοραῖς
2583 2450 2673 2497 καὶ
2727 2453 2834 2505 τοῖς
2909 2441 3326 2517 δυστυχήμασιν
3395 2442 3759 2518 ἀπροφασίστως
3792 2434 3873 2485 ἐπι-

2348 2540 2550 2608 κουρεῖν
2581 2536 3022 2607 προθυμούμενον.

2421 2624 2483 2676 ο’.
2535 2626 2600 2676 Oi
2652 2629 2916 2697 χρώμενοι
2971 2630 3083 2685 τοῖς
3128 2621 3184 2675 ix
3244 2625 3443 2695 φύσεως
3506 2620 3868 2687 πλεονεκτήμασιν

2351 2713 2422 2774 εἰς
2446 2717 2696 2787 πονηρίας
2745 2713 3057 2786 ὑπηρεσίαν,
3105 2710 3233 2764 ἀλλά
3281 2717 3351 2784 μὴ
3404 2713 3524 2783 πρὸς
3562 2715 3645 2765 τὴν
3674 2713 3756 2758 τῶν
3778 2701 3870 2756 πλη-

2355 2808 2466 2855 σίον
2495 2802 2809 2876 εὐεργεσίαν,
2851 2801 2997 2854 οὗτοι
3025 2806 3116 2854 καὶ
3145 2805 3241 2860 τὴν
3297 2802 3450 2873 φύσιν
3495 2797 3780 2872 φαυλίζουσι,
3805 2793 3869 2840 καὶ

2347 2901 2418 2963 τῷ
2457 2899 2769 2966 Δημιουργῷ
2822 2896 2916 2950 τὴν
2965 2896 3082 2964 περὶ
3131 2891 3327 2953 αύτούς
3384 2889 3655 2963 φιλοτιμίαν
3681 2879 3868 2951 εἰςῦεριν

2349 2986 2439 3033 καὶ
2470 2980 2793 3053 ἀχαριστίαν
2815 2984 3239 3056 περιτρέπουσιν.

2420 3068 2513 3124 οα’.
2581 3069 2780 3143 Ὠσπερ
2830 3069 3058 3142 αἰσχρόν
3108 3074 3193 3122 xui
3255 3073 3508 3135 ταπεινόν,
3563 3068 3677 3140 πρὸς
3723 3056 3867 3117 ﬁeri?

2349 3159 2539 3230 ὁμιλεῖν
2567 3166 2638 3230 τῷ
2693 3157 2897 3224 πλῆθει,
2950 3158 3112 3221 οὕτως
3164 3156 3492 3212 ἐπικίνδυνον
3537 3161 3618 3208 καὶ
3660 3148 3866 3224 σφαλερὸν,

2350 3246 2428 3301 ἀεὶ
2477 3247 2854 3322 σοϐαρεύεσθαι
2901 3253 2990 3300 καὶ
3063 3249 3355 3323 ὑπέρογκον
3405 3248 3630 3321 ὁρᾶσθαι.
3683 3247 3750 3293 Δεῖ
3789 3253 3869 3286 τοι·

2347 3345 2539 3410 γαροῦν
2606 3337 2842 3410 ἑκάτερον
2920 3338 3075 3410 ἄκρον
3147 3343 3400 3408 φυγόντα,
3476 3339 3536 3396 ὡς
3594 3332 3765 3407 ἀρετὴν,
3801 3327 3866 3378 τὴν

2347 3430 2613 3499 μεσότητα
2653 3423 2882 3490 διώκειν,
2930 3431 3019 3478 xui
3066 3433 3272 3498 καιροῖς
3322 3424 3476 3488 ἰδίοις
3545 3426 3597 3476 τό
3640 3423 3865 3493 πρόσφορον

2352 3515 2645 3586 ἀπονέμειν.

2419 3692 2524 3765 οβ’.
2563 3697 2832 3767 Προπετὴς
2883 3694 3050 3766 ὅρκος,
3112 3698 3396 3769 πρόχειρος
3445 3691 3677 3763 ἐπιορκία.
3717 3677 3860 3734 Ἀλὶ-ως

2349 3803 2402 3836 τε
2433 3779 2491 3835 δὲ
2517 3789 2605 3834 xui
2644 3785 2702 3834 τό
2757 3781 2958 3854 ὀμνύειν
3015 3782 3161 3850 ῶως,
3218 3786 3386 3845 ἤθους
3421 3782 3510 3834 οὐκ
3556 3776 3603 3832 εὖ
3628 3773 3858 3849 βεϐηκότος)

2351 3869 2473 3926 οὐδὲ
2507 3882 2823 3946 φρονήματος
2873 3872 3106 3942 εὐγενοῦς
3138 3893 3151 3905 ο
3190 3873 3216 3923 ὁ
3265 3869 3323 3925 δὲ
3361 3871 3602 3928 εὐσταθὴς
3638 3867 3712 3915 καὶ
3748 3872 3861 3930 μέγα·

2347 3962 2587 4033 λόψυχος
2634 3962 2760 4035 ἀνὴρ
2821 3961 3244 4033 αἰσχυνθήσεται
3298 3966 3412 4021 τοὺς
3458 3960 3629 4030 λόγους
3663 3955 3769 4025 ὅρκῳ
3808 3962 3866 3994 πι-

2353 4055 2508 4112 στούς
2558 4050 2877 4122 ἀποφαίνειν,
2928 4056 3018 4102 καὶ
3069 4055 3164 4108 τὴν
3215 4047 3317 4104 διὰ
3369 4059 3463 4103 τῶν
3517 4047 3690 4100 οἰκείων
3716 4041 3862 4109 τρόπων

2349 4145 2527 4194 πίστιν
2569 4139 2860 4209 ἀτιμάζειν.
2905 4145 3036 4194 Λίαν
3103 4143 3206 4215 ἄρα
3301 4143 3639 4214 συμφερόντως
3676 4135 3747 4183 καὶ
3799 4140 3864 4176 κη·

2352 4226 2636 4302 δεμονικώς
2684 4230 2820 4302 [καὶ]
2862 4231 2887 4281 ὁ
2946 4234 3265 4293 Δεσποτικὸς
3316 4235 3463 4303 νόμος
3500 4231 3578 4279 τόν
3635 4223 3758 4293 ὁρκον
3794 4231 3864 4262 κω.

2349 4318 2475 4371 λύει.
3847 4380 3862 4396 ν

2487 4406 2494 4418 ⁸
2544 4406 2560 4423 Α
2695 4409 2704 4422 ‘
2817 4404 2839 4420 τ’
2953 4410 2962 4424 ί
3153 4407 3167 4422 9
3206 4414 3216 4426 ι
3341 4414 3350 4424 ο
3597 4404 3617 4420 γ
3729 4392 3777 4416 Ι·
3843 4392 3856 4416 ,⁷

2422 4426 2516 4478 ογ.
2566 4412 2604 4458 Λ
2654 4427 2744 4478 μεν
2789 4426 2841 4459 ευ
2890 4410 3092 4475 παθοις,
3145 4428 3222 4462 usi
3286 4427 3515 4482 μέμνησο
3547 4426 3558 4438 ·
3589 4423 3648 4453 ων
3677 4395 3722 4450 δι
3756 4413 3801 4443 αν
3827 4406 3865 4437 ελ

2351 4501 2624 4557 ποιήσαις,
2670 4498 2852 4548 θᾶττον
2897 4497 3258 4552 ἐπιλανθάνου.
3313 4502 3382 4552 Τό
3433 4499 3519 4570 μὲν
3553 4495 3642 4565 γὰρ
3689 4495 3865 4558 χρηστιν

2351 4605 2507 4646 τητος
2547 4590 2636 4637 καὶ
2684 4584 3100 4657 εὐγνωμοσύνης,
3150 4591 3209 4640 τό
3269 4585 3328 4640 δὲ
3375 4589 3594 4657 καθαρᾶς
3639 4567 3863 4650 {tr/11”?"

2347 4680 2496 4745 χίας,
2515 4679 2605 4726 καὶ
2633 4675 2864 4748 καθαρὰν
2896 4676 3137 4747 φυλάττει
3162 4682 3252 4735 τὴν
3279 4677 3579 4751 εύεργεσίαν.

2421 4760 2522 4816 οδ’.
2559 4763 2868 4836 Εύεργεσίας
2917 4770 3007 4817 καὶ
3061 4770 3332 4838 συμφορὰς
3382 4760 3652 4821 ὀνειδίζειν,
3699 4759 3862 4808 τὶςαν

2345 4860 2441 4915 τῆς
2467 4849 2595 4905 εἶναι
2614 4854 2792 4924 νόμιζε
2820 4859 3130 4926 κουφότητος
3155 4861 3246 4908 καὶ
3273 4854 3641 4926 ἀπανθρωπίας·

2416 4941 2497 4998 οέ.
2560 4942 2761 5000 Ἀπάτη
2840 4945 2930 5015 μὲν
2996 4952 3272 5016 πανταχοῦ
3331 4943 3586 4998 ἀσθενείας
3655 4924 3860 5003 6ft97‘07i1'

2344 5028 2476 5084 Ἀλλ’
2508 5030 2552 5082 εἰ
2579 5033 2668 5102 μὲν
2709 5029 2757 5082 ἐν
2817 5031 3001 5103 φίλοις,
3065 5039 3222 5085 κακόν
3262 5052 3316 5086 τε
3363 5035 3601 5103 ἔσχατον,
3633 5025 3706 5072 καὶ
3747 5015 3862 5078 5775."

2345 5119 2639 5182 θαλλούσης
2689 5123 2990 5196 μοχθηρίας
3051 5143 3064 5156 ·
3112 5123 3155 5174 εί
3205 5119 3264 5175 ei“:
3311 5125 3433 5195 πρὸς
3475 5117 3674 5190 ἐχθροὺς
3699 5108 3770 5158 καὶ
3796 5114 3861 5150 π⁰’

2343 5207 2570 5281 hil-i009
2623 5206 2788 5282 μηδὲν
2857 5213 2947 5283 μὲν
2999 5207 3330 5284 προειδότας,
3398 5210 3456 5262 ού
3521 5202 3674 5277 πόῤῥω
3719 5202 3860 5288 στραξ·

2345 5303 2516 5369 ηγίας.
2561 5299 2887 5371 Κοινολογίας
2943 5297 3003 5354 δὲ
3085 5305 3370 5374 γενομένης,
3446 5301 3532 5350 καὶ
3582 5292 3745 5344 ταύτην
3795 5288 3862 5327 ουκ

1925 5413 2163 5473 VARl/E
2203 5421 2601 5482 LECTIONES.

649 5535 680 5578 k
714 5537 848 5605 Leg.
880 5530 1182 5606 ἀπέχωνται
1214 5531 1252 5587 f.
1289 5533 1660 5608 ἠπείγρωνται.
