4090 6228
232 273 335 332 681

1509 275 2019 333 EPISTOLARUM
2062 277 2271 333 LIBER
2313 277 2352 332 Ι.

3497 279 3602 338 682

235 401 573 466 ἀθετοῦντας,
624 399 802 475 πόρῥω
869 399 1138 474 ἀριστείας
1182 407 1273 454 καὶ
1330 397 1710 477 ἀνδραγαθίας⁹
1766 399 1840 455 δι’

1970 401 2360 469 tederatione,
2392 403 2439 458 si
2471 401 2550 460 ab
2579 402 2680 460 illa
2709 419 2831 460 non
2861 403 3220 460 abhorreant
3251 403 3599 472 adversarii,

230 491 257 543 6
308 487 450 564 μηδε
497 493 618 552 τούς
660 492 1000 554 πιστεύοντας
1055 511 1139 544 σοι
1185 490 1456 564 πολεμίους
1503 491 1673 565 ἀπάτῃ
1721 511 1839 564 μετ-

231 584 416 653 έρχου.
459 579 517 634 Εἰ
559 581 661 655 γὰρ
709 584 797 632 καὶ
838 580 1094 654 πολέμιοι,
1128 579 1234 634 ἀλλ’
1279 583 1412 654 ὅμως
1441 577 1592 634 οὐδὲν
1632 580 1838 634 ἔλαττον

234 669 475 723 ἀπατεὼν
527 675 618 723 καὶ
668 669 875 738 πλάνος,
939 672 964 723 6
1026 675 1144 732 τούς
1195 675 1607 734 πεπιστευκότας
1649 669 1840 734 ἐξαπα-

232 777 422 820 τησας.

309 1027 421 1094 ος-’.
460 1024 735 1102 ΙΙροδότην
783 1031 851 1092 ὡς
889 1032 953 1083 τὰ
981 1029 1142 1083 πολλά
1183 1032 1231 1084 οἱ
1262 1031 1525 1107 ἄνθρωποι
1557 1030 1838 1110 προδιδόν-

235 1138 306 1171 τα
349 1121 440 1191 μεν
471 1117 700 1190 φιλοῦσι,
752 1117 1127 1194 προδεδωκότα
1167 1117 1228 1174 δε
1255 1130 1498 1194 μισοῦσι.
1534 1127 1599 1176 Σύ
1632 1120 1690 1176 δὲ
1730 1129 1838 1178 έπε-

242 1212 451 1273 σκόπει,
510 1206 606 1259 κᾶν
648 1211 738 1280 μεν
786 1207 1159 1274 ἐπιϐουλευθεὶς
1207 1214 1307 1266 ὑπὸ
1351 1221 1449 1265 τῶν
1498 1213 1697 1266 οἰκείων
1746 1217 1837 1266 καὶ

233 1297 481 1370 χαλεπῶν
519 1299 697 1350 παθῶν
733 1297 844 1369 (31)
888 1297 1207 1374 προύδωκεν,
1251 1301 1344 1354 ούκ
1393 1301 1694 1355 ἀνίλπιστόν
1726 1301 1839 1355 ἔστι

236 1385 386 1458 φιλόν
432 1391 522 1439 καὶ
550 1386 708 1439 καλὸν
736 1389 998 1458 γενέσθαι·
1049 1388 1110 1441 ἂν
1160 1387 1220 1443 δε
1267 1387 1456 1463 μηδεν,
1507 1397 1595 1444 καὶ
1640 1399 1838 1445 σαυτοῦ

234 1473 408 1548 μηδὲν
456 1475 664 1529 ἔλαττον
693 1478 874 1549 νόμιζε
914 1476 1200 1554 προδότην.
1247 1484 1317 1533 T6
1349 1483 1439 1553 μὲν
1468 1483 1569 1556 γάρ
1616 1479 1838 1552 ἀμείψα-

240 1567 368 1618 σθαι
414 1573 599 1628 κακοῖς
652 1570 773 1629 τούς
836 1566 1210 1636 λελυπηκότας,
1277 1568 1592 1644 ἀνθρώπινον
1652 1573 1834 1632 πάθος·

235 1657 295 1706 τὸ
341 1651 400 1708 δε
449 1655 770 1719 τηλικαύτης
819 1656 975 1728 ἄρξαι
1013 1669 1354 1732 κακουργίας,
1389 1658 1601 1713 ἀνιάτου
1631 1660 1841 1732 μοχθη-

234 1749 384 1818 ρίας.

313 1921 412 1984 οζ’.
452 1927 663 1998 Χρυσός
719 1925 926 1980 ἅπαντα
977 1929 1042 1979 τά
1107 1925 1404 2000 ἀνθρώπινα
1459 1931 1688 2000 στρέφει.
1745 1930 1841 1982 Φύ-

236 2011 393 2064 λαττε
453 2023 728 2088 τοιγαροῦν
779 2019 834 2068 1'6
893 2023 983 2077 τῆς
1031 2013 1292 2090 πατρίδος
1347 2015 1655 2090 ἀνύϐριστον
1705 2019 1837 2080 ἴθος·

237 2104 520 2177 ἄχρηστον
549 2111 640 2158 καὶ
671 2110 895 2179 νομίζων
925 2112 1014 2160 καὶ
1053 2114 1214 2160 πᾶσιν
1262 2105 1576 2178 ἐπιδεικνύς,
1608 2113 1694 2162 τόν
1733 2115 1841 2172 τοῖς

239 2192 480 2264 φιλοῦσιν
511 2194 734 2270 ἰσχυρόν
765 2195 1052 2268 ἐπίϐουλον,
1085 2202 1312 2270 χρυσόν.

315 2373 415 2433 οη’.
441 2381 524 2428 Δεῖ
568 2377 635 2428 τὰ
681 2377 770 2448 μεν
819 2371 936 2429 ’ίδια
967 2381 1334 2449 συμπίμτοντα
1383 2376 1714 2452 εὐχαρίστως
1754 2380 1839 2430 καὶ

239 2467 488 2534 γενναίως
531 2468 712 2536 φέρειν·
766 2467 831 2518 τά
885 2462 945 2518 δε
990 2474 1089 2518 τῶν
1127 2467 1390 2533 ὑπηκόων,
1433 2471 1716 2542 συμπαθῶς
1753 2473 1844 2522 καὶ

241 2553 341 2604 ούκ
393 2552 712 2626 ἀναλγήτως.
771 2559 842 2609 T6
907 2559 998 2628 μὲν
1045 2559 1144 2632 γὰρ
1197 2563 1470 2634 καρτερίας
1515 2565 1606 2612 καὶ
1658 2564 1845 2634 φρονὴ-

242 2661 412 2715 ματος
475 2639 738 2718 ἀνδρείου’
795 2648 854 2697 1'6
905 2641 962 2698 δὲ
1017 2646 1293 2723 ὀλιγωρίας
1333 2649 1445 2721 (32)
1504 2653 1594 2702 καὶ
1639 2648 1844 2712 ἀνάξιον

243 2729 482 2804 ἀρχικῆς
515 2738 756 2806 προνοίας
785 2739 876 2787 καὶ
899 2733 1233 2798 ἐπιστασίας.

314 2909 419 2968 οϐ’.
460 2911 715 2988 Ἐχθροὺς
755 2913 1044 2986 ὁμοφύλους
1091 2915 1204 2988 (33)
1251 2921 1321 2989 μὴ
1366 2915 1686 2990 ἀμύνασθαι,
1731 2920 1844 2972 ἔστι

240 3003 340 3073 μεν
385 3003 518 3062 θεῖος
561 3008 652 3055 καὶ
700 3005 1055 3078 φιλάνθρωπος
1083 3010 1254 3078 νόμος,
1304 3009 1418 3059 ἔστι
1468 3003 1527 3060 δε
1587 3012 1676 3060 καὶ
1715 3007 1843 3060 πολὺ

1950 507 1987 548 a
2041 491 2385 548 fortitudine
2433 496 2488 548 et
2538 493 2829 565 probitate
2878 493 3140 549 alienum
3180 498 3288 559 est,
3331 492 3602 551 fraudem

1949 580 2255 637 adhibere.
2291 581 2582 647 Quocirca
2605 581 2710 654 qui
2737 582 2918 638 ﬁdem
2947 582 3052 639 tibi
3078 581 3427 648 adhibeant,
3453 599 3525 640 ne
3556 583 3605 638 si

1949 669 2067 725 sint
2122 669 2346 736 hostes,
2400 670 2518 726 noli
2573 671 3035 727 circumvenire:
3089 676 3393 744 utcunque
3444 671 3604 728 enim

1946 757 2150 815 hostes
2192 764 2348 824 sunt,
2377 758 2428 814 is
2473 764 2672 816 tamen
2703 759 2807 832 qui
2845 759 3029 815 ﬁdem
3071 760 3185 817 sibi
3217 760 3602 818 adhibentem

1946 846 2110 914 fallit,
2139 849 2421 920 deceptor
2451 854 2539 905 est
2568 853 2623 905 et
2651 849 2868 921 planus
2900 847 3096 921 plane.

2016 943 2105 994 76.
2154 937 2519 994 Proditorem
2565 937 2711 993 dum
2756 937 2955 1010 prodit
2992 937 3347 1010 plerumque
3394 943 3605 996 amant

1947 1027 2262 1088 mortales:
2301 1026 2402 1083 ubi
2435 1031 2635 1082 autem
2675 1026 3019 1098 prodiderit,
3055 1026 3193 1083 odio
3231 1027 3479 1084 habent.
3520 1030 3603 1084 Tu

1945 1122 2143 1174 autem
2172 1116 2428 1188 inquire,
2458 1131 2533 1172 an
2561 1114 2794 1171 insidiis
2824 1115 2875 1171 is
2909 1117 3123 1188 petitus
3152 1121 3206 1172 et
3233 1116 3603 1172 circumven-

1948 1211 2039 1261 tus
2059 1222 2094 1263 a
2111 1205 2235 1262 suis
2252 1205 2584 1262 intrinsecis
2603 1210 2658 1260 et
2678 1205 3024 1275 urgentibus
3047 1205 3450 1276 passionibus,
3470 1221 3606 1278 pro-

1946 1295 2102 1351 ditor
2130 1294 2431 1351 exstiterit.
2465 1296 2522 1352 Si
2564 1293 2722 1350 enim
2755 1294 2835 1350 ita
2869 1293 2959 1360 sit,
2990 1309 3112 1350 non
3158 1299 3245 1350 est
3275 1294 3599 1366 desperan-

1947 1383 2094 1440 dum
2124 1384 2271 1457 quin
2300 1385 2389 1439 vir
2417 1383 2646 1456 probus
2674 1389 2731 1439 et
2754 1383 3039 1438 honestus
3069 1383 3348 1438 exsistere
3378 1384 3598 1454 possit:

1947 1475 2112 1547 quod
2131 1474 2177 1529 si
2201 1473 2345 1530 nihil
2365 1473 2476 1530 tale
2497 1473 2592 1540 sit,
2608 1488 2745 1528 eum
2769 1477 2825 1528 et
2849 1472 2932 1528 tui
2952 1472 3315 1544 proditorem
3336 1471 3605 1529 futurum

1949 1563 2255 1619 arbitrare.
2281 1565 2378 1618 Est
2402 1563 2562 1618 enim
2594 1562 2953 1625 humanum,
2977 1577 3080 1617 eos
3110 1561 3214 1632 qui
3245 1560 3421 1616 nobis
3457 1561 3608 1632 inju-

1947 1652 2091 1708 riosi
2128 1652 2451 1708 exstiterint
2498 1651 2646 1707 velle
2684 1651 2927 1714 ulcisci;
2959 1650 3064 1706 sed
3089 1651 3215 1705 sine
3253 1666 3438 1706 causa
3478 1664 3605 1706 rem

1874 1754 1919 1810 Β
1949 1747 2071 1799 tam
2093 1741 2342 1814 impiam
2364 1741 2640 1806 exordiri,
2664 1739 3019 1797 insanabilis
3047 1739 3367 1811 cujusdam
3386 1744 3478 1796 est
3497 1739 3608 1795 im-

1949 1830 2286 1904 probitatis.

2020 1932 2108 1986 77.
2139 1935 2364 1985 Aurum
2397 1945 2645 2001 quaqua
2675 1943 2914 1985 versum
2957 1942 3052 1983 res
3086 1927 3389 1982 humanas
3421 1925 3604 1982 ducit.

1951 2019 2239 2084 Quocirca
2254 2033 2448 2073 mores
2465 2017 2685 2090 patrios
2699 2017 3035 2088 inculpatos
3050 2015 3334 2072 observa:
3361 2029 3470 2070 nec
3483 2029 3606 2070 non

1951 2107 2012 2163 id
2032 2122 2164 2178 age,
2187 2112 2248 2162 ut
2269 2122 2481 2162 omnes
2505 2105 2740 2162 videant
2764 2104 3167 2174 etintelligant
3193 2119 3430 2168 aurum,
3457 2117 3608 2175 prse-

1950 2202 2253 2270 potentem
2284 2195 2452 2252 illum
2487 2195 2918 2262 insidiatorem,
2951 2192 3098 2250 nihil
3127 2191 3288 2266 apud
3323 2197 3375 2249 te
3407 2206 3605 2265 posse,

1953 2291 2159 2342 contra
2190 2287 2438 2342 amicos.

2023 2389 2111 2440 78.
2161 2385 2303 2450 Quae
2350 2382 2454 2439 tibi
2487 2381 2603 2454 ipsi
2639 2380 2983 2448 acciderint,
3017 2379 3151 2436 forti
3180 2383 3236 2435 et
3265 2385 3433 2449 grato
3463 2392 3606 2448 erga

1957 2477 2141 2531 Deum
2164 2472 2368 2529 animo
2386 2472 2631 2528 tolerare
2653 2470 2850 2526 decet:
2879 2469 3149 2525 subditos
3171 2473 3367 2523 autem
3391 2467 3437 2522 si
3460 2465 3607 2539 quid

1954 2562 2112 2620 male
2137 2561 2431 2625 habuerit,
2463 2560 2583 2616 noli
2605 2576 2732 2615 esse
2759 2559 2884 2614 sine
2915 2574 3117 2622 sensu,
3141 2556 3246 2612 sed
3282 2573 3421 2612 cum
3447 2571 3610 2611 com-

1956 2653 2234 2725 passione
2284 2667 2405 2706 una
2435 2666 2572 2706 cum
2622 2648 2734 2704 illis
2764 2647 3031 2704 tolerato.
3070 2645 3217 2702 Illud
3265 2643 3425 2701 enim
3465 2643 3610 2700 tole-

1955 2741 2160 2798 rantiae
2207 2744 2265 2796 et
2307 2739 2491 2796 animi
2525 2737 2690 2794 fortis
2738 2744 2858 2792 est:
2886 2736 3001 2792 hoc
3050 2734 3344 2791 incuriam
3389 2732 3603 2812 arguit,

1955 2847 2064 2888 nec
2093 2830 2348 2900 dignum
2369 2833 2456 2884 est
2485 2827 2867 2899 imperatoria
2897 2840 3034 2881 cura
3059 2829 3114 2880 et
3141 2821 3533 2896 providentia.

2025 2920 2114 2976 76.
2151 2921 2262 2976 Lex
2297 2917 2502 2973 divina
2536 2921 2592 2972 et
2637 2931 2780 2986 erga
2811 2913 3084 2970 homines
3125 2910 3384 2968 charitas
3416 2910 3604 2982 jubet,

1958 3016 2017 3066 ut
2031 3026 2141 3067 con
2151 3024 2395 3079 generes
2410 3006 2582 3062 nobis
2601 3009 2888 3077 tanquam
2903 3004 3104 3059 hostes
3119 3018 3191 3057 ne
3217 3001 3604 3057 ulciscamur:

240 3093 302 3142 1'6
353 3095 620 3165 χρήσιμον
679 3091 727 3145 ίν
773 3093 946 3156 αὐτοῖς
1003 3102 1113 3158 τοῖς
1169 3097 1448 3170 πράγμασι
1493 3101 1761 3170 παρέχων·
1819 3099 1844 3149 ό

1970 3100 2062 3156 sed
2089 3105 2144 3154 et
2172 3113 2393 3167 magna
2414 3094 2626 3152 exinde
2651 3093 2823 3150 rebus
2847 3092 3061 3148 nostris
3091 3090 3308 3146 utilitas
3335 3103 3610 3144 accessu-

243 3183 338 3252 μεν
375 3182 478 3255 γὰρ
522 3179 837 3255 ἀμυνόμενος
882 3184 996 3256 ἔχει
1041 3185 1194 3238 πάλιν
1237 3186 1600 3261 χαλεπώτερον
1632 3187 1843 3263 ἐχθρόν,

247 3269 274 3320 6
327 3265 388 3322 δε
419 3269 692 3346 εὐεργετῶν
727 3273 756 3333 ἣ
800 3273 936 3345 φίλον
965 3277 1354 3351 παρεσκεύασεν
1397 3275 1511 3330 ἀντὶ
1560 3276 1776 3354 ἰχθροῦ,
1814 3281 1845 3337 ἦ

246 3360 458 3420 πάντως
485 3366 766 3436 πραότερον
788 3361 999 3438 ἰχθρόν.

323 3537 382 3590 π’
432 3534 612 3597 Μηδὶν
664 3540 731 3591 ὧν
806 3540 981 3604 ἄλλοις
1041 3544 1198 3614 ἔγνως
1264 3543 1612 3617 ἐπαγγέλλειν,
1669 3551 1850 3619 φαίνου

253 3627 606 3700 παραϐαίνων.
643 3628 702 3683 Ἦ
732 3632 834 3706 γὰρ
865 3633 913 3684 ἓν
939 3651 1050 3685 τισι
1096 3629 1419 3706 ψευδολογία
1464 3638 1551 3688 τόν
1590 3635 1702 3688 ὅλον
1732 3641 1855 3710 τρό-

252 3735 352 3769 πον
400 3718 618 3771 ἄπιστον
673 3715 916 3775 δεικνύει.
979 3727 1080 3775 Καὶ
1132 3730 1241 3784 τοῖς
1301 3719 1702 3795 διαψυεσθείσιν
1760 3725 1853 3778 ούκ

254 3807 399 3859 ἔστιν
462 3807 696 3880 αἰσχύνη
755 3814 825 3882 μὴ
883 3808 1190 3883 ἀμείϐεσθαι
1245 3821 1355 3876 τοῖς
1420 3816 1640 3886 ὁμοίοις.
1693 3820 1854 3868 Παντὶ

253 3900 348 3969 μὲν
388 3896 476 3948 οὖν
519 3895 772 3973 ἀνθρώπῳ
822 3895 914 3952 διά
943 3909 1095 3954 τοῦτο
1138 3907 1376 3974 φευκτέον
1415 3906 1471 3956 τὸ
1509 3899 1726 3976 ψεῦδος,
1759 3906 1855 3976 μά-

251 3984 416 4037 λιστα
476 3982 534 4039 δε
590 3994 699 4050 τοῖς
751 3985 798 4040 ἓν
863 3984 1168 4063 δυναστείᾳ.
1230 3998 1352 4053 Τοῖς
1397 3995 1487 4064 μὲν
1535 3995 1637 4066 γὰρ
1683 3993 1858 4055 ἄλλοις

257 4075 369 4128 ἔσθ’
415 4077 498 4130 ὅτε
538 4081 739 4148 γίνεται
781 4076 1056 4150 ἀπολογία,
1106 4083 1136 4139 ἠ
1185 4078 1470 4156 ἀδυναμία·
1522 4090 1626 4144 τοῖς
1671 4080 1730 4136 δε
1764 4085 1857 4136 ούκ

259 4168 374 4219 ἔστι
420 4173 691 4239 καταφυγή
742 4173 812 4241 μὴ
859 4169 987 4242 ούχὶ
1038 4175 1192 4223 παντὶ
1233 4177 1405 4247 τρόπῳ
1434 4175 1740 4249 μοχθηρούς
1771 4176 1859 4237 τὰς

255 4261 473 4329 γνώμας
501 4256 840 4329 ἓλεγχθῆναι.

1957 3206 2023 3246 ra
2062 3193 2171 3245 est.
2216 3190 2362 3242 Nam
2412 3185 2460 3240 si
2505 3182 2830 3239 vindictam
2871 3179 3221 3252 sumpseris,
3265 3177 3392 3246 plus
3447 3177 3507 3230 in
3553 3180 3606 3230 te

1957 3279 2196 3335 hostem
2225 3274 2582 3344 irritaveris;
2606 3288 2743 3327 cum
2773 3271 2876 3344 qui
2906 3267 3198 3324 beneﬁcio
3242 3265 3478 3331 afﬁciet,
3520 3261 3611 3319 vel

1955 3384 2068 3441 pro
2090 3367 2262 3422 hoste
2281 3363 2542 3420 amicum
2568 3359 2909 3424 reddiderit,
2935 3361 3037 3414 aut
3053 3356 3264 3413 saltem
3292 3351 3612 3413 modestio-

1959 3473 2087 3514 rem
2115 3456 2371 3512 hostem.

2033 3549 2117 3603 80.
2141 3546 2196 3603 Si
2218 3543 2366 3617 quid
2392 3541 2521 3598 aliis
2554 3537 2914 3614 promiseris,
2941 3552 3015 3592 ne
3042 3533 3301 3591 videaris
3324 3531 3470 3588 velle
3493 3545 3614 3587 non

1961 3637 2228 3710 implere.
2267 3631 2438 3700 Quod
2469 3631 2516 3686 si
2542 3629 2701 3687 enim
2733 3627 2957 3684 infidus
2997 3624 3088 3681 vel
3140 3623 3198 3679 in
3243 3620 3615 3710 qnibusdaﬁm

1960 3709 2292 3798 reperiaris,
2323 3724 2382 3777 in
2413 3720 2766 3776 universum
2796 3717 2912 3773 tuis
2946 3713 3214 3771 moribus
3235 3710 3507 3768 dimdere
3534 3709 3619 3766 fa-

1962 3817 2081 3872 cies
2107 3814 2256 3870 alios
2288 3831 2299 3871 :
2335 3817 2392 3868 et
2419 3827 2571 3883 quos
2602 3810 2684 3864 sic
2710 3806 2846 3863 fuco
2886 3805 3044 3861 facto
3076 3801 3352 3871 illuseris,
3388 3799 3466 3856 ad
3508 3814 3618 3872 par

1963 3905 2092 3976 pari
2125 3900 2504 3958 referendum
2533 3896 2816 3953 armabis.
2851 3893 3140 3960 Quocirca
3185 3890 3357 3947 decet
3400 3903 3614 3944 omnes

1965 3991 2350 4049 mendacium
2383 3987 2584 4051 vitare,
2630 3983 2957 4057 praesertim
2988 3996 3129 4036 vero
3180 3979 3282 4050 qui
3325 3993 3464 4032 cum
3513 3990 3618 4047 po-

1967 4085 2172 4139 testate
2219 4083 2375 4134 suut.
2411 4076 2514 4131 Alii
2552 4073 2710 4130 enim
2743 4089 2804 4127 se
2848 4071 2926 4127 ab
2970 4065 3346 4140 impossibili,
3379 4063 3468 4120 vel
3498 4064 3619 4119 alio

1964 4171 2175 4246 quovis
2203 4166 2408 4232 modo,
2433 4163 2805 4222 excusabunt
2829 4176 2840 4214 :
2868 4158 3164 4233 principes
3184 4160 3383 4211 autem
3408 4157 3623 4246 natura

1967 4240 2130 4320 mala
2158 4256 2392 4332 praediti
2425 4270 2552 4311 esse
2584 4250 3105 4318 existimabuntur,
3152 4261 3261 4302 nec
3291 4240 3622 4300 remanebit

1969 4353 2088 4410 alia
2107 4350 2252 4422 ipsis
2282 4343 2604 4403 excusatio.

337 4435 452 4487 πα’.
511 4437 617 4498 Τάς
677 4438 807 4508 μετά
873 4434 1227 4513 σφοδρότητος
1274 4438 1590 4512 ὑποσχέσεις
1638 4442 1855 4498 εὐλαϐεῖ-

2043 4444 2101 4496 81
2118 4419 2149 4493 ί
2167 4433 2601 4494 Vehementiori
2627 4447 2765 4488 cum
2791 4425 3227 4487 asseveratione
3253 4422 3376 4480 noli
3397 4419 3627 4519 aliquid

262 4525 392 4576 σθαι
445 4529 582 4599 χρὴ,
643 4528 756 4579 Εἴτε
793 4528 894 4601 γάρ
935 4531 1254 4601 παράσχοις,
1306 4534 1398 4588 τὴν
1447 4530 1692 4592 πλείστην
1735 4554 1866 4607 προ-

261 4612 462 4687 αφεῖλες
503 4614 667 4687 χάριν
709 4623 771 4689 τῇ
819 4615 1142 4694 σφοδρότητι
1177 4628 1268 4681 τῆς
1324 4617 1650 4694 ἐπαγγελίας,
1675 4626 1866 4682 ταύτην

1976 4529 2260 4605 polliceri.
2306 4526 2363 4583 Si
2421 4523 2582 4580 enim
2624 4521 2848 4578 steteris
2903 4515 3242 4592 promissis,
3297 4510 3626 4605 plurimum

1978 4596 2232 4678 decessit
2257 4616 2331 4672 de
2355 4609 2716 4687 gratitudine
2746 4625 2850 4682 per
2880 4607 3041 4664 illam
3066 4605 3474 4661 vehementem
3505 4596 3630 4671 pol-

1835 4781 2062 4840 NOTAE.

341 4907 454 4986 (31)
510 4908 755 4986 Χαλεπών
804 4913 1007 4986 uaga-1.
1078 4914 1139 4968 In
1203 4914 1473 4986 margine
1522 4921 1876 4973 annotatum

265 4982 416 5060 erat,
450 4982 654 5060 nescio
679 4982 1042 5060 _an‘e_libris
1089 4990 1191 5060 aut
1236 4982 1599 5058 conjectura,
1644 4988 1875 5060 χαλεπά,

266 5049 387 5131 hoc
417 5055 624 5131 modo,
672 5053 1053 5131 ίπιςουλευθεὶς
1078 5057 1197 5131 μύπό
1230 5049 1605 5131 τῶνόἰκείων,
1644 5049 1744 5112 ’καὶ
1775 5049 1874 5131 χαί

265 5121 400 5201 λεπὰ
422 5127 602 5177 παθὼν
633 5123 955 5201 προύδωκεν,
993 5128 1097 5183 sed
1145 5130 1394 5187 omnino
1435 5121 1609 5187 male.
1664 5121 1880 5201 Leg'én-

267 5195 422 5265 dum
449 5201 541 5252 est
572 5202 632 5252 ut
659 5195 960 5256 edidimus
1004 5205 1060 5256 et
1091 5201 1395 5258 vertimus.
1432 5203 1576 5259 Ibid.
1613 5195 1880 5265 Πατιῖίδος

269 5263 412 5350 ἕδος..
438 5267 586 5350 Nam
609 5269 862 5350 Bulgari,
896 5277 958 5327 ut
983 5271 1224 5350 barbari
1257 5273 1527 5350 plerique
1558 5265 1789 5350 omnes,
1819 5263 1881 5350 et

270 5343 493 5394 nostris
509 5343 872 5416 temporibus
886 5343 1301 5416 nuperinventi
1318 5343 1716 5402 occidentales
1733 5346 1877 5410 Indi,

271 5426 490 5488 aurum
519 5428 636 5468 non
651 5413 1046 5488 curabantfrb
1066 5413 1289 5488 ἀρχαῖον
1303 5419 1410 5478 ἔθος
1429 5433 1624 5473 aureae
1640 5418 1794 5474 illius
1827 5422 1883 5473 et

273 5484 562 5561 antiquae,
584 5500 653 5561 ac
684 5484 968 5561 fabulosae
993 5484 1204 5552 astatis,
1221 5489 1352 5544 utin
1370 5488 1670 5561 plerisque
1688 5489 1881 5544 illiba-

273 5560 398 5608 tum
415 5557 839 5633 custodientes.
863 5559 1059 5633 Itaque
1084 5561 1140 5633 in
1159 5575 1303 5631 pace
1325 5557 1678 5633 plerumque
1691 5564 1880 5633 erant.

273 5630 489 5708 ξερυσός
515 5628 946 5708 ἐηἱωΩάπαντα
969 5628 1036 5684 τὰ
1077 5628 1379 5708 ἀνθρώπινα
1410 5628 1631 5706 στρέφεί.
1676 5631 1880 5689 Tibull.

279 5697 410 5755 Lib.
438 5713 476 5754 ι.
510 5698 668 5770 Eleg.
699 5699 786 5756 10.

567 5789 807 5847 ΡΑτιιοι.
836 5791 939 5848 Gn.
974 5791 1082 5847 Cll.

2057 4911 2270 4968 Divitis
2297 4909 2408 4966 hoc
2432 4905 2638 4962 vitium
2679 4907 2761 4958 est
2793 4898 2974 4964 auri;
3006 4910 3113 4953 nec
3139 4894 3294 4951 bella
3285 4893 3563 5020 Juwunt

2103 4982 2360 5020 Ρηηῑηηε
2387 4977 2621 5020 nelnhnt
2653 4990 2784 5020 rum
2815 4971 3067 5020 scunhus
3105 4973 3244 5020 ante
3327 4979 3440 5020 ave
3474 4979 3486 5018 ξ

2092 4982 2360 5055 Faginus
2387 4977 2621 5036 astabat
2653 4990 2784 5055 eam
2815 4971 3067 5055 scyphus
3105 4973 3244 5055 ante
3285 4971 3486 5055 dape}

2055 5033 2544 5116 ᾗοῖιΰᾶἑίέςξηοη
2579 5047 2774 5104 vallus
2809 5033 2958 5116 erat,
2992 5033 3378 5116 somnumque
3403 5033 3638 5106 petebat

2092 5128 2344 5183 Securus
2376 5114 2572 5178 varias
2601 5119 2730 5174 dua:
2759 5114 2956 5187 gregis
2987 5114 3142 5168 inter
3168 5124 3316 5167 oves.

2062 5270 2171 5340 (32)
2227 5270 2305 5340 T6
2348 5261 2408 5340 δὲ
2443 5261 2778 5340 Δόλιγωρίας..
2819 5258 2963 5340 l‘mo-
3014 5269 3134 5311 non
3191 5258 3280 5309 est
3353 5248 3642 5340 συμποιξςῖξξ

1991 5323 2176 5465 φέεὲἆιᾶί,
2209 5339 2313 5465 εὲά
2344 5323 2666 5460 ῷαέγήὲως.
2696 5331 2782 5386 Ad
2823 5329 2965 5385 illud
3009 5341 3170 5396 ergo,
3223 5339 3343 5380 non
3372 5323 3449 5379 ad
3481 5323 3644 5393 prius

1991 5431 2054 5465 re
2082 5429 2218 5465 ere“
2270 5427 2305 5464 a
2335 5427 2434 5461 απο
2477 5425 2614 5465 οσις.
3527 5464 3536 5465 7

1991 5415 2305 5471 referenda
2335 5415 2614 5467 ἀπόδοσις.

2068 5485 2180 5554 (33)
2229 5482 2482 5554 Ἐχθρούς
2523 5474 2836 5554 ’ὁμοφύλονφ
2891 5472 3021 5554 [190.
3061 5483 3267 5554 verum
3300 5464 3645 5554 esbal‘iain

1993 5537 2652 5630 ixép6i_§t13tlhotl_lides'
2680 5564 2695 5615 ;
2731 5547 2892 5630 £3th
2932 5539 3200 5630 όμόφυλοι·

1994 5603 2892 5702 me‘nVlib-ehte—rTé—g:69059610519
2940 5603 3054 5669 hoc
3081 5617 3185 5702 est
3234 5603 3520 5679 tan'quam
3551 5603 3650 5658 do-

1998 5698 2290 5766 mesticos,
2318 5687 2462 5754 nam
2481 5693 2546 5751 id
2573 5687 2779 5750 divina
2806 5688 2902 5746 lex
2921 5687 3204 5760 pracipit.
3263 5769 3334 5820 22
