4090 6228
546 240 654 297 683
1226 204 1227 207 γ
1792 234 2029 290 ΡΗ‹)τιι
2086 230 2573 291 PA'l‘RlARCHE
2604 231 2705 289 cr.
3760 231 3839 287 681

546 364 933 422 licitationem
958 366 1156 428 tuam;
1180 378 1324 420 nam
1355 360 1722 434 dispertitam
1748 360 1826 417 ab
1847 360 2008 417 initio
2031 365 2161 433 atqu

2242 361 2285 415 A
2320 363 2780 433 προκαταμερίσας
2807 363 2897 411 καὶ
2945 356 3015 420 εἰς
3061 351 3159 409 δύο
3202 357 3292 414 τήν
3340 357 3461 429 μίαν
3510 350 3689 429 δωρεὰν
3725 375 3842 408 διατι-

547 448 632 507 ita
658 448 1031 504 deminutam
1072 446 1233 502 illam
1282 446 1533 516 gratiam
1590 444 2131 518 reddidistizquod

2326 452 2638 522 σμικρύνας⁶
2714 451 2813 502 εἴτε
2874 452 2945 521 μὴ
3006 447 3327 517 παράσχοις,
3384 440 3566 503 διπλῆν
3615 442 3842 516 ἀπήνεγιας

548 554 665 595 non
690 536 937 605 steteris,
964 536 1277 608 dupliciter
1305 535 1443 590 inde
1466 533 1970 590 verecundaberis
1997 556 2008 588 :
2034 550 2104 590 eo
2127 549 2163 588 n

2322 543 2416 598 τὴν
2447 538 2729 612 αἰσχύνην,
2762 540 2841 591 ὅτι
2885 555 2940 589 τε
2972 531 3215 611 σφοδρῶς
3258 534 3521 605 ὑπέσχου,
3566 537 3648 586 καὶ
3680 534 3748 585 ὅτι
3770 553 3842 604 tm-

548 628 773 683 mirum
798 626 1039 682 nomine
1068 624 1231 698 quod
1257 630 1374 680 tam
1402 628 1744 680 attestanter
1765 623 2129 696 promiseris,
2159 648 2163 673 ‹

2326 624 2411 682 δεν
2453 627 2520 679 ὧν
2551 628 2790 699 ὑπέσχου
2839 630 3122 700 παρέσχες
3153 628 3243 676 καὶ
3269 619 3533 694 δυσμενὴς
3572 624 3727 694 ὤφθης
3762 620 3844 674 ἀντὶ

551 732 622 774 eo
653 715 815 789 quod
848 714 993 770 nihil
1016 712 1363 786 praestiteris
1394 728 1605 768 eorum
1627 729 1764 785 quas
1805 711 2166 785 pollicebare

2325 716 2491 789 φίλου’
2548 714 2746 788 ἀφεῖλες
2793 717 2895 790 γὰρ
2941 716 2967 767 ὅ
3014 717 3284 787 παρέσχον
3334 713 3390 763 αἱ
3432 707 3641 770 ἐλπίδες.
3689 709 3843 771 Ἀλλως

552 812 735 878 atque
775 805 856 861 ita
898 819 1005 875 pro
1045 803 1240 858 amico
1294 800 1587 859 videberis
1618 802 1916 871 inimicus,
1948 818 2019 859 eo
2049 817 2167 875 quo

2323 825 2378 859 τε
2404 803 2462 859 δὲ
2507 810 2598 858 καὶ
2627 807 2682 857 αἱ
2721 800 2950 877 σφοδραὶ
2993 805 3309 874 ὑποσχέσεις
3355 800 3638 875 ἁρμόζουσι
3678 806 3767 861 τοῖς
3803 797 3844 851 οὗ

551 894 627 952 de
651 909 752 966 spe
778 892 868 963 dej
879 897 1039 948 ectos
1058 890 1323 947 cluseris.
1349 890 1587 963 Alioqui
1613 896 1840 948 certum
1859 895 1949 947 est
1966 890 2166 964 promi

2323 895 2435 949 λίαν
2461 898 2869 967 πιστευομένοις·
2911 892 3188 964 ἐλέγχουσι
3226 888 3285 944 δὲ
3337 895 3426 942 καὶ
3481 892 3543 950 ὡς
3585 887 3637 941 οὐ
3672 886 3847 960 κηδεμο-

554 998 625 1039 sa
650 986 771 1038 tam
804 979 1060 1037 violenta
1091 984 1146 1036 et
1176 979 1582 1036 asseverantia
1604 978 1740 1036 illos
1761 980 1969 1037 decere
1995 979 2169 1053 quibi

1921 995 1969 1037 re
1995 979 2216 1053 quibus
2324 990 2435 1048 νίας
2462 984 2653 1058 μᾶλλον
2679 985 2708 1045 ἣ
2738 988 2926 1061 χρείας
2949 984 3332 1055 ύποτεινόμεναι
3360 982 3536 1056 χάριν.

552 1071 699 1128 ﬁdes
729 1069 885 1126 haud
918 1067 1071 1125 bene
1101 1068 1423 1126 adhibetur
1449 1088 1461 1137 ;
1486 1074 1543 1126 et
1570 1076 1725 1126 certe
1755 1086 1877 1127 non
1909 1074 2032 1126 tam
2068 1068 2216 1125 indi-
2518 1072 2531 1079 ’

550 1159 814 1232 gentiam
835 1174 1020 1232 quam
1041 1174 1249 1216 curam
1272 1164 1327 1215 et
1345 1160 1746 1231 patrocinium
1763 1163 2110 1232 susceptum
2132 1175 2217 1216 re-

552 1249 881 1320 darguunt,
916 1253 973 1305 et
999 1264 1070 1305 eo
1098 1249 1343 1305 nomine
1374 1248 1719 1306 referendas
1746 1249 1983 1319 gratias.

618 1341 704 1395 82.
747 1338 944 1395 Gratia
970 1337 1191 1409 dignus
1226 1338 1441 1411 estqui
1472 1344 1747 1395 naturam
1779 1338 1984 1410 gratiae
2016 1343 2074 1395 et
2109 1354 2221 1395 no-

2398 1340 2516 1417 πβ’.
2555 1341 2736 1406 ’Ἄξιος
2759 1344 2995 1415 χαρίτων
3037 1339 3063 1391 ό
3092 1335 3461 1410 εὐλαϐούμενος
3498 1333 3648 1396 αὐτῆς
3684 1335 3760 1384 καὶ
3784 1334 3851 1388 τήν

555 1444 696 1486 men
716 1434 1053 1494 veneratur,
1078 1428 1303 1501 quique
1327 1444 1571 1484 omnem
1597 1428 2020 1498 cogitationem
2043 1445 2170 1485 sua]

2330 1435 2484 1506 φύσιν
2542 1437 2631 1485 καὶ
2681 1434 3061 1506 προσηγορίαν,
3117 1431 3207 1480 καὶ
3260 1430 3333 1499 μὴ
3384 1427 3659 1497 παυόμενος
3690 1421 3852 1492 μελετῷ

557 1518 859 1576 contendit
878 1518 1144 1575 conferre
1175 1522 1237 1573 ut
1267 1523 1607 1574 remuneret
1634 1533 1646 1574 :
1686 1518 1973 1575 beneﬁcio
2019 1522 2172 1574 aute:

2330 1523 2419 1584 ἕως
2449 1522 2508 1575 ἄν
2532 1520 2746 1595 [αὐτὴν]
2797 1515 3169 1593 ἀνταποδώση.
3218 1516 3417 1590 Ὠσπερ
3473 1511 3528 1567 δὲ
3571 1511 3750 1574 ἀνάξιος
3778 1528 3854 1582 χαι

559 1609 741 1666 veluti
770 1608 1055 1678 indignus
1108 1611 1213 1673 est,
1256 1607 1362 1680 qui
1392 1607 1545 1663 bene
1596 1613 1919 1664 merentem
1951 1607 2174 1679 ingratii

2329 1616 2501 1687 ρίτων,
2561 1612 2587 1663 ό
2628 1609 2929 1684 ἀχαριστίᾳ
2981 1613 3189 1681 γνώμης
3236 1609 3461 1679 ἀμείϐων
3504 1605 3585 1656 τὸν
3622 1600 3852 1673 εὐεργέτην,

559 1703 899 1755 remunerat
923 1720 934 1764 ;
959 1698 1040 1754 ita
1069 1702 1123 1754 et
1152 1696 1372 1767 dignus
1403 1702 1491 1753 est
1518 1696 1616 1753 cui
1641 1696 1994 1753 excellenter
2041 1697 2174 1753 bent

2252 1721 2296 1777 Β
2331 1702 2495 1763 οὕτως
2519 1699 2663 1763 ἄξιος
2709 1706 2799 1751 τοῦ
2845 1707 2937 1760 τῆς
2966 1698 3241 1772 εὐεργσίας
3281 1694 3586 1766 ἀξιώματος,
3624 1691 3647 1742 ὁ
3681 1691 3857 1762 χαριζό-

562 1787 738 1853 ﬁciat,
769 1787 873 1858 qui
903 1786 1055 1842 bene
1088 1784 1202 1842 illis
1233 1786 1433 1842 fecerit
1457 1802 1494 1842 a
1522 1785 1743 1858 quibus
1773 1786 2177 1843 retributione:

1866 1786 2222 1843 ributionem
2332 1810 2480 1864 μενος
2506 1788 2580 1863 ἐφ’
2677 1793 2746 1862 μὴ
2777 1785 3148 1841 ἀνταπολαϐεἰν
3171 1790 3271 1845 τὴν
3302 1786 3481 1859 χάριν.

563 1892 688 1934 non
717 1875 1165 1948 exspectaverit.

637 1969 723 2024 83.
763 1966 845 2020 Ne
875 1964 1119 2037 quidem
1177 1964 1387 2021 amicis
1445 1968 1652 2021 contra
1705 1980 1949 2038 aequum
1998 1964 2226 2038 aliquid

2405 1970 2512 2042 πγ¹.
2562 1964 2741 2027 Μηδὲν
2788 1967 3084 2043 παράνομον
3141 1960 3282 2039 μηδέ
3331 1962 3489 2036 φίλοις
3526 1958 3751 2034 χαρίζου.
3787 1953 3858 2009 "Av

564 2056 861 2125 elargitor.
898 2056 1045 2110 Nam
1084 2054 1133 2110 si
1171 2054 1447 2110 homines
1476 2053 1631 2109 bene
1664 2054 1878 2109 morati
1912 2054 2049 2119 sint,
2086 2052 2179 2110 odi

2334 2063 2426 2133 μεν
2485 2061 2587 2133 γάρ
2642 2057 2881 2119 ἐπιεικεῖς
2930 2052 3053 2124 ὦσι,
3110 2058 3410 2128 μισήσουσι
3466 2049 3640 2123 μᾶλλον
3690 2062 3859 2133 παρανο-

566 2148 622 2201 te
640 2144 951 2201 habebunt
975 2144 1174 2215 potius
1196 2144 1362 2216 quod
1388 2143 1546 2214 leges
1572 2142 1916 2209 violaveris,
1939 2159 2124 2216 quam
2148 2159 2181 2199 o

2335 2129 2615 2222 μοῦνταίῆ
2669 2146 2956 2220 φιλήσουσι
3004 2145 3375 2218 χαριζόμενον·
3410 2141 3468 2192 ἃν
3515 2135 3571 2192 δε
3595 2136 3767 2211 φαῦλοι,
3804 2129 3860 2186 δι-

565 2233 926 2291 beneﬁcium
949 2232 1232 2289 collatum
1266 2231 1775 2289 exosculabuntur
1804 2251 1816 2292 :
1845 2232 1893 2288 si
1922 2248 2060 2289 vero
2087 2248 2180 2288 ma

2339 2238 2470 2297 πλῆν
2524 2238 2719 2310 ζημίαν
2766 2236 3051 2307 ὐπέμεινες,
3103 2236 3301 2295 κακούς
3331 2230 3614 2303 εὐεργετῶν,
3658 2230 3732 2278 καὶ
3772 2222 3859 2294 ἁγα-

568 2322 705 2392 sint,
736 2320 961 2394 duplici
991 2321 1308 2393 dispendio
1339 2320 1612 2377 aﬂicieris
1638 2338 1650 2375 :
1678 2337 1820 2377 nam
1851 2325 1907 2377 et
1941 2322 2183 2393 improbi

2343 2329 2451 2389 θοῖς
2507 2326 2943 2399 ἀπεχθανόμενος.
3005 2327 3107 2377 Καὶ
3157 2326 3332 2397 χωρὶς
3376 2316 3434 2373 δί
3484 2320 3678 2381 τούτων,
3728 2311 3858 2385 τέρψει

570 2409 929 2475 benefecisti,
963 2414 1018 2465 et
1047 2409 1254 2465 odium
1286 2409 1446 2482 apud
1483 2409 1705 2481 probos
1745 2409 2061 2465 incurristi.
2115 2412 2185 2467 Se

2342 2420 2648 2490 προσκαίρῳ
2696 2420 2785 2467 καὶ
2839 2410 3080 2485 ἰδιωτικῇ
3138 2407 3312 2465 ἀίδιον
3363 2404 3554 2470 ὄνειδος
3605 2402 3859 2467 ὐλλοὶξασθει

570 2505 872 2572 utcunque
898 2499 991 2554 his
1014 2498 1292 2564 carueris,
1328 2497 1547 2569 gaudio
1571 2499 1803 2570 privato
1832 2504 1888 2554 et
1918 2503 2185 2571 tempora

1531 2499 1803 2570 )privato
1832 2504 1888 2554 et
1918 2497 2230 2571 temporali
2342 2511 2431 2560 καὶ
2472 2508 2665 2575 κοινὸν,
2698 2503 2924 2578 μεγάλης
2951 2500 3146 2564 ἀνοίας.

571 2594 861 2645 aeternum
873 2586 1268 2660 opprobrium
1281 2587 1655 2660 permutasti,
1669 2587 1834 2661 quod
1848 2588 2094 2645 stultum
2109 2589 2233 2662 pla-

570 2692 646 2734 ne
676 2680 851 2734 esset.

643 2769 730 2822 84.
790 2765 1005 2823 Gratias
1058 2781 1166 2839 per
1220 2766 1813 2838 procrastinationes,
1891 2771 2233 2839 temporum

2414 2768 2527 2827 πδ’.
2564 2772 2627 2825 Δί
2660 2772 2880 2846 χάριτες
2917 2775 3028 2829 ταῖς
3068 2766 3342 2827 ἀναϐολαῖς
3378 2768 3462 2817 καὶ
3493 2760 3775 2838 παραιτήσεσι
3797 2757 3861 2846 τοῦ

573 2856 972 2920 extensiones,
998 2855 1156 2912 velut
1183 2855 1259 2912 ad
1290 2861 1652 2912 senectutem
1679 2855 2016 2929 quamdam
2039 2856 2188 2912 devel

2345 2866 2564 2935 χρόνου,
2597 2844 2769 2932 ὥσπερ
2803 2858 2869 2920 εἰς
2916 2866 3084 2931 γῆρας
3126 2856 3393 2923 ἑλθοῡσαι,
3425 2856 3479 2907 τό
3520 2851 3686 2905 οἰκεῖον
3719 2844 3860 2919 μαραί-

575 2950 803 3017 gentes,
819 2946 1062 3018 propria
1080 2944 1478 3002 deﬂorescunt
1496 2945 1937 3017 pulchritudine
1954 2962 1967 3001 :
1984 2962 2190 3001 excuss

2344 2969 2518 3002 νονται
2556 2949 2752 3010 καλλος·
2810 2952 2868 3002 τό
2918 2950 3019 3023 γὰρ
3073 2949 3223 3007 ἄνθος
3278 2943 3621 2999 ἀποϐαλοῦσαι
3664 2944 3740 2998 τῆς
3772 2949 3860 3007 προ·

576 3035 791 3092 etenim
822 3034 1308 3109 promptitudinis
1324 3034 1489 3101 ﬂore,
1507 3036 1604 3108 qui
1629 3052 1764 3091 cum
1792 3036 2030 3092 adesset
2046 3034 2191 3108 spler

2268 3072 2309 3129 Ο
2348 3042 2553 3113 θυμίας,
2587 3040 2697 3112 μεθ’
2730 3039 2789 3100 ἧς
2818 3036 3089 3111 ἀμήχανόν
3132 3056 3251 3090 τινα
3294 3040 3383 3089 καὶ
3410 3033 3631 3106 λαμπρὰν
3654 3028 3860 3081 ἐποιοῦντο

573 3123 781 3182 didam
800 3125 1133 3198 quamdam
1154 3130 1211 3180 et
1229 3124 1590 3182 immensam
1620 3124 2119 3198 pulchritudinem
2151 3142 2188 3180 ιιι

2235 3156 2237 3165 ν
2272 3115 2309 3129 ν
2346 3134 2439 3189 τὴν
2478 3128 2679 3205 τέρψιν,
2733 3127 2791 3181 οὐ
2848 3128 3089 3201 καθωρὰν
3120 3127 3134 3170 ι
3197 3130 3418 3200 φέρουσι
3454 3127 3543 3183 τὴν
3595 3115 3850 3191 εὐφροσύνην

569 3213 997 3288 praesentabat,
1016 3213 1177 3271 nullo
1192 3214 1373 3271 modo
1390 3229 1464 3271 ne
1482 3213 1560 3272 ad
1577 3214 1787 3271 horam
1806 3218 2061 3287 possunt
2076 3213 2237 3272 oble-

572 3307 757 3361 ctare.

637 3393 727 3449 85.
772 3392 982 3449 Gratim
1013 3392 1339 3450 dimidiatae
1382 3408 1769 3466 nequaquam
1813 3394 2016 3465 gratias
2048 3398 2186 3450 sunt
2216 3409 2230 3450 :

2415 3398 2508 3451 πε’.
2550 3397 2618 3452 Ai
2648 3397 2860 3471 χάριτες
2898 3393 3171 3467 ἡμιτελεῖς,
3221 3391 3379 3447 οὖσαι
3429 3392 3519 3445 οὐκ
3554 3377 3858 3471 ἔθελονσιὲχά·

568 3488 741 3539 erunt
788 3488 990 3539 autem
1040 3489 1477 3538 consummatae
1538 3481 1641 3538 ubi
1690 3482 1929 3539 fuerint.
1980 3483 2089 3549 Qui
2133 3498 2183 3556 p4

2343 3506 2483 3562 ριτες
2526 3483 2656 3539 εἶναι
2687 3502 2699 3515 ³
2729 3488 2936 3538 ἔσονται
2981 3481 3062 3551 δὲ,
3111 3481 3325 3536 ἐπειδὰν
3368 3480 3711 3551 τετελειωμέναι
3749 3466 3854 3520 ὦσιν

566 3577 767 3645 partes
792 3572 1205 3627 tantummodo
1217 3572 1469 3643 gratiam
1486 3571 1641 3640 facit,
1656 3572 1982 3642 ipsummet
1994 3589 2057 3628 se
2071 3572 2181 3628 dan

2344 3578 2369 3630 6
2403 3574 2461 3630 δὲ
2508 3578 2697 3636 ταύτας
2744 3573 2798 3638 ἐξ
2843 3575 3090 3647 ἡμισείας
3131 3574 3449 3637 κατατιθεὶς,
3497 3567 3658 3622 ἑαυτὸν
3692 3558 3858 3627 ἐζημίω-

566 3675 647 3717 no
690 3658 890 3725 afﬁcit,
937 3676 1046 3715 nec
1076 3659 1388 3733 accipienti
1439 3660 1689 3731 gratiam
1730 3660 2060 3717 facit:nam
2095 3662 2181 3735 plt

2345 3686 2421 3733 σε,
2456 3670 2544 3718 καὶ
2598 3668 2685 3717 τὸν
2744 3662 2969 3716 λαϐόντα
3010 3662 3105 3715 οὐκ
3154 3665 3418 3736 εὔφρανεν.
3447 3658 3503 3712 Ὀ
3546 3657 3636 3729 γὰρ
3663 3652 3855 3723 ἡμίτομον

558 3748 635 3805 lle
667 3749 741 3805 de
759 3765 830 3805 eo
852 3748 1025 3821 quod
1052 3748 1419 3805 desideratur
1439 3748 1684 3816 dolebit,
1718 3765 1905 3822 quam
1934 3749 2173 3807 lastabit:

2341 3760 2435 3815 τὴν
2481 3757 2642 3828 χάριν
2676 3753 2990 3826 ἀπειληφὼς,
3034 3751 3140 3824 οὐχ
3193 3752 3332 3805 οὕτω
3392 3757 3461 3821 τῷ
3491 3750 3656 3821 ἡμίσει
3700 3738 3855 3810 εὐφραν-

565 3839 640 3897 de
667 3844 911 3912 accepta
943 3838 1253 3896 dimidiata
1278 3838 1569 3913 portione.

2343 3846 2579 3909 θήσεται,
2612 3845 2680 3905 ὡς
2702 3844 2827 3917 ύπερ
2858 3850 2949 3895 τοῦ
2982 3840 3331 3915 ἀφαιρίματος
3353 3838 3625 3893 ἀνιάσεται.
3836 3913 3848 3922 .

636 3928 725 3985 86.
769 3927 879 3995 Qui
911 3928 1167 3999 gratiam
1195 3928 1372 3985 alicui
1403 3929 1620 3986 factam
1654 3928 1995 4002 exprobrat,
2022 3929 2230 3987 similis

2410 3931 2519 3999 πς’.
2573 3932 2631 3984 Ὀ
2683 3934 2777 3993 τάς
2828 3933 3057 4004 χάριτας
3121 3927 3415 3998 ὀνειδίζων,
3466 3929 3625 4000 ὅμοιός
3672 3918 3762 3972 ἔστι
3804 3918 3855 4004 τξ

567 4024 656 4076 est
687 4019 904 4076 colono
932 4019 1036 4092 qui
1068 4018 1319 4075 libenter
1345 4018 1619 4085 seminat,
1656 4000 1761 4075 sed
1793 4035 2011 4092 porcos
2055 4025 2112 4076 et
2150 4020 2182 4075 f4

2336 4030 2568 4096 γεωργῷ,
2626 4000 2918 4094 σπείροντι-
2945 4023 3035 4094 μὲν
3081 4022 3363 4095 προθύμως
3422 4016 3642 4089 ἕπαφέντι
3688 4004 3736 4061 δι
3766 4000 3857 4098 ,χοίς

564 4124 662 4166 ras
708 4108 767 4165 in
816 4113 1143 4165 sementem
1193 4108 1470 4164 immittit.
1530 4108 1727 4164 Perdit
1780 4108 1873 4164 ille
1923 4125 2179 4177 semen,4

2333 4132 2455 4187 ρους
2500 4117 2589 4165 καὶ
2640 4113 2799 4186 θηρία
2840 4118 2913 4182 τῷ
2974 4114 3172 4185 σπόρῳ.
3222 4108 3310 4172 ’.Ως
3362 4110 3461 4184 γὰρ
3511 4103 3674 4160 ἐκεῖνος
3710 4096 3853 4194 καὶ.το

564 4197 822 4254 fructum
850 4213 880 4253 e
911 4199 1138 4253 semine
1169 4213 1182 4263 ;
1217 4196 1408 4269 perdit
1446 4196 1554 4254 iste
1584 4214 1655 4253 ea
1686 4215 1816 4271 quas
1857 4198 2127 4264 contulit,
2170 4218 2179 4253 4

2337 4207 2545 4276 σπέρμα
2590 4206 2681 4255 καὶ
2742 4204 2828 4254 τόν
2881 4200 2934 4263 ἐξ
2975 4199 3134 4253 αὐτοῦ
3177 4199 3480 4272 λυμαίνεται
3529 4192 3721 4260 καρπὸν»
3756 4192 3854 4276 fw"

562 4286 987 4357 gratitudinem
1019 4287 1127 4342 sibi
1158 4302 1229 4342 ex
1256 4286 1325 4341 iis
1355 4285 1846 4344 eﬁlorescentem.

2333 4297 2423 4345 καὶ
2470 4291 2619 4352 οὗτος
2647 4295 2737 4343 καὶ
2789 4292 2856 4343 τὰ
2900 4288 3296 4348 καταϐληθέντα
3337 4292 3428 4341 καὶ
3472 4289 3558 4344 τὴν
3598 4271 3854 4355 βλαστάνθυ“

2336 4400 2431 4434 σαν
2458 4380 2598 4450 αὐτῷ
2631 4378 3056 4453 προσαπόλλυσιν
3088 4378 3459 4452 εὐχαριστίαν.

633 4469 720 4523 87.
765 4464 821 4521 Si
864 4464 942 4521 ab
990 4462 1157 4520 initio
1200 4463 1491 4521 beneﬁcio
1532 4464 1816 4531 aﬂ‘eceris,
1852 4481 2006 4538 quos
2059 4467 2221 4524 dein-

2253 4429 2300 4486 D
2403 4468 2507 4531 πξ.
2554 4429 2706 4528 Μηέε
2735 4471 2872 4522 κατά
2901 4475 3110 4544 πρώτας
3144 4429 3453 4542 ῖύεργετῶν,
3494 4466 3655 4517 ἔπειτα
3680 4451 3728 4507 δὶ
3761 4449 3852 4518 ἀμι-

559 4574 696 4629 ceps
728 4554 1000 4625 neglectu
1024 4552 1233 4619 habes,
1276 4552 1395 4609 noli
1430 4558 1637 4626 putare
1668 4570 1770 4611 eos
1803 4555 1885 4610 sic
1925 4555 2174 4612 beneﬁci

2329 4558 2450 4627 λῶν,
2492 4559 2671 4632 νόμιζε
2700 4563 2791 4617 τὴν
2823 4557 2875 4622 ἕξ
2917 4558 3089 4633 ἀρχῆς
3141 4577 3223 4611 σοι
3278 4560 3470 4612 εὔνοιαν
3516 4554 3625 4612 τοὺς
3648 4545 3851 4633 Vh???"

558 4628 801 4704 affectos
834 4644 979 4702 velle
1016 4642 1494 4700 benevolentiam
1537 4643 1792 4715 priorem
1836 4661 2173 4701 conservari

2332 4650 2508 4709 θέντας
2549 4628 2959 4719 διαφυλάττειν.-
2984 4628 3221 4709 γΠολλούς
3268 4650 3366 4721 γὰρ
3431 4643 3573 4701 αὐτὸς
3618 4636 3701 4707 ἐγὼ
3737 4628 3851 4721 πάθᾳ

559 4735 767 4792 Multos
799 4740 1034 4806 egomet
1064 4737 1337 4805 expertus
1363 4733 1638 4802 cognovi,
1658 4733 1761 4805 qui
1789 4733 1990 4789 multis
2020 4740 2074 4789 et
2098 4751 2174 4791 mi

2329 4734 2566 4810 διέγνων,
2600 4718 2679 4790 ὅτι
2728 4736 3077 4811 θαρῥήσαντες
3122 4745 3194 4807 τῷ
3243 4718 3427 4795 πληθει
3470 4736 3553 4785 καὶ
3580 4718 3847 4811 μεγίθιιλτῆς

559 4824 692 4893 guis
720 4826 841 4880 suis
872 4825 1102 4881 collatis
1136 4822 1438 4880 beneﬁciis
1460 4822 1691 4887 conﬁsi,
1717 4822 1943 4878 nullam
1971 4839 2174 4895 prorsu

2327 4828 2606 4899 καταρχὰς
2659 4809 2978 4899 εὐεργεσίας,
3024 4822 3175 4878 οὐδὲν
3219 4823 3269 4876 ἕν
3318 4832 3425 4885 τοῖς
3472 4817 3635 4892 ἐφεξῆς
3675 4809 3846 4899 έῩΡόΫτυ

559 4926 764 4967 curam
784 4914 992 4969 eadem
1016 4913 1297 4985 deinceps
1319 4911 1668 4969 continuare
1689 4912 2030 4968 habuerunt
2054 4929 2067 4968 :
2094 4930 2174 4985 pel

2331 4935 2427 4969 σαν
2478 4912 2844 4979 ἐπιδείξασθαι
2888 4922 3141 4968 τοιοῦτον·
3196 4913 3428 4987 ἀρκέσειν
3469 4911 3561 4983 γὰρ
3611 4907 3704 4960 τοῖς
3742 4892 3844 4963 ἀφ’

558 5006 871 5057 suaserant
894 5002 1053 5057 enim
1094 5001 1205 5058 sibi
1235 5001 1556 5058 exliibitam
1588 5000 1666 5058 ab
1698 5001 1864 5057 initio
1897 5001 2173 5059 liberalite

2327 5007 2596 5078 γετηθείσι
2640 5008 2770 5081 πρὸς
2808 5010 2900 5064 τὴν
2951 5001 3046 5057 διὰ
3075 5001 3198 5078 βίον
3230 5003 3557 5086 εὐχαριστίαῖ
3593 4995 3842 5086 τὴνικαῖταρ-

557 5090 1035 5148 benevolentiam
1067 5089 1335 5148 sufﬁcere
1360 5092 1577 5148 debere
1607 5091 1685 5147 ad
1715 5090 2172 5161 obstringendui

2328 5075 2436 5167 χάς
2484 5075 2711 5154 ἤλπισαν
2755 5075 3085 5168 φιλοτιμίαν,
3116 5098 3206 5146 καὶ
3251 5075 3439 5168 χρόνον
3467 5081 3639 5141 οὐδένα
3671 5075 3721 5129 ἂν

555 5185 846 5256 perpetuo
876 5178 1178 5235 beneﬁciis
1207 5179 1475 5250 affectos,
1510 5196 1619 5238 nec
1665 5180 1947 5253 temporis
1987 5180 2170 5237 diutui

2324 5184 2507 5237 νέσθαι
2550 5183 2716 5247 λήθης
2753 5191 2861 5247 τοῖς
2889 5180 2945 5238 εὖ
2990 5185 3273 5237 πεπονθόσι
3318 5187 3410 5242 τῆς
3456 5169 3776 5249 meamne,
3800 5169 3839 5204 το

1913 5349 2147 5409 νΑΒῐιΕ
2180 5351 2581 5413 LECTIONES.

630 5541 643 5585 I
680 5534 755 5588 ἳσ.
788 5530 1042 5605 καθαράν,
1077 5527 1185 5594 vel,
1215 5526 1332 5582 καθ’
1358 5527 1515 5603 ὥραν.
