4090 6228
195 273 311 329 685

1466 272 1977 337 EPISTOLARUM
2019 277 2240 336 LIBER
2281 279 2323 335 Ι.

3464 299 3571 356 686

196 393 259 450 δε
289 397 347 450 οὐ
378 400 531 470 μόνον
570 398 629 451 οὐ
660 400 795 452 κατὰ
832 400 925 462 τὰς
965 397 1133 451 αὐτῶν
1184 394 1398 458 ἑλπίδας
1446 396 1635 463 ἀπέϐη,
1669 399 1786 453 ἀλλὰ

1901 403 2144 459 nitatem
2184 405 2402 461 debere
2435 406 2800 467 oblivionem
2843 411 3196 472 collatorum
3240 416 3556 478 beneﬁcio-

195 491 290 540 καὶ
320 486 390 549 εἰς
414 487 714 541 τούναντίον
752 488 974 562 ἐτράπη.
1029 487 1183 540 Ἀλλὰ
1230 491 1342 562 περὶ
1390 491 1480 561 μὲν
1531 498 1630 542 τῶν
1670 493 1798 562 φαύ-

190 575 293 627 λων
323 580 409 635 τὴν
467 582 772 651 προαίρεσιν
833 574 983 630 οὐδὲν
1016 579 1320 648 θαυμαστὸν
1350 598 1362 609 ·
1397 579 1446 629 οἱ
1493 580 1594 651 γὰρ
1628 586 1798 631 τοιοῦ-

194 683 301 732 τοι,
330 662 453 718 οὐδὶ
480 666 701 740 ῥεούσης
739 666 916 729 αὐτοῖς
960 666 1033 727 εἰς
1079 672 1267 739 χεῖρας
1296 665 1422 726 ἴσως
1465 673 1561 727 τῆς
1600 666 1798 739 εὐεργε-

196 760 339 820 σίας,
390 753 514 808 οὐδὲ
557 760 671 809 τότε
717 755 983 828 γλώσσαις
1035 754 1328 817 ἁνοθεύτοις
1374 753 1647 827 ἠμείϐοντο
1704 758 1798 815 τὰς

193 844 512 919 εὐεργεσίας,
543 846 676 904 πλὴν
725 850 815 898 καὶ
863 843 946 898 ἐπὶ
970 854 1069 897 τῶν
1129 845 1313 915 ἄλλων,
1360 848 1481 906 τοὺς
1527 848 1616 916 μὲν
1646 844 1797 897 καλο-

191 936 447 1005 καγαθίας
524 933 953 1007 ἐπιμελουμένους
1019 932 1081 993 ἧν
1149 930 1298 1000 ἰδεῖν,
1365 936 1435 997 ὡς
1504 936 1649 1006 εἶχον
1705 937 1795 1006 μεν

190 1028 403 1095 μνήμην
455 1024 522 1075 ὧν
575 1026 765 1096 ἔτυχον
814 1022 1231 1090 ἀπολελαυκότες,
1287 1029 1377 1077 καὶ
1430 1023 1652 1095 εὐλογεῖν
1701 1023 1795 1075 οὐκ

190 1111 461 1175 ἐξίσταντο
501 1117 587 1166 τὸν
638 1113 906 1187 εὐεργέτην
949 1134 963 1147 ο
1013 1114 1148 1186 ὅμως
1224 1110 1283 1165 δε
1335 1118 1406 1185 μὴ
1451 1121 1550 1165 τῶν
1603 1115 1794 1185 ὁμοίων

187 1204 562 1274 τυγχάνοντες,
619 1199 735 1256 οὐδ’
789 1202 940 1255 αὐτοὶ
992 1204 1225 1276 καθαρὰν
1263 1208 1353 1254 καί
1410 1202 1671 1276 ἀκήρατον
1699 1208 1793 1261 τὴν

186 1290 423 1367 ἀρχαίαν
477 1288 731 1353 διέσωζον
791 1292 1211 1363 εὐγνωμοσύνην,
1289 1291 1416 1344 ἀλλὰ
1483 1300 1555 1362 τῷ
1612 1297 1792 1366 χρόνῳ

185 1385 285 1440 τήν
315 1383 477 1454 χάριν
507 1382 589 1453 (οὐ
642 1384 742 1455 γὰρ
791 1378 937 1453 εἶχον
984 1380 1244 1456 ἑπιρῥοὴν)
1297 1382 1788 1455 ὑπομαραινόμενοι,

184 1475 245 1524 τὸ
281 1468 509 1544 σφοδρὸν
540 1476 628 1524 καὶ
683 1474 871 1545 ὡραῖον
925 1469 1274 1531 ἀπηνθίζοντο
1310 1478 1400 1523 τοῦ
1441 1470 1652 1545 φίλτρου
1687 1491 1701 1504 ο
1743 1473 1793 1523 οἱ

186 1557 248 1614 δε
328 1565 489 1634 μέσης
562 1561 892 1635 νομιζόμενοι
975 1557 1282 1623 διαθέσεως,
1374 1560 1791 1634 εὐεργετούμενοι

183 1653 277 1724 μὲν
326 1650 657 1726 εὐχαρίστως
708 1647 960 1705 διέκειντο
992 1670 1006 1684 ο
1058 1648 1394 1721 ἁμεληθέντες
1426 1646 1504 1712 δε,
1541 1646 1654 1702 οὐδ’
1699 1648 1789 1701 αὐ-

177 1745 263 1793 τοὶ
289 1744 382 1799 τὴν
425 1744 677 1814 προτέραν
738 1736 977 1793 διάθεσιν
1026 1740 1094 1801 εἰς
1145 1739 1446 1792 τούναντίον
1489 1737 1789 1811 μεταϐαλεῖν
1827 1773 1870 1829 B

181 1828 587 1903 ὸησχύνθησαν
626 1848 638 1861 ·
700 1829 952 1902 μάλιστα,
1030 1827 1300 1902 βλέποντες
1350 1828 1547 1901 ἐτέρους
1597 1828 1790 1900 φιλοτι-

178 1927 313 1991 μιῶν
370 1917 743 1981 ἀπολαύοντας.
773 1918 848 1971 Οὐ
898 1920 1000 1991 γὰρ
1056 1917 1092 1969 ἃ
1145 1919 1567 1992 προπεπόνθασιν
1616 1917 1785 1983 αὐτοὶ,

176 2012 351 2059 καίτοι
381 2004 518 2072 δέον,
544 2006 842 2080 ἕλογίσαντο
880 2026 893 2039 θ
927 2008 1005 2068 οἷς
1035 2003 1086 2059 δ’
1122 2004 1175 2059 εὐ
1224 2009 1436 2060 πάθοιεν
1467 2008 1515 2059 οἱ
1540 2006 1784 2073 πλησίον,

178 2097 513 2159 ἔπητένιζον·
563 2103 654 2150 καὶ
724 2100 925 2157 τούτοις
986 2097 1426 2172 παρακνιζόμενοι
1482 2100 1576 2154 τὴν
1634 2096 1789 2167 εὐφη-

174 2190 306 2258 μίαν
358 2186 427 2247 είς
474 2188 799 2260 ἀχαριστίαν
856 2189 1088 2259 ἔτρεπον.
1146 2185 1322 2255 Πολλῷ
1367 2186 1471 2258 ἄρα
1525 2184 1790 2237 λυσιτελέ-

700 1829 952 1902 μάλιστα,

180 2294 365 2350 στερον
394 2277 637 2349 ἄρχοντι,
669 2280 758 2328 καὶ
788 2274 837 2326 έν
865 2276 1118 2348 πολιτείᾳ,
1151 2277 1288 2327 κατὰ
1332 2278 1505 2347 μέρος,
1553 2280 1643 2326 καὶ
1695 2270 1788 2326 διὰ

180 2362 328 2436 βίου,
359 2372 477 2427 ταῖς
533 2362 752 2438 δωρεαῖς
779 2365 809 2424 ἦ
845 2363 1031 2439 ἁθρόον
1080 2370 1169 2416 καὶ
1202 2363 1405 2437 ἐφάπαξ
1461 2364 1784 2416 οἰκειοῦσθαι

175 2457 237 2506 τὸ
262 2455 513 2512 ὑπήκοον.
571 2459 642 2508 Τὸ
692 2451 753 2507 δε
795 2453 993 2515 πλῆθος
1040 2459 1131 2506 καὶ
1189 2452 1355 2527 βάρος
1403 2461 1501 2506 τῶν
1549 2457 1784 2528 χαρίτων

174 2543 399 2615 άρμοξει
449 2542 639 2616 μᾶλλον
701 2550 807 2603 τοῖς
881 2543 1167 2617 ὑπέρογκον
1232 2561 1281 2594 τι
1357 2546 1446 2594 καὶ
1484 2538 1783 2614 παράδοξον

173 2632 260 2685 ἰπὶ
291 2640 437 2705 κοινῇ
483 2636 720 2706 σωτηρίᾳ
772 2634 1196 2706 κατωρθωκόσιν,
1230 2632 1257 2690 ἦ
1293 2639 1402 2694 τοῖς
1436 2630 1508 2692 εἰς
1538 2634 1595 2683 τὸ
1644 2650 1783 2683 σπα-

169 2728 417 2775 νιώτατον
446 2729 545 2784 τῆς
574 2724 600 2780 ἡ
608 2730 717 2794 μῶν
744 2720 1046 2794 ἐπικουρίας
1077 2717 1286 2774 δεῖσθαι
1315 2722 1637 2793 νομισθεῖσι,

1907 508 2042 547 rum
2077 508 2107 548 a
2154 494 2336 549 semel
2380 494 2532 550 bene
2575 496 2650 553 de
2690 515 2752 554 se
2786 502 3006 557 meritis
3040 518 3378 574 procurare.
3429 508 3562 577 Qua

1908 582 1969 638 in
2012 597 2074 637 re
2135 598 2239 654 spe
2301 583 2489 639 delusi
2559 587 2923 654 exciderunt,
2972 607 3033 648 re
3084 594 3145 648 in
3206 600 3566 657 contrariam

1907 675 2137 743 partem
2178 673 2555 743 procedente.
2594 677 2792 747 Neque
2823 679 3041 735 mirum
3082 698 3229 739 sane
3260 686 3452 742 malos
3485 689 3568 744 sic

1907 759 2152 816 affectos
2177 776 2306 815 esse
2329 761 2571 818 animo:
2612 763 2757 820 tales
2787 768 2967 833 enim,
3017 785 3090 825 ne
3134 774 3381 844 quidem
3417 776 3565 833 dum

1907 847 1967 903 in
2008 864 2224 904 manus
2265 849 2535 921 ipsorum
2582 851 2875 910 beneficia
2923 855 3295 928 depluerent,
3348 863 3569 933 linguis

1906 937 2330 993 sincerioribus
2365 939 2516 995 bene
2550 948 2842 998 merentes
2876 945 2950 999 de
2976 962 3037 1002 se
3062 954 3429 1008 remunerari
3463 970 3565 1010 vo-

1904 1022 2125 1113 lebant.
2158 1025 2271 1081 Sed
2297 1033 2354 1082 et
2380 1027 2645 1101 alioquin
2672 1032 2831 1101 apud
2860 1049 2959 1089 eos
2986 1035 3206 1105 quibus
3228 1038 3405 1095 etiam
3432 1058 3567 1113 pro-

1903 1111 2058 1169 bitas
2082 1130 2241 1171 cura;
2269 1122 2375 1182 est,
2400 1117 2597 1174 videre
2625 1134 2951 1190 possumus
2975 1127 3333 1183 memoriam
3356 1111 3566 1187 eorum

1903 1202 2122 1274 quibus
2182 1203 2553 1274 fruebantur,
2606 1208 2771 1264 haud
2822 1210 3099 1266 retinere:
3150 1218 3206 1268 et
3262 1221 3567 1289 utcunque

1903 1290 2271 1348 benemeritis
2310 1294 2457 1350 dum
2496 1296 2860 1363 afﬁciuntur,
2892 1299 3373 1359 benefactoribus
3413 1307 3567 1375 grati

1901 1380 2208 1449 exsistant,
2239 1389 2651 1440 verumtamen
2684 1386 2731 1441 si
2753 1387 3036 1459 deinceps
3070 1405 3187 1446 non
3222 1393 3351 1461 pari
3382 1394 3563 1451 modo

1901 1468 2258 1537 afﬁciantur,
2282 1472 2542 1543 priorem
2565 1474 2729 1530 illam
2749 1492 2921 1531 suam
2941 1478 3123 1534 animi
3146 1484 3567 1553 promptitudi-

1902 1572 2040 1614 nem
2081 1575 2467 1632 nequaquam
2513 1563 2767 1619 retinent
2813 1565 3111 1624 sinceram
3133 1574 3191 1625 et
3231 1570 3564 1643 illibatam;

1900 1663 2110 1704 verum
2140 1650 2428 1720 temporis
2457 1651 2712 1707 decursu
2731 1654 2891 1723 (cum
2917 1655 3145 1712 inﬂuxu
3174 1659 3249 1714 de
3267 1675 3420 1717 novo
3443 1677 3565 1718 non

1901 1736 2344 1810 supplerentur)
2378 1741 2632 1808 gratiam
2659 1743 3034 1800 emarcidam
3064 1746 3368 1818 habentes,
3398 1750 3566 1822 quod

1898 1826 1957 1882 in
2003 1842 2211 1883 amore
2257 1828 2662 1886 vehementius
2701 1836 2757 1887 et
2797 1831 3169 1903 splendidius
3203 1836 3561 1905 habebatur,

1898 1916 2177 1972 avulsum
2208 1921 2265 1973 et
2293 1917 2692 1974 deﬂorescens
2732 1920 3072 1978 admittunt.
3106 1928 3176 1980 At
3224 1927 3327 1997 qui
3362 1927 3563 1985 medio

1897 2005 2164 2076 quodam
2193 2022 2357 2061 more
2382 2008 2753 2074 tenebantur,
2780 2009 3082 2067 beneficiis
3109 2013 3304 2071 affecti
3329 2017 3404 2071 ad
3433 2032 3564 2086 gra~

1896 2092 2210 2149 titudinem
2242 2096 2747 2166 disponebantur;
2779 2099 3031 2168 neglecti
3063 2109 3288 2169 autem,
3334 2120 3409 2161 ne
3440 2106 3563 2171 qui-

1895 2181 2035 2238 dem
2065 2184 2179 2254 ipsi
2204 2184 2431 2255 pudore
2482 2184 2851 2242 deterrentur
2882 2204 3003 2260 quo
3051 2190 3252 2247 minus
3296 2193 3559 2263 priorem

1895 2273 2080 2328 animi
2122 2272 2403 2329 affectum
2452 2282 2798 2332 convertant
2829 2278 2889 2332 in
2922 2281 3292 2337 contrarium
3319 2297 3334 2348 ;
3367 2298 3559 2355 eoque

1897 2363 2088 2431 magis
2113 2362 2159 2414 si
2187 2361 2335 2417 alios
2357 2362 2609 2419 viderint
2634 2363 2745 2420 sibi
2768 2364 3058 2436 dignitate
3083 2368 3384 2439 praelatos.
3409 2373 3556 2427 Nam

1895 2465 2283 2523 nequaquam
2323 2451 2515 2507 solent
2564 2453 2861 2509 recordari
2909 2471 3117 2513 eorum
3167 2458 3390 2529 quibus
3436 2459 3557 2531 ipsi

1893 2540 2059 2611 prius
2105 2538 2251 2595 bene
2282 2546 2452 2597 erant
2481 2540 2676 2598 affecti
2706 2542 3034 2610 beneﬁciis,
3074 2562 3429 2619 quanquam
3468 2566 3555 2606 re-

1892 2628 2141 2684 damare
2176 2645 2279 2684 eos
2311 2645 2420 2700 par
2448 2629 2674 2701 fuerat;
2708 2631 2813 2687 sed
2845 2633 3067 2704 quibus
3100 2634 3374 2692 fruuntur
3414 2638 3555 2694 vici-

1820 2717 1861 2773 C
1892 2717 1973 2781 ni,
2025 2716 2215 2773 solent
2258 2733 2327 2774 ea
2376 2720 2661 2786 contueri,
2709 2721 2932 2792 quibus
2973 2723 3175 2780 irritati
3220 2726 3445 2796 gratias
3487 2728 3550 2784 in

171 2812 458 2882 ingratias
484 2811 675 2867 solent
705 2816 1099 2867 commutare.
1133 2809 1580 2866 Conducibilius
1611 2808 1896 2881 quocirca
1924 2807 2260 2879 cuicunque
2290 2807 2541 2879 principi
2572 2816 2677 2875 est,
2711 2826 2850 2866 cum
2877 2811 2938 2866 in
2961 2812 3269 2882 republica
3299 2816 3548 2872 admini-

174 2900 423 2957 stranda
464 2905 589 2956 tum
636 2900 695 2955 in
722 2901 956 2972 privata
988 2899 1128 2966 vita,
1182 2898 1453 2955 subditos
1483 2897 1595 2954 sibi
1630 2913 1768 2953 suos
1815 2896 2106 2952 demereri
2152 2897 2327 2952 donis
2372 2897 2597 2953 collatis
2647 2900 3065 2968 particulatim,
3120 2903 3223 2958 sed
3274 2905 3550 2975 quandiu

178 2990 297 3044 sint
320 2989 381 3044 in
413 2988 582 3053 vivis,
616 2989 815 3060 potius
844 3003 1031 3061 quam
1063 2987 1265 3052 semel,
1296 3003 1493 3060 neque
1526 2986 1587 3043 id
1618 2984 1934 3058 profusiori
1960 2984 2163 3040 modo.
2193 2984 2307 3040 Sed
2335 3000 2445 3057 par
2474 2989 2565 3041 est
2600 2990 2661 3042 ut
2690 2987 3022 3058 gratiarum
3071 2990 3387 3048 multitudo
3426 3010 3546 3049 ma-

174 3076 547 3150 gnitudoque
573 3076 644 3131 iis
676 3076 877 3149 potius
909 3077 1220 3147 irrogetur,
1250 3076 1354 3149 qui
1390 3092 1496 3148 pro
1529 3075 1723 3132 salute
1752 3073 2057 3131 communi
2090 3073 2301 3143 ingens
2331 3072 2564 3145 aliquod
2590 3080 2645 3131 et
2674 3075 2963 3132 excellens
2992 3075 3228 3135 facinus
3252 3086 3548 3153 perpetra-

4074 2390 4079 2405 ι

4074 2632 4079 2725 ὲ

4072 2746 4077 2789 ἲ

4074 2828 4077 2861 ξ

4072 2868 4090 2909 ΑΙ

175 3166 384 3236 verint,
411 3182 596 3240 quam
627 3171 691 3223 ut
720 3168 782 3223 in
811 3182 913 3223 eos
938 3166 1324 3239 impendatur
1352 3165 1457 3239 qui
1490 3165 1791 3222 rarissime
1825 3168 2030 3220 nostra
2053 3177 2167 3234 ope
2198 3168 2254 3219 et
2283 3162 2503 3219 auxilio
2533 3162 2799 3234 indigere
2831 3165 3128 3223 videntur.

245 3298 361 3350 πη’.
403 3296 576 3365 Θυμός
606 3290 744 3345 ἔστιν
774 3294 1025 3353 ἔκστασις
1056 3291 1314 3356 ἑκούσιος,
1368 3296 1458 3344 καὶ
1497 3300 1595 3344 τῶν
1629 3286 1775 3342 ἰδίων

176 3391 367 3459 φρενῶν
427 3381 769 3454 ἁλλοτρίωσις
798 3399 811 3411 ’
873 3381 907 3434 ἃ
957 3384 1059 3455 γὰρ
1101 3384 1150 3434 οἱ
1204 3377 1486 3443 διαπαντὸς
1516 3379 1777 3453 μελαγχο-

172 3472 355 3532 λῶντες
411 3471 841 3545 κατεργάζονται,
910 3471 1258 3547 παραπλήσια
1332 3472 1534 3531 τούτοις
1582 3474 1672 3521 καὶ
1728 3469 1777 3520 οἱ

171 3569 243 3632 τῷ
277 3562 424 3634 θυμῷ
483 3559 762 3632 πληγέντες
813 3561 927 3613 κατ’
977 3559 1136 3614 έκεῖνο
1194 3567 1377 3635 καιροῦ
1432 3555 1776 3634 διαπράττον-

172 3670 281 3706 ται.

243 3827 352 3882 πθ’.
373 3826 393 3841 ⁸
418 3836 596 3901 Ωσπερ
629 3831 686 3881 τὸ
717 3835 820 3903 πῦρ
876 3831 972 3887 τὴν
1028 3832 1318 3903 τρέφουσαν
1349 3826 1476 3885 ὐλην
1515 3824 1771 3899 ἀφανίζει,

171 3920 310 3973 οὕτω
339 3922 429 3970 καὶ
455 3919 481 3970 ὀ
522 3919 686 3990 θυμὸς
718 3921 812 3976 τήν
863 3919 1093 3989 ίχουσαν
1124 3916 1311 3988 ψυχὴν
1336 3917 1619 3977 κατεσθίει,
1654 3913 1776 3966 πο)-

167 4009 332 4072 ’λάκις
363 4003 423 4061 δὲ
452 4012 542 4061 καὶ
570 4009 762 4083 φθορὰν
790 4006 1065 4080 ὁλόκληρον
1096 4006 1376 4080 εἰργάσατο
1407 4012 1497 4057 τοῦ
1526 4004 1686 4064 ζώου.

242 4275 315 4341 ς’.
348 4271 626 4348 Μηδαμῶς
672 4270 877 4348 μηδένα
895 4269 1035 4347 μηδὲ
1066 4269 1285 4334 δικαίως
1320 4273 1465 4345 θυμῷ
1509 4269 1763 4343 κολάσῃς.

165 4363 253 4428 Ὠς
279 4366 384 4438 γὰρ
430 4363 491 4415 ἂν
537 4366 562 4416 ὁ
592 4366 819 4437 πάσχων
866 4369 955 4422 τὴν
1006 4358 1161 4421 δίκην
1210 4362 1391 4436 ὑφέξῃ,
1439 4360 1589 4421 αὐτὸς
1636 4360 1774 4432 ὅμως

168 4449 323 4506 οὐδεν
351 4452 560 4506 ἔλαττον
592 4452 971 4527 ἄξελεγχθήσῃ,
1018 4452 1281 4525 σφαλερῶς
1344 4458 1406 4523 τῇ
1462 4449 1646 4525 πράξει
1684 4467 1773 4500 κε-

165 4545 458 4617 χρημένος.
494 4545 581 4594 Διὸ
611 4547 700 4595 καὶ
729 4542 980 4596 κάλλιστά
1026 4562 1105 4603 τις
1165 4550 1268 4593 τῶν
1318 4539 1557 4615 ἀρχαίων
1597 4537 1774 4589 amet-

169 4649 334 4683 σπισε
386 4634 516 4706 πρὸς
578 4632 943 4706 ἡμαρτηκότα,
1024 4629 1287 4684 Ἐκολασα
1348 4631 1409 4681 οἶν
1468 4646 1544 4696 σε,
1599 4626 1644 4679 εἰ
1699 4630 1770 4699 μὴ

166 4720 494 4793 ἰθυμούμην.

242 4899 357 4966 ςα’.
389 4898 588 4971 Τυφλόν
636 4898 752 4952 ἔστι
796 4900 962 4960 πάθος
1004 4900 1029 4951 ὁ
1064 4901 1245 4971 θυμὸς,
1295 4901 1384 4949 καὶ
1433 4901 1622 4968 κρίνειν
1679 4894 1773 4948 οὐκ

166 4992 309 5062 ἔχων
337 4986 441 5041 ἀπὸ
471 4996 564 5041 τοῦ
593 4993 833 5062 χείρονος
860 4993 916 5041 τὸ
946 4995 1195 5062 κρεῖττον.
1247 4990 1332 5039 Διό
1378 4982 1602 5057 οὐδεμία
1653 4988 1771 5042 ὄνη-

169 5097 276 5146 σις,
310 5083 618 5151 παραίνεσις
675 5078 1014 5151 ὀργιζομένῳ.
1062 5080 1373 5149 Πεπαυμένῳ
1418 5072 1496 5140 δε,
1533 5079 1621 5132 τὴν
1656 5073 1773 5126 διὰ·

166 5176 268 5220 τῶν
354 5167 582 5239 ἐλέγχων
687 5169 957 5240 θεραπείαν
1052 5168 1413 5239 προσενεκτέον
1493 5165 1773 5236 κεράσαντι

167 5255 439 5328 ἐπιεικείᾳ.
512 5254 645 5309 Οὖτε
728 5257 829 5330 γὰρ
876 5257 940 5307 τὰ
1009 5252 1300 5329 δριμύτερα
1347 5260 1444 5306 τῶν
1491 5253 1773 5325 φαρμάκων

166 5346 288 5399 ἄνευ
346 5345 551 5418 μελιτος
621 5350 726 5406 τοῖς
806 5346 1068 5418 κάμνουσι
1130 5344 1416 5417 προσάγειν
1486 5340 1773 5413 έγνώκασιν

168 5437 216 5489 οὶ
252 5436 441 5512 ἰατροὶ,
479 5433 596 5487 οὒτε
631 5437 749 5495 τοὺς
806 5433 1067 5508 ἀκράτους
1126 5432 1368 5505 ἐλέγχους
1412 5432 1441 5489 ἡ
1479 5439 1580 5484 τῶν
1620 5429 1775 5483 ἁπαι-

168 5521 204 5579 δ
207 5528 368 5579 εὐτων
412 5520 632 5597 δέχεται
655 5523 810 5597 ψυχή
828 5567 840 5580 .

241 5700 357 5777 ς-β’.
408 5699 611 5775 Ὠσπερ
666 5702 839 5773 ταχὺν
892 5697 940 5751 ἄν
970 5707 1084 5762 ταῖς
1118 5697 1272 5762 ἀξίων
1304 5696 1621 5771 εὐεργεσίαις
1651 5690 1781 5748 εἶναι

170 5800 455 5866 προσῆκεν,
508 5791 642 5846 οὕτω
697 5787 910 5866 βραδύν
966 5788 1014 5842 ἕν
1073 5794 1185 5850 ταῖς
1232 5795 1332 5842 τῶν
1389 5786 1566 5841 αἰτίων
1617 5804 1782 5859 τιμω-

1957 3288 2046 3344 88.
2078 3287 2170 3344 Ira
2195 3292 2282 3343 est
2320 3286 2657 3344 voluntaria
2686 3288 2965 3360 quaedam
2998 3292 3261 3358 ecstasis,
3295 3297 3352 3349 et
3382 3308 3547 3350 men-

1886 3376 1960 3433 tis
2013 3393 2049 3434 a
2097 3382 2252 3434 statu
2308 3393 2417 3432 suo
2470 3376 2860 3434 abalienatio:
2916 3395 3052 3453 qua;
3118 3381 3276 3437 enim
3339 3380 3544 3440 furiosi

1884 3466 2151 3538 quotidie
2199 3471 2507 3539 peragunt,
2559 3466 2776 3523 similia
2826 3468 3004 3540 plane
3050 3475 3392 3543 perpetrant
3442 3488 3545 3545 per

1886 3555 2031 3611 illud
2056 3561 2292 3628 tempus
2316 3555 2396 3611 illi
2421 3556 2523 3628 qui
2549 3555 2953 3629 percelluntur
2981 3559 3315 3617 iracundia.

1955 3824 2040 3877 89.
2074 3822 2235 3892 Ignis
2272 3822 2449 3877 veluti
2494 3824 2848 3881 nutrientem
2880 3842 2942 3881 se
2969 3827 3280 3883 materiam
3314 3829 3545 3887 annihi-

1882 3908 1983 3973 lat,
2016 3910 2097 3965 ita
2126 3915 2182 3966 et
2212 3910 2524 3966 iracundia
2550 3913 2817 3968 animam
2848 3915 3036 3970 exedit
3067 3931 3253 3987 quam
3280 3917 3539 3987 obsedit,

1882 3998 2027 4069 quin
2044 4004 2099 4053 et
2118 4014 2241 4055 non
2260 4013 2395 4055 raro
2408 4006 2894 4057 consummatam
2918 4003 3093 4059 totius
3116 4005 3394 4060 animalis
3414 4022 3544 4077 per-

1808 4084 1853 4140 D
1883 4084 2170 4143 ditionem
2197 4094 2499 4160 operatur.

1953 4269 2040 4322 90.
2070 4268 2260 4321 Iratus
2287 4265 2607 4332 neminem,
2640 4282 2714 4322 ne
2739 4266 2985 4339 quidem
3017 4268 3178 4340 justo
3211 4268 3364 4337 licet,
3403 4289 3539 4347 sup-

1884 4354 2075 4426 pliciis
2101 4353 2345 4411 afﬁcito.
2370 4357 2678 4429 Utcunque
2709 4357 2867 4412 enim
2896 4357 3091 4414 tulerit
3118 4358 3211 4416 ille
3236 4360 3339 4432 qui
3368 4362 3544 4434 puni-

1885 4446 1998 4508 tur,
2056 4448 2118 4498 tu
2168 4442 2555 4499 nihilominus
2612 4444 2977 4516 vituperium
3034 4446 3318 4517 incurres,
3375 4451 3543 4522 quod

1884 4533 2221 4603 improvide
2253 4534 2559 4602 negotium
2593 4532 2738 4588 illud
2775 4534 3052 4590 obiveris.
3088 4538 3375 4601 Quocirca
3414 4555 3543 4610 per-

1883 4621 2036 4677 belle
2064 4622 2285 4677 dictum
2315 4624 2391 4677 ad
2424 4622 2809 4694 antiquorum
2837 4623 3037 4696 aliquo
3063 4624 3169 4680 fuit
3192 4641 3335 4696 erga
3359 4627 3545 4683 delin-

1884 4716 2198 4783 quentem:
2233 4710 2399 4767 Certe
2432 4715 2487 4768 te
2508 4714 2804 4781 punirem,
2838 4714 2889 4768 si
2920 4729 3032 4769 non
3066 4715 3375 4771 irascerer.

1955 4894 2041 4946 9t.
2074 4891 2242 4946 Caaca
2270 4888 2552 4962 quaedam
2583 4889 2788 4960 passio
2820 4889 2980 4946 furor
3017 4896 3123 4956 est,
3167 4907 3275 4947 nec
3318 4894 3544 4951 discer-

1885 4994 2024 5034 nere
2056 4985 2252 5051 potest
2284 4978 2421 5034 utile
2451 4978 2530 5034 ab
2556 4978 2763 5034 inutili.
2795 4982 2945 5035 lrato
2977 4980 3119 5036 nihil
3146 4982 3408 5053 proderit
3438 4989 3543 5041 ad-

1885 5068 2166 5123 monitio:
2210 5073 2536 5140 postquam
2579 5083 2718 5123 vero
2767 5067 3062 5125 deferbuit
3103 5070 3209 5136 ira,
3257 5072 3542 5131 adhibea-

1884 5162 1979 5213 tur
2002 5156 2301 5213 medicina
2322 5173 2429 5228 per
2445 5158 2893 5224 correctionem,
2918 5157 2997 5213 ita
3024 5164 3083 5213 ut
3105 5162 3378 5217 comitate
3400 5180 3545 5220 con-

1883 5246 2099 5302 diatur.
2150 5248 2298 5301 Nam
2354 5245 2469 5300 nisi
2515 5245 2686 5301 melle
2729 5245 2877 5302 illita
2929 5247 3145 5320 pocula
3188 5251 3543 5310 medicantia

1884 5335 2058 5407 aegris
2087 5334 2362 5391 exhibere
2384 5334 2566 5406 paulo
2592 5334 2895 5392 amariora
2925 5352 3044 5392 non
3068 5337 3259 5394 solent
3292 5341 3538 5408 medici;

1886 5426 1966 5482 ita
1992 5440 2101 5481 nec
2124 5423 2535 5494 insipientium
2579 5424 2794 5481 animas
2843 5425 3291 5497 redargutiones
3330 5430 3544 5487 admit-

1887 5518 2019 5570 tunt
2044 5512 2425 5569 meraciores.

1960 5690 2589 5758 92.0uemadmodum
2611 5690 2976 5749 celeritatem
3000 5693 3290 5750 adhibere
3317 5711 3427 5767 par
3456 5701 3545 5753 est

1889 5782 1954 5839 in
1983 5781 2439 5840 remunerandis
2463 5779 2534 5837 iis
2559 5781 2664 5854 qui
2687 5780 2857 5854 digni
2878 5788 3036 5847 sunt,
3060 5784 3141 5840 ita
3163 5783 3399 5841 tardum
3413 5801 3543 5843 esse
