4088 6214
208 386 322 445 689
1488 383 1819 440 EPISTULA

1944 384 2001 440 Μ
2042 385 2260 444 LIBER
2303 385 2346 441 Ι.
3489 383 3600 450 690

288 510 396 581 4-9"
463 513 641 571 Μέθην
690 516 779 565 καὶ
826 515 1024 586 τρυφὴν
1078 519 1176 566 τῶν
1229 510 1520 589 ἀρχόντων,
1577 511 1819 583 ναυάγιον

2005 511 2096 568 99.
2140 511 2489 570 Ebrietatem
2531 514 2869 588 principum
2901 521 3080 592 atque
3106 518 3316 575 luxum
3355 520 3599 578 naufra-

210 608 396 678 νόμιζε
443 611 543 656 τῶν
596 600 926 678 ἀρχομένων.
977 600 1100 655 Ὀτε
1144 605 1244 678 γὰρ
1299 605 1325 655 ό
1363 601 1684 678 κυϐερνήτης
1735 620 1827 654 κα-

217 696 581 757 ταποντίζεται
631 699 693 765 τῇ
754 691 1029 764 πλησμονῇ
1088 697 1178 745 καὶ
1231 700 1304 764 τῷ
1357 695 1494 764 οἴνῳ,
1549 700 1661 752 πῶς
1697 690 1828 762 οὐχὶ

209 788 420 859 μυρίοις
443 785 645 854 κύμασι
689 785 782 833 καὶ
827 778 1091 834 κλυδῶσιν
1137 780 1388 855 ἐσχάτοις
1426 783 1457 840 ἡ
1504 780 1825 856 κυϐερνωμέ-

209 892 274 932 νη
323 871 678 948 προσαρῥάξει
729 870 982 936 πολιτεία,
1037 876 1126 924 καὶ
1198 879 1261 944 τῇ
1345 878 1438 924 τοῦ
1507 869 1824 946 κυϐερνήτου

212 963 588 1035 συγκαταποθὴ
600 980 747 1014 σεται
775 959 1005 1034 ἀπωλείᾳ
1039 977 1052 1028 ;

289 1141 362 1216 ρ’.
395 1135 616 1198 Μηδένα
652 1135 918 1212 μηδέποτε
969 1137 1270 1212 ἀνθρώπων,
1313 1135 1453 1211 μηδὲ
1490 1146 1590 1191 τῶν
1633 1143 1824 1212 τυχόν-

207 1249 334 1294 των,
394 1229 466 1292 εἰς
515 1228 816 1300 ἀπόγνωσιν
885 1228 1194 1302 συνελάσης.
1248 1229 1504 1300 Ἰσχυρόν
1561 1231 1662 1304 γὰρ
1734 1235 1823 1283 καὶ

207 1321 424 1392 ἄμαχον
499 1317 795 1390 ἀπόγνωσιν
870 1317 1043 1389 ὅπλον,
1120 1321 1211 1370 καὶ
1283 1316 1530 1378 πολλάκις
1619 1317 1820 1392 ἀνάγκη

210 1413 638 1484 στρατηγήσασα
729 1405 963 1479 πράξεων
1051 1405 1380 1480 παραϐόλων,
1489 1406 1826 1470 ἀνελπίστους

209 1497 498 1571 μεταϐολὰς
536 1496 897 1572 ἐξειργάσατο,
947 1501 1037 1550 καὶ
1067 1501 1188 1570 πρὶν
1237 1497 1267 1556 ἢ
1319 1498 1578 1569 γενέσθαι,
1630 1500 1826 1571 μύθους

208 1589 581 1661 νομιζομένας.

279 1763 386 1840 ρα’.
425 1764 676 1842 Ἀριστον
723 1768 814 1838 μεν
861 1765 1114 1840 ἀνθρώπῳ
1171 1769 1243 1839 μὴ
1296 1761 1628 1842 διαμαρτεῖν,
1684 1759 1826 1838 μηδὲ

1936 602 2103 673 gium
2123 617 2256 658 esse
2271 605 2551 661 existima
2568 604 2969 662 subditorum.
2995 609 3247 674 Quando
3264 609 3423 665 enim
3456 610 3592 667 vino

1934 699 2113 766 atque
2133 692 2381 766 crapula
2397 694 2783 764 gubernator,
2799 703 3090 768 tanquam
3118 697 3288 765 mari,
3305 699 3599 770 demergi-

1934 786 2049 850 tur,
2066 798 2309 840 necesse
2335 788 2424 840 est
2456 787 2518 839 ut
2542 783 2881 856 respublica
2895 787 2945 857 ej
2957 804 3024 842 us
3046 787 3597 856 gubernationicre-

1933 871 2080 936 dita,
2113 873 2404 928 sexcentis
2420 873 2702 930 ﬂuctibus
2726 874 3196 932 etalluvionibus
3222 877 3396 934 allisa
3413 879 3594 949 agite-

1933 965 2046 1030 tur,
2079 961 2202 1017 imo
2232 967 2289 1018 et
2343 977 2463 1018 una
2497 978 2636 1018 cum
2669 964 3068 1033 gubernatore
3119 965 3414 1036 demerso,
3457 967 3588 1040 pari

1931 1065 2176 1122 quoque
2207 1051 2444 1107 interitu
2490 1052 2650 1108 male
2691 1057 2916 1126 pereat.

2009 1139 2126 1195 100.
2168 1141 2475 1197 Neminem
2509 1143 2871 1209 mortalium,
2907 1159 2982 1200 ne
3019 1143 3264 1216 quidem
3295 1144 3595 1202 obscuris-

1933 1227 2244 1294 simorum,
2274 1229 2352 1285 ad
2382 1231 2858 1303 desperationem
2893 1232 3122 1302 adigas.
3154 1235 3249 1289 Est
3287 1234 3443 1290 enim
3487 1235 3591 1292 de-

1935 1318 2195 1389 speratio
2229 1318 2540 1375 robustum
2571 1321 2880 1393 quoddam
2916 1325 2974 1378 et
3015 1321 3354 1378 inevitabile
3387 1323 3587 1380 telum.

1935 1407 2086 1472 Quin
2110 1423 2268 1480 saepe
2294 1408 2527 1476 accidit,
2545 1414 2610 1464 ut
2632 1425 2946 1482 progressa
2967 1411 3025 1466 in
3041 1411 3229 1467 aciem
3243 1414 3585 1482 necessitas,

1934 1511 2135 1552 rerum
2165 1503 2373 1570 praeter
2396 1499 2898 1570 exspectationem
2917 1500 3274 1556 mutationes
3290 1501 3592 1558 unaindu-

1933 1583 2085 1640 xerit
2099 1585 2556 1657 inexspectatas,
2577 1603 2728 1659 quas
2739 1587 2870 1644 loco
2891 1588 3231 1646 fabularum
3254 1589 3476 1647 habere
3495 1606 3594 1648 vo-

1933 1674 2130 1741 lueris,
2166 1681 2492 1750 antequam
2529 1682 2666 1736 actu
2696 1679 3126 1752 compleantur.

2003 1766 2130 1822 101.
2163 1766 2467 1839 Optimum
2507 1774 2594 1823 est
2624 1770 2686 1824 ut
2715 1767 2901 1826 homo
2931 1784 3040 1825 nec
3071 1769 3321 1826 omnino
3353 1769 3591 1828 aberra-

205 1861 302 1916 τῆς
358 1854 519 1930 ὀρθῆς
587 1860 806 1929 κρίσεως
859 1855 1264 1930 ἀποσφαλῆναιο
1333 1862 1543 1909 συνετοῦ
1597 1851 1676 1922 δε,
1733 1857 1819 1906 καὶ

1944 1859 2038 1921 ret,
2068 1869 2177 1911 nec
2216 1871 2252 1912 a
2289 1860 2422 1911 sani
2443 1855 2652 1928 judicii
2680 1873 2894 1914 norma
2915 1857 3228 1915 excederet
3260 1875 3274 1925 ;
3309 1861 3416 1916 sed
3451 1877 3590 1932 pru-

201 1948 437 1998 πεσόντα
466 1947 651 1998 θᾶττον
683 1944 994 2015 ἀναστῆναι,
1020 1950 1109 1998 καὶ
1155 1947 1402 2020 χρῆσθαι
1449 1953 1522 2016 τῷ
1553 1949 1822 2017 πταίσμα-

201 2053 278 2099 τι,
307 2037 439 2108 πρός
458 2039 515 2088 τό
545 2039 618 2108 μὴ
646 2035 800 2088 πάλιν
835 2042 1015 2088 πεσεῖν
1044 2034 1464 2108 παραγγέλματι.

274 2122 390 2198 ρβ¹·
426 2127 496 2178 Τὸ
525 2130 649 2200 περὶ
699 2128 820 2188 τούς
851 2129 1041 2187 πόνους
1084 2123 1340 2189 ἑκούσιον,
1399 2133 1500 2178 τῶν
1558 2122 1818 2177 ἀκουσίων

204 2211 506 2289 ἀφαιρεῖται
540 2218 598 2268 τὸ
652 2213 912 2287 ἀφόρητον
949 2219 1036 2267 καὶ
1075 2213 1305 2287 χαλεπόν
1330 2236 1343 2249 ο
1377 2210 1450 2268 δι’
1493 2213 1519 2268 ὃ
1545 2218 1818 2288 χρήσιμος

203 2304 236 2362 ἠ
263 2302 315 2355 ἓν
340 2311 451 2368 τοῖς
481 2303 754 2368 ἀκουσίοις
775 2303 928 2378 τριϐὴ
962 2309 1053 2357 καὶ
1077 2303 1284 2376 μελέτη.

277 2481 384 2557 ργ’.
437 2483 702 2559 Ἀρχικῆς
772 2480 954 2556 ἀρετῆς
1004 2486 1092 2535 καὶ
1141 2481 1359 2548 τελείας,
1417 2485 1490 2554 μὴ
1558 2485 1710 2554 μόνον
1758 2483 1816 2534 τό

203 2571 407 2633 πλῆθος
462 2573 814 2646 αἰσχύνεσθαι
870 2575 1000 2646 πρὸς
1055 2574 1113 2624 τὸ
1169 2577 1240 2644 μὴ
1300 2571 1633 2646 ἁμαρτάνειν,
1690 2569 1819 2623 ἀλλὰ

204 2667 301 2715 καὶ
332 2661 515 2715 ἑαυτὸν
544 2666 643 2736 πρό
671 2670 762 2716 τοῦ
787 2661 1035 2723 πλήθους.
1739 2655 1742 2658 ’

276 2747 384 2824 ρδ’.
429 2751 491 2806 Ἡ
551 2749 644 2804 διὰ
689 2751 854 2822 λόγων
901 2749 1047 2824 ὓϐρις
1085 2757 1189 2812 τοῖς
1237 2749 1520 2824 ἐλευθέροις
1575 2749 1634 2802 ού
1687 2747 1818 2802 πολὺ

203 2840 572 2914 παραλλάσσει
601 2850 695 2902 τῆς
727 2837 821 2894 διὰ
852 2839 1064 2912 πληγῶν
1110 2844 1201 2892 καὶ
1233 2845 1526 2912 μαστίγων.
1556 2842 1671 2912 Χρὴ
1731 2835 1818 2891 οὖν

205 2931 708 3004 παραφυλάττεσθαι
733 2933 792 2984 τὸ
837 2933 1088 3006 προπετὲς
1137 2932 1196 2983 τὸ
1227 2929 1276 2982 ἓν
1318 2932 1536 2991 τούτοις.
1572 2929 1646 2982 Ού
1685 2931 1822 3002 μέγα

205 3021 314 3095 γὰρ
346 3016 555 3087 δοκοῦν,
589 3019 818 3094 μεγάλας
847 3024 984 3096 φέρει
1010 3019 1226 3092 ζημίας.

1933 1943 2126 2000 dentis
2173 1949 2279 2008 est,
2313 1947 2670 2018 quantocius
2721 1951 2784 2002 ut
2839 1947 3142 2019 collapsus
3182 1955 3475 2019 resurgat,
3532 1956 3591 2008 et

1929 2032 2172 2105 lapsum
2211 2033 2294 2088 sic
2316 2049 2493 2090 suum
2515 2033 2784 2092 instituat
2809 2051 2882 2090 ne
2905 2036 3191 2109 deinceps
3220 2037 3475 2094 labatur.

2007 2126 2124 2178 102.
2170 2122 2453 2178 Voluntas
2476 2122 2536 2178 in
2561 2122 2858 2180 laboribus
2875 2125 3269 2197 suscipiendis
3281 2131 3584 2200 prompta,

1927 2205 2466 2267 involuntariorum
2482 2211 2626 2267 illud
2644 2213 2861 2268 durum
2878 2212 3056 2269 telum
3076 2219 3132 2270 et
3147 2214 3587 2273 intolerandum

1928 2299 2164 2370 frangit.
2200 2301 2506 2372 Optimum
2533 2301 2892 2371 estigiturde
2907 2301 3253 2360 voluntariis
3281 2305 3584 2372 meditari,

1928 2393 1985 2444 et
2004 2389 2065 2446 in
2098 2389 2312 2445 iisdem
2345 2389 2655 2447 inhaerere.

2003 2481 2122 2534 103.
2164 2478 2254 2534 Ad
2283 2479 2552 2536 virtutem
2589 2484 2645 2537 et
2673 2480 3096 2552 perfectionem
3135 2481 3421 2555 principis
3449 2499 3584 2556 spe-

1929 2570 2066 2633 ctat,
2104 2571 2230 2623 tum
2262 2567 2504 2624 turbam
2537 2569 2970 2640 promiscuam,
2998 2575 3126 2626 tum
3156 2570 3450 2644 imprimis
3499 2587 3587 2628 se-

1927 2656 2128 2728 ipsum
2150 2656 2381 2729 pudore
2405 2672 2442 2712 a
2469 2657 2727 2730 peccatis
2751 2657 3070 2715 abstinere.

2001 2745 2125 2801 104.
2169 2746 2540 2803 Contumelia
2587 2747 2780 2803 verbis
2823 2747 3055 2820 ingesta
3107 2749 3272 2820 apud
3307 2748 3586 2808 homines

1927 2833 2150 2890 liberos
2181 2851 2397 2908 parum
2437 2834 2636 2892 differt
2664 2853 2700 2892 a
2728 2836 2923 2908 plagis
2956 2837 3216 2910 acceptis
3245 2843 3301 2894 et
3332 2839 3584 2896 verberi-

1928 2923 2064 2981 bus.
2090 2925 2431 2982 Cavendum
2448 2930 2540 2981 est
2555 2940 2697 2996 ergo
2713 2942 2785 2981 ne
2802 2926 3080 2998 proclivis
3104 2927 3313 2984 feraris
3339 2927 3418 2985 ad
3448 2944 3586 2985 con-

1932 3011 2301 3080 viciandum,
2327 3015 2619 3087 siquidem
2674 3015 2736 3071 id
2790 3015 2955 3088 quod
2983 3016 3148 3073 haud
3175 3017 3433 3073 creditur
3460 3033 3587 3074 ma-

1932 3117 2141 3172 gnum,
2173 3118 2398 3173 magna
2427 3103 2651 3159 damna
2678 3110 2977 3176 procurat.

280 3196 370 3272 ρι’.
435 3194 664 3258 Πολλοὺς
713 3194 928 3267 ἔϐλαψεν
979 3194 1288 3268 εὐτραπελία
1316 3216 1328 3228 ·
1373 3193 1473 3248 ἀπὸ
1520 3196 1622 3268 γὰρ
1679 3199 1818 3266 γνώ-

2007 3195 2131 3248 105.
2161 3192 2366 3249 Multos
2399 3193 2700 3250 urbanitas
2730 3192 2877 3249 laesit
2907 3209 2920 3249 :
2951 3192 3030 3250 ab
3061 3192 3263 3250 animo
3285 3193 3582 3267 siquidem

209 3306 317 3360 μης
390 3281 744 3338 διεκπεσοῦσα
801 3285 1120 3350 παιζούσης,
1177 3287 1360 3358 καιρία
1417 3283 1592 3355 πληγὴ
1647 3287 1824 3356 γέγονε

209 3382 321 3437 τοῖς
354 3370 390 3427 δ
395 3376 731 3446 ιαπαιχθεῖσι
757 3395 770 3407 ·
803 3378 893 3426 καὶ
919 3373 1155 3446 βραχείᾳ
1203 3373 1382 3447 τέρψει
1417 3381 1516 3425 τῶν
1547 3371 1824 3445 ἐπιτυχόν-

208 3484 330 3530 των,
413 3463 640 3536 μεγάλας
691 3465 854 3516 ἔτεκεν
913 3465 1110 3536 ἔχθρας
1171 3471 1269 3516 τῶν
1323 3459 1649 3517 σπουδαίων.
1727 3461 1822 3514 Ἢν

209 3558 368 3607 παντὶ
401 3556 489 3626 μεν
537 3555 750 3628 ἔμφρονι
801 3551 1250 3625 παραφυλακτέον,
1298 3553 1524 3628 ἄρχοντι
1563 3549 1623 3605 δε
1667 3551 1824 3625 μάλι-

215 3663 317 3696 στα
358 3651 456 3695 τῶν
504 3643 704 3695 ἄλλων·
762 3642 840 3696 ὃτι
891 3647 981 3696 καὶ
1037 3638 1288 3714 χυδαῖον,
1352 3647 1441 3694 καὶ
1481 3650 1821 3718 καταφρονεῖ-

214 3733 342 3786 σθαι
371 3731 582 3804 μᾶλλον,
618 3731 649 3791 ἢ
684 3733 1136 3807 χαριεντίζεσθαι,
1164 3732 1574 3804 παρασκευάζει.

285 3910 394 3984 ρξ’,
455 3910 747 3985 Εύεργετων
794 3913 852 3962 τό
909 3911 1138 3970 ὑπήκοον
1206 3911 1552 3985 περιφρούρεὶ,
1601 3912 1668 3972 ὡς
1725 3919 1820 3972 τῆς

219 4000 399 4074 ἀρχῆς
426 4008 582 4075 νεῦρα
627 4005 716 4052 καὶ
747 3999 912 4052 οἰκεῖα
949 4000 1098 4072 μέλη.
1153 3999 1389 4052 Ἐκείνων
1430 4001 1532 4073 γὰρ
1592 3995 1822 4052 διασπα-

221 4092 466 4157 σθέντων,
547 4085 790 4150 κίνδυνος
863 4094 953 4142 καὶ
1023 4094 1118 4148 τὴν
1197 4093 1299 4147 σὴν
1367 4087 1821 4160 συγκαταλύεσθαι

217 4177 479 4242 ἕξουσίαν.

287 4267 392 4342 ρξ’.
436 4270 536 4328 Τὰς
593 4267 942 4340 μελετωμένοις
985 4276 1011 4302 ο
1059 4269 1288 4332 στάσεις,
1336 4266 1459 4320 ὃσαι
1509 4271 1582 4340 μὴ
1636 4266 1822 4320 σϐέσαι

214 4358 360 4434 ῥᾷον,
415 4358 620 4430 ἄμεινον
675 4355 888 4427 ἀγνοίας
939 4357 1214 4429 ὑποκρίσει
1259 4353 1463 4423 δοῦναι,
1523 4361 1613 4410 καὶ
1685 4357 1817 4431 λήθη

215 4446 473 4517 καλύψαι,
527 4449 554 4504 ἢ
620 4444 1042 4519 θριαμϐεύσαντα
1085 4445 1352 4508 ἐπεξιέναι.
1418 4450 1488 4500 Τὸ
1571 4449 1661 4519 μὲν
1717 4450 1820 4521 γὰρ

1931 3279 2160 3336 ludenti
2177 3281 2462 3354 profecta,
2481 3281 2808 3354 aliquando
2827 3282 3040 3338 vulnus
3053 3282 3106 3339 le
3117 3283 3272 3339 tbale
3290 3282 3481 3339 illusis
3498 3283 3586 3341 in-

1932 3369 2148 3443 ﬂigit:q
2159 3387 2246 3426 uae
2259 3387 2365 3444 per
2380 3371 2712 3427 admodum
2726 3371 2970 3428 brevem
2983 3371 3440 3429 oblectationem
3462 3372 3583 3428 cui-

1931 3475 2168 3534 cunque
2182 3459 2355 3516 obvio
2369 3461 2710 3532 impensam,
2726 3460 3060 3518 inimicitias
3075 3462 3243 3518 etiam
3257 3477 3470 3532 graves
3499 3461 3587 3517 in-

1931 3554 2018 3605 ter
2041 3550 2367 3622 prudentes
2383 3550 2675 3607 excitavit.
2698 3553 2858 3607 Hanc
2886 3550 3023 3607 ideo
3041 3551 3297 3624 quisque
3317 3551 3584 3624 prudens

1929 3638 2187 3709 evitabit,
2202 3640 2478 3712 princeps
2495 3639 2804 3712 imprimis;
2821 3656 2957 3696 cum
2971 3656 3064 3696 res
3078 3639 3169 3712 sit,
3183 3656 3316 3714 quae
3329 3645 3585 3697 contem-

1929 3735 2098 3801 ptum
2119 3729 2313 3800 potius
2335 3730 2504 3802 parit,
2530 3745 2715 3802 quam
2733 3729 2988 3802 gratiam
3001 3729 3093 3787 vel
3111 3730 3586 3803 acceptationem

1929 3816 2219 3888 aliquam.

2004 3909 2122 3960 106.
2166 3905 2468 3961 Beneficiis
2494 3905 2769 3962 subditos
2800 3906 3270 3972 circumvallato,
3291 3911 3585 3981 tanquam

1928 4011 2144 4051 nervos
2175 3994 2428 4066 imperii,
2460 3999 2517 4050 et
2547 4000 2650 4051 tua
2677 3994 2872 4066 ipsius
2907 3995 3198 4052 membra.
3233 3998 3379 4053 Nam
3411 3997 3457 4052 si
3489 3997 3586 4052 illa

1929 4085 2362 4156 discerpantur,
2381 4082 2710 4156 periculum
2745 4083 2847 4140 tibi
2875 4083 3144 4140 interitus
3171 4085 3496 4151 incumbet,
3531 4089 3586 4141 et

1929 4181 2162 4254 imperii
2191 4181 2394 4237 ruinae.

2005 4274 2125 4329 107.
2163 4270 2497 4327 Seditiones
2557 4270 3149 4344 conspirationesque
3205 4287 3354 4345 quas
3413 4271 3585 4330 facile

1929 4377 2051 4418 non
2076 4361 2212 4417 licet
2236 4361 2626 4431 exstinguere,
2650 4360 3011 4418 conduceret
3032 4377 3136 4434 per
3156 4359 3588 4418 dissimulatio-

1930 4467 2066 4506 nem
2094 4453 2152 4506 et
2178 4453 2530 4521 praetensam
2575 4451 2976 4520 ignorantiam
3011 4450 3299 4507 oblivioni
3328 4449 3583 4517 tradere,

217 4535 330 4590 ἴσθ’
388 4536 472 4588 ὅτε
514 4541 604 4587 καὶ
649 4534 798 4587 πλέον
846 4533 1012 4606 ἀνῆψε
1055 4539 1148 4593 τὴν
1188 4535 1372 4607 φλόγα,
1422 4541 1512 4588 καὶ
1557 4536 1819 4608 χαλεπούς

1944 4555 2114 4612 quam
2143 4537 2383 4611 publico
2412 4539 2586 4612 quasi
2619 4540 2924 4612 triumpho
2950 4539 3286 4612 propalare.
3318 4543 3402 4595 ita
3426 4538 3586 4595 enim

216 4629 402 4696 ἤνεγκε
455 4620 751 4689 κινδύνους,
805 4627 895 4675 καὶ
975 4622 1130 4696 πολλῇ
1198 4628 1287 4676 καὶ
1347 4629 1432 4676 τόν
1496 4621 1822 4679 διασωθέντα

217 4713 488 4790 περιέϐαλε
533 4717 732 4785 ζημίᾳ·
770 4716 828 4765 τὸ
863 4709 940 4779 δὲ,
973 4717 1178 4785 πραέως
1226 4713 1502 4786 κοιμίζειν,
1555 4720 1643 4768 καὶ
1691 4719 1822 4788 μετά

216 4811 312 4856 τοῦ
351 4799 653 4869 ἀκινδύνου,
682 4805 740 4855 τό
782 4801 1137 4875 φιλάνθρωπον
1185 4806 1274 4855 καὶ
1315 4806 1523 4855 συνετόν
1562 4808 1650 4856 καὶ
1692 4803 1819 4867 ἀζή-

216 4912 338 4966 μιον
362 4896 617 4968 περιέχει.

291 5160 390 5232 prf-
435 5165 518 5212 Δεῖ
583 5162 671 5212 τὸν
714 5160 970 5234 ἄρχοντα,
1027 5161 1308 5234 φερομένων
1361 5162 1451 5231 μεν
1501 5159 1640 5231 αύτῷ
1685 5163 1824 5214 κατὰ

217 5248 342 5322 ῥοῦν
371 5257 472 5300 τῶν
515 5250 836 5322 πραγμάτων
865 5252 954 5300 καὶ
998 5244 1052 5301 εὖ
1098 5252 1447 5314 συνεστώτων,
1485 5249 1555 5310 ὡς
1613 5248 1820 5302 σαλευοο

219 5340 382 5409 μένων
457 5335 841 5409 ἀσφαλίζεσθαι
909 5341 996 5391 καὶ
1068 5336 1447 5409 ἔπιμελεῖσθαι.
1507 5337 1824 5412 Ἀνατρεπο-

1929 4627 2055 4684 ﬁeri
2087 4629 2233 4684 solet
2263 4633 2326 4683 ut
2345 4627 2596 4684 ﬂamma
2619 4628 2812 4698 magis
2839 4644 2908 4684 ex
2931 4644 3002 4684 eo
3025 4628 3386 4684 accendatur
3405 4632 3460 4682 et
3488 4642 3588 4698 pe-

1929 4717 2109 4772 ricula
2157 4733 2277 4773 non
2321 4717 2475 4773 levia
2522 4724 2836 4783 creentur;
2870 4717 3015 4788 quin
3047 4722 3104 4772 et
3152 4717 3385 4773 nonnisi
3431 4714 3588 4771 male

1931 4806 2220 4861 multatus
2261 4806 2518 4862 salutem
2549 4805 2657 4862 sibi
2690 4806 2826 4877 quis
2873 4806 3330 4877 comparaverit.
3369 4808 3411 4860 E
3441 4819 3586 4861 con-

1928 4893 2111 4950 trario
2133 4910 2294 4960 vero,
2315 4895 2723 4950 moderatione
2747 4895 2975 4966 sopitur
2999 4893 3251 4959 malum,
3275 4899 3331 4950 et
3349 4898 3588 4967 praster-

1929 4999 2116 5056 quam
2149 4983 2314 5056 quod
2335 4984 2460 5039 sine
2471 4982 2732 5055 periculo
2749 4983 2840 5047 sit,
2871 4983 3312 5051 misericordiae,
3331 4983 3588 5056 pruden-

1930 5073 2047 5139 tiae,
2081 5072 2469 5145 utilitatisque
2507 5073 2797 5128 rationem
2829 5072 3009 5129 subit.

2003 5163 2124 5217 108.
2169 5161 2494 5233 Principem
2535 5166 2786 5232 oportet,
2815 5177 2952 5217 cum
2985 5165 3141 5218 statu
3180 5161 3444 5218 secundo
3488 5178 3586 5219 res

1931 5249 2047 5323 ipsi
2099 5250 2424 5307 succedant
2453 5256 2509 5306 et
2537 5251 2596 5306 in
2628 5253 2754 5306 tuto
2781 5249 2908 5306 sita:
2937 5266 3072 5307 esse
3103 5251 3434 5318 videantur,
3463 5267 3588 5309 non

1939 5356 2113 5398 secus
2128 5343 2329 5397 tamen
2343 5355 2529 5412 quam
2541 5338 2604 5395 in
2632 5343 2976 5413 tempestate
2993 5355 3335 5414 procurare,
3350 5345 3406 5397 et
3427 5339 3590 5398 salu-

1566 5578 1806 5636 νΑΒιιΕ
1845 5579 2134 5637 LECTION
2139 5579 2242 5636 ES.

300 5687 328 5718 ιι
351 5677 486 5748 Leg.
515 5673 808 5750 μεμελετημ
819 5677 954 5737 ένας.
