4088 6214
563 341 663 399 691

1790 334 2033 392 PHOTII
2070 331 2555 392 PATRIARCHE
2592 333 2703 389 cr.
3771 337 3856 396 (κη

568 469 639 526 tis
667 465 966 525 habendae
1000 466 1290 522 rationem
1318 479 1520 536 gerere
1552 482 1568 532 ;
1600 462 1966 520 conturbatis
2019 465 2221 519 autem

2342 464 2496 533 μένων
2537 455 2618 527 δε,
2651 463 2743 512 καὶ
2786 457 3238 534 συρρηγνυμένων,
3283 462 3347 521 ὡς
3396 458 3454 511 ἆν
3499 457 3853 532 ἐπαναχθείησαν

573 559 774 623 rebus,
806 563 863 612 et
896 555 958 611 in
982 571 1044 610 se
1076 555 1501 622 collisis,omni
1537 551 1790 608 consilio
1821 551 2224 623 etcogitation

567 646 936 710 incumbere,
962 649 1024 700 ut
1053 645 1112 700 in
1143 649 1363 700 statum
1397 643 1763 712 redigantur,
1788 647 1844 698 et
1863 641 2016 697 bene
2044 640 2224 697 stabi-

568 736 805 792 liantur.
839 734 988 790 Nam
1018 750 1154 806 quae
1185 734 1263 788 ita
1285 738 1632 802 comparata
1659 738 1817 796 sunt,
1843 731 1976 787 utin
1995 735 2225 802 partem

571 823 904 882 utramlibet
939 823 1224 888 ferantur,
1253 823 1386 894 ipsa
1428 821 1792 892 experientia
1823 821 2094 883 docente,
2127 819 2226 875 de-

573 914 798 987 sperari
836 928 958 968 non
997 911 1239 966 debent.
1284 910 1398 968 Sed
1434 910 1728 966 interdum
1761 909 1982 966 factum
2023 908 2133 965 fuit
2164 913 2226 964 ut

573 1018 782 1058 secura
795 999 1448 1072 negligentia,quamvis
1467 998 2094 1072 tantilla,principatus
2110 1011 2225 1053 ma-

569 1106 722 1161 gnos
750 1095 806 1146 et
831 1089 1184 1145 excellentes
1212 1088 1707 1160 pessumdederit,
1741 1103 1896 1160 quos
1921 1088 2002 1143 ita
2027 1085 2226 1144 detur-

571 1179 742 1236 batos
770 1179 1024 1250 diligens
1055 1195 1192 1234 cum
1213 1183 1375 1234 recto
1402 1177 1650 1234 consilio
1676 1176 1988 1242 industria,
2015 1176 2076 1232 in
2101 1191 2225 1232 ma-

570 1266 944 1340 gnitudinem
975 1267 1258 1324 eximiam
1284 1267 1583 1332 reductos,
1617 1266 1988 1323 restauravit.

647 1358 764 1414 109.
806 1356 1128 1413 Prudentes
1156 1362 1212 1412 et
1245 1355 1514 1412 moribus
1547 1356 1864 1428 compositi
1909 1355 2015 1411 viri
2043 1353 2224 1410 rebus

570 1448 871 1521 prosperis
898 1461 1018 1502 non
1047 1445 1348 1511 inﬂantur,
1385 1445 1489 1500 sed
1519 1445 1832 1502 moderata
1851 1443 2120 1518 quadam
2149 1442 2224 1499 de

573 1552 634 1591 se
673 1535 956 1607 opinione
1012 1534 1300 1590 felicitatis
1340 1549 1462 1589 suae
1523 1549 1872 1589 mensuram
1911 1535 2222 1598 exornant,

573 1641 696 1698 qua
716 1623 1125 1680 etinvidorum
1146 1623 1370 1696 quique
1395 1622 1870 1678 malevolentiam
1885 1627 2225 1693 asperatam

573 1713 756 1768 lenire
783 1712 991 1768 solent.
1017 1713 1187 1779 Quod
1213 1712 1260 1767 si
1278 1713 1714 1784 cespitaverint,
1739 1711 1962 1768 fortiter
1983 1711 2128 1766 illud
2149 1709 2228 1766 fe-

2335 555 2420 603 καὶ
2465 545 2787 624 ἐδρασθείεν,
2843 546 3189 622 βουλεύεσθαι
3235 552 3322 602 καὶ
3373 549 3672 622 φροντίζειν·
3701 547 3856 605 οὐδέτε-

2333 657 2421 713 ρον
2455 641 2555 713 γὰρ
2613 646 2710 690 τῶν
2746 637 2832 690 ἐπὶ
2888 635 3139 689 τάναντία
3191 642 3434 711 φερόντων
3463 639 3492 697 ἡ
3525 645 3664 712 πεῖρα
3703 635 3856 692 δείκνυ-

2336 747 2418 781 σιν
2468 727 2788 782 ἀνέλπιστον.
2853 726 3007 780 ’Δλλὰ
3061 726 3307 788 πολλάκις
3356 729 3515 801 μικρὰ
3551 728 3760 802 ῥᾳστώνη
3796 749 3856 800 με·

2332 816 2493 889 γάλας
2537 815 2712 890 ἀρχὰς
2761 820 2852 869 καὶ
2901 817 3224 891 ὑπερόγκους
3279 821 3698 889 κατήνεγκεν,καὶ
3744 818 3856 870 mila

2336 903 2543 965 σπουδὴ
2588 909 2682 959 σὺν
2737 904 2999 977 εὐϐουλίᾳ,
3047 905 3114 967 εἰς
3149 908 3285 980 μέγα
3336 903 3594 980 δυνάμεως
3631 905 3747 978 ὕψος
3777 910 3859 969 τοὺς

2333 997 2737 1069 κατενεχθέντας
2761 993 3104 1068 ἐπανήγαγεν.

2403 1349 2500 1424 ρθ’.
2561 1351 2628 1404 Oi
2692 1352 2934 1424 ἔμφρονες
2986 1353 3076 1404 καὶ
3139 1349 3399 1412 εὐσταθεῖς
3461 1357 3555 1402 τῶν
3621 1351 3863 1423 ἀνθρώπων,

2332 1442 2699 1515 κατορθοῦντες
2749 1442 2859 1512 μὲν,
2911 1439 2969 1492 ού
3019 1447 3353 1513 φυσιοῦνται,
3411 1438 3535 1492 ἀλλὰ
3577 1445 3742 1516 μετρίῳ
3779 1459 3866 1516 φροο

2332 1535 2528 1602 νήματι
2566 1538 2661 1592 τῆς
2709 1529 2996 1603 εὐπραγίας
3049 1536 3312 1602 κοσμοῦσι
3364 1533 3448 1582 τόν
3487 1533 3647 1600 ὄγκον,
3689 1534 3864 1580 καὶτῶν

2335 1619 2653 1690 φθονούντων
2695 1613 2729 1670 δ
2735 1621 3083 1693 ιαπραῦνουσι
3112 1621 3169 1671 τὸ
3228 1617 3552 1691 φλεγμαῖνον.
3598 1621 3868 1692 Περιπταίον-

2337 1726 2416 1768 τες
2471 1703 2548 1772 δὲ,
2583 1710 2800 1782 φέρουσι
2836 1712 3071 1780 γεναίως,
3117 1711 3208 1760 καὶ
3249 1710 3308 1760 τό
3361 1706 3867 1782 συνε[εν]χθιν,ἀρετῆς

573 1808 729 1868 runt,
761 1802 820 1858 in
847 1807 1268 1872 argumentum
1307 1801 1532 1858 virtutis
1559 1818 1705 1870 suae,
1737 1801 1818 1868 id,
1845 1801 2010 1874 quod
2043 1801 2225 1858 conti-

2342 1797 2582 1850 ὑπόθεσιν
2650 1799 2971 1869 ποιούμενοι,
3022 1803 3096 1868 τῷ
3157 1798 3338 1871 κράτει
3389 1800 3573 1859 ταύτης
3633 1793 3868 1868 δυναμοῡσι

575 1891 678 1962 git,
711 1891 1032 1956 trahentes,
1065 1892 1238 1964 cujus
1278 1894 1565 1963 potestate
1604 1894 1867 1947 mentem
1908 1890 2014 1946 sibi
2052 1906 2229 1946 suam

572 1979 879 2046 roborant,
895 1985 952 2036 et
963 1980 1440 2052 desperationem
1454 1995 1698 2036 omnem
1713 1979 1790 2036 ab
1803 1979 2008 2036 animo
2021 1978 2231 2052 procul

575 2069 962 2125 amoliuntur.
1014 2069 1356 2140 Intelligunt
1417 2069 1577 2125 enim
1603 2084 1732 2124 esse
1797 2084 1890 2124 res
1929 2068 2230 2125 humanas

575 2173 786 2214 omnes
844 2158 1162 2225 versatiles,
1229 2157 1540 2214 instabiles
1584 2162 1640 2212 et
1688 2156 1932 2214 minime
1985 2157 2229 2214 ﬁrmas:

574 2246 828 2304 levitatis
869 2263 1046 2320 porro
1067 2253 1124 2305 et
1145 2247 1500 2320 insipientia
1518 2263 1668 2318 esse,
1693 2247 1815 2304 imo
1846 2253 1904 2304 et
1929 2247 2233 2321 pusillani-

578 2335 815 2403 mitatis,
849 2337 1030 2393 rebus
1071 2336 1354 2393 secundis
1393 2336 1577 2393 attolli
1617 2342 1673 2392 et
1702 2337 1922 2403 inﬂari,
1963 2336 2233 2394 adversis

579 2431 781 2482 autem
813 2425 986 2482 valde
1015 2425 1211 2496 dejici,
1239 2429 1296 2481 et
1320 2441 1576 2482 mterore
1607 2426 1853 2498 turpiter
1883 2426 2194 2482 macerari.

655 2517 772 2570 110.
815 2514 1208 2571 Prudentibus
1244 2513 1526 2570 convenit
1581 2515 1832 2571 adversa
1887 2515 2231 2588 praevidere,

578 2602 909 2675 eademque
940 2618 1046 2674 per
1083 2601 1398 2659 consilium
1425 2617 1642 2658 sanum
1673 2609 2008 2675 opportune
2041 2619 2233 2660 semo-

583 2707 740 2749 vere.
765 2695 878 2749 Nec
907 2695 1111 2748 minus
1153 2693 1444 2759 convenit,
1478 2708 1858 2766 quaecunque
1889 2693 2230 2762 acciderint,

579 2783 805 2856 optime
835 2782 1170 2855 composita
1207 2781 1383 2847 ferre,
1425 2787 1482 2838 et
1510 2782 1570 2838 in
1609 2798 1735 2839 rem
1776 2799 1951 2840 suam
1987 2788 2231 2840 vertere.

655 2876 746 2928 111
767 2914 780 2928 .
828 2871 972 2928 Novi
1003 2887 1116 2942 ego
1147 2871 1460 2928 confertim
1487 2871 1854 2928 incurrentes
1876 2889 2077 2930 rerum
2112 2889 2234 2929 mo-

580 2961 685 3029 les,
739 2960 1145 3034 inexspectato
1211 2961 1496 3028 adventu,
1553 2961 1830 3018 homines
1896 2962 2237 3019 terrefactos

581 3055 638 3108 et
661 3055 1070 3108 consternatos
1100 3049 1368 3117 reddere,
1403 3050 1582 3107 etiam
1632 3055 2014 3124 spectatores,
2049 3057 2105 3108 et
2133 3051 2238 3124 qui

2336 1891 2431 1946 την
2457 1892 2692 1959 γνώμην,
2728 1890 2815 1940 καὶ
2838 1889 2894 1939 τὸ
2945 1885 3178 1959 ἀθυμοῦν
3230 1884 3526 1962 ἐξορίζουσι
3553 1894 3641 1947 τῆς
3666 1882 3866 1946 διανοίας.

2336 1973 2520 2029 Ἰσασι
2549 1978 2650 2049 γὰρ
2699 1979 2756 2028 τὸ
2802 1975 2875 2050 ἐφ’
2908 1976 3123 2050 ἐκάτερα
3160 1980 3402 2052 τρεπτόν,
3433 1979 3519 2030 καὶ
3546 1977 3762 2041 ἄστατον,
3804 1977 3869 2025 καὶ

2339 2062 2578 2118 ἀϐέϐαιον
2629 2073 2728 2117 τῶν
2785 2063 3140 2141 ἀνθρωπίνων.
3181 2065 3506 2140 Ἀφροσύνης
3552 2062 3606 2119 δὲ
3655 2071 3733 2118 καὶ
3783 2083 3869 2116 κου·

2340 2157 2562 2227 φότητος
2599 2159 2688 2208 καὶ
2741 2153 3126 2230 ἀπειροκαλίας,
3169 2159 3228 2208 τό
3274 2175 3329 2210 τε
3377 2153 3424 2208 ἐν
3467 2162 3576 2218 ταῖς
3625 2153 3870 2228 εὐπραγίαις

2339 2241 2646 2318 ἐπαίρεσθαι
2676 2249 2766 2298 καὶ
2809 2247 2867 2298 τὸ
2906 2244 2955 2298 ἐν
3004 2251 3114 2307 ταῖς
3145 2241 3504 2320 δυσπραγίαις
3534 2241 3720 2318 σφόδρα
3751 2261 3870 2296 κατα-

2340 2337 2544 2386 πίπτειν
2573 2338 2663 2386 καὶ
2692 2332 3069 2408 ἐνασχημονεῖν
3095 2341 3156 2408 τῇ
3201 2333 3423 2408 ἀθυμία.

2410 2510 2497 2585 ρι’.
2555 2509 2789 2586 Ἀνδρῶν
2959 2520 3200 2581 συνετῶν,
3241 2519 3531 2590 προνοῆσαι
3574 2513 3634 2564 τὰ
3682 2506 3869 2582 δυσχερῆ

2341 2605 2431 2654 καὶ
2475 2599 2794 2655 ἀπώσασθαι
2843 2598 2916 2655 δι’
2963 2602 3232 2666 εὐϐουλίας
3263 2623 3278 2637 ο
3335 2605 3429 2656 ούκ
3483 2600 3729 2655 ἐλαττόνων
3755 2611 3778 2641 ο
3815 2593 3873 2661 δε,

2342 2695 2433 2744 καὶ
2503 2691 2571 2743 τὰ
2625 2691 2992 2764 συμϐεϐηκότα
3048 2691 3216 2755 καλῶς
3276 2690 3558 2746 διαθέσθαι
3607 2695 3688 2742 καὶ
3731 2687 3874 2741 οἰκονοο

2342 2787 2413 2853 μῆ
2423 2800 2532 2835 σαι.

2413 2870 2542 2945 μα’.
2604 2866 2744 2924 Οἶδα
2793 2870 2904 2942 (36)
2959 2871 3170 2945 πράξεις
3238 2869 3428 2945 ἁθρόον
3492 2870 3769 2931 ἐπιστάσας,
3809 2866 3874 2917 καὶ

2343 2967 2417 3031 τῷ
2449 2957 2696 3033 ἀδοκήτῳ
2723 2968 2816 3013 τοῦ
2867 2960 3259 3034 συμϐεϐηκότος
3306 2960 3653 3033 ἐκπλαγέντας,
3695 2959 3793 3016 τοὺς
3821 2972 3876 3006 τε·

2349 3050 2644 3122 θεαμένους,
2693 3054 2783 3103 καὶ
2823 3052 3047 3123 ἡσύχως
3094 3049 3394 3122 ἐνεγκόντας
3451 3053 3514 3103 τὰ
3555 3047 3873 3118 συνενεχθέντα,

583 3139 960 3212 tranquillius
985 3139 1292 3212 aliquanto
1323 3139 1539 3196 ferrent
1577 3156 1667 3207 ea,
1700 3140 1853 3198 adeo
1882 3147 1962 3208 ut,
1997 3156 2105 3197 nec
2135 3141 2232 3197 ad-

2345 3142 2436 3191 καὶ
2483 3134 2599 3191 οὐδ’
2631 3138 2702 3200 εἰς
2756 3142 2813 3191 τὸ
2871 3141 3048 3192 ἔπειτα
3102 3135 3510 3204 διαναστάντας,
3557 3133 3876 3190 ἀποσείσασθαι

585 3246 790 3287 versus
820 3230 1019 3286 futura
1047 3234 1269 3285 stantes
1297 3231 1358 3286 in
1389 3231 1723 3302 procinctu,
1753 3246 1908 3287 onus
1936 3230 2082 3286 illud
2104 3247 2238 3302 pos-

579 3320 695 3376 sint
728 3334 764 3376 a
791 3334 854 3374 se
893 3323 1200 3386 excutere;
1241 3323 1421 3392 atque
1450 3321 1530 3376 ita
1554 3319 1735 3376 etiam
1768 3335 1905 3375 cum
1945 3319 2237 3376 damnum

577 3407 715 3464 inde
728 3407 1048 3462 dimanans
1071 3422 1193 3463 non
1214 3408 1568 3478 adaugetur,
1593 3423 1800 3464 verum
1821 3408 2019 3481 potius
2045 3409 2240 3464 remit-

578 3499 755 3562 tatur,
775 3510 880 3566 per
901 3511 1098 3551 mores
1113 3495 1335 3567 alioqui
1362 3496 1774 3552 modestiores.
1802 3497 1947 3565 Vidi,
1969 3497 2236 3569 inquam,

577 3583 702 3640 vidi
723 3583 1024 3656 quasdam
1043 3600 1136 3639 res
1159 3584 1238 3640 ita
1259 3585 1646 3656 compositas,
1679 3589 1740 3641 ut
1762 3601 1868 3658 per
1890 3592 2239 3644 consuetam

579 3671 1064 3736 familiaritatem,
1100 3672 1394 3743 paulatim
1427 3674 1888 3745 progrediendo,
1932 3674 2236 3742 alleviatae,

581 3760 643 3817 in
670 3760 868 3816 omnis
885 3759 1169 3816 molestia:
1192 3762 1520 3818 carentiam
1543 3764 1893 3820 evanuerint
1911 3781 1925 3830 ;
1941 3764 2086 3820 alias
2107 3781 2240 3821 vero

581 3849 882 3908 interdum
931 3866 962 3906 e
1003 3851 1324 3917 contrario,
1357 3867 1460 3908 eos
1497 3853 1669 3909 etiam
1701 3852 1805 3926 qui
1837 3855 1914 3911 ita
1945 3855 2236 3920 vivebant,

580 3945 647 3998 ut
696 3939 1009 4007 auderent,
1065 3947 1342 3997 curarent
1391 3941 1556 4008 nihil,
1605 3947 1894 4016 tanquam
1931 3943 2240 4000 stimulise

580 4045 797 4088 somno
829 4033 1107 4103 punctos,
1141 4029 1455 4087 excitasse.
1487 4032 1749 4105 Quisque
1781 4033 1943 4089 enim
1972 4033 2242 4106 inexspe-

581 4124 738 4176 ctato
753 4123 807 4174 et
831 4117 1146 4174 subitaneo
1169 4134 1368 4174 rerum
1389 4119 1648 4176 adventu
1669 4120 1977 4186 excitatus,
1999 4121 2242 4194 etquasi

582 4204 887 4281 prurigine
913 4205 1214 4277 impulsus
1244 4207 1324 4262 ad
1355 4207 1658 4277 agendum
1691 4209 1939 4275 accedit,
1972 4210 2052 4266 ita
2077 4215 2138 4266 ut
2167 4225 2241 4265 ne

584 4295 832 4370 quidem
861 4295 936 4350 ad
965 4295 1138 4350 unius
1185 4295 1302 4351 diei
1357 4297 1621 4368 spatium
1670 4298 1927 4369 potuerit
1971 4299 2244 4355 resistere

583 4384 816 4441 novitas
841 4401 854 4442 :
879 4399 1015 4438 cum
1047 4382 1161 4438 sint
1185 4382 1316 4438 alim
1343 4399 1457 4451 res,
1491 4400 1600 4439 nec
1626 4385 1770 4456 ipsae
1802 4392 2071 4453 assuetae,
2105 4403 2242 4460 qum

582 4471 874 4548 paulatim
915 4487 977 4527 se
1012 4470 1409 4538 subinferunt,
1441 4478 1494 4528 et
1525 4471 1750 4544 illapsae
1788 4475 1988 4546 quieto
2019 4492 2127 4532 nec
2159 4483 2238 4532 tu-

2345 3230 2404 3280 τό
2427 3225 2625 3302 βάρος·
2661 3227 2895 3300 μάλιστα
2940 3225 2999 3281 δε
3030 3237 3124 3290 τῆς
3154 3227 3207 3292 ἐξ
3267 3229 3436 3282 αὐτῶν
3465 3227 3521 3282 ού
3565 3224 3877 3295 συναυξομένης

2349 3314 2569 3389 βλάϐης,
2642 3315 2769 3370 ἀλλὰ
2824 3321 2914 3370 καὶ
2984 3322 3196 3392 τρόποις
3271 3318 3443 3380 ἄλλοις
3487 3318 3756 3390 πραοτέροις
3784 3311 3876 3360 ὑπο·

2347 3405 2686 3478 καλευμένης.
2754 3403 2905 3461 Ἰδὼν
2952 3409 3054 3481 γὰρ
3111 3403 3228 3460 ἴδον
3278 3407 3412 3471 ἐνίας
3473 3408 3624 3469 οὕτως
3674 3403 3882 3470 οἰκονομη-

2353 3496 2553 3560 θείσας,
2586 3499 2676 3548 καὶ
2707 3502 2778 3566 τῷ
2826 3497 3059 3559 συνήθει,
3111 3497 3226 3549 κατ’
3263 3497 3456 3570 ὀλίγον,
3505 3495 3584 3549 ἐπὶ
3629 3492 3754 3546 πλέον
3796 3503 3878 3539 συν·

2349 3585 2834 3658 επικουφιζομίνας,
2902 3584 2974 3647 εἰς
3018 3588 3076 3638 τό
3140 3584 3479 3640 ἁλυπὼτατον
3547 3581 3876 3654 ἁποκριθείσας·

2349 3673 2506 3736 ἄλλοις
2581 3670 2640 3727 δι
2690 3678 3005 3741 τουναντίον,
3056 3679 3149 3728 καὶ
3205 3680 3334 3739 τοὺς
3387 3679 3511 3750 πρὸς
3565 3671 3767 3746 ἁμῦιιιαν
3816 3665 3879 3750 ξαὶ

2349 3761 2597 3835 ἀτολμίαν
2653 3763 2871 3828 ζῶντας,
2923 3767 3134 3837 κέντρου
3185 3760 3368 3833 δίκην,
3428 3747 3496 3827 ὦς
3541 3762 3591 3826 ἐξ
3630 3761 3782 3825 ὕπνου,
3822 3747 3881 3804 δι·

2349 3856 2712 3927 εγηγερκυίας.
2767 3859 2851 3925 Τῷ
2898 3855 2999 3927 γὰρ
3055 3853 3341 3930 παραλόγῳ
3380 3859 3469 3907 καὶ
3515 3844 3776 3923 ἐξαιφνιδίῳ
3809 3848 3881 3894 τῶν

2349 3945 2776 4016 προστυχόντων,
2861 3943 3075 4004 ἕκαστος
3157 3941 3574 4019 ἀνηρεθισμένος,
3637 3944 3721 3998 πᾶς
3787 3930 3880 4004 ἀνὴρ

2348 4039 2454 4093 τοῖς
2499 4033 2808 4104 πράγμασιν
2858 4031 3117 4104 ἐγεγόνειο
3161 4038 3255 4087 καὶ
3295 4030 3420 4087 ούδέ
3475 4031 3557 4085 ἐπὶ
3603 4034 3712 4102 μιᾶς
3735 4025 3882 4096 ἡμέρας

2350 4124 2600 4192 ἀντέσχεν
2657 4119 2898 4193 ἐπισχεῖν
2951 4129 3013 4194 τῇ
3073 4129 3388 4196 καινοτομίᾳ
3438 4135 3467 4178 Ρ
3493 4143 3506 4156 ⁸
3536 4119 3674 4174 ἄλλαι
3714 4111 3779 4177 δε,
3817 4109 3883 4161 καὶ

2351 4210 2507 4264 αὗται
2555 4217 2655 4262 τῶν
2692 4210 2787 4262 ούκ
2839 4210 2895 4274 ἐξ
2932 4212 3100 4278 ἔθους,
3155 4215 3290 4266 κατὰ
3345 4215 3528 4284 μικρὸν
3593 4209 3881 4261 ύπεισιοῠσαιν

2349 4303 2439 4352 καὶ
2499 4307 2571 4370 τῷ
2631 4300 2811 4372 ἠρεμεῖ
2860 4305 2949 4352 καὶ
3000 4298 3257 4373 ἁταράχῳ
3317 4297 3787 4354 συνδιακλέπτουσαι
3815 4290 3884 4342 τήν

2353 4389 2702 4446 συναίσθησιν
2773 4397 2867 4452 τῆς
2923 4394 3280 4460 καινοτομίας,
3340 4385 3704 4462 παρεισίδυσάν
3751 4397 3794 4432 τε
3842 4373 3883 4426 οὗ

2354 4481 2447 4530 σὺν
2478 4497 2637 4550 πόνῳ,
2686 4482 2775 4530 καὶ
2819 4476 2957 4546 οὐδ’,
2990 4479 3035 4531 εἰ
3080 4483 3374 4554 καινότερον
3404 4498 3454 4531 τι
3507 4473 3698 4538 συνέϐη,
3725 4472 3884 4543 μνήμην

583 4544 882 4621 multuoso
922 4576 1167 4617 sensum
1215 4577 1460 4617 omnem
1491 4544 1890 4619 innovationis
1929 4564 2232 4636 eﬂugiunt,

2352 4544 2598 4631 ἔδωκαν,⁷
2651 4562 2774 4619 οὐδε
2832 4544 2949 4628 τοῖς
3015 4544 3464 4641 πεπειρασμένοις.
3525 4567 3658 4625 Τινὲς
3704 4557 3770 4624 δὶ,
3821 4555 3885 4604 τὸν

584 4667 719 4726 quae
749 4650 876 4707 sine
911 4649 1117 4706 labore
1160 4648 1504 4714 illabuntur,
1545 4665 1653 4706 nec
1683 4652 1962 4708 novitatis
1995 4653 2243 4727 alicujus

585 4741 930 4798 accessorias
962 4738 1054 4796 vel
1087 4740 1444 4796 memoriam
1486 4739 1852 4813 relinquunt,
1884 4757 1957 4798 ne
1997 4743 2244 4814 quidem

587 4829 750 4901 apud
780 4828 1204 4903 experientiam
1231 4829 1495 4887 edoctos.
1523 4830 1811 4897 Quaedam
1843 4847 1984 4889 vero
2007 4849 2144 4890 cum
2167 4833 2244 4890 ad

2353 4656 2527 4727 ὅμοιον
2575 4660 2764 4727 τρόπον
2819 4654 3234 4732 ἐπιχειρήσασαι
3298 4651 3668 4730 παρεισδύνειν,
3721 4651 3795 4699 καὶ
3834 4647 3884 4710 τῷ

2352 4749 2424 4817 μὴ
2475 4741 2747 4820 τυραννίδι
2789 4741 2918 4818 μηδ’
2968 4741 3344 4818 αὐτοδεσπότῳ
3375 4748 3567 4820 κράτει,
3618 4745 3696 4794 καὶ
3733 4735 3778 4788 ἐκ
3820 4734 3884 4783 τοῦ

2355 4832 2620 4908 ἐμφανοῦς,
2707 4837 2880 4908 ὥσπερ
2972 4833 3331 4901 ἐπισκήπτειν,
3419 4830 3606 4888 δειλίαν
3672 4839 3881 4893 utrm"

1941 4958 2174 5015 VARLE
2213 4958 2611 5016 LECTIONES.

663 5087 690 5121 0
717 5075 946 5134 ἔλαττον.
1021 5091 1050 5134 P
1077 5099 1164 5154 γρ.
1193 5081 1224 5140 ἡ
1257 5084 1588 5156 καινοτομία.

2164 5210 2396 5266 NOT/E.

665 5336 740 5416 36_
774 5333 1036 5416 Confuea
1081 5341 1169 5416 est
1205 5338 1333 5416 haec
1371 5344 1426 5394 et
1470 5340 1662 5416 hians,
1709 5346 1770 5397 ut
1807 5341 1952 5416 alias
1992 5357 2236 5416 quoque

593 5410 801 5472 oratio,
859 5423 963 5478 per
1016 5415 1202 5464 totam
1254 5410 1409 5465 hanc
1448 5412 1794 5469 sectionem.
1861 5414 1978 5470 Hoc
2012 5410 2236 5470 'autem

594 5482 716 5566 vult
744 5496 806 5535 se
836 5480 984 5569 scire
1017 5479 1128 5569 lubi
1167 5481 1378 5569 πράξεις
1405 5481 1590 5569 ἁθρόον
1638 5485 1963 5542 incubuere
1991 5502 2108 5569 Oeos
2135 5489 2238 5569 qui

595 5555 999 5632 inexspectato
1016 5553 1305 5632 te_rre_fac_t_i
1323 5553 1480 5620 sunt,
1506 5571 1624 5632 non
1653 5563 1878 5613 tantum
1902 5553 2240 5632 quibusin-

595 5622 946 5692 cubuerant,
981 5622 1086 5679 sed
1123 5629 1178 5679 et
1215 5623 1395 5680 etiam
1434 5631 1821 5697 spectatores,
1861 5622 1998 5686 cu'm
2044 5630 2241 5704 quiete

2348 5342 2587 5418 ferrent,
2616 5343 2951 5400 excussisse
2977 5343 3269 5418 onus.llla
3297 5341 3622 5418 porro,a'z_D-&
3644 5336 3695 5392 δέ
3721 5331 3883 5418 τςῦξαν·

2347 5419 2474 5478 τίον,
2507 5416 2591 5469 vel
2625 5422 2901 5486 corrupta
2943 5422 3102 5481 sunt,
3141 5417 3224 5472 vel
3255 5413 3429 5471 certe.
3469 5415 3682 5486 σόλοικα,
3717 5413 3767 5460 ut
3787 5413 3880 5486 ςκας

2351 5473 2474 5547 me
2499 5491 2556 5541 et
2607 5493 2707 5561 πᾱςς
2745 5473 2894 5561 MP.
2935 5473 3228 5544 Mihi'sine
3255 5488 3420 5561 libris
3451 5473 3762 5561 melioribus
3785 5473 3881 5561 his?

2350 5543 2487 5632 sunt
2512 5543 2892 5616 conclamata
2927 5575 2938 5613 :
2971 5543 3220 5616 sensum
3251 5565 3307 5615 et
3337 5559 3607 5632 εὐρυθμίαν
3650 5543 3880 5608 extundai

2349 5631 2452 5704 qui
2485 5635 2706 5703 potest.
