4088 6214
256 354 363 411 693

1518 350 2027 414 EPISTOLARUM
2067 353 2281 412 LIBER
2321 356 2363 410 Ι.

3521 363 3624 420 694

260 480 497 541 σθεῖσαι,
534 477 720 529 θᾶττον
755 474 1119 551 ἀνετράπησαν
1170 478 1270 532 ύπὸ
1327 486 1428 531 τῶν
1481 477 1855 553 ἐπιτυχόντων.

1988 480 2246 537 ιιιωάθω
2264 480 2511 538 modum
2530 481 2861 539 subinferre
2876 499 2937 540 se
2951 488 3381 557 attentaverint,
3396 503 3507 546 nec
3519 504 3627 562 per

256 575 343 638 Τῷ
395 569 498 642 γὰρ
546 565 664 619 καθ’
696 565 884 629 ἑαυτὰς
936 567 1307 642 εύλαϐεστέρῳ,
1350 569 1423 631 εἰς
1454 570 1649 643 θράσος
1696 570 1860 643 ἆσχε-

255 677 343 712 τον
400 661 492 709 καὶ
544 655 837 731 παράϐολον
895 656 1083 730 τόλμαν
1146 656 1510 727 ἐξοπλίσασαι,
1587 664 1676 713 καὶ
1742 664 1861 723 τοὺς

259 749 363 821 πρὸ
405 748 591 799 τούτου
642 742 897 809 δόξαντας
943 745 1377 812 ἐπιεικεστάτους,
1437 748 1567 823 αύτῇ
1614 751 1861 822 συνεφθά-

256 854 430 912 ρησαν
462 842 523 908 τῇ
562 834 912 909 ἐπιχειρήσει.
965 843 1080 899 Πῶς
1108 833 1197 890 οὖν
1245 840 1357 891 ἔστι
1385 846 1566 911 τυχεῖν
1596 846 1687 891 τοῦ
1738 858 1863 892 σκο-

256 931 361 978 ποῦ
392 941 407 991 ;
439 922 689 977 τάναντία
715 927 817 999 γὰρ
850 922 944 979 διὰ
978 933 1078 978 τῶν
1124 926 1291 979 αὐτῶν
1344 929 1529 1001 ὁρᾶται
1585 927 1863 981 συντετελε-

265 1018 449 1087 σμένα.
481 1012 504 1028 ”
527 1016 747 1086 Αμεινον
767 1017 859 1087 μὲν
888 1012 1019 1088 μηδ’
1061 1014 1400 1090 ἀπάρχεσθαι
1443 1025 1542 1069 τῶν
1568 1020 1814 1070 τοιούτων
1848 1055 1861 1069 .

262 1098 435 1156 δειναὶ
460 1104 562 1176 γὰρ
593 1105 649 1156 αἱ
677 1108 996 1172 καινότητες,
1042 1111 1132 1158 καὶ
1181 1111 1353 1180 χωρὶς
1403 1107 1575 1181 ἑτέρου
1606 1106 1862 1180 λυπηροῦ,

1968 572 2348 643 tyrannicam
2366 573 2705 645 quamdam
2722 574 2812 630 vel
2826 580 3166 645 arrogatam
3180 582 3556 649 potestatem,
3571 583 3628 637 et

1970 660 2089 717 vim
2118 660 2615 720 manifestariam.
2642 663 3098 736 impressionem
3120 665 3390 724 fulminis
3415 668 3476 725 in
3498 685 3628 726 mo-

1970 748 2117 805 dum
2150 749 2366 816 facere,
2408 756 2612 807 tamen
2645 753 2758 808 sub
2789 759 3077 825 praetextu
3110 756 3439 814 timiditatis
3468 758 3631 815 facil-

1970 838 2131 905 lime,
2157 839 2336 895 etiam
2361 840 2439 896 ab
2462 840 2673 907 obviis,
2699 842 3144 900 subvertuntur.
3173 848 3321 902 Dum
3344 848 3505 904 enim
3524 862 3631 904 na-

1972 928 2237 985 turaliter
2267 929 2379 985 sibi
2411 929 2656 986 insitam
2684 931 3055 989 timiditatem
3087 935 3162 989 ad
3193 935 3509 993 audaciam
3540 938 3633 993 in-

1974 1017 2365 1083 tolerabilem,
2381 1024 2437 1075 et
2456 1025 2669 1090 printer
2686 1036 2929 1077 omnem
2946 1024 3452 1094 exspectationem
3467 1042 3633 1083 exar-

1974 1108 2320 1173 mant,etiam
2334 1124 2436 1164 eos
2450 1109 2555 1181 qui
2568 1109 2747 1166 multo
2763 1110 3043 1168 moderati
3056 1114 3220 1184 prius
3233 1114 3627 1186 habebantur,

262 1191 501 1266 θορυϐεῖν
547 1197 637 1245 καὶ
666 1193 902 1252 πλήττειν
956 1190 1213 1262 διανοίας,
1259 1199 1350 1249 καὶ
1382 1196 1449 1258 εἰς
1497 1193 1746 1255 διαϐολήν
1775 1201 1866 1249 καὶ

1988 1197 2051 1252 1d
2066 1197 2308 1269 primum
2322 1196 2616 1270 inceptum
2635 1200 3039 1270 perdiderunt.
3054 1202 3216 1259 Adeo
3228 1204 3413 1276 quaeri
3436 1208 3632 1277 potest

262 1282 416 1356 ὕϐριν
445 1280 775 1335 ἐκκαλεῖσθαι
803 1286 862 1336 τὸ
900 1282 1116 1347 πλῆθος.

1988 1300 2098 1358 qua
2121 1286 2345 1342 ratione
2359 1286 2541 1343 ﬁnem
2564 1289 2698 1360 quis
2714 1291 3082 1361 propositam
3096 1298 3474 1365 assequatur,
3489 1310 3629 1351 cum

259 1387 369 1445 per
396 1370 646 1428 easdem
676 1387 887 1429 causas
919 1372 1164 1430 effectus
1196 1374 1634 1446 progignuntur
1675 1373 1976 1431 contrarii.
2012 1375 2384 1431 Prasstitisset
2412 1382 2590 1443 certe,
2641 1392 2716 1433 ne
2745 1379 2989 1451 quidem
3021 1379 3099 1436 ab
3128 1381 3254 1436 istis
3300 1380 3626 1455 incepisse:

258 1466 401 1517 sunt
424 1460 585 1517 enim
610 1462 922 1527 novitates,
948 1478 1070 1519 non
1097 1464 1417 1519 accedente
1448 1463 1689 1520 aliunde
1711 1462 1983 1520 molestia
2006 1463 2225 1535 aliqua,
2250 1464 2330 1521 ita
2354 1466 2815 1538 quodammodo
2837 1484 2872 1523 a
2898 1484 2959 1522 se
2982 1470 3345 1541 compositas,
3371 1471 3449 1527 ad
3470 1487 3632 1530 men-

257 1554 381 1606 tem
400 1550 765 1607 turbandam
782 1556 840 1607 et
855 1550 929 1608 de
946 1557 1099 1608 statu
1120 1569 1232 1609 suo
1250 1552 1721 1623 movendam,ad
1742 1555 1962 1624 vulgus
1974 1551 2293 1610 hominum
2310 1554 2718 1611 inducendum
2746 1557 2822 1612 ad
2845 1556 3178 1614 calumnias
3195 1560 3530 1616 etconvicia
3548 1561 3633 1618 in-

259 1640 543 1710 gerenda.

333 1727 466 1802 ριβ¹.
500 1730 642 1783 Ἐπεὶ
687 1724 739 1783 δ’
772 1731 880 1783 ἔσθ’
922 1730 1005 1783 ὅτε
1044 1734 1205 1806 χρεία
1229 1735 1542 1803 κατεπείγει,
1574 1734 1663 1783 καὶ
1694 1727 1864 1783 δεῖται

2056 1734 2173 1786 112.
2207 1732 2353 1789 Cum
2396 1732 2697 1789 interdum
2729 1749 2970 1791 necesse
3002 1734 3077 1791 sit
3105 1739 3167 1791 ut
3200 1734 3269 1802 is,
3304 1736 3407 1809 qui
3447 1738 3631 1795 rebus

258 1817 499 1892 πράξεως
565 1820 591 1870 ὁ
656 1824 990 1893 προεστηκὼς
1068 1824 1381 1895 καινοτέρας,
1446 1818 1506 1871 ἂν
1576 1821 1665 1892 μεν
1729 1824 1866 1891 μέγα

1988 1819 2471 1878 administrandis
2519 1827 2756 1894 prasest,
2798 1822 3025 1897 aliquid
3073 1824 3335 1891 innovet,
3375 1841 3497 1883 non
3543 1831 3635 1884 est

258 1906 436 1979 ὄφελος
476 1913 566 1961 καὶ
615 1908 935 1981 εὐφροσύνην
979 1907 1032 1972 ἐξ
1082 1909 1242 1971 αὐτῆς
1289 1911 1347 1961 τὸ
1404 1911 1574 1962 κοινὸν
1617 1910 1862 1983 εὑρίσκῃ,

258 1993 416 2050 ούδέν
470 1994 553 2051 δεῖ
604 1997 834 2069 σκέψεως
886 2002 977 2051 καὶ
1021 1997 1235 2071 μελέτης
1272 2018 1285 2032 ο
1318 1999 1379 2051 ἄν
1438 1995 1489 2051 δ’
1540 1997 1724 2063 ἄλλως,
1777 2003 1866 2051 καὶ

260 2086 474 2161 λυπηρὰ
500 2089 604 2158 εἴη,
655 2088 790 2161 λόγῳ
836 2090 927 2161 μεν
968 2084 1207 2153 διελθεῖν,
1259 2089 1398 2150 ὅπως
1444 2088 1505 2139 ἄν
1554 2088 1623 2150 ὡς
1671 2088 1869 2161 ἄριστα

260 2172 598 2245 διανυσθείη,
647 2175 706 2230 οῦ
776 2173 963 2252 ῥᾴδιον
1032 2176 1200 2250 οἶμαι.
1256 2180 1334 2231 Τὰ
1398 2179 1499 2252 γὰρ
1557 2178 1692 2229 κατά
1730 2196 1869 2238 τινας

259 2261 580 2326 ἰδικωτάτας
635 2263 1083 2319 ἐπακολουθοῦντα
1130 2266 1482 2340 περιστάσεις,
1536 2264 1630 2318 οῦκ
1672 2268 1868 2318 ἔνεστιν

260 2352 493 2427 ἀκριϐῶς
543 2358 816 2428 κοινοτέρῳ
872 2354 1026 2428 λόγῳ,
1072 2360 1164 2408 καὶ
1214 2364 1315 2408 τῶν
1370 2357 1531 2429 ἔργων
1580 2354 1865 2431 πὸῤῥωθεν,

257 2445 515 2516 θηρᾶσαι.
580 2443 720 2503 Πλὴν
776 2445 803 2496 ὅ
848 2463 908 2516 γε
962 2444 1151 2510 καλῶς,
1207 2443 1256 2497 έν
1327 2452 1439 2507 τοῖς
1474 2448 1871 2519 προειρημένοις

257 2533 761 2607 ἐγγεγυμνασμένος,
815 2539 905 2587 καὶ
960 2538 1090 2608 πρὸς
1145 2537 1211 2587 τὰ
1265 2542 1486 2588 τοιαῦτα
1526 2539 1618 2594 τὴν
1676 2536 1867 2588 ἄνωθεν

259 2624 431 2698 ῥοπὴν
510 2622 781 2697 έπίκουρον
865 2626 1021 2697 ῖχων,
1094 2623 1324 2697 μεγάλην
1394 2627 1590 2678 εἵσεται
1643 2622 1867 2698 δύναμιν

264 2712 673 2786 συνειλεγμένος.

328 2888 453 2963 ριγ’.
514 2888 721 2943 Ὀπλων
771 2894 862 2943 καὶ
918 2886 1155 2965 ἀνδρείας
1220 2894 1310 2944 καὶ
1379 2895 1699 2964 στρατηγίας
1740 2910 1864 2967 κρα-

255 2983 520 3052 ταιότερον
562 2983 653 3031 καὶ
705 2977 1084 3054 ἀσφαλέστερον
1138 2980 1318 3052 νόμιζε
1368 2985 1462 3039 τὴν
1511 2983 1707 3034 εὔνοιαν
1765 2988 1862 3033 τῶν

255 3066 582 3141 ἀρχομένων.
642 3071 845 3129 Ταύτης
893 3071 984 3142 μὲν
1038 3071 1137 3145 γὰρ
1189 3072 1467 3143 παρούσης
1520 3075 1610 3123 καὶ
1664 3089 1862 3145 στρατ-

257 3160 511 3230 ηγούσης,
557 3156 770 3248 κάκεῖνα
815 3163 1084 3232 χρήσιμα,
1132 3163 1220 3248 καὶ
1259 3159 1489 3232 μεγάλην
1534 3160 1699 3236 ῥοπὴν
1738 3163 1863 3235 πρὸς
1893 3189 1933 3248 C

257 3248 432 3300 πάντα
476 3251 719 3320 παρέχει.
755 3246 1114 3321 ’Λνῃρημένης
1162 3244 1221 3301 δε
1274 3257 1370 3311 τῆς
1409 3248 1622 3315 εύνοίας,
1656 3251 1862 3322 ἄμεινον

254 3337 660 3411 ισυνανῃρῆσθαι
688 3335 917 3392 κάκεῖνα.
950 3342 1152 3391 Θᾶττον
1182 3339 1284 3411 γὰρ
1317 3336 1400 3391 ἐπὶ
1428 3342 1521 3397 τὴν
1554 3343 1862 3411 μισοιμένην

262 3423 461 3497 ἀρχὴν,
486 3425 517 3484 ἦ
548 3427 687 3478 κατά
713 3434 813 3478 τῶν
844 3424 1100 3498 πολεμίων
1139 3425 1298 3479 έθέλει
1327 3434 1492 3480 ταῦτα
1511 3429 1790 3481 κινεῖσθαι.

333 3511 469 3587 ριδ’.
499 3520 699 3587 Λόγους
754 3518 844 3586 μὲν
894 3514 1112 3587 ἤλεγξαν
1168 3512 1371 3591 δόρατα
1406 3516 1673 3579 πολλάκις.
1701 3516 1726 3531 ”
1752 3524 1861 3591 Ημ-

261 3604 413 3658 ϐλυνε
440 3600 498 3657 δι
548 3604 819 3677 πολλαχοῦ
869 3610 960 3657 καὶ
1003 3604 1167 3677 λόγων
1222 3605 1402 3677 ἰσχὺς,
1454 3605 1678 3670 ὀξύτατα
1715 3607 1866 3661 πολέ-

261 3714 387 3767 μου,
438 3699 532 3747 καὶ
596 3694 827 3767 μεγαλων
911 3695 1077 3767 ὁρμὴν
1154 3691 1361 3748 διέλυσε
1442 3699 1862 3771 στρατευμάτων.

262 3792 450 3857 Χεῖρες
490 3784 595 3856 ἄρα
650 3785 783 3857 μετά
829 3782 1009 3855 λόγου,
1078 3780 1298 3836 διπλοῦν
1345 3788 1615 3857 τρόπαιον.
1673 3791 1866 3848 Πόνους

263 3870 472 3936 ἱλπίδες
528 3880 790 3948 νευροῦσι,
849 3877 938 3925 καὶ
994 3877 1142 3925 πόνοι
1195 3877 1465 3927 τίκτουσιν
1521 3872 1757 3937 ἐλπίδας.
1801 3879 1866 3928 Σὺ

264 3961 326 4017 δὲ
376 3962 718 4036 ἕξιλεούμενος
760 3966 819 4015 τὸ
867 3966 1012 4016 θεῖον
1045 4005 1059 4029 ,
1087 3960 1309 4035 μηδενὸς
1363 3962 1537 4036 ἀμελει
1598 3973 1699 4016 τῶν
1730 3984 1861 4039 πρα-

263 4056 448 4123 κτέων,
473 4056 565 4104 καὶ
603 4050 762 4113 καλάς
787 4053 877 4104 χάι
903 4051 1133 4123 μεγάλας
1171 4049 1389 4115 ἐλπίδας
1411 4053 1649 4127 θερίσεις.

335 4229 447 4304 pa’.
518 4228 838 4298 Ἐπικουρεῖν
910 4226 958 4279 έν
1032 4227 1110 4291 οἷς
1183 4228 1397 4291 ἕκαστος
1478 4230 1594 4301 ἔχει
1658 4233 1867 4301 χρείαν,

263 4318 504 4392 ἀρχικῆς
534 4322 622 4370 καὶ
670 4316 944 4391 ἐχέφρονος
1002 4314 1241 4380 διανοίας
1269 4338 1281 4351 ·
1317 4317 1550 4390 μάλιστα
1587 4315 1646 4372 δὲ
1674 4326 1786 4382 τοῖς
1822 4318 1870 4370 ἓν

268 4414 566 4483 συμφοραῖς
616 4414 962 4480 περιπεσοῦσι
1027 4408 1172 4460 Μετὰ
1225 4409 1326 4480 γὰρ
1390 4415 1488 4459 τῶν
1535 4406 1719 4477 ἄλλων,
1781 4412 1871 4462 καὶ

268 4497 583 4570 ἀείμνηστον
616 4503 887 4571 συντηρεῖν
917 4496 1132 4549 εἰώθασι
1158 4499 1251 4555 τὴν
1278 4495 1596 4572 εὐεργεσίαν.

338 4587 471 4663 ρις·’.
509 4585 568 4639 Ἠ
621 4582 928 4658 εὐδαιμονία
979 4592 1079 4637 τῶν
1137 4585 1479 4654 ύπεξουσίων,
1536 4587 1701 4662 ἄκραν
1754 4585 1873 4640 ἀνα-

265 4679 520 4751 κηρύττει
553 4677 760 4728 σύνεσιν
779 4680 869 4727 καὶ
897 4672 1241 4733 δικαιοσύνην
1270 4682 1367 4737 τῆς
1387 4674 1645 4739 έξουσίας.

340 4764 464 4839 ριζ.
520 4769 645 4837 Περὶ
675 4764 743 4816 ὧν
772 4762 833 4815 ἆν
860 4761 913 4816 εὖ
942 4763 1169 4836 πράξῃς,
1202 4766 1304 4816 εἴτε
1332 4763 1381 4817 έν
1432 4774 1505 4836 τῷ
1543 4768 1714 4837 οἰκείῳ
1746 4763 1869 4838 βίῳ,

272 4859 374 4910 εἴτε
429 4853 477 4906 έν
528 4862 600 4925 τῷ
645 4861 798 4925 κοινῷ
846 4861 939 4915 τῆς
983 4852 1261 4919 πολιτείας,
1305 4861 1376 4924 τῷ
1418 4861 1530 4909 Θεῶ
1580 4853 1874 4908 ἀνατιθέναι

274 4943 493 4999 δικαίου
530 4947 624 5001 τήν
655 4942 842 4994 αἰτίαν.
880 4942 1032 4995 Ούτω
1082 4944 1184 5016 γὰρ
1238 4941 1428 5014 μᾶλλόν
1485 4962 1539 4996 τε
1580 4942 1736 4996 αὐτὸν
1767 4945 1872 4995 irri-

270 5051 465 5108 κουρον
514 5031 660 5096 ἔξεις,
701 5036 791 5084 καὶ
841 5030 1078 5104 θεοφιλὴς
1122 5028 1251 5084 εἶναι
1308 5027 1494 5095 δόξεις.
1553 5038 1643 5086 καὶ
1687 5040 1874 5105 κοῦφον

276 5124 497 5177 σεαυτὸν
526 5125 618 5174 καὶ
672 5119 976 5181 ἀλαζονικὸν
1024 5120 1118 5173 οῦκ
1162 5119 1400 5192 έλέγξεις,
1426 5127 1517 5174 καὶ
1548 5130 1639 5174 τοῦ
1686 5124 1873 5194 φθόνου

282 5209 476 5275 δείξεις
506 5212 1011 5286 περιτεθραυσμένας
1032 5212 1126 5272 τὰς
1152 5207 1359 5272 ἀκίδας.

348 5388 473 5464 ριη’.
529 5390 707 5442 Ταῦτά
762 5407 843 5441 σοι
904 5386 960 5439 ἐκ
1013 5386 1208 5439 πολλῶν
1261 5386 1410 5458 ὀλίγα
1469 5383 1534 5458 (ὦ
1586 5395 1687 5441 τῶν
1743 5389 1876 5461 ἱμῶν

280 5486 640 5551 πνευματικῶν
715 5474 915 5530 ὠδίνων
977 5476 1172 5548 εὐγενὲς
1222 5481 1311 5529 καὶ
1358 5482 1573 5549 γνήσιον
1625 5479 1875 5549 γέννημα)

279 5578 376 5631 τῆς
422 5573 538 5644 περὶ
589 5571 647 5620 σε
694 5568 861 5639 φιλίας
907 5571 996 5618 καὶ
1040 5567 1322 5632 υἱοθεσίας,
1386 5568 1540 5619 οἱονεί
1600 5586 1715 5619 τινα
1769 5569 1881 5620 θεῖα

284 5656 581 5731 συμϐόλαια
648 5661 738 5710 καὶ
804 5654 987 5731 ἀρετῆς
1066 5654 1400 5728 ἀρχετύπους
1462 5654 1746 5729 ἀνατίθημι
1791 5660 1876 5709 πί-

1904 4543 1949 4599 D

1979 1909 2282 1966 sollicitius
2302 1912 2763 1984 exquirendum,
2780 1919 2980 1968 utrum
3003 1914 3141 1969 inde
3159 1915 3383 1986 aliquid
3408 1916 3499 1972 vel
3524 1916 3634 1972 uti-

1979 1997 2175 2064 litatis,
2209 1998 2300 2055 vel
2322 1999 2715 2069 jucunditatis
2748 2002 3162 2057 communitati
3195 2003 3507 2059 hominum
3536 2020 3632 2062 ac-

1976 2086 2263 2158 quiretur.
2292 2088 2462 2153 Quod
2495 2089 2544 2144 si
2585 2105 2691 2160 per
2723 2089 3038 2146 molestum
3066 2090 3124 2146 id
3152 2091 3339 2159 fuerit,
3370 2108 3495 2148 non
3520 2099 3627 2160 est,

1978 2175 2209 2246 opinor,
2245 2176 2506 2248 proclive
2537 2177 2829 2233 rationem
2870 2178 3186 2250 explicare,
3222 2184 3287 2236 ut
3314 2196 3499 2252 quam
3526 2195 3633 2252 op-

1978 2263 2118 2319 time
2139 2266 2524 2335 transigatur.
2541 2269 2684 2333 Quas
2706 2267 2868 2323 enim
2890 2267 3267 2340 specialiores
3283 2274 3633 2326 consectan-

1978 2358 2074 2409 tur
2112 2370 2308 2411 rerum
2339 2355 2671 2425 instantias,
2707 2372 2825 2413 non
2867 2363 3118 2429 possunt
3157 2365 3431 2416 accurate
3470 2374 3632 2417 com-

1979 2444 2143 2499 muni
2171 2445 2437 2516 quodam
2468 2461 2742 2501 sermone
2770 2446 3074 2519 explicari,
3110 2463 3219 2503 nec
3250 2449 3527 2519 indagari
3558 2464 3630 2506 eo

1976 2534 2077 2605 qui
2119 2534 2426 2589 recesserit
2467 2533 2704 2606 longius
2747 2535 2824 2591 ab
2868 2536 3176 2609 operibus.
3211 2539 3630 2595 Verumtamen

1975 2620 2078 2693 qui
2120 2637 2258 2677 cum
2288 2621 2466 2678 laude
2495 2628 2764 2679 versatus
2794 2629 2884 2680 est
2912 2625 2972 2680 in
3022 2625 3354 2692 antedictis,
3389 2630 3448 2682 et
3476 2626 3631 2682 divi-

1960 2725 2121 2767 num
2152 2711 2212 2767 in
2256 2727 2381 2767 rem
2418 2720 2774 2784 praesentem
2818 2714 3107 2771 auxilium
3154 2721 3371 2787 prassto
3418 2716 3621 2787 habet,

1974 2815 2262 2871 magnam
2293 2801 2638 2859 facultatem
2668 2802 2875 2860 afferet
2904 2805 2982 2861 ad
3009 2804 3158 2861 illud
3184 2805 3619 2878 peragendum.

2047 2894 2167 2947 113.
2209 2891 2423 2958 Armis,
2483 2891 2839 2959 fortitudine,
2894 2894 3152 2950 exercitu
3206 2894 3421 2967 quovis
3476 2910 3625 2967 pra:-

1972 2979 2357 3036 valentiorem
2382 2985 2437 3035 et
2453 2981 2728 3036 tutiorem
2749 2981 3124 3039 subditorum
3150 2982 3621 3041 benevolentiam

1972 3068 2281 3125 arbitrare.
2318 3072 2449 3125 Haec
2491 3070 2537 3124 si
2568 3069 2843 3140 adfuerit,
2876 3077 2932 3126 et
2974 3087 3193 3142 agmen
3232 3072 3485 3139 duxerit,
3523 3071 3624 3128 illa

1972 3166 2145 3213 erunt
2184 3157 2386 3214 utilia:
2420 3159 2530 3214 ista
2556 3163 2755 3214 autem
2797 3158 3055 3227 sublata,
3088 3164 3398 3232 praestaret
3428 3165 3488 3216 et
3524 3160 3623 3217 illa

1971 3262 2214 3320 quoque
2243 3263 2366 3303 una
2404 3246 2546 3303 tolli.
2582 3250 2726 3303 Nam
2758 3248 2945 3304 multo
2973 3248 3148 3304 citius
3177 3254 3386 3305 contra
3409 3248 3625 3322 princi-

1972 3351 2111 3409 pem
2141 3336 2423 3403 invisum,
2451 3352 2636 3410 quam
2664 3342 2869 3393 contra
2900 3337 3100 3395 hostes
3129 3336 3546 3395 movebuntur.

2048 3519 2165 3571 114.
2210 3514 2586 3572 Plurifariam
2620 3516 2934 3573 consilium
2972 3517 3165 3575 hastis
3220 3517 3397 3584 cedit,
3441 3532 3623 3591 smpe-

1975 3620 2225 3661 numero
2255 3605 2435 3662 etiam
2458 3610 2515 3661 et
2541 3605 2788 3662 rationis
2811 3606 2900 3662 vis
2930 3606 3068 3663 belli
3098 3608 3439 3680 procinctus
3465 3622 3628 3664 exer-

1974 3695 2248 3767 citusque
2278 3694 2526 3767 hostiles
2562 3712 2817 3767 magnos
2847 3696 3021 3753 elusit
3046 3713 3058 3752 :
3090 3698 3207 3753 sint
3236 3712 3378 3768 ergo
3412 3712 3629 3754 manus

1975 3800 2111 3839 cum
2167 3784 2416 3840 consilio
2482 3785 2725 3855 junctae,
2785 3786 3012 3857 duplex
3070 3794 3384 3860 tropaeum.
3444 3788 3631 3844 Labo-

1976 3888 2101 3928 rem
2140 3888 2277 3945 spes
2305 3875 2567 3939 roborat,
2583 3882 2639 3930 et
2665 3890 2831 3947 spem
2860 3874 3097 3931 labores
3116 3876 3525 3948 'progignunt.
3546 3879 3632 3932 Tu

1977 3968 2179 4017 autem
2210 3962 2314 4017 rite
2344 3965 2524 4018 Deum
2567 3966 2902 4029 veneratus,
2938 3963 3057 4018 noli
3091 3964 3316 4035 aliquid
3357 3964 3630 4019 omittere

1976 4051 2139 4125 quod
2162 4053 2464 4121 agendum
2488 4056 2610 4117 est;
2637 4050 2718 4107 ita
2740 4066 2909 4123 spem
2935 4052 3037 4108 tibi
3061 4056 3245 4108 metes
3271 4057 3327 4107 et
3348 4067 3631 4122 magnam

1979 4147 2034 4197 et
2061 4139 2349 4212 amplam.

2054 4233 2174 4284 113.
2191 4228 2516 4285 Subvenire
2534 4228 2850 4301 cujuslibet
2869 4227 3341 4295 necessitatibus,
3358 4228 3631 4285 animum

1979 4319 2214 4388 regium
2244 4318 2411 4374 decet
2449 4324 2506 4373 et
2534 4319 2913 4391 prudentem,
2947 4328 3084 4376 ante
3125 4319 3274 4376 alios
3312 4319 3384 4375 iis
3424 4317 3529 4391 qui
3570 4318 3632 4373 in

1980 4408 2350 4465 calamitates
2373 4408 2728 4465 inciderunt.
2759 4409 2959 4467 Solent
2983 4409 3139 4466 enim
3168 4409 3270 4476 illi,
3296 4408 3375 4465 ad
3397 4413 3630 4473 caatera,

1980 4503 2268 4554 aeternam
2295 4496 2567 4553 beneﬁcii
2590 4498 2786 4554 collati
2810 4500 3162 4555 memoriam
3188 4512 3558 4555 conservare.

2062 4591 2176 4643 H6.
2206 4586 2593 4643 Subditorum
2620 4587 2867 4643 felicitas
2891 4604 3197 4643 summam
3222 4586 3507 4658 principis
3536 4585 3637 4642 de-

1983 4675 2269 4750 praadicat
2294 4692 2433 4732 cum
2462 4676 2865 4748 prudentiam,
2893 4681 3019 4731 tum
3048 4675 3367 4747 justitiam.

2060 4770 2178 4820 117.
2216 4768 2331 4821 Deo
2376 4780 2620 4820 causam
2669 4765 2966 4820 ascribere
3011 4779 3251 4836 aequum
3293 4769 3384 4819 est
3425 4778 3637 4821 eorum

1984 4871 2119 4927 qure
2150 4869 2431 4926 prospere
2463 4854 2734 4923 gesseris,
2768 4870 2873 4909 seu
2903 4854 2963 4909 in
2992 4854 3253 4925 privata,
3286 4852 3409 4909 sive
3440 4854 3500 4909 in
3530 4869 3641 4926 pu-

1984 4944 2143 5001 blica
2182 4943 2316 4999 vita.
2355 4942 2472 4998 Fiet
2500 4943 2659 4998 enim
2694 4943 2774 4997 ita
2819 4945 2883 4997 ut
2912 4941 3076 4997 illum
3106 4942 3334 4999 habeas
3365 4941 3638 5001 libentia-

1983 5049 2131 5098 rem,
2165 5030 2599 5096 auxiliatorem,
2620 5036 2675 5087 et
2708 5036 2770 5086 ut
2797 5033 2912 5087 Deo
2937 5030 3187 5087 dilectus
3214 5032 3466 5088 videaris
3491 5049 3505 5087 :
3530 5047 3639 5089 nec

1983 5122 2341 5189 redarguere
2372 5125 2424 5175 te
2446 5121 2767 5192 quisquam
2799 5119 3002 5192 possit,
3030 5120 3123 5177 vel
3145 5120 3397 5177 levitatis
3424 5121 3516 5178 vel
3546 5138 3642 5178 su-

1984 5209 2246 5283 perbius;
2273 5209 2380 5265 sed
2409 5216 2465 5265 et
2488 5208 2726 5264 invidias
2746 5209 2992 5281 quasvis
3019 5209 3175 5265 acies
3200 5213 3432 5267 retusas
3460 5215 3517 5267 et
3539 5225 3643 5267 an-

1985 5300 2200 5356 fractas
2230 5298 2466 5354 reddes.

2064 5393 2181 5445 118.
2217 5390 2350 5444 Ηωο
2380 5403 2411 5442 e
2451 5386 2650 5443 multis
2684 5402 2897 5460 pauca,
2930 5386 3095 5458 apud
3143 5391 3198 5442 te
3224 5386 3289 5456 (ο
3331 5392 3392 5443 tu
3433 5391 3640 5459 partus

1991 5478 2103 5533 mei
2118 5475 2438 5549 Spiritualis
2456 5492 2661 5532 verum
2683 5458 2737 5533 et
2751 5475 3077 5547 genuinum
3094 5477 3419 5546 genuema)
3442 5458 3641 5535 amici-

1989 5568 2083 5622 tiae
2111 5572 2167 5621 et
2195 5565 2495 5622 filiationis
2520 5570 2813 5637 tanquam
2844 5581 2881 5621 a
2913 5567 3028 5621 Deo
3054 5565 3336 5638 quaedam
3364 5565 3642 5637 symbdla

1990 5660 2048 5712 et
2076 5655 2307 5711 virtutis
2330 5654 2565 5711 tabulas
2596 5655 2971 5728 archetypas,
3000 5654 3261 5727 depono,
3297 5658 3361 5709 ut
3389 5652 3536 5708 dum
3562 5652 3642 5709 ad
