4088 6214
532 319 642 378 695

1798 307 2034 366 ΡΗΟΤΙΙ
2065 308 2210 365 ΡᾹΤ]

2319 307 2551 367 ,ΗῧΗέΕ
2577 308 2685 366 CP.
3752 326 3832 384 696

535 464 667 523 illas
695 462 906 522 oculos
935 459 1315 525 converteris,
1348 462 1406 516 et
1445 461 1501 516 te
1529 455 1605 514 ad
1637 456 1802 528 ipsas
1851 453 2192 512 conforma-

2319 456 2492 498 ιακας·
2535 436 2610 500 εἰς
2664 436 2752 501 οὓς
2803 437 3030 516 ἀφορῶν,
3073 445 3164 497 καὶ
3216 445 3342 521 πρὸς
3404 445 3615 513 introii;
3658 457 3836 508 σεαυτὸν

536 556 694 613 veris
720 557 777 610 et
796 550 1230 624 composueris,
1261 564 1380 605 non
1405 546 1726 604 difﬁculter
1746 545 1961 602 intueri
1992 545 2193 618 possis

538 650 595 702 et
633 641 1124 706 animadvertere,
1165 638 1520 711 qualesnam
1560 635 1674 692 illa:
1724 639 1862 691 sunt
1909 635 2194 704 actiones,

538 750 674 808 quas
713 733 773 788 in
804 731 1009 788 animo
1056 734 1156 785 tuo
1194 726 1411 783 facient
1450 725 1934 799 puchritudinem
1973 723 2198 780 efﬂore-

540 839 702 880 scere
727 835 1014 894 ;quaeque
1034 819 1234 874 itidem
1251 816 1550 885 eamdem,
1567 815 1746 870 veluti
1770 813 2020 871 macula;
2041 828 2200 886 quaa-

539 913 681 969 dam
718 914 776 966 et
816 907 1044 974 sordes,
1087 907 1149 962 in
1190 912 1423 978 turpem
1462 911 1519 960 et
1559 903 1894 960 deformem
1937 902 2199 972 efﬁgiem

544 1001 734 1058 solent
765 997 1036 1054 alterare.
1067 995 1204 1052 Illas
1225 996 1368 1051 dum
1395 994 1562 1060 eluis,
1586 993 1698 1049 has
1727 993 1874 1050 dum
1905 990 2200 1062 inscribis,

548 1088 872 1159 imaginem
909 1091 1028 1142 tute
1058 1090 1241 1141 temet
1271 1099 1405 1140 vere
1437 1083 1631 1139 vivam
1663 1087 1719 1138 et
1748 1082 2027 1138 eximiam
2067 1095 2206 1137 con-

541 1176 891 1235 versationis
933 1174 1267 1232 secundum
1299 1175 1485 1229 Deum
1528 1172 1820 1229 ordinata
1859 1171 2162 1228 exhibebis
2186 1187 2211 1235 ε

541 1284 726 1341 quam
749 1272 805 1321 et
825 1281 936 1336 ego
959 1262 1394 1330 lubentissime,
1419 1268 1474 1318 et
1498 1262 1580 1334 pii
1600 1262 1778 1318 etiam
1801 1277 2037 1327 omnes,
2067 1277 2206 1317 cum

543 1363 598 1422 et
620 1356 806 1414 oculis
829 1355 1105 1420 velimus,
1134 1359 1258 1410 tum
1285 1354 1462 1409 etiam
1489 1368 1762 1409 sermone
1791 1368 2100 1425 usurpare.
2125 1355 2206 1408 Ea

542 1453 786 1522 propter
815 1461 1027 1502 manus
1053 1445 1111 1499 in
1136 1443 1353 1499 caelum
1376 1442 1721 1508 extendens,
1751 1447 1808 1498 et
1833 1458 2037 1498 meum
2061 1458 2206 1513 erga

545 1545 600 1593 te
626 1552 917 1602 amorem,
947 1535 1182 1591 labores
1208 1537 1538 1604 susceptos,
1571 1533 1959 1604 divinamque
1989 1532 2204 1590 exinde

547 1626 926 1683 resultantem
955 1624 1204 1694 gloriam
1228 1623 1572 1696 suppliciter
1605 1625 1715 1678 Deo
1745 1621 2022 1688 offerens,
2056 1621 2203 1677 votis

547 1715 827 1775 omnibus
848 1714 1106 1786 postulo,
1128 1713 1538 1769 utsecundum
1553 1727 1691 1785 spes
1714 1713 1788 1768 de
1811 1717 1865 1768 te
1887 1717 2205 1785 conceptas

548 1821 729 1879 opere
750 1805 881 1876 ipso
903 1803 1236 1874 adimpleas
1255 1803 1694 1860 admonitiones
1711 1806 1965 1871 nostras,
1987 1807 2044 1859 et
2063 1801 2207 1858 ﬁde-

547 1895 678 1951 liter
705 1893 955 1950 easdem
985 1892 1306 1960 custodias,
1339 1892 1422 1950 ita
1454 1896 1515 1949 ut
1545 1907 1650 1965 per
1679 1891 1907 1964 species
1938 1892 2204 1964 singulas

550 1983 972 2058 praeclarorum
1002 1997 1255 2055 operum
1282 1982 1531 2040 illustris
1562 1987 1617 2038 et
1645 1981 1938 2038 excellens
1972 1982 2209 2055 conspi-

549 2073 743 2130 ciare:
781 2077 843 2129 ut
872 2072 1188 2145 prudentia
1220 2087 1462 2128 summa
1499 2071 1746 2145 polleas,
1789 2071 2080 2129 memoria
2113 2088 2210 2130 νι-

550 2163 694 2229 leas,
730 2161 834 2218 ﬁas
875 2162 1077 2218 suavis
1107 2161 1314 2228 affatu,
1354 2161 1622 2218 moribus
1667 2161 1927 2224 suavior.
1960 2176 2212 2232 congre-

549 2251 853 2309 dientibus
882 2251 1183 2320 amabilis,
1213 2250 1405 2322 magis
1434 2251 1632 2307 adhuc
1663 2255 1866 2307 autem
1895 2251 2211 2308 comitibus

552 2345 611 2400 et
641 2341 850 2399 amicis
878 2358 892 2396 :
924 2344 986 2396 ut
1015 2340 1089 2396 de
1111 2356 1173 2396 re
1211 2340 1487 2412 praesenti
1525 2355 1903 2413 quaecunque
1948 2339 2210 2412 pruden-

553 2435 639 2489 ter
685 2430 888 2486 valeas
932 2433 1210 2494 statuere,
1268 2429 1564 2495 ordinare,
1621 2433 1679 2484 et
1728 2428 1993 2485 futurum
2043 2433 2211 2486 acute

553 2521 894 2594 prospicere
924 2537 938 2572 :
966 2521 1177 2574 cautus
1205 2518 1279 2573 ad
1309 2517 1788 2583 custodiendum,
1817 2523 2128 2591 promptus
2156 2523 2214 2575 et

555 2607 866 2680 expeditus
897 2606 975 2662 ad
1006 2621 1098 2662 res
1125 2621 1378 2676 magnas
1417 2607 1912 2678 aggrediendum,
1946 2608 2214 2665 easdem-

556 2711 669 2769 que
709 2699 1159 2752 consummatas
1198 2695 1395 2768 possis
1430 2700 1487 2752 et
1526 2696 1737 2754 eodem
1778 2702 1932 2753 statu
1978 2712 2217 2754 conser-

555 2801 735 2842 vare:
785 2790 848 2841 ut
891 2783 1057 2858 quod
1105 2801 1136 2840 e
1183 2801 1247 2841 re
1296 2789 1402 2842 tua
1456 2785 1649 2851 fuerit,
1703 2787 1964 2844 studiose
2017 2788 2214 2846 occul-

559 2879 664 2940 tes,
712 2890 822 2931 nec
875 2873 1116 2930 latebris
1167 2874 1496 2941 extrahare,
1549 2875 1650 2931 sed
1705 2876 2109 2948 speculatores
2160 2883 2217 2936 et

554 2965 675 3021 vim
712 2963 974 3021 facturos
1003 2963 1448 3037 discooperias:
1485 2965 1567 3020 sis
1612 2965 1884 3021 terribilis
1913 2967 2212 3034 hostibus,

556 3053 811 3112 subditis
831 3053 1256 3119 desiderabilis,
1282 3053 1446 3126 apud
1487 3059 1769 3129 utrosque
1791 3054 2018 3112 habeas
2039 3061 2095 3113 et
2125 3073 2210 3112 ve-

2308 528 2657 600 σχηματίζων
2708 533 2799 582 καὶ
2848 526 3172 606 διαμορφῶν,
3223 535 3283 588 ού
3314 537 3548 608 χαλεπῶς
3585 539 3698 603 ἕξεις
3747 563 3838 596 συν-

2305 622 2447 692 ορᾴν,
2478 621 2610 679 τίνες
2660 637 2714 670 τε
2761 627 2860 671 τῶν
2909 621 3140 694 πράξεων
3181 622 3347 679 ἀνθεῖν
3390 632 3480 686 τὴν
3527 627 3572 681 έν
3616 639 3670 703 τῇ
3714 631 3834 706 ψυχῇ

2306 709 2800 779 παρασκευάζουσιν
2899 711 3221 785 ὡραιότητα,
3311 720 3400 769 καὶ
3481 722 3607 780 τίνες
3694 721 3839 788 αὐτὴν,

2309 797 2481 872 ὥσπερ
2517 796 2694 848 σπῖλοι
2723 802 2812 850 καὶ
2839 796 3066 873 ῥυτίδες,
3094 802 3168 866 εἰς
3195 803 3425 880 αἰσχρὰν
3456 807 3570 879 ὄψιν
3599 814 3680 863 καὶ
3703 809 3841 884 ἀσχό-

2310 904 2443 972 μονα
2482 887 2988 957 μετασκευάζουσιν.
3041 889 3134 944 Ὧν
3174 896 3268 958 τὰς
3314 916 3402 968 μεν
3448 896 3739 972 ἀπαλείφων,
3773 905 3842 965 τὰς

2315 970 2374 1026 δε
2430 973 2825 1049 ἒγγραφόμενος,
2877 979 3138 1052 ἔμψυχον,
3191 985 3260 1047 ὡς
3314 983 3533 1053 ἀληθῶς,
3579 970 3662 1042 καὶ
3701 989 3843 1043 κάλλι-

2318 1082 2437 1115 στον
2466 1065 2730 1152 θεοφιλοῦς
2766 1066 3028 1131 πολιτείας
3074 1077 3290 1126 σεαυτὸν
3346 1073 3612 1140 ἐπιδείξεις
3657 1080 3843 1152 ἄγαλμα,

2314 1157 2404 1205 καὶ
2453 1151 2674 1214 ἣδιστον
2723 1158 2835 1229 ἱμοὶ
2892 1163 2978 1211 κα)
3039 1167 3201 1215 πᾶσιν
3270 1163 3504 1219 εὐσεϐέσι
3566 1173 3650 1220 καὶ
3715 1151 3849 1242 θέαμα

2315 1247 2404 1332 καὶ
2447 1240 2721 1332 διήγημα.
2800 1248 2872 1300 Δι’
2913 1250 2939 1301 ὃ
2983 1255 3072 1302 καὶ
3128 1253 3222 1316 τάς
3288 1261 3470 1328 χεῖρας
3536 1256 3600 1318 εἰς
3648 1240 3850 1332 οὐρανοὺς

2316 1330 2632 1401 έξαπλώσας,
2681 1340 2773 1389 καὶ
2828 1342 2921 1396 τὴν
2953 1343 3070 1414 περὶ
3126 1343 3182 1394 σε
3236 1349 3462 1417 στοργὴν
3485 1351 3573 1398 καὶ
3599 1350 3676 1399 τὸν
3704 1330 3847 1418 πόνον,

2313 1428 2403 1475 καὶ
2454 1428 2548 1483 την
2595 1425 2666 1488 εἰς
2724 1430 2852 1480 Θεὸν
2900 1427 3276 1505 ἀναφερομένην
3327 1431 3506 1505 δόξαν,
3562 1435 3663 1490 ἀνθ’
3713 1440 3851 1497 ἱκετη-

2313 1518 2431 1586 ρίας
2460 1514 2602 1586 αύτῷ
2653 1522 2940 1591 προτείνας,
2990 1519 3282 1594 έπεύχομαί
3315 1543 3393 1590 σε,
3440 1533 3538 1578 τῶν
3575 1523 3768 1580 έλπίδων
3783 1532 3850 1580 καὶ

2313 1608 2662 1675 παραινέσεων
2719 1605 2938 1682 ἐργάτην
2990 1606 3228 1682 δόκιμον,
3309 1619 3400 1666 καὶ
3460 1619 3636 1668 πιστὸν
3687 1617 3850 1689 φύλακα

2312 1695 2591 1783 γενέσθαιε
2621 1700 2711 1749 καὶ
2762 1699 2872 1760 εἴης
2920 1718 3012 1771 μοι
3071 1696 3144 1753 δι’
3203 1701 3411 1766 ἀπάσης
3448 1701 3585 1768 ἰδέας
3631 1708 3851 1783 κατόρθω-

2246 1794 2286 1848 Β
2313 1785 2489 1856 μάτων
2537 1781 2794 1858 ἐπίσημος
2863 1793 2953 1840 καὶ
3009 1789 3372 1862 περίϐλεπτος,
3435 1794 3592 1869 ἄκρος
3745 1781 3851 1849 σύν-

2314 1891 2444 1940 εσιν,
2499 1878 2708 1948 μνήμην
2753 1873 3043 1951 δ’ἀσφαλής
3075 1899 3088 1914 ·
3117 1877 3255 1943 ἡδύς
3298 1881 3350 1935 έν
3397 1881 3569 1955 λόγοις
3591 1905 3603 1918 ·
3627 1889 3732 1948 τοὺς
3763 1890 3853 1960 τρό-

2315 1981 2444 2025 πους
2474 1960 2724 2038 ἠδύτερος
2754 1986 2767 1999 ·
2801 1965 3046 2040 έράσμιος
3097 1967 3334 2044 ἐντυχεῖν
3368 1993 3382 2007 ο
3414 1981 3521 2036 τοῖς
3565 1973 3638 2028 ἀεὶ
3685 1973 3852 2028 έποῦσιι

2317 2050 2698 2127 έρασμιώτερος
2726 2075 2740 2089 ·
2764 2059 3039 2129 κράτιστος
3090 2063 3148 2112 τὸ
3192 2065 3359 2136 παρὸν
3413 2071 3600 2139 κρῖναι,
3640 2070 3720 2118 καὶ
3756 2063 3853 2136 ἀγα·

2316 2149 2424 2214 γεῖν
2482 2143 2554 2205 εἱς
2602 2140 2842 2208 διάταξιν
2871 2166 2885 2180 ο
2917 2146 3035 2210 ὀξύς
3089 2153 3147 2202 1'6
3199 2151 3379 2224 μέλλον
3435 2150 3560 2207 ἰδεῖν
3587 2175 3599 2188 ο
3627 2157 3856 2227 προμηθής

2320 2231 2648 2303 φυλάξασθαι
2705 2253 2721 2269 ο
2774 2236 2976 2308 ἕτοιμος
3044 2239 3274 2310 μεγάλας
3348 2241 3697 2319 αὐτουργῆσαι
3755 2247 3856 2318 πρά·

2321 2321 2418 2385 ξεις
2477 2321 2864 2398 ’ἑτοιμότερος
2947 2331 3004 2379 τὸ
3088 2333 3415 2405 κατορθωθεν
3494 2330 3852 2387 διασώσασθαι*

2322 2408 2488 2475 δεινὸς
2527 2415 2616 2486 μεν
2667 2417 2724 2466 τὸ
2779 2419 3036 2489 συμφέρον
3082 2422 3346 2494 κρύπτειν,
3399 2428 3630 2498 κρείττων
3677 2420 3730 2477 δε
3769 2423 3855 2476 λαν-

2323 2500 2511 2570 θάνειν,
2567 2498 2850 2576 δεινότερος
2918 2503 2978 2559 δὲ
3034 2515 3277 2582 φωρᾶσαι
3323 2515 3446 2575 τοὺς
3496 2511 3854 2586 έπηρεάζοντας·

2323 2588 2536 2666 φοϐερὸς
2588 2595 2679 2664 μὲν
2735 2601 2840 2656 τοῖς
2891 2594 3156 2669 πολεμίοις
3190 2619 3204 2633 ·
3253 2602 3490 2666 ποθεινὸς
3544 2599 3601 2656 δε
3646 2610 3742 2665 τοῖς
3785 2603 3856 2654 61r-

2323 2684 2502 2743 ηκόοις
2533 2701 2546 2715 ο
2581 2680 2770 2755 ἀμφοῖν
2799 2680 2858 2737 δε
2887 2689 3055 2749 κοινὸς
3102 2691 3161 2740 1'6
3191 2686 3467 2744 αἰδεῖσθαι
3511 2697 3596 2745 καὶ
3645 2692 3858 2763 θαυμάζισ

2326 2770 2482 2822 σθαιο
2517 2777 2763 2846 κρείττων
2815 2771 3016 2832 ἡδονῶν
3050 2797 3063 2810 ο
3111 2780 3278 2837 ἦττων
3331 2785 3663 2856 σωφροσύνης
3699 2785 3858 2855 ’ὀργῆς

2323 2861 2504 2934 κύριος
2526 2882 2540 2894 ·
2571 2867 2864 2936 πραότητος
2894 2865 3035 2938 φίλος
3063 2887 3075 2900 ο
3109 2872 3283 2941 ταχύς
3313 2873 3570 2947 θηρεῦσαι
3603 2869 3856 2934 τὸδίκαιον,

2325 2947 2613 3012 ἀδέκαστος
2671 2949 2936 3026 διανεῖμαι
2967 2976 2979 2989 ·
3020 2964 3231 3030 γνώμην
3283 2959 3547 3025 εύσταθής
3576 2981 3590 2996 ·
3627 2970 3727 3024 ταῖς
3766 2961 3860 3013 ὑπο-

2327 3043 2551 3112 σχέσεσι
2600 3040 2809 3114 βέϐαιος
2840 3065 2852 3077 '
2884 3052 3110 3117 γενναῖος
3161 3047 3212 3100 έν
3255 3049 3440 3121 φόϐοις
3479 3072 3493 3086 ο
3533 3051 3730 3124 ἄτολμος
3765 3053 3861 3124 πρὸς

557 3145 927 3201 nerationem
972 3147 1032 3198 et
1077 3143 1578 3200 admirationem:
1629 3144 1963 3216 voluptates
2014 3147 2210 3204 vincas

2324 3135 2496 3182 πᾶσαν
2549 3137 2896 3205 παρανομίαν,
2949 3141 3039 3188 καὶ
3099 3119 3370 3210 μηδεμίαν
3445 3119 3698 3216 ῥᾳστώνην
3730 3119 3854 3211 καρτε

558 3232 1080 3306 ιθωρθτδῑηὶε,ἰτω
1101 3232 1430 3288 dominere.
1451 3233 1540 3289 Sis
1553 3235 1784 3290 amicus
1805 3235 2214 3292 mansuetudi-

556 3322 670 3392 nis,
711 3321 865 3378 celer
902 3322 963 3377 in
1007 3321 1232 3392 justitia
1279 3321 1646 3392 indaganda,
1697 3323 2102 3396 impartiarius
2155 3325 2214 3380 in

557 3409 991 3475 distribuendo,
1025 3415 1306 3466 constans
1340 3411 1650 3476 sententia,
1685 3413 1996 3484 promissis
2031 3412 2211 3480 ﬁdus,

558 3513 850 3570 generoso
865 3499 1068 3555 animo
1090 3499 1149 3553 in
1168 3498 1514 3566 terroribus,
1536 3500 1916 3556 meticulosus
1938 3501 2014 3558 ad
2032 3518 2214 3559 omne

559 3592 766 3644 contra
789 3587 950 3657 leges
966 3603 980 3642 :
995 3587 1114 3642 noli
1139 3587 1468 3644 socordiam
1483 3588 1575 3644 vel
1595 3589 2008 3646 remissionem
2030 3592 2216 3648 animi

558 3675 822 3749 aliquam
854 3674 1125 3748 praeferre
1150 3675 1456 3733 laboribus
1487 3682 1543 3733 et
1570 3679 1867 3750 patientiae
1889 3679 2104 3750 justis:
2136 3681 2215 3736 sis

560 3765 638 3823 ad
651 3765 756 3821 ben
765 3763 1136 3821 efaciendum
1153 3770 1487 3837 promptus,
1501 3766 1710 3823 tardus
1729 3769 1801 3823 ad
1815 3769 2187 3842 puniendum
2199 3813 2212 3837 ,

559 3856 792 3912 amator
803 3852 1096 3923 amicitiae,
1121 3853 1558 3910 inimicitiarum
1573 3854 1785 3922 hostis,
1804 3857 2216 3915 misericordiae

558 3944 694 4002 fons
717 3959 731 3998 :
759 3943 1104 4016 opinionem
1123 3943 1198 4001 de
1219 3949 1271 4000 te
1290 3959 1574 4015 magnam
1589 3960 1664 4002 ne
1679 3945 2004 4018 concipias,
2019 3947 2218 4004 humi-

559 4033 722 4091 litate
744 4036 797 4090 te
819 4033 1112 4090 minorem
1131 4034 1354 4106 judica,
1379 4034 1613 4092 divitias
1636 4039 1973 4107 contemne,
1995 4052 2113 4108 pau
2125 4053 2218 4110 pe-

558 4122 723 4180 ribus
735 4122 1067 4189 auxiliator,
1083 4124 1384 4181 veritatem
1404 4124 1602 4190 colito,
1617 4124 1812 4180 foedus
1825 4141 1962 4182 cum
1977 4127 2220 4184 menda-

560 4212 725 4271 cibus
740 4213 911 4268 ferire
926 4212 1047 4269 noli
1064 4229 1077 4269 :
1094 4228 1168 4268 ne
1187 4212 1490 4287 dejiciaris
1511 4215 1734 4281 animo,
1758 4214 1804 4269 si
1827 4213 2075 4286 gloriam
2096 4230 2218 4273 non

559 4301 1030 4380 assequaris;sin
1049 4307 1238 4358 autem
1257 4301 1731 4376 assequeris,noli
1754 4303 1949 4360 elatior
1963 4304 2218 4360 essezlin-

559 4406 743 4463 guam
756 4406 982 4456 coerce,
1001 4407 1177 4446 aures
1189 4392 1440 4459 custodi,
1457 4393 1631 4448 tactui
1649 4399 1702 4448 et
1716 4395 1944 4449 caeteris
1957 4395 2218 4452 sensibus

2324 3223 2440 3291 ρίας
2479 3224 2569 3272 καὶ
2611 3220 2779 3272 καλῶν
2835 3227 3000 3276 πόνων
3059 3224 3542 3302 ἀνταλλασσόμενος
3573 3252 3586 3265 ο
3636 3228 3860 3304 εύεργετεῖν

2324 3310 2592 3383 πρόθυμος
2647 3329 2659 3344 ·
2715 3310 2951 3372 κολάζειν
3029 3313 3242 3390 ὀκνηρός
3296 3337 3312 3351 ο
3395 3319 3559 3392 φιλίας
3643 3318 3865 3393 ἐραστήν

2325 3399 2519 3473 ἔχθρας
2569 3397 2811 3472 πολέμιος
2869 3422 2884 3436 ο
2937 3400 3104 3465 ἐλέους
3157 3411 3300 3478 πηγή
3355 3427 3372 3442 ·
3413 3408 3621 3470 οἰήσεως
3672 3408 3864 3481 μείζων·

2324 3492 2800 3562 τάπεινοφροσύνης
2901 3491 3269 3568 ἐλαττούμενος
3301 3517 3315 3531 ·
3397 3500 3680 3572 ὑπερόπτης
3740 3496 3862 3549 πλού·

2324 3596 2415 3630 του
2451 3599 2463 3612 ·
2496 3583 2674 3642 πενίας
2726 3578 2996 3654 ἐπίκουρος
3029 3603 3041 3616 ·
3072 3582 3315 3644 ἀλήθειαν
3373 3597 3534 3662 τιμῶν
3566 3609 3580 3624 ·
3623 3583 3780 3660 ψεύδει
3809 3587 3861 3656 μὴ

2327 3664 2673 3741 σπενδόμενος
2703 3689 2718 3704 ο
2781 3669 3125 3736 ἀταπείνωτος
3192 3675 3288 3728 οὐκ
3349 3675 3652 3752 εὐδοκιμῶν,
3705 3672 3866 3730 εὐδοκι-

2323 3765 2432 3830 μῶν
2497 3755 2556 3810 δε
2611 3759 2670 3811 ού
2753 3764 3096 3834 φυσιούμενος
3127 3785 3140 3798 ο
3211 3764 3468 3837 γλώσσης
3541 3767 3863 3840 αὐτοκράτωρ·

2326 3846 2486 3909 ἀκοῆς
2565 3847 2729 3920 φύλαξ
2759 3869 2774 3883 ο
2827 3849 2982 3922 ἁφῆς,
3059 3857 3151 3906 καὶ
3228 3863 3324 3918 τῆς
3391 3857 3544 3920 ἄλλης
3606 3858 3862 3916 αἰσθήσεως,

3395 3319 3559 3392 φιλίας

2328 3935 2682 4000 ἀδυσώπητος
2727 3940 3034 4009 ἐπιστάτης,
3079 3947 3169 3996 καὶ
3221 3943 3416 4017 μηδενὶ
3479 3949 3627 4001 πάθει
3676 3939 3866 4002 ἱνδιδοὺς

2327 4025 2465 4101 μηδὲ
2509 4035 2614 4090 τοῖς
2669 4031 2963 4105 ἐρεθισμοῖς
3018 4031 3333 4106 κηλούμενος
3395 4045 3496 4089 τῶν
3544 4036 3767 4111 ὀρέξεων·
3799 4032 3866 4082 καὶ

2330 4120 2540 4191 σύμπαν
2607 4119 2785 4186 εἰπεῖν,
2835 4120 2940 4182 εἴης
3001 4141 3093 4194 μοι
3144 4125 3322 4187 πάσης
3395 4123 3579 4200 ἀρετῆς
3630 4129 3711 4178 καὶ
3759 4120 3867 4175 εύσε-

2329 4205 2482 4272 ϐείας,
2518 4209 2577 4261 οὔ
2619 4216 2727 4270 τοῖς
2779 4211 2880 4263 ύπό
2921 4213 2979 4264 σε
3025 4216 3178 4284 μόνον
3225 4214 3573 4290 ύπογραμμός
3611 4219 3692 4267 καὶ
3733 4208 3868 4285 παράο

2329 4293 2541 4370 δειγμα,
2596 4297 2722 4351 ἀλλὰ
2767 4304 2858 4353 καὶ
2913 4309 2984 4372 τῷ
3022 4305 3155 4375 μετὰ
3201 4306 3257 4356 σὲ
3306 4311 3468 4359 παντὶ
3515 4313 3610 4358 τῶν
3639 4302 3868 4376 ἀνθρώπων

2325 4391 2478 4458 γένει,
2509 4386 2638 4446 καλή
2684 4392 2771 4441 καὶ
2799 4390 3020 4462 μεγάλη,
3087 4396 3177 4444 καὶ
3206 4392 3342 4445 κειλά
3381 4400 3472 4447 καὶ
3508 4393 3696 4466 μεγάλα
3727 4405 3869 4459 κατερ-

561 4480 900 4540 moderator
910 4480 1156 4538 assistas
1169 4497 1289 4538 non
1305 4481 1987 4554 dimovendus,passioni
2005 4483 2148 4540 nulli
2163 4488 2210 4540 te

2325 4477 2609 4548 γαζομένη,
2655 4483 2978 4551 παραίνεσις.
3009 4479 3084 4533 Δι’
3121 4481 3157 4533 οἱ
3199 4501 3284 4534 σοι
3329 4483 3563 4554 μάλιστα
3605 4487 3686 4535 καὶ
3728 4482 3752 4537 ἡ
3794 4483 3869 4529 τῧν

560 4572 782 4629 victum
799 4571 986 4637 trade,
1002 4586 1112 4627 nec
1129 4570 1427 4643 prurigine
1443 4572 1712 4628 orexium
1732 4571 2015 4630 delinitus
2035 4575 2145 4630 sis:
2163 4578 2220 4630 et

561 4665 625 4716 ut
649 4678 769 4719 uno
792 4661 970 4719 verbo
993 4661 1352 4733 complectar
1371 4662 1597 4732 omnia,
1626 4662 1962 4732 omnigenus
1984 4662 2218 4720 virtutis

558 4755 616 4807 et
644 4751 878 4823 pietatis
923 4756 975 4808 te
1017 4752 1327 4825 exemplar
1374 4751 1589 4808 exhibe
1619 4756 1675 4808 et
1713 4751 2216 4829 delineationem;

559 4853 752 4912 neque
783 4843 896 4897 tuis
914 4841 1109 4898 solum
1138 4841 1414 4910 subditis,
1439 4840 1544 4898 sed
1566 4842 1846 4898 universo
1873 4842 2213 4899 mortalium

2327 4565 2553 4640 ούρανῶν
2610 4565 2952 4640 ἀνέκφραστος
3014 4573 3105 4622 καὶ
3159 4567 3328 4633 ἀίδιος
3388 4571 3646 4646 βασιλεία,
3691 4570 3753 4630 εἷς
3776 4566 3869 4622 κλῆ-

2326 4677 2414 4732 ρον
2465 4656 2820 4732 ἀναφαίρετον,
2873 4665 2964 4713 καὶ
3011 4666 3418 4720 κατασκήνωσιν
3473 4658 3765 4734 ἀδιάδοχον,
3800 4658 3867 4706 καὶ

2328 4749 2556 4822 ὑπερφυῆ
2589 4753 2675 4802 καὶ
2711 4751 2848 4802 θείαν
2896 4755 3115 4824 τρυφὴν,
3160 4756 3250 4804 καὶ
3291 4750 3579 4806 ἀπόλαυσιν
3615 4755 3681 4824 μὴ
3723 4747 3867 4818 λυομέο

2327 4858 2441 4909 νην,
2463 4842 2777 4913 παρασχεθή
2787 4859 2957 4896 σεται.

559 4930 780 4999 generi,
812 4931 912 5001 qui
946 4931 1034 4988 vel
1053 4937 1189 5004 post
1217 4938 1270 4988 te
1296 4931 1475 4988 futuri
1508 4937 1666 4999 sunt,
1700 4937 1764 4988 ut
1792 4947 1989 4988 rerum
2023 4948 2383 5003 magnarum
2413 4935 2470 4987 et
2493 4930 2780 5002 prmolare
2810 4931 3209 5003 gerendarum
3238 4931 3508 4989 habeant
3531 4937 3582 4988 te
3609 4925 3864 5001 egregium

560 5015 1010 5075 admonitorem.
1055 5022 1136 5078 ita
1165 5027 1364 5078 autem
1405 5021 1509 5078 tibi
1550 5037 1802 5093 regnum
1846 5022 1992 5078 illud
2035 5023 2320 5079 caelorum
2370 5021 2427 5076 in
2466 5025 2756 5077 aeternum
2800 5025 2856 5076 et
2898 5020 3331 5092 inexplicabile,
3369 5021 3430 5078 in
3471 5026 3680 5078 sortem
3719 5017 3864 5072 heare-

560 5104 760 5162 ditatis
784 5107 948 5163 haud
991 5110 1350 5177 auferenda,
1393 5111 1454 5166 in
1499 5111 1955 5168 tabernaculum
1984 5112 2110 5168 sine
2152 5126 2493 5168 successore
2537 5109 2983 5184 possidendum,
3035 5111 3095 5166 in
3127 5110 3491 5182 voluptatem
3522 5114 3576 5168 et
3619 5103 3859 5180 gaudium

561 5210 745 5268 supra
767 5201 1064 5267 naturam,
1098 5200 1394 5274 planeque
1423 5201 1714 5270 divinum,
1747 5201 1910 5260 nulla
1937 5217 2058 5260 non
2090 5201 2414 5259 mternitate
2444 5199 2875 5274 perfruendum
2907 5201 3285 5256 concedetur.
