4088 6214
247 293 363 349 697
1513 298 1746 358 PHOTII
1790 283 2276 360 PATRiARCHIE
2311 303 2417 358 cr.
3579 313 3684 372 698

1522 480 1842 537 ANG’ELO
1879 481 2034 538 MAI
2064 482 2442 543 MONITUM

250 654 342 711 De
367 652 596 711 duabus
625 656 881 725 epistolis
909 657 1280 729 sequentibus
1306 657 1506 716 Photii
1517 659 1881 728 patriarchae
1905 660 1986 716 ad
2005 662 2378 719 Zachariam
2394 663 2811 722 Armeniorum
2817 667 3232 736 patriarcham
3258 675 3312 726 et
3329 669 3399 724 ad
3417 670 3684 726 Asutium

373 747 634 818 ejusdem
644 748 837 818 gentis
850 746 1204 817 principem,
1222 754 1274 806 et
1293 748 1365 806 de
1391 749 1571 806 variis
1592 748 1752 805 inter
1768 749 2006 807 Graecos
2019 759 2072 807 et
2089 751 2401 808 Armenios
2415 767 2527 822 pro
2553 755 2836 826 religiosa
2854 757 3170 814 concordia
3193 759 3573 817 tractatibus.

324 913 376 967 1.
409 912 480 967 Ut
508 907 702 964 Photii
731 907 884 964 duas
915 907 990 964 ad
1021 907 1370 965 Zachariam
1401 908 1817 966 Armeniorum
1853 911 2279 983 patriarcham,
2313 917 2491 985 atque
2518 913 2597 970 ad
2624 914 2903 972 Asutium
2934 917 3204 989 ejusdem
3245 919 3438 990 gentis
3478 935 3687 993 supre-

247 1017 422 1057 mum
451 998 782 1072 principem
813 996 1094 1069 epistolas
1121 997 1182 1052 in
1213 997 1325 1054 hoc
1357 998 1661 1058 volumine
1693 999 2089 1071 divulgarem,
2122 1017 2303 1058 causa
2345 1003 2488 1058 mihi
2519 1003 2743 1060 Nicolai
2776 1007 3012 1078 mystici
3043 1007 3294 1079 epistola
3340 1009 3439 1065 l39
3469 1008 3596 1078 fuit,
3622 1009 3683 1065 in

245 1106 374 1163 qua
397 1089 458 1144 hi
488 1087 678 1143 Photii
717 1103 854 1142 cum
893 1087 1185 1142 Armeniis
1222 1091 1528 1152 tractatus,
1561 1093 1624 1145 ut
1651 1088 1934 1155 vidimus,
1985 1096 2550 1147 commemorantur.
2606 1093 2874 1164 Epistolas
2921 1096 3169 1167 quidem
3218 1097 3295 1153 ad
3333 1097 3682 1154 Zachariam

244 1180 413 1236 testis
445 1183 529 1234 est
559 1177 738 1233 etiam
785 1176 1025 1234 Samuel
1048 1177 1345 1246 Aniensis,
1391 1193 1428 1234 a
1473 1194 1569 1233 me
1601 1178 1741 1235 olim
1772 1183 1829 1235 et
1885 1195 1920 1235 a
1971 1180 2042 1235 cl.
2095 1180 2362 1236 Zohrabo
2411 1181 2719 1238 Mediolani
2763 1183 2978 1250 editus,
3029 1184 3090 1240 in
3123 1203 3230 1242 suo
3273 1186 3558 1242 Chronico
3603 1186 3683 1242 ad

244 1268 812 1325 Christiannum878
831 1265 921 1322 his
947 1266 1177 1322 verbis:
1211 1265 1714 1339 Constantinopoli
1741 1269 2096 1337 patriarcha
2133 1276 2261 1325 erat
2291 1270 2686 1343 Photius,qui
2714 1289 2904 1344 nuper
2925 1273 2999 1330 ad
3028 1275 3394 1331 Zachariam
3415 1276 3683 1344 patriar-

241 1359 420 1415 cham
445 1365 715 1414 nostrum
735 1357 1020 1413 consortii
1043 1357 1286 1412 ineundi
1297 1373 1473 1413 causa
1489 1358 1794 1428 epistolam
1810 1359 2147 1428 scripserat.
2184 1360 2226 1425 Ο
2238 1375 2311 1416 uo
2331 1359 2458 1415 loco
2474 1375 2582 1414 nos
2596 1361 2851 1418 editores
2865 1363 2939 1418 ad
2949 1364 3288 1420 notavimus
3309 1384 3320 1423 :
3341 1365 3466 1421 haec
3490 1363 3684 1420 Photii

234 1448 477 1521 prolixa
489 1447 738 1516 epistola
751 1453 944 1502 exstat
959 1447 1022 1500 in
1035 1446 1327 1502 codicibus
1338 1449 1384 1502 A
1396 1449 1714 1504 rmeniacis
1725 1448 1954 1520 collegii
1976 1449 2177 1505 Veneti
2195 1449 2399 1504 Sancti
2409 1451 2628 1506 βαταφί
2641 1452 2658 1522 (
2669 1457 2686 1506 1
2699 1451 2740 1524 ).
2751 1453 2825 1507 De
2843 1452 3026 1509 altera
3044 1469 3176 1510 vero
3192 1458 3680 1526 contemporanea

239 1537 435 1592 Photii
463 1534 718 1609 epistola
747 1535 820 1592 ad
851 1535 1159 1591 Assutium
1187 1535 1538 1608 principem,
1577 1538 1758 1593 verba
1797 1538 1936 1594 facit
1975 1539 2290 1610 Serposius
2326 1540 2536 1608 Camp.
2589 1540 2724 1596 hist.
2761 1545 2799 1596 t.
2843 1541 2911 1608 Il,
2947 1559 3006 1614 p.
3049 1542 3138 1598 44.
3173 1545 3292 1598 Hoc
3323 1559 3434 1613 ego
3468 1541 3680 1613 triplici

236 1626 581 1683 testimonio
611 1625 954 1682 admonitus
995 1624 1239 1690 Nicolai,
1273 1627 1584 1693 Samuelis,
1627 1630 1807 1699 atque
1844 1627 2122 1698 Serposii,
2157 1627 2231 1682 de
2282 1627 2556 1684 Photiani
2588 1629 2896 1702 utriusque
2939 1631 3139 1703 scripti
3182 1647 3305 1687 non
3337 1631 3682 1688 exsistentia

241 1716 462 1783 solum,
495 1732 702 1772 verum
724 1715 925 1782 etiam,
952 1715 1011 1771 in
1041 1715 1235 1772 aliena
1257 1715 1465 1771 saltem
1496 1715 1716 1788 lingua,
1750 1716 2204 1772 conservatione
2234 1716 2475 1784 (etenim
2507 1719 2704 1775 Graece
2729 1735 2924 1793 neque
2949 1720 3010 1776 in
3039 1720 3373 1778 Montacutii
3398 1719 3682 1793 epistola-

237 1823 370 1864 rum
400 1805 581 1864 Photii
612 1804 904 1861 edictione
930 1804 1022 1861 ha;
1062 1804 1197 1860 duae
1226 1805 1520 1876 leguntur,
1549 1821 1744 1879 neque
1765 1821 1801 1862 a
1835 1821 1927 1862 me
1953 1806 2012 1861 in
2042 1805 2354 1862 Hellenicis
2392 1823 2660 1880 unquam
2687 1808 2994 1865 codicibus
3038 1809 3381 1867 observatis
3421 1807 3681 1880 fuerunt)

239 1897 448 1968 rogavi
469 1898 580 1952 RR.
605 1896 806 1950 Patres
832 1893 1272 1960 Mechitaristas,
1308 1894 1425 1950 utsi
1448 1895 1716 1966 ipsorum
1743 1895 2066 1951 commodo
2091 1911 2160 1951 ac
2195 1895 2360 1952 libito
2382 1896 2530 1953 ﬁerit
2561 1902 2786 1969 posset,
2818 1899 3142 1956 Photianas
3187 1915 3425 1954 mecum
3461 1898 3679 1970 episto-

233 1987 329 2044 las
357 1983 872 2042 communicarent
900 2000 912 2039 :
943 1984 1125 2056 hique
1157 1988 1384 2040 tantam
1414 1999 1534 2056 prae
1565 1999 1626 2038 se
1659 1984 1916 2040 tulerunt
1952 1983 2404 2054 benignitatem,
2441 1989 2500 2041 ut
2523 1985 2759 2042 illarum
2788 1988 2988 2043 statim
3035 1989 3482 2061 apographum,
3534 2002 3674 2044 cum

239 2077 443 2133 Italica
471 2075 528 2128 P.
563 2073 823 2130 Eduardi
864 2073 1173 2139 Hormutii,
1217 2073 1482 2145 perdocti
1511 2072 1618 2128 viri
1652 2072 1914 2146 mihique
1959 2073 2334 2138 amicissimi,
2371 2074 2853 2147 interpretatione
2895 2076 3190 2132 utendum
3230 2075 3667 2132 concesserint.

239 2167 370 2232 Quo
399 2170 642 2236 accepto
665 2178 931 2228 munere,
962 2161 1122 2218 nolui
1146 2162 1426 2235 equidem
1458 2162 1832 2218 occasionem
1853 2161 2124 2218 omittere
2156 2162 2423 2219 sociandi
2454 2162 2728 2220 Photium
2762 2179 2900 2221 cum
2932 2165 3193 2231 Nicolao,
3221 2166 3326 2238 qui
3367 2165 3676 2221 familiaris

241 2256 375 2329 ejus
405 2259 462 2310 et
486 2253 783 2310 cathedras
805 2267 1118 2308 successor
1147 2251 1254 2309 fuit
1283 2267 1295 2306 :
1330 2251 1614 2324 quodque
1642 2253 1836 2320 magis
1867 2252 2126 2320 interest,
2155 2251 2367 2322 gestivi
2399 2253 2691 2324 protinus,
2728 2268 2950 2309 novum
2981 2253 3095 2310 hoc
3132 2253 3550 2310 Ecclesiasticaa
3580 2253 3673 2309 hi-

242 2343 440 2400 storite
469 2342 946 2399 additamentum
964 2339 1040 2397 ad
1071 2339 1374 2412 publicam
1395 2341 1665 2396 notitiam
1681 2339 1962 2412 perferre.
1989 2343 2086 2396 Est
2110 2341 2270 2396 enim
2301 2339 2397 2396 hic
2431 2356 2584 2396 unus
2615 2357 2686 2397 ex
2714 2347 2798 2397 tot
2823 2343 3190 2409 tractatibus,
3222 2343 3444 2416 quibus
3470 2345 3672 2400 Graeca

243 2431 504 2489 Ecclesia
534 2447 668 2488 cum
696 2430 989 2486 Armeniis
1015 2430 1345 2486 instaurare
1375 2429 1761 2486 concordiam
1794 2428 2056 2502 ﬁdeique
2085 2429 2380 2500 religiosae
2404 2429 2692 2487 unitatem
2713 2436 2932 2488 conata
2959 2436 3065 2488 est.

316 2563 370 2614 2.
402 2557 666 2614 Profecto
707 2555 1179 2628 disputationum
1205 2554 1501 2620 omnium,
1533 2570 1669 2626 quae
1692 2553 1844 2610 inter
1872 2554 2025 2611 duas
2068 2554 2360 2611 Ecclesias
2389 2555 2609 2612 habitae
2635 2561 2790 2620 sunt.
2823 2557 3038 2612 seriem
3067 2571 3189 2613 non
3218 2561 3538 2614 contexam
3565 2573 3578 2613 :
3613 2557 3674 2614 id

243 2647 409 2704 enim
443 2646 523 2703 ad
551 2645 892 2716 generalem
923 2643 1118 2716 potius
1147 2643 1449 2711 religionis
1477 2643 1786 2700 historiam
1835 2645 2106 2716 pertinet.
2142 2645 2323 2702 Video
2373 2649 2575 2700 tamen
2607 2645 2940 2717 principem
2970 2645 3091 2703 fere
3123 2645 3393 2702 omnium
3424 2646 3485 2703 in
3515 2647 3673 2704 hanc

246 2738 440 2794 aleam
460 2735 840 2792 descendisse
866 2738 1140 2790 sanctum
1161 2733 1459 2800 Proclum,
1485 2733 1588 2805 qui
1614 2732 1830 2790 smculo
1863 2733 2097 2806 quinto,
2124 2733 2445 2807 etquidem
2485 2738 2624 2791 ante
2651 2734 3136 2791 ChalcedonenSe
3163 2734 3485 2792 concilium
3505 2737 3669 2803 vixit,

246 2826 470 2898 scripta
505 2824 578 2881 ad
606 2823 910 2881 Armenios
939 2823 1286 2892 dogmatica
1314 2822 1587 2894 epistola,
1619 2838 1743 2894 qua
1773 2822 1904 2878 illos
1934 2827 2141 2879 contra
2170 2823 2349 2880 falsas
2379 2823 2682 2880 doctrinas
2713 2825 3127 2881 communivit.
3159 2827 3445 2896 Superest
3475 2825 3673 2881 adhuc

244 2915 380 2989 ipsa
407 2913 658 2988 epistola
693 2913 845 2969 inter
875 2912 1056 2968 Procli
1087 2927 1293 2984 opera,
1327 2912 1410 2968 rei
1440 2927 1577 2968 vero
1629 2911 1873 2968 historia
1925 2912 2242 2984 exponitur
2293 2913 2455 2985 apud
2513 2912 2812 2969 Galanum
2845 2918 2890 2969 t.
2923 2915 2961 2979 l,
2988 2930 3046 2985 p.
3081 2914 3149 2971 69
3177 2919 3232 2970 et
3257 2930 3382 2986 seq.
3410 2914 3675 2971 Trullani

244 3020 507 3062 canones
536 3003 755 3060 smculo
784 3003 1038 3074 septimo
1067 3001 1228 3068 editi,
1255 3001 1334 3057 ob
1360 3001 1806 3058 emendandam
1837 3001 2168 3074 praesertim
2195 3003 2615 3059 Armeniorum
2633 3001 2936 3072 liturgiam
2957 3018 3027 3058 ac
3053 3002 3454 3074 disciplinam,
3481 3003 3670 3060 notis-

249 3095 388 3151 simi
415 3098 575 3150 sunt.
611 3095 695 3148 En
721 3096 922 3148 autem
950 3095 1162 3147 octavo
1194 3095 1414 3147 saeculo
1439 3096 1680 3148 sanctus
1705 3091 2039 3147 Germanus
2069 3092 2109 3158 Ι,
2139 3091 2478 3160 patriarcha
2507 3091 2862 3163 Byzantinus
2893 3092 3084 3147 zelum
3117 3107 3297 3147 suum
3329 3107 3438 3163 pro
3468 3095 3674 3147 Arme-

243 3184 485 3242 niorum
502 3180 854 3239 orthodoxia
881 3180 1274 3252 exprompsit,
1301 3179 1455 3236 datis
1480 3179 1560 3236 ad
1585 3196 1688 3236 eos
1715 3179 1938 3247 litteris,
1972 3184 2036 3236 ut
2057 3179 2313 3252 duplicis
2338 3180 2400 3236 in
2427 3180 2656 3237 Christo
2683 3185 2906 3236 naturas
2937 3179 3395 3251 confessionem,
3429 3179 3674 3237 etChal-

246 3271 606 3330 cedonensis
622 3269 831 3342 synodi
853 3269 1280 3325 admissionem
1305 3269 1608 3324 suaderet:
1632 3285 1767 3341 quas
1791 3269 1994 3325 litterae
2020 3284 2142 3325 non
2167 3272 2402 3326 exstant
2421 3269 2802 3342 quidem,sed
2821 3285 3028 3325 carum
3043 3274 3202 3326 certa
3227 3269 3436 3326 notitia
3459 3269 3672 3340 legitur

245 3363 308 3418 in
337 3360 751 3418 Armeniorum
782 3359 1049 3429 ipsorum
1093 3357 1432 3428 menologio
1471 3357 1632 3429 apud
1666 3357 1962 3414 Galanum
1994 3373 2053 3431 p.
2085 3363 2174 3424 78,
2206 3373 2314 3414 nec
2338 3373 2461 3414 non
2489 3358 2552 3414 in
2593 3357 2866 3414 Tarsensi
2895 3358 3146 3414 concilio
3189 3358 3353 3430 apud
3386 3359 3669 3414 eumdem

244 3469 308 3525 p.
341 3453 439 3508 341
472 3451 570 3523 (2).
605 3451 899 3505 Germano
920 3453 1062 3504 tunc
1088 3447 1336 3504 omnino
1363 3448 1734 3503 consensisse
1775 3447 2057 3504 dicuntur
2083 3446 2346 3504 Armenii
2372 3463 2472 3520 0p.
2500 3447 2597 3506 cit.
2621 3463 2682 3519 p.
2705 3452 2796 3513 77,
2828 3447 3160 3519 praesertim
3186 3446 3674 3518 quialiuncinter

246 3541 417 3597 divos
447 3542 787 3595 numerant.
806 3535 972 3592 Nunc
995 3536 1230 3592 Photius
1251 3541 1533 3608 sequente
1557 3536 1770 3592 saeculo
1789 3536 2020 3594 curiose
2041 3542 2244 3594 narrat
2273 3536 2508 3609 quoties
2530 3537 2789 3594 Armenii
2819 3536 3092 3608 episcOpi
3124 3535 3674 3593 Chalcedonensem

244 3629 430 3686 ﬁdem
459 3625 849 3699 susceperint,
867 3629 1048 3697 atque
1077 3624 1206 3680 aliis
1227 3625 1612 3682 meumenicis
1644 3625 1895 3698 synodis
1913 3625 2283 3684 interfuerint
2303 3642 2374 3682 ac
2404 3626 2886 3698 subscripserint.
2910 3625 3211 3698 Pauloque
3235 3630 3373 3696 post
3393 3625 3672 3682 Nicolaus

249 3719 540 3791 mysticus
562 3714 876 3788 epistolam
902 3730 1077 3770 suam
1097 3714 1174 3769 ad
1192 3713 1502 3768 Armenios
1526 3713 1707 3778 misit,
1731 3715 1905 3785 cujus
1928 3731 2040 3770 nos
2061 3715 2332 3770 Latinum
2355 3731 2599 3788 quoque
2641 3715 3040 3771 summarium
3064 3713 3124 3770 in
3145 3715 3494 3786 praefatione
3515 3730 3573 3769 n.
3602 3715 3667 3770 14

247 3806 610 3879 scripsimus.
652 3804 966 3875 Utriusque
1008 3802 1348 3860 tentaminis
1389 3803 1579 3858 exitus
1619 3803 1816 3858 nullus
1852 3803 1982 3869 fuit,
2015 3808 2078 3858 ut
2102 3804 2176 3859 de
2205 3803 2452 3860 Nicolao
2482 3819 2592 3860 nos
2622 3803 2906 3869 diximus,
2946 3803 3022 3858 de
3049 3803 3181 3875 ipso
3225 3807 3428 3859 autem
3468 3803 3670 3859 Photio

244 3895 526 3954 Nicotaus
555 3911 651 3967 ep.
683 3894 796 3956 cit.,
828 3909 963 3964 quas
991 3891 1161 3948 valde
1186 3891 1600 3948 contradicunt
1614 3891 1868 3948 narratis
1890 3908 1927 3948 a
1949 3893 2224 3964 Serposio
2251 3897 2291 3947 t.
2321 3893 2388 3958 Il,
2415 3907 2473 3962 p.
2500 3893 2587 3948 46.
2619 3893 2847 3948 Secuta».
2875 3896 3015 3947 sunt
3037 3891 3398 3948 duodecimo
3429 3891 3670 3960 saeculo,

245 3989 385 4060 post
415 3999 644 4041 annum
678 3981 832 4047 1170,
865 3986 1152 4052 regnante
1181 3981 1344 4052 apud
1378 3983 1612 4037 Graecos
1644 3981 1912 4037 Manuele
1944 3983 2269 4046 Comneno,
2302 3981 2562 4037 celebres
2600 3980 2736 4037 duae
2763 3980 2841 4036 ad
2861 3980 3174 4035 Armenios
3204 3978 3284 4034 ob
3330 3979 3670 4048 religiosam

243 4073 631 4132 concordiam
659 4071 985 4142 legationes
1015 4087 1086 4126 ac
1114 4069 1549 4142 disputationes
1578 4069 1893 4126 Theoriani
1924 4069 2268 4142 philosophi
2300 4086 2440 4130 cum
2471 4072 2708 4126 Nersete
2741 4068 2996 4125 Claiensi
3023 4067 3382 4140 patriarcha,
3401 4082 3664 4139 quarum

245 4164 508 4237 priorem
539 4160 949 4226 Leunclavius,
983 4159 1372 4232 posteriorem
1402 4174 1513 4216 nos
1545 4158 1605 4216 in
1637 4158 1946 4216 codicibus
1975 4159 2184 4216 saltem
2215 4159 2474 4232 quinque
2503 4159 2811 4216 inventam
2836 4157 3158 4213 edidimus.
3207 4159 3426 4212 Harum
3461 4160 3666 4214 tamen

241 4253 379 4311 felix
407 4251 596 4309 exitus
620 4249 972 4322 patriarchas
999 4253 1188 4304 morte
1213 4253 1530 4320 corruptus
1553 4247 1818 4304 videtur:
1848 4248 2040 4304 donec
2062 4248 2475 4321 quinquennio
2498 4253 2632 4320 post
2657 4263 2748 4304 res
2770 4246 2983 4303 iterum
3006 4247 3067 4302 in
3098 4245 3350 4302 concilio
3379 4246 3662 4302 Tarsensi

243 4343 458 4401 acriter
487 4321 770 4398 ventilata
815 4353 885 4394 ac
915 4321 1102 4411 prope
1144 4337 1433 4403 confecta,
1476 4338 1756 4394 Manuelis
1795 4337 2173 4410 imperatoris
2211 4336 2480 4394 similiter
2507 4337 2699 4406 obitu,
2731 4339 2848 4395 Deo
2893 4337 2978 4394 sic
3018 4336 3414 4409 permittente,
3457 4350 3667 4392 rursus

245 4433 496 4490 corruit.

316 4563 368 4616 3.
394 4556 507 4615 Sed
528 4555 690 4613 enim
717 4559 930 4628 printer
952 4555 1242 4610 hactenus
1268 4551 1446 4618 dicta,
1476 4566 1638 4608 nova
1658 4551 1803 4608 mihi
1825 4551 2105 4625 quaedam
2126 4551 2187 4607 in
2213 4567 2356 4607 mss.
2384 4553 2692 4624 comperta
2712 4555 2869 4616 sunt,
2908 4566 3045 4624 quas
3071 4551 3298 4620 integre
3325 4547 3570 4622 quidem
3603 4548 3667 4607 in

242 4648 364 4707 alia
396 4650 924 4702 monumentorum
941 4648 1205 4700 veterum
1221 4638 1468 4713 sylloge,
1491 4645 1766 4714 utspero,
1795 4641 2045 4698 daturus
2059 4658 2225 4707 sum;
2258 4656 2418 4696 nunc
2447 4645 2646 4698 tamen
2674 4640 3069 4696 summariam
3089 4639 3354 4710 ipsorum
3386 4639 3663 4696 notitiam

239 4737 544 4793 delibabo.
579 4735 804 4790 Etenim
830 4735 987 4790 circa
1013 4731 1218 4789 Christi
1243 4747 1382 4787 ann.
1420 4731 1572 4796 1241),
1610 4737 1897 4800 regnante
1933 4729 2446 4802 Constantinopoli
2472 4735 2774 4801 postremo
2798 4729 3140 4786 Latinorum
3169 4727 3315 4798 imp.
3339 4727 3660 4785 Balduino.

240 4825 452 4884 Nicaeae
487 4824 843 4896 imperatore
867 4823 1072 4881 Graeco
1101 4824 1328 4877 Joanne
1359 4821 1519 4876 Duca
1551 4821 1797 4886 Vatatze,
1813 4825 2166 4877 renovatum
2187 4837 2218 4876 a
2239 4819 2453 4876 Grmcis
2468 4823 2773 4874 tentamen
2795 4821 2886 4873 est
2900 4816 3308 4886 dogmaticam
3337 4816 3665 4889 copulandi

240 4931 381 4972 cum
412 4913 709 4969 Armeniis
735 4927 968 4983 pacem.
1005 4909 1247 4982 Scripsit
1275 4924 1418 4980 ergo
1450 4911 1778 4966 Germanus
1810 4909 1880 4975 ll,
1914 4913 2056 4966 tunc
2083 4907 2424 4981 patriarcha
2453 4910 2708 4973 Graecus,
2757 4907 3074 4979 epistolam
3097 4905 3174 4962 ad
3203 4905 3664 4964 Constantinum

241 5003 457 5060 eodem
500 5001 756 5074 tempori
803 5001 1220 5057 Armeniorum
1268 4997 1690 5070 patriarcham,
1724 5013 1909 5071 quam
1937 5013 2048 5068 ego
2081 4999 2141 5054 in
2173 4997 2481 5054 codicibus
2511 4995 2802 5053 vaticanis
2839 4995 2961 5066 legi
2990 4995 3104 5051 hoc
3143 4994 3314 5051 titulo
3346 5002 3401 5052 et
3429 4995 3597 5052 initio
3647 5011 3661 5053 :

237 5101 324 5164 Τῷ
399 5091 712 5164 ὑψηλοτάτῳ
785 5089 1042 5161 καθολικῷ
1117 5090 1292 5162 παίσῃς
1363 5096 1458 5150 τῆς
1532 5087 1879 5162 Ἀρμενιακῆς
1953 5087 2283 5152 Ἐκκλησίας,
2361 5094 2452 5148 τῆς
2523 5088 2657 5138 κατὰ
2728 5091 2902 5138 πᾶσαν
2976 5088 3070 5143 τὴν
3163 5084 3486 5158 οἰκουμένην,
3563 5090 3664 5139 καὶ

243 5187 403 5257 σοφίᾳ
468 5186 558 5235 καὶ
634 5184 837 5234 συνέσει
910 5181 1280 5251 κεκοσμημένῳ
1341 5185 1484 5252 κυρῷ
1556 5183 1945 5250 Κωνσταντίνῳ,
2018 5181 2274 5253 Γερμανὸς
2333 5175 2450 5248 ἐλέῳ
2521 5181 2646 5229 Θεοῦ
2729 5173 3150 5249 ἁρχιιπίσκοπος
3238 5175 3664 5228 Κωνσταντινὸυ-

237 5271 458 5338 πόλεως,
515 5274 626 5332 νέας
695 5269 912 5342 Ῥώμης,
986 5273 1076 5321 καὶ
1132 5268 1484 5340 οἰκουμενικὸς
1536 5268 1893 5342 πατριάρχης.
1974 5267 2238 5339 Incipit:
2291 5265 2656 5337 Ἀγαλλιάσθω
2713 5265 2738 5317 ὁ
2793 5263 3028 5338 οὐρανὸς,
3071 5268 3162 5318 καὶ
3220 5263 3574 5339 εὐφραινέσθω
3623 5265 3653 5323 ἠ

237 5369 307 5435 γῆ
335 5365 585 5436 σήμερον,
607 5379 662 5415 κ.
703 5378 752 5414 τ.
797 5358 846 5415 λ.
897 5360 960 5414 In
997 5373 1067 5415 ea
1105 5355 1437 5414 Germanus
1481 5361 1909 5414 commemorat
1936 5356 2124 5430 primo
2154 5355 2421 5412 Tiridatis
2459 5358 2517 5411 et
2554 5353 2928 5412 Constantini
2954 5353 3432 5428 contemporales
3466 5354 3662 5412 domi-

313 5535 392 5610 (1)
419 5531 1748 5610 AbghacPhotiidogmaticaepistolaprorsus
1768 5531 1892 5610 _dis-
2009 5604 2038 5610 _
2069 5531 2150 5602 ('2)
2199 5532 2360 5610 Ergo
2416 5531 2748 5610 Germanus
2793 5535 2834 5610 l_
2864 5532 3193 5610 permutari
3243 5531 3452 5606 nequit
3510 5547 3649 5610 cum

240 5602 569 5681 tin'guenda
585 5613 674 5664 est
694 5602 982 5681 Johannis
997 5605 1218 5681 Nicteni
1236 5602 1594 5681 episcopi—ad
1607 5603 1890 5681 eumdem
2000 5602 2294 5681 Germano
2315 5605 2381 5681 ll,
2412 5602 2518 5674 qui
2535 5604 2750 5681 pariter
2761 5603 2838 5660 ad
2863 5602 3189 5681 Armenios
3203 5620 3312 5675 pro
3335 5602 3658 5681 concordia

242 5673 586 5737 Zachariam
628 5678 906 5750 epistola,
937 5693 976 5735 a
1025 5673 1478 5750 Combeﬁsiogin
1510 5676 1794 5750 Auctario
1828 5679 1886 5731 Β.
1999 5675 2250 5750 scripsit,
2274 5680 2339 5733 ut
2358 5673 2496 5731 mox
2522 5673 2882 5750 videbimus.
2900 5677 3128 5750 Etenim
3149 5673 3437 5732 Tarsense
3459 5673 3656 5750 conci-

241 5752 432 5826 PR._t.
464 5754 533 5826 ll,
563 5767 626 5826 p.
666 5746 774 5826 '29?
812 5749 993 5817 edita,
1041 5765 1179 5824 quae
1216 5748 1460 5808 nonnisi
1489 5749 1564 5807 de
1602 5748 1890 5807 festorum
1997 5746 2166 5814 lium,
2190 5747 2248 5804 in
2277 5763 2399 5821 quo
2437 5746 2624 5826 verba
2657 5749 2820 5826 ﬁunt
2847 5747 2918 5806 de
2958 5748 3274 5818 Germano,
3327 5751 3466 5805 ante
3519 5746 3660 5804 Ger-

243 5817 644 5885 celebratiohe
670 5824 812 5896 agit.
1059 5817 1083 5824 “
2004 5834 2258 5879 manum
2288 5817 2622 5880 secundum
2651 5817 2786 5880 fuit.
