  <div class='ocr_page' id='page_1' title='image "/cluster/home/n/w/nwhite01/storage/ocr_20150623/102/hvd.32044073502155/371.png"; bbox 0 0 4088 6214; ppageno 0'>
   <div class='ocr_carea' id='block_1_1' title="bbox 468 225 2082 288">
    <p class='ocr_par' dir='ltr' id='par_1_1' title="bbox 468 225 2082 288">
     <span class='ocr_line' id='line_1_1' title="bbox 468 225 2082 288; baseline -0.004 0"><span class='ocrx_word' id='word_1_1' title='bbox 468 230 576 288; x_wconf 87' lang='lat'><strong>699</strong></span> <span class='ocrx_word' id='word_1_2' title='bbox 1747 225 1985 283; x_wconf 85' lang='lat' dir='ltr'>PHOTII</span> <span class='ocrx_word' id='word_1_3' title='bbox 2024 225 2082 282; x_wconf 69' lang='lat' dir='ltr'>Pl</span> 
     </span>
    </p>
   </div>
   <div class='ocr_carea' id='block_1_2' title="bbox 2219 225 3833 288">
    <p class='ocr_par' dir='ltr' id='par_1_2' title="bbox 2225 225 3833 285">
     <span class='ocr_line' id='line_1_2' title="bbox 2225 225 3833 285; baseline 0.001 -2"><span class='ocrx_word' id='word_1_4' title='bbox 2225 225 2507 284; x_wconf 75' lang='lat' dir='ltr'>lABCH/E</span> <span class='ocrx_word' id='word_1_5' title='bbox 2546 225 2652 283; x_wconf 80' lang='grc' dir='ltr'>ΟΡ.</span> <span class='ocrx_word' id='word_1_6' title='bbox 3751 229 3833 285; x_wconf 76' lang='grc'>700</span> 
     </span>
    </p>
   </div>
   <div class='ocr_carea' id='block_1_3' title="bbox 468 360 3834 438">
    <p class='ocr_par' dir='ltr' id='par_1_3' title="bbox 468 360 3834 438">
     <span class='ocr_line' id='line_1_3' title="bbox 468 360 3834 438; baseline -0.001 -13"><span class='ocrx_word' id='word_1_7' title='bbox 468 366 745 426; x_wconf 89' lang='lat' dir='ltr'>nationes</span> <span class='ocrx_word' id='word_1_8' title='bbox 773 381 786 422; x_wconf 90' lang='lat'>:</span> <span class='ocrx_word' id='word_1_9' title='bbox 821 367 1000 438; x_wconf 85' lang='lat' dir='ltr'>atque</span> <span class='ocrx_word' id='word_1_10' title='bbox 1023 363 1185 421; x_wconf 90' lang='lat' dir='ltr'>hunc</span> <span class='ocrx_word' id='word_1_11' title='bbox 1211 361 1496 420; x_wconf 89' lang='lat' dir='ltr'>miraculo</span> <span class='ocrx_word' id='word_1_12' title='bbox 1522 361 1666 418; x_wconf 67' lang='lat' dir='ltr'>visae</span> <span class='ocrx_word' id='word_1_13' title='bbox 1689 361 1882 418; x_wconf 90' lang='lat' dir='ltr'>crucis</span> <span class='ocrx_word' id='word_1_14' title='bbox 1920 376 2300 428; x_wconf 89' lang='lat' dir='ltr'>conversum,</span> <span class='ocrx_word' id='word_1_15' title='bbox 2325 365 2381 418; x_wconf 92' lang='lat' dir='ltr'>et</span> <span class='ocrx_word' id='word_1_16' title='bbox 2410 378 2446 418; x_wconf 90' lang='lat' dir='ltr'>a</span> <span class='ocrx_word' id='word_1_17' title='bbox 2473 360 2649 418; x_wconf 89' lang='lat' dir='ltr'>beato</span> <span class='ocrx_word' id='word_1_18' title='bbox 2669 361 2950 420; x_wconf 90' lang='lat' dir='ltr'>Silvestro</span> <span class='ocrx_word' id='word_1_19' title='bbox 2972 378 3077 436; x_wconf 91' lang='lat' dir='ltr'>per</span> <span class='ocrx_word' id='word_1_20' title='bbox 3105 362 3483 437; x_wconf 80' lang='lat' dir='ltr'>baptismatis</span> <span class='ocrx_word' id='word_1_21' title='bbox 3507 377 3683 436; x_wconf 81' lang='lat' dir='ltr'>aquas</span> <span class='ocrx_word' id='word_1_22' title='bbox 3707 362 3834 436; x_wconf 81' lang='lat' dir='ltr'>lepra</span> 
     </span>
    </p>
   </div>
   <div class='ocr_carea' id='block_1_4' title="bbox 469 451 3836 526">
    <p class='ocr_par' dir='ltr' id='par_1_4' title="bbox 469 451 3836 526">
     <span class='ocr_line' id='line_1_4' title="bbox 469 451 3836 526; baseline -0.001 -13"><span class='ocrx_word' id='word_1_23' title='bbox 469 457 852 520; x_wconf 85' lang='lat' dir='ltr'>mundatum,</span> <span class='ocrx_word' id='word_1_24' title='bbox 883 454 1052 510; x_wconf 91' lang='lat' dir='ltr'>illum</span> <span class='ocrx_word' id='word_1_25' title='bbox 1082 469 1222 510; x_wconf 90' lang='lat' dir='ltr'>vero</span> <span class='ocrx_word' id='word_1_26' title='bbox 1255 451 1674 525; x_wconf 68' lang='lat' dir='ltr'>praedicatione</span> <span class='ocrx_word' id='word_1_27' title='bbox 1705 452 1762 507; x_wconf 95' lang='lat' dir='ltr'>S.</span> <span class='ocrx_word' id='word_1_28' title='bbox 1793 451 2054 521; x_wconf 85' lang='lat' dir='ltr'>Gregorii</span> <span class='ocrx_word' id='word_1_29' title='bbox 2083 467 2114 507; x_wconf 94' lang='lat' dir='ltr'><strong>e</strong></span> <span class='ocrx_word' id='word_1_30' title='bbox 2143 451 2424 506; x_wconf 88' lang='lat' dir='ltr'>vitiorum</span> <span class='ocrx_word' id='word_1_31' title='bbox 2451 467 2624 507; x_wconf 70' lang='lat' dir='ltr'>coeno</span> <span class='ocrx_word' id='word_1_32' title='bbox 2649 453 2886 524; x_wconf 79' lang='lat' dir='ltr'>vitaque</span> <span class='ocrx_word' id='word_1_33' title='bbox 2926 453 3191 510; x_wconf 88' lang='lat' dir='ltr'>belluina</span> <span class='ocrx_word' id='word_1_34' title='bbox 3223 458 3489 526; x_wconf 90' lang='lat' dir='ltr'>ereptum</span> <span class='ocrx_word' id='word_1_35' title='bbox 3521 471 3534 505; x_wconf 93' lang='lat'><strong>:</strong></span> <span class='ocrx_word' id='word_1_36' title='bbox 3565 458 3723 524; x_wconf 88' lang='lat' dir='ltr'>atque</span> <span class='ocrx_word' id='word_1_37' title='bbox 3754 453 3836 508; x_wconf 82' lang='lat' dir='ltr'>hos</span> 
     </span>
    </p>
   </div>
   <div class='ocr_carea' id='block_1_5' title="bbox 469 540 3833 615">
    <p class='ocr_par' dir='ltr' id='par_1_5' title="bbox 469 540 3833 615">
     <span class='ocr_line' id='line_1_5' title="bbox 469 540 3833 615; baseline -0.001 -13"><span class='ocrx_word' id='word_1_38' title='bbox 469 545 683 603; x_wconf 91' lang='lat' dir='ltr'>ambos</span> <span class='ocrx_word' id='word_1_39' title='bbox 707 560 874 615; x_wconf 88' lang='lat' dir='ltr'>reges</span> <span class='ocrx_word' id='word_1_40' title='bbox 888 543 1187 613; x_wconf 81' lang='lat' dir='ltr'>religionis</span> <span class='ocrx_word' id='word_1_41' title='bbox 1207 541 1633 598; x_wconf 86' lang='lat' dir='ltr'>communione</span> <span class='ocrx_word' id='word_1_42' title='bbox 1655 541 2134 603; x_wconf 87' lang='lat' dir='ltr'>concordes.suis</span> <span class='ocrx_word' id='word_1_43' title='bbox 2160 556 2654 612; x_wconf 87' lang='lat' dir='ltr'>unumquemque</span> <span class='ocrx_word' id='word_1_44' title='bbox 2669 541 2907 614; x_wconf 89' lang='lat' dir='ltr'>populis</span> <span class='ocrx_word' id='word_1_45' title='bbox 2925 543 3314 600; x_wconf 81' lang='lat' dir='ltr'>orthodoxam</span> <span class='ocrx_word' id='word_1_46' title='bbox 3331 541 3542 599; x_wconf 76' lang='lat' dir='ltr'>Christi</span> <span class='ocrx_word' id='word_1_47' title='bbox 3556 540 3833 598; x_wconf 82' lang='lat' dir='ltr'>doctrinam</span> 
     </span>
    </p>
   </div>
   <div class='ocr_carea' id='block_1_6' title="bbox 469 630 3834 704">
    <p class='ocr_par' dir='ltr' id='par_1_6' title="bbox 469 630 3834 704">
     <span class='ocr_line' id='line_1_6' title="bbox 469 630 3834 704; baseline -0.002 -11"><span class='ocrx_word' id='word_1_48' title='bbox 469 635 825 694; x_wconf 80' lang='lat' dir='ltr'>tradendam</span> <span class='ocrx_word' id='word_1_49' title='bbox 850 650 1088 690; x_wconf 82' lang='lat' dir='ltr'>curasse</span> <span class='ocrx_word' id='word_1_50' title='bbox 1107 635 1168 688; x_wconf 90' lang='lat' dir='ltr'>Et</span> <span class='ocrx_word' id='word_1_51' title='bbox 1184 631 1492 688; x_wconf 86' lang='lat' dir='ltr'>Armenios</span> <span class='ocrx_word' id='word_1_52' title='bbox 1503 631 1751 704; x_wconf 91' lang='lat' dir='ltr'>quidem</span> <span class='ocrx_word' id='word_1_53' title='bbox 1767 631 2064 704; x_wconf 84' lang='lat' dir='ltr'>prioribus</span> <span class='ocrx_word' id='word_1_54' title='bbox 2099 630 2290 686; x_wconf 89' lang='lat' dir='ltr'>tribus</span> <span class='ocrx_word' id='word_1_55' title='bbox 2307 631 2693 687; x_wconf 70' lang='lat' dir='ltr'>oscumenicm</span> <span class='ocrx_word' id='word_1_56' title='bbox 2710 632 3076 689; x_wconf 82' lang='lat' dir='ltr'>auctoritatis</span> <span class='ocrx_word' id='word_1_57' title='bbox 3091 633 3358 689; x_wconf 82' lang='lat' dir='ltr'>conciliis</span> <span class='ocrx_word' id='word_1_58' title='bbox 3376 647 3681 690; x_wconf 86' lang='lat' dir='ltr'>assensum</span> <span class='ocrx_word' id='word_1_59' title='bbox 3699 647 3834 686; x_wconf 85' lang='lat' dir='ltr'>suum</span> 
     </span>
    </p>
   </div>
   <div class='ocr_carea' id='block_1_7' title="bbox 470 719 3834 800">
    <p class='ocr_par' dir='ltr' id='par_1_7' title="bbox 470 719 3834 800">
     <span class='ocr_line' id='line_1_7' title="bbox 470 719 3834 800; baseline -0.002 -18"><span class='ocrx_word' id='word_1_60' title='bbox 470 725 835 800; x_wconf 70' lang='lat' dir='ltr'>praebuisse:</span> <span class='ocrx_word' id='word_1_61' title='bbox 870 722 1084 778; x_wconf 91' lang='lat' dir='ltr'>deinde</span> <span class='ocrx_word' id='word_1_62' title='bbox 1125 727 1323 778; x_wconf 89' lang='lat' dir='ltr'>tamen</span> <span class='ocrx_word' id='word_1_63' title='bbox 1363 721 1586 778; x_wconf 89' lang='lat' dir='ltr'>diaboli</span> <span class='ocrx_word' id='word_1_64' title='bbox 1644 719 1852 778; x_wconf 86' lang='lat' dir='ltr'>fraude</span> <span class='ocrx_word' id='word_1_65' title='bbox 1913 720 2194 793; x_wconf 91' lang='lat' dir='ltr'>deceptos</span> <span class='ocrx_word' id='word_1_66' title='bbox 2233 721 2294 775; x_wconf 94' lang='lat' dir='ltr'>in</span> <span class='ocrx_word' id='word_1_67' title='bbox 2323 719 2664 792; x_wconf 85' lang='lat' dir='ltr'>pestiferam</span> <span class='ocrx_word' id='word_1_68' title='bbox 2706 721 2985 778; x_wconf 62' lang='lat' dir='ltr'>haeresim</span> <span class='ocrx_word' id='word_1_69' title='bbox 3026 723 3324 791; x_wconf 84' lang='lat' dir='ltr'>incidisse,</span> <span class='ocrx_word' id='word_1_70' title='bbox 3368 737 3494 796; x_wconf 89' lang='lat' dir='ltr'>qua</span> <span class='ocrx_word' id='word_1_71' title='bbox 3534 721 3747 778; x_wconf 89' lang='lat' dir='ltr'>unicam</span> <span class='ocrx_word' id='word_1_72' title='bbox 3791 721 3834 776; x_wconf 90' lang='lat' dir='ltr'>in</span> 
     </span>
    </p>
   </div>
   <div class='ocr_carea' id='block_1_8' title="bbox 473 809 3834 875">
    <p class='ocr_par' dir='ltr' id='par_1_8' title="bbox 473 809 3834 875">
     <span class='ocr_line' id='line_1_8' title="bbox 473 809 3834 875; baseline -0.002 -3"><span class='ocrx_word' id='word_1_73' title='bbox 473 815 701 872; x_wconf 87' lang='lat' dir='ltr'>Christo</span> <span class='ocrx_word' id='word_1_74' title='bbox 739 817 1014 870; x_wconf 88' lang='lat' dir='ltr'>naturam</span> <span class='ocrx_word' id='word_1_75' title='bbox 1037 828 1110 868; x_wconf 84' lang='lat' dir='ltr'>ex</span> <span class='ocrx_word' id='word_1_76' title='bbox 1139 813 1358 868; x_wconf 88' lang='lat' dir='ltr'>deitate</span> <span class='ocrx_word' id='word_1_77' title='bbox 1389 817 1443 867; x_wconf 90' lang='lat' dir='ltr'>et</span> <span class='ocrx_word' id='word_1_78' title='bbox 1474 811 1844 868; x_wconf 86' lang='lat' dir='ltr'>humanitate</span> <span class='ocrx_word' id='word_1_79' title='bbox 1865 814 2207 866; x_wconf 89' lang='lat' dir='ltr'>concretam</span> <span class='ocrx_word' id='word_1_80' title='bbox 2239 809 2626 875; x_wconf 85' lang='lat' dir='ltr'>afﬁrmantes,</span> <span class='ocrx_word' id='word_1_81' title='bbox 2655 812 3000 868; x_wconf 85' lang='lat' dir='ltr'>universam</span> <span class='ocrx_word' id='word_1_82' title='bbox 3032 812 3466 869; x_wconf 87' lang='lat' dir='ltr'>incarnationis</span> <span class='ocrx_word' id='word_1_83' title='bbox 3489 810 3834 869; x_wconf 64' lang='lat' dir='ltr'>oeconomiam</span> 
     </span>
    </p>
   </div>
   <div class='ocr_carea' id='block_1_9' title="bbox 469 899 3832 976">
    <p class='ocr_par' dir='ltr' id='par_1_9' title="bbox 469 899 3832 976">
     <span class='ocr_line' id='line_1_9' title="bbox 469 899 3832 976; baseline -0.001 -15"><span class='ocrx_word' id='word_1_84' title='bbox 469 902 1027 976; x_wconf 89' lang='lat' dir='ltr'>pessumdederunt.</span> <span class='ocrx_word' id='word_1_85' title='bbox 1059 901 1150 958; x_wconf 90' lang='lat' dir='ltr'>Sic</span> <span class='ocrx_word' id='word_1_86' title='bbox 1180 901 1344 958; x_wconf 89' lang='lat' dir='ltr'>enim</span> <span class='ocrx_word' id='word_1_87' title='bbox 1375 899 1637 958; x_wconf 87' lang='lat' dir='ltr'>Christus</span> <span class='ocrx_word' id='word_1_88' title='bbox 1665 915 1860 974; x_wconf 90' lang='lat' dir='ltr'>neque</span> <span class='ocrx_word' id='word_1_89' title='bbox 1897 904 2115 955; x_wconf 66' lang='lat' dir='ltr'>aeterno</span> <span class='ocrx_word' id='word_1_90' title='bbox 2136 899 2291 955; x_wconf 90' lang='lat' dir='ltr'>Patri</span> <span class='ocrx_word' id='word_1_91' title='bbox 2317 915 2426 954; x_wconf 91' lang='lat' dir='ltr'>suo</span> <span class='ocrx_word' id='word_1_92' title='bbox 2457 899 2561 972; x_wconf 90' lang='lat' dir='ltr'>qui</span> <span class='ocrx_word' id='word_1_93' title='bbox 2593 899 2738 956; x_wconf 89' lang='lat' dir='ltr'>nihil</span> <span class='ocrx_word' id='word_1_94' title='bbox 2769 901 3162 959; x_wconf 85' lang='lat' dir='ltr'>humanitatis</span> <span class='ocrx_word' id='word_1_95' title='bbox 3196 901 3400 968; x_wconf 89' lang='lat' dir='ltr'>habet,</span> <span class='ocrx_word' id='word_1_96' title='bbox 3433 915 3628 974; x_wconf 90' lang='lat' dir='ltr'>neque</span> <span class='ocrx_word' id='word_1_97' title='bbox 3655 899 3832 968; x_wconf 79' lang='lat' dir='ltr'>Virgini</span> 
     </span>
    </p>
   </div>
   <div class='ocr_carea' id='block_1_10' title="bbox 468 986 3834 1065">
    <p class='ocr_par' dir='ltr' id='par_1_10' title="bbox 468 986 3834 1065">
     <span class='ocr_line' id='line_1_10' title="bbox 468 986 3834 1065; baseline -0.003 -14"><span class='ocrx_word' id='word_1_98' title='bbox 468 994 629 1051; x_wconf 84' lang='lat' dir='ltr'>Matri</span> <span class='ocrx_word' id='word_1_99' title='bbox 659 1007 793 1065; x_wconf 63' lang='lat' dir='ltr'>quas</span> <span class='ocrx_word' id='word_1_100' title='bbox 819 990 1084 1047; x_wconf 88' lang='lat' dir='ltr'>vicissim</span> <span class='ocrx_word' id='word_1_101' title='bbox 1113 991 1346 1046; x_wconf 87' lang='lat' dir='ltr'>deitatis</span> <span class='ocrx_word' id='word_1_102' title='bbox 1374 994 1462 1046; x_wconf 92' lang='lat' dir='ltr'>est</span> <span class='ocrx_word' id='word_1_103' title='bbox 1491 1005 1720 1061; x_wconf 86' lang='lat' dir='ltr'>expers,</span> <span class='ocrx_word' id='word_1_104' title='bbox 1751 988 1898 1044; x_wconf 86' lang='lat' dir='ltr'>foret</span> <span class='ocrx_word' id='word_1_105' title='bbox 1937 986 2478 1044; x_wconf 88' lang='lat' dir='ltr'>consubstantialis.</span> <span class='ocrx_word' id='word_1_106' title='bbox 2523 989 2756 1046; x_wconf 82' lang='lat' dir='ltr'>Frustra</span> <span class='ocrx_word' id='word_1_107' title='bbox 2785 995 2987 1046; x_wconf 89' lang='lat' dir='ltr'>autem</span> <span class='ocrx_word' id='word_1_108' title='bbox 3019 991 3336 1048; x_wconf 86' lang='lat' dir='ltr'>Armenios</span> <span class='ocrx_word' id='word_1_109' title='bbox 3369 989 3654 1061; x_wconf 88' lang='lat' dir='ltr'>objecisse</span> <span class='ocrx_word' id='word_1_110' title='bbox 3677 987 3834 1043; x_wconf 89' lang='lat' dir='ltr'>ortho-</span> 
     </span>
    </p>
   </div>
   <div class='ocr_carea' id='block_1_11' title="bbox 471 1075 3837 1152">
    <p class='ocr_par' dir='ltr' id='par_1_11' title="bbox 471 1075 3837 1152">
     <span class='ocr_line' id='line_1_11' title="bbox 471 1075 3837 1152; baseline -0.002 -14"><span class='ocrx_word' id='word_1_111' title='bbox 471 1080 642 1138; x_wconf 80' lang='lat' dir='ltr'>doxis</span> <span class='ocrx_word' id='word_1_112' title='bbox 667 1080 884 1139; x_wconf 87' lang='lat' dir='ltr'>Christi</span> <span class='ocrx_word' id='word_1_113' title='bbox 913 1079 974 1136; x_wconf 92' lang='lat' dir='ltr'>in</span> <span class='ocrx_word' id='word_1_114' title='bbox 1004 1079 1155 1136; x_wconf 91' lang='lat' dir='ltr'>duos</span> <span class='ocrx_word' id='word_1_115' title='bbox 1185 1079 1580 1136; x_wconf 84' lang='lat' dir='ltr'>divisionem:</span> <span class='ocrx_word' id='word_1_116' title='bbox 1622 1079 1778 1134; x_wconf 90' lang='lat' dir='ltr'>hanc</span> <span class='ocrx_word' id='word_1_117' title='bbox 1804 1077 1965 1134; x_wconf 91' lang='lat' dir='ltr'>enim</span> <span class='ocrx_word' id='word_1_118' title='bbox 1995 1077 2243 1134; x_wconf 86' lang='lat' dir='ltr'>Nestorii</span> <span class='ocrx_word' id='word_1_119' title='bbox 2273 1092 2406 1133; x_wconf 91' lang='lat' dir='ltr'>esse</span> <span class='ocrx_word' id='word_1_120' title='bbox 2437 1075 2902 1150; x_wconf 87' lang='lat' dir='ltr'>blasphemiam,</span> <span class='ocrx_word' id='word_1_121' title='bbox 2936 1095 3118 1152; x_wconf 86' lang='lat' dir='ltr'>quem</span> <span class='ocrx_word' id='word_1_122' title='bbox 3163 1079 3473 1136; x_wconf 89' lang='lat' dir='ltr'>hominem</span> <span class='ocrx_word' id='word_1_123' title='bbox 3497 1077 3668 1134; x_wconf 70' lang='lat' dir='ltr'>Judaei</span> <span class='ocrx_word' id='word_1_124' title='bbox 3691 1077 3837 1132; x_wconf 86' lang='lat' dir='ltr'>instar</span> 
     </span>
    </p>
   </div>
   <div class='ocr_carea' id='block_1_12' title="bbox 469 1165 3834 1240">
    <p class='ocr_par' dir='ltr' id='par_1_12' title="bbox 469 1165 3834 1240">
     <span class='ocr_line' id='line_1_12' title="bbox 469 1165 3834 1240; baseline -0.002 -13"><span class='ocrx_word' id='word_1_125' title='bbox 469 1169 854 1227; x_wconf 79' lang='lat' dir='ltr'>abominetur</span> <span class='ocrx_word' id='word_1_126' title='bbox 877 1167 1152 1225; x_wconf 88' lang='lat' dir='ltr'>Ecclesia.</span> <span class='ocrx_word' id='word_1_127' title='bbox 1183 1169 1272 1225; x_wconf 89' lang='lat' dir='ltr'>Sic</span> <span class='ocrx_word' id='word_1_128' title='bbox 1302 1173 1499 1224; x_wconf 90' lang='lat' dir='ltr'>autem</span> <span class='ocrx_word' id='word_1_129' title='bbox 1529 1165 1822 1240; x_wconf 87' lang='lat' dir='ltr'>separatis</span> <span class='ocrx_word' id='word_1_130' title='bbox 1848 1184 1884 1224; x_wconf 90' lang='lat' dir='ltr'>a</span> <span class='ocrx_word' id='word_1_131' title='bbox 1913 1165 2205 1224; x_wconf 90' lang='lat' dir='ltr'>catholico</span> <span class='ocrx_word' id='word_1_132' title='bbox 2224 1181 2469 1239; x_wconf 89' lang='lat' dir='ltr'>corpore</span> <span class='ocrx_word' id='word_1_133' title='bbox 2495 1167 2806 1232; x_wconf 85' lang='lat' dir='ltr'>Armeniis,</span> <span class='ocrx_word' id='word_1_134' title='bbox 2828 1168 2976 1225; x_wconf 88' lang='lat' dir='ltr'>alias</span> <span class='ocrx_word' id='word_1_135' title='bbox 2994 1169 3248 1225; x_wconf 90' lang='lat' dir='ltr'>subinde</span> <span class='ocrx_word' id='word_1_136' title='bbox 3275 1184 3497 1240; x_wconf 90' lang='lat' dir='ltr'>pravas</span> <span class='ocrx_word' id='word_1_137' title='bbox 3513 1165 3834 1224; x_wconf 88' lang='lat' dir='ltr'>consuetudi-</span> 
     </span>
    </p>
   </div>
   <div class='ocr_carea' id='block_1_13' title="bbox 470 1253 3836 1328">
    <p class='ocr_par' dir='ltr' id='par_1_13' title="bbox 470 1253 3836 1328">
     <span class='ocr_line' id='line_1_13' title="bbox 470 1253 3836 1328; baseline -0.003 -12"><span class='ocrx_word' id='word_1_138' title='bbox 470 1275 596 1326; x_wconf 87' lang='lat' dir='ltr'>nes,</span> <span class='ocrx_word' id='word_1_139' title='bbox 628 1258 1044 1316; x_wconf 67' lang='lat' dir='ltr'>ecclesiasticm</span> <span class='ocrx_word' id='word_1_140' title='bbox 1093 1257 1395 1314; x_wconf 91' lang='lat' dir='ltr'>traditioni</span> <span class='ocrx_word' id='word_1_141' title='bbox 1425 1257 1769 1324; x_wconf 89' lang='lat' dir='ltr'>contrarias,</span> <span class='ocrx_word' id='word_1_142' title='bbox 1803 1256 1956 1313; x_wconf 90' lang='lat' dir='ltr'>inter</span> <span class='ocrx_word' id='word_1_143' title='bbox 1998 1271 2122 1324; x_wconf 90' lang='lat' dir='ltr'>eos,</span> <span class='ocrx_word' id='word_1_144' title='bbox 2158 1259 2219 1311; x_wconf 93' lang='lat' dir='ltr'>ut</span> <span class='ocrx_word' id='word_1_145' title='bbox 2243 1254 2326 1322; x_wconf 92' lang='lat' dir='ltr'>ﬁt,</span> <span class='ocrx_word' id='word_1_146' title='bbox 2359 1255 2712 1328; x_wconf 83' lang='lat' dir='ltr'>Obrepsisse.</span> <span class='ocrx_word' id='word_1_147' title='bbox 2748 1257 2874 1312; x_wconf 72' lang='lat' dir='ltr'>Haec</span> <span class='ocrx_word' id='word_1_148' title='bbox 2906 1273 3015 1313; x_wconf 91' lang='lat' dir='ltr'>nos</span> <span class='ocrx_word' id='word_1_149' title='bbox 3047 1257 3294 1314; x_wconf 86' lang='lat' dir='ltr'>breviter</span> <span class='ocrx_word' id='word_1_150' title='bbox 3339 1258 3612 1322; x_wconf 86' lang='lat' dir='ltr'>diximus,</span> <span class='ocrx_word' id='word_1_151' title='bbox 3650 1271 3766 1328; x_wconf 73' lang='lat' dir='ltr'>qure</span> <span class='ocrx_word' id='word_1_152' title='bbox 3793 1253 3836 1308; x_wconf 91' lang='lat' dir='ltr'>in</span> 
     </span>
    </p>
   </div>
   <div class='ocr_carea' id='block_1_14' title="bbox 470 1341 2084 1420">
    <p class='ocr_par' dir='ltr' id='par_1_14' title="bbox 470 1345 2050 1420">
     <span class='ocr_line' id='line_1_14' title="bbox 470 1345 2050 1420; baseline -0.003 -16"><span class='ocrx_word' id='word_1_153' title='bbox 470 1348 676 1405; x_wconf 67' lang='lat' dir='ltr'>Graeco</span> <span class='ocrx_word' id='word_1_154' title='bbox 708 1353 868 1404; x_wconf 82' lang='lat' dir='ltr'>textu</span> <span class='ocrx_word' id='word_1_155' title='bbox 921 1347 1099 1420; x_wconf 92' lang='lat' dir='ltr'>paulo</span> <span class='ocrx_word' id='word_1_156' title='bbox 1149 1347 1453 1419; x_wconf 84' lang='lat' dir='ltr'>copiosius</span> <span class='ocrx_word' id='word_1_157' title='bbox 1510 1346 1852 1402; x_wconf 90' lang='lat' dir='ltr'>scribuntur</span> <span class='ocrx_word' id='word_1_158' title='bbox 1898 1345 1981 1402; x_wconf 89' lang='lat' dir='ltr'>sic</span> <span class='ocrx_word' id='word_1_159' title='bbox 2037 1363 2050 1400; x_wconf 86' lang='lat'><strong>:</strong></span> 
     </span>
    </p>
   </div>
   <div class='ocr_carea' id='block_1_15' title="bbox 2219 1341 3833 1420">
    <p class='ocr_par' dir='ltr' id='par_1_15' title="bbox 2219 1341 3833 1420">
     <span class='ocr_line' id='line_1_15' title="bbox 2219 1341 3833 1420; baseline -0.002 -23"><span class='ocrx_word' id='word_1_160' title='bbox 2219 1363 2386 1404; x_wconf 67' lang='lat' dir='ltr'>rrnasv</span> <span class='ocrx_word' id='word_1_161' title='bbox 2431 1345 2479 1417; x_wconf 86' lang='grc' dir='ltr'>(ὁ</span> <span class='ocrx_word' id='word_1_162' title='bbox 2515 1341 2780 1408; x_wconf 76' lang='grc' dir='ltr'>διάϐολος)</span> <span class='ocrx_word' id='word_1_163' title='bbox 2816 1345 2916 1399; x_wconf 82' lang='grc' dir='ltr'>ἀπὸ</span> <span class='ocrx_word' id='word_1_164' title='bbox 2966 1355 3066 1400; x_wconf 86' lang='grc' dir='ltr'>τῶν</span> <span class='ocrx_word' id='word_1_165' title='bbox 3117 1351 3382 1420; x_wconf 85' lang='grc' dir='ltr'>Ῥωμαίων</span> <span class='ocrx_word' id='word_1_166' title='bbox 3431 1349 3547 1407; x_wconf 83' lang='grc' dir='ltr'>τούς</span> <span class='ocrx_word' id='word_1_167' title='bbox 3588 1345 3833 1417; x_wconf 80' lang='grc' dir='ltr'>’Δρμενίονς</span> 
     </span>
    </p>
   </div>
   <div class='ocr_carea' id='block_1_16' title="bbox 473 1432 3840 1512">
    <p class='ocr_par' dir='ltr' id='par_1_16' title="bbox 473 1432 3840 1512">
     <span class='ocr_line' id='line_1_16' title="bbox 473 1432 3840 1512; baseline -0.003 -21"><span class='ocrx_word' id='word_1_168' title='bbox 473 1435 674 1511; x_wconf 77' lang='grc' dir='ltr'>ἀδελφὰ</span> <span class='ocrx_word' id='word_1_169' title='bbox 715 1445 1022 1510; x_wconf 76' lang='grc' dir='ltr'>φρονοῦντας</span> <span class='ocrx_word' id='word_1_170' title='bbox 1060 1440 1118 1489; x_wconf 85' lang='grc' dir='ltr'>τό</span> <span class='ocrx_word' id='word_1_171' title='bbox 1158 1442 1424 1512; x_wconf 90' lang='grc' dir='ltr'>πρότερον,</span> <span class='ocrx_word' id='word_1_172' title='bbox 1472 1436 1530 1490; x_wconf 85' lang='grc' dir='ltr'>ού</span> <span class='ocrx_word' id='word_1_173' title='bbox 1575 1432 1857 1489; x_wconf 78' lang='grc' dir='ltr'>διάστασιν</span> <span class='ocrx_word' id='word_1_174' title='bbox 1907 1439 2203 1508; x_wconf 79' lang='grc' dir='ltr'>σωματικὴν</span> <span class='ocrx_word' id='word_1_175' title='bbox 2247 1434 2455 1506; x_wconf 88' lang='grc' dir='ltr'>(μικρὸν</span> <span class='ocrx_word' id='word_1_176' title='bbox 2502 1437 2603 1509; x_wconf 77' lang='grc' dir='ltr'>γὰρ</span> <span class='ocrx_word' id='word_1_177' title='bbox 2635 1439 2782 1488; x_wconf 89' lang='grc' dir='ltr'>τουτὶ</span> <span class='ocrx_word' id='word_1_178' title='bbox 2835 1439 2891 1488; x_wconf 88' lang='grc' dir='ltr'>τό</span> <span class='ocrx_word' id='word_1_179' title='bbox 2942 1433 3228 1508; x_wconf 83' lang='grc' dir='ltr'>ἀδίκημα),</span> <span class='ocrx_word' id='word_1_180' title='bbox 3286 1435 3416 1489; x_wconf 76' lang='grc' dir='ltr'>ἀλλὰ</span> <span class='ocrx_word' id='word_1_181' title='bbox 3465 1435 3708 1507; x_wconf 75' lang='grc' dir='ltr'>ψυχικήν·</span> <span class='ocrx_word' id='word_1_182' title='bbox 3750 1451 3840 1484; x_wconf 85' lang='grc' dir='ltr'>σνν-</span> 
     </span>
    </p>
   </div>
   <div class='ocr_carea' id='block_1_17' title="bbox 475 1521 3836 1602">
    <p class='ocr_par' dir='ltr' id='par_1_17' title="bbox 475 1521 3836 1602">
     <span class='ocr_line' id='line_1_17' title="bbox 475 1521 3836 1602; baseline -0.003 -21"><span class='ocrx_word' id='word_1_183' title='bbox 475 1523 723 1586; x_wconf 83' lang='grc' dir='ltr'>διέστησε</span> <span class='ocrx_word' id='word_1_184' title='bbox 773 1524 832 1580; x_wconf 72' lang='grc' dir='ltr'>δὲ</span> <span class='ocrx_word' id='word_1_185' title='bbox 879 1531 969 1579; x_wconf 84' lang='grc' dir='ltr'>καὶ</span> <span class='ocrx_word' id='word_1_186' title='bbox 1009 1525 1110 1579; x_wconf 80' lang='grc' dir='ltr'>ἀπὸ</span> <span class='ocrx_word' id='word_1_187' title='bbox 1165 1533 1421 1601; x_wconf 82' lang='grc' dir='ltr'>Χριστοῦ,</span> <span class='ocrx_word' id='word_1_188' title='bbox 1469 1525 1574 1598; x_wconf 86' lang='grc' dir='ltr'>ούχ</span> <span class='ocrx_word' id='word_1_189' title='bbox 1623 1526 1703 1578; x_wconf 85' lang='grc' dir='ltr'>ὅτι</span> <span class='ocrx_word' id='word_1_190' title='bbox 1767 1521 2045 1577; x_wconf 82' lang='grc' dir='ltr'>διιστῶσιν</span> <span class='ocrx_word' id='word_1_191' title='bbox 2098 1523 2247 1577; x_wconf 76' lang='grc' dir='ltr'>αὐτοὶ</span> <span class='ocrx_word' id='word_1_192' title='bbox 2295 1523 2366 1586; x_wconf 85' lang='grc' dir='ltr'>εἰς</span> <span class='ocrx_word' id='word_1_193' title='bbox 2433 1528 2698 1598; x_wconf 77' lang='grc' dir='ltr'>Χριστούς</span> <span class='ocrx_word' id='word_1_194' title='bbox 2757 1522 2854 1578; x_wconf 82' lang='grc' dir='ltr'>δύο</span> <span class='ocrx_word' id='word_1_195' title='bbox 2912 1529 2998 1579; x_wconf 87' lang='grc' dir='ltr'>τόν</span> <span class='ocrx_word' id='word_1_196' title='bbox 3055 1527 3142 1580; x_wconf 81' lang='grc' dir='ltr'>ἕνα</span> <span class='ocrx_word' id='word_1_197' title='bbox 3193 1528 3426 1602; x_wconf 79' lang='grc' dir='ltr'>Χριστόν</span> <span class='ocrx_word' id='word_1_198' title='bbox 3467 1525 3632 1596; x_wconf 86' lang='grc' dir='ltr'>(τοῦτο</span> <span class='ocrx_word' id='word_1_199' title='bbox 3675 1523 3761 1596; x_wconf 69' lang='grc' dir='ltr'>γὰρ</span> <span class='ocrx_word' id='word_1_200' title='bbox 3794 1522 3836 1572; x_wconf 81' lang='grc' dir='ltr'>τὸ</span> 
     </span>
    </p>
   </div>
   <div class='ocr_carea' id='block_1_18' title="bbox 477 1613 3840 1688">
    <p class='ocr_par' dir='ltr' id='par_1_18' title="bbox 477 1613 3840 1688">
     <span class='ocr_line' id='line_1_18' title="bbox 477 1613 3840 1688; baseline -0.002 -19"><span class='ocrx_word' id='word_1_201' title='bbox 477 1613 657 1688; x_wconf 72' lang='grc' dir='ltr'>δόγμα</span> <span class='ocrx_word' id='word_1_202' title='bbox 701 1624 801 1669; x_wconf 88' lang='grc' dir='ltr'>τσῦ</span> <span class='ocrx_word' id='word_1_203' title='bbox 849 1615 1207 1688; x_wconf 78' lang='grc' dir='ltr'>ἀντικειμένως</span> <span class='ocrx_word' id='word_1_204' title='bbox 1257 1617 1472 1688; x_wconf 83' lang='grc' dir='ltr'>ἔχοντος</span> <span class='ocrx_word' id='word_1_205' title='bbox 1524 1619 1654 1688; x_wconf 83' lang='grc' dir='ltr'>πρὸς</span> <span class='ocrx_word' id='word_1_206' title='bbox 1698 1613 1884 1676; x_wconf 82' lang='grc' dir='ltr'>αύτούς</span> <span class='ocrx_word' id='word_1_207' title='bbox 1948 1617 2258 1687; x_wconf 86' lang='grc' dir='ltr'>Νεστορίου,</span> <span class='ocrx_word' id='word_1_208' title='bbox 2317 1615 2370 1666; x_wconf 90' lang='grc' dir='ltr'>ὅν</span> <span class='ocrx_word' id='word_1_209' title='bbox 2422 1617 2511 1666; x_wconf 82' lang='grc' dir='ltr'>καὶ</span> <span class='ocrx_word' id='word_1_210' title='bbox 2559 1615 2706 1686; x_wconf 77' lang='grc' dir='ltr'>ἡμεῖς</span> <span class='ocrx_word' id='word_1_211' title='bbox 2754 1613 3036 1687; x_wconf 68' lang='grc' dir='ltr'>όλοψύχως</span> <span class='ocrx_word' id='word_1_212' title='bbox 3093 1614 3377 1688; x_wconf 79' lang='grc' dir='ltr'>ἁναθέματι</span> <span class='ocrx_word' id='word_1_213' title='bbox 3429 1613 3612 1685; x_wconf 80' lang='grc' dir='ltr'>αἰωνίῳ</span> <span class='ocrx_word' id='word_1_214' title='bbox 3660 1613 3840 1664; x_wconf 82' lang='grc' dir='ltr'>καθυπο-</span> 
     </span>
    </p>
   </div>
   <div class='ocr_carea' id='block_1_19' title="bbox 477 1699 3840 1778">
    <p class='ocr_par' dir='ltr' id='par_1_19' title="bbox 477 1699 3840 1778">
     <span class='ocr_line' id='line_1_19' title="bbox 477 1699 3840 1778; baseline -0.002 -20"><span class='ocrx_word' id='word_1_215' title='bbox 477 1704 745 1778; x_wconf 78' lang='grc' dir='ltr'>ϐάλλομεν,</span> <span class='ocrx_word' id='word_1_216' title='bbox 792 1707 856 1766; x_wconf 88' lang='grc' dir='ltr'>ὡς</span> <span class='ocrx_word' id='word_1_217' title='bbox 900 1705 986 1757; x_wconf 79' lang='grc' dir='ltr'>ἕνα</span> <span class='ocrx_word' id='word_1_218' title='bbox 1039 1713 1130 1766; x_wconf 84' lang='grc' dir='ltr'>τῆς</span> <span class='ocrx_word' id='word_1_219' title='bbox 1181 1713 1282 1757; x_wconf 86' lang='grc' dir='ltr'>τῶν</span> <span class='ocrx_word' id='word_1_220' title='bbox 1331 1701 1601 1758; x_wconf 81' lang='grc' dir='ltr'>Ἰουδαίων</span> <span class='ocrx_word' id='word_1_221' title='bbox 1645 1703 1996 1776; x_wconf 69' lang='grc' dir='ltr'>Συναγωγῆς),</span> <span class='ocrx_word' id='word_1_222' title='bbox 2044 1701 2151 1755; x_wconf 78' lang='grc' dir='ltr'>ἀλλ’</span> <span class='ocrx_word' id='word_1_223' title='bbox 2205 1704 2285 1755; x_wconf 87' lang='grc' dir='ltr'>ὅτι</span> <span class='ocrx_word' id='word_1_224' title='bbox 2335 1705 2430 1765; x_wconf 83' lang='grc' dir='ltr'>τὰς</span> <span class='ocrx_word' id='word_1_225' title='bbox 2478 1699 2576 1756; x_wconf 83' lang='grc' dir='ltr'>δύο</span> <span class='ocrx_word' id='word_1_226' title='bbox 2622 1707 2802 1776; x_wconf 74' lang='grc' dir='ltr'>φύσεις</span> <span class='ocrx_word' id='word_1_227' title='bbox 2851 1704 2924 1766; x_wconf 80' lang='grc' dir='ltr'>εἰς</span> <span class='ocrx_word' id='word_1_228' title='bbox 2968 1710 3094 1777; x_wconf 88' lang='grc' dir='ltr'>μίαν</span> <span class='ocrx_word' id='word_1_229' title='bbox 3146 1708 3446 1777; x_wconf 77' lang='grc' dir='ltr'>συγχέουσι</span> <span class='ocrx_word' id='word_1_230' title='bbox 3492 1702 3750 1777; x_wconf 77' lang='grc' dir='ltr'>τολμηρῶς·</span> <span class='ocrx_word' id='word_1_231' title='bbox 3789 1701 3840 1760; x_wconf 65' lang='grc' dir='ltr'>’ὃς</span> 
     </span>
    </p>
   </div>
   <div class='ocr_carea' id='block_1_20' title="bbox 479 1789 3837 1869">
    <p class='ocr_par' dir='ltr' id='par_1_20' title="bbox 479 1789 3837 1869">
     <span class='ocr_line' id='line_1_20' title="bbox 479 1789 3837 1869; baseline -0.001 -23"><span class='ocrx_word' id='word_1_232' title='bbox 479 1798 608 1867; x_wconf 79' lang='grc' dir='ltr'>μήτε</span> <span class='ocrx_word' id='word_1_233' title='bbox 654 1802 726 1866; x_wconf 81' lang='grc' dir='ltr'>τῷ</span> <span class='ocrx_word' id='word_1_234' title='bbox 791 1799 1081 1868; x_wconf 85' lang='grc' dir='ltr'>προαιωνίῳ</span> <span class='ocrx_word' id='word_1_235' title='bbox 1141 1799 1326 1869; x_wconf 84' lang='grc' dir='ltr'>Πατρὶ,</span> <span class='ocrx_word' id='word_1_236' title='bbox 1374 1799 1500 1867; x_wconf 81' lang='grc' dir='ltr'>μήτε</span> <span class='ocrx_word' id='word_1_237' title='bbox 1564 1801 1625 1867; x_wconf 75' lang='grc' dir='ltr'>τῇ</span> <span class='ocrx_word' id='word_1_238' title='bbox 1701 1795 2001 1867; x_wconf 83' lang='grc' dir='ltr'>ύποχρονίῳ</span> <span class='ocrx_word' id='word_1_239' title='bbox 2060 1796 2237 1867; x_wconf 84' lang='grc' dir='ltr'>Μητρὶ</span> <span class='ocrx_word' id='word_1_240' title='bbox 2307 1793 2584 1864; x_wconf 87' lang='grc' dir='ltr'>όμοούσιον</span> <span class='ocrx_word' id='word_1_241' title='bbox 2637 1795 2869 1846; x_wconf 82' lang='grc' dir='ltr'>νοεῖσθαι</span> <span class='ocrx_word' id='word_1_242' title='bbox 2924 1799 3016 1847; x_wconf 83' lang='grc' dir='ltr'>καὶ</span> <span class='ocrx_word' id='word_1_243' title='bbox 3071 1802 3284 1867; x_wconf 75' lang='grc' dir='ltr'>συμφυῆ</span> <span class='ocrx_word' id='word_1_244' title='bbox 3327 1797 3415 1846; x_wconf 86' lang='grc' dir='ltr'>τόν</span> <span class='ocrx_word' id='word_1_245' title='bbox 3473 1795 3604 1847; x_wconf 85' lang='grc' dir='ltr'>Υἱόν·</span> <span class='ocrx_word' id='word_1_246' title='bbox 3650 1789 3837 1860; x_wconf 71' lang='grc' dir='ltr'>οὔτεγὰρ</span> 
     </span>
    </p>
   </div>
   <div class='ocr_carea' id='block_1_21' title="bbox 479 1878 3838 1959">
    <p class='ocr_par' dir='ltr' id='par_1_21' title="bbox 479 1878 3838 1959">
     <span class='ocr_line' id='line_1_21' title="bbox 479 1878 3838 1959; baseline -0.002 -23"><span class='ocrx_word' id='word_1_247' title='bbox 479 1883 536 1936; x_wconf 78' lang='grc' dir='ltr'>ἐκ</span> <span class='ocrx_word' id='word_1_248' title='bbox 566 1885 798 1945; x_wconf 77' lang='grc' dir='ltr'>θεότητος</span> <span class='ocrx_word' id='word_1_249' title='bbox 847 1888 933 1937; x_wconf 81' lang='grc' dir='ltr'>καὶ</span> <span class='ocrx_word' id='word_1_250' title='bbox 979 1883 1376 1957; x_wconf 83' lang='grc' dir='ltr'>ὰνθρωπότητος</span> <span class='ocrx_word' id='word_1_251' title='bbox 1421 1885 1446 1936; x_wconf 88' lang='grc' dir='ltr'>ό</span> <span class='ocrx_word' id='word_1_252' title='bbox 1524 1887 1728 1959; x_wconf 79' lang='grc' dir='ltr'>Πατὴρ,</span> <span class='ocrx_word' id='word_1_253' title='bbox 1775 1882 1886 1935; x_wconf 78' lang='grc' dir='ltr'>οὔθ’</span> <span class='ocrx_word' id='word_1_254' title='bbox 1929 1881 1960 1940; x_wconf 80' lang='grc' dir='ltr'><strong>ἠ</strong></span> <span class='ocrx_word' id='word_1_255' title='bbox 2014 1886 2203 1957; x_wconf 81' lang='grc' dir='ltr'>Μήτηρ</span> <span class='ocrx_word' id='word_1_256' title='bbox 2247 1884 2486 1940; x_wconf 82' lang='grc' dir='ltr'>τοιαύτη·</span> <span class='ocrx_word' id='word_1_257' title='bbox 2543 1878 2624 1935; x_wconf 82' lang='grc' dir='ltr'>δεῖ</span> <span class='ocrx_word' id='word_1_258' title='bbox 2678 1879 2737 1935; x_wconf 67' lang='grc' dir='ltr'>δε</span> <span class='ocrx_word' id='word_1_259' title='bbox 2788 1891 2902 1946; x_wconf 90' lang='grc' dir='ltr'>τοῖς</span> <span class='ocrx_word' id='word_1_260' title='bbox 2945 1882 3109 1958; x_wconf 78' lang='grc' dir='ltr'>ὀρθῶς</span> <span class='ocrx_word' id='word_1_261' title='bbox 3161 1891 3438 1958; x_wconf 79' lang='grc' dir='ltr'>φρονοῦσιν</span> <span class='ocrx_word' id='word_1_262' title='bbox 3489 1883 3674 1955; x_wconf 76' lang='grc' dir='ltr'>όμοφυῆ</span> <span class='ocrx_word' id='word_1_263' title='bbox 3725 1885 3838 1931; x_wconf 76' lang='grc' dir='ltr'>τοῦτο</span> 
     </span>
    </p>
   </div>
   <div class='ocr_carea' id='block_1_22' title="bbox 477 1966 3838 2048">
    <p class='ocr_par' dir='ltr' id='par_1_22' title="bbox 477 1966 3838 2048">
     <span class='ocr_line' id='line_1_22' title="bbox 477 1966 3838 2048; baseline -0.002 -22"><span class='ocrx_word' id='word_1_264' title='bbox 477 1976 751 2046; x_wconf 72' lang='grc' dir='ltr'>κηρύττειν</span> <span class='ocrx_word' id='word_1_265' title='bbox 801 1982 871 2045; x_wconf 83' lang='grc' dir='ltr'>τῷ</span> <span class='ocrx_word' id='word_1_266' title='bbox 949 1978 1113 2048; x_wconf 81' lang='grc' dir='ltr'>Πατρὶ</span> <span class='ocrx_word' id='word_1_267' title='bbox 1187 1977 1277 2026; x_wconf 85' lang='grc' dir='ltr'>καὶ</span> <span class='ocrx_word' id='word_1_268' title='bbox 1337 1975 1482 2046; x_wconf 73' lang='grc' dir='ltr'>ἡμῖν’</span> <span class='ocrx_word' id='word_1_269' title='bbox 1537 1972 1595 2026; x_wconf 90' lang='grc' dir='ltr'>ού</span> <span class='ocrx_word' id='word_1_270' title='bbox 1647 1973 2054 2047; x_wconf 78' lang='grc' dir='ltr'>κηρυχθήσεται</span> <span class='ocrx_word' id='word_1_271' title='bbox 2097 1966 2157 2024; x_wconf 73' lang='grc' dir='ltr'>δε</span> <span class='ocrx_word' id='word_1_272' title='bbox 2209 1970 2392 2036; x_wconf 74' lang='grc' dir='ltr'>οὕτως,</span> <span class='ocrx_word' id='word_1_273' title='bbox 2425 1973 2562 2046; x_wconf 81' lang='grc' dir='ltr'>εἴπερ</span> <span class='ocrx_word' id='word_1_274' title='bbox 2616 1973 2672 2024; x_wconf 84' lang='grc' dir='ltr'>αἱ</span> <span class='ocrx_word' id='word_1_275' title='bbox 2725 1968 2822 2025; x_wconf 85' lang='grc' dir='ltr'>δύο</span> <span class='ocrx_word' id='word_1_276' title='bbox 2897 1975 3076 2045; x_wconf 79' lang='grc' dir='ltr'>φύσεις</span> <span class='ocrx_word' id='word_1_277' title='bbox 3153 1972 3220 2034; x_wconf 84' lang='grc' dir='ltr'>εἰς</span> <span class='ocrx_word' id='word_1_278' title='bbox 3287 1977 3413 2045; x_wconf 88' lang='grc' dir='ltr'>μίαν</span> <span class='ocrx_word' id='word_1_279' title='bbox 3451 1973 3707 2048; x_wconf 87' lang='grc' dir='ltr'>κραθεῖσαι</span> <span class='ocrx_word' id='word_1_280' title='bbox 3749 1985 3838 2019; x_wconf 54' lang='lat' dir='ltr'>om.</span> 
     </span>
    </p>
   </div>
   <div class='ocr_carea' id='block_1_23' title="bbox 481 2056 3834 2138">
    <p class='ocr_par' dir='ltr' id='par_1_23' title="bbox 481 2056 3834 2138">
     <span class='ocr_line' id='line_1_23' title="bbox 481 2056 3834 2138; baseline -0.001 -24"><span class='ocrx_word' id='word_1_281' title='bbox 481 2065 804 2135; x_wconf 68' lang='grc' dir='ltr'>ἠνέχθησαν,</span> <span class='ocrx_word' id='word_1_282' title='bbox 837 2061 944 2114; x_wconf 75' lang='grc' dir='ltr'>ἀλλ’</span> <span class='ocrx_word' id='word_1_283' title='bbox 975 2065 1019 2116; x_wconf 88' lang='grc' dir='ltr'>εί</span> <span class='ocrx_word' id='word_1_284' title='bbox 1071 2063 1323 2124; x_wconf 72' lang='grc' dir='ltr'>σῴζοιντο</span> <span class='ocrx_word' id='word_1_285' title='bbox 1374 2061 1676 2135; x_wconf 76' lang='grc' dir='ltr'>ἀσύγχυτοι</span> <span class='ocrx_word' id='word_1_286' title='bbox 1727 2060 1774 2114; x_wconf 71' lang='grc' dir='ltr'>ἓν</span> <span class='ocrx_word' id='word_1_287' title='bbox 1826 2068 1897 2113; x_wconf 85' lang='grc' dir='ltr'>τῶ</span> <span class='ocrx_word' id='word_1_288' title='bbox 1928 2059 2068 2132; x_wconf 85' lang='grc' dir='ltr'>αύτῷ</span> <span class='ocrx_word' id='word_1_289' title='bbox 2124 2064 2213 2112; x_wconf 84' lang='grc' dir='ltr'>καὶ</span> <span class='ocrx_word' id='word_1_290' title='bbox 2269 2059 2340 2113; x_wconf 73' lang='grc' dir='ltr'>ἑνὶ</span> <span class='ocrx_word' id='word_1_291' title='bbox 2377 2067 2612 2135; x_wconf 84' lang='grc' dir='ltr'>Χριστῷ·</span> <span class='ocrx_word' id='word_1_292' title='bbox 2657 2061 2789 2119; x_wconf 85' lang='grc' dir='ltr'>αύτη</span> <span class='ocrx_word' id='word_1_293' title='bbox 2830 2064 2921 2134; x_wconf 74' lang='grc' dir='ltr'>μὶν</span> <span class='ocrx_word' id='word_1_294' title='bbox 2965 2068 3146 2138; x_wconf 84' lang='grc' dir='ltr'>πρώτη</span> <span class='ocrx_word' id='word_1_295' title='bbox 3214 2061 3364 2115; x_wconf 87' lang='grc' dir='ltr'>αἰτία</span> <span class='ocrx_word' id='word_1_296' title='bbox 3414 2069 3506 2122; x_wconf 80' lang='grc' dir='ltr'>τῆς</span> <span class='ocrx_word' id='word_1_297' title='bbox 3549 2056 3834 2116; x_wconf 77' lang='grc' dir='ltr'>διαστάσεως·</span> 
     </span>
    </p>
   </div>
   <div class='ocr_carea' id='block_1_24' title="bbox 478 2145 3838 2228">
    <p class='ocr_par' dir='ltr' id='par_1_24' title="bbox 478 2145 3838 2228">
     <span class='ocr_line' id='line_1_24' title="bbox 478 2145 3838 2228; baseline -0.003 -22"><span class='ocrx_word' id='word_1_298' title='bbox 478 2158 569 2206; x_wconf 84' lang='grc' dir='ltr'>καὶ</span> <span class='ocrx_word' id='word_1_299' title='bbox 623 2160 718 2216; x_wconf 83' lang='grc' dir='ltr'>τῆς</span> <span class='ocrx_word' id='word_1_300' title='bbox 756 2160 935 2214; x_wconf 81' lang='grc' dir='ltr'>κοινῆς</span> <span class='ocrx_word' id='word_1_301' title='bbox 990 2151 1256 2226; x_wconf 84' lang='grc' dir='ltr'>όλομελίας</span> <span class='ocrx_word' id='word_1_302' title='bbox 1307 2155 1366 2206; x_wconf 88' lang='grc' dir='ltr'>τό</span> <span class='ocrx_word' id='word_1_303' title='bbox 1427 2152 1582 2204; x_wconf 82' lang='grc' dir='ltr'>καλὸν</span> <span class='ocrx_word' id='word_1_304' title='bbox 1625 2158 1774 2204; x_wconf 90' lang='grc' dir='ltr'>τοῦτο</span> <span class='ocrx_word' id='word_1_305' title='bbox 1827 2149 1974 2222; x_wconf 81' lang='grc' dir='ltr'>μέλος</span> <span class='ocrx_word' id='word_1_306' title='bbox 2029 2157 2128 2202; x_wconf 84' lang='grc' dir='ltr'>τῶν</span> <span class='ocrx_word' id='word_1_307' title='bbox 2188 2151 2468 2223; x_wconf 80' lang='grc' dir='ltr'>Ἀρμενίων</span> <span class='ocrx_word' id='word_1_308' title='bbox 2525 2148 2780 2204; x_wconf 68' lang='grc' dir='ltr'>ἀποκοπέν</span> <span class='ocrx_word' id='word_1_309' title='bbox 2832 2153 3038 2226; x_wconf 72' lang='grc' dir='ltr'>μακρὰν</span> <span class='ocrx_word' id='word_1_310' title='bbox 3121 2149 3404 2228; x_wconf 73' lang='grc' dir='ltr'>ἀπερρίφη·</span> <span class='ocrx_word' id='word_1_311' title='bbox 3457 2151 3600 2224; x_wconf 80' lang='grc' dir='ltr'>μέλος</span> <span class='ocrx_word' id='word_1_312' title='bbox 3652 2145 3703 2202; x_wconf 67' lang='grc' dir='ltr'>δὲ</span> <span class='ocrx_word' id='word_1_313' title='bbox 3764 2149 3838 2197; x_wconf 77' lang='grc' dir='ltr'>πᾶν</span> 
     </span>
    </p>
   </div>
   <div class='ocr_carea' id='block_1_25' title="bbox 480 2230 3840 2316">
    <p class='ocr_par' dir='ltr' id='par_1_25' title="bbox 480 2230 3840 2316">
     <span class='ocr_line' id='line_1_25' title="bbox 480 2230 3840 2316; baseline -0.003 -22"><span class='ocrx_word' id='word_1_314' title='bbox 480 2251 576 2304; x_wconf 79' lang='grc' dir='ltr'>τῆς</span> <span class='ocrx_word' id='word_1_315' title='bbox 629 2241 870 2304; x_wconf 86' lang='grc' dir='ltr'>ὁλότητος</span> <span class='ocrx_word' id='word_1_316' title='bbox 915 2240 1184 2316; x_wconf 72' lang='grc' dir='ltr'>ἐκτμηθεν,</span> <span class='ocrx_word' id='word_1_317' title='bbox 1247 2240 1455 2302; x_wconf 80' lang='grc' dir='ltr'>πολλοῖς</span> <span class='ocrx_word' id='word_1_318' title='bbox 1496 2240 1954 2316; x_wconf 76' lang='grc' dir='ltr'>περιστοιχίζεται</span> <span class='ocrx_word' id='word_1_319' title='bbox 2014 2240 2147 2312; x_wconf 85' lang='grc' dir='ltr'>μετὰ</span> <span class='ocrx_word' id='word_1_320' title='bbox 2197 2241 2290 2298; x_wconf 77' lang='grc' dir='ltr'>τὴν</span> <span class='ocrx_word' id='word_1_321' title='bbox 2338 2237 2557 2312; x_wconf 75' lang='grc' dir='ltr'>ἕκτομὴν</span> <span class='ocrx_word' id='word_1_322' title='bbox 2628 2247 2740 2303; x_wconf 88' lang='grc' dir='ltr'>τοῖς</span> <span class='ocrx_word' id='word_1_323' title='bbox 2791 2247 2992 2306; x_wconf 78' lang='grc' dir='ltr'>κακοῖς,</span> <span class='ocrx_word' id='word_1_324' title='bbox 3069 2241 3386 2314; x_wconf 80' lang='grc' dir='ltr'>μελαίνεται,</span> <span class='ocrx_word' id='word_1_325' title='bbox 3458 2245 3681 2303; x_wconf 78' lang='grc' dir='ltr'>σήπεται,</span> <span class='ocrx_word' id='word_1_326' title='bbox 3737 2230 3840 2286; x_wconf 77' lang='grc' dir='ltr'>δυσ-</span> 
     </span>
    </p>
   </div>
   <div class='ocr_carea' id='block_1_26' title="bbox 486 2325 3841 2406">
    <p class='ocr_par' dir='ltr' id='par_1_26' title="bbox 486 2325 3841 2406">
     <span class='ocr_line' id='line_1_26' title="bbox 486 2325 3841 2406; baseline -0.001 -22"><span class='ocrx_word' id='word_1_327' title='bbox 486 2327 650 2394; x_wconf 83' lang='grc' dir='ltr'>ωδίας</span> <span class='ocrx_word' id='word_1_328' title='bbox 716 2330 982 2404; x_wconf 77' lang='grc' dir='ltr'>ἕκπέμπει,</span> <span class='ocrx_word' id='word_1_329' title='bbox 1033 2330 1307 2394; x_wconf 74' lang='grc' dir='ltr'>σκώληκας</span> <span class='ocrx_word' id='word_1_330' title='bbox 1354 2329 1682 2403; x_wconf 78' lang='grc' dir='ltr'>αναϐράττει·</span> <span class='ocrx_word' id='word_1_331' title='bbox 1739 2327 1797 2381; x_wconf 88' lang='grc' dir='ltr'>ού</span> <span class='ocrx_word' id='word_1_332' title='bbox 1872 2331 1972 2402; x_wconf 71' lang='grc' dir='ltr'>γὰρ</span> <span class='ocrx_word' id='word_1_333' title='bbox 2046 2327 2128 2381; x_wconf 81' lang='grc' dir='ltr'>ἐπὶ</span> <span class='ocrx_word' id='word_1_334' title='bbox 2185 2332 2314 2402; x_wconf 74' lang='grc' dir='ltr'>μόνῃ</span> <span class='ocrx_word' id='word_1_335' title='bbox 2387 2336 2449 2402; x_wconf 74' lang='grc' dir='ltr'>τῇ</span> <span class='ocrx_word' id='word_1_336' title='bbox 2510 2333 2688 2404; x_wconf 73' lang='grc' dir='ltr'>πρώτῃ</span> <span class='ocrx_word' id='word_1_337' title='bbox 2768 2330 2965 2405; x_wconf 75' lang='grc' dir='ltr'>αἱρέσει</span> <span class='ocrx_word' id='word_1_338' title='bbox 3017 2331 3046 2389; x_wconf 81' lang='grc' dir='ltr'><strong>ἠ</strong></span> <span class='ocrx_word' id='word_1_339' title='bbox 3115 2338 3214 2383; x_wconf 86' lang='grc' dir='ltr'>τῶν</span> <span class='ocrx_word' id='word_1_340' title='bbox 3275 2330 3554 2406; x_wconf 86' lang='grc' dir='ltr'>Ἀρμενίων</span> <span class='ocrx_word' id='word_1_341' title='bbox 3616 2325 3841 2382; x_wconf 71' lang='grc' dir='ltr'>Ἐκκλησία</span> 
     </span>
    </p>
   </div>
   <div class='ocr_carea' id='block_1_27' title="bbox 481 2415 3368 2494">
    <p class='ocr_par' dir='ltr' id='par_1_27' title="bbox 481 2415 3368 2494">
     <span class='ocr_line' id='line_1_27' title="bbox 481 2415 3368 2494; baseline -0 -21"><span class='ocrx_word' id='word_1_342' title='bbox 481 2424 925 2493; x_wconf 84' lang='grc' dir='ltr'>παραμεμένηκεν,</span> <span class='ocrx_word' id='word_1_343' title='bbox 952 2420 1077 2473; x_wconf 82' lang='grc' dir='ltr'>ἀλλὰ</span> <span class='ocrx_word' id='word_1_344' title='bbox 1099 2425 1188 2472; x_wconf 83' lang='grc' dir='ltr'>καὶ</span> <span class='ocrx_word' id='word_1_345' title='bbox 1208 2421 1356 2493; x_wconf 85' lang='grc' dir='ltr'>ἕτερα</span> <span class='ocrx_word' id='word_1_346' title='bbox 1392 2419 1800 2494; x_wconf 81' lang='grc' dir='ltr'>προσεξεύρηκεν</span> <span class='ocrx_word' id='word_1_347' title='bbox 1831 2419 1948 2476; x_wconf 78' lang='grc' dir='ltr'>ἔθνη</span> <span class='ocrx_word' id='word_1_348' title='bbox 1981 2424 2095 2480; x_wconf 89' lang='grc' dir='ltr'>ταῖς</span> <span class='ocrx_word' id='word_1_349' title='bbox 2136 2415 2603 2480; x_wconf 81' lang='grc' dir='ltr'>ἐκκλησιαστικαῖς</span> <span class='ocrx_word' id='word_1_350' title='bbox 2624 2416 2984 2491; x_wconf 79' lang='grc' dir='ltr'>ἐναντιούμενα</span> <span class='ocrx_word' id='word_1_351' title='bbox 3007 2416 3368 2494; x_wconf 77' lang='grc' dir='ltr'>παραδόσεσι,</span> 
     </span>
    </p>
   </div>
   <div class='ocr_carea' id='block_1_28' title="bbox 553 2500 3837 2581">
    <p class='ocr_par' dir='ltr' id='par_1_28' title="bbox 553 2500 3837 2581">
     <span class='ocr_line' id='line_1_28' title="bbox 553 2500 3837 2581; baseline -0.002 -17"><span class='ocrx_word' id='word_1_352' title='bbox 553 2511 604 2564; x_wconf 75' lang='grc'>4.</span> <span class='ocrx_word' id='word_1_353' title='bbox 632 2509 865 2564; x_wconf 89' lang='lat' dir='ltr'>Transit</span> <span class='ocrx_word' id='word_1_354' title='bbox 895 2525 1033 2566; x_wconf 86' lang='lat' dir='ltr'>mox</span> <span class='ocrx_word' id='word_1_355' title='bbox 1061 2511 1388 2565; x_wconf 89' lang='lat' dir='ltr'>Germanus</span> <span class='ocrx_word' id='word_1_356' title='bbox 1417 2508 1493 2564; x_wconf 91' lang='lat' dir='ltr'>ad</span> <span class='ocrx_word' id='word_1_357' title='bbox 1528 2508 1790 2565; x_wconf 81' lang='lat' dir='ltr'>Haitonis</span> <span class='ocrx_word' id='word_1_358' title='bbox 1817 2507 2234 2563; x_wconf 85' lang='lat' dir='ltr'>Armeniorum</span> <span class='ocrx_word' id='word_1_359' title='bbox 2269 2507 2444 2579; x_wconf 86' lang='lat' dir='ltr'>regis.</span> <span class='ocrx_word' id='word_1_360' title='bbox 2474 2523 2582 2563; x_wconf 88' lang='lat' dir='ltr'>nec</span> <span class='ocrx_word' id='word_1_361' title='bbox 2612 2523 2734 2564; x_wconf 93' lang='lat' dir='ltr'>non</span> <span class='ocrx_word' id='word_1_362' title='bbox 2773 2509 3128 2581; x_wconf 71' lang='lat' dir='ltr'>patriarchas</span> <span class='ocrx_word' id='word_1_363' title='bbox 3149 2507 3506 2566; x_wconf 89' lang='lat' dir='ltr'>eorumdem</span> <span class='ocrx_word' id='word_1_364' title='bbox 3528 2500 3837 2564; x_wconf 83' lang='lat' dir='ltr'>Constantini</span> 
     </span>
    </p>
   </div>
   <div class='ocr_carea' id='block_1_29' title="bbox 483 2591 3838 2668">
    <p class='ocr_par' dir='ltr' id='par_1_29' title="bbox 483 2591 3838 2668">
     <span class='ocr_line' id='line_1_29' title="bbox 483 2591 3838 2668; baseline -0.001 -20"><span class='ocrx_word' id='word_1_365' title='bbox 483 2591 714 2659; x_wconf 81' lang='lat' dir='ltr'>laudes,</span> <span class='ocrx_word' id='word_1_366' title='bbox 748 2593 851 2665; x_wconf 91' lang='lat' dir='ltr'>qui</span> <span class='ocrx_word' id='word_1_367' title='bbox 881 2593 956 2648; x_wconf 91' lang='lat' dir='ltr'>de</span> <span class='ocrx_word' id='word_1_368' title='bbox 981 2592 1372 2650; x_wconf 89' lang='lat' dir='ltr'>instauranda</span> <span class='ocrx_word' id='word_1_369' title='bbox 1401 2592 1533 2650; x_wconf 86' lang='lat' dir='ltr'>ﬁdei</span> <span class='ocrx_word' id='word_1_370' title='bbox 1564 2595 1882 2652; x_wconf 89' lang='lat' dir='ltr'>concordia</span> <span class='ocrx_word' id='word_1_371' title='bbox 1903 2598 2154 2666; x_wconf 88' lang='lat' dir='ltr'>sincero,</span> <span class='ocrx_word' id='word_1_372' title='bbox 2185 2600 2248 2652; x_wconf 89' lang='lat' dir='ltr'>ut</span> <span class='ocrx_word' id='word_1_373' title='bbox 2272 2602 2490 2668; x_wconf 87' lang='lat' dir='ltr'>sperat,</span> <span class='ocrx_word' id='word_1_374' title='bbox 2521 2595 2739 2653; x_wconf 81' lang='lat' dir='ltr'>aﬂ&#39;ectu</span> <span class='ocrx_word' id='word_1_375' title='bbox 2759 2596 3139 2666; x_wconf 88' lang='lat' dir='ltr'>laborabant,</span> <span class='ocrx_word' id='word_1_376' title='bbox 3166 2597 3374 2655; x_wconf 85' lang='lat' dir='ltr'>missis</span> <span class='ocrx_word' id='word_1_377' title='bbox 3403 2597 3480 2654; x_wconf 89' lang='lat' dir='ltr'>ad</span> <span class='ocrx_word' id='word_1_378' title='bbox 3497 2597 3700 2654; x_wconf 69' lang='lat' dir='ltr'>Graecos</span> <span class='ocrx_word' id='word_1_379' title='bbox 3718 2592 3838 2660; x_wconf 81' lang='lat' dir='ltr'>lega-</span> 
     </span>
    </p>
   </div>
   <div class='ocr_carea' id='block_1_30' title="bbox 483 2679 3838 2760">
    <p class='ocr_par' dir='ltr' id='par_1_30' title="bbox 483 2679 3838 2760">
     <span class='ocr_line' id='line_1_30' title="bbox 483 2679 3838 2760; baseline -0.001 -23"><span class='ocrx_word' id='word_1_380' title='bbox 483 2682 556 2738; x_wconf 90' lang='lat' dir='ltr'>tis</span> <span class='ocrx_word' id='word_1_381' title='bbox 583 2681 953 2738; x_wconf 88' lang='lat' dir='ltr'>Theodoreto</span> <span class='ocrx_word' id='word_1_382' title='bbox 999 2682 1363 2753; x_wconf 85' lang='lat' dir='ltr'>hegumeno,</span> <span class='ocrx_word' id='word_1_383' title='bbox 1393 2687 1449 2739; x_wconf 90' lang='lat' dir='ltr'>et</span> <span class='ocrx_word' id='word_1_384' title='bbox 1478 2682 1688 2740; x_wconf 91' lang='lat' dir='ltr'>Bssilio</span> <span class='ocrx_word' id='word_1_385' title='bbox 1721 2686 2056 2742; x_wconf 84' lang='lat' dir='ltr'>monacho:</span> <span class='ocrx_word' id='word_1_386' title='bbox 2090 2701 2214 2758; x_wconf 89' lang='lat' dir='ltr'>qua</span> <span class='ocrx_word' id='word_1_387' title='bbox 2239 2701 2311 2742; x_wconf 85' lang='lat' dir='ltr'>ex</span> <span class='ocrx_word' id='word_1_388' title='bbox 2341 2701 2402 2741; x_wconf 91' lang='lat' dir='ltr'>re</span> <span class='ocrx_word' id='word_1_389' title='bbox 2435 2701 2664 2760; x_wconf 88' lang='lat' dir='ltr'>speque</span> <span class='ocrx_word' id='word_1_390' title='bbox 2715 2687 3044 2743; x_wconf 85' lang='lat' dir='ltr'>Germanus</span> <span class='ocrx_word' id='word_1_391' title='bbox 3077 2687 3243 2758; x_wconf 89' lang='lat' dir='ltr'>(sede</span> <span class='ocrx_word' id='word_1_392' title='bbox 3275 2701 3390 2743; x_wconf 87' lang='lat' dir='ltr'>sua</span> <span class='ocrx_word' id='word_1_393' title='bbox 3431 2691 3567 2742; x_wconf 89' lang='lat' dir='ltr'>tunc</span> <span class='ocrx_word' id='word_1_394' title='bbox 3597 2681 3770 2756; x_wconf 88' lang='lat' dir='ltr'>pulsus</span> <span class='ocrx_word' id='word_1_395' title='bbox 3789 2679 3838 2733; x_wconf 81' lang='lat' dir='ltr'>et</span> 
     </span>
    </p>
   </div>
   <div class='ocr_carea' id='block_1_31' title="bbox 484 2769 3837 2848">
    <p class='ocr_par' dir='ltr' id='par_1_31' title="bbox 484 2769 3837 2848">
     <span class='ocr_line' id='line_1_31' title="bbox 484 2769 3837 2848; baseline -0.002 -21"><span class='ocrx_word' id='word_1_396' title='bbox 484 2770 706 2844; x_wconf 89' lang='lat' dir='ltr'>errans)</span> <span class='ocrx_word' id='word_1_397' title='bbox 732 2769 863 2844; x_wconf 88' lang='lat' dir='ltr'>plus</span> <span class='ocrx_word' id='word_1_398' title='bbox 880 2771 1081 2842; x_wconf 78' lang='lat' dir='ltr'>gaudii</span> <span class='ocrx_word' id='word_1_399' title='bbox 1105 2786 1166 2827; x_wconf 89' lang='lat' dir='ltr'>se</span> <span class='ocrx_word' id='word_1_400' title='bbox 1180 2771 1515 2844; x_wconf 87' lang='lat' dir='ltr'>percepisse</span> <span class='ocrx_word' id='word_1_401' title='bbox 1537 2773 1814 2831; x_wconf 87' lang='lat' dir='ltr'>afﬁrmat.</span> <span class='ocrx_word' id='word_1_402' title='bbox 1844 2791 2029 2848; x_wconf 91' lang='lat' dir='ltr'>quam</span> <span class='ocrx_word' id='word_1_403' title='bbox 2045 2775 2092 2830; x_wconf 90' lang='lat' dir='ltr'>si</span> <span class='ocrx_word' id='word_1_404' title='bbox 2116 2774 2660 2848; x_wconf 88' lang='lat' dir='ltr'>Constantinopolis</span> <span class='ocrx_word' id='word_1_405' title='bbox 2686 2775 3029 2832; x_wconf 88' lang='lat' dir='ltr'>Latinorum</span> <span class='ocrx_word' id='word_1_406' title='bbox 3045 2791 3148 2848; x_wconf 91' lang='lat' dir='ltr'>per</span> <span class='ocrx_word' id='word_1_407' title='bbox 3165 2775 3226 2832; x_wconf 92' lang='lat' dir='ltr'>id</span> <span class='ocrx_word' id='word_1_408' title='bbox 3241 2780 3483 2848; x_wconf 86' lang='lat' dir='ltr'>tempus</span> <span class='ocrx_word' id='word_1_409' title='bbox 3497 2769 3837 2848; x_wconf 88' lang='lat' dir='ltr'>tyrannide,ut</span> 
     </span>
    </p>
   </div>
   <div class='ocr_carea' id='block_1_32' title="bbox 481 2859 3836 2937">
    <p class='ocr_par' dir='ltr' id='par_1_32' title="bbox 481 2859 3836 2937">
     <span class='ocr_line' id='line_1_32' title="bbox 481 2859 3836 2937; baseline -0 -21"><span class='ocrx_word' id='word_1_410' title='bbox 481 2860 583 2929; x_wconf 91' lang='lat' dir='ltr'>ait,</span> <span class='ocrx_word' id='word_1_411' title='bbox 610 2875 918 2933; x_wconf 88' lang='lat' dir='ltr'>oppressa,</span> <span class='ocrx_word' id='word_1_412' title='bbox 945 2859 1023 2918; x_wconf 89' lang='lat' dir='ltr'>ad</span> <span class='ocrx_word' id='word_1_413' title='bbox 1054 2861 1236 2918; x_wconf 66' lang='lat' dir='ltr'>Graeci</span> <span class='ocrx_word' id='word_1_414' title='bbox 1265 2861 1512 2917; x_wconf 69' lang='lat' dir='ltr'>Caesaris</span> <span class='ocrx_word' id='word_1_415' title='bbox 1532 2863 1634 2932; x_wconf 89' lang='lat' dir='ltr'>jus</span> <span class='ocrx_word' id='word_1_416' title='bbox 1670 2878 1904 2920; x_wconf 90' lang='lat' dir='ltr'>reversa</span> <span class='ocrx_word' id='word_1_417' title='bbox 1935 2864 2163 2920; x_wconf 87' lang='lat' dir='ltr'>fuisset.</span> <span class='ocrx_word' id='word_1_418' title='bbox 2197 2864 2374 2920; x_wconf 89' lang='lat' dir='ltr'>Porro</span> <span class='ocrx_word' id='word_1_419' title='bbox 2402 2868 2627 2922; x_wconf 89' lang='lat' dir='ltr'>tantam</span> <span class='ocrx_word' id='word_1_420' title='bbox 2652 2881 2714 2920; x_wconf 89' lang='lat' dir='ltr'>se</span> <span class='ocrx_word' id='word_1_421' title='bbox 2747 2865 3088 2937; x_wconf 86' lang='lat' dir='ltr'>suscepisse</span> <span class='ocrx_word' id='word_1_422' title='bbox 3117 2865 3192 2922; x_wconf 91' lang='lat' dir='ltr'>de</span> <span class='ocrx_word' id='word_1_423' title='bbox 3223 2864 3629 2922; x_wconf 81' lang='lat' dir='ltr'>Armeniorum</span> <span class='ocrx_word' id='word_1_424' title='bbox 3645 2869 3836 2917; x_wconf 85' lang='lat' dir='ltr'>conver-</span> 
     </span>
    </p>
   </div>
   <div class='ocr_carea' id='block_1_33' title="bbox 480 2945 3833 3026">
    <p class='ocr_par' dir='ltr' id='par_1_33' title="bbox 480 2945 3833 3026">
     <span class='ocr_line' id='line_1_33' title="bbox 480 2945 3833 3026; baseline -0.001 -22"><span class='ocrx_word' id='word_1_425' title='bbox 480 2947 646 3005; x_wconf 86' lang='lat' dir='ltr'>sione</span> <span class='ocrx_word' id='word_1_426' title='bbox 667 2949 954 3006; x_wconf 87' lang='lat' dir='ltr'>ﬁduciam</span> <span class='ocrx_word' id='word_1_427' title='bbox 983 2950 1142 3017; x_wconf 89' lang='lat' dir='ltr'>dicit,</span> <span class='ocrx_word' id='word_1_428' title='bbox 1173 2955 1256 3016; x_wconf 90' lang='lat' dir='ltr'>ut,</span> <span class='ocrx_word' id='word_1_429' title='bbox 1288 2949 1393 3006; x_wconf 90' lang='lat' dir='ltr'>etsi</span> <span class='ocrx_word' id='word_1_430' title='bbox 1427 2951 1620 3008; x_wconf 89' lang='lat' dir='ltr'>nullas</span> <span class='ocrx_word' id='word_1_431' title='bbox 1641 2968 1678 3009; x_wconf 91' lang='lat' dir='ltr'>a</span> <span class='ocrx_word' id='word_1_432' title='bbox 1705 2951 2008 3010; x_wconf 90' lang='lat' dir='ltr'>Catholico</span> <span class='ocrx_word' id='word_1_433' title='bbox 2037 2958 2335 3026; x_wconf 86' lang='lat' dir='ltr'>receperat</span> <span class='ocrx_word' id='word_1_434' title='bbox 2360 2953 2607 3019; x_wconf 86' lang='lat' dir='ltr'>litteras,</span> <span class='ocrx_word' id='word_1_435' title='bbox 2659 2954 2786 3026; x_wconf 89' lang='lat' dir='ltr'>ipse</span> <span class='ocrx_word' id='word_1_436' title='bbox 2819 2959 3020 3012; x_wconf 89' lang='lat' dir='ltr'>tamen</span> <span class='ocrx_word' id='word_1_437' title='bbox 3045 2955 3228 3011; x_wconf 87' lang='lat' dir='ltr'>fretus</span> <span class='ocrx_word' id='word_1_438' title='bbox 3273 2951 3616 3011; x_wconf 86' lang='lat' dir='ltr'>Antiocheni</span> <span class='ocrx_word' id='word_1_439' title='bbox 3637 2945 3833 3022; x_wconf 84' lang='lat' dir='ltr'>patriar-</span> 
     </span>
    </p>
   </div>
   <div class='ocr_carea' id='block_1_34' title="bbox 484 3037 3833 3115">
    <p class='ocr_par' dir='ltr' id='par_1_34' title="bbox 484 3037 3833 3115">
     <span class='ocr_line' id='line_1_34' title="bbox 484 3037 3833 3115; baseline 0.001 -21"><span class='ocrx_word' id='word_1_440' title='bbox 484 3038 609 3095; x_wconf 67' lang='lat' dir='ltr'>chae</span> <span class='ocrx_word' id='word_1_441' title='bbox 639 3039 998 3109; x_wconf 88' lang='lat' dir='ltr'>testimonio,</span> <span class='ocrx_word' id='word_1_442' title='bbox 1025 3041 1127 3114; x_wconf 92' lang='lat' dir='ltr'>qui</span> <span class='ocrx_word' id='word_1_443' title='bbox 1158 3041 1288 3113; x_wconf 91' lang='lat' dir='ltr'>ejus</span> <span class='ocrx_word' id='word_1_444' title='bbox 1317 3040 1398 3097; x_wconf 88' lang='lat' dir='ltr'>rei</span> <span class='ocrx_word' id='word_1_445' title='bbox 1420 3041 1597 3098; x_wconf 89' lang='lat' dir='ltr'>obses</span> <span class='ocrx_word' id='word_1_446' title='bbox 1624 3047 1771 3106; x_wconf 88' lang='lat' dir='ltr'>erat.</span> <span class='ocrx_word' id='word_1_447' title='bbox 1806 3058 1915 3100; x_wconf 90' lang='lat' dir='ltr'>nec</span> <span class='ocrx_word' id='word_1_448' title='bbox 1947 3059 2065 3100; x_wconf 90' lang='lat' dir='ltr'>non</span> <span class='ocrx_word' id='word_1_449' title='bbox 2093 3043 2441 3100; x_wconf 89' lang='lat' dir='ltr'>Theodoreti</span> <span class='ocrx_word' id='word_1_450' title='bbox 2467 3044 2746 3101; x_wconf 87' lang='lat' dir='ltr'>monachi</span> <span class='ocrx_word' id='word_1_451' title='bbox 2769 3045 3190 3112; x_wconf 88' lang='lat' dir='ltr'>afﬁrmatione,</span> <span class='ocrx_word' id='word_1_452' title='bbox 3212 3043 3522 3115; x_wconf 78' lang='lat' dir='ltr'>negotium</span> <span class='ocrx_word' id='word_1_453' title='bbox 3547 3037 3833 3111; x_wconf 72' lang='lat' dir='ltr'>occepisset.</span> 
     </span>
    </p>
   </div>
   <div class='ocr_carea' id='block_1_35' title="bbox 483 3120 3834 3206">
    <p class='ocr_par' dir='ltr' id='par_1_35' title="bbox 483 3120 3834 3206">
     <span class='ocr_line' id='line_1_35' title="bbox 483 3120 3834 3206; baseline -0.001 -21"><span class='ocrx_word' id='word_1_454' title='bbox 483 3128 668 3185; x_wconf 88' lang='lat' dir='ltr'>misso</span> <span class='ocrx_word' id='word_1_455' title='bbox 694 3128 771 3185; x_wconf 93' lang='lat' dir='ltr'>ad</span> <span class='ocrx_word' id='word_1_456' title='bbox 799 3130 1107 3187; x_wconf 81' lang='lat' dir='ltr'>Armenios</span> <span class='ocrx_word' id='word_1_457' title='bbox 1145 3129 1440 3188; x_wconf 85' lang='lat' dir='ltr'>Melitenes</span> <span class='ocrx_word' id='word_1_458' title='bbox 1481 3132 1892 3205; x_wconf 84' lang='lat' dir='ltr'>metropolita;</span> <span class='ocrx_word' id='word_1_459' title='bbox 1925 3148 2108 3206; x_wconf 85' lang='lat' dir='ltr'>quem</span> <span class='ocrx_word' id='word_1_460' title='bbox 2140 3147 2298 3188; x_wconf 90' lang='lat' dir='ltr'>nunc</span> <span class='ocrx_word' id='word_1_461' title='bbox 2331 3132 2409 3188; x_wconf 90' lang='lat' dir='ltr'>ad</span> <span class='ocrx_word' id='word_1_462' title='bbox 2439 3148 2501 3188; x_wconf 91' lang='lat' dir='ltr'>se</span> <span class='ocrx_word' id='word_1_463' title='bbox 2529 3149 2669 3188; x_wconf 92' lang='lat' dir='ltr'>cum</span> <span class='ocrx_word' id='word_1_464' title='bbox 2701 3132 2928 3206; x_wconf 90' lang='lat' dir='ltr'>aliquot</span> <span class='ocrx_word' id='word_1_465' title='bbox 2956 3134 3086 3206; x_wconf 87' lang='lat' dir='ltr'>ejus</span> <span class='ocrx_word' id='word_1_466' title='bbox 3118 3135 3314 3204; x_wconf 88' lang='lat' dir='ltr'>gentis</span> <span class='ocrx_word' id='word_1_467' title='bbox 3346 3130 3630 3206; x_wconf 85' lang='lat' dir='ltr'>episcopis</span> <span class='ocrx_word' id='word_1_468' title='bbox 3666 3120 3834 3184; x_wconf 77' lang='lat' dir='ltr'>remitti</span> 
     </span>
    </p>
   </div>
   <div class='ocr_carea' id='block_1_36' title="bbox 483 3217 2834 3295">
    <p class='ocr_par' dir='ltr' id='par_1_36' title="bbox 483 3217 2834 3295">
     <span class='ocr_line' id='line_1_36' title="bbox 483 3217 2834 3295; baseline 0 -20"><span class='ocrx_word' id='word_1_469' title='bbox 483 3217 763 3291; x_wconf 89' lang='lat' dir='ltr'>postulat,</span> <span class='ocrx_word' id='word_1_470' title='bbox 790 3225 850 3276; x_wconf 93' lang='lat' dir='ltr'>ut</span> <span class='ocrx_word' id='word_1_471' title='bbox 876 3221 946 3276; x_wconf 93' lang='lat' dir='ltr'>de</span> <span class='ocrx_word' id='word_1_472' title='bbox 977 3219 1261 3277; x_wconf 82' lang='lat' dir='ltr'>Catholici</span> <span class='ocrx_word' id='word_1_473' title='bbox 1283 3221 1558 3294; x_wconf 89' lang='lat' dir='ltr'>regisque</span> <span class='ocrx_word' id='word_1_474' title='bbox 1583 3222 1740 3278; x_wconf 91' lang='lat' dir='ltr'>circa</span> <span class='ocrx_word' id='word_1_475' title='bbox 1760 3238 1885 3277; x_wconf 91' lang='lat' dir='ltr'>rem</span> <span class='ocrx_word' id='word_1_476' title='bbox 1911 3226 2134 3278; x_wconf 87' lang='lat' dir='ltr'>tantam</span> <span class='ocrx_word' id='word_1_477' title='bbox 2158 3221 2462 3295; x_wconf 91' lang='lat' dir='ltr'>voluptate</span> <span class='ocrx_word' id='word_1_478' title='bbox 2481 3221 2689 3278; x_wconf 90' lang='lat' dir='ltr'>certior</span> <span class='ocrx_word' id='word_1_479' title='bbox 2712 3221 2834 3279; x_wconf 88' lang='lat' dir='ltr'>ﬁat.</span> 
     </span>
    </p>
   </div>
   <div class='ocr_carea' id='block_1_37' title="bbox 555 3299 3835 3383">
    <p class='ocr_par' dir='ltr' id='par_1_37' title="bbox 555 3299 3835 3383">
     <span class='ocr_line' id='line_1_37' title="bbox 555 3299 3835 3383; baseline -0.003 -19"><span class='ocrx_word' id='word_1_480' title='bbox 555 3313 606 3364; x_wconf 84' lang='lat'>5.</span> <span class='ocrx_word' id='word_1_481' title='bbox 639 3309 907 3380; x_wconf 88' lang='lat' dir='ltr'>Acceptis</span> <span class='ocrx_word' id='word_1_482' title='bbox 938 3310 1213 3366; x_wconf 88' lang='lat' dir='ltr'>Germani</span> <span class='ocrx_word' id='word_1_483' title='bbox 1235 3309 1442 3366; x_wconf 83' lang='lat' dir='ltr'>litteris</span> <span class='ocrx_word' id='word_1_484' title='bbox 1467 3312 1780 3382; x_wconf 90' lang='lat' dir='ltr'>respondit</span> <span class='ocrx_word' id='word_1_485' title='bbox 1809 3311 2230 3367; x_wconf 87' lang='lat' dir='ltr'>Constantinus</span> <span class='ocrx_word' id='word_1_486' title='bbox 2261 3312 2598 3377; x_wconf 88' lang='lat' dir='ltr'>Armenius,</span> <span class='ocrx_word' id='word_1_487' title='bbox 2622 3311 2946 3383; x_wconf 88' lang='lat' dir='ltr'>perscripta</span> <span class='ocrx_word' id='word_1_488' title='bbox 2963 3310 3101 3367; x_wconf 89' lang='lat' dir='ltr'>ﬁdei</span> <span class='ocrx_word' id='word_1_489' title='bbox 3128 3327 3253 3366; x_wconf 71' lang='lat' dir='ltr'>sum</span> <span class='ocrx_word' id='word_1_490' title='bbox 3277 3310 3534 3368; x_wconf 87' lang='lat' dir='ltr'>formula</span> <span class='ocrx_word' id='word_1_491' title='bbox 3550 3322 3645 3364; x_wconf 92' lang='lat' dir='ltr'>seu</span> <span class='ocrx_word' id='word_1_492' title='bbox 3665 3299 3835 3366; x_wconf 88' lang='lat' dir='ltr'>libello,</span> 
     </span>
    </p>
   </div>
   <div class='ocr_carea' id='block_1_38' title="bbox 482 3385 3837 3474">
    <p class='ocr_par' dir='ltr' id='par_1_38' title="bbox 482 3385 3837 3474">
     <span class='ocr_line' id='line_1_38' title="bbox 482 3385 3837 3474; baseline -0.003 -22"><span class='ocrx_word' id='word_1_493' title='bbox 482 3398 586 3470; x_wconf 92' lang='lat' dir='ltr'>qui</span> <span class='ocrx_word' id='word_1_494' title='bbox 623 3397 728 3453; x_wconf 89' lang='lat' dir='ltr'>etsi</span> <span class='ocrx_word' id='word_1_495' title='bbox 754 3397 813 3453; x_wconf 92' lang='lat' dir='ltr'>in</span> <span class='ocrx_word' id='word_1_496' title='bbox 844 3398 1083 3455; x_wconf 92' lang='lat' dir='ltr'>diverso</span> <span class='ocrx_word' id='word_1_497' title='bbox 1103 3400 1230 3455; x_wconf 87' lang='lat' dir='ltr'>Vat.</span> <span class='ocrx_word' id='word_1_498' title='bbox 1260 3399 1554 3472; x_wconf 89' lang='lat' dir='ltr'>longeque</span> <span class='ocrx_word' id='word_1_499' title='bbox 1574 3400 1785 3456; x_wconf 91' lang='lat' dir='ltr'>dissito</span> <span class='ocrx_word' id='word_1_500' title='bbox 1814 3400 2136 3472; x_wconf 85' lang='lat' dir='ltr'>exemplari</span> <span class='ocrx_word' id='word_1_501' title='bbox 2165 3401 2378 3471; x_wconf 89' lang='lat' dir='ltr'>legitur</span> <span class='ocrx_word' id='word_1_502' title='bbox 2406 3401 2756 3458; x_wconf 81' lang='lat' dir='ltr'>Armeniace</span> <span class='ocrx_word' id='word_1_503' title='bbox 2778 3407 2956 3474; x_wconf 90' lang='lat' dir='ltr'>atque</span> <span class='ocrx_word' id='word_1_504' title='bbox 2983 3401 3208 3468; x_wconf 88' lang='lat' dir='ltr'>Latine,</span> <span class='ocrx_word' id='word_1_505' title='bbox 3236 3415 3381 3457; x_wconf 90' lang='lat' dir='ltr'>eum</span> <span class='ocrx_word' id='word_1_506' title='bbox 3405 3395 3753 3456; x_wconf 86' lang='lat' dir='ltr'>nihilominus</span> <span class='ocrx_word' id='word_1_507' title='bbox 3781 3385 3837 3442; x_wconf 87' lang='lat' dir='ltr'>ad</span> 
     </span>
    </p>
   </div>
   <div class='ocr_carea' id='block_1_39' title="bbox 484 3477 3836 3562">
    <p class='ocr_par' dir='ltr' id='par_1_39' title="bbox 484 3477 3836 3562">
     <span class='ocr_line' id='line_1_39' title="bbox 484 3477 3836 3562; baseline -0.001 -20"><span class='ocrx_word' id='word_1_508' title='bbox 484 3485 644 3542; x_wconf 89' lang='lat' dir='ltr'>hanc</span> <span class='ocrx_word' id='word_1_509' title='bbox 658 3487 1066 3542; x_wconf 90' lang='lat' dir='ltr'>tractationem</span> <span class='ocrx_word' id='word_1_510' title='bbox 1090 3487 1405 3558; x_wconf 87' lang='lat' dir='ltr'>pertinere.</span> <span class='ocrx_word' id='word_1_511' title='bbox 1431 3488 1813 3544; x_wconf 91' lang='lat' dir='ltr'>manifestum</span> <span class='ocrx_word' id='word_1_512' title='bbox 1830 3504 1902 3544; x_wconf 81' lang='lat' dir='ltr'>ex</span> <span class='ocrx_word' id='word_1_513' title='bbox 1918 3489 2086 3545; x_wconf 90' lang='lat' dir='ltr'>titulo</span> <span class='ocrx_word' id='word_1_514' title='bbox 2112 3489 2196 3555; x_wconf 86' lang='lat' dir='ltr'>ﬁt,</span> <span class='ocrx_word' id='word_1_515' title='bbox 2225 3490 2330 3562; x_wconf 92' lang='lat' dir='ltr'><strong>qui</strong></span> <span class='ocrx_word' id='word_1_516' title='bbox 2357 3490 2437 3546; x_wconf 90' lang='lat' dir='ltr'>ita</span> <span class='ocrx_word' id='word_1_517' title='bbox 2459 3505 2521 3546; x_wconf 91' lang='lat' dir='ltr'>se</span> <span class='ocrx_word' id='word_1_518' title='bbox 2543 3490 2721 3547; x_wconf 90' lang='lat' dir='ltr'>habet</span> <span class='ocrx_word' id='word_1_519' title='bbox 2749 3507 2760 3546; x_wconf 94' lang='lat'>:</span> <span class='ocrx_word' id='word_1_520' title='bbox 2782 3490 3083 3560; x_wconf 82' lang='lat' dir='ltr'>Confessio</span> <span class='ocrx_word' id='word_1_521' title='bbox 3107 3490 3306 3547; x_wconf 80' lang='lat' dir='ltr'>brevis</span> <span class='ocrx_word' id='word_1_522' title='bbox 3327 3489 3709 3546; x_wconf 82' lang='lat' dir='ltr'>Armeniorum</span> <span class='ocrx_word' id='word_1_523' title='bbox 3721 3477 3836 3551; x_wconf 65' lang='lat' dir='ltr'>ﬁdei.</span> 
     </span>
    </p>
   </div>
   <div class='ocr_carea' id='block_1_40' title="bbox 486 3573 3837 3650">
    <p class='ocr_par' dir='ltr' id='par_1_40' title="bbox 486 3573 3837 3650">
     <span class='ocr_line' id='line_1_40' title="bbox 486 3573 3837 3650; baseline -0.001 -18"><span class='ocrx_word' id='word_1_524' title='bbox 486 3575 716 3632; x_wconf 83' lang='lat' dir='ltr'>tradita</span> <span class='ocrx_word' id='word_1_525' title='bbox 742 3591 778 3632; x_wconf 91' lang='lat' dir='ltr'>a</span> <span class='ocrx_word' id='word_1_526' title='bbox 802 3575 1018 3632; x_wconf 81' lang='lat' dir='ltr'>sanctis</span> <span class='ocrx_word' id='word_1_527' title='bbox 1036 3575 1315 3632; x_wconf 80' lang='lat' dir='ltr'>Patribus</span> <span class='ocrx_word' id='word_1_528' title='bbox 1335 3583 1390 3634; x_wconf 77' lang='lat' dir='ltr'>et</span> <span class='ocrx_word' id='word_1_529' title='bbox 1419 3583 1653 3647; x_wconf 84' lang='lat' dir='ltr'>recepta</span> <span class='ocrx_word' id='word_1_530' title='bbox 1673 3593 1699 3644; x_wconf 85' lang='lat'><strong><em>;</em></strong></span> <span class='ocrx_word' id='word_1_531' title='bbox 1715 3577 1938 3648; x_wconf 83' lang='lat' dir='ltr'>scripta</span> <span class='ocrx_word' id='word_1_532' title='bbox 1962 3593 2098 3636; x_wconf 84' lang='lat' dir='ltr'>vero</span> <span class='ocrx_word' id='word_1_533' title='bbox 2118 3579 2195 3635; x_wconf 85' lang='lat' dir='ltr'>ad</span> <span class='ocrx_word' id='word_1_534' title='bbox 2216 3581 2691 3650; x_wconf 74' lang='lat' dir='ltr'>sanctogenitum</span> <span class='ocrx_word' id='word_1_535' title='bbox 2721 3580 3137 3648; x_wconf 78' lang='lat' dir='ltr'>patriarcham</span> <span class='ocrx_word' id='word_1_536' title='bbox 3163 3573 3837 3646; x_wconf 73' lang='lat' dir='ltr'>ConstantinOpolitanum-</span> 
     </span>
    </p>
   </div>
   <div class='ocr_carea' id='block_1_41' title="bbox 485 3657 3838 3741">
    <p class='ocr_par' dir='ltr' id='par_1_41' title="bbox 485 3657 3838 3741">
     <span class='ocr_line' id='line_1_41' title="bbox 485 3657 3838 3741; baseline -0.002 -22"><span class='ocrx_word' id='word_1_537' title='bbox 485 3670 774 3734; x_wconf 73' lang='lat' dir='ltr'>pmcepto</span> <span class='ocrx_word' id='word_1_538' title='bbox 787 3665 1172 3722; x_wconf 80' lang='lat' dir='ltr'>Constantini</span> <span class='ocrx_word' id='word_1_539' title='bbox 1187 3666 1463 3723; x_wconf 82' lang='lat' dir='ltr'>catholici</span> <span class='ocrx_word' id='word_1_540' title='bbox 1475 3668 1888 3725; x_wconf 84' lang='lat' dir='ltr'>Armenorum.</span> <span class='ocrx_word' id='word_1_541' title='bbox 1905 3668 2184 3724; x_wconf 86' lang='lat' dir='ltr'>Versatur</span> <span class='ocrx_word' id='word_1_542' title='bbox 2195 3668 2322 3725; x_wconf 62' lang='lat' dir='ltr'>haec</span> <span class='ocrx_word' id='word_1_543' title='bbox 2339 3684 2448 3725; x_wconf 92' lang='lat' dir='ltr'>con</span> <span class='ocrx_word' id='word_1_544' title='bbox 2459 3668 2635 3724; x_wconf 84' lang='lat' dir='ltr'>fessio</span> <span class='ocrx_word' id='word_1_545' title='bbox 2654 3669 2708 3723; x_wconf 93' lang='lat' dir='ltr'>in</span> <span class='ocrx_word' id='word_1_546' title='bbox 2724 3668 3090 3741; x_wconf 81' lang='lat' dir='ltr'>expositione</span> <span class='ocrx_word' id='word_1_547' title='bbox 3102 3669 3508 3741; x_wconf 87' lang='lat' dir='ltr'>mysteriorum</span> <span class='ocrx_word' id='word_1_548' title='bbox 3523 3657 3838 3722; x_wconf 63' lang='lat' dir='ltr'>sanctissima</span> 
     </span>
    </p>
   </div>
   <div class='ocr_carea' id='block_1_42' title="bbox 484 3749 3837 3830">
    <p class='ocr_par' dir='ltr' id='par_1_42' title="bbox 484 3749 3837 3830">
     <span class='ocr_line' id='line_1_42' title="bbox 484 3749 3837 3830; baseline -0.001 -21"><span class='ocrx_word' id='word_1_549' title='bbox 484 3753 794 3820; x_wconf 86' lang='lat' dir='ltr'>Trinitatis,</span> <span class='ocrx_word' id='word_1_550' title='bbox 827 3758 882 3810; x_wconf 89' lang='lat' dir='ltr'>et</span> <span class='ocrx_word' id='word_1_551' title='bbox 912 3754 1120 3811; x_wconf 89' lang='lat' dir='ltr'>Christi</span> <span class='ocrx_word' id='word_1_552' title='bbox 1143 3756 1280 3811; x_wconf 82' lang='lat' dir='ltr'>Jesu</span> <span class='ocrx_word' id='word_1_553' title='bbox 1307 3755 1754 3823; x_wconf 88' lang='lat' dir='ltr'>incarnationis,</span> <span class='ocrx_word' id='word_1_554' title='bbox 1789 3758 1939 3826; x_wconf 74' lang='lat' dir='ltr'>vitm,</span> <span class='ocrx_word' id='word_1_555' title='bbox 1975 3758 2204 3824; x_wconf 88' lang='lat' dir='ltr'>mortis,</span> <span class='ocrx_word' id='word_1_556' title='bbox 2256 3757 2727 3822; x_wconf 88' lang='lat' dir='ltr'>resurrectionis,</span> <span class='ocrx_word' id='word_1_557' title='bbox 2757 3762 2937 3830; x_wconf 89' lang='lat' dir='ltr'>atque</span> <span class='ocrx_word' id='word_1_558' title='bbox 2965 3756 3025 3812; x_wconf 90' lang='lat' dir='ltr'>in</span> <span class='ocrx_word' id='word_1_559' title='bbox 3058 3756 3274 3813; x_wconf 72' lang='lat' dir='ltr'>caelum</span> <span class='ocrx_word' id='word_1_560' title='bbox 3313 3757 3553 3814; x_wconf 89' lang='lat' dir='ltr'>reditus.</span> <span class='ocrx_word' id='word_1_561' title='bbox 3587 3754 3668 3807; x_wconf 82' lang='lat' dir='ltr'>Est</span> <span class='ocrx_word' id='word_1_562' title='bbox 3687 3749 3837 3802; x_wconf 72' lang='lat' dir='ltr'>autem</span> 
     </span>
    </p>
   </div>
   <div class='ocr_carea' id='block_1_43' title="bbox 487 3833 3836 3920">
    <p class='ocr_par' dir='ltr' id='par_1_43' title="bbox 487 3833 3836 3920">
     <span class='ocr_line' id='line_1_43' title="bbox 487 3833 3836 3920; baseline -0.004 -21"><span class='ocrx_word' id='word_1_563' title='bbox 487 3842 766 3900; x_wconf 88' lang='lat' dir='ltr'>universa</span> <span class='ocrx_word' id='word_1_564' title='bbox 782 3843 1002 3901; x_wconf 91' lang='lat' dir='ltr'>locutio</span> <span class='ocrx_word' id='word_1_565' title='bbox 1015 3845 1380 3918; x_wconf 90' lang='lat' dir='ltr'>hujusmodi,</span> <span class='ocrx_word' id='word_1_566' title='bbox 1405 3850 1468 3902; x_wconf 92' lang='lat' dir='ltr'>ut</span> <span class='ocrx_word' id='word_1_567' title='bbox 1489 3846 1780 3902; x_wconf 90' lang='lat' dir='ltr'>catholico</span> <span class='ocrx_word' id='word_1_568' title='bbox 1799 3847 2024 3920; x_wconf 89' lang='lat' dir='ltr'>passim</span> <span class='ocrx_word' id='word_1_569' title='bbox 2047 3862 2231 3904; x_wconf 91' lang='lat' dir='ltr'>sensu</span> <span class='ocrx_word' id='word_1_570' title='bbox 2248 3846 2491 3917; x_wconf 90' lang='lat' dir='ltr'>intelligi</span> <span class='ocrx_word' id='word_1_571' title='bbox 2511 3862 2690 3920; x_wconf 90' lang='lat' dir='ltr'>posse</span> <span class='ocrx_word' id='word_1_572' title='bbox 2715 3847 3019 3902; x_wconf 89' lang='lat' dir='ltr'>videatur:</span> <span class='ocrx_word' id='word_1_573' title='bbox 3044 3861 3402 3918; x_wconf 90' lang='lat' dir='ltr'>quanquam</span> <span class='ocrx_word' id='word_1_574' title='bbox 3422 3845 3658 3900; x_wconf 87' lang='lat' dir='ltr'>duarum</span> <span class='ocrx_word' id='word_1_575' title='bbox 3671 3833 3836 3920; x_wconf 82' lang='lat' dir='ltr'>diserte</span> 
     </span>
    </p>
   </div>
   <div class='ocr_carea' id='block_1_44' title="bbox 486 3919 3828 4008">
    <p class='ocr_par' dir='ltr' id='par_1_44' title="bbox 486 3919 3828 4008">
     <span class='ocr_line' id='line_1_44' title="bbox 486 3919 3828 4008; baseline -0.002 -18"><span class='ocrx_word' id='word_1_576' title='bbox 486 3938 859 4002; x_wconf 88' lang='lat' dir='ltr'>naturarum,</span> <span class='ocrx_word' id='word_1_577' title='bbox 884 3934 1110 3991; x_wconf 92' lang='lat' dir='ltr'>nedum</span> <span class='ocrx_word' id='word_1_578' title='bbox 1131 3934 1493 3990; x_wconf 88' lang='lat' dir='ltr'>deﬁnitionis</span> <span class='ocrx_word' id='word_1_579' title='bbox 1526 3935 2046 4001; x_wconf 83' lang='lat' dir='ltr'>Chalcedonensis,</span> <span class='ocrx_word' id='word_1_580' title='bbox 2070 3936 2434 3993; x_wconf 90' lang='lat' dir='ltr'>mentionem</span> <span class='ocrx_word' id='word_1_581' title='bbox 2459 3919 2708 3992; x_wconf 85' lang='lat' dir='ltr'>omnino</span> <span class='ocrx_word' id='word_1_582' title='bbox 2731 3935 2886 4002; x_wconf 89' lang='lat' dir='ltr'>vitat,</span> <span class='ocrx_word' id='word_1_583' title='bbox 2915 3940 2971 3991; x_wconf 89' lang='lat' dir='ltr'>et</span> <span class='ocrx_word' id='word_1_584' title='bbox 2998 3935 3372 4008; x_wconf 84' lang='lat' dir='ltr'>quibusdam</span> <span class='ocrx_word' id='word_1_585' title='bbox 3401 3939 3665 4008; x_wconf 66' lang='lat' dir='ltr'>printer-ea</span> <span class='ocrx_word' id='word_1_586' title='bbox 3695 3919 3828 3996; x_wconf 65' lang='lat' dir='ltr'>parti&#39;</span> 
     </span>
    </p>
   </div>
   <div class='ocr_carea' id='block_1_45' title="bbox 486 4009 3830 4100">
    <p class='ocr_par' dir='ltr' id='par_1_45' title="bbox 486 4009 3830 4100">
     <span class='ocr_line' id='line_1_45' title="bbox 486 4009 3830 4100; baseline -0.003 -20"><span class='ocrx_word' id='word_1_587' title='bbox 486 4023 637 4080; x_wconf 91' lang='lat' dir='ltr'>culis</span> <span class='ocrx_word' id='word_1_588' title='bbox 665 4025 968 4098; x_wconf 66' lang='lat' dir='ltr'>mquivoca</span> <span class='ocrx_word' id='word_1_589' title='bbox 997 4025 1247 4081; x_wconf 87' lang='lat' dir='ltr'>fortasse</span> <span class='ocrx_word' id='word_1_590' title='bbox 1273 4025 1565 4082; x_wconf 88' lang='lat' dir='ltr'>sententia</span> <span class='ocrx_word' id='word_1_591' title='bbox 1594 4025 1812 4082; x_wconf 90' lang='lat' dir='ltr'>subest.</span> <span class='ocrx_word' id='word_1_592' title='bbox 1843 4026 2174 4100; x_wconf 62' lang='lat' dir='ltr'>Ceteroqui</span> <span class='ocrx_word' id='word_1_593' title='bbox 2206 4025 2625 4082; x_wconf 86' lang='lat' dir='ltr'>Constantinus</span> <span class='ocrx_word' id='word_1_594' title='bbox 2648 4041 2891 4097; x_wconf 88' lang='lat' dir='ltr'>passam</span> <span class='ocrx_word' id='word_1_595' title='bbox 2913 4029 2970 4081; x_wconf 93' lang='lat' dir='ltr'>et</span> <span class='ocrx_word' id='word_1_596' title='bbox 2993 4032 3293 4080; x_wconf 92' lang='lat' dir='ltr'>mortuam</span> <span class='ocrx_word' id='word_1_597' title='bbox 3323 4021 3529 4082; x_wconf 88' lang='lat' dir='ltr'>Christi</span> <span class='ocrx_word' id='word_1_598' title='bbox 3557 4009 3830 4100; x_wconf 48' lang='lat' dir='ltr'>humanite-</span> 
     </span>
    </p>
   </div>
   <div class='ocr_carea' id='block_1_46' title="bbox 486 4097 3834 4188">
    <p class='ocr_par' dir='ltr' id='par_1_46' title="bbox 486 4097 3834 4188">
     <span class='ocr_line' id='line_1_46' title="bbox 486 4097 3834 4188; baseline -0.004 -18"><span class='ocrx_word' id='word_1_599' title='bbox 486 4117 604 4170; x_wconf 91' lang='lat' dir='ltr'>tem</span> <span class='ocrx_word' id='word_1_600' title='bbox 635 4097 792 4179; x_wconf 87' lang='lat' dir='ltr'>dicit,</span> <span class='ocrx_word' id='word_1_601' title='bbox 814 4114 1218 4170; x_wconf 89' lang='lat' dir='ltr'>immortalem</span> <span class='ocrx_word' id='word_1_602' title='bbox 1246 4113 1653 4170; x_wconf 88' lang='lat' dir='ltr'>divinitatem:</span> <span class='ocrx_word' id='word_1_603' title='bbox 1679 4115 1959 4188; x_wconf 90' lang='lat' dir='ltr'>Spiritum</span> <span class='ocrx_word' id='word_1_604' title='bbox 1981 4097 2253 4172; x_wconf 78' lang='lat' dir='ltr'>sanctum</span> <span class='ocrx_word' id='word_1_605' title='bbox 2281 4131 2317 4173; x_wconf 89' lang='lat' dir='ltr'>a</span> <span class='ocrx_word' id='word_1_606' title='bbox 2342 4118 2507 4172; x_wconf 91' lang='lat' dir='ltr'>Patre</span> <span class='ocrx_word' id='word_1_607' title='bbox 2528 4113 2948 4187; x_wconf 90' lang='lat' dir='ltr'>procedentem</span> <span class='ocrx_word' id='word_1_608' title='bbox 2980 4135 2992 4170; x_wconf 89' lang='lat'><strong>:</strong></span> <span class='ocrx_word' id='word_1_609' title='bbox 3018 4129 3235 4187; x_wconf 88' lang='lat' dir='ltr'>corpus</span> <span class='ocrx_word' id='word_1_610' title='bbox 3259 4113 3475 4170; x_wconf 88' lang='lat' dir='ltr'>Christi</span> <span class='ocrx_word' id='word_1_611' title='bbox 3499 4111 3688 4167; x_wconf 89' lang='lat' dir='ltr'>datum</span> <span class='ocrx_word' id='word_1_612' title='bbox 3701 4097 3834 4159; x_wconf 81' lang='lat' dir='ltr'>nobis</span> 
     </span>
    </p>
   </div>
   <div class='ocr_carea' id='block_1_47' title="bbox 486 4188 3831 4277">
    <p class='ocr_par' dir='ltr' id='par_1_47' title="bbox 486 4188 3831 4277">
     <span class='ocr_line' id='line_1_47' title="bbox 486 4188 3831 4277; baseline -0.003 -18"><span class='ocrx_word' id='word_1_613' title='bbox 486 4202 547 4259; x_wconf 95' lang='lat' dir='ltr'>in</span> <span class='ocrx_word' id='word_1_614' title='bbox 575 4202 802 4273; x_wconf 88' lang='lat' dir='ltr'>cibum,</span> <span class='ocrx_word' id='word_1_615' title='bbox 834 4209 888 4258; x_wconf 92' lang='lat' dir='ltr'>et</span> <span class='ocrx_word' id='word_1_616' title='bbox 917 4203 1041 4275; x_wconf 87' lang='lat' dir='ltr'>ejus</span> <span class='ocrx_word' id='word_1_617' title='bbox 1072 4203 1429 4272; x_wconf 90' lang='lat' dir='ltr'>sanguinem</span> <span class='ocrx_word' id='word_1_618' title='bbox 1455 4204 1714 4260; x_wconf 88' lang='lat' dir='ltr'>hostiam</span> <span class='ocrx_word' id='word_1_619' title='bbox 1737 4220 1845 4277; x_wconf 94' lang='lat' dir='ltr'>pro</span> <span class='ocrx_word' id='word_1_620' title='bbox 1870 4205 2126 4276; x_wconf 90' lang='lat' dir='ltr'>peccatis</span> <span class='ocrx_word' id='word_1_621' title='bbox 2151 4221 2165 4260; x_wconf 89' lang='lat'><strong>:</strong></span> <span class='ocrx_word' id='word_1_622' title='bbox 2197 4204 2504 4262; x_wconf 80' lang='lat' dir='ltr'>Athanasii</span> <span class='ocrx_word' id='word_1_623' title='bbox 2529 4201 2730 4273; x_wconf 84' lang='lat' dir='ltr'>magni</span> <span class='ocrx_word' id='word_1_624' title='bbox 2756 4202 3170 4260; x_wconf 90' lang='lat' dir='ltr'>auctoritatem</span> <span class='ocrx_word' id='word_1_625' title='bbox 3191 4202 3284 4260; x_wconf 89' lang='lat' dir='ltr'>bis</span> <span class='ocrx_word' id='word_1_626' title='bbox 3313 4204 3530 4267; x_wconf 89' lang='lat' dir='ltr'>laudat,</span> <span class='ocrx_word' id='word_1_627' title='bbox 3551 4196 3622 4254; x_wconf 89' lang='lat' dir='ltr'>ad</span> <span class='ocrx_word' id='word_1_628' title='bbox 3649 4188 3831 4277; x_wconf 46' lang='lat' dir='ltr'>symbg</span> 
     </span>
    </p>
   </div>
   <div class='ocr_carea' id='block_1_48' title="bbox 487 4272 3836 4365">
    <p class='ocr_par' dir='ltr' id='par_1_48' title="bbox 487 4272 3836 4365">
     <span class='ocr_line' id='line_1_48' title="bbox 487 4272 3836 4365; baseline -0.004 -17"><span class='ocrx_word' id='word_1_629' title='bbox 487 4291 613 4349; x_wconf 91' lang='lat' dir='ltr'>lum</span> <span class='ocrx_word' id='word_1_630' title='bbox 645 4272 797 4362; x_wconf 82' lang='lat' dir='ltr'>ejus,</span> <span class='ocrx_word' id='word_1_631' title='bbox 827 4296 890 4348; x_wconf 90' lang='lat' dir='ltr'>ut</span> <span class='ocrx_word' id='word_1_632' title='bbox 916 4272 1092 4364; x_wconf 90' lang='lat' dir='ltr'>plane</span> <span class='ocrx_word' id='word_1_633' title='bbox 1111 4299 1376 4364; x_wconf 87' lang='lat' dir='ltr'>apparet,</span> <span class='ocrx_word' id='word_1_634' title='bbox 1403 4272 1754 4364; x_wconf 60' lang='lat' dir='ltr'>respiciens:</span> <span class='ocrx_word' id='word_1_635' title='bbox 1779 4272 1942 4350; x_wconf 74' lang='lat' dir='ltr'>Certe</span> <span class='ocrx_word' id='word_1_636' title='bbox 1962 4293 2056 4350; x_wconf 92' lang='lat' dir='ltr'>hic</span> <span class='ocrx_word' id='word_1_637' title='bbox 2079 4295 2495 4351; x_wconf 89' lang='lat' dir='ltr'>Constantinus</span> <span class='ocrx_word' id='word_1_638' title='bbox 2521 4272 2684 4364; x_wconf 90' lang='lat' dir='ltr'>apud</span> <span class='ocrx_word' id='word_1_639' title='bbox 2715 4294 3053 4348; x_wconf 79' lang='lat' dir='ltr'>Romanum</span> <span class='ocrx_word' id='word_1_640' title='bbox 3082 4291 3430 4365; x_wconf 84' lang='lat' dir='ltr'>pontiﬁcem</span> <span class='ocrx_word' id='word_1_641' title='bbox 3457 4284 3761 4358; x_wconf 86' lang='lat' dir='ltr'>Gregorium</span> 
     </span>
    </p>
   </div>
   <div class='ocr_carea' id='block_1_49' title="bbox 485 4360 3838 4453">
    <p class='ocr_par' dir='ltr' id='par_1_49' title="bbox 485 4360 3838 4453">
     <span class='ocr_line' id='line_1_49' title="bbox 485 4360 3838 4453; baseline -0.004 -15"><span class='ocrx_word' id='word_1_642' title='bbox 485 4360 728 4439; x_wconf 83' lang='lat' dir='ltr'>habitus</span> <span class='ocrx_word' id='word_1_643' title='bbox 759 4385 848 4438; x_wconf 91' lang='lat' dir='ltr'>est</span> <span class='ocrx_word' id='word_1_644' title='bbox 867 4360 1258 4447; x_wconf 45' lang='lat' dir='ltr'>orthodox—us,</span> <span class='ocrx_word' id='word_1_645' title='bbox 1281 4380 1385 4452; x_wconf 92' lang='lat' dir='ltr'>qui</span> <span class='ocrx_word' id='word_1_646' title='bbox 1408 4360 1657 4452; x_wconf 80' lang='lat' dir='ltr'>pallium</span> <span class='ocrx_word' id='word_1_647' title='bbox 1682 4386 1737 4439; x_wconf 88' lang='lat' dir='ltr'>et</span> <span class='ocrx_word' id='word_1_648' title='bbox 1762 4382 1880 4438; x_wconf 87' lang='lat' dir='ltr'>alia</span> <span class='ocrx_word' id='word_1_649' title='bbox 1905 4388 2259 4440; x_wconf 90' lang='lat' dir='ltr'>ornamenta</span> <span class='ocrx_word' id='word_1_650' title='bbox 2283 4383 2359 4441; x_wconf 88' lang='lat' dir='ltr'>ad</span> <span class='ocrx_word' id='word_1_651' title='bbox 2380 4398 2518 4439; x_wconf 88' lang='lat' dir='ltr'>eum</span> <span class='ocrx_word' id='word_1_652' title='bbox 2544 4360 2705 4438; x_wconf 81' lang='lat' dir='ltr'>misit</span> <span class='ocrx_word' id='word_1_653' title='bbox 2727 4397 2864 4437; x_wconf 90' lang='lat' dir='ltr'>cum</span> <span class='ocrx_word' id='word_1_654' title='bbox 2890 4360 3157 4453; x_wconf 81' lang='lat' dir='ltr'>pacificis</span> <span class='ocrx_word' id='word_1_655' title='bbox 3178 4382 3406 4447; x_wconf 88' lang='lat' dir='ltr'>litteris,</span> <span class='ocrx_word' id='word_1_656' title='bbox 3426 4393 3554 4452; x_wconf 70' lang='lat' dir='ltr'>qua:</span> <span class='ocrx_word' id='word_1_657' title='bbox 3578 4376 3700 4429; x_wconf 89' lang='lat' dir='ltr'>sunt</span> <span class='ocrx_word' id='word_1_658' title='bbox 3715 4360 3838 4439; x_wconf 84' lang='lat' dir='ltr'>apud</span> 
     </span>
    </p>
   </div>
   <div class='ocr_carea' id='block_1_50' title="bbox 487 4469 1842 4537">
    <p class='ocr_par' dir='ltr' id='par_1_50' title="bbox 487 4469 1842 4537">
     <span class='ocr_line' id='line_1_50' title="bbox 487 4469 1842 4537; baseline -0.001 -8"><span class='ocrx_word' id='word_1_659' title='bbox 487 4470 845 4530; x_wconf 81' lang='lat' dir='ltr'>Bainaldum</span> <span class='ocrx_word' id='word_1_660' title='bbox 875 4470 953 4526; x_wconf 91' lang='lat' dir='ltr'>ad</span> <span class='ocrx_word' id='word_1_661' title='bbox 985 4469 1196 4526; x_wconf 90' lang='lat' dir='ltr'>Christi</span> <span class='ocrx_word' id='word_1_662' title='bbox 1218 4485 1444 4526; x_wconf 91' lang='lat' dir='ltr'>annum</span> <span class='ocrx_word' id='word_1_663' title='bbox 1480 4471 1639 4537; x_wconf 81' lang='grc'>1239,</span> <span class='ocrx_word' id='word_1_664' title='bbox 1679 4489 1731 4526; x_wconf 89' lang='lat' dir='ltr'>n.</span> <span class='ocrx_word' id='word_1_665' title='bbox 1753 4473 1842 4528; x_wconf 90' lang='lat'>82.</span> 
     </span>
    </p>
   </div>
   <div class='ocr_carea' id='block_1_51' title="bbox 559 4521 3835 4634">
    <p class='ocr_par' dir='ltr' id='par_1_51' title="bbox 559 4521 3835 4634">
     <span class='ocr_line' id='line_1_51' title="bbox 559 4521 3835 4634; baseline -0.004 -16"><span class='ocrx_word' id='word_1_666' title='bbox 559 4521 1999 4634; x_wconf 34' lang='lat' dir='ltr'>tiivA—nt—e—quam&#39;hie&quot;Congantinivlibellusﬁdei</span> <span class='ocrx_word' id='word_1_667' title='bbox 2039 4561 2117 4618; x_wconf 93' lang='lat' dir='ltr'>ad</span> <span class='ocrx_word' id='word_1_668' title='bbox 2162 4563 2395 4618; x_wconf 67' lang='lat' dir='ltr'>Graecos</span> <span class='ocrx_word' id='word_1_669' title='bbox 2435 4559 2790 4633; x_wconf 90' lang='lat' dir='ltr'>perveniret,</span> <span class='ocrx_word' id='word_1_670' title='bbox 2835 4564 3089 4616; x_wconf 90' lang='lat' dir='ltr'>mortem</span> <span class='ocrx_word' id='word_1_671' title='bbox 3146 4576 3284 4616; x_wconf 91' lang='lat' dir='ltr'>cum</span> <span class='ocrx_word' id='word_1_672' title='bbox 3325 4558 3446 4616; x_wconf 90' lang='lat' dir='ltr'>vita</span> <span class='ocrx_word' id='word_1_673' title='bbox 3480 4555 3770 4634; x_wconf 56' lang='lat' dir='ltr'>Germanus</span> <span class='ocrx_word' id='word_1_674' title='bbox 3801 4521 3835 4594; x_wconf 67' lang='lat' dir='ltr'>li</span> 
     </span>
    </p>
   </div>
   <div class='ocr_carea' id='block_1_52' title="bbox 489 4631 3836 4724">
    <p class='ocr_par' dir='ltr' id='par_1_52' title="bbox 489 4631 3836 4724">
     <span class='ocr_line' id='line_1_52' title="bbox 489 4631 3836 4724; baseline -0 -15"><span class='ocrx_word' id='word_1_675' title='bbox 489 4631 840 4724; x_wconf 72' lang='lat' dir='ltr'>patriarcha</span> <span class='ocrx_word' id='word_1_676' title='bbox 855 4649 1256 4708; x_wconf 88' lang='lat' dir='ltr'>commutavit</span> <span class='ocrx_word' id='word_1_677' title='bbox 1281 4666 1294 4706; x_wconf 91' lang='lat'>:</span> <span class='ocrx_word' id='word_1_678' title='bbox 1336 4648 1538 4723; x_wconf 89' lang='lat' dir='ltr'>itaque</span> <span class='ocrx_word' id='word_1_679' title='bbox 1567 4650 1810 4708; x_wconf 89' lang='lat' dir='ltr'>nonnisi</span> <span class='ocrx_word' id='word_1_680' title='bbox 1840 4667 1877 4708; x_wconf 89' lang='lat' dir='ltr'>a</span> <span class='ocrx_word' id='word_1_681' title='bbox 1906 4651 2285 4724; x_wconf 90' lang='lat' dir='ltr'>patriarchali</span> <span class='ocrx_word' id='word_1_682' title='bbox 2315 4631 2472 4707; x_wconf 85' lang='lat' dir='ltr'>clero</span> <span class='ocrx_word' id='word_1_683' title='bbox 2499 4653 2556 4706; x_wconf 92' lang='lat' dir='ltr'>et</span> <span class='ocrx_word' id='word_1_684' title='bbox 2578 4648 3002 4722; x_wconf 90' lang='lat' dir='ltr'>episcoporum</span> <span class='ocrx_word' id='word_1_685' title='bbox 3028 4655 3186 4706; x_wconf 76' lang='lat' dir='ltr'>coetu</span> <span class='ocrx_word' id='word_1_686' title='bbox 3223 4647 3440 4720; x_wconf 91' lang='lat' dir='ltr'>suscipi</span> <span class='ocrx_word' id='word_1_687' title='bbox 3469 4640 3662 4718; x_wconf 87' lang='lat' dir='ltr'>potuit,</span> <span class='ocrx_word' id='word_1_688' title='bbox 3689 4631 3836 4708; x_wconf 72' lang='grc' dir='ltr'>(Ιυίθο</span> 
     </span>
    </p>
   </div>
   <div class='ocr_carea' id='block_1_53' title="bbox 485 4725 3837 4814">
    <p class='ocr_par' dir='ltr' id='par_1_53' title="bbox 485 4725 3837 4814">
     <span class='ocr_line' id='line_1_53' title="bbox 485 4725 3837 4814; baseline -0.002 -18"><span class='ocrx_word' id='word_1_689' title='bbox 485 4741 660 4806; x_wconf 91' lang='lat' dir='ltr'>lecto,</span> <span class='ocrx_word' id='word_1_690' title='bbox 686 4741 1002 4814; x_wconf 89' lang='lat' dir='ltr'>epistolam</span> <span class='ocrx_word' id='word_1_691' title='bbox 1033 4744 1285 4797; x_wconf 88' lang='lat' dir='ltr'>vacante</span> <span class='ocrx_word' id='word_1_692' title='bbox 1307 4739 1450 4796; x_wconf 90' lang='lat' dir='ltr'>sede</span> <span class='ocrx_word' id='word_1_693' title='bbox 1470 4739 1928 4814; x_wconf 88' lang='lat' dir='ltr'>rescripserunt,</span> <span class='ocrx_word' id='word_1_694' title='bbox 1957 4741 2019 4798; x_wconf 92' lang='lat' dir='ltr'>in</span> <span class='ocrx_word' id='word_1_695' title='bbox 2044 4741 2250 4798; x_wconf 91' lang='lat' dir='ltr'>codice</span> <span class='ocrx_word' id='word_1_696' title='bbox 2280 4740 2566 4797; x_wconf 87' lang='lat' dir='ltr'>Vaticano</span> <span class='ocrx_word' id='word_1_697' title='bbox 2597 4738 2995 4811; x_wconf 89' lang='lat' dir='ltr'>superstitem,</span> <span class='ocrx_word' id='word_1_698' title='bbox 3024 4738 3139 4794; x_wconf 91' lang='lat' dir='ltr'>hoc</span> <span class='ocrx_word' id='word_1_699' title='bbox 3169 4738 3331 4794; x_wconf 89' lang='lat' dir='ltr'>titulo</span> <span class='ocrx_word' id='word_1_700' title='bbox 3361 4740 3418 4793; x_wconf 89' lang='lat' dir='ltr'>et</span> <span class='ocrx_word' id='word_1_701' title='bbox 3447 4731 3637 4791; x_wconf 89' lang='lat' dir='ltr'>initio:</span> <span class='ocrx_word' id='word_1_702' title='bbox 3667 4725 3837 4800; x_wconf 69' lang='grc' dir='ltr'>Γράμιιια</span> 
     </span>
    </p>
   </div>
   <div class='ocr_carea' id='block_1_54' title="bbox 491 4823 3834 4906">
    <p class='ocr_par' dir='ltr' id='par_1_54' title="bbox 491 4823 3834 4906">
     <span class='ocr_line' id='line_1_54' title="bbox 491 4823 3834 4906; baseline -0.002 -24"><span class='ocrx_word' id='word_1_703' title='bbox 491 4828 836 4884; x_wconf 80' lang='grc' dir='ltr'>ἁποστολικὸν</span> <span class='ocrx_word' id='word_1_704' title='bbox 899 4833 1031 4904; x_wconf 86' lang='grc' dir='ltr'>πρὸς</span> <span class='ocrx_word' id='word_1_705' title='bbox 1089 4835 1176 4884; x_wconf 88' lang='grc' dir='ltr'>τὸν</span> <span class='ocrx_word' id='word_1_706' title='bbox 1227 4828 1451 4884; x_wconf 79' lang='grc' dir='ltr'>λίϐελλον</span> <span class='ocrx_word' id='word_1_707' title='bbox 1500 4839 1594 4894; x_wconf 80' lang='grc' dir='ltr'>τῆς</span> <span class='ocrx_word' id='word_1_708' title='bbox 1643 4838 1742 4884; x_wconf 83' lang='grc' dir='ltr'>τῶν</span> <span class='ocrx_word' id='word_1_709' title='bbox 1810 4831 2090 4906; x_wconf 86' lang='grc' dir='ltr'>Ἀρμενίων</span> <span class='ocrx_word' id='word_1_710' title='bbox 2154 4830 2485 4895; x_wconf 87' lang='grc' dir='ltr'>Ἐκκλησίας,</span> <span class='ocrx_word' id='word_1_711' title='bbox 2536 4831 2622 4882; x_wconf 88' lang='grc' dir='ltr'>τόν</span> <span class='ocrx_word' id='word_1_712' title='bbox 2696 4829 2752 4880; x_wconf 68' lang='grc' dir='ltr'>εκ</span> <span class='ocrx_word' id='word_1_713' title='bbox 2803 4837 3109 4902; x_wconf 74' lang='grc' dir='ltr'>προσταγῆς</span> <span class='ocrx_word' id='word_1_714' title='bbox 3165 4835 3259 4881; x_wconf 82' lang='grc' dir='ltr'>τοῦ</span> <span class='ocrx_word' id='word_1_715' title='bbox 3309 4824 3578 4880; x_wconf 84' lang='grc' dir='ltr'>καθολικοῦ</span> <span class='ocrx_word' id='word_1_716' title='bbox 3754 4825 3834 4906; x_wconf 53' lang='grc' dir='ltr'>αξξ·</span> 
     </span>
    </p>
   </div>
   <div class='ocr_carea' id='block_1_55' title="bbox 489 4897 3836 4996">
    <p class='ocr_par' dir='ltr' id='par_1_55' title="bbox 489 4897 3836 4996">
     <span class='ocr_line' id='line_1_55' title="bbox 489 4897 3836 4996; baseline -0.004 -24"><span class='ocrx_word' id='word_1_717' title='bbox 489 4921 651 4980; x_wconf 80' lang='grc' dir='ltr'>αύτής</span> <span class='ocrx_word' id='word_1_718' title='bbox 722 4919 1034 4982; x_wconf 82' lang='grc' dir='ltr'>Ἐκκλησίας</span> <span class='ocrx_word' id='word_1_719' title='bbox 1115 4927 1278 4996; x_wconf 82' lang='grc' dir='ltr'>κυροῦ</span> <span class='ocrx_word' id='word_1_720' title='bbox 1329 4925 1721 4975; x_wconf 79' lang='grc' dir='ltr'>Κωνσταντίνου</span> <span class='ocrx_word' id='word_1_721' title='bbox 1777 4897 2040 4995; x_wconf 52' lang='grc' dir='ltr'>γραᾷἐντα</span> <span class='ocrx_word' id='word_1_722' title='bbox 2107 4923 2238 4994; x_wconf 85' lang='grc' dir='ltr'>πρὸς</span> <span class='ocrx_word' id='word_1_723' title='bbox 2305 4923 2392 4973; x_wconf 88' lang='grc' dir='ltr'>τὸν</span> <span class='ocrx_word' id='word_1_724' title='bbox 2447 4920 2736 4993; x_wconf 70' lang='grc' dir='ltr'>ἁγιώτατον</span> <span class='ocrx_word' id='word_1_725' title='bbox 2788 4897 3130 4995; x_wconf 79' lang='grc' dir='ltr'>πατριάρχην</span> <span class='ocrx_word' id='word_1_726' title='bbox 3187 4924 3336 4990; x_wconf 87' lang='grc' dir='ltr'>κῦριν</span> <span class='ocrx_word' id='word_1_727' title='bbox 3383 4912 3642 4988; x_wconf 86' lang='grc' dir='ltr'>Γερμανὸν,</span> <span class='ocrx_word' id='word_1_728' title='bbox 3687 4897 3836 4996; x_wconf 31' lang='lat' dir='ltr'>fama.&quot;</span> 
     </span>
    </p>
   </div>
   <div class='ocr_carea' id='block_1_56' title="bbox 489 4989 3833 5087">
    <p class='ocr_par' dir='ltr' id='par_1_56' title="bbox 489 4989 3833 5087">
     <span class='ocr_line' id='line_1_56' title="bbox 489 4989 3833 5087; baseline -0.004 -25"><span class='ocrx_word' id='word_1_729' title='bbox 489 5010 624 5084; x_wconf 87' lang='grc' dir='ltr'>μετὰ</span> <span class='ocrx_word' id='word_1_730' title='bbox 671 5013 765 5069; x_wconf 75' lang='grc' dir='ltr'>τὴν</span> <span class='ocrx_word' id='word_1_731' title='bbox 817 5007 1008 5062; x_wconf 75' lang='grc' dir='ltr'>ἐκείνου</span> <span class='ocrx_word' id='word_1_732' title='bbox 1054 5014 1188 5084; x_wconf 86' lang='grc' dir='ltr'>πρὸς</span> <span class='ocrx_word' id='word_1_733' title='bbox 1243 5012 1433 5085; x_wconf 80' lang='grc' dir='ltr'>Κύριον</span> <span class='ocrx_word' id='word_1_734' title='bbox 1483 5007 1743 5084; x_wconf 72' lang='grc' dir='ltr'>ἐκδημίαν</span> <span class='ocrx_word' id='word_1_735' title='bbox 1801 5013 1946 5084; x_wconf 88' lang='grc' dir='ltr'>παρὰ</span> <span class='ocrx_word' id='word_1_736' title='bbox 1993 5017 2092 5064; x_wconf 85' lang='grc' dir='ltr'>τῶν</span> <span class='ocrx_word' id='word_1_737' title='bbox 2161 5011 2504 5083; x_wconf 81' lang='grc' dir='ltr'>ὑποκειμένων</span> <span class='ocrx_word' id='word_1_738' title='bbox 2560 5018 2633 5083; x_wconf 81' lang='grc' dir='ltr'>τῷ</span> <span class='ocrx_word' id='word_1_739' title='bbox 2685 5013 2848 5085; x_wconf 83' lang='grc' dir='ltr'>θρόνῳ</span> <span class='ocrx_word' id='word_1_740' title='bbox 2927 5017 3024 5071; x_wconf 78' lang='grc' dir='ltr'>τῆς</span> <span class='ocrx_word' id='word_1_741' title='bbox 3095 4999 3654 5061; x_wconf 79' lang='grc' dir='ltr'>Κωνσταντινουπόλεως</span> <span class='ocrx_word' id='word_1_742' title='bbox 3695 4989 3833 5087; x_wconf 42' lang='grc' dir='ltr'>ἀρχιεο</span> 
     </span>
    </p>
   </div>
   <div class='ocr_carea' id='block_1_57' title="bbox 493 5082 2107 5180">
    <p class='ocr_par' dir='ltr' id='par_1_57' title="bbox 493 5082 2107 5180">
     <span class='ocr_line' id='line_1_57' title="bbox 493 5082 2107 5180; baseline -0.002 -24"><span class='ocrx_word' id='word_1_743' title='bbox 493 5082 640 5175; x_wconf 74' lang='grc' dir='ltr'>ρίωνο</span> <span class='ocrx_word' id='word_1_744' title='bbox 668 5132 736 5144; x_wconf 89' lang='grc'><strong>-</strong></span> <span class='ocrx_word' id='word_1_745' title='bbox 762 5100 821 5156; x_wconf 82' lang='grc' dir='ltr'><strong>Ὀ</strong></span> <span class='ocrx_word' id='word_1_746' title='bbox 853 5102 947 5158; x_wconf 77' lang='grc' dir='ltr'>τὴν</span> <span class='ocrx_word' id='word_1_747' title='bbox 976 5082 1201 5180; x_wconf 73' lang='grc' dir='ltr'>ῥηγικὴν</span> <span class='ocrx_word' id='word_1_748' title='bbox 1221 5082 1570 5174; x_wconf 65' lang='grc' dir='ltr'>ἁνεξωσμένος</span> <span class='ocrx_word' id='word_1_749' title='bbox 1596 5082 1766 5176; x_wconf 73' lang='grc' dir='ltr'>ἆρχὴν</span> <span class='ocrx_word' id='word_1_750' title='bbox 1794 5082 1890 5163; x_wconf 80' lang='grc' dir='ltr'>τῆς</span> <span class='ocrx_word' id='word_1_751' title='bbox 1915 5107 2012 5152; x_wconf 86' lang='grc' dir='ltr'>τῶν</span> <span class='ocrx_word' id='word_1_752' title='bbox 2035 5100 2107 5173; x_wconf 64' lang='grc' dir='ltr'>’Δι</span> 
     </span>
    </p>
   </div>
   <div class='ocr_carea' id='block_1_58' title="bbox 2220 5082 3834 5180">
    <p class='ocr_par' dir='ltr' id='par_1_58' title="bbox 2220 5082 3834 5180">
     <span class='ocr_line' id='line_1_58' title="bbox 2220 5082 3834 5180; baseline 0.001 -29"><span class='ocrx_word' id='word_1_753' title='bbox 2220 5103 2315 5151; x_wconf 66' lang='grc' dir='ltr'>’ίων</span> <span class='ocrx_word' id='word_1_754' title='bbox 2340 5082 2536 5172; x_wconf 61' lang='grc' dir='ltr'>ἓγινιᾶς,</span> <span class='ocrx_word' id='word_1_755' title='bbox 2559 5082 2610 5157; x_wconf 54' lang='grc' dir='ltr'>κέ</span> <span class='ocrx_word' id='word_1_756' title='bbox 2644 5120 2690 5153; x_wconf 88' lang='grc' dir='ltr'>τ.</span> <span class='ocrx_word' id='word_1_757' title='bbox 2718 5082 2766 5153; x_wconf 58' lang='grc' dir='ltr'>λ.</span> <span class='ocrx_word' id='word_1_758' title='bbox 2797 5097 3114 5168; x_wconf 73' lang='lat' dir='ltr'>Responsio</span> <span class='ocrx_word' id='word_1_759' title='bbox 3135 5095 3216 5153; x_wconf 89' lang='lat' dir='ltr'>ad</span> <span class='ocrx_word' id='word_1_760' title='bbox 3248 5093 3511 5151; x_wconf 78' lang='lat' dir='ltr'>libellum</span> <span class='ocrx_word' id='word_1_761' title='bbox 3539 5082 3834 5180; x_wconf 54' lang='lat' dir='ltr'>Afme&#39;fwf‘f</span> 
     </span>
    </p>
   </div>
   <div class='ocr_carea' id='block_1_59' title="bbox 492 5165 3836 5266">
    <p class='ocr_par' dir='ltr' id='par_1_59' title="bbox 492 5165 3836 5266">
     <span class='ocr_line' id='line_1_59' title="bbox 492 5165 3836 5266; baseline -0.005 -18"><span class='ocrx_word' id='word_1_762' title='bbox 492 5165 775 5250; x_wconf 60' lang='lat' dir='ltr'>Ecclesia</span> <span class='ocrx_word' id='word_1_763' title='bbox 781 5195 957 5263; x_wconf 81' lang='lat' dir='ltr'>jussu</span> <span class='ocrx_word' id='word_1_764' title='bbox 974 5165 1042 5250; x_wconf 59' lang='lat' dir='ltr'>ea</span> <span class='ocrx_word' id='word_1_765' title='bbox 1050 5165 1258 5252; x_wconf 63' lang='lat' dir='ltr'>iholici</span> <span class='ocrx_word' id='word_1_766' title='bbox 1268 5165 1523 5266; x_wconf 70' lang='lat' dir='ltr'>eiusdem</span> <span class='ocrx_word' id='word_1_767' title='bbox 1541 5165 1822 5249; x_wconf 51' lang='lat' dir='ltr'>Ecclesiae</span> <span class='ocrx_word' id='word_1_768' title='bbox 1836 5189 2064 5246; x_wconf 85' lang='lat' dir='ltr'>domini</span> <span class='ocrx_word' id='word_1_769' title='bbox 2077 5165 2451 5245; x_wconf 68' lang='lat' dir='ltr'>Constantini</span> <span class='ocrx_word' id='word_1_770' title='bbox 2465 5165 2750 5258; x_wconf 79' lang='lat' dir='ltr'>scriptum</span> <span class='ocrx_word' id='word_1_771' title='bbox 2763 5189 2840 5245; x_wconf 84' lang='lat' dir='ltr'>ad</span> <span class='ocrx_word' id='word_1_772' title='bbox 2853 5165 3181 5245; x_wconf 79' lang='lat' dir='ltr'>sanctissim</span> <span class='ocrx_word' id='word_1_773' title='bbox 3191 5201 3285 5239; x_wconf 85' lang='lat' dir='ltr'>um</span> <span class='ocrx_word' id='word_1_774' title='bbox 3299 5173 3686 5266; x_wconf 76' lang='lat' dir='ltr'>patriarcham</span> 
     </span>
    </p>
   </div>
   <div class='ocr_carea' id='block_1_60' title="bbox 491 5261 3836 5350">
    <p class='ocr_par' dir='ltr' id='par_1_60' title="bbox 491 5261 3836 5350">
     <span class='ocr_line' id='line_1_60' title="bbox 491 5261 3836 5350; baseline -0.008 -11"><span class='ocrx_word' id='word_1_775' title='bbox 491 5298 635 5340; x_wconf 86' lang='lat' dir='ltr'>num</span> <span class='ocrx_word' id='word_1_776' title='bbox 652 5261 1224 5342; x_wconf 57' lang='lat' dir='ltr'>Gernzanumfacta</span> <span class='ocrx_word' id='word_1_777' title='bbox 1239 5261 1320 5340; x_wconf 63' lang='lat' dir='ltr'>est</span> <span class='ocrx_word' id='word_1_778' title='bbox 1334 5288 1531 5340; x_wconf 80' lang='lat' dir='ltr'>autem</span> <span class='ocrx_word' id='word_1_779' title='bbox 1546 5282 1668 5339; x_wconf 63' lang='lat' dir='ltr'>haec</span> <span class='ocrx_word' id='word_1_780' title='bbox 1681 5279 1982 5350; x_wconf 82' lang='lat' dir='ltr'>responsio</span> <span class='ocrx_word' id='word_1_781' title='bbox 1997 5284 2122 5349; x_wconf 82' lang='lat' dir='ltr'>post</span> <span class='ocrx_word' id='word_1_782' title='bbox 2135 5278 2296 5334; x_wconf 80' lang='lat' dir='ltr'>illius</span> <span class='ocrx_word' id='word_1_783' title='bbox 2313 5277 2393 5334; x_wconf 86' lang='lat' dir='ltr'>ad</span> <span class='ocrx_word' id='word_1_784' title='bbox 2411 5279 2726 5335; x_wconf 86' lang='lat' dir='ltr'>Dominum</span> <span class='ocrx_word' id='word_1_785' title='bbox 2745 5277 3127 5340; x_wconf 80' lang='lat' dir='ltr'>transitum,a</span> <span class='ocrx_word' id='word_1_786' title='bbox 3139 5273 3422 5342; x_wconf 78' lang='lat' dir='ltr'>subiectis</span> <span class='ocrx_word' id='word_1_787' title='bbox 3436 5261 3836 5350; x_wconf 50' lang='grc' dir='ltr'>σοηειαηιῐιιίζρίξ</span> 
     </span>
    </p>
   </div>
   <div class='ocr_carea' id='block_1_61' title="bbox 496 5337 3834 5444">
    <p class='ocr_par' dir='ltr' id='par_1_61' title="bbox 496 5337 3834 5444">
     <span class='ocr_line' id='line_1_61' title="bbox 496 5337 3834 5444; baseline -0.006 -16"><span class='ocrx_word' id='word_1_788' title='bbox 496 5337 1151 5441; x_wconf 26' lang='lat' dir='ltr'>litancvieseiiiepiseopisi.</span> <span class='ocrx_word' id='word_1_789' title='bbox 1507 5337 1760 5442; x_wconf 53' lang='lat' dir='ltr'>regalem</span> <span class='ocrx_word' id='word_1_790' title='bbox 1773 5337 2126 5441; x_wconf 56' lang='lat' dir='ltr'>dignitatem</span> <span class='ocrx_word' id='word_1_791' title='bbox 2139 5367 2303 5436; x_wconf 79' lang='lat' dir='ltr'>apud</span> <span class='ocrx_word' id='word_1_792' title='bbox 2313 5361 2725 5424; x_wconf 74' lang='lat' dir='ltr'>Armeniorum</span> <span class='ocrx_word' id='word_1_793' title='bbox 2736 5372 2964 5436; x_wconf 81' lang='lat' dir='ltr'>gentem</span> <span class='ocrx_word' id='word_1_794' title='bbox 2979 5337 3317 5428; x_wconf 81' lang='lat' dir='ltr'>obtinet,etc</span> <span class='ocrx_word' id='word_1_795' title='bbox 3328 5403 3340 5415; x_wconf 92' lang='lat'>.</span> <span class='ocrx_word' id='word_1_796' title='bbox 3350 5361 3414 5415; x_wconf 85' lang='lat' dir='ltr'>Et</span> <span class='ocrx_word' id='word_1_797' title='bbox 3425 5353 3651 5413; x_wconf 88' lang='lat' dir='ltr'>libellum</span> 
     </span>
    </p>
   </div>
   <div class='ocr_carea' id='block_1_62' title="bbox 495 5429 3835 5535">
    <p class='ocr_par' dir='ltr' id='par_1_62' title="bbox 495 5429 3835 5535">
     <span class='ocr_line' id='line_1_62' title="bbox 495 5429 3835 5535; baseline -0.003 -18"><span class='ocrx_word' id='word_1_798' title='bbox 495 5429 750 5519; x_wconf 80' lang='lat' dir='ltr'>Armenii</span> <span class='ocrx_word' id='word_1_799' title='bbox 763 5429 1114 5535; x_wconf 73' lang='lat' dir='ltr'>patriarchas</span> <span class='ocrx_word' id='word_1_800' title='bbox 1131 5429 1496 5518; x_wconf 26' lang='lat' dir='ltr'>allatum-sibi</span> <span class='ocrx_word' id='word_1_801' title='bbox 1511 5429 1670 5515; x_wconf 68' lang='lat' dir='ltr'>aiunt</span> <span class='ocrx_word' id='word_1_802' title='bbox 1681 5429 1864 5516; x_wconf 73' lang='lat' dir='ltr'>Graeci</span> <span class='ocrx_word' id='word_1_803' title='bbox 1877 5475 1913 5513; x_wconf 91' lang='lat' dir='ltr'>a</span> <span class='ocrx_word' id='word_1_804' title='bbox 1925 5429 2206 5528; x_wconf 84' lang='lat' dir='ltr'>Gregorio</span> <span class='ocrx_word' id='word_1_805' title='bbox 2219 5455 2589 5528; x_wconf 89' lang='lat' dir='ltr'>metropolita</span> <span class='ocrx_word' id='word_1_806' title='bbox 2607 5429 3243 5524; x_wconf 65' lang='lat' dir='ltr'>Isauriae,eumdemque</span> <span class='ocrx_word' id='word_1_807' title='bbox 3261 5447 3437 5522; x_wconf 87' lang='lat' dir='ltr'>paulo</span> <span class='ocrx_word' id='word_1_808' title='bbox 3447 5429 3835 5535; x_wconf 43' lang='lat' dir='ltr'>fortasse</span> 
     </span>
    </p>
   </div>
   <div class='ocr_carea' id='block_1_63' title="bbox 491 5521 3831 5624">
    <p class='ocr_par' dir='ltr' id='par_1_63' title="bbox 491 5521 3831 5624">
     <span class='ocr_line' id='line_1_63' title="bbox 491 5521 3831 5624; baseline -0.006 -16"><span class='ocrx_word' id='word_1_809' title='bbox 491 5567 616 5608; x_wconf 88' lang='lat' dir='ltr'>rum</span> <span class='ocrx_word' id='word_1_810' title='bbox 636 5557 693 5611; x_wconf 91' lang='lat' dir='ltr'>et</span> <span class='ocrx_word' id='word_1_811' title='bbox 710 5521 989 5609; x_wconf 74' lang='lat' dir='ltr'>sensuum</span> <span class='ocrx_word' id='word_1_812' title='bbox 1009 5550 1440 5624; x_wconf 90' lang='lat' dir='ltr'>profundidate</span> <span class='ocrx_word' id='word_1_813' title='bbox 1457 5547 1812 5616; x_wconf 89' lang='lat' dir='ltr'>abstrusum,</span> <span class='ocrx_word' id='word_1_814' title='bbox 1828 5521 2222 5605; x_wconf 61' lang='lat' dir='ltr'>verumtamen</span> <span class='ocrx_word' id='word_1_815' title='bbox 2235 5521 2508 5602; x_wconf 79' lang='lat' dir='ltr'>charitati</span> <span class='ocrx_word' id='word_1_816' title='bbox 2525 5544 2807 5602; x_wconf 89' lang='lat' dir='ltr'>scrutanti</span> <span class='ocrx_word' id='word_1_817' title='bbox 2819 5521 3391 5616; x_wconf 83' lang='lat' dir='ltr'>pervium,appellare</span> <span class='ocrx_word' id='word_1_818' title='bbox 3404 5521 3831 5624; x_wconf 36' lang='lat' dir='ltr'>videnturzollflg;</span> 
     </span>
    </p>
   </div>
   <div class='ocr_carea' id='block_1_64' title="bbox 492 5592 3832 5718">
    <p class='ocr_par' dir='ltr' id='par_1_64' title="bbox 492 5592 3832 5718">
     <span class='ocr_line' id='line_1_64' title="bbox 492 5592 3348 5616; baseline -0.005 -6"><span class='ocrx_word' id='word_1_819' title='bbox 492 5592 514 5608; x_wconf 86' lang='lat'>.</span> <span class='ocrx_word' id='word_1_820' title='bbox 528 5592 616 5607; x_wconf 68' lang='grc' dir='ltr'>..με</span> <span class='ocrx_word' id='word_1_821' title='bbox 636 5592 693 5611; x_wconf 73' lang='grc' dir='ltr'>ν.</span> <span class='ocrx_word' id='word_1_822' title='bbox 710 5592 989 5609; x_wconf 48' lang='lat' dir='ltr'>usus“...</span> <span class='ocrx_word' id='word_1_823' title='bbox 1052 5592 1440 5608; x_wconf 62' lang='grc' dir='ltr'>,νηηηηιηην</span> <span class='ocrx_word' id='word_1_824' title='bbox 1457 5592 1609 5605; x_wconf 79' lang='lat'>........</span> <span class='ocrx_word' id='word_1_825' title='bbox 1624 5592 1812 5616; x_wconf 62' lang='grc' dir='ltr'>..υ-...η</span> <span class='ocrx_word' id='word_1_826' title='bbox 1840 5592 1854 5604; x_wconf 85' lang='grc'><em>.</em></span> <span class='ocrx_word' id='word_1_827' title='bbox 1868 5592 1921 5605; x_wconf 72' lang='grc' dir='ltr'>ν.</span> <span class='ocrx_word' id='word_1_828' title='bbox 1937 5592 2222 5604; x_wconf 75' lang='lat'>........._-..</span> <span class='ocrx_word' id='word_1_829' title='bbox 2238 5592 2368 5602; x_wconf 60' lang='grc' dir='ltr'>--.υ</span> <span class='ocrx_word' id='word_1_830' title='bbox 2384 5592 2508 5602; x_wconf 86' lang='lat'>--..-.</span> <span class='ocrx_word' id='word_1_831' title='bbox 2525 5592 2610 5602; x_wconf 63' lang='grc' dir='ltr'>η-</span> <span class='ocrx_word' id='word_1_832' title='bbox 2626 5592 2807 5602; x_wconf 79' lang='lat'>_._-.--</span> <span class='ocrx_word' id='word_1_833' title='bbox 2821 5592 2910 5616; x_wconf 52' lang='grc' dir='ltr'>Γ--</span> <span class='ocrx_word' id='word_1_834' title='bbox 2935 5592 3208 5614; x_wconf 59' lang='grc' dir='ltr'>.---,Ἳτ</span> <span class='ocrx_word' id='word_1_835' title='bbox 3224 5592 3348 5597; x_wconf 49' lang='grc' dir='ltr'>η---</span> 
     </span>
     <span class='ocr_line' id='line_1_65' title="bbox 492 5592 3832 5718; baseline -0.007 -16"><span class='ocrx_word' id='word_1_836' title='bbox 492 5643 700 5703; x_wconf 92' lang='lat' dir='ltr'>obrem</span> <span class='ocrx_word' id='word_1_837' title='bbox 726 5642 842 5718; x_wconf 91' lang='lat' dir='ltr'>ipsi</span> <span class='ocrx_word' id='word_1_838' title='bbox 867 5592 1129 5700; x_wconf 51' lang='lat' dir='ltr'>vicissim</span> <span class='ocrx_word' id='word_1_839' title='bbox 1149 5640 1394 5698; x_wconf 88' lang='lat' dir='ltr'>recitata</span> <span class='ocrx_word' id='word_1_840' title='bbox 1427 5654 1568 5696; x_wconf 82' lang='lat' dir='ltr'>mox</span> <span class='ocrx_word' id='word_1_841' title='bbox 1593 5653 1708 5696; x_wconf 88' lang='lat' dir='ltr'>sua</span> <span class='ocrx_word' id='word_1_842' title='bbox 1725 5637 2026 5695; x_wconf 90' lang='lat' dir='ltr'>luculenta</span> <span class='ocrx_word' id='word_1_843' title='bbox 2047 5635 2187 5692; x_wconf 87' lang='lat' dir='ltr'>ﬁdei</span> <span class='ocrx_word' id='word_1_844' title='bbox 2203 5634 2596 5708; x_wconf 84' lang='lat' dir='ltr'>professione,</span> <span class='ocrx_word' id='word_1_845' title='bbox 2618 5633 2697 5691; x_wconf 89' lang='lat' dir='ltr'>ad</span> <span class='ocrx_word' id='word_1_846' title='bbox 2715 5633 2994 5691; x_wconf 89' lang='lat' dir='ltr'>eamdem</span> <span class='ocrx_word' id='word_1_847' title='bbox 3014 5629 3324 5688; x_wconf 80' lang='lat' dir='ltr'>Armenios</span> <span class='ocrx_word' id='word_1_848' title='bbox 3345 5621 3596 5718; x_wconf 76' lang='lat' dir='ltr'>invitant,</span> <span class='ocrx_word' id='word_1_849' title='bbox 3617 5592 3832 5718; x_wconf 39' lang='lat' dir='ltr'>attigi?</span> 
     </span>
    </p>
   </div>
   <div class='ocr_carea' id='block_1_65' title="bbox 493 5696 3835 5804">
    <p class='ocr_par' dir='ltr' id='par_1_65' title="bbox 493 5696 3835 5804">
     <span class='ocr_line' id='line_1_66' title="bbox 493 5696 3835 5804; baseline -0.009 -5"><span class='ocrx_word' id='word_1_850' title='bbox 493 5696 1656 5804; x_wconf 38' lang='lat' dir='ltr'>omniord‘amconcordiamdogmatum</span> <span class='ocrx_word' id='word_1_851' title='bbox 1668 5696 2261 5799; x_wconf 67' lang='lat' dir='ltr'>stabiliendamErgo</span> <span class='ocrx_word' id='word_1_852' title='bbox 2276 5729 2492 5798; x_wconf 88' lang='lat' dir='ltr'>septem</span> <span class='ocrx_word' id='word_1_853' title='bbox 2507 5696 2879 5799; x_wconf 86' lang='lat' dir='ltr'>synodorum</span> <span class='ocrx_word' id='word_1_854' title='bbox 2891 5721 3224 5798; x_wconf 86' lang='lat' dir='ltr'>(interquas</span> <span class='ocrx_word' id='word_1_855' title='bbox 3237 5696 3835 5778; x_wconf 67' lang='lat' dir='ltr'>Chalcedonensislwm&#39;</span> 
     </span>
    </p>
   </div>
   <div class='ocr_carea' id='block_1_66' title="bbox 3573 6053 3972 6162">
    <p class='ocr_par' dir='ltr' id='par_1_66' title="bbox 3573 6053 3972 6162">
     <span class='ocr_line' id='line_1_67' title="bbox 3573 6053 3972 6162; baseline 0 0"><span class='ocrx_word' id='word_1_856' title='bbox 3573 6053 3972 6162; x_wconf 38' lang='grc' dir='ltr'><em>Α</em></span> 
     </span>
    </p>
   </div>
  </div>
