4088 6214
489 221 593 280 7m
1864 219 2098 277 pacm
2138 220 2604 280 PATRIARCH/E
2638 222 2748 281 cr.
3201 233 3216 236 -
3447 201 3452 212 ’
3769 227 3848 285 vos

485 348 715 405 Christo
772 353 1013 406 natura.
1069 346 1234 414 Quod
1287 345 1441 404 enim
1489 345 1759 402 Armenii
1805 346 2153 404 heterodoxi
2209 349 2680 405 Chalcedonense
2731 348 3053 406 concilium
3093 349 3178 408 ad
3225 349 3382 406 hanc
3416 359 3594 422 usque
3617 350 3752 409 diem
3780 369 3849 410 re-

483 444 732 507 spuunt,
753 438 817 493 in
843 453 1020 494 causa
1036 439 1171 508 jam
1191 452 1309 492 non
1337 442 1419 492 est
1440 435 1592 504 facti
1619 434 1884 491 historici
1909 436 2256 505 ignorantia
2278 444 2384 494 aut
2413 453 2604 500 error,
2621 439 2723 494 sed
2754 440 2888 505 ipsa
2916 440 3116 508 potius
3144 439 3383 496 haeresis
3411 439 3846 511 monophysitt'ca,

485 542 659 598 quam
688 542 726 583 a
757 527 994 583 concilio
1032 527 1372 582 damnatam
1401 523 1512 595 ipsi
1561 523 1818 580 retinent
1844 541 1882 582 a
1924 525 2251 596 majoribus
2293 527 2416 583 suis
2465 527 2748 584 traditam
2776 543 2849 584 ac
2877 535 3288 599 propugnant,
3341 529 3482 584 dum
3531 543 3698 584 unam
3751 547 3852 599 per.

485 616 763 672 tinaciter
789 616 854 672 in
878 615 1114 684 scriptis
1140 618 1194 671 et
1215 613 1667 681 confessionibus
1691 614 1814 668 suis
1841 613 2072 670 Christi
2099 615 2300 671 dicunt
2329 632 2344 681 ;
2373 617 2836 673 reclamantibus
2859 619 3149 684 omnibus,
3167 619 3272 690 qui
3283 617 3558 674 adversus
3578 631 3664 673 eos
3685 621 3850 689 quovis

486 710 740 776 tempore
759 702 1654 776 disputarunt,Chalcedonensis
1665 703 1880 772 synodi
1889 703 2383 772 defensoribus,ut
2406 712 2459 761 et
2473 706 2536 761 in
2560 705 2650 761 his
2669 707 2866 763 Photii
2876 707 3245 779 aliorumque
3269 707 3598 764 Grtecorum
3613 706 3850 776 epistolis:

487 799 542 850 et
571 796 634 851 in
665 796 958 866 evulgatis
985 793 1118 849 aliis
1148 809 1184 848 a
1214 807 1304 848 me
1329 798 1588 848 veterum
1619 793 1786 848 libris
1817 808 1972 862 sape
2000 793 2198 850 videre
2234 801 2336 850 est.
2369 794 2470 851 Sic
2502 810 2638 865 ergo
2656 797 2856 866 pergit
2881 795 3145 852 Photius.

556 889 608 938 7.
629 887 791 942 Nunc
810 898 995 938 cuma
1025 882 1260 937 Domini
1291 881 1474 936 nostri
1495 881 1630 936 Jesu
1645 880 1854 937 Christi
1874 880 2174 938 nativitate
2197 883 2242 955 (l
2257 884 2310 955 5)
2337 899 2524 956 usque
2555 884 2632 940 ad
2646 900 2875 940 annum
2898 886 3174 942 Marciani
3218 885 3560 958 imperantis
3575 893 3851 950 secundum

486 973 628 1030 anni
658 971 1229 1042 etﬂuxerint451(t6)
1265 987 1280 1037 ;
1310 975 1367 1026 et
1403 969 1619 1026 deinde
1651 975 1790 1042 post
1836 971 2161 1026 concilium
2191 972 2674 1030 Chalcedonense
2715 989 2910 1046 usque
2949 975 3024 1030 ad
3057 991 3191 1046 nos,
3223 977 3365 1030 anni
3391 978 3496 1032 424
3525 979 3654 1052 (17),
3678 981 3854 1039 mirum

485 1066 574 1118 est
601 1077 671 1117 ac
692 1076 876 1133 prope
898 1065 1333 1132 portentosum,
1356 1059 1516 1116 credi
1541 1075 1578 1115 a
1593 1059 1765 1115 vobis
1787 1060 2162 1132 posse,quod
2182 1061 2442 1134 populus
2463 1068 2730 1131 sanctus,
2757 1063 2976 1120 electus
3001 1069 3182 1136 atque
3207 1066 3705 1142 acceptabilis,qui
3722 1073 3857 1127 annis

484 1153 581 1206 451
617 1151 730 1222 (18)
754 1156 914 1207 recto
938 1167 1077 1206 cum
1097 1150 1382 1221 dogmate
1405 1151 1792 1222 Evangelium
1823 1152 2354 1225 conservavit,quo
2383 1153 2560 1210 veluti
2587 1154 2836 1226 copioso
2872 1154 3030 1210 fonte
3050 1160 3458 1229 perpetuoque
3478 1155 3710 1215 ﬂumine
3731 1159 3858 1216 orbis

485 1253 774 1305 terrarum
815 1247 1089 1319 irrigatus
1126 1253 1232 1313 est,
1262 1249 1454 1304 subito
1494 1264 1692 1304 errore
1720 1249 1909 1321 abripi
1942 1265 2004 1305 se
2029 1248 2362 1322 permiserit
2395 1266 2408 1316 ;
2438 1267 2576 1306 cum
2603 1251 2653 1306 is
2680 1251 2874 1322 potius
2904 1252 3215 1309 hareticos
3244 1269 3456 1310 omnes
3488 1271 3710 1329 semper
3740 1258 3858 1314 refu-

482 1339 710 1406 taverit,
743 1339 1040 1410 ﬁdemque
1069 1337 1466 1394 orthodoxam
1492 1339 1831 1394 servaverit.
1863 1341 2148 1394 Praterea
2176 1339 2723 1411 exploratissimum
2756 1346 2844 1397 est
2865 1357 3079 1397 omnes
3112 1341 3389 1398 homines
3417 1360 3452 1398 a
3481 1345 3754 1416 pradictis
3777 1348 3857 1402 do.

483 1427 748 1484 ctorihus
781 1427 892 1499 (t9)
924 1426 1336 1497 evangelicam
1365 1428 1672 1483 veritatem
1695 1427 1970 1483 hausisse
2000 1445 2013 1483 :
2042 1428 2262 1484 etenim
2285 1434 2630 1485 sanctorum
2657 1430 2967 1486 doctorum
2986 1445 3140 1502 quos
3160 1447 3343 1502 supra
3364 1431 3726 1490 laudavimus
3747 1435 3851 1492 libri

477 1533 586 1589 per
614 1516 822 1572 orbem
849 1515 1053 1572 diﬂ‘usi
1080 1515 1262 1579 fuere,
1288 1516 1394 1588 qui
1427 1516 1639 1583 Christi
1666 1516 2036 1573 divinitatem
2076 1524 2279 1589 aperte
2308 1524 2610 1574 asserunt.
2644 1521 2796 1590 Ergo
2825 1534 2862 1575 a
2896 1526 3101 1575 sancto
3133 1521 3369 1576 Nicano
3395 1521 3639 1579 concilio
3666 1523 3852 1580 initium

482 1605 810 1676 capiamus,
845 1606 1017 1674 cujus
1047 1605 1302 1660 breviter
1326 1610 1749 1674 argumentum
1770 1621 2165 1678 exponemus,
2192 1612 2249 1663 et
2278 1623 2418 1663 cum
2449 1606 2916 1665 Chalcedonensi
2946 1608 3343 1676 conteremus,
3365 1614 3427 1665 ut
3445 1615 3719 1685 appareat
3738 1629 3852 1669 num

483 1710 622 1750 cum
645 1693 745 1749 illo
788 1693 902 1749 hoc
932 1695 1283 1763 consentiat,
1310 1695 1556 1767 ejusque
1579 1695 1841 1765 vestigiis
1870 1695 2120 1762 insistat,
2153 1710 2230 1752 an
2264 1697 2611 1753 adversetur
2641 1699 2840 1769 potius
2867 1696 2959 1753 vel
2986 1704 3296 1770 repugnet.

551 1784 605 1837 8.
651 1785 864 1838 Beatus
889 1781 1260 1854 Epiphanius
1298 1783 1598 1852 octoginta
1630 1789 1896 1840 recenset
1927 1783 2202 1852 hareses,
2235 1785 2440 1854 viginti
2467 1785 2712 1858 quidem
2741 1792 2878 1842 ante
2912 1786 3149 1843 Domini
3194 1788 3380 1845 nostri
3403 1789 3848 1855 incarnationem,

481 1876 622 1944 post
643 1871 800 1928 hanc
830 1878 1030 1927 autem
1052 1871 1381 1941 sexaginta.
1400 1874 1675 1928 Attamen
1701 1873 1866 1929 haud
1893 1889 2049 1946 opus
2065 1873 2172 1930 fuit
2191 1873 2510 1930 universali
2535 1875 2790 1931 concilio
2811 1875 2893 1931 ob
2919 1875 3048 1930 illas
3065 1877 3560 1946 exstinguendas,
3575 1880 3708 1953 quia
3720 1879 3857 1935 vide-

478 1960 615 2017 licet
635 1961 818 2016 sancti
844 1960 1114 2016 Ecclesia
1145 1961 1420 2018 doctores
1444 1962 1610 2017 omni
1629 1968 1917 2032 tempore,
1952 1977 2071 2019 una
2089 1979 2226 2019 cum
2251 1964 2556 2019 nonnullis
2579 1965 2898 2036 episcopis,
2919 1981 3022 2020 eas
3041 1965 3527 2036 proﬂigaverant,
3555 1984 3622 2024 ac
3645 1967 3856 2024 veritatis

477 2049 733 2106 oraculis
750 2053 1039 2122 tanquam
1061 2049 1365 2121 lapidibus
1393 2049 1737 2106 obruerant.
1761 2051 1940 2120 igitur
1968 2053 2189 2124 impius
2210 2051 2304 2108 ille
2328 2053 2620 2125 princeps,
2644 2053 2749 2127 qui
2780 2053 3058 2110 deitatem
3090 2055 3386 2122 ambiens,
3415 2057 3684 2112 thronum
3711 2072 3852 2112 suum

478 2153 661 2210 supra
685 2137 872 2193 nubes
896 2141 1156 2194 statuere
1183 2138 1350 2204 dixit,
1375 2155 1558 2212 seque
1575 2139 1872 2196 Altissimo
1902 2157 2108 2213 parem
2134 2158 2283 2208 esse,
2307 2159 2446 2198 cum
2471 2144 2860 2214 Evangelium
2883 2143 3064 2200 citato
3081 2161 3259 2201 cursu
3281 2161 3388 2217 per
3409 2151 3664 2218 quatuor
3684 2145 3851 2202 mundi

477 2227 708 2299 plagas,
736 2225 975 2283 nemine
1005 2226 1300 2291 obstante,
1323 2228 1637 2301 pervagari
1669 2235 1951 2294 cerneret,
1982 2231 2166 2287 livore
2198 2237 2410 2300 tactus,
2430 2248 2674 2288 currum
2701 2233 2827 2306 ipse
2848 2249 3091 2306 quoque
3110 2235 3220 2290 sibi
3243 2235 3618 2292 machinatus
3642 2240 3722 2291 est
3739 2249 3853 2306 qua-

475 2316 2120 2391 driformem.contraevangelicamquadrigam,quatuor
2133 2320 2522 2377 scilicetrotas
2535 2337 2607 2377 ex
2625 2322 2956 2378 haresibus
2969 2328 3230 2396 quatuor
3241 2339 3374 2380 com
3385 2337 3850 2396 ponens,quarum

473 2405 610 2462 dua
649 2405 940 2460 adversus
965 2404 1410 2461 sanctissimam
1441 2406 1776 2463 Trinitatem
1808 2407 2216 2480 blasphemiae
2250 2415 2555 2477 evomunt,
2590 2411 2830 2483 reliqua
2856 2411 2993 2467 dua
3024 2419 3232 2468 contra
3265 2414 3592 2470 Servatoris
3618 2415 3850 2469 incarna-

476 2494 716 2558 tionem,
733 2493 910 2548 vsicuti
927 2493 1213 2565 scriptum
1241 2499 1360 2548 est:
1389 2495 1802 2552 Posueruntin
1823 2498 2027 2554 calum
2049 2513 2112 2554 os
2136 2515 2329 2564 suum,
2353 2507 2406 2555 et
2430 2499 2634 2570 lingua
2655 2515 2856 2556 eorum
2877 2502 3152 2558 transivit
3176 2502 3238 2556 in
3261 2509 3430 2559 terra
3451 2503 3493 2558 ⁸.
3520 2502 3849 2559 Scilicetcon-

477 2583 697 2638 vicium
721 2587 1114 2638 sacrosancta
1129 2583 1691 2649 Trinitatifecerunt,
1727 2585 2104 2659 Verbumque
2130 2587 2209 2643 ob
2234 2588 2443 2643 mundi
2465 2588 2716 2644 salutem
2747 2588 2808 2644 in
2835 2595 3022 2646 terras
3048 2590 3388 2663 delapsum,
3423 2597 3598 2664 atque
3622 2589 3846 2662 ejusdem

477 2669 766 2727 incarnati
797 2671 1195 2727 aconomiam
1225 2671 1570 2729 calumniati
1600 2678 1755 2729 sunt.
1790 2673 1986 2731 Causa
2012 2681 2212 2732 autem
2256 2676 2368 2732 illis
2399 2677 2614 2732 erroris
2659 2677 2977 2750 perniciosi
3009 2677 3135 2745 fuit,
3167 2679 3442 2751 ipsorum
3475 2679 3703 2737 stultitia
3725 2675 3849 2734 altit-

481 2760 761 2816 mantium
780 2775 964 2816 unam
979 2764 1270 2827 naturam,
1289 2776 1595 2835 unamque
1608 2763 2062 2835 hypostasim,id
2078 2771 2166 2821 est
2179 2765 2758 2838 personam.Reapse
2777 2767 3068 2824 Sabellius
3091 2768 3344 2840 Libycus
3365 2769 3480 2825 etsi
3500 2784 3673 2826 unam
3687 2781 3844 2823 sacra-

477 2847 716 2905 tissima
746 2847 1042 2906 Trinitatis
1067 2853 1344 2906 naturam
1369 2850 1784 2923 proﬁtebatur,
1816 2867 2106 2924 personas
2150 2859 2353 2910 tamen
2385 2855 2441 2910 in
2472 2871 2657 2912 unum
2691 2855 2978 2920 confudit,
3012 2871 3195 2929 seque
3226 2857 3286 2912 in
3318 2857 3666 2913 barathrum
3690 2853 3848 2928 perdi-

477 2937 655 3001 tionis
677 2938 947 3008 conjecit,
972 2942 1116 3010 quia
1133 2939 1548 2996 confusionem
1577 2941 2036 3014 mistionemque
2054 2943 2274 2998 invexit
2307 2949 2486 3015 atque
2517 2943 2766 3000 alterum
2789 2944 2817 2999 J
2826 2944 3056 3000 udaism
3068 2961 3190 3001 um.
3219 2946 3392 3002 Arius
3423 2952 3627 3003 contra
3645 2944 3847 3000 Alexan-

475 3027 699 3094 drinus,
733 3042 903 3100 aque
933 3043 1004 3083 ac
1035 3034 1150 3084 tres
1178 3027 1238 3084 in
1271 3030 1646 3086 sanctissima
1672 3031 1948 3087 Trinitate
1979 3047 2293 3104 personas,
2325 3038 2604 3089 naturam
2647 3049 2890 3106 quoque
2921 3033 3304 3090 subdividere
3353 3037 3524 3092 nisus
3554 3040 3636 3091 est
3675 3034 3726 3089 in
3751 3037 3844 3087 tres

473 3117 743 3173 diversas
773 3115 1234 3190 diﬂ'erentesque
1265 3119 1634 3176 substantias
1664 3137 1679 3188 ;
1712 3125 2266 3193 consequenterque
2299 3137 2336 3178 a
2383 3122 2623 3178 veritate
2669 3122 2904 3192 devius,
2937 3127 3204 3180 creatum
3243 3139 3280 3180 a
3305 3123 3480 3181 Patre
3511 3123 3702 3181 Filium
3726 3118 3846 3177 dixit

473 3221 598 3263 non
619 3204 905 3277 genitum.

542 3297 595 3350 9.
625 3298 772 3352 Cum
799 3294 884 3350 sic
904 3295 1085 3364 igitur
1102 3311 1138 3352 a
1155 3295 1416 3352 Sabellio
1430 3302 1486 3354 et
1511 3297 1646 3353 Ario
1669 3297 1926 3354 Ecclesia
1949 3299 2046 3354 Dei
2072 3297 2428 3364 turbaretur,
2446 3314 2608 3356 anno
2620 3305 2756 3372 post
2789 3299 3022 3357 Domini
3055 3301 3241 3356 nostri
3269 3301 3416 3358 Jesu
3449 3300 3651 3358 Christi
3677 3295 3846 3367 magni

473 3383 573 3438 Dei
605 3383 973 3440 nativitatem
999 3384 1256 3456 325(20),
1284 3385 1642 3442 Constantini
1664 3387 2010 3458 imperantis
2033 3388 2244 3460 19(2l),
2261 3389 2661 3444 sanctiPatres
2681 3389 3331 3455 conveneruntNicaa,
3355 3383 3845 3461 adfueruntqueibi

470 3472 840 3542 patriarcha,
863 3475 1064 3528 Roma
1076 3473 1320 3544 quidem
1337 3473 1760 3545 Silvester(22),
1775 3475 2111 3532 Alexander
2127 3476 2516 3545 Alexandria,
2541 3478 2882 3533 Eustathius
2894 3478 3234 3546 Antiochia,
3254 3480 3591 3536 Alexander
3603 3479 3841 3534 Constan-

470 3559 819 3632 tinopoleos,
847 3559 964 3631 (23)
994 3561 1279 3616 Macarius
1312 3561 1878 3633 Hierolosymorum,
1908 3565 2196 3621 Aristaces
2217 3566 2332 3638 (24)
2363 3582 2606 3639 quoque
2634 3566 3052 3623 Armeniorum
3073 3571 3260 3623 sancti
3288 3566 3552 3638 Gregorii
3581 3568 3759 3624 locum
3783 3567 3843 3619 te-

469 3663 649 3704 nens:
678 3648 860 3720 hique
875 3647 1056 3703 simul
1073 3663 1210 3704 cum
1223 3652 1328 3704 318
1344 3650 1661 3722 episcopis,
1679 3651 1935 3710 Ecclesia
1951 3671 2089 3710 cum
2107 3656 2594 3712 anathematibus
2612 3655 2968 3729 expulerunt
2980 3657 3304 3714 Sabellium
3319 3663 3501 3732 atque
3513 3658 3719 3726 Arium,
3731 3666 3843 3709 con-

467 3737 734 3810 fessique
747 3741 887 3792 sunt
900 3737 1096 3792 Filium
1109 3736 1182 3793 de
1197 3737 1370 3794 Patre
1382 3738 1650 3809 genitum
1664 3742 1964 3799 etradium
1981 3744 2330 3801 substantia
2347 3745 3066 3816 ejus.MoxdeArianorum
3080 3753 3240 3802 secta
3251 3748 3629 3804 Macedonius
3645 3740 3840 3806 exstitit,

469 3827 718 3899 Spiritus
738 3826 926 3882 sancti
945 3826 1156 3893 hostis,
1185 3843 1368 3898 quem
1401 3834 1687 3896 creatum,
1717 3847 1839 3888 non
1865 3840 2066 3889 autem
2101 3835 2392 3890 emissum
2414 3850 2608 3908 neque
2637 3835 3057 3906 procedentem
3085 3851 3120 3892 a
3149 3839 3313 3892 Patre
3331 3837 3551 3893 aiebat.
3574 3838 3840 3892 Montanus

467 3931 610 3973 vero
627 3914 844 3987 aliique
861 3915 1100 3973 Sabellii
1121 3915 1370 3984 alumni,
1388 3918 1613 3990 majore
1631 3919 1831 3977 adhuc
1857 3921 2158 3994 impietate
2179 3923 2626 3978 sanctissimam
2647 3923 2988 3979 Trinitatem
3018 3924 3097 3980 ad
3115 3924 3355 3980 unicam
3385 3938 3697 3998 personam
3712 3919 3841 3976 rede-

466 4010 697 4077 gerunt.
734 4006 912 4074 lgitur
937 4005 1110 4062 annis
1138 4006 1207 4061 56
1238 4007 1814 4079 (25)postNicanum
1847 4010 2168 4067 concilium
2192 4011 2479 4078 decursis,
2511 4027 2672 4068 anno
2704 4012 2908 4084 magni
2931 4012 3250 4070 Theodosii
3281 4015 3629 4086 imperantis
3653 4027 3705 4068 Ill
3731 4008 3837 4080 (26),

465 4096 651 4152 sancti
686 4095 886 4152 Patres
917 4095 1588 4168 Constantinopolisunt
1615 4100 1981 4171 congregati.
2009 4100 2272 4158 Aderant
2297 4101 2649 4172 patriarcha
2682 4104 2974 4158 Damasus
3000 4105 3200 4158 Roma
3231 4106 3364 4175 (27),
3403 4102 3694 4159 Nectarius
3719 4099 3840 4154 Con-

461 4184 955 4258 stantinopoleos,
976 4186 1318 4242 Timotheus
1333 4185 1727 4258 Alexandria,
1749 4188 2000 4260 Cyrillus
2027 4189 2600 4262 Hierosolymorum,
2623 4189 2881 4246 Meletius
2903 4191 3248 4256 Antiochia,
3277 4197 3644 4264 sanctusque
3669 4191 3841 4246 Nerses

535 4285 557 4319 ⁸
588 4283 740 4355 Psal,
775 4298 950 4349 nxxu,
984 4285 1036 4338 9.

537 4462 653 4535 (15)
679 4461 1036 4538 Pho_tius__ait
1065 4477 1101 4517 a
1143 4463 1620 4534 gloriosisissima
1654 4466 2120 4538 resurrectione.
2301 4467 2418 4538 (20)
2450 4468 2591 4524 Cod.
2624 4467 2747 4533 315,
2789 4484 2822 4523 a
2852 4468 3302 4526 resurrectione.

467 4534 616 4614 Usus
647 4534 1198 4614 sumhaclibertats
1223 4550 1404 4614 aram
1422 4536 1922 4614 variandi;secus
1940 4540 2120 4604 enim,
2302 4534 2415 4614 (21)
2451 4544 2530 4614 tta
2572 4541 2978 4614 recte‘codex.
3024 4611 3037 4614 _
3140 4611 3154 4614 _
3290 4611 3318 4614 _
3375 4610 3391 4614 _
3637 4607 3687 4614 __
3750 4603 3776 4614 Α,

463 4611 630 4663 totus
685 4615 1024 4682 temporum
1077 4605 1344 4682 calculus
1397 4615 1713 4682 corrueret,
1765 4608 1853 4666 vel
1898 4617 2052 4666 certe
2089 4627 2123 4668 a
2302 4605 2416 4682 (22)
2451 4613 2508 4665 ln
2534 4610 2786 4682 epistola
2810 4611 2887 4666 ad
2917 4611 3258 4668 Michaelem
3289 4610 3607 4682 Bulgarum
3635 4605 3837 4664 Photius

465 4679 1235 4752 communigsupputatione
1265 4678 1639 4734 descisceret.
1791 4750 1799 4752 _
2229 4678 2446 4737 rectius
2463 4678 2603 4736 dicit
2628 4682 2971 4739 Silvestrum
2999 4682 3269 4739 adfuisse
3290 4678 3512 4751 Nicaea,
3535 4697 3646 4739 non
3674 4682 3835 4752 ipsum

537 4752 650 4824 (16)
686 4751 825 4807 Cod.
857 4749 980 4824 4'62,
1004 4767 1142 4824 qua
1168 4749 1420 4824 fortasse
1449 4750 1836 4824 amanuensis
1862 4752 2122 4824 Armenii
2230 4769 2330 4824 per
2355 4770 2436 4818 se,
2460 4753 2561 4808 sed
2593 4769 2697 4823 per
2718 4754 2948 4824 legatos
2971 4771 3134 4810 suos.

465 4821 873 4896 mendasunt
910 4821 1123 4878 hic—et
1158 4821 1314 4896 alibi.
1358 4825 1428 4896 _Et
1459 4823 1705 4895 quidem
1755 4823 1895 4896 anni
1941 4823 2122 4880 etiam
2230 4821 2247 4896 ξ
2301 4826 2416 4894 (23)
2441 4821 2663 4880 Omittit
2705 4821 2866 4882 hunc
2890 4832 3045 4882 recte
3096 4827 3150 4882 S.
3187 4828 3520 4882 Germanus
3563 4821 3711 4896 apud
3748 4830 3835 4896 n98

466 4891 629 4969 apud
661 4891 994 4969 Chronicon
1025 4887 1978 4969 Samuelisimmanitervariant.
2039 4965 2051 4969 Δ
2228 4894 2288 4969 in
2310 4887 2515 4967 ‘Spicil.
2547 4902 2585 4950 t.
2622 4897 2738 4963 Vll,
2771 4913 2829 4969 p.
2882 4898 2963 4954 19.
3015 4897 3250 4953 Photius
3280 4903 3480 4953 autem
3507 4887 3658 4952 vana
3683 4887 3835 4969 amblj

537 4964 652 5034 (17)
683 4965 972 5039 Οοά.484.
1007 4967 1182 5039 Atqui
1211 4966 1525 5022 Zacharias
1557 4967 1897 5039 patriarcha
1928 4965 2121 5022 multo
2231 4958 2388 5039 tione
2440 4974 2495 5022 et
2548 4958 2753 5025 contra
2771 4958 3028 5025 'omnem
3083 4969 3342 5024 historia
3393 4969 3701 5032 veritatem,
3729 4958 3834 5016 facit

465 5041 612 5113 ante
634 5049 800 5113 _ann.
830 5037 964 5113 >896
1006 5037 1236 5113 obierat
1277 5041 1446 5113 (quot
1481 5037 1889 5113 conﬁciuntur
1913 5053 1984 5093 ex
2018 5040 2123 5094 462
2227 5038 2390 5113 hunc
2401 5039 2804 5113 patriarcham
2821 5039 3413 5113 Constantinopoleos
3433 5039 3832 5097 anteNicanum

464 5111 521 5160 et
550 5104 700 5169 434),
733 5111 878 5162 teste
933 5107 1206 5164 Samuele
1253 5104 1490 5165 Aniensi
1539 5111 1598 5166 in
1629 5110 1886 5166 editione
1917 5116 2122 5165 nostra
2227 5104 2566 5165 concilium.

462 5176 887 5253 Mediolanensi
953 5178 1167 5253 p.__65,
1213 5195 1335 5253 quo
1385 5182 1444 5253 in
1486 5181 1617 5238 loco
1668 5181 1826 5238 idem
1883 5181 2121 5237 Samuel
2300 5182 2723 5252 (24)Aristaces
2754 5181 2849 5238 hic
2881 5181 3098 5238 dicitur
3129 5183 3376 5239 Arethas
3422 5183 3481 5238 in
3507 5182 3830 5253 Nicanorem

459 5255 754 5328 memorat
789 5247 970 5328 bene
1010 5249 1200 5328 Photii
1232 5247 1565 5328 epistolam
1629 5255 1701 5309 ad
1770 5252 2118 5310 Zachariam
2227 5247 2462 5309 Patrum
2479 5253 3052 5328 catalogoTheodori
3077 5253 3312 5311 lectoris
3333 5254 3496 5328 apud
3523 5267 3628 5310 nos
3656 5247 3830 5314 Script-

457 5325 726 5396 extremg
750 5319 880 5396 ejus
912 5319 1167 5396 viventis
1184 5319 1455 5396 tempore
1486 5326 1758 5382 missam.
2225 5330 2342 5381 vet.
2379 5331 2416 5380 t.
2449 5328 2510 5392 Χ,
2543 5341 2601 5396 p.
2635 5319 2722 5390 38,
2757 5325 2870 5382 col.
2901 5329 2956 5380 2.

534 5335 726 5377 tremo
750 5335 880 5446 eius
912 5335 1159 5376 Viventis
1191 5335 1455 5396 tempore
1486 5341 1758 5382 missam.

527 5393 643 5466 (18)
677 5391 756 5466 CQ
808 5429 821 5443 .
863 5405 1072 5466 rursus
1101 5392 1226 5448 462.
1320 5464 1354 5466 ἡ
1559 5465 1574 5466 κγ

1090 5335 1159 5376 IIS
1191 5335 1455 5396 tempore
1486 5341 1758 5382 missam.
2225 5335 2342 5381 vet.
2379 5335 2416 5380 1.
2449 5335 2601 5452 X,J).
2635 5335 2702 5380 3U

1101 5392 1226 5448 462.
1320 5464 1354 5466 η
1559 5465 1574 5466 η
2299 5397 2406 5464 (25)
2436 5399 2514 5452 Co
2567 5435 2579 5448 .
2617 5397 2704 5450 74.

525 5460 642 5536 (l9)
710 5460 1030 5536 Apostolis,
1062 5464 1494 5536 evangelistis,
1548 5465 1802 5534 Justino,
1873 5467 2114 5533 Irenao,
2297 5460 2410 5536 (26)
2441 5469 2582 5524 Cod.
2613 5468 2700 5524 25.

447 5534 800 5612 Athanasio,
814 5534 1126 5612 _Gre_g_criis
1159 5534 1347 5612 tribus
1385 5540 1619 5612 Gracis,
1665 5539 1948 5612 Gregorio
1976 5539 2115 5595 item
2245 5609 2256 5612 _
2295 5534 2409 5610 (27)
2433 5539 2721 5595 Nimirum
2749 5555 2849 5612 per
2872 5538 3280 5612 suosilegatos.
3304 5542 3413 5595 Pro
3435 5541 3672 5612 Damasg
3695 5539 3827 5586 men-

445 5607 750 5693 Armeniho,
801 5604 1032 5693 Cyrillis
1083 5606 1345 5693 duobus,
1405 5603 1744 5693 Ambrosio,
1781 5603 2116 5684 'Dionysio,
2223 5603 2958 5693 do'seprorsus-scribitur
2989 5603 3331 5693 Calatinus
3359 5610 3513 5691 apud
3547 5609 3609 5693 St.‘
3627 5603 3826 5693 93133;

446 5680 620 5757 ._Ioan.
674 5674 1502 5757 Chrysostomq,_Epiphanio,
1539 5674 1761 5757 Proclo
1791 5697 1806 5757 ς
1850 5674 2116 5757 namque
2223 5697 2370 5738 num
2394 5674 2458 5757 in
2493 5682 2704 5757 Spicil.
2731 5688 2768 5740 t.
2803 5683 2916 5750 VII,
2952 5698 3010 5756 p.
3055 5682 3144 5740 33.
3174 5684 3376 5757 Neque
3398 5674 3550 5740 enim
3575 5674 3822 5735 Calestinl

443 5753 578 5815 hac
589 5749 845 5814 nomina
855 5751 1061 5811 recitat
1075 5749 1321 5809 Photius
1341 5752 1584 5826 inparte
1596 5753 1859 5826 epistola
1871 5749 2111 5812 omissa.
2223 5759 2365 5813 atas
2389 5753 2452 5811 id
2479 5749 2720 5829 patitur.
