4088 6214
191 271 300 327 709
1467 265 1805 325 EPISTULA

2010 267 2211 325 LIBER
2253 268 2294 324 I.
3498 276 3558 330 7i
3571 278 3603 332 Ο

186 395 632 459 Armeniorum,
663 392 765 467 qui
797 391 974 448 simul
1006 407 1144 448 cum
1165 391 1461 465 episcopis
1481 393 1585 449 150
1611 393 2075 450 exturbaverunt
2099 394 2356 451 Ecclesia
2386 409 2507 450 non
2536 394 2660 451 sine
2678 395 3160 454 anathematibus
3182 397 3601 456 Macedonium

185 489 245 541 et
277 483 511 541 Sabellii
543 482 823 540 asseclas.
858 486 1045 554 Atque
1084 482 1212 538 haec
1243 481 1365 537 duo
1396 487 1604 538 sancta
1628 482 1878 539 concilia
1908 484 2059 539 duas
2088 483 2492 539 contriverunt
2526 486 2761 541 tartarei
2791 502 2999 541 currus
3028 491 3210 551 rotas,
3245 487 3401 543 duas
3434 488 3603 544 vide-

185 572 325 629 licet
352 573 570 644 impias
601 572 879 637 haereses,
907 586 1167 644 quarum
1196 569 1381 626 altera
1413 571 1880 628 sacratissimam
1906 572 2248 628 Trinitatem
2282 573 2538 643 pessime
2572 572 2900 641 dividebat,
2938 574 3126 630 altera
3156 591 3296 631 vero
3328 590 3448 631 non
3477 576 3603 631 sine

187 662 409 718 scelere
432 660 859 717 confundebat.
892 660 978 715 Ab
1003 660 1095 715 his
1119 660 1352 715 duabus
1376 659 1623 731 synodis
1646 660 1969 716 edocemur
1991 675 2259 733 persona:
2286 677 2320 716 a
2343 665 2556 717 natura
2579 661 3022 719 distinctionem
3054 685 3065 717 :
3097 664 3316 719 etenim
3342 670 3455 720 tres
3475 680 3605 736 per-

187 766 381 817 sonae,
430 757 548 805 tres
585 748 762 805 veluti
804 749 983 805 facies
1022 755 1075 805 et
1116 754 1410 821 aspectus,
1454 753 1571 805 tres
1619 750 2030 821 praprietates,
2072 753 2192 805 tres
2235 750 2586 821 hypostases
2628 757 3028 807 sacrosanctae
3066 753 3326 810 Trinitati
3368 754 3600 821 insunt,

185 840 387 904 Pater,
428 838 628 903 Filius,
657 844 711 894 et
752 838 1002 910 Spiritus
1043 843 1275 894 santus:
1322 853 1443 894 una
1470 853 1611 894 vero
1645 844 1862 894 natura
1901 845 2005 904 est,
2052 854 2171 894 una
2208 839 2484 905 essentia,
2530 856 2647 896 una
2687 840 3043 908 substantia,
3088 858 3207 899 una
3245 842 3601 912 dominatio,

189 945 313 985 una
333 927 709 985 immensitas
729 927 1145 998 :distinguitur
1166 927 1324 983 enim
1341 928 1589 983 Trinitas
1606 927 1940 983 secundum
1958 928 2468 999 personalitatem,
2495 930 2695 985 unitur
2711 934 2907 986 autem
2930 930 3265 987 secundum
3283 938 3563 989 naturam
3585 948 3598 987 :

193 1018 417 1091 quippe
443 1033 582 1073 cum
601 1018 673 1073 sit
700 1032 821 1072 una
839 1016 899 1072 in
924 1015 1107 1072 tribus
1130 1015 1345 1083 Deitas,
1379 1015 1659 1072 distincta
1689 1021 1773 1072 est
1801 1022 1999 1072 tamen
2027 1016 2089 1072 in
2116 1016 2365 1087 singulis
2392 1017 2789 1091 personalitas
2814 1034 2827 1073 :
2866 1019 3279 1092 unusquisque
3304 1025 3505 1078 autem
3537 1037 3604 1077 ex

194 1123 310 1163 sua
336 1107 694 1179 proprietate
714 1105 1107 1177 dignoscitur.

274 1195 358 1250 10.
389 1197 533 1251 Ecce
566 1194 963 1251 intelleximus
989 1195 1284 1251 diversam
1310 1208 1442 1250 esse
1465 1210 1500 1251 a
1527 1200 1741 1251 natura
1758 1210 2082 1266 personam
2107 1211 2121 1250 :
2149 1198 2238 1252 est
2261 1195 2420 1252 enim
2450 1196 2727 1253 distincta
2745 1212 3020 1269 persona,
3042 1202 3255 1254 natura
3279 1213 3421 1255 vero
3440 1199 3601 1255 adu-

192 1289 341 1340 nata
370 1290 426 1340 et
456 1283 775 1356 singularis
803 1300 816 1339 :
858 1299 1001 1340 nam
1031 1288 1087 1339 et
1117 1282 1384 1340 humana
1413 1290 1625 1339 natura
1651 1290 1845 1339 mente
1876 1284 2235 1355 intelligitur,
2268 1301 2528 1357 persona
2559 1302 2741 1342 sensu
2772 1286 3092 1358 percipitur
3120 1288 3346 1343 Etenim
3374 1293 3593 1345 natura

194 1373 291 1429 his
319 1372 765 1429 deﬁnitionibus
794 1377 1047 1438 constat,
1078 1388 1294 1444 nempe
1325 1371 1571 1438 animal,
1602 1372 1911 1438 rationale,
1947 1373 2233 1429 mortale:
2268 1389 2527 1445 persona
2558 1390 2697 1430 vero
2718 1391 2792 1431 ex
2816 1375 3226 1430 accidentibus
3259 1377 3588 1447 consurgit,

191 1462 466 1520 videlicet
493 1462 689 1519 colore
721 1462 912 1533 nigro,
946 1461 1105 1526 albo,
1140 1461 1318 1526 ﬂavo,
1369 1461 1619 1529 calvitie,
1646 1461 1838 1517 oculis
1869 1462 2096 1532 glaucis
2127 1480 2141 1530 ;
2174 1464 2256 1519 ita
2290 1468 2351 1519 ut
2390 1462 2723 1521 accidentia
2752 1463 2999 1537 quidem
3032 1467 3237 1535 augeri
3284 1466 3595 1538 minuique

198 1556 443 1626 queant,
477 1556 692 1608 natura
712 1567 835 1607 non
857 1551 1019 1607 item.
1047 1554 1266 1607 Natura
1284 1551 1511 1606 cunctis
1540 1550 1888 1606 hominibus
1919 1556 2008 1606 est
2029 1552 2394 1617 communis,
2419 1568 2676 1625 persona
2692 1560 2778 1607 est
2805 1552 3120 1625 peculiaris
3151 1557 3204 1609 et
3230 1553 3290 1609 in
3317 1553 3513 1626 aliqua
3534 1571 3595 1611 re

200 1640 557 1697 subsistens.
592 1642 820 1696 Etenim
851 1639 1215 1696 beatissimae
1244 1639 1542 1695 Trinitatis
1574 1639 1805 1695 inﬁnita
1843 1645 2058 1697 natura
2097 1656 2267 1712 reque
2299 1642 2548 1713 pertinet
2577 1640 2656 1696 ad
2695 1640 2962 1711 singulas
2997 1647 3111 1697 tres
3142 1657 3452 1714 personas.
3491 1646 3600 1699 Pa-

198 1734 371 1794 trem,
398 1730 621 1796 Filium,
654 1735 711 1786 et
740 1728 1022 1802 Spiritum
1055 1734 1329 1785 sanctum
1360 1744 1372 1783 :
1402 1734 1462 1785 at
1485 1745 1628 1785 vero
1656 1728 2048 1801 proprietates
2074 1728 2366 1785 distinctae
2388 1736 2527 1785 sunt
2561 1730 2622 1785 in
2653 1745 3019 1802 unaquaque
3049 1745 3307 1802 persona
3328 1736 3383 1786 et
3410 1732 3601 1803 hypo-

198 1819 362 1875 stasi.
383 1819 664 1892 Quippea
681 1824 894 1875 natura
909 1817 1308 1874 communiter
1325 1816 1551 1873 habent
1571 1824 1630 1873 ut
1654 1818 1771 1873 sint
1795 1818 2097 1881 Dominus,
2118 1819 2295 1887 Deus,
2314 1819 2714 1890 omnipotens,
2740 1820 3318 1891 providentissimus,
3349 1826 3599 1887 creator,

201 1908 529 1966 intellectui
552 1908 899 1980 impervius,
923 1906 1549 1975 incomprehensibilis
1577 1907 1705 1963 sine
1734 1907 2021 1979 qualitate
2043 1912 2146 1963 aut
2173 1907 2526 1980 quantitate,
2560 1923 2753 1979 neque
2774 1909 2926 1976 loco,
2948 1924 3141 1982 neque
3172 1914 3436 1982 tempore
3458 1910 3606 1965 deﬁ-

200 1998 385 2064 nitus,
416 1997 542 2053 sine
572 1997 758 2063 initio,
782 1996 909 2053 sine
940 1996 1082 2053 ﬁne.
1121 1997 1290 2061 Quod
1310 2012 1452 2053 vero
1482 1997 1560 2052 ad
1594 1996 1980 2069 proprietates
2007 1998 2233 2062 attinet,
2268 1998 2450 2052 Patris
2486 1997 2730 2069 quidem
2761 1998 3093 2069 proprietas
3117 2003 3224 2062 est,
3258 2010 3321 2054 ut
3346 1998 3420 2054 sit
3442 2000 3607 2069 geni-

206 2091 317 2154 tor,
346 2092 403 2143 et
430 2102 634 2153 causa,
657 2094 838 2160 utque
861 2092 1058 2142 careat
1075 2086 1383 2159 principio,
1404 2087 1526 2158 ipse
1544 2092 1744 2143 autem
1764 2086 1996 2141 illorum
2021 2087 2123 2160 qui
2150 2086 2228 2141 ab
2259 2086 2519 2158 ipsomet
2540 2090 2678 2141 sunt
2700 2086 3061 2158 principium
3098 2087 3192 2153 sit,
3217 2088 3373 2143 idem
3398 2096 3603 2143 tamen

204 2192 518 2248 nunquam
546 2177 859 2248 inceptus;
900 2177 1060 2231 idem
1109 2177 1374 2245 mittens,
1434 2191 1553 2232 non
1581 2192 1616 2231 a
1662 2192 1976 2249 quoquam
2024 2175 2279 2246 genitus,
2332 2190 2528 2247 neque
2558 2191 2594 2230 a
2625 2180 2813 2231 semet
2838 2175 2928 2231 vel
2972 2176 3185 2247 quovis
3228 2176 3440 2233 factus.
3474 2176 3601 2233 Filii

206 2272 410 2323 autem
441 2266 773 2339 proprietas
804 2269 892 2321 est
927 2270 986 2320 ut
1017 2266 1093 2321 sit
1126 2264 1321 2330 Filius,
1358 2264 1642 2329 Verbum,
1676 2266 1931 2335 genitus,
1968 2265 2088 2330 lux,
2123 2264 2338 2330 forma,
2373 2263 2685 2336 sapientia,
2708 2265 2932 2331 radius,
2966 2265 3189 2334 imago,
3214 2270 3391 2338 typus
3422 2270 3603 2339 atque

208 2356 537 2413 character.
600 2356 863 2429 Denique
889 2354 1138 2427 Spiritus
1162 2355 1350 2410 sancti
1377 2354 1711 2426 proprietas
1742 2359 1848 2419 est,
1883 2359 1948 2409 ut
1981 2352 2288 2426 procedat,
2339 2357 2399 2408 ut
2431 2354 2503 2409 sit
2534 2354 2790 2410 veritatis
2818 2354 3080 2426 spiritus,
3114 2354 3473 2421 consolator,
3506 2355 3601 2411 in-

211 2450 529 2509 staurator,
562 2450 779 2510 rectus,
812 2444 1028 2499 bonus.
1063 2448 1107 2499 A
1132 2446 1295 2499 Patre
1323 2448 1460 2499 sunt
1490 2442 1665 2499 Filius
1692 2448 1747 2498 et
1777 2443 2026 2514 Spiritus
2054 2448 2338 2511 sanctus;
2372 2457 2561 2514 neque
2594 2446 2796 2498 tamen
2839 2442 2899 2497 hi
2929 2442 3306 2515 appellantur
3345 2443 3553 2500 fratres
3585 2459 3601 2510 ;

209 2547 411 2605 neque
440 2532 623 2589 ambo
654 2532 757 2588 ﬁlii
792 2537 930 2589 sunt
962 2549 976 2587 :
1014 2531 1191 2588 veluti
1224 2532 1302 2589 ab
1334 2532 1567 2589 Adamo
1594 2536 1714 2587 tum
1749 2532 1889 2587 Seth
1922 2536 2047 2587 tum
2084 2531 2203 2587 Eva
2230 2538 2647 2603 provenerunt,
2677 2531 2823 2603 quin
2853 2536 3054 2588 tamen
3090 2531 3180 2588 vel
3214 2532 3425 2587 fratres
3463 2533 3598 2599 sint,

203 2621 302 2679 vel
322 2622 507 2679 ambo
528 2621 651 2678 ﬁlii.
672 2621 979 2694 Siquidem
996 2621 1167 2678 Pater
1184 2627 1270 2677 est
1292 2636 1607 2692 generans,
1630 2621 1805 2676 Filius
1828 2620 2079 2690 genitus,
2102 2620 2353 2692 Spiritus
2376 2626 2623 2677 sanctus
2644 2621 2994 2692 procedens.
3023 2621 3170 2677 Hinc
3191 2620 3369 2677 Filius
3394 2622 3603 2679 sedere

203 2710 283 2767 ad
307 2710 497 2767 Patris
522 2710 833 2767 dexteram
858 2710 1092 2776 dicitur,
1120 2710 1368 2782 Spiritus
1388 2726 1527 2766 vero
1547 2716 1790 2766 sanctus
1812 2710 1887 2766 ad
1915 2709 2222 2766 dexteram
2250 2709 2389 2765 Filii.
2410 2710 2637 2766 Etenim
2660 2710 2719 2765 in
2752 2710 2987 2782 psalmo
3010 2725 3103 2767 cnx
3128 2711 3209 2767 ait
3229 2710 3400 2767 Pater
3424 2711 3598 2768 Filio:

202 2800 371 2858 Dixit
399 2800 667 2857 Dominus
702 2801 1058 2855 Dominomeo
1080 2817 1098 2854 :
1130 2800 1278 2856 Sede
1309 2814 1346 2855 a
1370 2799 1602 2856 dextris
1628 2800 1814 2855 meis".
1846 2801 1912 2855 Et
1942 2815 2075 2855 mox
2102 2798 2261 2855 idem
2295 2800 2465 2857 Pater
2493 2800 2573 2856 ait
2600 2799 2740 2856 Filio
2766 2819 2779 2860 :
2821 2800 2900 2857 Tu
2935 2816 2992 2858 es
3032 2801 3303 2858 sacerdos
3335 2801 3398 2857 in
3428 2808 3603 2858 aeter-

203 2907 342 2947 num
370 2891 687 2947 secundum
715 2891 982 2947 ordinem
1015 2889 1469 2954 Melchisedech,
1500 2889 1788 2946 Dominus
1814 2903 1850 2944 a
1878 2889 2105 2945 dextris
2137 2890 2250 2945 tuis
2277 2890 2325 2946 ⁸.

279 2982 362 3035 ll.
384 2980 919 3053 Creteroquineque
936 2978 1132 3049 majus
1147 2994 1340 3051 neque
1370 2977 1937 3035 minusinTrinitate
1959 2979 2743 3051 sanctissimacomperitur;
2786 2979 3005 3035 etenim
3048 2979 3244 3051 majus
3290 2983 3343 3035 et
3375 2980 3599 3046 minus,

203 3084 382 3141 grave
400 3074 456 3125 et
483 3068 629 3134 leve,
656 3068 909 3125 multum
940 3067 1030 3124 vel
1060 3084 1297 3141 parum,
1331 3084 1366 3123 a
1397 3068 1768 3140 temporibus
1800 3069 2063 3140 pendent
2085 3075 2141 3124 et
2160 3068 2344 3124 horis.
2374 3070 2553 3142 Atqui
2582 3068 2685 3124 ubi
2713 3084 2905 3141 neque
2930 3076 3200 3139 tempora
3216 3084 3345 3124 esse
3364 3077 3592 3141 queunt

204 3174 311 3215 nec
339 3158 528 3227 horae,
556 3163 619 3215 ut
646 3158 706 3213 in
736 3158 942 3213 divina
973 3163 1184 3213 natura
1218 3158 1513 3225 usuvenit,
1547 3157 1631 3213 ibi
1663 3157 1807 3212 nihil
1835 3164 1925 3213 est
1951 3158 2148 3228 majus
2178 3157 2265 3212 vel
2318 3159 2535 3213 minus.
2568 3158 2848 3227 Majorem
2883 3162 3084 3213 autem
3115 3157 3239 3213 dixi
3274 3158 3603 3230 aliquando

201 3248 431 3304 Patrem
458 3247 595 3320 (28),
632 3263 737 3303 ceu
784 3246 1115 3318 genitorem
1159 3246 1432 3302 videlicet
1461 3252 1637 3320 atque
1676 3262 1965 3303 causam:
2001 3261 2193 3319 neque
2225 3246 2283 3301 id
2310 3250 2515 3302 tamen
2545 3246 2776 3318 absque
2826 3250 2988 3302 metu
3038 3245 3185 3317 dixi,
3235 3246 3601 3302 debilitatem

201 3336 379 3393 veluti
412 3336 463 3393 ei
485 3336 837 3403 attribuens,
870 3341 1050 3409 atque
1073 3335 1205 3408 ipso
1227 3336 1521 3409 obsequio
1542 3351 1678 3392 meo
1700 3335 1944 3391 laedens.
1975 3334 2203 3408 Quippe
2228 3336 2376 3391 Patri
2407 3351 2529 3392 non
2559 3340 2647 3391 est
2674 3334 3024 3405 gloriosum,
3056 3336 3103 3390 si
3132 3335 3393 3391 minores
3420 3335 3458 3390 ii
3484 3335 3601 3390 sint

199 3426 300 3499 qui
320 3425 400 3482 ab
421 3425 554 3499 ipso
574 3426 960 3499 proveniunt:
988 3430 1075 3481 est
1095 3425 1254 3481 enim
1274 3425 1589 3482 inﬁrmitas
1610 3424 1907 3497 quaedam,
1932 3425 1979 3480 si
1998 3424 2210 3479 Filium
2230 3425 2472 3495 gignere
2490 3428 2769 3497 nequeat,
2787 3439 2982 3496 neque
3006 3424 3291 3495 Spiritum
3310 3424 3601 3492 emittere,

199 3514 310 3571 sibi
342 3515 616 3589 mquales.
652 3518 798 3571 Nam
830 3514 1321 3585 gloriosissimam
1351 3514 1538 3571 Patris
1567 3515 1899 3587 potentiam
1920 3513 2109 3581 decet,
2140 3519 2202 3569 ut
2225 3529 2397 3586 asque
2422 3514 2661 3584 gloriosi
2692 3514 2811 3570 sint
2836 3514 2937 3587 qui
2967 3513 3042 3568 de
3074 3513 3204 3584 ejus
3231 3520 3449 3570 natura
3463 3529 3606 3585 pro-

198 3609 471 3660 manant.
496 3604 622 3660 Non
646 3610 732 3661 est
761 3619 904 3675 ergo
931 3605 1166 3675 genitus
1195 3619 1388 3676 neque
1420 3603 1751 3676 procedens
1774 3603 1944 3659 Pater
1973 3620 1987 3665 ;
2015 3618 2135 3659 non
2167 3608 2255 3659 est
2275 3603 2509 3672 genitor
2534 3618 2728 3675 neque
2750 3602 3086 3675 procedens
3114 3602 3288 3658 Filius
3319 3618 3332 3669 ;
3366 3617 3487 3658 non
3512 3606 3603 3659 est

197 3693 432 3764 genitor
452 3709 647 3766 neque
674 3695 908 3765 genitus
939 3694 1189 3766 Spiritus
1221 3698 1481 3753 sanctus.
1512 3692 1657 3765 quia
1690 3697 1976 3764 perpetuo
2002 3692 2289 3764 procedit.
2317 3694 2563 3748 Laetatur
2582 3692 2753 3748 Pater
2778 3691 2970 3763 gloria
2993 3692 3143 3761 Filii,
3174 3692 3396 3761 gaudet
3421 3689 3603 3748 Filius

200 3782 277 3838 ob
305 3783 601 3839 honorem
632 3782 819 3839 Patris
845 3799 858 3848 ;
896 3782 1148 3855 Spiritus
1181 3782 1428 3839 demum
1456 3787 1696 3837 sanctus
1726 3781 1957 3837 Patrem
1996 3781 2324 3853 Filiumque
2356 3781 2651 3851 gloriﬁcat
2674 3805 2685 3847 ;
2706 3780 2933 3854 quippe
2962 3784 3063 3853 qui
3093 3781 3167 3836 de
3194 3780 3429 3837 illorum
3461 3781 3604 3837 sub-

198 3872 414 3927 stantia
444 3872 754 3944 accipiens,
791 3876 1098 3928 creaturas
1128 3875 1404 3937 renovat,
1460 3870 1538 3926 ab
1569 3870 1820 3942 ipsoque
1849 3869 2052 3925 omnia
2083 3869 2241 3926 facta
2288 3875 2428 3925 sunt
2456 3869 2516 3925 in
2544 3870 2708 3926 caelis
2756 3874 2811 3924 et
2843 3885 3023 3941 super
3052 3873 3229 3933 terra,
3262 3869 3519 3927 visibilia
3548 3874 3603 3926 et

196 3959 535 4027 invisibilia,
569 3960 807 4016 sensilia
838 3966 895 4016 et
924 3961 1250 4029 insensilia,
1284 3958 1615 4032 corporalia
1644 3963 1701 4015 et
1730 3960 2094 4031 incorporea.

268 4052 363 4106 12.
406 4051 567 4105 Hanc
596 4048 734 4105 ﬁdei
765 4048 1193 4122 professionem
1240 4054 1600 4121 acceperunt
1628 4047 1890 4104 Armenii
1929 4062 1965 4103 a
1998 4061 2220 4116 magno
2251 4046 2550 4118 Gregorio,
2597 4050 2653 4102 et
2677 4062 2711 4103 a
2743 4052 2951 4103 sancto
2982 4045 3263 4114 Aristace,
3300 4046 3598 4117 beatoque

196 4140 454 4205 Nersete,
483 4138 586 4211 qui
615 4138 729 4194 illis
755 4154 891 4194 eam
923 4139 1248 4195 attulerunt
1273 4154 1308 4194 a
1338 4137 1577 4194 duobus
1594 4136 1815 4192 sanctis
1844 4136 2110 4192 conciliis
2138 4136 2369 4191 Nicaeno
2392 4141 2447 4191 et
2473 4134 3128 4206 Constantinopolitano
3154 4150 3166 4189 :
3188 4134 3290 4206 qui
3312 4133 3434 4189 duo
3460 4148 3603 4189 con-

193 4242 395 4283 sessus
426 4226 581 4283 duas
602 4244 811 4283 currus
839 4228 1101 4294 tartarei,
1134 4233 1194 4284 ut
1214 4228 1499 4294 diximus,
1526 4233 1686 4283 rotas
1711 4224 2032 4296 fregerunt,
2058 4223 2377 4281 Sabellium
2404 4224 2674 4281 videlicet
2699 4232 2879 4297 atque
2903 4224 3126 4279 Arium.
3157 4222 3271 4280 Sed
3295 4222 3592 4278 Diodorus

196 4316 443 4389 quidam
459 4318 785 4384 Tarsensis,
801 4317 904 4390 qui
923 4319 1115 4389 primo
1129 4318 1404 4387 Arianus,
1419 4315 1712 4389 posteaad
1728 4314 2118 4371 orthodoxam
2138 4314 2322 4369 ﬁdem
2337 4329 2679 4380 conversus,
2696 4313 2905 4370 Filium
2923 4312 3078 4368 Patri
3098 4311 3286 4383 gloria
3301 4310 3594 4384 aequalem

194 4405 504 4462 confessus
535 4405 725 4462 fuerat
754 4424 769 4473 ;
800 4423 942 4462 cum
972 4406 1292 4462 indecorus
1324 4406 1375 4461 ei
1409 4405 1708 4461 videretur
1736 4403 1923 4460 divini
1957 4403 2131 4459 Verbi
2156 4403 2479 4459 descensus
2510 4404 2570 4459 in
2602 4410 2822 4460 sancite
2853 4402 3109 4473 Virginis
3143 4407 3399 4467 uterum,
3434 4416 3598 4457 com-

195 4501 432 4551 mentus
455 4498 761 4551 estJesum
785 4494 1089 4551 Christum
1118 4495 1425 4551 hominem
1453 4494 1869 4551 tantummodo
1894 4493 2078 4549 fuisse
2104 4498 2370 4550 creatum
2397 4494 2455 4549 in
2484 4494 2732 4564 Virginis
2762 4492 2916 4561 sinu,
2947 4492 3373 4564 Virginemque
3400 4491 3590 4561 ipsam

194 4582 342 4639 dixit
358 4583 643 4655 templum
671 4584 843 4640 fuisse
867 4585 1040 4640 veluti
1064 4591 1120 4640 et
1146 4584 1349 4650 altare,
1375 4586 1454 4640 ita
1477 4590 1537 4639 ut
1559 4584 1616 4639 in
1641 4584 1791 4656 ipsa,
1818 4588 2106 4655 tanquam
2127 4583 2186 4637 in
2209 4599 2332 4647 ara,
2352 4582 2623 4638 divinum
2644 4582 2902 4638 Verbum
2922 4582 3269 4638 habitaverit
3296 4598 3309 4635 :
3338 4581 3595 4652 ideoque

190 4671 356 4728 haud
391 4672 705 4745 Deiparam
737 4673 1037 4732 fatebatur
1068 4674 1330 4738 Mariam,
1360 4674 1463 4729 sed
1495 4673 1756 4729 hominis
1801 4672 2168 4742 genitricem,
2200 4673 2353 4727 duos
2383 4687 2632 4728 censens
2682 4688 2811 4728 esse
2846 4671 3018 4737 ﬁlios,
3071 4670 3324 4726 alterum
3359 4673 3592 4733 natura,

192 4760 450 4817 alterum
489 4762 822 4818 secundum
879 4765 1134 4835 gratiam
1177 4763 1311 4834 (29).
1373 4762 1554 4833 Hujus
1591 4762 1871 4817 alumnus
1928 4761 2034 4816 fuit
2069 4761 2413 4817 Theodorus
2455 4764 2946 4833 Mopsuestenus:
3009 4765 3188 4830 atque
3231 4756 3309 4813 ab
3368 4757 3596 4813 horum

189 4851 578 4907 exsecrandis
609 4853 845 4925 scriptis
870 4858 1126 4910 crecatus
1155 4852 1474 4917 Nestorius,
1503 4867 1641 4907 cum
1658 4850 1840 4921 hujus
1861 4854 2077 4905 nostrae
2100 4849 2500 4920 metropoleos
2516 4848 2865 4905 cathedram
2896 4847 3305 4910 inscendisset,
3336 4861 3589 4918 corrup-

190 4947 317 4997 tum
359 4958 539 4997 suum
570 4941 844 5014 patefecit
882 4942 1175 5008 animum,
1208 4957 1390 5015 quem
1430 4945 1675 4996 eatenus
1705 4944 1875 4996 caute
1914 4940 2223 5003 celaverat,
2256 4939 2551 5011 capitque
2594 4938 2917 4994 Ecclesiam
2962 4936 3056 4992 Dei
3097 4937 3486 5001 conturbare,
3532 4940 3591 4991 et

185 5029 563 5087 orthodoxos
592 5032 907 5103 episcopos
939 5031 997 5087 in
1028 5031 1308 5087 exsilium
1344 5029 1584 5103 pellere.

263 5121 347 5175 l3.
379 5119 560 5190 Igitur
582 5120 1088 5194 quinquagesimo
1114 5120 1229 5192 (30)
1254 5125 1388 5191 post
1407 5117 2135 5191 Constantinopolitanum
2168 5116 2488 5173 concilium
2514 5131 2696 5181 anno,
2725 5114 3041 5170 Theodosii
3075 5129 3215 5171 vero
3236 5115 3499 5187 junioris
3524 5115 3595 5170 23

180 5210 319 5281 (3t),
360 5209 549 5266 sancti
592 5210 789 5266 Patres
847 5211 1056 5281 Ephesi
1097 5211 1419 5266 concilium
1461 5208 1855 5274 celebrarunt,
1913 5223 2065 5280 quos
2105 5206 2256 5262 inter
2296 5205 2580 5278 praecipui
2624 5204 2978 5278 patriarchas
3019 5209 3190 5261 erant
3231 5204 3589 5262 Coelestinus

258 5324 280 5360 ⁷
311 5324 467 5381 Psal.
499 5339 613 5392 cxx,
647 5330 693 5382 l.
774 5328 796 5362 ⁸
826 5325 977 5383 ibid.
1010 5330 1067 5383 4.

257 5491 407 5578 (2_8)n
424 5493 675 5561 Legatur
715 5494 947 5578 (fracte
975 5494 1266 5578 Ecclesiae
1288 5493 1692 5578 synodhussub
1723 5495 1835 5578 Ma-
1944 5507 2003 5578 p.
2035 5508 2171 5578 xxv,
2200 5491 2622 5578 Montacutium
2641 5489 2919 5578 Anglum,
2939 5489 3043 5573 qui
3066 5489 3238 5578 valde
3259 5489 3475 5564 ἆμούσω
3504 5504 3598 5554 se;

180 5562 1086 5637 nuele'Comnenooblocutionis
1101 5562 1836 5635 Dominicaa,Patermajor
1943 5562 2078 5637 fecit
2108 5564 2345 5637 Diodori
2374 5564 2554 5637 hujus
2587 5579 2659 5620 ac
2689 5562 2981 5620 Theodori
3008 5562 3428 5636 protectorem.

181 5655 272 5695 me
313 5641 417 5703 est,
459 5633 871 5695 difﬁcultatem
914 5644 972 5695 et
1008 5640 1473 5698 controversiam
1514 5633 1830 5703 celebrata,
2014 5634 2129 5707 (30)
2159 5635 2301 5692 Cod.
2330 5637 2418 5691 45.

183 5708 365 5784 apud
381 5722 492 5784 n_o_s
525 5709 733 5784 Script.
769 5716 880 5768 vet.
905 5712 965 5766 T.
994 5711 1086 5767 IV.
1198 5782 1209 5784 _
1335 5781 1371 5784 __
1566 5781 1576 5784 _
1805 5779 1824 5784 _
2020 5707 2419 5780 (3l)Cod.15.

255 5781 377 5858 (29)
420 5780 623 5839 Merito
654 5779 822 5854 ergo
868 5797 979 5840 nos
1022 5781 1517 5858 reprehendimus
1562 5781 1624 5839 in
1669 5779 1839 5858 prmf.
