4088 6214
539 230 638 284 7H
1795 226 2034 283 ΡΗΟΙἹΙ
2081 227 2153 281 ΡΑ

2278 226 2568 282 lAHCH/E
2607 227 2716 282 (ΣΡ.
3823 235 3892 287 712

556 357 864 412 Romanus
889 354 1023 428 (32),
1058 354 1305 428 Cyrillus
1333 351 1791 420 Alexandrinus,
1825 353 2076 409 Ioannes
2103 351 2526 418 Antiochenus,
2547 352 2850 408 Iuvenalis
2877 352 3474 426 Hierosolymitanus,
3501 353 3606 427 qui
3631 353 3786 412 simul
3800 373 3896 414 cum

549 443 822 500 ducentis
852 444 966 516 (33)
1010 445 1312 518 episcopis
1341 443 1593 516 impium
1636 443 1970 499 Nestorium
2003 442 2385 500 anathemate
2412 441 2754 514 perculsum
2787 442 2863 498 ab
2910 441 3172 498 Ecclesia
3199 443 3680 499 exterminarunt.
3711 444 3897 517 Cyrillns

541 539 740 589 autem
764 533 1219 598 Alexandrinus,
1240 542 1295 588 et
1316 533 1552 588 Proclus
1577 531 1899 604 Cyzicenus
1921 531 2124 588 litteris
2145 531 2223 587 ad
2256 536 2532 587 sanctum
2559 531 2826 587 lsaacum
2856 531 2916 586 in
2943 530 3285 588 Armeniam
3325 532 3526 588 missis
3558 532 3687 604 (34),
3715 549 3899 591 causam

537 622 818 678 celebrati
849 623 1078 678 concilii
1107 639 1244 678 eum
1274 621 1605 678 docuerunt
1639 637 1651 676 :
1688 626 1933 677 sanctus
1967 637 2101 676 vero
2139 621 2387 678 lsaacus
2427 619 2660 676 concilii
2691 620 3108 678 auctoritatem
3141 621 3408 690 admisit,
3442 626 3498 678 et
3531 621 3775 678 Nestorio
3795 622 3898 679 dixit

542 711 883 768 anathema.
915 714 1047 767 Hac
1077 711 1266 767 fuerat
1293 716 1423 766 rota
1455 710 1690 766 tartarei
1721 726 1932 765 currus
1965 710 2152 766 tertia.

617 803 698 856 14.
739 800 1010 856 Posthinc
1039 799 1318 871 apparuit
1346 799 1633 854 scelestus
1666 799 1978 871 Eutyches,
2014 797 2365 854 Sabelliana
2399 801 2568 854 secta
2601 797 2899 865 surculus,
2933 798 3035 871 qui
3085 814 3273 855 unam
3303 815 3431 856 esse
3458 797 3604 854 dixit
3641 798 3840 854 deitatis
3865 807 3902 856 et

542 890 806 959 corporis
825 888 960 944 Jesu
984 889 1186 944 Christi
1214 894 1493 944 naturam
1518 906 1531 941 :
1559 887 1920 959 opinabatur
1941 887 2100 943 enim
2128 887 2344 944 factam
2365 887 2650 942 unionem
2673 891 2810 943 ante
2831 887 3067 953 sacula,
3095 892 3152 944 et
3177 903 3396 960 corpus
3417 887 3490 944 de
3508 887 3658 944 calo
3679 887 3902 952 delatum,

543 993 665 1033 non
695 983 887 1033 autem
915 993 982 1034 ex
1010 978 1245 1047 Virgine
1276 983 1546 1049 captum.
1591 976 1890 1033 Nestorius
1911 976 2184 1033 divinum
2215 977 2472 1033 Verbum
2501 976 2741 1046 negavit
2765 981 2967 1032 natum
2997 992 3129 1032 esse
3147 976 3222 1052 de
3245 977 3496 1047 Virgine,
3525 979 3754 1048 negavit
3775 977 3906 1050 Euty-

541 1067 680 1122 ches
707 1066 962 1122 Verbum
994 1072 1274 1123 naturam
1309 1072 1573 1123 nostram
1593 1067 1915 1138 sumpsisse
1945 1066 2019 1121 de
2052 1071 2260 1132 matre,
2295 1081 2366 1122 ac
2389 1066 2616 1122 ratione
2647 1064 2932 1122 ineffabili
2963 1071 3020 1122 et
3052 1066 3202 1123 mira
3231 1083 3368 1122 cum
3402 1082 3514 1123 sua
3543 1065 3749 1123 deitate
3775 1082 3906 1140 copu-

539 1155 775 1212 lavisse.
813 1156 993 1212 Porro
1044 1157 1363 1212 Flavianus
1394 1161 1611 1212 nostrae
1645 1157 2045 1228 metropoleos
2090 1155 2452 1228 patriarcha,
2485 1170 2546 1210 re
2601 1153 2841 1224 cognita
2871 1156 3194 1228 Eutycbem
3237 1156 3410 1226 jussu
3457 1157 3655 1212 Leonis
3703 1157 3904 1214 Romani

539 1244 893 1316 patriarcha
936 1245 1271 1300 sacerdotio
1304 1244 1506 1300 statim
1539 1244 2017 1317 atqueEcclesia
2047 1245 2474 1300 communione
2503 1243 2781 1316 privavit.
2833 1244 2938 1300 Hic
2971 1251 3170 1300 tamen
3203 1244 3555 1316 primarium
3600 1244 3905 1306 eunuchum,

537 1349 722 1406 quem
739 1350 848 1389 sua
869 1333 1200 1404 pestilentia
1222 1332 2002 1406 aﬂlaverat,Chrysapliium
2028 1334 2140 1405 (35)
2160 1333 2412 1403 rogavit,
2431 1338 2496 1388 ut
2510 1348 2614 1405 pro
2631 1348 2692 1388 se
2706 1332 2784 1389 ad
2809 1332 3274 1389 Alexandrinum
3295 1333 3646 1398 Dioscorum
3663 1334 3906 1388 scriberet:

538 1423 702 1495 quod
726 1439 934 1494 reapse
969 1423 1279 1478 eunuchus
1311 1422 1596 1494 prastitit,
1628 1424 1780 1479 datis
1811 1422 1888 1479 ad
1921 1424 2269 1479 Dioscorum
2299 1422 2526 1487 litteris,
2556 1439 2593 1478 a
2616 1438 2739 1494 quo
2800 1423 3091 1494 Eutyches
3138 1423 3199 1478 in
3232 1422 3504 1478 Ecclesia
3535 1423 3808 1493 gremium
3834 1421 3908 1476 fuit

537 1518 830 1583 receptus.
863 1513 991 1567 Mox
1027 1516 1223 1567 tamen
1256 1511 1381 1582 ipse
1415 1513 1730 1568 Dioscorus
1761 1513 2136 1568 conscientiae
2164 1512 2464 1568 morsibus
2495 1511 2666 1577 ictus,
2705 1511 2917 1567 timens
2949 1511 3220 1566 Ecclesia
3251 1527 3514 1568 canones
3545 1511 3656 1582 (36)
3686 1516 3739 1566 et
3760 1511 3908 1580 legem

537 1599 1194 1666 excommunicationis,
1247 1607 1560 1672 propterea
1607 1600 1770 1673 quod
1804 1601 2144 1673 depositum
2194 1600 2402 1656 ordine
2434 1600 2740 1656 hominem
2772 1604 2829 1656 et
2861 1599 3238 1658 anathemati
3266 1601 3606 1672 subjectum
3627 1600 3908 1672 recepisset,

539 1687 765 1759 absque
797 1705 968 1745 mora
999 1688 1325 1758 postulavit
1354 1706 1390 1744 a
1422 1690 1726 1761 pracipuo
1756 1689 1856 1745 illo
1899 1689 1958 1744 in
1990 1689 2128 1746 aula
2155 1689 2453 1755 eunucho,
2483 1694 2548 1744 ut
2585 1689 2903 1745 concilium
2945 1689 3164 1762 Ephesi
3201 1689 3579 1760 indiceretur,
3609 1687 3764 1745 haud
3802 1703 3909 1742 sane

539 1777 748 1832 divina
778 1777 1067 1834 voluntati
1101 1778 1429 1843 conforme,
1471 1794 1580 1834 nec
1607 1778 1875 1834 Ecclesia
1923 1778 2080 1844 utile,
2137 1777 2246 1834 sed
2277 1784 2338 1834 ut
2369 1783 2669 1850 patratum
2723 1794 2760 1833 a
2789 1794 2850 1833 se
2877 1780 3104 1834 crimen
3162 1778 3402 1834 velaret.
3456 1781 3652 1850 Neque
3681 1791 3804 1833 vero
3827 1775 3909 1832 illic

534 1866 828 1938 synodico
872 1867 1005 1936 jure
1037 1883 1096 1922 se
1126 1868 1304 1937 gessit
1349 1869 1677 1932 Dioscorus,
1712 1868 1817 1924 sed
1861 1868 2136 1924 eunucho
2181 1873 2239 1924 et
2268 1867 2624 1924 militaribus
2649 1868 2839 1939 copiis
2869 1867 3071 1933 fultus,
3119 1867 3326 1923 exsilio
3356 1872 3412 1924 et
3455 1883 3597 1924 nece
3628 1867 3908 1924 Flavianum

537 1955 826 2022 multavit,
855 1955 1064 2012 Leonis
1087 1957 1436 2028 patriarcha
1465 1957 1714 2013 Romani
1737 1957 2051 2029 epistolam
2075 1958 2315 2030 sprevit,
2339 1957 2639 2012 Domuum
2667 1957 3075 2028 patriarcham
3097 1956 3534 2012 Antiochenum
3561 1955 3909 2012 excommuni-

536 2045 715 2108 cavit,
748 2045 844 2116 qui
897 2044 1086 2100 scelus
1117 2047 1246 2116 ejus
1277 2045 1718 2117 improbaverat
1746 2063 1759 2101 :
1810 2047 2156 2102 Juvenalem
2202 2061 2370 2118 aque
2401 2045 2803 2118 patriarcham
2849 2045 3453 2116 Hierosolymitanum
3481 2049 3806 2118 aspernatus
3829 2047 3905 2106 est,

537 2133 783 2206 pralato
809 2134 900 2189 his
933 2135 1214 2206 Eutyche,
1249 2151 1426 2208 quem
1458 2136 1539 2191 uti
1569 2135 1969 2192 orthodoxum
2005 2136 2064 2191 in
2094 2136 2320 2192 honore
2351 2133 2586 2191 habuit.
2624 2135 2874 2205 Cognita
2905 2134 3167 2190 Dioscori
3207 2133 3437 2200 fraude,
3474 2134 3668 2190 maesti
3695 2130 3907 2205 episcopi

534 2222 910 2280 dicesserunt
940 2224 998 2278 in
1031 2241 1201 2280 suam
1234 2225 1490 2298 quisque
1519 2225 1827 2295 regionem
1859 2230 2040 2297 atque
2082 2224 2422 2293 stationem,
2453 2224 2793 2296 mansitque
2841 2230 3071 2280 tantum
3102 2223 3416 2279 Dioscorus
3446 2239 3582 2279 cum
3623 2220 3850 2294 Eutyche
3866 2223 3908 2274 et

535 2310 748 2384 paucis
773 2312 927 2378 aliis,
961 2328 1069 2368 ceu
1101 2329 1321 2368 corvus
1353 2314 1412 2369 in
1443 2313 1587 2370 nido
1611 2329 1743 2380 suo,
1777 2330 1885 2370 ceu
1918 2319 2081 2386 stryx
2113 2313 2173 2369 in
2206 2313 2499 2380 maceriis,
2535 2329 2640 2368 ceu
2669 2313 2927 2385 denique
2963 2313 3085 2368 titio
3117 2313 3331 2369 ardens
3361 2313 3420 2368 in
3453 2328 3712 2368 nemore.
3741 2313 3860 2380 Ergo
3881 2324 3907 2362 ι

535 2400 741 2471 magni
766 2401 964 2472 Cyrilli
991 2405 1185 2468 atate,
1212 2409 1267 2458 et
1287 2418 1323 2458 a
1347 2401 1540 2474 priore
1575 2403 1785 2474 Ephesi
1816 2409 2023 2459 sancto
2056 2402 2307 2459 concilio
2341 2418 2528 2476 usque
2557 2402 2634 2458 ad
2663 2401 2928 2458 Dioscori
2955 2401 3423 2458 conciliabulum
3448 2402 3594 2458 anni
3612 2399 3906 2457 eﬂluxerunt

541 2491 607 2547 18
635 2489 747 2561 (37)
778 2510 790 2554 ;
825 2490 902 2546 ab
941 2491 1056 2547 hoc
1083 2495 1283 2547 autem
1311 2491 1387 2547 ad
1423 2491 1902 2548 Chalcedonense
1937 2493 2077 2549 anni
2109 2492 2230 2547 duo
2262 2492 2397 2563 (38).

611 2583 693 2634 15.
729 2579 958 2651 Quippe
979 2578 1184 2650 junior
1212 2579 1598 2645 Theodosius,
1638 2580 1895 2636 tumultu
1925 2581 2126 2638 audito
2171 2597 2351 2653 quem
2395 2580 2456 2635 in
2509 2578 2762 2636 Ecclesia
2789 2579 3108 2635 Dioscorus
3143 2579 3576 2648 concitaverat,
3623 2579 3778 2649 cujus
3818 2574 3905 2630 late

536 2667 897 2738 perturbatio
928 2668 1376 2740 propagabatur
1409 2685 1422 2735 ;
1455 2669 1600 2724 dum
1636 2685 2000 2741 magnopere
2035 2670 2114 2725 ob
2144 2686 2278 2726 eam
2313 2685 2438 2725 rem
2461 2673 2756 2734 aestuaret,
2780 2668 3000 2724 litteras
3037 2685 3073 2725 a
3105 2671 3295 2726 Leone
3325 2669 3661 2740 patriarcha
3689 2667 3904 2722 Romano

537 2755 884 2826 tempestive
918 2758 1168 2828 accepit,
1203 2757 1306 2828 qui
1336 2757 1588 2828 rogabat
1632 2759 2079 2830 imperatorem,
2115 2763 2180 2813 ut
2218 2758 2660 2815 acumenicum
2693 2757 3010 2813 concilium
3061 2758 3457 2823 contraheret,
3492 2757 3571 2814 ob
3599 2752 3904 2812 firmandam

536 2851 881 2901 sanctorum
908 2850 1174 2902 veterum
1200 2845 1442 2902 Patrum
1471 2847 1870 2903 traditionem.
1900 2847 2198 2904 Mandavit
2224 2863 2360 2918 ergo
2389 2848 2734 2918 imperator,
2757 2847 3262 2919 utepiscoporum
3286 2853 3614 2904 conventus
3633 2845 3793 2902 ﬁeret.
3818 2838 3905 2896 Sed

533 2949 672 2989 cum
701 2934 827 3006 ipse
858 2935 1072 2990 eodem
1103 2951 1265 2991 anno
1295 2935 1558 3003 obiisset,
1606 2937 1794 2993 caruit
1819 2936 2027 2993 eﬂ‘ectu
2075 2939 2401 2993 decretum.
2458 2939 2587 2994 Mox
2621 2942 2821 2993 tamen
2880 2951 3191 2992 successor
3219 2935 3348 3007 ejus
3375 2935 3706 2992 Marcianus
3754 2931 3904 3004 primo

532 3023 778 3095 quidem
809 3039 970 3080 anno
1001 3023 1322 3098 imperium
1355 3025 1432 3082 ad
1463 3025 1868 3082 obedientiam
1898 3026 2259 3099 composuit,
2288 3026 2472 3083 altero
2499 3031 2699 3082 autem
2720 3025 3074 3098 pradictum
3105 3027 3490 3098 propositum
3517 3019 3906 3096 exsequendum

535 3113 786 3169 curavit.

608 3204 690 3258 16.
720 3203 1214 3260 Concludendum
1243 3208 1330 3260 est
1360 3203 1560 3274 igitur,
1593 3210 1775 3277 prout
1799 3206 1928 3277 jam
1977 3222 2164 3280 supra
2188 3206 2519 3276 urguimus,
2572 3221 2790 3276 nempe
2822 3203 2989 3277 quod
3017 3205 3064 3261 si
3094 3209 3326 3262 cuncta
3359 3205 3624 3262 ecclesia
3651 3200 3803 3260 annis
3827 3199 3899 3254 451

529 3296 666 3362 post
695 3291 1066 3348 salutiferam
1090 3293 1572 3350 incarnationem
1599 3295 1712 3367 (39)
1743 3312 1932 3368 usque
1961 3296 2038 3352 ad
2066 3296 2544 3352 Chalcedonense
2574 3295 2900 3351 concilium
2925 3296 2986 3350 in
3017 3310 3156 3351 vera
3181 3294 3469 3364 religione
3499 3294 3721 3366 fideque
3747 3288 3906 3346 ortho-

532 3379 688 3436 doxa
719 3383 1121 3452 perstiterunt,
1155 3389 1212 3438 et
1236 3383 1483 3439 nutricis
1513 3385 1703 3439 instar
1733 3384 1826 3441 lac
1855 3386 1913 3440 in
1946 3385 2176 3441 Christo
2206 3401 2315 3441 ceu
2347 3384 2606 3457 parvulis
2631 3385 3016 3457 prabuerunt
3044 3383 3176 3439 orbi
3209 3389 3529 3450 terrarum,
3564 3399 3659 3455 per
3686 3381 3926 3436 doctores.

533 3467 787 3539 inclytos
807 3469 881 3524 de
908 3470 1253 3539 evangelico
1283 3470 1442 3527 fonte
1464 3488 1738 3538 manans,
1771 3488 1906 3544 qua
1931 3489 2024 3529 res
2047 3474 2148 3530 toti
2173 3473 2402 3530 mundo
2427 3473 2740 3530 manifesta
2760 3479 2869 3538 est,
2893 3474 2993 3544 qui
3013 3473 3140 3528 fieri
3163 3474 3352 3545 potuit
3374 3479 3435 3528 ut
3458 3491 3498 3530 a
3518 3477 3668 3529 recto
3701 3466 3899 3527 tramite,

532 3571 714 3626 quem
747 3572 982 3628 semper
1014 3563 1340 3628 tenuerant,
1375 3559 1780 3616 aberraverint
1805 3561 1990 3626 ‘IQuis
2021 3563 2240 3631 credat,
2263 3561 2530 3636 quinque
2557 3562 2925 3635 patriarchas
2957 3562 3032 3618 ad
3062 3561 3340 3618 eamdem
3369 3561 3582 3619 falsam
3605 3556 3899 3616 sententiain

531 3649 709 3714 atque
729 3644 1046 3701 concilium
1074 3645 1338 3718 potuisse
1367 3648 1705 3705 divertere?
1732 3651 1902 3715 Quod
1934 3651 1982 3706 si
2014 3652 2071 3707 bi
2096 3667 2302 3724 reapse
2333 3669 2368 3706 a
2392 3668 2530 3708 vera
2552 3651 2668 3707 ﬁde
2699 3639 3110 3720 descivissent,
3137 3651 3266 3707 sine
3289 3651 3477 3707 dubio
3501 3668 3536 3708 a
3560 3652 3672 3706 Deo
3692 3639 3898 3703 derelicti

533 3732 875 3805 sanctisque
922 3733 1067 3790 locis
1098 3735 1345 3793 fuissent
1399 3737 1655 3810 depulsi,
1688 3738 1850 3796 haud
1883 3756 2056 3797 secus
2086 3757 2273 3814 quam
2303 3741 2557 3814 populus
2609 3740 2962 3796 lsraeliticus
3013 3743 3128 3796 Deo
3175 3740 3406 3796 rebellis
3449 3741 3638 3812 gloria
3665 3753 3758 3794 sua
3789 3745 3896 3805 spo-

537 3819 715 3877 liatus
746 3827 853 3879 est.

607 3915 690 3966 t7.
725 3913 889 3967 Nunc
909 3911 1040 3983 jam
1067 3914 1464 3972 orthodoxam
1494 3915 1838 3974 doctrinam
1867 3934 2004 3976 cum
2034 3919 2141 3977 illa
2162 3919 2550 3976 conferamus
2578 3918 2981 3975 Jacobitarum
3005 3918 3458 3990 acephalorum,
3498 3913 3739 3975 Dioscori
3763 3913 3894 3979 Euty—

528 3998 775 4072 chisque
799 4000 1208 4069 alumnarum,
1239 4003 1343 4076 qui
1376 4005 1584 4061 Christi
1614 4006 1713 4061 Dei
1745 4012 1802 4062 et
1831 4007 2093 4064 hominis
2127 4025 2309 4064 unam
2338 4008 2772 4064 contenderunt
2803 4024 2933 4062 esse
2965 4013 3264 4073 naturam,
3296 4023 3604 4082 unamque
3629 4020 3738 4062 rem
3763 4004 3898 4073 puta-

529 4094 666 4144 runt
695 4104 1018 4161 personam
1045 4107 1172 4148 esse
1201 4098 1376 4165 atque
1410 4101 1713 4153 naturam.
1756 4093 1920 4152 Certe
1948 4113 2020 4152 ex
2046 4097 2281 4153 illorum
2309 4097 2600 4153 sententia
2621 4096 3027 4168 consequitur,
3065 4102 3126 4150 ut
3157 4097 3538 4153 sanctissima
3565 4095 3783 4152 Trinitas
3806 4099 3893 4143 non

529 4178 805 4234 exsistat:
835 4195 976 4236 nam
1010 4181 1058 4236 si
1089 4183 1386 4238 Trinitatis
1418 4189 1633 4240 natura
1663 4201 1783 4241 una
1805 4190 1910 4250 est,
1944 4187 2024 4241 uti
2056 4202 2260 4242 revera
2289 4192 2394 4250 est,
2433 4202 2618 4242 unam
2645 4201 2886 4257 quoque
2918 4200 3240 4257 personam
3267 4201 3395 4241 esse
3425 4202 3584 4258 opus
3611 4189 3728 4240 est:
3757 4182 3894 4247 atque

529 4266 612 4322 ita
641 4283 779 4322 cum
816 4267 1072 4324 Sabellio
1103 4271 1474 4342 conspirant,
1508 4278 1563 4328 et
1593 4289 1731 4329 cum
1766 4277 1932 4330 Petro
1973 4275 2236 4340 Fullone,
2286 4292 2357 4331 ac
2385 4278 2613 4331 Joanne
2643 4275 3095 4330 Mairacomensi
3121 4274 3258 4345 (40).
3291 4276 3474 4331 Sectis
3507 4289 3662 4338 vero,
3687 4271 3728 4326 si
3753 4277 3897 4323 unum

529 4354 677 4426 quid
709 4361 848 4411 sunt
873 4372 1125 4427 persona
1156 4364 1336 4430 atque
1369 4365 1602 4426 natura,
1636 4363 1904 4434 sequitur
1931 4369 2013 4431 ut,
2045 4364 2188 4436 quia
2219 4369 2337 4420 tres
2368 4369 2507 4420 sunt
2536 4363 2936 4420 sanctissima
2963 4363 3259 4419 Trinitatis
3297 4379 3592 4436 persona,
3622 4352 3897 4417 necessario

531 4449 647 4501 tres
677 4459 922 4517 quoque
947 4450 1180 4502 natura
1212 4447 1348 4512 sint,
1377 4454 1555 4520 prout
1579 4454 1928 4508 vestratium
1953 4453 2166 4510 insana
2192 4454 2483 4510 sententia
2507 4452 2789 4526 postulat,
2822 4453 2924 4525 qui
2947 4453 3059 4508 hoc
3091 4457 3270 4525 pacto
3295 4469 3432 4509 cum
3457 4452 3619 4518 Ario,
3640 4442 3898 4507 Eunomioi

530 4540 586 4590 et
614 4534 963 4592 Macedonio
995 4535 1394 4593 consentiunt.

605 4623 690 4679 18.
719 4622 887 4680 Adde
917 4624 1085 4698 quod
1116 4627 1414 4682 contraria
1443 4628 1754 4684 contrariis
1781 4628 2198 4697 excluduntur,
2232 4631 2413 4687 veluti
2443 4631 2673 4688 bonum
2703 4630 2858 4686 malo
2891 4629 3145 4702 pellitur,
3175 4630 3367 4686 visum
3399 4631 3630 4688 cacitas
3666 4619 3897 4701 perimit;
4006 4621 4007 4628 “

529 4711 785 4769 tenebra
814 4712 1014 4771 lucem
1039 4729 1162 4770 non
1195 4715 1519 4787 patiuntur.
1541 4719 1622 4772 Ita
1652 4732 1904 4789 prorsus
1927 4719 1984 4774 in
2011 4735 2074 4775 re
2098 4724 2300 4776 nostra
2323 4720 2699 4791 arguendum
2718 4718 2890 4775 est.Si
2917 4719 3396 4775 Chalcedonense
3422 4718 3728 4776 concilium
3741 4710 3899 4786 priora

534 4799 642 4855 tria
673 4816 794 4858 non
819 4802 1094 4868 admittit,
1128 4819 1270 4877 ergo
1300 4803 1412 4860 illis
1440 4812 1755 4878 repugnat,
1791 4807 2124 4882 eademque
2153 4808 2370 4867 abolet.
2399 4811 2579 4866 Secus
2611 4824 2748 4866 vero
2777 4809 2825 4864 si
2859 4812 2921 4864 ut
2951 4824 2986 4865 a
3019 4807 3672 4882 Constantinopolitano
3695 4795 3899 4859 concilio

602 5001 714 5084 (32)
761 5006 885 5084 imo
934 5006 1283 5084 Caelestinus
1321 5025 1428 5081 per
1476 5009 1754 5084 Cyrillum
1807 5011 2060 5084 prafuit,
2109 5012 2188 5068 uti
2371 5011 2485 5081 (36)
2503 5009 2713 5067 Confer
2731 5027 3027 5069 canonem
3061 5009 3895 5084 apostolicumt3.etNicanum

534 5071 899 5160 exploratum
930 5083 1041 5157 est,
1083 5085 1261 5161 atque
1288 5071 1350 5138 u't
1379 5097 1489 5138 nos
1510 5071 1620 5155 ipsi
1647 5071 2104 5139 emendavimus
2129 5084 2189 5138 in
2303 5088 2355 5147 3,
2377 5071 2552 5154 ‘ap'ud
2583 5099 2694 5139 nos
2724 5085 2928 5154 Spicit.
2963 5090 3003 5142 t.
3035 5071 3140 5155 Vll,
3172 5101 3228 5156 p.
3257 5085 3379 5150 205,
3404 5085 3529 5139 20:.

535 5143 593 5198 S.
626 5148 920 5200 bermano
951 5148 1054 5202 lib.
1081 5157 1176 5204 cit.
1202 5168 1259 5204 o.
1299 5157 1386 5204 37.
2378 5155 2656 5204 (37H10d.
2689 5158 2776 5204 28-

580 5182 593 5196 .
626 5155 920 5200 Germano
951 5155 1054 5202 lib.
1081 5155 1176 5206 cit.
1202 5168 1259 5224 p.
1299 5157 1386 5208 37.
2402 5157 2489 5226 37)
2515 5155 2656 5210 Cod.
2689 5158 2776 5210 28.

755 5215 1236 5308 inAfragmentis‘
1279 5224 1638 5308 Tusculanis.
1671 5225 1952 5308 dicuntur
1998 5228 2191 5308 CCXL.
2378 5155 2492 5308 ἓξὲξ)
2519 5226 2659 5308 Cod:
2689 5227 2960 5308 quinque.

562 5357 570 5367 ,
605 5286 940 5373 (393100.“
981 5299 1156 5371 antea
1188 5294 1350 5373 electi
1380 5298 1639 5373 Cyziceni
1674 5305 1883 5373 postea
1913 5299 2201 5373 Constan;
2379 5286 2489 5373 (393
2538 5286 2897 5354 Cod.'ann'is
2956 5302 3058 5354 472
3097 5301 3228 5368 post
3265 5298 3636 5367 salutiferam
3681 5295 3891 5348 resurre-

532 5357 908 5444 t‘inopolitani
932 5361 1199 5444 episcopi
1230 5357 1440 5444 exstat'
1462 5357 1804 5444 dogmatica
1842 5369 2092 5440 epistola
2124 5370 2199 5425 ad
2309 5357 2578 5444 ctionem.

533 5421 838 5512 Armenios
881 5446 894 5496 ;
929 5421 1119 5502 Cj'rlili
1143 5421 1286 5490 ‘non
1330 5421 1495 5506 item,
1516 5421 1640 5495 nisi
1656 5421 1825 5498 forte
1848 5421 1963 5497 est
1978 5421 2101 5496 una
2127 5421 2201 5497 ei
2312 5421 2792 5511 “(fitﬁt—Joannis
2833 5440 3310 5512 Mairacomensis
3350 5454 3580 5512 crassos
3615 5446 3813 5491 errores
3835 5421 3892 5512 {t3

534 5494 988 5584 εορηχςειίείεέης
1623 5494 1634 5495 ί
2138 5494 2201 5497 Ψ
2314 5494 3195 5584 ipsumamsapiamus
3221 5510 3399 5584 fuisse
3430 5494 3892 5584 refiitat05.11§"'§f

614 5529 878 5584 υχυιιυιδο
2314 5529 2329 5567 ι
2380 5529 2459 5566 SlS
2491 5529 2782 5567 Armeniis
2812 5529 3195 5584 scriptoribus
3221 5529 3399 5566 Illlsse
3430 5529 3713 5569 rellltalos,
3737 5529 3892 5556 υαιιω

607 5574 718 5655 (3ῐξ)
753 5573 844 5655 28
904 5573 1255 5655 th‘ysaphii
1317 5581 1572 5655 eunuchi
1624 5583 1967 5640 cubicularii
2014 5585 2204 5654 gratia
2315 5529 2395 5638 ἰῇ.
2434 5599 2500 5638 ac
2531 5600 2650 5638 rev.
2682 5583 3164 5655 archiepiscopus
3196 5583 3395 5639 Sunia
3426 5598 3522 5655 op.
3558 5583 3646 5655 cit.
3673 5592 3724 5648 p.
3748 5575 3823 5655 29..
3849 5567 3890 5655 ίξξ
4001 5603 4003 5640 1

535 5637 1156 5732 apud'lTh‘eodo‘s'iun’i
1178 5647 1530 5732 “ju.ni9rem_
1557 5637 2207 5724 leganturLEtiaifi’vfraV-i
2318 5637 2406 5732 ἕξ,
2441 5637 3126 5732 heainoniigstimhghs
3148 5656 3187 5711 l.
3210 5637 3889 5719 VB.Auch'erusin'prmf.el

534 5715 784 5791 gnienta
804 5715 1141 5777 Tusculana
1167 5715 1382 5792 S'pi'cil.
1415 5729 1454 5780 t.
1490 5727 1553 5780 ll.
1615 5715 1648 5724 “’
2323 5715 2466 5785 adn.
2496 5726 2574 5786 ad
2606 5729 2752 5786 orat.
2783 5727 2956 5786 Joan.
2991 5729 3130 5784 Ozn.
