4088 6214
219 302 330 357 713
755 323 758 326 ’
1537 308 1833 364 EPISTOL

2088 308 2302 365 LIBER
2341 309 2388 365 Ι.
3533 317 3640 376 714
3669 347 3671 354 ·

216 433 531 501 receptum
561 431 668 488 fuit
695 432 1018 500 Nicmnum,
1042 433 1122 490 ita
1173 432 1658 490 Chalcedonense
1712 434 1822 490 tria
1852 434 2053 506 priora
2079 435 2395 490 reveritum
2429 439 2555 500 est;
2591 437 2905 510 perspicue
2949 443 3201 512 apparet
3225 439 3339 496 hoc
3365 456 3501 496 cum
3526 441 3644 497 illis

217 519 582 587 consentire,
616 537 686 578 ac
714 521 1056 579 nullatenus
1084 538 1216 578 esse
1238 521 1928 578 contrarium.Praeterea
1947 522 2384 595 leges,regulaa,
2404 540 2684 594 canones,
2717 532 2772 582 et
2798 527 3068 584 instituta
3098 528 3186 585 vel
3217 529 3479 584 conciliis
3510 545 3650 589 con-

217 605 467 664 ﬁrmata
498 608 735 666 fuerunt
765 611 852 666 vel
881 612 1202 668 miraculis.
1233 611 1523 668 Miraculis
1567 611 1814 685 quidem
1839 627 1897 668 v.
1930 626 2018 681 gr.
2048 611 2260 683 Moysis
2290 611 2347 667 in
2377 612 2632 686 Egypto
2662 621 2838 688 atque
2868 617 2929 672 in
2950 617 3274 690 Erythraeo,
3306 618 3396 672 vel
3419 619 3650 674 Domini

216 707 413 763 nostri
439 705 580 763 Jesu
611 707 824 766 Christi
847 725 1040 780 agros
1065 711 1354 776 sonantis,
1389 716 1657 766 mortuos
1682 709 2047 775 suscitantis,
2071 716 2180 766 etc.
2213 726 2227 776 ;
2255 711 2519 766 conciliis
2547 718 2769 781 autem,
2795 713 2969 769 veluti
3016 714 3112 770 illo
3153 719 3258 772 318
3306 719 3565 782 Patrum,
3599 721 3655 772 et

215 791 330 851 illo
358 797 478 862 150,
507 813 842 868 quaaunam
873 815 999 854 esse
1027 799 1084 854 in
1110 799 1387 856 Trinitate
1415 804 1716 864 naturam,
1742 814 2034 870 personas
2073 804 2207 865 tres,
2236 798 2654 868 deﬁniverunt,
2681 802 3055 876 Sabellioque
3078 809 3133 859 et
3163 806 3300 859 Ario
3331 805 3656 860 anathema

219 882 527 940 dixerunt.
563 885 772 958 Ephesi
801 893 1002 944 autem
1032 890 1227 944 Patres
1255 888 1587 943 docuerunt
1616 887 1854 944 Mariam
1886 888 2179 958 Virginem
2215 904 2346 943 esse
2381 887 2717 960 Deiparam,
2756 893 3210 964 Nestoriumque
3237 895 3657 950 excommuni-

221 978 460 1030 carunt.
488 975 754 1047 Denique
786 977 844 1032 in
871 982 1086 1048 quarto
1113 976 1368 1033 concilio
1415 976 1687 1032 divinum
1719 977 1982 1032 Verbum
2012 976 2086 1032 de
2117 977 2348 1046 Virgine
2374 977 2550 1034 Maria
2575 978 2953 1036 incarnatum
2996 979 3394 1046 aiﬁrmarunt,
3424 997 3492 1037 ac
3523 983 3655 1038 Dio-

223 1078 466 1119 scorum
491 1080 630 1120 cum
661 1064 923 1138 Eutyche
945 1066 1372 1122 communione
1394 1066 1731 1122 Christiana
1759 1071 2158 1123 removerunt.
2192 1069 2315 1137 Age
2345 1083 2485 1123 vero
2511 1068 2826 1124 Dioscorus
2839 1074 3017 1141 atque
3038 1069 3353 1141 Eutyches,
3383 1085 3521 1125 cum
3535 1071 3658 1126 duo

225 1156 390 1216 sunt,
411 1153 730 1210 concilium
749 1161 903 1211 certe
930 1171 1050 1212 non
1077 1155 1362 1220 conﬂant,
1388 1171 1582 1228 neque
1612 1155 1894 1210 miracula
1919 1154 2258 1226 ediderunt,
2281 1171 2477 1228 neque
2507 1171 2609 1212 eos
2629 1157 2954 1228 quisquam
2978 1157 3385 1228 prodigiorum
3407 1157 3662 1215 auctori-

226 1245 326 1296 ate
351 1239 530 1298 fultos
558 1241 706 1298 vidit
740 1247 803 1299 ut
833 1244 1020 1300 Eliam
1044 1251 1228 1316 atque
1262 1244 1563 1300 Elisaeum.
1599 1246 1713 1300 Cur
1743 1259 1882 1315 ergo
1914 1243 2111 1312 liceat,
2143 1244 2383 1300 omissis
2419 1248 2522 1302 680
2555 1244 2846 1327 episcopis
2877 1245 3379 1316 Chalcedonensis
3423 1247 3658 1303 concilii

224 1330 595 1398 auctoribus,
618 1349 878 1406 quorum
899 1333 1317 1391 multiconcilio
1341 1349 1584 1407 quoque
1615 1333 1912 1406 Ephesino
1933 1333 2337 1401 interfuerant,
2358 1333 2598 1390 duobus
2621 1339 2850 1391 tantum
2873 1334 3220 1391 hominibus
3243 1336 3426 1393 ﬁdem
3449 1337 3546 1408 adj
3557 1352 3663 1393 un-

226 1435 365 1490 gere
389 1421 417 1474 ?
445 1422 698 1478 Summa
724 1422 854 1478 huic
886 1426 1043 1478 certe
1071 1423 1320 1480 stultitia
1344 1423 1514 1480 foret.

310 1510 391 1564 l9.
431 1509 884 1567 Calumniantur
911 1517 1198 1583 praeterea
1246 1512 1599 1584 prtedictum
1629 1511 1971 1578 concilium,
2009 1511 2184 1584 quasi
2232 1512 2294 1568 id
2335 1527 2520 1584 opera
2563 1512 2880 1570 Pulcheriai
2913 1513 3250 1579 Theodosii,
3285 1513 3658 1586 imperatoris

229 1613 452 1664 sorore,
483 1599 817 1656 adnuatum
843 1601 1036 1664 fuerit,
1063 1601 1143 1657 ob
1177 1601 1586 1657 ulciscendam
1613 1601 1872 1658 Flaviani
1897 1617 2128 1657 necem.
2152 1601 2326 1674 Atqui
2351 1601 2477 1657 haec
2500 1617 2666 1658 mera
2684 1601 2930 1676 fallacia
2957 1607 3044 1658 est
3077 1620 3090 1655 :
3125 1603 3346 1658 etenim
3373 1603 3434 1658 id
3465 1604 3659 1660 conci-

225 1686 375 1744 lium
397 1688 494 1744 Dei
517 1688 835 1752 voluntate,
861 1689 1270 1762 mandatoque
1291 1692 1498 1746 Leonis
1521 1689 1780 1745 Romani
1799 1689 2122 1762 pontificis,
2142 1689 2401 1746 Anatolii
2425 1691 2778 1761 patriarchae
2797 1691 3464 1762 Constantinopolitani.
3493 1690 3666 1747 Maxi-

231 1776 420 1833 miani
446 1777 796 1848 patriarchas
826 1777 1200 1844 Autiocheni,
1230 1795 1302 1834 ac
1343 1779 1642 1835 Juvenalis
1671 1779 2025 1851 patriarchae
2059 1778 2592 1850 Hierosolymitani,
2627 1779 2917 1837 indictum
2951 1779 3080 1835 fuit.
3117 1780 3179 1834 Hi
3210 1780 3372 1836 enim
3403 1786 3665 1852 quatuor

228 1866 582 1938 patriarcha
613 1883 736 1922 una
761 1882 898 1922 cum
926 1867 1030 1923 630
1060 1868 1358 1938 episcopis
1388 1867 1529 1923 ﬁdei
1556 1868 1992 1938 professionem
2025 1868 2088 1924 in
2119 1869 2527 1942 superioribus
2557 1869 2746 1925 tribus
2779 1869 3043 1925 conciliis
3073 1869 3300 1925 editam
3337 1869 3666 1924 confirma-

230 1962 390 2020 runt,
423 1955 797 2028 professique
827 1962 964 2012 sunt
988 1971 1172 2011 unum
1201 1957 1520 2012 Dominum
1558 1958 1766 2013 Jesum
1793 1957 2085 2013 Christum
2111 1959 2171 2013 in
2201 1959 2376 2014 unica
2403 1973 2662 2029 persona
2678 1965 2734 2014 et
2754 1958 3086 2030 hypostasi,
3119 1974 3190 2014 ex
3215 1959 3456 2015 duabus
3491 1956 3667 2012 unitis

229 2045 485 2114 naturis,
517 2048 581 2100 ut
617 2060 684 2100 os
714 2044 1094 2101 obstruerent
1121 2047 1384 2101 Nestorio
1429 2061 1499 2102 ac
1533 2045 1846 2101 Theodoro
1871 2049 1929 2101 et
1962 2048 2230 2102 Dioscoro
2261 2063 2274 2102 :
2308 2046 2712 2120 eumdemque
2740 2064 2810 2102 ex
2837 2046 3076 2102 duabus
3108 2047 3334 2103 naturis
3363 2046 3662 2124 dixerunt,

232 2138 296 2189 ut
350 2133 422 2188 iis
451 2133 745 2190 silentium
790 2133 1136 2200 indicerent,
1167 2135 1273 2206 qui
1315 2134 1596 2192 deitatem
1628 2133 1807 2190 simul
1846 2138 1904 2191 et
1943 2134 2383 2192 humanitatem
2429 2137 2564 2192 Jesu
2603 2135 2817 2191 Christi
2844 2150 2966 2192 non
2997 2134 3337 2203 admittunt,
3366 2140 3424 2191 et
3465 2135 3665 2206 ipsum

235 2221 414 2279 unica
439 2226 654 2279 natura
683 2230 959 2280 constare
990 2223 1218 2280 dicunt.

302 2310 392 2368 20.
429 2313 654 2384 Reapse
703 2313 876 2368 Arius
901 2312 1105 2369 docuit
1131 2319 1398 2370 creatum
1431 2329 1567 2370 esse
1593 2313 1829 2378 Filium,
1862 2315 2038 2384 atque
2062 2329 2134 2369 ex
2159 2313 2399 2384 Virgine
2425 2313 2572 2369 nihil
2599 2317 2812 2385 praeter
2835 2328 3054 2386 corpus
3085 2313 3424 2385 sumpsisse
3458 2328 3471 2380 ;
3501 2311 3665 2369 ideo-

231 2416 347 2473 que
371 2416 554 2457 unam
579 2401 746 2458 Verbi
771 2403 950 2458 creati
975 2401 1234 2476 factique
1257 2409 1536 2459 naturam
1550 2402 1714 2458 dixit.
1743 2401 2034 2459 Sabellius
2059 2402 2257 2459 aiebat
2276 2402 2550 2459 divinum
2565 2402 2822 2458 Verbum
2843 2407 3203 2475 apparenter
3218 2401 3662 2471 tantummodo,

230 2505 354 2546 non
383 2507 444 2546 re
473 2506 614 2548 vera
651 2506 868 2564 corpus
891 2491 952 2547 in
979 2491 1209 2547 mundo
1235 2491 1349 2548 sibi
1381 2491 1880 2564 circumposuisse
1914 2508 1928 2559 ;
1961 2491 2216 2563 ideoque
2237 2496 2292 2546 et
2318 2490 2445 2562 ipse
2469 2507 2652 2548 unam
2679 2496 2957 2546 naturam
2999 2489 3423 2561 pronuntiavit.
3453 2490 3663 2546 Petrus

187 2568 190 2571 ’
231 2579 496 2634 Verbum
515 2579 824 2636 redactum
847 2595 976 2636 esse
998 2580 1057 2635 in
1082 2595 1294 2652 corpus
1315 2579 1692 2646 existimavit,
1717 2585 1898 2652 atque
1916 2579 2138 2636 idcirco
2162 2595 2348 2635 unam
2375 2585 2650 2636 naturam
2689 2579 2889 2636 fassus
2911 2586 3015 2636 est.
3045 2579 3329 2636 Photinus
3350 2595 3420 2636 ac
3442 2578 3664 2635 Paulus

231 2668 672 2724 Samosatensis
719 2669 1051 2726 docuerunt
1083 2669 1379 2726 Christum
1409 2671 1609 2726 Jesum
1640 2668 1873 2724 initium
1906 2684 1943 2724 a
1987 2669 2171 2726 Maria
2218 2668 2582 2740 sumpsisse;
2612 2675 3041 2740 pr0ptereaque
3071 2673 3129 2724 et
3157 2667 3274 2739 ipsi
3317 2683 3500 2724 unam
3531 2683 3664 2725 esse

234 2756 350 2813 illis
380 2762 658 2814 naturam
689 2757 986 2815 dixerunt.
1015 2758 1308 2832 Eutyches
1340 2775 1410 2815 ac
1445 2759 1760 2814 Dioscorus
1785 2757 2010 2828 opinati
2040 2763 2178 2814 sunt
2208 2757 2494 2814 Christum
2519 2758 2721 2813 Jesum
2759 2757 3022 2814 hominis
3055 2757 3508 2814 similitudinem
3534 2760 3662 2813 tan-

237 2853 366 2903 tum
397 2845 679 2917 gessisse,
712 2853 770 2904 et
797 2863 902 2921 per
927 2848 1245 2921 Virginem,
1264 2848 1448 2904 instar
1470 2863 1644 2920 aquae
1673 2862 1777 2918 per
1796 2845 2081 2913 ﬁstulam,
2105 2847 2385 2902 transisse
2419 2863 2432 2912 ;
2467 2845 2724 2918 ideoque
2757 2861 2941 2902 unam
2969 2849 3108 2902 Jesu
3142 2845 3354 2902 Christi
3384 2851 3662 2902 naturam

236 2933 708 2992 afﬁrmaverunt.
727 2935 998 2992 Julianus
1022 2936 1563 2993 Halicarnassensis
1586 2935 1791 2991 Christi
1813 2935 1842 2987 J
1849 2951 1954 2992 esu
1979 2950 2198 3006 corpus
2219 2934 2585 3006 impassibile
2607 2934 2754 2991 dixit
2778 2941 3097 3006 menteque
3119 2950 3347 3001 carens,
3369 2940 3549 3006 atque
3581 2933 3661 2990 ob

237 3025 298 3095 id
351 3025 589 3082 unicam
621 3033 899 3082 naturam
928 3026 1227 3083 credebat.
1252 3029 1514 3082 Joannes
1566 3025 2052 3080 Mairacomensis
2082 3029 2140 3080 et
2167 3027 2367 3080 Petrus
2395 3022 2556 3079 Fullo
2601 3023 2811 3080 Christi
2841 3026 2976 3080 Jesu
3009 3025 3492 3095 conjunctionem
3520 3038 3660 3078 cum

236 3129 486 3187 corpore
512 3119 651 3170 ante
677 3114 896 3171 saecula
913 3115 1136 3172 factam
1157 3116 1509 3181 docuerunt,
1533 3119 1708 3187 atque
1735 3113 1872 3169 hinc
1899 3129 2083 3170 unam
2109 3129 2238 3168 esse
2264 3117 2564 3169 naturam.
2588 3113 2947 3184 Apollinaris
2970 3129 3108 3170 vero
3132 3113 3335 3169 docuit
3364 3111 3658 3168 Christum

235 3205 438 3259 Jesum
453 3203 785 3260 humanam
813 3203 1080 3260 animam
1101 3220 1221 3260 non
1243 3203 1661 3277 assumpsisse,
1683 3203 1788 3259 sed
1807 3203 1937 3274 ejus
1951 3203 2152 3259 locum
2170 3219 2206 3258 a
2225 3202 2438 3259 deitate
2459 3202 2640 3258 teneri
2661 3217 2878 3274 :quare
2899 3202 3097 3274 etipse
3119 3201 3296 3258 unius
3312 3206 3538 3258 naturae
3551 3199 3658 3257 fal-

238 3309 373 3349 sum
416 3292 644 3364 dogma
695 3293 853 3350 fovit.
883 3294 1250 3367 Sophronius
1281 3294 1394 3367 (41)
1439 3295 1657 3366 pariter
1688 3299 1866 3364 atque
1907 3291 2233 3348 Eunomius
2259 3293 2472 3348 Jesum
2517 3291 2812 3348 Christum
2842 3290 3116 3347 humana
3152 3295 3350 3346 mente
3397 3289 3659 3347 caruisse

236 3383 534 3447 dixerunt,
550 3389 1102 3455 consequenterque
1125 3383 1362 3440 unicam
1376 3389 1656 3440 naturam
1681 3383 1921 3439 habere-
1947 3383 2148 3438 Manes
2175 3381 2624 3454 phantasticum
2675 3379 3002 3436 Servatoris
3033 3379 3252 3436 corbus
3267 3379 3464 3444 fuisse,
3497 3379 3660 3435 ideo-

237 3489 356 3546 que
391 3472 628 3528 unicam
660 3473 720 3528 in
751 3489 822 3528 eo
850 3478 1127 3528 naturam
1155 3474 1499 3546 praedicavit
1530 3490 1543 3528 :
1571 3475 1692 3529 imo
1718 3473 1776 3528 in
1805 3471 2054 3543 epistola
2083 3470 2162 3527 ad
2192 3470 2577 3544 Scythianum
2600 3469 2883 3539 narravit,
2913 3469 3012 3526 Dei
3047 3467 3260 3525 Filium
3285 3468 3568 3540 apostolis
3597 3467 3660 3523 in

239 3567 440 3618 monte
457 3561 605 3618 lucis
627 3579 751 3618 suae
771 3565 1072 3634 perpetuas
1092 3570 1370 3620 naturam
1383 3561 1734 3628 ostendisse,
1757 3561 2036 3634 quianon
2052 3561 2206 3617 duas
2223 3565 2472 3618 naturas
2495 3559 2600 3616 sed
2624 3575 2810 3616 unam
2839 3575 2914 3616 ex
2939 3557 3154 3616 visibili
3179 3562 3354 3630 atque
3377 3555 3662 3614 invisibili

235 3657 580 3708 concretam
605 3651 867 3708 habebat
904 3651 1040 3723 (42).

305 3767 423 3825 Hic
447 3773 635 3824 cessat
661 3768 718 3822 in
748 3766 1102 3824 Armeniaca
1130 3768 1454 3840 exemplari
1483 3767 1732 3837 epistola
1765 3766 1985 3832 Photii,
2019 3767 2190 3836 cujus
2221 3771 2376 3822 certe
2404 3765 2740 3822 clausulam
2770 3763 3103 3822 desiderari
3130 3763 3506 3834 exploratum
3543 3767 3654 3821 est.

1731 3890 2063 3948 EPISTOLA
2105 3891 2163 3945 X.

1331 4035 1428 4092 Ad
1436 4090 1438 4092 ,
1455 4034 1721 4091 Asutium
1747 4033 2082 4102 principem
2109 4028 2536 4087 Armeniomm.

1391 4166 1546 4218 Edita
1573 4167 1640 4217 ab
1677 4167 1812 4230 Ang.
1844 4165 1982 4216 Maio
2011 4164 2066 4228 (l.
2099 4178 2143 4214 c.
2177 4179 2229 4229 p.
2261 4163 2506 4224 460-462).

240 4285 497 4352 Ιιιιιειννί,
521 4287 636 4358 pio,
662 4287 904 4358 potenti,
930 4288 1089 4344 celsa
1109 4286 1410 4342 intersitas
1432 4283 1985 4355 dignitateprwdito,
2009 4281 2216 4338 Asutio
2235 4294 2467 4350 magna
2489 4276 2771 4334 Armeniae
2789 4275 3038 4348 principi
3060 4275 3310 4332 Photius
3322 4272 3663 4346 patriarcha

909 4375 1320 4441 arcumenicus,
1353 4389 1453 4444 per
1488 4377 1588 4430 Ue:
1614 4372 1861 4444 gratiam
1889 4371 2286 4443 episcoporum
2313 4383 2484 4426 nova:
2517 4368 2719 4424 Romae
2747 4367 2991 4438 primus.

311 4507 362 4557 ί.
393 4500 614 4572 Magna
637 4500 814 4557 nobis
832 4517 975 4558 cura
997 4505 1108 4566 est,
1135 4499 1469 4556 utveritatis
1495 4498 1764 4554 notitiam
1801 4496 1970 4554 vobis
1991 4496 2418 4569 impertiamur,
2436 4492 2764 4566 praesertim
2788 4491 2932 4564 quia
2948 4490 3256 4561 regionem
3280 4491 3534 4544 vestram
3565 4501 3667 4541 su-

240 4605 448 4662 pernas
501 4589 706 4657 gratias
742 4589 1164 4646 tutelafretam
1196 4588 1437 4653 scimus,
1488 4594 1544 4642 et
1572 4603 1710 4642 cum
1743 4592 1950 4642 sancta
1975 4585 2267 4642 canonica
2291 4582 2548 4639 Ecclesia
2599 4581 2962 4654 copulatam,
2990 4595 3105 4635 uno
3136 4581 3384 4650 excepto
3415 4573 3665 4631 articulo

238 4678 410 4751 quod
439 4679 557 4734 Deo
583 4679 933 4750 veritatique
960 4678 1321 4734 contrarium
1355 4677 1532 4732 fuisse
1563 4676 1799 4732 creditis
1831 4673 2312 4732 Chalcedonense
2343 4671 2685 4739 concilium,
2717 4685 2855 4725 cum
2891 4669 2948 4722 id
2981 4668 3179 4740 potius
3219 4663 3664 4738 depositionem

241 4767 642 4841 exsiliumque
671 4769 917 4824 Nestorii
948 4765 1412 4836 conﬁrmaverit,
1441 4766 1690 4838 ejusque
1717 4764 2080 4822 exsecrabile
2105 4764 2330 4834 dogma
2357 4761 2626 4816 funditus
2653 4757 2992 4814 aboleverit.
3019 4755 3240 4811 Etenim
3269 4753 3409 4828 quis
3435 4753 3668 4825 ignorat

242 4857 515 4913 laborare
547 4856 793 4914 stultitia
815 4873 937 4923 eos,
960 4856 1062 4930 qui
1088 4855 1567 4912 Chalcedonense
1587 4855 1907 4910 concilium
1929 4857 2238 4925 respuunt,
2263 4863 2630 4923 prorsusque
2652 4846 2873 4902 similes
2902 4844 3016 4900 illis
3048 4843 3174 4899 ﬁeri
3197 4844 3297 4917 qui
3323 4844 3576 4899 Domino
3598 4857 3669 4897 ac

241 4946 630 5018 Redemptori
661 4952 864 5002 nostro
893 4929 1380 5003 conviciabantur
1407 4961 1546 5000 cum
1577 4945 1883 5000 daemones
1911 4942 2246 5015 expellebat
2268 4941 2296 4996 ?
2327 4943 2551 5010 Reapse
2577 4935 2928 4991 daemonum
2979 4931 3277 5005 principes
3309 4931 3455 4987 nihil
3487 4931 3564 4986 ab
3595 4929 3667 4986 iis

239 5034 551 5104 differunt,
578 5036 680 5108 qui
716 5036 1022 5092 daemones
1042 5035 1119 5091 ab
1148 5033 1496 5090 hominibus
1521 5033 1853 5105 ejicientem
1886 5030 2323 5104 vituperabant.
2352 5029 2481 5084 Jam
2517 5041 2656 5081 vero
2691 5039 2829 5079 cum
2864 5027 3140 5079 sanctum
3175 5020 3320 5076 illud
3353 5019 3671 5076 concilium

240 5125 517 5181 Nestorio
553 5125 802 5197 ejusque
830 5124 1068 5180 asseclis
1099 5123 1419 5180 anathema
1442 5121 1676 5186 dixerit,
1700 5123 1832 5194 quis
1855 5122 1980 5194 jam
2003 5120 2235 5176 dubitat
2253 5117 2590 5173 ministrum
2611 5115 2844 5170 Satanas
2867 5127 2994 5168 esse
3024 5110 3386 5174 Nestorium,
3415 5110 3518 5182 qui
3538 5125 3673 5166 san-

237 5219 402 5270 ctum
463 5213 684 5287 Ephesi
733 5213 1053 5271 concilium
1084 5212 1327 5286 sprevit,
1358 5227 1540 5284 seque
1571 5227 1737 5267 novae
1771 5218 1945 5268 sectae
1992 5211 2126 5266 fecit
2154 5213 2459 5266 auctorem
2482 5204 2512 5257 ?
2533 5203 2594 5259 Si
2626 5206 2910 5275 quartum
2940 5200 3118 5271 igitur
3148 5198 3466 5255 concilium
3503 5199 3672 5255 tertio

241 5302 560 5368 consentit,
593 5319 700 5358 cur
727 5303 780 5358 ei
806 5319 912 5360 vos
940 5301 1317 5367 maledicitis,
1351 5304 1530 5372 atque
1561 5305 1624 5355 ut
1657 5300 1912 5371 impium
1943 5297 2248 5355 traducitis
2269 5296 2298 5351 ‘P
2324 5297 2470 5352 Cum
2498 5290 2726 5364 alioqui
2753 5292 3130 5362 compertum
3158 5287 3332 5345 nobis
3357 5287 3433 5344 sit
3459 5287 3676 5360 ampli-

251 5391 526 5450 tudinem
561 5396 726 5449 tuam
759 5391 995 5448 Domini
1024 5391 1138 5448 frui
1159 5389 1512 5464 patrocinio,
1540 5404 1765 5461 vosque
1791 5389 2081 5462 populum
2116 5386 2216 5444 Dei
2244 5400 2392 5451 esse,
2411 5387 2468 5440 et
2487 5380 2800 5456 peregrino
2831 5379 3047 5452 quovis
3077 5377 3360 5450 dogmate
3389 5376 3672 5434 alienum.

319 5569 444 5698 δυ)
504 5569 663 5652 Num
718 5573 808 5625 est
859 5567 1232 5641 Sophronius
1272 5566 1389 5648 ille,
1416 5565 1491 5621 de
1538 5580 1662 5648 quo
1689 5563 1933 5622 Photius
2046 5635 2057 5646 .
2117 5563 2234 5636 (42)
2268 5559 2488 5644 Similis
2519 5558 2837 5642 huiclocus
2863 5557 3050 5643 (quod
3075 5555 3464 5628 valdemiror)
3489 5556 3681 5637 exstat

367 5683 384 5698 .
405 5643 449 5698 V
478 5639 507 5697 ἵ
534 5641 640 5698 Hic
669 5644 872 5698 tamen
893 5645 1104 5698 contra
1130 5640 1494 5698 Eunomium
1511 5643 1712 5698 potius
1733 5653 1844 5698 pro
1875 5639 1932 5695 S.
2043 5649 2106 5693 1n
2135 5639 2406 5692 oratione
2433 5633 2678 5690 Joannis
2698 5632 3000 5690 Ozniensis
3035 5635 3242 5688 contra
3267 5629 3678 5698 phantasticos

241 5629 384 5700 cod.
405 5629 449 5698 V
478 5639 507 5697 ἵ
534 5639 640 5698 Hic
669 5644 872 5699 tamen
893 5629 1104 5700 contra
1130 5629 1494 5698 Eunomium
1511 5629 1712 5711 potius
1733 5653 1844 5710 pro

249 5713 468 5772 Basilio
505 5713 760 5786 scripsit.

2065 5649 2106 5693 n
2125 5629 2406 5764 ﬁctione
2433 5632 2678 5690 Joannis
2698 5629 3000 5690 Ozniensis
3035 5635 3242 5688 contra
3267 5629 3677 5702 phantasticos

2063 5723 2104 5763 3.
2201 5748 2214 5763 .

531 5811 770 5870 Puncn.
812 5810 918 5869 Ga.
961 5812 1080 5872 Cll.
3327 5797 3394 5852 23
