4088 6214
529 268 634 322 ηδ
1791 219 2024 317 Puoru
2068 260 2552 317 PATRIABCHIE
2591 261 2692 315 cr.
3785 265 3854 321 ηδ

599 397 651 448 2.
694 396 964 448 Attamen
996 391 1228 463 ineptos
1247 389 1550 463 quosdam
1579 388 1654 443 de
1677 388 1786 444 hac
1809 387 2212 444 controversia
2237 402 2544 443 sermones
2564 402 2601 442 a
2626 386 2800 443 vobis
2830 386 3082 458 scriptos
3107 385 3453 457 accepimus
3482 386 3588 458 (43)
3613 403 3626 453 ;
3655 387 3734 459 qui
3751 393 3857 446 certe

528 482 747 539 nullius
775 480 1062 537 momenti
1092 479 1364 544 evadent,
1396 477 1654 549 nihilque
1674 493 1871 548 pravae
1897 476 2202 533 sententiae.
2233 476 2505 549 posthinc
2535 475 2843 547 supererit,
2877 491 3016 531 cum
3046 481 3322 546 quartum
3349 473 3588 531 demum
3616 477 3858 534 concilium

529 571 692 628 haud
724 587 899 625 secus
927 586 1108 642 quam
1150 568 1449 640 superiora
1495 566 1695 623 debito
1726 566 2016 639 obsequio
2043 565 2505 638 prosequemini.
2539 568 2808 637 Namque
2837 571 2894 620 et.
2921 563 3270 636 principalis
3300 566 3488 620 Roma
3517 579 3671 636 eaque
3713 581 3767 622 ac
3788 582 3862 622 nos

529 663 744 730 quarto
769 657 1041 722 concilio,
1073 664 1133 713 ut
1167 656 1477 729 prioribus,
1507 655 1796 711 honorem
1827 655 2014 710 defert
2041 674 2053 714 :
2091 655 2174 710 sic
2199 655 2340 710 item
2371 669 2594 724 magna
2610 653 2983 710 Alexandria
3006 653 3197 719 sedes,
3224 668 3457 710 necnon
3489 652 3582 709 illa
3609 654 3864 726 Hierosoly-

535 748 932 814 morum,sine
957 747 1076 802 ulla
1097 745 1360 818 querela:
1381 745 1639 817 denique
1665 750 1718 800 et
1739 749 2064 800 consecuta
2088 749 2297 816 postea
2321 743 2570 800 concilia
2594 743 2892 816 quintum,
2917 748 3150 798 sextum
3173 757 3244 799 ac
3267 743 3605 814 septimum.
3631 742 3751 808 Quis
3766 758 3864 815 ergo

531 834 668 892 ﬁdei
701 841 823 892 toto
854 843 1140 891 terrarum
1167 835 1310 890 orbe
1342 833 1572 889 diffusas
1602 835 1864 888 resistere
1889 833 2152 890 audeat?
2186 835 2262 888 De
2292 848 2416 905 qua
2432 831 2549 887 ﬁde
2570 832 2858 888 Dominus
2886 831 3073 891 dixit:
3097 832 3293 889 Porta
3311 831 3500 901 inferi
3523 847 3634 888 non
3659 835 3866 903 praealt-

535 924 675 979 bunt
704 925 987 980 adversus
1011 939 1154 980 eam.
1178 923 1579 992 Caveteigitur
1605 924 1681 978 ab
1709 922 1943 978 illorum
1967 921 2300 988 fraudibus,
2327 921 2428 994 qui
2447 922 2692 977 nomine
2709 927 2879 977 tenus
2902 921 3260 977 Antichristo
3280 920 3576 986 differunt,
3603 921 3694 993 qui
3721 923 3868 977 murti-

529 1013 718 1069 ferum
738 1013 1056 1070 animabus
1072 1028 1372 1069 venenum
1399 1013 1738 1085 propinant,
1753 1012 1901 1068 dum
1917 1028 2020 1068 eas
2050 1028 2086 1068 a
2117 1012 2309 1068 sancti
2330 1011 2587 1083 Spiritus
2613 1011 2886 1067 doctrina
2907 1010 3180 1083 datisque
3191 1010 3241 1082 ej
3253 1010 3464 1066 usdem
3485 1008 3868 1067 demonstratio-

527 1104 705 1160 nibus
747 1107 1040 1159 avertunt.

595 1201 650 1256 3.
675 1201 903 1274 Quippe
934 1201 1014 1268 hi,
1048 1206 1290 1273 propter
1313 1216 1439 1256 suae
1472 1199 1685 1255 mentis
1708 1198 2196 1265 imbecillitatem,
2229 1197 2548 1256 Dominum
2574 1202 2844 1255 nostrum
2865 1197 3075 1254 Jesum
3102 1196 3425 1264 Christum,
3456 1197 3630 1253 Deum
3657 1201 3706 1253 et
3729 1196 3872 1253 homi-

525 1305 665 1346 nem
695 1306 830 1345 esse
851 1306 971 1346 non
1001 1295 1358 1359 agnoscunt,
1386 1289 1447 1344 id
1463 1294 1551 1344 est
1575 1276 1780 1345 divina
1804 1289 2194 1360 humanaque
2210 1293 2421 1344 natura
2437 1287 2788 1360 prmditum;
2817 1291 2996 1359 atque
3021 1287 3138 1342 hac
3160 1285 3409 1342 vesania
3437 1287 3674 1358 correpti
3697 1291 3874 1342 utram-

525 1395 642 1451 que
663 1383 942 1435 naturam
971 1384 1209 1450 negant.
1231 1381 1458 1450 Reapse
1489 1377 1654 1434 siilla
1667 1377 1842 1434 unica
1859 1393 2043 1449 quam
2071 1377 2422 1434 confitentur
2451 1382 2662 1433 natura
2689 1375 2944 1448 simplex
2965 1379 3072 1444 est,
3101 1375 3230 1431 sine
3261 1375 3449 1431 dubio
3475 1375 3704 1432 alteram
3727 1374 3874 1431 exclu-

525 1471 709 1524 dunt:
745 1469 837 1524 sin
865 1485 934 1524 ex
963 1468 1202 1524 duabus
1230 1467 1599 1538 simplicibus
1630 1473 1716 1522 est
1737 1467 2092 1538 composita,
2123 1466 2330 1538 procul
2355 1465 2542 1522 dubio
2573 1465 2790 1522 harum
2819 1470 3034 1521 neutra
3063 1463 3368 1537 propriam
3394 1463 3758 1520 substantiam
3777 1463 3873 1520 reti-

523 1564 644 1622 net,
678 1574 814 1629 quae
846 1559 904 1612 in
948 1564 1196 1628 utraque
1223 1557 1418 1628 potius
1451 1561 1762 1628 perempta
1801 1561 1908 1611 est.
1934 1558 2056 1626 Age
2086 1571 2251 1624 vero,
2283 1571 2567 1628 quaenam
2599 1555 2851 1610 istorum
2883 1555 3177 1610 sententia
3201 1553 3340 1610 est?
3370 1555 3521 1609 Num
3547 1552 3872 1624 compositam

525 1646 691 1702 illam
716 1652 1019 1712 naturam,
1046 1663 1081 1702 a
1126 1647 1311 1702 Patris
1341 1653 1397 1702 et
1426 1645 1678 1718 Spiritus
1733 1646 1919 1702 sancti
1951 1650 2165 1702 natura
2211 1644 2552 1700 distinctam
2583 1643 2853 1711 credunt,
2883 1659 2964 1700 an
2991 1659 3166 1700 secus
3196 1644 3223 1699 ?
3253 1641 3312 1698 Si
3343 1643 3666 1699 distinctam
3686 1647 3874 1711 negant.

526 1734 905 1806 blasphemia
926 1752 1036 1790 sua
1062 1735 1414 1800 obruuntur,
1446 1734 1588 1806 quia
1613 1735 1799 1790 Patris
1823 1739 2036 1791 natura
2057 1733 2395 1806 composita
2422 1733 2722 1790 evaderet.
2755 1733 2853 1789 Sin
2877 1737 3086 1788 contra
3105 1733 3451 1788 distinctam
3474 1733 3649 1800 aiunt,
3665 1745 3726 1786 en
3745 1730 3874 1786 Filius

527 1828 776 1896 paterna
803 1830 1013 1880 natura
1030 1830 1188 1880 caret
1214 1824 1406 1896 :quod
1429 1823 1533 1896 qui
1556 1822 1880 1887 afﬁrmant,
1899 1825 2023 1896 jam
2043 1827 2294 1896 apparet
2312 1837 2579 1894 quonam
2600 1837 2662 1876 se
2689 1821 3020 1893 praecipites
3044 1827 3353 1892 proruant.
3377 1821 3518 1887 Quis
3542 1836 3672 1876 vero
3694 1836 3749 1876 ex
3767 1818 3875 1873 divi-

525 1912 618 1968 nis
642 1913 807 1968 libris
835 1913 1376 1970 demonstrationes
1403 1913 1585 1984 hujus
1605 1911 1908 1981 dogmatis
1939 1927 2149 1968 omnes
2171 1927 2527 1967 coacervare
2543 1915 2749 1983 queat,
2777 1926 2930 1981 quas
2946 1910 3074 1981 jam
3104 1915 3346 1966 sanctus
3373 1911 3616 1982 Spiritus
3633 1925 3724 1981 per
3743 1922 3875 1980 quar-

527 2005 654 2057 tum
680 2001 996 2058 concilium
1024 2018 1131 2058 ceu
1152 2002 1358 2058 invicta
1377 2007 1754 2071 argumenta,
1775 2001 1854 2056 ob
1877 2001 2239 2057 ﬁrmandam
2263 2000 2463 2066 ﬁdem,
2488 1999 2862 2056 adversarios
2883 1998 3314 2071 proﬂigandos,
3336 2005 3518 2073 atque
3539 2000 3728 2055 horum
3747 1997 3875 2052 dissi-

524 2091 726 2162 panda
750 2091 1024 2160 consilia,
1052 2090 1374 2164 exposuit?
1398 2092 1613 2147 Praeter
1638 2107 1821 2163 quam
1851 2090 2014 2164 quod
2037 2090 2084 2145 si
2112 2089 2185 2145 ad
2203 2089 2512 2160 vulgarem
2529 2088 2839 2144 hominem
2861 2088 3015 2145 hanc
3036 2088 3352 2161 epistolam
3381 2087 3702 2154 scriberem,
3722 2084 3874 2141 multis

521 2180 829 2236 veritatem
859 2181 1057 2236 verbis
1084 2197 1236 2253 opus
1267 2184 1422 2236 esset
1469 2180 1807 2252 explicare:
1844 2185 2056 2235 vestra)
2087 2183 2286 2234 tamen
2334 2177 2717 2250 amplitudini
2768 2193 2838 2235 ac
2873 2179 3204 2251 sapientiae,
3247 2184 3568 2250 vestroque
3605 2174 3816 2232 veritatis
3835 2175 3876 2227 et

523 2268 852 2325 concordiae
870 2269 1085 2335 studio,
1113 2285 1250 2341 quas
1267 2269 1561 2325 hactenus
1585 2269 1705 2325 dixi
1725 2267 2028 2324 sufﬁciunt
2048 2285 2060 2324 :
2082 2268 2408 2341 praesertim
2428 2267 2570 2339 quia
2595 2266 2675 2323 ad
2694 2283 3050 2340 supremum
3072 2283 3315 2340 quoque
3333 2265 3650 2324 antistitem
3668 2269 3872 2320 vestrum

521 2357 627 2413 diu
655 2373 764 2414 nec
797 2358 982 2414 semel
1013 2357 1127 2414 hac
1158 2357 1233 2413 de
1262 2373 1324 2412 re
1358 2357 1572 2429 scripsi
1605 2359 1744 2429 (44).

593 2458 646 2511 4.
679 2455 954 2511 Vestram
984 2455 1161 2523 igitur
1187 2453 1650 2526 amplitudinem
1677 2455 2085 2520 obsecramus,
2122 2459 2182 2510 ut
2201 2453 2422 2510 sanctis
2455 2453 2719 2510 conciliis
2750 2453 3026 2519 ducibus,
3057 2469 3208 2527 pura
3237 2454 3297 2508 in
3329 2453 3452 2510 ﬁde
3487 2453 3680 2526 pedem
3699 2447 3864 2518 ﬁgulis,

524 2556 720 2614 neque
751 2560 786 2600 a
813 2543 1223 2599 communiore
1249 2543 1345 2599 via
1365 2543 1664 2608 deerretis,
1699 2543 1802 2598 sed
1833 2543 1892 2598 in
1922 2559 1992 2599 ea
2017 2548 2173 2599 recto
2200 2543 2434 2600 tramite
2461 2541 2800 2598 ambuletis.
2830 2545 2977 2598 Nam
3008 2543 3114 2614 qui
3142 2558 3326 2598 unam
3345 2541 3600 2615 proﬁteri
3629 2539 3679 2595 in
3701 2536 3871 2595 Christo

521 2633 657 2687 Jesu
687 2636 965 2687 naturam
993 2630 1192 2696 audet,
1228 2630 1278 2686 is
1307 2631 1584 2703 Eutychis
1616 2631 1676 2686 in
1710 2648 1771 2687 se
1796 2632 2247 2689 damnationem
2279 2637 2585 2704 provocat,
2615 2636 2672 2688 et
2693 2631 2972 2703 Opinione
2997 2631 3447 2688 Sassanitarum
3470 2633 3580 2704 (45)
3606 2631 3874 2698 corruptus,

524 2719 628 2775 uni
653 2719 833 2792 capiti
865 2720 1109 2776 subesse
1139 2735 1420 2788 renuens,
1454 2719 1518 2776 ﬁt
1551 2719 1996 2793 polycephalus,
2031 2728 2088 2776 et
2113 2721 2356 2778 Manetis
2389 2721 2566 2776 simul
2595 2720 2948 2794 discipulus.
2988 2721 3266 2778 Praeterea
3296 2722 3406 2794 qui
3437 2719 3587 2777 duas
3615 2719 3668 2774 in
3694 2714 3869 2772 Christo

523 2818 830 2874 distinctas
853 2823 1097 2874 naturas
1130 2833 1253 2874 non
1285 2817 1518 2883 fatetur,
1554 2819 1660 2874 sed
1690 2821 1843 2875 duas
1877 2819 2073 2890 potius
2105 2835 2392 2891 personas
2424 2820 2652 2884 astruit,
2686 2819 2735 2874 is
2789 2820 2850 2874 in
2876 2819 3125 2875 Nestorii
3179 2835 3425 2890 poenam
3476 2817 3680 2875 incidit.
3728 2815 3875 2879 Quam

522 2907 732 2962 obrem
750 2906 851 2963 Dei
883 2906 1164 2972 Ecclesia,
1188 2912 1440 2979 utroque
1460 2923 1656 2963 errore
1676 2907 1952 2972 refutato,
1973 2907 2247 2964 haeresim
2270 2923 2306 2964 a
2326 2909 2450 2964 suis
2473 2909 2655 2979 septis
2677 2907 2910 2979 repulit,
2925 2914 3104 2981 atque
3128 2924 3312 2965 unam
3339 2906 3575 2965 Domini
3595 2903 3754 2962 nostri
3769 2903 3869 2957 Jesu

524 2995 727 3052 Christi
749 3011 1070 3068 personam
1103 2995 1378 3052 confessa
1398 3000 1503 3063 est,
1529 2996 1804 3068 duasque
1826 3001 2073 3053 naturas
2095 2997 2404 3053 distinctas
2422 2996 2838 3054 etinconfusas
2856 2996 2979 3069 (46)
2995 3013 3020 3062 ,·
3039 3003 3221 3070 atque
3243 2997 3364 3053 illis
3387 2997 3684 3054 adversata
3710 2986 3870 3060 estqui

523 3083 725 3142 deitati
757 3085 1068 3157 passiones
1100 3084 1454 3142 attribuunt.

595 3189 646 3240 5.
683 3187 766 3240 Da
795 3199 938 3255 ergo
969 3199 1239 3256 operam,
1275 3197 1492 3252 magne
1535 3181 1830 3255 Princeps,
1878 3188 1940 3239 ut
1967 3185 2100 3239 Jesu
2136 3183 2342 3240 Christi
2375 3182 2666 3255 populum
2688 3183 2930 3253 doceas,
2961 3188 3140 3256 atque
3171 3181 3252 3240 ad
3277 3198 3439 3240 verse
3461 3181 3594 3239 ﬁdei
3623 3175 3870 3253 professio-

522 3287 662 3329 nem
684 3273 954 3330 adducas
975 3273 1087 3346 (47)
1109 3289 1122 3329 :
1143 3287 1337 3346 neque
1358 3272 1518 3328 enim
1540 3271 1873 3344 quidquam
1903 3276 2018 3328 Deo
2042 3272 2282 3328 charius
2305 3279 2414 3342 est,
2433 3288 2622 3341 quam
2649 3277 2709 3328 ut
2733 3272 2934 3344 ipsum
2962 3287 3106 3328 vera
3123 3288 3260 3328 cum
3283 3273 3500 3329 notitia
3518 3277 3870 3342 agnoscamus,

521 3360 888 3434 professione
915 3362 1250 3418 orthodoxa
1272 3359 1692 3430 gloriﬁcemus,
1717 3363 2230 3434 magnanimoque
2257 3367 2313 3418 et
2338 3366 2648 3418 constante
2667 3377 2872 3418 arnore
2894 3361 2954 3417 in
2985 3361 3078 3417 his
3101 3377 3578 3434 perseveremus.
3604 3357 3688 3416 Sic
3700 3353 3870 3429 quippe

521 3451 746 3521 majore
769 3467 1006 3520 semper
1029 3465 1346 3521 progressu
1367 3453 1603 3514 auctus,
1627 3454 1683 3504 et
1707 3449 1928 3506 divinae
1956 3449 2162 3519 gratias
2181 3451 2363 3508 tutela
2383 3449 2676 3506 adversus
2698 3450 2899 3506 hostes
2925 3451 3207 3521 munitus,
3233 3456 3290 3508 et
3319 3466 3360 3507 a
3384 3446 3652 3523 periculis
3671 3439 3870 3500 insidiis-

524 3554 641 3611 que
669 3543 845 3604 tutus,
882 3538 1138 3593 aliorum
1157 3540 1344 3592 instar
1369 3540 1716 3592 sanctorum
1749 3552 1980 3608 regum,
2015 3545 2331 3612 utramque
2358 3539 2695 3596 felicitatem
2713 3541 3118 3612 consequeris,
3148 3546 3503 3613 praesentem
3534 3535 3731 3594 scilicet
3749 3534 3794 3587 et
3814 3527 3872 3583 fu-

525 3632 740 3690 turam,
774 3626 1044 3698 Deiparte
1076 3626 1297 3695 reginae
1326 3624 1558 3696 inclyta)
1590 3630 2058 3698 sanctorumque
2087 3629 2361 3684 omnium
2391 3628 2828 3684 intercessione.
2863 3628 3302 3685 Excellentiaeet
3328 3620 3774 3700 magnanimitati
3794 3623 3877 3671 tua

524 3715 806 3788 spiritalis
836 3715 1212 3771 monumenti
1244 3713 1455 3787 gratia,
1477 3713 1838 3770 venerabilis
1872 3731 1942 3772 ac
1970 3716 2252 3774 salutaris
2285 3717 2480 3774 crucis
2507 3717 2866 3789 particulam
2899 3717 3192 3776 mittimus
3221 3717 3360 3790 (48).

603 3892 721 3965 (43)
746 3891 1038 3975 Aperbam
1063 3892 1399 3975 quamdam
1412 3893 1841 3975 Armeniorum
1857 3895 1933 3952 ad
1956 3899 2188 3975 Graecos

527 3965 984 4091 responsionem
1020 3965 1132 4020 sub
1154 3966 1359 4020 Asutio
1385 3965 1652 4037 principe
1671 3967 1804 4048 (hac
1830 3974 2032 4024 tamen
2065 3969 2190 4039 epi-

528 4043 619 4091 sto
645 4053 679 4091 a
711 4036 1122 4091 nostertoremi
1153 4042 1449 4091 memorat
1481 4040 1812 4091 Sernosms.
1846 4045 1887 4091 t.
1920 4041 1988 4091 Il.
2012 4057 2070 4091 ο.
2095 4043 2185 4091 44.

528 4036 684 4111 stola
711 4036 1122 4111 posteriorem)
1153 4042 1449 4111 memorat
1481 4036 1812 4111 Serposius,
1833 4045 1887 4111 ﬁt.
1920 4041 1988 4102 II,
2012 4057 2070 4111 p.
2095 4036 2185 4111 44,

2296 3895 2813 3960 nari,nobitissime
2823 3898 3219 3968 etfeticissime
3230 3913 3341 3954 rea:
3351 3881 3881 3968 splendidissimwzif

2295 3953 2618 4025 meniorum
2640 3953 3398 4040 gentis,°t'ieindeietiomné§
3416 3953 3520 4025 tibi
3544 3965 3802 4040 subjectos:

2294 4055 2349 4096 es
2367 4040 2520 4096 enim
2541 4030 2781 4095 illorum
2800 4030 2970 4111 caput
2985 4054 3007 4111 ,'
3024 4043 3213 4110 capiti
3228 4047 3429 4097 autem
3450 4030 3690 4111 membi’q
3705 4030 3880 4111 νειίίιὲξτξ

599 4101 729 4178 (44Ῐ
763 4109 905 4162 Hinc
955 4101 1376 4176 cognoscimus
1409 4123 1530 4164 non
1573 4101 1755 4166 semel
1789 4101 2060 4166 Photium
2109 4110 2188 4166 ad
2293 4119 2342 4167 et
2376 4126 2589 4179 corpus
2614 4101 3020 4168 obsecundare
3056 4101 3286 4170 necesse
3313 4107 3714 4169 est-10mg?”
3737 4101 3881 4179 Capi“.

529 4180 946 4252 Armeniorum
988 4180 1390 4252 patriarcham
1425 4181 1756 4250 scripsisse,
1789 4183 1951 4252 quod
1985 4199 2190 4238 revera

527 4251 867 4324 dicitetiam
917 4251 1592 4324 SerposiushCompend.
1639 4251 1776 4308 hist.
1810 4251 1848 4308 ἰ.
1892 4255 1958 4321 ll,
1991 4270 2052 4324 p.
2096 4257 2185 4309 44.

597 4322 715 4393 (45)
772 4323 983 4394 Ιηῐιυὶιί
1020 4321 1284 4394 Abdiscii
1339 4322 1468 4394 Syri
1507 4321 2050 4394 monopliysiticain
2091 4341 2187 4381 se-

528 4391 706 4460 ctam,
741 4409 919 4464 quem
951 4393 1025 4446 de
1061 4391 1317 4464 Sassane
1362 4391 1420 4464 in
1460 4391 1797 4449 Armeniam
1846 4397 2077 4451 venisse
2109 4397 2190 4452 ait

527 4463 774 4522 Photius
797 4465 856 4518 in
889 4463 1542 4535 praecedenterepistola
1573 4480 1632 4518 n.
1670 4469 1722 4518 2.

597 4539 714 4610 (46)
743 4534 1160 4610 Permanentes
1191 4534 1426 4610 scilicet,
1455 4541 1632 4610 atque
1676 4537 1756 4591 ita
1783 4537 2189 4610 nominandae

528 4606 706 4665 etiam
733 4609 790 4664 in
824 4607 1213 4680 hypostatica
1235 4606 1474 4680 unione.
1503 4609 1702 4680 Neque
1728 4609 1888 4662 enim
1924 4610 2066 4664 unio
2091 4611 2191 4680 ju-

528 4689 680 4752 stam
695 4677 939 4736 causam
963 4678 1186 4751 praebet
1202 4677 1879 4752 heterodoxis,’utuuam
1903 4697 2011 4752 pro
2039 4677 2187 4738 dua-

528 4751 641 4806 bus
668 4753 869 4808 dicant
897 4758 1198 4807 naturam.
1233 4751 1334 4805 Hic
1361 4765 1560 4821 porro,
1589 4755 1648 4805 ut
1671 4751 2186 4819 arbitroigcontro.

527 4823 730 4877 versiae
752 4824 997 4878 demum
1020 4823 1202 4879 cardo
1236 4824 1478 4876 vertitur
1502 4839 1514 4888 ;
1548 4824 1659 4877 huc
1690 4824 1886 4878 omnis
1911 4825 2189 4880 adversa-

529 4893 750 4966 riorum
775 4895 1073 4950 subtilitas
1095 4901 1152 4950 et
1173 4894 1575 4966 tergiversatio
1604 4895 1818 4965 quaerit
1848 4894 2138 4966 effugium
2172 4913 2185 4963 ;

534 4968 594 5016 ut
613 4963 710 5017 ubi
737 4981 845 5019 nos
865 4966 1117 5022 dicimus
1139 4982 1325 5021 unum
1347 4963 1669 5032 Christum,
1689 4967 1802 5038 ipsi
1821 4963 2003 5023 unam
2034 4967 2189 5023 afﬁr-

529 5039 693 5088 ment
747 5041 1044 5090 naturam.

602 5105 714 5172 (47)
741 5107 1258 5170 Quemadmodum
1276 5109 1371 5163 hic
1397 5107 1641 5163 Photius
1661 5107 1731 5162 ad
1765 5108 2187 5165 orthodoxiam

529 5174 798 5251 hortatur
812 5179 1016 5231 Asutiu
1029 5196 1081 5233 ιη
1100 5179 1452 5251 principem,
1472 5181 1554 5234 ita
1571 5187 1702 5251 post
1716 5180 2190 5251 quadringentos

530 5248 712 5301 ferme
725 5263 916 5302 annos
936 5248 1368 5305 adhortabatur
1379 5251 1490 5306 sim
1503 5248 1648 5306 iliter
1666 5248 1976 5308 Haitonem
1991 5248 2188 5308 Arme-

531 5319 770 5394 niorum
819 5335 1020 5394 regem
1071 5320 1305 5377 Manuel
1353 5323 1416 5386 ll,
1449 5322 1791 5394 patriarcha
1824 5327 2082 5390 Graecus,
2129 5325 2188 5380 in

531 5391 780 5463 epistola
810 5391 882 5463 de
913 5407 1032 5462 qua
1081 5407 1185 5445 nos
1212 5407 1415 5463 supra,
1446 5391 1506 5463 p.
1544 5395 1666 5460 447,
1698 5397 1881 5451 verba
1911 5394 2184 5462 fecimus,

530 5461 623 5532 cuj
637 5479 702 5538 us
715 5461 1066 5538 particulam
1088 5461 1699 5538 Latine—recitabimus.
1725 5467 1850 5538 Ego
1863 5461 2190 5536 igiturMa-

527 5534 668 5590 πυρὶ
683 5533 1066 5590 ticumenicus
1081 5535 1443 5607 patriarcha,
1466 5543 1523 5591 et
1537 5538 1642 5607 qui
1653 5533 1876 5594 mecum
1888 5533 2040 5594 sunt
2065 5555 2186 5596 ma-

526 5623 658 5676 gna:
669 5613 886 5664 sancta:
901 5621 1002 5676 que
1015 5605 1229 5676 synodi
1237 5605 1625 5662 sacratissimi
1640 5616 1746 5664 ant
1755 5611 2186 5676 istites,ditecti-

529 5695 642 5751 que
656 5679 887 5736 Christo
900 5677 1482 5747 sacerdotesfratres
1493 5679 1606 5734 mei
1621 5683 1682 5734 in
1700 5681 1789 5736 Do
1799 5683 1949 5739 mino
1963 5684 2191 5740 etsimut

525 5751 802 5821 ministri,
817 5753 1002 5810 Deum
1019 5754 1260 5808 orantes
1270 5755 1563 5820 optamus,
1581 5757 1634 5808 te
1653 5753 1716 5808 in
1734 5753 1938 5824 primis
1965 5754 2187 5811 illumi-

2295 4184 2381 4258 τρέε
2413 4168 2794 4258 intelligendi
2817 4168 3184 4258 videndique
3203 4168 3442 4248 residet,
3458 4193 3684 4258 prorsus
3694 4168 3880 4258 oportet

2295 4255 2398 4311 hoc
2407 4248 2654 4326 primurn
2666 4260 2876 4326 rectam
2890 4255 3036 4325 relig
3044 4248 3220 4312 ionem
3234 4248 3564 4324 agnoscére,
3573 4248 3882 4326 veritatisqut

2295 4321 2774 4400 ιαηιὲηλίεσίρενε.
2792 4321 3020 4400 Veritas
3034 4330 3182 4400 enim
3201 4321 3472 4400 Cliristus
3488 4331 3589 4387 est,
3607 4321 3744 4400 isque
3759 4321 3879 4400 vero}

2293 4398 2386 4452 sui
2411 4381 2779 4472 ador'at'orjes,
2798 4381 2920 4469 qui
2943 4381 3135 4466 ipsum
3161 4381 3726 4472 ⁸άὶιὰόιὶείηιὶταξορττ
3742 4381 3882 4472 ϐαθέ’

2293 4460 2893 4540 stentem,totidernque
2903 4460 3880 4541 ορθναιὶοηὶὸαεαευοιηηιαείὺμξῌνίῗς

2293 4541 2578 4607 ditum,in
2597 4542 2764 4596 unica
2781 4533 3622 4610 persona,prwdicant,sancto
3640 4533 3823 4658 smn
3833 4533 3882 4575 ac

2296 4615 2543 4658 veritate
2558 4612 2874 4658 illuminat,
2887 4612 3088 4658 minue
3099 4614 3338 4658 rmlestix
3351 4613 3510 4658 rami
3524 4607 3660 4658 facit
3759 4593 3876 4653 τάδε’

2296 4593 2543 4686 assii.
2558 4593 3091 4686 it_tuiriir£u'i,siti§"zié
3099 4593 3339 4669 ista};
3351 4593 3510 4685 ἰσέῥῆξ
3518 4593 3660 4686 facit
3671 4593 3876 4686 ἶιιξψείξξι

2296 4663 3879 4754 ossa"s't.m;¢sasi'isiizaus'égi,'zssadisatq-

2294 4731 3550 4822 ἴέὲἦᾶἷβάἶιῐὶιῖιὲῗαὶὶὲοῖιῖῗὶίὶιὲῗη⁷υὲῗέιᾶἱέιῆ
3559 4731 3877 4821 aspiciunt-

2294 4834 2421 4881 tera
2434 4831 2632 4881 autem
2646 4826 2904 4881 duarum
2921 4827 2984 4881 in
3002 4772 3236 4881 Zhristo
3252 4833 3607 4881 naturarum
3621 4819 3769 4874 velut:
3783 4820 3877 4881 δεῖξ’

2294 4834 2421 4881 tera
2434 4819 2632 4881 autem
2646 4819 2904 4882 duarum
2921 4827 2984 4881 in
3002 4819 3236 4882 Christo
3252 4833 3607 4882 naturarum
3621 4819 3773 4874 veluti
3783 4820 3878 4882 δεῖξ’

2293 4914 2422 4952 sum
2443 4874 2967 4967 percipiatzcwteri
2991 4874 3425 4969 consequeris-iter,
3443 4874 3550 4968 qui
3572 4892 3670 4948 tibi
3690 4874 3877 4969 agisff‘f’

2296 4955 2470 5042 tantit
2479 4955 2803 5042 uorumque
2815 4955 3216 5042 beneﬁciorum
3230 4955 3873 5042 gustdﬁuuntuqhtfjfff;

2294 5027 2454 5096 modi
2473 5027 2735 5096 sensibus
2753 5040 2940 5106 ducti,
2955 5027 3177 5096 'rectum
3197 5027 3404 5112 dogma
3421 5027 3730 5112 adntittql.

2294 5112 2375 5168 ad
2402 5119 2668 5168 nostram
2711 5099 3166 5168 communionem
3203 5099 3498 5173 accedent,
3529 5115 3627 5164 etc.
3651 5099 3874 5173 Βοιηῐηίινξ

2296 5183 2449 5238 Deus
2477 5190 2690 5248 noster,
2726 5183 2829 5255 qui
2857 5185 3023 5240 adest
3045 5185 3271 5240 cunctis
3291 5169 3687 5255 invocantibus
3712 5169 3872 5255 suum

2295 5241 2822 5311 miseﬂcordicésizw
2843 5255 3128 5310 miracula
3148 5255 3412 5319 ostendit,
3425 5261 3478 5310 et
3492 5251 3716 5326 dispgtjﬁl
3731 5241 3872 5326 Q’ﬂf

2295 5327 2376 5382 ad
2397 5327 2686 5382 unitatem
2715 5327 2947 5384 deducit
2969 5343 2982 5392 ;
3016 5327 3066 5382 is
3090 5327 3323 5382 utinam
3352 5312 3508 5381 tuam
3529 5312 3871 5392 ηὸῡίιίεεῡιξειξιξ

2295 5378 2700 5473 manasse
2720 5378 2950 5468 ἷτέᾖῒᾶίή
2970 5378 3294 5473 gis-satias;
3307 5378 3451 5473 eis;
3468 5378 3869 5473 βασιςεὶᾳζῖοἱξζίξ

2296 5455 2626 5540 't‘onjungat
2653 5474 2672 5526 !
2695 5455 2902 5540 eoséue
2929 5455 3118 5526 omnes
3131 5469 3234 5540 qui
3255 5470 3317 5540 in
3340 5468 3477 5538 ﬁdei
3503 5463 3753 5540 unitatfﬂf
3764 5455 3868 5540 f0"

2291 5525 2600 5611 ﬁnierint,
2635 5525 2738 5597 abs
2762 5525 3026 5612 qualibet
3057 5525 3408 5612 aduersita'te
3437 5539 3654 5612 tueatur
3674 5528 3691 5582 Ι
3710 5525 3798 5612 gif-

2293 5595 2335 5738 ὲ
2368 5595 2481 5694 (7t?)
2506 5595 3329 5671 Adimadiertamusmorem
3349 5595 3605 5669 donandi
3623 5605 3784 5658 sacras
3807 5595 3867 5640 ω’

2338 5699 2532 5738 amas.

2338 5699 2532 5757 quias.
