4088 6214
278 301 388 356 ’117
1560 308 1899 364 EPISTULA

2016 308 2068 363 M
2110 307 2321 364 LIBER
2361 309 2402 362 Ι.
3541 314 3647 369 718

355 427 674 499 Reliquum
691 434 796 494 est,
826 432 892 484 ut
903 445 1011 498 pro
1029 429 1138 487 hoc
1151 428 1382 499 duplici
1399 431 1602 488 Phoiii
1621 434 2072 504 scriptogratiw
2091 440 2342 504 agantur
2355 433 2768 491 RRPam'bus
2784 437 3125 492 monasterii
3150 438 3350 494 Veneti
3362 437 3651 498 Mechita.

277 515 466 578 ristis,
480 517 587 587 qui
598 517 908 584 splendida
923 533 1154 572 morum
1178 519 1494 585 honestate,
1513 521 1797 576 bonorum
1817 521 2154 590 ofﬁciorum
2171 522 2578 588 multitudine,
2585 523 2838 592 plurima
2855 525 3188 582 litterarum
3203 528 3650 591 scientia,e¢litis

278 609 365 659 tot
385 603 576 664 civilis
587 620 890 677 sacraeque
903 606 1195 663 doctrinm
1208 607 1395 674 libris,
1415 609 1766 679 quotidiano
1782 610 2035 683 denique
2052 612 2408 682 ampliandas
2422 612 2796 670 orthodoxice
2812 615 3031 680 studio,
3050 617 3270 685 optime
3281 616 3353 672 de
3362 624 3651 687 genlesua

279 699 340 750 et
363 693 437 750 de
469 694 765 752 catholica
792 695 1045 753 Ecclesia
1070 696 1273 752 meriti
1295 704 1455 754 sunt.

912 825 1124 876 ΕΠΙΣΤ.
1155 819 1260 875 ῙΑ’.

641 910 866 982 Μιχαὴλ
894 917 968 982 τῷ
1016 911 1274 983 θεοσέπτῳ
1301 909 1529 983 βασιλεῖ.

2640 824 2874 880 EPIST.
2919 827 3009 883 X1.

2234 914 2513 972 Michaeli
2548 914 2890 986 imperatori
2919 932 2956 972 a
2982 918 3096 973 Deo
3123 925 3416 976 coronato.

1455 1035 1610 1086 Edita.
1639 1047 1672 1085 a
1695 1035 2029 1088 Montacutio
2053 1043 2155 1102 (ep.
2189 1038 2266 1096 18,
2299 1053 2352 1102 p.
2384 1038 2482 1101 78).

357 1158 466 1213 Τῆς
510 1150 758 1223 ὑμετέρας
811 1150 1116 1223 θεοστεφοῦς
1171 1149 1467 1223 βασιλείας,
1524 1155 1608 1204 καὶ
1649 1154 1718 1214 ὡς
1759 1150 1884 1211 ἀλη-

2065 1153 2242 1210 Lecta
2261 1169 2445 1226 quam
2468 1155 2811 1226 accepimus
2836 1155 2914 1212 ab
2931 1155 3316 1229 imperatoria
3339 1173 3472 1215 vere
3489 1163 3655 1229 pote-

286 1244 385 1303 θῶς
434 1240 838 1314 αὐτοκράτορος,
884 1239 1246 1312 ἀναλεγόμενοι
1295 1245 1390 1300 τήν
1442 1239 1737 1306 ἐπιστολήν,
1781 1262 1884 1314 χα-

281 1338 382 1405 ρᾶς
429 1329 540 1402 ἅμα
580 1334 672 1382 καὶ
718 1327 949 1402 θάμϐους
999 1328 1386 1404 ἐπληρώθημενο
1433 1335 1612 1402 χαρᾶς
1650 1335 1762 1402 μὲν,
1805 1332 1886 1384 ὅτι

283 1425 382 1480 τήν
457 1421 705 1492 ὑμετέραν
764 1415 837 1471 δι’
887 1417 1052 1480 αὐτῆς
1097 1419 1540 1491 εὑηγγελιζόμεθα
1589 1417 1883 1492 βασιλείαν,

283 1512 466 1572 πάσης
512 1511 603 1581 μεν
633 1506 913 1570 ἐπιϐουλῆς
941 1509 1042 1560 ὑπό
1086 1515 1220 1562 Θεοῦ
1272 1507 1657 1580 φυλαττομένην
1705 1507 1888 1562 ἀνωτέ-

283 1617 404 1670 ραν,
479 1599 654 1657 πάσης
708 1593 767 1649 δι
820 1600 1039 1669 κρείττω
1098 1595 1518 1664 ἐπαναστάσεως,
1577 1597 1784 1670 ἐχθρῶν
1834 1615 1889 1650 τε

283 1689 491 1741 πάντων
539 1685 877 1760 ὑψηλωτέραν
927 1683 1314 1758 βουλευμάτων,
1346 1690 1436 1739 καὶ
1486 1691 1679 1748 παντός
1723 1685 1888 1745 ἀπηλ-

285 1776 544 1849 λαγμένην
609 1774 783 1850 ἐτέρου
852 1779 1238 1848 συμπτώματος
1288 1793 1342 1828 τε
1393 1779 1485 1828 καὶ
1535 1773 1884 1850 ἀρρωστήμαο

284 1885 394 1928 τος.
453 1872 632 1920 Ταῦτα
683 1869 862 1939 χαρᾶς
907 1865 1048 1936 ἡμᾶς
1100 1863 1444 1923 ἀνεκλαλήτου
1503 1869 1593 1918 καὶ
1645 1863 1889 1936 ἀγαλλιά-

288 1973 420 2016 σεως
457 1953 747 2028 ἐπλήρωσε-
813 1951 998 2025 θάμϐει
1042 1949 1102 2006 δι
1146 1955 1564 2026 κατεσχέθημεν,
1612 1959 1701 2007 καὶ
1759 1957 1887 2027 πρός

288 2042 500 2118 δάκρυα
553 2045 962 2116 κατενέχθημεν,
1012 2047 1101 2102 τήν
1155 2042 1482 2117 ἀνθρωπίνην
1568 2042 1888 2116 ἀπολοφυρό-

285 2152 430 2207 μενοι
481 2138 850 2206 ματαιότητα·
913 2136 1004 2185 καὶ
1059 2133 1198 2192 ὅπως
1250 2135 1383 2194 τινες
1430 2141 1532 2185 τῶν
1580 2131 1886 2206 ἀνθρώπων,

285 2223 484 2277 πολλῶν
541 2226 631 2294 μεν
683 2226 941 2296 χαρίτων,
997 2221 1190 2284 πολλῆς
1246 2218 1305 2274 δὲ
1355 2218 1516 2286 δόξης
1570 2221 1885 2294 ἀξιούμενοι,

283 2315 461 2387 κύριοι
509 2308 569 2365 δὲ
632 2311 822 2364 πολλοῦ
869 2315 1126 2383 γινόμενοι
1179 2310 1423 2364 πλούτου·
1480 2316 1571 2364 καὶ
1629 2307 1746 2364 δέον
1802 2313 1888 2383 μεν

285 2405 525 2467 τούτους,
561 2401 640 2464 οἷς
679 2399 1054 2467 ἀπολαύουσιν,
1081 2399 1311 2472 ἀγαπᾷν,
1343 2405 1434 2452 καὶ
1474 2403 1542 2453 τὰ
1592 2400 1756 2453 οἰκεῖα
1797 2404 1886 2473 μέ-

1997 1247 2169 1307 state,
2201 1247 2256 1300 et
2284 1247 2401 1300 Deo
2427 1248 2711 1300 coronato
2730 1245 3091 1317 principatu,
3113 1247 3406 1319 episuola,
3430 1249 3654 1318 gaudio

1995 1331 2172 1387 simul
2188 1332 2396 1402 repleti
2417 1348 2625 1388 sumus
2645 1339 2699 1389 et
2717 1333 3134 1392 admiratione.
3158 1337 3386 1392 Gaudio
3400 1343 3655 1406 certe,eo

1994 1421 2160 1492 quod
2187 1419 2388 1476 laetum
2413 1436 2517 1491 per
2542 1421 2820 1478 eamdem
2844 1424 3188 1495 accepimus
3217 1427 3516 1492 nuntium,
3551 1427 3658 1483 im-

1996 1509 2228 1580 perium
2245 1515 2500 1566 vestrum
2520 1515 2684 1567 extra
2715 1527 2962 1568 omnem
2987 1514 3444 1586 conspirationis
3461 1516 3656 1572 aleam

1997 1613 2033 1654 a
2061 1597 2181 1654 Deo
2219 1599 2482 1670 positum
2516 1603 2574 1654 et
2603 1600 2988 1668 custoditum,
3020 1619 3204 1675 supra
3235 1619 3435 1659 omnes
3463 1605 3657 1660 insur-

1998 1687 2264 1757 gentium
2306 1687 2782 1745 machinationes
2832 1691 3247 1758 constitutum,
3290 1692 3546 1748 liberum
3604 1699 3659 1750 et

1996 1777 2266 1850 quietum
2295 1777 2374 1833 ab
2398 1778 2562 1834 omni
2589 1777 2709 1834 alio
2739 1794 2928 1834 causu
2959 1785 3015 1835 et
3043 1779 3409 1838 inﬁrmitate.
3439 1783 3504 1838 Et
3529 1781 3659 1838 haec

1997 1872 2185 1932 erant,
2209 1882 2345 1939 quae
2367 1883 2478 1923 nos
2503 1867 2727 1939 gaudio
2749 1868 3158 1940 inexplicabili
3182 1875 3237 1926 et
3261 1871 3660 1928 exsultatione

1996 1955 2369 2027 repleverunt
2395 1972 2407 2010 :
2443 1956 2836 2014 admiratione
2867 1975 3044 2030 porro
3064 1959 3218 2032 capti
3245 1971 3478 2026 Sumus,
3505 1966 3561 2018 et
3582 1961 3661 2018 ad

1996 2043 2297 2116 lacrymas
2307 2043 2498 2100 adacti
2514 2044 3086 2112 eﬁ‘undendas,dum
3102 2048 3436 2104 humanam
3455 2049 3660 2121 deplo-

1997 2149 2204 2189 ramus
2236 2133 2557 2190 vanitatem
2588 2134 2904 2200 ;nimirum
2928 2151 3067 2191 cum
3089 2151 3207 2192 non
3233 2137 3408 2209 pauci
3426 2137 3656 2210 sintqui

1999 2237 2216 2292 magna
2259 2223 2470 2292 gratia,
2502 2223 2695 2294 gloria
2723 2223 3033 2297 multiplici
3067 2224 3338 2292 ﬂoreant,
3374 2226 3478 2298 qui
3519 2241 3657 2282 cum

1998 2312 2349 2382 possideant
2375 2312 2648 2382 ingentes
2675 2328 2846 2385 opes,
2879 2313 2960 2370 ita
2992 2318 3056 2371 ut
3077 2315 3340 2371 contenti
3369 2315 3657 2372 deberent

1999 2415 2128 2456 esse
2149 2416 2287 2456 cum
2308 2401 2620 2472 possessis,
2644 2407 2701 2458 et
2717 2403 3027 2475 proprium
3058 2403 3321 2476 ipsorum
3341 2404 3658 2461 modulum

285 2511 386 2564 τρα
436 2492 875 2554 συνεπίστασθαι,
907 2494 997 2542 καὶ
1049 2492 1140 2542 τὸν
1180 2489 1446 2565 εὐεργέτην
1496 2491 1638 2561 ἄγειν
1692 2485 1764 2541 δι’
1812 2493 1890 2542 εὑ-

2009 2505 2330 2560 agnoscere
2355 2531 2368 2556 ,
2389 2489 2836 2547 benefactorum
2861 2507 3002 2549 vero
3023 2494 3190 2550 omni
3212 2493 3408 2550 laudis
3433 2509 3659 2566 praeco-

285 2585 490 2653 φημίας
533 2579 746 2641 ἁπάσης
793 2583 882 2632 καὶ
916 2577 1349 2650 σεϐασμιότητος·
1377 2580 1426 2632 οἱ
1478 2575 1538 2632 δε
1568 2583 1662 2636 τήν
1713 2576 1888 2630 ἐπιθυ-

285 2675 411 2742 μίαν
458 2668 738 2744 ἀκόρεστον
783 2664 1180 2740 ἐνδεικνύμενοι,
1225 2673 1315 2720 καὶ
1375 2671 1506 2742 πρὸς
1559 2669 1725 2720 πάντα
1777 2664 1890 2720 δια-

283 2759 556 2818 πλωθῆναι
610 2757 1076 2831 φιλονεικήσαντες,
1164 2765 1259 2818 τῆς
1325 2776 1379 2810 τε
1457 2753 1600 2820 ἰδίας
1673 2755 1892 2828 κεφαλῆς

286 2853 377 2902 καὶ
440 2843 761 2921 εὐεργέτιδος
817 2847 1050 2920 τολμῶσι
1105 2848 1609 2921 καταφρυάττεσθαι,
1668 2851 1758 2898 xui.
1805 2849 1892 2899 τὸν

290 2945 384 2992 τοῦ
431 2935 727 3010 Σαλμονέως
777 2938 938 3008 μύθον
979 2935 1050 2997 εἰς
1091 2938 1236 3009 ἔργον
1286 2937 1630 3011 προάγουσιν.
1691 2935 1778 2998 Ἐξ
1826 2935 1894 2986 ὧν

289 3027 348 3080 οὐ
377 3031 532 3100 μόνον
577 3034 680 3079 τῶν
727 3021 972 3091 ἐλπίδων,
1017 3024 1077 3085 ἅς
1128 3023 1533 3098 όνειροπολοῦσι,
1583 3029 1671 3076 καὶ
1711 3023 1785 3096 ἐφ’
1817 3024 1895 3084 αἶς

291 3117 548 3189 ώχούντο,
583 3111 984 3168 διαπίπτουσινο
1019 3111 1148 3166 ἀλλὰ
1193 3118 1284 3167 καὶ
1335 3114 1506 3166 αὐτῶν
1559 3116 1776 3179 τούτων,
1827 3113 1896 3164 ὧν

293 3203 482 3277 δικαίᾳ
509 3203 725 3276 ἐξουσίᾳ
779 3208 868 3257 καὶ
911 3199 1164 3276 δεδομένη
1212 3204 1649 3261 καθειστήκεισαν
1701 3203 1895 3275 κύριοι,

295 3295 510 3358 ἑαυτούς
543 3293 769 3367 ἀφρόνως
826 3291 1220 3346 ἀπελαύνουσιν·
1270 3292 1376 3344 οἷον
1429 3288 1499 3350 δή
1554 3311 1606 3344 τι
1654 3287 1689 3344 δ
1695 3293 1749 3344 ia
1799 3299 1897 3344 τῶν

293 3386 616 3460 γραμμάτων
674 3383 768 3454 (ὡς
819 3383 922 3435 εἴθε
980 3385 1052 3454 μή
1104 3380 1322 3454 ὄφελον),
1380 3383 1758 3454 κατεμάθομεν,
1809 3385 1899 3433 καὶ

295 3477 410 3547 περὶ
458 3475 545 3525 τὸν
607 3471 844 3524 ταπεινὸν
896 3472 1164 3543 ἄνθρωπον
1213 3470 1398 3524 ἐκεῖνον
1451 3469 1570 3542 (οὐκ
1617 3467 1742 3524 οἶδα
1795 3473 1896 3544 γὰρ

297 3562 432 3623 ὅπως
496 3560 680 3633 ἑτέρως
735 3563 882 3625 εἴπω,
930 3567 1026 3620 τῆς
1081 3557 1410 3634 ἀνθρωπίνης
1478 3563 1900 3633 μιμνησκόμενος

298 3649 630 3721 ἀθλιότητος)
657 3657 765 3712 πῶς
792 3651 892 3702 ὑπὸ
938 3657 1034 3712 τῆς
1077 3650 1219 3720 ὑμῶν
1275 3645 1569 3723 φιλοδώρου
1600 3653 1690 3702 καὶ
1737 3667 1897 3720 μεγα-

298 3737 535 3813 λοδώρου
581 3735 757 3802 δεξιᾱς
804 3738 876 3800 εἰς
907 3737 1040 3790 αὐτά
1067 3756 1168 3790 που
1223 3741 1289 3791 τὰ
1337 3746 1584 3813 σκῆπτρα
1622 3746 1715 3798 τῆς
1741 3735 1902 3810 βασι-

1998 2580 2119 2645 nio,
2147 2586 2202 2636 et
2228 2579 2605 2636 veneratione
2632 2582 2914 2653 prosequi
2961 2585 3276 2639 teneantur
3311 2582 3428 2649 ;illi
3463 2588 3659 2639 tamen

1997 2667 2419 2740 inexplebilem
2450 2683 2572 2740 prae
2601 2685 2663 2724 se
2692 2668 2890 2726 ferunt
2920 2671 3328 2744 cupiditatem,
3358 2672 3524 2729 omni
3545 2677 3664 2728 stu-

2000 2755 2102 2812 dio
2132 2761 2190 2812 et
2217 2756 2600 2813 contentione
2632 2773 2693 2812 se
2723 2758 3381 2829 immiscentomnibus,
3409 2760 3470 2816 in
3501 2761 3664 2833 ipso-

2001 2861 2138 2901 rum
2160 2851 2334 2918 caput
2352 2845 2598 2918 quidem
2630 2846 3067 2904 benemeritum
3091 2849 3318 2904 audent
3341 2849 3664 2905 tumultuo-

2004 2933 2130 2989 sius
2157 2933 2640 3004 insolescere,ita
2664 2940 2726 2992 ut
2754 2935 2828 2991 de
2849 2935 3168 2993 Salmonea
3191 2935 3458 2994 fabulam
3483 2953 3663 3010 opere

2002 3024 2134 3095 ipso
2165 3023 2491 3080 exhibeant
2519 3023 2880 3096 completam
2907 3041 2919 3078 :
2948 3026 3104 3082 unde
3128 3027 3439 3096 contingit,
3463 3031 3665 3084 utnon

2005 3112 2190 3169 modo
2215 3112 2291 3168 de
2318 3129 2443 3183 spe,
2469 3129 2654 3186 quam
2677 3113 2790 3168 sibi
2803 3128 2908 3186 per
2926 3131 3207 3170 somnum
3223 3115 3662 3181 conﬁnxerunt,

2006 3206 2062 3259 et
2086 3217 2210 3274 qua
2239 3202 2588 3267 evehuntur,
2612 3201 2891 3258 excidant
2914 3219 2928 3269 ;
2961 3219 3164 3258 verum
3192 3203 3370 3260 etiam
3401 3219 3508 3276 per
3529 3204 3667 3260 insi-

2009 3290 2293 3364 pientiam
2321 3291 2400 3348 ab
2420 3292 2489 3346 iis
2519 3291 2667 3364 ipsis
2697 3307 2760 3347 se
2789 3291 3202 3359 exterminent,
3226 3308 3480 3364 quorum
3499 3294 3665 3365 justa

2007 3385 2319 3453 potestate,
2339 3380 2610 3438 dominio
2624 3386 2678 3437 et
2694 3381 3080 3437 concessione
3095 3380 3464 3438 fruebantur.
3486 3381 3670 3439 Illius-

2009 3469 2175 3527 modi
2205 3471 2363 3527 istud
2393 3478 2480 3527 est
2527 3471 2692 3544 quod
2717 3471 2980 3543 (utinam
3006 3486 3127 3527 non
3153 3473 3234 3528 ita
3261 3471 3604 3542 contigisset
3627 3472 3667 3543 l)

2009 3575 2116 3633 per
2145 3559 2366 3616 litteras
2387 3559 2526 3617 facti
2553 3561 2830 3616 certiores
2853 3560 3269 3627 intelleximus,
3301 3563 3360 3617 in
3389 3561 3486 3618 illo
3509 3561 3672 3632 abje-

2009 3654 2104 3706 cto
2134 3655 2189 3706 et
2219 3649 2530 3706 humiliato
2560 3649 2805 3706 homine
2827 3655 3236 3723 perpetratum
3260 3656 3480 3723 (neque
3507 3650 3670 3708 enim

2010 3754 2134 3810 quo
2165 3739 2281 3795 alio
2311 3755 2450 3795 eum
2497 3739 2740 3795 nomine
2795 3745 2995 3796 notem
3042 3739 3189 3796 satis
3232 3740 3497 3813 intelligo
3520 3780 3534 3803 ,
3564 3740 3668 3812 qui

297 3829 438 3890 λείας
476 3826 788 3900 ἀνυψωθεὶς,
844 3831 934 3880 καὶ
981 3831 1075 3886 τήν
1125 3825 1419 3899 βασίλειαν,
1467 3827 1510 3880 εἰ
1566 3832 1656 3879 καὶ
1705 3830 1776 3898 μή
1809 3830 1899 3884 τήν

2015 3842 2245 3883 memor
2269 3829 2381 3884 sim
2408 3829 2690 3884 humanae
2723 3827 3002 3900 miseriae)
3045 3827 3138 3884 ille
3166 3834 3397 3885 tantum
3441 3845 3563 3885 non
3593 3828 3673 3884 ad

297 3918 508 3984 κλῆσιν,
588 3916 716 3970 ἀλλά
785 3921 879 3976 τήν
959 3915 1198 3980 ἐξουσίαν
1272 3918 1739 3990 συμμερισάμενος,
1811 3914 1904 3965 οὐκ

299 4011 531 4079 ἤνεγκεν,
579 4009 644 4067 ὡς
674 4010 827 4079 φασὶ,
881 4013 977 4068 τῆς
1028 4005 1327 4081 εὐεργεσίας
1379 4009 1437 4058 τό
1503 4005 1730 4077 μέγεθος,
1789 3999 1903 4055 οὐδ’

299 4096 532 4172 ἔστερξεν
581 4096 654 4156 οἷς
694 4095 933 4161 ἠξίωται,
981 4091 1096 4146 οὐδ’
1142 4093 1531 4169 εὐχαρίστησεν
1563 4094 1638 4156 οἷς
1670 4091 1904 4151 ἀπήλαυ-

303 4206 408 4240 σεν·
457 4184 564 4238 ἀλλ’
617 4187 889 4259 ὑπερόριον
947 4187 1034 4236 τόν
1092 4179 1238 4236 πόδα
1293 4192 1468 4249 κινῶν,
1546 4188 1634 4236 καὶ
1719 4189 1906 4254 χεῖρας

303 4274 496 4350 ὕϐρεως
525 4277 661 4327 κατά
711 4281 805 4336 τῆς
853 4268 1176 4348 εὐεργέτιδος
1225 4271 1615 4344 ἀνατεινάμενος
1663 4269 1903 4344 κεφαλῆς,

302 4365 431 4418 αὐτό
487 4383 542 4416 τε
602 4367 660 4416 τό
733 4363 848 4435 ζῇν,
882 4367 972 4415 καὶ
1024 4365 1117 4423 τὰς
1166 4363 1520 4436 ὑπερηφάνους
1549 4357 1786 4427 ἐλπίδας,
1818 4364 1908 4412 καὶ

301 4457 368 4508 τά
419 4455 621 4526 μάταια
692 4457 995 4524 φυσήματα,
1052 4451 1272 4526 οἰκτρῶς
1338 4454 1478 4523 οἶμοι
1533 4454 1623 4502 καὶ
1689 4449 1910 4509 ἐλεεινῶς

303 4547 490 4615 ᾤχητο
562 4541 768 4594 λειπών·
839 4539 1053 4612 ἤλγησα
1119 4543 1209 4612 μὲν
1267 4537 1328 4610 (ὦ
1387 4539 1744 4614 φιλάνθρωπον
1797 4536 1910 4610 ἐμοὶ

302 4636 394 4684 καὶ
449 4635 745 4706 πανήμερον
795 4629 1010 4704 κράτος)
1063 4626 1214 4700 ἀώρῳ
1286 4629 1488 4699 θανάτῳ
1546 4624 1912 4698 παραδοθέντα

302 4723 392 4773 τόν
425 4721 695 4794 ἄνθρωπον
753 4720 949 4791 μαθών·
1001 4715 1073 4790 ἐφ’
1125 4717 1164 4788 ᾧ
1209 4713 1268 4769 δι
1316 4716 1547 4789 μάλιστα
1577 4719 1657 4769 ὅτι
1685 4721 1774 4769 καὶ
1825 4736 1913 4769 τυ-

303 4805 547 4884 ραννίδος
620 4804 808 4869 διδούς
877 4803 1055 4875 δίκην,
1108 4805 1435 4880 εἰσεπράχθη
1513 4809 1600 4858 τὸν
1675 4807 1908 4858 θάνατον·

308 4898 640 4952 Πλάττεσθαι
686 4899 787 4972 γὰρ
836 4898 895 4949 τὸ
941 4897 1184 4970 γράμμα,
1245 4899 1334 4948 καὶ
1382 4893 1544 4956 ἄλλως
1587 4903 1714 4960 πῶς,
1757 4896 1788 4953 ή
1845 4897 1915 4956 ὡς

306 4985 522 5053 ἐδήλου,
567 4990 631 5040 τὰ
669 4992 784 5061 περὶ
832 4985 986 5038 αὐτόν
1047 4987 1442 5057 συνενεχθῆναι,
1498 4983 1571 5038 δι’
1629 4984 1697 5035 ὧν
1728 4983 1916 5046 ἐκεῖνος

306 5081 398 5152 μὲν
445 5079 706 5150 στέφεται,
738 5074 885 5128 ἄλλοι
933 5070 992 5128 δὴ
1030 5073 1297 5146 κόψονται,
1334 5076 1360 5133 ἡ
1421 5081 1512 5127 τοῦ
1559 5093 1653 5126 σου
1695 5076 1918 5149 κράτους

307 5167 465 5240 ἀρετή
496 5171 587 5218 καὶ
622 5169 871 5218 ἐπιείκεια
916 5164 1147 5216 ὑπονοεῖν
1177 5163 1270 5216 οὐκ
1303 5159 1606 5216 ἐνδίδωσιν.
1640 5165 1735 5215 Διά
1765 5170 1916 5214 τοῦτο

309 5257 544 5330 μάλιστα
585 5258 789 5330 καιρίαν
819 5257 1013 5325 ἤνεγκα
1058 5257 1152 5311 τήν
1206 5251 1306 5305 ἀπὸ
1355 5260 1444 5312 τῆς
1474 5251 1640 5314 λύπης
1689 5251 1914 5322 πληγήν·

316 5348 376 5400 τά
414 5365 469 5400 τε
493 5344 624 5398 ἄλλα
679 5343 762 5397 ἐπὶ
792 5351 910 5396 νοῦν
965 5340 1356 5414 ἀναλαμϐάνων,
1412 5346 1502 5393 καὶ
1532 5342 1609 5393 ὅτι
1651 5340 1921 5413 ἅνθρωπος

313 5435 362 5488 ἐν
436 5435 581 5506 αὐτῷ
627 5441 702 5505 τῷ
739 5472 745 5478 -
776 5438 1084 5506 κακουργεῖν
1137 5429 1473 5505 ἀνάρπαστος
1517 5434 1758 5502 γεγονὼς,
1831 5434 1921 5482 καὶ

315 5529 448 5597 μήτε
480 5526 546 5577 τὰ
577 5522 680 5576 ἀπὸ
710 5528 802 5575 τοῦ
843 5519 967 5595 βίου
1021 5519 1333 5594 μολύσματά
1359 5537 1412 5572 τε
1440 5523 1530 5570 καὶ
1576 5518 1919 5592 ῥυπάσματα,

317 5613 353 5666 ἂ
385 5621 447 5674 τῆ
494 5611 652 5685 ἀθλίᾳ
679 5613 843 5684 ταύτῃ
887 5611 1042 5683 φύσει
1081 5609 1216 5684 φιλεῖ
1260 5606 1636 5683 ἐπιτρίϐεσθαι,
1667 5613 1778 5668 τοῖς
1829 5603 1925 5660 δά-

2012 3917 2179 3987 regni
2209 3921 2442 3988 sceptra
2459 3932 2564 3988 per
2576 3916 2847 3972 dextram
2866 3922 3128 3972 vestram
3146 3916 3498 3973 muniﬁcam
3511 3917 3675 3973 exal-

2014 4008 2190 4071 tatus,
2218 4004 2296 4060 ita
2349 4008 2410 4060 ut
2439 4004 2573 4060 licet
2604 4003 2866 4060 nominis
2895 4005 3262 4076 imperatorii
3288 4010 3343 4060 et
3380 4005 3528 4060 tituli
3549 4021 3671 4060 non

2015 4093 2496 4165 essetparticeps,
2524 4097 2879 4166 potestatem
2905 4097 3102 4148 tamen
3128 4100 3323 4148 tecum
3343 4092 3672 4158 dividebat,

2015 4181 2494 4252 magnitudinem
2535 4180 2810 4238 beneﬁcii
2843 4180 2996 4237 ferre
3037 4181 3299 4253 nequivit
3333 4200 3346 4250 ;
3387 4197 3508 4238 non
3549 4187 3676 4238 erat

2017 4275 2331 4330 contentus
2363 4271 2434 4326 iis
2463 4272 2683 4344 quibus
2715 4269 2822 4326 fuit
2843 4270 3150 4341 dignatus,
3182 4286 3291 4326 nec
3321 4271 3545 4344 gratias
3572 4271 3677 4327 ha-

2018 4361 2200 4418 bebat
2230 4375 2337 4433 pro
2369 4360 2644 4415 fruitione
2665 4359 2909 4425 habitis,
2932 4360 3036 4415 sed
3060 4366 3225 4416 extra
3253 4359 3436 4416 lineas
3459 4360 3674 4433 pedem

2017 4464 2403 4524 promovens,
2436 4453 2491 4503 et
2528 4465 2744 4504 manus
2784 4447 2843 4503 in
2874 4447 3240 4520 opprobium
3279 4448 3676 4505 benefactoris

2018 4538 2358 4604 retendens,
2391 4538 2696 4611 capitique
2727 4536 2858 4608 ejus
2888 4536 3229 4601 insidiatus,
3266 4537 3445 4593 vitam
3475 4538 3672 4609 ipsam

2022 4628 2286 4695 tandem,
2320 4627 2740 4684 insolentiores
2773 4643 2909 4699 spes
2951 4643 3114 4691 suas,
3151 4627 3360 4682 inanes
3410 4626 3673 4696 spiritus,

2023 4720 2301 4774 miseram
2329 4718 2446 4774 heu
2468 4723 2523 4773 et
2550 4717 2958 4773 miserandum
2989 4717 3049 4771 in
3076 4716 3347 4784 modum,
3377 4715 3519 4772 abiit
3541 4715 3679 4772 hinc

2022 4805 2356 4879 relinquens
2377 4848 2392 4863 .
2426 4805 2656 4861 lndolui
2696 4805 2941 4877 quidem
2973 4805 3030 4877 (ο
3057 4805 3391 4860 misericors
3414 4809 3468 4860 et
3494 4804 3681 4860 mitis-

2025 4895 2178 4952 sima
2192 4896 2632 4967 potestas)cum
2653 4893 3218 4949 resciviimmaturee
3230 4893 3360 4948 neci
3373 4892 3681 4950 hominem

2025 4984 2235 5040 datum
2264 5000 2278 5050 ;
2303 4983 2518 5054 magis,
2541 4983 2707 5056 quod
2730 4981 3019 5038 affectata:
3053 4979 3388 5052 tyrannidis
3411 4998 3680 5054 poenam,

2025 5073 2273 5145 oppetiit
2301 5080 2573 5128 mortem.
2596 5075 2782 5136 Certe,
2806 5087 2926 5127 non
2945 5070 3171 5143 patitur
3190 5069 3386 5126 subire
3411 5071 3681 5128 animum

2030 5178 2232 5217 meum
2258 5161 2658 5233 suspicionem
2685 5164 2902 5216 vestrae
2926 5159 3238 5232 potestatis
3270 5159 3453 5214 virtus
3481 5165 3538 5216 et
3568 5159 3683 5216 cle-

2028 5251 2272 5314 mentia,
2304 5249 2745 5305 commentitias
2783 5249 3019 5304 venisse
3059 5248 3138 5304 ad
3183 5263 3278 5304 me
3309 5247 3560 5316 litteras,
3594 5249 3686 5305 vel

2029 5339 2143 5396 alio
2183 5336 2366 5394 modo
2395 5352 2576 5409 quam
2606 5352 2723 5410 quo
2752 5337 2812 5392 in
2848 5335 2960 5392 illis
3009 5341 3304 5401 narratur,
3345 5353 3482 5406 quae
3523 5337 3686 5392 illum

2031 5426 2472 5485 concernebant
2487 5425 2826 5496 contigisse,
2849 5425 3008 5482 unde
3031 5425 3128 5482 ﬁet
3153 5430 3214 5481 ut
3237 5432 3551 5482 coronetur
3571 5426 3686 5496 ille,

2030 5517 2344 5587 ringantur
2383 5514 2505 5572 alii.
2537 5517 2728 5588 Atque
2773 5514 2913 5571 hinc
2942 5515 3220 5572 lethalem
3263 5531 3298 5572 a
3337 5515 3544 5572 dolore
3595 5530 3692 5572 ac-

2033 5606 2162 5679 cepi
2206 5603 2491 5662 inﬂiciam
2543 5604 2808 5676 plagam,
2837 5603 2981 5661 dum
3039 5603 3330 5662 memoria
3385 5603 3539 5660 inter
3576 5603 3692 5660 alia
