4088 6214
209 313 316 369 ’721

857 443 1071 495 ΕΠΙΣΤ.
1092 439 1192 494 ΙΓ’.

208 526 530 602 Ἐγκύκλιος
615 525 862 587 ἐπιστολὴ
946 532 1072 602 πρὸς
1157 531 1299 602 τούς
1360 537 1457 602 τῆς
1555 530 1837 593 Ἀνατολῆς

292 598 703 676 ἀρχιερατικούς
825 598 1077 676 θρόνους,
1170 599 1568 676 Ἀλεξανδρείας
1677 610 1832 676 φημὶ,

291 676 402 746 καί⁸
456 671 557 723 τῶν
632 671 864 738 λοιπῶν,
927 671 976 724 ἐν
1137 678 1254 745 περὶ
1320 671 1606 746 κεφαλαίων
1683 671 1834 728 τινῶν

293 739 541 822 διάλυσιν
601 739 1062 816 πραγματεύεται·’
1101 739 1210 796 καί
1273 739 1396 822 dog"
1437 745 1495 798 ού
1566 749 1703 819 χρὴ
1757 747 1834 799 λέ-

293 834 425 887 γειν,
486 817 541 866 ἐκ
571 823 683 903 ἢτοῦ
715 819 964 903 ⁹Ηοιτρός,
1019 819 1106 868 xui
1165 823 1257 868 τοῦ
1307 817 1452 882 Υἰοῦ,
1516 821 1573 869 τὸ
1613 817 1834 890 Πνεῦμα

291 886 676 962 προέρχεσθαι,
705 886 812 940 ἀλλ’
839 886 893 940 ἐκ
921 894 1014 941 τοῦ
1045 891 1252 961 Πατρός
1279 892 1452 960 μόνον.

1490 315 1832 374 EPISTULA
1845 317 2005 378 RUM
2049 318 2262 375 LIBER
2301 320 2343 376 Ι.

1866 445 1913 499 Α

3489 336 3597 389 722

2623 449 2836 508 EPIST.
2867 451 3004 508 XIII.

1945 535 2276 618 Eurydica
2300 535 2554 618 epistola
2583 539 2657 618 ad
2677 541 3205 618 archiepiscopales
3225 545 3469 604 thronos
3489 563 3598 618 per

2018 606 2308 663 Orientem
2339 608 2676 684 obtinentes,
2715 606 3194 670 Alexandrinum
3243 606 3500 684 scilicet;
3541 629 3594 677 et

2015 684 2272 762 caeteros,
2333 679 2398 735 in
2433 682 2653 762 quade
2681 685 2976 752 capitibus
3019 687 3373 762 quibusdam
3403 679 3596 747 dubiis

2015 751 2336 827 solutiones
2386 751 2762 827 meditatur,’
2793 762 2847 811 et
2877 751 3045 827 quod
3091 774 3205 813 non
3245 759 3377 816 licet
3407 762 3596 820 dicere

2012 819 2644 950 ᾗιὲὒίέιιξέιῖνοσθάενε
2698 841 2736 884 a
2765 819 2950 885 Patre
3007 834 3059 884 et
3102 844 3139 886 a
3179 830 3359 897 Filio,
3417 833 3520 890 sed
3558 819 3596 891 α

1437 1029 1588 1080 Edita
1608 1043 1642 1080 ε.
1663 1031 1992 1084 Montacutio
2018 1035 2121 1099 (ep.
2147 1036 2194 1092 2,
2223 1050 2276 1098 p.
2313 1037 2414 1097 47).

297 1163 370 1216 α’.
403 1163 514 1217 Ούκ
544 1159 605 1222 ἦν
656 1163 779 1236 ἄρα,
829 1164 900 1223 ὡς
949 1165 1130 1232 ἔοικεν,
1188 1166 1340 1236 κόρος
1386 1170 1458 1234 τῷ
1489 1171 1698 1236 πονηρῷ
1729 1173 1829 1216 τῶν

211 1263 413 1320 κακῶν,
465 1249 591 1306 ούδέ
632 1271 682 1304 τι
729 1259 830 1303 τῶν
879 1249 1244 1324 ἄφευρημάτων
1284 1256 1374 1305 καὶ
1429 1254 1830 1325 μηχανημάτων

211 1348 398 1416 πέρας,
432 1341 467 1395 ai
502 1342 637 1394 κατά
686 1340 780 1392 τοῦ
828 1338 1151 1413 ἀνθρωπίνου
1197 1344 1378 1411 γένους
1421 1339 1654 1415 ἐξαρχῆς
1706 1340 1826 1394 ἀνα-

212 1438 375 1485 κινεῖν
427 1430 748 1503 ἑμελέτησεν⁸
811 1427 940 1481 ἀλλὰ
994 1433 1213 1504 μυρίαις
1243 1432 1334 1503 μεν
1383 1435 1534 1493 ὅσαις
1578 1429 1826 1498 ἀπάταις,

212 1524 324 1595 πρὸ
371 1528 466 1582 τῆς
522 1518 570 1571 ἓν
604 1522 762 1592 σαρκὶ
822 1524 914 1570 τοῦ
967 1523 1241 1572 Λεσπότου
1272 1524 1586 1594 παρουσίας,
1618 1524 1702 1572 τὸν
1746 1521 1831 1572 ἄν·

222 1611 430 1683 θρωπον
486 1608 790 1680 ὑπηγάγετο
847 1607 920 1669 εἰς
973 1605 1281 1678 ἀλλοφύλους
1337 1613 1427 1662 καὶ
1493 1613 1832 1684 παρανόμους

217 1696 663 1758 ἀποϐουκολήσας
703 1695 934 1769 πράξεις·
999 1695 1054 1760 ἐξ
1089 1696 1157 1748 ὧν
1209 1701 1300 1749 καὶ
1354 1701 1447 1756 τὴν
1503 1698 1618 1750 κατ’
1674 1698 1830 1751 αὐτοῦ

215 1783 527 1862 τυραννίδα,
580 1788 714 1838 κατά
748 1767 956 1858 -κράτος
1003 1781 1318 1844 ἀνεδήσατοο
1371 1791 1587 1861 μυρίαις
1642 1783 1702 1840 δὲ
1741 1791 1831 1840 καὶ
1867 1767 1910 1822 Β

217 1878 355 1950 μετά
403 1883 570 1928 ταῦτα
631 1875 869 1937 πλάναις,
907 1879 997 1927 καὶ
1047 1871 1416 1948 δελεάσμασιν,
1471 1876 1831 1938 ύποσκελὶςειν

217 1971 313 2019 καὶ
366 1968 709 2038 παρασύρειν,
765 1967 886 2027 τούς
939 1963 1079 2034 αύτῷ
1131 1967 1481 2038 πειθομένους,
1538 1966 1596 2018 ού
1675 1963 1834 2018 διέλι-

217 2075 334 2111 πεν.
406 2054 670 2110 Ἐντεῦθεν
735 2058 975 2126 Σίμωνες,
1039 2057 1128 2106 καὶ
1189 2059 1512 2129 Μαρκίωνες,
1576 2056 1833 2108 Μοντάνοι

218 2163 279 2198 τε
307 2148 398 2197 καὶ
449 2147 704 2208 Μάνητες,
757 2147 848 2196 xui
880 2145 911 2202 ἠ
960 2142 1166 2201 ποικίλη
1225 2148 1316 2196 καὶ
1364 2143 1683 2218 πολύτροπος
1732 2151 1832 2196 τῶν

220 2235 474 2308 αἱρέσεων
553 2234 836 2305 θεομαχία,
905 2230 1204 2291 ἐπλήθυνεν.
1277 2232 1535 2286 Ἐντεῦθεν
1604 2232 1829 2306 Ἀρειος,

224 2327 319 2375 καὶ
359 2318 701 2386 Μακεδόνιος,
738 2325 823 2373 καὶ
851 2325 1157 2396 Νεστόριος,
1186 2320 1434 2393 Εύτυχής
1458 2340 1511 2374 τε
1557 2326 1648 2374 καὶ
1679 2325 1834 2374 Διόσ-

219 2431 394 2486 κορος,
440 2416 530 2464 καὶ
579 2413 640 2463 τό
688 2409 865 2464 λοιπόν
905 2417 998 2470 τῆς
1049 2409 1283 2472 ἀσεϐείας
1333 2413 1608 2484 σύνταγμα
1643 2432 1656 2444 ·
1715 2411 1832 2464 καθ’

223 2501 294 2552 ὧν
340 2503 395 2552 αἱ
443 2499 593 2571 ἆγίαι
643 2503 733 2552 καὶ
789 2499 1142 2572 οἰκουμενικαὶ
1203 2502 1662 2575 πνεκροτὴθησαν
1707 2499 1834 2553 ἐπτά

225 2587 466 2656 σύνοδοι,
512 2593 602 2642 καὶ
630 2597 752 2660 τῶν,
793 2592 929 2641 κατὰ
971 2593 1182 2653 τόπους,
1241 2591 1386 2661 ἱερῶν
1437 2595 1526 2642 καὶ
1582 2591 1833 2664 θεοφόρων

224 2676 431 2751 ἀνδρῶν
464 2677 706 2750 συνελέγη
743 2679 808 2730 τὰ
855 2683 1192 2750 συστήματα,
1242 2681 1336 2739 τὰς
1381 2681 1611 2754 πονηρὰς
1667 2698 1836 2753 παρα-

225 2766 438 2842 φυάδας
474 2776 538 2842 τῇ
566 2772 819 2840 μαχαίρᾳ
855 2775 946 2820 τοῦ
994 2771 1279 2842 Πνεύρατος
1309 2767 1648 2844 αὐτορρίζους
1695 2767 1832 2821 ἐκθε-

224 2863 489 2931 ρίσαντες,
545 2862 634 2909 καὶ
691 2859 916 2931 καθαρὸν
995 2859 1487 2932 παρασκευάσαντες
1544 2857 1834 2931 ἀναφυῆναι

224 2956 321 3009 τῆς
361 2945 678 3006 Ἐκκλησίας
704 2949 762 2998 τὸ
794 2945 959 3005 λήξον.

298 3123 378 3196 β’,
416 3123 568 3178 Ἀλλά
613 3126 808 3177 τούτων
852 3123 907 3176 ἐκ
937 3119 1114 3177 ποδῶν
1162 3128 1530 3196 γεγενημένων,
1563 3128 1649 3177 xui
1705 3131 1827 3197 σιγῇ
1869 3131 1910 3188 C

222 3219 312 3267 xui
381 3213 516 3286 λήθη
570 3209 1030 3288 παραδεδομένων,
1078 3212 1220 3275 ἐλπὶς
1271 3212 1439 3285 ἀγαθὴ
1499 3218 1589 3264 καὶ
1643 3211 1833 3285 βαθεῖα

221 3310 334 3366 τοῖς
401 3301 664 3356 εύσεϐέσιν
707 3303 1031 3376 ύπετρέφετο.
1093 3307 1164 3374 μὴ
1224 3303 1285 3354 ἄν
1354 3321 1474 3355 ποτε
1525 3306 1832 3376 καινοτέρων

225 3389 647 3464 δυσσεϐημάτων
723 3390 994 3464 ἐφευρετὰς
1059 3393 1322 3462 γενέσθαι,
1404 3389 1452 3444 ἐν
1519 3398 1700 3456 πᾶσιν,
1761 3392 1833 3451 οἷς

223 3481 495 3554 ἐπείρασεν
523 3483 549 3533 ὁ
595 3483 835 3555 πονηρὸς,
891 3480 960 3541 εἰς
1015 3480 1310 3534 τούναντίον
1354 3481 1494 3552 αύτῷ
1555 3489 1654 3534 τῶν
1708 3480 1834 3554 βου-

222 3571 493 3644 λευμάτων
532 3574 946 3647 περιτραπέντων
970 3590 984 3604 ·
1038 3575 1170 3642 μήτε
1221 3574 1324 3643 μὴν
1375 3579 1475 3622 τῶν
1513 3567 1622 3629 ἤδη
1676 3572 1832 3622 κατά-

223 3680 404 3732 κρισιν
479 3657 774 3722 συνοδικῶς
819 3655 1163 3732 δεδεγμένων,
1234 3661 1636 3734 ύπερασπιστάς
1690 3679 1834 3720 τινας

221 3757 315 3803 καὶ
360 3751 675 3826 προμάχους
725 3749 1064 3820 ἀναφανῆναι,
1092 3757 1154 3821 τῇ
1207 3756 1568 3823 καταστροφῇ,
1625 3753 1716 3800 καὶ
1761 3755 1834 3818 τῷ

225 3841 386 3892 πάθει
446 3847 542 3892 τῶν
600 3837 883 3911 ἀρξάντων,
929 3842 1017 3890 καὶ
1082 3845 1181 3889 τῶν
1230 3837 1303 3897 εἰς
1359 3841 1586 3908 μίμησιν
1636 3837 1835 3888 ἐκείνων

227 3928 384 3982 ἔλθεῖν
473 3927 816 4001 μελετώντων,
913 3925 1364 3998 ἀνακοπτομένων
1443 3931 1532 3978 καὶ
1619 3927 1836 3986 ταύταις

228 4021 322 4090 μεν
378 4023 494 4080 ταῖς
545 4016 742 4069 ἐλπίσιν
787 4018 813 4068 ό
873 4014 1090 4077 εύσεϐἡς
1145 4015 1398 4087 λογισμὸς
1445 4013 1789 4067 ἕπανεπαύετο
1819 4035 1831 4048 ο

225 4107 461 4180 μάλιστα
493 4103 551 4159 δὲ
588 4109 724 4160 κατὰ
768 4110 861 4164 τὴν
895 4104 1278 4176 βασιλεύουσαν
1303 4105 1473 4173 πόλιν,
1506 4104 1554 4157 ἓν
1648 4105 1831 4171 πολλὰ,

229 4204 368 4251 Θεοῦ
424 4201 712 4268 συνεργείᾳ,
769 4204 868 4248 τῶν
927 4194 1242 4248 ἀνελπίστων
1292 4197 1665 4268 κατώρθωται·
1707 4194 1837 4248 πολ-

226 4286 314 4338 λαὶ
363 4281 422 4338 δῖε
460 4285 724 4355 γλῶσσαι,
768 4289 862 4342 τὴν
900 4289 1152 4358 προτέραν
1199 4281 1624 4355 διαπτυσάμεναι
1665 4303 1835 4356 μυσα-

228 4380 450 4448 ρότητα,
495 4377 582 4426 τόν
633 4377 802 4426 κοινὸν
857 4373 1096 4426 ἁπάντων
1153 4373 1415 4439 Πλάστην,
1449 4377 1538 4425 xui
1579 4380 1835 4447 Δημιουρ-

227 4468 340 4536 γὸν,
377 4463 487 4536 μεθ’
538 4465 682 4535 ἡμῶν
731 4464 904 4535 ύμνείν
936 4459 1347 4534 ἐδιδάχθησαν·
1396 4464 1570 4537 ὥσπερ
1616 4462 1717 4515 ἀπό
1762 4483 1835 4516 τι-
1868 4502 1913 4556 D

227 4573 314 4616 νος
341 4553 568 4624 ὑψηλοῦ,
614 4557 704 4604 xui
735 4557 992 4624 μετεώρου
1035 4557 1237 4624 χώρου,
1271 4553 1366 4613 τὰς
1395 4559 1488 4624 τῇς
1529 4549 1833 4627 ὀρθοδοξίας

229 4645 424 4713 πηγάς,
469 4650 560 4701 τῆς
610 4638 889 4714 βασιλίδος
928 4637 1307 4704 ἀναδιδούσης,
1363 4644 1452 4692 καὶ
1495 4643 1702 4716 καθαρά
1747 4649 1836 4702 τῆς

229 4729 493 4791 εύσεϐείας
551 4732 618 4782 τά
676 4731 902 4802 νάματα,
964 4729 1031 4789 εἰς
1084 4731 1149 4780 τὰ
1201 4748 1291 4789 της
1343 4729 1642 4802 οἰκουμένης
1682 4727 1836 4805 διαρ-

228 4822 456 4896 ῥεούσης
496 4823 714 4894 πέρατα,
745 4823 836 4870 xui
865 4825 1110 4877 ποταμῶν
1160 4814 1316 4876 δίκην
1361 4815 1687 4892 ἀρδευούσης
1732 4827 1836 4879 τοίς

230 4907 472 4982 δόγμασι
506 4911 593 4968 τάς
626 4906 790 4960 ἐκεῖσε
835 4905 1040 4978 ψυχὰς,
1085 4907 1294 4971 αἵτινες,
1344 4911 1536 4980 χρόνος
1582 4908 1737 4968 πολύς
1785 4907 1837 4971 ἐξ

229 5000 310 5062 οὗ,
345 4997 822 5070 καταξηρανθείσαι
879 5003 986 5058 τοῖς
1050 5004 1138 5056 τῆς
1193 4994 1451 5062 ἀσεϐείας,
1505 4997 1534 5054 ἣ
1569 4997 1834 5072 ἐθελοθρη-

233 5093 433 5150 σκείας,
488 5087 878 5157 ύπεκκαύμασι,
927 5089 1017 5137 καὶ
1062 5083 1134 5146 εἰς
1191 5083 1418 5158 ἕρημους
1469 5091 1560 5136 καὶ
1626 5084 1836 5156 ἀγόνους

234 5177 718 5248 ἀποχερσωθείσαι,
765 5175 899 5246 ὅμως
967 5176 1056 5226 τόν
1102 5181 1198 5236 τῆς
1247 5170 1601 5234 διδασκαλίας
1645 5173 1836 5249 ὄμϐρον

235 5263 638 5338 ὑποδεξάμεναι,
695 5267 753 5316 τό
803 5271 1038 5338 Χριστοῦ
1111 5269 1362 5336 γεώργιον
1419 5272 1837 5338 καρποφοροῦσιν

235 5357 679 5426 ἰνευθηνούμεναι.
747 5359 844 5407 Kui
914 5355 1012 5428 γὰρ
1067 5355 1116 5404 οἱ
1165 5359 1257 5410 τὴν
1309 5352 1582 5426 Ἀρμενίαν
1636 5353 1832 5405 οἰκοῦν-

236 5465 335 5511 τες,
389 5453 462 5516 τῷ
512 5453 613 5497 τῶν
663 5441 973 5497 Ἰακωϐιτῶν
1057 5440 1396 5514 ἐνισχημένοι
1444 5439 1835 5514 δυσσεϐἠματι,

239 5540 330 5589 xui
380 5537 516 5609 πρός
567 5536 626 5586 τό
672 5532 822 5606 ὀρθόν
875 5539 970 5593 τῆς
1023 5530 1285 5593 εὐσεϐείας
1319 5527 1838 5604 ἀπαυθαδιαζομενοι

241 5630 514 5700 κηρυγμα,
551 5621 638 5697 ἀφ’
668 5621 824 5695 οὗπερ
856 5622 886 5680 ἡ
921 5619 1329 5696 πολυάνθρωπος
1385 5621 1547 5694 εκείνη
1580 5624 1670 5672 xui
1712 5619 1840 5692 ἁγία

2010 1168 2065 1223 4.
2099 1167 2379 1223 Nondum
2427 1166 2509 1223 illi
2549 1168 2724 1241 malo,
2789 1173 2852 1226 ut
2899 1170 3152 1238 videtur,
3206 1171 3448 1232 abunde
3478 1182 3601 1236 erat

1941 1254 2342 1329 improbitatis
2373 1257 2645 1325 satietas;
2680 1259 2952 1316 nondum
2999 1261 3498 1323 adinventionum
3542 1273 3600 1325 et

1940 1345 2458 1402 machinationum
2511 1347 2819 1418 terminus,
2880 1365 3034 1422 quas
3093 1351 3170 1407 ab
3223 1353 3352 1425 ipso
3396 1371 3596 1414 rerum

1939 1435 2185 1492 exordio
2207 1435 2618 1494 inhumanum
2643 1452 2830 1507 genus
2853 1439 3084 1496 censuit
3106 1445 3592 1503 commovendas.

1941 1523 2054 1580 Sed
2079 1530 2132 1580 et
2153 1529 2289 1581 ante
2313 1525 2548 1581 Domini
2569 1526 2753 1582 nostri
2784 1527 3258 1586 incarnationem
3287 1532 3596 1592 hominem

1941 1613 2248 1670 seductum
2306 1614 2367 1670 in
2415 1614 2781 1686 peregrinas,
2842 1616 3072 1688 legibus
3128 1621 3479 1688 contrarias,
3542 1629 3598 1680 et

1941 1702 2144 1772 generi
2173 1702 2536 1773 incongruas
2568 1703 2835 1760 actiones
2865 1722 2971 1777 per
2998 1707 3187 1763 varias
3221 1709 3462 1766 fraudes
3491 1711 3600 1768 im-

1940 1791 2184 1864 pulsum
2218 1791 2565 1858 seducebat,
2599 1793 2759 1849 unde
2791 1811 2965 1850 suam
3006 1797 3384 1868 tyrannidem
3420 1801 3598 1856 vehe-

1941 1881 2198 1936 mentius
2228 1882 2546 1953 promovit,
2606 1888 2661 1936 et
2705 1882 2778 1938 ab
2822 1883 2921 1939 illo
2971 1889 3258 1958 tempore,
3307 1891 3599 1946 sexcentis

1940 1969 2242 2026 erroribus
2268 1975 2324 2026 et
2352 1971 2824 2026 inescationibus
2846 1971 3140 2042 delinitos,
3181 1975 3295 2032 sibi
3329 1978 3432 2050 qui
3461 1985 3599 2036 sunt

1940 2057 2448 2130 obtemperantes,
2471 2059 2860 2132 supplantare
2878 2065 2935 2117 et
2957 2061 3246 2119 aliorsum
3275 2066 3598 2125 transferre

1943 2147 2179 2218 sategit.
2225 2147 2367 2204 Hinc
2411 2148 2518 2204 orti
2555 2148 2854 2217 Simones,
2906 2151 3251 2221 Marciones,
3311 2156 3592 2222 Montani,

1941 2239 2218 2305 Manetes;
2249 2237 2390 2293 hinc
2415 2236 2732 2294 haresium
2777 2239 3087 2309 variegata
3117 2247 3172 2297 et
3218 2241 3596 2300 multiformis

1940 2325 2000 2382 in
2030 2329 2214 2382 Deum
2248 2327 2649 2407 pugnantium
2694 2327 2992 2384 ordinatio
3029 2330 3414 2403 multiplicata
3452 2331 3586 2390 fuit.

1942 2415 2090 2471 Hinc
2153 2415 2347 2482 Arius,
2413 2416 2812 2485 Macedonius,
2889 2420 3211 2485 Nestorius,
3271 2423 3590 2495 Eutyches,

1943 2505 2279 2570 Dioscorus,
2325 2509 2382 2560 et
2423 2505 2618 2561 cateri
2668 2505 2742 2561 de
2783 2507 3176 2564 conventibus
3239 2509 3590 2583 impiorum,

1942 2598 2148 2650 contra
2177 2609 2332 2667 quos
2365 2598 2593 2666 septem
2628 2601 2838 2652 sancta
2868 2597 3169 2666 generalia
3198 2598 3294 2655 illa
3325 2601 3592 2670 concilia,

1942 2699 2052 2740 nec
2079 2698 2201 2738 non
2231 2689 2578 2740 sanctorum
2597 2689 2653 2740 et
2668 2683 3012 2742 divinorum
3039 2687 3299 2744 virorum
3331 2705 3437 2762 per
3461 2690 3594 2748 loca

1942 2772 2196 2839 diversa,
2217 2773 2526 2829 consessio
2545 2773 3000 2843 colligebantur,
3033 2780 3095 2832 ut
3111 2777 3430 2850 impietatis
3449 2779 3594 2837 istos

1942 2863 2201 2920 stolones
2232 2863 2420 2919 cultro
2451 2863 2740 2935 spirituali
2786 2864 3069 2921 radicitus
3099 2867 3509 2939 exstirparent,
3543 2874 3599 2926 et

1941 2968 2226 3024 campum
2258 2951 2528 3008 Ecclesia
2550 2952 2807 3008 sativum
2835 2969 3056 3026 purum
3082 2961 3258 3029 atque
3290 2956 3596 3030 impermi-

1943 3046 2100 3097 stum
2123 3046 2406 3096 curarunt
2460 3039 2852 3099 efﬂorescere.

2011 3134 2064 3184 2.
2125 3129 2252 3184 Istis
2284 3133 2483 3185 autem
2529 3130 2604 3185 de
2645 3130 2841 3188 medio
2873 3131 3146 3199 sublatis,
3175 3148 3246 3190 ac
3276 3133 3507 3192 silentio
3539 3141 3597 3193 et

1942 3217 2222 3275 oblivioni
2252 3217 2502 3284 traditis,
2531 3220 2824 3291 praclara
2846 3227 2902 3275 et
2929 3220 3227 3292 profunda
3259 3238 3394 3295 spes
3421 3225 3596 3281 bonis

1942 3306 2344 3363 subinnutrita
2374 3306 2722 3378 aﬂ‘ulgebat,
2744 3308 3011 3365 futurum
3043 3315 3104 3366 ut
3133 3311 3279 3367 nulli
3308 3311 3595 3385 deinceps

1941 3411 2235 3452 novarum
2250 3395 2624 3468 impietatum
2641 3396 2979 3454 exsisterint
2995 3397 3440 3468 adinventores,
3459 3417 3598 3459 cum

1941 3486 2002 3541 in
2059 3485 2362 3550 omnibus,
2409 3501 2666 3559 quorum
2727 3493 3068 3560 sumpserat
3119 3488 3596 3561 experimentum

1943 3574 2244 3640 diabolus,
2275 3573 2526 3631 concilia
2573 3576 2704 3648 ejus
2742 3577 3056 3633 cessissent
3097 3578 3159 3634 in
3205 3578 3596 3636 contrarium.

1946 3664 2308 3721 Necillorum
2323 3664 2682 3734 dogmatum
2696 3681 2830 3738 qua
2843 3666 2971 3738 jam
2999 3667 3290 3740 synodica
3318 3669 3602 3726 condem-

1945 3753 2186 3809 natione
2240 3769 2556 3808 censuram
2608 3760 2969 3822 meruerant,
3025 3755 3260 3829 aliquos
3316 3758 3604 3814 rebantur

1943 3841 2394 3914 hyperaspistas
2419 3842 2765 3912 prodituros
2795 3849 2897 3900 aut
2922 3851 3414 3917 propugnatores,
3446 3863 3603 3920 quos

1944 3930 2229 3986 nimirum
2262 3931 2470 3995 exitus,
2506 3935 2560 3985 et
2609 3946 2790 4002 pana
2817 3937 3149 3998 auctorum,
3193 3939 3246 3988 et
3284 3934 3383 4006 qui
3437 3935 3599 3991 dein-

1946 4034 2086 4091 ceps
2115 4020 2175 4074 in
2207 4034 2416 4074 eorum
2446 4018 2858 4087 imitationem,
2910 4020 3070 4076 ducti
3102 4021 3397 4094 exemplo,
3431 4028 3602 4079 erant

1944 4108 2276 4164 successuri
2309 4108 2648 4166 excuderat.
2691 4111 2878 4181 Atque
2904 4109 3068 4166 hisce
3097 4110 3344 4183 quidem
3375 4113 3599 4182 cogita-

1945 4197 2207 4254 tionibus
2222 4198 2456 4270 piorum
2471 4197 2778 4254 ratiocinia
2791 4189 3254 4271 acquiescebant
3273 4216 3286 4252 :
3304 4199 3600 4272 imprimis

1946 4291 2147 4342 autem
2179 4286 2342 4358 apud
2366 4287 2592 4356 regiam
2618 4286 2848 4354 urbem,
2881 4287 2940 4343 in
2979 4303 3101 4360 qua
3131 4304 3234 4359 per
3256 4288 3351 4345 Dei
3385 4305 3600 4362 coope-

1943 4378 2230 4433 rationem
2274 4374 2463 4431 multa
2492 4381 2704 4448 prater
2735 4392 2903 4448 spem
2952 4377 3236 4448 praclare
3290 4385 3596 4449 geruntur;

1945 4464 2148 4522 multa
2184 4465 2402 4536 lingua
2430 4471 2724 4521 vetustam
2755 4473 3152 4540 conspuentes
3195 4468 3360 4524 illam
3391 4468 3598 4525 fedita-

1946 4562 2084 4619 tem,
2105 4569 2492 4610 communem
2524 4554 2795 4610 omnium
2829 4555 3266 4626 fabricatorem,
3292 4563 3346 4613 et
3371 4562 3600 4613 creato-

1944 4660 2091 4710 rem,
2135 4643 2452 4700 nobiscum
2481 4643 2725 4716 hymnis
2755 4645 3172 4702 concelebrare
3205 4645 3398 4702 edocti
3437 4651 3594 4702 sunt.

1945 4733 2027 4790 Ita
2054 4733 2229 4789 veluti
2261 4733 2339 4788 ab
2371 4732 2608 4788 excelso
2642 4734 2910 4806 quodam
2944 4739 2999 4790 et
3033 4734 3404 4790 eminentiori
3442 4733 3598 4803 Ioco,-

1944 4822 2085 4878 ﬁdei
2112 4821 2300 4878 fontes
2339 4821 2686 4878 orthodoxa
2712 4823 2873 4891 regia
2907 4821 3046 4878 urbs
3076 4821 3306 4889 emittit,
3339 4839 3447 4880 nec
3476 4839 3600 4880 non

1947 4911 2298 4984 purissimos
2332 4911 2564 4982 pietatis
2589 4909 2789 4966 latices
2820 4911 2877 4964 in
2929 4915 3170 4967 cunctos
3226 4912 3434 4968 mundi
3491 4917 3600 4969 ter-

1949 5001 2140 5056 minos
2163 5001 2563 5066 decurrentes,
2587 4999 2686 5072 qui
2709 5014 2828 5054 non
2850 4998 3018 5056 aliter
3038 5015 3227 5072 quam
3256 5000 3364 5056 rivi
3387 5001 3598 5069 solent,

1948 5089 2224 5160 dogmasi
2254 5089 2501 5159 irrigant
2539 5087 2850 5144 hominum
2886 5087 2969 5144 ibi
3001 5089 3340 5160 degentium
3372 5091 3602 5148 animas

1949 5193 2084 5250 qua
2106 5194 2141 5233 a
2163 5177 2342 5250 longo
2365 5176 2649 5249 temporis
2673 5181 2860 5233 tractu
2875 5181 3027 5233 astu
3050 5184 3104 5232 et
3131 5177 3603 5250 conﬂagratione

1950 5266 2042 5321 vel
2073 5265 2410 5337 impietatis,
2444 5265 2534 5320 vel
2593 5266 2910 5336 spontanei
2973 5265 3188 5334 cultus,
3231 5276 3604 5337 exaruerant,

1951 5360 2130 5428 atque
2155 5355 2234 5410 ita
2277 5355 2337 5410 in
2397 5353 2751 5410 solitudines
2808 5359 2864 5410 et
2911 5353 3349 5412 infructuosum
3409 5357 3606 5413 solum

1951 5443 2356 5501 stereliverant
2381 5459 2394 5510 ;
2423 5443 2526 5515 qui
2559 5449 2760 5500 tamen
2791 5443 3087 5501 imbribus
3131 5445 3416 5502 doctrina
3443 5461 3604 5502 sana

1953 5531 2266 5603 susceptis,
2312 5532 2521 5589 Christi
2570 5532 2890 5600 coloniam,
2948 5534 3178 5591 cultura
3223 5534 3603 5599 latiﬁcatam,

1955 5619 2251 5677 fructibus
2282 5621 2598 5679 adornant.
2631 5620 2782 5680 Nam
2811 5621 2918 5696 qui
2946 5622 3212 5680 incolunt
3240 5623 3603 5688 Armeniam,
