4088 6214
518 261 625 318 723
1743 243 1986 301 PHOTll
2035 243 2520 300 PATHIARCHE
2560 246 2669 300 CP.
3745 259 3838 314 τις

518 379 1229 454 Jacobitarumimpietate
1242 375 1918 450 impediti,contrarectte
1934 367 2173 442 pietatis
2201 417 2202 420 η

2309 377 2380 421 ῶν
2438 373 2676 444 Πατέρων
2740 374 2887 445 ἡμῶν
2942 376 3078 429 κατὰ
3149 373 3467 437 Χαλκηδόνα
3522 385 3833 456 συναροτήθη

521 473 1012 552 praedicationem
1055 467 1346 525 audacius
1374 481 1436 520 se
1479 467 1771 534 gerentes,
1799 477 1872 516 ex
1923 475 1992 515 eo
2027 463 2174 515 tem-

525 581 692 640 pore,
723 579 846 636 quo
877 565 1084 617 sancta
1107 562 1164 613 et
1192 568 1518 612 numerosa
1557 553 1796 608 Patrum
1829 553 2174 606 nostrorum

528 637 794 728 synodus
834 649 998 722 apud
1059 644 1496 702 Chalcedonem
1542 643 1919 704 convenerat,
1975 637 2180 728 vestris

529 727 849 801 nobiscum
891 736 1172 810 precibus
1227 734 1286 788 in
1338 729 1624 788 auxilium
1671 727 2177 800 conspirantibus,

529 834 779 902 longum
817 827 984 883 illum
1015 839 1274 881 errorem
1306 839 1342 878 a
1372 837 1434 876 se
1481 818 1761 892 repellere
1784 817 2022 874 valuere
2049 832 2063 882 ;
2103 815 2183 870 ita

535 927 600 978 ut
625 919 803 976 hodie
829 914 1248 972 Armeniorum
1282 910 1447 968 natio
1478 911 1708 965 sincero
1755 913 1812 962 et
1848 905 2182 962 orthodoxo

533 1024 699 1067 more
715 1004 1114 1062 Christianum
1135 1001 1359 1056 cultum
1388 998 1752 1072 proﬁteatur,
1779 993 2183 1066 Eutychetem,

535 1101 836 1162 Severum,
868 1093 1236 1158 Dioscorum,
1260 1093 1314 1146 et
1342 1091 1538 1144 Petros
1585 1101 1790 1142 revera
1835 1083 1969 1140 illos
1997 1088 2187 1155 petro-

535 1186 706 1245 bolos
745 1182 1037 1256 jaciendis
1077 1181 1137 1236 in
1179 1179 1497 1236 Ecclesiam
1530 1175 1854 1248 lapidibus,
1885 1173 2189 1230 lulianum

537 1274 1376 1336 Halicarnasseusem,necnon
1394 1266 1732 1322 universam
1751 1265 2020 1336 ipsorum
2033 1261 2190 1318 varie

536 1365 823 1423 diffusam
853 1360 1306 1433 dispersionem,
1357 1361 1422 1412 ut
1472 1360 1527 1412 et
1575 1353 1866 1411 catholica
1915 1351 2188 1416 Ecclesia,

539 1457 898 1517 exsecretur,
925 1454 982 1506 et
1008 1445 1521 1504 indissolubilibus
1544 1443 2005 1500 anathematum
2031 1439 2194 1497 nexi-

539 1545 651 1600 bus
679 1538 1062 1614 supposuerit
1091 1535 1472 1593 conscrictos.

611 1637 664 1688 3.
699 1631 814 1687 Sed
845 1634 903 1685 et
943 1629 1192 1700 insuper
1223 1625 1482 1680 barbara
1523 1622 1914 1692 Bulgarorum
1946 1635 2113 1692 gens,
2142 1622 2198 1676 et

2287 456 2529 524 σῦνοδος,
2583 469 2681 513 τῶν
2745 464 3001 538 ὑμετέρων
3059 465 3229 538 εύχῶν
3307 469 3428 540 ἡμῖν
3498 467 3837 541 ἔπαμυνόντων,

2285 553 2374 608 τὴν
2442 553 2645 626 μακρὰν
2723 550 2918 612 ἐκείνην
2973 554 3169 613 πλάνην
3223 555 3512 610 ἀποθέσθαι
3565 555 3840 632 ἐνεδυναμώ-

2290 639 2494 696 θησαν·
2548 645 2637 693 καὶ
2692 640 2925 718 λατρεύει
2957 648 3203 718 σήμερον,
3252 648 3495 722 καθαρῶς
3545 647 3844 723 καὶόρθοδό-

2291 727 2411 795 ξως,
2473 730 2502 787 ἠ
2535 736 2634 781 τῶν
2688 729 2970 805 Ἀρμενίων
3044 732 3192 796 λῆξις
3261 739 3354 793 τὴν
3412 742 3730 808 Χριστιανῶν
3773 738 3846 790 λα-

2290 821 2482 890 τρείαν,
2529 817 2740 891 Εὐτυχῆ
2800 839 2854 872 τε
2900 825 2990 874 καὶ
3042 821 3284 898 Σεϐἥρον,
3330 827 3417 876 καὶ
3477 829 3846 899 Διόσκορον,καὶ

2292 910 2412 968 τοὺς
2463 910 2600 960 κατὰ
2636 916 2732 970 τῆς
2787 909 3044 972 εὐσεϐείας
3105 911 3447 985 πετροϐόλους
3499 917 3732 982 Πίτρους,
3777 921 3845 968 καὶ

2293 999 2380 1048 τόν
2432 995 2850 1068 Ἀλικαρνασσὲα
2895 999 3192 1066 Ἰουλιανόν,
3243 1006 3333 1054 καὶ
3369 1009 3544 1055 πᾶσαν
3599 1006 3751 1056 αὐτῶν
3773 1010 3846 1062 τὴν

2296 1083 2622 1160 πολύσπορον
2699 1084 3016 1162 διασπορὰν,
3065 1093 3134 1152 ὡς
3195 1092 3224 1150 ἠ
3275 1091 3527 1151 καθολικὴ
3584 1091 3848 1159 Ἐκκλησία,

2298 1181 2680 1249 μυσαττομένη,
2739 1184 2830 1232 καὶ
2882 1176 3101 1252 δεσμοῖς
3168 1180 3370 1242 ἀλύτοις
3432 1189 3524 1235 τοῦ
3575 1180 3851 1256 ἀναθίματος

2298 1264 2590 1320 ύποϐάλλου
2599 1285 2686 1322 σα.

2375 1622 2443 1688 γ’.
2505 1615 2662 1671 Ἀλλά
2707 1634 2764 1688 γε
2808 1612 2900 1682 δὴ,
2951 1622 3040 1672 καὶ
3085 1619 3386 1695 Βουλγάρων
3441 1623 3583 1682 ἔθνος
3637 1618 3853 1694 βαρϐαρι-

545 1720 776 1776 Christo
797 1717 986 1773 invisa
1008 1720 1063 1772 et
1084 1713 1326 1779 infesta,
1347 1714 1404 1768 in
1423 1716 1654 1768 tantam
1671 1710 2194 1767 mansuetudinem

2309 1708 2416 1770 κόν,
2475 1709 2564 1758 καὶ
2607 1709 2980 1778 μισόχριστον,
3035 1707 3109 1771 είς
3149 1712 3414 1768 τοσαύτην
3468 1709 3738 1783 μετίκλινεν
3758 1710 3855 1779 ἠμί·

547 1814 604 1865 et
634 1808 732 1864 Dei
757 1805 1163 1876 cognitionem
1190 1804 1578 1867 convertitur,
1605 1804 1728 1856 uta
1754 1800 1959 1873 patriis
1989 1798 2197 1855 diabo-

544 1897 796 1970 licisque
809 1895 990 1966 orgiis
1002 1893 1422 1959 recedentes,et
1439 1890 1748 1962 paganica:
1763 1887 2199 1960 superstitionis

547 2001 808 2042 errorem
819 1983 1426 2052 excutientes,praeter
1437 1994 1681 2035 omnem
1698 1976 2199 2050 exspectationem

546 2077 608 2132 in
639 2074 824 2130 ﬁdem
855 2070 1248 2129 Christianam
1276 2068 1436 2125 insiti
1465 2068 1843 2124 transierunt.

621 2255 672 2308 4.
723 2248 836 2308 Sed
884 2264 921 2305 o
982 2245 1350 2320 improbum,
1409 2243 1682 2301 invidum
1741 2247 1880 2311 Deo,
1940 2245 2202 2302 invisum

550 2339 866 2398 consilium
893 2341 947 2393 et
970 2334 1325 2408 incoeptum!
1359 2334 1512 2390 Talis
1532 2335 1693 2390 enim
1721 2334 2003 2402 narratio,
2023 2337 2204 2391 Evan-

553 2430 685 2502 gelii
725 2428 815 2484 vel
869 2427 1014 2483 boni
1071 2424 1266 2481 nuntii
1329 2429 1752 2496 argumentum
1817 2439 1951 2496 quas
2004 2424 2204 2482 futura

552 2523 728 2587 esset,
747 2518 805 2572 in
823 2515 1216 2587 dejectionem
1237 2512 1437 2569 vultus
1452 2517 1873 2580 commutatur,
1893 2512 2204 2570 delectatio

553 2605 912 2677 etgaudium
943 2604 1004 2660 in
1027 2603 1254 2659 luctum
1276 2601 1671 2658 etlamentum
1685 2601 1904 2658 abiere.
1925 2603 2200 2659 Nondum

555 2697 715 2752 enim
745 2709 892 2764 gens
913 2692 1010 2749 illa
1033 2707 1136 2764 per
1160 2690 1466 2747 biennium
1489 2693 1716 2747 rectam
1742 2690 2203 2747 Christianorum

554 2783 903 2855 religionem
933 2779 1410 2853 amplexabatur,
1444 2795 1582 2835 cum
1611 2779 1781 2851 impii
1811 2779 2063 2852 quidam
2095 2781 2204 2837 ho-

557 2874 753 2931 mines
784 2877 839 2928 et
869 2869 1240 2931 exsecrandi,
1273 2874 1542 2941 portenta
1576 2869 1692 2941 (vel
1721 2885 1845 2941 quo
1875 2869 2007 2925 illos
2037 2869 2205 2926 titulo

559 2961 924 3022 Christianus
947 2958 1250 3030 insigniat)
1273 2958 1546 3014 homines
1567 2974 1598 3014 e
1620 2959 1878 3015 tenebris
1890 2974 2208 3031 prorepen-

557 3059 643 3111 tes
682 3053 878 3123 (erant
908 3050 1066 3138 enim
1097 3047 1282 3105 exorti
1332 3047 1410 3138 ab
1440 3047 1718 3138 occiduis
1741 3049 2034 3138 partibus)
2092 3049 2207 3106 heu
2239 3079 2280 3138 ρ

556 3139 860 3215 quomodo
883 3137 1111 3210 reliqua
1136 3137 1412 3208 persequi
1432 3140 1639 3209 potero
1660 3135 1688 3191 τ
1706 3137 1820 3204 isti,
1853 3137 2126 3211 inquam,
2148 3139 2209 3194 in

557 3235 816 3302 gentem,
840 3226 1074 3284 novella
1095 3241 1353 3298 quorum
1372 3227 1560 3297 pietas
1583 3230 1642 3281 et
1663 3242 1854 3300 nuper
1871 3229 2208 3294 constituta,

557 3324 852 3391 tanquam
873 3316 1090 3388 fulgur,
1111 3321 1278 3372 terrae
1301 3320 1514 3380 motus,
1544 3331 1649 3371 seu
1672 3315 1922 3388 copiosa
1947 3317 2209 3388 grando;

561 3412 668 3464 aut
699 3405 1078 3478 utproprius,
1137 3403 1297 3474 quod
1346 3402 1576 3459 accedit
1637 3403 1716 3460 ad
1765 3408 1822 3460 et
1883 3405 2210 3471 veritatem,

561 3496 784 3558 dicam,
814 3499 1108 3564 tanquam
1133 3507 1278 3563 aper
1311 3491 1563 3561 agrestis
1599 3492 1835 3548 vineam
1867 3493 2100 3549 Domini
2129 3494 2215 3550 di-

560 3585 798 3649 lectam,
833 3597 1024 3653 nuper
1075 3581 1367 3637 consitam
1427 3579 1783 3648 insilientes,
1854 3582 2108 3654 pedibus
2159 3589 2216 3640 et

565 3671 871 3740 dentibus,
888 3671 1001 3726 hoc
1015 3673 1103 3726 est
1118 3669 1340 3726 semitis
1361 3669 1730 3742 quibusdam
1754 3671 1970 3743 politiae
2003 3673 2212 3744 turpis,

565 3766 620 3818 et
649 3761 1003 3831 dogmatum
1024 3759 1510 3832 depravatorum,
1534 3775 1670 3832 quae
1701 3759 1936 3816 illorum
1955 3767 2081 3818 erat
2109 3778 2212 3819 au-

564 3850 760 3916 dacia,
792 3849 1207 3922 depraedantes
1227 3848 1630 3906 devastabant
1654 3866 1668 3916 ;
1692 3851 1858 3906 omni
1890 3867 2027 3907 cum
2059 3852 2214 3908 frau-

564 3939 834 3997 dulentia
863 3939 1075 3996 asanis
1107 3945 1162 3994 et
1191 3938 1356 4010 puris
1381 3938 1791 4010 dogmatibus,
1809 3945 1866 3998 et
1881 3939 2000 3997 ﬁde
2029 3941 2212 3998 incul-

564 4034 711 4103 pata
743 4028 1234 4098 Christianorum,
1269 4043 1372 4084 eos
1411 4027 1657 4084 subdole
1687 4029 1984 4086 deducere
2014 4035 2070 4086 et
2089 4046 2211 4087 cor-

564 4135 843 4192 rumpere
873 4118 1268 4176 conabantur.

638 4215 689 4266 5.
732 4208 1024 4282 Imprimis
1055 4213 1264 4264 contra
1316 4207 1583 4265 Ecclesiae
1614 4223 1876 4265 canones
1905 4209 2096 4267 illicite
2137 4211 2214 4268 ad

566 4299 962 4355 Sabbatorum
986 4298 1214 4369 jejunia
1251 4296 1665 4354 traducebant.
1700 4298 1856 4356 Solet
1884 4304 2083 4355 autem
2123 4301 2214 4356 vel

2307 1800 2506 1871 ρότητα
2564 1799 2654 1848 καὶ
2721 1797 3056 1866 θεογνωσίαν,
3135 1800 3270 1852 ὦστε
3333 1807 3436 1852 τῶν
3491 1796 3752 1872 δαιμονίων
3787 1801 3856 1849 καὶ

2313 1891 2561 1958 πατρῴων
2641 1883 2908 1948 ἱκστάντες
2984 1885 3196 1962 ὀργίων,
3279 1893 3369 1942 καὶ
3441 1897 3534 1949 τῆς
3601 1887 3857 1946 Ἑλληνικῆς

2314 1971 2738 2046 δεισιδαιμονίας
2790 1974 3275 2050 ἁποσκευασὰμενοι
3323 1983 3416 2038 τὴν
3447 1978 3659 2050 πλάνην,
3693 1977 3754 2039 εἰς
3784 1980 3856 2034 τήν

2311 2072 2409 2117 τῶν
2465 2072 2794 2140 Χριστιανῶν
2858 2063 3166 2142 παραδόξως
3213 2069 3751 2144 μετενεκεντρίσθησαν
3787 2068 3857 2118 πί-

2315 2173 2456 2211 στιν,

2386 2239 2452 2295 δ’.
2484 2242 2616 2297 Ἀλλ’
2648 2241 2688 2295 ὦ
2726 2249 2957 2319 πονηρᾶς
3011 2253 3101 2299 καὶ
3136 2245 3408 2320 βασκάνου
3445 2252 3535 2300 καὶ
3587 2245 3726 2300 ἀθέου
3762 2243 3857 2316 βου·

2312 2331 2406 2393 λῆς
2434 2351 2486 2384 τε
2532 2337 2621 2385 καὶ
2667 2333 2926 2406 πράξεωςι
2962 2334 3020 2387 Ἠ
3047 2338 3149 2408 γὰρ
3187 2338 3404 2395 τοιαύτη
3449 2333 3709 2408 διήγησις,
3731 2333 3860 2404 £637-

2313 2421 2493 2493 γελίων
2546 2418 2682 2475 οὖσα
2733 2424 2996 2491 ὑπόθεσις,
3075 2423 3148 2486 εἰς
3216 2429 3503 2498 κατήφειαν
3559 2425 3858 2498 μετατίθεται,

2314 2519 2408 2573 τῆς
2462 2510 2781 2585 εὐφροσύνης
2835 2517 2924 2565 καὶ
2978 2520 3154 2587 χαρᾶς
3219 2513 3293 2576 εἰς
3352 2517 3572 2577 πένθους
3624 2517 3860 2588 τραπείσης

2315 2605 2406 2653 καὶ
2468 2597 2694 2674 δάκρυα.
2725 2605 2886 2655 Οὔπω
2931 2605 3033 2675 γὰρ
3083 2601 3273 2658 ἐκείνου
3312 2610 3405 2657 τοῦ
3466 2605 3648 2669 ἔθνους,
3677 2597 3776 2654 οὐδ’
3807 2599 3858 2660 εἰς

2318 2686 2416 2743 δύο
2457 2689 2734 2756 ὶνιαυτοὺς,
2782 2695 2875 2750 τήν
2923 2691 3082 2764 ὀρθὴν
3119 2700 3221 2745 τῶν
3280 2700 3610 2765 Χριστιανῶν
3656 2698 3860 2763 τιμῶντες

2319 2782 2599 2855 θρησκείαν
2628 2797 2640 2810 ⁶
2671 2777 2859 2855 ἄνδρες
2915 2778 3194 2844 δυσσεϐεῖς
3221 2787 3308 2835 καὶ
3333 2783 3675 2857 ἁποτρόπαιοι
3701 2781 3793 2852 (καὶ
3821 2779 3859 2829 τί

2315 2873 2417 2940 γὰρ
2471 2869 2566 2922 ούκ
2613 2872 2674 2923 ἄν
2721 2890 2802 2933 τις
2854 2869 3075 2924 εὐσεϐῶν
3129 2875 3342 2933 τούτους
3387 2867 3859 2944 ίξονομάσειεν;)ἀν·

2323 2955 2443 3034 δρες
2466 2961 2522 3010 ἐκ
2554 2963 2772 3022 σκότους
2804 2957 3084 3022 ἀναδύντες
3131 2960 3252 3033 (τῆς
3305 2963 3408 3036 γὰρ
3461 2961 3689 3036 ἑσπερίου
3714 2961 3860 3031 μοίρας

2317 3049 2560 3122 ὑπῆρχον
2613 3049 2929 3122 γεννήματα)
2988 3053 3132 3122 οἶμοι
3181 3059 3289 3111 πῶς
3336 3053 3398 3104 τὸ
3449 3050 3708 3104 ὑπόλοιπον
3747 3042 3861 3098 ἔκδι-

2319 3143 2634 3210 ηγησομαι;
2691 3138 2853 3205 οὗτοι,
2919 3142 3048 3213 πρὸς
3095 3143 3154 3192 τὸ
3228 3144 3481 3211 νεοπαγὲς
3533 3139 3599 3202 εἰς
3648 3134 3857 3191 εὐσέϐειαν

2319 3232 2409 3280 καὶ
2465 3230 2808 3281 νεοσύστατον
2865 3231 3024 3294 ἔθνος,
3079 3231 3252 3303 ὧσπερ
3298 3235 3548 3303 κεραυνός
3583 3229 3611 3287 ἣ
3641 3223 3856 3296 σεισμὸςῆ

2321 3316 2561 3389 χαλάζης
2599 3315 2814 3383 πλῆθος,
2849 3317 3037 3390 μᾶλλον
3070 3315 3104 3370 δ
3108 3322 3129 3370 ξ
3171 3318 3482 3392 οἰκειότερον
3533 3318 3695 3381 εἰπεῖν,
3722 3315 3856 3382 ὥσπερ

2321 3407 2504 3479 ἄγριος
2551 3409 2724 3478 μονιὸς
2770 3403 3170 3479 ἰμπηδὴσαντες
3230 3412 3316 3462 τὸν
3365 3407 3634 3480 ἀμπελῶνα
3686 3404 3856 3476 Κυρίου,

2322 3499 2408 3547 τὸν
2434 3495 2765 3568 ἠγαπημένον
2794 3501 2884 3550 καὶ
2919 3502 3161 3569 νεόφυτον
3198 3502 3288 3552 καὶ
3340 3503 3498 3551 ποσὶν
3540 3499 3624 3549 καὶ
3669 3487 3856 3548 ὀδοῦσιν,

2322 3587 2441 3643 ἦτοι
2482 3583 2682 3656 τρίϐοις
2706 3585 2939 3658 αἰσχρᾶς
2970 3586 3249 3654 πολιτείας,
3278 3591 3370 3640 καὶ
3423 3583 3458 3640 δ
3464 3587 3673 3659 ιαφθορᾶ
3699 3577 3857 3649 δογμά·

2321 3693 2441 3743 των,
2475 3679 2593 3743 τόγε
2632 3674 2699 3735 εἰς
2749 3674 2940 3747 τόλμαν
2993 3676 3119 3734 ἧκον
3158 3680 3251 3734 τὴν
3309 3675 3500 3742 αὐτῶν,
3556 3666 3857 3742 κατανεμησά-

2323 3781 2464 3834 μενοι
2491 3761 2800 3834 ἐλυμήναντο
2836 3779 2848 3793 ·
2880 3763 2984 3816 ἀπὸ
3029 3766 3131 3838 γὰρ
3165 3771 3264 3816 τῶν
3317 3763 3485 3838 ὀρθῶν
3533 3767 3618 3815 καὶ
3667 3759 3856 3826 καθαρῶν

2324 3849 2625 3924 δογμάτων,
2669 3857 2758 3904 καὶ
2813 3860 2908 3914 τῆς
2959 3861 3058 3905 τῶν
3119 3861 3452 3926 Χριστιανῶν
3505 3852 3753 3924 ἀμωμήιου
3790 3846 3854 3895 πί·

2326 3961 2487 4004 στεως
2518 3983 2532 4007 ,
2601 3943 2968 4018 παραφθείρειν
3028 3945 3259 4011 τούτους,
3309 3947 3402 3996 καὶ
3474 3944 3714 4010 ύποσπᾷν,
3765 3949 3855 3986 κατ·

2324 4036 2615 4104 επανουργή
2625 4050 2780 4085 σαντο
2789 4073 2800 4088 ,

2394 4208 2447 4262 ε“.
2480 4214 2579 4262 Καὶ
2622 4217 2822 4283 πρῶτον
2875 4212 2964 4282 μεν
3017 4209 3208 4270 αὐτοὺς
3261 4209 3566 4283 έκθίσμους,
3594 4207 3656 4266 εἰς
3681 4207 3758 4260 τὴν
3781 4205 3855 4250 τάν

2325 4298 2598 4352 Σαϐϐάτων
2623 4303 2866 4357 νηστείαν
2896 4305 3248 4371 μετέστησαν.
3301 4295 3433 4353 Οἶδε
3463 4295 3520 4352 δι
3542 4300 3624 4348 καί
3671 4295 3696 4351 ἠ
3731 4285 3856 4363 μυιρά

565 4386 870 4444 levissima
898 4386 1284 4442 traditionum
1305 4386 1596 4457 neglectio
1621 4388 1897 4444 homines
1929 4389 2005 4445 ad
2037 4390 2202 4446 totius

2327 4398 2422 4441 τῶν
2453 4385 2848 4462 παραδοθέντων
2880 4387 3145 4452 ἀθέτησις,
3199 4392 3442 4459 καὶπρὸς
3485 4387 3599 4445 ὅλην
3643 4389 3720 4435 τοῦ
3761 4373 3854 4444 δόγ-

563 4476 850 4534 doctrinae
876 4478 1288 4547 contemptum
1322 4475 1646 4532 traducere.
1681 4477 1745 4531 In
1774 4477 2072 4542 secundis,
2103 4479 2216 4551 pri-

566 4583 729 4624 mam
771 4566 1138 4639 jejuniorum
1193 4563 1805 4636 quadragesimalium
1859 4567 2079 4623 scilicet
2127 4584 2216 4624 se-

560 4659 896 4730 ptimanam
924 4671 959 4712 a
988 4659 1196 4712 cmtero
1222 4653 1454 4727 jejunio
1485 4653 1913 4727 discerpentes,
1940 4657 1998 4711 in
2047 4656 2215 4713 lactis

560 4748 884 4816 potionem,
911 4745 1067 4800 casei
1092 4759 1286 4808 esum,
1303 4748 1358 4799 et
1379 4743 1662 4798 similium
1691 4743 2213 4814 ingurgitationem

562 4837 882 4890 traxerunt.
905 4834 993 4889 Ab
1015 4833 1108 4890 bis
1130 4832 1390 4890 exordiis
1417 4833 1964 4903 transgressionum
1983 4833 2111 4890 vias
2129 4835 2214 4890 di-

563 4919 836 4987 latantes,
856 4922 931 4977 de
952 4926 1111 4978 recto
1136 4923 1366 4978 tramite
1392 4928 1446 4977 et
1472 4923 1635 4991 regia
1659 4921 1756 4978 via
1781 4921 2210 4992 deturbaruut;

562 5009 899 5064 sacerdotes
912 5009 1463 5083 deincepslegitimo
1477 5011 1832 5083 conjunctos
1846 5013 2212 5069 matrimonio

561 5097 664 5171 qui
690 5097 915 5169 puellas
947 5099 1162 5156 multas
1195 5100 1319 5156 sine
1345 5101 1467 5156 viro
1493 5101 1768 5156 mulieres
1796 5100 2138 5170 eﬁ'ecerunt,
2158 5108 2214 5160 et

563 5187 840 5243 mulieres
873 5201 1087 5258 pueros
1118 5187 1460 5256 educantes,
1485 5206 1744 5263 quorum
1775 5205 1954 5247 nemo
1987 5197 2211 5264 patrem

560 5277 741 5343 novit,
766 5291 924 5339 vere,
951 5276 1030 5331 uti
1055 5276 1341 5345 dixeram,
1373 5281 1708 5336 sacerdotes
1745 5281 1840 5336 Dei
1875 5280 2209 5338 abominari

2324 4494 2486 4549 ματος
2516 4473 2784 4548 ἐπιτρίψαι
2809 4484 2831 4515 ι’
2859 4477 3266 4546 καταφρόνησιν.
3300 4471 3321 4485 ”
3353 4479 3541 4526 Επειτα
3569 4467 3623 4522 δι
3663 4471 3742 4524 τὴν
3782 4466 3854 4511 τῶν

2323 4573 2569 4622 νηστειῶν
2627 4569 2834 4637 πρώτην
2888 4558 3182 4634 ἑϐδομάδα,
3215 4570 3309 4625 τῆς
3357 4562 3516 4623 ἄλλης
3558 4558 3766 4616 νηστείας
3787 4564 3848 4600 πε·

2322 4653 2652 4727 ρικόψαντες,
2707 4651 2776 4713 εἰς
2845 4651 3279 4722 γαλακτοποσίας,
3339 4655 3428 4703 καὶ
3487 4653 3633 4720 τυροῦ
3683 4641 3850 4716 τροφὴν.

2323 4749 2413 4796 καὶ
2467 4748 2560 4801 τὴν
2617 4750 2716 4794 τῶν
2761 4742 2949 4813 ὁμοίων
2999 4736 3341 4812 ἀδδηφαγίαν
3387 4738 3729 4792 καθείλκυσαν.
3773 4727 3849 4778 Ἐν

2323 4835 2495 4886 τεῦθεν
2523 4831 2696 4892 αὐτοῖς
2733 4835 2826 4889 τὴν
2881 4826 3003 4882 ὁδὸν
3054 4838 3154 4881 τῶν
3203 4828 3544 4902 παραϐάσεων
3573 4818 3849 4897 ίμπλατύνον

2323 4943 2422 4987 τες,
2481 4927 2570 4974 καὶ
2618 4929 2706 4981 τῆς
2736 4920 2934 4981 εύθείας
2988 4917 3169 4992 τρίϐου
3223 4925 3311 4970 καὶ
3344 4917 3614 4990 βασιλικῆς
3654 4902 3846 4975 διαστρέ-

2323 5032 2515 5086 φοντες,
2549 5017 2638 5064 καὶ
2667 5007 2724 5063 δε
2752 5015 2842 5061 καὶ
2873 5012 2992 5070 τοὺς
3049 5007 3276 5080 ἕνθέσμῳ
3327 5010 3481 5079 γάμῳ
3538 4997 3846 5075 πρεσϐυτέρους

2324 5083 2726 5176 διαπρέποντας,
2775 5101 2825 5152 οἱ
2873 5097 3059 5160 πολλὰς
3106 5102 3262 5172 κόρας
3291 5101 3456 5172 χωρὶς
3507 5089 3675 5164 ἀνδρὸς
3713 5083 3843 5176 παῖ’

2323 5211 2418 5254 κας
2459 5174 2788 5255 δεικνύντες,
2837 5194 2926 5241 καὶ
3004 5194 3252 5259 γυναῖκας
3306 5183 3500 5245 παῖδας
3545 5174 3838 5259 ἐκτρεφούσαῆ

2323 5284 2389 5334 ὧν
2413 5282 2507 5334 οὐκ
2535 5284 2645 5333 ἔστι
2675 5282 2874 5354 πατέρα
2909 5277 3222 5345 θεάσασθαι,
3255 5276 3419 5340 οὗτοι,
3450 5276 3565 5335 τοὺς
3598 5270 3657 5330 ὡς
3681 5257 3836 5316 me“

1895 5426 2130 5482 VARl/E
2173 5425 2570 5483 LECTIONES.

627 5557 651 5588 ι’
684 5547 743 5599 ’ίσ
781 5543 1078 5620 ἐπιτρέψαι.
