4088 6214
246 315 352 370 725
1521 315 1860 373 EPISTULA

1996 318 2024 372 ι
2064 273 2281 374 ΜΒΕῇ
2322 319 2363 373 Ι.
3507 334 3610 386 7‘26

244 444 374 494 Θεοῦ
457 440 626 513 ἱερεῖς,
683 443 1043 512 μυσάττεσθαί
1098 461 1170 509 τε,
1238 446 1329 496 καὶ
1404 441 1842 517 ἀποστρέφεσθαι,

1996 444 2320 500 tadversari
2334 444 2670 502 docuerunt
2683 463 2702 512 ;
2717 448 2949 504 semina
2960 448 3245 508 nimirum
3259 452 3610 514 Manichaeo-

241 532 642 603 παρεσκεύασαν
677 552 689 564 ·
749 540 836 592 τῆς
894 538 1073 586 Μανού
1117 537 1396 606 γεωργίας,
1453 531 1502 584 ἓν
1556 533 1750 599 αὐτοῖς,
1779 535 1844 584 τὰ

1989 549 2084 590 um
2113 533 2558 604 agricolationis
2587 535 2754 607 apud
2783 537 2917 592 illos
2949 545 3238 611 serentes,
3261 547 3315 598 et
3348 545 3603 613 animas,

243 622 521 694 σπέρματα
574 625 1029 694 κατασπείροντες,
1071 627 1159 674 καὶ
1201 621 1389 694 ψυχὰς
1435 623 1556 693 ἄρτι
1605 619 1842 694 βλαστά-

1989 639 2070 678 im
2095 623 2441 694 nuperrime
2462 639 2665 680 semen
2693 625 2928 697 pietatis
2952 629 3210 698 proferre
3232 631 3603 704 incipientes,

239 727 344 760 νειν
383 707 668 782 ἀρξαμένας
710 713 796 762 τόν
853 715 1044 784 σπόρον
1085 720 1181 774 τῆς
1210 711 1488 780 εὐσεϐείας,
1536 719 1595 784 τῇ
1629 719 1728 763 τῶν
1763 715 1838 774 ζιο

1989 712 2254 784 uperiore
2285 713 2678 770 seminatione
2695 713 3054 773 zizaniorum
3081 719 3235 775 male
3266 721 3603 792 perdentes.

235 797 430 858 ζανίων
458 797 720 872 ἔπισπορᾷ
741 799 1123 873 λυμαινόμενοι.

313 887 387 953 ς’.
411 887 564 940 Ἀλλά
582 908 641 961 γε
671 885 764 956 δή,
813 894 904 942 καὶ
953 894 1071 954 τοὺς
1122 891 1224 943 ὑπὸ
1268 889 1628 966 πρεσϐυτέρων
1688 892 1835 964 μύρῳ

2013 889 2068 942 6.
2117 886 2236 943 Sed
2288 893 2347 945 et
2399 887 2720 945 chrismate
2773 889 3054 949 inunctos
3095 910 3201 967 per
3239 899 3596 968 sacerdotes,

232 979 573 1050 χρισθέντας,
628 977 960 1052 ἆναμυρίζειν
1012 980 1161 1032 αὐτοὶ
1227 981 1286 1032 ού
1340 985 1654 1053 πεφρίκασιν
1685 1001 1698 1014 ο
1728 978 1834 1032 επι-

1985 992 2142 1033 enuo
2166 976 2486 1034 chrismate
2509 979 2795 1048 inungere
2817 995 2936 1037 non
2957 982 3350 1054 dubitabant;
3379 1003 3513 1045 cum
3539 1005 3599 1047 se

233 1072 462 1128 σκόπους
505 1067 716 1129 ἑαυτούς
762 1070 1175 1144 ἀναγορεύοντες,
1220 1074 1309 1122 καὶ
1358 1073 1415 1122 τὸ
1467 1078 1566 1122 τῶν
1609 1068 1827 1144 πρεσϐυ·

1984 1067 2254 1138 piscopos
2287 1067 2698 1140 praedicarent,
2731 1075 2788 1126 et
2813 1073 3301 1146 presbyterorum
3337 1077 3598 1136 chrisma

227 1161 390 1230 τάρων
419 1161 651 1230 χρίσμα,
701 1158 976 1232 ἄχρηστον
1024 1155 1167 1222 εἶναι,
1220 1163 1310 1212 καὶ
1357 1157 1428 1218 εἰς
1467 1159 1636 1231 μάτην
1667 1156 1828 1211 ἔπιτε-

1981 1154 2145 1210 iutile
2187 1156 2479 1228 quiddam
2524 1175 2595 1216 ac
2639 1161 2858 1220 frustra
2905 1163 3131 1219 factum
3175 1165 3595 1222 comminisce-

226 1243 460 1312 λεῖσθαι,
491 1252 897 1319 τερατευόμενοι.

543 1252 897 1319 ῖρατευόμενοι.
1935 1248 2157 1300 rentur.

307 1334 372 1399 ζ’.
450 1335 565 1411 Ἆρ’
625 1339 786 1402 ἔστιν,
845 1336 901 1399 ὃς
954 1335 1271 1395 τηλικαύτην
1333 1335 1460 1410 ἀκοῇ
1518 1336 1827 1410 παρείληφεν

2007 1337 2060 1388 7.
2088 1337 2176 1388 An
2205 1332 2382 1390 talem
2413 1336 2548 1408 quis
2575 1338 2876 1398 insaniam
2911 1341 3242 1414 aliquando
3274 1342 3451 1399 fando
3483 1359 3593 1400 au-

221 1425 428 1492 ἄνοιαν,
482 1427 544 1485 ἣν
598 1425 925 1498 κατατολμᾷν
973 1428 1021 1479 οἰ
1067 1428 1388 1500 παράφρονες
1439 1426 1533 1478 ούκ
1607 1425 1828 1502 ἐνάρκη-

1979 1422 2100 1487 ivit,
2129 1439 2316 1494 quam
2348 1439 2470 1480 non
2502 1427 2861 1486 cohorruere
2893 1430 3268 1486 insanientes
3297 1431 3394 1488 isti
3429 1433 3591 1490 facti-

225 1533 329 1567 σαν
358 1532 372 1581 ;
399 1519 530 1577 Τοὺς
583 1515 723 1579 ἅπαξ
763 1519 911 1591 μύρῳ
965 1518 1284 1591 χρισθέντας
1323 1514 1680 1590 ἁναχρίοντες,
1736 1521 1825 1568 καὶ

1979 1526 2055 1566 ire
2076 1510 2105 1565 7
2134 1517 2195 1566 ut
2217 1513 2402 1567 semel
2427 1513 2558 1571 oleo
2580 1517 2880 1575 delibutos
2901 1535 3111 1575 rursus
3134 1520 3512 1591 inungerent,
3537 1529 3593 1579 et

220 1607 294 1656 τὰ
334 1612 434 1656 τῶν
485 1606 810 1680 Χριστιανῶν
849 1607 1083 1678 ὑπερφυῆ
1139 1609 1228 1657 καὶ
1273 1607 1386 1658 θεῖα
1427 1609 1718 1677 μυστήρια,
1753 1606 1825 1668 εἰς

1974 1605 2187 1670 ugusta
2217 1600 2318 1656 illa
2355 1601 2681 1678 divinaque
2719 1609 3189 1665 Christianorum
3220 1612 3500 1680 mysteria
3530 1612 3588 1666 in

216 1692 380 1767 λῆρον
408 1696 626 1768 μακρὸν,
658 1697 747 1746 καὶ
803 1693 998 1746 πλατύν
1047 1692 1411 1768 ἔξορχούμενοι
1458 1694 1676 1765 γελωτα.
1703 1700 1822 1748 ’Καὶ

1974 1688 2304 1758 enelongas
2323 1705 2512 1762 nugas
2538 1699 2595 1750 et
2615 1695 2803 1752 risum
2823 1697 3271 1770 lubentiamque
3291 1714 3588 1757 conversa

216 1788 284 1836 τό
314 1802 370 1855 γε
401 1786 556 1855 σοφόν
593 1792 692 1836 τῶν
722 1787 791 1845 ὡς
840 1782 1040 1845 ἀληθῶς
1072 1782 1334 1856 ἀμυήτων.
1369 1783 1443 1836 Ού
1481 1787 1582 1857 γὰρ
1629 1783 1817 1850 ἔξεστι,

1971 1776 2361 1836 roculcarent.
2397 1781 2510 1836 Sed
2534 1783 2662 1840 vide
2691 1785 3263 1843 insanctiﬁcatorum
3297 1786 3585 1845 fallacias.

217 1876 406 1944 φασὶν,
474 1874 694 1948 ἱερεῦσιν
763 1877 879 1935 τοὺς
932 1873 1260 1946 τελουμένους
1329 1876 1475 1947 μύρῳ
1530 1873 1767 1945 ἁγιάζειν
1801 1895 1814 1907 ο

1975 1883 2050 1923 on
2095 1865 2242 1932 licet,
2289 1867 2589 1937 dicebant,
2626 1875 3037 1931 sacerdotibus
3076 1875 3411 1947 baptizatos
3455 1878 3587 1934 oleo

215 1964 530 2036 ἀρχιερεῦσι
559 1965 659 2038 γὰρ
689 1967 864 2036 μόνοις
912 1963 1160 2036 ἐνομίσθη
1184 1984 1196 1997 ι
1255 1965 1404 2016 πόθεν
1435 1965 1461 2014 ὁ
1498 1969 1652 2036 νόμος
1679 1982 1691 2032 ;
1737 1967 1818 2026 τίς

1975 1955 2301 2012 mctiﬁcare
2346 1973 2358 2010 :
2391 1956 2507 2014 hoc
2538 1962 2698 2017 enim
2739 1963 2886 2019 solis
2917 1964 3044 2033 lege
3077 1980 3436 2021 concessum
3469 1967 3589 2036 epi-

216 2048 274 2105 δ’
321 2053 349 2104 ό
401 2054 721 2124 νομοθέτης;
778 2060 920 2113 ποῖος
975 2061 1074 2104 τῶν
1127 2051 1427 2105 ἀποστόλων
1457 2069 1470 2116 ;
1501 2061 1600 2104 τῶν
1651 2057 1814 2106 Πατέ.

1973 2044 2140 2116 :opis.
2176 2045 2390 2100 Verum
2425 2048 2582 2104 unde
2614 2050 2715 2107 illa
2741 2051 2835 2107 lex
2864 2054 2892 2106 ?
2918 2051 3061 2118 Quis
3093 2052 3397 2122 legislator
3431 2055 3460 2110 τ
3484 2057 3587 2110 Ec-

215 2161 322 2214 ρων
363 2137 420 2194 δε
445 2159 459 2208 ;
489 2140 616 2194 ἀλλὰ
640 2150 739 2194 τῶν
773 2138 1008 2194 συνόδων
1039 2158 1053 2207 ;
1084 2142 1113 2201 ἣ
1137 2149 1237 2194 πού
1258 2146 1349 2194 καὶ
1378 2145 1500 2194 πότε
1529 2147 1810 2209 συστᾶσας

1969 2133 2060 2189 uis
2085 2132 2493 2205 apostolorum
2522 2153 2534 2190 :
2563 2139 2668 2194 sed
2694 2155 2772 2195 an
2793 2140 2884 2195 vel
2911 2141 3583 2213 Patrum,autesynodis

213 2236 370 2284 τίνων
399 2227 458 2284 δὲ
501 2236 818 2306 κρατήσασα
844 2231 1078 2304 ψήφοις
1113 2231 1204 2283 οὐκ
1244 2231 1440 2293 ἔξεστιν
1495 2233 1616 2304 ἱερεῖ
1667 2235 1814 2305 μύρῳ

1969 2224 2132 2297 liqua
2160 2225 2188 2281 7
2214 2222 2312 2279 ubi
2343 2226 2608 2294 gentium
2641 2228 2758 2295 illa,
2791 2228 2884 2284 vel
2905 2230 3151 2301 quando
3173 2235 3402 2296 coacta,
3437 2247 3583 2303 quo-

213 2325 338 2382 τοὺς
394 2319 807 2393 βαπτιζομένους
860 2324 1166 2394 σφραγίζειν
1196 2339 1207 2387 ;
1237 2320 1422 2372 οὐκοῦν
1475 2316 1598 2372 οὐδὲ
1625 2319 1810 2392 βαπτί-

1967 2331 2132 2371 vae
2157 2318 2313 2374 votis
2339 2317 2570 2374 sancita
2591 2323 2645 2373 et
2677 2317 2980 2389 suffragiis
3011 2319 3039 2374 ?
3070 2325 3194 2374 Non
3222 2318 3356 2376 licet
3387 2335 3581 2376 sacer-

215 2412 322 2472 ζειν
360 2409 502 2474 ὅλως,
536 2406 660 2462 ούδὶ
715 2411 954 2482 ἱερᾶσθαι
984 2430 996 2442 ·
1044 2410 1266 2487 ἄραοῖνα
1318 2428 1403 2461 σοι
1451 2405 1588 2480 μηδὲ
1631 2411 1813 2480 ἡμίτο-

1963 2405 2062 2468 οιί,
2094 2406 2426 2479 baptizatos
2455 2407 2590 2463 ‘oleo
2630 2407 2866 2477 signare
2905 2407 2934 2463 ‘P
2965 2409 3129 2464 Certe
3171 2411 3303 2464 tum
3329 2423 3439 2464 nec
3471 2409 3577 2466 ba-

212 2518 310 2571 μος
367 2501 550 2574 ἱερεύς,
602 2499 711 2551 ἀλλ’
767 2499 1068 2573 ὁλόκληρος,
1123 2499 1190 2560 εἰς
1245 2502 1442 2571 ἀνίερον
1497 2502 1573 2557 εῖη
1623 2497 1810 2570 κλῆρον

1961 2495 2154 2561 tizare,
2183 2512 2293 2552 nec
2325 2497 2681 2564 sacrificare,
2714 2501 2894 2568 atque
2924 2497 2998 2552 de
3029 2497 3227 2554 media
3263 2498 3354 2553 sui
3387 2503 3575 2570 parte,

212 2587 611 2660 ἀπεληλαμένος.
684 2587 962 2663 Ἰερουρσγεί
1033 2592 1090 2641 τὸ
1148 2585 1462 2642 δεσποτικὸν
1517 2596 1670 2660 σῶμα
1720 2593 1809 2641 καὶ

1965 2584 2194 2640 tcerdos
2235 2601 2359 2642 non
2390 2584 2703 2658 perfectus,
2761 2586 2822 2641 in
2854 2590 3073 2642 sortem
3112 2586 3282 2642 abeat
3327 2587 3579 2644 abactus

213 2678 348 2750 αἷμα
381 2680 629 2751 Χριστοῦ,
683 2683 774 2730 καὶ
819 2682 936 2740 τοὺς
991 2678 1150 2731 πάλαι
1197 2680 1704 2751 μυσταγωγηθέντας
1734 2675 1808 2730 δι’

1965 2673 2255 2730 rot'anam.
2317 2676 2422 2742 Qui
2465 2689 2685 2747 corpus
2743 2674 3121 2730 Dominicum
3157 2679 3487 2744 consecrat,
3523 2681 3579 2733 et

214 2767 383 2820 αὐτῶν
411 2768 744 2839 καθαγιάξει,
775 2776 878 2830 πῶς
903 2769 1010 2840 ούχ
1062 2768 1269 2840 ἀνιάσει
1312 2771 1464 2843 μύρῳ
1491 2773 1660 2840 χρίων
1690 2771 1806 2828 τούς

1963 2763 2127 2818 hristi
2164 2764 2542 2834 sanguinem,
2573 2771 2630 2818 et
2659 2779 2768 2836 per
2806 2763 2905 2820 illa
2937 2763 3071 2819 illos
3114 2765 3446 2822 sanctiﬁcat
3473 2767 3577 2838 qui

210 2864 299 2909 νῦν
349 2856 716 2930 τελουμένους;
765 2855 1016 2930 βαπτίζει
1060 2859 1085 2910 ὁ
1135 2860 1312 2931 ἱερεύς,
1362 2857 1651 2930 καθάρσιον
1700 2853 1805 2909 δῶ-

1960 2853 2102 2908 acris
2134 2859 2303 2910 erant
2331 2854 2474 2910 olim
2526 2854 2736 2910 initiati
2779 2870 2792 2921 ;
2828 2853 2984 2910 unde
3032 2853 3139 2909 erit
3171 2859 3231 2911 ut
3260 2869 3382 2910 non
3415 2855 3574 2912 idem

209 2964 299 3019 ρον
341 2955 415 3017 τῷ
491 2943 860 3018 βαπτιζομίνῳ
937 2946 1326 3020 τελεσιουργῶν,
1373 2955 1502 3012 πῶς,
1561 2946 1621 3006 ἧς
1675 2945 1806 2998 τελε-

1961 2942 2244 2999 ωοῐίίὶοθῐ
2265 2943 2396 3000 oleo
2420 2958 2653 3012 ungens
2675 2947 3129 2999 consummatos
3155 2945 3184 3000 ?
3201 2943 3463 3015 baptizat
3483 2960 3575 3001 sa-

209 3037 460 3106 σιουργὸς
489 3033 646 3096 αύτὸς
697 3036 928 3109 ύπάρχει
957 3037 1279 3108 καθάρσεως,
1310 3034 1620 3109 ἀφαιρήσεις
1645 3033 1804 3087 αύτοῦ

1959 3031 2147 3096 erdos,
2166 3031 2386 3088 donum
2405 3031 2793 3103 expiatorium
2807 3031 2862 3087 in
2877 3032 3173 3102 baptizato
3189 3039 3573 3102 consummat;

206 3128 300 3182 τήν
326 3124 559 3196 φυλακήν
594 3130 687 3177 καὶ
717 3121 990 3198 σφραγίδα
1018 3141 1030 3192 ;
1087 3123 1192 3177 ἀλλ’
1221 3124 1458 3196 ἀφαιρεῖς
1499 3128 1591 3182 τὴν
1639 3143 1803 3197 σφρα-

1961 3135 2038 3175 ua
2062 3119 2292 3176 ratione
2315 3120 2581 3192 privabis
2612 3119 2778 3176 illum
2810 3119 3086 3176 custodia
3116 3125 3172 3176 et
3199 3120 3394 3192 sigillo
3417 3121 3572 3177 illius

206 3211 360 3284 γίδα,
429 3209 559 3286 μηδ’
607 3216 878 3288 ὑπηρετεῖν
919 3213 1234 3286 ἐπιστρέψῃς
1265 3225 1284 3255 ι
1335 3221 1406 3284 τῷ
1457 3209 1630 3286 δώρῳ,
1672 3209 1803 3285 μηδ’

1961 3208 2372 3279 urificationis,
2409 3209 2576 3280 cujus
2603 3209 2731 3280 ipse
2773 3213 2901 3264 erat
2926 3214 3380 3264 consummator
3407 3211 3435 3266 Ὺ
3474 3226 3573 3266 ve-

207 3301 255 3355 ὶν
313 3303 458 3374 αύτῷ
493 3323 638 3366 τινας
680 3303 1075 3379 τελεσιουργεῖν,
1127 3305 1208 3355 ῖνα
1254 3321 1312 3355 σε
1366 3302 1598 3374 λυμνοῖς,
1649 3304 1676 3355 ό
1712 3306 1803 3364 σός

1954 3314 2046 3353 um
2076 3297 2274 3354 aufers
2305 3297 2587 3367 sigillum,
2617 3312 2727 3352 nec
2757 3298 2920 3353 dono
2947 3297 3171 3369 pateris
3204 3297 3568 3366 subservire,

209 3394 392 3465 ἱερεύς,
425 3389 779 3467 ἕνδιαπρίπων
809 3391 1080 3464 ὀνόμασιν,
1108 3400 1205 3452 τῆς
1249 3392 1413 3455 αὐτῆς
1461 3392 1600 3463 αύτῷ
1645 3411 1800 3468 χορο-

1955 3403 2021 3444 ec
2042 3387 2276 3460 aliquos
2296 3402 2403 3459 per
2423 3386 2569 3442 illud
2591 3401 3038 3453 consummare,
3063 3392 3131 3442 ut
3153 3386 3317 3442 nudo
3340 3391 3569 3443 tantum

1911 3477 2157 3533 nomine
2185 3481 2326 3532 tuus
2372 3476 2688 3546 insignitus
2720 3477 3020 3544 sacerdos,
3071 3483 3124 3531 te
3153 3475 3398 3548 quidem
3431 3491 3570 3532 cum

1909 3568 2046 3640 ipso
2067 3566 2362 3623 societatis
2384 3570 2442 3622 et
2462 3566 2849 3622 chorostasiae
2868 3566 3255 3639 coryphmum
3279 3565 3564 3631 declaret,

1909 3661 1966 3712 et
1995 3655 2375 3728 episcopum.

270 3742 336 3802 η’.
393 3743 552 3798 Ἀλλὰ
603 3746 702 3816 γὰρ
771 3744 898 3815 ούχὶ
941 3749 1094 3816 μόνον
1153 3743 1222 3806 εἰς
1267 3750 1435 3795 ταῦτα
1483 3751 1799 3816 παρανομεῖν

1982 3749 2040 3802 8.
2077 3746 2391 3800 Enimvero
2438 3759 2562 3800 non
2592 3743 2652 3799 in
2706 3743 2832 3799 istis
2865 3747 3095 3800 tantum
3147 3759 3398 3815 peccare
3430 3754 3570 3802 sunt

198 3831 581 3904 ἰξηνὶχθησαν,
622 3833 751 3886 ἀλλὰ
805 3839 893 3887 καὶ
946 3837 991 3886 εῖ
1043 3854 1121 3896 τις
1174 3841 1346 3884 κακῶν
1405 3831 1518 3884 ἐστι
1562 3839 1797 3907 κορωνὶς,

1953 3834 2156 3900 iducti,
2188 3833 2291 3889 sed
2315 3834 2374 3888 in
2399 3833 2594 3904 ipsam
2616 3831 2940 3904 impietatis
2963 3833 3333 3897 coronidem,
3365 3833 3411 3888 si
3432 3849 3567 3906 quea

194 3926 395 3980 ταύτην
468 3918 778 3998 ἀνέδραμον.
860 3926 998 3996 Πρὸς
1047 3925 1146 3995 γάρ
1207 3941 1286 3974 τοι
1351 3930 1460 3983 τοῖς
1515 3922 1802 3994 εἰρημένοις

1955 3921 2032 3978 lla
2060 3927 2165 3989 est,
2199 3921 2587 3976 devenerunt.
2624 3922 2839 3975 Praeter
2869 3920 3028 3975 enim
3059 3926 3419 3976 memoratas
3461 3922 3568 3977 ab-

196 4010 528 4084 ἆτοπήμασι,
567 4018 656 4064 καὶ
687 4016 743 4064 τό
786 4014 918 4086 ἱερὸν
961 4017 1051 4064 καὶ
1095 4012 1243 4083 ἅγιον
1308 4011 1584 4084 σύμϐολον,
1613 4011 1638 4063 ὁ
1671 4017 1802 4062 πᾶσι

1953 4009 2234 4066 urditates
2265 4015 2543 4065 sanctum
2567 4013 2623 4064 et
2653 4024 2891 4064 sacrum
2918 4008 3276 4079 symbolum,
3305 4009 3470 4080 quod
3494 4011 3567 4064 ab

196 4109 309 4162 τοῖς
378 4097 678 4161 συνοδικοῖς
722 4105 811 4152 καὶ
853 4100 1224 4172 οἰκουμενικοῖς
1276 4099 1637 4172 ψηφίσμασιν,
1670 4102 1804 4172 οἶμα.

1955 4098 2199 4155 mnibus
2216 4097 2720 4153 moumenicorum
2750 4096 3136 4152 conciliorum
3165 4096 3409 4152 calculis
3431 4113 3567 4153 con—

194 4208 298 4260 χον
329 4192 445 4260 ἔχει
482 4193 575 4247 τήν
607 4190 789 4262 ἰσχύν,
829 4192 996 4249 νόθοις
1037 4188 1332 4261 λογισμοῖς,
1382 4195 1471 4240 καὶ
1501 4191 1804 4263 παρεγγρά-

1959 4193 2204 4252 rmatur,
2262 4192 2318 4243 et
2357 4187 2475 4242 vim
2525 4185 2751 4242 obtinet
2798 4185 3246 4252 irresistibilem,
3294 4185 3566 4242 sensibus

193 4297 349 4340 πτοις
407 4277 600 4348 λόγοις,
668 4284 757 4330 καὶ
825 4281 1052 4354 θράσους
1136 4277 1414 4352 ὑπερϐολῇ,
1477 4275 1803 4336 κιϐδηλεύειν

1951 4278 2150 4352 puriis,
2199 4275 2398 4333 verbis
2441 4274 2706 4343 ascititis,
2730 4291 2866 4347 quas
2898 4290 3137 4330 summa
3158 4274 3264 4330 fuit
3293 4275 3565 4346 ipsorum

194 4367 552 4440 ἐπεχείρησαν
576 4389 588 4402 ·
646 4366 686 4420 ὧ
716 4375 815 4421 τῶν
845 4377 936 4420 τοῦ
985 4375 1216 4441 πονηροῦ
1255 4370 1649 4440 μηχανημάτων
1685 4368 1696 4422 l
1745 4371 1803 4420 τὸ

1957 4365 2186 4431 udacia,
2220 4365 2600 4421 conabantur
2628 4363 2984 4420 adulterare.
3015 4364 3058 4421 Ο
3092 4363 3565 4419 machinationes

197 4464 409 4528 Πνεῦμα
440 4460 496 4509 τό
528 4457 676 4528 ἅγιον
727 4457 819 4510 ούκ
875 4456 928 4510 ἔκ
973 4464 1065 4509 τοῦ
1127 4460 1329 4530 Πατρός
1366 4461 1538 4528 μόνον,
1573 4457 1699 4509 ἀλλά
1745 4477 1804 4529 γε

1947 4455 2240 4512 liabolicas
2271 4455 2284 4509 !
2322 4454 2604 4526 Spiritum
2637 4457 2909 4509 sanctum
2941 4468 3099 4510 novo
3124 4469 3288 4510 more
3318 4454 3561 4510 commi-

198 4551 290 4598 καὶ
315 4545 369 4598 ἐκ
393 4555 484 4599 τού
517 4550 661 4614 Υὲοῦ,
689 4545 1079 4622 ἐκπορεύεσθαι,
1102 4544 1376 4617 καινολογή
1387 4565 1586 4608 σαντες.

1949 4545 2315 4615 .iscebantur,
2349 4560 2470 4600 non
2525 4542 2600 4599 de
2659 4542 2786 4600 solo
2817 4545 2984 4599 Patre
3039 4542 3143 4598 sed
3191 4544 3370 4598 etiam
3424 4542 3563 4598 Filio

1914 4634 2257 4705 procedere.

270 4725 341 4790 θ’,
395 4730 487 4785 Τίς
541 4743 665 4777 ποτε
717 4727 984 4789 τοιαύτην,
1026 4727 1169 4798 παρὰ
1221 4732 1319 4775 τῶν
1357 4729 1567 4777 πώποτε
1611 4723 1800 4782 ἀσεϐη-

1981 4724 2036 4778 6.
2096 4723 2239 4789 Quis
2286 4737 2557 4795 unquam
2590 4721 2730 4778 olim
2763 4721 2938 4777 talem
2965 4735 3172 4776 vocem
3205 4717 3432 4775 audivit
3483 4717 3562 4774 ab

199 4816 424 4880 σάντων,
491 4818 659 4886 φωνὴν
716 4817 938 4872 ἤκουσεν
1021 4814 1308 4888 ﬁer/siam;
1365 4820 1512 4873 ποῖος
1592 4813 1801 4875 σκολιός

1949 4812 2112 4884 npiis
2134 4813 2296 4884 apud
2310 4811 2593 4869 saeculum
2605 4811 2769 4883 prius
2791 4810 3086 4881 prolatam
3107 4807 3563 4881 ?quislubricus

195 4909 316 4975 ὄφις
363 4903 435 4964 εἰς
486 4906 573 4964 τὰς
620 4902 821 4956 ἐκείνων
867 4900 1089 4976 καρδίας
1163 4911 1314 4955 τοῦτο
1373 4902 1663 4975 ἠρεύξατο;
1711 4908 1799 4964 Τίς

1953 4901 2121 4973 nguis
2151 4901 2212 4956 in
2242 4901 2508 4972 ipsorum
2544 4900 2728 4955 corda
2755 4899 2868 4954 hoc
2899 4897 3188 4954 eructavit
3217 4895 3245 4952 7
3274 4897 3416 4963 Quis
3442 4897 3563 4953 cul-

195 4994 322 5054 ὅλως
369 4991 678 5064 ἀνάσχοιτο,
730 5001 828 5044 τῶν
876 4991 924 5044 ἓν
983 4998 1318 5064 Χριστιανοῖς
1369 4991 1660 5056 τελούντων,
1717 4990 1798 5044 ἐπὶ

1945 4991 1996 5045 ui
2051 4990 2314 5045 initiatus
2355 4989 2688 5044 Christiano
2731 4987 2880 5044 ferre
2923 4991 3104 5058 queat
3155 4986 3455 5058 duplicem
3503 4987 3559 5042 in

193 5091 294 5144 τῆς
351 5083 508 5153 ἁγίας
549 5078 776 5155 Τριάδος
815 5078 912 5133 δύο
965 5081 1191 5152 εἰσάγειν
1223 5083 1392 5132 αἴτια·
1428 5083 1550 5133 Υἰοῡ
1581 5084 1670 5151 μὲν
1709 5087 1798 5132 καὶ

1953 5080 2117 5136 riade
2137 5095 2385 5135 causam
2409 5078 2558 5142 dari,
2586 5078 2817 5133 Patrem
2840 5092 3056 5148 nempe
3078 5092 3320 5132 causam
3343 5076 3484 5143 Filii,
3509 5082 3565 5133 et

201 5173 515 5242 Πνεύματος,
572 5175 658 5222 τὸν
738 5175 942 5244 Πατέρα
975 5191 986 5203 ·
1020 5177 1108 5221 τοῦ
1165 5172 1454 5240 Πνεύματος
1513 5167 1572 5222 δε
1622 5170 1794 5234 πάλιν,

1953 5167 2176 5240 piritus,
2214 5167 2464 5239 Spiritus
2495 5171 2695 5222 autem
2727 5180 2973 5220 causam
3031 5163 3236 5220 Filium
3263 5163 3291 5218 ?
3322 5164 3435 5220 hoc
3475 5169 3563 5222 est

197 5263 286 5313 τόν
329 5261 484 5312 Υὶόν·
540 5264 629 5311 καὶ
682 5259 756 5322 εἰς
785 5255 984 5311 διθεὶαν
1033 5263 1128 5316 τὴν
1170 5263 1464 5330 μοναρχίαν
1497 5259 1654 5325 λύειν,
1710 5265 1799 5311 καὶ

1946 5255 2322 5312 monarchiam
2355 5256 2416 5310 in
2440 5255 2740 5328 duplicem
2772 5253 3049 5310 deitatem
3083 5253 3329 5318 solvere,
3359 5257 3415 5309 et
3444 5269 3560 5310 non

197 5346 340 5421 μηδὶ
397 5355 413 5384 ⁸
457 5349 611 5406 ἦττον
668 5356 758 5409 τῆς
803 5349 1096 5409 Ἑλληνικῆς
1165 5349 1499 5420 μυθολογίας,
1559 5353 1651 5406 τήν
1700 5358 1798 5400 τῶν

1946 5347 2092 5402 linus
2114 5362 2281 5417 quam
2303 5345 2641 5415 gentilitiam
2668 5343 3085 5416 mythologiam
3107 5343 3560 5401 Christianorum

1555 5472 1642 5526 VA
1656 5474 1786 5527 ΒΙΑΞ
1826 5471 2229 5527 LECTIONES.

206 3486 441 3542 στασὶας
468 3488 750 3555 κορυφαῖον
777 3477 948 3554 δείξῃ,
979 3485 1068 3534 καὶ
1093 3479 1392 3535 ἐπίσκοπον.

269 5607 291 5637 ³
313 5601 387 5652 ῖσ·
421 5597 731 5673 ἐπιτρίψας,
764 5600 842 5650 ῖσ.
870 5593 1057 5666 μηδέν.
