4088 6214
518 219 625 275 727

1764 212 2000 269 ΡΗΟΤΠ
2035 213 2206 269 ΡΑΤΕ

2311 212 2509 268 ΒΟΗᾹΞ
2549 211 2649 268 CP.
3745 220 3831 274 728

521 342 860 416 discerpere
903 341 1288 412 theologiam,
1325 344 1498 412 atque
1529 338 1611 396 ita
1657 337 1952 395 Trinitatis
1994 337 2187 412 digni-

2311 346 2624 412 Κριστιανῶν
2688 339 3003 412 σπαράττειν
3061 339 3342 412 θεολογίαν,
3381 344 3471 394 καὶ
3530 349 3625 404 τῆς
3665 343 3844 416 ὗπερόυο

523 437 707 489 tatem
734 430 1327 504 supersubstantialis
1352 433 1408 485 et
1429 427 1830 484 monarcbicaa
1853 443 1959 500 per
1982 432 2187 485 contu-

527 523 772 578 meliam
825 521 1204 577 imminuere.
1251 519 1364 574 Sed
1411 533 1701 591 quorsum
1737 533 1768 573 θ
1799 517 1939 574 Filio
1988 533 2190 592 proce-

529 611 698 668 deret
728 610 986 683 Spiritus
1021 609 1130 664 ‘ISi
1179 609 1417 681 quidem
1475 607 1754 680 profectio
1808 622 1843 662 a
1892 606 2060 663 Patre
2117 609 2192 664 sit

527 699 791 774 perfecta
823 699 933 770 (est
977 702 1180 755 autem
1224 701 1379 753 certe
1409 696 1689 769 perfecta,
1719 695 1864 768 quia
1889 695 2188 768 perfectus

531 794 710 853 Deus,
737 805 773 845 a
805 789 924 844 Deo
955 787 1266 860 perfecto),
1297 802 1434 858 quae
1465 789 1660 841 autem
1694 785 1796 842 illa
1825 801 1861 842 a
1887 785 2026 842 Filio
2053 801 2189 858 pro-

531 880 730 947 fectio,
762 882 820 933 et
848 893 1034 950 quam
1066 876 1144 932 ob
1175 892 1306 932 rem
1335 875 1363 930 ?
1394 874 1561 932 Certe
1595 891 1690 931 res
1715 889 2188 947 supervacanea,

534 971 709 1040 atque
735 966 816 1022 ita
844 965 1048 1022 futilis.

607 1060 691 1112 10.
746 1055 955 1112 Adhuc
994 1058 1216 1120 autem,
1259 1054 1305 1110 si
1347 1070 1379 1110 e
1422 1053 1563 1110 Filio
1601 1053 1874 1127 procedit
1913 1052 2190 1125 Spiritus,

533 1146 618 1202 uti
648 1151 702 1202 et
733 1161 764 1202 e
790 1146 954 1200 Patre
989 1162 1002 1212 ;
1037 1160 1144 1200 cur
1169 1159 1287 1200 non
1311 1149 1368 1199 et
1396 1143 1577 1199 Filius
1609 1143 1870 1214 gignitur
1901 1158 1931 1198 e
1951 1142 2189 1215 Spiritu,

533 1239 595 1290 ut
620 1250 651 1290 e
676 1236 848 1292 Patre
886 1234 914 1290 ?
947 1239 1010 1289 ut
1039 1233 1124 1289 sic
1150 1233 1351 1305 impiis
1392 1233 1597 1289 omnia
1625 1232 1740 1288 sint
1772 1231 1949 1304 plane
1979 1232 2188 1303 impia,

535 1325 648 1380 hoc
686 1329 791 1390 est,
835 1329 892 1380 et
939 1339 1172 1387 sensus,
1213 1329 1392 1396 atque
1431 1337 1651 1391 sermo,
1691 1337 1798 1378 nec
1854 1321 2194 1394 quidquam

536 1412 648 1470 illis
679 1413 1051 1486 relinquatur
1079 1412 1383 1468 inausum.

615 1504 698 1557 11.
735 1501 848 1558 Sed
875 1507 930 1556 et
960 1501 1072 1557 hoc
1102 1506 1386 1574 praeterea
1406 1499 1816 1556 consideretur
1848 1516 1860 1556 :
1895 1499 2196 1571 siquidem

539 1591 602 1647 in
633 1606 702 1646 eo
733 1590 898 1662 quod
942 1606 977 1646 a
1018 1592 1184 1646 Patre
1227 1589 1478 1661 Spiritus
1516 1588 1822 1660 procedat,
1863 1588 2198 1660 proprietas

2299 433 2418 481 σίου
2464 433 2554 480 καὶ
2609 436 2944 503 μοναρχικῆς
2989 425 3220 502 Τριάδος
3243 429 3525 505 ἐξυϐρίζειν
3575 435 3630 483 τό
3661 430 3842 506 ἀξίωμα·

2298 520 2393 570 Διὰ
2422 522 2473 570 τί
2504 514 2562 570 δὲ
2609 523 2697 570 καὶ
2755 515 3088 590 ἕκπορευθείη
3138 527 3229 571 τοῦ
3278 522 3398 573 Υἰοῦ
3430 523 3488 572 τό
3539 526 3771 592 ﬂuvium;
3805 523 3846 576 Ei

2296 609 2398 680 γὰρ
2433 608 2459 664 ἱ)
2492 605 2546 658 ἐκ
2599 614 2694 659 τοῦ
2741 611 2942 682 Πατρός
2996 606 3302 683 ἐκπόρευσις
3357 609 3527 662 τελεία
3568 609 3742 681 (τελεία
3788 610 3847 676 δι,

2298 697 2378 748 ὃτι
2408 699 2534 757 Θεὸς
2563 695 2770 762 τέλειος,
2801 695 2856 748 ἐκ
2907 705 3040 751 Θεοῦ
3083 697 3302 769 τελείου)
3346 703 3428 760 τίς
3469 700 3500 757 ἡ
3545 697 3599 750 έκ
3627 707 3709 751 τοῦ
3755 702 3849 753 Tios

2299 782 2624 856 ἐκπόρευσις,
2665 790 2754 838 καὶ
2808 782 2902 839 διὰ
2939 791 3032 855 τί;
3081 790 3325 860 Περιττόν
3361 789 3462 863 γὰρ
3495 787 3555 840 ἂν
3594 792 3667 847 εἰη
3711 797 3848 855 τοῦτο,

2298 877 2388 925 καὶ
2417 875 2658 946 μάταιον.

2376 1050 2431 1107 ι’.
2488 1051 2605 1104 Ἔτι
2654 1049 2732 1118 δὲ,
2779 1051 2822 1104 εἰ
2870 1051 3201 1128 έκπορεύεται
3237 1062 3329 1107 τοῦ
3381 1058 3508 1108 Υίοῦ
3557 1058 3612 1107 τό
3667 1056 3850 1126 Πνεῦμιί,

2303 1141 2475 1214 ὥσπερ
2508 1140 2564 1193 ἐκ
2605 1146 2840 1214 Πατρός·
2900 1146 2952 1194 τί
2993 1146 3064 1214 μὴ
3099 1147 3189 1196 καὶ
3220 1145 3246 1196 6
3271 1143 3392 1206 Υἱός
3440 1143 3496 1197 έκ
3527 1151 3616 1197 τοῦ
3666 1145 3855 1216 Πνεύμα-

2303 1249 2390 1291 τος
2417 1236 2675 1302 γεννᾶται,
2717 1233 2890 1304 ὥσπερ
2925 1230 2980 1284 ἐκ
3031 1237 3231 1306 Πατρός
3264 1250 3279 1302 ;
3317 1236 3400 1286 ἵνα
3449 1237 3526 1292 εἴη
3579 1236 3734 1286 πάντα
3772 1241 3856 1293 τοῖς

2305 1318 2585 1373 ἀσεϐοῦσιν
2629 1319 2813 1387 ἀσεϐῆ,
2869 1325 2959 1374 καὶ
3007 1324 3061 1375 αἱ
3107 1331 3332 1396 γνῶμαι,
3381 1328 3475 1376 καὶ
3536 1325 3600 1376 τὰ
3650 1323 3853 1398 ῥήματα·

2305 1413 2394 1461 καὶ
2423 1405 2589 1481 μηδεν
2629 1409 2806 1472 αὐτοῖς
2831 1408 3118 1484 ἀτόλμητον
3149 1411 3477 1468 ῦπολίποιτο.

2381 1496 2464 1552 ια’.
2503 1502 2686 1552 Σκόπει
2738 1495 2797 1553 δε
2843 1498 3087 1554 κάκείνου
3134 1501 3178 1556 εἰ
3221 1504 3324 1574 γὰρ
3379 1505 3428 1555 ἓν
3475 1500 3516 1574 ᾧ
3553 1508 3641 1554 τοῦ
3689 1503 3856 1574 Πατρός

2307 1585 2636 1660 έκπορεύεται
2699 1591 2758 1641 τό
2833 1596 3062 1662 Πνεῦμα,
3127 1592 3156 1649 ἠ
3235 1587 3444 1654 ἰδιότης
3511 1589 3856 1663 ἐπιγινώσκεται

541 1679 730 1751 ipsius
756 1684 1115 1750 agnoscatur
1148 1695 1162 1744 ;
1195 1678 1276 1734 ita
1305 1682 1360 1734 et
1390 1677 1514 1734 Filii
1541 1676 1876 1750 proprietas
1906 1691 2198 1747 agnosca-

2311 1676 2498 1728 αῦτοῦ·
2554 1680 2800 1741 ὡσαύτως
2855 1675 2934 1744 δὲ,
2989 1685 3078 1733 καὶ
3135 1683 3184 1733 ἓν
3344 1687 3586 1752 γεννᾶται
3622 1682 3646 1732 ό
3678 1681 3854 1748 Υἱός,ἦ

543 1774 655 1835 tur,
696 1769 752 1824 in
786 1785 856 1825 eo
882 1769 1046 1842 quod
1080 1767 1263 1823 Filius
1304 1772 1639 1838 generatur.
1673 1765 1945 1822 Procedit
1973 1771 2196 1832 autem,

547 1863 608 1915 ut
640 1859 721 1914 illi
765 1858 1039 1924 delirant,
1089 1861 1142 1914 et
1173 1874 1210 1914 a
1241 1857 1381 1914 Filio
1414 1856 1664 1929 Spiritus
1700 1872 1714 1922 ;
1747 1854 2030 1928 quocirca
2071 1855 2201 1928 plu-

544 1948 710 2004 ribus
753 1946 1216 2020 proprietatibus
1259 1945 1543 2001 dividitur
1588 1945 1834 2017 Spiritus
1904 1962 1939 2000 a
2011 1946 2199 2012 Patre,

543 2055 728 2112 quam
757 2037 965 2094 Filius:
1001 2036 1298 2110 siquidem
1319 2051 1640 2108 processus
1663 2033 1913 2107 Spiritus
1933 2050 2006 2092 ex
2030 2034 2200 2108 ipsis,

545 2142 870 2185 commune
897 2125 1194 2200 quiddam
1214 2125 1370 2182 Patri
1395 2130 1500 2190 est,
1526 2129 1581 2181 et
1606 2123 1768 2180 Filio.
1797 2123 2048 2196 Spiritus
2074 2139 2203 2197 pro-

545 2216 735 2274 cessio
766 2233 796 2272 e
826 2217 1001 2272 Patre
1044 2223 1100 2270 et
1146 2231 1177 2272 e
1223 2215 1362 2271 Filio
1413 2219 1503 2270 est
1548 2214 1798 2286 Spiritus
1846 2214 2201 2286 proprietas.

547 2307 715 2373 Quod
748 2306 797 2361 si
828 2304 1100 2377 pluribus
1141 2303 1436 2360 distantiis
1482 2302 1678 2358 diﬂ'ert
1726 2302 1975 2375 Spiritus
2016 2318 2203 2376 quam

549 2395 749 2462 Filius,
792 2392 1124 2465 proximior
1167 2393 1276 2448 erit
1325 2396 1590 2464 paternas
1635 2390 1984 2448 substantiae
2028 2391 2206 2447 Filius

549 2499 734 2556 quam
767 2485 859 2538 est
885 2481 1138 2553 Spiritus
1169 2503 1180 2546 ;
1216 2487 1396 2553 atque
1424 2480 1503 2536 ita
1537 2480 1783 2536 demum
1825 2480 2022 2536 audax
2061 2480 2207 2537 illud

549 2571 780 2628 facinus
812 2571 872 2626 in
911 2570 1196 2642 Spiritum
1228 2575 1502 2626 sanctum
1535 2569 1858 2626 Macedonii
1902 2576 2210 2644 proreptu-

551 2677 682 2718 rum
732 2665 840 2726 est,
887 2658 1204 2715 hominum
1245 2659 1499 2715 istorum
1541 2657 1812 2715 fabulam
1858 2663 1914 2716 et
1961 2674 2206 2716 scenam

551 2749 706 2806 clam
746 2748 1014 2804 subiens.

633 2839 712 2894 t2.
747 2841 995 2910 Insuper
1018 2852 1182 2905 vero,
1217 2836 1264 2892 si
1294 2837 1500 2894 omnia
1547 2836 1736 2893 Patris
1778 2840 1836 2893 et
1885 2836 2005 2894 Filii
2048 2853 2209 2894 com-

553 2928 764 2986 munia
793 2931 950 2993 sunt,
981 2931 1138 2983 certe
1167 2931 1224 2984 et
1264 2942 1400 2999 qua:
1429 2927 1708 2998 Spiritum
1757 2931 2029 2999 spectant
2073 2931 2210 2984 sunt

2309 1772 2400 1818 τοῦ
2449 1768 2592 1819 Υὶοῦ.
2647 1767 3010 1840 Ἐκπορεύεται
3056 1766 3136 1838 δὲ,
3184 1771 3252 1832 ὡς
3291 1771 3316 1823 6
3371 1769 3574 1823 ἐκείνων
3614 1769 3766 1843 λῆρος,
3790 1774 3857 1820 καὶ

2309 1857 2368 1907 τό
2401 1861 2610 1928 Πνεῦμα
2635 1855 2690 1908 ἐκ
2718 1863 2809 1910 τοῦ
2848 1860 2993 1910 Υἱοῦ.
3049 1859 3286 1912 Πλείοσιν
3325 1861 3434 1933 ἄρα
3478 1857 3728 1918 ἰδιότησιν
3771 1855 3858 1910 δια-

2314 1943 2578 1998 στέλλεται
2606 1949 2663 1998 τό
2709 1953 2919 2020 Πνεῦμα
2955 1955 3047 2000 τοῦ
3101 1951 3325 2022 Πατρός,
3359 1953 3494 2025 ἤπερ
3534 1950 3559 2002 ό
3607 1951 3728 2010 Υἱός.
3770 1955 3858 2001 Ku-

2311 2036 2395 2086 νόν
2423 2037 2514 2108 μὶν
2543 2038 2644 2110 γὰρ
2692 2041 2861 2112 Πατρὶ
2902 2041 2992 2090 καὶ
3020 2040 3143 2109 Υἰῷ,
3176 2040 3206 2097 ἡ
3237 2037 3290 2101 ἐξ
3332 2038 3506 2092 αὐτῶν
3543 2047 3632 2092 τοῦ
3671 2041 3859 2109 Πνεῦμα-

2312 2143 2394 2185 τος
2424 2121 2652 2199 πρόοδος
2671 2146 2682 2158 ·
2719 2122 2834 2179 ἰδία
2863 2122 2922 2180 δε
2952 2134 3044 2180 τοῦ
3093 2131 3409 2201 Πνεύματος,
3447 2131 3478 2188 ἧ
3511 2147 3564 2183 τε
3589 2127 3641 2181 ἐκ
3667 2135 3746 2181 τοῦ
3783 2133 3860 2179 [la-

2312 2216 2430 2286 τρός
2473 2213 2798 2290 έκπόρευσις,
2839 2220 2929 2267 καὶ
2976 2220 3078 2286 μὴν
3126 2222 3217 2270 καὶ
3255 2219 3284 2276 ἡ
3337 2215 3395 2270 ἔκ
3434 2225 3528 2270 τοῦ
3572 2219 3703 2271 Υἱοῦ.
3747 2215 3795 2268 Εἰ
3817 2211 3861 2268 δι

2315 2303 2546 2356 πλείοσιν
2607 2301 2881 2380 διαφοραῖς
2930 2301 3286 2360 διαστελλεται
3330 2309 3391 2360 τό
3452 2314 3672 2380 Πνεῦμα,
3711 2305 3861 2377 ἦπερό

2317 2395 2454 2463 Υἱός,
2484 2393 2744 2467 ἐγγυτέρω
2782 2394 2842 2446 ἂν
2892 2397 2969 2454 εἴη
3019 2403 3115 2456 τῆς
3160 2404 3424 2472 πατρικῆς
3469 2397 3645 2458 οὐσίας
3690 2397 3713 2448 ό
3756 2396 3859 2456 Υἱὸς,

2317 2487 2448 2558 ἥπερ
2497 2486 2556 2536 τὸ
2604 2490 2842 2556 Πνεῦμα·
2904 2489 2994 2537 καὶ
3045 2485 3208 2548 οὕτως
3257 2487 3286 2545 ἡ
3346 2482 3668 2540 Μακεδονίου
3725 2482 3860 2547 πάλιν,

2317 2571 2453 2624 κατὰ
2510 2579 2600 2625 τοῦ
2651 2576 2966 2646 Πνεύματος,
3019 2574 3321 2650 παρακύψει
3374 2575 3562 2649 τόλμα,
3606 2577 3658 2628 τὸ
3704 2573 3860 2626 ἐκείνων

2319 2658 2649 2736 ὑποδυομένη
2683 2659 2882 2739 δρᾶμα,
2909 2670 2999 2717 καὶ
3025 2668 3119 2724 τὴν
3143 2669 3361 2724 σκηνήν.

2394 2839 2470 2912 ιβ’
2513 2839 2713 2902 "sum
2758 2859 2813 2894 τε
2861 2837 2940 2906 δὲ,
2998 2841 3042 2894 εἰ
3093 2843 3264 2895 πάντα
3310 2845 3375 2896 τὰ
3415 2843 3563 2896 κοινὰ
3589 2842 3771 2915 Πατρός
3798 2839 3865 2888 καὶ

2319 2932 2464 2994 Υὶοῦ,
2495 2933 2584 2982 καὶ
2613 2937 2705 2982 τοῦ
2745 2933 3043 3003 Πνεύματος
3080 2933 3282 2993 πάντως
3337 2934 3573 3006 ὑπάρχει
3623 2931 3752 2982 κοινά
3778 2948 3789 2959 °
3813 2928 3862 2984 ὡς

555 3018 732 3075 etiam
761 3015 1112 3073 communia
1142 3031 1156 3083 ;
1185 3031 1402 3086 nempe
1437 3015 1613 3082 Deus,
1645 3031 1769 3083 rex,
1801 3021 2050 3085 creator,
2079 3031 2206 3073 om-

2318 3022 2376 3072 τό
2418 3022 2565 3084 Θεὸς,
2596 3022 2652 3072 τό
2695 3020 2955 3084 Βασιλεύς,
2988 3024 3046 3073 τὸ
3105 3025 3454 3097 Δημιουργὸς,
3511 3025 3567 3074 τὸ
3617 3015 3864 3089 Παντοκρά-

554 3108 853 3180 nipotens,
882 3104 1479 3178 supersubstantiale,
1499 3105 1774 3177 simplex,
1798 3105 2208 3177 inﬁguratum,

555 3195 950 3270 incorporale,
990 3195 1304 3259 invisibile,
1356 3199 1414 3251 et
1444 3195 1790 3266 simpliciter
1818 3195 1937 3252 alia
1983 3195 2209 3252 omnia.

557 3287 725 3353 Quod
758 3285 806 3340 si
838 3285 1146 3358 processio
1181 3283 1426 3356 Spiritus
1476 3284 1550 3340 sit
1577 3283 1730 3339 Patri
1760 3284 2098 3339 communis
2129 3288 2211 3340 at-

557 3390 673 3446 que
707 3374 867 3438 Filio,
899 3378 1028 3429 tum
1048 3389 1079 3428 e
1106 3373 1301 3445 seipso
1327 3372 1613 3446 procedet
1641 3372 1911 3444 Spiritus,
1941 3372 2072 3444 ipse
2098 3371 2212 3429 sibi

556 3462 670 3534 ipsi
719 3462 1082 3534 principium
1143 3463 1268 3527 erit,
1315 3477 1493 3516 causa
1534 3460 1713 3516 simul
1759 3466 1814 3516 et
1861 3465 2211 3526 causatum;

559 3567 746 3624 quam
785 3550 1088 3606 ﬁctionem
1129 3565 1204 3605 ne
1249 3552 1583 3606 Graecorum
1638 3548 1858 3606 fabulas
1901 3548 2214 3606 commini-

561 3643 883 3696 scerentur.

635 3729 720 3783 13.
749 3725 987 3783 Accedit
1017 3729 1211 3783 autem
1244 3727 1430 3799 quod,
1459 3727 1506 3782 si
1536 3727 1844 3800 proprium
1866 3727 1937 3784 sit
1965 3728 2214 3800 Spiritus

561 3816 748 3874 solius
803 3816 865 3873 in
918 3816 1152 3873 diversa
1209 3816 1506 3890 principia
1561 3815 1910 3874 relationem
1966 3817 2212 3884 habere,

561 3911 716 3964 certe
747 3905 932 3962 solius
976 3905 1084 3962 erit
1114 3905 1358 3977 Spiritus
1409 3905 1772 3979 principium
1812 3906 2035 3964 habere
2067 3907 2214 3963 mul-

562 3997 762 4070 tiplex,
797 3999 856 4052 et
883 4010 1004 4052 non
1040 4011 1251 4051 unum.

637 4087 719 4142 14.
754 4084 1012 4149 Addam,
1050 4085 1097 4140 si
1129 4084 1188 4140 in
1228 4084 1450 4158 quibus
1495 4100 1714 4142 novam
1759 4085 1949 4142 Patris
1988 4090 2044 4143 et
2091 4086 2214 4143 Filii

564 4175 1052 4233 communionem
1077 4173 1557 4239 introduxerunt,
1573 4175 1733 4230 abiis
1759 4175 1906 4246 ipsis
1928 4174 2213 4248 Spiritum

565 4263 890 4321 excludunt
920 4280 932 4329 ;
965 4268 1022 4319 et
1053 4263 1104 4318 si
1134 4263 1303 4319 Pater
1334 4262 1475 4319 Filio
1503 4279 1607 4334 per
1647 4263 2045 4321 substantiam
2075 4280 2214 4321 con-

560 4354 851 4427 jungitur,
883 4368 1006 4408 non
1025 4356 1225 4408 autem
1255 4353 1588 4408 secundum
1609 4353 1875 4427 aliquam
1895 4371 1926 4410 e
1953 4355 2206 4428 proprie-

2327 4355 2647 4429 ἰδιωμάτων,
2725 4359 2794 4421 εἰς
2874 4365 3140 4411 κοινωνίαν

565 4444 786 4504 tatibus
816 4459 829 4510 ;
857 4443 1136 4516 Spiritum
1173 4457 1415 4514 quoque
1445 4443 1936 4501 circumscribant
1973 4461 2214 4501 necesse

565 4541 670 4602 est,
700 4534 797 4590 illa
823 4549 955 4606 qua!
981 4548 1088 4606 per
1117 4531 1507 4587 substantiam
1534 4537 1622 4588 est
1649 4534 2025 4604 cognatione.

637 4627 724 4682 15.
755 4622 936 4680 Vides
965 4622 1124 4679 enim
1150 4636 1337 4695 quam
1369 4621 1626 4677 inaniter
1654 4622 1770 4688 isti,
1797 4623 1897 4677 sed
1929 4627 2131 4679 tamen
2155 4628 2219 4678 ut

565 4714 793 4770 facilius
823 4713 1022 4785 plures
1052 4710 1191 4767 inde
1222 4714 1598 4782 aucupentur
1627 4727 1640 4778 ;
1669 4727 1891 4767 nomen
1921 4710 2032 4767 sibi
2065 4710 2221 4768 Chri-

569 4803 828 4858 stianum
862 4803 1286 4874 imposuerunt.
1332 4801 1639 4874 Egreditur
1685 4817 1720 4857 a
1753 4801 1892 4857 Filio
1922 4800 2171 4872 Spiritus
2204 4818 2219 4868 ;

572 4893 690 4946 Hoc
723 4891 880 4945 unde
920 4889 1102 4946 fando
1134 4891 1358 4947 factum
1387 4889 1662 4962 accepisti
1692 4892 1720 4948 ?
1771 4893 1808 4946 E
1850 4890 2220 4962 quibusnam

571 4979 903 5050 Evangeliis
944 4979 1100 5036 hanc
1129 4996 1336 5037 vocem
1367 4979 1556 5036 habes
1593 4979 1621 5036 ‘2
1648 4979 1974 5052 Cujusnam
2008 4980 2224 5052 synodi

569 5067 992 5141 blasphemum
1022 5069 1183 5124 istud
1207 5069 1455 5126 verbum
1485 5070 1512 5124 ‘I

649 5156 731 5212 t6.
767 5155 1054 5212 Dominus
1088 5173 1158 5212 ac
1183 5160 1336 5213 Deus
1363 5163 1562 5214 noster
1586 5157 1801 5232 inquit,
1835 5158 2092 5229 Spiritus
2121 5161 2228 5232 qui

571 5246 831 5321 procedit
858 5260 895 5300 a
918 5244 1118 5302 Patre.
1145 5246 1316 5301 Istius
1333 5253 1531 5304 autem
1553 5247 1874 5304 novitianae
1906 5247 2224 5322 impietatis

573 5342 850 5412 parentes
882 5333 1048 5390 aiunt
1077 5350 1088 5388 :
1124 5335 1384 5404 Spiritus
1412 5337 1513 5408 qui
1541 5352 1578 5394 a
1607 5337 1764 5394 Filio
1793 5339 2080 5408 procedit.

647 5522 789 5591 Quis
806 5535 928 5579 non
956 5520 1032 5578 ad
1055 5532 1364 5578 enormem
1389 5520 1542 5579 hanc
1574 5521 2023 5597 blasphemiam
2038 5521 2229 5581 occlu-

2317 3128 2440 3182 τωρ,
2487 3112 2545 3161 τό
2575 3108 2931 3184 ’Υπερούσιον,
2975 3114 3032 3163 τό
3075 3109 3320 3179 Ἀπλοῦν,
3351 3115 3412 3164 τό
3463 3110 3862 3182 Ἀσχημάτιστον,

2318 3203 2375 3251 τό
2408 3199 2734 3272 Ἀσώματον,
2767 3203 2824 3252 τό
2883 3200 3146 3274 Ἀόρατον,
3198 3200 3372 3264 ἁπλῶς
3426 3203 3490 3254 τὰ
3536 3199 3657 3253 ἄλλα
3699 3198 3860 3249 πάνταο

2318 3291 2486 3340 κοινὸν
2514 3284 2572 3341 δὲ
2602 3291 2804 3364 Πατρός
2827 3294 2917 3342 καὶ
2965 3292 3108 3355 Υίοῦ,
3155 3291 3185 3348 ἡ
3243 3297 3332 3342 τοῦ
3365 3293 3674 3362 Πνεύματος,
3715 3285 3762 3348 ἕξ
3795 3283 3862 3334 αὖ·

2319 3385 2440 3444 τῶν,
2470 3375 2698 3450 πρόοδος
2723 3399 2735 3412 -
2766 3382 2858 3431 καὶ
2887 3379 2940 3442 ἐξ
2988 3379 3171 3432 ἑαυτοῦ
3210 3381 3314 3453 ἄρα
3356 3379 3769 3453 έκπορευθήσεται
3819 3374 3860 3423 τὸ

2321 3474 2560 3540 Πνεῦμα·
2617 3472 2705 3520 καὶ
2753 3467 2898 3542 ἀρχὴ
2953 3471 3103 3521 ἔσται
3157 3467 3284 3522 αύτό
3351 3469 3559 3537 ἑαυτοῦ,
3611 3471 3690 3519 καὶ
3738 3466 3860 3515 αἴτιον

2319 3557 2430 3630 ἅμα
2457 3561 2546 3609 καὶ
2577 3557 2835 3612 αἰτιατόν.
2890 3557 3052 3632 Ὅπερ
3088 3555 3202 3611 οὐδ’
3237 3559 3284 3610 οἱ
3334 3567 3438 3611 τῶν
3483 3557 3711 3615 Ἑλλήνων
3742 3552 3861 3626 μύθοι

2321 3645 2690 3700 ἀνεπλάσαντο.

2395 3734 2458 3807 ιγ’
2515 3735 2669 3787 Ἀλλὰ
2729 3740 2820 3788 καὶ
2879 3735 2922 3788 εἰ
2989 3740 3150 3808 μόνου
3207 3739 3500 3809 Πνεύματός
3565 3735 3683 3799 ἔστι,
3723 3733 3768 3783 τό
3810 3728 3860 3785 εἰς

2321 3823 2496 3899 ἀρχὰς
2545 3824 2889 3899 ἀναφέρεσθαι
2940 3822 3244 3900 διαφόρους,
3301 3834 3408 3887 πῶς
3459 3826 3552 3879 οὐκ
3602 3827 3700 3878 ἔστι
3738 3822 3859 3892 μόνον

2323 3917 2638 3988 Πνεύματος,
2668 3919 2725 3967 τό
2750 3913 3050 3991 πολύαρχον
3077 3918 3217 3988 ἔχειν
3248 3914 3425 3988 ἀρχὴν
3459 3936 3474 3986 ;

2395 4086 2484 4143 ιδ’.
2533 4089 2645 4144 Ἐτι
2702 4087 2780 4156 δὲ,
2841 4089 2885 4143 εἰ
2937 4089 2985 4142 έν
3043 4090 3122 4153 οἷς
3148 4095 3316 4166 Πατρὶ
3367 4096 3459 4145 καὶ
3499 4093 3598 4160 Υίῷ
3646 4084 3859 4138 κοινωνίαν

2323 4177 2756 4250 ἐκαινούργησαν,
2809 4183 2866 4232 τό
2923 4186 3132 4252 Πνεῦμα
3186 4182 3393 4241 τούτοις
3447 4175 3858 4249 ἀποτειχίξονσιν⁶

2324 4273 2505 4344 Πατὴρ
2565 4265 2625 4322 δὲ
2677 4271 2792 4322 κατ’
2847 4269 3028 4322 οὐσίαν
3076 4273 3200 4342 Υίῷ,
3249 4269 3357 4322 ἀλλ’
3423 4269 3481 4322 ού
3533 4269 3656 4320 κατά
3701 4283 3741 4315 τι
3787 4266 3858 4310 τῶν

3241 4362 3576 4412 συνάπτεται·
3644 4361 3726 4414 τῆς
3773 4343 3858 4401 κατ’

2325 4446 2504 4500 ούσίαν
2520 4448 2622 4522 ἄρα
2653 4453 2972 4521 συγγενείας,
2995 4452 3053 4500 τὸ
3086 4455 3293 4521 Πνεῦμα
3319 4448 3706 4523 περιορίζουσιν.

2402 4623 2477 4678 ιε’.
2509 4622 2686 4696 Ὁρᾷς,
2746 4627 2814 4686 ὡς
2845 4625 3014 4696 μάτην
3057 4623 3220 4689 οὗτοι,
3269 4623 3458 4695 μᾶλλον
3490 4620 3539 4675 δ’
3583 4620 3642 4680 εἰς
3683 4616 3858 4690 πρόχει-

2329 4732 2415 4787 ρον
2465 4715 2626 4786 θήραν
2671 4721 2768 4765 τῶν
2821 4713 3036 4778 πολλῶν,
3091 4717 3149 4764 τό
3202 4721 3299 4765 τῶν
3353 4715 3656 4787 Χριστιανῶν
3702 4704 3857 4757 ἑαυτοῖς

2331 4802 2574 4856 ἐπέθεσαν
2622 4807 2800 4871 ὄνομα.
2835 4803 3198 4878 Ἐκπορεύεται
3251 4805 3308 4854 τό
3359 4809 3564 4873 Πνεῦμα
3615 4802 3694 4849 τοῦ
3727 4793 3853 4843 Υἱοῦ⁶

2331 4895 2485 4945 πόθεν
2557 4896 2785 4952 ἤκουσας
2840 4899 3032 4959 τοῦτο;
3075 4891 3128 4944 ἐκ
3188 4897 3344 4944 ποίων
3398 4887 3749 4962 Εύαγγελιστῶν
3787 4878 3855 4930 τὴν

2334 4987 2502 5054 φωνὴν
2558 4983 2698 5054 ἔχεις
2725 4984 2966 5048 rerum»;
3011 4986 3161 5042 ποίας
3221 4977 3446 5034 συνόδου
3501 4982 3556 5033 τό
3604 4974 3854 5050 βλάσφημον

2335 5078 2487 5124 τοῦτο
2516 5073 2580 5145 ῥη
2588 5091 2660 5144 μα
2683 5089 2697 5134 ;

2409 5160 2498 5226 ις’.
2533 5159 2592 5213 Ὀ
2626 5164 2815 5234 Κύριος
2861 5165 2950 5213 καὶ
3003 5163 3130 5222 Θεὸς
3175 5162 3322 5232 ἡμῶν
3371 5178 3542 5233 φησιν,
3589 5155 3651 5206 T6
3679 5151 3852 5214 “vf-35‘“,

2337 5253 2532 5325 ὃπαρὰ
2579 5258 2670 5302 τοῦ
2723 5253 2925 5325 Πατρός
2977 5250 3308 5324 ἐκπορεύεται
3337 5271 3349 5283 ·
3393 5252 3442 5302 οἱ
3485 5243 3541 5300 δὲ
3589 5249 3671 5303 τῆς
3715 5237 3852 5328 scivit

2336 5344 2529 5402 ταύτης
2581 5337 2894 5402 δυσσεϐείας
2958 5345 3194 5414 πατέρες,
3248 5342 3317 5393 T6
3367 5345 3585 5410 Πνεῦμα,
3641 5329 3784 5404 φησιν»
3832 5333 3850 5366 °

2337 5434 2481 5505 παρὰ
2509 5437 2600 5484 τοῦ
2629 5432 2753 5484 Υίοῦ
2781 5428 3132 5504 ἐκπορεύεται.

2409 5502 2502 5585 Τίς
2555 5519 2613 5573 ού
2658 5519 2850 5574 κλείσει
2894 5502 2960 5574 τὰ
3010 5516 3118 5574 ὦτα
3172 5522 3300 5594 πρὸς
3352 5521 3445 5578 τὴν
3499 5506 3746 5588 ὑπερϐολὴν
3779 5502 3848 5553 τῧῖ
