4088 6214
241 320 346 374 729

1421 335 1424 338 ’
1511 321 2018 380 EPISTOLARUM
2061 319 2276 377 LIBER
2315 322 2358 377 Ι.

3498 333 3603 386 730

240 442 582 520 βλασφημίας
653 451 887 517 ταύτης;
949 449 1088 508 Αὕτη
1159 450 1294 502 κατὰ
1359 455 1458 502 τῶν
1510 448 1836 522 Εὖαγγελίων

1962 447 2049 504 iet
2077 463 2251 504 aures
2279 448 2308 504 ?
2337 462 2471 521 quae
2494 453 2670 521 quasi
2703 454 2817 508 stat
2846 467 2919 508 ex
2955 450 3209 511 adversa
3238 455 3364 512 acie
3411 458 3594 514 Evan-

240 536 474 603 ἱσταται,
535 541 662 612 πρός
742 542 831 600 τὰς
894 540 1051 612 ἁγίας
1108 541 1507 612 παρατάσσεται
1563 535 1834 602 συνόδους,

237 628 354 686 τοὺς
397 631 688 702 μακαρίους
737 634 826 681 καὶ
875 628 1053 700 ἁγίους
1109 629 1528 703 παραγράφεται.
1581 632 1836 702 Πατέρας,

236 717 324 766 τόν
377 720 536 788 μέγαν
592 717 925 782 Ἀθανάσιον,
987 721 1073 770 τόν
1131 717 1180 770 έν
1241 716 1476 790 θεολογίᾳ
1531 715 1837 792 περιϐόητον

238 809 547 878 Γρηγόριον,
607 810 700 864 τὴν
754 806 1020 860 Βασίλειον
1081 816 1173 868 τῆς
1202 807 1515 866 Ἐκκλησίας
1571 805 1755 864 στολὴν
1782 818 1835 874 ιι,

233 896 321 946 τόν
373 897 536 966 μέγαν
619 894 908 965 Βασίλειον,
965 898 1022 949 τὸ
1073 903 1312 970 χρυσοῦν
1377 904 1472 957 τῆς
1533 894 1838 968 οἰκουμένης

237 986 429 1055 στόμα,
511 986 570 1036 τό
649 991 742 1047 τῆς
818 990 997 1058 σοφίας
1066 985 1310 1057 πέλαγος,
1364 988 1452 1037 τόν
1517 986 1586 1051 ὡς
1635 983 1838 1047 ἀληθῶς

231 1077 635 1145 Χρυσόστομον.
697 1077 796 1127 Καὶ
842 1079 894 1126 τί
922 1074 1054 1146 λέγω
1110 1077 1197 1127 τόν
1252 1073 1415 1140 δεῖνα,
1450 1073 1482 1132 ἢ
1522 1077 1608 1126 τόν
1643 1071 1834 1142 δεῖνα;

229 1164 368 1213 κατὰ
397 1165 599 1215 πάντων
629 1163 759 1236 ὁμοῦ
798 1171 899 1215 τῶν
947 1163 1107 1236 ἁγίων
1162 1171 1459 1237 προφητῶν,
1504 1162 1835 1232 ἀποστόλων,

234 1252 518 1326 ἱεραρχών,
593 1255 889 1327 μαρτύρων,
967 1257 1056 1306 καὶ
1104 1253 1273 1306 αὐτῶν
1349 1262 1448 1305 τῶν
1513 1250 1838 1306 δεσποτικῶν

234 1349 432 1412 φωνῶν,
490 1343 520 1400 ἠ
578 1339 894 1415 βλάσφημος
948 1342 1078 1401 αὕτη
1130 1349 1219 1395 καὶ
1247 1345 1511 1415 θεόμαχος
1564 1346 1701 1415 φωνὴ
1731 1341 1837 1404 ἐξοο

233 1427 492 1492 πλίζεται.

309 1515 393 1579 ιζ.
457 1522 526 1572 Τὸ
578 1525 784 1591 Πνεῦμα
812 1518 868 1572 ἐκ
895 1528 989 1573 τοῦ
1037 1522 1160 1574 Υἱοῦ
1213 1519 1546 1595 ἐκπορεύεται
1578 1539 1592 1589 ;
1621 1520 1836 1596 πότερον

233 1609 328 1664 τὴν
381 1606 544 1665 αὐτὴν
611 1607 938 1683 ἐκπόρευσιν,
993 1611 1022 1669 ἣ
1083 1618 1180 1672 τῆς
1232 1616 1477 1682 πατρῴας
1525 1608 1834 1677 ἀντίθετον;

187 1736 190 1739 -
234 1694 298 1748 Εἰ
353 1699 446 1768 μὲν
486 1698 589 1770 γὰρ
641 1701 736 1756 τὴν
793 1697 978 1764 αὐτὴν,
1035 1707 1144 1761 πῶς
1183 1698 1241 1751 οὐ
1289 1706 1584 1752 κοινοῦνται
1617 1700 1673 1750 αἱ
1707 1695 1838 1752 ἰδιό-

231 1801 428 1852 τητες;
471 1785 549 1847 αἷς
598 1792 688 1839 καὶ
741 1791 924 1860 μόναις
977 1789 1008 1847 ἠ
1068 1791 1246 1861 Τριὰς,
1302 1791 1463 1861 Τριας
1533 1785 1685 1856 εἶναι,
1747 1793 1837 1842 καὶ
1870 1792 1914 1847 Β

233 1876 670 1949 προσκυνεῖσθαι,
725 1877 1204 1952 χαρακτηρίζεται.
1239 1877 1296 1931 Εἰ
1347 1873 1405 1930 δὲ
1465 1875 1662 1940 ἐκείνης
1701 1876 1838 1930 ἀντί-

236 1965 400 2030 θετον,
455 1973 567 2026 πῶς
627 1967 752 2038 ἡμῖν
808 1966 866 2018 οὗ
921 1968 1195 2032 Μάνεντες,
1255 1971 1344 2020 καὶ
1391 1970 1714 2039 Μαρκίωνες,
1765 1975 1837 2038 τῷ

232 2053 436 2126 ῥήματι
491 2056 678 2126 τούτῳ,
734 2057 1118 2130 προκύπτουσι,
1190 2060 1284 2115 τὴν
1339 2058 1600 2128 θεόμαχον
1660 2055 1835 2120 πάλιν,

233 2146 371 2194 κατά
420 2150 512 2196 τοῦ
568 2147 786 2219 Πατρός,
834 2149 924 2197 καὶ
998 2151 1090 2198 τοῦ
1143 2147 1289 2215 Υἱοῦ,
1351 2145 1598 2217 γλῶσσαν
1638 2149 1838 2220 προτεί·

235 2251 406 2294 νοντες
435 2247 449 2298 ;

311 2320 409 2380 ιη’.
452 2324 588 2397 Πρὸς
643 2319 704 2376 δὲ
730 2341 789 2395 γε
827 2330 936 2385 τοῖς
998 2323 1302 2399 εἰρημένοις,
1335 2323 1378 2375 εἰ
1409 2321 1465 2375 ἐκ
1503 2331 1595 2376 τοῦ
1643 2326 1839 2398 Πατρός

236 2413 328 2483 μὲν
359 2412 385 2463 ό
430 2413 546 2472 Υἱός
577 2415 898 2482 γεγέννηται,
931 2416 990 2464 τό
1048 2409 1108 2466 δὲ
1141 2419 1348 2486 Πνεῦμα
1397 2411 1453 2464 ἐκ
1481 2421 1572 2465 τοῦ
1617 2417 1836 2486 Πατρός,

235 2504 328 2553 καὶ
377 2507 468 2552 τοῦ
518 2501 662 2569 Υἱοῦ,
696 2498 1026 2574 ἐκπορεύεται
1060 2523 1073 2535 ·
1103 2504 1167 2563 ὡς
1222 2502 1292 2564 εἰς
1348 2498 1445 2554 δύο
1497 2501 1666 2563 αἰτίας
1715 2501 1837 2554 ἁνα-

237 2594 531 2664 φερόμενον,
561 2586 684 2643 οὐδὲ
713 2595 770 2643 τό
801 2593 1042 2644 σύνθετον
1072 2589 1201 2644 εἶναι
1232 2588 1588 2664 διαδράσειεν.

313 2679 404 2732 ιθ’.
437 2677 461 2692 ’
491 2685 582 2732 Ετι
613 2675 692 2744 δὲ,
748 2679 791 2732 εἰ
841 2679 894 2732 ἐκ
951 2687 1043 2732 τοῦ
1095 2685 1289 2753 Πατρός
1318 2682 1342 2732 ὁ
1372 2681 1488 2740 Υἱός
1515 2684 1838 2752 γεγέννηται,

236 2772 294 2822 τό
341 2764 401 2821 δι
451 2775 660 2841 Πνεῦμα
703 2767 756 2820 ἐκ
817 2777 908 2821 τοῦ
972 2773 1174 2843 Πατρός
1232 2774 1321 2822 καὶ
1376 2776 1468 2822 τοῦ
1515 2770 1639 2822 Υίοῦ
1691 2767 1841 2821 ἐκπο-

236 2860 464 2932 ρεύεται,
519 2862 601 2922 τίς
654 2860 683 2917 ἠ
742 2863 1052 2932 καινοτομία
1113 2866 1204 2911 τοῦ
1259 2862 1575 2932 Πνεῦματος,
1624 2863 1696 2931 μὴ
1753 2863 1842 2911 καὶ

237 2948 410 3020 ἔτερόν
497 2966 550 3000 τι
629 2947 789 3000 αὐτοῦ
870 2946 1323 3022 ἐκπεπορεῦσθαι;
1379 2951 1444 3008 ὡς
1497 2949 1840 3020 συνάγεσθαι,

236 3039 374 3088 κατὰ
404 3039 499 3096 τὴν
539 3035 740 3090 ἐκείνων
797 3039 1057 3109 θεόμαχον
1111 3041 1341 3110 γνώμην,
1401 3041 1472 3110 μὴ
1523 3043 1680 3108 τρεῖς,
1716 3034 1844 3088 ἀλλὰ

235 3130 502 3201 τέσσαρας
540 3128 630 3187 τὰς
687 3127 1029 3192 ὑποστάσεις,
1076 3126 1266 3198 μᾶλλον
1322 3123 1368 3178 δ’
1408 3125 1653 3200 ἀπείρους
1694 3147 1706 3159 ·
1749 3133 1843 3188 τῆς
1878 3148 1918 3205 C

238 3217 492 3290 τετάρτης
570 3215 749 3277 αὐτοῖς
851 3216 1010 3271 ἄλλην
1105 3215 1522 3289 προϐαλλούσης,
1606 3213 1845 3276 κάκείνης

240 3305 398 3358 πάλιν
457 3304 648 3379 ἑτέραν,
709 3309 901 3378 μέχρις
973 3306 1035 3357 οἶν
1103 3305 1174 3368 εἰς
1226 3310 1320 3364 τὴν
1373 3305 1639 3364 ἑλληνικὴν
1692 3305 1846 3358 πολυ-

240 3394 344 3452 πλη
354 3395 469 3447 θίαν
496 3393 778 3448 ἐκπέσωσι.

314 3481 384 3539 κ’.
455 3487 586 3557 Πρός
662 3479 722 3536 δι
767 3502 827 3555 γε
889 3491 998 3546 τοῖς
1045 3483 1345 3558 εἰρημένοις,
1404 3483 1608 3538 κάκεῖνο
1665 3485 1727 3536 ἄν
1772 3504 1848 3547 τις

241 3571 665 3638 ἐπισκοπήσειεν,
721 3575 789 3635 ὡς
838 3575 976 3647 εἰπερ
1027 3573 1057 3632 ὴ
1116 3581 1208 3626 τοῦ
1289 3575 1601 3646 Πνεύματος,
1647 3577 1704 3625 ἐκ
1756 3582 1846 3627 τοῦ

243 3665 470 3736 Πατρός,
527 3659 774 3736 πρόοδος,
831 3663 904 3724 εἰς
959 3663 1180 3735 ὕπαρξιν
1213 3663 1482 3716 συντελεῖ·
1531 3667 1583 3715 τί
1615 3669 1846 3718 συνοίσει

241 3759 318 3822 τῷ
374 3754 635 3824 Πνεύματι
664 3752 694 3810 ἠ
743 3750 797 3803 ἐκ
828 3759 918 3804 τοῦ
967 3755 1092 3806 Υἱοῦ
1144 3751 1470 3822 ἐκπόρευσις,
1518 3759 1614 3814 τῆς
1663 3771 1848 3824 πατρι-

243 3848 345 3903 κῆς
393 3839 654 3913 ἀρκούσης
699 3841 770 3902 εἰς
809 3841 1075 3917 ὖπαρξιν;
1133 3841 1208 3894 Οὔ
1255 3843 1354 3913 γὰρ
1414 3860 1508 3906 τις,
1566 3841 1637 3902 είς
1680 3841 1847 3915 ἕτερον

244 3949 320 3996 τι⁹
379 3937 475 3982 τῶν
533 3935 652 4004 περὶ
700 3934 793 3989 τὴν
848 3931 1052 3996 οὐσίαν,
1106 3929 1381 3996 συντελεῖν,
1436 3929 1849 4001 κατατολμήσειε

241 4020 454 4090 λέγειν·
510 4020 686 4081 πάσης
743 4015 983 4083 διπλόης,
1041 4023 1130 4072 καὶ
1186 4020 1492 4084 συνθέσεως,
1541 4027 1635 4080 τῆς
1682 4038 1850 4090 μακαο

242 4114 369 4181 ρίας
430 4112 517 4160 καὶ
607 4110 748 4171 θείας
804 4107 996 4171 ἐκείνης
1051 4111 1266 4183 φύσεως,
1324 4111 1388 4170 ὡς
1445 4107 1700 4160 ἀπωτάτω
1747 4127 1850 4161 κει-

243 4200 432 4270 μὲνης.

317 4287 424 4337 κα¹⁶
480 4291 655 4358 Χωρὶς
711 4282 770 4339 δὲ
822 4295 922 4339 τῶν
998 4287 1294 4362 εἰρημένων,
1354 4287 1395 4340 εἰ
1439 4293 1540 4341 πᾶν
1586 4288 1708 4357 ὅπερ
1775 4292 1846 4360 μή

245 4375 364 4427 ἐστι
392 4377 562 4427 κόινόν
598 4384 691 4437 τῆς
748 4386 1226 4450 παντοκρατορικῆς
1277 4383 1366 4428 καὶ
1428 4379 1712 4449 όμοουσίου
1761 4384 1850 4430 καὶ

242 4464 540 4538 ὑπερφυοῦς
567 4461 816 4539 Τριάδος,
849 4465 955 4527 ἑνός
1021 4465 1132 4519 ἐστι
1181 4471 1340 4538 μόνου
1398 4475 1496 4519 τῶν
1528 4475 1682 4539 τριῶν
1715 4483 1726 4496 ·
1757 4466 1850 4518 οῦκ
1884 4503 1929 4557 D

244 4555 364 4605 ἔστι
385 4549 443 4605 δὲ
473 4555 504 4611 ἡ
540 4561 630 4606 τοῦ
659 4557 948 4625 Πνεῦματος
1006 4554 1248 4628 προϐολὴ,
1305 4559 1472 4608 κοινόν
1500 4565 1596 4608 τῶν
1650 4564 1804 4631 τριῶν
1833 4573 1846 4586 ·

248 4640 358 4704 ἑνός
389 4641 492 4715 ἆρα
531 4641 670 4696 ἐστὶν
699 4649 858 4716 μόνου
907 4653 1006 4696 τῶν
1048 4653 1220 4717 τριῶν.
1277 4651 1494 4720 Πότερον
1535 4642 1622 4697 οὖν
1674 4649 1729 4698 ὲκ
1759 4652 1851 4697 τοῦ

249 4733 458 4804 Πατρός
536 4737 792 4803 φήσουσιν
873 4731 1243 4808 ἐκπορεύεσθαι
1323 4738 1380 4786 τό
1465 4740 1712 4806 Πνεῦμα;
1764 4738 1852 4786 καὶ

247 4830 357 4881 πῶς
413 4821 506 4872 οὐκ
566 4820 902 4894 ἐξομόσονται
958 4828 1052 4882 τὴν
1103 4824 1252 4896 φίλην
1311 4824 1481 4884 αὐτοῖς
1528 4828 1618 4876 καὶ
1676 4829 1850 4881 κοινὴν

243 4912 749 4983 μυσταγωγίαν;Εἰ
789 4909 848 4965 δε
901 4911 956 4964 ἐκ
1007 4919 1098 4964 τοῦ
1161 4915 1303 4976 Υἱοῦ,
1338 4917 1390 4964 τί
1448 4917 1519 4985 μὴ
1575 4916 1851 4986 καταρχὰς

246 4998 548 5074 ἐθάρῥησαν
607 4999 775 5053 αὐτῶν
832 5001 952 5059 θην
1013 5000 1304 5072 ἐκκαλύψαι
1355 5006 1448 5053 τήν
1504 5002 1792 5073 θεομαχίαν
1836 5019 1849 5069 ;

248 5093 323 5152 ὡς
379 5089 438 5142 οὐ
469 5094 623 5161 μόνον
669 5093 754 5142 τόν
803 5093 922 5143 Υίόν
979 5090 1046 5150 εἰς
1098 5096 1193 5149 τὴν
1251 5099 1344 5143 τοῦ
1385 5093 1676 5163 Πνεῦματος
1729 5110 1852 5164 προ-

247 5178 406 5238 ϐολὴν
453 5177 859 5250 ἐγκαθιστῶσιν,
921 5178 1048 5230 ἀλλὰ
1115 5185 1204 5232 καὶ
1259 5186 1350 5232 τοῦ
1409 5183 1604 5250 Πατρός
1655 5183 1852 5238 ταύτην

248 5269 632 5344 ἀφαιροῦνταιο
683 5269 760 5330 οἷς
813 5268 1092 5320 ἀκόλουθον
1132 5265 1200 5327 δὴ
1242 5287 1363 5333 που,
1418 5273 1508 5321 καὶ
1554 5274 1646 5328 τὴν
1675 5274 1852 5339 γέννη-

250 5377 334 5412 σιν
359 5365 421 5431 τῇ
456 5356 684 5431 προϐολῇ
746 5359 1239 5430 συμμετατιθέντας,
1320 5353 1461 5430 μηδὲ
1499 5361 1586 5409 τόν
1643 5360 1762 5410 Υἰὸν
1794 5357 1848 5410 ἐκ

1949 537 2124 607 gelio,
2152 542 2492 594 exarmatur
2515 543 2722 595 contra
2762 556 2965 597 sacras
3001 546 3288 614 synodos,
3314 543 3525 602 beatos
3547 551 3605 602 et

1949 630 2189 681 sanctos
2232 629 2430 682 Patres
2483 626 2778 698 falsiﬁcat,
2830 645 3046 702 nempe
3091 646 3384 701 magnum
3431 633 3601 690 illum

1949 714 2367 779 Athanasium,
2401 715 2714 786 theologiaa
2757 718 2920 774 titulo
2946 719 3330 777 decantatum
3389 721 3605 792 Grego-

1947 803 2126 870 rium,
2152 803 2434 860 Basilium
2456 804 2621 860 illum
2645 807 2914 864 Ecclesia:
2942 823 3074 862 vere
3098 812 3327 878 regiam
3361 811 3600 879 stolam,

1949 904 2200 949 aureum
2230 892 2393 949 orbis
2425 909 2513 961 os,
2548 909 2679 950 vere
2709 894 3229 968 Chrysostomum,
3265 901 3606 973 sapientias-

1947 980 2094 1038 illud
2107 981 2370 1054 pelagus.
2381 981 2536 1048 Quid
2550 989 2750 1040 autem
2761 985 2924 1042 hunc
2942 986 3032 1042 vel
3043 985 3201 1043 illum
3217 990 3560 1062 compellem
3577 991 3606 1047 ?

1949 1072 2164 1128 Contra
2184 1087 2393 1128 omnes
2405 1072 2652 1128 omnino
2665 1079 2904 1132 sanctos
2918 1077 3597 1150 prophetas,apostolos,

1949 1160 2312 1227 sacerdotes,
2333 1165 2718 1234 martyres,et
2738 1163 2924 1235 ipsius
2947 1165 3126 1222 etiam
3150 1167 3383 1224 Domini
3402 1184 3600 1237 voces,

1949 1247 2298 1322 blasphema
2322 1250 2474 1317 haec,
2504 1256 2561 1307 et
2589 1251 2710 1309 Deo
2755 1251 2979 1310 bellum
3025 1253 3317 1322 indicens,
3347 1273 3461 1314 vox
3501 1274 3606 1314 ex-

1949 1344 2238 1396 armatur.

2021 1521 2104 1572 17.
2141 1517 2389 1590 Spiritus
2415 1517 2698 1575 nimirum
2726 1520 2994 1592 procedit
3026 1537 3058 1578 e
3089 1521 3230 1579 Filio
3250 1522 3280 1578 Ῡ
3320 1526 3604 1581 Utrumne

1944 1605 2592 1679 eadem-processione,
2628 1624 2705 1664 an
2736 1624 2807 1665 ex
2843 1609 3097 1666 adversa
3150 1613 3515 1682 processioni
3570 1630 3605 1670 a

1949 1697 2118 1752 Patre
2147 1695 2175 1750 ‘I
2205 1697 2254 1752 si
2283 1696 2518 1764 eadem,
2561 1698 2871 1770 quomodo
2902 1715 3023 1756 non
3075 1700 3606 1758 communicantur

1949 1783 2358 1857 proprietates,
2392 1801 2429 1842 a
2453 1786 2674 1858 quibus
2704 1793 2902 1844 tamen
2924 1787 3066 1844 solis
3085 1789 3337 1846 Trinitas
3363 1795 3420 1846 et
3449 1806 3600 1858 esse,

1951 1879 2006 1930 et
2025 1873 2262 1930 adorari
2291 1874 2699 1933 characterem
2730 1876 3003 1933 sortitur?
3025 1877 3113 1934 sin
3143 1878 3440 1935 contraria
3460 1896 3604 1953 qua-

1951 1963 2093 2019 dam
2115 1963 2217 2030 illi,
2241 1963 2554 2035 quomodo
2576 1979 2696 2021 non
2713 1965 2827 2021 hac
2858 1983 2965 2022 sua
2998 1967 3322 2024 assertione
3344 1969 3605 2026 Manetes

1951 2058 2008 2108 et
2028 2051 2353 2109 Marcioues
2371 2053 2803 2125 procuduntur,
2828 2055 2933 2126 qui
2955 2054 3076 2112 Deo
3096 2056 3319 2112 bellum
3344 2057 3606 2114 indicen-

1953 2145 2072 2197 tem
2100 2141 2392 2211 linguam,
2427 2149 2636 2199 eontra
2673 2145 2907 2200 Patrem
2937 2147 2996 2200 et
3024 2143 3232 2201 Filium
3263 2161 3469 2202 rursus
3509 2163 3608 2204 ex-

1953 2245 2188 2287 seruere
2207 2231 2238 2284 ‘2

2029 2320 2112 2376 18.
2135 2321 2374 2378 Aceedit
2394 2321 2471 2378 ad
2495 2322 2823 2394 prmmissa,
2849 2321 2942 2378 sie
2966 2323 3136 2379 Patre
3157 2322 3405 2396 quidem
3427 2324 3607 2382 Filius

1953 2414 2292 2479 generatur,
2323 2410 2695 2483 Spiritusque
2725 2411 2991 2483 procedit
3023 2427 3055 2466 e
3081 2412 3248 2468 Patre
3284 2418 3341 2470 et
3372 2413 3517 2480 Fiio,
3546 2413 3608 2470 in

1953 2497 2248 2571 duplicem
2273 2500 2624 2557 exsistentiae
2645 2516 2768 2556 suae
2788 2516 3036 2558 causam
3055 2504 3299 2568 relatus,
3327 2518 3449 2560 non
3471 2519 3610 2561 eva-

1953 2586 2070 2654 det,
2098 2587 2246 2660 quin
2286 2593 2344 2645 et
2367 2589 2738 2661 compositus
2769 2589 3031 2646 exsistat.

2028 2681 2111 2733 l9.
2145 2677 2352 2734 Adhuc
2397 2679 2444 2733 si
2488 2694 2520 2734 e
2577 2682 2744 2736 Patre
2775 2683 3098 2751 generatur
3156 2679 3356 2749 Filius,
3403 2681 3452 2738 si
3480 2682 3606 2755 Spi-

1953 2766 2102 2823 ritus
2158 2783 2188 2822 e
2236 2766 2406 2823 Patre
2447 2768 2710 2839 procedit
2757 2773 2813 2824 et
2857 2768 3019 2835 Filio,
3083 2785 3369 2842 quaenam
3420 2772 3614 2828 evenit

1955 2870 2110 2912 nova
2133 2856 2460 2922 innovatio,
2489 2857 2817 2930 quominus
2838 2859 2916 2914 ab
2941 2858 3074 2932 ipso
3106 2858 3272 2914 aliud
3293 2859 3610 2931 procedat?

1954 2946 2040 3001 Ita
2061 2946 2510 3012 constituentur,
2523 2948 2700 3019 juxta
2717 2946 3137 3019 blasphemam
3159 2948 3315 3005 hanc
3339 2947 3610 3020 ipsorum

1955 3035 2332 3103 sententiam,
2359 3051 2477 3092 non
2502 3041 2617 3092 tres
2637 3036 2998 3109 hypostases
3020 3036 3182 3102 solae,
3202 3037 3307 3093 sed
3329 3043 3611 3109 quatuor,

1957 3123 2002 3179 si
2032 3139 2154 3179 non
2187 3125 2386 3195 potius
2416 3124 2681 3190 inﬁnitas,
2719 3130 2781 3180 ut
2835 3130 3052 3196 quarta
3107 3125 3289 3180 aliam
3354 3127 3604 3192 emittat,

1955 3211 2054 3268 illa
2082 3212 2286 3268 itidem
2317 3213 2522 3278 aliam,
2560 3213 2894 3286 usquedum
2917 3214 2980 3269 in
3023 3213 3486 3286 multiplicatam
3508 3217 3609 3272 Pa-

1957 3316 2254 3372 ganorum
2277 3302 2644 3360 divinitatem
2679 3303 3049 3360 deveniatur.

2027 3483 2121 3537 20.
2151 3480 2367 3537 Praeter
2430 3479 2759 3554 superiora,
2813 3483 2870 3537 et
2927 3481 3043 3538 hoc
3093 3481 3610 3540 considerandum

1956 3569 2141 3642 quod,
2175 3571 2223 3625 si
2271 3571 2571 3642 processio
2621 3569 2872 3642 Spiritus
2904 3587 2936 3626 e
2973 3575 3133 3628 Patre
3160 3571 3218 3627 in
3273 3571 3614 3629 substantia

1957 3658 2403 3726 determinetur,
2422 3660 2718 3732 quidnam
2737 3659 2999 3732 Spiritui,
3018 3677 3244 3734 quaeso,
3279 3660 3519 3718 accedet
3534 3661 3612 3718 ab

1958 3747 2060 3803 illa
2075 3749 2145 3803 de
2164 3748 2304 3804 Filio
2327 3749 2731 3820 processione,
2756 3765 2895 3806 cum
2913 3750 3220 3822 processio
3245 3756 3493 3822 paterna
3534 3750 3611 3808 ad

1958 3837 2277 3892 essentiam
2303 3836 2559 3893 sufﬁciat
2579 3838 2606 3892 ‘I
2635 3837 2822 3894 Nemo
2843 3839 3003 3893 enim
3034 3855 3104 3895 eo
3127 3839 3398 3896 audaciae
3429 3839 3608 3896 deve-

1959 3926 2097 3991 niet,
2118 3926 2350 3997 opinor,
2374 3931 2434 3980 ut
2453 3924 2710 3982 afﬁrmet
2725 3927 3061 3982 conducere
3083 3927 3162 3984 ad
3178 3928 3406 4000 aliquid
3424 3928 3604 3999 aliud,

1959 4030 2165 4071 eorum
2189 4031 2326 4087 quas
2351 4021 2489 4070 sunt
2508 4015 2664 4070 circa
2683 4015 3104 4084 substantiam,
3124 4032 3262 4071 cum
3285 4016 3612 4088 duplicatio

1959 4104 2186 4176 quaevis
2202 4102 2559 4176 compositio
2585 4103 2662 4160 ab
2680 4103 2783 4162 illa
2808 4108 3024 4160 natura
3044 4103 3252 4160 divina
3274 4121 3461 4177 quam
3482 4104 3612 4160 lon-

1960 4192 2201 4264 gissime
2224 4197 2622 4249 removentur.

2030 4283 2118 4337 21.
2159 4283 2374 4338 Praeter
2424 4281 2784 4354 supradicta,
2817 4283 2865 4337 si
2915 4297 3094 4337 omne
3143 4282 3306 4354 quod
3355 4297 3478 4338 non
3527 4287 3615 4338 est

1961 4387 2278 4428 commune
2295 4371 2558 4428 Trinitati
2589 4371 2670 4427 illi
2701 4371 3260 4443 omnipotestativee,
3282 4372 3613 4428 homousiae

1959 4461 2485 4534 etsupernaturali,
2510 4462 2684 4516 unius
2711 4461 2893 4517 solius
2908 4461 3320 4534 estpropriuin
3338 4461 3610 4533 etribus;

1961 4551 2262 4623 processio
2321 4557 2519 4607 autem
2580 4550 2827 4622 Spiritus
2877 4555 3113 4606 nonest
3147 4550 3331 4606 tribus
3386 4549 3614 4622 aliquid

1961 4657 2283 4698 commune
2310 4657 2324 4708 ;
2357 4641 2602 4696 omnino
2633 4641 2742 4696 erit
2774 4641 2946 4696 unius
2986 4640 3170 4696 solius
3193 4655 3223 4696 e
3257 4639 3442 4695 tribus
3472 4655 3611 4711 pro-

1961 4729 2979 4803 prium.Utrumigituraiﬂrmabunt
2993 4728 3276 4800 Spiritum
3295 4729 3616 4800 procedere

1963 4834 1994 4874 e
2027 4823 2210 4885 Patre,
2263 4834 2340 4875 an
2403 4833 2525 4874 non
2546 4816 2573 4872 7
2625 4818 2798 4884 Quod
2829 4819 2876 4872 si
2907 4822 3126 4883 autem,
3152 4817 3461 4889 quomodo
3491 4834 3616 4874 non

1964 4908 2298 4964 necessario
2323 4907 2638 4979 ejerabunt
2660 4906 2824 4962 illam
2857 4922 3030 4963 suam
3059 4905 3339 4962 dilectam
3380 4907 3618 4974 adeo,et

1964 5013 2350 5054 communem
2376 4995 2810 5068 mystagogiam
2837 4995 3053 5061 ‘IQuod
3087 4995 3136 5050 si
3159 4995 3363 5052 dicant
3395 5013 3426 5052 e
3447 4997 3611 5064 Filio,

1964 5102 2070 5142 cur
2117 5102 2236 5142 non
2284 5087 2363 5142 ab
2420 5085 2587 5142 initio
2639 5099 2710 5140 eo
2757 5085 3014 5157 provecti
3071 5089 3210 5140 sunt
3238 5085 3526 5152 audacize,
3557 5091 3620 5143 ut

1965 5181 2149 5233 totam
2181 5193 2352 5233 suam
2366 5175 2806 5247 blasphemiam
2831 5174 3348 5233 simulrevelarent
3368 5177 3396 5233 ?
3420 5181 3484 5233 ut
3512 5177 3617 5249 qui

1965 5282 2088 5324 non
2115 5271 2345 5323 tantum
2377 5265 2588 5321 Filium
2619 5264 2697 5320 ad
2723 5263 3181 5337 productionem
3228 5265 3475 5339 Spiritus
3513 5267 3620 5322 ad-

1967 5357 2224 5421 mittant,
2256 5355 2359 5412 sed
2385 5357 2616 5411 Patrem
2656 5353 2889 5428 privent
2926 5355 3159 5426 penitus
3203 5355 3450 5428 quidem
3480 5371 3619 5428 pro-

1606 5499 1840 5556 VARI/E
1879 5497 2284 5555 LECTIONES.

323 5636 354 5669 ιι
393 5628 471 5680 ἷσ.
519 5623 736 5683 στύλην.
