4088 6214
551 266 647 321 ἳ31

548 392 865 450 ductione.
901 391 1091 456 Quem
1145 389 1392 446 demum
1449 388 1723 446 ordinem
1779 386 2213 447 consectantes,

560 481 1011 552 generationem
1038 495 1157 535 non
1174 479 1376 536 minus
1397 494 1581 551 quam
1605 476 2050 551 processioncm
2076 473 2215 530 alte-

562 571 802 635 rabunt,
837 585 949 626 nec
1008 569 1219 625 Filium
1275 585 1306 624 e
1349 569 1538 633 Patre,
1572 567 1678 623 sed
1716 567 1948 622 Patrem
1988 582 2019 620 e
2064 565 2204 622 Filio

559 659 1031 733 genitum,quod
1045 662 1136 715 est
1151 655 2163 725 moustrosum,commentabuntur
2186 672 2205 721 ς

558 749 725 806 unde
753 765 813 804 se
837 748 1133 821 principes
1151 751 1210 803 et
1229 746 1591 819 antipilanos
1606 761 1728 802 non
1748 750 1978 803 tantum
2004 744 2215 817 impio«

564 853 698 894 rum
734 837 837 892 sed
877 842 932 892 et
959 836 1320 893 furiosorum
1353 835 1744 891 exhibebunt.

630 929 718 981 22.
758 928 948 993 Quam
984 925 1264 982 furiosam
1295 932 1352 981 et
1384 925 1634 997 impiam
1677 924 1942 995 ipsorum
1984 926 2207 978 senten-

566 1015 711 1071 tiam
746 1032 878 1071 esse
900 1020 957 1071 et
982 1014 1056 1070 ab
1082 1016 1194 1071 isto
1225 1015 1387 1086 quod
1418 1014 1688 1070 dicemus
1717 1010 2100 1068 manifestum
2133 1011 2214 1067 fa-

566 1105 815 1162 ciemus.
845 1105 1098 1171 Quando
1118 1103 1417 1177 quidquid
1437 1102 1847 1159 consideratur
1877 1100 1963 1157 vel
1987 1099 2216 1158 dicetur

561 1196 617 1251 in
650 1211 722 1251 ea
750 1198 1137 1250 sacrosancta
1165 1193 1536 1250 connaturaii
1566 1198 1622 1248 et
1658 1190 2212 1264 supersubstantiali

558 1284 855 1351 Trinitate,
878 1282 965 1339 vel
999 1298 1320 1339 commune
1344 1282 1636 1354 quiddam
1666 1286 1753 1336 est
1778 1280 2090 1345 universe,
2118 1278 2211 1335 vel

557 1373 735 1429 unius
763 1372 1011 1443 alicujus
1042 1372 1321 1445 illiusque
1380 1371 1562 1427 solius
1593 1387 1624 1427 e
1657 1371 1842 1426 tribus
1900 1368 2207 1441 personis;

556 1477 815 1534 cumque
843 1462 1093 1532 Spiritus
1124 1461 1419 1533 processio
1452 1477 1571 1516 non
1612 1460 1684 1515 sit
1715 1459 2007 1531 quiddam
2045 1473 2212 1514 com-

558 1567 759 1617 mune,
794 1567 866 1607 ne
897 1552 1137 1624 quidem
1169 1568 1239 1607 ex
1271 1551 1537 1623 ipsorum
1589 1550 1899 1613 sententia,
1934 1549 2111 1605 unius
2154 1553 2211 1604 et

559 1639 745 1696 solius
788 1640 1104 1712 (propitius
1147 1646 1344 1696 autem
1402 1641 1575 1695 nobis
1636 1643 1786 1695 Deus
1842 1643 1972 1695 esto
2021 1640 2101 1695 ita
2129 1640 2211 1695 lo.

556 1728 904 1802 quentibus,
934 1730 1381 1800 etblasphemia
1399 1729 1640 1784 resultet
1670 1728 1729 1784 in
1756 1745 1961 1785 eorum
1986 1729 2208 1801 capita)

554 1834 678 1874 non
712 1825 801 1875 est
824 1819 944 1875 ulla
964 1819 1215 1876 omnino
1239 1819 1486 1892 Spiritus
1506 1819 1807 1891 processio
1825 1820 1883 1875 in
1910 1819 2209 1892 perfectis-

556 1908 709 1963 sima
738 1915 793 1964 et
826 1909 1006 1965 vitam
1039 1908 1306 1979 largienti
1336 1909 1634 1965 Trinitate.

625 1997 713 2052 23.
739 1999 921 2062 Certe,
939 2003 1216 2054 sexcenta
1236 1997 1518 2071 quaedam
1542 1996 1659 2053 alia
1683 2013 1820 2053 cum
1843 1996 2024 2070 plena
2046 2013 2208 2053 men-

554 2103 693 2143 sura
722 2086 859 2159 quis
890 2087 1180 2143 addiderit
1210 2088 1288 2144 ad
1335 2088 1468 2153 ista,
1502 2087 1648 2143 dum
1678 2087 1942 2143 refellere
1969 2086 2206 2143 atheam

553 2176 791 2232 illorum
815 2177 1166 2233 sententiam
1194 2176 1541 2249 aggreditur
1567 2193 1582 2242 ;
1614 2192 1751 2248 quas
1784 2192 1879 2232 me
1901 2176 2209 2248 epistolica

555 2265 646 2321 lex
678 2281 799 2322 non
850 2268 1074 2337 patitur
1116 2267 1175 2322 iu
1204 2267 1514 2337 praesentia
1543 2265 1773 2330 afferre,
1807 2271 1864 2321 et
1890 2266 1979 2320 his
2005 2265 2208 2321 litteris

556 2355 851 2413 inserere:
886 2362 1064 2429 atque
1104 2356 1238 2412 ideo
1264 2358 1440 2412 etiam
1473 2371 1541 2411 ea
1567 2372 1702 2427 quas
1732 2355 1853 2411 dixi
1877 2356 2135 2411 breviter
2155 2362 2211 2411 et

555 2445 895 2516 imperfecte
921 2450 1058 2501 sunt
1087 2445 1268 2513 illata,
1310 2445 1695 2518 particulares
1724 2443 2107 2501 refutationes
2155 2451 2211 2502 et

554 2533 911 2604 ampliorem
948 2534 1203 2590 docendi
1258 2534 1529 2601 modum,
1566 2534 1683 2589 Deo
1734 2534 2117 2600 concedente,
2148 2534 2207 2590 in

554 2628 915 2677 conventum
944 2638 1323 2679 communem
1353 2624 1645 2694 sepositas
1671 2638 2062 2679 reservamus.

620 2733 707 2785 24.
755 2737 916 2786 Hanc
954 2730 1321 2801 impietatem
1370 2730 1752 2787 tenebrarum
1803 2730 1884 2786 illi
1938 2731 2203 2805 episcopi

547 2819 718 2889 (nam
751 2834 814 2874 se
839 2820 1150 2892 episcopos
1181 2819 1604 2893 praeferebant)
1632 2835 1751 2875 una
1807 2834 1946 2875 cum
1990 2820 2203 2876 illicitis

543 2913 600 2965 et
630 2907 947 2978 illegitimis
975 2908 1105 2965 aliis
1137 2909 1301 2981 apud
1341 2914 1577 2979 gentem
1619 2908 1986 2978 Bulgaricam
2017 2909 2199 2965 disse-

542 3000 877 3056 minabant.
908 2999 1129 3055 Harum
1180 3015 1377 3054 rerum
1412 3000 1571 3054 fama
1615 2999 1875 3071 pervenit
1909 2997 1985 3054 ad
2025 3014 2199 3055 aures

540 3093 780 3145 nostras
807 3088 1129 3156 ;vulnerati
1155 3105 1364 3145 sumus
1392 3087 1589 3145 lethali
1616 3087 1856 3144 vulnere
1880 3104 1980 3160 per
1998 3088 2198 3145 media

539 3180 770 3235 viscera
812 3183 1038 3245 nostra,
1073 3194 1194 3234 non
1245 3195 1412 3235 secus
1460 3194 1644 3250 quam
1676 3180 1721 3233 si
1752 3194 1955 3234 coram
1999 3184 2054 3234 et
2085 3178 2197 3234 sub

535 3273 778 3340 aspectu
806 3284 913 3325 suo
930 3267 1141 3323 viderit
1157 3267 1463 3340 quispiam
1483 3267 1700 3322 ventris
1718 3268 1807 3322 sui
1828 3267 2002 3323 {cetus
2024 3283 2059 3321 a
2077 3283 2195 3321 ser-

535 3354 817 3425 pentibus
850 3360 907 3410 et
930 3355 1144 3410 belluis
1175 3356 1291 3411 huc
1324 3355 1462 3410 illuc
1493 3355 1821 3426 discerptos
1854 3360 1909 3410 et
1935 3354 2196 3426 direptos

537 3440 1008 3513 circumraptari.
1033 3443 1143 3508 Qui
1161 3444 1319 3499 enim
1334 3442 1619 3507 studium,
1657 3442 1913 3509 labores,
1943 3442 2194 3498 sudores

536 3529 597 3584 in
611 3528 847 3584 illorum
863 3530 1371 3599 regenerationem
1391 3535 1448 3586 et
1466 3530 1839 3602 baptismum
1864 3530 2196 3587 contulera-

538 3634 693 3683 mus,
735 3633 859 3674 non
893 3619 1018 3674 sine
1050 3618 1277 3675 ratione
1308 3618 1578 3675 dolorem
1621 3618 2094 3676 insuﬁ‘erendum
2140 3626 2195 3677 et

539 3707 941 3763 calamitatem
984 3706 1315 3774 tulerimus,
1351 3713 1557 3779 partus
1586 3714 1824 3765 nostros
1853 3709 2196 3782 deperditos

542 3803 877 3853 cernentes.

611 3906 699 3960 25.
734 3910 922 3979 Atque
954 3904 1165 3961 eodem
1218 3904 1398 3962 modo
1448 3905 1518 3961 de
1553 3906 1665 3963 hoc
1700 3907 1844 3963 tristi
1873 3923 2021 3963 casu
2052 3923 2195 3963 con-

538 3994 861 4064 doluimus,
881 4011 1002 4068 quo
1022 3994 1244 4065 gaudio
1268 3994 1481 4066 majori
1506 3996 2038 4067 perfundebamur,
2057 4014 2195 4053 cum

539 4084 824 4142 liberatos
855 4085 1097 4141 eosdem
1130 4084 1391 4156 primum
1412 4099 1448 4141 a
1478 4087 1708 4140 vetusto
1741 4086 2079 4157 paganismi
2110 4103 2198 4142 er-

540 4190 673 4231 rore
700 4175 1063 4230 videremus.

611 4283 702 4337 26.
735 4283 954 4336 Verum
998 4280 1133 4336 illos
1162 4280 1409 4353 quidem
1467 4279 1749 4346 luximus,
1800 4285 1857 4337 et
1918 4281 2197 4354 lugemus

548 4370 769 4433 adhuc,
820 4384 1015 4441 neque
1065 4369 1409 4423 concessuri
1469 4385 1675 4423 sumus
1732 4369 1920 4424 oculis
1981 4373 2197 4428 nostris

545 4459 814 4533 requiem
849 4463 974 4514 uta
1012 4456 1184 4528 lapsu
1215 4456 1328 4512 hoc
1359 4456 1491 4511 illos
1521 4457 1961 4523 resuscitemus,
2004 4474 2198 4531 neque

542 4548 847 4623 palpebris
861 4547 1293 4605 connictionem
1310 4545 1613 4611 dabimus,
1630 4546 1843 4615 donec,
1858 4548 2061 4618 quoad
2076 4547 2199 4605 ﬁeri

542 4656 649 4712 per
664 4656 774 4696 nos
790 4639 1014 4713 poterit,
1032 4637 1163 4694 illos
1180 4637 1240 4693 in
1268 4635 1501 4694 Domini
1518 4635 1970 4692 tabernaculum
1987 4636 2197 4693 iterum

545 4729 1033 4800 compulerimus.

619 4833 711 4887 2'1.
745 4834 1005 4891 Novitios
1038 4840 1239 4892 autem
1280 4834 1413 4891 illos
1442 4832 1761 4906 apostasias
1786 4848 2201 4906 praecursores,

550 4920 887 4978 Antichristi
952 4924 1357 4990 administros,
1386 4923 1680 4980 mortibus
1742 4922 1943 4979 multis
1972 4921 2204 4991 dignis-

554 5009 761 5076 simos,
786 5025 1170 5069 communem
1189 5019 1442 5086 pestem,
1470 5012 1576 5086 qui
1608 5011 1884 5069 tenellam
1910 5010 2071 5067 illam
2104 5027 2207 5066 nu-

557 5112 663 5170 per
696 5100 1181 5168 compaginatam
1213 5110 1451 5173 gentem
1481 5102 1558 5159 ad
1585 5103 1886 5175 pietatem,
1927 5106 2008 5156 tot
2030 5100 2205 5156 tantis

554 5185 1074 5244 dilacerationibus
1101 5190 1577 5263 discerpserunt;
1601 5192 1766 5258 istos,
1782 5192 2054 5263 inquam,
2078 5204 2208 5261 per-

553 5275 706 5332 ﬁdos
732 5274 1098 5346 deceptores,
1132 5283 1189 5333 et
1215 5278 1332 5336 Deo
1354 5279 1770 5350 belligerantes
1797 5280 2002 5336 divino
2030 5294 2208 5352 syno-

556 5366 693 5422 dico
737 5362 971 5420 calculo
1027 5370 1266 5421 notatos
1328 5368 1865 5426 condemnavimus
1921 5385 1934 5424 :
1986 5368 2207 5424 nonde

562 5452 834 5528 prazsenti
866 5452 1100 5509 illorum
1149 5452 1580 5513 abstentionem
1630 5458 2034 5528 decernentes,
2104 5455 2208 5512 sed

561 5560 668 5619 per
698 5542 1077 5606 antehabitas
1099 5543 1389 5618 synodos,
1410 5561 1517 5619 per
1537 5547 1684 5603 scita
1712 5553 1768 5602 et
1795 5547 1958 5620 leges
1975 5551 2210 5621 aposto-

1780 256 2014 315 ΡΗΟἸΊῐ
2048 254 2536 312 ΡΑΤΒΙΑΒΟΗᾹΞ
2566 256 2672 312 CP.

3701 267 3765 321 732

2247 381 2294 435 Α
2330 389 2422 435 τοῦ
2474 385 2693 456 Πατρός,
2757 383 2885 436 ἀλλὰ
2931 388 3020 438 τὸν
3081 390 3281 460 Πατέρα
3329 385 3632 459 τερατολογεῖν
3668 388 3704 442 ιι
3735 400 3787 444 rs;

2332 475 2454 525 Υὶού
2506 476 2850 544 γεγεννῆσθαι
2879 493 2892 507 ·
2928 476 3011 527 ἵνα
3060 481 3131 547 μὴ
3186 485 3283 527 τῶν
3322 472 3666 528 δυσσεεούντων

2331 560 2457 614 ἀλλὰ
2481 567 2570 614 καὶ
2594 571 2693 614 τῶν
2721 568 3039 635 μαινομένων
3065 564 3192 617 ὦσιν
3215 568 3576 640 πρωτοστάται.

2397 919 2506 992 κβ’.
2566 920 2703 993 Ὅρα
2756 917 2815 974 δε
2843 920 3113 976 κάντεῦθεν
3166 927 3463 995 κατάφωρον
3491 924 3633 974 αὐτῶν
3651 927 3694 975 τὸ
3730 920 3810 976 tier

2327 1007 2487 1074 σεϐες,
2542 1014 2632 1062 καὶ
2691 1010 2930 1079 ἀνόητον,
2986 1008 3312 1084 δεικνύμενον
3359 1011 3812 1085 βούλημΆΕαεὶγὰι

2322 1096 2460 1150 ἅπαν
2511 1099 2538 1151 ὃ
2595 1100 2864 1172 θεωρεῖται
2933 1106 3019 1153 καὶ
3075 1101 3277 1172 λέγεται
3348 1101 3396 1154 έν
3451 1110 3509 1174 τῇ
3562 1106 3816 1173 anniaut

2322 1189 2539 1260 ὁμοφυεί
2588 1197 2677 1242 καὶ
2726 1191 3024 1263 ύπερουσίῳ
3073 1189 3284 1266 Τριάδι,
3348 1194 3377 1252 ἡ
3435 1197 3587 1245 κοινόν
3622 1192 3818 1244 immo.

2323 1296 2442 1343 των,
2475 1279 2505 1337 ἡ
2541 1278 2649 1341 ἐνὸς
2697 1285 2787 1332 καὶ
2835 1285 2995 1352 μόνου
3049 1290 3147 1332 τῶν
3185 1290 3343 1355 τριῶν
3367 1299 3379 1311 ·
3413 1284 3443 1340 ἡ
3478 1278 3532 1334 δέ
3555 1289 3632 1333 τοῦ
3657 1284 3822 1350 [britta-

2320 1386 2406 1429 τος
2446 1367 2695 1441 προϐολὴ,
2755 1373 2872 1422 οὔτε
2922 1375 3090 1422 κοινὸν
3140 1370 3302 1435 ἔστιν,
3352 1370 3455 1422 ἀλλ’
3504 1367 3823 1437 οὐδ’,ὡςαύτοι

2321 1475 2499 1528 φασιν,
2555 1457 2664 1519 ἰνὸς
2708 1463 2798 1511 καὶ
2845 1464 3005 1530 μόνου
3058 1464 3191 1520 τινὸς
3237 1460 3408 1525 (ἵλεως
3463 1456 3519 1513 δε
3553 1461 3658 1530 ἡμῖν
3679 1462 3824 1520 simul

2319 1545 2387 1606 εἰς
2434 1549 2526 1607 τὰς
2585 1545 2785 1600 ἐκείνων
2844 1553 3084 1621 τρέποιτο
3156 1553 3212 1601 τὸ
3292 1547 3593 1621 βλάσφημον
3658 1546 3828 1618 κεφαλὰς)

2318 1636 2412 1688 ούκ
2466 1637 2570 1708 ἄρα
2623 1637 2750 1698 ὅλως
2802 1636 2943 1690 ἐστὶν
2986 1637 3036 1689 έν
3080 1647 3142 1710 τῇ
3195 1640 3473 1711 ζωαρχικῇ
3523 1643 3605 1690 καὶ
3628 1635 3828 1701 ποτε)ιῴ

2244 1732 2286 1788 Β
2316 1722 2528 1799 Τριάδι,
2558 1728 2587 1784 ἠ
2620 1735 2713 1779 τού
2746 1730 3040 1799 Πνεύματος
3077 1726 3329 1802 προϐολή.

2387 1994 2492 2063 κγ’.
2542 1998 2642 2047 Καὶ
2692 1999 2858 2067 μυρία
2904 1993 2964 2047 ἂν
3012 2015 3107 2061 τις,
3150 2001 3243 2054 τὴν
3294 1998 3448 2049 ἄθεον
3503 1999 3656 2048 αὐτῶν
3687 1999 3834 2064 γνώμην

2320 2078 2627 2154 διελέγχων,
2707 2091 2816 2145 τοῖς
2890 2084 3177 2158 εἰρημένοις
3262 2084 3657 2161 ἐπιμετρήσειεν,
3708 2082 3735 2133 αἱ
3775 2088 3838 2139 τῆς

2319 2170 2591 2233 ίπιστολῆς
2624 2174 2829 2244 ὁνόμος
2867 2173 2962 2226 ούκ
3015 2173 3074 2245 ἑᾷ
3110 2183 3197 2225 νῦν
3250 2174 3531 2239 έντοίττειν,
3573 2170 3682 2227 ούδε
3723 2190 3839 2241 παρι-

2319 2262 2557 2313 τίθεσθαι
2587 2276 2601 2291 ⁸
2639 2258 2711 2313 δι’
2742 2263 2767 2313 ὃ
2823 2266 2914 2314 καὶ
2971 2263 3100 2336 ἅπερ
3156 2266 3383 2335 εἴρηται,
3456 2258 3770 2334 στοιχειωδῶς
3804 2275 3839 2307 τί

2318 2354 2406 2402 καὶ
2465 2350 2512 2401 έν
2560 2353 2703 2421 τύπῳ
2754 2350 3158 2422 ἀπηγγελθησαν
3205 2361 3301 2404 τῶν
3361 2356 3498 2405 κατὰ
3562 2357 3698 2425 μέρος

2318 2460 2450 2510 χων,
2484 2444 2572 2491 καὶ
2605 2447 2699 2501 τῆς
2729 2439 2777 2491 έν
2828 2440 3009 2493 πλάτει
3049 2438 3426 2509 διδασκαλίας,
3472 2450 3600 2495 Θεοῦ
3643 2436 3842 2501 διδόντος,

2319 2529 2385 2589 εἰς
2412 2533 2503 2588 τὴν
2534 2534 2710 2588 κοινὴν
2737 2535 3115 2603 ταμιευομένων
3150 2531 3474 2588 συνέλευσιν.

2387 2721 2494 2780 κδ’.
2551 2728 2757 2782 Ταύτην
2809 2729 2902 2784 την
2952 2725 3189 2779 ἀσέϐειαν
3246 2730 3295 2780 οἱ
3344 2736 3441 2780 τοῦ
3493 2731 3693 2788 σκότους
3718 2722 3849 2775 ἐκεῖνοι

2314 2814 2591 2867 ἐπίσκοποι
2665 2813 3008 2887 (έπισκόπους
3093 2819 3193 2890 γὰρ
3289 2816 3510 2879 ἑαυτούς
3580 2810 3849 2886 ὶπεφὴμιξον)

2310 2908 2436 2976 μετά
2489 2913 2587 2957 τῶν
2667 2904 2830 2957 ἄλλων
2912 2904 3187 2976 ἀθεμίτων,
3261 2907 3567 2981 Βουλγάρων
3640 2906 3755 2962 ἔθνος
3800 2902 3849 2951 ἓν·

2310 2996 2550 3066 έσπειραν
2584 3014 2597 3027 ο
2657 2990 2810 3052 ἦλθεν
2864 2995 2893 3051 ἡ
2944 2997 3138 3046 τούτων
3191 3000 3334 3067 φήμη
3398 2996 3473 3056 εἰς
3524 2997 3609 3054 τὰς
3654 2994 3851 3063 ἡμετέρας

2236 3085 2277 3142 C
2310 3081 2466 3145 ἀκοάς
2501 3104 2513 3116 ·
2548 3083 2842 3155 ἐπλήγημεν
2900 3080 2994 3135 διὰ
3044 3088 3216 3155 μέσων
3267 3093 3366 3136 τῶν
3421 3084 3724 3153 σπλάγχνων
3769 3098 3851 3129 και·

2305 3177 2421 3247 ρίαν
2485 3172 2689 3244 πληγὴν
2742 3175 2811 3234 ὡς
2868 3175 2912 3225 εἰ
2965 3193 3043 3233 τις
3097 3178 3162 3225 τὰ
3236 3176 3424 3245 ἔκγονα
3473 3172 3665 3231 κοιλίας
3712 3169 3849 3227 αὐτοῦ,

2306 3262 2423 3314 καθ’
2446 3260 2737 3333 ὀφθαλμούς
2808 3259 2920 3314 ἴδοι
2950 3263 3050 3313 ύπὸ
3103 3262 3322 3333 ἑρπετῶν
3377 3268 3470 3314 καὶ
3526 3264 3705 3335 θηρίων
3732 3274 3853 3328 παραυ

2305 3353 2606 3426 ρασσόμενά
2654 3370 2706 3403 τε
2746 3356 2834 3402 καὶ
2885 3348 3245 3424 διασπώμενα.
3303 3357 3404 3404 Καὶ
3447 3353 3550 3424 γὰρ
3605 3350 3673 3409 οἷς
3722 3353 3854 3405 κόποι,

2308 3446 2393 3491 καὶ
2440 3446 2607 3505 πόνοι,
2661 3446 2751 3493 καὶ
2790 3436 3025 3514 ἱδρῶτες,
3078 3444 3150 3502 εὶς
3202 3444 3293 3498 τὴν
3324 3438 3532 3493 ἐκείνων
3573 3438 3855 3507 ἁναγέννεσὶν

2305 3548 2358 3582 τε
2407 3534 2497 3581 καὶ
2545 3528 2804 3581 τελείωσιν
2870 3528 3269 3587 κατεϐλήθησαν
3304 3546 3318 3559 ⁶
3379 3528 3642 3601 ἀναλόγως
3699 3525 3856 3582 αὐτοῖς,

2308 3625 2592 3690 συμπεσεῖν
2638 3618 2893 3689 ἀφόρητον
2951 3623 3044 3676 την
3092 3618 3259 3677 λύπην
3317 3623 3408 3671 καὶ
3461 3623 3557 3677 τὴν
3619 3614 3856 3687 συμφορὰν,

2306 3715 2403 3759 τῶν
2433 3709 2763 3779 γεννημάτων
2803 3706 3293 3779 παραπολλυμένων,
3326 3706 3597 3779 ἐξεγένετο.

2376 3901 2468 3957 κε’.
2518 3903 2664 3954 Οὕτω
2726 3905 2827 3975 γὰρ
2878 3904 3236 3975 ἐθρηνήσαμεν
3284 3901 3365 3954 ἐπὶ
3427 3910 3500 3972 τῷ
3553 3898 3862 3971 συνενεχθέντι

2306 3994 2601 4064 παθήματι,
2652 3994 2772 4044 ὅσον
2834 3998 3007 4064 χαρᾶς
3095 3992 3487 4064 ἐπληρώθημεν,
3548 4000 3639 4053 τῆς
3687 3986 3864 4041 παλαιᾶς

2306 4080 2499 4142 πλάνης
2530 4080 2912 4154 ἀπαλλαγέντας
2938 4081 3117 4143 αὐτοῖς
3157 4083 3487 4151 θεασάμενοι.

2454 4277 2468 4301 Ι

2378 4277 2487 4341 κς’.
2563 4276 2687 4331 Αλλ⁹
2756 4275 2977 4337 ἐκείνους
3067 4280 3157 4348 μὶν
3246 4275 3608 4349 ἐθρηνήσαμέν
3684 4290 3733 4324 τε
3798 4268 3868 4318 καὶ

2313 4368 2616 4441 θρηνοῦμεν,
2697 4371 2787 4418 καὶ
2869 4365 3224 4440 ἀνορθωθῆναι
3309 4373 3399 4417 τοῦ
3483 4371 3748 4435 πτώματος
3825 4366 3869 4406 ον

2233 4438 2278 4492 D
2312 4452 2548 4527 δώσομεν
2622 4463 2731 4515 τοίς
2810 4454 3089 4527 ὀφθαλμοῖς
3164 4456 3308 4525 ἡμῶν
3384 4453 3566 4519 ύπνον,
3624 4447 3740 4504 οὐδὲ
3786 4450 3874 4502 τοῖς

2312 4543 2588 4619 βλεφάροις
2653 4548 2971 4617 νυσταγμὸν,
3033 4544 3120 4604 ἕως
3177 4543 3238 4594 ἂν
3314 4543 3505 4604 αύτούς
3576 4542 3645 4604 εἰς
3696 4542 3749 4591 τὸ
3802 4539 3872 4585 τοῦ

2316 4639 2529 4708 Κυρίου,
2563 4637 2697 4686 κατὰ
2727 4637 2784 4685 τὸ
2817 4629 3039 4685 δυνατόν
3080 4634 3224 4704 ἡμῖν,
3259 4631 3607 4704 εἰσελάσωμεν
3640 4635 3871 4693 eximii“.

2384 4829 2486 4891 κζ’.
2536 4834 2667 4890 Τοὺς
2725 4825 2784 4880 δι
2840 4831 2980 4888 νέους
3019 4835 3112 4889 τῆς
3172 4813 3499 4887 ἀποστασίας
3553 4820 3870 4899 προδρόμους,

3535 4919 3656 4975 τοὺς
3709 4914 3871 4984 μυρίων

2314 5010 2526 5079 ἐνόχους
2584 5008 2833 5072 θανάτων,
2911 5009 3029 5065 τούς
3081 5009 3286 5066 κοινούς
3327 5004 3614 5076 λυμεῶνας,
3672 5004 3780 5060 τοὺς
3827 4996 3870 5044 τό

2314 4922 2433 4980 τούς
2511 4920 2827 4992 θεραπευτὰς
2910 4923 3003 4968 τού
3082 4916 3453 4983 ἀντικειμένου,

2316 5096 2509 5149 ἁπαλὸν
2565 5095 2723 5148 έκεῖνο
2806 5099 2896 5147 καὶ
2975 5097 3323 5146 νεοσύστατον
3381 5093 3449 5154 εἰς
3504 5099 3600 5151 τὴν
3650 5086 3872 5144 εὐσέϐειαν

2316 5188 2477 5249 ἔθνος,
2541 5188 2809 5244 τοσούτοις
2871 5188 2961 5235 καὶ
3019 5181 3350 5242 τηλικούτοις
3400 5188 3732 5254 σπαραγμοῖς
3780 5171 3870 5227 διαα

2320 5275 2688 5347 σπαράξαντας
2716 5295 2728 5307 ·
2785 5275 3004 5333 τούτους
3072 5275 3188 5332 τούς
3243 5271 3538 5331 ἀπατεῶνας
3586 5275 3672 5323 καὶ
3723 5262 3874 5332 θεαμά-

2318 5383 2449 5436 χους
2501 5359 2752 5435 συνοδικῇ
2795 5366 2884 5413 καὶ
2944 5363 3056 5432 θείᾳ
3105 5365 3471 5434 κατεκρίναμεν
3506 5360 3664 5432 ψήφῳ
3696 5375 3707 5385 ·
3735 5353 3785 5407 οὗ
3806 5356 3874 5436 νξν

2322 5453 2490 5506 αὐτῶν
2529 5456 2622 5510 τὴν
2672 5451 2935 5524 ἀπόφασιν
2991 5449 3374 5523 καθορίζοντες,
3426 5447 3534 5500 ἀλλ’
3574 5448 3629 5500 ἐκ
3675 5454 3761 5498 τῶν
3788 5433 3872 5498 ἤδη

2326 5538 2581 5608 συνόδων,
2626 5545 2715 5593 καὶ
2768 5538 3123 5593 ὰποστολικῶν
3179 5540 3400 5611 θεσμῶν,
3443 5542 3539 5598 τὴν
3594 5530 3874 5611 προωρισμέ-
