4088 6214
2019 5 2288 16 —-—-—~--.‘_'.
2303 9 3046 22 “ﬂ-_——.~wa—w

113 331 230 390 733
1400 335 1740 393 EPISTOLA

1853 336 1907 393 Μ
1949 335 2164 393 LIBER
2205 335 2245 392 ῐ.
3393 337 3500 394 734

113 478 218 518 νην
289 457 469 522 αὐτοῖς
555 458 849 521 καταδίκην
937 462 1351 534 ύπεκφαίνοντες,
1424 466 1516 516 καὶ
1592 467 1728 516 πᾶσι

1853 461 2003 532 .icas,
2018 461 2604 536 praedeterminatam
2621 463 2683 520 in
2703 463 2838 522 illos
2851 463 3414 522 condemnationem
3425 466 3487 524 in

114 554 394 610 ποιοῦντες
425 545 696 607 ἐπίδηλον.

200 636 304 696 κη’.
365 641 564 710 Πέφυκε
618 641 720 710 γὰρ
773 642 828 692 τό
887 637 1224 713 ἀνθρώπινον,
1278 640 1385 713 ούχ
1431 641 1567 694 οὕτω
1615 647 1732 702 ταῖς

114 726 508 799 παρελθούσαις
610 733 883 802 τιμωρίαις
977 727 1380 801 ἀσφαλίζεσθαι,
1472 733 1537 792 ὡς
1621 737 1758 791 ταῖςν

123 817 422 890 όρωμέναις
544 818 996 890 σωφρονίζεσθαιο
1077 822 1167 870 καὶ
1246 827 1346 872 τῶν
1428 820 1732 892 φθασάντων

118 907 367 979 ὑπάρχει
398 903 705 978 βεϐαίωσις,
750 907 780 965 ἦ
823 915 924 958 τῶν
977 905 1318 966 ἐνεστηκότων
1373 913 1728 981 συμφώνησις·

121 994 290 1047 Ούτω
319 991 393 1047 δι’
419 994 445 1047 ὂ
493 997 704 1056 τούτους
756 994 1084 1068 ἐπιμένοντας
1118 996 1286 1050 αὐτῶν
1331 1006 1392 1072 τῇ
1426 997 1735 1072 πολυτρόπῳ

121 1083 325 1156 πλάνη,
361 1086 539 1147 πάσης
569 1083 754 1156 ἁγίλης
804 1093 1135 1160 Χριστιανῶν
1168 1084 1515 1161 ἐκκηρύττους
1561 1086 1738 1145 έποιη-

126 1175 348 1243 σάμεθα
375 1194 388 1207 ο
438 1178 527 1227 καὶ
581 1176 684 1248 γὰρ
741 1179 831 1228 καὶ
881 1175 906 1226 ό
943 1183 1044 1227 τῶν
1093 1175 1254 1246 ἁγίων
1309 1175 1608 1229 ἀποστόλων
1657 1181 1736 1229 τέ-

122 1281 320 1336 ταρτος
367 1268 459 1316 καὶ
502 1261 784 1326 έξηκοστός
816 1268 1004 1330 κανὼν,
1065 1269 1181 1326 τοὺς
1235 1263 1284 1316 έν
1331 1273 1436 1326 τοῖς
1479 1264 1738 1318 Σάϐϐασιν

124 1356 382 1409 νηστείαν
455 1349 879 1416 έπιτηδεύοντας,
961 1349 1066 1406 ὧδέ
1163 1373 1274 1414 πως
1369 1353 1738 1430 ἆπορῥαπίςων

126 1445 298 1513 φησίν
311 1485 324 1498 .

206 1618 316 1676 κθ’.
410 1623 471 1674 Εἴ
539 1640 620 1682 τις
698 1619 946 1696 κληρικός
1005 1622 1234 1696 εὑρεθείη
1307 1627 1402 1682 τήν
1476 1627 1740 1698 Κυριακήν

139 1709 349 1782 ἡμέραν
437 1713 718 1774 νηστεύων,
797 1711 827 1769 ἣ
903 1714 962 1763 τὸ
1063 1709 1340 1776 Σάϐϐατον,
1444 1712 1576 1771 πλήν
1650 1719 1742 1765 τοῦ

1837 551 2073 623 vulgus,
2101 558 2163 608 ut
2198 552 2477 608 omnibus
2497 553 2578 610 ita
2607 555 2953 622 innotescat,
2989 552 3376 626 proferentes.

1908 645 1998 698 28.
2012 641 2096 699 Ila
2112 644 2271 698 enim
2287 647 2500 699 natura
2513 649 2939 714 comparantur
2949 643 3246 707 homines,
3282 649 3344 699 ut
3357 659 3477 701 non

1841 735 2073 787 tantum
2104 730 2411 803 praeteritis
2434 731 2742 803 suppliciis
2773 731 2915 788 sarti
2957 733 3090 788 tecti
3119 737 3492 800 remaneant,

1842 824 2140 892 quantum
2171 818 2565 892 prmsentibus
2581 821 2720 876 etin
2742 820 2952 878 oculos
2971 821 3418 878 incurrentibus
3439 823 3499 878 in

1842 908 2052 964 ordine
2064 908 2511 975 contineantur;
2531 908 2680 965 dum
2699 925 2836 965 cum
2853 911 3160 982 praeteritis
3179 911 3500 982 praesentia

1843 997 2207 1070 conspirant,
2242 997 2342 1055 illa
2371 1013 2477 1070 per
2502 997 2705 1054 isthaec
2734 998 2966 1055 roboris
2991 999 3292 1071 accipiunt
3316 999 3501 1056 ﬁrmi-

1845 1090 2045 1144 tatem.
2078 1089 2163 1144 Ad
2179 1088 2340 1145 hunc
2371 1088 2620 1145 modum
2639 1105 2746 1160 per
2761 1089 2820 1145 id
2837 1089 3002 1162 quod
3028 1091 3206 1146 hosce
3226 1090 3503 1147 homines

1849 1175 2162 1249 multiplici
2195 1193 2305 1233 suo
2359 1177 2545 1233 errori
2599 1178 3024 1244 immancntes,
3087 1178 3164 1236 ab
3217 1179 3496 1236 universo

1847 1279 2026 1336 grege
2041 1265 2512 1323 Christianorum
2531 1266 2772 1338 publico
2790 1267 3095 1338 prasconio
3108 1267 3383 1325 exclusos
3406 1269 3505 1326 de-

1848 1353 2263 1411 nuntiavimus
2305 1375 2319 1412 :
2361 1355 2775 1426 sexagesimus
2814 1356 2976 1412 enim
3015 1362 3266 1429 quartus
3304 1372 3501 1414 canon

1847 1443 2232 1516 apostolicus,
2269 1459 2372 1501 eos
2410 1445 2515 1517 qui
2543 1444 2862 1501 intendunt
2886 1445 3116 1517 jejunio
3137 1445 3403 1514 Sabbati,
3428 1448 3508 1504 ad

1848 1532 2010 1590 hunc
2039 1533 2291 1589 modum
2315 1533 2675 1605 percutiens,
2699 1533 2930 1606 inquit:

1922 1623 2009 1680 29.
2034 1623 2104 1679 Si
2131 1622 2262 1693 quis
2287 1623 2536 1680 clericus
2569 1623 2916 1680 inveniatur
2952 1623 3107 1680 diem
3133 1625 3504 1682 Dominicam

1839 1711 2143 1781 jejunare,
2167 1713 2260 1768 vel
2281 1712 2458 1769 etiam
2474 1712 2816 1777 Sabbatum,
2841 1718 3081 1782 excepto
3107 1728 3228 1770 uno
3248 1712 3508 1770 Sabbato

130 1797 246 1860 ένὸς
305 1803 486 1870 μόνου,
541 1801 936 1874 καθαιρείσθω·
991 1799 1037 1852 εἰ
1091 1797 1150 1854 δὲ
1204 1800 1380 1863 λαῖκός
1467 1805 1567 1867 εἴη,
1617 1800 1738 1874 ἀφοο

1853 1801 1996 1868 solo,
2023 1800 2356 1870 deponatur
2373 1817 2398 1868 ;
2416 1803 2510 1857 sin
2535 1801 2721 1858 laicus
2741 1801 2946 1871 fuerit,
2969 1807 3332 1872 separetura
3356 1817 3512 1858 com-

129 1887 397 1960 ριςέσθω.
428 1893 533 1942 Ναὶ
586 1885 654 1947 δή
697 1894 786 1942 καὶ
831 1891 857 1941 ό
908 1897 1001 1951 τῆς
1053 1889 1204 1961 ἁγίας
1260 1895 1350 1943 καὶ
1381 1891 1743 1965 οἰκουμενικῆς

130 1979 294 2041 ἕκτης
319 1975 546 2032 συνόδου
577 1984 808 2051 πέμπτος
856 1984 948 2032 καὶ
991 1983 1337 2042 πεντηκοστὸς
1393 1986 1558 2033 κανὼν
1609 1981 1742 2038 οὓτω

133 2086 244 2128 πως
275 2064 680 2140 ἀποφαινόμενος
712 2090 724 2102 ·

205 2154 268 2207 λ’·
349 2154 565 2217 Ἐπειδὴ
621 2159 995 2231 μεμαθήκαμεν
1051 2161 1171 2222 τοὺς
1239 2157 1288 2211 έν
1340 2166 1400 2232 τῇ
1477 2159 1740 2232 Ῥωμαίων

130 2244 320 2312 πόλειῖ
383 2244 431 2298 έν
504 2254 614 2308 ταῖς
711 2246 888 2318 ἁγίαις
962 2257 1056 2311 τῆς
1155 2257 1587 2323 τεσσαρακοστῆς
1653 2269 1740 2308 νη-

132 2338 356 2400 στείαις,
434 2343 546 2398 τοῖς
648 2339 843 2399 ταύτης
925 2335 1159 2390 Σάϐϐασι
1237 2340 1522 2404 νηστεύειν,
1600 2344 1742 2414 παρὰ

127 2427 229 2481 τήν
344 2421 737 2497 παραδοθεῖσαν
849 2423 1294 2486 ἓκκλησιαστικήν
1406 2425 1737 2494 ἀκολουθίαν,

127 2508 286 2576 ἔδοξε
358 2521 421 2587 τῇ
499 2514 627 2587 ἁγίᾳ
702 2511 927 2586 συνόδῳ,
1007 2517 1142 2569 ὥστε
1213 2523 1419 2589 κρατεῖν
1491 2521 1581 2570 καὶ
1655 2517 1741 2570 έπὶ

125 2606 226 2660 τὴν
333 2601 598 2676 Ῥωμαίων
699 2604 1030 2669 Ἐκκλησίαν,
1106 2605 1566 2679 ἁπαρασαλεύτως,
1655 2609 1740 2659 τόν

131 2695 335 2744 κανόνα
407 2696 494 2745 τόν
573 2692 808 2765 λέγοντα,
868 2713 896 2745 ((
927 2697 986 2747 Εἰ
1061 2713 1138 2754 τις
1230 2693 1474 2768 κληρικός
1558 2696 1736 2768 εὑρεθῆ

130 2788 203 2839 τῆ
297 2781 428 2853 ἁγίᾳ
527 2788 759 2856 Κυριακῆ
838 2786 1122 2849 νηστεύων,
1199 2784 1228 2842 ἡ
1307 2787 1364 2836 τὸ
1458 2783 1739 2851 Σάϐϐατον,

129 2870 274 2928 πλὴν
340 2877 434 2923 τοῦ
509 2871 615 2934 ἐνὸς
689 2877 780 2924 καὶ
861 2877 1044 2945 μόνου,
1124 2875 1456 2948 καθαιρέσθω
1485 2895 1498 2908 υ
1575 2874 1620 2927 εἰ
1683 2870 1743 2928 δε

126 2958 322 3023 λαῐκός
346 2963 448 3027 εἰη,
489 2958 834 3035 ἀφοριζέσοω.
867 2981 897 3014 »

212 3047 314 3104 λα’.
363 3048 521 3101 Ἀλλά
561 3069 622 3121 γε
665 3047 733 3109 δὴ
783 3055 873 3103 καὶ
921 3051 947 3103 ὁ
999 3060 1092 3112 τῆς
1139 3052 1188 3104 έν
1235 3053 1445 3124 Γάγγρᾳ
1493 3048 1741 3119 συνόδου,

133 3143 268 3212 περὶ
329 3147 429 3192 τῶν
478 3142 565 3192 τὸν
606 3143 772 3213 γάμον
822 3137 1280 3214 βδελυσσομένων,
1303 3146 1470 3194 κανὼν
1505 3146 1746 3215 τέταρτος

133 3231 315 3281 ταῦτά
372 3248 570 3298 φησιν·
619 3233 680 3283 Ei
733 3250 813 3291 τις
867 3227 1191 3302 διακρίνοιτο
1254 3235 1399 3306 παρὰ
1464 3231 1747 3304 πρεσϐυτέ-

135 3338 237 3391 ρου
324 3322 704 3390 γεγαμηκότος,
781 3321 850 3380 ὡς
950 3324 1021 3392 μή
1115 3329 1337 3396 χρῆναι,
1447 3320 1749 3394 λειτουργή-

137 3426 328 3468 σαντος
413 3411 594 3474 αὑτοῦ,
697 3411 995 3484 προσφορὰς
1086 3409 1516 3482 μεταλαμϐάνειν,
1623 3409 1748 3462 ἀνά-

139 3499 278 3568 θεμα
369 3499 521 3550 ἔστω.
599 3497 872 3560 Ὡσαύτως
942 3495 1002 3551 δε
1065 3497 1238 3571 ψῆφον
1283 3501 1544 3572 ὁμόφωνον
1610 3499 1748 3576 φέρει

134 3585 258 3638 κατ’
320 3585 509 3652 αὐτῶν,
564 3591 654 3640 καὶ
709 3588 739 3646 ἡ
797 3589 917 3646 ἕκτη
985 3584 1222 3649 σύνοδος,
1279 3596 1458 3642 τοῦτον
1515 3587 1744 3663 ἀναγρά-

137 3693 320 3746 φουσα
366 3678 454 3728 τὸν
493 3680 719 3746 τρόπον·
780 3672 993 3736 Ἐπειδὴ
1063 3675 1111 3729 έν
1179 3684 1242 3749 τῇ
1296 3675 1560 3750 Ῥωμαίων
1627 3680 1746 3734 Ἐκ-

135 3764 360 3836 κλησίᾳ,
419 3766 467 3816 ἓν
548 3764 690 3827 τάξει
765 3770 974 3826 κανόνος
1053 3761 1460 3840 παραδεδόσθαι
1534 3764 1746 3839 διέγνω-

136 3873 254 3926 μεν,
331 3855 446 3914 τούς
535 3853 810 3926 μέλλοντας
885 3850 1155 3919 διακόνου,
1261 3855 1290 3912 ἦ
1391 3854 1743 3931 πρεσϐυτέρου

137 3942 421 4006 ἀξιοῦσθαι
500 3947 850 4018 χειροτονίας,
936 3941 1326 4014 καθομολογεῖν,
1413 3947 1482 4006 ὡς
1571 3945 1744 3998 οὐκέτι

137 4039 258 4094 ταῖς
353 4031 519 4084 αὐτῶν
595 4035 946 4085 συνάπτονται
1044 4039 1332 4105 γαμεταῖςο
1431 4035 1578 4106 ἡμεῖς
1671 4043 1742 4106 τῷ

136 4121 356 4194 ἀρχαίῳ
455 4120 911 4185 έξακολουθοῦντες
1009 4127 1203 4190 κανόνι,
1317 4130 1408 4184 τῆς
1523 4121 1743 4177 ἀποστο-

136 4211 293 4273 λικῆς
347 4209 608 4283 ἀκριϐείας
661 4216 752 4263 καὶ
804 4210 1012 4276 τάξεως,
1061 4213 1129 4264 τὰ
1178 4219 1278 4264 τῶν
1337 4214 1482 4284 ἱερῶν
1539 4209 1743 4286 ἀνδρῶν

137 4302 278 4351 κατὰ
328 4303 517 4370 νόμους
574 4304 897 4362 συνοικέσια,
957 4304 1048 4352 καὶ
1103 4298 1203 4352 ἀπὸ
1273 4308 1365 4353 τοῦ
1429 4308 1516 4353 νῦν
1583 4299 1741 4376 έρῥῶ-

142 4391 272 4441 σθαι
365 4385 700 4460 βουλόμεθα·
805 4385 1064 4460 μηδαμῶς
1160 4389 1330 4442 αὐτῶν
1425 4394 1518 4447 τὴν
1614 4393 1745 4463 πρὸς

137 4479 370 4550 γαμετὰς
453 4477 732 4548 συνάφειαν
831 4473 1143 4539 διαλύοντες,
1219 4479 1248 4537 ἣ
1341 4475 1744 4550 ἀποστεροῦντες

1851 1891 2142 1948 munione.
2177 1891 2292 1948 Sed
2331 1897 2385 1948 et
2425 1896 2650 1948 sanctae
2690 1891 3039 1946 universalis
3073 1897 3256 1948 sextae
3290 1891 3511 1964 synodi

1847 1993 2043 2034 canon
2067 1979 2318 2051 quintus
2341 1979 2957 2052 etquinquagesimus
2975 1980 3052 2036 ad
3068 1980 3231 2036 hunc
3255 1980 3509 2038 modum

1849 2067 2050 2123 soiscit
2074 2083 2086 2123 :

1917 2159 2006 2212 30.
2029 2156 2116 2213 Eo
2135 2156 2295 2228 quod
2312 2156 2577 2226 pervenit
2597 2156 2680 2214 ad
2693 2156 2962 2214 notitiam
2984 2160 3274 2223 nostram,
3295 2171 3384 2214 eos
3402 2157 3511 2228 qui

1845 2245 2088 2302 Romam
2111 2245 2385 2303 incolunt
2412 2245 2473 2301 in
2501 2247 2722 2303 sanctis
2754 2246 3508 2316 Quadragesimaejejuniis

1847 2337 2177 2392 earumdem
2197 2334 2768 2406 Sabbatisjejunare,
2788 2343 3002 2392 contra
3019 2335 3504 2393 consuetudinem

1847 2428 1904 2480 et
1933 2423 2312 2481 traditionem
2340 2425 2813 2489 ecclesiasticam,
2843 2425 3035 2481 visum
3065 2431 3150 2482 est
3178 2439 3371 2483 sacrae
3405 2441 3503 2497 sy-

1846 2513 2021 2579 nodo,
2063 2520 2126 2569 ut
2155 2515 2329 2570 etiam
2356 2521 2413 2570 et
2452 2529 2562 2583 per
2589 2516 2915 2571 Romanam
2943 2513 3265 2571 Ecclesium
3294 2514 3502 2571 incon-

1846 2616 2052 2658 cussus
2081 2602 2336 2659 obtineat
2378 2603 2484 2660 ille
2512 2617 2704 2659 canon
2736 2604 2843 2674 qui
2889 2605 2972 2659 ait
3005 2619 3072 2658 :«
3102 2602 3169 2659 Si
3201 2605 3338 2675 quis
3389 2605 3504 2660 cle-

1847 2693 2008 2748 ricus
2019 2691 2364 2748 inveniatur
2378 2691 2441 2748 in
2451 2697 2655 2749 sancto
2668 2691 2970 2749 Dominico
2983 2691 3078 2749 die
3099 2694 3400 2762 jejunare,
3409 2693 3503 2750 vel

1849 2782 1910 2838 in
1938 2779 2214 2847 Sabbato,
2267 2787 2510 2851 excepto
2540 2797 2680 2848 uno,
2711 2787 2766 2838 et
2821 2781 2960 2846 solo,
3001 2781 3360 2850 deponatur,
3399 2781 3492 2838 sin

1847 2876 2046 2928 autem
2080 2869 2292 2937 laicus,
2324 2875 2630 2941 separetur
2654 2885 2692 2928 a
2712 2871 3146 2928 communione.
3175 2893 3204 2921 ››

1924 3051 2011 3106 31.
2045 3048 2157 3105 Sed
2198 3053 2256 3106 et
2283 3053 2534 3122 quartus
2583 3048 2815 3105 concilii
2865 3047 3230 3120 Gangrensis
3287 3063 3503 3116 canon,

1852 3141 2059 3195 contra
2071 3137 2311 3210 nuptias
2335 3137 2758 3194 abominantes
2783 3137 2864 3194 ait
2896 3156 2908 3196 :
2932 3137 2998 3193 Si
3020 3137 3150 3208 quis
3175 3137 3504 3206 presbyter.

1853 3227 1958 3299 qui
1985 3243 2228 3284 uxorem
2253 3227 2450 3295 duxit,
2472 3227 2778 3284 discernat
2801 3226 2968 3299 quasi
2988 3242 3116 3282 non
3135 3232 3425 3296 oporteat,
3444 3239 3508 3282 eo

1852 3331 2030 3374 sacra
2079 3317 2412 3375 celebrante
2457 3316 2745 3373 oblationi
2768 3316 3226 3383 communicare,
3255 3316 3334 3370 sit
3361 3329 3508 3371 ana-

1857 3406 2069 3463 thema.
2098 3405 2398 3462 Adversus
2424 3421 2578 3478 quos
2605 3405 2965 3461 sententiam
2994 3403 3251 3460 similem
3273 3403 3513 3476 praefert

1856 3500 1913 3551 et
1937 3501 2104 3551 sexta
2169 3494 2462 3567 synodus,
2526 3493 2604 3550 ad
2669 3493 2832 3550 hunc
2873 3493 3122 3550 modum
3163 3493 3431 3550 scribens
3493 3510 3507 3550 :

1857 3583 2328 3656 Quandoquidem
2356 3584 2418 3639 in
2441 3584 2712 3640 Romana
2747 3584 3012 3640 Ecclesia
3043 3583 3286 3640 canonis
3322 3582 3508 3639 vicem

1853 3675 2117 3732 obtinere
2130 3675 2416 3738 novimus,
2433 3680 2498 3729 ut
2521 3676 2626 3746 qui
2637 3673 2718 3731 ad
2728 3673 3117 3731 diaconatum
3141 3673 3230 3732 vel
3265 3671 3512 3744 presby-

1855 3769 2112 3820 teratum
2143 3763 2524 3833 promovendi
2551 3767 2710 3830 sunt,
2737 3763 3155 3832 professionem
3182 3762 3512 3832 faciant,se

1852 3869 1968 3908 non
2010 3851 2267 3922 amplius
2292 3852 2772 3909 consuetudinem
2801 3866 3052 3909 uxorum
3075 3868 3312 3907 suarum
3340 3850 3508 3908 habi-

1853 3947 2147 4007 turos,°nos
2157 3939 2469 4010 antiquum
2484 3955 2760 3996 canonem
2771 3940 3116 4006 apostolicae
3129 3939 3455 4009 perfection
3462 3942 3510 3996 is

1851 4029 2191 4101 ordinisque
2209 4028 2604 4093 observantes,
2625 4043 2824 4084 eorum
2844 4028 2948 4100 qui
2962 4033 3101 4083 sunt
3124 4030 3186 4082 in
3207 4028 3392 4083 sacris
3415 4043 3513 4082 or-

1851 4118 2083 4175 dinibus
2095 4117 2703 4188 constituti,conjugia
2716 4117 3090 4186 deinceps,ab
3105 4116 3214 4172 hoc
3226 4116 3510 4184 temporis

1851 4213 2165 4272 momento,
2210 4208 2392 4276 ﬁrma
2415 4212 2470 4262 et
2521 4205 2761 4263 stabilia
2789 4221 2910 4263 esse
2953 4207 3235 4274 volumus,
3285 4219 3508 4276 nequa-

1851 4311 2030 4370 quam
2047 4312 2250 4354 eorum
2263 4311 2394 4352 cum
2413 4296 2698 4354 uxoribus
2719 4296 2834 4353 suis
2855 4296 3134 4367 copulam
3153 4295 3505 4362 dissuentes,

1853 4387 1948 4442 vel
1973 4400 2068 4442 eos
2093 4391 2299 4442 mutua
2323 4385 2750 4443 consuetudine
2769 4385 3116 4454 opportunis
3148 4384 3507 4454 imparibus

1848 4476 2171 4546 privantes.
2191 4475 2573 4542 Quamobrem
2593 4477 2644 4530 si
2657 4475 2789 4547 quis
2804 4475 3014 4546 dignus
3027 4474 3087 4530 in
3096 4481 3288 4530 ventus
3298 4475 3482 4543 fuerit
3493 4517 3506 4540 ,

137 4564 329 4625 αύτούς
427 4573 522 4626 τῆς
598 4569 720 4637 πρὸς
796 4565 1061 4630 ἀλλήλους,
1164 4570 1302 4618 κατὰ
1374 4571 1556 4642 καιρόν
1655 4571 1740 4620 τόν

1853 4541 1952 4637 qui
1965 4541 2410 4635 hypodiaiconus,
2430 4541 2721 4632 diaconus,
2739 4541 3052 4634 presbyter
3065 4541 3386 4628 ordinetur,
3408 4563 3507 4621 hic

135 4658 496 4728 προσήκοντα,
550 4654 773 4725 ὁμιλίας.
845 4653 1008 4708 Ὥστε
1073 4659 1116 4708 εἴ
1181 4675 1261 4716 τις
1346 4656 1491 4719 ἄξιος
1560 4658 1738 4732 εὑρεθῇ

135 4747 265 4816 πρὸς
380 4747 706 4816 χειροτονίαν
835 4740 1080 4796 διακόνου
1210 4745 1239 4803 ἣ
1367 4742 1737 4816 ύποδιακόνου,

136 4832 290 4894 οὗτος
337 4828 598 4904 μηδαμῶς
647 4831 924 4886 κωλυέσθω
1000 4831 1084 4885 ἐπὶ
1146 4837 1234 4886 τὸν
1315 4842 1546 4887 τοιοῦτον
1605 4834 1743 4907 βαθ-

135 4925 232 4994 μὸν
329 4919 729 4992 έμϐιϐάζεσθαι,
822 4929 1022 4994 γαμετῇ
1131 4927 1384 4975 συνοικῶν
1499 4929 1735 4997 νομίμῳ’

137 5017 271 5083 μήτε
311 5014 416 5083 μήν
469 5009 518 5062 έν
576 5018 648 5080 τῷ
701 5018 797 5073 τῆς
862 5015 1187 5085 χειροτονίας
1261 5021 1428 5084 καιρῷ
1508 5011 1739 5066 ἆπαιτεί-

139 5103 248 5154 σθω
345 5100 628 5172 ὁμολογεῖν,
729 5103 794 5160 ὡς
870 5099 1231 5158 ἀποστήσεται
1329 5109 1420 5174 τῇς
1492 5107 1734 5175 νομίμου,

139 5194 263 5263 πρὸς
335 5194 430 5248 τήν
505 5193 697 5242 οἰκείαν
769 5193 1021 5260 γαμετήν,
1130 5189 1356 5261 ὁμιλίας.
1457 5191 1567 5244 Ἱνα
1663 5197 1734 5263 μή

139 5279 383 5344 έντεύθεν,
447 5281 534 5332 τὸν
604 5277 659 5330 έκ
735 5286 867 5331 Θεοῦ
949 5279 1347 5350 νομοθετιθέντα
1428 5285 1518 5332 καὶ
1599 5279 1734 5334 εύλο·

140 5371 363 5439 γηθέντα
427 5374 491 5440 τῇ
569 5366 728 5420 αὐτοῦ
801 5371 1069 5440 παρουσίᾳ
1141 5370 1329 5438 γάμον,
1401 5367 1736 5443 καθυϐρίζειν

142 5457 514 5530 ίκϐιασθῶμεν,
592 5464 689 5518 τῆς
785 5464 876 5508 τοῦ
950 5455 1263 5527 Εύαγγελίου
1346 5465 1516 5528 φωνῆς
1591 5455 1733 5510 έκϐοο

142 5553 298 5615 ὡσης,
361 5566 392 5599 ιι
458 5545 565 5609 Ούς
630 5546 657 5598 ὁ
712 5549 838 5606 Θεὸς
893 5543 1111 5610 ἔζευξεν,
1177 5546 1442 5620 ἄνθρωπος
1492 5549 1563 5617 μή
1623 5567 1734 5618 χω-

142 5638 320 5712 ριζέτω
348 5657 362 5672 ο
442 5656 472 5689 ι)
548 5638 637 5689 καὶ
745 5641 838 5688 τοῦ
937 5633 1259 5689 Ἀποστόλου
1355 5629 1726 5702 διδάσκοντος,

1850 4653 1932 4710 ad
1942 4653 2117 4711 talem
2127 4654 2379 4724 gradum
2397 4655 2618 4712 assumi
2633 4668 3004 4726 nequaquam
3015 4653 3427 4721 prohibeatur,
3446 4653 3499 4709 si

1849 4757 1974 4798 cum
2001 4758 2111 4800 sua
2138 4744 2390 4815 legitima
2417 4759 2600 4800 uxore
2629 4743 2943 4799 cohabitet.
2975 4741 3096 4798 Sed
3125 4755 3232 4797 nec
3250 4741 3508 4798 ordina-

1850 4833 2027 4888 tionis
2049 4839 2324 4900 tempore,
2355 4832 2429 4889 ab
2460 4833 2565 4888 illo
2587 4831 2862 4900 erigatur
2871 4830 3178 4901 professio,
3211 4845 3271 4887 se
3293 4844 3330 4886 a
3359 4831 3471 4902 legi
3491 4863 3506 4872 -

1848 4921 1995 4977 tima
2019 4936 2146 4977 cum
2165 4935 2352 4978 uxore
2364 4936 2475 4977 sua
2495 4919 2920 4976 consuetudine
2936 4921 3173 4989 penitus
3200 4918 3503 4976 abstentu-

1846 5025 1981 5066 rum
2007 5028 2019 5066 :
2053 5011 2142 5067 Ne
2157 5025 2266 5080 per
2291 5009 2452 5066 illud
2475 5009 2731 5079 nuptias,
2755 5023 2793 5065 a
2819 5009 2938 5064 Deo
2964 5008 3294 5075 institutas,
3319 5013 3371 5063 et
3393 5023 3504 5066 sua

1841 5101 2166 5169 praesentia
2188 5099 2522 5156 honestatas
2549 5099 2907 5155 contumelia
2932 5097 3176 5168 afﬁcere
3198 5097 3504 5155 videamur

1843 5189 2209 5260 Evangelica
2226 5204 2352 5245 voce
2367 5189 2612 5245 dicente:
2630 5188 2800 5255 «Qua
2820 5189 2968 5244 Deus
2985 5189 3314 5257 conjunxit,
3333 5187 3364 5244 Ιι
3379 5204 3502 5245 omo

1845 5293 1918 5334 ne
1945 5283 2176 5348 separet
2195 5296 2208 5346 ;
2231 5301 2257 5329 »
2275 5284 2330 5335 et
2347 5279 2614 5350 Apostolo
2635 5277 2876 5334 docente
2895 5291 2908 5331 :
2935 5296 2959 5326 ε
2976 5275 3362 5332 Honorabiles
3381 5292 3503 5334 esse

1843 5371 2100 5437 nuptias,
2121 5371 2174 5424 et
2201 5373 2394 5424 torum
2415 5367 2862 5424 immaculatum
2886 5383 2938 5432 ;ιι
2961 5371 3036 5431 et,
3066 5366 3408 5436 «Alligatus
3439 5381 3496 5423 es

1847 5457 2029 5512 uxori
2055 5457 2083 5510 φ
2102 5456 2226 5512 noli
2253 5471 2510 5528 qumrere
2529 5455 2982 5512 dissolutionem.
3013 5476 3034 5503 ι
3068 5454 3128 5510 Si
3146 5454 3315 5525 quisi
3326 5455 3496 5525 gitur

1843 5551 2048 5602 contra
2067 5559 2307 5602 canones
2322 5545 2668 5616 apostolicos
2685 5544 3018 5602 iucitaverit
3038 5546 3288 5616 aliquem
3305 5557 3497 5599 eorum

1841 5633 1942 5706 qui
1959 5640 2099 5691 sunt
2131 5635 2193 5692 in
2217 5635 2402 5693 sacris
2428 5636 2902 5708 presbyterorum
2928 5633 3230 5700 nimirum,
3251 5633 3345 5692 vel
3365 5631 3496 5688 dia-

4068 402 4069 419 1

4013 579 4016 602 ι
4048 594 4049 597 η

4070 728 4073 759 1

4009 819 4016 878 ἑ

4011 891 4015 896 ·
4072 886 4073 907 1

4011 967 4014 980 ,

4009 1059 4014 1106 1
4048 1104 4051 1109 λ

4009 1149 4012 1164 .

4011 1205 4014 1246 ε

4007 1255 4014 1274 ε
4050 1284 4053 1287 .

4009 1319 4014 1376 ἐ

4009 1387 4014 1440 1
4052 1430 4053 1433 η

4009 1485 4014 1544 l.
4052 1482 4073 1501 ,χ

4054 2018 4055 2039 1

4001 2383 4006 2388 .
4044 2362 4085 2417 χ1-

4001 2477 4004 2480 .
4052 2446 4085 2547 ἒξ,

4042 2648 4071 2719 ll;

4029 2699 4088 2768 “si

4033 2755 4088 2782 ,γυνη

3999 2769 4088 2858 is
