4088 6214
516 214 624 270 735

1727 214 1965 270 ΡΗΟΤῘΙ
2007 212 2177 270 PATE

2288 213 2488 271 RCHE
2546 215 2656 272 CP.
3754 224 3840 280 736

519 356 824 411 canorum,
864 344 960 400 vel
988 344 1564 414 hypodiaconorum,
1596 342 2012 412 conjunctione
2041 357 2170 396 cum

2288 361 2307 390 κ
2366 345 2548 412 Τίμιον
2622 344 2709 395 τὸν
2758 345 2928 415 γάμον
3005 343 3054 396 ἓν
3129 351 3284 412 πᾶσι,
3358 349 3448 399 καὶ
3520 349 3627 404 Τὴν
3695 352 3842 407 κοίτην

523 434 780 504 legitima
838 448 944 490 sua
999 449 1182 491 uxore
1230 433 1486 504 privari,
1541 432 1876 502 deponatur
1930 449 1943 486 :
2011 431 2169 487 simi-

523 523 676 588 liter,
701 522 817 578 etsi
837 524 966 594 quis
973 524 1296 595 presbyter,
1326 522 1414 579 vel
1439 523 1716 578 diaconus
1728 537 1895 578 suam
1922 535 2168 576 uxorem

519 629 583 669 su
593 613 624 668 b
631 613 872 683 pietatis
891 619 986 667 aut
1007 612 1307 684 religionis
1332 616 1616 682 praetextu
1630 610 1887 681 eiecerit,
1911 623 2172 681 segrege-

525 707 628 757 tur
660 717 673 768 ;
701 702 828 758 etsi
851 707 1208 770 perseverat,
1231 702 1577 767 deponatur.

526 789 828 863 ἀποστερεῖν
923 797 1019 852 τῆς
1109 793 1240 866 πρὸς
1333 793 1426 848 τὴν

526 885 616 934 καὶ
689 883 734 933 εἴ
803 899 884 942 τις
955 879 1302 956 πρεσϐύτερος
1403 880 1434 939 ᾖ
1515 875 1756 941 διάκονος

527 970 726 1031 ζέσθωο
754 968 999 1042 ἐπιμένων
1031 966 1110 1036 δὲ,
1143 971 1520 1044 καθαιρείσθω.

591 1057 679 1112 32.
736 1057 954 1114 Verum
994 1059 1298 1114 enimvero
1337 1058 1549 1131 prima;
1610 1056 2012 1114 hebdomadis
2069 1069 2174 1129 per

522 1163 625 1204 eos
647 1147 893 1203 inducta
931 1147 1259 1216 dissolutio,
1307 1149 1389 1205 uti
1431 1153 1488 1205 et
1517 1148 1953 1220 baptizatorum
1995 1151 2173 1218 atque

524 1236 657 1293 oleo
685 1237 1065 1293 inunctorum
1091 1239 1378 1303 reunctio,
1406 1254 1527 1294 non
1555 1254 1708 1310 opus
1728 1237 1953 1294 habent
1981 1239 2048 1290 ut
2067 1249 2174 1306 per

525 1340 787 1382 canones
803 1325 1080 1381 recitatos
1101 1327 1474 1382 damnationi
1494 1326 1880 1398 subjiciantur
1902 1340 2064 1381 :nam
2083 1322 2176 1378 vel

523 1414 906 1470 solummodo
929 1415 1294 1470 mentionem
1334 1430 1541 1470 eorum
1583 1414 1811 1485 fecisse,
1853 1412 2173 1485 impietatis

526 1504 943 1576 cujuscunque
975 1504 1360 1559 eminentiam
1391 1505 1850 1577 supergreditur.

593 1592 682 1649 33.
715 1593 828 1648 Sed
871 1597 926 1648 et
964 1592 1061 1648 illa
1098 1593 1160 1648 in
1202 1593 1485 1666 Spiritum
1526 1599 1823 1661 sanctum,
1857 1591 1949 1648 vel
1988 1597 2172 1647 totam

1856 882 1950 936 τὴν
2029 875 2185 929 αὐτοῦ
2257 882 2501 948 γυναῖκα,

2278 431 2546 501 ἀμίαντον,
2602 437 2712 498 καὶ,
2768 430 2988 486 Δέδεσαι
3023 441 3281 507 γυναικί;
3316 440 3383 507 μή
3445 439 3594 499 ζήτει
3640 436 3789 492 λύσιν.
3821 459 3840 489 ι

2281 522 2340 572 Εἴ
2410 538 2487 580 τις
2561 516 2649 572 οὖν
2723 522 2993 593 τολμήσει,
3071 528 3215 597 παρά
3288 529 3400 586 τοὺς

2279 613 2497 669 κανόνας
2571 612 2890 683 κινούμενος,

3504 524 3608 577 ἀπο
3616 525 3845 588 στολικοὺς

2964 616 3078 666 τινά
3165 622 3264 665 τῶν
3349 616 3655 686 ἱερωμένων,
3713 634 3848 686 πρισ-

2282 695 2515 771 ϐύτερον,
2617 701 2802 770 φαμεν,
2903 703 2933 759 ἣ
3034 699 3297 766 διάκονον,
3375 704 3405 762 ἢ
3509 700 3846 768 ὑποδιάκονον,

1523 793 1739 862 νόμιμον
1812 793 2036 861 γυναῖκα
2113 790 2386 858 συναφείας
2459 805 2514 840 τε
2586 792 2676 840 καὶ
2750 795 3041 855 κοινωνίας,
3115 793 3474 867 καθαιρείσθω
3521 813 3535 826 ο
3613 795 3846 862 ὡσαύτως,

2607 881 2863 952 προφάσει
2956 879 3240 948 εὐλαϐείας,
3343 881 3603 947 ἐκϐάλλει,
3699 881 3850 956 ἀοαρι-

2352 1053 2457 1127 λβ·
2487 1055 2547 1110 Ἦ
2585 1053 2643 1110 δὲ
2707 1057 2991 1121 κατάλυσις
3028 1067 3126 1122 τῆς
3177 1065 3390 1135 πρώτης
3435 1057 3740 1133 ἑϐδομάδος,
3780 1059 3850 1111 καὶ

2283 1144 2308 1196 ὁ
2366 1143 2727 1219 ἀναμυρισμός
2770 1157 2870 1200 τῶν
2914 1145 3022 1208 ἤδη
3079 1147 3536 1222 βεϐαπτισμένων,
3585 1155 3672 1203 καὶ
3717 1169 3848 1222 μεμυ-

2281 1239 2555 1307 ρισμένων,
2615 1233 2738 1289 οὐδε
2793 1243 3036 1304 κανόνων,
3093 1235 3259 1311 οἶμαι,
3313 1236 3562 1297 δεήσεται
3616 1239 3685 1300 εἰς
3723 1241 3850 1289 κατά-

2281 1343 2492 1396 γνωσιν,
2539 1325 2751 1378 αὐτόθεν
2831 1333 2918 1380 καὶ
2983 1331 3146 1400 μόνης
3199 1337 3292 1390 τῆς
3351 1324 3655 1400 διηγήσεως
3707 1333 3850 1380 πᾶσαν

2281 1413 2564 1488 ὑπερϐολὴν
2590 1413 2872 1477 ἐκνικὼσης
2901 1413 3136 1476 δυσσεϐῆ
3145 1437 3329 1490 ματος.

2352 1593 2454 1664 λγ¹.
2510 1593 2585 1646 Οὐ
2640 1597 2744 1666 μὴν
2802 1593 2929 1647 ἀλλά
2981 1599 3070 1648 καὶ
3137 1596 3168 1653 ἠ
3239 1597 3375 1647 κατά
3419 1602 3514 1648 τοῦ
3570 1598 3848 1666 Πνεύματος,

527 1682 720 1754 potius
750 1687 1193 1737 sacrosanctam
1220 1682 1582 1747 Trinitatem,
1613 1681 2007 1754 blasphemia,
2038 1679 2171 1736 nul-

2288 1681 2471 1755 μᾶλλον
2515 1679 2575 1735 δε
2625 1683 2742 1736 καθ’
2772 1684 2895 1745 ὅλης
2946 1693 3041 1747 τῆς
3091 1685 3247 1756 ἀγίας
3303 1682 3553 1757 Τριάδος,
3604 1683 3850 1758 ὑπερϐολὴν

523 1770 634 1826 lam
649 1787 684 1827 a
702 1786 765 1826 se
779 1771 1362 1837 secundamhabens,
1384 1773 1431 1826 si
1447 1777 1662 1828 caetera
1672 1771 1867 1827 omnia
1879 1772 2169 1835 abessent,

531 1861 830 1916 sufﬁceret
868 1862 944 1915 ad
978 1860 1136 1916 mille
1167 1861 1687 1918 anathematismis
1719 1877 1820 1918 eos
1849 1860 2168 1917 feriendos.

596 2041 684 2095 34.
726 2039 977 2094 Istarum
1020 2039 1103 2094 ita
1142 2043 1448 2110 gestarum
1487 2055 1688 2096 rerum
1731 2039 2022 2104 notitiam,
2064 2054 2174 2111 pro

523 2133 752 2185 vetusta
792 2129 1206 2186 Ecclesiastica
1253 2131 1704 2196 consuetudine,
1747 2130 1824 2186 ad
1871 2131 2173 2186 vestrasin

525 2219 778 2275 Domino
799 2217 1039 2274 fraterni
1049 2224 1196 2275 tates
1214 2219 1462 2286 deferre,
1483 2220 1896 2277 statuebamus
1908 2235 2174 2292 aequum;

525 2323 680 2380 quos
713 2311 958 2379 paratos
991 2307 1115 2364 fore
1135 2325 1448 2380 rogamus,
1481 2314 1538 2365 et
1558 2311 1857 2383 cupimus,
1891 2309 1967 2366 ad
1998 2324 2174 2382 opem

523 2412 721 2452 comm
732 2412 911 2452 unem
921 2401 1182 2453 vestram
1197 2413 1307 2453 con
1316 2397 1620 2454 ferendam
1635 2399 1695 2454 in
1707 2399 1956 2455 istarum
1968 2399 2048 2454 im
2058 2397 2178 2470 pia-

524 2500 657 2540 rum
690 2491 744 2540 et
766 2501 801 2541 a
818 2487 936 2542 Deo
958 2485 1398 2543 abhorrentium
1412 2487 1780 2560 proposition
1793 2505 1880 2543 um
1901 2487 2180 2543 condem-

529 2573 769 2629 natione
804 2590 818 2639 ;
846 2581 909 2630 ut
929 2590 1313 2647 nequaquam
1341 2576 1658 2632 stationem
1689 2581 2000 2648 paternam
2021 2575 2180 2632 defe-

527 2663 686 2728 ratis,
713 2678 898 2735 quam
925 2663 1097 2719 vobis
1123 2665 1300 2720 vestri
1331 2671 1760 2736 antecessores,
1787 2681 1896 2738 per
1923 2681 2063 2720 suas
2085 2681 2178 2720 res

530 2757 751 2822 gestas,
786 2752 1070 2808 tuendam
1099 2759 1154 2809 et
1178 2755 1517 2810 ornandam
1543 2754 1863 2810 tradidere.
1895 2755 2180 2820 Quocirca

530 2840 794 2897 studiose
820 2843 1056 2910 curetis,
1083 2849 1140 2898 et
1163 2859 1301 2898 cum
1333 2843 1661 2914 diligentia,
1695 2848 2003 2900 utvestras
2022 2843 2178 2899 vices

529 2930 798 2987 obituros
822 2930 1022 2988 locum
1045 2936 1309 2989 tenentes
1329 2933 1444 2989 huc
1474 2933 1801 3002 destinetis,
1827 2934 1930 3004 qui
1951 2937 2179 2988 vestras

2283 1771 2342 1824 οὗ
2374 1771 2630 1824 λείπουσα
2677 1771 3013 1845 βλασφημία,
3071 1773 3165 1826 κᾶν
3212 1769 3379 1846 μηδεν
3440 1774 3611 1848 ἕτερον
3658 1776 3728 1831 εἴη
3771 1780 3850 1824 τῶν

2282 1866 2663 1934 προειρημένων
2734 1862 3126 1936 τετολμημένον,
3233 1861 3460 1939 ἐξαρκεῖ,

2284 1955 2494 2022 μυρίοις
2519 1949 2708 2012 αὐτοὺς
2734 1952 3018 2024 ὑπαγαγεῖν
3053 1951 3390 2025 ἀναθέμασιν.

3545 1867 3633 1916 καὶ
3705 1866 3848 1935 μόνον,

2355 2035 2442 2092 λδ.
2474 2042 2678 2092 Τούτων
2721 2044 2816 2098 τὴν
2861 2049 3054 2111 γνῶσιν
3106 2045 3196 2094 καὶ
3253 2039 3486 2108 εἴδησιν,
3519 2042 3654 2093 κατά
3697 2042 3747 2092 τὸ
3775 2057 3851 2091 πα-

2285 2129 2429 2181 λαιὸν
2485 2137 2582 2191 τῆς
2631 2129 2940 2192 Ἐκκλησίας
2987 2133 3115 2194 ἔθος,
3177 2131 3462 2203 ἀνενεγκεῖν
3501 2139 3566 2204 τῇ
3614 2132 3848 2202 ἡμετέρᾳ*

2288 2217 2336 2271 έν
2369 2223 2550 2291 Κυμίῳ
2581 2215 2912 2292 ἀδελφότητι,
2964 2217 3348 2294 έδικαιὼσαμεν
3374 2243 3386 2254 ·
3455 2227 3547 2273 καὶ
3597 2221 3849 2292 προθύμους

2288 2313 2376 2362 καὶ
2427 2313 2820 2381 συναγωνιστὰς
2864 2313 3125 2381 γενέσθαι,
3178 2311 3264 2363 ἐπὶ
3321 2319 3382 2384 τῇ
3440 2313 3731 2384 καθαιρέσει
3769 2313 3846 2359 τῶν

2289 2394 2560 2450 δυσσεϐὠν
2617 2402 2811 2452 τούτων
2876 2403 2966 2452 κάὶ
3031 2399 3191 2453 ἀθέων
3248 2399 3558 2472 κεφαλαίων,
3610 2401 3850 2472 παραινοῦο

2287 2492 2377 2561 μέν
2447 2507 2501 2540 τε
2544 2493 2631 2540 καὶ
2685 2485 2936 2561 δεόμεθα·
2986 2493 3075 2542 καὶ
3132 2494 3204 2562 μη
3265 2490 3435 2542 λιπεῖν
3505 2494 3599 2548 τὴν
3643 2491 3847 2561 πατρῴαν

2288 2576 2454 2643 τάξιν,
2487 2576 2546 2635 ἣν
2605 2578 2739 2649 ὑμᾶς
2796 2581 2845 2630 οἱ
2892 2583 3158 2651 πρόγονοι,
3219 2575 3292 2632 δι’
3345 2579 3416 2630 ὧν
3463 2577 3697 2651 ἔπραξαν,
3750 2591 3848 2625 κατ·

2289 2670 2430 2739 ἔχειν
2459 2663 2902 2740 παραδεδώκασιν
2923 2689 2936 2702 ο
2969 2667 3098 2720 ἀλλά
3139 2665 3346 2740 σπουδῇ
3379 2667 3550 2741 πολλῇ
3581 2673 3666 2719 καὶ
3691 2664 3848 2738 προθυ-

2290 2761 2406 2828 μίᾳ,
2439 2754 2548 2808 ἀνθ’
2589 2758 2750 2829 ὑμῶν,
2805 2761 3163 2831 τοποτηρητάς
3194 2777 3337 2820 τινας
3384 2756 3597 2811 ἑλέσθαι
3647 2754 3849 2807 ἀποστεῖ-

2287 2845 2394 2911 λαι,
2427 2843 2620 2919 ἄνδρας
2669 2850 2728 2899 τὸ
2776 2848 3017 2920 ὑμέτερον
3055 2847 3340 2920 ἐπέχοντας
3385 2853 3685 2924 πρόσωπον,
3737 2841 3848 2895 r56:-

2291 2934 2404 3007 ϐείᾳ
2439 2931 2498 2987 δε
2538 2940 2627 2988 καὶ
2668 2938 2940 3008 ἱερωσύνῃ,
2982 2941 3071 2988 καὶ
3120 2936 3256 3009 λόγῳ
3303 2941 3394 2990 καὶ
3463 2935 3586 3009 βίῳ,
3633 2944 3847 3003 κεκοσμη-

528 3036 816 3094 personas
862 3026 1302 3093 repraesentem,
1352 3023 1562 3094 pietate
1609 3027 2079 3088 consummatos,
2119 3021 2177 3077 in

2289 3029 2503 3097 μένους·
2556 3026 2621 3085 ὡς
2669 3024 2728 3076 ἃν
2769 3030 2860 3084 τὴν
2909 3027 3163 3100 ἀρτιφανῆ
3233 3033 3329 3098 τῇς
3381 3024 3626 3087 ἀσεϐείας
3686 3026 3848 3080 ταύτης

529 3113 714 3170 sacris
735 3112 1044 3168 ordinibus
1065 3113 1433 3179 constitutos,
1458 3112 1696 3170 dicendi
1719 3113 1999 3169 facultate
2021 3118 2078 3169 et
2100 3113 2178 3168 vi-

526 3209 602 3260 tte
633 3203 947 3259 honestate
973 3206 1235 3268 ornatos,
1272 3208 1334 3257 ut
1362 3202 1516 3258 hanc
1538 3203 1650 3259 late
1675 3209 2013 3276 serpentem
2035 3216 2178 3274 gan-

527 3307 793 3360 graanam
811 3292 882 3345 de
905 3289 1364 3346 mediaecclesia
1387 3307 1801 3360 amoveamus,
1827 3307 2052 3364 eosque
2075 3290 2179 3362 qui

526 3379 588 3434 in
619 3384 848 3434 tantum
888 3378 1276 3444 insanierunt,
1307 3383 1371 3433 ut
1401 3381 1720 3451 impietatis
1752 3396 1877 3436 suae
1909 3395 2179 3452 superse-

528 3469 918 3525 minationem
951 3468 1509 3525 subintroducerent
1534 3470 1590 3524 in
1615 3477 1852 3540 gentem
1889 3473 2042 3528 hanc
2075 3487 2178 3528 no-

529 3557 768 3622 vellam,
809 3570 1002 3626 nuper
1027 3555 1298 3612 coalitam
1331 3563 1388 3613 et
1435 3558 1844 3627 constitutam,
1887 3561 2175 3618 radicitus

528 3646 882 3717 exstirpatos
904 3643 1025 3716 igni
1057 3646 1416 3702 mandemus
1438 3647 1800 3716 adurendos,
1817 3650 1997 3724 idque
2019 3666 2179 3708 com-

527 3734 694 3792 muni
727 3748 1022 3790 consensu
1047 3736 1318 3791 omnium
1345 3752 1358 3802 ;
1381 3736 1547 3809 quod
1589 3737 1875 3796 divinitus
1933 3741 2177 3798 oracula

527 3823 698 3881 nobis
717 3824 874 3889 data,
896 3822 1061 3894 quod
1078 3825 1478 3882 exsecrandos
1499 3827 1726 3895 attinet,
1752 3834 1812 3885 ut
1829 3830 2174 3903 suscipiant,

527 3913 924 3974 sancivernnt.

597 4005 685 4062 32.
741 4008 822 4064 Ita
851 4010 1011 4065 enim
1045 4011 1308 4066 futurum
1339 4011 1562 4081 optime
1607 4024 1941 4080 speramus,
1994 4014 2050 4064 et
2073 4010 2176 4066 de-

525 4095 702 4168 pulsa
729 4097 1054 4170 impietate,
1087 4104 1142 4154 et
1162 4098 1325 4154 cultu
1349 4099 1580 4170 pietatis
1611 4099 1953 4168 constituto,
1977 4099 2179 4170 Bulga-

525 4201 731 4242 rorum
793 4188 1110 4244 multitudo
1138 4189 1371 4244 noviter
1395 4188 1453 4242 in
1470 4187 1700 4244 Christo
1718 4187 2098 4254 catechizata,
2124 4193 2178 4244 et

525 4274 744 4331 lumine
764 4276 1143 4348 baptismatis
1165 4277 1475 4342 illustrata,
1495 4277 1572 4332 ad
1594 4277 1766 4332 ﬁdem
1788 4275 1934 4348 ipsis
1949 4292 2178 4332 annun-

528 4364 735 4421 tiatam
763 4364 836 4421 sit
857 4381 1185 4422 reversura.
1206 4366 1369 4421 Certe
1385 4380 1504 4420 non
1524 4365 1707 4420 modo
1729 4379 1876 4434 gens
1903 4366 2180 4422 universa
2211 4402 2258 4456 Β

529 4457 841 4526 antiquam
863 4471 1035 4511 suam
1054 4454 1418 4526 impietatem
1439 4470 1547 4525 pro
1563 4453 1680 4509 ﬁde
1698 4453 1757 4508 in
1773 4454 2002 4510 Christo
2020 4470 2180 4510 com-

527 4545 781 4602 mutavit
806 4565 817 4610 ;
845 4545 948 4601 sed
972 4545 1236 4616 insuper,
1261 4543 1424 4616 quod
1450 4543 1773 4599 multorum
1807 4544 2057 4600 vocibus
2082 4543 2177 4599 de-

530 4641 827 4702 cantatur,
868 4651 1008 4691 cum
1035 4640 1170 4706 post
1199 4649 1259 4689 se
1290 4649 1522 4697 omnes,
1560 4633 1726 4705 quod
1769 4632 2179 4688 crudelitatem

529 4723 735 4779 attinet
756 4731 813 4780 et
834 4724 1144 4795 sanguinis
1163 4722 1450 4778 fundendi
1472 4721 1881 4794 cupiditatem,
1898 4723 1956 4778 in
1976 4737 2182 4779 secun-

531 4809 625 4863 dis
674 4811 1036 4882 reliquerint,
1097 4819 1154 4868 et
1179 4811 1325 4868 illud
1354 4811 1516 4884 quod
1547 4817 1792 4868 vocatur
1814 4812 1990 4880 Rhos,
2020 4812 2182 4883 apud

533 4911 636 4952 eos
661 4899 742 4953 ita
771 4901 1107 4970 obtinuerit,
1143 4907 1204 4957 ut
1225 4901 1471 4958 Romani
1499 4900 1731 4974 imperii
1766 4901 2038 4956 subditos
2071 4901 2184 4956 sibi

531 5003 1022 5060 quaquaversum
1041 4992 1357 5064 proximos,
1381 4992 1443 5048 in
1469 4993 1805 5048 servitutem
1828 4991 2182 5061 redigerent,

543 5082 722 5148 atque
752 5078 973 5134 animis
997 5081 1148 5137 ultra
1171 5081 1416 5137 modum
1442 5080 1609 5138 elatis
1635 5097 1853 5137 manus
1881 5081 2188 5153 injicerent

537 5165 824 5222 violentas
857 5183 870 5222 :
901 5167 983 5223 illi
1013 5169 1120 5240 ipsi
1149 5169 1208 5225 in
1240 5170 1514 5241 praesenti
1540 5171 1855 5238 sinceram,
1893 5175 1948 5226 et
1972 5171 2187 5243 imper-

529 5255 776 5312 mistam
802 5255 1148 5328 religionem
1177 5258 1385 5315 Christi
1404 5275 1550 5332 pure
1577 5260 1938 5331 proﬁtentes,
1963 5275 2187 5333 propa-

2291 3113 2654 3188 ἔφερπύσασαν
2707 3119 3053 3186 γαγγραίναν,
3113 3113 3167 3166 ἐκ
3231 3118 3392 3182 μέσον
3451 3123 3543 3188 τῇς
3609 3113 3848 3170 ίκκλησίας

2287 3205 2629 3276 ποιησώμεθα
2657 3225 2668 3237 ·
2728 3209 2818 3256 καὶ
2883 3208 3004 3265 τοὺς
3085 3204 3394 3276 έκμανέντας
3469 3207 3717 3260 τοσαύτην
3763 3199 3847 3252 ἔπι-

2291 3296 2488 3368 σποράν
2539 3297 2793 3367 πονηρίας
2844 3292 2915 3355 εἰς
2973 3297 3030 3345 τὸ
3081 3297 3327 3365 νεοπαγὲς
3379 3299 3474 3346 καὶ
3545 3295 3844 3346 νεοσύστατον

2289 3384 2431 3444 ἔθνος
2485 3382 2805 3453 εἰσενεγκεῖν,
2850 3383 3030 3444 αὐταῖς
3094 3381 3395 3436 ἀνασπᾶσαι
3457 3384 3752 3458 ῥίζαις,καὶ
3789 3383 3844 3445 τῷ

2288 3475 2416 3544 πυρὶ
2454 3467 2804 3545 παραδοῦναι,
2838 3468 2930 3524 διὰ
2957 3480 3052 3533 τῆς
3079 3479 3256 3533 κοινῆς
3296 3470 3607 3544 ἀποφάσεως
3629 3491 3640 3504 ·
3691 3468 3714 3521 ὁ
3753 3469 3844 3524 τοὺς

2288 3564 2677 3632 κατηραμένους
2726 3557 3110 3632 ὑποδέχεσθαι,
3163 3563 3228 3612 τὰ
3275 3564 3511 3636 κυριακά
3549 3559 3842 3619 θεσπίζουσα

2287 3647 2458 3720 λόγια.

2356 4005 2439 4058 λε’.
2511 4006 2661 4058 Οὕτω
2725 4009 2850 4080 γάρ,
2909 4014 3002 4066 τῆς
3077 4008 3166 4078 μεν
3239 4004 3478 4066 ἀσεϐείας
3525 4005 3838 4074 ὶλαυνομένηςν

2287 4099 2372 4148 καὶ
2431 4104 2524 4158 τῆς
2592 4095 2850 4157 εὐσεϐείας
2902 4098 3338 4168 κραταιουμένης,
3405 4091 3616 4154 ἐλπίδας
3685 4095 3839 4162 ἔχομεν

2290 4184 2506 4256 ἀγαθὰς,
2567 4185 2635 4246 εἰς
2689 4190 2782 4244 τὴν
2833 4180 3227 4256 παραδοθεῖσαν
3275 4184 3456 4246 αὐτοῖς
3501 4177 3841 4252 έπαναστρέψαι

2287 4279 2488 4338 πίστιν,
2521 4278 2612 4326 καὶ
2664 4277 2721 4326 τὸ
2769 4277 3159 4346 νεοκατήχητον
3207 4273 3274 4334 εἰς
3306 4277 3535 4348 Χριστὸν
3585 4270 3841 4336 καὶνεοοώ-

2289 4383 2466 4416 τιστον
2508 4372 2607 4415 τῶν
2661 4362 2967 4438 Βουλγάρων
3012 4361 3284 4434 πλήρωμα·
3339 4366 3431 4414 καὶ
3486 4364 3584 4434 γάρ
3640 4358 3693 4412 οὐ
3718 4361 3840 4428 μόνον

2290 4458 2347 4506 τό
2375 4457 2513 4515 ἔθνος
2562 4460 2734 4522 τοῦτο,
2768 4456 2860 4510 τὴν
2921 4451 2990 4513 εἰς
3055 4455 3284 4522 Χριστὸν
3331 4457 3532 4516 πίστιν,
3565 4458 3652 4510 τῆς
3695 4447 3839 4519 προτέ-

2289 4561 2381 4616 ρας
2423 4540 2660 4603 ἀσεϐείας
2714 4541 3006 4604 ἠλλάξατο·
3065 4538 3191 4591 ἀλλά
3240 4559 3300 4611 γε
3339 4537 3432 4604 δὴ,
3495 4543 3582 4591 καὶ
3635 4540 3687 4590 τὸ
3728 4531 3840 4603 παρά

2289 4631 2494 4694 πολλοῖς
2564 4630 2808 4690 πολλάκις
2892 4628 3284 4704 θρυλλούμενον,
3342 4635 3434 4682 καὶ
3517 4629 3590 4690 εἰς
3636 4627 3839 4698 ὠμότητα

2291 4726 2376 4774 καὶ
2434 4724 2732 4793 μιαιφονίαν
2781 4721 2974 4779 πάντας
3035 4715 3310 4791 δευτέρους
3355 4703 3670 4789 ταττόμενον,
3715 4716 3837 4764 τοῦτο

2295 4811 2362 4870 δὴ
2405 4814 2462 4862 τὸ
2501 4809 2810 4880 καλούμενον
2859 4816 3023 4880 τορῶς
3049 4819 3098 4874 ι,
3133 4808 3182 4859 οἱ
3229 4803 3298 4865 δὴ
3330 4812 3419 4860 καὶ
3465 4809 3597 4859 κατά
3631 4810 3711 4863 τῆς
3747 4799 3837 4852 Ῥω-

2292 4908 2487 4973 μαίκῆς
2537 4900 2734 4972 ἀρχῆς,
2773 4902 2896 4959 τοὺς
2925 4897 3074 4972 πέριξ
3125 4897 3292 4948 αὐτῶν
3333 4893 3720 4967 δουλωσάμενοι,
3767 4883 3837 4938 xti-

2293 4993 2458 5044 κεῖθεν
2537 4992 2803 5064 ὑπέρογκα
2871 4988 3383 5063 φρονηματισθέντες,
3471 4992 3648 5059 χεῖρας
3715 4977 3837 5031 ἀντῆ-

2293 5101 2407 5155 ραν·
2443 5079 2547 5132 ἀλλ⁹
2607 5081 2745 5152 ὅμως
2781 5086 2868 5130 νῦν
2917 5082 3006 5130 καὶ
3058 5076 3222 5142 οὗτοι,
3281 5080 3374 5134 τὴν
3419 5084 3514 5129 τῶν
3562 5065 3834 5148 Χριστιανῶν

2295 5173 2527 5244 καθαράν
2597 5173 2687 5222 καὶ
2758 5163 3040 5224 ἀκίϐδηλον
3103 5168 3402 5239 θρησκείαν,
3453 5173 3546 5226 τῆς
3592 5159 3834 5244 Ἑλληνικῆς

2298 5264 2384 5312 καὶ
2419 5240 2571 5313 ἀθέου
2623 5254 2801 5322 δόξης,
2855 5255 2902 5308 ἕν
3031 5260 3339 5327 κατείχοντο
3388 5258 3642 5327 πρότερον,
3692 5240 3834 5298 ἀντηλ-

1867 5383 2112 5442 VARIxE
2147 5383 2557 5442 LECTlONES.

604 5519 633 5548 ν
662 5505 774 5582 leg.
805 5505 1042 5579 ὑμετέρᾳ.
1077 5517 1108 5547 ι
1137 5508 1216 5558 ἶσ.
1246 5509 1303 5560 τὸ
1322 5505 1463 5567 Ῥῶς.
