4088 6214
216 287 320 342 737

1487 278 1998 337 EPISTOLARUM
2042 279 2254 336 LIBER
2293 281 2334 336 Ι.

3469 295 3577 350 738

214 412 454 477 λάξαντο,
505 409 554 462 έν
618 411 860 468 ὑπηκόων
911 407 1125 471 ἑαυτοὺς
1166 411 1257 459 καὶ
1317 406 1572 481 προξένων
1643 405 1807 473 τάξει,

1930 406 2134 476 ganica
2154 405 2456 478 impietate
2478 406 2596 474 illa,
2619 424 2741 480 qua
2757 415 2924 482 prius
2945 416 3203 485 possessi
3229 416 3575 475 detineban-

213 500 324 554 ἀντὶ
380 507 470 560 τῆς
513 507 805 574 προμικροῦ
857 497 974 551 καθ’
1023 499 1168 570 ἡμῶν
1228 495 1524 561 λεηλασίας,
1583 500 1671 548 καὶ
1717 503 1809 548 τοῦ

211 590 437 664 μεγάλου
512 587 860 661 τολμήματος,
941 586 1224 659 ἀγαπητῶς
1303 586 1806 658 ἐγκαταστήσαντες.

217 685 318 734 Καὶ
361 678 444 732 ἐπὶ
491 686 742 732 τοσοῦτον
787 677 979 739 αύτοὺς
1027 678 1052 728 ό
1091 684 1182 736 τῆς
1241 679 1462 737 πίστεως
1510 677 1664 735 πόθος
1719 679 1809 726 καὶ

214 769 368 831 ζῆλος
437 766 716 840 ἀνέφλεξεν,
779 765 1002 839 (Παῦλος
1084 765 1236 817 πάλιν
1315 766 1434 836 βοᾷ,
1521 763 1811 835 Εὐλογητὸς

213 860 239 911 ό
302 861 432 918 Θεὸς
478 862 550 918 εὶς
615 859 737 918 τοὺς
791 856 1001 924 αἰῶνας)
1049 856 1186 908 ὥστε
1232 859 1324 906 καὶ
1372 853 1658 906 ἐπίσκοπόν
1717 857 1808 904 καὶ

211 951 432 1021 ποιμένα
494 943 769 1010 δέξασθαι,
845 950 934 997 καὶ
997 947 1063 996 τὰ
1124 952 1221 996 τῶν
1288 951 1614 1016 Χριστιανῶν
1689 943 1813 1014 θρη-

215 1040 508 1108 σκεύματα,
539 1031 634 1090 διὰ
678 1033 873 1097 πολλῆς
921 1029 1158 1094 σπουδῆς
1197 1037 1286 1085 καὶ
1324 1029 1610 1102 ἐπιμελείας,
1641 1028 1813 1083 ἀσπά-

215 1128 420 1190 ζεσθαι.

282 1215 388 1280 λς’.
432 1217 640 1268 Τούτων
691 1209 779 1266 οὑν
805 1212 960 1275 οὑτω,
1013 1220 1073 1285 τῇ
1125 1218 1216 1264 τοῦ
1259 1210 1622 1285 φιλανθρώπου
1676 1216 1810 1262 Θεοῦ

208 1306 422 1377 χάριτι,
496 1309 587 1356 τοῦ
649 1304 844 1363 πάντας
905 1299 1204 1372 ἀνθρώπους
1259 1299 1488 1360 θέλοντος
1555 1299 1807 1363 σωθῆναι,

207 1398 302 1445 καὶ
354 1392 425 1453 εἰς
490 1391 770 1463 ἐπίγνωσιν
843 1388 1088 1452 ἀληθείας
1163 1388 1340 1454 ἐλθεῖν,
1411 1397 1510 1440 τῶν
1580 1386 1810 1439 παλαιῶν

209 1483 388 1543 αὐτοῖς
458 1477 802 1552 δοξασμάτων
887 1480 1311 1552 μετατιθεμένων,
1373 1481 1463 1529 καὶ
1531 1479 1625 1534 τὴν
1691 1475 1808 1528 εἱλισ

207 1580 356 1645 κρινῆ
392 1579 492 1623 τῶν
535 1578 859 1644 χριστιανῶν
907 1573 1087 1622 πίστιν
1126 1567 1346 1636 ἐκείνων,
1375 1565 1770 1637 ἁλλασσομένων
1794 1585 1806 1596 ·

207 1662 254 1714 εἰ
303 1658 618 1717 διανασταίη
675 1664 766 1712 καὶ
814 1661 843 1717 ἡ
895 1659 1118 1731 ὑμετέρα
1176 1653 1464 1728 ἀδελφότης
1510 1655 1812 1727 συμπροθυ-

1921 499 2035 560 tur,
2058 495 2117 550 in
2149 511 2402 552 numero
2429 503 2614 553 semet
2644 504 2699 554 et
2723 500 2932 556 ordine
2961 511 3354 574 reposuerant
3377 507 3580 564 subdi-

1923 588 2138 650 torum,
2171 584 2320 639 adeo
2355 589 2438 650 ut,
2476 601 2608 642 cum
2642 602 2763 642 non
2797 588 2875 644 ita
2905 591 3136 663 pridem
3168 594 3578 664 praedarentur

1920 677 2124 728 nostra
2147 688 2286 728 cum
2307 673 2564 730 audacia
2590 692 2850 743 summa,
2878 694 3040 734 nunc
3065 683 3209 736 satis
3243 683 3502 739 habeant
3530 685 3580 740 si

1920 761 2325 832 acquiescant.
2350 762 2416 818 Et
2434 779 2504 819 eo
2525 763 2768 836 quidem
2795 783 2981 838 usque
3005 769 3142 824 fidei
3165 787 3338 827 amor
3350 777 3405 828 et
3423 773 3578 828 zelus

1921 849 2177 906 intendit
2202 851 2300 923 (de
2325 867 2447 923 qua
2469 867 2528 908 re
2555 869 2690 908 cum
2721 855 2898 912 Paulo
2919 856 3193 924 dixerim,
3220 860 3577 918 Benedictus

1921 939 1995 994 sit
2025 943 2083 994 in
2115 941 2337 997 saecula
2370 941 2544 1013 Deus)
2577 947 2633 997 ut
2668 949 2969 1014 pastorem
2995 953 3050 1002 et
3080 948 3428 1020 episcopum
3464 951 3578 1006 sibi

1925 1028 2290 1101 propositum
2319 1030 2658 1100 admittant,
2691 1041 2746 1087 et
2783 1034 3137 1092 Christianos
3168 1038 3312 1094 ritus
3353 1038 3580 1108 religio-

1923 1117 2015 1172 nis
2038 1116 2240 1173 sedulo
2263 1118 2618 1190 suscipiant,
2640 1127 2697 1176 et
2717 1123 3135 1194 amplexentur
3161 1126 3580 1187 libentissime.

1990 1208 2080 1264 36.
2110 1209 2194 1264 Ad
2223 1210 2384 1266 hunc
2407 1227 2549 1281 ergo
2580 1213 2851 1280 modum,
2885 1231 3022 1271 cum
3054 1232 3159 1288 per
3184 1219 3434 1288 gratiam
3476 1220 3584 1276 mi-

1921 1297 2234 1354 sericordis
2261 1299 2361 1354 Dei
2390 1300 2494 1372 qui
2527 1301 2696 1357 vellet
2721 1318 2930 1358 omnes
2959 1305 3234 1361 homines
3258 1307 3497 1376 salvari,
3524 1313 3583 1365 et

1920 1385 1998 1442 ad
2031 1387 2287 1444 veritatis
2317 1390 2512 1445 venire
2543 1391 2968 1460 cognitionem,
3003 1410 3036 1450 a
3067 1397 3310 1452 vetustis
3355 1399 3582 1469 opinio-

1922 1475 2101 1532 nibus
2145 1478 2270 1532 suis
2307 1477 2368 1532 hi
2410 1481 2776 1546 recesserint,
2820 1488 2876 1536 et
2913 1483 3158 1539 easdem
3200 1500 3309 1556 pro
3349 1487 3582 1544 sincera

1922 1565 2388 1622 Christianorum
2415 1567 2534 1622 ﬁde
2562 1570 2940 1635 mutaverint,
2969 1574 3233 1644 profecto
3262 1574 3312 1629 si
3339 1591 3586 1631 consur-

1921 1670 2056 1724 gere
2079 1654 2357 1725 dignetur
2381 1661 2581 1713 vestra
2601 1657 2955 1726 fraternitas,
2981 1669 3038 1716 et
3062 1678 3181 1718 una
3201 1679 3337 1719 cum
3364 1663 3580 1720 affectu

205 1753 464 1825 μηθῆναι,
527 1754 617 1802 καὶ
687 1747 1241 1821 συγκατεργάσασθαι,
1309 1745 1380 1808 εἰς
1432 1749 1526 1802 τήν
1587 1746 1810 1801 ἐκκοπὴν

1930 1745 2230 1816 cooperari
2271 1746 2588 1802 nobiscum
2623 1755 2684 1802 ut
2712 1750 3159 1817 exscindantur,
3192 1757 3248 1807 et
3285 1752 3347 1807 in
3392 1754 3586 1810 incen-

203 1845 301 1892 xui
331 1847 520 1892 καῦσιν
569 1845 668 1890 τῶν
698 1832 1080 1911 παραφυάδων,
1110 1837 1159 1886 ἑν
1211 1838 1384 1908 Κυρίῳ
1443 1833 1620 1891 Ἰησοῦ
1673 1840 1808 1906 Χρι-

207 1937 342 2000 στῷ,
392 1937 463 1999 τῷ
515 1927 740 1996 ἀληθινῷ
792 1934 905 1996 Θεῷ
958 1927 1104 1996 ἡμῶν
1151 1925 1452 1984 πεποιθότες
1501 1921 1670 1994 ἐσμεν,
1732 1922 1811 1973 ὅτι

203 2023 264 2072 τό
319 2023 556 2090 ποίμνιον
612 2016 794 2079 αὑτοῦ,
841 2013 925 2067 ἐπὶ
967 2013 1114 2066 πλέον
1155 2015 1226 2065 ἔτι
1284 2011 1474 2084 μᾶλλον
1524 2010 1814 2072 αὐξηθήσε-

205 2127 316 2174 ται,
381 2112 469 2159 xui
521 2105 926 2178 πληρωθήσεται
975 2107 1032 2155 τὸ
1086 2102 1372 2176 εἰρημένον,
1420 2104 1500 2153 ὅτι
1547 2095 1810 2157 Εἰδὴσου-

206 2201 292 2250 σίν
346 2215 410 2270 με
483 2198 671 2255 πάντες
752 2193 852 2246 ἀπὸ
918 2199 1106 2266 μικροῦ
1173 2193 1268 2252 ἕως
1347 2189 1596 2262 μεγάλου,
1647 2187 1814 2240 αὑτῶν

202 2291 314 2352 καὶ,
389 2286 475 2348 Εἰς
529 2291 704 2338 πᾶσαν
779 2287 872 2341 τὴν
940 2290 1039 2353 γῆν
1092 2279 1297 2344 ἐξῆλθεν
1345 2281 1370 2331 ὁ
1430 2280 1654 2352 φθόγγος
1714 2285 1814 2330 τῶν

207 2375 566 2429 ἆποστολικῶν
619 2369 987 2444 διδαγμάτων,
1041 2375 1130 2422 καὶ
1190 2369 1262 2432 εἰς
1327 2370 1393 2421 τὰ
1468 2371 1667 2441 πέρατα
1720 2375 1817 2429 τῆς

200 2465 501 2538 οἰκουμένης
524 2465 588 2516 τὰ
614 2463 828 2537 ῥήματα
852 2460 1044 2513 αὑτων.

273 2554 374 2616 λζ’.
425 2560 519 2608 Δεῖ
569 2548 656 2604 οὖν
689 2555 808 2613 τοὺς
855 2548 978 2622 παρ’
1018 2549 1160 2620 ὑμῶν
1205 2545 1314 2600 ἀνθ’
1360 2548 1502 2618 ὑμῶν
1544 2544 1816 2616 στελλομέ’

201 2661 337 2708 νους,
365 2644 457 2694 καὶ
497 2643 554 2693 τὸ
607 2641 850 2712 ὑμέτερον
899 2633 1286 2708 ὑποδυομένους
1337 2636 1468 2710 ἱερὸν
1521 2631 1610 2685 καὶ
1667 2635 1813 2685 ὅσιον

203 2735 506 2806 πρόσωπον,
587 2733 680 2788 τὴν
759 2728 1007 2802 ὑμετέραν
1081 2725 1369 2789 αύθεντίαν,
1447 2722 1507 2781 ἣν
1563 2725 1710 2794 ὑμεῖς
1764 2719 1812 2772 ἐν

209 2824 470 2892 Ηνεύματι
525 2818 656 2890 ἁγίῳ
703 2816 1090 2891 ἔκληρώσασθε,
1145 2813 1566 2887 ἐγχειρισθῆναι·
1625 2813 1692 2872 ὡς
1751 2811 1812 2862 οἷν

205 2915 323 2984 περί
381 2928 436 2962 τε
496 2910 690 2960 τούτων
763 2913 861 2958 τῶν
918 2903 1229 2977 κεφαλαίων,
1293 2907 1383 2954 καὶ
1451 2904 1562 2975 περὶ
1633 2900 1810 2972 ἑτέρων

205 3001 412 3060 τούτοις
471 2995 872 3070 παραπλησίων,
921 2993 976 3056 ἐξ
1021 2992 1292 3053 αύθεντίας
1348 2992 1478 3044 ὦσιν
1527 2988 1811 3042 ἀποστολι-

1921 1831 2090 1888 dium
2111 1833 2438 1903 mittantur,
2453 1835 2558 1907 qui
2577 1853 2923 1894 succrevere
2943 1839 3227 1907 stolones,
3249 1841 3423 1898 valde
3441 1858 3585 1899 con-

1923 1921 2164 1978 ﬁdimus
2195 1938 2300 1995 per
2332 1926 2650 1981 Dominum
2696 1933 2970 1984 nostrum
3015 1928 3224 1985 Jesum
3267 1930 3584 2003 Christum,

1924 2009 2111 2066 Deum
2135 2027 2363 2077 verum,
2383 2012 2652 2069 futurum
2683 2021 2744 2070 ut
2762 2015 2951 2087 ipsius
2968 2018 3168 2073 adhuc
3193 2019 3386 2088 magis
3408 2036 3590 2075 exau-

1924 2102 2134 2169 geatur
2159 2099 2332 2164 ovile,
2360 2106 2415 2156 et
2458 2101 2602 2158 illud
2633 2102 2950 2173 impleatur
2983 2106 3151 2176 quod
3197 2106 3422 2162 dictum
3466 2115 3586 2164 est:

1924 2189 2282 2259 Cognoscent
2309 2204 2398 2246 me
2421 2206 2639 2256 omnes,
2663 2207 2700 2248 a
2726 2192 2964 2250 minimo
2985 2195 3067 2249 ad
3085 2196 3414 2252 maximum
3433 2199 3475 2266 ο,
3507 2201 3585 2266 et,

1925 2278 1996 2333 In
2013 2280 2352 2335 universam
2370 2285 2593 2336 terram
2611 2281 2794 2338 exivit
2815 2298 3010 2349 sonus,
3035 2283 3320 2341 doctrinas
3343 2291 3581 2358 aposto-

1923 2365 2074 2434 licaa,
2104 2375 2156 2424 et
2187 2368 2264 2424 ad
2292 2371 2562 2426 terminos
2587 2375 2758 2427 terras
2792 2373 2968 2428 verba
2999 2388 3205 2430 eorum
3229 2375 3296 2428 ιο.

1963 2547 2087 2604 ι37.
2138 2546 2380 2618 Oportet
2427 2547 2606 2617 igitur
2651 2549 2784 2605 illos
2823 2551 2930 2622 qui
2974 2567 3010 2608 a
3059 2551 3221 2608 vobis
3264 2567 3374 2625 pro
3423 2553 3592 2610 vobis

1925 2636 2194 2692 mittendi
2225 2642 2378 2708 sunt,
2406 2638 2630 2710 quique
2656 2653 2892 2696 sacram
2917 2647 3310 2713 sanctamque
3327 2648 3588 2698 vestram

1923 2739 2245 2796 personam
2271 2726 2669 2792 sustinebunt,
2700 2744 2839 2784 cum
2873 2733 3065 2786 vestra
3095 2730 3400 2786 liberrima
3427 2737 3592 2804 pote-

1922 2819 2071 2870 state
2097 2814 2303 2885 legari,
2327 2831 2400 2873 ea
2419 2815 2642 2873 scilicet
2661 2834 2849 2890 quam
2869 2833 2979 2891 per
2997 2820 3286 2890 Spiritum
3311 2826 3592 2878 sanctum

1921 2903 2108 2979 sortiti
2133 2905 2294 2970 estis,
2319 2911 2374 2960 et
2408 2911 2468 2960 ut
2495 2907 2858 2963 sententiam
2880 2907 3074 2964 dicere
3104 2909 3359 2979 possint,
3385 2915 3442 2964 et
3473 2909 3595 2965 suf-

1923 2973 2183 3063 fragium
2209 2993 2359 3050 ferre
2390 2994 2629 3050 valeant
2656 2997 2730 3051 de
2755 2997 3055 3067 capitibus
3084 2973 3431 3070 propositis,
3459 3003 3518 3054 et
3544 2999 3593 3054 si

205 3096 299 3141 κοῦ
333 3089 538 3162 θρόνου,
583 3089 672 3136 xui
720 3084 883 3155 λέγειν
931 3084 1121 3147 ἱκανοὶ,
1183 3087 1273 3133 καὶ
1330 3081 1573 3152 πράττειν
1614 3076 1814 3129 ἀκώλυ-

1930 3097 2059 3152 qua:
2083 3081 2200 3138 alia
2219 3082 2434 3140 similia
2459 3084 2869 3154 agitabuntur,
2893 3101 2964 3142 ea
2980 3102 3119 3143 cum
3141 3085 3432 3150 libertate,
3459 3103 3591 3158 quae

207 3197 306 3230 τοι.
344 3180 446 3230 Καὶ
488 3177 590 3248 γὰρ
643 3169 736 3238 δὴ,
777 3177 867 3224 καὶ
917 3169 1016 3223 ἀπὸ
1061 3178 1163 3223 τῶν
1219 3178 1314 3230 τῆς
1359 3168 1576 3229 Ἰταλίας
1623 3174 1808 3239 μερῶν,

211 3263 465 3323 συνοδική
511 3283 592 3324 τις
638 3261 884 3320 ἐπιστολή
933 3265 1062 3336 πρὸς
1117 3262 1255 3332 ἡμᾶς
1308 3253 1718 3331 ἀναπεφοίτηκευ
1762 3267 1814 3312 )‘s

209 3354 447 3431 ἆῤῥήτων
530 3351 866 3424 ἐγκλημάτων
942 3354 1180 3423 γέμουσα
1239 3365 1250 3377 ·
1298 3348 1452 3400 οἶτινα
1509 3348 1646 3398 κατὰ
1723 3351 1814 3396 τοῦ

208 3445 403 3498 οἰκείου
468 3441 635 3494 αὐτῶν
715 3440 1026 3503 ἐπισκόπου,
1093 3439 1142 3492 οἱ
1202 3441 1296 3495 τὴν
1348 3435 1574 3490 Ἰταλίαν
1619 3435 1816 3488 οἰκοῦν-

207 3552 307 3600 τες,
383 3533 516 3606 μετὰ
588 3529 776 3591 πολλῆς
859 3533 1232 3602 κατακρίσεως,
1307 3532 1396 3580 καὶ
1471 3526 1635 3600 ὅρκων
1709 3543 1814 3596 μυ-

208 3629 357 3698 ρίων,
419 3618 792 3692 διεπέμψαντο·
852 3623 923 3691 μὴ
970 3614 1213 3692 παριδεῖν
1268 3617 1452 3678 αὐτοὺς
1501 3615 1660 3676 οὑτως
1707 3615 1813 3667 οἰκ·

210 3721 338 3786 τρῶς
383 3711 711 3784 ὀλλυμένους,
774 3714 861 3760 καὶ
912 3708 1012 3760 ὑπὸ
1057 3707 1372 3767 τηλικαύτης
1441 3709 1653 3780 Βαρείας
1699 3723 1814 3756 πιε-

215 3803 466 3874 ζομένους
537 3794 866 3874 τυραννίδος.
932 3801 1022 3849 καὶ
1089 3800 1206 3858 τοὺς
1275 3798 1568 3869 ἱερατικοὺς
1628 3799 1820 3866 νόμους

213 3891 614 3967 ὑϐριζομένους,
667 3893 756 3940 xui
823 3887 1020 3948 πάντας
1071 3888 1290 3958 θεσμοὺς
1342 3883 1650 3944 Ἐκκλησίας
1703 3881 1821 3934 ἁνα-

214 3983 584 4054 τρεπομένους.
636 3975 705 4032 Ἀ
760 3981 850 4028 καὶ
898 3974 1060 4028 πάλαι
1119 3978 1210 4048 μὲν
1272 3971 1367 4028 διὰ
1437 3981 1684 4046 μοναχῶν
1732 3975 1822 4024 καὶ

213 4067 580 4144 πρεσϐυτέρων
670 4064 858 4118 ίκεῖθεν
956 4061 1381 4137 ἁναδραμόντων,
1467 4062 1538 4124 εἰς
1619 4062 1822 4113 πάντων

216 4159 380 4221 ἀκοὰς
431 4154 742 4230 διεφέροντο.
779 4153 1043 4215 Βασίλειος
1083 4150 1133 4206 δ’
1181 4155 1286 4228 ἄρα
1323 4149 1404 4219 ἦν,
1441 4158 1530 4205 καὶ
1559 4156 1821 4224 Ζωσιμᾶς,

216 4248 576 4322 Μητροφάνης
613 4263 683 4309 τε,
718 4249 808 4297 καὶ
839 4247 933 4296 σὺν
979 4242 1153 4304 αὑτοῖς
1197 4242 1380 4318 ἕτεροι,
1415 4243 1464 4294 οἱ
1513 4246 1604 4301 τὴν
1653 4242 1825 4293 τοιαύ-

217 4359 318 4397 την
361 4333 650 4412 τυραννίδα
703 4330 1060 4406 ἁπωδύροντο,
1108 4337 1197 4384 καὶ
1247 4336 1371 4406 πρὸς
1410 4327 1686 4389 ἐκδίκησιν
1727 4337 1827 4382 τῶν

218 4425 547 4484 Ἐκκλησιῶν
618 4421 949 4486 ἐξεκαλοῦντο
1023 4417 1354 4494 δακρύοντες.
1436 4427 1542 4473 Νῦν
1618 4415 1676 4472 δὲ
1740 4418 1829 4490 (ὡς
1861 4447 1907 4504 D

221 4518 387 4589 ἔφθην
446 4513 624 4585 εἰπὼν)
680 4517 767 4564 xui
824 4513 1115 4585 γράμματα
1167 4507 1414 4584 διάφορα,
1467 4515 1557 4562 καὶ
1607 4507 1660 4560 ἐκ
1702 4505 1828 4561 δια-

223 4611 398 4678 φόρων
483 4603 670 4656 ἐκεῖθεν
748 4599 1170 4672 ἀναπεφοίτηκεν,
1240 4595 1542 4671 τραγῳδίας
1623 4597 1831 4659 ἁπάσης

222 4699 321 4747 καὶ
365 4697 563 4766 μυρίων
618 4693 814 4762 θρήνων
865 4693 1108 4762 γέμοντα·
1168 4688 1234 4738 ὧν
1285 4690 1352 4739 τὰ
1401 4690 1515 4757 ἶσα,
1566 4688 1698 4739 κατὰ
1740 4691 1831 4746 τὴν

225 4787 437 4836 εκείνων
486 4779 702 4844 ἀξίωσίν
745 4799 798 4832 τε
839 4785 928 4830 xui
972 4776 1237 4840 ἐξαίτησιν
1291 4776 1402 4848 (καὶ
1447 4781 1547 4848 γαρ
1594 4776 1660 4836 εἰς
1706 4777 1831 4829 πάν-

226 4892 324 4932 τας
397 4873 516 4931 τοὺς
567 4868 970 4944 ἀρῃερατικοὺς
1047 4871 1136 4918 xui
1193 4863 1569 4927 ἁποστολικοὺς
1627 4866 1833 4937 θρόνους

228 4957 556 5017 διαδοθῆναι
603 4966 770 5010 ταῦτα
797 4958 928 5028 μετὰ
957 4963 1184 5028 φρικτὼν
1219 4957 1383 5026 ὅρκων
1427 4959 1517 5006 xui
1565 4953 1834 5027 παρακλὴ-

231 5069 368 5103 σεων
399 5045 796 5116 ἔδυσὼπησαν),
831 5049 900 5108 ὡς
947 5045 1082 5097 αὑτὰ
1129 5043 1293 5096 ἐκεῖνα
1334 5047 1668 5118 παραστήσει
1699 5042 1828 5097 ἀνα-

224 5143 613 5211 γινωσκόμενα.
670 5143 753 5206 Τῷ
807 5132 866 5188 δὲ
922 5137 1067 5206 ἡμῶν
1114 5142 1184 5204 τῷ
1240 5137 1553 5206 γραμματίῳ
1604 5131 1836 5196 ίνετάξα-

229 5247 351 5303 μιν,
385 5229 468 5280 ἶνα
520 5231 610 5280 καὶ
649 5231 766 5300 περὶ
817 5228 1030 5291 τούτων,
1069 5231 1160 5284 τῆς
1199 5222 1356 5295 ἁγίας
1403 5228 1493 5275 καὶ
1551 5222 1831 5295 οἰκουμενι-

348 5338 370 5372 ⁹
403 5338 530 5393 Act.
555 5351 674 5406 vui,
709 5335 790 5391 10.
836 5336 882 5370 ³ο
915 5333 1069 5390 Psal.
1104 5347 1264 5396 xvm,
1294 5331 1360 5399 5;
1399 5333 1567 5386 Rom.
1600 5345 1659 5397 ι,
1696 5331 1780 5395 l8,

1928 3168 2209 3246 thronum
2234 3172 2404 3228 decet
2429 3173 2844 3245 apostolicum.
2875 3173 3025 3230 Cum
3056 3175 3349 3246 praecipue
3377 3175 3457 3230 ab
3481 3177 3591 3232 Ita-

1923 3239 2017 3313 lise
2061 3259 2326 3331 partibus
2375 3239 2676 3334 synodalis
2722 3263 2800 3319 ad
2846 3278 2956 3318 nos
2982 3239 3249 3334 epistola-
3265 3265 3591 3335 perscripta

1926 3348 2168 3418 venerit,
2195 3353 2678 3408 accusationibus
2703 3351 2966 3408 infandis
2989 3352 3243 3425 repleta;
3269 3369 3424 3425 quas
3451 3368 3591 3408 con~

1926 3429 2014 3492 ira
2037 3439 2345 3511 proprium
2368 3441 2634 3513 ipsorum
2663 3441 3036 3514 episcopum,
3063 3441 3186 3498 Itali
3209 3441 3286 3498 ad
3315 3457 3422 3496 nos
3448 3456 3592 3497 cum

1928 3525 2237 3600 multiplici
2256 3529 2775 3596 condemnatione,
2799 3530 3224 3603 etjuramentis
3249 3545 3369 3586 non
3393 3529 3594 3601 parvis

1928 3617 2400 3685 transmiserant,
2432 3625 2728 3690 rogantes,
2762 3635 2836 3674 ne
2869 3619 3116 3676 velimus
3147 3619 3268 3691 pati
3300 3618 3452 3675 adeo
3485 3616 3592 3674 mi-

1931 3721 2130 3761 serum
2163 3705 2224 3762 in
2258 3707 2507 3764 modum
2537 3707 2700 3780 ipsos
2731 3707 2942 3780 perire,
2976 3709 3079 3781 qui
3106 3716 3227 3766 tam
3261 3711 3505 3779 urgente
3534 3711 3593 3762 et

1931 3793 2292 3850 intolerabili
2332 3797 2645 3868 tyrannide
2684 3798 3118 3869 Opprimantur,
3150 3813 3256 3870 per
3279 3813 3466 3870 quam
3498 3812 3593 3852 sa-

1927 3882 2178 3938 cerdotii
2204 3882 2367 3954 leges
2400 3885 2824 3940 contumeliose
2848 3885 3197 3956 refiguntur,
3223 3889 3280 3941 et
3315 3901 3598 3957 quaecun-

1933 3984 2048 4039 que
2093 3971 2556 4026 consuetudines
2586 3971 2998 4028 ecclesiasticae
3039 3973 3462 4028 subvertuntur
3493 3988 3506 4026 :
3540 3975 3596 4027 et

1933 4066 2087 4118 certe
2114 4074 2237 4115 non
2262 4073 2420 4114 nunc
2445 4058 2726 4131 primum,
2755 4060 2861 4116 sed
2885 4073 2942 4117 et
2962 4060 3104 4117 olim
3134 4077 3240 4133 per
3265 4059 3596 4117 monachos

1933 4157 1989 4208 et
2007 4148 2382 4223 presbyteros
2398 4147 2536 4203 inde
2555 4147 2864 4220 profugos,
2884 4149 3011 4205 haec
3034 4149 3112 4206 ad
3128 4149 3401 4206 omnium
3419 4162 3596 4205 aures

1935 4240 2343 4307 dimanarunt.
2385 4236 2635 4293 Basilius
2669 4241 2816 4305 erat,
2849 4239 3130 4305 Zosimas,
3175 4244 3233 4294 et
3273 4237 3595 4311 Metropha-

1937 4345 2062 4395 nes,
2098 4343 2333 4384 necnon
2364 4326 2483 4393 alii,
2512 4325 2617 4400 qui
2646 4326 3024 4399 tyrannidem
3054 4327 3299 4385 istamce
3325 4327 3598 4400 deplora-

1939 4419 2102 4484 bant,
2138 4423 2193 4474 et
2218 4418 2322 4490 qui
2352 4433 2490 4474 cum
2518 4417 2800 4490 lacrymis
2831 4417 2910 4474 ad
2943 4417 3264 4475 Ecclesiam
3293 4417 3599 4474 vindican-

1938 4508 2082 4565 dam
2104 4523 2214 4565 nos
2240 4506 2600 4564 excitabant.
2626 4508 2688 4563 ln
2714 4507 2984 4580 prmsenti
3008 4512 3232 4578 autem,
3259 4507 3420 4580 quod
3443 4506 3602 4562 dice-

1941 4599 2178 4665 bamus,
2207 4597 2455 4653 diversaa
2481 4598 2555 4652 de
2584 4597 2828 4652 diversis
2859 4596 3005 4652 locis
3029 4597 3234 4653 litterae
3257 4594 3495 4651 abunde
3520 4594 3597 4649 ad

1941 4703 2054 4744 nos
2076 4690 2385 4757 venerunt,
2414 4685 2652 4756 tragicis
2674 4685 2964 4742 sexcentis
2991 4685 3161 4740 lessis
3183 4684 3420 4756 repletaa
3441 4690 3497 4739 et
3521 4683 3603 4738 la-

1945 4776 2178 4833 mentis.
2223 4776 2476 4832 lstarum
2511 4791 2688 4847 porro
2719 4775 3042 4830 litterarum
3082 4773 3466 4844 exemplaria,
3517 4787 3603 4827 se-

1943 4865 2208 4921 cundum
2223 4864 2388 4937 quod
2405 4863 2681 4919 volebant
2697 4868 2749 4918 et
2769 4861 3065 4930 rogabant
3083 4861 3197 4932 ipsi
3214 4861 3316 4933 qui
3337 4875 3603 4916 summo-

1945 4969 2084 5027 pere
2114 4952 2538 5010 contenderant
2587 4957 2642 5007 et
2671 4966 2778 5006 nos
2821 4949 3166 5018 adiurarent
3197 4949 3600 5015 vehementer,

1947 5049 2008 5099 ut
2039 5044 2116 5098 ad
2149 5058 2360 5098 omnes
2396 5041 2618 5112 ubique
2648 5039 3005 5111 apostolicas
3037 5039 3210 5095 sedes
3243 5037 3605 5096 transmitte-

1943 5139 2162 5201 rentur,
2194 5131 2364 5187 vobis
2391 5130 2646 5200 legenda
2677 5127 3002 5194 offerimus,
3036 5133 3092 5184 et
3116 5129 3359 5201 quidem
3381 5128 3610 5184 litteris-

1945 5237 2057 5279 nos
2077 5220 2556 5286 hisinclusimus,
2574 5218 2739 5291 quod
2761 5223 2968 5275 sancta
2986 5217 3426 5275 etmcumenica
3446 5232 3611 5291 quee-

1595 5453 1832 5513 VARLE
1869 5454 2278 5514 LECTIONES.

323 5591 356 5636 1
384 5598 473 5655 γρ.
502 5575 894 5651 ἀναπεφύτεκεν.
