4088 6214
246 282 347 338 741

247 408 412 469 αὐτῆς
439 407 493 471 εξ
519 405 762 472 συνόδοις
815 413 1306 485 συνανακηρύττειν.
1355 414 1427 466 Τὸ
1454 415 1554 486 γὰρ
1594 418 1664 485 μὴ
1719 413 1854 466 οὕτω
1887 413 1932 467 Α

247 494 664 570 διαπράττεσθαι
711 505 801 551 καὶ
845 507 1030 569 ποιεῖν,
1076 508 1279 573 πρῶτον
1355 505 1444 574 μὲν
1493 499 1695 555 ἀδικεῖν
1741 501 1854 555 ἔστι

243 591 337 646 τὴν
401 595 496 639 τοῦ
569 593 805 661 Χριστοῦ
879 590 1214 654 Ἐκκλησίαν,
1296 591 1612 649 τηλικαύτην
1698 593 1852 666 ὑπερ-

244 684 474 751 ορῶντας
521 673 762 744 σύνοδον,
817 683 908 731 καὶ
961 683 1190 752 τοσούτῳ
1229 684 1374 753 μέρει
1415 684 1504 732 τόν
1560 677 1852 752 σύνδεσμον

246 765 413 827 αὐτῆς
465 771 556 818 καὶ
600 771 696 826 την
751 769 1029 840 συνάφειαν
1086 764 1425 831 διασπῶντας
1475 774 1562 822 καὶ
1615 767 1850 822 διαλύον-

243 874 351 916 τας.
386 857 627 930 Δεύτερον
681 852 762 922 δε,
810 863 895 908 καὶ
953 864 1052 909 τῶν
1101 857 1605 930 είκονομαχούντων,
1659 859 1726 909 ὧν
1769 857 1850 910 οὖν

246 940 333 996 δὶν
384 944 592 996 ἔλαττον
640 952 740 996 τῶν
793 944 957 997 ἀλλων
1006 945 1299 1020 αἰρετικῶν,
1359 943 1413 999 εύ
1472 943 1576 999 οἶδ’
1622 948 1703 999 ὅτι
1754 967 1850 1018 μυ-

246 1035 584 1086 σάττεσθαιδ
621 1037 678 1086 τό
731 1031 1067 1108 δυσσέϐημα,
1119 1035 1390 1089 πλατύνειν
1452 1035 1564 1089 έστὶ
1612 1038 1676 1088 τά
1731 1041 1845 1088 στό-

242 1142 386 1196 ματα
415 1144 427 1156 ·
459 1123 588 1195 οὐχὶ
640 1123 971 1198 οἰκουμενικῇ
1008 1121 1216 1197 συνόδῳ
1269 1131 1364 1185 τήν
1395 1125 1564 1178 αὐτῶν
1608 1127 1825 1197 καθαιρε

246 1215 399 1271 θῆναι
431 1209 768 1279 δυσσέϐειαν,
801 1211 914 1266 ἀλλ’
958 1213 1066 1276 ένός
1121 1217 1306 1286 θρόνου
1338 1220 1530 1290 κρίσει,
1566 1220 1661 1273 τὴν
1692 1212 1847 1272 δίκην

243 1303 482 1373 ύπέχειν,
514 1307 774 1374 πρόφασιν
800 1301 1028 1374 ἐχόντων
1060 1303 1131 1365 εἰς
1155 1307 1210 1356 τό
1242 1305 1630 1377 τερατεύεσθαι.

315 1387 423 1459 μδ.
471 1389 547 1442 Δι’
594 1391 724 1465 οἷπερ
751 1391 978 1459 ἅπαντα,
1029 1394 1080 1445 έν
1109 1411 1161 1445 τε
1199 1401 1310 1454 τοῖς
1361 1389 1654 1453 σννοδικοῖς
1680 1395 1848 1465 γράμ-

240 1499 398 1553 μασι,
493 1485 584 1532 καὶ
684 1479 732 1532 έν
809 1481 984 1542 ἄλλαις
1069 1480 1296 1543 ἀπάσαις
1384 1481 1846 1544 ἐκκλησιαστικαῖς

244 1569 496 1642 ἱστορίαις
560 1573 651 1621 καὶ
720 1571 1104 1637 συζητήσεσιν,
1171 1568 1409 1645 ἀριθμεῖν
1489 1573 1683 1628 ταύτην
1757 1575 1846 1623 καὶ

243 1657 650 1729 συγκαταλέγειν
726 1665 837 1719 ταῖς
916 1658 1090 1730 ἁγίαις
1174 1664 1264 1710 καὶ
1346 1659 1730 1731 οἰκουμενικαῖς
1794 1659 1847 1722 ἓξ

243 1743 510 1812 συνόδοις,
570 1743 801 1820 ἑϐδόμην
859 1752 1200 1820 μετακείναςο
1249 1749 1552 1816 τάττοντας,
1606 1747 1846 1820 ἀξιοῦμεν
1881 1761 1924 1816 Β

240 1853 316 1902 τε,
375 1841 466 1888 καὶ
518 1838 585 1897 ὡς
648 1833 894 1908 ἀδελφοῖς
946 1834 1178 1909 ἀδελφοὶ,
1230 1845 1580 1912 παραινοῦμεν
1622 1840 1688 1890 τὰ
1727 1842 1848 1913 πρέ-

241 1944 407 1978 ποντα
432 1924 819 1997 εἰσηγούμενοι.

311 2012 407 2086 με’.
452 2018 683 2087 Χριστός
736 2009 817 2081 δε,
849 2015 875 2066 ό
919 2013 1160 2077 ἀληθινὸς
1215 2018 1342 2076 Θεὸς
1388 2016 1554 2087 ἡμῶν,
1588 2015 1614 2066 ό
1643 2022 1846 2087 πρῶτος

239 2106 327 2154 καὶ
377 2106 544 2175 μέγας
595 2101 895 2177 ἀρχιερεύς,
941 2105 967 2155 ό
1024 2103 1259 2156 ἑκούσιον
1311 2105 1438 2178 ύπερ
1481 2105 1628 2176 ἡμῶν
1665 2103 1845 2156 ἑαυτὸν

239 2190 712 2266 καλλιερησάμενος
766 2195 1007 2265 σφάγιον,
1068 2197 1158 2245 καὶ
1223 2195 1282 2245 τό
1337 2192 1524 2245 οἰκεῖον
1577 2189 1710 2263 αἷμα
1761 2192 1845 2244 λύ-

240 2298 361 2353 τρον
393 2281 522 2356 ὑπερ
577 2283 724 2353 ἡμῶν
777 2281 1136 2353 καταθέμενος,
1195 2277 1318 2338 δοίη
1350 2284 1439 2353 μὲν
1470 2285 1565 2340 τὴν
1597 2282 1846 2354 ὑμετέραν

242 2367 624 2443 ἀρχιερατικὴν
677 2375 766 2422 καὶ
823 2375 1001 2442 τιμίαν
1054 2370 1276 2443 κεφαλὴν
1305 2375 1520 2443 κρείττω
1546 2378 1644 2423 τῶν
1674 2369 1844 2441 κύκλῳ

240 2461 634 2530 καθισταμένων
689 2458 1026 2534 βαρϐαρικῶν
1084 2458 1239 2512 έθνῶν
1287 2459 1547 2531 ὀφθῆναι⁶
1609 2455 1729 2517 δοίη
1785 2455 1845 2511 δε

247 2547 466 2619 γαληνόν
515 2553 602 2600 καὶ
653 2552 844 2622 ἤρεμον
897 2547 1125 2611 έξανύειν
1176 2551 1263 2600 τόν
1286 2555 1382 2601 τοῦ
1430 2546 1552 2621 βίου
1607 2545 1841 2622 δρόμον·

243 2633 362 2696 δοίη
406 2633 466 2690 δε
497 2644 676 2709 τυχεῖν
707 2642 797 2690 καὶ
839 2645 929 2698 τῆς
954 2639 1058 2689 ἄνω
1116 2636 1462 2710 κληρουχίας,
1522 2635 1844 2707 ἀνεκλαλήτῳ

237 2731 388 2800 χαρᾷ
441 2731 530 2780 καί
587 2726 898 2800 εὐφροσύνη,
960 2728 1080 2779 ἔνθα
1130 2728 1334 2779 πάντων
1385 2725 1527 2779 ἐστὶν
1581 2726 1845 2800 εὐφραινο-

236 2821 399 2888 μένων
425 2817 455 2874 ἠ
490 2821 755 2881 κατοικία,
811 2821 901 2868 καὶ
950 2817 1015 2878 ἧς
1066 2812 1270 2888 ἀπέδρα
1335 2811 1498 2874 ὀδύνη
1559 2821 1706 2868 πᾶσα
1755 2819 1844 2867 καὶ

241 2917 524 2985 στεναγμὸς
561 2917 653 2966 καὶ
703 2919 960 2986 κατήφεια
991 2933 1004 2945 ·
1061 2913 1111 2965 ἐν
1169 2915 1310 2985 αὐτῷ
1369 2920 1583 2986 Χριστῷ
1611 2921 1682 2984 τῷ
1721 2911 1842 2971 ἀλη-

241 3003 363 3074 θινῷ
419 3010 535 3074 Θεῷ
579 3003 748 3074 ἡμῶν,
783 3010 822 3074 ῷ
870 3003 900 3060 ἡ
951 2999 1084 3066 δόξα
1129 3008 1219 3055 καὶ
1278 3005 1335 3054 τό
1381 3005 1567 3076 κράτος
1611 3002 1678 3063 εἰς
1723 3005 1843 3064 τοὺς

237 3091 426 3153 αἰῶνας
456 3099 555 3144 τῶν
581 3091 796 3144 αἰώνων.
824 3092 1019 3165 Ἀμην.
1883 3121 1925 3179 C

306 3269 734 3342 ’Υπερευχόμεθα
790 3269 933 3341 ὑμῶν
1019 3271 1156 3322 κατὰ
1219 3273 1378 3341 χρέος
1433 3276 1523 3330 τῆς
1584 3275 1846 3343 πατρικῆς

232 3359 532 3423 ὁσιότητος,
577 3360 878 3431 μέμνησθαι
905 3363 997 3410 καὶ
1046 3357 1192 3410 αύτοὶ
1221 3365 1313 3421 τῆς
1342 3360 1488 3430 ἡμῶν
1531 3362 1602 3431 μὴ
1646 3354 1844 3412 διαλεί·

238 3467 388 3502 ποιτε
425 3453 785 3523 μετριότητος.

865 3541 1079 3591 ΕΠΙΣΤ.
1126 3537 1222 3591 ΙΔ’.

405 3624 547 3680 Ἀπὸ
570 3632 668 3688 τῆς
692 3626 992 3701 ὑπερορίας,
1028 3629 1157 3700 πρὸς
1194 3629 1310 3688 τοὺς
1341 3623 1678 3688 έπισκόπους.

1365 3749 1520 3799 Edita
1543 3762 1576 3799 a
1600 3749 1922 3801 Montacutio

312 3867 447 3937 Ἐγὼ
480 3865 735 3938 θαυμάζω
765 3874 872 3929 πῶς
911 3867 1046 3920 οὕτω
1077 3869 1304 3938 ταχέως,
1350 3866 1497 3926 ὅστις
1550 3867 1674 3917 ποτε
1730 3863 1843 3918 ἐστὶ

233 3955 444 4017 ἐκεῖνος,
474 3961 566 4016 τῆς
623 3957 770 4028 ἡμῶν
817 3953 1086 4008 ἐπελάθετο
1132 3957 1332 4027 φύσεως
1361 3975 1373 3986 ·
1405 3950 1530 4006 ούδε
1570 3955 1671 4026 γὰρ
1725 3949 1840 4005 οὐδ’

231 4045 455 4118 ὀνόματι
535 4047 621 4096 τόν
708 4045 922 4116 ῦεγχον
985 4043 1274 4118 βουλοίμην
1339 4041 1400 4094 ἆν
1464 4049 1839 4117 προσενεγκεῖν,

233 4130 354 4186 οὐδ’
407 4134 470 4185 ἄν
527 4135 663 4186 ἔτεα
694 4138 1015 4207 προσραγείη
1093 4128 1495 4204 αὐθαδέστερον.
1554 4131 1700 4187 Ἐπεὶ
1753 4135 1842 4183 καὶ

230 4223 361 4297 ῥᾷον
411 4224 515 4296 ὁρῶ
568 4225 690 4284 τούς
739 4221 957 4284 πολλοὺς
999 4231 1071 4293 τῷ
1122 4232 1220 4274 τῶν
1274 4221 1500 4292 ἐλέγχων
1542 4218 1841 4294 ἀπροσώπῳ

229 4314 690 4384 νουθετουμένους,
768 4315 798 4370 ἦ
851 4315 945 4369 τὴν
1021 4309 1069 4363 έν
1137 4315 1467 4382 προσηγορίᾳ
1535 4314 1840 4381 παραίνεσιν

233 4405 504 4474 φέροντας.
540 4401 699 4454 Ἀλλὰ
728 4409 838 4462 πῶς
899 4400 1034 4452 οὕτω
1085 4401 1268 4452 θᾶττον
1309 4401 1448 4471 ἡμᾶς
1495 4399 1665 4451 ὀπίσω
1704 4403 1842 4470 μνη-

232 4511 342 4563 μης
385 4489 598 4561 ἀφῆκεν,
653 4491 787 4542 ὥστε
838 4495 927 4542 καὶ
986 4491 1246 4546 τοσαύτην
1295 4491 1441 4560 ἡμῶν
1497 4487 1698 4552 ἄνοιαν,
1752 4491 1840 4540 καὶ

1881 4093 1922 4147 Ι)

235 4582 389 4632 θείων
427 4584 595 4651 νόμων
663 4578 939 4653 ὀλιγωρίαν
1023 4576 1279 4631 έπιϐαλεῖν
1309 4589 1374 4641 ο;
1437 4579 1588 4630 πόθεν
1643 4573 1702 4629 δε
1756 4575 1842 4628 ἐπὶ

235 4675 489 4722 τοσοῦτον
549 4676 642 4729 τῆς
731 4669 877 4739 ἡμῶν
962 4667 1400 4730 κατεξανίσταται
1465 4671 1819 4740 μετριότητος

231 4757 429 4830 μᾶλλον
472 4753 532 4810 δε
570 4761 646 4817 τὶς
688 4756 842 4808 αὐτόν
893 4755 965 4818 εἰς
1011 4755 1331 4815 τηλικαύτην
1361 4754 1546 4830 ἀθρόον
1586 4753 1838 4807 ἀνάϐασιν

234 4847 471 4918 ὕψωσεν,
512 4848 646 4898 ὥστε
703 4850 792 4897 καί
844 4841 1009 4916 μηδεν
1066 4847 1211 4917 ἡμῶν
1257 4847 1635 4917 φθεγγομένων,
1687 4843 1839 4896 αὐτόν

231 4938 377 5008 ὅμως
449 4935 670 5003 ἀκούειν,
749 4939 838 4986 καὶ
913 4931 1043 5006 μηδ’
1098 4935 1183 4987 έπὶ
1260 4933 1513 5006 λογισμόν
1571 4931 1840 4986 τοιοῦτονί

233 5027 490 5089 ἡκόντων,
568 5021 776 5090 ἐκεῖνον,
851 5025 1023 5097 ὧσπερ
1079 5021 1180 5074 ἀπό
1239 5041 1376 5084 τινος
1447 5029 1685 5088 σκοπιᾶς,
1745 5030 1838 5084 τῆς

233 5114 436 5167 οἰκοθεν
502 5117 794 5186 φαντασίας
857 5110 1118 5184 ἐφορῶντα
1174 5114 1261 5172 τὰς
1317 5108 1559 5184 καρδίας,
1608 5117 1698 5164 καὶ
1747 5111 1835 5184 έμο

233 5201 522 5257 ϐατεύοντα
577 5201 768 5262 αύτούς
816 5199 983 5254 ἐκεῖνα
1044 5203 1274 5253 συνιέναι
1329 5205 1418 5252 καὶ
1469 5208 1754 5265 κατανοεῖν,
1801 5199 1836 5252 ἃ

229 5287 366 5366 μηδ’
419 5291 624 5354 ἑαυτοῖς
681 5309 816 5352 τινες
870 5297 1299 5361 συνεγνωκεισαν.
1351 5293 1450 5342 Καὶ
1502 5287 1649 5342 πλέον
1689 5286 1835 5352 ἔδοξε

1523 286 2024 346 EPISTOLARUM
2067 287 2274 344 LIBER
2321 287 2366 342 Ι.

3517 291 3622 346 742

1963 412 2130 468 ribus
2155 412 2499 484 publicetur.
2537 415 2684 468 Nam
2721 410 2770 466 si
2800 411 2914 468 hoc
2943 410 3071 467 ﬁeri
3111 411 3467 482 negligatur,
3501 413 3617 470 im-

1966 502 2173 572 primis
2203 501 2410 557 Christi
2440 500 2697 557 Ecclesia
2727 501 2947 571 injuria
2969 500 3244 566 afﬁcitur,
3279 501 3381 556 ubi
3407 502 3536 558 talis
3565 509 3622 558 et

1964 596 2126 647 tanta
2150 591 2418 663 synodus
2431 591 2734 663 despectui
2751 590 3022 658 habetur,
3043 596 3098 645 et
3123 589 3310 662 ipsius
3329 591 3547 662 copula
3564 598 3620 648 et

1962 680 2304 752 conjunctio
2316 696 2417 751 per
2443 679 2572 736 talis
2598 678 2960 752 modipartis
2975 680 3416 736 temerationem
3433 681 3622 736 disso-

1960 770 2084 827 luta
2100 770 2476 840 discerpitur.
2511 767 2802 833 Secundo,
2841 767 3069 824 accedit
3089 767 3255 839 quod
3301 768 3616 826 iconoma-

1959 859 2210 916 chorum
2234 857 2532 931 impietas,
2564 872 2748 930 quam
2781 857 2900 912 scio
2931 871 3038 912 vos
3070 871 3184 912 non
3219 858 3418 913 minus
3449 858 3616 915 dete-

1959 950 2100 1004 stari
2113 964 2297 1020 quam
2315 946 2565 1003 aliorum
2580 946 3013 1010 haereticorum,
3038 961 3144 1002 ora
3163 945 3578 1004 distendentur
3598 965 3611 1015 ;

1957 1055 2097 1095 cum
2122 1053 2243 1094 non
2267 1052 2372 1109 per
2391 1035 2687 1108 synodum
2715 1034 3132 1098 universalem,
3157 1036 3259 1090 sed
3285 1037 3460 1090 unius
3481 1040 3614 1092 tan-

1960 1135 2083 1185 tum
2109 1128 2270 1184 sedis
2302 1127 2659 1183 sententiam
2689 1125 2956 1198 ipsorum
2985 1125 3235 1197 impiam
3261 1125 3610 1197 opinionem

1957 1217 2249 1276 diﬂlatam
2271 1222 2326 1274 et
2330 1217 2555 1288 judicio
2567 1216 2938 1281 damnatam,
2959 1230 3098 1271 cum
3111 1215 3378 1287 quadam
3395 1215 3611 1286 proba-

1955 1307 2180 1364 bilitate
2209 1305 2725 1378 ampullabuntur.

2025 1397 2116 1453 44.
2146 1395 2234 1452 Ob
2265 1396 2376 1451 ista
2404 1393 2613 1451 omnia
2636 1408 2942 1464 rogamus,
2967 1397 3022 1448 et
3055 1397 3118 1448 ut
3143 1391 3352 1448 fratres
3378 1407 3610 1463 germao

1955 1501 2062 1542 nos
2081 1490 2310 1541 nostros
2330 1484 2739 1548 exhortamur,
2761 1483 2989 1552 utquod
3011 1496 3118 1553 par
3137 1482 3614 1553 etaaquumestiu

1957 1591 2134 1631 usum
2164 1573 2504 1640 inducatur,
2548 1570 2830 1626 nimirum
2865 1570 3010 1626 utin
3040 1569 3342 1642 synodicis
3387 1570 3612 1636 litteris,

1954 1670 2010 1719 et
2034 1663 2498 1737 quibuscunque
2526 1660 2659 1717 aliis
2688 1659 3100 1716 ecclesiasticis
3119 1659 3298 1714 rebus
3330 1660 3532 1730 gestis,
3560 1664 3617 1715 et

1954 1753 2358 1824 quaestionum
2391 1749 2837 1821 agitationibus,
2878 1747 3004 1804 haec
3045 1748 3300 1820 septima
3341 1748 3612 1820 synodus

1955 1841 2168 1898 eodem
2197 1847 2396 1895 tenore
2424 1839 2735 1902 collocata.
2760 1853 2899 1893 cum
2923 1837 3149 1893 caeteris
3172 1852 3276 1892 sex
3299 1835 3522 1893 sanctis
3551 1841 3608 1893 et

1956 1927 2342 1984 moumenicis
2375 1926 2668 1981 recitetur.

2025 2020 2113 2073 45.
2157 2017 2424 2072 Christus
2461 2019 2659 2070 autem
2701 2028 2877 2068 verus
2915 2011 3010 2068 ille
3051 2014 3201 2066 Deus
3255 2017 3476 2077 noster,
3519 2011 3615 2067 ille

1955 2107 2234 2179 princeps
2255 2110 2312 2160 et
2329 2103 2624 2159 maximus
2646 2101 3047 2167 sacerdotum,
3085 2100 3188 2172 qui
3211 2106 3612 2171 spontaneam

1955 2211 2018 2250 se
2045 2211 2150 2267 pro
2173 2193 2347 2250 nobis
2367 2191 2655 2248 offerebat
2674 2190 2946 2253 hostiam,
2969 2195 3023 2244 et
3046 2189 3352 2261 proprium
3377 2189 3614 2258 sangui-

1953 2301 2091 2340 nem
2132 2290 2350 2339 nostras
2379 2279 2806 2351 redemptionis
2837 2279 3092 2350 pretium
3134 2292 3240 2350 pro
3272 2277 3448 2333 nobis
3479 2292 3616 2333 con-

1953 2374 2101 2439 tulit,
2129 2371 2415 2429 concedat
2455 2376 2518 2426 ut
2541 2367 3080 2426 archisacerdotale
3128 2371 3394 2423 vestrum
3424 2371 3481 2423 et
3513 2382 3613 2422 ve-

1953 2464 2285 2519 nerandum
2308 2465 2508 2533 caput,
2528 2475 2710 2531 supra
2730 2457 3042 2520 barbaras,
3057 2472 3194 2528 quae
3218 2455 3280 2511 in
3300 2455 3612 2527 procinctu

1953 2551 2416 2616 circumsistunt.
2449 2549 2717 2605 nationes
2747 2545 3088 2610 attollatur;
3129 2544 3424 2601 concedat
3455 2551 3613 2600 tran-

1951 2641 2206 2714 quillum
2235 2639 2407 2696 vobis
2438 2643 2492 2694 et
2522 2637 2790 2710 quietum
2824 2635 2955 2690 vitae
2983 2651 3230 2689 cursum
3275 2633 3610 2700 conﬁcere;

1952 2731 2128 2787 detut
2139 2729 2528 2802 consequaris
2545 2734 2764 2783 sortem
2782 2725 2943 2780 illam
2967 2739 3292 2796 supernam
3310 2739 3447 2779 cum
3466 2739 3615 2795 gau-

1952 2819 2053 2876 dio
2089 2817 2491 2891 inexplicabili
2523 2820 2578 2871 et
2623 2813 3080 2877 delectamento,
3119 2810 3218 2868 ubi
3251 2811 3362 2867 sita
3392 2810 3613 2867 exhila-

1951 2913 2218 2966 ratorum
2238 2905 2547 2971 habitatio,
2573 2920 2608 2959 a
2627 2919 2748 2976 qua
2761 2901 3201 2958 exsulatomnis
3217 2900 3410 2965 dolor,
3429 2899 3611 2970 gemi-

1952 3005 2044 3055 tus
2075 3003 2128 3054 ct
2148 2995 2400 3068 dejectio
2430 2993 2650 3058 vultus,
2683 3007 2788 3065 per
2817 2991 3015 3062 ipsum
3065 2988 3377 3052 Christum,
3423 2987 3612 3044 Deum

1951 3093 2223 3144 nostrum
2263 3099 2493 3148 verum,
2535 3080 2631 3138 cui
2687 3080 2877 3151 gloria
2904 3082 2963 3134 et
2991 3083 3253 3150 potestas
3277 3077 3338 3133 in
3387 3075 3609 3132 sacula

1954 3174 2327 3232 saeculorum.
2355 3175 2564 3227 Amen.

2025 3264 2422 3334 Maximopere
2442 3276 2546 3316 vos
2566 3273 2853 3329 rogamus
2875 3260 2940 3311 ut
2948 3256 3120 3327 juxta
3135 3253 3404 3311 debitum
3419 3258 3610 3326 pater-

1954 3370 2046 3411 nae
2068 3351 2417 3418 sanctitatis,
2448 3365 2523 3405 ne
2545 3347 2729 3404 velitis
2751 3345 3134 3402 intermittere
3151 3350 3366 3400 nostrae
3384 3342 3613 3398 medio-

1955 3443 2178 3501 critatis
2207 3439 2576 3498 meminisse.

2612 3525 2822 3582 EPIST.
2856 3523 2988 3580 XIV.

2311 3618 2404 3676 Ad
2432 3619 2748 3688 episcopos,
2776 3612 2851 3671 ab
2889 3610 3096 3669 exsilio
3132 3625 3254 3666 suo.

1953 3753 2062 3814 (ep.
2106 3747 2215 3803 m,
2253 3760 2308 3810 p.
2339 3744 2472 3807 245).

2025 3863 2233 3918 Mirum
2266 3858 2425 3914 unde
2446 3857 2569 3920 fiat,
2605 3861 2668 3910 ut
2689 3854 2740 3910 is
2763 3853 3108 3926 quicunque
3131 3848 3373 3906 tandem
3398 3847 3492 3902 ille
3515 3846 3610 3912 sit,

1953 3967 2137 4023 quem
2153 3947 2440 4016 intelligo,
2458 3950 2581 4000 tam
2599 3943 2716 3998 cito
2729 3947 2956 3997 naturae
2972 3954 3118 3994 meas
3130 3942 3185 3994 et
3203 3934 3614 4023 dispositionis

1955 4021 2032 4096 sit
2069 4037 2336 4095 oblitus:
2377 4048 2574 4106 neque
2626 4030 2786 4086 enim
2843 4029 2985 4083 libet
3040 4025 3206 4081 illum
3263 4023 3337 4079 de
3373 4021 3615 4078 nomine

1953 4126 2338 4200 compellare,
2365 4138 2440 4179 ne
2471 4129 2597 4178 tum
2626 4117 2871 4191 quidem
2894 4117 2942 4170 si
2964 4113 3294 4188 protervius
3327 4112 3388 4167 in
3419 4126 3514 4166 me
3536 4110 3618 4165 fe-

1951 4225 2132 4275 ratur.
2166 4213 2432 4283 lntelligo
2462 4209 2625 4267 enim
2673 4207 2982 4280 plurimos,
3012 4218 3148 4258 cum
3198 4200 3312 4257 sub
3356 4200 3521 4256 larva
3561 4203 3619 4254 et

1953 4309 2012 4363 in
2057 4308 2402 4376 tegumenta
2445 4303 2738 4362 taxentur,
2790 4295 3018 4352 facilius
3054 4290 3245 4348 redire
3287 4289 3364 4347 ad
3396 4288 3609 4345 corin-

1951 4402 2204 4452 structos
2215 4408 2401 4466 quam
2413 4389 2517 4464 qui
2531 4389 2606 4444 de
2622 4385 2865 4443 nomine
2881 4382 3041 4440 citati
3058 4395 3446 4454 nequaquam
3463 4377 3617 4434 terre

1952 4486 2132 4542 velint
2159 4480 2646 4554 increpationem.
2678 4476 2786 4531 Sed
2831 4473 2926 4529 ille
2957 4477 3160 4528 tamen
3191 4468 3474 4542 quisquis
3501 4471 3606 4532 est,

1951 4575 2091 4632 inde
2121 4573 2364 4637 factum.
2397 4574 2458 4626 ut
2485 4574 2604 4625 tam
2634 4567 2747 4622 cito
2778 4568 3002 4620 nostra:
3021 4566 3251 4617 natura
3273 4557 3448 4614 fuerit
3467 4555 3614 4612 obli-

1951 4671 2069 4729 tus,
2103 4668 2167 4718 ut
2203 4659 2482 4718 amentim
2523 4672 2616 4712 me
2653 4656 2903 4718 incuset,
2946 4656 3002 4706 et
3026 4650 3365 4704 divinarum
3405 4645 3610 4713 legum

1949 4756 2365 4822 contemptus:
2405 4746 2564 4802 unde
2605 4748 2803 4800 motus
2841 4745 2945 4796 aut
2980 4738 3260 4794 incitatus
3301 4738 3612 4805 tantopere

1950 4842 2220 4897 invectus
2241 4837 2402 4894 estin
2420 4849 2618 4891 meam
2634 4829 3099 4888 mediocritatem
3125 4842 3138 4880 :
3156 4824 3299 4888 imo,
3316 4824 3452 4896 quis
3472 4837 3612 4878 eum

1951 4930 2172 5004 potius,
2193 4928 2347 4984 adeo
2363 4924 2682 4980 sublimem
2701 4918 2922 4988 extulit,
2940 4922 3004 4972 ut
3023 4931 3162 4971 cum
3199 4913 3440 4970 omnino
3452 4917 3609 5004 tace-

1951 5000 2174 5085 remus,
2213 5015 2307 5071 ille
2341 5019 2541 5070 tamen
2564 5026 2673 5065 nos
2693 5005 3024 5064 exaudiret.
3055 5004 3177 5058 lmo
3198 5018 3338 5057 cum
3358 5017 3430 5056 ne
3453 5000 3613 5072 cogi-

1952 5109 2170 5165 tatione
2200 5104 2440 5176 quidem
2473 5096 2701 5170 aliquid
2726 5093 3028 5167 ejusmodi
3066 5088 3611 5163 comprehendere-

1952 5213 2110 5262 mus,
2143 5193 2240 5250 ille
2278 5197 2482 5248 tamen
2509 5204 2540 5243 e
2565 5185 2809 5259 propria
2837 5201 2944 5238 sua
2987 5181 3441 5253 imaginatione,
3487 5183 3610 5236 tan-

1947 5301 2133 5360 quam
2168 5283 2246 5340 ab
2271 5280 2390 5338 alta
2410 5277 2677 5351 quadam
2708 5271 2955 5347 specula
2978 5287 3082 5328 cor
3108 5269 3372 5328 hominis
3393 5268 3611 5325 intuitu

1589 5428 1827 5485 VARIIE
1857 5424 2256 5485 LECTIONES.

304 5571 338 5614 υ
365 5577 434 5638 ῖς.
475 5573 823 5648 μυσάττεσθε.
899 5591 926 5624 c
963 5575 1039 5626 ῖσ.
1067 5571 1179 5646 μετ’
1207 5571 1420 5635 ἐκείνας.
1498 5573 1528 5616 α
1567 5575 1712 5636 εῐτις.

1793 5583 1820 5617 ο
1841 5568 2122 5624 ἐπικαλεῖν.

2202 5566 2220 5610 Ι
2241 5570 2496 5618 τοιοῦτον.
