4088 6214
460 250 566 306 743
1687 245 1918 305 ΡΗΟΤΙΙ
1962 245 2124 301 ΡΑἸἬ

2232 244 2414 301 ὶΟΗΙΕ
2450 244 2560 301 CP.
3728 253 3830 307 744

460 395 574 438 suo
593 391 1017 451 permeans,ea
1041 373 1492 449 deprehenditet
1520 371 1825 441 intellexit,
1860 386 2118 444 quorum

465 484 644 524 nemo
683 467 796 523 sibi
823 467 936 539 ipsi
961 467 1236 524 conscius
1276 465 1400 520 fuit.
1437 466 1499 519 Et
1541 462 1615 518 de
1645 462 1826 518 rebus
1866 461 2119 517 aliorum

465 559 757 628 majorem
802 557 1020 613 habere
1064 555 1248 610 voluit
1286 552 1685 622 cognitionem
1751 555 2116 621 arrogatam,

466 663 651 720 quam
674 646 914 717 spiritus
933 645 1206 700 homines
1229 641 1575 698 inhabitans
1600 641 1814 698 habet:
1840 645 1897 697 et
1919 646 2118 696 tamen

467 736 704 802 Paulus,
739 735 843 808 qui
875 739 1224 806 proventum
1247 731 1496 788 istorum
1528 731 1846 788 hominum
1871 745 1990 786 non
2023 743 2120 784 ex-

469 825 797 898 spectabat,
823 839 1028 895 parem
1057 838 1194 876 cum
1215 821 1422 893 spiritu
1437 821 1696 877 hominis
1718 819 2118 891 cognitionem

467 915 714 970 omnino
731 912 1050 982 abnegavit
1067 911 1239 967 alicui
1256 910 1514 966 futuram
1529 908 1879 982 aliquando.
1905 909 2120 962 Verum

468 1003 766 1058 enimvero
822 1001 963 1073 quid
1016 1001 1258 1056 tandem
1298 1001 1358 1056 in
1409 1015 1592 1056 causa
1630 998 1953 1070 reperietur
1991 1011 2120 1052 esse

467 1091 632 1157 tanti,
661 1096 722 1146 ut
742 1091 815 1146 de
835 1089 1142 1162 multiplici
1169 1091 1430 1148 amentia
1450 1090 1811 1158 incusemur,
1837 1088 1912 1143 de
1933 1085 2118 1142 Eccle-

469 1181 556 1235 sia
577 1179 867 1236 catholica
889 1179 1138 1251 prodita,
1162 1180 1231 1234 de
1251 1179 1451 1250 legum
1471 1182 1816 1249 contemptu
1831 1177 2080 1232 latarum
2100 1175 2122 1229 ἲ

469 1269 616 1341 quid
637 1268 886 1324 omnino
908 1269 1207 1338 gessimus
1233 1266 1261 1321 ‘t‘
1281 1268 1425 1340 quid
1451 1267 1810 1338 agitavimus
1832 1265 1859 1319 ?
1882 1265 1975 1320 cui
1999 1269 2125 1320 tan-

469 1359 609 1414 dem
648 1357 875 1430 aliquid
925 1357 1418 1412 enuntiavimus?
1455 1358 1604 1412 Nam
1648 1362 1949 1427 utcunque
2002 1367 2125 1408 non

469 1447 682 1504 iisdem
717 1463 822 1520 per
847 1445 1051 1502 omnia
1082 1445 1277 1501 verbis
1299 1445 1637 1502 convicium
1669 1445 1844 1500 nobis
1872 1443 2026 1510 fecit,
2059 1456 2128 1496 ne

468 1541 667 1593 tamen
693 1535 846 1607 apud
866 1536 1138 1590 animum
1154 1551 1328 1589 suum
1355 1534 1577 1591 recolat
1598 1534 1984 1599 etominetur,
2009 1545 2130 1587 me-

469 1625 601 1682 liori
635 1642 695 1681 se
723 1641 854 1680 esse
904 1625 1244 1680 conditione
1291 1639 1477 1696 quam
1530 1623 1636 1679 erit
1663 1623 1757 1678 ille
1788 1623 1892 1694 qui
1943 1621 2131 1677 taliter

2154 368 2198 422 Α
2229 372 2294 422 τὰ
2335 378 2435 422 τῶν
2483 368 2761 444 ἀνθρώπων
2812 366 3026 441 εἰδέναι,
3085 373 3114 432 ἣ
3162 375 3221 426 τὸ
3273 381 3472 448 πνεῦμα
3507 378 3568 428 τό
3608 375 3836 429 ἐνοικοῦν

2231 459 2278 512 ἓν
2313 459 2506 520 αὐτοῖς.
2552 458 2656 513 Κᾶν
2697 459 2918 526 Παῦλος,
2981 458 3096 514 οὐδ’
3157 462 3374 527 ἐλπίσας
3437 461 3643 538 ἀνδρῶν
3691 466 3838 524 τηλι-

2230 551 2426 601 κούτων
2467 551 2680 602 ἔσεσθαι
2710 552 2888 623 φορὰν,
2943 547 3068 604 οὐδὲ
3106 557 3201 611 τὴν
3257 556 3379 612 ἴσην
3409 562 3604 625 γνῶσιν
3643 554 3836 628 ἑτέροις

2229 639 2516 692 κατέλιπεν.
2564 639 2720 693 Ἀλλὰ
2774 641 2872 712 γὰρ
2927 643 3080 694 πόθεν
3159 643 3307 714 ἡμῶν
3361 644 3391 700 ἠ
3449 643 3609 702 πολλὴ
3676 663 3836 696 κατα-

2233 725 2548 789 σκεδάζεται
2603 727 2768 795 ἆνοια,
2821 734 2912 782 καὶ
2961 738 3057 792 τῆς
3112 730 3422 794 Ἐκκλησίας
3458 732 3582 795 ὅλης
3620 734 3651 791 ἠ
3711 753 3838 809 προ-

2230 813 2428 889 δοσία;
2483 822 2572 870 καὶ
2653 827 2750 870 τῶν
2832 823 3076 892 κειμένων
3152 823 3382 893 νόμωνὴ
3437 821 3704 896 ὑπεροψία
3736 839 3750 888 ;
3783 827 3837 874 τί

2229 906 2572 978 πραξάντων;
2627 911 2679 960 τί
2736 903 2794 960 δὲ
2842 904 3220 968 διανοηθέντων
3265 933 3278 972 ι
3317 915 3445 984 πρός
3495 916 3610 963 τίνα
3669 907 3731 964 δέ
3783 930 3836 964 τι

2229 994 2690 1067 ἁπαγγειλάντωνς
2726 994 3017 1069 μηδὲγὰρ,
3081 1000 3162 1050 ότι
3210 1006 3316 1059 τοῖς
3365 999 3536 1060 αὐτοῖς
3574 1009 3604 1052 8
3626 1001 3838 1074 ῥήμασι

2229 1088 2324 1142 την
2374 1083 2522 1156 ὓϐριν
2570 1085 2663 1138 οὐκ
2714 1088 2874 1151 ἔθετο,
2935 1089 3141 1158 ἄμεινόν
3191 1107 3242 1139 τι
3290 1088 3408 1140 καθ’
3467 1089 3613 1160 ἡμῶν
3649 1088 3836 1150 εἰπεῖν,

2231 1181 2351 1238 τῶν,
2410 1177 2455 1226 εῖ
2500 1194 2576 1236 τις
2630 1177 2755 1245 ἡμῖν
2813 1177 2879 1228 τὰ
2933 1183 3150 1228 τοιαῦτα
3205 1173 3538 1251 λοιδορεῖται,
3576 1179 3837 1250 νομιζέτω

2233 1267 2319 1315 καὶ
2354 1261 2638 1334 λογίζοιτο,
2689 1264 2748 1316 οὗ
2796 1266 2896 1339 γὰρ
2941 1267 2996 1317 αἱ
3056 1264 3215 1328 λέξεις
3267 1263 3559 1339 βαρύνουσι
3609 1268 3704 1328 τὰς
3760 1265 3838 1318 έν-

2234 1355 2396 1416 νοίας,
2450 1353 2545 1414 τὰς
2592 1349 2650 1406 δι
2701 1352 2859 1416 λέξεις
2906 1361 3127 1426 τραχεῖς
3177 1359 3265 1406 καὶ
3307 1351 3600 1427 δυσφόρους
3643 1359 3703 1407 τό
3743 1375 3841 1406 πι-

2236 1443 2360 1512 κρὸν
2413 1450 2507 1503 τῆς
2569 1438 2808 1505 διανοίας
2849 1443 3037 1515 μᾶλλον
3092 1442 3389 1516 ἐργάζεται.
3417 1443 3436 1457 ”
3481 1451 3581 1496 Οτε
3643 1439 3704 1496 δε
3743 1448 3839 1496 καὶ

2237 1528 2396 1592 λέξεις
2451 1537 2567 1595 ταῖς
2624 1527 2882 1593 διανοίαις
2913 1532 3170 1604 ὁμολογεῖ,
3226 1538 3311 1584 καὶ
3366 1535 3422 1584 τὸ
3467 1531 3606 1606 βαρὺ
3636 1540 3733 1592 τῆς
3765 1531 3842 1584 ἐν·

2238 1622 2402 1682 νοίας,
2461 1627 2531 1689 τῷ
2579 1628 2769 1692 τραχεῖ
2820 1626 3098 1696 συντρέχει
3145 1629 3240 1683 τῆς
3283 1621 3482 1688 λέξεως,
3523 1627 3576 1674 τί
3601 1618 3838 1696 διαφέρει

471 1714 646 1770 fuerit
692 1715 1082 1770 conviciatus.
1134 1716 1278 1770 Nam
1332 1728 1451 1768 non
1504 1717 1756 1783 gravant
1805 1726 2050 1766 sensum
2076 1714 2124 1764 el

2240 1709 2306 1760 τά
2362 1707 2495 1761 αὐτὰ
2543 1718 2642 1762 τῶν
2697 1710 2943 1783 ῥημάτων
2991 1710 3165 1774 εἰπεῖν,
3215 1711 3241 1768 ἡ
3296 1707 3391 1763 διὰ
3438 1719 3536 1762 τῶν
3573 1713 3702 1763 ἴσων
3741 1715 3840 1768 τὴν

471 1803 827 1860 sententiam
875 1819 1076 1868 voces,
1120 1802 1225 1857 sed
1279 1801 1461 1858 animi
1493 1818 1627 1874 quae
1665 1807 1753 1857 est
1791 1799 2130 1856 amaritudo

470 1892 760 1948 dictiones
809 1891 1056 1948 acerbas
1086 1891 1278 1961 magis
1320 1895 1376 1947 et
1407 1890 1807 1947 intolerabiles
1853 1889 2131 1944 reddunt.

471 1983 615 2038 Cum
655 1998 797 2036 vero
848 1981 1027 2036 verba
1057 1981 1431 2036 consentiant
1477 1981 1715 2044 animis,
1743 1985 1798 2035 et
1826 1978 2130 2034 sententia:

470 2070 760 2127 acerbitas
787 2085 921 2125 cum
957 2068 1254 2125 sermonis
1295 2068 1605 2124 virulentia
1643 2066 2128 2140 correspondeat,

472 2159 612 2216 nihil
645 2161 887 2216 interest
905 2174 979 2214 an
1008 2159 1222 2215 eadem
1248 2158 1464 2214 iisdem
1491 2157 1688 2214 verbis
1727 2157 2124 2230 proferantur,

471 2264 548 2306 an
572 2247 732 2304 idem
755 2264 967 2304 sensus
990 2263 1094 2320 per
1113 2247 1557 2320 aequipollentia
1568 2247 1752 2303 verba
1775 2247 2126 2319 proferatur.

471 2338 638 2404 Quod
671 2339 720 2392 si
750 2344 951 2394 autem
989 2342 1403 2408 tempestatem
1437 2342 1491 2392 et
1519 2336 1812 2392 malorum
1847 2335 2039 2391 salum
2067 2335 2126 2390 in

470 2443 592 2499 quo
631 2427 892 2482 demersi
926 2425 1265 2481 collidimur
1305 2425 1662 2498 respiciebat
1695 2443 1708 2492 ;
1751 2425 1797 2480 si
1838 2425 2128 2480 insultum

472 2515 710 2571 illarum
723 2512 1131 2570 calamitatum
1144 2513 1365 2586 quibus
1378 2515 1531 2569 circu
1543 2515 1752 2586 msepti
1780 2513 2129 2586 constringi-

475 2619 626 2673 mur,
648 2603 724 2658 ad
744 2603 1066 2659 amentiam
1087 2602 1304 2658 referre
1318 2603 1554 2674 justum
1577 2603 1997 2668 arbitrabatur,
2024 2603 2129 2658 hu-

477 2708 687 2748 manas
713 2691 808 2747 ille
824 2691 1057 2747 fovebat
1080 2691 1485 2760 cogitationes,
1503 2697 1558 2746 et
1572 2691 1663 2764 pie
1683 2692 2084 2748 meditabatur
2109 2710 2124 2744 :

473 2781 636 2854 quod
677 2781 870 2836 solum
901 2780 958 2836 in
990 2781 1120 2854 ejus
1146 2781 1397 2851 gratiam
1427 2781 1544 2837 dici
1597 2787 1805 2853 potest.
1841 2781 2126 2838 Malorum

474 2871 635 2926 enim
671 2869 853 2925 moles
887 2875 944 2925 et
971 2885 1254 2927 excessus
1287 2869 1500 2926 mentis
1525 2871 1886 2926 emotionem
1913 2876 1968 2926 et
1989 2871 2126 2926 alie-

474 2959 778 3015 nationem
809 2957 868 3012 in
895 2959 1150 3028 graviter
1178 2959 1481 3030 oppressis
1506 2963 1849 3032 operantur.
1884 2959 2055 3026 Quod
2077 2959 2124 3014 si

474 3049 550 3105 de
576 3049 870 3106 sententia
899 3065 1009 3104 sua
1035 3049 1258 3122 aliquid
1299 3049 1348 3105 ei
1380 3049 1652 3113 decessit,
1694 3049 1828 3120 plus
1859 3049 1918 3104 in
1950 3049 2124 3105 nobis

472 3138 1027 3211 diabolopotestatis
1048 3139 1334 3194 tributum
1377 3138 1748 3210 dabit,quam
1782 3138 1926 3194 olim
1957 3140 2008 3194 ei
2030 3140 2124 3195 tri-

473 3228 771 3286 buebatur
797 3229 860 3284 in
883 3227 1151 3283 divinum
1178 3227 1368 3283 virum
1399 3226 1530 3284 Job.
1569 3231 1714 3284 Nam
1737 3229 1794 3284 in
1819 3228 1972 3283 illius
1998 3229 2122 3284 ani-

475 3333 636 3373 mam
669 3322 772 3374 aut
801 3319 981 3373 vitam
1011 3332 1132 3372 non
1154 3319 1382 3388 accepit
1404 3321 1795 3387 potestatem:
1830 3322 1889 3374 at
1919 3323 2124 3373 contra

473 3421 584 3460 nos
615 3406 792 3461 etiam
847 3405 908 3460 in
949 3405 1214 3461 animam
1264 3405 1459 3477 ipsam
1499 3405 1852 3476 permissam
1904 3406 2125 3463 habeat

472 3492 833 3550 facultatem.
860 3493 923 3548 In
947 3509 1018 3548 eo
1031 3493 1189 3548 enim
1203 3492 1368 3566 quod
1385 3498 1710 3564 postquam
1725 3492 1871 3549 alias
1885 3494 1942 3548 in
1960 3493 2122 3564 leges

472 3597 508 3638 a
537 3581 710 3637 nobis
744 3581 1136 3637 commissum
1177 3582 1351 3638 etiam
1387 3597 1610 3638 meram
1644 3597 1754 3638 nec
1802 3581 2122 3639 admistam

473 3670 618 3727 mihi
647 3670 947 3726 insaniam
979 3669 1228 3735 aﬂ‘ricat,
1261 3671 1570 3726 manifeste
1602 3686 1663 3726 se
1686 3670 1965 3742 patefacit
2009 3671 2124 3728 hoc

473 3759 634 3832 apud
658 3760 927 3815 animum
953 3760 1209 3830 agitasse
1229 3766 1286 3815 et
1307 3759 1704 3816 certissimoid
1723 3761 2120 3818 constituisse.

471 3849 639 3916 Quod
671 3851 716 3904 si
747 3849 946 3905 subito
987 3848 1269 3921 abreptus
1297 3849 1368 3904 ad
1399 3849 1556 3906 hanc
1587 3851 1662 3905 de
1693 3849 1865 3907 nobis
1905 3853 2125 3922 cogita-

470 3939 693 3996 tionem
725 3938 854 4003 fuit,
905 3939 1059 3995 hanc
1086 3937 1182 3994 ille
1211 3939 1372 3996 viam
1422 3939 1655 3996 facilem
1712 3939 2018 3997 adinvenit
2047 3942 2126 3998 ad

475 4029 596 4088 alia
624 4026 896 4084 convicia
945 4027 1331 4100 pertexenda.
1362 4029 1432 4084 Ut
1451 4027 1721 4084 omittam
1755 4027 1814 4084 in
1845 4030 2126 4102 praesenti

471 4117 769 4191 apologiee
820 4115 1134 4172 artiﬁcium
1166 4121 1221 4172 et
1249 4115 1512 4172 fucatam
1545 4117 1826 4188 speciem,
1861 4133 1981 4174 non
2019 4118 2127 4174 de-

475 4207 604 4264 buit
668 4210 821 4262 certe
862 4211 1154 4277 tanquam
1193 4205 1267 4260 de
1296 4205 1426 4261 loco
1482 4206 1770 4278 superiori
1801 4222 1871 4262 ex
1903 4207 2126 4263 insidiis

471 4313 568 4354 me
631 4295 900 4366 aggredi,
927 4309 1037 4349 nec
1061 4309 1170 4366 per
1215 4299 1492 4365 aggestas
1522 4310 1553 4350 e
1585 4311 1696 4350 suo
1729 4311 1886 4367 penu
1924 4301 2129 4358 contu_

475 4385 686 4443 melias
706 4383 1052 4439 ﬂebiliorem
1080 4382 1456 4438 mihistatum
1474 4398 1796 4454 procurare
1821 4401 1832 4440 :
1857 4387 1960 4441 sed
1989 4403 2128 4443 con-

472 4475 764 4533 solatione
779 4472 976 4545 potius
997 4471 1706 4537 nonnulla,etverborum
1729 4474 2128 4532 delinimentis

473 4566 741 4622 dolorem
767 4561 1217 4620 incumbentem
1241 4559 1538 4628 alleviare,
1571 4567 1628 4618 et
1649 4564 1896 4620 modum
1920 4565 1968 4619 si
1991 4582 2125 4638 quas

475 4655 726 4712 facultas
756 4653 929 4710 fuerit
960 4649 1153 4707 solatii
1192 4651 1526 4723 excogitare
1555 4668 1568 4706 :
1603 4652 1706 4707 sed
1749 4668 2122 4726 exasperare,

473 4743 779 4809 insultare,
802 4740 1162 4814 exprobrare
1184 4739 1570 4810 calamitates,
1588 4739 1950 4797 lascivientis
1963 4749 2049 4798 est
2065 4743 2125 4798 in

381 4887 386 4890 .
474 4833 654 4886 rebus
686 4832 942 4904 proximi
968 4830 1058 4886 sui
1088 4828 1340 4897 afﬂictis,
1358 4844 1476 4884 non
1495 4829 1658 4902 quod
1677 4833 1950 4902 Oportuit,
1987 4849 2126 4889 con-

481 4918 753 4985 dolentis,
794 4920 886 4975 vel
940 4919 1378 4991 compatientis,
1437 4935 1558 4975 non
1598 4921 1730 4993 ejus
1790 4923 1890 4993 qui
1950 4925 2126 4980 amici

477 5013 675 5079 partes
698 5012 854 5076 agat,
873 5009 975 5063 sed
989 5007 1379 5080 quihostilem
1395 5008 1450 5064 in
1470 5009 1715 5064 modum
1743 5009 1912 5066 malis
1924 5013 2122 5070 afﬁcit.

475 5100 596 5166 Ego
628 5101 780 5152 certe
810 5097 1094 5168 proﬁteor
1122 5113 1244 5165 eos,
1275 5097 1568 5170 quidquid
1591 5098 2128 5172 eratimprobitatis

470 5188 531 5244 in
565 5183 869 5254 torculari,
903 5185 958 5239 id
979 5185 1037 5240 in
1067 5202 1162 5241 me
1188 5191 1380 5242 totum
1399 5185 1702 5257 effudisse,
1727 5189 1873 5245 dum
1901 5192 2128 5248 amicos

475 5273 793 5334 alieniores
830 5273 1106 5340 reddunt,
1141 5274 1354 5331 afﬁnes
1388 5277 1728 5350 sejungunt,
1763 5294 1799 5335 a
1828 5278 2000 5336 vobis
2032 5297 2128 5338 me

2241 1797 2404 1858 αὐτὴν
2457 1808 2803 1874 παραστῆσαι
2856 1797 3130 1869 διάνοιαν;
3181 1799 3320 1854 Ἀλλ’
3375 1800 3418 1853 εἰ
3457 1804 3547 1872 μὲν
3576 1802 3707 1872 πρὸς
3750 1803 3842 1851 τόν

2242 1886 2561 1960 ἐπιχυθέντα
2617 1891 2741 1960 ἡμῖν
2795 1897 2894 1940 τῶν
2948 1897 3122 1940 κακῶν
3170 1887 3372 1963 ἀφορῶν
3436 1897 3694 1962 χειμῶνα,
3747 1893 3842 1941 καὶ

2239 1981 2333 2034 τὴν
2365 1979 2693 2049 πανταχόθεν
2747 1979 2885 2050 ἡμᾶς
2943 1983 3306 2051 περίσχουσαν
3334 1979 3367 2051 Ξ
3398 1983 3488 2031 καὶ
3521 1979 3843 2050 συμπιέξου-

2243 2085 2338 2118 σαν
2382 2075 2480 2118 τῶν
2509 2063 2787 2140 δυσχερῶν
2819 2069 2997 2140 φορὰν,
3045 2067 3114 2130 εἰς
3152 2069 3457 2141 παραφορὰν
3515 2074 3689 2120 πεσεῖν
3733 2063 3844 2119 ἔδει

2240 2161 2480 2222 καίωσεν,
2514 2155 2832 2231 ἀνθρώπινον
2883 2159 2974 2228 μὶν
3002 2176 3054 2210 τι
3111 2153 3353 2216 διενοήθη
3405 2163 3493 2209 καὶ
3540 2155 3838 2229 ἐμελέτησε.

2237 2249 2301 2298 Τί
2349 2249 2450 2318 γὰρ
2499 2245 2560 2297 ἄν
2603 2265 2684 2308 τις
2737 2245 2877 2308 ἄλλο,
2939 2247 3066 2319 ὑπὲρ
3098 2245 3280 2311 αὐτοῦ,
3333 2250 3422 2298 καὶ
3470 2245 3628 2298 εἰπεῖν
3679 2242 3842 2303 δυνη-

2241 2335 2350 2392 θείη
2388 2337 2501 2402 ;Αἱ
2551 2337 2652 2407 γὰρ
2693 2333 2972 2409 ὑπερϐολαὶ
3017 2343 3114 2387 τῶν
3168 2340 3444 2387 κακώσεων
3497 2339 3841 2407 παρατροπὴν

2239 2428 2327 2476 καὶ
2375 2423 2648 2476 ἀλλοίωσιν
2696 2425 2767 2488 ὡς
2813 2427 2880 2477 τὰ
2925 2423 3089 2476 πολλὰ
3145 2431 3251 2485 τοῖς
3307 2429 3646 2490 κακουμένοις
3703 2424 3842 2498 ἐνερ-

2237 2513 2510 2582 γάζονται.
2549 2512 2607 2565 Εἰ
2654 2518 2743 2566 καὶ
2779 2516 2994 2586 μείζονα
3049 2516 3132 2565 τὸν
3189 2516 3417 2588 πονηρόν
3472 2517 3567 2571 τὴν
3597 2511 3842 2574 ἐξουσίαν

2237 2601 2407 2655 λαϐεῖν
2464 2603 2582 2654 καθ’
2630 2604 2798 2674 ἡμῶν,
2830 2603 2860 2662 ἦ
2903 2605 3037 2654 κατὰ
3063 2603 3078 2646 ί
3109 2609 3200 2654 τοῦ
3260 2604 3536 2654 θεσπεσίου
3577 2601 3718 2668 Ἰὼϐ,
3761 2604 3843 2664 οἷς

2235 2695 2435 2765 νομίζει
2484 2691 2820 2764 ἐψηφίσαθ’
2887 2695 2989 2763 εῖγε
3041 2699 3133 2745 τοῦ
3189 2694 3279 2764 μὶν
3343 2699 3432 2752 τῆς
3495 2690 3686 2763 ψυχῆς
3742 2697 3842 2750 τὴν

2237 2781 2474 2853 ἐξουσίαν
2531 2782 2624 2835 οὐκ
2673 2781 2892 2854 εἴληφεν,
2943 2783 2968 2833 ό
3021 2777 3080 2834 δι
3109 2782 3227 2833 καθ’
3294 2783 3457 2853 ἡμῶν,
3505 2786 3594 2834 καὶ
3642 2784 3842 2842 ταύτης

2235 2873 2376 2944 αὐτῷ
2427 2876 2521 2931 τὴν
2567 2876 2857 2947 κυριότητα
2903 2869 3228 2945 ἐνεχείρησεν
3261 2887 3274 2899 ·
3309 2869 3362 2934 ἐξ
3409 2871 3477 2922 ὧν
3528 2872 3630 2944 γὰρ
3689 2873 3842 2943 ἡμῶν

2233 2963 2458 3034 ἄκρατον
2504 2964 2635 3034 μετὰ
2686 2967 2775 3013 τοῦ
2831 2967 3144 3034 παρανομεῖν
3187 2965 3436 3031 καταχέει
3488 2964 3582 3019 τήν
3635 2962 3838 3025 ἄνοιαν,

2155 3077 2196 3133 C
2237 3061 2412 3124 σαφῶς
2462 3050 2642 3104 ἑαυτὸν
2717 3047 2942 3103 δεικνύει
2994 3057 3147 3102 τοῦτο
3213 3055 3303 3101 καὶ
3353 3049 3694 3122 λογισάμενον
3748 3055 3842 3103 καὶ

2232 3146 2592 3216 κυριὼσαντα.
2666 3139 2802 3198 Πλὴν
2859 3139 2903 3191 εἰ
2951 3144 3040 3190 καὶ
3098 3142 3225 3212 πρὸς
3282 3141 3478 3196 ταύτην
3530 3144 3648 3212 περὶ
3688 3140 3840 3211 ἡμῶν

2232 3235 2468 3305 ύπεσύρη
2498 3235 2590 3288 τήν
2618 3231 2886 3292 ὑπόνοιαν,
2935 3234 3024 3281 καὶ
3073 3236 3226 3280 τοῦτο
3284 3232 3412 3300 πρὸς
3471 3227 3710 3300 εὖλογιαν
3739 3237 3835 3289 τῆς

2232 3320 2391 3380 ἄλλης
2429 3321 2659 3394 εὑρίσκει
2683 3315 2950 3392 λοιδορίας
2983 3338 2996 3350 ο
3029 3316 3045 3334 ⁶
3075 3323 3160 3370 ινα
3181 3324 3268 3368 νῦν
3291 3315 3430 3368 ἰάσω
3455 3320 3514 3368 τὸ
3559 3320 3721 3389 σοφόν
3745 3324 3842 3379 τῆς

2234 3409 2509 3481 ἀπολογίας
2562 3413 2650 3460 καὶ
2730 3411 3024 3479 εὔσχημον,
3095 3405 3260 3478 ἐχρῆν
3326 3405 3421 3458 οὐκ
3483 3404 3838 3472 ἐπιτίθεσθαι,

2231 3495 2356 3552 οὐδὲ
2427 3496 2710 3570 βαρύτερον
2780 3503 2941 3548 ποιεῖν
3014 3498 3070 3548 τό
3145 3497 3307 3556 πάθος
3386 3495 3585 3547 οἰκείων
3643 3494 3842 3568 ὓϐρεων

2235 3589 2504 3662 προσθήκῃ
2537 3605 2548 3616 ·
2584 3585 2712 3638 ἀλλὰ
2762 3584 3092 3659 παρακλήσει
3143 3590 3242 3637 τινὶ
3285 3583 3477 3655 μᾶλλον
3516 3589 3608 3637 καὶ
3657 3583 3838 3656 λόγοις

2231 3675 2632 3747 ψυχαγωγίαςὶ
2669 3670 3004 3747 διαπραῦνειν
3066 3676 3122 3724 τό
3174 3671 3350 3744 ἄλγος,
3406 3677 3497 3725 καὶ
3552 3674 3840 3748 πειρᾶσθαι

2232 3768 2318 3817 τόν
2376 3761 2597 3817 δυνατόν
2649 3769 2842 3835 τρόπον
2887 3763 3102 3814 ἐπινοεῖν
3152 3763 3501 3834 παραμύθιον.
3535 3765 3607 3814 Τό
3666 3758 3728 3814 δὲ
3759 3761 3842 3814 έκ-

2235 3855 2514 3927 τραχυνειν
2582 3857 2673 3904 καὶ
2734 3850 3074 3922 ἐπεμϐαίνειν,
3143 3855 3233 3902 καὶ
3309 3846 3686 3911 κατονειδίζειν
3745 3853 3840 3913 τὰς

2237 3944 2524 4016 συμφορὰς,
2592 3943 2940 4014 ἰντρυφῶντός
2991 3938 3100 3992 ἐστι
3153 3946 3261 4000 τοῖς
3299 3947 3392 3992 τοῦ
3457 3939 3687 3998 πλησίου
3742 3959 3840 3992 κα-

2235 4038 2362 4097 κοῖς,
2396 4029 2502 4083 ἀλλ’
2535 4031 2594 4082 οὐ
2644 4029 3040 4099 συναλγοῦντος,
3103 4025 3230 4081 οὗδᾶ
3281 4031 3714 4100 συμπάσχοντος,
3748 4034 3840 4082 καὶ

2235 4121 2295 4173 οὐ
2348 4122 2414 4172 τὰ
2455 4129 2556 4172 τῶν
2609 4119 2763 4192 φίλων
2817 4115 3290 4192 διαπραττομένου,
3345 4116 3453 4169 ἀλλ’
3511 4117 3640 4191 ἅπερ
3680 4116 3743 4170 ἂν
3791 4120 3842 4171 οἱ

2237 4209 2424 4283 ἐχθροὶ
2453 4213 2879 4283 κακουργέσειαν.
2929 4208 3058 4279 Ἐγὼ
3114 4204 3194 4272 δὲ,
3248 4208 3329 4259 ὅτι
3358 4209 3447 4279 μὲν
3501 4211 3589 4258 τόν
3618 4211 3842 4281 τρυγίαν

2236 4300 2409 4359 πάσης
2461 4297 2630 4350 αὐτῶν
2685 4305 2780 4359 τῆς
2837 4301 3024 4359 κακίας
3049 4295 3164 4348 καθ’
3191 4298 3336 4368 ἡμῶν
3376 4294 3649 4362 έκένωσαν,
3679 4295 3843 4369 φίλων

2239 4386 2563 4452 ξενῶσαντις,
2651 4394 2912 4458 συγγενῶν
2994 4382 3362 4456 διακόψαντες,
3449 4385 3592 4456 ὑμῶν
3671 4386 3844 4438 αὐτῶν

2239 4477 2363 4546 (τῶν
2417 4475 2549 4549 ἐμῶν
2625 4478 2801 4528 παθῶν
2858 4480 2916 4528 τό
2973 4477 3310 4550 πικρότατον)
3373 4469 3846 4547 προδιατέμνοντες

2237 4572 2328 4619 καὶ
2419 4565 2819 4638 ἀπομερίσαντες
2849 4567 2921 4631 Ιί;
3008 4567 3326 4640 θεραπόντων
3399 4567 3488 4614 καὶ
3567 4563 3842 4638 ὅπηρετῶν

2240 4656 2671 4730 ἑξερημώσαντες,
2777 4654 3278 4726 αἰχμαλωτίσαντες,
3388 4655 3649 4724 φρουροὺς
3749 4655 3843 4703 καὶ

2238 4746 2612 4820 φρουράρχους
2683 4749 3089 4815 περιστήσαντες
3122 4763 3133 4774 ·
3211 4743 3294 4794 ἱνα
3365 4737 3503 4813 μηδι
3559 4743 3627 4792 τὰ
3675 4740 3847 4793 οἰκεῖα

2239 4832 2574 4906 βουλομένοις
2601 4835 2740 4885 κακὰ
2767 4833 2960 4885 κλαίειν
2987 4832 3072 4904 ἐξῇ
3124 4838 3214 4883 καὶ
3266 4827 3630 4905 ἀποδύρεσθαι
3653 4846 3667 4859 ⁸
3703 4825 3846 4900 μηδέ

2236 4942 2316 4985 τις
2364 4923 2494 4983 ἕλεος
2548 4924 2700 4975 πόθεν
2765 4924 2889 4994 ἡμῖν
2942 4917 3241 4996 παρεισδύῃ
3295 4923 3365 4992 μὴ
3421 4918 3558 4990 λόγῳ
3599 4923 3672 4990 μὴ
3710 4919 3845 4990 πρά-

2237 5032 2440 5084 γματιι
2517 5017 2731 5086 μυρίους
2813 5013 3060 5070 θανάτους
3117 5008 3569 5080 ἐπικρεμάσαντες,
3653 5006 3843 5077 λογίων

2242 5110 2375 5155 Θεοῦ
2423 5106 2513 5154 καὶ
2563 5105 2753 5163 παντὸς
2783 5099 2962 5164 ἄλλου,
3007 5102 3168 5170 οἶμοι,
3216 5099 3332 5150 καθ’
3360 5101 3504 5169 ἡμῶν
3543 5095 3694 5168 λιμόν
3729 5095 3844 5147 ἑπι-

2241 5196 2550 5252 στήσαντες.
2598 5191 2702 5245 Καὶ
2749 5191 2830 5242 ὃτι
2867 5189 2980 5241 ὅλον
3011 5191 3101 5260 μὲν
3140 5187 3250 5258 οἶμα
3277 5184 3486 5246 πολλοῖς
3545 5191 3731 5244 κακοῖς
3781 5182 3839 5235 οὐ

2239 5279 2654 5354 διαλιμπάνουσι
2680 5277 3086 5353 περιϐάλλοντες,
3113 5281 3203 5330 καὶ
3231 5274 3408 5338 πάσας
3434 5271 3492 5327 δὲ
3539 5275 3686 5347 ἡμῶν
3716 5272 3842 5326 ἁπο-

2159 4431 2200 4488 C

1808 5422 2042 5480 VARUE
2082 5423 2374 5481 LECTION
2383 5425 2484 5480 ES.

547 5559 575 5603 Β
602 5543 785 5610 αὐτοῦ,
866 5541 897 5584 ll
924 5542 1404 5616 συμπεριέχουσαν.
1482 5543 1496 5586 t
1526 5548 1634 5596 καὶ,
1712 5547 1728 5600 ι
1757 5547 2124 5621 ψυχαγωγοῖς.

2203 5550 2232 5593 Ιί
2261 5546 2352 5600 ατο
2361 5552 2539 5622 ιμετρή
2550 5564 2746 5607 σαντες.
