4088 6214
194 339 297 404 ⁵145

1467 321 1973 391 EPISTOLARUM
2016 333 2230 389 LIBER
2271 335 2311 389 Ῐ.

3458 345 3563 402 746

191 473 528 548 μερισάμενοι
570 470 664 530 τὰς
699 467 990 531 αἰσθήσεις,
1039 468 1128 517 καὶ
1181 466 1308 536 πρός
1356 464 1527 522 πάσας
1553 479 1790 532 παρατα·

1911 459 2158 516 divisum
2191 460 2571 527 abscindunt,
2601 465 2766 535 quod
2796 466 2873 521 ad
2917 466 3226 523 cumulum
3259 469 3561 528 malorum

191 563 401 635 ξάμενοι
437 560 617 617 καινὰς
645 557 895 629 μηχανὰς
924 558 1049 629 πρὸς
1079 554 1303 610 ἑκάστην
1354 551 1637 608 ἐπενόησαν
1679 548 1792 618 (ὀξὺ

191 654 295 724 γὰρ
323 649 394 711 εἰς
418 651 627 711 κακίαν,
660 653 792 700 Θεού
822 650 911 697 καὶ
956 644 1342 718 φιλανθρωπίας
1397 639 1755 714 ἀλλοτρίωσις)
1777 659 1789 671 ·

191 746 286 793 καὶ
338 737 631 811 ὀφθαλμούς
701 739 790 807 μεν
847 733 1121 806 ἐνέφραξαν
1155 755 1168 766 ·
1224 737 1275 784 τί
1314 734 1412 805 γὰρ
1466 731 1526 782 ἄν
1574 749 1656 790 τις
1707 733 1796 780 καὶ

193 835 332 884 εἴποι
365 845 379 896 ;
408 823 570 880 ἔπειθ’
603 825 663 876 ἂν
693 825 821 885 ὅλως
845 829 976 896 μήτε
1005 826 1147 886 τινάς
1175 822 1454 894 ἀνθρώπων
1484 821 1628 893 ὁρᾴν,
1659 814 1799 890 μηδε

195 917 426 992 βιϐλίοις
484 914 728 987 ἐνομιλεῖν
785 917 935 986 ἔχοι·
981 918 1072 965 καὶ
1124 912 1358 984 μάλιστα
1400 911 1473 971 οἷς
1522 913 1656 981 μέγα
1709 911 1798 958 καὶ

191 1015 399 1082 πρῶτον
438 1006 766 1078 παραμύθιον
797 1006 826 1062 ἡ
861 1001 1170 1074 ἀνάγνωσις.
1208 1007 1308 1054 Καὶ
1348 1003 1450 1073 γὰρ
1484 1004 1574 1050 καὶ
1603 1000 1798 1055 ταύτην

191 1097 313 1148 καθ’
360 1097 505 1166 ἡμῶν
553 1093 780 1152 ἀπάσαις
813 1090 1006 1163 ψήφοις
1049 1090 1324 1161 ἐξήνεγκαν
1354 1093 1447 1146 τὴν
1492 1086 1794 1159 ἀπόφασιν·

191 1183 360 1242 ἀκοήν
392 1179 452 1235 δὲ
480 1180 887 1234 συναπέκλεισαν
915 1201 928 1213 ·
971 1183 1090 1232 οὔτε
1138 1183 1239 1252 γάρ
1271 1187 1442 1252 φωνῆς
1492 1177 1792 1250 φιλούντων,

195 1272 310 1325 ἀλλ’
367 1268 493 1324 οὐδὲ
543 1270 746 1345 ἐχθρῶν
803 1269 888 1342 (Τί
938 1271 1036 1342 γὰρ
1106 1265 1189 1321 δεῖ
1260 1269 1422 1339 λέγειν
1443 1269 1482 1339 ;)
1547 1267 1800 1338 ἀναγινω-

197 1366 429 1414 σκόντων
488 1367 862 1433 συγχωροῦσιν
918 1357 1275 1418 ἑνωτίζεσθαι.
1359 1357 1496 1410 Ἀλλ’
1565 1358 1684 1409 ὅσον
1739 1358 1799 1426 γε

196 1451 274 1514 εἰς
349 1449 517 1502 αὐτῶν
587 1450 680 1507 ἧκε
752 1444 992 1507 σπουδήν
1044 1443 1167 1500 οὐδὲ
1213 1443 1443 1519 ᾀδόντων
1497 1454 1632 1516 Θεῷ,
1683 1440 1798 1497 οὐδ’

194 1540 383 1611 ὕμνοις
435 1538 888 1610 εύχαριστούντων
954 1535 1225 1608 ἀκούομεν.
1289 1533 1431 1588 Οὐδὲ
1498 1537 1598 1609 γὰρ
1675 1529 1800 1585 οὐδὲ

177 1649 320 1696 ,τινα
369 1624 486 1680 οὐδ’
517 1627 600 1680 ἐπὶ
649 1625 858 1701 βραχύ,
889 1623 1012 1678 οὐδὲ
1058 1634 1160 1678 τῶν
1217 1630 1433 1699 μετρίως
1487 1627 1616 1697 πρὸς
1662 1619 1800 1683 ὡδάς

195 1718 451 1790 ἐχόντων.
487 1716 580 1788 ("ﬂ
627 1722 717 1768 καὶ
771 1714 1048 1789 βαρϐάρων
1105 1721 1316 1788 γνώμας
1362 1719 1594 1774 νικώσης
1660 1715 1801 1785 ὠμό-

193 1828 359 1869 τητος
409 1808 448 1874 l)
518 1813 745 1858 συνεῖναι
809 1805 1112 1858 κατέλιπον·
1169 1804 1274 1856 ἀλλ’

193 1897 316 1950 ἀντὶ
395 1899 740 1969 μοναζόντων,
801 1893 912 1946 ἀντὶ
967 1894 1287 1966 ψαλλόντων,
1358 1894 1472 1946 ἀντὶ
1549 1892 1798 1964 ἀναγινω-

196 1993 430 2040 σκόντων
485 1990 574 2038 καὶ
626 1986 1048 2058 ὑπογραφόντων,
1097 1983 1210 2036 ἀντὶ
1268 1984 1424 2057 φίλων
1486 1990 1574 2036 καὶ
1644 1989 1800 2041 συνή-

194 2079 302 2130 θων
355 2077 454 2146 (οἷς
502 2079 570 2137 ὡς
607 2078 672 2127 τά
713 2074 875 2126 πολλά
930 2075 1065 2146 φιλεῖ
1115 2077 1145 2132 ἡ
1216 2083 1314 2126 τὼν
1392 2072 1636 2146 θλιϐερῶν
1701 2071 1800 2145 βα-

189 2170 365 2241 ρύτης
416 2164 890 2236 ἐπικουφίζεσθαι),
945 2162 1058 2215 ἀντὶ
1123 2165 1327 2216 πάντων
1394 2162 1583 2228 ἁπλῶς,
1644 2181 1799 2235 στρα-

190 2264 399 2309 τιωτῶν
480 2249 851 2319 κονστωδίαις,
949 2258 1040 2304 καὶ
1131 2260 1529 2324 στρατιωτικοῖς
1623 2251 1802 2324 λόχοις

194 2342 542 2417 ἐκδεδόμεθα.
629 2348 729 2396 Καὶ
808 2347 857 2394 τί
907 2338 989 2394 δεῖ
1035 2343 1150 2395 καθ’
1207 2344 1424 2395 ἕκαστον
1479 2341 1662 2412 λέγειν,
1710 2347 1799 2394 καὶ

196 2435 480 2498 ἐπιξαίνειν
529 2441 590 2506 τῇ
649 2437 825 2504 μνήμη
883 2435 1000 2491 τούς
1046 2431 1338 2504 μώλωπας;
1390 2431 1494 2482 ἀλλ’
1555 2432 1633 2482 ὃτι
1713 2435 1802 2503 μὲν

1131 2260 1529 2326 στρατιωτικοῖς

197 2528 378 2585 πάσας
429 2527 569 2596 ἡμῶν
630 2525 724 2584 τὰς
763 2521 1034 2582 αἰσθήσεις
1080 2526 1278 2597 μυρίων
1330 2530 1500 2573 κακῶν
1555 2520 1802 2583 ἐπινοίαις

201 2615 578 2686 ἐπετείχισαν·
613 2609 742 2684 μηδ’
773 2612 935 2670 αύτὴν
989 2615 1132 2684 ἡμῶν
1181 2617 1274 2670 τήν
1332 2611 1517 2684 ψυχὴν
1575 2613 1700 2683 (ὅσα
1745 2615 1803 2682 γὲ

201 2705 279 2767 εἷς
339 2704 506 2756 αὐτῶν
587 2705 714 2774 ἔργα
773 2703 1094 2774 κεχώρηκεν)
1169 2701 1436 2753 ἀκάκωτον
1519 2706 1805 2774 συγχωρή-

200 2813 405 2854 σαντες.
485 2792 694 2864 (Ἐργον
796 2791 1034 2844 ἁπάντων
1108 2793 1208 2844 ὃσα
1281 2794 1404 2853 Θεὸς
1492 2788 1801 2852 ἐϐδελύξατο

191 2886 520 2958 μιαρώτερόν
600 2901 650 2933 τε
710 2886 799 2934 καὶ
853 2882 1131 2954 ὠμότερον)
1189 2885 1363 2942 οἴκους
1435 2885 1563 2934 Θεοῦ
1640 2899 1802 2932 κατα-

191 2974 427 3036 λύοντες,
506 2973 752 3042 πτωχούς
837 2969 1136 3045 ἀναπήρους
1226 2975 1316 3022 καὶ
1397 2969 1797 3042 λελωϐημένους,

195 3061 290 3124 ούς
364 3062 514 3132 ἡμεῖς
581 3059 881 3132 ἱλαστήριον
937 3068 1036 3112 τῶν
1085 3061 1342 3133 ἡμετέρων
1408 3059 1798 3133 ἁμαρτημάτων

192 3150 636 3222 προστησάμεθα,
696 3156 791 3221 τῇς
846 3149 1035 3210 οἰκείας
1093 3148 1265 3210 ἑστίας
1321 3154 1411 3202 καὶ
1466 3150 1799 3210 ἀναπαύσεως

193 3239 540 3312 ἐξορίζοντες,
593 3243 683 3290 καὶ
724 3241 819 3300 τὰς
870 3239 1038 3290 αὐτῶν
1085 3239 1353 3313 ὑπάρξεις,
1407 3242 1472 3300 ὡς
1521 3240 1794 3312 πολεμίων,

194 3327 628 3400 διαμεριζόμενοι
698 3326 936 3398 λάφυρα·
993 3332 1082 3380 καὶ
1163 3329 1484 3403 θεραπόντων
1603 3332 1796 3404 σάρκας

191 3421 400 3490 νεύροις
453 3415 774 3486 κατέκοψαν·
827 3419 894 3479 ὡς
948 3414 1019 3469 δι’
1066 3417 1184 3469 ὅλου
1251 3427 1343 3470 τοῦ
1408 3424 1669 3492 σώματος,
1733 3426 1794 3490 τῇ

194 3507 362 3579 πολλῇ
411 3515 511 3558 τῶν
579 3510 852 3578 μαστίγων
897 3507 1036 3580 ῥύμη
1098 3504 1376 3582 χαράδρας
1439 3508 1797 3582 ἐναπεργάσα-

197 3599 368 3652 σθαι·
434 3597 516 3648 ἶνα
563 3599 767 3667 χρυσὸν
819 3601 908 3648 καὶ
963 3597 1188 3671 ἄργυρον
1241 3599 1294 3650 ὃν
1352 3597 1793 3671 ἐθησαυρίσαμεν,

195 3689 256 3740 ὃν
316 3682 434 3739 οὐδ’
482 3689 602 3758 ὄναρ
651 3681 767 3737 ἴδον
813 3687 860 3736 οἱ
907 3685 1099 3752 οῐθλιοι,
1160 3686 1518 3760 ἐκμηνύσωσι.
1581 3689 1796 3742 Καίτοι

197 3779 520 3850 σαφέστερον
579 3774 729 3827 αὐτοὶ
775 3783 873 3826 τῶν
921 3775 1083 3827 ἄλλων
1139 3779 1187 3828 οἱ
1234 3777 1534 3838 κολάζοντες
1579 3774 1793 3842 εἰδότες,

196 3870 271 3930 ὡς
314 3867 468 3938 ἡμεῖς
518 3863 595 3917 ἀεὶ
646 3866 774 3940 πρὸς
811 3869 1070 3938 χρήματα
1122 3862 1516 3938 διεϐεϐλήμεθα.
1563 3872 1661 3918 Καὶ
1691 3867 1795 3937 οὐχ

193 3956 363 4015 οὕτως
411 3953 592 4006 ἐκεῖνοι
631 3952 962 4029 φιλάργυροι,
1008 3956 1074 4016 ὡς
1129 3956 1286 4028 ἡμᾶς,
1337 3957 1367 4013 ἡ
1410 3958 1600 4007 τούτων
1645 3957 1798 4029 ύπερ-

194 4045 352 4116 οψία,
384 4041 536 4096 ούδὶν
577 4041 763 4114 ἄλογον
817 4044 983 4094 αὐτῶν
1035 4044 1180 4096 ἕνεκα
1237 4041 1488 4097 οὐδέποτε
1533 4045 1800 4096 ποιεῖσθαι

191 4137 291 4209 (μή
353 4137 404 4184 τί
469 4149 530 4204 γε
605 4133 966 4206 θησαυρίζειν)
1046 4134 1461 4208 παρεσκεύαζεν·
1517 4133 1624 4185 ἀλλ’
1677 4135 1798 4206 ὅπερ

197 4225 347 4285 ἣλιος
391 4222 630 4294 ἀνίσχων
678 4221 814 4294 ἑώρα
859 4223 912 4294 (ἡ
979 4231 1080 4274 τῶν
1131 4225 1519 4299 ἐπηρεαζόντων
1569 4221 1627 4276 δὲ
1679 4224 1801 4276 πολ-

193 4313 346 4373 λάκις
371 4310 573 4382 ἀνάγκη
618 4313 817 4363 καὶτὸν
846 4321 942 4373 τῆς
985 4311 1171 4387 ἀρετῆς
1223 4310 1548 4366 διδάσκαλον
1605 4314 1802 4366 Παῦλον

195 4403 270 4464 εἰς
300 4407 525 4454 τοιαῦτα
554 4398 880 4463 ἐξεϐιϐάζετο
907 4401 1165 4476 ῥήματα).
1223 4409 1387 4456 Τοῦτο
1444 4413 1538 4466 τῆς
1584 4406 1798 4477 ἡμέρας,

1904 549 2302 606 tristissimum
2331 552 2578 618 accedit,
2617 553 2762 609 dum
2793 556 3032 612 famulis
3065 563 3118 614 et
3144 557 3434 615 ministris
3462 576 3559 618 me

1905 639 2161 710 privant,
2211 647 2536 714 postquam
2588 643 2648 699 in
2695 646 3063 716 ergastulum
3115 648 3562 715 concluserunt,

1908 730 2194 799 appositis
2210 731 2584 798 custodibus,
2602 734 2702 805 qui
2717 734 3098 793 circumstent
3113 737 3401 810 undique:
3423 739 3561 797 ideo

1907 817 2129 874 scilicet
2148 835 2222 874 ne
2251 819 2395 875 mihi
2419 821 2609 888 liceat,
2639 824 2688 877 si
2711 824 2972 880 maxime
2990 827 3252 897 cupiam,
3274 828 3560 886 miseram

1909 924 2110 964 meam
2141 914 2363 966 sortem
2381 909 2722 982 deplorare:
2751 929 2824 970 ne
2850 930 2956 986 per
2978 915 3256 972 rimulam
3287 918 3560 990 aliquam

1908 997 1999 1053 vel
2013 998 2306 1055 tantillum
2326 1016 2420 1055 me
2437 1001 2745 1074 adreperet
2767 1003 3193 1062 misericordiae
3210 1006 3288 1062 ab
3305 1007 3561 1078 alicujus

1910 1103 2180 1143 sermone
2213 1088 2302 1143 vel
2329 1089 2580 1145 actione.
2612 1091 2763 1155 Quin
2790 1092 2938 1148 dum
2964 1093 3323 1165 multiplices
3355 1095 3565 1151 mortis

1911 1178 2132 1247 species
2165 1181 2521 1249 excogitant,
2552 1180 2708 1236 fame
2732 1197 2827 1237 me
2856 1182 2974 1254 (me
3000 1183 3310 1253 miserum)
3334 1183 3568 1239 divino-

1910 1281 2045 1322 rum
2071 1267 2476 1334 oraculorum,
2509 1274 2566 1324 et
2605 1271 3022 1343 cujuscunque
3067 1271 3308 1328 alterius
3345 1272 3565 1328 affatus

1911 1362 2308 1426 peremerunt.
2335 1360 2449 1413 Nec
2475 1364 2712 1415 cessant
2742 1359 2940 1416 adhuc
2965 1361 3371 1432 multiplicatis
3405 1361 3566 1418 mala.

1911 1444 2364 1518 circumsepire:
2383 1463 2630 1504 sensum
2648 1448 2794 1504 mihi
2808 1465 3050 1505 omnem
3065 1450 3364 1506 divulsum
3385 1467 3564 1523 expe-

1909 1539 2234 1600 ctorarunt,
2257 1543 2314 1593 et
2337 1537 2618 1593 adversus
2639 1553 2847 1594 eorum
2869 1539 3140 1608 singulos
3157 1556 3315 1597 nova
3337 1540 3564 1597 machi-

1910 1630 2330 1682 namentorum
2350 1643 2588 1696 genera,
2607 1644 2679 1683 ex
2700 1628 2957 1684 adverso
2974 1629 3300 1695 constituti,
3325 1629 3565 1684 adinve-

1910 1719 2125 1770 nerunt
2163 1731 2306 1772 nam
2344 1717 2418 1772 ad
2459 1716 2960 1773 malefaciendum
3002 1717 3220 1774 celeres
3261 1723 3420 1783 sunt,
3463 1718 3566 1791 qui

1353 1803 1464 1856 ἀντὶ
1519 1803 1795 1877 κληρικῶν,

1911 1809 2049 1860 sunt
2077 1821 2110 1860 a
2144 1806 2261 1861 Deo
2291 1811 2347 1862 et
2375 1806 2742 1863 humanitate
2789 1807 3016 1878 alieni),
3047 1812 3104 1864 et
3133 1809 3210 1864 ad
3245 1812 3565 1880 utrumque

1909 1892 2648 1950 sibioculosoccluserunt.
2673 1893 2830 1960 Quid
2864 1896 3022 1950 enim
3055 1895 3218 1950 aliud
3233 1895 3558 1950 dicendum

1909 1988 2090 2038 restat
2115 1984 2144 2036 ?
2168 2000 2304 2038 cum
2325 1999 2432 2038 nec
2455 1984 2769 2039 hominum
2793 1984 3054 2054 aliquem
3077 1984 3261 2040 libere
3283 1983 3459 2039 liceat
3479 1984 3570 2038 in-

1911 2071 2079 2136 tueri,
2111 2087 2217 2126 nec
2238 2088 2375 2127 cum
2399 2071 2564 2127 libris
2591 2072 3018 2127 commercium
3045 2072 3288 2143 habere,
3321 2087 3567 2142 praeser-

1914 2160 2011 2213 tim
2040 2158 2108 2213 iis
2133 2160 2233 2231 qui
2269 2161 2595 2215 maximum
2625 2161 2892 2216 solamen
2925 2165 2978 2214 et
3007 2159 3340 2232 principale
3363 2160 3568 2230 legen-

1914 2247 2072 2303 tibus
2105 2254 2352 2320 possunt
2382 2249 2781 2320 suppeditare.
2815 2251 2975 2304 Hanc
3002 2249 3084 2304 illi
3116 2249 3177 2304 in
3208 2265 3306 2306 me
3335 2254 3568 2305 senten-

1913 2336 2054 2392 tiam
2099 2338 2171 2392 de
2223 2337 2483 2408 generali
2536 2337 2807 2409 ipsorum
2857 2353 3106 2394 assensu
3156 2342 3214 2394 et
3262 2354 3567 2395 consensu

1912 2425 2186 2481 tulerunt.
2215 2434 2399 2481 Aures
2427 2431 2628 2482 autem
2649 2427 3005 2483 obturarunt
3030 2442 3228 2484 meas:
3257 2442 3380 2484 non
3405 2428 3569 2485 enim

1912 2515 2233 2571 admittunt
2264 2521 2326 2571 ut
2355 2532 2659 2572 sermones
2687 2518 3039 2586 amicorum,
3070 2533 3146 2574 ne
3183 2517 3565 2575 inimicorum

1911 2605 2158 2675 quidem
2187 2620 2358 2659 voces
2411 2605 2658 2661 auribus
2713 2605 2933 2662 nostris
2988 2607 3267 2663 insonare
3311 2606 3566 2679 possint.

1913 2694 2066 2760 Quid
2092 2695 2254 2750 aliud
2281 2694 2528 2752 afferam
2551 2697 2578 2751 ?
2607 2713 2791 2770 quam
2818 2696 2998 2770 quod,
3021 2703 3316 2769 quantum
3343 2698 3402 2753 in
3424 2699 3570 2770 ipsis

1913 2790 2020 2850 est,
2062 2801 2166 2841 nec
2199 2786 2318 2842 Deo
2363 2786 2621 2858 hymnos
2675 2788 3056 2844 concinentes
3097 2803 3206 2843 nec
3249 2787 3570 2844 laudantes

1913 2880 2011 2930 aut
2031 2876 2249 2945 gratias
2262 2881 2506 2946 agentes
2519 2877 2818 2932 audimus.
2841 2879 2968 2932 Non
2983 2877 3141 2932 enim
3163 2877 3310 2932 mihi
3334 2877 3570 2948 permit—

1914 2969 2040 3021 tunt
2065 2983 2200 3021 eum
2237 2965 2830 3042 aliquo‘conversari,
2863 2982 2938 3022 ne
2967 2966 3207 3036 quidem
3234 2967 3311 3022 ad
3343 2967 3564 3022 brevis-

1913 3054 2133 3110 simum
2165 3060 2394 3128 tempus
2424 3056 2526 3128 qui
2559 3055 2645 3110 vel
2675 3054 2974 3111 modicam
3008 3055 3260 3110 canendi
3296 3055 3567 3127 peritiam

1913 3144 2157 3212 habent,
2187 3145 2338 3201 adeo
2370 3146 2428 3200 in
2462 3162 2571 3202 sua
2592 3145 2932 3200 crudelitate
2963 3160 3205 3200 omnem
3225 3144 3568 3201 barbariem

1912 3234 2450 3306 exsuperantlsed
2502 3235 2849 3290 clericorum
2897 3234 3049 3300 loco,
3100 3234 3562 3298 monachorum,

1911 3324 2292 3396 psallentium
2320 3329 2375 3380 et
2403 3324 2745 3394 legentium,
2776 3323 3278 3379 subscribentium
3307 3322 3527 3380 dictata
3551 3339 3567 3390 ;

1913 3430 2021 3487 pro
2042 3416 2252 3470 amicis
2268 3420 2325 3470 et
2338 3415 2770 3486 consuetis,per
2785 3429 2938 3486 quos
2957 3412 3309 3484 plerumque
3327 3412 3573 3468 calami-

1912 3509 2178 3561 tosorum
2213 3503 2509 3560 tribulatio
2536 3503 2681 3559 solet
2713 3502 2998 3568 alleviari,
3029 3518 3136 3573 pro
3167 3503 3478 3571 omnibus,
3508 3507 3569 3559 ut

1911 3611 2027 3650 uno
2049 3596 2228 3650 verbo
2250 3595 2469 3660 dicam,
2497 3594 2750 3649 militum
2773 3591 3062 3648 custodiis
3083 3599 3138 3647 et
3158 3591 3365 3647 turmis
3386 3591 3572 3648 vincti

1911 3684 2224 3740 tradimur.
2249 3685 2402 3750 Quid
2429 3701 2581 3756 opus
2611 3682 2910 3752 sigillatim
2944 3697 3321 3753 percensere,
3355 3687 3460 3738 aut
3489 3681 3572 3736 vi-

1908 3773 2070 3828 bices
2103 3774 2494 3830 memorando
2534 3771 2856 3828 refricare?
2893 3771 3182 3841 Profecto,
3217 3786 3428 3827 omnes
3467 3785 3578 3827 no.

1911 3869 2067 3920 stros
2093 3880 2304 3918 sensus
2338 3865 2823 3916 innumemorum
2853 3859 3150 3914 malorum
3180 3858 3432 3914 inventis
3465 3859 3574 3914 cir-

1911 3943 2350 4009 cumvallarunt
2363 3966 2378 4004 :
2393 3964 2502 4004 nec
2516 3948 2784 4003 animam
2797 3945 3042 4018 quidem
3055 3947 3572 4018 ipsam,quantum

1913 4057 2015 4115 per
2039 4042 2312 4113 ipsorum
2343 4054 2526 4110 opera
2552 4037 2728 4100 stetit,
2762 4035 3095 4091 immunem
3125 4035 3202 4091 ab
3232 4035 3363 4091 istis
3397 4034 3572 4091 malis

1911 4146 2040 4186 esse
2071 4130 2395 4202 patiuntur.
2423 4126 2644 4200 Ecquid
2669 4124 2930 4181 estinter
2951 4124 3159 4180 omnia
3181 4140 3316 4195 quas
3343 4124 3572 4179 abomi~

1912 4225 2092 4276 natur
2119 4220 2295 4285 Deus,
2346 4215 2766 4274 detestandum
2801 4214 3014 4284 magis,
3047 4219 3105 4270 et
3132 4212 3567 4272 truculentius:

1913 4308 2146 4368 divinas
2199 4307 2359 4365 mdes
2422 4306 2872 4362 demoliuntur:
2924 4304 3249 4367 mendicos,
3309 4302 3569 4367 mutilos,

1915 4401 2202 4459 membris
2241 4399 2607 4464 decurtatos,
2652 4410 2806 4468 quos
2846 4394 2922 4450 ad
2958 4392 3339 4466 propitianda
3369 4396 3572 4448 nostra

194 4496 290 4545 καὶ
328 4490 564 4563 μάλιστα
622 4498 718 4550 τῆς
766 4496 950 4552 νυκτὸς
995 4492 1020 4542 ό
1065 4495 1242 4566 καιρὸς
1303 4493 1528 4566 ἐξεφόρει
1580 4511 1653 4557 τε,
1713 4497 1799 4544 καὶ

1914 4496 2163 4565 peccata
2181 4488 2701 4548 constitueramus,
2729 4483 2803 4540 de
2834 4483 3090 4556 propriis
3117 4482 3389 4554 ipsorum
3421 4481 3572 4536 sedi-

198 4579 591 4655 ἀπεφορτίζετο.
626 4577 762 4633 Ἀλλ’
803 4580 942 4652 ὅμως
995 4589 1161 4634 ταῦτα
1201 4590 1301 4634 τῶν
1347 4585 1550 4635 πάντων
1595 4580 1805 4644 οὐδενός

196 4670 414 4724 ἔλαττον
481 4664 696 4734 εἰδότες,
760 4667 1111 4743 ἐκρεούργουν,
1193 4671 1509 4744 ἐμάστιζον·
1560 4671 1665 4745 οὐχ
1725 4673 1806 4724 ἱνα

197 4779 255 4813 τε
296 4759 366 4810 ὧν
424 4755 732 4810 ἐπλάττοντο
792 4762 964 4821 ζητεῖν
1027 4762 1266 4831 εύρῶσιν,
1301 4762 1344 4814 εἰ
1399 4767 1470 4835 μὴ
1515 4767 1603 4815 καὶ
1649 4770 1803 4815 τοῦτο

196 4852 688 4922 προσεκμεμήνασι,
759 4847 933 4908 ζητεῖν
998 4852 1158 4924 εὑρεῖν
1215 4852 1344 4927 οἷπερ
1433 4855 1614 4906 ίσασιν
1695 4853 1800 4924 οὐχ

196 4941 534 5012 ὑπάρχοντα,
592 4935 697 4988 ἀλλ’
748 4939 830 4990 ἵνα
866 4937 1099 4992 κάκεῖθεν
1161 4943 1300 5014 ἡμᾶς
1372 4941 1652 5006 ἀνιάσωσι,
1715 4948 1806 4995 καὶ

197 5024 408 5101 μηδένα
453 5031 642 5100 τρόπον
696 5034 1034 5102 κακουργίας,
1071 5033 1125 5083 ὃν
1178 5034 1302 5104 ἡμῖν
1361 5033 1418 5084 ού
1470 5034 1800 5109 προσάξωσι,

196 5115 615 5191 παραλείψωσιν.
663 5116 798 5170 Ἀλλ’
843 5120 922 5171 ὅτι
970 5123 1059 5192 μὲν
1099 5130 1264 5174 ταῦτα
1312 5128 1402 5175 καὶ
1458 5133 1551 5175 τῶν
1602 5125 1803 5195 εἰρημέ-

194 5228 293 5258 νων
339 5205 469 5257 πολὺ
521 5205 748 5272 πλείονα,
782 5207 900 5260 καθ’
932 5210 1077 5282 ἡμῶν
1127 5213 1152 5262 ὁ
1184 5215 1490 5277 Σατανάς›ἣ
1535 5214 1628 5266 οὐκ
1680 5211 1802 5266 οἶδα

197 5297 224 5348 ὃ
251 5316 306 5348 τι
335 5300 426 5348 καὶ
477 5298 624 5362 εἴπω,
667 5295 980 5364 ἐξητήσατο,
1009 5305 1096 5352 καὶ
1148 5306 1351 5363 τούτοις
1401 5305 1551 5374 ἡμεῖς
1599 5323 1802 5376 περιαν-

194 5385 461 5458 τλούμεθα
533 5385 625 5437 ούκ
697 5385 756 5438 ἂν
827 5386 1128 5461 ἀρνηθείην·
1186 5393 1264 5444 ὅτι
1345 5389 1403 5444 δὲ
1463 5403 1558 5444 τῶν
1613 5403 1800 5465 φρενῶν

198 5476 338 5548 ἡμᾶς
377 5476 408 5532 ἡ
458 5478 690 5533 τοσαύτη
725 5473 897 5530 ’κακία
940 5478 1202 5547 ἐξέστησε,
1249 5501 1338 5534 και
1386 5483 1531 5534 θείων
1589 5481 1801 5535 ἐντολῶν

198 5564 492 5639 ὑπερόπτας
546 5562 830 5632 ἀπετελεσε,
891 5573 979 5621 καὶ
1050 5573 1248 5632 κοινοὺς
1301 5567 1564 5644 προδότας
1625 5572 1802 5647 εἰργά-

201 5672 352 5727 σατο,
381 5652 478 5706 οὐκ
505 5649 631 5708 οἶδα
649 5653 760 5708 ἀνθ’
791 5657 910 5710 ὅτου
949 5661 1029 5722 τίς
1081 5662 1222 5734 ἡμᾶς
1267 5660 1566 5736 αἰτιώμενος
1615 5669 1799 5730 ταῦτα,

491 5764 731 5821 Ρλτιιοι..
760 5765 862 5822 Gn.
897 5765 1005 5822 Cll.

1914 4583 2029 4639 bus
2050 4586 2106 4637 et
2125 4579 2321 4653 quiete
2337 4577 2744 4640 exturbarunt,
2768 4578 2823 4629 et
2838 4588 3048 4628 eorum
3073 4571 3374 4627 ustensilia
3392 4575 3571 4640 atque

1917 4668 2341 4744 supellectilem
2385 4672 2674 4738 tanquam
2724 4662 2915 4734 spolia
2965 4660 3040 4716 de
3067 4659 3344 4716 hostibus
3395 4663 3575 4729 capta

1915 4761 2374 4817 distribuerunt:
2392 4755 2583 4811 nervis
2597 4767 2905 4808 servorum
2925 4765 3134 4805 carnes
3153 4748 3569 4814 conciderunt;

1915 4853 1997 4910 ita
2027 4857 2089 4908 ut
2126 4865 2232 4922 per
2267 4852 2455 4903 totum
2489 4859 2709 4915 corpus
2741 4845 2979 4912 pr0pter
3007 4839 3338 4908 ﬂagrorum
3378 4837 3572 4893 incus-

1917 4943 2134 5006 siones,
2151 4937 2459 4995 charadrm
2475 4929 2926 5003 velutquaadam
2945 4928 3333 4983 ducerentur:
3351 4929 3411 4983 in
3432 4943 3572 4984 eum

1916 5034 2097 5088 tinem
2153 5035 2216 5086 ut
2265 5025 2551 5083 indicium
2608 5022 2883 5088 facerent,
2919 5017 3048 5074 auri
3099 5016 3323 5073 scilicet
3375 5022 3434 5073 et
3482 5035 3574 5075 ar-

1915 5122 2096 5193 genti,
2113 5135 2248 5193 qua's
2265 5133 2356 5172 me
2373 5111 2710 5187 reposuisse
2728 5108 2824 5165 afﬁ
2835 5107 3114 5163 rmabant
3132 5123 3144 5162 ι
3164 5106 3330 5179 quod
3347 5105 3572 5164 factum

1914 5226 2229 5284 nunquam
2268 5206 2523 5280 probare
2555 5205 2826 5274 possunt,
2861 5202 2916 5254 et
2949 5204 3148 5254 tamen
3190 5213 3378 5253 caesos
3410 5205 3571 5255 certo

1911 5303 2127 5358 certius
2179 5298 2240 5354 id
2291 5294 2606 5352 resciscere
2659 5287 3177 5362 pronuntiabant:
3223 5288 3306 5344 ita
3337 5303 3573 5360 semper

1910 5392 1984 5447 de
2033 5387 2286 5464 pecunia
2336 5383 2596 5458 reposita
2647 5395 2743 5436 me
2778 5382 3084 5434 accusant.
3137 5380 3250 5433 Nec
3292 5383 3429 5433 sunt
3459 5372 3573 5449 ipsi

1911 5480 2304 5555 pecuniarum
2334 5475 2414 5530 ita
2435 5472 2592 5530 avidi
2613 5485 2799 5543 quam
2827 5484 2942 5524 nos
2971 5472 3436 5540 contemptores,
3467 5467 3572 5538 qui

1912 5584 2229 5643 nunquam
2273 5566 2556 5622 hactenus
2593 5559 2796 5617 induci
2850 5557 3178 5631 potuimus,
3242 5561 3303 5613 ut
3341 5555 3572 5628 aliquid

1912 5666 2120 5720 contra
2143 5661 2367 5718 rectam
2395 5654 2688 5714 rationem
2718 5649 3117 5724 pecuniarum
3139 5662 3329 5704 causa
3351 5645 3569 5701 facere-

3181 5754 3253 5810 24

4045 106 4047 140 Ι

4045 153 4047 192 Ι

4045 336 4049 456 Ι

4049 564 4051 586 |

4049 593 4051 621 Ι
