4088 6214
575 314 684 376 747
1797 311 1984 373 ΡΗΟΤ
1987 315 2036 372 ΙΙ
2066 313 2550 373 ΡΑΤΗΙΑΗΟΗᾹΞ
2573 316 2688 375 CP.
2819 371 2822 374 .
3797 322 3875 382 748

573 459 731 510 mus,
754 444 981 502 nedum
1005 449 1067 503 ut
1086 443 1214 504 illas
1241 443 1800 504 thesaurizaremus.
1828 442 1942 497 Sed
1965 443 2123 515 quod
2146 461 2208 498 so

2345 443 2402 495 οὐ
2464 440 2808 519 σφοδρότερον
2861 449 2979 500 καθ’
3045 448 3192 520 ἡμῶν
3252 455 3410 516 πνεῖν,
3467 453 3495 507 ἦ
3558 451 3604 500 οἱ
3655 460 3878 523 προφανής

573 532 849 590 exoriens
877 533 1218 592 intuebatur
1244 534 1409 608 (nam
1437 530 1867 588 malevolorum
1895 530 2107 586 infesta
2135 546 2206 586 ne

2343 531 2528 604 ἐχθροὶ
2557 534 2651 586 οὐκ
2672 531 2732 585 ἂν
2761 538 3315 609 συνανομολοφὴσειεν.

571 622 780 695 quitia,
825 624 1238 680 necessitatem
1282 622 1376 679 vel
1414 622 1590 678 beato
1633 620 1818 676 Paulo
1864 619 2091 676 virtutis
2134 621 2361 678 doctori
2407 624 2703 678 interdum
2754 625 3042 696 imposuit
3089 629 3164 683 ad
3200 627 3376 684 verba
3414 627 3879 701 ejusrnodiprole-

571 711 805 784 renda),
832 711 945 768 hoc
966 713 1161 785 ipsum
1189 711 1406 783 diurni,
1435 709 1645 767 saltem
1672 710 1947 766 nocturni
1987 710 2262 782 temporis
2289 712 2703 783 opportunitas
2735 713 3082 786 ebajulavit,
3117 722 3172 772 et
3204 722 3264 771 ut
3289 733 3441 771 onus
3470 717 3791 788 impositum
3808 735 3879 773 ex-

571 801 849 872 portavit.
883 802 1041 858 Istud
1071 807 1271 859 autem
1321 817 1457 858 cum
1503 815 1624 856 non
1665 798 1866 854 minus
1917 798 1997 854 illi
2027 815 2210 872 quam
2240 798 2337 854 alii
2362 800 2739 865 resciverant,
2793 810 2988 858 tamen
3023 822 3233 860 carnes
3285 805 3676 872 conciderunt,
3719 806 3880 878 ﬂagris

569 887 806 945 intentis
863 889 1282 947 lancinabant:
1318 905 1439 947 non
1473 894 1535 945 ut
1561 887 1786 961 aliquid
1839 903 2044 943 eorum
2087 904 2222 960 quae
2259 905 2322 942 se
2363 905 2632 961 quaerere
2682 890 3010 962 ﬁngebant,
3056 893 3385 949 invenirent
3417 895 3552 964 (nisi
3587 894 3805 950 forsitan
3841 902 3882 951 et

569 991 641 1034 eo
664 980 1044 1050 proruperint
1088 979 1337 1036 insaniae
1370 984 1434 1034 ut
1461 977 1561 1034 illa
1605 993 1666 1033 se
1696 992 2076 1049 conqumrere
2123 977 2436 1046 ﬁngerent,
2466 993 2602 1050 quae
2635 995 2753 1035 non
2782 982 3139 1049 ignorabant
3179 991 3414 1038 exstare
3456 988 3777 1055 nusquam),
3801 984 3881 1038 sed

568 1071 633 1122 ut
659 1065 736 1122 ab
773 1067 888 1124 hac
915 1068 1094 1125 etiam
1125 1073 1293 1140 parte
1321 1068 1499 1124 nobis
1545 1067 1847 1122 inurerent
1889 1065 2158 1121 dolorem
2191 1083 2204 1121 :
2239 1081 2348 1121 nec
2379 1067 2646 1139 aliquam
2690 1071 2968 1142 nequitia:
3012 1073 3305 1127 rationem
3347 1072 3694 1136 omitterent,
3733 1089 3880 1144 quam

562 1153 624 1210 in
655 1170 766 1211 nos
793 1155 1007 1216 inferre
1063 1161 1328 1230 possent.
1385 1157 1602 1213 Verum
1653 1155 1817 1227 quod
1854 1155 1968 1210 ista
2007 1154 2154 1210 dum
2185 1159 2240 1210 et
2270 1154 2387 1211 alia
2425 1156 2743 1213 innumera
2792 1165 2998 1214 contra
3038 1176 3150 1216 nos
3207 1161 3580 1217 machinatus
3619 1162 3692 1216 sit
3717 1163 3880 1228 Satan,

565 1259 686 1300 non
717 1243 894 1317 plane
924 1245 1224 1318 intelligo;
1249 1246 1353 1302 sed
1385 1245 1669 1318 profecto,
1701 1243 1863 1316 quod
1900 1243 1978 1300 ab
2005 1243 2132 1299 istis
2165 1243 2574 1310 exhaurimur,
2607 1246 2772 1302 haud
2805 1250 3166 1320 negaverim.
3209 1250 3320 1305 Sed
3361 1249 3526 1322 quod
3558 1249 3678 1305 haec
3699 1249 3884 1321 impro-

561 1332 718 1390 bitas
748 1334 832 1402 de
853 1337 1066 1391 mentis
1097 1352 1247 1392 meae
1282 1340 1437 1391 statu
1484 1349 1580 1390 me
1613 1333 1950 1399 dimoverit,
2002 1337 2105 1389 aut
2140 1332 2433 1404 redegerit
2477 1333 2555 1390 ad
2599 1335 2978 1392 oraculorum
3021 1337 3358 1394 divinorum
3401 1343 3813 1408 contemptum,
3841 1354 3883 1402 et

564 1435 773 1478 eorum
799 1423 1136 1496 proditione
1184 1440 1279 1480 me
1309 1423 1702 1487 infamaverit,
1735 1423 2059 1478 concedere
2090 1437 2209 1477 non
2247 1437 2496 1494 possum
2529 1439 2541 1478 :
2578 1428 2641 1479 ut
2686 1432 3001 1498 eapropter
3042 1427 3304 1484 hostium
3333 1443 3599 1483 meorum
3648 1427 3884 1483 infensis-

564 1511 698 1568 simi
725 1529 820 1568 me
845 1512 1137 1578 aﬁlarent,
1171 1518 1223 1570 et
1252 1513 1313 1569 in
1343 1529 1410 1570 os
1436 1517 1639 1584 aperte
1669 1512 2090 1583 oggannirent.

637 1601 738 1658 Sin
768 1602 1069 1674 quispiam
1113 1619 1273 1669 vero,
1323 1601 1418 1658 his
1453 1601 1676 1657 talibus
1719 1600 1959 1666 auditis,
1991 1600 2208 1672 pudore

2401 1597 2546 1654 Εἰδέ
2593 1621 2666 1664 τις
2717 1611 2885 1656 ταῦτα
2914 1603 3114 1656 ἁκούων
3154 1603 3369 1678 ἐρυθριᾷ
3407 1610 3496 1658 καὶ
3547 1603 3774 1670 ἀνανεύει,
3813 1608 3884 1656 καὶ

564 1690 940 1758 suﬂunditur,
961 1691 1148 1763 erigat
1161 1708 1222 1748 se
1240 1690 1700 1764 aliquantulum,
1731 1695 1784 1745 et
1802 1693 2069 1760 emergat
2085 1689 2220 1744 inde

562 1793 670 1834 nec
695 1778 807 1836 tale
836 1779 1169 1852 quidquam
1199 1797 1260 1836 se
1276 1786 1484 1836 contra
1505 1794 1615 1835 nos
1639 1785 2012 1850 perpetrasse
2036 1777 2217 1842 dicat,

563 1868 668 1924 sed
697 1884 806 1924 nec
834 1869 1192 1940 cogitatione
1222 1870 1484 1939 agitasse
1506 1869 1647 1924 olim
1678 1887 1690 1936 ;
1715 1868 1798 1922 sic
1823 1867 1981 1921 enim
2007 1871 2220 1922 natura

563 1965 946 2030 comparatur
975 1963 1311 2031 peccatum,
1347 1963 1412 2014 ut
1450 1975 1586 2013 cum
1631 1973 1736 2030 per
1757 1956 1976 2027 justam
2023 1970 2219 2027 repre-

557 2044 911 2104 hensionem
949 2047 1306 2111 denudetur,
1348 2047 1545 2118 magis
1585 2046 1800 2118 majori
1832 2043 2217 2100 immodestia

557 2150 741 2208 quam
765 2136 929 2210 prius
947 2153 1013 2194 se
1043 2137 1300 2194 venditet
1325 2154 1340 2204 ;
1365 2153 1475 2193 nec
1501 2135 1742 2210 quidem
1775 2152 1810 2190 a
1841 2140 2084 2206 parente
2107 2148 2216 2189 suo

557 2239 670 2297 pro
698 2231 872 2298 partu
901 2227 1160 2298 genuino
1200 2231 1584 2296 agnoscatur,
1637 2224 1740 2280 sed
1793 2230 1856 2278 ut
1893 2223 2130 2294 spurius
2160 2227 2216 2278 et

557 2315 956 2372 exsecrandus
973 2315 1146 2372 foetus
1167 2315 1359 2372 oculis
1377 2319 1830 2388 repraesentetur
1854 2329 1866 2367 :
1895 2311 2211 2383 praecipue,

561 2409 728 2481 siper
738 2409 1112 2466 conscientiae
1129 2407 1422 2475 stimulos,
1445 2423 1627 2479 quam
1645 2407 1943 2477 sapienter
1965 2405 2214 2460 omnino

555 2511 758 2554 rerum
787 2496 1074 2556 Conditor
1103 2504 1328 2554 natura:
1359 2504 1576 2553 nostrae
1605 2495 1870 2558 inseruit,
1903 2494 1980 2548 ad
2012 2509 2210 2549 rerum

557 2587 894 2643 contuitum
933 2586 1307 2657 agendarum
1355 2587 1660 2642 excitetur.
1709 2584 1880 2649 Quod
1916 2584 1964 2638 si
2008 2589 2208 2638 autem

557 2679 876 2748 eapropter
901 2674 1049 2732 nihil
1072 2675 1186 2732 tale
1216 2691 1278 2732 se
1308 2675 1371 2731 in
1412 2674 1683 2732 animum
1711 2673 2024 2728 admisisse
2072 2688 2212 2728 con-
2241 2673 2246 2678 ’

557 2763 808 2822 tendant
834 2780 848 2832 ;
872 2764 977 2820 sed
998 2763 1166 2838 quod
1177 2763 1428 2830 videtur,
1451 2779 1554 2819 eos
1573 2763 1675 2836 qui
1697 2761 1998 2834 ejusmodi
2025 2767 2211 2817 atten-

558 2857 679 2911 tent
709 2855 771 2909 in
801 2857 1001 2926 partes
1045 2851 1376 2910 amandent
1415 2851 1850 2908 remotissimas
1881 2867 2017 2906 cum
2065 2849 2210 2906 diris

2330 1687 2634 1759 ἀναδύεται,
2686 1698 2774 1746 καὶ
2804 1699 3006 1765 μήποτε
3032 1692 3091 1746 ἂν
3142 1703 3372 1748 τοιοῦτον
3404 1695 3562 1748 εἰπεῖν
3614 1695 3721 1746 καθ’
3746 1697 3882 1766 ἡμῶν,

2329 1777 2458 1851 μηδ’
2481 1781 2563 1833 ἐπὶ
2588 1789 2705 1833 νοῦν
2735 1781 2905 1835 λαϐεῖν
2931 1804 2944 1816 ο
2987 1788 3178 1856 πέφυκε
3203 1787 3302 1859 γὰρ
3360 1784 3662 1857 ἁμάρτημα,
3702 1781 3882 1836 δικαίων

2327 1868 2490 1940 λόγων
2531 1869 2763 1942 ἐλέγχοις
2795 1871 3266 1944 ἀπογυμνούμενον,
3311 1871 3758 1947 ἀσχημονέστερον
3780 1873 3881 1944 μάλ.

2327 1958 2410 2011 λον
2441 1959 2470 2018 ἢ
2499 1964 2742 2035 πρότερον
2772 1965 3202 2034 καταφαίνεσθαι,
3241 1965 3375 2016 ὥστε
3406 1961 3538 2035 μηδ’
3571 1965 3703 2033 αὐτῷ
3731 1970 3792 2032 τῷ
3818 1981 3882 2014 τε·

2325 2053 2469 2100 κόντι
2487 2045 2660 2101 δοκεῖν
2698 2049 3078 2121 γνήσιοει,ξὰλλ’
3108 2055 3178 2114 ὡς
3200 2055 3347 2105 νόθον
3377 2059 3468 2105 καὶ
3488 2051 3808 2125 ἀποτρόπαιον
3832 2052 3844 2092 ι
3869 2071 3878 2082 ·

2325 2138 2576 2210 μάλιστα,
2637 2147 2728 2192 τοῦ
2796 2137 3096 2202 συνειδότος
3162 2150 3234 2212 τῷ
3306 2145 3525 2216 κέντρῳ,
3581 2144 3606 2194 ὅ
3653 2150 3706 2212 τῇ
3758 2145 3879 2212 φύσει

2323 2232 2601 2300 πανσόφως
2631 2230 2656 2280 ό
2686 2229 2928 2291 Πλάστης
2982 2229 3213 2288 ἐνέθηκεν
3259 2231 3330 2293 εἰς
3379 2236 3474 2289 τὴν
3514 2239 3612 2284 τῶν
3655 2233 3878 2302 πρακτέων

2327 2311 2710 2389 διεγειρομένου
2768 2313 3064 2388 διάϐλεψιν.
3123 2320 3218 2373 Ἀν
3267 2315 3354 2371 οὖν
3413 2316 3510 2372 διὰ
3564 2327 3722 2372 ταῦτα
3757 2314 3876 2369 οὐδὲν

2324 2402 2546 2469 ἐκείνων,
2605 2403 2721 2458 οὐδ’
2768 2409 2840 2468 εἰς
2878 2415 2994 2459 νοῦν
3051 2407 3210 2460 ἐλθεῖν
3263 2405 3600 2477 διατείνοιτο,
3657 2407 3773 2473 ἀλλ’,
3829 2409 3878 2465 ὡς

2324 2493 2478 2558 εἰκὸς,
2534 2501 2624 2546 καὶ
2669 2499 2785 2556 τοὺς
2832 2502 3039 2549 πώποτε
3099 2505 3319 2550 τοιαῦτα
3393 2497 3779 2570 τετολμηκότας,
3824 2495 3876 2554 εἰς

2321 2580 2566 2644 ἕκτοπους
2613 2588 2820 2655 μοίρας,
2874 2590 2964 2636 καὶ
3034 2585 3102 2646 εἰς
3150 2584 3274 2658 ἀρὰς
3340 2587 3536 2658 ἀπάγει
3613 2580 3873 2660 φρικώδεις·

2319 2675 2452 2744 πρὸς
2478 2681 2572 2734 τῆς
2624 2674 2796 2746 φιλίας
2835 2674 2996 2735 αὐτῆς
3049 2673 3346 2748 ἐρωτήσατε
3391 2677 3570 2742 αὐτὸν,
3595 2681 3656 2728 Τί
3685 2672 3877 2746 διαφέρει

2320 2765 2436 2834 περὶ
2488 2763 2634 2834 ημῶν
2695 2762 2851 2815 εἰπεῖν
2901 2765 2967 2815 τὰ
3009 2763 3272 2836 εἰρημένα,
3330 2764 3420 2816 καὶ
3481 2769 3539 2816 τὸ
3577 2764 3772 2835 λέγεινς
3815 2762 3879 2812 ὁτι

2319 2852 2450 2921 μετὰ
2497 2860 2595 2903 τῶν
2665 2851 2918 2924 πολεμίων
2998 2855 3270 2925 γινόμεθα,
3322 2860 3412 2906 καὶ
3500 2854 3651 2926 φίλων
3719 2850 3876 2920 μεταξὺ

555 2942 842 3000 dimissos
861 2941 1387 3000 exsecrationibus.
1410 2941 1517 2996 Per
1539 2941 1861 3013 ipsammet
1881 2939 2208 2996 amicitiam

2318 2943 2404 2990 καὶ
2430 2939 2636 3015 ἐχθρῶν
2693 2941 2750 2993 οὐ
2784 2938 2818 2992 δ
2825 2941 3178 3014 ιαστέ).λομεν,
3233 2948 3322 2995 καὶ
3374 2948 3494 2995 τότε
3531 2948 3695 3006 τίνος,
3725 2941 3780 3011 (ὦ
3805 2947 3878 2998 τῆς

553 3033 913 3104 interrogate
937 3032 1126 3099 illum,
1158 3031 1222 3088 in
1241 3047 1365 3104 quo
1384 3029 1581 3088 diﬂ‘ert
1605 3029 1740 3087 talia
1766 3029 1840 3084 de
1862 3028 2035 3085 nobis
2062 3044 2210 3101 prm-

555 3122 775 3196 dicare,
801 3122 880 3180 ab
904 3121 1005 3180 illa
1027 3123 1407 3178 accusatione
1432 3120 1460 3176 ?
1490 3119 1655 3194 quod
1677 3135 1817 3176 cum
1845 3117 2121 3175 hostibus
2149 3118 2210 3174 in

555 3213 684 3271 acie
709 3213 1165 3280 constiterimus,
1196 3211 1424 3268 nullam
1457 3211 1634 3283 plane
1661 3209 2060 3266 differentiam
2092 3215 2212 3265 sta-

555 3307 796 3360 tuamus
822 3302 975 3359 inter
1005 3302 1270 3359 amicum
1299 3306 1354 3357 et
1383 3301 1716 3364 inimicum,
1761 3299 1931 3369 cujus
1961 3297 2210 3354 autem?

556 3391 774 3448 scilicet
797 3391 1008 3448 Christi
1039 3407 1052 3446 :
1087 3406 1125 3447 ο
1155 3391 1434 3462 injuriam
1477 3387 1952 3444 intolerabilem!
1985 3387 2210 3442 amicos

555 3485 615 3537 et
641 3478 920 3536 inimicos
959 3478 1187 3535 Christi.
1230 3480 1352 3534 Huc
1398 3477 1558 3533 enim
1609 3477 1884 3542 tendunt,
1937 3476 2102 3547 quod
2149 3475 2207 3530 in

557 3568 764 3626 album
777 3583 986 3624 eorum
1002 3583 1115 3623 nos
1128 3566 1342 3623 referre
1362 3565 1718 3636 satagimus,
1735 3563 1835 3636 qui
1853 3580 1960 3635 pro
1978 3564 2210 3620 Christo

557 3657 867 3730 patiuntur
920 3656 1422 3727 persecutionem,
1473 3670 1613 3710 cum
1667 3653 1780 3708 illis
1836 3653 1939 3726 qui
2005 3660 2210 3710 contra

557 3747 858 3804 Christum
877 3746 1101 3803 bellum
1114 3751 1357 3817 gerunt;
1379 3746 1482 3819 qui
1501 3745 2208 3815 sanguinem-testamenti

553 3837 736 3910 ipsius
765 3850 1153 3893 communem
1182 3834 1462 3900 reddunt,
1491 3840 1566 3901 et,
1599 3839 1663 3890 ut
1692 3838 1901 3890 caetera
1934 3834 2206 3890 omittam

550 3927 613 3983 in
639 3925 940 4000 praesenti,
988 3924 1223 3982 Domini
1270 3923 1482 3981 altaria
1529 3923 1946 3996 profanarum,
1991 3929 2047 3978 et
2073 3939 2209 3980 san-

551 4021 713 4074 ctum
730 4014 909 4072 simul
933 4013 1220 4083 chrisma,
1242 4014 1353 4080 vel,
1382 4019 1446 4070 ut
1467 4014 1662 4069 verius
1679 4012 1898 4078 dicam,
1925 4012 2206 4084 Spiritum

551 4111 824 4164 sanctum
853 4121 958 4178 per
987 4120 1168 4178 quem
1195 4105 1512 4162 conﬁcitur
1532 4103 1793 4158 chrisma
1815 4101 2074 4158 ludibrio
2103 4102 2207 4158 ha-

547 4194 826 4253 buerunt.
850 4196 1215 4264 Interrogata
1231 4193 1361 4248 illos
1377 4194 1596 4258 denuo,
1617 4191 1896 4255 obtestor,
1913 4195 2204 4263 quantum

2318 3031 2432 3080 καθ’
2496 3031 2642 3096 ἡμῶν
2682 3033 2925 3103 ἐπηρείας
2984 3031 3023 3102 l)
3077 3032 3230 3103 φίλων
3277 3039 3517 3106 Χριστοῦ
3570 3037 3657 3083 καί
3709 3031 3878 3102 ἐχθρῶν

2320 3113 2590 3188 Χριστοῦ·
2649 3119 2719 3179 εἰς
2774 3128 2940 3172 ταῦτα
2984 3122 3082 3193 γὰρ
3134 3118 3453 3192 ἀποτελευτᾷ
3502 3125 3581 3186 τό,
3636 3119 3878 3192 βούλεσθαι

2318 3206 2615 3277 καταλέγειν
2669 3209 2808 3280 ἡμᾶς
2855 3217 2926 3279 τῷ
2978 3209 3151 3282 κλήρῳ
3205 3219 3304 3261 τῶν
3351 3212 3482 3285 ὑπὲρ
3529 3216 3749 3282 Χριστοῦ
3798 3226 3879 3258 πα-

2319 3301 2576 3367 σχόντων,
2622 3302 2711 3349 καὶ
2755 3301 2872 3359 τοὺς
2912 3297 3023 3369 ἅμα
3077 3300 3286 3369 Χριστῷ
3343 3299 3690 3371 πολεμοῦντας
3731 3299 3874 3366 ἡμᾶς·

2319 3389 2449 3438 οίτὸ
2507 3387 2638 3458 αἱμα
2684 3394 2778 3459 τῇς
2830 3383 3088 3447 διαθήκης
3145 3388 3306 3440 αὐτοῦ
3365 3393 3538 3441 κοινόν
3595 3389 3878 3459 ἡγησάμενοι

2317 3477 2428 3544 (ἶνα
2485 3483 2572 3526 νῦν
2639 3479 2703 3527 τά
2781 3475 2908 3528 ἄλλα
2952 3475 3110 3546 ἐάσω)
3170 3479 3234 3528 τὰ
3307 3478 3666 3551 θυσιαστήρια
3718 3477 3875 3547 Κνρίον

3486 3566 3670 3638 μᾶλλον
3724 3561 3754 3616 δ
3757 3568 3775 3616 ι
3833 3564 3877 3612 τὸ

2315 3656 2565 3724 πανάγιον
2614 3660 2839 3725 Πνεῦμα,
2876 3650 2950 3706 δι’
2995 3653 3056 3706 οὗ
3108 3658 3164 3705 τό
3194 3660 3431 3727 χρίσμα,
3485 3655 3875 3728 ἐξεμυκτήρισαν.

2317 3563 2664 3629 ἑϐεϐήλωσαν,
2717 3569 2806 3616 καὶ
2865 3568 2921 3617 τό
2966 3564 3114 3636 ἅγιον
3167 3570 3405 3637 χρίσμα,

2318 3743 2639 3816 Ἐρωτησατε
2717 3741 2804 3795 οὖν
2880 3744 3050 3809 πάλιν,
3117 3742 3264 3809 ἀξιῶ,
3343 3750 3396 3797 τί
3458 3742 3689 3818 διαφέρει
3741 3746 3878 3793 ταῦτα

2317 3831 2535 3896 ἐκείνων,
2579 3833 2708 3890 πλὴν
2763 3832 2832 3894 εἰς
2883 3837 3071 3895 κακίας
3125 3831 3417 3904 ὑπερϐολήν
3456 3833 3594 3900 ;κᾶν
3768 3829 3876 3880 ἐκεί-

2314 3942 2410 3973 νων
2443 3919 2588 3994 δείξῃ
2619 3930 2784 3974 ταῦτα
2829 3927 3137 3994 κουφότερα,
3171 3921 3255 3994 ἔμε
3312 3927 3405 3995 μεν
3454 3924 3626 3998 ληρεῖν
3675 3925 3732 3981 ὡς
3779 3918 3877 3974 ἁλη-

2319 4013 2412 4071 θῶς
2464 4016 2730 4082 νομίσατε,
2801 4009 2986 4062 ἐκεῖνον
3047 4007 3104 4063 δὲ
3155 4015 3354 4086 μυρίων
3434 4011 3696 4084 ἐγκωμίων
3755 4007 3877 4070 ἀξιώ-

2316 4119 2472 4152 σατε·
2515 4105 2688 4152 καίτοι
2717 4117 2796 4168 γε,
2851 4099 2956 4170 οὐχ
3008 4101 3089 4151 ὅτι
3141 4105 3453 4173 κουφότερον
3484 4101 3646 4153 ἄλλων
3676 4097 3874 4172 ὕϐρισεν,

2315 4188 2618 4260 ἠγωνίζετο,
2673 4185 2787 4240 οὐδ’
2839 4189 2918 4240 ὃτι
2967 4187 3058 4240 καί
3110 4188 3300 4260 ἑτέροις
3382 4189 3662 4263 ὑπερϐολὴν
3717 4186 3878 4258 ὕϐρεων

549 4284 701 4341 inter
720 4285 848 4340 haec
873 4287 933 4339 et
950 4283 1052 4339 illa
1077 4283 1152 4339 sit
1171 4281 1524 4338 discriminis
1550 4281 1660 4336 nisi
1684 4280 1848 4352 quod
1871 4286 2201 4336 extremum

2317 4277 2675 4330 καταλέλοιπεν
2701 4299 2712 4310 ο
2756 4275 2863 4330 ἀλλ’
2895 4278 2975 4330 ότι
3023 4273 3173 4330 οὐδὲν
3218 4277 3290 4340 εἰς
3341 4287 3524 4351 μῶμον
3594 4281 3730 4350 ἡμῶν
3778 4271 3878 4326 δια-

545 4373 676 4430 haec
702 4372 1056 4441 contingunt
1080 4369 1498 4443 improbitatis.
1533 4369 1702 4434 Quod
1729 4369 1774 4423 si
1796 4369 1931 4440 quis
1959 4375 2206 4424 conten-

545 4463 696 4520 derit
735 4462 958 4519 leviora
1000 4462 1115 4517 ista
1157 4475 1312 4526 esse,
1343 4474 1451 4514 vos
1497 4462 1627 4514 tum
1677 4473 1776 4512 me
1823 4457 2097 4530 desipere
2145 4462 2204 4514 et

544 4553 796 4611 delirare
814 4551 1046 4614 dicatis,
1070 4549 1238 4606 illum
1262 4546 1568 4620 multiplici
1598 4545 1896 4618 praeconio
1913 4545 2049 4602 licet
2069 4545 2204 4602 effe-

543 4644 864 4702 ratis.Cum
877 4646 1071 4699 tamen
1087 4655 1208 4697 non
1220 4655 1356 4695 eam
1369 4637 1448 4694 ob
1464 4652 1712 4694 causam
1732 4634 1828 4692 ille
1845 4636 2196 4706 angebatur,

542 4733 700 4806 quod
713 4733 932 4790 leviore
946 4747 1056 4789 nos
1070 4745 1250 4803 quam
1262 4729 1412 4785 alios
1429 4724 1794 4783 contumelia
1808 4725 2195 4797 impetiverat,

544 4826 650 4876 aut
672 4837 740 4877 eo
763 4823 923 4895 quod
960 4820 1183 4879 caeteris
1202 4833 1414 4876 ansam
1444 4815 1690 4880 dederit,
1722 4822 1786 4870 ut
1805 4815 1864 4870 in
1895 4820 2198 4872 contume-

543 4908 984 4979 liisingerendis
1002 4912 1076 4968 ad
1091 4923 1403 4968 excessum
1418 4905 1716 4978 progressi
1732 4903 1975 4960 fuerint:
1993 4920 2194 4960 verum

543 4997 710 5070 quod
738 4998 922 5054 libere
952 5000 1226 5072 proloqui
1247 4996 1395 5055 nihil
1417 4995 1626 5068 potuit,
1653 4993 1812 5050 unde
1827 4993 1984 5064 juste
2006 5009 2197 5065 repre-

541 5085 728 5142 hendi
743 5087 1020 5154 debeam,
1045 5091 1168 5146 imo
1186 5089 1302 5144 nisi
1326 5101 1542 5160 parum
1567 5085 1786 5140 distare
1808 5084 1886 5138 ab
1907 5084 2194 5139 encomiis

541 5174 988 5232 criminationes
1002 5195 1142 5236 suas
1156 5175 1569 5242 docuerit,noli
1581 5179 1630 5230 te
1645 5190 1779 5230 eum
1796 5173 2126 5237 exsibilare;
2144 5175 2192 5229 si

539 5280 652 5324 nec
675 5263 736 5321 id
757 5263 1140 5332 demonstret,
1175 5265 1410 5324 silentio
1437 5265 1664 5322 indicto
1691 5261 2050 5320 modestiam
2079 5261 2193 5319 im-

2315 4366 2487 4419 ϐαῖνον
2541 4365 2990 4441 ἐπαρρησιάσατο,
3050 4365 3156 4418 ἀλλ’
3220 4369 3354 4439 ὅμως
3409 4365 3470 4419 ἂν
3520 4366 3706 4420 ἐλάττω
3753 4361 3874 4432 δείξῃ

2312 4461 2377 4509 τὰ
2423 4456 2582 4508 αὐτοῦ
2626 4464 2726 4507 τῶν
2780 4455 3067 4528 ἕγκωμίων,
3113 4459 3184 4528 μή
3233 4454 3576 4531 ἑκκηρύξητε.
3622 4455 3678 4509 Εἰ
3716 4450 3768 4506 δε
3795 4469 3877 4524 μου

2313 4543 2398 4598 δεν
2445 4543 2592 4618 δείξῃ
2645 4547 2817 4619 ὥσπερ
2863 4541 2988 4597 οὐδε
3028 4541 3187 4608 δείξει
3232 4564 3312 4617 γε,
3373 4544 3562 4598 ἐκεῖνον
3613 4548 3698 4617 μὲν
3746 4545 3875 4612 σιγᾷν

2314 4640 2718 4711 σωφρονήσατε·
2769 4637 2835 4687 τὰ
2881 4637 2982 4707 ἐμὰ
3057 4631 3116 4687 δε
3174 4631 3576 4708 δυστυχήαατα
3639 4629 3875 4686 καντεῦϐεν

2311 4724 2701 4797 ἀναλογίζεσθε,
2769 4727 2866 4789 ὅτι,
2945 4728 3035 4776 καὶ
3114 4724 3322 4797 ἐχθρῶν
3402 4723 3690 4786 ἐπιϐουλὰς.
3743 4719 3873 4792 φίλων

2309 4814 2706 4880 ἐπαναστάσεις,
2754 4817 2844 4866 καὶ
2876 4811 3212 4886 βλασφημίαι
3253 4810 3285 4865 δ
3293 4810 3599 4886 ιαδέχοντα.
3646 4820 3747 4870 Πῶς
3786 4811 3870 4878 γὰρ

2308 4906 2570 4958 ότοιαῦτα
2601 4903 2761 4974 λέγων
2792 4903 2821 4962 ἢ
2873 4901 3072 4972 ἐννοῶν,
3125 4903 3212 4955 οἶα
3255 4902 3414 4974 λέγειν
3447 4905 3589 4976 ἡμᾶς
3638 4907 3722 4954 καὶ
3771 4913 3870 4970 φρο-

2306 5002 2404 5046 νεῖν
2437 4995 2462 5045 ό
2508 4992 2666 5054 καλός
2696 4991 2879 5052 ἐκεῖνος
2928 4993 3066 5065 φίλος
3110 4990 3454 5056 όινεπλάσατο,
3499 4992 3592 5044 οὐκ
3639 4991 3706 5051 εἰς
3731 4991 3866 5057 ἔσχε·

2305 5104 2390 5137 τον
2433 5088 2523 5158 μεν
2577 5083 2749 5144 ἀνοίας
2807 5081 3020 5146 ἐλαύνει,
3075 5087 3244 5144 κοινός
3299 5079 3356 5134 δὲ
3410 5078 3674 5156 προδότης
3721 5078 3867 5131 πάσης

2303 5173 2416 5228 ἐστὶ
2443 5182 2540 5237 τῆς
2562 5172 2904 5239 Ἐκκλησίας,
2950 5173 3247 5249 ὑπερόπτης
3306 5169 3364 5224 δε
3405 5177 3496 5224 καὶ
3527 5171 3758 5245 ὑϐριστὴς
3793 5166 3866 5215 καὶ

2301 5272 2400 5316 τῶν
2444 5271 2708 5338 πατρικῶν
2756 5257 3118 5337 παραδόσεων,
3153 5266 3243 5314 καὶ
3292 5264 3459 5335 μύρια
3508 5259 3636 5313 ἄλλα
3684 5256 3863 5311 ἐκείνοις

1889 5441 2121 5500 VARLE
2160 5441 2454 5500 LECTION
2461 5441 2563 5500 ES.

607 5624 626 5676 ί
651 5628 899 5708 ὁρᾶσθαι.
