4088 6214
139 338 249 399 749
1418 334 1753 396 EPISTOLA

1902 338 1923 393 ι
1962 330 2173 394 LIBER
2214 325 2264 395 Ι.
2808 310 2813 319 ’
3411 329 3516 397 750

141 464 572 540 ἓμπεριείληπται
604 482 617 493 ’
668 461 1009 537 ψευδολογία,
1061 463 1257 530 ἀπάτη,
1320 460 1597 527 δυσσεϐεῖς
1652 468 1743 516 καὶ

1898 469 2088 520 erate:
2126 463 2405 518 miseram
2443 461 2675 519 interim
2709 478 2909 519 meam
2941 466 3161 520 sortem
3188 463 3512 537 deplorate,

139 559 362 610 ἄπιστοι
431 553 698 626 λογισμοὶ,
767 554 946 627 μάχαι
997 557 1125 629 πρός
1182 554 1418 622 ἑαυτούς,
1488 558 1578 606 καὶ
1628 553 1747 605 ἄλλο

1901 559 1914 607 t
1947 552 2087 609 hinc
2137 551 2396 617 recolite,
2429 551 2596 625 quod
2635 551 2881 610 sufferre
2911 568 3093 623 cogar
3134 553 3515 612 inimicorum

140 646 344 706 πλῆθος
372 648 562 706 κακίας
585 645 820 719 ἄπειρον.

1901 641 2134 707 isidias,
2161 641 2496 698 amicorum
2513 640 2952 713 conjurationes
2974 646 3032 698 et
3053 642 3343 700 convicia.
3368 644 3515 701 Fieri

139 734 306 791 enim
346 734 449 806 qui
481 732 713 805 poterit,
747 736 812 788 ut
838 731 889 788 is
922 732 1025 806 qui
1070 731 1419 788 taliusmodi
1451 734 1672 788 statuat
1707 734 1810 786 aut
1858 729 2037 797 dicat,
2069 747 2204 803 quae
2232 730 2427 787 dicere
2452 746 2566 787 nos
2597 736 2653 787 et
2682 731 2900 788 sentire
2924 731 3124 789 bonus
3153 732 3250 789 ille
3281 733 3514 790 amicus

144 822 462 893 conﬁnxit,
484 837 604 878 non
620 827 887 878 extrema
900 820 1130 879 laboret
1144 818 1808 887 insania,etcommunis
1824 818 2070 892 quidem
2086 819 2354 876 Ecclesiae
2374 819 3061 901 proditor,contemnens
3082 826 3138 879 et
3159 822 3518 882 conculcans

148 911 500 971 traditiones
528 910 720 967 avitas
750 909 1066 980 habeatur,
1095 926 1329 967 necnon
1358 910 1650 966 sexcentis
1678 907 1969 983 similibus
1999 908 2129 966 aliis
2159 909 2502 966 criminibus
2533 909 2891 991 involvatur,
2917 911 3246 969 mendaciis
3272 928 3513 985 nempe,

144 999 1088 1073 fallaciis,impietate,rationibus
1098 1016 1315 1073 parum
1329 998 1761 1066 ﬁdis,concerta
1771 997 2030 1056 tionibus
2044 998 2363 1067 mutuis,ac
2378 999 2683 1056 innumero
2696 999 2941 1057 aliarum
2952 1000 3314 1074 impietatum
3326 1007 3481 1060 ccetu
3493 1046 3508 1060 .

215 1090 345 1163 Ἆρ’
419 1090 512 1143 ούκ
588 1087 644 1142 ἐκ
736 1089 904 1142 καλῶν
987 1091 1287 1162 χρωμάτων
1363 1090 1390 1142 ό
1445 1088 1602 1150 καλός
1656 1091 1754 1151 ζω-

1939 1087 2159 1144 Verum
2198 1088 2248 1144 si
2306 1104 2428 1146 non
2474 1089 2715 1162 optimis
2764 1089 3067 1147 coloribus
3109 1091 3302 1164 pictor
3351 1107 3520 1164 egre-

146 1184 351 1256 γράφος
428 1184 516 1238 τὴν
584 1179 730 1251 ἡμῶν
811 1174 1165 1252 διεμόρφωσεν
1241 1178 1432 1242 εἰκόνα,
1508 1178 1533 1229 ό
1591 1173 1756 1251 μηδεν

1904 1176 1999 1233 ius
2027 1180 2294 1235 nostram
2320 1178 2495 1234 nobis
2515 1178 2833 1250 imaginem
2856 1179 3196 1247 delineavit,
3219 1180 3326 1255 qui
3355 1185 3518 1240 tanta

150 1280 251 1323 τῶν
313 1268 517 1343 φαύλων
599 1273 717 1343 περὶ
782 1269 928 1341 ἡμῶν
1022 1268 1181 1321 εἰπεῖν
1234 1266 1755 1341 ἀπισχυριζόμενος;

1908 1266 2243 1324 ehementia
2253 1271 2569 1333 asseverat,
2585 1267 2732 1324 nihil
2751 1284 2812 1325 se
2834 1269 2976 1325 mali
2988 1270 3050 1325 in
3067 1286 3176 1327 nos
3188 1270 3517 1345 aliquando

151 1359 261 1411 ἀλλ’
317 1359 365 1412 εἰ
413 1360 505 1430 μεν
581 1356 871 1419 ἁπλότητος
946 1366 1133 1421 ταῦτα,
1210 1364 1303 1427 τῷ,
1379 1356 1589 1408 Γίνεσθε
1632 1358 1758 1427 φρό-

1903 1355 2187 1413 >rotulisse
2204 1374 2219 1426 ;
2235 1356 2339 1413 sed
2353 1356 2622 1427 omnino,
2637 1358 2734 1414 sia
2747 1374 2983 1414 morum
2998 1359 3372 1433 simplicitate
3384 1378 3517 1435 pro-

150 1468 296 1521 νιμοε
384 1449 454 1508 ὡς
527 1447 579 1498 οἱ
655 1444 816 1517 ὄφεις,
890 1449 978 1497 καὶ
1059 1444 1294 1520 ἀκέραιοι
1364 1446 1432 1506 ὡς
1508 1445 1564 1496 αἱ
1617 1462 1757 1516 περι-

1902 1445 2353 1513 .ciscunturista,
2373 1445 2532 1503 dicto
2557 1446 2640 1502 illi
2662 1448 2987 1504 Servatoris
3008 1448 3516 1522 obtemperemus,

154 1540 360 1613 περαὶ,
445 1541 536 1588 τοῦ
612 1539 807 1607 Κυρίου
903 1532 1134 1607 βοῶντος
1182 1534 1525 1606 πειθώμεθα·
1595 1531 1639 1585 εἰ
1698 1527 1758 1583 δε

1906 1536 2196 1593 'rudentes
2218 1541 2394 1593 estote
2408 1535 2880 1608 sicutserpentes,
2902 1536 3237 1596 innocentes
3249 1545 3441 1597 autem
3456 1546 3520 1597 ut

150 1629 498 1698 κακουργίας,
579 1623 740 1676 αὐτοῦ
818 1623 972 1675 πάλιν
1029 1621 1434 1697 διακεκραγότος
1506 1618 1754 1693 μεταϐαλ·

1902 1624 2225 1690 οἰιιηιὸεοίί,
2258 1623 2576 1680 credamus
2610 1625 2690 1681 ita
2715 1640 2846 1680 esse
2872 1641 2887 1681 :
2910 1626 3079 1698 quod
3124 1627 3174 1682 si
3225 1627 3516 1686 malitiam

148 1716 363 1787 λὼμεθα
400 1735 413 1748 ο
472 1714 591 1767 Ἐἀν
694 1718 766 1785 μὴ
862 1718 1127 1786 στραφῆτε
1212 1716 1301 1764 καὶ
1375 1713 1597 1783 γένησθε
1688 1711 1758 1771 ὡς

1908 1713 2129 1770 idicare
2168 1713 2498 1785 videantur,
2531 1719 2831 1770 mutemus
2881 1717 3257 1785 sententiam,
3290 1721 3348 1774 et
3382 1734 3522 1775 cum

152 1808 219 1857 τὰ
285 1800 504 1868 παιδία,
569 1803 628 1855 ού
686 1805 758 1874 μὴ
830 1801 1093 1860 εἰσέλθητε
1172 1800 1242 1861 εἰς
1316 1804 1410 1859 τὴν
1486 1798 1758 1874 βασιλείαν

1911 1803 2077 1860 edem
2101 1802 2332 1860 Christo
2360 1801 2658 1874 dicamus,
2700 1802 2831 1860 Nisi
2872 1806 3143 1862 conversi
3178 1807 3443 1877 fueritis,
3470 1814 3525 1865 et

151 1903 253 1947 τῶν
330 1893 585 1965 οὐρανῶν.
674 1891 920 1944 Μάλιστα
1015 1892 1444 1961 συνεπιστάμενοι
1522 1890 1609 1943 οἷα
1688 1896 1760 1961 τῷ

1913 1892 2025 1949 aiis
2047 1892 2199 1949 sicut
2224 1891 2487 1962 parvuli,
2514 1908 2633 1949 non
2664 1891 2963 1948 intrabilis
2991 1896 3054 1950 in
3085 1909 3337 1966 regnum
3366 1898 3527 1953 coelo—

156 1979 565 2043 σκανδαλίζοντι
591 1978 676 2034 ἱνα
729 1989 829 2033 τῶν
856 1979 1151 2052 ἢαχίστων
1209 1976 1440 2051 ἀδελφῶν
1462 1980 1492 2038 ἡ
1534 1983 1763 2053 τιμωρία

1913 1982 2077 2039 um“.
2120 1980 2414 2052 Imprimis
2439 1980 2487 2035 si
2518 1980 2943 2037 recoluerimus
2975 1983 3342 2056 supplicium
3378 1985 3527 2043 illud

157 2071 455 2125 ἀπόκειται.
504 2070 564 2123 Εἰ
603 2067 709 2123 δ’εό
751 2066 1113 2130 σκανδαλίζων
1152 2068 1256 2131 ἕνα,
1288 2072 1379 2127 τὴν
1424 2065 1580 2126 δίκην
1630 2069 1764 2120 ἀπα-

1906 2070 2203 2144 epositum
2225 2074 2431 2126 contra
2444 2085 2582 2126 eum
2600 2069 2703 2142 qui
2717 2069 3210 2129 scandalizaverit
3226 2072 3315 2129 vel
3332 2089 3520 2131 unum

154 2166 421 2237 ραιτήτως
468 2160 836 2233 εἰσπράττεται
885 2160 911 2211 ό
958 2164 1108 2212 σείων
1149 2158 1270 2217 ὃλην
1329 2162 1419 2210 καὶ
1476 2157 1764 2211 ἀνασκευά-

1925 2157 2153 2231 pusillis
2177 2157 2481 2215 fratribus.
2512 2157 2569 2215 Si
2593 2162 2793 2213 autem
2821 2156 2883 2213 in
2905 2174 3065 2225 eum,
3089 2160 3194 2232 qui
3212 2160 3307 2218 vel
3336 2177 3523 2219 unum

157 2251 265 2313 ζων
338 2248 670 2315 Ἐκκλησίαν,
752 2248 909 2300 αὐτόν
987 2250 1172 2300 ἑκεῖνον
1259 2245 1440 2298 ἐννοεῖν
1512 2245 1765 2318 κατοιλιμ⁶

1911 2263 1945 2303 x
1976 2246 2088 2303 illis
2114 2245 2494 2314 scandalizet,
2518 2261 2698 2319 paena
2726 2245 3111 2304 inexorabilis
3140 2248 3450 2322 irrogetur,
3475 2250 3525 2307 is

154 2342 327 2403 πάνω,
386 2337 580 2397 ἡλίκων
639 2337 819 2390 ἑαυτόν
879 2337 1162 2389 ὑπεύθυνον
1226 2334 1498 2406 ἀποφαίνει
1546 2344 1718 2387 κακῶν
1747 2356 1761 2369 ο

1921 2336 1979 2392 ui
2008 2351 2364 2392 concussam
2408 2334 2617 2391 evertit
2664 2335 3007 2392 universam
3051 2335 3397 2410 Ecclesiam,
3431 2353 3526 2396 re-

154 2429 226 2479 ὧν
287 2426 365 2486 εἰη
428 2433 658 2499 Χριστοῦ
712 2427 911 2478 πάντων
989 2426 1136 2496 ἡμῶν
1191 2430 1352 2498 χεῖρα
1397 2425 1762 2497 ὑπερέχοντος,

1914 2428 2040 2482 utet
2064 2424 2230 2498 apud
2260 2440 2323 2482 se
2346 2427 2492 2498 quot
2513 2439 2575 2479 se
2600 2422 2774 2480 malis
2794 2439 2965 2480 reum
2986 2424 3234 2482 involvit
3259 2442 3274 2482 :
3303 2427 3528 2500 quibus

152 2514 351 2590 μηδεὶς
384 2519 583 2588 ἔνοχος.
610 2514 747 2569 Ἀλλ’
803 2516 961 2567 ἐκεῖνο
986 2521 1091 2575 πῶς
1122 2512 1426 2587 ἀναλγήτως
1462 2518 1552 2565 καὶ
1595 2519 1766 2589 χωρὶς

1913 2513 2021 2571 ιχίι
2044 2516 2219 2581 Deus,
2244 2517 2309 2570 ut
2337 2529 2516 2569 nemo
2543 2516 2814 2569 nostrum
2844 2512 2920 2569 sit
2943 2513 3263 2580 obnoxius.
3295 2516 3527 2574 Christo

154 2604 407 2681 δακρύων
466 2608 615 2669 οἴσω,
672 2604 716 2657 εἰ
767 2608 878 2675 μεν,
926 2603 1015 2664 οὓς
1060 2623 1239 2676 φησιν,
1285 2602 1344 2655 οῦ
1376 2599 1459 2655 δεῖ
1488 2599 1765 2674 δέχεσθαι,

1914 2619 2129 2660 ianum
2182 2602 2532 2674 adjutricem
2583 2605 2645 2657 et
2693 2606 3108 2675 protectricem
3164 2605 3528 2677 porrigente.

154 2693 404 2769 δέχοιτο,
435 2699 488 2747 τί
527 2699 599 2767 μὴ
654 2692 766 2766 μετ’
825 2694 1025 2745 ἐκείνων
1068 2693 1367 2765 γινώμεθα;
1404 2692 1462 2746 Εἰ
1491 2687 1551 2745 δε
1578 2695 1649 2763 μὴ
1685 2688 1768 2745 δέ-

1922 2691 2025 2749 lud
2049 2697 2251 2750 autem
2282 2706 2663 2764 nequaquam
2694 2691 2818 2747 sine
2838 2691 3124 2765 lacrymis
3149 2693 3240 2751 vel
3271 2694 3400 2752 sine
3426 2696 3533 2754 do-

153 2803 319 2858 χοιτο
382 2782 522 2855 φόϐῳ
583 2789 679 2844 τῆς
743 2781 1034 2854 μελλούσης
1085 2784 1360 2854 τιμωρίας,
1423 2785 1513 2833 καὶ
1564 2781 1767 2841 ἄκοντες

1913 2797 2000 2838 )re
2030 2778 2334 2847 sufferam,
2377 2780 2425 2836 si
2462 2779 2595 2838 illos
2635 2779 2911 2838 admittat
2949 2787 3006 2838 et
3051 2782 3130 2839 ad
3167 2799 3229 2839 se
3264 2784 3527 2859 recipiat,

154 2879 257 2932 τὴν
306 2880 578 2948 παροῦσαν
631 2870 892 2925 εὐσέϐειαν
948 2869 1278 2944 φυλαξόμεθα
1311 2891 1323 2903 ·
1371 2875 1491 2945 περὶ
1521 2865 1582 2922 δι
1616 2873 1765 2934 Θεοῦ,

1924 2887 2029 2926 uos
2077 2870 2343 2926 Christus
2368 2870 2544 2927 edicit
2581 2884 2704 2927 non
2740 2869 3137 2944 recipiendos,
3167 2872 3230 2929 in
3272 2891 3533 2949 quorum

158 2962 202 3017 ὦ
244 2961 510 3036 βέλτιστε,
592 2966 708 3036 περὶ
780 2957 839 3013 δε
896 2964 1138 3024 πίστεως,
1227 2965 1344 3033 περὶ
1401 2955 1461 3011 δε
1514 2967 1612 3011 τῶν
1668 2958 1771 3012 ἐκεῖ

1925 2975 2129 3016 umero
2169 2958 2380 3032 quidni
2406 2964 2463 3016 et
2499 2975 2610 3016 nos
2639 2959 2803 3032 ipsos
2832 2959 3062 3020 habet?
3085 2962 3258 3028 Quod
3298 2964 3348 3020 si
3389 2967 3532 3024 tales

161 3050 578 3126 δικαιωτηρίων,
637 3054 755 3124 περὶ
836 3047 1191 3112 συνειδήσεως
1244 3045 1323 3119 δε,
1377 3047 1505 3101 ἀλλά
1555 3054 1673 3114 περὶ
1720 3060 1769 3093 ιιι

1917 3048 1973 3105 le
2001 3053 2244 3122 propter
2273 3053 2498 3106 metum
2523 3049 2706 3106 futuri
2731 3048 2942 3121 judicii
2972 3066 3094 3107 non
3130 3051 3394 3125 recipiat,
3419 3071 3531 3111 nos

164 3140 438 3207 ἀληθείας,
496 3143 615 3213 περὶ
657 3136 717 3192 δε
757 3144 965 3213 γνώμης
1011 3137 1320 3204 εὐσταθοῦς,
1373 3141 1494 3212 περὶ
1536 3133 1597 3190 δὲ
1646 3140 1769 3189 τού-

1922 3137 1972 3195 el
2010 3137 2365 3194 reluctantes
2402 3142 2459 3195 et
2493 3137 2663 3194 inviti
2701 3137 2981 3211 pietatem
3008 3139 3068 3195 in
3107 3142 3316 3208 Deum,
3349 3159 3536 3216 quam

162 3251 271 3285 των
302 3226 474 3295 οὐδὲν,
522 3227 656 3288 λήθη
710 3230 879 3281 πάντα
933 3230 962 3287 ἡ
1008 3225 1281 3303 Χάρυϐδις
1336 3225 1571 3279 λαϐοῦσα
1623 3231 1771 3279 κατέ-

1921 3232 2241 3284 raasentem
2261 3227 2559 3294 fovemus,
2575 3225 2862 3284 exculturi
2882 3243 3089 3284 sumus
3105 3245 3117 3283 :
3133 3232 3535 3289 verumenim-

164 3338 305 3375 πιεν.
340 3319 474 3390 Ἐγὼ
523 3314 584 3371 δέ
626 3316 918 3370 τούναντίον
981 3316 1041 3369 ἃν
1094 3317 1249 3369 αὐτόν
1304 3321 1395 3370 καὶ
1438 3322 1635 3389 φρονεῖν
1682 3321 1773 3369 καὶ

1923 3332 2045 3385 ero,
2074 3315 2149 3373 de
2179 3317 2317 3382 Deo,
2360 3316 2449 3373 vir
2487 3316 2730 3388 optime,
2772 3317 2848 3372 de
2882 3318 3019 3386 ﬁde,
3066 3317 3267 3376 futuro
3284 3318 3534 3393 judicio,

162 3409 337 3481 λέγειν
368 3408 545 3471 ἠξίουν
574 3427 586 3440 ι
611 3409 678 3470 ὡς
722 3409 861 3483 εἷπερ
892 3407 980 3470 οὖς
1011 3406 1071 3459 ού
1117 3402 1200 3459 δεῖ
1247 3402 1505 3478 δέχεσθαι
1536 3402 1773 3478 δέχοιτο,

1925 3423 1954 3464 e
1979 3405 2360 3478 conscientia,
2394 3406 2661 3472 veritate,
2692 3407 2987 3465 sententia
3016 3410 3318 3467 constanti
3343 3425 3539 3484 neque

165 3499 364 3558 πάντες
416 3496 528 3570 ἅμα
570 3499 718 3571 τορὸν
764 3515 812 3548 τι
881 3500 967 3547 καί
1026 3491 1345 3568 διαπρύσιον
1416 3493 1775 3569 ἐμϐοήσωμεν,

1934 3512 2070 3562 uxa,
2104 3499 2162 3552 et
2191 3495 2491 3552 similibus
2517 3495 2661 3552 nihil
2691 3495 2914 3554 habeat
2940 3515 2953 3556 :
2989 3495 3312 3555 dicendum
3336 3504 3426 3557 est
3452 3500 3544 3558 le-

164 3583 315 3661 μηδέ
355 3605 430 3647 τις
471 3584 548 3644 εἴη
602 3581 823 3656 μηδενός
873 3581 1054 3658 φειδὼ,
1108 3589 1180 3658 μὴ
1230 3592 1486 3659 πατρικοῦ
1544 3587 1706 3638 πόθου
1729 3583 1777 3637 ἐν

1926 3601 2025 3641 eeo
2050 3584 2338 3657 voragine
2369 3584 2725 3659 Charybden
2756 3586 2958 3643 omnia
2983 3586 3388 3646 absorbuisse.
3418 3591 3540 3661 Ego

167 3676 210 3750 ᾧ
260 3675 633 3749 σεμνυνόμεθα,
688 3679 759 3746 μὴ
822 3681 915 3737 τῆς
969 3677 1353 3749 προσηκούσης
1400 3672 1661 3735 εὐλαϐείας
1716 3674 1778 3733 ἣν

1930 3679 2088 3730 utem
2115 3674 2391 3746 optarim,
2429 3677 2494 3730 ut
2539 3674 2904 3733 contrarium
2949 3692 3088 3734 cum
3133 3678 3369 3745 sentiat,
3416 3683 3542 3737 tum

170 3768 442 3842 πατράσιν
471 3767 636 3837 νέμειν
677 3762 755 3816 ἀεὶ
816 3759 1202 3837 δεδιδάγμεθα,
1256 3759 1395 3836 μηδέ
1450 3782 1583 3823 τινος
1624 3762 1781 3824 οἴλλης

1930 3764 2071 3820 tiam
2098 3761 2377 3836 loquatur
2402 3785 2414 3821 :
2439 3765 2522 3820 ita
2558 3769 2641 3831 ut,
2681 3766 2730 3820 si
2764 3781 2922 3838 quos
2956 3781 3080 3823 non
3109 3767 3336 3836 debuit,
3364 3769 3444 3826 ad
3483 3786 3544 3826 se

174 3852 370 3916 αἰδοῦς
422 3853 482 3912 ἢν
537 3859 656 3926 περὶ
708 3852 862 3905 αὐτόν
922 3858 1370 3925 συνετηρήσαμεν,
1429 3851 1556 3904 ἀλλά
1615 3859 1783 3903 ταῦτα

1932 3850 2160 3925 ecipiat,
2206 3851 2360 3909 elata
2403 3867 2551 3909 voce
2605 3858 2661 3910 et
2705 3852 2870 3911 clara
2911 3858 3056 3911 tunc
3097 3871 3309 3913 omnes
3356 3857 3546 3915 accla-

173 3946 355 3998 πάντα
432 3941 693 4018 πόρρωθεν
772 3942 917 4013 ἡμῶν
986 3940 1353 4007 ἀπελάσαντες,
1432 3943 1554 4014 ὅπερ
1632 3944 1777 4014 ἔφην,

1929 3956 2153 4012 nemus,
2180 3956 2290 3997 nec
2320 3940 2644 4015 quisquam
2664 3941 2806 3998 inde
2827 3942 3175 4015 excipiatur,
3199 3960 3273 4000 ne
3294 3945 3543 4018 quidem

180 4030 471 4102 διωλύγιον
528 4031 914 4103 ἐμϐοησόμεθα.
972 4035 1035 4083 Τί
1074 4037 1244 4082 ταῦτα
1289 4037 1471 4095 ποιεῖς,
1499 4028 1734 4105 ἄνθρωπε
1767 4046 1781 4098 ;

1934 4028 2087 4086 bstet
2112 4035 2428 4102 paternum
2460 4029 2828 4087 desiderium
2857 4030 3022 4104 quod
3050 4034 3255 4103 magni
3285 4033 3548 4091 solemus

182 4127 279 4174 ποῖ
306 4122 436 4194 φέρῃ
471 4136 484 4187 ;
513 4125 565 4171 τί
593 4115 652 4171 δι
690 4123 905 4172 σεαυτόν
936 4117 1150 4192 ἐχθροῖς
1180 4118 1383 4191 ἀγνοεῖς
1425 4117 1735 4192 ἐγχειρίζων
1769 4138 1783 4185 ;

1934 4118 2196 4175 :stimare
2224 4137 2237 4175 :
2268 4133 2389 4175 non
2421 4117 2521 4175 illa
2558 4119 2889 4176 reverentia
2925 4135 3111 4192 quam
3153 4121 3442 4178 docemur
3486 4122 3548 4181 in

183 4213 239 4262 τί
290 4212 415 4271 τοὺς
468 4209 614 4281 ἡμῶν
665 4208 853 4271 ἄθλους
908 4208 975 4269 εἰς
1027 4207 1216 4271 ὕθλους
1257 4206 1529 4280 ἐξήνεγκας
1556 4224 1570 4276 ;
1611 4213 1663 4261 τί
1688 4217 1786 4260 τῶν

1942 4212 2174 4265 arentes
2231 4222 2468 4281 semper
2524 4206 2855 4265 adhibere:
2901 4223 3023 4265 non
3088 4208 3238 4265 alius
3304 4210 3552 4285 quilibet

187 4296 539 4352 εὐσεϐούντων
608 4296 880 4369 αἰσχύνεις
942 4300 1001 4349 τὸ
1083 4299 1402 4370 σύνταγμα;
1469 4302 1523 4349 τί
1575 4293 1634 4351 δι
1693 4306 1788 4350 τῶν

1937 4298 2113 4365 udor,
2144 4312 2328 4370 quem
2368 4312 2570 4353 versus
2600 4295 2770 4353 illum
2808 4296 3207 4355 observamus
3236 4316 3250 4367 ;
3278 4301 3382 4356 sed
3421 4301 3551 4358 l1th

188 4386 403 4460 ἐχθρῶν
456 4384 683 4461 ἐπαίρεις
727 4389 784 4439 τὸ
841 4389 1119 4460 φρόνημα;
1164 4392 1398 4440 Τοιαῦτα
1446 4385 1601 4439 αὐτὸν
1632 4388 1793 4459 ἔγωγε

1943 4386 2108 4443 mnia
2152 4385 2501 4458 longissime
2531 4402 2569 4442 a
2598 4384 2770 4443 nobis
2812 4385 3205 4455 revolventes,
3254 4390 3421 4462 quod
3469 4389 3556 4446 di-

193 4471 524 4536 σπουδάζειν
574 4474 764 4547 μᾶλλον
820 4474 883 4527 ἃν
962 4475 1204 4541 ἤλπιζον,
1267 4476 1313 4528 εἶ
1369 4480 1421 4528 τί
1466 4495 1531 4548 με
1581 4477 1795 4551 παρολι-

1943 4476 2138 4543 ebam,
2161 4479 2400 4533 extenta
2422 4490 2570 4533 voce
2591 4473 2984 4532 inclamemus
3009 4493 3023 4532 :
3049 4477 3118 4534 Mi
3137 4475 3338 4545 homo,
3369 4495 3557 4552 quor-

196 4567 432 4619 σθαίνειν
489 4565 714 4638 ᾖσθάετο
770 4576 819 4631 η,
886 4562 993 4616 ἀλλ’
1064 4563 1184 4636 οὐχ’
1211 4564 1297 4618 οἷα
1345 4572 1455 4635 νῦν,
1505 4566 1794 4627 παιζόντων

1945 4582 2042 4622 um
2080 4565 2192 4622 ista
2228 4564 2311 4623 ita
2349 4570 2553 4638 patras
2583 4566 2613 4623 ?
2649 4580 2773 4638 quo
2814 4563 3047 4622 delatus
3087 4566 3220 4623 abis
3250 4565 3279 4622 ?
3309 4584 3414 4623 cur
3453 4584 3559 4640 per

188 4658 401 4726 γνώμας
496 4656 832 4727 μιμούμενος,
924 4649 1316 4728 διαπράττεται.
1416 4653 1671 4717 Ἧλπιζον
1738 4653 1798 4709 δι

1944 4654 2308 4726 gnorantiam
2350 4658 2404 4711 te
2442 4653 2503 4710 in
2543 4654 2798 4711 hostium
2830 4669 3048 4710 manus
3080 4655 3322 4727 conjicis
3353 4656 3379 4712 ‘l
3409 4656 3558 4730 quid

193 4741 429 4807 κάκεῖνο,
479 4743 546 4805 ὡς
605 4745 651 4796 si
697 4746 776 4805 τίς
822 4762 946 4796 ποτε
988 4751 1087 4796 τῶν
1134 4742 1338 4818 ἐχθρῶν
1396 4746 1588 4807 ταύτας
1638 4744 1798 4798 αὐτοῦ

1950 4749 2116 4800 ostra
2134 4743 2460 4801 certamina
2479 4743 2630 4800 inter
2649 4748 3017 4813 nugamenta
3040 4760 3321 4801 numeras
3336 4747 3363 4802 ?
3384 4762 3562 4819 quor-

194 4833 291 4892 τόις
342 4833 506 4904 φωνάς
577 4836 707 4906 πρός
762 4832 919 4885 αὐτὸν
985 4831 1262 4906 ἐτόλμησεν
1316 4840 1537 4907 ἀφεῖναι,
1590 4837 1799 4907 μυρίοις

1947 4849 2046 4889 um
2066 4833 2303 4906 piorum
2320 4831 2879 4889 consensumfcedas
2894 4831 2923 4887 ‘1‘
2939 4847 3233 4904 quorsum
3246 4834 3461 4891 attollis
3477 4835 3561 4891 sic

194 4921 261 4975 ἂν
292 4923 454 4973 αῦτόν
500 4918 703 4995 βάλλων
734 4919 974 4986 ἑξεδίωξε
1018 4929 1129 4985 τοῖς
1176 4922 1361 4989 λίθοις,
1396 4921 1666 4975 ἀπατεῶνα
1710 4927 1801 4975 καὶ

1946 4923 2155 4980 ostiles
2201 4921 2494 4995 spiritus?
2532 4920 2693 4978 Talia
2736 4936 2847 4991 ego
2888 4920 2967 4976 illi
3009 4919 3136 4978 fore
3183 4922 3338 4980 inter
3384 4939 3560 4983 curas

195 5010 442 5084 ψεύστην
491 5012 621 5084 [καὶ]
689 5015 946 5074 τοιούτοις
1001 5012 1175 5084 λόγοις
1232 5009 1555 5066 διαπλύνων.
1623 5011 1802 5085 ἀνέχε-

1952 5013 2134 5069 rimas
2154 5010 2596 5077 existimabam,
2620 5009 2669 5065 si
2698 5009 2759 5066 in
2780 5009 2982 5083 aliquo
3006 5026 3099 5067 me
3129 5011 3563 5072 exorbitantem

201 5101 333 5153 σθαι
387 5101 487 5174 γάρ
540 5110 640 5154 τῶν
688 5102 854 5164 ἄλλως
926 5102 1064 5174 ἡμᾶς
1122 5101 1514 5164 ἒξουθενούντων
1580 5121 1800 5175 προστε-

1951 5101 2422 5175 eprehendisset.
2446 5099 2643 5172 potius
2665 5114 2850 5172 quam
2878 5104 2937 5155 ut
2959 5097 3337 5159 illudentium
3358 5108 3565 5174 gestus

200 5193 482 5262 ταγμὲνον,
535 5192 616 5244 ὅτι
655 5203 682 5233 ο
712 5199 803 5244 τοῦ
862 5193 1032 5266 πράου
1087 5195 1178 5244 καὶ
1230 5192 1490 5265 εἰρηνικοῦ
1546 5194 1801 5264 μαθηταὶ,

1954 5192 2262 5248 nitaretur.
2297 5192 2645 5262 Sperassem
2677 5188 2940 5255 ulterius,
2990 5188 3153 5262 quod
3204 5191 3251 5246 si
3300 5190 3375 5248 de
3421 5195 3568 5249 meis

203 5279 280 5342 εἰς
321 5290 352 5333 P
386 5283 564 5332 πίστιν
623 5275 683 5333 δε
748 5278 1120 5356 ἕξυϐριζόντων
1172 5277 1343 5343 οὐδεὶς
1388 5282 1452 5333 ἄν
1514 5279 1805 5355 ἀνάσχοιτο

1953 5279 2178 5337 mimicis
2206 5278 2419 5353 aliquis
2449 5277 2577 5335 illas
2605 5277 2767 5352 ipsas
2790 5293 2962 5335 voces
2991 5278 3335 5352 protulisset
3361 5298 3567 5344 coram

281 5404 326 5442 ιι
359 5404 563 5462 Matth.
590 5421 644 5472 ι,
682 5409 768 5464 16.
851 5408 900 5443 η
928 5405 1137 5467 Matth.
1171 5421 1328 5473 xvm,
1364 5406 1418 5462 3.

1556 5530 1799 5587 νΑΒΙλΕ
1840 5528 2241 5588 LECTIONES.

281 5647 329 5681 ll
360 5642 454 5693 καὶ
492 5633 554 5693 δι
602 5641 692 5693 καὶ
718 5642 857 5715 περί.
939 5649 973 5685 II
1003 5637 1088 5697 ἲσ.
1126 5638 1405 5700 ἠσθάνετο.
1487 5648 1517 5681 ο
1548 5640 1627 5691 is.
1658 5638 1796 5693 ἔστι.
1869 5644 1901 5690 P
1923 5638 2006 5692 ῖσ.
2037 5637 2212 5712 ἔσμεν.

4067 146 4069 163 l

4068 300 4069 319 l

4068 434 4069 447 ι

4068 550 4069 563 l

4068 604 4069 617 ι

4067 640 4069 657 t
