4088 6214
216 297 323 354 753

1496 299 2009 358 EPISTOLAHUM
2049 301 2261 359 LIBER
2298 302 2341 358 Ι.

3489 308 3595 365 754

217 425 361 485 σθαι,
404 427 480 484 τίς
518 422 578 475 ἃν
618 420 916 495 δεξάμενος,
970 424 1083 477 ἀντὶ
1128 431 1220 477 τοῦ
1254 421 1424 477 δοκείν
1473 426 1690 500 ἐτέρους,
1732 428 1790 479 οὗ

1937 444 1997 483 se
2019 428 2221 500 palam
2246 428 2372 486 fert.
2394 431 2553 496 Quos
2579 429 2764 487 multo
2783 429 2974 500 magis
2998 428 3192 487 fovere
3210 433 3591 510 comperitur,

210 513 308 565 οὐκ
356 513 525 575 ἔξεστι
565 510 846 585 δέχεσθαι,
895 514 1084 586 μᾶλλον
1139 514 1318 566 ἑαυτὸν
1361 517 1571 577 ἐκείνοις
1603 516 1660 568 ού
1702 537 1822 569 συν-

210 603 552 672 απολέσειεν;
604 603 663 655 ού
709 605 808 677 γὰρ
852 607 917 655 τὰ
962 604 1176 678 ῥήματα
1216 602 1415 674 βελτιοῖ
1454 608 1546 666 τὰς
1588 606 1815 678 πράξεις,

206 688 308 743 διὰ
348 688 407 743 δὲ
448 700 544 743 τῶν
594 694 756 765 ἔργων
808 697 1118 746 συνίσταται
1175 697 1264 745 καὶ
1310 696 1375 746 τὰ
1418 695 1641 769 ῥήματα.
1690 696 1819 749 Εἶτα

198 782 269 832 ἄν
298 800 374 841 τις
402 777 526 833 ἰδὼν
574 780 794 853 λῃστὰς,
829 783 857 842 ἦ
894 782 1087 835 πόλεων
1141 778 1428 856 προδότας,
1471 784 1571 836 ὑπὸ
1613 787 1815 837 πάντων

197 874 297 942 μὲν
346 866 817 942 βδελυσσομένους,
863 878 996 924 πᾶσι
1046 868 1105 924 δὲ
1157 876 1598 944 μυσαττομένους·
1641 876 1816 928 ἔπειτα

197 959 364 1020 αὐτὸς
408 963 601 1011 τούτων
645 964 769 1023 τέως
813 963 1042 1034 καθαρὸς
1091 962 1367 1034 ὑπάρχων,
1419 972 1808 1037 φαντασιοκοπῇ

193 1054 294 1101 καὶ
341 1048 483 1120 λέγοι
527 1053 659 1122 πρὸς
718 1055 807 1102 τὸν
861 1057 1151 1122 κρατοῦντα
1208 1054 1330 1112 τούς
1380 1056 1589 1123 νόμους,
1632 1052 1675 1104 εἰ
1720 1057 1812 1125 μεν

192 1137 293 1199 οὓς
359 1136 693 1212 ἀναιρεθῆναι
768 1136 901 1202 δέον,
972 1142 1184 1198 τούτους
1250 1137 1633 1213 ἀτιμωρήτους,
1702 1140 1807 1212 ἐᾷς,

190 1232 253 1279 τί
312 1232 385 1299 μή
463 1229 644 1280 θᾶττον
690 1228 924 1300 ληστεύω
981 1232 1071 1280 καὶ
1112 1224 1380 1302 προδότης
1433 1234 1666 1301 γίνομαι,
1729 1231 1810 1284 ἵνα

194 1322 518 1388 συγγνώμης
567 1319 735 1389 τύχω·
783 1316 843 1368 ἃν
907 1314 966 1369 δὲ
1011 1314 1166 1375 δίκην
1213 1316 1461 1390 ἀπαιτῇς,
1508 1317 1647 1390 φόϐῳ
1685 1320 1808 1371 ταύα

188 1425 309 1468 της,
366 1405 588 1468 ἐκείνους
640 1406 698 1459 ού
766 1416 1112 1479 μιμήσομαιο
1148 1405 1209 1458 ἂν
1266 1403 1352 1459 οὖν
1412 1426 1491 1469 τις
1541 1407 1804 1481 παρελθὼν

186 1503 417 1547 τοιαῦτα
449 1500 607 1567 λέγοι,
651 1491 732 1568 ἆρ’
769 1498 910 1549 ἔστιν
960 1497 1109 1556 ὅστις
1156 1496 1250 1548 ούκ
1317 1496 1375 1547 ἆν
1427 1496 1585 1548 αὐτοῦ
1632 1517 1805 1570 παρα-

186 1587 358 1656 φορὰν
403 1591 492 1637 καὶ
540 1584 835 1659 ἀρρωστίαν
864 1591 1097 1657 γνώμης,
1130 1591 1220 1649 καὶ
1263 1590 1425 1658 μυρία
1476 1585 1607 1637 οἴλλα
1649 1606 1802 1639 κατα-

181 1679 344 1745 γνοίη
397 1680 493 1739 ;τί
542 1672 601 1727 δε
640 1673 828 1727 ἐκείνου
873 1680 961 1747 μεν
1006 1676 1223 1737 ἕκαστος
1249 1682 1348 1726 τῶν
1394 1681 1511 1726 νοῦν
1574 1673 1799 1746 ἑχόντων

1931 532 2118 589 quam
2144 534 2351 575 eorum
2373 520 2699 591 quispiam,
2724 521 2826 591 qui
2848 520 2908 576 in
2933 520 3033 576 illo
3056 526 3212 577 coetu
3238 538 3595 581 annumera-

1932 610 2043 661 tur.
2076 609 2225 665 Sunt
2246 608 2404 664 enim
2434 610 2583 664 inter
2614 626 2735 676 eos,
2759 609 2864 682 qui
2898 615 3205 682 utcunque
3235 612 3590 683 corporibus

1930 695 2053 750 suis
2084 697 2382 762 assistant,
2410 704 2612 754 tamen
2641 698 2719 753 ab
2742 698 2976 754 illorum
3003 700 3283 755 societate
3306 701 3585 771 practica,

1928 783 2006 840 ab
2044 784 2207 841 intus
2238 785 2564 843 dissidente
2613 787 3001 851 conscientia,
3052 787 3400 844 vacillantes
3431 805 3590 848 rece-

1924 873 2094 929 dunt.
2127 877 2211 931 Tu
2240 883 2456 940 autem,
2499 876 2769 932 nondum
2803 878 3161 948 conjunctus
3198 893 3465 949 corpore,
3496 880 3591 951 ju-

1923 960 2082 1018 dicio
2131 969 2188 1019 et
2239 964 2454 1021 affectu
2506 967 2776 1037 copulari
2831 966 3177 1022 desideras:
3241 968 3407 1039 quod
3464 984 3584 1025 non

1923 1050 2121 1107 adhuc
2153 1052 2325 1123 plene
2360 1053 2538 1109 fueris
2582 1055 2887 1120 adunitus,
2922 1056 2979 1110 id
3013 1070 3049 1111 a
3081 1055 3415 1120 timiditate,
3460 1072 3582 1113 non

1920 1141 2175 1212 pietate;
2210 1158 2245 1197 a
2294 1142 2523 1213 pudore
2569 1144 2957 1214 proficiscitur
2986 1148 3044 1199 et
3088 1160 3203 1200 non
3253 1145 3577 1202 voluntate.

1920 1231 2060 1294 Quis
2082 1236 2282 1287 autem
2302 1248 2371 1287 ea
2392 1234 2748 1301 admitteret,
2774 1250 2908 1306 qua:
2932 1248 3006 1288 ne
3031 1234 3342 1289 somnians
3364 1250 3581 1307 appro-

1917 1317 2079 1374 bavit
2095 1321 2461 1393 aliquando?
2482 1321 2531 1375 is
2556 1322 2795 1387 scilicet,
2817 1321 2921 1393 qui
2947 1322 3280 1377 causamin
3306 1324 3578 1380 timorem

1916 1409 2102 1479 rejicit
2145 1426 2250 1465 cur
2280 1411 2548 1465 nondum
2591 1410 2830 1466 illorum
2860 1411 3158 1465 consortio
3197 1417 3571 1482 aggregetur,

1914 1513 2053 1553 cum
2074 1499 2328 1553 inimicis
2348 1499 2633 1571 pndeﬁct‘i
2655 1500 2960 1571 antiquius
2975 1499 3203 1565 habuit,
3224 1516 3411 1572 quam
3435 1517 3575 1559 cum

1912 1585 2307 1644 familiaribus
2370 1589 2493 1644 suis
2548 1595 2605 1645 et
2652 1588 2920 1658 cognatis
2973 1588 3354 1645 admirationi
3403 1606 3571 1658 esse;

1912 1676 2096 1732 modo
2128 1679 2200 1731 sit
2242 1678 2293 1732 ei
2331 1678 2389 1732 in
2419 1682 2725 1749 posterum
2774 1680 3040 1749 impune.
3077 1678 3134 1735 Si
3177 1678 3439 1751 recipere
3481 1680 3573 1736 vel

180 1766 587 1835 καταγνώσεται
651 1780 665 1830 ;
714 1762 774 1815 ἂν
820 1760 881 1816 δέ
935 1783 1033 1825 τις,
1085 1762 1200 1815 ἀντὶ
1248 1767 1338 1836 μεν
1389 1760 1660 1835 προδοτῶν
1710 1770 1792 1817 πό-

1911 1765 2223 1822 admittere
2277 1783 2393 1822 non
2443 1767 2683 1837 licebat,
2733 1767 2939 1839 ecquis
2988 1772 3121 1839 post
3170 1768 3570 1840 receptionem

176 1852 333 1921 λεώς,
400 1849 660 1927 προδότας
716 1857 962 1915 πίστεως,
1016 1851 1128 1905 ἀντὶ
1180 1854 1239 1905 δὲ
1289 1853 1497 1925 λῃστῶν
1545 1856 1797 1926 σωμάτων

175 1942 387 2014 λῃστὰς
435 1944 578 1994 θείων
646 1946 810 2014 νόμων
861 1942 927 2002 εἰς
980 1946 1136 2013 μέσον
1183 1946 1433 2014 παράγου
1487 1946 1659 1995 ἔπειτα
1709 1946 1798 2004 τὰς

178 2031 351 2092 αὑτὰς
386 2034 548 2104 φωνὰς
596 2029 889 2105 ἀνακράζη,
922 2030 1051 2103 ούχὶ
1097 2035 1190 2089 τήν
1245 2034 1368 2089 ἴσην
1426 2031 1581 2083 αὐτὸν
1628 2032 1656 2090 ἦ
1709 2037 1797 2084 καὶ

176 2120 405 2193 μείζονα
429 2120 601 2191 ψῆφον
650 2123 791 2193 παρά
838 2139 898 2191 γε
960 2128 1060 2172 τῶν
1114 2122 1531 2193 σωφρονούντων,
1587 2120 1794 2191 ἁπενεγ·

178 2218 296 2262 κεῖν
364 2209 709 2279 οἱησόμεθα;
771 2214 936 2282 χωρὶς
996 2205 1055 2261 δε
1104 2217 1203 2261 τῶν
1268 2209 1566 2283 εἰρημένων,
1615 2209 1658 2262 εἰ
1706 2213 1794 2281 μὲν

172 2306 292 2361 τοῖς
350 2298 803 2359 ἑκκλησιαστικοῖς
858 2300 1065 2371 θεσμοῖς
1108 2301 1202 2361 τὰς
1262 2298 1477 2371 πράξεις
1536 2299 1792 2365 ἰθύνουσι,

174 2394 257 2449 τίς
331 2385 415 2440 δεῖ
491 2396 591 2439 τῶν
673 2386 899 2460 ἀκαίρων
983 2388 1275 2453 ζητήσεων,
1356 2392 1442 2439 καὶ
1522 2387 1793 2460 λογισμοῖς

172 2477 418 2530 παλαίειν
470 2482 559 2528 καὶ
612 2478 1040 2548 ἀποπνίγεσθαη
1097 2474 1223 2528 ἀλλὰ
1272 2481 1343 2548 μή
1398 2480 1579 2530 θᾶττον
1623 2478 1792 2529 αὐτῶν

170 2576 271 2628 τῆς
312 2572 500 2641 μοίρας
537 2571 805 2638 γινόμενος
855 2566 1043 2623 πολλὴν
1072 2570 1166 2624 τήν
1213 2573 1527 2638 συγγνώμην
1578 2566 1792 2629 ἕξαιτεῖς

171 2663 273 2717 τῆς
335 2652 713 2729 βραδύτητος;
769 2654 813 2707 εἰ
863 2650 913 2706 δ’
970 2653 1023 2706 ἐκ
1057 2656 1259 2726 θεσμῶν
1317 2657 1477 2727 ἔργων
1529 2656 1790 2729 ὑπηρέτας

172 2744 489 2809 ἐπίστασαι,
527 2748 579 2795 τί
627 2743 1076 2817 πολυπραγμονεῖς
1118 2744 1225 2808 ςᾶν
1275 2762 1328 2795 τε
1360 2739 1524 2795 δῶσιν
1566 2744 1789 2796 ἐνταῦθα

174 2830 364 2898 δίκην,
395 2835 455 2884 οἷν
482 2853 535 2885 τε
578 2839 647 2905 μή
688 2850 701 2898 ;
735 2832 794 2884 ἆν
826 2836 914 2904 μὲν
945 2836 1043 2906 γὰρ
1102 2829 1288 2897 δῶσιν,
1322 2833 1547 2903 οἰμεινον,
1587 2833 1783 2898 ἕξουσι,

170 2930 241 2993 τῇ
294 2927 523 2995 τιμωρίᾳ
569 2926 661 2980 τήν
719 2922 978 2994 ἁμαρτίαν
1030 2923 1480 2995 ἑκκαθαιρόμενοι⁸
1521 2920 1581 2973 διν
1614 2918 1672 2975 δὲ
1711 2927 1782 2994 μὴ

170 3007 338 3076 δῶσι,
423 3018 576 3062 τοῦτο
655 3010 838 3071 αύτούς
918 3008 1258 3083 ἀθλιωτέρους
1339 3011 1635 3085 ἐργάζεται,
1709 3013 1785 3064 ὅτι

1907 1853 2092 1920 illam,
2109 1864 2166 1910 ut
2189 1857 2537 1928 possitquos
2560 1872 2679 1913 non
2698 1857 2879 1921 licuit,
2898 1860 3211 1928 susceptos
3236 1857 3568 1924 admittere,

1908 1942 2044 1998 velit
2095 1960 2155 1997 se
2213 1944 2271 1998 in
2336 1944 2719 2001 manifestum
2773 1945 3099 2001 discrimen
3157 1946 3569 2018 praecipitare?

1908 2031 2105 2087 Verba
2131 2049 2274 2088 sane
2303 2050 2420 2088 non
2456 2033 2771 2089 meliorant
2804 2035 3093 2103 actiones,
3121 2036 3223 2091 sed
3258 2050 3364 2106 per
3388 2036 3569 2091 actio-

1907 2135 2014 2175 nes
2039 2121 2225 2176 verba
2252 2122 2383 2178 licet
2421 2122 2812 2195 interpretari.
2848 2126 2995 2179 Nam
3025 2123 3073 2178 si
3102 2123 3239 2195 quis
3268 2123 3567 2180 contuitus

1904 2209 2188 2273 latrones,
2242 2218 2345 2266 aut
2390 2211 2701 2267 civitatum
2751 2212 3127 2283 expilatores,
3173 2212 3564 2269 detestatione

1906 2300 2129 2372 ubique
2165 2301 2421 2366 habitos,
2463 2300 2974 2357 exsecrationibus
3011 2301 3404 2375 undiquaque
3431 2318 3564 2375 pro-

1905 2389 2125 2445 scissos
2152 2407 2163 2444 :
2198 2391 2483 2445 immunis
2514 2390 2712 2446 adhuc
2752 2392 2880 2462 ipse
2907 2395 2963 2447 et
2995 2406 3182 2463 purus
3222 2391 3298 2446 ab
3326 2390 3562 2449 illorum

1903 2482 2205 2534 consortio
2240 2479 2483 2535 tandem
2508 2480 2931 2551 phantasmate
2962 2480 3265 2552 abreptus,
3298 2480 3457 2537 dicat
3486 2481 3563 2537 le-

1903 2582 2048 2637 gum
2076 2567 2313 2622 arbitris
2344 2574 2399 2622 et
2419 2568 2960 2640 dispensatoribus,
2988 2568 3038 2624 si
3062 2569 3243 2625 hosce
3264 2568 3560 2639 homines,

1899 2670 2069 2727 rogo,
2118 2657 2244 2711 sine
2292 2672 2464 2728 poena
2519 2657 2801 2724 dimittas,
2854 2673 3005 2729 quos
3058 2673 3168 2729 par
3216 2663 3272 2714 et
3318 2674 3562 2731 aequum

1900 2744 2089 2801 fuerat
2120 2746 2193 2800 de
2227 2747 2344 2802 vita
2380 2746 2518 2811 tolli,
2552 2762 2658 2801 cur
2687 2762 2808 2802 non
2840 2761 2952 2816 ego
2984 2748 3186 2803 statim
3225 2746 3377 2804 latro
3412 2748 3557 2805 ﬁam

1900 2851 1969 2891 ac
2002 2835 2287 2907 proditor,
2318 2840 2377 2890 ut
2416 2835 2500 2891 sic
2526 2835 2765 2891 veniam
2798 2837 3026 2907 possim
3067 2836 3387 2893 sceleribus
3418 2853 3561 2909 pro-

1898 2940 2177 2982 movere:
2225 2923 2391 2995 quod
2437 2922 2488 2977 si
2548 2939 2792 2995 poenam
2853 2924 3099 2994 irroges,
3147 2930 3310 2981 metu
3366 2941 3557 2997 pcen'ae

1896 3014 2080 3068 nolim
2104 3029 2214 3081 ego
2245 3013 2373 3068 illos
2401 3012 2637 3067 imitari.
2663 3012 2894 3085 Siquis,
2924 3013 3196 3085 inquam,
3226 3013 3418 3071 obiter
3442 3016 3557 3075 ista

168 3105 481 3173 πικρότερον
532 3100 709 3161 αὐτοῖς
764 3104 822 3151 τὸ
889 3098 1075 3151 ἐκεῖθεν
1142 3098 1431 3157 ἀπαντήσει
1499 3096 1784 3159 δικαιωτή-

1902 3102 2081 3167 dicat,
2104 3103 2239 3173 quis
2273 3117 2391 3156 non
2420 3101 2588 3157 illum
2618 3100 2812 3157 furere
2842 3106 2898 3158 et
2928 3101 3190 3159 insanire
3209 3102 3238 3158 ?
3266 3105 3401 3175 quis
3429 3120 3555 3161 non

166 3208 309 3261 ριον⁶
345 3192 477 3242 ὥστε
504 3192 548 3242 εἶ
577 3209 677 3241 τινι
717 3198 818 3240 τῶν
862 3185 956 3241 δύο
1004 3192 1197 3241 τούτῶν
1246 3191 1445 3263 αἵρεσις
1485 3194 1780 3261 προῦκειτο,

168 3280 364 3341 ἐκεῖνος
415 3277 475 3329 ἂν
529 3282 584 3330 τὸ
634 3281 839 3330 ἔλαττον
892 3282 1051 3329 κακὸν
1114 3277 1268 3350 ἐφάνη
1320 3281 1643 3350 αἱρούμενος,
1694 3285 1783 3333 καὶ

165 3372 232 3421 τὸ
321 3367 480 3419 αὑτοῦ
558 3370 817 3440 συμφέρον
893 3364 1346 3437 ἐπισκοπούμενος,
1408 3367 1511 3439 οὐχ
1574 3369 1627 3429 ὅς
1688 3373 1781 3427 τήν

166 3457 396 3510 ἐνταῦθα
444 3459 617 3528 φεύγει
663 3452 848 3507 δοῦναι
894 3451 1068 3512 δίκην·
1128 3454 1232 3507 ἀλλ’
1265 3455 1320 3518 ὃς
1361 3455 1407 3506 ἔν
1446 3464 1518 3526 τῷ
1566 3464 1654 3508 νῦν
1693 3462 1781 3510 καὶ

164 3545 397 3598 ἐντεῦθεν
452 3542 661 3598 διδόναι
717 3549 809 3603 τὴν
859 3544 1048 3597 ἐκεῖθεν
1105 3544 1367 3617 ἕπράῡνεν·
1418 3545 1527 3597 ἐπεὶ
1566 3550 1656 3598 καὶ
1695 3550 1780 3598 τὸν

162 3642 443 3698 νοσοῦντα,
501 3634 605 3706 οὐχ
674 3634 728 3686 ὃν
776 3634 962 3708 ἰατρῶν
1034 3640 1229 3705 χεῖρες,
1287 3639 1374 3685 καὶ
1436 3640 1613 3706 τομαὶ,
1693 3641 1780 3688 καὶ

162 3726 403 3786 καύσεις,
484 3729 603 3786 τούς
672 3726 867 3783 πάθους
920 3721 1231 3793 ἀπάγουσιν,
1288 3722 1395 3773 ἀλλ’
1457 3723 1511 3774 ὃν
1574 3726 1638 3775 τὰ
1689 3734 1779 3785 τῆς

162 3817 361 3885 τέχνης
414 3814 608 3887 ὁρῶμεν
666 3818 737 3885 μή
790 3816 1159 3887 πρασιέμενον,
1193 3810 1380 3863 ἐκεῖνον
1423 3808 1533 3870 ἤδη
1578 3812 1777 3876 τελείως

161 3901 586 3975 ἀναγινώσκομεν
636 3914 682 3969 ι,
724 3908 813 3955 καὶ
869 3900 918 3954 ἐν
962 3900 1210 3973 ἐσχάτοις
1266 3908 1447 3962 κακοῖς
1501 3900 1646 3973 ἰσμὶν
1695 3901 1778 3965 ἐξ·

159 3991 473 4063 εταζόμενον
489 4022 504 4033 -

1896 3198 2091 3246 mente
2124 3192 2180 3244 in
2212 3190 2390 3245 rebus
2432 3190 2562 3245 aliis
2592 3190 2864 3246 laborare
2910 3190 3176 3246 similiter
3208 3191 3374 3247 haud
3416 3208 3551 3264 pro-

1892 3280 2189 3335 nuntiabit
2210 3279 2238 3333 i’
2265 3278 2434 3343 Quod
2463 3280 2509 3333 si
2534 3279 2672 3352 quis
2700 3294 2820 3334 non
2848 3278 3085 3335 urbium
3119 3278 3222 3335 sed
3251 3280 3386 3336 ﬁdei
3412 3297 3550 3354 pro-

1891 3368 2129 3431 ditores,
2156 3369 2471 3439 praedones
2486 3384 2606 3423 non
2621 3367 3023 3438 corporalium
3048 3367 3153 3424 sed
3176 3368 3552 3441 divinmlegis

1890 3458 1950 3513 in
1976 3457 2240 3513 medium
2267 3457 2589 3527 productos
2612 3457 2879 3527 sistat,{et
2901 3456 3065 3528 apud
3087 3456 3219 3513 illos
3243 3474 3419 3514 voces
3445 3474 3549 3516 eas

1890 3547 2055 3617 ipsas
2089 3547 2246 3611 edat,
2288 3561 2492 3602 annon
2524 3547 2803 3602 eamdem
2834 3547 2894 3601 in
2945 3547 3144 3617 ipsum
3193 3550 3550 3605 sententiam

1888 3635 1980 3690 vel
2012 3636 2189 3690 etiam
2223 3635 2527 3691 duriorem
2562 3651 2666 3708 per
2701 3634 3029 3707 prudentes
3057 3650 3258 3691 rerum
3289 3636 3549 3694 aestima-

1891 3730 2042 3780 tores
2087 3724 2394 3779 ferendam
2444 3725 2777 3795 putamus?
2820 3725 3043 3779 Verum
3094 3725 3369 3797 sepositis
3411 3742 3547 3799 qum

1880 3813 2006 3884 jam
2046 3814 2204 3867 dicta
2245 3818 2402 3880 sunt,
2455 3814 2504 3867 si
2546 3813 2879 3867 secundum
2933 3829 3219 3879 canones,
3269 3813 3386 3871 hoc
3435 3821 3544 3883 est,

1886 3901 2046 3970 leges
2068 3900 2495 3956 ecclesiasticas
2517 3901 2780 3957 actiones
2803 3899 3091 3969 regulent,
3108 3902 3254 3971 quid
3279 3918 3432 3973 opus
3454 3909 3546 3960 est

1883 3990 2049 4046 hisce
2070 3989 2481 4059 intempestive
2500 3988 2675 4044 motis
2703 3987 3133 4060 quaestionibus
3154 3989 3182 4043 ?
3206 3990 3354 4061 quid
3370 3991 3545 4048 ratio-

154 4080 422 4137 cinando
449 4080 536 4135 vel
559 4079 940 4149 contendere,
970 4078 1058 4135 vel
1088 4078 1235 4135 alios
1267 4077 1560 4135 suffocare
1581 4080 1610 4138 ?
1630 4079 1842 4151 quidni
1869 4081 2067 4153 potius
2099 4083 2365 4133 actutum
2391 4078 2468 4133 ad
2503 4082 2703 4150 partes
2732 4076 2965 4132 accedit
2989 4082 3046 4134 et
3072 4077 3307 4133 veniam
3332 4078 3544 4150 depre-

156 4176 327 4225 cetur
355 4186 478 4225 suae
506 4168 798 4225 tarditatis
820 4170 848 4227 ?
877 4170 974 4225 Sin
1009 4184 1148 4224 vero
1176 4168 1480 4225 actionum
1506 4167 1633 4239 lege
1659 4168 2094 4241 prohibitarum
2126 4172 2352 4223 actores
2383 4181 2703 4237 agnoscas,
2737 4165 2887 4238 quid
2916 4166 2999 4221 ita
3029 4164 3273 4222 tandem
3304 4167 3541 4224 curiose

151 4258 403 4329 satagis,
434 4263 631 4315 utrum
664 4259 757 4314 hic
788 4258 1153 4330 supplicium
1186 4257 1355 4313 luant
1387 4262 1490 4313 aut
1520 4273 1643 4314 non
1671 4258 1888 4315 luant?
1917 4259 1974 4337 Si
2005 4256 2276 4313 dederint
2308 4256 2481 4311 isthic
2512 4271 2744 4327 poenas,
2780 4254 3009 4311 meliori
3043 4260 3168 4310 tum
3198 4261 3371 4312 erunt
3402 4271 3540 4314 con-

149 4348 400 4411 ditione,
426 4349 709 4403 nimirum
733 4363 837 4419 per
868 4363 1075 4418 poenas
1104 4347 1398 4415 irrogatas
1425 4348 1663 4419 expiato
1686 4348 1912 4421 peccati
1938 4352 2104 4404 reatu
2130 4366 2140 4404 ε
2172 4346 2335 4418 quod
2366 4346 2415 4400 si
2444 4360 2565 4401 non
2592 4344 2752 4410 dent,
2778 4344 2892 4401 hoc
2917 4360 2987 4400 eo
3013 4350 3152 4401 sunt
3180 4344 3535 4416 miseriores,

148 4452 225 4491 eo
256 4437 422 4508 quod
448 4437 744 4507 judicium
779 4436 1103 4508 aliquando
1130 4436 1364 4491 caeleste
1395 4452 1535 4492 cum
1566 4438 1780 4509 majori
1815 4436 2101 4493 subibunt
2131 4435 2469 4491 acerbitate.
2508 4436 2732 4507 Itaque,
2770 4435 2820 4490 si
2858 4434 3040 4492 modo
3071 4434 3224 4491 inter
3255 4435 3385 4493 haec
3416 4436 3539 4494 duo

150 4524 363 4580 electio
394 4525 694 4589 consistat,
727 4527 776 4580 is
809 4526 1011 4581 minus
1042 4524 1271 4580 malum
1308 4525 1540 4581 videtur
1571 4525 1841 4596 elegisse,
1875 4532 1932 4581 et
1966 4541 2077 4581 suo
2116 4525 2439 4581 commodo
2466 4524 2679 4582 melius
2711 4525 3116 4597 prospexisse,
3164 4540 3286 4581 non
3325 4525 3429 4598 qui
3476 4525 3539 4583 id

152 4613 281 4681 agit
313 4630 389 4669 ne
419 4615 511 4669 hic
540 4615 838 4687 puniatur,
867 4615 972 4670 sed
1011 4613 1116 4686 qui
1158 4630 1257 4685 per
1297 4615 1661 4688 supplicium
1691 4615 2101 4673 isthicobitum
2132 4613 2505 4671 tolerabilius
2544 4614 2752 4671 reddet
2772 4614 3071 4687 judicium
3103 4614 3269 4669 illud.
3302 4617 3450 4672 Nam
3482 4620 3539 4673 et

148 4709 564 4771 aegrotantem,
596 4720 981 4777 nequaquam
1007 4704 1175 4760 illum
1204 4720 1385 4776 quem
1419 4704 1792 4762 medicorum
1823 4721 2061 4771 manus,
2091 4705 2401 4769 sectiones,
2436 4704 2831 4760 ustulationes
2860 4704 3073 4759 morbo
3103 4702 3397 4769 liberant;
3430 4706 3536 4761 sed

150 4808 336 4865 quem
372 4792 644 4847 videmus
670 4795 812 4848 artis
839 4793 1083 4848 medicae
1117 4793 1328 4864 praxin
1357 4809 1478 4849 non
1509 4794 1815 4860 ferentem,
1851 4794 2037 4860 illum,
2075 4795 2348 4865 inquam,
2380 4798 2535 4849 statu
2566 4794 2828 4864 positum
2854 4793 3187 4864 desperato,
3221 4795 3279 4848 et
3303 4791 3535 4851 concla-

150 4888 410 4947 matum,
445 4881 669 4937 morbis
702 4882 982 4937 extremis
1015 4883 1374 4947 cruciatum,
1408 4887 1466 4937 et
1494 4882 1800 4939 doloribus
1831 4883 2167 4939 confectum
2201 4887 2574 4954 reputamus.

228 4975 330 5023 Καὶ
404 4974 455 5022 τί
529 4969 590 5021 ἂν
654 4990 732 5033 τις
804 4973 869 5023 τὰ
940 4970 1161 5043 ἑπόμενα
1227 4979 1337 5033 τοῖς
1402 4979 1564 5024 αυτοῦ
1614 4972 1761 5044 λογι-

1942 4973 2245 5038 Quorsum
2277 4986 2415 5026 vero
2450 4970 2752 5044 quispiam
2793 4985 2861 5025 ea
2893 4985 3028 5043 quae
3070 4974 3406 5041 sequuntur
3441 4988 3535 5031 ra-

1872 5060 2132 5117 tionibus
2176 5066 2337 5132 putet
2396 5058 2955 5131 apprehendenda?
3012 5074 3155 5116 sane
3212 5059 3373 5117 enim
3434 5062 3534 5120 illa

1871 5154 1935 5205 ut
1970 5149 2159 5205 levius
2194 5149 2455 5203 feramus
2483 5163 2621 5219 qum
2665 5148 3015 5220 contingunt
3054 5148 3306 5215 facient;
3352 5154 3531 5223 atque

1868 5236 1948 5293 ita
1988 5238 2166 5294 nobis
2222 5237 2457 5310 parient
2513 5236 3008 5293 consolationem.
3068 5238 3175 5294 Per
3230 5239 3346 5297 ista
3393 5255 3529 5298 nos-

1868 5332 1989 5382 met
2026 5330 2241 5383 iterum
2287 5325 2595 5396 possidere
2660 5325 2951 5398 sategisti,
3004 5328 3194 5384 amice
3241 5330 3295 5384 et
3332 5327 3530 5385 frater-

154 5067 315 5131 σμοίς
368 5060 691 5133 απαριθμοίη
737 5076 751 5126 ;
794 5068 961 5112 ταῦτα
999 5063 1135 5132 ἡμᾶς
1178 5059 1553 5135 ἀκοπώτερονι
1594 5080 1760 5136 παρα-

153 5152 402 5202 σκευάσει
488 5151 555 5200 τὰ
653 5148 1035 5222 συμϐαίνοντα·
1139 5158 1304 5203 ταῦτα
1378 5150 1449 5213 εἰς
1518 5150 1761 5225 παραψυ-

150 5243 261 5310 χήν
307 5238 517 5311 ὶξομεν·
562 5240 763 5300 τούτοις
811 5241 948 5311 ἡμᾶς
997 5237 1351 5303 ἀνακτᾶσθαι,
1408 5239 1447 5290 ὦ
1505 5238 1615 5310 φίλε
1668 5243 1759 5292 καὶ

147 5323 362 5400 ἀδελφε,
434 5323 857 5399 διεσπούδασας,
937 5328 997 5383 οὗ
1077 5329 1179 5402 γὰρ
1257 5335 1358 5381 τῶν
1436 5330 1754 5402 σεμνοτέρων

1493 5468 1734 5523 VARUE
1777 5467 2179 5523 LECTIONES.

226 5603 251 5634 ι
278 5556 355 5650 is,
378 5591 826 5668 ἀπογινώσκομεν.
859 5595 879 5635 ί
904 5595 1089 5669 φίρειν.
