4088 6214
527 264 634 325 755
1748 261 1995 321 PHOTll
2040 260 2529 320 PATHIABCI-LE
2567 262 2676 319 CP.
3782 264 3893 322 758

521 410 666 453 nam
707 389 961 450 vocibus
1001 390 1056 448 te
1096 390 1267 448 affari
1312 388 1796 448 honoratioribus
1842 405 1965 446 non
2024 388 2182 446 desi-

2292 391 2533 464 ρημάτων
2602 388 2904 463 ἱξίσταμαι,
2978 387 3105 444 οὐδὶ
3168 397 3240 463 τῷ
3309 388 3647 458 μελετηθέντι
3719 392 3889 444 πάντα

484 474 491 481 ’
523 490 704 549 stam,
738 497 863 539 non
901 481 1108 538 omnia
1135 485 1192 537 et
1223 479 1457 551 singula
1482 478 1744 537 consiliis
1775 483 1832 536 et
1859 478 2180 553 propositis

525 572 858 638 ascribam;
902 570 1006 628 sed
1049 568 1213 643 quod
1243 569 1301 624 in
1336 572 1535 624 actum
1565 568 1856 625 hactenus
1885 567 2181 641 producta

522 678 649 720 non
675 662 910 726 fuerint,
948 658 1047 716 illa
1078 658 1213 714 ideo
1253 673 1391 715 cum
1432 673 1538 730 spe
1579 656 2017 713 emendationis
2064 661 2180 713 tum

525 750 1011 823 compellationes
1080 762 1247 803 meas
1303 745 1587 803 instituo:
1646 746 1712 803 Si
1769 747 1857 803 sal
1913 747 2181 817 infatua-

526 850 619 898 tus
642 840 847 913 fuerit,
875 838 1070 910 inquit
1110 836 1417 903 Dominus,
1462 837 1528 892 in
1568 852 1683 908 quo
1725 836 1960 893 demum
2009 837 2182 893 salie-

527 931 697 988 tur13
717 927 746 983 Ῡ
774 928 833 984 Si
864 943 958 983 res
990 942 1264 983 meorum
1296 924 1942 992 amicorum,l‘ratrum,
1970 925 2183 981 libero-

523 1037 682 1084 rum,
705 1018 1139 1082 membrorum,
1160 1016 1456 1072 viscerum
1487 1036 1499 1072 :
1520 1015 1565 1071 si
1580 1031 1674 1071 res
1695 1031 1901 1071 eorum
1922 1014 2182 1088 singulo—

520 1124 656 1166 rum
686 1106 815 1181 (qui
844 1107 990 1164 mihi
1022 1111 1160 1164 ante
1192 1121 1404 1162 omnes
1437 1110 1575 1161 sunt
1604 1105 1964 1176 honorandi)
1992 1122 2011 1176 ;
2041 1120 2183 1178 pro-

523 1204 654 1271 pter
679 1213 835 1270 quos
865 1197 927 1253 in
957 1211 1136 1252 carne
1166 1194 1364 1251 adhuc
1390 1195 1588 1267 potius
1618 1192 1960 1265 subsistere,
1992 1209 2179 1267 quam

525 1286 772 1344 dissolvi
792 1291 1003 1343 etcum
1018 1284 1245 1343 Christo
1267 1298 1394 1339 esse
1415 1282 1688 1339 mallem:
1709 1298 1971 1355 quorum
1992 1297 2182 1339 causa

523 1375 831 1447 concidor,
874 1373 1193 1441 distrahor,
1235 1377 1293 1430 et
1319 1372 1600 1445 lacrymaa
1630 1387 1779 1428 meae
1808 1371 1952 1427 mihi
1993 1387 2180 1444 panes

523 1466 717 1523 ﬁunt:
759 1464 809 1521 si
845 1479 1050 1521 eorum
1087 1461 1360 1518 omnium
1388 1461 1480 1517 hic
1523 1461 1593 1517 sit
1642 1467 1854 1527 status,
1894 1460 2042 1534 quid
2081 1460 2179 1516 de-

522 1555 703 1612 beam
734 1553 813 1610 ab
840 1552 969 1610 aliis
988 1555 1370 1624 exspectare?
1390 1551 1509 1606 Nec
1526 1548 1757 1621 injuria.
1777 1550 1913 1606 Scio
1937 1551 2175 1615 etenim,

525 1643 772 1701 beatum
802 1641 1074 1707 Paulum,
1107 1640 1268 1697 solus
1293 1656 1431 1696 cum
1457 1645 1608 1695 esset
1630 1639 1691 1695 in
1716 1638 1970 1695 vinculis
1999 1639 2176 1695 desti-

528 1737 711 1799 tutus,
744 1731 964 1788 dixisse
988 1746 1001 1785 :
1030 1732 1102 1787 In
1117 1731 1313 1799 prima
1332 1744 1463 1786 mea
1482 1729 1822 1800 defensione
1846 1745 2011 1786 nemo
2032 1729 2179 1786 mihi

2292 1750 2371 1792 νος
2438 1734 2548 1804 μετ’
2598 1733 2724 1805 ἐμοῦ
2765 1750 2777 1763 ·

528 1822 728 1891 adfuit
752 1822 798 1857 ¹⁴
823 1838 835 1877 :
856 1826 910 1877 et
933 1821 1167 1887 iterum,
1185 1818 1341 1876 solus
1367 1820 1554 1876 Lucas
1573 1834 1796 1877 mecum
1820 1825 1901 1877 est
1923 1820 1967 1855 ¹⁸
1997 1859 2010 1872 .
2030 1822 2175 1876 Nam

526 1926 649 1968 non
675 1913 930 1982 possunt
958 1926 1169 1967 omnes
1193 1925 1255 1964 se
1285 1907 1607 1979 obdurare,
1633 1913 1692 1965 et
1718 1909 2003 1981 patientia
2032 1909 2172 1965 niti:

525 2003 894 2073 quapropter
932 2014 1067 2055 cum
1111 2000 1397 2056 Dominus
1436 1997 1784 2067 praediceret
1830 1996 2179 2054 aﬂlictiones

526 2093 828 2155 venturas,
855 2093 914 2145 et
936 2089 1307 2155 tentationes,
1342 2106 1480 2147 cum
1507 2088 1731 2163 quibus
1758 2086 1842 2143 illi
1872 2088 1967 2159 qui
1999 2087 2057 2142 in
2090 2087 2182 2157 ip-

530 2192 666 2234 sum
680 2176 958 2233 credituri
971 2182 1159 2245 erant,
1175 2178 1494 2251 conﬂigere
1506 2179 1831 2243 debebant,
1857 2177 2174 2232 subnectit:

526 2266 633 2323 Ast
645 2269 750 2339 qui
760 2269 821 2324 in
831 2268 1008 2337 ﬁnem
1024 2268 1514 2336 perseveraverit,
1528 2269 1578 2324 is
1594 2268 1791 2325 salvus
1816 2266 1926 2323 erit
1947 2266 2176 2331 ".Scio,

529 2361 586 2412 et
600 2355 958 2413 anteriorem
971 2357 1088 2413 adh
1100 2374 1169 2413 uc
1184 2358 1465 2413 Davidem
1478 2357 1833 2430 prophetam
1848 2372 1907 2412 m
1917 2356 1974 2413 ul
1984 2360 2177 2412 torum

529 2444 910 2503 solitudinem
930 2445 1174 2512 luxisse,
1194 2451 1250 2502 et
1265 2444 1430 2502 illam
1454 2445 1530 2501 ab
1551 2444 1761 2501 amicis
1781 2444 2178 2501 desertionem

514 2536 785 2613 .Domino
804 2533 1242 2605 deprecationis
1262 2534 1394 2591 loco
1418 2538 1876 2607 reprmsentasse
1899 2551 1913 2589 :
1936 2534 2180 2592 Salvum

529 2623 753 2693 mefac,
781 2623 944 2689 Deus,
959 2624 1238 2695 quoniam
1261 2623 1476 2694 defecit
1493 2626 1779 2695 justus,et
1800 2624 2017 2683 veritas
2040 2639 2183 2696 pau-

531 2710 707 2770 citate
720 2712 953 2769 laborat
968 2711 1292 2783 interﬁtios
1307 2713 1607 2770 hominum
1624 2714 1692 2772 ³⁷.
1717 2715 2011 2780 Quorsum
2039 2729 2181 2771 vero

528 2801 691 2860 hunc
732 2801 824 2859 vel
862 2800 1030 2857 illum
1066 2802 1241 2858 citem
1288 2800 1315 2855 ?
1345 2802 1476 2859 Scio
1516 2802 1839 2860 Dominum
1887 2808 1944 2859 et
1997 2806 2183 2860 Deum

531 2907 734 2949 meum
764 2895 895 2948 tum
925 2907 1064 2947 cum
1092 2891 1519 2965 apprehensus,
1555 2892 1803 2949 vinculis
1832 2892 2181 2949 constrictus

528 2979 942 3049 abduceretur,
982 2980 1313 3037 solitarium
1351 2979 1536 3036 fuisse
1573 2981 1922 3038 derelictum
1966 2999 1979 3036 :
2037 2980 2184 3036 scri-

528 3076 705 3145 ptum
726 3075 815 3127 est
834 3071 991 3127 enim
1017 3086 1030 3127 :
1058 3071 1197 3140 Ipso
1217 3071 1442 3128 deserto
1460 3071 1749 3141 fugerant
1772 3073 1839 3125 ιε.
1864 3071 2012 3139 Quid
2041 3085 2183 3141 ergo

529 3161 752 3218 mirum
775 3161 804 3219 ?
825 3176 936 3217 nos
964 3160 1404 3218 homunciones
1430 3162 1682 3218 miseros
1706 3166 1762 3219 et
1787 3161 2182 3226 miserandos,

529 3252 752 3326 quibus
781 3266 891 3309 nec
910 3266 1111 3308 aerem
1133 3252 1359 3324 spirare
1382 3250 1637 3307 liberum
1662 3251 1814 3320 licet,
1844 3250 2184 3307 carceribus

528 3345 587 3397 et
607 3341 859 3398 vinculis
880 3342 1279 3415 mancipatos,
1310 3339 1468 3396 mille
1491 3340 1785 3401 moriendi
1807 3342 2022 3397 modos
2039 3355 2187 3412 quo-

528 3429 671 3486 tidie
700 3433 1128 3503 exspectantes,
1155 3430 1323 3487 omni
1346 3429 1660 3485 destitutos
1687 3429 1919 3485 meliori
1949 3445 2073 3501 spe,
2107 3432 2185 3486 ab

531 3518 815 3575 omnibus
839 3519 921 3574 ita
945 3518 1208 3574 desertos
1237 3523 1295 3574 et
1313 3517 1626 3575 derelictos
1655 3538 1668 3572 :
1694 3522 1893 3590 atque,
1924 3534 1962 3574 o
1988 3519 2034 3574 si
2063 3525 2186 3576 tan-

531 3611 659 3664 tum
680 3605 993 3663 derelictos
1019 3606 1031 3661 l
1056 3604 1205 3663 l‘erre
1221 3606 1338 3663 hoc
1354 3621 1687 3680 possemus.
1714 3608 1817 3663 sed
1835 3608 2185 3680 neutiquam

530 3711 643 3753 nos
673 3694 820 3751 nudi
844 3694 1194 3762 deserimur,
1221 3695 1336 3752 sub
1368 3696 1627 3752 nominis
1655 3698 1842 3754 nostri
1874 3703 2183 3769 prastextu,

530 3782 839 3841 veritatem
854 3782 1150 3851 abnuunt,
1164 3784 1626 3843 ecclesiasticam
1639 3801 1880 3843 omnem
1894 3791 2183 3845 etrectam

533 3872 886 3931 sententiam
917 3872 1205 3931 deserunt
1233 3890 1248 3930 :
1285 3875 1456 3947 cujus
1487 3875 1845 3933 observandi
1877 3877 2087 3947 gratia,
2126 3874 2187 3932 ni

526 3978 655 4021 non
675 3963 969 4020 hactenus
989 3962 1294 4033 elegerunt
1310 3963 1452 4036 pati,
1472 3963 1663 4021 abilla
1676 3981 1737 4021 se
1764 3980 1925 4021 nunc
1946 3964 2190 4021 abscin-

530 4051 703 4117 dunt,
747 4057 804 4110 et
827 4051 993 4110 illam
1020 4052 1198 4125 longe
1231 4058 1548 4126 seponunt.
1585 4056 1703 4111 Hoc
1734 4060 1823 4110 est
1852 4054 1994 4111 illud
2024 4053 2190 4128 quod

529 4141 826 4214 imprimis
845 4139 1107 4215 percellit
1126 4148 1386 4199 mentem
1411 4143 1577 4211 mihi,
1600 4143 1762 4215 quod
1790 4160 1884 4200 me
1904 4143 2186 4211 absumit,

529 4247 669 4289 cum
690 4230 1592 4305 videammembra,quibusoum
1608 4234 2187 4305 nosincorporamur,

531 4326 590 4377 et
607 4320 925 4394 participes
944 4326 1273 4387 exstamus,
1297 4336 1369 4377 ex
1389 4337 1566 4395 aequo
1585 4322 1789 4379 Christi
1820 4339 1853 4379 a
1876 4323 2068 4395 capite
2089 4323 2188 4380 illo

532 4408 723 4467 divelli
743 4408 873 4467 etin
894 4408 1217 4482 perniciem
1239 4409 1449 4477 redigi.
1470 4412 1535 4465 Et
1557 4415 1755 4466 tamen
1779 4410 1938 4466 istud
1960 4411 2186 4469 malum

529 4499 591 4558 in
613 4515 677 4558 se
698 4513 823 4557 non
845 4496 1275 4564 sufferendum,
1302 4498 1376 4554 sit
1393 4503 1548 4555 certe
1570 4498 1875 4556 tolerabile
1892 4516 1998 4572 per
2022 4502 2187 4572 prius

530 4589 805 4663 exempla
839 4587 1103 4645 recitata.
1136 4589 1407 4645 Attamen
1453 4588 1711 4645 derelicti
1741 4588 1896 4645 illius
1935 4605 2183 4646 causam

529 4679 591 4736 in
616 4694 728 4737 nos
747 4677 1066 4737 artiﬁciose
1080 4675 1393 4735 transferre
1406 4677 1571 4743 velle,
1598 4677 1769 4750 cujus
1789 4678 2057 4734 nondum
2083 4695 2184 4751 po-

530 4768 639 4825 tuit
656 4767 995 4841 exemplum
1017 4766 1263 4841 aliquod
1287 4766 1551 4839 reperiri,
1581 4767 1891 4840 quomodo
1912 4768 2073 4840 quis,
2098 4773 2186 4824 ut-

533 4871 770 4929 cunque
782 4859 978 4915 omnia
994 4856 1235 4914 ferendo
1248 4855 1772 4914 sufﬁcientissimus
1789 4857 2187 4930 aequanimiter

532 4945 748 5017 poterit
775 4945 1043 5003 tolerare.
1085 4946 1343 5003 Omnino
1382 4946 1643 5019 percipio
1683 4946 2032 5018 praclaram
2072 4962 2185 5017 ego

532 5035 1074 5093 remunerationem
1096 5036 1321 5094 amoris
1344 5035 1404 5092 in
1427 5040 1481 5093 te
1504 5036 1619 5092 mei
1634 5035 1887 5108 paterni,
1906 5052 2043 5092 cum
2068 5039 2186 5094 Deo

534 5122 859 5195 conjuncti,
892 5128 948 5181 et
977 5124 1301 5196 spiritualis
1331 5124 1486 5182 illius
1529 5124 1765 5182 miriﬁci
1794 5128 1853 5181 et
1895 5127 2184 5183 tremendi

531 5211 685 5271 illius
706 5217 933 5285 partus,
959 5230 1081 5287 quo
1106 5218 1168 5271 tu
1193 5213 1371 5273 nobis
1401 5215 1631 5282 enixus,
1658 5214 1863 5273 lumen
1893 5220 2184 5273 terrarum

534 5301 697 5362 orbis
724 5302 787 5359 in
809 5303 1061 5376 mystico
1084 5303 1355 5363 Ecclesiae
1374 5304 1640 5364 thalamo
1665 5321 1772 5379 per
1800 5307 1931 5364 vitae
1961 5321 2186 5363 sermo-

532 5408 675 5451 nem
699 5391 994 5467 prodiisti.
1024 5392 1092 5451 Et
1114 5391 1227 5450 ista
1251 5408 1364 5465 ego
1385 5393 1570 5453 tolero
1595 5410 1702 5468 per
1731 5400 1788 5452 et
1812 5399 2054 5470 propter
2081 5394 2184 5452 ad-

2290 474 2513 552 δίδωμι,
2559 477 2665 532 ἀλλ’
2717 480 2798 532 ὅτι
2854 484 2977 542 τίως
3037 484 3110 553 μὴ
3159 476 3570 555 διαπέπρακται,
3620 485 3715 533 καὶ
3758 484 3886 554 πρὸς

2288 572 2377 626 τὴν
2430 565 2619 623 ἐλπίδα
2659 576 2750 631 τῆς
2794 566 3123 645 διορθώσεως
3175 572 3267 632 τὰς
3321 568 3536 632 κλήσεις
3581 571 3884 644 μερίζομαι.

2290 656 2406 711 Ἐὰν
2467 662 2525 710 τὸ
2581 657 2704 719 ἅλας
2752 659 3025 732 μωρανθῇ,
3098 660 3124 710 ὁ
3196 661 3388 733 Κύρίος
3442 678 3625 731 φησιν,
3684 658 3733 711 ἄν
3790 664 3887 712 τίνι

2290 746 2632 806 ἁλισθήσεται
2681 764 2697 817 ;
2743 748 2829 800 ἐὰν
2893 750 2959 801 τὰ
3002 757 3104 802 τῶν
3173 748 3350 823 φίλων,
3392 750 3461 801 τὰ
3505 757 3609 802 τῶν
3658 746 3886 823 ἀδελφῶν

2288 839 2354 889 τὰ
2405 845 2505 889 τῶν
2538 840 2742 908 τέκνων,
2791 839 2852 890 τὸ
2898 845 3000 890 τῶν
3055 836 3189 911 ἔμῶν
3239 837 3421 910 μελῶν,
3484 841 3553 890 τὰ
3598 846 3703 890 τῶν
3759 838 3889 909 ἐμῶν

2293 924 2610 999 σπλάγχνων
2659 928 2748 998 (τὰ
2811 935 2911 980 τῶν
2968 929 3172 980 πάντων
3214 926 3327 1000 ίμοὶ
3386 928 3760 1000 τιμιωτάτων),
3819 923 3889 980 δι’

2291 1014 2376 1076 οὖς
2432 1016 2502 1068 ἔτι
2553 1019 2612 1069 τὸ
2668 1020 2827 1091 σαρκὶ
2872 1024 3138 1092 παρεῖναι,
3190 1024 3282 1070 τοῦ
3338 1014 3596 1070 ἁναλύσαι
3655 1020 3745 1068 καὶ
3801 1021 3891 1069 σὺν

2290 1111 2505 1177 Χριστῷ
2567 1104 2699 1159 εἶναι
2771 1112 3102 1183 προκρίνεται
3130 1128 3142 1140 ο
3205 1103 3279 1159 δι’
3331 1105 3417 1168 οὓς
3467 1110 3732 1179 κόπτομαι
3807 1110 3893 1159 καὶ

2293 1197 2692 1268 σπαράσσομαι,
2746 1201 2836 1248 καὶ
2885 1198 2951 1249 τὰ
2989 1192 3197 1272 δάκρυά
3234 1215 3334 1269 μου
3382 1197 3537 1270 ἄρτος
3582 1193 3699 1266 ἐμοὶ
3756 1200 3893 1268 γίνε-

2289 1302 2376 1336 ται
2405 1305 2417 1317 ·
2447 1283 2530 1336 ἐὰν
2583 1281 2670 1338 οὖν
2724 1289 2793 1338 τὰ
2831 1285 3001 1339 αὐτῶν
3044 1293 3279 1339 τοιαῦτα.
3314 1288 3522 1338 ποταπὰ
3571 1290 3685 1360 χρὴ
3724 1304 3898 1357 προσ-

2291 1369 2452 1446 δοκᾴν
2492 1376 2555 1427 τὰ
2601 1383 2700 1427 τῶν
2755 1374 2919 1428 ἄλλων
2965 1391 2980 1442 ;
3031 1373 3140 1427 ἀλλ’
3190 1372 3341 1427 οὐδὲν
3393 1377 3734 1446 θαυμαστόν·
3768 1370 3896 1427 οἶδα

2286 1465 2388 1537 γὰρ
2418 1469 2508 1517 καὶ
2558 1467 2640 1516 τὸν
2690 1465 2961 1517 θεσπέσιον
3016 1465 3217 1518 Παῦλον
3260 1468 3413 1537 μόνον
3450 1463 3499 1517 ἐν
3529 1460 3751 1536 δεσμοῖς
3799 1484 3892 1516 κα·

2287 1551 2619 1624 ταλειφθέντα
2648 1571 2660 1584 '
2718 1553 2800 1608 Ἐν
2868 1562 2929 1627 τῇ
2990 1559 3168 1628 πρώτη
3222 1573 3346 1627 μου,
3387 1558 3564 1627 φησὶν,
3636 1552 3896 1626 ἀπολογία

2288 1638 2458 1704 οὐδεὶς
2532 1663 2623 1714 μοι
2688 1648 3122 1716 συμπαρεγίνετο,
3191 1647 3301 1709 καὶ,
3354 1646 3557 1704 Λουκάς
3623 1642 3737 1696 ἔστι
3800 1648 3892 1715 μό-

2828 1733 2887 1785 οὗ
2953 1735 3052 1806 γὰρ
3115 1736 3319 1786 πάντων
3395 1734 3425 1792 ἡ
3484 1737 3737 1807 καρτερία
3806 1738 3898 1784 καὶ

2286 1821 2541 1893 ὑπομονὴ·
2578 1820 2672 1875 διὰ
2712 1831 2863 1875 τοῦτο
2914 1829 3003 1875 καὶ
3050 1824 3077 1875 ὁ
3123 1826 3313 1895 Κύριος
3357 1822 3511 1875 εἰπὼν
3562 1825 3657 1884 τὰς
3698 1821 3898 1893 θλίψεις

2287 1915 2377 1963 καὶ
2416 1916 2538 1974 τοὺς
2574 1917 2898 1988 πειρασμοὺς
2946 1914 3025 1974 οἷς
3072 1912 3274 1985 ἔμελλον
3326 1914 3377 1966 οἱ
3420 1912 3489 1973 εἰς
3536 1913 3698 1965 αὐτὸν
3745 1931 3898 1965 nuri-

2292 2005 2561 2063 στευκὸτες
2629 2001 2872 2067 ἐναθλιῖν,
2951 2001 3232 2073 ἐπήγαγεν.
3294 2002 3352 2056 Ὀ
3411 1998 3462 2056 δ’
3492 2004 3775 2074 ὑπομείνας
3829 2004 3899 2064 εἰς

2289 2088 2446 2155 τελος,
2496 2091 2645 2153 οὗτος
2700 2094 3017 2150 σωθήσεται·
3073 2088 3198 2144 οῖδα
3243 2094 3334 2144 καί
3383 2093 3483 2164 πρὸ
3558 2095 3747 2144 τούτου
3814 2096 3898 2144 τὸν

2289 2186 2560 2253 προφήτην
2602 2177 2768 2234 Δαϐὶδ
2814 2189 2911 2234 τῶν
2972 2180 3170 2234 πολλῶν
3222 2185 3316 2239 τὴν
3366 2179 3587 2255 ἕρημίαν
3626 2177 3890 2254 ἀποδυρό-

2288 2290 2457 2343 μενον,
2500 2275 2588 2323 καὶ
2644 2274 2837 2328 ταύτην
2869 2272 2938 2332 ὡς
2969 2271 3231 2343 ἱκετηρίαν
3262 2277 3334 2340 τῷ
3379 2277 3493 2342 Θεῳ
3539 2273 3896 2345 προτείνοντα⁹

2290 2364 2461 2414 Σῶσόν
2514 2379 2596 2433 με,
2659 2362 2836 2435 Κύριε,
2903 2360 2984 2412 ὅτι
3041 2358 3324 2413 ἐκλέλοιπεν
3391 2360 3555 2422 ὅσιος·
3643 2360 3725 2412 ὅτι
3774 2360 3901 2412 ὠλι-

2286 2450 2535 2522 γὼθησαν
2613 2451 2671 2501 αἱ
2748 2446 2989 2506 ἀλήθειαι
3061 2446 3162 2501 ἀπὸ
3211 2456 3313 2500 τῶν
3388 2450 3514 2500 υἱῶν
3570 2456 3671 2501 τῶν
3702 2448 3893 2522 ἀνθρώ-

2288 2558 2397 2592 πων
2426 2561 2439 2572 ·
2484 2542 2573 2591 καὶ
2630 2542 2681 2590 τὶ
2738 2536 2870 2608 λέγω
2918 2544 3099 2590 τοῦτον
3130 2537 3160 2596 ἣ
3212 2535 3398 2590 ἐκεῖνον
3426 2554 3442 2603 ;
3474 2533 3603 2590 οἶδα
3627 2541 3718 2590 τὸν
3772 2537 3895 2610 ἐμὸν

2291 2632 2551 2686 Δεσπότην
2607 2632 2697 2679 καὶ
2761 2628 2911 2692 Θεὸν,
2984 2624 3093 2679 ἐπεὶ
3146 2625 3435 2698 συνελήφθη
3479 2630 3570 2680 καὶ
3616 2630 3751 2700 πρὸς
3813 2623 3895 2679 δε-

2293 2722 2589 2791 σμωτήριον
2652 2719 2828 2787 ἤγετο,
2883 2720 3036 2788 μόνον
3098 2714 3495 2787 καταλειφθέντα
3522 2732 3534 2745 ⁸
3602 2720 3707 2769 Καὶ
3748 2714 3896 2788 ἁφὲνψ

2291 2825 2374 2867 τες
2448 2807 2550 2880 ’γὰρ
2636 2804 2809 2873 αὐτὸν,
2904 2810 3055 2877 φησὶ,
3134 2807 3319 2866 πάντες
3385 2805 3594 2875 ἔφυγον.
3665 2810 3732 2858 Τί
3807 2801 3896 2858 οὖν

2294 2896 2599 2967 θαυμαστόν
2641 2910 2655 2960 ;
2701 2894 2746 2946 εἰ
2790 2899 2881 2947 καὶ
2927 2901 3014 2946 νῦν
3058 2895 3217 2965 ἡμᾶς.
3279 2892 3577 2966 ἀνθρώπους
3628 2894 3895 2969 οἰκτροὺς,

2291 2989 2380 3036 καὶ
2452 2984 2714 3047 ἐλεεινοὺς,
2786 2981 3089 3056 ἀνθρώπους
3171 2979 3311 3055 μηδε
3390 2985 3477 3035 τὸν
3556 2981 3686 3057 ἀέρα
3759 2991 3898 3056 σπᾷν

2293 3072 2549 3148 ἐλεύθερον
2631 3076 3158 3147 παραχωρουμίνους,
3238 3070 3538 3144 ἀνθρώπους
3619 3070 3900 3145 δεσμωτή-

2292 3183 2403 3235 ριον
2471 3163 2761 3225 οἰκοῦντας,
2835 3166 3055 3235 μυρίους
3140 3163 3395 3223 θανάτους
3469 3161 3589 3215 καθ’
3667 3163 3898 3222 ἑκάστην

2294 3249 2712 3327 προσδοκῶντας,
2761 3257 2852 3305 καὶ
2900 3253 3075 3314 πάσης
3127 3247 3339 3313 ἐλπίδος
3368 3260 3616 3327 χρηστῆς
3642 3271 3898 3327 περιῃρηε

2293 3346 2469 3413 μένης,
2528 3342 2572 3394 εἰ
2620 3347 2709 3394 καὶ
2758 3340 3055 3394 καταλιπεῖν
3105 3359 3183 3402 τις
3238 3339 3557 3412 ἐμελίτησεν,
3628 3340 3739 3393 ἀλλ’
3794 3340 3897 3396 εἴθε

2294 3436 2444 3504 μόνον
2491 3430 2791 3484 καταλιπεῖν
2838 3428 3173 3500 (ἀνύποιστον
3231 3431 3334 3501 γὰρ
3383 3429 3461 3499 ὃν)
3504 3430 3565 3482 οὐ
3608 3433 3715 3505 ’γὰρ
3762 3434 3898 3504 ἡμᾶς

2295 3521 2345 3570 οἱ
2394 3527 2622 3572 τοιοῦτοι
2664 3518 3166 3591 καταλιμπάνουσιν,
3205 3516 3311 3570 ἀλλ’
3360 3517 3410 3570 ἐν
3463 3520 3696 3591 ἡμετέρᾳ
3736 3540 3898 3591 προσ·

2298 3613 2508 3682 ηγορίᾳ,
2554 3617 2650 3670 τῆς
2715 3607 2961 3671 ἀληθείας
3007 3612 3097 3660 καὶ
3154 3614 3245 3660 τοῦ
3309 3605 3756 3665 ίκκλησιαστικοῡ
3808 3615 3899 3662 καὶ

2297 3697 2455 3769 ὀρθοῦ
2499 3702 2845 3769 φρονήματος,
2900 3698 3026 3768 ὑπερ
3075 3696 3155 3761 οὗ,
3205 3700 3371 3771 μέχρι
3413 3703 3524 3759 νῦν,
3572 3701 3745 3770 μυρία
3798 3717 3899 3749 πα-

2301 3788 2403 3840 θεῖν
2442 3787 2653 3850 εἶλοντο,
2700 3786 2912 3847 ἑαυτοὺς
2965 3783 3293 3856 ἐκτίμνουσίν
3336 3803 3390 3838 τε
3443 3790 3536 3838 καὶ
3593 3786 3903 3859 ἀποκηρύτ-

2299 3895 2479 3929 τουσιν
2584 3877 2706 3946 ὅπερ
2776 3878 2969 3937 παντὸς
3015 3874 3248 3946 μάλιστα
3294 3873 3481 3946 ψυχήν
3535 3873 3759 3931 πλήττει
3811 3880 3903 3929 καὶ

2300 3961 2586 4036 ἕκδαπανᾴ,
2642 3965 2769 4034 μέλη
2802 3965 2948 4036 ὀρᾴν,
2992 3963 3059 4015 ὧν
3104 3961 3256 4036 ἔσμεν
3300 3966 3580 4035 σύσσωμοι
3632 3969 3727 4016 καὶ
3768 3983 3901 4036 συμ-

2300 4060 2541 4128 μέτοχοι,
2618 4061 2851 4129 Χριστοῦ
2896 4061 2989 4114 τῆς
3040 4052 3265 4125 κεφαλῆς
3308 4048 3656 4125 διασπώμενά
3711 4073 3767 4106 τε
3812 4058 3905 4105 καὶ

2299 4144 2728 4217 ἀποφθειρόμενα,
2798 4141 2904 4194 ἀλλ’
2958 4143 3092 4213 ὅμως
3154 4140 3411 4217 ἀφόρητον
3480 4140 3534 4193 ὃν
3598 4144 3657 4194 τὸ
3716 4147 3901 4207 κακὸν,

2300 4236 2520 4308 φορητὸν
2563 4231 2622 4284 ἂν
2664 4230 2886 4303 ἐγεγόνει
2928 4237 3036 4291 τοῖς
3094 4231 3303 4305 ῥηθεῖσι
3351 4226 3800 4304 παραδείγμασιν·
3842 4236 3903 4284 τὸ

2300 4322 2359 4376 δι
2401 4326 2491 4375 καὶ
2539 4326 2633 4381 την
2677 4320 2843 4372 αἰτίαν
2899 4328 2986 4371 του
3023 4318 3345 4385 καταλιπεῖν,
3386 4321 3512 4391 ἡμῖν
3542 4320 3906 4391 τεχνάζεσθαι

2298 4410 2616 4483 ἐπιγράφειν,
2648 4410 2707 4462 οὗ
2742 4414 2813 4482 μὴ
2865 4414 3029 4481 μέχρι
3069 4416 3157 4460 νῦν
3188 4405 3306 4460 οὐδ’
3354 4411 3498 4460 ἔστιν
3535 4409 3704 4482 εὑρεῖν
3733 4411 3904 4484 ὑπάρ-

2297 4501 2386 4564 ξαν
2425 4495 2785 4572 παράδειγμα,
2832 4507 2937 4559 πῶς
2993 4498 3055 4550 οἶν
3106 4517 3203 4559 τις.
3263 4497 3309 4550 εἰ
3360 4502 3451 4549 καὶ
3511 4499 3685 4550 πάντα
3730 4502 3902 4573 φέρειν

2294 4593 2424 4661 ἔσχε
2465 4594 2782 4661 γυμνασίαν,
2829 4589 3124 4658 ὑπενεγκεῖν
3172 4582 3422 4645 δυνηθείη
3464 4603 3479 4652 ;
3527 4587 3663 4638 καλά
3699 4606 3764 4658 γε
3810 4587 3895 4656 (οὗ

2292 4682 2394 4752 γὰρ
2445 4677 2651 4750 ἀπέχω)
2693 4679 2785 4738 τὰς
2833 4675 3051 4746 ἀμοιϐὰς
3098 4684 3190 4728 τοῦ
3219 4680 3338 4750 περί
3387 4694 3443 4728 τε
3468 4678 3610 4728 θείου
3668 4682 3763 4729 καὶ
3794 4696 3898 4729 παι

2294 4776 2473 4840 τρικοῦ
2538 4766 2770 4840 φίλτρον,
2826 4770 2917 4818 καὶ
2972 4774 3070 4817 τῶν
3135 4773 3491 4837 πνευματικῶν
3548 4763 3757 4818 ἐκείνων
3808 4771 3901 4818 καὶ

2294 4859 2565 4930 ὑπερφυῶν
2610 4862 2699 4907 καὶ
2748 4863 2991 4929 φρικτῶν,
3063 4853 3284 4918 ἐκείνων,
3328 4852 3375 4904 ἓν
3423 4849 3507 4915 αἶς
3560 4858 3628 4907 σὺ
3680 4859 3897 4927 φωστὴρ

2296 4947 2343 5000 ἐν
2394 4954 2576 5019 κόσμῳ
2625 4947 2774 5017 λόγον
2821 4949 2960 5009 ζωῆς
3012 4944 3239 5016 ἐπέχειν,
3266 4952 3329 5016 τῇ
3364 4951 3598 5018 μυστικῇ
3658 4943 3899 4999 παστάδι

2294 5046 2388 5101 τῆς
2430 5035 2740 5097 Ἐκκλησίας
2797 5034 3163 5107 ἑναπετέχθης
3219 5041 3387 5086 ταῦτα
3420 5029 3517 5087 διὰ
3579 5042 3682 5097 τῆς
3758 5037 3901 5107 ὑμῶν

2294 5126 2614 5200 ἁξιαγάστου
2662 5129 2751 5178 καὶ
2806 5126 2947 5186 θείας
2998 5126 3269 5190 συνέσεως,
3316 5127 3447 5195 πρὸς
3488 5127 3578 5176 τὸν
3629 5127 3764 5196 xei;
3809 5129 3901 5178 καὶ

2292 5224 2470 5291 πρώην
2541 5212 2716 5287 δοχὰς
2800 5216 2925 5286 ἡμῖν
2995 5219 3085 5266 καὶ
3154 5208 3463 5287 ὑπερδοχὰς
3542 5216 3905 5286 περιθέμενον,

2293 5308 2633 5379 ὑποφέρομαι,
2684 5308 2773 5357 καὶ
2823 5310 2915 5366 τῆς
2962 5299 3100 5365 ἰδίας
3145 5303 3311 5377 ὁρμῆς
3366 5306 3460 5362 τὴν
3503 5303 3653 5374 ἡμῶν
3702 5303 3904 5377 ἐπιτρο-

2291 5400 2392 5454 πὴν
2435 5396 2743 5468 πειραθέντα
2787 5390 2980 5459 λαϐεῖν,
3028 5390 3294 5463 αἰσχύνης
3334 5395 3424 5442 καὶ
3477 5391 3894 5464 ἁμαρτημάτων,

605 5529 651 5567 ³⁸
668 5524 872 5588 Matth.
900 5542 958 5598 v,
986 5526 1072 5583 13.
1149 5528 1198 5566 ¹⁴
1223 5528 1271 5586 II
1296 5527 1443 5587 Tim.
1471 5544 1550 5599 1v,
1580 5532 1664 5588 l6.
1745 5530 1788 5567 ¹⁵
1809 5529 1954 5588 ibid.
1985 5530 2074 5587 11.
2151 5529 2182 5566 ¹⁴

2292 5529 2422 5587 itth.
2452 5544 2608 5599 xxiv,
2646 5525 2727 5583 13.
2810 5527 2848 5561 ⁸⁷
2881 5523 3033 5583 Psal.
3062 5541 3140 5591 χι,
3168 5524 3220 5579 2.
3306 5526 3353 5562 ³⁸
3378 5524 3581 5592 Matth,
3607 5541 3771 5589 xxvx,
3800 5524 3893 5580 56.
