4088 6214
278 257 387 313 757

1517 301 1526 312 .
1557 250 2061 310 EPISTOLARUM
2099 251 2318 311 LIBER
2354 252 2397 310 Ι.

3541 265 3648 323 758

279 387 344 442 ὡς
375 377 554 448 δῆθεν,
591 379 926 452 ἀποστροφὴν
969 384 1058 432 καὶ
1107 377 1468 452 ἀναχώρησιν,
1526 379 1569 431 εἰ
1624 383 1713 431 καὶ
1764 377 1862 430 τού·

1994 378 2331 435 mirabilem
2357 385 2412 435 et
2435 379 2703 438 divinam
2721 382 2899 454 plane
2920 383 3078 440 illius
3093 384 3354 443 hominis
3384 391 3645 462 pruden-

279 475 481 524 ναντίον
549 472 837 542 ἔμπραττεν
913 469 1052 540 αὐτῷ
1125 473 1477 541 περιγέγονενυ
1527 471 1556 526 ὴ
1635 471 1736 542 γὰρ
1817 466 1884 529 εἰς

277 562 446 633 ἕτερον
505 558 738 633 ἀναφορά
801 566 892 610 τοῦ
949 557 1288 630 ἐγκλήματος,
1367 557 1426 609 ἆν
1497 554 1635 629 μηδε
1700 561 1882 628 χώραν

278 650 422 722 εὑρη,
474 647 704 720 μάλιστα
742 652 801 700 τό
856 653 1130 720 τέχνασμα
1170 643 1588 721 παρεισδύσεως,
1639 647 1706 707 εἰς
1760 665 1881 717 σφοο

277 735 528 812 δροτέραν
612 741 906 810 περιτρέπει
980 745 1072 790 τοῦ
1153 734 1451 798 συνειδότος
1532 738 1878 808 κατάγνωσιν,

275 829 476 880 οἴκοθεν
507 832 596 878 καὶ
633 835 770 898 σαφῆ
815 831 903 880 καὶ
936 829 1164 899 ἄφυκτον
1222 831 1308 880 τόν
1366 826 1580 898 ἔλεγχον
1612 828 1842 898 φέρουσα
1863 843 1880 859 ο

273 923 326 970 τί
401 919 504 990 γὰρ
562 915 803 991 ἑτέρωθεν
857 914 1060 978 ἐζήτεις
1139 921 1474 989 συμμαχίαν,
1543 918 1631 967 καὶ
1692 920 1883 984 σχῆμα

275 1015 478 1077 σεαυτῷ
528 1004 815 1078 έτεχνάζου
867 1001 1244 1077 δικαιολογίας,
1305 1005 1347 1058 εἰ
1397 1010 1468 1077 μή
1524 1008 1583 1057 τό
1642 999 1882 1064 συνειδὸς

273 1093 421 1149 ἔνδον
488 1092 625 1167 εἶχες
678 1098 864 1168 πικρὸν
918 1101 1211 1167 κατήγορον
1264 1103 1360 1157 τῆς
1421 1093 1768 1167 βουλήσεως;
1827 1095 1880 1144 τί

274 1181 335 1237 δε
373 1185 492 1236 καθ’
544 1185 700 1236 αὐτόν
749 1183 808 1236 ού
847 1186 1114 1259 πράττεις,
1165 1183 1200 1236 ἃ
1230 1180 1553 1246 σπουδάζεις
1581 1181 1790 1235 ἄλλοθεν
1820 1203 1873 1234 ιι.

1994 467 2163 535 tiam,
2186 468 2290 540 qui
2317 485 2427 524 nos
2452 469 2579 525 heri
2608 485 2677 526 ac
2703 472 3133 531 nudiustertius
3163 476 3341 548 epulo
3367 481 3642 551 apposito

1991 557 2315 628 recipiebat
2349 574 2360 611 :
2394 558 2618 630 quique
2649 575 2721 616 ex
2747 561 2930 618 animi
2979 563 3070 620 sui
3101 565 3332 638 impetu
3363 570 3554 625 nostri
3581 571 3644 628 in

1992 661 2054 701 se
2080 647 2477 718 patrocinium
2501 647 2806 721 suscipere
2828 655 2883 707 et
2902 652 3211 710 tuitionem
3235 656 3475 714 volebat
3501 674 3512 713 :
3543 659 3644 715 de-

1990 733 2243 802 decoris,
2265 741 2323 792 et
2351 735 2754 794 admissorum
2777 739 3098 798 criminum
3125 746 3524 816 aversionem,
3543 748 3646 805 de-

1989 821 2450 897 pulsionemque
2470 824 2710 892 scilicet,
2731 827 2864 885 licet
2881 845 3054 885 secus
3073 848 3257 904 quam
3275 843 3638 905 speraverat,

1989 912 2050 968 id
2079 913 2475 984 contingebat.
2507 916 2902 973 Transmissio
2933 918 3229 991 siquidem
3274 924 3539 980 criminis
3576 925 3638 982 in

1990 1001 2170 1059 alium
2185 1004 2556 1076 quempiam,
2571 1005 2618 1060 si
2635 1021 2755 1060 non
2769 1005 3118 1064 admittatur
3131 1009 3444 1068 artiﬁciose
3457 1029 3634 1071 exco-

1988 1091 2172 1164 gitata
2211 1092 2598 1159 machinatio,
2622 1093 2683 1149 in
2729 1095 3069 1166 graviorem
3109 1100 3436 1157 concedere
3475 1102 3626 1160 solet

1988 1181 2363 1237 conscientias
2389 1182 2976 1247 condemnationem,
3001 1185 3147 1241 dum
3174 1188 3246 1242 ab
3269 1188 3425 1244 intus
3448 1190 3629 1246 inevi-

269 1275 518 1330 tabilem
574 1274 1055 1342 redargutionem
1108 1273 1483 1328 manifestam
1537 1272 1778 1345 patitur.
1817 1271 1930 1324 Cur
1967 1285 2109 1326 vero
2140 1270 2379 1327 aliunde
2434 1273 2756 1344 satagebas
2812 1274 3154 1331 auxilium?
3183 1293 3288 1332 cur
3311 1277 3638 1337 formulam

269 1365 374 1419 tibi
405 1363 772 1420 defensionis
799 1369 855 1418 et
886 1369 1236 1435 praetextum
1269 1363 1657 1419 artificiosum
1690 1359 2079 1434 procurabas,
2109 1360 2156 1415 si
2206 1362 2572 1418 conscientia
2602 1363 2835 1419 interna
2878 1363 3192 1421 destitutus
3221 1382 3354 1424 eras
3385 1373 3499 1425 tuae
3530 1387 3628 1428 vo-

269 1454 513 1508 luntatis
535 1453 898 1508 accusatrice
928 1451 956 1507 τ
985 1451 1152 1520 Quod
1188 1468 1286 1523 per
1311 1457 1364 1508 te
1397 1467 1519 1507 non
1551 1451 1678 1522 agis
1709 1450 1857 1521 ipse,
1891 1447 2007 1504 hoc
2039 1465 2150 1521 per
2181 1450 2330 1508 alios
2359 1451 2646 1524 consequi
2678 1451 2928 1508 moliris.

347 1548 446 1596 Καὶ
495 1541 637 1613 εἰμὴ
671 1551 769 1594 τῶν
801 1541 1084 1594 ἐπιστολῶν
1139 1543 1164 1594 ό
1213 1547 1365 1614 νόμος
1413 1539 1627 1612 έπέσχε,
1667 1543 1758 1591 καὶ
1787 1544 1876 1589 τοῦ

266 1633 664 1705 ύπογράφοντος
716 1633 746 1690 ἡ
822 1637 945 1706 χεὶρ
997 1637 1086 1684 καὶ
1134 1636 1244 1684 τότε
1320 1630 1577 1683 κλαπεῖσα
1632 1624 1874 1702 ἐμποδὼν

266 1722 476 1786 ἵστατο,
510 1717 685 1782 ἔδειξα
733 1719 793 1772 ἃν
845 1718 1208 1794 ἀκριϐέστερον
1239 1725 1328 1773 καὶ
1360 1716 1453 1772 διὰ
1489 1718 1730 1772 πλειόνων
1758 1721 1872 1770 τότε

264 1811 514 1882 ἡμέτερον
580 1807 758 1880 οῖλγος,
809 1814 898 1861 καὶ
957 1809 1035 1871 οἷς
1110 1809 1296 1871 ἰκεῖνος
1354 1811 1494 1880 ἡμᾶς
1548 1806 1867 1879 ἰλυμήνατο·

263 1897 397 1951 ἀλλά
446 1908 554 1961 πῶς
607 1900 700 1958 τὰς
744 1898 926 1951 ἑαυτοᾶ
991 1897 1227 1972 λαμπρὰς
1275 1897 1572 1971 ὁμολογίας,
1641 1895 1702 1960 ἃς
1750 1897 1870 1949 ἐνὼ-

261 2007 384 2041 πιον
439 1995 570 2042 Θεοῦ
621 1991 711 2039 xui
760 1985 1009 2058 ἀγγέλων,
1051 1986 1260 2039 ἐνώπιον
1311 1989 1514 2038 πάντων
1564 1985 1866 2060 ἀνθρώπων,

263 2076 548 2150 βασιλέων,
583 2075 875 2149 ἀρχόντων,
924 2076 1226 2150 ἀρχομένων
1278 2075 1727 2151 ἐπαρρησιάσατο,
1775 2075 1868 2128 ούκ

260 2168 336 2229 εἰς
368 2167 595 2238 μεγάλην
635 2169 752 2238 ἄγει
805 2163 940 2218 αἰδῶ
971 2183 984 2232 ;
1017 2174 1127 2229 πῶς
1171 2170 1228 2218 τὸ
1283 2175 1377 2228 τῆς
1427 2164 1743 2226 Ἐκκλησίας
1773 2163 1866 2216 ούκ

259 2253 584 2314 έδυσωπήθη
634 2258 915 2328 καύχημα,
975 2257 1001 2307 ὃ
1048 2257 1183 2307 κατά
1248 2259 1433 2315 παντός
1508 2258 1670 2328 φέρειν
1737 2251 1866 2323 έσχε

257 2351 353 2399 καὶ
385 2351 580 2418 χρόνου
639 2351 729 2398 καὶ
788 2341 1159 2417 διηγήματος;
1211 2349 1299 2396 xui
1347 2347 1421 2402 εῖη
1451 2363 1506 2415 γε
1555 2352 1645 2404 τῆς
1674 2343 1864 2394 ἄνωθεν

258 2434 654 2509 ἕνισχυρούσης
719 2433 960 2502 παλάμης
1000 2430 1247 2494 διηνεκῶς
1303 2433 1720 2506 μεγαλαυχοῦσα
1775 2435 1864 2482 xui

259 2528 526 2598 φέρουσαι
575 2533 680 2584 πῶς
722 2520 781 2577 δε
831 2520 903 2576 δι’
960 2523 1123 2575 αὐτοῦ
1175 2528 1265 2575 καὶ
1312 2529 1470 2596 μόνου
1517 2521 1864 2594 ψυχαγωγεῖν

259 2616 395 2685 ἔγνω
425 2617 483 2665 τό
524 2611 822 2676 ἀντίπαλον,
871 2617 962 2665 καὶ
1017 2608 1130 2684 ἰδίᾳ
1168 2618 1365 2664 πτώσει
1413 2616 1505 2669 τήν
1553 2615 1728 2668 κοινήν
1773 2612 1863 2660 καὶ

255 2700 564 2774 παράδοξον
589 2710 684 2764 τῆς
712 2702 1027 2764 Ἐκκλησίας
1077 2704 1265 2754 στάσιν
1290 2700 1536 2772 χωλεύειν
1569 2699 1823 2773 προείλετο
1848 2715 1861 2766 ;

255 2796 436 2844 καινὸν
487 2796 580 2864 μὲν
631 2792 733 2865 γὰρ
767 2797 856 2844 καὶ
913 2791 1208 2864 παράλογον
1259 2792 1284 2842 ὁ
1327 2790 1701 2861 πολυμήχανος
1754 2792 1864 2860 ὄφις

255 2889 442 2955 κόσμῳ
521 2879 838 2955 παραδεῖξαι
886 2880 1272 2933 ἐνεανιεύσατο·
1359 2878 1484 2930 ἀλλὰ
1566 2883 1862 2949 καινότερον

253 2977 349 3025 καὶ
405 2969 821 3046 παραδοξότερον
885 2976 972 3023 καὶ
1041 2972 1171 3022 θεῖον
1219 2972 1387 3042 ἔργον,
1443 2971 1510 3030 ὡς
1555 2967 1779 3032 ἀληθῶς,
1835 2967 1862 3019 ό

253 3065 577 3134 τῆςφύσεως
608 3063 754 3134 ἡμῶν
797 3060 1036 3120 [ιλάστης
1082 3064 1172 3112 xui
1223 3061 1558 3132 Λημιουργὸς
1603 3061 1862 3115 κατέστη-

255 3170 371 3206 σεν.
437 3151 493 3204 Ὀ
561 3156 649 3223 μεν
710 3153 812 3224 γὰρ
887 3149 1184 3223 ἀνθρώπους
1257 3147 1697 3223 τρισαλιτηρίους,
1777 3145 1862 3197 ἀν-

255 3243 497 3312 θρώπους
537 3237 650 3292 οὐδ’
705 3239 777 3301 εἰς
833 3238 1052 3311 ἀριθμόν
1107 3258 1222 3291 τινα
1267 3237 1649 3302 συντελοῦντας,
1699 3235 1859 3288 πάλαι

255 3338 348 3390 τῆς
393 3333 658 3403 ἱερατικῆς
713 3327 860 3392 ἀξίας
920 3327 1401 3399 ἀπογυμνωθέντας,
1456 3329 1546 3377 καὶ
1609 3333 1707 3376 τῶν
1779 3324 1860 3376 ἐκ-

250 3419 648 3476 κλησιαστικών
709 3416 990 3487 συλλόγων,
1051 3411 1124 3467 δι’
1180 3415 1242 3476 ἃς
1310 3414 1479 3476 αἰτίας
1530 3411 1654 3466 οὐδὲ
1715 3416 1857 3485 θέμις

248 3508 416 3578 λέγειν
497 3509 643 3579 ἡμῖν,
719 3505 1235 3578 ἐξοστρακισθέντας,
1319 3500 1405 3565 δὶς
1482 3503 1854 3572 ἀποθανόντας,

249 3595 642 3668 έκριζωθέντας,
709 3597 847 3646 κατά
920 3598 1013 3652 τήν
1096 3593 1443 3651 ἀποστολικήν
1497 3597 1613 3664 περὶ
1691 3592 1856 3644 αὐτῶν

249 3691 706 3757 προαναφωνησιν,
791 3683 1009 3743 σπίλους
1082 3689 1171 3736 καὶ
1246 3688 1481 3755 μώμους,
1569 3681 1853 3752 τολμητὰς,

251 3772 532 3836 αὐθάδεις·
578 3779 791 3834 τούτους
847 3769 1107 3833 ύπεισδύς
1162 3777 1252 3824 καὶ
1304 3779 1400 3832 τῆς
1447 3771 1638 3831 οἰκείας
1695 3789 1856 3827 πονη-

247 3870 370 3937 ρίας
421 3863 767 3938 ἐργαστήριον
817 3863 1271 3934 προστησάμενος,
1320 3857 1393 3912 δι’
1446 3859 1614 3911 αὐτῶν
1681 3865 1854 3910 πᾶσαν

248 3952 612 4026 καταστρέψαι
666 3957 756 4005 καὶ
821 3949 1128 4003 καταλαϐεῖν
1167 3955 1259 4008 τήν
1304 3948 1617 4006 Ἐκκλησίαν
1668 3946 1854 4022 ἐφρυάο

250 4043 412 4106 ξατοσ
467 4044 491 4094 ό
547 4039 626 4108 δι,
679 4043 764 4094 οἷα
794 4038 861 4100 δή
911 4043 1183 4113 θαυμάσια
1221 4043 1372 4110 μόνος
1427 4045 1605 4106 ποιων,
1657 4041 1747 4088 καὶ
1806 4035 1852 4088 ἐν

249 4140 363 4194 ταῖς
426 4131 635 4202 θλίψεσι
687 4131 953 4182 πλατύνων
1027 4133 1145 4191 τοὺς
1189 4127 1618 4197 ἐπικαλουμένους
1675 4125 1851 4193 αύτόν,

247 4227 338 4274 καὶ
369 4225 484 4274 τότε
508 4220 740 4292 μάλιστα
765 4215 1014 4272 δεικνύων
1045 4221 1102 4270 τό
1134 4225 1226 4289 τῇς
1253 4221 1490 4292 προνοίας
1541 4217 1736 4287 ἄφατον
1765 4219 1854 4268 καὶ

251 4316 431 4383 σοφόν,
464 4311 546 4362 ὅτε
566 4309 894 4379 πανταχόθεν
917 4311 975 4358 τό
1005 4308 1199 4379 ἄπορον
1227 4309 1532 4378 περιέστηκε
1553 4309 1642 4356 καὶ
1665 4301 1852 4374 δεινόν,

248 4399 333 4452 ἐπὶ
354 4407 599 4451 τοσοῦτον
633 4397 796 4455 αὐτὴν
830 4399 1314 4468 συγκεκροτημένην
1368 4399 1457 4446 καὶ
1503 4398 1854 4468 κατηρτισμέ-

2057 1541 2221 1595 Certe
2236 1541 2283 1595 si
2304 1545 2610 1612 pateretur
2626 1539 2718 1596 lex
2738 1540 3093 1613 epistolaris,
3109 1543 3155 1598 si
3180 1545 3295 1601 mei
3307 1562 3635 1605 amanuen-

1984 1627 2062 1682 sis
2076 1629 2510 1688 manuslassata
2523 1647 2584 1686 se
2598 1645 2714 1687 non
2729 1630 3129 1699 subduxisset,
3145 1633 3419 1706 pluribus
3432 1637 3634 1694 adhuc

1982 1719 2615 1791 persequererjustum
2637 1735 2837 1776 meum
2851 1718 3141 1788 dolorem,
3165 1726 3224 1778 et
3239 1723 3299 1779 in
3316 1725 3535 1797 quibus
3556 1725 3634 1783 ab

1979 1807 2078 1863 illo
2089 1807 2266 1863 laesus
2285 1825 2414 1864 sum
2425 1849 2438 1862 .
2454 1810 2494 1863 A
2505 1814 2523 1866 t
2534 1809 2842 1866 enimvero
2853 1810 3144 1883 prmelara
3157 1811 3308 1869 illius
3321 1813 3632 1886 professio,

1979 1913 2183 1952 coram
2204 1899 2320 1953 Deo
2333 1897 2648 1968 etangelis,
2667 1914 2871 1956 coram
2887 1899 3155 1956 omnibus
3167 1901 3631 1970 hominibus,re-

1979 1985 2175 2055 gibus,
2204 1986 2602 2058 principibus,
2633 1987 2892 2043 subditis
2909 1990 3236 2060 enuntiata,
3257 2006 3378 2047 non
3401 1993 3633 2063 pudore

1978 2073 2263 2130 suffundit
2296 2076 2704 2132 vehementius
2731 2076 2759 2132 ‘l
2785 2077 2950 2132 Unde
2990 2077 3211 2133 factum
3267 2084 3329 2135 ut
3357 2081 3631 2139 Ecclesiaa

1977 2163 2246 2236 gloriatio
2259 2179 2378 2220 non
2406 2171 2699 2234 vereatur,
2717 2181 2903 2237 quam
2925 2181 3160 2238 semper
3172 2171 3228 2223 et
3252 2166 3469 2240 ubique
3485 2185 3630 2242 pro-

1978 2252 2181 2324 palare
2213 2259 2527 2325 poteratet
2551 2269 2673 2326 prae
2699 2270 2761 2309 se
2799 2254 2969 2322 ferre,
3015 2270 3278 2328 superna
3307 2259 3630 2329 praesertim

1979 2358 2161 2398 manu
2191 2342 2632 2409 corroborante,
2657 2342 2716 2400 in
2739 2359 2863 2416 qua
2888 2349 3178 2417 perpetuo
3200 2345 3625 2419 triumpharet:

1977 2431 2100 2486 suis
2126 2437 2324 2487 autem
2345 2431 2568 2488 viribus
2591 2436 2648 2488 et
2667 2432 2914 2504 quidem
2936 2433 3208 2490 solitariis
3232 2450 3408 2506 posse
3425 2453 3487 2493 se
3515 2452 3631 2510 pu-

1978 2525 2061 2575 tat
2092 2519 2504 2576 adversarium
2548 2521 2835 2577 delinire:
2869 2537 3136 2595 casuque
3166 2539 3278 2580 suo
3324 2524 3531 2591 voluit,
3565 2530 3631 2583 ut

1975 2609 2248 2665 Ecclesiae
2277 2609 2371 2665 ille
2402 2613 2590 2666 status
2619 2611 2961 2667 communis
2987 2617 3202 2684 printer
3246 2628 3493 2671 omnem
3522 2631 3627 2672 ex-

1973 2700 2391 2771 spectationem
2409 2699 2797 2756 claudicaret:
2819 2700 3055 2757 volebat
3070 2701 3337 2758 nimirum
3347 2705 3628 2760 versutis-

1973 2788 2160 2843 simus
2193 2789 2288 2843 ille
2318 2803 2581 2861 serpens,
2607 2788 2878 2845 audaciaa
2904 2806 3029 2846 sum
3049 2805 3276 2846 novum
3303 2796 3359 2847 et
3380 2790 3628 2850 inusita-

1972 2882 2097 2932 tum
2125 2877 2294 2950 quid,
2346 2877 2572 2933 mundo
2605 2877 2810 2950 palam
2853 2877 3082 2935 facere:
3115 2879 3219 2935 sed
3251 2895 3408 2952 opus
3435 2882 3625 2954 magis

1971 2981 2218 3030 novum,
2257 2967 2590 3022 inauditum
2645 2971 2702 3023 et
2733 2967 3108 3039 paradoxum
3143 2969 3359 3039 magis,
3389 2969 3624 3027 divinus

1973 3059 2196 3111 naturae
2211 3060 2425 3111 nostrae
2453 3055 2660 3128 Opifex
2678 3060 2732 3112 et
2749 3055 3034 3112 Conditor
3049 3072 3120 3113 ex
3143 3057 3397 3114 adverso
3415 3058 3619 3116 edidit.

1973 3107 2193 3111 πίε---
2212 3107 2421 3111 _-_----
2461 3107 2660 3128 -r_.-_
2684 3107 2732 3112 η
2761 3107 3025 3112 am---"
3052 3107 3120 3113 -_
3144 3107 3220 3114 π
3239 3107 3248 3112 -
3268 3107 3393 3114 --η
3416 3107 3619 3116 -_-_._--

1902 3107 1940 3163 Ο
1972 3144 2070 3200 Ille
2096 3145 2370 3200 homines
2400 3144 2660 3200 nefarios
2688 3152 2740 3201 et
2768 3145 3077 3218 improbos
3099 3145 3159 3200 in
3181 3145 3346 3202 nullo
3367 3162 3621 3204 numero

1969 3233 2305 3298 habendos,
2341 3231 2692 3289 sacerdotali
2722 3233 2953 3304 pridem
2984 3233 3271 3304 dignitate
3310 3235 3619 3306 spoliatos,

1968 3321 2223 3378 ccetibus
2251 3321 2662 3378 ecclesiasticis
2708 3321 2838 3394 (sed
2867 3338 3020 3394 quas
3063 3323 3140 3378 ob
3188 3339 3422 3391 causas,
3454 3325 3622 3382 haud

1967 3411 2109 3467 libet
2123 3411 2341 3483 dicere)
2358 3416 2613 3477 amotos,
2637 3410 2908 3475 abactos,
2928 3410 3020 3466 bis
3043 3415 3338 3478 mortuos,
3356 3412 3622 3471 eradica-

1970 3508 2076 3576 tos,
2101 3501 2275 3573 juxta
2321 3499 2716 3571 apostolicum
2759 3499 2834 3556 de
2865 3499 3084 3556 talibus
3137 3502 3620 3573 pronuntiatum,

1964 3593 2251 3658 maculas,
2279 3606 2511 3656 momos,
2541 3591 2818 3659 audaces,
2845 3595 3191 3662 arrogantes
3216 3607 3230 3646 :
3256 3591 3316 3645 in
3340 3590 3486 3648 istos
3517 3591 3622 3648 ubi

1967 3697 2030 3735 se
2058 3681 2459 3736 insinuaverat
2486 3680 2786 3744 diabolus,
2834 3684 2891 3736 et
2915 3678 2994 3735 ad
3039 3679 3294 3751 propria
3338 3679 3618 3752 nequitia

1965 3768 2262 3824 ofﬁcinam
2286 3768 2674 3840 applicuerat,
2691 3785 2797 3840 per
2811 3767 2942 3823 illos
2963 3767 3302 3824 universam
3321 3783 3618 3842 occupare

1968 3857 2312 3920 Ecclesiam,
2347 3872 2450 3926 per
2492 3872 2795 3911 summam
2826 3855 3268 3928 impudentiam
3295 3857 3614 3914 nitebatur.

1969 3945 2079 4002 Sed
2113 3948 2288 4011 Deus,
2322 3945 2424 4016 qui
2458 3943 2746 3999 miracula
2774 3949 3059 4014 operatur
3091 3944 3275 4009 solus,
3329 3950 3385 4000 et
3410 3945 3619 4002 dilatat

1964 4035 2312 4090 invocantes
2340 4049 2399 4089 se
2425 4032 2485 4087 in
2515 4030 2958 4098 afﬂictionibus,
2992 4032 3097 4104 qui
3128 4048 3251 4088 suae
3292 4033 3616 4104 providen-

1967 4125 2059 4180 tiae
2072 4121 2411 4194 sapientiam
2427 4119 2899 4193 inexplicabilem
2911 4120 3186 4185 ostendit,
3205 4136 3336 4176 cum
3350 4121 3617 4194 undique

1966 4210 2474 4268 inextricabilibus
2512 4209 2958 4266 circumdamur
3002 4208 3282 4265 ﬂuctibus
3319 4210 3615 4282 oppressi,

1967 4301 2120 4357 adeo
2151 4304 2565 4371 comparatam
2592 4303 2644 4353 et
2673 4303 3185 4364 consummatam,
3214 4313 3352 4354 vere
3388 4298 3450 4354 in
3489 4299 3616 4370 ipso

1967 4389 2302 4454 fundatam,
2332 4396 2393 4444 ut
2414 4403 2535 4444 non
2559 4387 2752 4443 solum
2777 4403 2982 4459 parem
3009 4391 3068 4442 et
3087 4387 3467 4460 adtequatam
3490 4403 3617 4444 ma-

244 4508 356 4551 νην,
409 4491 494 4538 xui
547 4488 612 4547 ὡς
661 4485 867 4547 ἀληθῶς
919 4486 969 4537 ἐν
1023 4484 1187 4554 ἐαυτῷ
1242 4483 1696 4555 τεθεμελιωμένην,
1749 4481 1853 4535 ἀνέ-

1975 4479 2101 4535 litim
2127 4494 2250 4534 sua:
2282 4477 2521 4550 plagam
2553 4476 2748 4532 malus
2787 4476 3062 4548 accipiat,
3091 4475 3192 4531 sed
3226 4474 3413 4532 multo
3443 4476 3619 4532 vehe-

245 4573 434 4641 δειξεν,
461 4578 526 4636 ὡς
555 4575 613 4627 ού
644 4581 796 4646 μόνον
826 4573 1132 4649 ἀντίρροπον
1172 4580 1261 4633 τῆς
1287 4577 1610 4643 κακουργίας
1634 4577 1719 4624 τόν
1767 4592 1855 4625 που

242 4670 400 4738 νηρόν
445 4671 538 4724 τήν
594 4665 798 4734 πληγήν
831 4661 1107 4726 δέξασθαι,
1141 4661 1268 4713 ἀ).λὰ
1305 4661 1433 4713 πολύ
1485 4660 1853 4734 χαλεπωτέραν

243 4760 336 4807 καὶ
362 4754 712 4829 ἀλγεινοτέραν
739 4753 1145 4826 εἰσπράττεσθαι
1170 4772 1181 4784 ο
1207 4759 1316 4811 πῶς
1343 4753 1440 4821 γὰρ
1473 4750 1600 4821 ούχὶ
1629 4755 1850 4821 μεγίστη

241 4850 336 4896 xui
375 4842 583 4906 ἀνίατος
615 4852 686 4912 τῷ
720 4839 754 4894 δ
760 4841 948 4913 ιαϐόλῳ
975 4843 1003 4900 ἡ
1040 4841 1234 4912 πληγή,
1278 4841 1357 4891 ὅτι
1401 4858 1492 4912 περ
1525 4837 1572 4889 ἐν
1619 4842 1850 4913 τοσαύτη

242 4933 378 5004 ζάλῃ
404 4937 493 4984 καὶ
522 4931 810 5003 τηλικαύτη
858 4932 1120 5000 συγχύσει
1163 4934 1252 4981 xui
1304 4925 1583 4999 μεταϐολή,
1639 4927 1698 4979 ού
1755 4949 1854 5000 μι-

241 5025 366 5096 κρὸς
396 5021 454 5074 ού
493 5025 674 5094 μέγας,
725 5019 820 5072 ούκ
879 5017 1088 5090 ἀσήμου
1119 5018 1306 5078 πόλεως
1360 5015 1656 5090 ἀρχιερεύς,
1690 5016 1746 5068 ού
1792 5023 1850 5070 τό

240 5110 502 5183 ἐπίσημον
533 5109 786 5181 ἐχούσης,
843 5108 937 5160 ούκ
992 5105 1038 5159 ἐν
1081 5107 1216 5178 λόγῳ
1267 5103 1500 5176 ἰδιώτης,
1557 5106 1648 5157 ούκ
1689 5105 1850 5179 ἀμφο-

237 5201 456 5273 τέρωθεν
515 5198 856 5271 ὡπλισμένος,
917 5201 1006 5249 καὶ
1085 5192 1382 5270 σύνδραμον
1430 5197 1567 5266 ἔχων
1623 5202 1683 5266 τῇ
1751 5215 1851 5247 πυ-

238 5295 456 5347 κνότητι
486 5296 579 5350 τῆς
635 5285 872 5347 διανοίας
919 5289 976 5338 τό
1023 5286 1190 5360 ῥεῦμα
1237 5293 1327 5345 τῆς
1363 5284 1620 5356 γλώττης,
1675 5283 1768 5335 ούκ
1799 5287 1847 5337 εν

243 5379 346 5452 βίῳ
403 5377 661 5450 λαμπρός,
715 5376 809 5428 ούκ
875 5373 923 5427 ἰν
980 5373 1220 5450 ἀκριϐείᾳ
1278 5369 1554 5444 δογμάτων
1610 5371 1845 5445 περίϐλε-

1966 4568 2313 4624 mentiorem
2363 4572 2593 4622 etcum
2628 4565 2842 4636 majori
2890 4565 3276 4636 conjunctam
3323 4567 3617 4622 tormento

1967 4662 2261 4728 procuret.
2298 4654 2612 4722 Quomodo
2657 4655 2816 4709 enim
2855 4669 2976 4709 non
3031 4652 3322 4722 infligitur
3372 4651 3614 4708 diabolo

1963 4747 2228 4802 maxima
2249 4750 2304 4801 et
2323 4744 2674 4801 insanabilis
2697 4744 2896 4816 plaga,
2913 4759 3051 4798 cum
3072 4741 3132 4796 in
3153 4746 3318 4797 tanta
3333 4740 3612 4813 procella,

1961 4835 2062 4892 tali
2095 4851 2291 4890 rerum
2324 4833 2692 4900 confusione,
2730 4838 2886 4888 tanta
2920 4846 3121 4887 rerum
3150 4829 3498 4899 mutatione,
3516 4845 3617 4886 ne-

1963 4941 2062 4981 mo
2093 4939 2334 4997 parvus,
2369 4936 2640 4991 magnus,
2665 4920 2937 4975 obscurae
2957 4917 3254 4974 urbeculae
3273 4919 3611 4992 episcopus,

1962 5015 2184 5070 nedum
2210 5013 2301 5069 cui
2334 5016 2550 5084 praeest
2580 5009 2792 5082 aliquis
2823 5008 3079 5064 eximius
3109 5023 3122 5063 :
3152 5023 3333 5064 nemo
3364 5007 3528 5064 rudis
3552 5008 3614 5065 in

1961 5118 2253 5166 sermone,
2289 5116 2466 5156 nemo
2497 5098 2775 5171 utrinque
2807 5102 3210 5170 comparatus,
3242 5097 3344 5170 qui
3388 5095 3613 5167 lingua

1958 5191 2389 5247 volubilitatem
2413 5205 2551 5244 cum
2573 5189 2849 5245 acumine
2867 5186 3081 5245 mentis
3101 5187 3490 5258 conjunctam
3511 5186 3614 5243 ha-

1958 5281 2057 5336 bet
2089 5297 2100 5334 :
2126 5295 2302 5335 nemo
2331 5284 2571 5350 prOpter
2601 5277 2784 5332 vitam
2811 5277 3070 5344 illustris,
3097 5283 3344 5350 propter
3365 5275 3612 5348 dogma-

1959 5376 2085 5425 tum
2117 5367 2540 5423 sublimitatem
2572 5366 2956 5438 conspicuus,
2988 5365 3188 5422 nullus
3226 5365 3398 5438 plane
3425 5365 3611 5422 homo

1559 5471 1788 5524 VARI/E
1829 5467 2228 5526 LECTIONES.

315 5577 345 5610 II
375 5569 451 5620 ῖσ.
486 5568 702 5636 φαίνειν.
