4088 6214
527 237 638 296 ’759

1770 235 2008 292 PHOTII
2039 233 2524 292 PATRIARCHIE
2551 232 2660 289 CP.
3765 235 3848 292 760

537 383 676 424 cum
705 370 975 440 tempore
997 365 1350 424 immutatus
1369 362 1923 436 comprehenditur:
1943 378 2053 419 nec
2070 378 2188 418 ces-

2299 380 2440 426 πτος,
2495 359 2600 412 ἀλλ’
2654 358 2782 423 ὅλως
2833 356 3007 423 οὐδεὶς
3068 355 3306 434 οὐδαμοῦ
3361 367 3431 431 τῷ
3478 367 3640 434 καιρῷ
3703 363 3853 416 συναλο

537 458 614 516 sit
631 458 762 514 loco
787 458 1028 514 torrenti
1049 457 1253 513 omnia
1276 453 1589 526 abripienti
1623 471 1636 506 :
1661 453 1811 508 inter
1831 468 2043 509 omnes
2060 468 2186 508 om-

533 548 679 605 nino
700 547 803 620 qui
825 548 894 604 de
915 548 1096 603 choro
1119 547 1346 602 fuerant
1364 544 1774 614 religiosorum
1797 543 1956 615 (quis
1975 559 2184 599 eorum

536 653 644 710 per
671 637 1040 692 auditionem
1072 635 1402 706 antiquam,
1438 633 1659 688 nedum
1693 649 1798 704 per
1830 637 2184 705 praesentem

538 743 729 800 spem,
745 728 1092 797 priusquam
1110 741 1202 780 res
1219 727 1535 789 constaret,
1549 723 1664 778 hoc
1677 722 1913 778 credet?
1928 723 2184 795 ),omnes

536 817 758 873 diaboli
790 816 1055 887 laqueos,
1089 813 1334 869 insidias
1375 829 1608 877 omnes,
1666 813 1872 869 omnia
1909 812 2180 878 artiﬁcia,

537 908 656 962 vim
670 921 911 960 omnem
931 905 1277 959 intentatam
1297 902 1452 958 infra
1467 920 1526 957 se
1547 902 1801 974 positam
1819 902 2186 958 demonstra-

537 999 693 1051 runt.
726 993 1067 1048 Jucundum
1101 993 1244 1048 mihi
1278 998 1388 1057 est,
1423 993 1536 1048 ista
1562 992 1726 1063 apud
1756 1008 1862 1048 vos
1889 992 2184 1064 imprimis

539 1083 840 1156 prosequi,
870 1082 974 1154 qui
1001 1098 1224 1152 magna
1265 1099 1402 1154 pars
1433 1098 1640 1137 eorum
1671 1082 1834 1144 estis,
1860 1083 1934 1137 de
1963 1081 2186 1153 quibus

537 1173 666 1227 haec
697 1171 947 1228 miritica
976 1178 1362 1227 recensentur
1395 1187 1406 1225 :
1441 1175 1641 1243 Neque
1672 1171 1829 1226 enim
1853 1171 2186 1243 quidquam

539 1261 1050 1318 commilitonibus
1069 1261 1332 1317 accidere
1345 1266 1539 1332 potest
1565 1262 1811 1330 gratius,
1828 1261 2032 1316 dolore
2047 1259 2188 1316 alio-

539 1352 644 1423 qui
675 1351 977 1416 confectis,
1031 1367 1218 1423 quam
1267 1356 1328 1406 ut
1372 1367 1495 1406 rem
1524 1351 1854 1422 pugnando
1898 1351 2049 1406 bene
2088 1365 2190 1420 ge-

537 1449 672 1498 rant
704 1459 718 1497 :
757 1442 865 1496 sed
897 1441 1251 1507 malitiosus,
1304 1457 1483 1512 quem
1517 1440 1660 1506 dixi,
1702 1441 1938 1496 diemon
1979 1456 2189 1496 omnes

539 1531 850 1589 confertim
881 1531 1189 1602 deglutire,
1224 1535 1278 1586 et
1303 1547 1408 1601 per
1453 1547 1592 1585 suas
1623 1530 1918 1601 nequitias
1950 1531 2191 1586 fraudu-

541 1620 737 1676 lentas
791 1620 1080 1691 impedire
1124 1619 1432 1675 fremendo
1487 1618 1769 1688 gloriatur
1801 1635 1811 1674 :
1843 1625 2060 1675 sanctae
2108 1625 2191 1675 ta-

541 1725 680 1765 men
732 1709 1002 1764 Ecclesiaa
1055 1709 1372 1764 multitudo
1405 1709 1589 1780 ipsius
1634 1709 2104 1765 machinationes
2135 1713 2190 1764 et
2227 1695 2270 1750 Β

546 1799 792 1855 consilia
818 1799 1062 1862 deridet,
1094 1799 1421 1854 etludibrio
1454 1798 1648 1865 habet,
1676 1799 1822 1854 dum
1837 1799 2191 1855 subChristo

545 1888 736 1959 capite
768 1887 1039 1952 militant.
1067 1893 1120 1944 et
1143 1889 1270 1958 ejus
1295 1888 1542 1943 ductum
1567 1888 1888 1944 observant
1921 1905 1932 1943 :
1966 1893 2026 1944 ut
2056 1905 2188 1960 cap-

542 1977 696 2033 tivos
712 1977 910 2049 potius
930 1977 1222 2049 quosdam
1239 1977 1546 2033 abducunt
1560 1978 1809 2043 veritati,
1825 1993 1999 2050 quam
2014 1984 2076 2032 ut
2093 1978 2190 2034 ali-

543 2067 680 2140 quis
703 2082 773 2122 ex
803 2066 950 2138 ipsis
975 2067 1251 2136 fugitivus
1273 2068 1519 2122 exsistat
1539 2072 1592 2124 et
1613 2067 1876 2124 desertor
1890 2067 2190 2124 ordinum.

545 2158 922 2228 Quapropter
975 2157 1022 2212 si
1053 2156 1298 2212 diabolo
1327 2157 1569 2213 daretur
1599 2157 1778 2229 optio,
1822 2163 2019 2214 utrum
2052 2159 2193 2215 talia

543 2245 830 2302 adhibere
874 2263 1020 2302 vasa
1058 2246 1328 2313 voluerit,
1361 2247 1564 2319 qualia
1595 2252 1753 2312 sunt,
1785 2247 1846 2302 in
1873 2263 2007 2318 quae
2034 2263 2195 2303 nunc

539 2335 766 2402 incidit,
800 2337 1039 2406 capacia
1067 2336 1244 2391 totius
1277 2336 1642 2408 operationis
1669 2336 1858 2408 ipsius
1891 2353 1902 2391 :
1932 2341 2057 2392 tum
2091 2341 2196 2392 Ec-

541 2424 783 2481 clesiam
825 2425 903 2480 ita
934 2424 1176 2480 viriliter
1215 2429 1271 2480 et
1300 2424 1576 2480 animose
1625 2431 2063 2481 concertantcm
2123 2443 2195 2482 ex

542 2514 796 2571 adverso
827 2515 1146 2570 consistere
1182 2530 1365 2578 ;vasa
1395 2514 1490 2569 illa
1519 2520 1582 2569 ut
1611 2514 2012 2583 ﬁgulinacum
2039 2517 2195 2588 ipso-

542 2608 665 2659 met
691 2603 912 2659 artiﬁce
935 2603 1428 2672 confringentem,
1458 2619 1659 2660 annon
1693 2603 1937 2660 istorum
1971 2607 2192 2677 experi-

542 2696 813 2748 mentum
854 2690 1047 2747 facere
1088 2692 1283 2764 potius
1323 2694 1680 2748 recusaret?
1722 2709 1830 2748 nec
1870 2693 2007 2750 talia
2048 2711 2196 2752 vasa

543 2781 820 2854 reperire,
837 2781 929 2836 vel
944 2781 1020 2837 ab
1035 2780 1106 2836 iis
1121 2781 1408 2851 gaudium
1429 2787 1857 2854 proventurum
1873 2785 2192 2849 somniare,

543 2888 724 2944 quam
747 2869 1072 2926 Ecclesiam
1091 2871 1303 2927 intueri
1322 2873 1400 2927 ita
1425 2871 1761 2928 roboratam
1782 2887 1852 2928 ac
1880 2873 2191 2942 vigentem,

542 2965 600 3016 et
627 2960 690 3016 in
718 2959 919 3017 media
945 2959 1135 3031 ipsius
1165 2961 1390 3016 viscera
1423 2960 1640 3016 vulnus
1671 2964 1792 3016 tam
1823 2962 2193 3018 mortiferum

2294 450 2528 511 λοιωθεὶς
2557 449 2818 522 ἠλέγχθη,
2847 447 2999 503 οὐδὲν
3049 447 3238 504 ἔδωκεν
3288 459 3350 524 τῇ
3391 451 3530 525 ῥύμη
3579 457 3666 503 τοῦ
3711 458 3850 524 φέρον-

2295 560 2383 602 τος
2407 563 2420 574 ·
2453 540 2675 602 ἅπαντες
2702 536 2752 592 δ’
2785 539 2960 602 ἁπλῶς
2998 542 3112 592 ὅσοι
3143 548 3234 592 τοῦ
3285 548 3450 612 χοροῦ
3493 547 3588 602 τῆς
3630 540 3853 603 εὐσεϐείας

2295 635 2541 704 γεγόνασι
2618 630 2715 701 (τίς
2789 629 2916 703 ἀκοῇ
2996 630 3194 701 παλαιᾷ
3283 635 3467 702 μήτιγε
3511 627 3680 684 ἑλπίδι
3767 636 3851 706 νέᾳ,

2297 725 2416 794 πρὶν
2467 721 2774 793 πραχθῆναι
2825 727 2976 772 τοῦτο
3019 717 3386 794 παρεδέξατο),
3453 722 3624 779 πάσης
3674 723 3854 792 πάγης*

2295 816 2390 862 τοῦ
2445 817 2693 882 πονηροῦ,
2733 814 2823 862 καὶ
2878 812 3057 871 πάσης
3106 808 3400 874 ἐπιϐουλῆς,
3449 813 3540 862 καὶ
3578 812 3754 871 παντὸς
3795 831 3856 863 τι·

2299 901 2603 972 χνάσματος
2633 903 2723 951 καὶ
2773 897 2899 972 βίας
2919 904 3204 974 κρείττονες
3233 901 3502 972 ὤφθησαν.
3540 896 3668 951 Ἡδὺ
3699 896 3752 952 δέ
3786 920 3856 972 μοι

2299 997 2485 1055 ταῦτα,
2529 993 2617 1041 καὶ
2657 988 2890 1062 μάλιστα
2928 994 3060 1064 πρός
3107 991 3244 1062 ὑμᾶς
3295 985 3560 1054 διεξιέναι,
3591 992 3706 1050 τοὺς
3751 995 3858 1061 μέγα

2299 1083 2454 1154 μέρος
2525 1085 2615 1131 τοῦ
2671 1077 2980 1136 τηλικούτου
3060 1084 3504 1154 χρηματίσαντας
3589 1081 3856 1150 θαύματοςυ

2300 1167 2408 1220 ἐπεὶ
2465 1173 2554 1220 καὶ
2612 1175 3032 1243 συστρατιώταις
3089 1165 3240 1221 οὐδὲν
3285 1165 3562 1242 ἠδύτερον,
3601 1167 3690 1219 κάν
3725 1168 3858 1230 ἄλλως

2299 1257 2348 1310 ἔν
2404 1257 2590 1318 λύπαις
2634 1255 2840 1322 ὧσιν,ἣ
2900 1261 2965 1310 τά
3021 1257 3070 1310 ἕν
3114 1258 3352 1330 πολέμοις
3404 1257 3583 1319 αὐτοῖς
3634 1277 3860 1330 προσομι-

2297 1347 2398 1400 λεῖν
2455 1350 2836 1420 κατορθώματα
2861 1370 2874 1382 υ
2945 1347 3056 1400 ἀλλ’
3092 1350 3213 1421 ὅπερ
3255 1347 3444 1418 ἔλεγον,
3479 1349 3504 1398 ό
3553 1350 3640 1419 μὲν
3670 1351 3860 1420 πονηρός

2299 1435 2497 1510 ἀθρόως
2552 1437 2782 1499 ἅπαντας
2839 1445 3131 1502 καταπιεῖν,
3182 1442 3271 1490 καὶ
3313 1446 3408 1498 τῆς
3467 1437 3628 1489 αὐτοῦ
3668 1457 3860 1511 πανουρ·

2297 1531 2418 1599 γίας
2470 1529 2618 1599 ἔργον
2669 1524 2876 1593 δείξειν,
2929 1527 3154 1599 ἓφυσᾶτο
3217 1532 3306 1579 καὶ
3361 1526 3769 1600 ἐφρυάττετο-τὸ
3813 1523 3860 1579 δὲ

2298 1623 2394 1675 τῆς
2438 1615 2755 1678 Ἐκκλησίας
2801 1617 2950 1689 ἅγιον
3000 1616 3279 1690 πλήρωμα,
3322 1624 3573 1669 τοσοῦτον
3603 1619 3750 1669 αὑτοῦ
3786 1619 3861 1678 τὰς

2299 1708 2547 1777 μηχανὰς
2610 1711 2701 1758 καὶ
2771 1709 2861 1767 τάς
2918 1705 3142 1766 ἐπινοίας
3215 1705 3622 1781 ἐξεμυκτήρισάν
3677 1725 3726 1758 τε
3790 1711 3862 1756 xui

2299 1795 2667 1867 κατεγέλασαν,
2716 1804 2931 1869 Χριστῷ
2977 1804 3039 1869 τῇ
3111 1797 3300 1868 κεφαλῆ
3351 1799 3775 1869 στρατηγούμενοί
3820 1815 3862 1848 τε

2300 1892 2389 1938 καὶ
2446 1883 2918 1958 καθοδηγούμενοι,
2971 1890 3038 1948 ὡς
3088 1885 3276 1938 ἐκεῖθεν
3325 1886 3516 1959 μᾶλλον
3579 1887 3862 1959 αἱχμαλωτί·

2303 1995 2392 2028 σαι
2415 1979 2577 2040 τινας,
2611 1982 2699 2028 καὶ
2729 1984 2791 2044 τῇ
2826 1975 3039 2048 ἀληθείᾳ
3064 1984 3448 2051 προσαγαγεῖν,
3487 1977 3517 2035 ἦ
3564 1976 3862 2032 λειποτάκτην

2301 2066 2387 2118 ἕνα
2433 2068 2548 2117 τινά
2604 2073 2700 2126 τῆς
2756 2067 2915 2126 καλῆς
2973 2066 3140 2117 αὐτῶν
3205 2073 3607 2141 παραχωρῆσαι
3656 2068 3862 2138 γενέσθαι

2302 2155 2508 2217 τάξεως.
2541 2153 2702 2206 Ὠστε
2742 2158 2891 2215 εἴτις
2941 2156 3137 2230 αἰρεσιν
3169 2151 3352 2207 ἐδίδου
3399 2163 3474 2226 τῲ
3507 2152 3742 2227 διαϐόλῳ,
3785 2158 3863 2206 πό-

2301 2264 2445 2319 τερον
2491 2243 2722 2296 ἐϐούλετο
2767 2251 2983 2297 τοιαῦτα
3041 2247 3198 2302 σκεύη
3246 2245 3427 2316 εὑρεῖν,
3491 2246 3619 2305 οῖοις
3668 2253 3748 2296 νῦν
3799 2262 3865 2295 πε·

2303 2338 2562 2408 ριέτυχεν,
2601 2333 2721 2391 ὃλην
2781 2333 2936 2386 αὑτοῦ
2999 2338 3088 2391 τὴν
3147 2332 3397 2406 ἐνέργειαν
3450 2346 3481 2376 ι
3525 2341 3762 2407 χωρῆσαι
3789 2328 3865 2383 δυ-

2302 2425 2493 2495 νάμενα
2516 2445 2528 2456 ·
2562 2426 2739 2476 ἔπειτα
2772 2429 2864 2481 τὴν
2894 2422 3212 2481 Ἐκκλησίαν
3264 2424 3428 2485 οὕτως
3467 2423 3605 2493 αὐτῷ
3651 2419 3862 2496 ἀνδρείως

2303 2519 2394 2565 καὶ
2487 2512 2712 2587 στερῥώς
2800 2511 3183 2585 ἀγωνιζομένην
3304 2512 3754 2582 ἀντικαταστῆναι,
3812 2512 3862 2570 ὡς

2304 2606 2460 2660 σκεύη
2515 2601 2772 2674 κεραμέως
2823 2607 2916 2654 σὺν
2967 2603 3108 2673 αὐτῷ
3162 2608 3376 2675 τεχνίτη
3462 2610 3628 2655 ταῦτα
3688 2604 3861 2671 συντρί-

2304 2692 2518 2758 ϐουσαν,
2579 2693 2608 2750 ἦ
2664 2689 2794 2764 μηδ’
2857 2692 3028 2766 ἑτέρου
3097 2695 3290 2744 τούτων
3367 2692 3439 2754 εἰς
3509 2701 3682 2766 πεῖραν
3733 2691 3862 2742 ἐλθεῖν

2301 2781 2490 2835 πολλοῦ
2533 2781 2590 2833 ἀν
2636 2781 2966 2854 inuria-ure;
3021 2788 3153 2854 μήτε
3210 2785 3459 2835 τοιούτων
3515 2790 3699 2835 σκευῶν
3748 2779 3859 2832 εὐτυ·

2301 2872 2496 2935 χῆσαι,
2544 2877 2634 2923 καὶ
2686 2876 2778 2929 τὴν
2830 2905 2861 2946 y
2911 2870 2986 2923 ἐπ’
3035 2872 3214 2934 αὐτοῖς
3271 2873 3525 2944 εὐθυμίαν
3583 2869 3863 2945 ὄνειροπολῆ-

2305 2980 2416 3029 σαι,
2472 2966 2603 3032 μήτε
2655 2967 2748 3020 τὴν
2796 2961 3109 3020 Ἐκκλησίαν
3167 2964 3327 3023 οὕτως
3379 2958 3512 3015 ἰδεῖν
3559 2961 3864 3036 κραταιουμέ-

543 3050 919 3117 inferentem,
961 3057 1017 3106 et
1069 3050 1395 3120 gloriosum
1436 3050 1510 3106 de
1545 3055 1666 3106 tota
1704 3051 1890 3122 ipsius
1930 3051 2189 3122 potentia

2301 3070 2390 3108 νην
2421 3055 2510 3102 καὶ
2542 3049 2907 3122 ἀκμάζουσαν,
2943 3056 3030 3102 καὶ
3059 3047 3152 3103 διά
3188 3056 3358 3124 μέσων
3391 3051 3555 3103 αὐτοῦ
3588 3050 3862 3119 σπλάγχνων

543 3143 837 3212 tropaeum
864 3143 1238 3196 statuentem.
1270 3140 1438 3204 Quod
1471 3140 1756 3212 profecto,
1783 3141 1826 3194 si
1855 3156 1974 3196 non
2008 3140 2190 3207 aliud,

539 3229 856 3302 oportebat
885 3245 1042 3295 eum,
1095 3229 1197 3302 qui
1246 3245 1407 3284 nunc
1435 3229 1686 3285 nimium
1721 3236 2060 3286 commotus
2108 3235 2195 3286 est

539 3319 757 3392 (neque
775 3319 932 3375 enim
952 3319 1417 3392 intelligo,quid,
1443 3321 1886 3392 autquomodo,
1911 3337 2045 3375 cum
2073 3336 2194 3375 ma-

537 3408 650 3479 jori
667 3409 959 3464 modestia
973 3408 1196 3480 dicam)
1216 3410 1489 3476 revereri,
1514 3425 1623 3464 nec
1650 3410 2029 3465 victoriarum
2054 3409 2194 3465 ado-

540 3511 674 3552 reas
722 3512 843 3552 non
891 3497 1093 3552 conari
1144 3512 1179 3552 a
1224 3514 1333 3553 sua
1377 3498 1622 3569 propria
1675 3498 1811 3553 sede
1864 3498 2190 3554 dimovere.

545 3584 760 3650 Quidni
792 3584 953 3640 enim
985 3584 1160 3640 c{licet
1190 3601 1310 3641 non
1337 3585 1612 3641 effectum
1644 3586 1826 3652 dedit,
1854 3588 2013 3660 quod
2049 3603 2195 3644 con-

544 3678 776 3745 ceperat
797 3673 1020 3740 animo,
1045 3674 1298 3742 gratiam
1321 3679 1524 3730 tamen
1548 3675 2013 3733 efﬂorescentem
2036 3694 2191 3735 mar-

544 3777 778 3820 cescere
831 3762 986 3829 fecit,
1037 3778 1108 3818 eo
1157 3764 1322 3835 quod
1371 3765 1670 3834 cogitavit,
1726 3783 1862 3838 quia
1911 3767 2192 3838 cogitatio

539 3851 1228 3924 redarguitopinionem.
1249 3854 1450 3910 Divina
1464 3859 1662 3910 autem
1677 3857 1864 3927 gratia
1879 3857 2194 3928 providen-

543 3943 708 4008 tiam,
742 3958 866 4015 qua
898 3957 1008 3998 nos
1059 3958 1298 4015 semper
1320 3948 1542 4000 tutatus
1572 3949 1677 4012 est,
1712 3961 1872 4002 nunc
1911 3945 2190 4015 ostendit,

542 4047 680 4088 cum
710 4031 769 4088 in
803 4032 1079 4088 effectum
1111 4033 1342 4104 prodire
1363 4050 1485 4091 non
1507 4034 1580 4090 sit
1606 4051 1812 4107 passa,
1841 4036 2003 4109 quod
2029 4037 2192 4110 apud

541 4122 812 4178 animum
845 4121 940 4178 ille
980 4122 1382 4180 constituerat.

613 4214 921 4278 Caeterum,
954 4212 1036 4268 mi
1074 4212 1178 4279 ﬁli,
1229 4213 1393 4268 nulla
1444 4213 1574 4270 talis
1601 4215 1878 4288 deinceps
1931 4221 2190 4274 mentem

540 4300 761 4373 irrepat
791 4301 1092 4371 cogitatio.
1128 4303 1192 4356 In
1224 4303 1501 4374 praesenti
1558 4305 1716 4360 enim
1749 4306 1972 4361 omissa
2003 4308 2194 4363 incre-

2302 3145 2509 3214 καιρίαν
2541 3143 2682 3192 οὔπω
2733 3145 2821 3191 καὶ
2865 3143 3054 3216 πικράν
3102 3145 3195 3198 τὴν
3251 3141 3462 3212 πληγὴν
3508 3145 3763 3214 φέρουσαν,
3793 3138 3862 3186 καὶ

2302 3229 2534 3302 λαμπρόν
2579 3231 2808 3281 ἑστῶσαν
2838 3233 2969 3282 κατά
3013 3233 3189 3292 πάσης
3240 3231 3400 3283 αὐτοῦ
3453 3239 3545 3292 τῆς
3593 3227 3864 3283 δυναστείας

2302 3322 2358 3370 τό
2387 3324 2632 3391 τρόπαιον
2663 3321 2783 3393 ὅπερ
2818 3319 2860 3372 εἰ
2911 3326 2982 3392 μή
3021 3339 3072 3372 τι
3128 3320 3263 3391 ἄλλῳ
3318 3319 3506 3394 ἐχρῆν,
3558 3324 3643 3371 καὶ
3683 3321 3757 3369 τὸν
3793 3321 3861 3366 νῦν

2303 3409 2384 3476 (οὐ
2422 3411 2520 3481 γὰρ
2584 3405 2706 3461 οἶδα
2749 3417 2853 3470 πῶς
2906 3408 3230 3484 ἀλυπὼτερον
3284 3413 3435 3478 εῖπω)
3494 3407 3862 3462 ὑποσαλευθέντα

2302 3495 2764 3563 ἐκδυσωπηθῆναι,
2815 3507 2902 3551 καὶ
2964 3505 3033 3570 μὴ
3095 3503 3218 3562 τοὺς
3273 3508 3366 3561 τῆς
3416 3505 3570 3560 νίκης
3626 3496 3860 3568 στεφάνους

2301 3594 2584 3661 μονονουχὶ
2607 3596 2696 3640 τοῦ
2740 3585 2879 3640 ἰδίου
2920 3587 3203 3661 ἐπιχειρεῖν
3257 3586 3499 3660 ἀνασπᾷν
3529 3593 3780 3660 μετώπου·
3819 3586 3858 3632 τί

2300 3681 2397 3752 γὰρ
2449 3678 2491 3729 εἰ
2541 3683 2630 3729 καὶ
2685 3682 2756 3749 μὴ
2816 3677 3026 3750 ἔπραξεν
3093 3677 3127 3729 ἃ
3203 3676 3524 3748 ἐμελέτησεν,
3600 3674 3716 3728 ἀλλά
3783 3675 3856 3728 τὴν

2303 3766 2559 3820 ἀνθοῦσαν
2609 3771 2770 3841 χάριν
2834 3770 3077 3842 ἐμάρανεν
3128 3769 3202 3829 οἷς
3259 3765 3514 3820 ἓδίστασε
3543 3790 3555 3802 ο
3587 3771 3670 3818 xui
3719 3766 3743 3821 ἡ
3783 3765 3854 3834 μὶν

2301 3857 2482 3930 μελέτη
2555 3862 2645 3916 τὴν
2696 3864 2905 3930 γνώμην
2963 3857 3197 3929 ἤλεγξεν·
3252 3860 3281 3917 ἡ
3322 3855 3380 3911 δὲ
3442 3861 3555 3912 θεία
3595 3859 3761 3930 χάρις,
3806 3850 3852 3905 ἣν

2303 3951 2414 4020 ἔχει
2443 3952 2560 4021 περὶ
2609 3949 2747 4020 ἡμᾶς
2793 3952 3056 4022 πρόνοιαν,
3108 3953 3196 3999 καὶ
3237 3954 3325 3999 νῦν
3376 3944 3572 4014 ἔδοξεν,
3623 3945 3686 4006 εἰς
3733 3946 3853 4015 ἔργον

2301 4041 2394 4096 τὴν
2426 4035 2620 4109 βουλὴν
2647 4036 2804 4090 ἐλθεῖν
2835 4041 2928 4089 οὐκ
2949 4035 3170 4091 ἐάσασα.

2375 4214 2529 4267 Ἀλλά
2574 4212 2739 4287 μηδὲν
2829 4235 2913 4268 σοι
2962 4219 3019 4268 τὸ
3065 4217 3244 4270 λοιπὸν
3311 4211 3452 4288 μηδὲ
3539 4219 3772 4274 τοιοῦτον,
3827 4207 3857 4256 ὦ

2302 4309 2492 4368 τέκνον,
2554 4301 2975 4377 διαμελετάσθω·
3052 4303 3158 4365 ἤδη
3225 4308 3348 4379 γὰρ,
3421 4300 3532 4362 ἤδη
3594 4305 3705 4360 τοὺς
3750 4297 3860 4366 ἐλέγ-

539 4391 780 4464 patione
821 4390 986 4446 omni
1029 4407 1150 4462 qua
1201 4391 1492 4447 hactenus
1537 4410 1671 4450 mea
1723 4394 1909 4466 ipsius
1966 4395 2189 4452 viscera

2299 4414 2430 4466 χους
2465 4393 2628 4466 ἀφεὶς,
2681 4393 2750 4467 ἐφ’
2789 4396 2861 4455 οἷς
2912 4399 3075 4469 μέχρι
3118 4403 3227 4459 νῦν,
3267 4391 3373 4454 όίδη
3401 4405 3424 4436 ι
3456 4391 3572 4447 ἴδια
3616 4390 3859 4460 σπλάγχνα

537 4479 804 4538 feriendo
856 4479 1184 4543 vulneravi,
1230 4481 1393 4552 quod
1442 4481 1642 4550 ipsum
1688 4483 1955 4538 dolenter
1981 4484 2189 4542 fecisse

537 4587 634 4628 me
683 4570 982 4644 proﬁteor.
1029 4569 1182 4626 Licet
1231 4571 1390 4626 enim
1446 4571 1762 4634 medicina,
1819 4575 2189 4631 concisiones

538 4661 738 4728 etiam,
803 4661 1145 4718 necessaria
1204 4661 1343 4726 sint,
1405 4665 1600 4717 tamen
1654 4677 1798 4732 erga
1847 4663 2188 4720 laborantes

537 4755 590 4806 et
645 4751 938 4808 cruciatos
995 4750 1336 4823 compassio
1394 4756 1638 4823 superat
1695 4751 1854 4822 leges
1903 4753 2186 4811 doctrinae

538 4840 826 4913 cujusque
853 4846 907 4896 et
937 4841 1248 4898 medicinae
1284 4857 1295 4894 :
1330 4845 1386 4897 et
1431 4856 1543 4910 ego
1583 4841 1718 4897 ideo
1750 4845 2186 4916 compassionis

538 4930 918 4998 tyrannidem
970 4931 1134 4986 haud
1182 4931 1533 4987 sustinendo
1589 4949 1728 4987 cum
1783 4933 2187 5003 sim,pr£eter-

537 5017 734 5073 missis
759 5019 1368 5094 omnibus,tanquam
1393 5021 1774 5094 prtesentisin
1803 5022 2184 5093 complexum

536 5121 696 5163 ruor.
724 5106 934 5163 Filium
961 5125 1163 5166 meum
1207 5109 1521 5183 compello,
1558 5115 1792 5183 partum
1846 5127 2046 5165 meum
2075 5110 2182 5166 im-

531 5196 924 5261 maculatum,
981 5201 1320 5256 membrum
1385 5200 1499 5256 mei
1557 5201 1844 5273 corporis.
1912 5203 2183 5266 Quonam

535 5303 648 5361 ego
666 5286 968 5358 abripior?
982 5287 1228 5346 ubinam
1241 5290 1313 5345 de
1330 5297 1381 5345 te
1400 5306 1533 5347 mea
1559 5291 1876 5359 gloriatio?
1895 5291 1991 5346 ubi
2011 5307 2144 5362 spes
2158 5293 2184 5347 ?

534 5378 753 5453 potius,
789 5380 925 5450 post
951 5391 1119 5449 spem
1168 5378 1273 5435 ubi
1305 5388 1652 5462 comparent
1701 5381 1882 5438 odera
1909 5381 1937 5436 7
1961 5381 2183 5437 Videsis

2298 4484 2529 4543 πλήττων
2608 4489 2696 4535 καὶ
2772 4491 3072 4558 τιτρώσκων
3173 4484 3450 4558 ἀνιώμενος
3543 4486 3703 4556 ἔφερον
3780 4473 3856 4526 κάν

2297 4577 2397 4646 γὰρ
2454 4573 2709 4645 ἀναγκαῖα
2762 4575 2828 4624 τά
2887 4577 3136 4646 φάρμακα
3190 4579 3279 4627 xui
3331 4577 3384 4626 αἱ
3435 4578 3611 4647 τομαὶ,
3676 4565 3770 4620 ἀλλ’
3829 4563 3852 4619 ἦ

2297 4673 2394 4716 τῶν
2442 4668 2606 4715 πόνων
2653 4667 2741 4715 xui
2818 4660 3116 4734 ἀλγηδόνων
3195 4666 3514 4736 συμπάθεια,
3591 4665 3700 4728 νικᾷ
3761 4652 3856 4706 τ’θὺς

2295 4759 2484 4826 νόμους
2536 4761 2631 4815 τῆς
2686 4753 2913 4826 ἰατρείας
2966 4757 3054 4806 xui
3107 4751 3430 4815 παιδεύσεως
3489 4750 3560 4806 δι’
3610 4752 3634 4802 ὃ
3694 4748 3848 4819 μηκέτι

2295 4852 2385 4897 τοῦ
2446 4844 2734 4915 συμπαθεῖν
2795 4847 2889 4901 τὴν
2958 4839 3242 4917 τυραννίδα
3267 4848 3446 4916 φέρων,
3503 4841 3661 4894 ἐκεῖνα
3710 4835 3849 4887 πάντα

2293 4934 2472 5000 λιπὼν,
2525 4937 2614 4984 καὶ
2681 4935 2747 4993 ὡς
2807 4937 3022 5006 παρόντι
3095 4935 3420 5006 περιχυθεὶς,
3501 4935 3662 4984 τέκνον
3729 4923 3845 4995 ὶμόν,

2295 5019 2492 5073 ὠδίνων
2564 5021 2730 5092 ἁγνῶν
2807 5021 2958 5092 μέλος
3008 5020 3148 5093 ἐμὸν,
3194 5027 3245 5074 τί
3310 5029 3478 5086 τοῦτο,
3533 5014 3845 5081 ἀνακαλοῦμαι

2292 5119 2392 5164 ποῦ
2422 5115 2580 5183 μοιτό
2606 5115 2720 5184 περὶ
2754 5113 2809 5164 σε
2853 5114 3140 5183 καύχημα·
3174 5120 3270 5163 ποῦ
3295 5108 3353 5164 δὲ
3383 5113 3435 5162 αἱ
3468 5105 3662 5166 ἐλπίδες
3688 5097 3842 5175 μᾶλλον

2296 5198 2352 5253 δὲ
2402 5203 2531 5273 μετά
2565 5209 2662 5251 τῶν
2704 5198 2923 5253 ἐλπίδων
2951 5205 3013 5253 τά
3043 5205 3165 5275 ἔργα
3197 5220 3210 5272 ς
3243 5202 3396 5272 Ὁρᾷς
3447 5203 3504 5251 τὸ
3556 5191 3840 5266 σκυθρωπόνν

2293 5295 2385 5348 τὴν
2408 5295 2709 5362 κατήφειαν,
2735 5290 2777 5342 εἰ
2805 5288 3000 5362 βούλει,
3056 5297 3145 5344 καὶ
3195 5295 3260 5343 τά
3291 5287 3515 5362 δάκρυα.
3552 5287 3606 5339 Ἠ
3642 5285 3742 5356 περὶ
3766 5279 3839 5328 σοῦ

2296 5385 2504 5455 φροντὶς
2543 5382 2735 5432 τούτων
2768 5379 2908 5432 αἰτία
2933 5400 2944 5413 ·
2988 5381 3012 5432 ό
3048 5378 3132 5432 ἐπὶ
3189 5385 3273 5432 σοὶ
3327 5385 3480 5440 πόνος
3528 5375 3684 5429 αὐτῶν
3718 5369 3840 5420 ἄπτε-

1879 5517 2112 5572 VARl/E
2151 5514 2558 5572 LECTIONES.

599 5662 632 5693 ν
661 5651 741 5704 ῖσ,
774 5646 995 5723 πληγῆς,
1073 5658 1104 5691 ι
1132 5646 1208 5700 ἶσ.
1251 5649 1595 5723 πανουργίαν.
1672 5661 1701 5703 3
1732 5653 1860 5723 μήτε
1881 5655 1995 5711 τήν.

2074 5661 2097 5694 ι
2139 5652 2217 5704 ῖσ.
2246 5648 2357 5704 ἅτε.
