4088 6214
268 293 368 350 761

1542 292 1883 351 EPISTULA
1893 295 2052 352 RUM
2095 296 2306 352 LIBER
2345 295 2386 352 Ι.

3533 301 3640 360 ’162

267 441 357 475 ται
389 419 726 493 σπλάγχνων,
774 423 833 473 τὸ
883 421 1037 492 ἄλγος
1079 419 1244 483 αὐτῆς
1293 428 1384 481 τῆς
1441 420 1584 481 ζωῆς
1621 441 1638 455 ο
1693 419 1799 472 ἀλλ’
1832 425 1858 474 εἰ

1989 424 2236 489 tristem,
2269 423 2437 479 vultu
2455 423 2773 494 dejectum,
2805 425 3238 498 lacrymantem
3263 441 3278 482 :
3301 426 3376 483 de
3407 431 3460 485 te
3486 429 3640 486 solli.

267 517 320 564 τί
365 531 452 564 σοι
504 519 600 572 τῆς
629 509 758 581 ἐμῆς
809 510 948 583 μέλει
1005 515 1144 574 ζωῆς
1172 511 1342 580 (οὔπω
1370 507 1430 564 δέ
1454 515 1518 583 μέ
1557 530 1636 572 τις
1668 509 1875 564 ἀναπεί-

271 603 345 654 θει
372 601 520 673 λόγος
569 603 633 662 ὡς
680 601 737 652 ού
790 599 950 673 μέλει)
996 604 1183 672 μηκέτι
1239 597 1405 674 μηδὲν
1451 608 1684 652 τοιοῦτον
1737 597 1876 672 μηδὲ

265 690 654 764 παραπλήσιον,
705 694 838 762 μήτε
897 689 966 751 εἰς
1000 688 1196 762 βουλὴν
1227 694 1358 761 μήτε
1400 689 1465 751 εἰς
1497 691 1710 762 μελέτην
1759 686 1875 742 δια-

265 780 482 834 ϐαινέτω
514 800 528 813 ο
554 781 812 852 μακάριος
865 781 966 853 γάρ
999 777 1127 850 ἀνὴρ
1174 779 1279 851 ούχ
1337 779 1390 842 ὃς
1452 778 1534 832 έπὶ
1562 784 1874 852 παρανόμων

263 871 357 924 οῦκ
389 865 610 942 ῖδραμεν
640 871 786 942 ἔργα,
821 866 928 919 ἀλλ’
956 869 1010 928 ὃς
1035 865 1160 921 οὐδὲ
1197 867 1246 919 iv
1274 877 1335 941 τῇ
1371 867 1534 941 βουλῇ
1565 869 1734 922 αὐτῶν
1760 869 1875 921 ἐπο-

261 961 463 1034 ρεύθη·
505 954 636 1030 μηδ’
686 959 762 1010 ὃτι
812 961 1028 1030 χείρους
1076 960 1266 1030 ἔχομεν
1317 961 1702 1031 σεμνννώμεθα,
1763 957 1871 1010 ἀλλ’

261 1053 308 1103 εἴ
360 1069 510 1102 τινων
556 1047 797 1108 ἐλάττους
855 1045 1202 1119 ἐλεγχθῶμεν,
1281 1048 1659 1119 αἰσχυνώμεθα
1692 1069 1705 1081 ο
1760 1047 1869 1101 ἐπεὶ

260 1145 352 1192 καὶ
383 1138 627 1213 ἀριστεὺς
656 1135 761 1208 οὐχ
787 1137 909 1188 ὅταν
934 1136 1270 1200 λειποταξίας
1299 1136 1405 1208 οῦχ
1430 1137 1555 1208 ἅλῳ,
1607 1134 1721 1189 οὐδ’
1748 1139 1869 1189 ὅταν

263 1237 365 1282 τῶν
395 1223 644 1301 φυγάδων
687 1226 791 1297 οῦχ
822 1228 990 1284 ἥττων
1035 1225 1190 1298 ὀφθῇ,
1223 1231 1407 1299 σεμνὸς
1457 1232 1545 1279 καὶ
1598 1226 1872 1299 περίϐλεπ-

261 1337 347 1379 τος
375 1339 388 1351 ο
442 1315 548 1369 ἀλλ’
598 1313 766 1368 ἑπειδ⁹
820 1314 879 1368 ἃν
933 1323 1034 1367 τῶν
1090 1325 1493 1389 συστρατιωτῶν
1542 1322 1780 1389 κρείττων
1822 1315 1870 1368 iv

261 1407 504 1479 πολέμοις
568 1404 798 1478 ἀναφανῄ⁹
871 1410 962 1458 καὶ
1014 1413 1115 1457 τῶν
1190 1403 1395 1479 ἐχθρῶν
1447 1409 1712 1480 κρατήσῃ,
1757 1410 1870 1458 τότε

262 1501 353 1549 καὶ
391 1500 514 1558 τοὺς
546 1497 825 1568 στεφάνους
863 1493 1003 1547 ἐστὶν
1058 1491 1417 1567 ἀναδέχεσθαι
1475 1491 1682 1557 δίκαιος
1715 1513 1727 1524 ⁸
1761 1499 1866 1560 ναὶ,

263 1583 451 1658 δέομαι
528 1590 617 1636 καὶ
675 1583 960 1658 παρακαλῶ
1016 1580 1206 1648 δεῖξον,
1278 1587 1336 1636 τὸ
1393 1583 1530 1644 τέλος
1586 1583 1728 1646 άξιον
1775 1591 1870 1646 τῆς

1215 1673 1254 1724 ὦ
1302 1677 1477 1725 πόσων
1545 1681 1860 1745 στεναγμῶν,

1281 1048 1659 1120 αἰσχυνώμεθα
1692 1069 1705 1081 ο

261 1674 458 1748 ἀρχῆς,
511 1673 654 1737 ἄξιον
733 1681 832 1726 τῶν
902 1671 1113 1745 ἀγώνων
1150 1693 1164 1706 ³

1985 513 2188 569 citudo
2217 513 2356 570 talia
2401 518 2624 569 causat.
2659 515 2848 571 Labor
2895 532 3064 571 meus
3102 517 3260 573 circa
3289 522 3366 586 te,
3412 518 3486 574 de
3521 519 3640 576 vita

1985 603 2157 660 dolor
2211 604 2439 659 viscera
2481 619 2614 660 mea
2653 609 2921 676 penetrat
2972 606 3275 662 interiora.
3331 608 3543 674 Quare,
3587 609 3638 663 si

1987 708 2135 748 mete
2176 693 2306 748 vitae
2351 692 2454 748 tibi
2494 709 2640 749 cura
2669 697 2754 749 est
2794 693 2914 751 ulla
2954 694 3032 768 (et
3070 701 3223 750 certe
3261 711 3383 752 non
3425 697 3638 769 proba-

1987 787 2079 836 tur
2117 796 2237 837 non
2288 797 2412 838 esse
2452 781 2555 838 tibi
2603 783 2806 855 curas),
2848 783 2970 840 noli
3011 785 3293 856 deinceps
3343 786 3638 859 ejusmodi

1984 870 2208 943 aliquid
2251 873 2309 926 in
2357 870 2837 928 deliberalionem
2896 874 3227 930 admittere.
3284 875 3498 931 Beatus
3540 875 3637 933 ille

1983 959 2090 1026 vir,
2129 976 2248 1016 non
2274 960 2378 1033 qui
2401 977 2783 1034 nequaquam
2816 963 3077 1019 cucurrit
3105 962 3182 1018 ad
3214 962 3414 1020 illicita
3444 965 3640 1021 malo-

1981 1065 2116 1105 rum
2146 1065 2350 1121 opera,
2386 1051 2492 1106 sed
2521 1052 2624 1122 qui
2653 1068 2726 1108 ne
2751 1053 2996 1124 quidem
3029 1052 3266 1108 incessit
3297 1053 3355 1108 in
3386 1053 3636 1109 concilio

1983 1139 2461 1210 malignantium.
2483 1144 2595 1196 Nec
2612 1141 2777 1212 quod
2790 1142 2924 1208 sint,
2940 1159 3126 1214 quam
3151 1158 3259 1198 nos
3282 1159 3509 1210 sumus,
3533 1143 3639 1198 de-

1981 1229 2225 1284 teriores
2267 1229 2385 1295 alii,
2428 1229 2770 1300 gloriemur,
2815 1231 2922 1286 sed
2953 1232 3002 1286 si
3043 1232 3346 1303 aliquibus
3376 1233 3637 1304 impares

1981 1317 2376 1382 inveniamur,
2414 1319 2643 1390 pudore
2667 1319 3090 1376 suﬂundimur.
3117 1324 3260 1376 Nam
3291 1327 3346 1377 et
3371 1323 3636 1392 optimus

1983 1406 2153 1462 miles
2178 1407 2341 1463 haud
2364 1406 2630 1463 desertor
2651 1411 2975 1474 convictus,
3003 1424 3110 1464 nec
3132 1409 3297 1481 quod
3322 1425 3457 1464 cum
3485 1409 3636 1479 fugi~

1981 1495 2111 1550 tivis
2141 1503 2472 1559 censeatur,
2503 1496 2696 1552 clarus
2725 1497 2946 1553 obinde
2977 1505 3033 1554 et
3072 1497 3310 1554 illustris
3339 1498 3425 1566 ﬁt,
3453 1498 3556 1554 sed
3588 1499 3636 1554 si

1979 1584 2136 1640 bello
2155 1585 2538 1657 praestantior
2553 1601 2738 1657 quam
2757 1587 3193 1642 commilitones
3213 1605 3226 1642 :
3250 1588 3296 1642 si
3319 1587 3629 1643 victoriam

1979 1673 2055 1728 de
2090 1674 2366 1730 hostibus
2411 1676 2748 1746 reportavit,
2781 1681 2908 1731 tum
2937 1677 3156 1746 dignus
3205 1675 3505 1746 judicatur
3530 1675 3635 1748 qui

259 1771 439 1817 πόσων
505 1761 746 1838 δακρύων
805 1761 854 1814 iv
912 1762 1123 1834 πελάγει
1169 1765 1259 1834 μὲν
1311 1765 1522 1834 μέσονι
1564 1763 1858 1834 πνευμάτων

1979 1767 2315 1818 coronetur.
2360 1765 2567 1818 Hortor
2603 1767 2797 1819 autem
2837 1770 3018 1836 atque
3065 1763 3337 1828 obsecro,
3389 1763 3633 1820 ostende

258 1859 352 1906 καὶ
408 1853 567 1914 ζάλης
629 1849 1011 1927 ούριοδρομεῖν,
1071 1855 1196 1924 πρὸς
1260 1851 1400 1923 αύτῷ
1454 1849 1513 1905 δε
1565 1861 1636 1924 τῷ
1678 1852 1861 1925 λιμένι,

259 1943 742 2004 καταποντίζεσθαι
791 1963 804 1976 ο
862 1947 951 1994 καὶ
1042 1941 1261 2014 πόλεμον
1338 1943 1428 2010 μεν
1499 1949 1705 2015 κρατεῖν
1768 1951 1867 1996 τῶν

261 2033 489 2106 έχθρῶν,
530 2040 628 2084 τῶν
659 2028 718 2084 δε
774 2035 1034 2106 τροπαίων
1081 2031 1260 2092 αὐτοῖς
1311 2030 1696 2094 ὑπεξίστασθαι
1732 2049 1746 2064 ³
1778 2036 1866 2084 καὶ

256 2126 346 2175 τόν
401 2121 576 2193 ἀγῶνα
627 2123 716 2179 μὲν
795 2120 843 2173 έν
902 2129 973 2192 τῷ
1058 2117 1263 2192 σταδίῳ
1321 2119 1572 2193 λαμπρῶς
1627 2123 1866 2192 ἐνεγκεῖν,

258 2215 392 2286 πρὸς
447 2208 506 2264 δι
531 2214 646 2272 τοὺς
681 2212 960 2283 στεφάνους
1015 2209 1401 2282 μαλακίζεσθαι
1429 2227 1441 2240 ·
1488 2211 1624 2282 ὑμᾶς
1654 2207 1713 2263 δι
1739 2213 1862 2285 ἄρα,

257 2302 297 2352 ὦ
330 2311 426 2362 τῆς
477 2299 663 2374 ἀρετῆς
715 2299 948 2372 ἐρασταὶ,
1012 2304 1102 2351 καὶ
1155 2307 1246 2360 τῆς
1297 2297 1556 2360 εὐσεϐείας
1620 2303 1859 2374 κήρυκες,

254 2397 470 2452 καὶτῆς
521 2389 759 2450 ἀληθείας
815 2393 1202 2464 προασπισταὶ,
1244 2390 1419 2464 ὥσπερ
1465 2387 1514 2441 iv
1551 2396 1659 2451 τοῖς
1690 2389 1866 2453 ἄλλοις

254 2481 476 2546 ἅπασιν,
549 2481 685 2532 οὕτω
738 2485 829 2531 καὶ
908 2486 1000 2531 τοῦ
1053 2483 1306 2553 παρόντος
1371 2478 1562 2550 ἄλγους
1626 2479 1864 2553 εὑρήσειν

254 2570 461 2642 ἔμελλον
529 2569 859 2642 παραψυχήν
893 2585 905 2599 ⁸
953 2569 1010 2621 οῦ
1081 2573 1232 2640 μόνον
1281 2570 1362 2620 ὅτι
1417 2572 1609 2640 πέφυκε
1664 2572 1722 2621 τό
1778 2569 1865 2622 λυ-

259 2667 392 2711 ποῦν
450 2667 557 2719 τοῖς
614 2658 781 2731 φίλοις
853 2657 1289 2727 έκκαλυητόμενον
1353 2654 1864 2728 διαχεῖσθαίδπως

253 2757 361 2809 τοῖς
417 2748 610 2820 λόγοις,
679 2754 770 2801 καὶ
851 2749 956 2800 οἷον
1023 2747 1493 2819 συνεξατμίζεσθαι
1525 2763 1538 2776 ⁸
1604 2745 1731 2798 ἀλλά
1773 2751 1861 2800 καὶ

251 2837 468 2910 μᾶλλον,
528 2834 668 2890 διότι
725 2836 948 2908 μεγάλας
1002 2833 1213 2896 ἐλπίδας
1269 2838 1382 2906 ἔχω
1413 2832 1506 2888 διὰ
1549 2844 1648 2888 τῶν
1687 2837 1862 2908 ὑμετέ-

250 2947 356 3001 ρων
401 2937 569 2995 σοφῶν
617 2933 706 2980 καὶ
770 2927 936 2979 καλῶν
988 2922 1201 2996 ἐπῳδῶν
1250 2944 1304 2977 τε
1355 2929 1445 2977 καὶ
1485 2930 1855 2999 παραινέσεων,

254 3020 443 3069 θᾶττον
494 3015 893 3092 ἀναρῥωσθῆναι
923 3019 1009 3068 τὸν
1068 3011 1258 3086 ἄνδρα,
1313 3017 1526 3066 καὶτὸν
1578 3022 1670 3067 τοῦ
1701 3019 1858 3088 ὄφεως

249 3105 578 3179 ψιθυρισμὸν
647 3105 810 3158 τελεον
879 3103 1290 3178 ἀποστραφέντα,
1358 3107 1546 3176 μηκέτι
1629 3103 1856 3176 συμϐου-

250 3195 346 3256 λῆς
372 3195 703 3267 ἀνασχέσθαι
735 3197 1147 3257 στασιαζούσης,
1181 3196 1301 3254 τοὺς
1347 3192 1533 3266 ὀρθούς
1577 3193 1855 3265 λογισμούς

250 3289 345 3336 καὶ
371 3285 444 3346 εἰς
485 3281 781 3356 δισταγμὸν
833 3283 1259 3355 μετακλινούσης.
1321 3289 1600 3354 πτώματος
1666 3285 1852 3348 αἴτιον,

253 3373 365 3424 ἀλλ’
422 3373 492 3434 εἰς
571 3377 665 3430 τὴν
737 3377 988 3446 προτέραν
1047 3367 1480 3444 ἐπαναδραμόντα
1534 3371 1848 3438 τελειότητα,

251 3465 497 3516 ἄσειστον
552 3467 642 3514 καὶ
694 3461 967 3518 ἀκλόνητον
1016 3460 1063 3512 iv
1111 3469 1172 3533 τῇ
1245 3460 1434 3535 στερῥᾴ
1491 3466 1580 3512 καὶ
1638 3459 1854 3535 ἀῤῥαγεῖ

248 3561 343 3612 τῆς
399 3551 676 3624 ὁμολογίας
753 3559 988 3623 Χριστοῦ
1066 3547 1458 3620 διατηρηθῆναι
1524 3553 1706 3622 πέτρᾳ,
1759 3547 1852 3603 διὰ

251 3640 377 3713 βίου
404 3644 588 3702 παντὸς
617 3645 706 3693 καὶ
734 3640 916 3712 λόγων.

1978 1851 2162 1907 ﬁnem
2201 1852 2487 1925 principio
2519 1852 2793 1924 dignum,
2817 1853 3070 1922 dignum
3101 1853 3554 1910 certaminibus.
3589 1855 3631 1910 Ο

1978 1947 2276 2014 quantum
2302 1942 2465 1997 adest
2489 1944 2748 2012 gemitus
2768 1949 2821 1999 et
2848 1943 3274 2016 lacrymarum,
3297 1947 3343 2000 si
3371 1945 3430 2000 in
3450 1945 3631 2000 mari-

1975 2031 2070 2086 nis
2094 2030 2394 2098 ﬂuctibus,
2425 2032 2576 2088 inter
2599 2037 2824 2101 ventos,
2849 2034 2906 2088 in
2945 2033 3288 2105 procellosis
3314 2039 3632 2104 tempesta-

1976 2121 2136 2178 tibus
2172 2126 2399 2177 rectum
2429 2125 2627 2177 tenere
2653 2138 2894 2178 cursum
2931 2123 3256 2194 possimus,
3284 2129 3340 2178 et
3367 2123 3426 2178 in
3453 2128 3630 2194 portu

1975 2211 2279 2284 patiamur
2295 2209 2673 2280 naufragium
2699 2210 2712 2266 l
2733 2211 2937 2284 praelio
2955 2211 3003 2266 si
3026 2212 3335 2267 vincamus
3357 2212 3555 2267 hostes
3571 2218 3628 2268 et

1973 2299 2343 2372 depellamur
2369 2316 2405 2356 a
2432 2300 2686 2372 tropaaol
2733 2301 2793 2356 in
2826 2300 3018 2356 stadio
3054 2317 3193 2356 cum
3240 2300 3417 2357 laude
3447 2305 3629 2357 certa-

1976 2404 2112 2446 men
2141 2387 2357 2452 subire,
2377 2395 2434 2446 et
2454 2389 2836 2446 emollescere
2872 2389 2950 2446 ad
2971 2389 3251 2446 bravium
3276 2393 3288 2449 l
3322 2389 3436 2446 Vos
3464 2405 3624 2462 ergo,

1972 2496 2006 2535 ο
2035 2478 2268 2534 virtutis
2299 2485 2621 2545 amatores,
2649 2479 2910 2536 veritatis
2939 2480 3042 2553 qui
3066 2495 3374 2552 praecones
3391 2479 3549 2548 estis,
3573 2484 3629 2537 et

1970 2570 2030 2625 in
2083 2569 2271 2625 Deum
2327 2569 2558 2641 pietatis
2618 2569 3007 2637 defensores;
3052 2574 3110 2625 ut
3166 2575 3370 2627 contra
3417 2574 3630 2626 caetera

1971 2658 2381 2732 praevaluistis,
2422 2659 2499 2715 ita
2536 2657 2673 2715 date
2725 2675 2995 2731 operam,
3036 2665 3092 2714 et
3141 2659 3347 2715 sedulo
3396 2660 3630 2714 incum-

1969 2748 2111 2810 bite,
2156 2754 2214 2804 ut
2251 2748 2417 2820 quod
2456 2754 2671 2822 exopto
2710 2749 2936 2805 doloris
2995 2748 3268 2805 habeatis
3321 2748 3625 2804 levamen-

1971 2843 2118 2894 tum.
2140 2841 2264 2895 Non
2288 2839 2366 2894 ob
2387 2854 2518 2894 eam
2546 2844 2780 2894 tantum
2803 2854 3072 2902 causam,
3101 2838 3245 2910 quia
3263 2836 3620 2908 quod’dolet,

1967 2927 2176 2985 amicis
2199 2929 2245 2983 si
2268 2932 2621 3000 exponatur,
2641 2926 3158 3000 ditﬂndiquodam
3181 2927 3362 2982 modo
3384 2942 3489 2997 per
3511 2942 3628 2982 ser-

1966 3033 2178 3073 mones
2189 3016 2422 3089 poterit,
2438 3019 2560 3087 aut,
2579 3021 2641 3072 ut
2656 3016 2739 3071 sic
2751 3015 2974 3081 dicam,
2990 3016 3324 3087 evaporari;
3349 3015 3454 3070 sed
3472 3014 3626 3070 mul-

1965 3111 2024 3162 to
2046 3108 2238 3176 magis
2263 3103 2426 3178 quod
2452 3121 2619 3176 spem
2642 3105 2945 3175 egregiam
2963 3105 3253 3176 concipio,
3284 3103 3549 3160 futurum
3565 3108 3627 3160 ut

1965 3196 2174 3251 vestris
2187 3195 2580 3268 prudentibus
2595 3194 2706 3249 illis
2719 3199 2774 3250 et
2792 3193 3094 3266 prteclaris
3107 3193 3622 3250 admonitionibus

1963 3289 2018 3340 et
2043 3283 2614 3339 insusurrationibus
2631 3282 3142 3338 corroborandum
3162 3281 3627 3346 hominem,ser-

1963 3373 2160 3445 pentis
2175 3372 2328 3428 illius
2343 3372 2573 3428 difﬂato
2591 3370 2762 3426 sibilo
2776 3373 2950 3444 quasi
2964 3370 3224 3426 consiliis
3243 3369 3487 3425 ulterius
3502 3384 3624 3424 non

1962 3463 2296 3534 pariturum
2311 3477 2517 3517 eorum
2529 3461 2628 3534 qui
2647 3460 2912 3516 fecerunt
2929 3460 3351 3523 secessionem;
3367 3459 3470 3531 qui
3485 3473 3626 3514 con-

1962 3551 2091 3608 silia
2103 3557 2261 3608 recta
2274 3551 2566 3622 etOptima
2578 3551 2656 3606 ab
2669 3549 3104 3605 dubitationem
3119 3548 3427 3604 inﬂectunt
3441 3548 3624 3603 ruinas

1959 3640 2233 3698 daturam
2247 3640 2758 3710 occasionem,sed
2772 3639 2842 3696 ad
2860 3638 3111 3712 priorem
3128 3639 3522 3710 integritatem
3540 3653 3626 3693 re-

245 3746 513 3796 versum,
528 3731 608 3786 ita
625 3730 774 3786 utim
786 3736 980 3785 motus
999 3729 1120 3784 etin
1131 3728 1338 3790 ﬂexus,
1359 3729 1414 3784 in
1431 3727 1777 3784 Christianae
1805 3729 2197 3786 confessionis
2222 3736 2385 3802 petra
2405 3730 2591 3786 solida
2615 3735 2672 3786 et
2690 3730 2940 3786 infracta
2957 3733 3358 3797 conservetur,
3376 3727 3438 3783 in
3458 3728 3630 3785 omni

247 3822 379 3877 vita:
405 3836 600 3885 cursu,
625 3826 680 3875 et
709 3835 1051 3874 sermonum
1087 3819 1364 3873 varietate
1393 3824 1802 3872 conservatus.

323 3913 383 3963 Εἴ
447 3929 525 3970 τις
573 3905 631 3961 δε
687 3907 1022 3981 παράκλησις
1093 3906 1141 3959 ἐν
1227 3915 1442 3981 Χριστῴ
1527 3906 1682 3977 (μετὰ
1761 3913 1852 3958 τοῦ

251 4002 530 4052 θεσπεσίου
594 3998 800 4052 Παύλου
850 3999 989 4070 ύμῖν,
1041 4001 1130 4049 καὶ
1203 3993 1278 4048 δι’
1333 3997 1473 4067 ὑμῶν
1529 4001 1692 4047 πᾶσιν
1745 3993 1854 4047 ἔπι-

246 4088 531 4160 ϐοώμεθα),
588 4091 631 4140 εἶ
697 4107 748 4139 τι
822 4089 1152 4157 παραμύθιον
1213 4083 1445 4156 ἀγάπης,
1503 4083 1544 4136 εί
1587 4103 1663 4145 τις
1714 4103 1851 4136 κοιν-

247 4183 376 4231 ωνία
462 4179 754 4248 Πνεύματος
873 4179 919 4228 εἷ
990 4195 1108 4227 τινα
1177 4174 1462 4245 σπλάγχνα
1539 4177 1628 4226 καὶ
1694 4173 1852 4226 οἰκτι-

245 4272 394 4342 ρμοὶ,
475 4265 788 4337 πληρώσατέ
865 4284 965 4337 μου
1037 4269 1130 4322 τὴν
1207 4265 1382 4338 χαράν
1417 4285 1428 4296 ·

245 4361 413 4428 μέχρι
475 4363 582 4420 νῦν,
638 4355 772 4407 οῦτω
848 4359 937 4406 καὶ
1003 4350 1308 4418 διαπαντός,
1385 4356 1443 4404 τὸ
1501 4352 1625 4404 αὐτὸ
1699 4373 1850 4426 φρον-

246 4453 357 4510 ῆτε,
439 4444 488 4496 έν
576 4445 644 4498 ἑνὶ
719 4447 973 4515 πνεύματι
1054 4448 1144 4495 καὶ
1237 4449 1334 4515 μιᾷ
1424 4441 1577 4513 ψυχῆ
1663 4445 1847 4495 συναθ-

243 4535 447 4594 λοῦντες
521 4542 615 4595 τῆς
711 4533 955 4594 ἀληθείας
1043 4540 1115 4596 τῷ
1215 4535 1530 4604 κηρύγματι,
1609 4537 1699 4584 καὶ
1774 4538 1846 4604 μὴ

244 4629 561 4696 πτυρόμενοι
629 4636 653 4664 ο
729 4621 777 4674 iv
879 4618 1070 4692 μηδενὶ
1159 4623 1259 4673 ύπὸ

650 4712 824 4772 αὐτοῖς
875 4715 964 4783 μὲν
1045 4710 1182 4763 ἐστιν
1262 4707 1478 4772 ἔνδειξις
1565 4710 1844 4777 ἀπωλείας,

1511 4808 1644 4852 Θεοῦ
1695 4822 1706 4834 ·
1767 4801 1847 4853 ὃτι

439 4444 488 4496 έν
576 4445 644 4498 ἑνὶ
719 4447 973 4515 πνεύματι
1054 4448 1144 4495 καὶ

1215 4535 1530 4606 κηρύγματι,

1356 4629 1455 4673 τῶν
1561 4620 1847 4692 ἀντικειμέ-

243 4733 345 4764 νων
387 4733 400 4745 ·
455 4715 568 4772 ἣτις

245 4804 371 4874 ὑμῖν
451 4799 510 4854 δι
597 4806 886 4874 σωτηρίας,
960 4805 1051 4853 καὶ
1111 4809 1260 4853 τοῦτο
1331 4798 1431 4851 ἀπό

243 4894 370 4963 ύμῖν
437 4889 697 4966 ἐχαρίσθη
777 4889 890 4962 [τό]
961 4891 1061 4941 ὑπὸ
1135 4897 1389 4962 Χριστοῦ,
1453 4889 1512 4940 οῦ
1577 4895 1730 4961 μόνον
1789 4895 1845 4942 τό

244 4981 319 5042 εἰς
369 4980 524 5032 αὐτόν
605 4983 888 5043 πιστεύειν,
982 4977 1109 5030 ἀλλά
1189 4983 1276 5030 καὶ
1354 4983 1412 5030 τὸ
1492 4980 1618 5050 ὑπὲρ
1685 4979 1844 5032 αὐτοῦ

243 5071 498 5142 πάσχειν.
561 5074 661 5122 Καὶ
727 5077 892 5121 ταῦτα
945 5067 1048 5138 οῦχ
1106 5070 1175 5127 ὡς
1242 5075 1340 5119 τῶν
1400 5069 1531 5140 ἐμῶν
1587 5064 1845 5140 δεομένοις

242 5159 409 5230 λόγων
481 5162 684 5233 γράφω,
775 5157 884 5209 ἀλλ’
989 5159 1058 5218 ὡς
1136 5165 1437 5228 χρεωστῶν,
1510 5156 1696 5228 ἀλλάγε
1754 5163 1843 5210 καὶ

241 5248 503 5321 ἐφιέμενος
573 5251 694 5322 ύμῖν
772 5255 1044 5312 κοινωνεῖν,
1142 5249 1262 5298 ἔνθα
1351 5250 1440 5316 μὲν
1511 5246 1656 5300 καλεί
1728 5268 1843 5300 και-

238 5345 353 5415 ρός,
407 5338 587 5402 αὐτοῖς
668 5341 838 5414 ἔργοις
905 5343 994 5389 καὶ
1049 5335 1242 5402 ἄθλοις,
1320 5335 1425 5388 ἀλλ’
1482 5334 1694 5390 ὃτεάδε
1751 5344 1840 5391 καὶ

2035 3910 2224 3979 Atque
2237 3907 2365 3962 haec
2379 3907 2622 3979 quidem
2637 3907 2954 3963 hactenus.
2971 3907 3134 3973 Quod
3144 3907 3405 3962 siautem
3417 3908 3626 3977 aliqua

1962 3999 2038 4052 sit
2063 3999 2386 4053 consolatio
2414 3999 2476 4050 in
2505 3996 2742 4052 Christo
2779 3997 2848 4061 ‘9,
2881 3995 2963 4050 ita
2981 3995 3138 4049 enim
3164 3993 3414 4049 vocibus
3439 3995 3622 4050 divini
3677 3997 3686 4004 “

1964 4087 2126 4142 Pauli
2159 4086 2328 4142 vobis
2363 4085 2656 4158 sigillatim
2690 4083 3056 4148 inclamabo;
3080 4085 3132 4138 si
3155 4083 3309 4154 quod
3336 4084 3619 4140 solatium

1963 4176 2300 4242 charitatis,
2323 4179 2378 4232 si
2393 4192 2514 4247 quae
2531 4173 3044 4244 spiritussocietas.
3075 4172 3126 4227 si
3146 4187 3279 4244 qua
3301 4171 3622 4229 miseratio~

1489 4264 1594 4334 ἵνα,
1675 4265 1849 4336 ὥσπερ

1970 4267 2054 4322 nis
2094 4266 2334 4331 viscera,
2377 4279 2476 4321 vos
2515 4264 2832 4334 adimplete
2867 4262 3145 4334 gaudium
3182 4277 3373 4318 meum
3415 4262 3464 4297 ²⁰
3498 4278 3512 4328 ;
3558 4267 3624 4319 ut

1961 4354 2474 4426 quemadmodum
2490 4353 2606 4408 huc
2625 4368 2832 4424 usque,
2851 4351 2935 4407 sic
2945 4366 3172 4420 semper
3186 4350 3332 4407 idem
3346 4351 3618 4418 sapiatis,

1960 4445 2023 4500 in
2037 4460 2146 4499 uno
2161 4443 2375 4510 spiritu
2392 4442 2750 4498 unanimiter
2763 4442 2920 4497 colla
2930 4443 3203 4498 borantes
3215 4442 3511 4509 praeconio
3527 4455 3623 4496 ve-

1957 4533 2242 4590 ritatisut
2264 4549 2570 4604 nunquam
2593 4532 2667 4588 ab
2696 4531 3043 4588 adversariis
3071 4530 3428 4586 terr-camini:
3459 4529 3619 4596 Quod

1955 4623 2072 4678 illis
2094 4623 2368 4678 concedet
2396 4625 2456 4678 in
2474 4622 2929 4685 damnationem,
2955 4621 3115 4676 vobis
3142 4620 3205 4674 in
3227 4619 3479 4675 salutem
3509 4618 3619 4674 im-

1957 4712 2282 4782 putabitur,
2307 4712 2484 4784 idque
2501 4714 2612 4767 Deo
2635 4713 2916 4778 operante
2949 4727 2961 4773 ;
2983 4709 3117 4780 quia
3140 4708 3298 4763 vobis
3327 4707 3617 4763 donatum

1956 4809 2039 4857 est
2060 4818 2095 4858 a
2119 4801 2369 4866 Christo,
2393 4817 2510 4856 non
2530 4801 2719 4855 solum
2745 4805 2808 4854 ut
2832 4801 2895 4854 in
2918 4797 3105 4852 ullum
3133 4796 3405 4859 credatis,
3431 4797 3533 4852 sed
3554 4802 3613 4852 ut

1952 4907 2066 4960 pro
2081 4892 2188 4946 illo
2197 4890 2531 4960 patiamini.
2551 4891 2669 4945 Ista
2697 4893 2890 4944 autem
2918 4887 3154 4956 scripsi,
3175 4903 3294 4942 non
3319 4887 3479 4958 quod
3490 4902 3614 4943 ser-

1953 4981 2224 5036 monibus
2245 4980 2385 5036 meis
2413 4979 2743 5049 indigeatis,
2767 4977 2870 5032 sed
2878 4983 3199 5046 propterea
3211 4976 3370 5048 quod
3388 4976 3588 5032 deside
3600 5006 3618 5018 -

1954 5084 2068 5125 rem
2083 5069 2318 5140 quippe,
2333 5069 2559 5124 debitor
2569 5066 2835 5138 quaedam
2853 5065 3146 5122 vobiscum
3162 5067 3610 5131 communicare,

1954 5159 2056 5213 ubi
2079 5157 2262 5226 fuerit
2295 5157 2538 5218 occasio,
2584 5170 2750 5227 apere
2779 5157 2906 5224 ipso
2936 5160 2992 5210 et
3015 5154 3480 5220 concertatione;
3512 5171 3612 5212 nec

1945 5248 2130 5318 factis
2155 5253 2382 5303 tantum
2403 5246 2503 5301 sed
2518 5245 2812 5301 interdum
2836 5249 2890 5300 et
2909 5244 3100 5300 verbis
3118 5245 3185 5298 ιι.
3225 5244 3332 5299 Vos
3354 5243 3529 5309 enim,
3551 5250 3611 5300 ut

1951 5352 2088 5392 cum
2118 5338 2343 5392 Joanne
2367 5333 2663 5405 Theologo
2689 5334 2906 5399 dicam,
2931 5335 3152 5392 habetis
3181 5349 3219 5392 a
3247 5339 3454 5392 sancto
3479 5333 3610 5404 Spi-

318 5429 363 5463 ¹⁹
390 5427 601 5502 Philip.
641 5443 700 5495 ιι,
736 5433 782 5483 1.
825 5429 874 5463 ³ο
903 5427 1046 5482 ibid.
1077 5428 1129 5480 2.
1173 5427 1214 5462 ²¹
1251 5424 1459 5496 Philip.
1491 5441 1549 5490 ιι,
1581 5425 1652 5492 2;
1687 5443 1723 5494 1,
1751 5432 1817 5484 29
1847 5444 1858 5482 ι

1971 5427 2180 5482 assim.

1589 5515 1826 5572 VARI/EI
1866 5516 2270 5574 LECTIONES.

314 5618 340 5650 ι
361 5611 437 5664 ῖσ.
464 5606 747 5682 ἀνάμεσον.
830 5605 860 5649 b
891 5601 1326 5679 συνδιαχεῖσθαι.

1405 5617 1429 5647 ο
1469 5608 1765 5679 συρόμενοι,
1787 5605 1882 5664 vel
1910 5608 2266 5679 πτερούμενοι.

2345 5603 2373 5647 ἀ
2404 5603 2584 5658 ἄλλοτε
2601 5647 2614 5662 .
