4088 6214
563 270 670 328 763

1799 266 2032 322 PHOTII
2070 265 2199 321 PAT

2312 264 2559 321 lRCHE
2597 265 2706 321 ΟΡ.
3789 275 3878 329 764

562 400 687 452 ritu
719 397 1050 452 unctionem
1079 416 1090 449 :
1127 411 1324 467 porro,
1353 409 1528 466 quam
1552 391 1874 461 accepistis,
1905 394 2103 448 unctio
2157 393 2199 445 ir

2331 397 2436 451 τοῖς
2507 391 2730 464 ῥήμασι.
2790 395 2890 444 Καὶ
2941 393 3040 465 γὰρ
3105 393 3253 464 ὑμεῖς
3300 393 3456 464 (μετὰ
3527 400 3614 445 τοῦ
3680 395 3875 466 θεολόγον

563 486 716 544 vobis
745 492 956 551 manet,
979 501 1086 542 nec
1115 501 1259 553 opus
1284 492 1366 540 est
1395 489 1458 538 ut
1488 483 1798 554 quisquam
1830 498 1933 537 nos
1961 481 2211 547 erudiat,

562 576 660 632 sed
685 577 837 631 sicut
859 577 1060 632 eadem
1084 575 1286 629 unctio
1308 574 1470 629 docet
1496 588 1611 637 vos,
1642 581 1694 628 et
1722 573 1868 627 sicut
1898 588 1988 627 vos
2014 572 2213 626 docuit

562 673 779 722 manete
808 667 868 720 in
896 681 976 728 eo,
1008 672 1066 719 ut
1097 680 1225 717 cum
1254 663 1594 733 apparuerit
1624 661 1816 716 Filius
1851 661 1970 724 Dei,
2003 660 2214 717 habea-

563 771 685 810 mus
707 755 1000 825 ﬁduciam,
1033 769 1132 810 nec
1161 751 1596 821 confundamur
1623 751 1682 804 in
1711 751 1967 807 adventu
1994 753 2121 819 ejus
2143 752 2210 802 ³³.

563 845 731 900 Pacis
752 847 950 899 autem
965 847 1162 897 custos
1175 846 1354 914 atque
1375 856 1495 906 rex,
1518 839 1620 912 qui
1641 839 1822 895 vitam
1839 839 2009 894 nobis
2025 839 2210 907 dedit,

560 939 615 988 et
647 932 918 988 eamdem
947 935 1262 988 conservat
1291 947 1303 985 :
1337 931 1405 985 In
1435 947 1545 1001 quo
1582 931 1854 990 vivimus.
1887 944 2209 993 movemur,

558 1038 758 1078 sumus
789 1022 858 1084 ’³.
891 1021 1063 1090 cujus
1090 1020 1316 1077 amoris
1339 1019 1610 1087 vinculis,
1633 1035 1740 1074 nec
1762 1017 2212 1074 dissolubilibus

558 1110 854 1167 constricti
872 1116 1172 1166 tenemur:
1196 1109 1291 1164 ille
1312 1108 1588 1180 princeps
1617 1109 1919 1173 sacerdos,
1935 1107 2212 1179 idemque

557 1215 839 1270 magnus,
857 1200 1118 1257 Christus
1136 1215 1352 1271 nempe
1375 1215 1550 1252 verus
1567 1205 1764 1254 noster
1789 1200 1936 1253 Deus
1957 1221 1969 1252 :
1988 1197 2212 1263 Quinos

554 1289 622 1345 de
642 1305 762 1344 non
771 1290 1012 1361 populo,
1038 1290 1326 1358 populum
1347 1289 1642 1343 constituit
1667 1287 2090 1359 acquisitionis,
2109 1302 2214 1355 per

553 1380 899 1449 sanguinem
923 1378 1231 1447 proprium
1263 1379 1329 1432 ¹⁴ε
1364 1393 1472 1432 nec
1505 1380 1796 1449 populum
1841 1375 2209 1447 simpliciter,

554 1468 658 1523 sed
679 1469 981 1534 dilectam,
996 1467 1100 1522 sed
1117 1474 1348 1537 gentem
1371 1472 1662 1532 sanctam,
1681 1466 1781 1522 sed
1798 1468 2000 1536 regale
2018 1481 2208 1522 sacer-

553 1557 801 1622 dotium,
831 1573 966 1628 quas
996 1555 1314 1612 ineffabilis
1336 1555 1490 1610 illius
1519 1555 1753 1611 bonitas
1783 1560 1889 1620 est,
1919 1557 2074 1624 ﬁlios
2105 1571 2210 1611 nos

551 1647 934 1710 constituens,
951 1646 1231 1709 hwredes,
1249 1653 1300 1701 et
1315 1660 1509 1700 secum
1521 1645 1863 1702 coheredes:
1881 1645 2035 1714 apud
2045 1660 2210 1716 quem

2329 481 2484 550 φάναι
2554 480 2814 550 Ἰωάννου)
2891 485 3107 552 χρίσμα
3202 484 3348 552 ἔχετε
3435 480 3532 533 ἀπὸ
3603 491 3684 534 τοῦ
3755 483 3875 556 ἁγίου

2329 571 2639 640 Πνεῦματος,
2691 574 2804 632 xui,
2853 575 2924 622 Τό
2973 575 3189 644 χρίσμα
3243 571 3268 622 ὃ
3336 570 3532 623 ἐλάϐετε
3597 569 3682 622 ἀπ’
3729 573 3875 636 αὐτοῦ,

2325 660 2372 708 ἐν
2417 659 2537 730 ὑμῖν
2599 663 2756 729 μένει,
2830 664 2920 712 καὶ
2996 657 3176 713 οἴδατε
3230 663 3414 724 πάντα,
3467 665 3556 712 xui
3609 661 3664 712 οὐ
3725 667 3877 734 χρείαν

2324 749 2490 818 ἔχετε,
2552 749 2634 800 ἶνα
2702 767 2782 810 τις
2857 745 3096 822 διδάσκῃ
3162 751 3315 820 ὑμᾶς,
3385 747 3489 800 ἀλλ’
3545 751 3612 812 ὡς
3677 754 3726 802 τό
3777 751 3876 802 αὐτό

2322 840 2538 909 χρίσμα
2591 832 2841 888 διδάσκει
2894 839 3029 908 ὑμᾶς
3107 843 3224 912 περὶ
3293 840 3532 889 πάντωνο
3607 843 3692 890 καὶ
3741 841 3877 899 καθὼς

2323 920 2561 986 έδίδαξεν
2633 926 2783 997 ὑμᾶς,
2847 929 3019 996 μένετε
3074 926 3122 978 ἐν
3206 927 3346 997 αὐτῷ
3395 944 3407 954 ·
3464 926 3547 977 ἱνα
3601 928 3714 978 ὅταν
3760 948 3876 998 puri-

2322 1015 2511 1085 ρωθῇό
2545 1016 2664 1074 Υἱός
2713 1022 2804 1066 τοῦ
2859 1023 3016 1082 Θεοῦ,
3071 1019 3272 1088 ἔχωμεν
3335 1015 3650 1090 παρρησίαν,
3700 1022 3779 1069 καὶ
3820 1022 3874 1088 μή

2323 1102 2691 1175 αἰσχυνθῶμεν
2771 1103 2858 1155 ἀπ’
2912 1104 3072 1156 αὑτοῦ
3121 1104 3169 1155 ἐν
3232 1113 3291 1176 τῇ
3364 1109 3627 1176 παρουσίᾳ
3679 1106 3820 1157 αὐτοῦ
3867 1124 3876 1135 ·

2323 1193 2348 1242 ὁ
2380 1188 2439 1244 δε
2469 1201 2564 1253 τῆς
2612 1193 2818 1266 εἰρήνης
2876 1198 3068 1265 ταμίας
3111 1200 3200 1247 καὶ
3259 1193 3526 1266 βασιλεὺς,
3578 1196 3718 1255 ὁτῆς
3764 1196 3879 1256 ζωῆς

2323 1282 2467 1352 ημῶν
2521 1285 2686 1344 αἴτιος
2741 1288 2831 1334 xui
2893 1287 3172 1353 συνοχεῦς,
3228 1283 3278 1335 ἐν
3415 1284 3581 1354 ζῶμεν
3611 1289 3694 1336 καὶ
3740 1288 3881 1336 κινοῦ-

2319 1373 2454 1443 μέθα
2503 1376 2592 1423 καὶ
2645 1369 2795 1442 ἐσμέν
2829 1392 2841 1404 ο
2876 1368 2934 1423 οὗ
2967 1380 3076 1432 τοῖς
3128 1371 3334 1434 ἀλύτοις
3398 1369 3613 1444 δεσμοῖς
3639 1381 3720 1434 τῆς
3779 1375 3878 1443 vir/u-

2322 1465 2528 1522 πήσεως
2580 1457 2938 1532 συνδεδέμεθα
2969 1478 2980 1491 ·
3040 1463 3065 1513 ό
3119 1471 3322 1533 πρῶτος
3384 1467 3476 1514 καὶ
3530 1465 3684 1534 μέγας
3728 1461 3879 1537 ἀρχιε-

2321 1554 2459 1624 ρεὺς,
2519 1554 2748 1622 Χριστὸς
2788 1550 3079 1611 ὁάληθινός
3147 1555 3278 1612 Θεὸς
3322 1553 3469 1624 ἡμῶν
3500 1572 3512 1584 ·
3543 1553 3568 1603 ό
3612 1551 3662 1614 ἐξ
3687 1552 3738 1602 οὐ
3777 1552 3878 1602 λαοῦ

2321 1639 2441 1690 λαόν
2509 1639 2694 1690 οἰκεῖον
2765 1641 2904 1711 ἡμᾶς
2979 1637 3095 1711 ἰδίῳ
3149 1639 3335 1712 αἱματι
3393 1643 3774 1713 ποιησάμενος·
3811 1646 3880 1692 καὶ

553 1751 673 1790 non
685 1742 763 1791 est
779 1735 1071 1790 conversio
1087 1735 1538 1790 velinversionis
1554 1751 1647 1789 um
1657 1735 1764 1790 bra
1779 1736 1844 1790 ης
1863 1750 2014 1805 quos
2026 1735 2199 1788 incul-

2321 1728 2426 1799 οὐχ,
2483 1727 2654 1790 ἀπλῶς
2706 1728 2845 1791 λαόν,
2903 1727 3032 1780 ἀλλά
3090 1735 3180 1781 xui
3229 1731 3616 1802 ἠγαπημόιους,
3654 1735 3734 1781 καὶ
3769 1731 3880 1790 ἔθνος

552 1828 725 1895 patos
743 1824 819 1880 ad
835 1824 1013 1878 ﬁnem
1033 1840 1218 1896 usque
1233 1829 1322 1881 est
1343 1823 1637 1879 custoditu
1651 1840 1771 1884 rus.
1790 1824 2206 1892 constringens

552 1927 663 1967 nos
687 1913 923 1968 vinculo
952 1914 1116 1984 pacis
1136 1919 1192 1969 et
1211 1914 1450 1978 amoris,
1477 1913 1743 1968 formans
1773 1912 1952 1967 nosin
1977 1912 2127 1984 ipso,
2153 1917 2210 1968 et

551 2001 700 2057 inter
725 2007 960 2057 nosmet
993 2008 1203 2058 mutuo
1231 2002 1480 2058 immota
1509 2007 1569 2058 et
1592 2002 1951 2058 inconcussa
1977 2002 2207 2074 pietatis

551 2092 840 2146 sententia
854 2092 1222 2158 constitutus,
1241 2108 1424 2148 unam
1439 2098 1495 2148 et
1515 2090 1792 2147 eamdem
1816 2108 2028 2147 omnes
2042 2092 2204 2162 cogi-

548 2181 830 2236 tationem
859 2181 1174 2246 habentes,
1203 2197 1389 2236 unum
1421 2181 1704 2246 dicentes,
1738 2180 1816 2236 ad
1858 2197 2039 2236 unum
2073 2196 2206 2252 pro-

546 2276 900 2341 spectantes,
923 2270 1000 2325 ad
1028 2271 1297 2326 bravium
1331 2286 1605 2341 superum
1641 2269 1967 2326 vocationis
1997 2286 2205 2341 prope-

543 2363 744 2414 rantes
765 2377 778 2414 :
796 2359 899 2414 ubi
923 2359 1453 2429 primogenitorum
1472 2360 1738 2416 Ecclesia
1761 2366 1842 2415 est
1862 2361 1928 2418 "z
1941 2359 2035 2414 ubi
2053 2377 2105 2414 ιιι
2115 2376 2203 2415 ar-

545 2453 743 2520 tyrum
758 2449 994 2517 chorus,
1012 2450 1489 2521 patriarcharum
1509 2449 1890 2506 tabernacula
1903 2450 2024 2516 ;ubi
2041 2466 2202 2507 men-

543 2536 786 2592 dacium
826 2553 944 2592 non
978 2538 1303 2594 antefertur
1335 2538 1581 2602 veritati,
1615 2554 1734 2594 non
1766 2545 1854 2594 est
1883 2545 2198 2605 contentio,

545 2625 829 2696 tyrannis,
858 2627 1111 2681 insanus
1131 2625 1294 2682 furor
1319 2644 1331 2682 :
1357 2627 1458 2682 sed
1484 2627 1600 2683 alta
1623 2627 1810 2698 quies,
1839 2629 2096 2685 veritatis
2119 2629 2200 2685 ir-

545 2714 875 2769 resistibilis
895 2715 1266 2786 pulchritudo
1285 2715 1448 2771 nullo
1469 2715 1716 2771 artiﬁcio
1734 2718 2195 2775 inobscuranda:

545 2801 645 2857 ubi
679 2802 865 2874 quies,
902 2820 1037 2875 pax,
1071 2805 1412 2873 concordia,
1443 2805 1760 2861 beatarum
1798 2806 2097 2864 visionum
2143 2815 2200 2865 et

543 2892 1021 2948 inenarrabilium
1037 2893 1508 2966 spectaculorum
1523 2895 1795 2958 intuitus,
1814 2897 2193 2968 participatio,

544 2985 600 3037 et
628 2980 846 3045 fruitio,
872 2983 1209 3054 adoptionis
1240 2983 1372 3038 ﬁnis
1397 2998 1516 3038 non
1546 2983 1787 3039 ulterius
1813 2992 2064 3056 sperata:
2091 2987 2195 3042 sed

2320 1817 2490 1888 ἅγιον,
2568 1822 2659 1869 xui
2741 1816 3006 1889 βασίλειον
3089 1821 3367 1892 ἱεράτευμα
3435 1822 3499 1887 (ὦ
3570 1827 3656 1881 τῆς
3721 1818 3879 1891 ἄφατον

2320 1915 2800 1987 φιλανθρωπίαςι)
2859 1922 2949 1968 καὶ
3030 1920 3192 1982 υἱοὺς,
3262 1923 3352 1970 xui
3407 1918 3768 1990 κληρονόμους,
3812 1921 3880 1967 καὶ

2322 2003 2780 2076 συγκληρονόμους
2864 2006 3064 2078 θέμενος
3101 2027 3113 2038 ·
3172 2008 3295 2080 παρ’
3375 2029 3413 2078 ῳ
3461 2008 3556 2059 οὐκ
3617 2009 3722 2059 ἔστι
3776 2025 3880 2078 παρ-

2320 2092 2516 2163 αλλαγὴ
2616 2094 2646 2151 ἡ

2316 2182 2460 2234 τέλου
2471 2203 2492 2244 ς
2573 2181 2908 2252 ἀνεγκλήτους
2996 2190 3336 2258 συντηρήσει,

3065 2094 3410 2166 ἀποσκίασμα
3474 2117 3486 2129 ·
3599 2095 3740 2154 αὐτὸς
3814 2095 3881 2153 ἕως

3417 2189 3709 2257 συσφίγγων
3772 2184 3882 2254 ἡμᾶς

2317 2270 2364 2322 ἐν
2407 2280 2476 2341 τῷ
2509 2269 2788 2342 συνδέσμῳ
2845 2281 2938 2334 τῆς
2986 2273 3191 2346 εἰρήνης
3239 2279 3327 2326 xui
3367 2273 3598 2345 ἀγάπης,
3659 2272 3880 2346 στηρίζων

2754 2103 2950 2165 τροπῆς

2317 2360 2366 2412 ἐν
2420 2362 2560 2431 αὐτῷ
2591 2365 2677 2413 xui
2731 2361 2778 2412 έν
2825 2360 3062 2423 ἀλληλοις
3115 2362 3163 2414 ἐν
3215 2363 3482 2435 ἀκλονήτῳ
3537 2368 3624 2415 xui
3656 2361 3878 2428 ἀσαλεύτῳ

3237 2457 3362 2524 μίαν
3443 2458 3535 2504 καὶ
3607 2457 3690 2509 τήν
3747 2450 3877 2505 αὐτὴν

3329 2546 3458 2614 πρὸς
3520 2541 3569 2594 ἓν
3625 2540 3877 2613 ἀφορῶντας

2317 2458 2404 2511 τῆς
2476 2449 2739 2512 εὐσεϐείας
2847 2457 3158 2525 φρονήματι,

2312 2540 2523 2611 μελέτην
2567 2542 2809 2611 ἔχοντας,
2877 2539 2926 2594 ἓν
2982 2541 3242 2613 λέγοντας,

2311 2628 2562 2697 ἅπαντας,
2619 2632 2748 2700 πρός
2807 2632 2863 2681 τὸ
2933 2627 3178 2704 βραϐεῖον
3252 2631 3609 2704 ἐπειγομένους
3659 2639 3745 2690 τῆς
3795 2630 3878 2678 ἅνω

2309 2717 2542 2778 κλήσεως
2574 2739 2586 2750 ·
2639 2721 2758 2770 ἔνθα
2858 2727 2956 2770 τῶν
3042 2725 3382 2793 πρωτοτόκων
3474 2723 3503 2778 ἠ
3572 2719 3874 2775 Ἐκκλησία·

2309 2808 2429 2859 ἔνθα
2480 2813 2637 2880 χοροὶ
2681 2810 2957 2881 μαρτύρων
2991 2829 3002 2840 ·
3039 2811 3159 2860 ἔνθα
3213 2819 3564 2883 πατριαρχῶν
3601 2811 3652 2861 αἱ
3683 2810 3874 2865 σκηναί·

2310 2895 2357 2947 ἐν
2389 2895 2465 2958 οἶς
2496 2897 2588 2948 οῦκ
2628 2899 2740 2948 ἔστι
2788 2893 2986 2966 ψεῦδος
3016 2901 3116 2969 πρὸ
3177 2907 3272 2961 τῆς
3319 2898 3564 2960 ἀληθείας
3609 2903 3875 2970 τιμώμενόν,

2309 2988 2402 3036 οῦκ
2457 2987 2578 3059 ἔρις,
2623 2986 2682 3036 οὐ
2733 2992 2992 3058 τυραννὶς,
3048 2987 3142 3039 οὐκ
3192 2987 3412 3041 ἀπόνοια
3463 3011 3474 3022 ·
3513 2989 3561 3041 έν
3610 2986 3682 3050 οἷς
3723 2985 3881 3060 βαθεῖα

542 3069 832 3141 perfectas,
875 3071 1047 3143 cujus
1082 3077 1282 3127 tamen
1327 3071 1658 3128 etiamnum
1693 3073 1898 3130 illustri
1930 3076 2192 3146 quodam

2312 3074 2532 3145 γαλήνη,
2586 3081 2676 3127 καὶ
2729 3075 2915 3138 κάλλος
2965 3075 3204 3138 ἀληθείας
3269 3078 3551 3151 ἀμήχανον
3601 3078 3695 3130 ὑπὸ
3747 3069 3879 3148 μηδεο

541 3161 721 3217 modo
743 3160 1059 3233 participes
1089 3161 1294 3226 simus,
1329 3169 1570 3234 prapter
1618 3179 1801 3235 quam
1829 3165 1887 3219 in
1915 3166 2193 3236 praesenti

539 3251 979 3322 persecutiones
1007 3251 1286 3322 patimur,
1317 3258 1374 3308 et
1403 3252 1618 3324 captivi
1649 3254 2027 3320 abducimur;
2064 3271 2195 3326 pro-

539 3343 667 3410 pter
693 3355 879 3411 quam
929 3346 1237 3397 sexcentas
1267 3341 1655 3407 calamitates,
1694 3351 1914 3398 mortes
1949 3345 2196 3415 perpeti-

539 3428 1090 3500 murquotidianas,
1106 3446 1260 3501 quas
1272 3430 1384 3485 laeti
1400 3431 1643 3486 ferimus
1656 3438 1897 3500 agentes
1913 3441 2195 3504 praeterea

539 3517 780 3584 gratias.
809 3520 927 3572 Pro
955 3518 1182 3588 regibus
1207 3519 1500 3574 orandum
1531 3535 1672 3586 esse,
1705 3520 1940 3575 divinus
1974 3522 2193 3579 Paulus

539 3610 674 3660 ante
704 3621 814 3659 nos
838 3605 965 3675 jam
988 3606 1129 3661 olim
1155 3606 1360 3662 docuit
1390 3608 1456 3660 ’7:
1479 3615 1533 3662 et
1565 3608 1997 3679 discipulorum
2030 3629 2191 3668 sum-

540 3709 673 3748 mus
699 3695 899 3748 Petrus
919 3696 987 3750 '3:
1006 3694 1277 3764 Subjecti
1295 3701 1490 3758 estote,
1511 3697 1723 3768 inquit,
1753 3700 1904 3754 omni
1921 3700 2195 3758 humana:

531 3789 1071 3853 creaturaapropter
1085 3784 1402 3840 Dominum
1421 3802 1437 3838 :
1455 3787 1572 3842 sive
1594 3801 1705 3842 rex
1720 3787 1799 3842 sit
1813 3789 1904 3844 vel
1921 3794 2193 3859 superior

531 3871 870 3945 lterumque
897 3889 910 3928 :
947 3874 1157 3944 Regem
1188 3874 1476 3931 honorate
1505 3891 1518 3928 :
1560 3881 1806 3948 utroque
1829 3879 2003 3948 prior,
2026 3895 2192 3936 com-

535 3961 732 4016 munis
753 3961 845 4015 ille
869 3966 1069 4016 noster
1083 3969 1138 4018 et
1166 3962 1400 4018 illorum
1427 3965 1734 4031 Dominus,
1769 3968 1998 4036 Doctor,
2024 3971 2192 4026 Crea-

535 4056 686 4116 tor,a
711 4052 989 4107 thesauro
1013 4053 1412 4108 inmstimabili
1435 4069 1544 4109 suo
1570 4070 1816 4111 censum
1840 4056 2054 4114 Caesari
2077 4059 2193 4115 sol-

533 4154 698 4204 vens,
731 4155 912 4211 opere
939 4144 994 4196 et
1030 4141 1208 4196 verbo
1238 4141 1458 4206 docuit,
1493 4144 1921 4213 praerogativas
1952 4147 2191 4218 regibus

533 4227 701 4284 datas
722 4229 881 4285 dare.
911 4230 1201 4295 Quocirca
1231 4232 1380 4286 inter
1411 4234 1696 4302 mysticas
1735 4239 1789 4287 et
1819 4237 2190 4292 venerandae

531 4323 765 4373 nostras
791 4317 1122 4390 hierurgias
1143 4320 1442 4376 orationes
1466 4338 1574 4393 pro
1597 4324 1830 4391 regibus
1857 4324 2183 4380 oﬂerimus.

477 4445 480 4448 ~
533 4404 676 4474 Quae
698 4421 803 4478 per
826 4405 990 4476 leges
1015 4407 1234 4476 debita,
1260 4425 1609 4466 conservare
1633 4412 1820 4468 illaasa
1841 4419 1896 4468 et
1921 4429 2189 4470 commu-

529 4496 649 4553 nite
672 4495 989 4559 custodire,
1015 4511 1158 4566 erga
1189 4504 1422 4553 nostros
1440 4515 1475 4554 a
1494 4500 1722 4555 Christo
1741 4501 1985 4558 dilectos
2015 4519 2186 4572 reges

2307 3171 2432 3236 μίας
2489 3168 2681 3236 τέχνης
2739 3164 3119 3238 καλυπτόμενον
3149 3189 3160 3200 ·
3204 3167 3251 3218 ἐν
3298 3169 3372 3229 οἷς
3417 3169 3596 3244 εἰρήνη
3640 3172 3773 3219 πᾶσα
3807 3165 3878 3214 καὶ

2307 3256 2542 3325 ὁμόνοια,
2609 3260 2700 3307 xui
2738 3256 2766 3312 ἠ
2801 3264 2900 3306 τῶν
2959 3262 3227 3328 μακαρίων
3287 3257 3491 3310 ἐκείνων
3545 3262 3627 3310 xui
3681 3253 3876 3323 ἀδιηιγό·

2306 3363 2403 3394 των
2465 3345 2730 3414 θεαμάτων
2798 3345 2887 3396 θέα
2933 3350 3022 3396 xui
3069 3351 3271 3417 μετοχὴ
3327 3352 3413 3398 xui
3471 3345 3761 3410 ἀπόλαυσις,
3803 3345 3874 3392 καὶ

2305 3432 2440 3493 τέλος
2522 3441 2616 3494 τῆς
2695 3435 2958 3494 υἱοθεσίας
3030 3435 3203 3488 οὐκέτι
3249 3435 3582 3508 ἐλπιζομένη,
3646 3435 3740 3486 ἀλλ’
3785 3427 3872 3488 ἤδη

3508 3527 3631 3597 ὑπὲρ
3715 3525 3766 3582 ἧς
3835 3521 3872 3570 σί

2303 3617 2550 3684 παρόντες
2600 3608 2825 3683 διωγμοὶ
2882 3618 2970 3665 καὶ
3023 3613 3388 3686 αἰχμαλωσίαι
3450 3621 3544 3668 xui
3603 3611 3671 3666 δι’
3719 3613 3772 3670 ἦν
3820 3612 3872 3660 τά

2302 3521 2546 3596 λαμπρῶς
2630 3527 2950 3594 μετεχομένη
2987 3543 2998 3556 ·
3061 3526 3090 3582 ἠ
3146 3524 3422 3594 τελείωσις,

2300 3706 2466 3775 μυρία
2497 3697 2662 3766 δεινὰ,
2713 3707 2802 3753 xui
2859 3705 2970 3762 τοὺς
3024 3705 3404 3778 καθημερινοῦς
3449 3707 3692 3762 θανάτους
3739 3700 3870 3770 εὔχα-

2301 3795 2496 3861 ρίστως
2545 3796 2635 3842 καὶ
2695 3795 2969 3864 χαίροντες
3022 3796 3256 3866 φέρομεν.
3327 3793 3481 3868 ’Υπερ
3544 3790 3602 3846 δι
3651 3789 3869 3865 βασιλέων

2303 3878 2556 3950 εῦχεσθαι
2611 3880 2812 3940 Παῦλος
2863 3884 2952 3947 μεν
2984 3883 3009 3932 ό
3061 3883 3332 3943 θεσπέσιος
3371 3887 3474 3954 πρὸ
3527 3885 3668 3954 ἡμῶν
3714 3895 3870 3948 mpm.

2300 3976 2375 4020 νεῖ
2406 3989 2417 4000 ·
2444 3973 2536 4020 xui
2591 3973 2780 4041 Πέτρος
2839 3966 2897 4021 δι
2939 3978 3038 4021 τῶν
3097 3971 3338 4042 μαθητῶν
3383 3973 3410 4029 ἡ
3463 3969 3681 4045 ἀκρότης
3711 3987 3722 3997 ·
3751 3967 3870 4018 Ὑπο-

2301 4059 2494 4128 τάγητε
2553 4060 2696 4130 πάσῃ
2779 4057 3074 4133 ἀνθρωπίνη
3160 4065 3332 4112 κτίσει
3397 4057 3497 4113 διὰ
3551 4064 3635 4114 τὸν
3693 4060 3866 4130 Κύριον,

2299 4146 2481 4218 λέγων,
2562 4150 2661 4199 εἴτε
2751 4146 2962 4220 βασιλεῖ
3033 4150 3098 4209 ως
3175 4138 3505 4225 ὑπερέχοντι.
3559 4153 3656 4203 Καὶ
3703 4145 3868 4199 πάλιν⁸

2299 4238 2396 4287 Τόν
2471 4234 2694 4306 βασιλέα
2759 4243 2943 4307 τιμᾶτε
2970 4251 2983 4265 ⁸
3045 4236 3232 4308 ἀλλάγε
3283 4241 3383 4312 πρὸ
3445 4242 3639 4292 τούτων
3677 4230 3870 4292 αὐτόςὸ

2300 4329 2464 4385 κοινός
2514 4330 2779 4388 Δεσπότης
2825 4332 2913 4379 xui
2964 4323 3291 4390 Διδάσκαλος
3338 4333 3428 4380 καὶ
3463 4329 3794 4402 Δημιουργός,
3823 4321 3868 4373 ἐκ

2299 4411 2602 4488 παραδόξου
2675 4417 2942 4490 θησαυροῦ
3008 4422 3198 4474 κῆνσον
3271 4417 3484 4481 τελέσας
3541 4427 3612 4489 τῷ
3671 4420 3869 4482 Καίσαρι

2299 4507 2430 4577 ἔργῳ
2474 4509 2560 4556 xui
2605 4509 2743 4576 νόμῳ
2796 4508 2862 4556 τά
2918 4511 3174 4579 προνόμια
3232 4512 3397 4572 νέμειν
3439 4509 3568 4580 οἷπερ
3608 4505 3866 4580 ἀφώρισται

532 4583 948 4642 institutumest
963 4588 1078 4642 Deo
1092 4594 1335 4656 gratum,
1352 4593 1408 4642 et
1423 4588 1588 4643 nobis
1601 4593 2182 4659 congruentissimum

2312 4601 2401 4654 τοῖς
2457 4591 2764 4665 βασιλεῦσιν
2819 4591 3195 4657 ἑξεπαίδευσε·
3253 4594 3339 4650 διὸ
3400 4603 3493 4650 xui
3551 4604 3658 4656 ταῖς
3709 4610 3862 4666 μυστι-

531 4685 644 4737 καῖς
698 4679 844 4749 ἡμῶν
905 4681 994 4729 xui
1064 4683 1306 4751 φρικταῐς
1381 4679 1714 4752 ἱερουργίαις,
1772 4681 1938 4752 εῦχάς
1993 4684 2116 4755 ὑπερ
2195 4683 2452 4757 βασιλέων
2513 4682 2824 4758 ἀναφέρομεν
2867 4701 2879 4714 ’

2943 4684 2977 4736 οἱ
3031 4681 3099 4742 δὴ
3160 4690 3420 4758 προνόμια
3478 4690 3744 4759 συντηρεῖν
3787 4683 3858 4730 καὶ

535 4762 916 4829 συνδιασώζειν
946 4771 1034 4820 καὶ
1065 4774 1175 4828 τοὶς
1203 4767 1563 4841 φιλοχρίστοις
1593 4770 1736 4841 ἡμῶν
1769 4769 2049 4844 βασιλεῦσι
2081 4771 2286 4826 δίκαιον
2319 4791 2372 4824 τε
2399 4776 2488 4824 xui
2515 4772 2656 4844 φίλον
2689 4781 2824 4844 Θεῷ,
2857 4779 2946 4826 καὶ
2979 4776 3102 4846 ἡμῖν
3127 4772 3544 4848 ἁρμοδιώτατον.

1161 4857 1379 4914 EPIST.
1428 4858 1522 4912 XV
1544 4900 1557 4913 .

531 4941 621 4996 Ab
676 4944 898 5010 exsilio,
941 4946 1021 5001 ad
1048 4947 1346 5016 episcopos
1382 4948 1632 5004 similem
1684 4964 1888 5019 passos
1927 4967 2177 5021 persecu-

1231 5037 1444 5092 tionem

599 5119 931 5176 Persecutio
953 5126 1174 5190 gravis,
1198 5126 1303 5180 sed
1327 5127 1554 5183 Domini
1577 5127 1911 5185 benedictio
1929 5131 2132 5187 suavis
2162 5149 2174 5188 :

531 5206 801 5262 exsilium
823 5207 1078 5272 difﬁcile.
1100 5214 1205 5268 sed
1224 5215 1564 5285 jucundum
1588 5234 1838 5290 regnum
1867 5219 2174 5276 caelorum:

530 5296 696 5352 Beati
705 5301 1150 5368 persecutionem
1163 5305 1325 5372 passi
1335 5313 1569 5377 propter
1571 5309 1607 5376 j
1611 5308 1813 5364 ustitia
1822 5311 2036 5380 m,quia
2051 5312 2073 5365 i
2077 5312 2180 5367 llo-

602 5462 648 5496 ”
677 5461 890 5516 lJoan.
923 5476 981 5525 ιι,
1023 5465 1112 5527 2'7,
1155 5462 1243 5518 28.

532 5548 589 5603 ιι,
611 5537 662 5588 2.
744 5533 791 5568 ³⁸
817 5532 836 5587 Ι
866 5532 1016 5588 Petr.
1047 5549 1110 5599 ιι,
1147 5539 1229 5591 13.

1323 5466 1369 5500 ³⁸
1401 5472 1520 5523 Act.
1566 5485 1702 5534 xvu,
1753 5469 1840 5526 28.

1920 5473 1966 5506 ²⁴
1992 5475 2010 5527 l
2037 5475 2186 5528 Petr.
2220 5489 2279 5541 ιι,
2312 5489 2362 5542 9.

2914 4867 3124 4918 ΕΠΙΣΤ.
3170 4864 3267 4918 ΙΕ’.

2361 4952 2490 5004 Ἀπὸ
2567 4958 2660 5010 τῆς
2726 4953 3004 5024 ὑπερορίας
3085 4960 3188 5014 τοῖς
3257 4951 3724 5026 συνδεδιωγμένοις
3770 4948 3859 5000 ἑπι-

2970 5056 3205 5113 σκόποις.

2359 5138 2420 5188 ’(,)
2493 5133 2688 5208 διωγὸς
2765 5135 2950 5212 βαρὺς,
3004 5138 3114 5190 ἀλλ’
3180 5142 3206 5190 ό
3261 5149 3352 5192 τοῦ
3407 5144 3664 5193 Δεσπότου
3718 5154 3857 5209 ua!-

2289 5228 2480 5298 ρισμὸς
2506 5221 2636 5286 ἡδύς
2666 5246 2677 5257 ·
2714 5228 2742 5283 ἡ
2779 5228 3026 5300 ὑπερορία
3083 5228 3313 5300 χαλεπὴ,
3375 5227 3482 5280 ἀλλ’
3514 5231 3543 5288 ἡ
3596 5237 3687 5279 τῶν
3728 5225 3856 5295 οὐρα-

2289 5323 2385 5365 νῶν
2474 5313 2720 5386 βασιλεία
2797 5321 3006 5389 τερπνη.

3087 5320 3352 5392 Μακάριοι
3432 5320 3481 5370 οἱ
3552 5313 3854 5387 δεδιωγμένοι

2442 5475 2491 5510 ³⁸
2526 5476 2671 5531 Osee
2712 5489 2825 5542 xiv,
2868 5478 2920 5531 8.
2999 5478 3046 5512 η
3079 5475 3253 5533 Hebr.
3285 5493 3385 5544 xu,
3434 5475 3524 5531 23.
3601 5477 3646 5512 ’τ
3677 5478 3694 5530 ι
3726 5473 3848 5528 Tim.
