4088 6214
317 307 430 364 765

319 436 486 486 ἕνεκεν
557 429 924 499 δικαιοσύνης,
991 431 1070 483 ὅτι
1145 429 1314 484 αύτῶν
1373 429 1514 483 ἔστιν
1581 433 1612 490 ἡ
1675 429 1994 504 βασιλείαΑ

317 531 418 575 τῶν
473 521 736 595 ούρανῶν·
786 521 972 574 πολλαὶ
1026 522 1080 572 αί
1133 520 1349 591 θλίψεις,
1402 525 1491 573 καὶ
1544 525 1717 573 πᾶσαν
1770 522 1923 596 ύπερ-

320 606 631 677 ϐαλλόμεναι
687 605 1025 678 χαλεπότητα
1057 627 1070 639 ·
1135 603 1243 656 ἀλλ’
1299 606 1328 663 ἡ
1387 607 1572 658 ἐκεῖθεν
1627 608 1777 678 χαρά
1835 610 1922 658 καὶ

321 695 653 767 ἀγαλλίασις,
726 695 785 746 οὐ
852 693 1005 767 μόνον
1058 694 1324 766 κουφίζειν
1388 690 1526 747 οἶδεν
1603 695 1771 746 αὐτῶν
1828 700 1923 753 τὴν

322 770 648 860 δριμύτητα,
702 783 831 836 ἀλλά
859 791 964 845 τοίς
994 787 1123 856 πρός
1171 779 1387 845 ἐλπίδας
1438 786 1526 844 τὰς
1561 785 1669 846 ,ἀνω
1717 783 1922 858 βιοῦσι,

318 879 412 926 καὶ
462 874 536 936 εἰς
583 873 835 944 εὐθυμίας
885 873 1135 925 ὑπόθεσιν
1189 872 1320 925 αύτά
1378 875 1740 943 μετατίθησιν·
1791 873 1924 946 ἐχώ-

320 965 456 1034 μεθα
529 969 805 1035 τοιγαροῦν
885 969 984 1014 τῶν
1074 961 1264 1027 ἄθλων,
1337 963 1420 1018 ἶνα
1495 965 1738 1033 τύχωμεν
1824 969 1923 1014 τῶν

319 1049 590 1104 ἐπάθλων·
627 1052 711 1104 ἱνα
761 1055 973 1122 γένηται
1026 1056 1114 1103 καὶ
1167 1053 1292 1122 ἡμῖν
1335 1053 1466 1124 μετά
1509 1051 1714 1104 Παύλου
1748 1049 1878 1122 βοᾷν
1908 1071 1920 1084 ·

317 1144 419 1193 Τὸν
495 1139 672 1212 ἀγῶνα
743 1144 831 1192 τὸν
923 1139 1078 1192 καλὸν
1163 1141 1484 1213 ἠγώνισμαι,
1563 1143 1648 1192 τόν
1730 1137 1924 1212 δρόμον

318 1229 579 1296 τετελεκα,
640 1234 733 1289 τὴν
794 1234 972 1282 πίστιν
1037 1235 1301 1303 τετήρηκα
1336 1251 1348 1263 ·

318 1338 411 1392 μοι
473 1320 498 1370 ό
547 1326 637 1379 τῆς
711 1315 1057 1380 δικαιοσύνης
1126 1323 1392 1390 στέφανος.
1456 1324 1516 1371 Τί
1574 1321 1769 1381 ταύτης
1831 1328 1924 1380 τῆς

319 1410 576 1460 ἐπινικίου
651 1415 818 1480 φωνῆς
873 1404 1128 1482 ἠδύτερον
1186 1408 1216 1466 ἦ
1286 1411 1628 1482 χαριέστερον
1679 1425 1692 1472 ;
1759 1413 1811 1460 τί
1865 1406 1925 1461 δὲ

317 1499 694 1568 καταισχύνειν
747 1501 834 1549 τόν
887 1501 1056 1549 κοινὸν
1099 1505 1189 1550 τοῦ
1235 1501 1413 1570 γένους
1455 1497 1644 1572 ἕχθρόν
1694 1494 1926 1550 δυνατὼ-

320 1605 466 1660 τερον
530 1604 544 1651 ;

317 1694 460 1749 ρηκα
483 1692 496 1704 ⁸

321 1767 591 1835 στέφανος.
645 1764 718 1817 ’Ὠ
759 1773 929 1836 φωνῆς
978 1765 1192 1828 ἁπάσης
1241 1764 1408 1827 λύπης
1466 1763 1627 1826 ζάλην
1678 1785 1922 1818 κατακοι-
1955 1795 1994 1848 Β

316 1853 586 1924 μιξούσης
637 1853 826 1928 μᾶλλον
858 1851 917 1906 δὲ
965 1856 1146 1915 πάσης
1202 1861 1557 1926 πνευματικῆς
1602 1855 1923 1927 εὐφροσύνης

315 1944 484 2014 χάριν
516 1941 968 2017 ἔπιχορηγούσης,
999 1946 1120 2004 τούς
1152 1939 1375 2003 διωκτας
1414 1942 1486 2004 εἰς
1512 1942 1756 2005 ἔκπληξιν
1787 1941 1922 1996 ἀντι-

316 2035 676 2101 μεθιστὼσης,
727 2035 849 2094 τοὺς
889 2029 1238 2104 διωκομένους
1279 2035 1652 2104 στεγανούσης,
1691 2032 1924 2095 ἀσθενεῖς

317 2119 806 2194 ἀναῤῥωννυούσης,
871 2125 993 2181 τοὺς
1046 2121 1486 2196 κατιρῥαγμίνούς
1531 2120 1856 2196 ἀνορθούσης
1904 2122 1916 2176 l

317 2212 517 2267 ταύτην
573 2215 662 2262 καὶ
694 2209 794 2281 ἐγὼ
843 2218 943 2262 τῶν
987 2213 1147 2283 ἔργων
1193 2229 1285 2283 μοι
1335 2217 1446 2272 τοῖς
1489 2209 1659 2280 λόγοις
1690 2229 1921 2269 συνυπη-

314 2301 556 2370 χούντων
626 2297 897 2362 ἀξιωθείην
971 2301 1083 2372 ἅμα
1133 2301 1255 2373 ὑμῖν
1307 2306 1416 2361 τοῖς
1464 2298 1636 2359 καλοῖς
1685 2299 1960 2361 συνάθλοις

1412 1229 1590 1282 λοιπόν
1653 1228 1925 1282 ἀπόκειταί

620 1587 720 1640 Τόν
789 1583 984 1660 δρόμον
1045 1587 1300 1640 τετέλεκα·
1365 1592 1457 1645 τὴν
1521 1592 1698 1639 πίστιν
1773 1593 1925 1646 τετη-

575 1675 752 1728 λοιπόν
829 1674 1102 1728 ἀπόκειταί
1170 1695 1262 1746 μοι
1329 1677 1354 1728 ό
1426 1685 1519 1737 τῆς
1581 1673 1924 1738 δικαιοσύνης

1573 303 2104 365 EPlSTOLARUM
2143 303 2361 360 LIBER
2398 305 2441 360 Ι.

3580 303 3687 361 766

2032 446 2166 486 rum
2221 435 2302 486 est
2347 446 2589 502 regnum
2622 433 2904 490 calorum
2947 433 2994 469 ³η
3031 449 3044 488 :
3074 429 3426 487 aﬂlictiones
3459 429 3683 495 multae,

2033 535 2256 576 omnem
2274 520 2620 576 excedentes
2638 522 2999 590 gravitatem,
3021 521 3123 576 sed
3139 537 3176 576 a
3192 519 3336 576 caelo
3350 519 3616 590 gaudium
3633 524 3688 576 et

2035 608 2351 664 exsultatio
2372 625 2492 665 non
2515 610 2698 666 modo
2717 611 3099 667 acerbitatem
3123 609 3360 664 illarum
3383 607 3684 664 alleviant:

2035 697 2140 754 sed
2157 698 2236 754 ita
2249 699 2592 768 immutant,
2607 705 2671 755 ut
2685 699 2803 754 sint
2819 699 3010 755 solatii
3026 703 3452 768 argumentum
3473 697 3564 762 iis,
3581 698 3687 771 qui

2033 787 2240 843 vivunt
2269 789 2599 845 secundum
2631 804 2767 860 spes
2799 804 3090 860 supernas
3125 805 3136 842 2
3167 788 3450 860 quocirca
3501 792 3688 844 certa-

2037 878 2199 932 mina
2226 877 2570 943 subeamus,
2601 883 2663 934 ut
2689 893 3131 948 consequamur
3157 877 3424 948 prtemia,
3456 882 3520 932 ut
3549 893 3688 932 cum

2036 965 2216 1022 Paulo
2229 965 2490 1022 clamare
2503 968 2804 1038 possimus
2828 983 2841 1020 :
2874 967 3106 1022 Bonum
3126 971 3424 1021 certamen
3447 965 3684 1032 certavi,

2037 1069 2267 1111 cursum
2297 1056 2545 1126 confeci,
2572 1057 2754 1125 ﬁdem
2789 1055 3024 1112 servavi
3052 1073 3064 1123 ;
3099 1055 3166 1108 de
3194 1060 3402 1110 caetero
3429 1056 3688 1120 reposita

2035 1144 2183 1201 mihi
2209 1151 2294 1201 est
2312 1147 2565 1214 justiliw
2589 1160 2808 1202 carona
2820 1146 2888 1199 ³ο.
2913 1147 3028 1200 Hac
3052 1159 3194 1199 voce
3222 1142 3582 1214 triumphali,
3599 1159 3689 1198 ec-

2035 1233 2182 1305 quid
2226 1235 2491 1300 suavius,
2526 1239 2630 1291 aut
2660 1233 2920 1306 amplius
2950 1234 3058 1288 erit
3089 1253 3101 1292 :
3137 1232 3350 1304 ecquid
3413 1231 3599 1300 magis
3627 1232 3687 1287 in

2037 1321 2296 1377 dedecus
2345 1325 2683 1378 communis
2713 1322 2946 1392 generis
2976 1321 3223 1376 humani
3255 1321 3441 1376 hostis
3467 1319 3638 1375 cedat
3673 1340 3686 1374 :

2037 1411 2292 1467 Cursum
2323 1413 2558 1483 perfeci,
2618 1413 2793 1480 ﬁdem
2821 1413 3077 1475 servavi,
3125 1409 3388 1478 deinceps
3440 1409 3687 1480 reposita

2035 1499 2187 1556 mihi
2195 1501 2444 1571 justitiae
2458 1517 2698 1558 corona:
2723 1517 2831 1557 vox
2844 1504 2950 1564 est,
2969 1515 3105 1572 quae
3129 1499 3498 1554 turbulentas
3512 1513 3688 1568 quas-

2036 1590 2119 1644 vis
2142 1591 2306 1647 sedet
2332 1595 2732 1662 tempestates,
2755 1605 2890 1662 qua;
2917 1589 3168 1659 gratiam
3199 1586 3522 1659 spiritualis
3546 1602 3690 1656 gau-

2034 1678 2114 1734 dii
2137 1687 2438 1752 suggerat.
2463 1686 2863 1752 persecutores
2881 1680 3154 1735 attonitos
3171 1677 3399 1742 reddat,
3419 1692 3690 1748 persecu-

2034 1768 2255 1825 tionem
2291 1785 2512 1842 passos
2543 1775 2804 1834 coronet,
2837 1768 3106 1824 inﬁrmos
3136 1766 3499 1833 corroboret,
3530 1764 3689 1836 deje-

2033 1864 2159 1914 ctos
2211 1859 2538 1916 resuscitet.
2589 1861 2753 1916 Hanc
2799 1875 2934 1930 ego,
2984 1858 3032 1913 si
3085 1857 3282 1912 verbis
3332 1855 3480 1912 meis
3530 1854 3690 1910 facta

2032 1949 2456 2018 respondeant,
2489 1948 2825 2004 felicitatem
2859 1962 3220 2020 consequar,
3241 1961 3358 2001 una
3375 1943 3689 2000 vobiscum

2033 2036 2316 2107 praeclare
2334 2054 2548 2093 mecum
2561 2036 3061 2101 concertantibus,
3087 2051 3194 2107 per
3210 2033 3685 2089 intercessionem

2033 2126 2405 2182 sanctissime
2428 2126 2689 2182 Dominae
2712 2129 2929 2182 nostra;
2954 2125 3234 2197 Deiparae,
3262 2128 3317 2177 et
3337 2127 3682 2178 sanctorum

2032 2215 2326 2271 omnium.
2356 2222 2562 2272 Amen.

2034 2301 2082 2354 ἓν
2143 2309 2316 2379 Κυρίῳ
2379 2304 2802 2378 ἀναφθέγξασθαι
2874 2303 3169 2378 πρεσϐείαις
3243 2309 3336 2363 τῆς
3401 2301 3690 2372 ύπεραγίας

317 2393 607 2450 Δεσποίνης
665 2391 810 2462 ἡμῶν
860 2395 1139 2454 Θεοτόκου,
1194 2394 1284 2444 καὶ
1334 2391 1538 2443 πάντων
1588 2397 1685 2443 τῶν
1737 2388 1896 2462 ἁγίων
1932 2389 2118 2464 Ἃμήν.

948 2557 1156 2608 eum.
1191 2538 1301 2617 ις.

452 2682 537 2746 Τῷ
571 2673 928 2747 εύσεϐεστάτῳ
956 2680 1046 2728 καὶ
1070 2675 1276 2748 μεγάλῳ
1310 2675 1523 2749 βασιλεῖ
1543 2676 1812 2749 Βασιλείῳ.

389 2800 670 2868 Ἀκουσον,
741 2798 780 2852 ὦ
833 2800 1286 2874 φιλανθρωπότατε
1335 2800 1554 2874 βασιλεῦ
1603 2815 1649 2869 θ,
1683 2802 1742 2855 ού
1797 2820 1922 2876 προ-

315 2888 576 2942 ϐάλλοααι
623 2897 710 2941 νῦν
759 2889 1003 2956 παλαιὰν,
1051 2891 1240 2962 φιλίαν·
1288 2891 1346 2942 ού
1405 2888 1680 2963 φρικώδεις
1735 2893 1920 2966 ὅρκους
1953 2905 1994 2962 C

315 2985 410 3030 καὶ
443 2981 724 3040 συνθήκας·
769 2979 827 3031 ού
875 2984 1090 3052 χρίσμα
1118 2985 1208 3032 καὶ
1233 2983 1566 3054 χειροθεσίαν
1607 2980 1876 3048 βασιλείας
1905 3001 1918 3015 ·

316 3067 426 3140 οὐχ
457 3069 538 3120 δτι
587 3077 700 3130 ταῖς
752 3069 1027 3143 ἡμετέραις
1079 3074 1239 3142 χερσὶ
1290 3075 1536 3142 προσιὼν,
1570 3079 1669 3122 τῶν
1697 3078 1920 3144 φρικτῶν

314 3163 410 3209 καὶ
461 3157 736 3230 ἀχράντων
767 3165 1005 3230 μετείχες
1031 3163 1337 3233 μυστηρίων
1367 3175 1380 3188 ·
1427 3156 1550 3212 οὐδὲ
1576 3163 1661 3211 τὸν
1704 3157 1918 3232 δεσμόν,

317 3248 375 3298 ὃν
408 3245 589 3318 (ἡμᾶς
651 3249 680 3304 ἡ
736 3254 827 3299 τοῦ
880 3247 1040 3300 καλοῦ
1088 3245 1277 3309 παιδὸς
1304 3249 1542 3300 υἱοθεσία
1593 3245 1876 3306 συνέδησεν
1904 3269 1916 3282 ·

317 3331 474 3388 οὐδὲν
518 3338 706 3387 τούτων
757 3336 908 3406 λέγω·
981 3336 1106 3387 ἀλλά
1170 3339 1235 3388 τά
1281 3340 1429 3389 κοινὰ
1482 3346 1580 3390 τῶν
1643 3336 1922 3410 ἀνθρώπων

318 3429 573 3498 προτείνω
607 3445 692 3476 σοι
744 3421 946 3477 δίκαια.
1008 3427 1198 3486 Πάντες
1237 3430 1359 3500 γάρ,
1401 3433 1490 3479 καὶ
1523 3426 1801 3502 βαρϐάρων
1834 3433 1920 3480 καὶ

318 3513 594 3578 Ἐλλήνων,
645 3515 728 3574 ούς
779 3517 870 3584 μὶν
933 3516 1154 3568 θανάτου
1203 3521 1462 3588 κρίνουσι,
1516 3524 1610 3568 τοῦ
1665 3516 1787 3589 βίου
1846 3517 1923 3580 ἐξ·

321 3605 547 3675 ἀγουσιν
577 3625 589 3637 ·
637 3605 721 3665 οὖς
771 3601 828 3656 δὲ
879 3605 975 3676 ζῇν
1022 3603 1166 3669 ἐῶσι,
1199 3605 1523 3678 λιμαγχονίᾳ
1574 3611 1664 3659 καὶ
1719 3612 1923 3678 μυρίοις

322 3693 496 3754 ἄλλοις
548 3701 728 3756 κακοῖς
783 3695 950 3746 θανεῖν
1003 3694 1060 3745 ού
1113 3693 1632 3766 βιάζονται·Ἠμείς
1682 3691 1750 3754 δὴ
1805 3695 1922 3767 βίον

319 3782 540 3857 βιοῦμεν
592 3785 812 3835 θανάτου
877 3788 1198 3858 πικρότερον·
1259 3785 1733 3856 ὴχμαλωτίσμεθᾱ,
1795 3784 1924 3836 πάν-

1663 3875 1921 3940 συνήθων,

1594 3963 1699 4016 Καί
1779 3982 1924 4033 τοιγε

319 4051 522 4112 Παύλος
575 4053 602 4102 ό
656 4052 810 4113 θεῖος,
859 4055 1226 4124 περιαγόμενος
1272 4047 1504 4122 δέσμιος,
1536 4059 1628 4111 τῆς
1678 4050 1778 4104 ἀπὸ
1822 4059 1922 4102 τῶν

317 3881 422 3926 τῶν
501 3873 842 3947 ἐστερήμεθα,
913 3882 1197 3945 συγγενῶν,
1281 3876 1567 3946 ὑπηρετῶν,

315 3963 498 4020 πάσης
569 3961 739 4022 ἁπλῶς
819 3960 1148 4033 ἀνθρωπίνης
1221 3963 1509 4036 θεραπείας.

318 4145 596 4214 γνωρίμων
668 4145 757 4190 καὶ
837 4141 1072 4196 συνήθων
1131 4141 1398 4214 θεραπείας
1472 4139 1744 4192 ἀπολαύειν
1829 4139 1922 4192 οὐκ

316 4228 606 4281 ἐκωλύετο·
667 4226 794 4280 ἀλλά
845 4233 935 4280 καὶ
991 4247 1072 4280 τοι
1109 4233 1200 4286 τὴν
1244 4231 1328 4280 ἐπὶ
1387 4231 1588 4300 θανάτῳ
1657 4227 1914 4301 ἀγόμενος,
1956 4266 1996 4319 D

317 4317 642 4392 ἀνθρωπίνης
681 4323 770 4369 καὶ
817 4319 961 4390 παρὰ
1002 4326 1101 4369 τῶν
1147 4322 1514 4390 μισοχρίστων
1557 4317 1917 4384 Ἑλληνιστῶν,

315 4407 600 4478 ἐτύγχανεν
640 4408 986 4481 ἡμερότητος.
1049 4405 1182 4460 Ἀλλ’
1215 4407 1401 4468 ἵσωςό
1455 4411 1654 4480 μακρὸς
1705 4413 1918 4480 χρόνος,

317 4495 366 4548 εἰ
389 4499 479 4546 καὶ
509 4499 580 4567 μὴ
639 4493 904 4567 ἀρχιερεῖς
951 4502 1104 4560 Θεοῦ,
1156 4493 1263 4546 ἀλλ’
1293 4492 1380 4547 οὖν
1433 4500 1492 4567 γέ
1534 4516 1670 4558 τινας
1699 4516 1921 4568 κακουρ-

314 4588 464 4656 γούς,
529 4591 744 4636 τοιαῦτα
801 4579 1039 4636 δείκνυσι
1090 4585 1438 4644 πεπονθότας·
1483 4582 1587 4635 ἀλλ’
1645 4585 1725 4636 ὅτι
1785 4587 1922 4637 ἐστε-

315 4673 552 4746 ρήθημεν
604 4677 693 4725 καὶ
725 4671 962 4744 βιϐλίων,
1009 4677 1185 4723 καινὸν
1240 4681 1393 4724 τοῦτο
1460 4678 1548 4726 καὶ
1599 4671 1916 4747 παράδοξον,

316 4766 408 4814 καὶ
486 4765 574 4813 νία
650 4762 769 4813 καθ’
853 4763 999 4833 ἡμων
1075 4760 1430 4834 ἐπινενοημένη
1503 4767 1760 4835 τιμωρία·
1841 4763 1922 4814 ἵνα

318 4855 372 4902 τί
418 4855 663 4921 γίνεται;
723 4853 806 4902 ἶνα
861 4855 932 4921 μὴ
991 4849 1254 4921 ἀκούωμεν
1308 4847 1447 4922 μηδὲ
1499 4850 1648 4922 λόγον
1704 4856 1917 4924 Κυρίου.

317 4945 405 4998 Μὴ
439 4945 635 5010 γένοιτο
686 4938 767 4992 ἐπὶ
808 4949 903 5000 τῆς
955 4946 1052 5000 σῆς
1099 4937 1371 5010 βασιλείας
1402 4943 1594 4998 ταύτην
1646 4945 1738 4998 τὴν
1793 4939 1921 5013 ἀράν

316 5029 680 5102 πληρωθῆναι,
737 5030 817 5080 ὃτι
862 5027 1050 5081 Ἔσται
1127 5027 1175 5079 ίν
1244 5036 1360 5089 ταῖς
1441 5031 1654 5102 ἡμέραις
1707 5032 1922 5092 ἐκείναις

316 5119 468 5192 λιμὸς
532 5120 712 5192 ἄρτου,
761 5122 851 5170 καὶ
924 5117 1073 5189 λιμὸς
1125 5125 1216 5169 τοῦ
1303 5116 1526 5170 ἀκούσαι
1591 5118 1741 5190 λόγον
1817 5125 1920 5172 Κυ-

316 5213 455 5280 ρίου.
504 5209 598 5259 Διά
650 5211 702 5259 τί
732 5208 832 5281 γὰρ
881 5209 1024 5278 ἡμῶν
1070 5205 1300 5281 ἀφῃρέθη
1350 5209 1414 5258 τὰ
1468 5206 1648 5278 βιϐλία
1681 5225 1694 5274 ;
1725 5207 1783 5259 Εἰ
1832 5211 1920 5279 μεν

392 5342 440 5374 ²⁹
471 5339 666 5396 Matth.
703 5354 758 5404 ν,
793 5343 875 5394 10.
909 5339 955 5373 ³ο
989 5339 1033 5394 ll
1060 5338 1208 5394 Tim.
1248 5353 1322 5401 iv,
1356 5339 1408 5391 7.

2665 2538 2884 2595 EPIST.
2917 2538 3057 2594 XVI.

2314 2669 2582 2727 Piissimo
2613 2677 2666 2727 et
2697 2669 2958 2726 maximo
2989 2667 3120 2739 regi
3157 2665 3398 2724 Basilio.

2087 2799 2239 2857 Audi
2257 2803 2468 2864 autem,
2487 2797 2901 2854 humanissime
2920 2797 3254 2867 imperator,
3273 2809 3392 2849 non
3410 2806 3521 2862 ego
3537 2804 3687 2846 nunc

2033 2892 2225 2962 allego
2238 2895 2493 2946 veterem
2511 2894 2779 2944 nostram
2793 2886 3105 2943 amicitiam
3125 2903 3138 2951 ;
3154 2900 3273 2940 non
3290 2881 3588 2938 tremenda
3593 2880 3615 2951 j
3627 2895 3686 2934 u-

2030 2984 2323 3045 ramenta,
2351 2983 2407 3034 et
2437 2976 2851 3049 stipulationes
2881 2975 3059 3030 initas
3091 2992 3104 3041 ;
3135 2972 3443 3028 untionem
3475 2976 3532 3024 et
3559 2983 3686 3024 ma-

2031 3087 2200 3126 nuum
2218 3067 2630 3141 impositionem
2643 3065 2858 3134 regiam
2878 3083 2891 3131 ;
2908 3080 3012 3118 non
3027 3061 3180 3135 quod
3198 3059 3458 3116 manibus
3471 3055 3682 3112 nostris

2031 3159 2325 3226 subditus,
2350 3161 2860 3216 sacramentorum
2885 3152 3119 3208 illorum
3140 3147 3604 3205 reverendorum
3629 3147 3687 3199 et

2033 3246 2542 3304 immaculatorum
2557 3242 2715 3299 fuisti
2731 3243 3026 3314 particeps
3041 3240 3254 3302 factus,
3270 3252 3388 3292 non
3404 3235 3548 3290 illud
3563 3233 3684 3289 vin-

2033 3337 2235 3393 culum
2255 3351 2378 3408 quo
2406 3350 2514 3390 nos
2539 3332 2643 3388 ﬁlii
2667 3332 2911 3404 optimas
2939 3329 3068 3402 spei
3091 3327 3335 3400 adoptio
3357 3322 3678 3394 copulavit.

2033 3427 2256 3483 Horum
2273 3424 2415 3480 nihil
2433 3437 2871 3489 commemoro;
2888 3419 2992 3475 sed
3007 3417 3289 3474 omnibus
3307 3428 3685 3470 communem

2033 3517 2364 3589 mquitatem
2383 3513 2487 3568 tibi
2509 3511 2776 3584 praefero.
2799 3509 3018 3564 Omnes
3035 3512 3188 3563 certe
3204 3521 3343 3560 cum
3362 3502 3544 3560 Graeci
3557 3507 3684 3557 tum

2033 3606 2203 3662 etiam
2229 3601 2488 3674 Barbari,
2535 3601 2581 3656 si
2615 3599 2932 3672 capitalem
2957 3597 3017 3653 in
3039 3595 3298 3668 aliquem
3326 3591 3686 3647 sententiam

2035 3700 2318 3761 statuant,
2343 3692 2462 3747 vita
2479 3690 2719 3764 privant
2741 3705 2754 3755 ;
2774 3688 2993 3761 quibus
3007 3691 3206 3741 autem
3230 3682 3426 3738 vivere
3446 3679 3686 3752 permit-

2035 3789 2179 3849 tant,
2207 3781 2569 3852 compellant
2606 3778 2766 3834 fame
2820 3783 3075 3842 enectos,
3112 3781 3167 3829 et
3206 3771 3365 3828 mille
3397 3770 3527 3826 aliis
3559 3783 3688 3824 ma-

2033 3871 2104 3926 lis
2129 3871 2337 3925 emori.
2360 3872 2462 3923 Ast
2484 3884 2594 3936 ego
2623 3868 2754 3924 vivo
2780 3867 2963 3921 vitam
2983 3863 3195 3936 quavis
3217 3865 3405 3916 morte
3425 3857 3688 3914 acerbio-

2033 3976 2179 4016 rem:
2200 3959 2253 4014 iu
2273 3957 2667 4029 captivitatem
2681 3952 3181 4014 abductus,rebus
3195 3949 3468 4005 omnibus
3481 3961 3683 4002 exuor'

2033 4048 2326 4117 cognatis,
2346 4044 2590 4110 familia,
2613 4043 2841 4108 amicis,
2866 4040 3031 4096 omni
3049 4036 3397 4094 omnimodo
3415 4036 3684 4090 humano

2036 4136 2377 4194 ministerio.
2410 4135 2480 4189 At
2509 4139 2663 4189 certe
2688 4131 2922 4188 divinus
2955 4127 3174 4184 Paulus
3224 4143 3361 4182 cum
3408 4123 3684 4196 captivus

2033 4225 2597 4290 circumduceretur,
2653 4236 2772 4276 non
2806 4227 3007 4276 tamen
3047 4215 3478 4290 prohibebatur
3509 4210 3682 4267 fami-

2031 4316 2270 4372 liarium
2301 4313 2568 4369 ofﬁciosa
2588 4328 2748 4377 cura,
2777 4315 2830 4364 et
2861 4307 3269 4378 cognitorum:
3294 4305 3417 4359 imo
3447 4317 3584 4358 cum
3606 4300 3684 4355 ad

2032 4404 2282 4478 capitale
2311 4401 2667 4474 supplicium
2692 4399 3026 4463 duceretur,
3045 4395 3482 4452 humanitatem
3511 4405 3686 4462 expe-

2030 4495 2295 4552 riebatur
2319 4509 2354 4547 a
2383 4493 2661 4565 paganis,
2689 4494 2746 4546 et
2771 4488 2979 4545 Christi
3010 4501 3230 4543 nomen
3279 4484 3535 4539 invisum
3586 4481 3688 4535 ha-

2031 4583 2330 4641 bentibus.
2365 4583 2577 4637 Verum
2645 4580 2912 4636 fortassis
2963 4575 3248 4648 temporis
3307 4568 3682 4636 diuturnitas,

2031 4671 2656 4744 licethaudquaquam
2683 4666 3188 4724 archisacerdotes
3215 4662 3332 4728 Dei,
3355 4666 3553 4715 tamen
3578 4656 3688 4712 im-

2033 4761 2321 4836 probitate
2352 4765 2545 4825 notos,
2581 4755 3000 4828 hujuscemodi
3037 4753 3210 4809 docet
3239 4748 3570 4822 pertulisse.
3618 4749 3685 4800 At

2033 4867 2143 4906 nos
2182 4849 2360 4905 etiam
2388 4847 2554 4902 libris
2588 4845 2909 4917 privamur,
2943 4848 2997 4898 et
3025 4841 3139 4896 hoc
3169 4845 3323 4896 certe
3355 4852 3600 4902 novum,
3632 4839 3688 4892 et

2035 4938 2434 5011 paradoxum,
2454 4951 2659 4991 recens
2685 4934 2742 4988 in
2764 4949 2858 4987 me
2882 4930 3284 5002 excogitatum
3306 4924 3688 4999 supplicium.

2034 5028 2097 5084 In
2129 5043 2310 5099 quem
2365 5041 2543 5097 porro
2570 5021 2980 5079 ﬁnem?certe
3026 5035 3098 5074 ne
3151 5016 3399 5073 verbum
3454 5014 3689 5071 Domini

2033 5117 2397 5172 audiremus.
2433 5113 2597 5170 Absit
2623 5115 2844 5177 autem,
2883 5115 2946 5164 ut
2979 5108 3038 5163 in
3069 5107 3282 5163 diebus
3312 5103 3544 5176 imperii
3581 5103 3685 5168 tui,

2032 5206 2135 5264 illa
2163 5203 2491 5261 exsecratio
2521 5202 2702 5257 ﬁnem
2731 5199 3010 5256 sortiatur
3038 5214 3051 5254 :
3079 5197 3215 5254 Erit
3245 5197 3307 5252 in
3334 5195 3532 5252 diebus
3561 5192 3686 5248 illis

1669 5444 1906 5501 VARl/E
1947 5446 2229 5501 LECTION
2241 5445 2338 5500 ES.

395 5587 422 5615 ο
449 5573 702 5630 Βασίλειε.
732 5571 755 5614 ί
