4088 6214
450 185 560 241 ’167

1687 184 1926 242 PHOTII
1963 182 2442 240 PATRIARCHAE
2481 183 2587 240 ΟΡ.
3719 183 3804 238 168

456 314 647 385 fames
667 314 866 382 panis,
890 320 944 371 et
957 315 1150 385 fames
1177 313 1459 372 audiendi
1475 312 1712 370 verbum
1736 313 1843 368 Dei
1867 314 1936 366 ⁸¹.
1962 315 2109 368 Nam

2229 313 2319 383 γάρ
2363 331 2413 363 τι
2459 306 2762 382 ἀδικοῦμεν,
2807 307 3018 362 πλείονα
3068 303 3174 361 ἔδει
3222 304 3465 371 δοθῆναι,
3511 311 3600 360 καὶ
3634 305 3698 367 δὴ
3732 317 3807 365 καὶ

462 419 568 460 cur
598 420 633 459 a
659 420 754 458 me
783 403 919 459 libri
952 404 1170 460 sublati
1206 402 1395 458 sunt?
1423 403 1488 458 Si
1517 404 1576 457 in
1610 402 1817 475 aliquo
1847 401 1970 457 laesi
2002 401 2112 456 ali-

459 509 666 566 quem,
694 493 893 549 adhuc
922 493 1124 566 plures
1153 492 1282 548 dari
1311 491 1617 558 deberent,
1655 491 1834 548 etiam
1859 491 2110 547 etinfor-

460 586 716 638 matores
745 581 1036 646 adhiberi,
1071 588 1131 636 ut
1155 581 1409 651 legendo
1440 581 1727 653 majorem
1779 579 2104 644 utilitatem,

463 677 518 726 et
549 671 801 727 convicti
833 671 1004 726 citius
1032 670 1458 726 correctionem
1505 686 1950 742 consequamur
1979 690 1990 728 :
2019 670 2107 725 sin

462 760 658 816 nullos
709 759 858 824 laesi,
916 776 1022 814 cur
1050 775 1161 829 ego
1193 759 1428 815 laedor?
1472 759 1680 816 Nullus
1736 759 2107 815 orthodoxus

465 850 578 905 tale
634 848 774 921 quid
823 849 900 903 ab
931 848 1312 904 heterodoxis
1342 865 1557 920 passus
1606 853 1716 905 est.
1749 849 2110 905 Athanasius

465 939 580 1008 ille,
635 937 958 993 multarum
991 937 1331 1010 palmarum
1385 944 1609 1004 auctor,
1662 939 1799 994 sede
1847 956 1953 994 sua
1991 937 2110 1009 epi-

467 1027 685 1100 scopali
740 1026 982 1099 saapius,
1038 1043 1176 1082 cum
1236 1027 1313 1083 ab
1361 1028 1673 1093 haereticis,
1741 1033 1864 1083 tum
1919 1043 1955 1083 a
2010 1043 2112 1097 pa-

468 1117 641 1187 ganis
685 1115 1017 1188 pellebatur
1060 1136 1077 1188 ;
1124 1123 1183 1172 at
1228 1133 1406 1173 nemo
1457 1117 1705 1173 sancivit
1762 1116 2109 1189 aliquando,

463 1212 527 1261 ut
563 1205 695 1260 libri
726 1206 804 1261 ab
835 1205 935 1260 illo
984 1205 1376 1262 auferrentur.
1421 1207 1514 1261 Vir
1561 1206 1951 1262 admirandus
2006 1208 2112 1260 Eu-

462 1296 716 1351 stathius
791 1295 1086 1351 similibus
1137 1296 1492 1352 Arianorum
1547 1296 1861 1352 fraudibus
1928 1297 2113 1366 impe-

463 1385 697 1441 tebatur
729 1400 744 1450 ;
775 1385 881 1439 sed
917 1400 1026 1439 nec
1057 1385 1135 1441 ab
1165 1385 1286 1451 illo,
1318 1391 1376 1442 ut
1423 1401 1451 1441 ε
1486 1385 1679 1452 nobis,
1740 1385 1928 1442 ablati
1957 1384 2108 1440 libri.

462 1472 683 1529 Paulus
735 1474 1058 1539 confessor,
1091 1477 1349 1530 Joannes
1381 1475 1854 1547 Chrysostomus,
1891 1475 2114 1530 Flavia-

467 1579 584 1618 nus
619 1562 900 1627 eximius,
933 1562 1140 1618 infiniti
1169 1564 1286 1619 alii.
1315 1564 1465 1630 Quid
1495 1565 1655 1619 enim
1682 1581 1835 1636 opus
1865 1570 1956 1620 est
1987 1563 2118 1618 illos

2217 405 2339 462 τοὺς
2405 397 2780 464 διδάσκοντας,
2839 400 2922 451 ἶνα
2984 404 3074 451 καὶ
3144 397 3590 469 ἀναγινώσκοντες
3643 400 3805 470 μᾶλλον

2217 489 2546 562 ὠφελώμεθα,
2653 494 2741 541 καὶ
2818 488 3153 560 ἐλεγχόμενοι
3207 483 3586 559 διορθώμεθα·
3667 488 3708 540 εἰ
3755 487 3804 542 δέ

2216 577 2384 652 μηδὲν
2429 577 2710 651 ἀδικοῦμεν
2763 583 2815 631 τί
2865 575 3192 650 ἀδικούμεθα
3247 595 3261 641 ;
3307 573 3502 638 Οὐδεὶς
3541 585 3690 631 τοῦτο
3724 588 3806 631 τῶν

2219 659 2536 742 ὀρθοδόξων,
2585 665 2698 721 οὐδ’
2755 670 2855 720 ὑπό
2932 676 3032 720 τῶν
3081 663 3519 741 ἑτεροδοξούντων
3561 670 3807 725 πέπονθεν.

2216 755 2533 819 Ἀθανάσιος
2589 759 2614 810 ό
2681 757 2984 822 πολύαθλος,
3041 763 3134 810 τοῦ
3185 758 3368 829 θρόνου
3419 755 3682 823 πολλάκις,
3733 764 3808 812 καὶ

2218 850 2318 902 ὑπὸ
2385 851 2676 921 αἱρετικῶν,
2735 850 2825 900 καὶ
2896 849 2996 900 ὑπὸ
3066 845 3404 904 Ἑλληνιστῶν
3475 846 3798 905 ἀπελήλαταιι

2221 939 2327 992 ἀλλ’
2367 937 2542 1000 οὐδεὶς
2575 937 2732 990 αὐτοῦ
2780 945 2880 990 τῶν
2933 935 3149 1010 βιϐλίων
3190 935 3466 1010 ἀφαίρεσιν
3511 933 3804 1009 ἐψηφίσατο.

2221 1028 2510 1090 Εύστάθιος
2557 1027 2582 1078 ό
2652 1029 2960 1098 Θαυμάσιος,
3029 1031 3120 1083 τὴν
3171 1027 3292 1083 ἴσην
3356 1023 3640 1083 ἐπιϐουλὴν
3685 1030 3809 1098 παρὰ

2220 1125 2319 1169 τῶν
2376 1117 2795 1190 ’Δρειανιζόντων
2839 1119 3140 1187 ὑπήνεγκεν·
3191 1113 3300 1166 ἀλλ’
3355 1114 3485 1185 οὑχ,
3547 1117 3612 1174 ὡς
3661 1116 3806 1186 ἡμεῖς,

2220 1212 2310 1258 καὶ
2379 1211 2444 1260 τά
2519 1205 2704 1280 βιϐλία
2771 1205 3058 1280 ἀφῄρηται.
3133 1203 3329 1264 Παῦλος
3395 1205 3422 1255 ὁ
3488 1203 3808 1276 ὀμολογητής,

2223 1280 2458 1359 Ἰωάννης
2490 1299 2515 1348 ό
2557 1301 2956 1370 Χρυσόστομος,
3000 1293 3283 1354 Φλαϐιανὸς
3311 1295 3338 1345 ὁ
3391 1295 3684 1357 θεσπέσιος,
3721 1313 3810 1364 μυο

2225 1391 2332 1460 ρίοι
2378 1385 2541 1438 ἄλλοι·
2575 1390 2626 1438 τί
2672 1389 2773 1460 γὰρ
2823 1381 2907 1437 δεῖ
2933 1391 3021 1436 νῦν
3077 1385 3296 1443 τούτους
3349 1381 3613 1454 ἀριθμεῖν,
3668 1381 3802 1442 οὑςὴ

2226 1476 2274 1528 ἐν
2321 1475 2558 1550 οὐρανοῖς
2607 1474 2786 1537 Βίϐλος
2829 1473 3172 1549 ἀπεγράψατο
3219 1488 3234 1539 ;
3291 1473 3398 1526 Καὶ
3438 1476 3492 1524 τί
3537 1471 3666 1542 λέγω
3707 1475 3809 1532 τοὺς

2231 1563 2545 1640 ὀρθοδόξους
2609 1571 2698 1617 καὶ
2769 1564 2944 1636 ἁγίους
3019 1562 3282 1636 ἀρχιερεῖς
3349 1577 3364 1627 ;
3435 1560 3679 1615 Εὑσίϐιον
3733 1565 3810 1613 καὶ

467 1667 802 1714 recensere,
835 1652 938 1723 qui
971 1653 1031 1708 in
1051 1651 1203 1708 libro
1231 1653 1446 1708 caelesti
1481 1653 1893 1710 describuntur
1914 1655 1942 1710 ‘I
1966 1652 2117 1720 Quid

2231 1660 2523 1726 Θεογόνιον,
2588 1659 2677 1707 καὶ
2742 1657 2836 1706 σὺν
2901 1653 3078 1714 αὑτοῖς
3126 1652 3307 1711 ἄλλους
3358 1649 3660 1725 ἀνθρώπους
3694 1652 3810 1725 αἱρε-

465 1755 578 1810 ego
601 1755 1012 1797 commemoro
1039 1748 1278 1797 sanctos
1305 1747 1361 1798 et
1383 1742 1748 1798 orthodoxos
1772 1743 2120 1815 episcopos?

465 1832 711 1900 Magnus
731 1829 1152 1886 Constantinus
1167 1832 1512 1902 Eusebium,
1526 1832 1958 1902 Theogonium,
1975 1832 2122 1888 alios

468 1935 607 1975 cum
643 1918 754 1974 illis
785 1919 1113 1985 haereticos,
1163 1926 1407 1992 propter
1449 1923 1814 1995 impietatem
1845 1928 1900 1978 et
1933 1939 2122 1979 versa-

469 2009 598 2065 tiles
632 2010 954 2066 sententias
983 2010 1190 2066 exsilio
1220 2011 1512 2076 multavit,
1545 2012 1650 2068 sed
1699 2028 1894 2086 neque
1941 2013 2119 2069 facul-

471 2098 686 2154 tatibus
715 2099 1022 2170 spoliatos,
1070 2116 1265 2174 neque
1295 2101 1464 2157 libris
1493 2102 1834 2159 denudatos
1863 2122 1875 2161 :
1911 2103 2123 2175 puduit

469 2189 630 2244 enim
659 2205 794 2244 eum
828 2205 864 2245 a
895 2189 1388 2246 sermocinatione
1432 2191 1740 2248 excludere
1786 2192 1940 2256 illos,
1973 2208 2125 2264 quos

471 2276 551 2333 ob
603 2293 736 2333 eam
765 2293 1014 2334 causam
1043 2278 1249 2334 exsilio
1279 2279 1592 2348 multabat,
1621 2282 1786 2352 quod
1835 2280 2034 2353 ἀλόγως
2064 2297 2125 2337 se

471 2372 776 2436 gesserant
804 2383 817 2432 ;
854 2366 1074 2439 impius
1103 2369 1406 2424 Nestorius
1432 2370 1746 2439 relegatur,
1776 2371 1858 2426 ita
1882 2377 1939 2425 et
1969 2371 2126 2426 Dios-

471 2471 645 2510 corus
702 2456 954 2511 :Petrus
1003 2456 1101 2512 ille
1150 2457 1399 2524 infelix;
1458 2461 1724 2525 Severus,
1757 2460 1855 2515 alii
1909 2476 2127 2533 quam-

473 2543 710 2616 plures;
745 2545 846 2600 sed
874 2561 1056 2602 nemo
1087 2546 1372 2603 librorum
1414 2549 1817 2620 captivitatem
1862 2550 2120 2622 pertulit.

472 2634 622 2699 Quid
654 2640 880 2690 veteres
911 2638 1232 2692 recenseo?
1253 2637 1406 2693 Multi
1424 2639 1753 2693 etiamnum
1779 2641 2118 2709 superstites

471 2729 692 2778 norunt
720 2723 1002 2780 Leontem
1037 2724 1201 2780 illum
1228 2725 1505 2797 impium,
1541 2726 1678 2782 feras
1709 2727 1904 2798 potius
1936 2745 2120 2802 quam

471 2811 734 2867 hominis
766 2818 1042 2869 naturam
1067 2815 1400 2871 ostendisse
1432 2832 1446 2871 :
1473 2815 1566 2871 ille
1587 2823 1786 2872 autem
1812 2833 1949 2873 cum
1972 2835 2008 2873 a
2031 2835 2121 2874 so-

469 2899 549 2957 lio
579 2902 896 2973 depelleret
942 2903 1362 2976 Nicephorum,
1394 2921 1686 2976 magnum
1719 2911 1775 2962 et
1806 2923 1938 2962 vere
1961 2907 2121 2962 Nice-

2229 1749 2402 1806 τικοὺς
2443 1747 2469 1797 ό
2521 1748 2682 1817 μέγας
2738 1749 3140 1806 Κωνσταντῖνος,
3192 1737 3286 1793 διὰ
3339 1743 3436 1798 τὴν
3487 1739 3650 1792 αὐτῶν
3699 1737 3810 1792 δυσ-

2237 1834 2434 1888 σέϐειαν
2475 1837 2656 1886 καὶτὸ
2712 1841 2804 1894 τῆς
2853 1838 3065 1904 γνώμης
3129 1828 3470 1902 παλίμϐολον,
3532 1830 3810 1904 ὑπερορίους

2232 1925 2515 1985 ἐποιήσατο
2579 1945 2592 1959 ·
2653 1922 2758 1976 ἀλλ’
2812 1925 2928 1975 οὔτε
2983 1929 3081 1974 τῶν
3133 1921 3484 1991 ὑπαρχόντων
3524 1917 3806 1991 ἕγύμνωσεν,

2234 2018 2350 2070 οὔτε
2401 2015 2625 2088 βιϐλιοίς
2671 2015 3126 2085 προσεξημίωσεν.
3201 2010 3494 2083 ’ῌσχύνετο
3539 2011 3638 2080 γὰρ
3675 2008 3807 2079 λόγου

2232 2105 2465 2169 κωλύειν,
2519 2104 2628 2170 οὓς,
2674 2106 2754 2156 ὅτι
2821 2101 3014 2172 ἀλόγως
3078 2102 3344 2173 ἔπραττον,
3401 2097 3575 2171 ἓξορίᾳ
3629 2093 3808 2150 κατεδίο

2233 2196 2392 2256 καζε·
2440 2199 2722 2268 Νεστόριος
2767 2193 2792 2244 ὁ
2843 2187 3108 2250 δυσσεϐὴς
3160 2187 3493 2262 ἐξορίζεται·
3558 2191 3808 2260 Διόσκορος

2235 2285 2388 2338 πάλιν
2414 2304 2424 2314 ·
2473 2288 2659 2356 Πέτρος
2711 2283 2737 2334 ό
2766 2279 3022 2341 δείλαιος·
3060 2286 3279 2350 Σευῆρος
3309 2281 3401 2328 καὶ
3450 2275 3626 2328 πολλοὶ
3661 2275 3803 2328 οἶλλοιο

2236 2373 2342 2426 ἀλλ’
2398 2370 2570 2434 ούδεὶς
2641 2371 2809 2424 αὐτῶν
2877 2367 3094 2440 βιϐλίων
3152 2364 3530 2438 αἰχμαλωσίαν
3577 2367 3802 2436 ὑπέμεινε.

2234 2469 2295 2516 Τί
2343 2460 2402 2516 δε
2447 2463 2578 2534 λέγω
2625 2464 2690 2513 τά
2729 2459 2928 2513 παλαιά
2959 2477 2973 2524 ;
3005 2462 3201 2512 Λέοντα
3229 2459 3316 2508 τόν
3369 2451 3612 2514 δυσσεϐῆ
3650 2453 3807 2507 πολλοὶ

2233 2557 2322 2605 καὶ
2374 2560 2472 2605 τῶν
2517 2554 2588 2604 ἔτι
2637 2554 2913 2621 περιόντων
2959 2550 3113 2599 ἴσασι
3163 2547 3342 2621 θηρίον
3373 2555 3405 2584 ν
3453 2543 3640 2613 μᾶλλον
3676 2545 3703 2602 ᾖ
3733 2541 3808 2594 ἀν·

2237 2644 2442 2715 θρώπου
2493 2643 2648 2713 φύσιν
2691 2635 3114 2709 ἐπιδειξάμενον·
3167 2635 3274 2688 ἀλλ’
3321 2637 3476 2696 οὗτος
3521 2637 3606 2686 τόν
3647 2637 3804 2705 μέγαν,

2231 2737 2320 2784 καὶ
2368 2735 2435 2793 ὡς
2489 2729 2692 2791 ἀληθῶς
2770 2731 3087 2800 Νικηφόρον,
3162 2724 3382 2778 ἐλαύνων
3461 2733 3552 2778 τοῦ
3626 2725 3804 2798 θρόνου,

2231 2826 2319 2873 καὶ
2377 2819 2550 2894 ἐξορίᾳ
2591 2814 2945 2890 παραδιδούς,
2997 2815 3102 2887 οὑχ
3153 2817 3234 2868 ὅτι
3279 2820 3371 2868 καὶ
3427 2824 3526 2868 τῶν
3566 2812 3713 2865 αὐτοῦ
3738 2808 3807 2882 βι·

2231 2911 2382 2964 ϐλίων
2434 2909 2672 2967 ἐποίησεν
2725 2909 3034 2980 ὑπερόριον·
3090 2903 3148 2956 ού
3199 2908 3289 2976 μὲν
3343 2902 3436 2957 οὖν
3491 2899 3612 2956 ούδί
3655 2900 3807 2971 ἕλιμο⁴

469 2990 751 3063 phorum,
786 3007 1045 3065 eumque
1078 2995 1333 3050 mitteret
1386 2993 1448 3050 in
1499 2995 1793 3061 exsilium,
1847 3013 1966 3052 non
2003 3012 2119 3052 una

2229 3005 2495 3060 κτόνησεν,
2539 3001 2605 3060 ὡς
2654 2999 2802 3068 ἡμεῖς
2839 2996 3319 3068 λιμαγχονούμεθα.
3381 2998 3486 3047 Καί
3543 3012 3620 3046 τοι
3677 2985 3807 3042 οὐδὲν

469 3079 750 3151 relegavit
765 3081 1020 3138 exsulem
1045 3099 1082 3139 a
1111 3083 1278 3140 libris
1301 3085 1423 3139 suis
1459 3099 1476 3152 ;
1507 3086 1610 3140 sed
1631 3101 1738 3142 nec
1759 3085 1957 3142 inedia
1983 3101 2119 3142 con-

469 3169 622 3236 fecit,
638 3172 1152 3244 quemadmodum
1168 3189 1277 3230 nos
1307 3173 1466 3231 fame
1481 3191 1819 3235 enecamur:
1839 3180 1896 3231 et
1921 3182 2118 3232 tamen

470 3273 706 3314 summe
737 3259 796 3314 in
828 3263 983 3316 votis
1011 3261 1297 3329 habebat,
1348 3271 1410 3319 ut
1460 3264 1555 3320 ille
1609 3266 1828 3321 athleta
1885 3265 2119 3319 interitu

470 3349 872 3415 occumberet,
913 3366 1035 3406 non
1067 3355 1268 3406 minus
1313 3368 1499 3425 quam
1555 3360 1620 3409 ut
1649 3370 1902 3423 regnum
1933 3353 2120 3425 ipsius

470 3435 724 3506 impium
746 3453 929 3508 quam
956 3438 1287 3495 diutissime
1318 3442 1700 3512 perduraret:
1735 3443 1839 3498 sed
1869 3442 1961 3497 ille
1993 3444 2122 3497 titu-

469 3522 596 3580 lum
628 3525 932 3579 homicidii
961 3526 1164 3582 subire
1194 3529 1384 3584 noluit
1411 3548 1424 3600 ;
1460 3545 1569 3586 nec
1600 3547 1809 3588 carnes
1835 3534 2120 3588 ministro-

471 3628 606 3669 rum
639 3628 906 3678 suorum,
936 3630 1055 3670 non
1089 3633 1262 3672 secus
1286 3634 1468 3690 quam
1488 3619 1790 3678 latronum
1805 3627 1907 3678 aut
1927 3623 2124 3695 proji-

471 3708 671 3760 torum
699 3703 996 3760 frustatim
1019 3706 1374 3776 dissecabat,
1407 3715 1705 3784 utcunque
1730 3713 1996 3787 alioquin
2017 3713 2124 3770 im-

474 3793 628 3866 pius,
674 3797 730 3848 et
759 3795 1114 3865 sanguinem
1149 3797 1390 3869 spirans
1422 3816 1436 3867 ;
1468 3817 1590 3858 non
1645 3819 2015 3876 quemquam
2045 3804 2123 3860 ab

473 3883 804 3940 amicorum
857 3885 1196 3942 visitatione
1254 3889 1547 3957 exclusit;
1601 3907 1712 3949 nec
1771 3893 2123 3949 facultatum

473 3973 700 4030 damno
782 3990 1154 4048 quemquam
1193 3978 1441 4049 punivit.
1493 3981 1889 4038 Reverebatur
1967 3985 2124 4038 enim

475 4062 1216 4138 Christianismum,quem
1234 4084 1358 4140 prae
1383 4085 1445 4125 se
1476 4069 1716 4137 ferebat,
1741 4072 1822 4128 ita
1854 4077 1916 4128 ut
1945 4072 2128 4128 nollet

474 4153 773 4210 crudelius
807 4169 990 4225 quam
1021 4159 1242 4228 pagani
1295 4159 1603 4216 desaevire.
1641 4161 1722 4216 llli
1768 4161 1926 4217 enim
1986 4177 2124 4217 cum

475 4249 762 4314 martyres
779 4252 1258 4311 consummarent,
1277 4263 1388 4303 non
1409 4249 1806 4320 impediebant
1823 4250 2126 4322 quominus

473 4332 805 4388 amicorum
866 4331 1156 4392 famulitio
1190 4342 1494 4393 uterentur
1547 4355 1560 4404 ;
1603 4354 1712 4393 nec
1769 4339 2125 4411 proprietate

473 4425 1166 4498 privaruntfacultatum.
1191 4427 1300 4484 Sed
1351 4443 1458 4482 nec
1491 4427 1586 4483 ille
1615 4428 1730 4484 Leo
1753 4427 2124 4500 psalmodias

472 4516 848 4587 prohibebat,
865 4533 1068 4573 verum
1090 4517 1405 4574 multorum
1422 4517 1855 4572 monachorum
1871 4517 1928 4572 in
1947 4534 2124 4572 unum

473 4621 825 4664 consessum
843 4607 967 4663 ﬁeri
983 4607 1176 4664 solatii
1196 4623 1379 4664 causa
1393 4607 1633 4663 ferebat.
1659 4611 1876 4662 Domos
1889 4608 2124 4663 divinas

475 4699 530 4750 et
556 4701 818 4754 sacratas
855 4701 971 4753 Deo
1000 4697 1162 4754 aedes
1193 4713 1315 4754 non
1349 4697 1672 4754 subruebat
1707 4714 1720 4764 ;
1753 4704 2037 4762 metuens,
2064 4703 2124 4753 ut

474 4783 784 4852 probabile
815 4791 920 4854 est,
955 4793 1162 4844 contra
1193 4803 1365 4844 sacra
1411 4803 1595 4860 opera
1648 4787 1940 4854 insmvire,
1988 4803 2123 4842 cum

473 4869 748 4926 homines
772 4889 890 4928 non
914 4881 1200 4932 metueret
1220 4875 1542 4933 offendere.
1573 4879 1645 4931 At
1665 4880 1874 4931 contra
1896 4891 2011 4938 me,
2034 4875 2126 4932 hei

474 4957 652 5015 mihi!
679 4963 882 5016 omnia
894 4978 1066 5030 nova,
1087 4981 1330 5022 omnem
1353 4965 1692 5036 tragoediam
1709 4965 2128 5036 exsuperantia

475 5053 842 5117 usurpantur
873 5065 886 5100 :
911 5053 1195 5122 captivor,
1223 5054 1300 5110 ab
1323 5056 1604 5110 omnibus
1635 5055 1876 5110 deseror
1897 5054 2126 5123 amicis,

475 5135 552 5193 ab
576 5135 874 5203 afﬁnibus,
899 5137 1128 5197 famulis
1147 5144 1366 5214 privor,
1386 5145 1798 5218 psallentibus,
1821 5143 2125 5200 monachi-

499 5289 503 5292 ~
547 5262 593 5298 ³³
621 5264 804 5322 Amos
843 5279 959 5334 vui,
997 5271 1082 5325 Η.

2228 3092 2382 3149 ἧττον
2452 3092 2538 3140 τόν
2606 3086 2834 3145 ἀθλητὴν
2902 3084 3142 3157 ἐπεθύμει
3222 3087 3412 3153 θανεῖν,
3477 3088 3567 3135 καὶ
3631 3081 3658 3139 ἣ
3727 3081 3805 3135 τὴν

2228 3179 2386 3232 αὑτοῦ
2451 3176 2722 3250 βασιλείαν
2785 3175 2856 3236 εἰς
2907 3183 3074 3246 μῆκος
3132 3178 3358 3247 χρόνων,
3413 3169 3488 3225 δι’
3537 3173 3600 3222 ὧν
3646 3165 3804 3230 ἕσίϐει,

2226 3273 2397 3322 πάντα
2489 3266 2960 3340 παραταθὴσεσθαι
2989 3281 3002 3294 ⁵
3063 3262 3169 3315 ἀλλ’
3244 3265 3379 3335 ὅμως
3456 3266 3614 3334 ὄνομα
3659 3252 3805 3310 λαϐιῖν

2232 3355 2576 3430 ἀνδροφονίας
2646 3353 2968 3427 ἐφυλάττετο·
3020 3352 3078 3404 ού
3136 3354 3225 3413 τάς
3283 3352 3483 3423 σάρκας
3553 3357 3648 3402 τῶν
3695 3347 3805 3400 ὑπη-

2228 3450 2506 3521 ρετούντων
2555 3444 2715 3514 αύτῷ,
2769 3442 2973 3515 λῃστῶν
3003 3446 3093 3493 καὶ
3150 3437 3425 3513 προδοτῶν
3478 3436 3648 3502 δίκην,
3696 3451 3800 3486 κατ-

2230 3536 2406 3607 έκοψε,
2443 3539 2626 3606 καίπερ
2659 3529 2930 3585 δυσσεϐῶν
2963 3530 3124 3583 τᾶλλα
3153 3541 3203 3594 ι,
3237 3535 3327 3582 καὶ
3357 3534 3523 3582 πνέων
3546 3531 3770 3598 ὠμότητα
3789 3541 3800 3552 ο

2231 3626 2288 3678 ού
2342 3632 2437 3677 τῶν
2493 3630 2752 3694 συγγενῶν
2806 3625 2898 3679 τὴν
2952 3619 3158 3692 ὁμιλίαν
3202 3618 3459 3672 ἐκώλυσεν
3487 3638 3500 3650 ·
3556 3616 3676 3687 ούχὶ
3720 3619 3802 3664 τῶν

2231 3716 2576 3786 ὑπαρχόντων
2675 3711 2870 3783 ζημίαν
2956 3710 3237 3780 ὑπήνεγκεν
3277 3722 3291 3734 ⁹
3373 3704 3604 3780 ³ῌδέσθη
3695 3705 3800 3772 γήρ,

2230 3803 2647 3877 Χριστιανισμόν
2749 3801 3160 3873 ὑποκρινόμενος,
3253 3795 3505 3854 Ἑλλήνων
3601 3795 3805 3866 ὠμότερα

2235 3889 2672 3966 διαπράττεσθαι,
2772 3888 2990 3941 Ἐκεῖνοι
3071 3889 3195 3959 γὰρ,
3293 3885 3622 3958 ἀναιροῦντες
3707 3883 3804 3940 τοὺς

2234 3985 2519 4056 μάρτυρας,
2581 3981 2718 4052 ὅμως
2803 3981 2920 4030 οὔτε
2975 3979 3267 4049 θεραπείας,
3351 3985 3452 4038 τῆς
3536 3975 3673 4046 παρὰ
3717 3978 3800 4022 τῶν

2235 4072 2452 4136 οἰκείων,
2511 4071 2793 4140 τυγχάνειν
2847 4066 3085 4119 ἐκώλυον-
3143 4062 3266 4118 οὐδὲ
3329 4076 3360 4119 7
3415 4073 3516 4116 τῶν
3564 4063 3804 4132 ὑπαρχόν-

2235 4182 2332 4214 των
2373 4159 2662 4233 ἀςοῃροῦντο
2705 4162 2797 4216 τὴν
2823 4162 3128 4229 κυριότητα.
3167 4155 3244 4206 Ού
3294 4158 3400 4226 μὴν
3453 4151 3574 4206 ούδε
3610 4151 3803 4224 ψαλμῳ·

2236 4247 2354 4312 δίας
2406 4249 2586 4308 ἐκεῖνος
2632 4246 2888 4317 ἐξέκοψεν,
2930 4245 3058 4297 ἀλλά
3095 4249 3182 4296 καὶ
3224 4241 3426 4296 πολλῶν
3482 4241 3800 4315 μοναζόντων,

2237 4337 2516 4392 συναυλίαν
2571 4333 2817 4388 ἀνεδίδου
2870 4335 3214 4407 παραμύθιον.
3251 4332 3326 4384 Ou’
3377 4335 3498 4393 τοὺς
3533 4329 3802 4403 ἀφιερωθὲν·

2235 4450 2322 4490 τας
2395 4428 2535 4498 αύτῷ
2611 4429 2785 4484 οἰκους
2825 4431 2958 4477 Θεοῦ
3026 4428 3116 4475 καὶ
3192 4425 3346 4482 ναοὺς
3423 4417 3798 4492 κατεστρέψατοο

2237 4516 2556 4572 ἐδυσωπεῖτο
2595 4518 2716 4588 γὰρ,
2770 4516 2840 4575 ὡς
2892 4512 3140 4585 ἐνόμιζεν,
3194 4509 3448 4584 ἀνθρώπῳ
3489 4508 3796 4582 προσκρούων

2234 4618 2344 4672 τοῖς
2402 4610 2554 4666 θείοις
2599 4607 2766 4678 ἔργοις
2816 4602 3262 4674 ἐπιλυμαὶνεσθαι.
3313 4599 3443 4652 Καθ’
3475 4602 3614 4671 ἡμῶν
3644 4592 3713 4659 δὲ,
3758 4592 3800 4643 οἱ

2235 4718 2346 4772 μοι,
2396 4698 2564 4750 πάντα
2610 4695 2784 4757 καινά,
2835 4696 2926 4744 καὶ
2965 4687 3262 4763 τραγῳδίας
3307 4689 3557 4742 ἐπέκεινα·
3621 4682 3794 4756 αἰχμά-

2235 4789 2389 4840 λωτοι
2453 4788 2655 4837 πάντων
2719 4793 2743 4822 ⁸
2795 4783 2978 4856 ἔρημοι
3046 4779 3222 4852 φίλων,
3283 4781 3468 4850 ἔρημοι
3543 4778 3792 4847 συγγενῶν·

2236 4877 2648 4950 ὑπηρετούντων,
2754 4873 2939 4944 ἔρημοι
3040 4868 3358 4939 ψαλλόντων,
3465 4867 3794 4939 μοναζόντων’

2239 4967 2352 5020 ἀντὶ
2409 4961 2467 5016 δὲ
2544 4962 2720 5035 φίλων,
2789 4959 2904 5012 ἀντὶ
2933 4959 3280 5032 μοναζοντων,
3345 4957 3457 5009 ἀντὶ
3517 4953 3793 5026 ψαλλόντων,

2239 5054 2353 5106 ἀντὶ
2400 5055 2602 5105 πάντων
2675 5049 2866 5118 ἁπλῶς,
2947 5055 3276 5121 στρατιωτῶν
3336 5041 3678 5101 κουστωδίσις
3724 5039 3796 5087 καὶ

2235 5148 2631 5215 στρατιωτικοῖς
2713 5140 2892 5210 λόχοις
2981 5133 3320 5208 ἑκδεδόμεθα·
3397 5133 3793 5204 κατεστράφησαν

1813 5388 2046 5446 νΑΒυΕ
2087 5387 2383 5447 LECTION
2390 5388 2490 5444 ES.

547 5513 577 5543 ν
606 5504 684 5558 ῖσ.
721 5503 925 5576 θηρίου.
953 5517 977 5548 ε
1005 5504 1072 5556 τὰ
1103 5500 1250 5558 ἄλλα.
1273 5515 1304 5558 1
1335 5507 1468 5560 οὔτε.
1497 5517 1520 5548 ³
1548 5507 1768 5568 πάντως.
