4088 6214
256 327 367 385 769

259 453 397 509 οἶκοι
447 458 600 515 Θεοῦ,
648 455 742 504 καὶ
797 443 1126 518 λελωϐημίνα
1194 449 1415 516 σώματα
1458 445 1688 499 πενήτων
1755 459 1870 512 μετ·
1904 441 1952 496 Α

259 549 589 602 ανέστησαν·
623 545 714 592 καὶ
764 541 831 590 τὰ
885 537 1200 610 ὑπάρχοντα
1251 532 1449 595 αὐτοῖς,
1505 533 1570 592 ὡς
1619 529 1872 601 πολεμίων

263 633 706 706 ἐδημοσιώθησαν
761 628 969 701 λάφυρα
995 647 1006 658 ·
1061 628 1146 676 ἵνα
1191 629 1242 675 τί
1284 626 1545 694 γένηται;
1595 620 1679 671 ἱνα
1723 620 1876 692 ἡμεῖς

268 723 562 794 ἁνιάσωμεν
593 741 606 753 ο
654 719 768 770 λίαν
801 724 996 790 πικρῶς
1044 715 1362 785 ὴνιάσαμεν·
1420 711 1720 782 ἱλαστήριον
1775 711 1876 780 γὰρ

267 815 398 885 ἡμῖν
445 810 856 883 ἁμαρτημάτων,
909 807 1090 857 ἐκεῖνοί
1134 821 1186 855 τε
1241 805 1332 854 καὶ
1388 801 1598 872 οἱπερὶ
1671 797 1876 860 αύτούς,

273 905 524 975 θεραπείᾳ
575 906 743 969 Θεῷδ
784 894 1058 968 ἀφιέρωτο.
1127 890 1267 948 Ἀλλ’
1323 887 1431 944 ἔδει
1479 893 1722 952 συννοεῖν,
1782 891 1881 959 μή-

274 1011 400 1045 ποτε
453 993 544 1042 καὶ
597 989 722 1047 Θεὸς
787 986 912 1057 ἡμῖν
965 985 990 1035 ό
1050 983 1415 1054 ζημιούμενος,
1496 976 1686 1050 μᾶλλον
1765 995 1883 1028 συν-

277 1081 583 1152 αλγήσειενο
645 1080 782 1148 εἰπερ
845 1073 1000 1135 αὑτός
1067 1071 1230 1136 ἐστιν,
1290 1072 1315 1122 ό
1369 1071 1434 1122 τὰ
1501 1075 1599 1120 τῶν
1654 1071 1883 1124 πενήτων

279 1171 646 1242 οἰκειούμενος,
725 1166 980 1238 Σωμάτων
1211 1165 1485 1224 κακώσεις,
1556 1161 1706 1229 νόμοι
1765 1155 1886 1208 Ῥω-

278 1265 473 1333 μαίων,
537 1265 642 1318 τοῖς
707 1255 790 1308 ἐπὶ
841 1256 1140 1324 κακουργίᾳ
1195 1250 1430 1314 ἁλοῦσιν,
1496 1247 1566 1309 εἰς
1622 1247 1882 1320 κάθαρσιν

277 1350 472 1422 ψυχῆς
500 1347 814 1404 ἕπενόησανο
847 1341 1031 1414 ψυχῆς
1060 1337 1119 1393 δὲ
1157 1346 1411 1400 κακώσεις
1449 1342 1538 1389 καὶ
1587 1334 1882 1403 ἐπιϐουλὰς,

278 1436 408 1492 οὐδὲ
440 1437 592 1509 ἀκοῇ,
629 1437 794 1506 μέχρι
843 1439 952 1497 νῦν,
1007 1431 1150 1505 παρά
1197 1447 1336 1481 τισιν
1378 1426 1657 1501 ἀνθρώπων
1701 1425 1883 1482 ἐπιτη-

279 1527 560 1600 δευομένας
609 1523 1038 1598 παρειλήφαμεν·
1081 1519 1125 1571 εἰ
1171 1523 1262 1570 καὶ
1311 1524 1397 1568 νῦν
1448 1523 1509 1589 τῇ
1560 1520 1714 1586 πείρᾳ
1759 1533 1885 1583 μαν-

281 1622 498 1690 θάνομεν
523 1638 536 1651 ο
565 1622 716 1668 τοῦτο
740 1617 839 1685 γὰρ
891 1607 1049 1669 δῆλον
1081 1612 1162 1660 ὅτι
1190 1613 1348 1670 ποιεῖ,
1397 1609 1424 1665 ᾖ
1458 1623 1511 1657 τε
1540 1612 1640 1656 τῶν
1669 1602 1885 1676 βιϐλίων

280 1708 576 1782 ἀφαίρεσις,
617 1709 706 1756 καὶ
738 1709 826 1754 τοῦ
875 1699 1066 1772 λύτρον
1098 1705 1196 1750 τῶν
1244 1695 1632 1767 ἁμαρτημάτων
1664 1694 1693 1750 ἡ
1729 1710 1888 1743 κατα-

283 1801 483 1874 στροφὴ
541 1800 630 1847 καὶ
676 1791 944 1866 ἀναίρεσις
977 1809 989 1822 ·
1035 1790 1064 1846 ἠ
1125 1791 1214 1859 μεν
1268 1785 1428 1844 αὐτῆς
1478 1787 1534 1835 τό
1587 1787 1750 1874 ιῖμμα⁸
1793 1790 1889 1842 τῆς

285 1867 510 1961 θεωρίας
564 1879 980 1936 ἕναποσϐἐννυσα
1019 1882 1110 1928 καὶ
1154 1872 1577 1947 διαφθείρουσα’
1633 1874 1664 1930 ἡ
1721 1867 1780 1923 δὲ
1833 1873 1891 1922 τὸ

286 1977 568 2031 κάλλιστον
593 1981 692 2025 τῶν
729 1969 961 2042 πράξεων
990 1969 1344 2039 πρασσωμένη
1381 1967 1471 2015 καὶ
1512 1961 1849 2014 καταλύουσα
1875 1979 1891 1993 ·

289 2074 375 2129 τίς
431 2069 651 2125 ἤκουσεν
717 2059 770 2123 ἐξ
815 2059 1020 2122 αἰῶνος,
1074 2057 1208 2108 κατὰ
1279 2052 1471 2126 ψυχῶν
1538 2050 1891 2124 ἀνθρωπίνων,

290 2157 515 2228 πόλεμον
556 2155 656 2205 ύπό
707 2151 988 2224 ἀνθρώπων
1042 2143 1442 2216 ἓπινοούμενον;
1477 2141 1534 2194 οὐ
1587 2143 1688 2213 γὰρ
1723 2139 1900 2194 ἱκαναὶ

289 2253 520 2300 κενῶσαι
549 2248 723 2294 πᾶσαν
752 2238 911 2310 ὀργὴν
947 2237 1003 2288 αἱ
1033 2237 1281 2308 τιμωρίαι
1328 2239 1418 2285 τοῦ
1450 2237 1711 2303 σώματος,
1745 2230 1898 2304 ὑπερ-

291 2341 437 2410 ορία,
478 2338 564 2386 καὶ
623 2328 986 2402 αἰχμαλωσία,
1037 2329 1127 2376 καὶ
1182 2322 1346 2396 λιμός,
1403 2327 1492 2374 καὶ
1545 2321 1762 2395 φρουρὰ,
1809 2323 1898 2370 καὶ

293 2427 513 2485 θάνατος
560 2421 675 2473 καθ’
709 2421 936 2474 ἑκάστην
984 2418 1321 2484 ἑπαγόμενος,
1352 2417 1442 2464 καὶ
1488 2411 1722 2480 τοσούτῳ
1747 2413 1898 2480 μόνον

285 2521 384 2567 τοῦ
433 2513 570 2574 ζὼου
604 2503 926 2584 φειδόμενος,
959 2505 1066 2575 ὅσῳ
1097 2506 1168 2574 μὴ
1230 2499 1516 2553 συνανελεῖν
1547 2503 1636 2550 καὶ
1665 2506 1760 2550 τῶν
1815 2495 1899 2547 ἁλ-

285 2611 471 2676 γεινῶν
501 2604 596 2659 τὴν
625 2597 998 2660 συναίσθησιν,
1029 2594 1150 2663 ὅπερ
1183 2590 1297 2643 ἐστὶ
1348 2594 1406 2642 τὸ
1451 2593 1766 2662 πικρότατον
1807 2594 1897 2638 τοῦ

293 2694 522 2747 θανάτου
579 2693 808 2761 κέντρον,
839 2689 924 2736 καὶ
984 2685 1012 2741 ἡ
1075 2684 1336 2756 ἀφόρητος
1383 2677 1639 2751 βάσανος,
1687 2679 1770 2728 ἱνα
1811 2680 1900 2727 καὶ

291 2785 364 2834 τὰ
404 2790 502 2834 τῶν
562 2780 890 2837 θνησκόντων
947 2773 1265 2844 πάσχωμεν,
1319 2773 1407 2820 καὶ
1456 2775 1528 2839 τῷ
1582 2768 1784 2837 θανάτῳ
1837 2768 1903 2817 τὰ

291 2873 438 2929 πάθη
471 2873 542 2942 μὴ
578 2863 947 2920 συνδιαλύοιτο
977 2882 988 2895 -
1033 2861 1058 2912 ὃ
1090 2864 1241 2932 μόνον
1273 2854 1356 2931 ᾖν,
1405 2859 1473 2918 ὡς
1517 2855 1566 2908 ἓν
1613 2855 1902 2942 τηλικούτιρ

293 2940 480 3031 κακῷ,
521 2965 624 3017 τοῖς
697 2957 982 3014 θνήσκουσι
1060 2949 1411 3023 παραμύθιον.
1494 2951 1786 3011 Σκόπησον,
1864 2940 1903 2994 ὧ

298 3049 543 3124 βασιλεῦ,
594 3053 761 3098 ταῦτα
802 3044 938 3095 κατὰ
985 3043 1220 3093 σεαυτὸνο
1263 3042 1353 3089 καὶ
1404 3036 1446 3088 εἰ
1501 3039 1591 3108 μεν
1644 3034 1804 3105 ἁθῳοῐ
1848 3052 1905 3086 σε

1921 1761 1966 1816 B

1539 310 2045 371 EPISTOLARUM
2087 313 2305 373 LIBER
2345 312 2390 369 Ι.

3534 330 3638 385 ’170

1983 455 2184 496 smum
2206 440 2568 497 colentibus:
2591 455 2701 514 pro
2714 443 2944 510 amicis,
2960 445 3263 514 afﬁnibus,
3299 454 3636 522 monachis,

1980 530 2476 602 psallentibus,ac
2505 547 2610 602 pro
2638 536 3182 607 caeterisomnibus,
3217 539 3468 597 militum
3499 560 3633 598 cus-

1983 621 2181 687 todiae,
2229 620 2583 677 militaribus
2643 625 2853 678 turmis
2897 626 3138 682 trador:
3172 630 3475 688 subversae
3502 639 3637 692 sunt

1987 711 2086 766 Dei
2115 710 2295 777 aedes,
2323 711 2473 767 male
2506 711 2754 768 multata
2784 730 3120 786 pauperum
3171 735 3423 792 corpora
3449 729 3638 778 trans-

1986 799 2124 864 lata,
2153 799 2460 856 facultates
2491 817 2697 857 eorum
2729 818 2847 858 non
2882 804 3050 860 aliter
3076 823 3263 878 quam
3293 809 3429 865 belli
3449 811 3641 882 spolia

1989 887 2307 960 publicatae
2339 889 2429 944 :in
2459 905 2638 962 quem
2668 890 2849 947 ﬁnem
2878 893 3134 967 ‘Inempe
3167 903 3229 952 ut
3268 913 3381 967 ego
3436 915 3646 956 excru-

1989 977 2108 1032 cier
2135 984 2318 1042 ;certe
2346 978 2649 1035 crudelem
2675 979 2734 1034 in
2784 981 3034 1038 modum
3066 999 3176 1053 ego
3217 989 3643 1055 excarniﬁcor;

1990 1066 2090 1138 qui
2126 1081 2234 1137 pro
2259 1068 2516 1138 peccatis
2545 1068 2692 1124 meis
2731 1085 2870 1124 cum
2899 1073 3393 1144 prOpitiatorium,
3431 1081 3486 1132 ct
3515 1077 3645 1133 illas

1991 1154 2151 1210 aedes
2175 1155 2513 1227 etipsorum
2531 1157 2787 1214 famulos
2799 1159 3306 1229 destinaveram,a
3328 1167 3642 1223 serviendo

1994 1245 2111 1302 Deo
2161 1244 2243 1300 illi
2292 1245 2724 1304 abstrahuntur
2773 1264 2786 1315 ;
2844 1249 2950 1306 sed
2998 1253 3387 1320 cogitandum
3429 1254 3637 1312 fuitan

1996 1335 2148 1389 Deus
2200 1333 2425 1390 damno
2489 1352 2526 1392 θ,
2593 1336 2768 1392 nobis
2831 1339 3147 1408 afﬁciatur,
3205 1348 3260 1398 et
3315 1344 3641 1402 vehemen-

1994 1422 2106 1478 tius
2136 1422 2354 1479 doleat.
2391 1423 2554 1480 Certe
2582 1427 2830 1497 quidem
2859 1428 3018 1486 dolet
3055 1431 3102 1485 si
3151 1433 3334 1489 modo
3366 1433 3461 1490 ille
3518 1436 3645 1508 ipse

1993 1519 2101 1577 est,
2133 1512 2233 1584 qui
2267 1527 2601 1584 pauperum
2634 1522 2853 1572 statum
2893 1518 2955 1574 in
2998 1535 3060 1574 se
3084 1521 3291 1593 recipit
3321 1539 3646 1595 procuran-

1995 1600 2164 1657 dum.
2184 1601 2478 1673 Corporea
2509 1608 2806 1661 tormenta
2826 1607 3022 1664 civiles
3055 1612 3457 1668 Romanorum
3486 1614 3646 1686 leges

1995 1690 2053 1744 in
2067 1689 2391 1755 maleﬁcos,
2409 1691 2488 1747 ad
2505 1695 2892 1764 purgandum
2917 1699 3190 1755 animum
3213 1701 3650 1772 adhibuerunt;

1997 1779 2212 1834 animae
2239 1786 2440 1836 autem
2470 1783 2794 1850 cruciatus,
2828 1787 2954 1842 etin
2981 1803 3119 1844 eam
3150 1791 3649 1862 conspirationes,

1999 1883 2074 1924 ne
2086 1867 2270 1924 fando
2298 1869 2563 1942 quidem,
2589 1872 2701 1928 nisi
2726 1889 2888 1930 nunc
2912 1876 3197 1948 primum,
3231 1880 3395 1952 apud
3421 1881 3655 1954 aliquos

2001 1957 2398 2014 intelleximus
2431 1969 2791 2032 usurpatas:
2826 1965 2934 2020 sed
2991 1983 3100 2022 nos
3147 1967 3208 2022 in
3233 1971 3511 2040 prtesenti
3555 1987 3656 2027 eas

2003 2048 2334 2120 experimur
2366 2071 2376 2113 ;
2407 2049 2549 2105 satis
2591 2051 2752 2107 enim
2807 2059 2966 2124 patet
3017 2057 3183 2128 quod
3225 2058 3336 2113 hoe
3389 2060 3653 2117 intendat

2003 2137 2291 2193 librorum
2336 2137 2573 2205 ablatio,
2616 2141 3045 2214 redemptionis
3075 2152 3458 2217 peccatorum
3491 2154 3650 2206 cata-

2004 2226 2264 2298 strophe,
2297 2232 2354 2282 et
2391 2228 2683 2285 sublatio:
2719 2231 2932 2288 harum
2961 2234 3234 2302 duarum,
3269 2236 3454 2294 altera
3485 2237 3647 2296 theo-

2005 2317 2105 2374 ria:
2130 2317 2372 2373 oculum
2411 2319 2732 2389 exstinguit
2780 2327 2836 2377 et
2885 2322 3204 2396 depravat:
3233 2326 3419 2384 altera
3447 2333 3650 2386 autem

2008 2407 2439 2479 pulcherrimas
2496 2409 2644 2466 alias
2687 2411 2952 2468 actiones
3007 2414 3068 2468 in
3116 2421 3314 2486 partes
3344 2417 3570 2473 divellit
3597 2423 3654 2476 et

2007 2494 2293 2551 dissolvit.
2357 2496 2446 2552 Ab
2501 2500 2668 2554 omni
2723 2507 2879 2557 retro
2929 2504 3220 2561 memoria
3267 2505 3402 2578 quis
3433 2507 3657 2565 audivit

2007 2585 2231 2642 bellum
2279 2587 2357 2642 ab
2405 2587 2755 2645 hominibus
2803 2597 3010 2649 contra
3067 2596 3330 2652 animam
3392 2597 3652 2654 hominis

2007 2674 2299 2732 indictum
2354 2675 2382 2731 ‘2
2440 2679 2614 2750 quasi
2671 2695 2794 2735 non
2849 2681 3191 2740 sufﬁcerent
3237 2700 3482 2741 omnem
3507 2686 3662 2742 iram

2011 2764 2244 2835 penitus
2305 2782 2596 2823 evacnare
2652 2785 2942 2841 corporea
3005 2773 3327 2845 supplicia,
3387 2775 3656 2832 exsilium

2010 2869 2243 2926 nempe,
2269 2857 2604 2927 captivitas,
2629 2857 2837 2926 fames,
2870 2862 3164 2929 custodia,
3197 2879 3356 2919 mors
3385 2865 3660 2936 quotidie

2012 2943 2495 3012 inferenda;ubi
2527 2948 2587 3002 in
2647 2963 2720 3003 eo
2775 2954 3004 3006 tantum
3055 2951 3183 3008 vita:
3249 2953 3531 3023 parcitur,
3589 2969 3664 3012 ne

2014 3049 2151 3089 cum
2209 3035 2328 3091 vita
2357 3035 2536 3091 simul
2583 3051 2797 3092 sensus
2857 3038 3155 3096 malorum
3201 3041 3662 3112 auferatur;est

296 3122 360 3193 τὸ
407 3141 496 3191 σὸν
541 3131 802 3202 συνειδὸς,
853 3132 1077 3205 πρόσθες
1125 3134 1214 3181 καὶ
1270 3129 1420 3201 ἔτερα
1471 3125 1586 3178 καθ’
1633 3126 1800 3197 ἡμῶν,
1845 3122 1904 3175 ἂν

2016 3123 2112 3178 hic
2141 3123 2569 3180 acerbissimus
2599 3126 2808 3182 mortis
2821 3126 3116 3200 stimulus,
3143 3131 3490 3188 carnificina
3519 3133 3668 3188 into-

298 3230 407 3301 ἄρα
453 3246 504 3280 τι
557 3231 648 3278 καὶ
707 3221 1129 3296 παραλέλειπται.
1181 3217 1242 3270 Εἰ
1296 3213 1352 3269 δὲ
1403 3211 1773 3279 καταδικάζει,
1831 3217 1903 3280 μὴ

301 3317 586 3390 ἆναμείνης
634 3317 726 3372 την
775 3311 961 3364 ἐκεῖθεν
1019 3303 1334 3372 καταδίκην,
1381 3307 1460 3358 ὅτε
1516 3310 1605 3357 καὶ
1653 3306 1683 3362 ἡ
1747 3321 1908 3375 μετα-

298 3407 478 3481 μέλεια
524 3406 818 3477 ἄχρηστος.
875 3399 1005 3471 Ἐγὼ
1059 3395 1118 3451 δέ
1160 3417 1252 3449 σου
1299 3392 1507 3467 δέομαι,
1562 3398 1738 3452 καινὴν
1781 3396 1907 3453 ἴσως

302 3495 511 3562 δέησιν,
579 3492 685 3546 ἀλλ’
742 3491 829 3544 ἐπὶ
889 3489 1212 3550 καινοτάτοις
1268 3488 1667 3558 προσαγομένην
1698 3505 1710 3516 ·
1779 3491 1906 3542 στῆ-

302 3606 418 3651 σον,
449 3585 488 3636 ὦ
541 3581 783 3656 βασιλεῦ,
838 3581 906 3632 τὰ
941 3581 1100 3641 κακὰ,
1251 3573 1428 3648 βούλει
1479 3579 1671 3648 τρόπῳ·
1733 3577 1764 3632 ἣ
1816 3578 1908 3625 τοῦ

303 3674 430 3748 βίου
469 3675 661 3746 τάχιον
717 3672 851 3743 ἡμᾶς
881 3672 972 3720 καὶ
1025 3671 1096 3738 μὴ
1153 3667 1284 3738 μετὰ
1337 3673 1433 3727 τῆς
1482 3663 1670 3725 πολλῆς
1718 3664 1910 3722 ταύτης

303 3769 396 3817 καὶ
446 3763 644 3837 ἀφεὲτου
693 3763 990 3836 ταριχείας,
1057 3755 1292 3828 ἐξάγων·
1348 3758 1378 3814 ἧ
1466 3758 1560 3812 τὴν
1623 3750 1910 3824 ὑπερϐολὴν

307 3855 611 3908 ἀνακόπτων
659 3859 759 3904 τῶν
813 3845 1095 3921 δυσχερῶν
1127 3865 1142 3879 ·
1195 3845 1464 3916 μνήσθητι
1513 3843 1592 3893 ὅτι
1643 3841 1914 3914 ἄνθρωπος

311 3943 378 4012 εἶ,
447 3942 543 3996 κᾶν
601 3940 913 4015 βασιλεύης·
969 3937 1236 4011 μνήσθητι
1300 3935 1380 3985 ὅτι
1457 3934 1630 4005 σάρκα
1693 3935 1915 4004 περικείο

316 4036 453 4109 μεθα
479 4037 574 4091 τήν
627 4030 806 4096 αὐτὴν,
838 4033 928 4081 καὶ
981 4025 1222 4100 βασιλεῖς
1263 4028 1352 4075 καὶ
1411 4019 1641 4084 ἰδιῶται,
1695 4025 1785 4072 καὶ
1825 4027 1918 4081 τῆς

318 4123 487 4186 αὐτῆς
539 4127 872 4190 κοινωνοῦμεν
952 4120 1147 4189 φύσεως
1189 4133 1202 4145 '
1263 4113 1526 4186 μνήσθητι
1596 4112 1676 4162 ὅτι
1753 4112 1921 4162 κοινόν

322 4218 589 4270 Δεσπότην
638 4214 824 4283 ἔχομεν
877 4211 966 4259 καὶ
1017 4205 1279 4265 Πλάστην,
1324 4206 1414 4253 καὶ
1452 4205 1620 4252 κοινόν
1657 4203 1850 4272 Κριτὴν
1871 4199 1919 4249 b.

322 4310 390 4359 Τί
441 4308 536 4361 τὴν
596 4305 693 4358 σὴν
741 4301 1035 4362 ἐπιείκειαν,
1091 4300 1206 4354 ταῖς
1253 4290 1368 4343 καθ’
1425 4291 1571 4363 ἡμῶν
1631 4293 1924 4341 κακώσεσιν

327 4393 664 4464 ἐξελέγχεις;
706 4393 756 4440 τί
795 4391 889 4445 τὴν
945 4390 1041 4442 σὴν
1090 4387 1460 4456 χρηστότητα,
1513 4386 1624 4439 ταῖς
1673 4379 1742 4440 εἰς
1788 4379 1928 4452 ἡμᾶς

2015 3212 2296 3281 lerabilis,
2314 3217 2378 3269 ut
2393 3213 2679 3270 nimirum
2700 3217 3084 3274 morientium
3100 3221 3390 3289 patiamur
3409 3221 3668 3290 dolores,

2015 3306 2072 3358 et
2099 3307 2297 3358 tamen
2319 3319 2561 3359 sensum
2579 3303 2853 3361 dolorum
2872 3321 2994 3363 non
3011 3307 3071 3362 in
3087 3317 3275 3365 morte
3293 3310 3665 3377 amittamus,

2015 3391 2180 3464 quod
2207 3397 2408 3448 tamen
2433 3393 2825 3451 morientibus
2853 3396 2913 3452 in
2939 3398 3116 3453 tantis
3145 3399 3334 3460 malis,
3361 3400 3558 3457 solum
3574 3405 3668 3458 est

2017 3481 2321 3538 solatium.
2350 3482 2673 3541 Considera
2704 3486 2764 3541 in
2795 3487 2986 3558 teipso
3007 3487 3156 3553 haec,
3178 3488 3424 3546 domine
3447 3506 3585 3558 rex;
3609 3497 3668 3548 et

2019 3573 2187 3629 situa
2216 3577 2270 3629 te
2298 3577 2541 3630 excuset
2568 3575 2958 3640 conscientia,
2990 3576 3182 3648 adjice
3215 3577 3416 3635 adhuc
3437 3578 3666 3652 aliquid

2019 3668 2228 3720 contra
2247 3664 2418 3732 me,si
2435 3669 2636 3721 tamen
2662 3665 2999 3739 quidquam
3033 3672 3120 3724 est
3150 3684 3184 3725 a
3215 3673 3270 3724 te
3313 3670 3675 3740 praetermis-

2023 3768 2172 3807 sum.
2213 3751 2311 3808 Sin
2341 3757 2398 3808 te
2427 3752 2526 3809 illa
2565 3753 2949 3822 condemnat,
2980 3756 3102 3812 noli
3128 3765 3471 3829 exspectare
3519 3758 3678 3816 futu-

2024 3856 2153 3896 ram
2219 3840 2804 3906 condemnationem,
2849 3859 2987 3898 cum
3043 3844 3261 3901 frustra
3333 3846 3535 3904 futura
3595 3850 3673 3902 sit

2026 3928 2391 4000 poenitentia.
2438 3931 2730 4000 Deprecor
2759 3937 2960 3986 autem
2987 3946 3097 4000 ego
3128 3938 3181 3988 te
3211 3949 3374 3989 nova
3410 3935 3677 3990 fortassis

2028 4017 2459 4088 deprecatione,
2476 4017 2580 4073 sed
2593 4018 2771 4072 rebus
2786 4021 3016 4074 novatis
3032 4022 3498 4090 accommodata;
3517 4023 3675 4089 siste,

2027 4108 2374 4179 imperator,
2428 4107 2726 4163 malorum
2781 4124 3024 4164 cursum
3067 4127 3429 4184 quocunque
3491 4113 3672 4169 modo

2033 4197 2274 4270 poteris,
2305 4201 2408 4253 aut
2459 4197 2886 4253 volueriszvel
2940 4214 3032 4254 me
3083 4201 3157 4255 de
3199 4199 3322 4256 vita
3374 4201 3487 4256 hac
3543 4218 3681 4257 sus-

2036 4286 2315 4352 tollendo,
2367 4286 2549 4359 idque
2605 4287 2980 4358 quantocius,
3031 4304 3153 4344 non
3203 4305 3342 4344 cum
3398 4290 3584 4348 multa
3628 4296 3684 4348 et

2035 4377 2095 4432 in
2107 4376 2458 4448 explicanda
2475 4375 2969 4446 mora,quasisale
2983 4379 3273 4434 conditum
3287 4381 3680 4447 asservando;

327 4484 593 4556 ἕπηρείαις
650 4475 947 4536 διαϐάλλεις
993 4490 1007 4540 ;
1056 4477 1106 4524 τί
1162 4468 1220 4524 δε
1272 4474 1365 4529 τὴν
1407 4469 1813 4544 φιλανθρωπίαν,
1857 4468 1900 4520 εἰ

2038 4473 2141 4524 aut
2178 4467 2384 4524 saltem
2420 4465 2786 4522 tristitiarum
2811 4484 3148 4524 mensuram
3176 4486 3296 4542 qua
3321 4471 3686 4542 premorim-

328 4575 632 4645 ὑπόκρισιν,
693 4572 782 4619 καὶ
837 4571 1028 4637 σχῆμα
1077 4565 1392 4634 πραότητος,
1472 4567 1534 4632 τῇ
1592 4560 1707 4611 καθ’
1782 4559 1927 4630 ἡμῶν

329 4661 461 4736 ὀργῇ
495 4664 585 4711 καὶ
619 4656 881 4731 βαρύτητι
923 4650 1197 4726 διασύρεις
1229 4666 1243 4717 ;
1277 4649 1371 4701 ούκ
1411 4649 1652 4720 αἰτοῦμεν
1695 4649 1927 4721 θρόνους,

329 4752 392 4806 ού
421 4747 600 4818 δόξαν,
631 4746 723 4799 ούκ
779 4744 1074 4816 εὐημερίαν·
1131 4738 1225 4791 ούκ
1273 4738 1566 4791 εὐπάθειαν·
1611 4737 1716 4789 ἁλλ’
1766 4737 1933 4789 ἐκεῖνα

329 4841 593 4912 αἰτοῦμεν,
629 4835 664 4888 ἆ
699 4839 788 4888 καὶ
835 4839 942 4893 τοῖς
997 4827 1292 4901 δεσμώταις
1352 4832 1657 4900 παρέχεται,
1699 4827 1766 4878 ὧν
1818 4823 1932 4878 οὐδ’

331 4933 385 4985 οἱ
413 4927 744 5001 αἰχμάλωτοι
784 4921 1266 4992 ἀποτυγχάνουσιν,
1302 4916 1337 4968 ἁ
1377 4923 1467 4969 καὶ
1515 4914 1776 4990 βάρϐαροι
1824 4923 1934 4976 τοῖς

335 5017 578 5092 δεσμίοις
629 5017 880 5088 παρέχειν
933 5009 1458 5082 φιλανθρωπεύονται·
1512 5006 1578 5066 εἰς
1624 5013 1775 5057 τοῦτο
1831 5007 1932 5077 γὰρ

334 5113 403 5163 τὰ
461 5109 563 5180 ίμὰ
627 5108 937 5177 περίιστηκε
992 5101 1300 5171 πράγματα,
1343 5096 1426 5148 ἶνα
1480 5097 1624 5168 παρὰ
1654 5092 1932 5166 βασιλέως,

333 5203 426 5252 καὶ
483 5212 507 5240 c
554 5199 666 5248 τότε
718 5190 1208 5266 φιλανθρωποτάτου
1271 5189 1450 5257 ’γένους
1521 5192 1622 5236 τῶν
1673 5183 1936 5254 Ῥωμαίων

335 5295 556 5342 τοιαῦτα
584 5285 733 5337 αἰτῶ.
776 5286 840 5334 Τί
879 5277 965 5333 οὖν
1022 5278 1264 5349 αἰτοῦμεν
1311 5294 1327 5346 ;
1361 5275 1391 5335 ἢ
1428 5275 1523 5346 ζῇν
1573 5278 1644 5345 μὴ
1692 5273 1938 5344 χαλεπω-

333 5383 486 5455 τέραν
546 5375 767 5428 θανάτου
830 5371 990 5434 ζωὴν,
1046 5368 1076 5428 ἦ
1149 5368 1332 5419 θᾶττον
1407 5362 1769 5435 ἀπαλλαγῆναι
1848 5369 1939 5415 τοῦ

2040 4558 2580 4614 minuens.Memor
2609 4557 2688 4610 sis
2717 4556 2881 4629 quod
2929 4558 3198 4614 mortalis
3256 4559 3509 4625 exsistis,
3555 4558 3691 4617 licet

2040 4648 2364 4718 imperator
2388 4664 2406 4716 ,-
2431 4643 2630 4714 cogita
2651 4645 2815 4716 quod
2842 4651 3086 4718 uterque
3113 4646 3324 4703 eadem
3338 4663 3516 4704 carne
3538 4650 3687 4705 ami-

2043 4737 2251 4800 cimur,
2280 4739 2338 4790 et
2387 4733 2657 4805 ejusdem
2702 4739 2933 4790 natum
2970 4736 3291 4808 participes
3343 4754 3576 4806 sumus,
3632 4742 3691 4796 et

2042 4840 2212 4894 reges
2250 4829 2305 4879 et
2327 4823 2586 4894 privatus
2602 4822 2872 4894 quilibet.
2903 4825 3196 4881 Memento
3216 4827 3382 4898 quod
3422 4844 3692 4885 commu-

2044 4930 2182 4969 nem
2240 4912 2579 4975 Dominum,
2609 4910 2893 4968 factorem
2917 4917 2974 4968 et
3007 4913 3272 4984 judicem
3325 4917 3620 4974 habemus
3673 4935 3686 4974 :

2046 5009 2208 5058 tuam
2253 5001 2438 5073 ipsius
2489 5000 3030 5068 mansuetudinem,
3063 5003 3210 5075 quid
3241 5021 3336 5062 me
3362 5006 3686 5076 aﬂligendo

2046 5091 2376 5147 convincis?
2402 5089 2548 5163 quid
2579 5096 2742 5146 tuam
2775 5090 3104 5148 bonitatem
3143 5094 3376 5164 injuriis
3406 5099 3552 5152 meis
3589 5113 3688 5152 ac-

2046 5178 2251 5236 cusas?
2305 5180 2759 5236 Misericordiam
2816 5181 2877 5236 in
2925 5181 3288 5254 hypocrisin,
3342 5190 3399 5240 et
3443 5187 3690 5243 schema

2047 5270 2378 5326 clementiae
2435 5269 2575 5326 odio
2637 5270 2695 5326 in
2729 5287 2822 5328 me
2866 5276 2923 5327 et
2954 5271 3150 5328 furore
3192 5274 3449 5344 percitus
3501 5275 3692 5346 gravi,

2047 5359 2304 5416 ludibrio
2331 5359 2516 5416 habes
2541 5359 2570 5415 ’ἲ
2592 5360 2895 5419 Thronum
2942 5377 3062 5419 non
3087 5360 3386 5434 desidero,
3416 5379 3540 5421 non
3571 5362 3694 5435 glo-

1676 5499 1908 5556 VARIE
1948 5499 2241 5556 LECTION
2251 5497 2350 5554 ES.

407 5658 437 5692 ι
463 5649 545 5708 Ῑσ.
578 5653 734 5705 Θεοῦ.
808 5641 838 5686 b
860 5643 939 5696 ἶσ.
976 5639 1173 5714 ἕξομεν.
1246 5647 1273 5682 ο
1298 5638 1380 5690 ‘la.
1407 5635 1618 5691 τούτου.
