4088 6214
482 270 578 328 771
1709 259 1948 320 ΡΗΟΤΙΙ
1987 262 2136 322 PATl

2248 261 2472 322 .RCHIE
2509 261 2621 320 (ΖΡ.
3732 267 3823 326 7Ἱῖ

482 399 656 462 riam,
718 411 836 452 non
869 390 997 451 dies
1047 391 1262 458 bonos,
1293 409 1413 449 non
1445 391 1642 448 felices
1663 406 1974 448 successus
2000 391 2127 458 ;illa

2248 397 2521 463 σώματος·
2583 387 2938 449 δυσωπήθητι
2991 397 3085 451 τὴν
3137 397 3335 466 φύσιν·

2237 484 2440 542 κοινοὺς
2488 488 2588 531 τῶν
2646 478 2926 554 ἀνθρώπων
2972 487 3197 553 νόμους·
3247 480 3532 540 αἰδέσθητε
3577 491 3673 544 τῆς
3721 483 3826 536 Ῥω-

481 493 715 544 tantum
761 499 928 553 rogo,
983 501 1118 556 quae
1150 484 1210 538 in
1283 481 1521 537 vincula
1602 480 1885 551 conjectis
1968 480 2125 536 exhi-

483 578 715 640 bentur,
767 591 802 629 a
833 574 1049 646 quibus
1101 588 1210 627 nec
1261 571 1478 642 captivi
1529 569 1948 633 excluduntur,
1992 586 2128 641 qua:

482 672 540 724 et
602 663 869 720 barbaris
929 662 1214 718 catenatis
1301 660 1565 715 exhiberi
1602 659 1794 714 solent
1837 675 1971 714 cum
2028 659 2131 714 hu-

484 755 768 811 manitate
802 773 813 811 :
850 769 919 808 eo
986 751 1143 806 enim
1203 755 1360 806 statu
1409 766 1502 806 res
1550 765 1702 804 mea;
1759 751 2132 804 constituun-

487 851 597 908 tur,
661 849 720 897 ut
772 858 806 896 a
857 857 991 910 rege
1049 845 1105 895 et
1157 839 1443 894 Romanis
1501 837 1970 893 clementissima
2024 853 2133 892 na-

483 933 640 989 tione
666 929 1080 1000 hujuscemodi
1113 927 1528 998 deprecatione
1563 927 1642 981 uti
1700 941 1944 981 necesse
1987 925 2131 981 mihi

483 1023 574 1077 sit.
631 1022 766 1085 Quae
820 1025 905 1074 est
933 1023 1130 1073 autem
1184 1017 1278 1072 illa
1325 1016 1352 1072 ?
1383 1015 1603 1071 scilicet
1655 1020 1718 1070 ut
1749 1013 1841 1069 vel
1885 1030 1958 1070 ne
1987 1016 2130 1082 vita,

481 1111 694 1184 quavis
717 1115 904 1165 morte
932 1109 1123 1176 magis
1141 1105 1358 1161 afﬂicta
1380 1104 1561 1171 fruar,
1596 1110 1698 1160 aut
1722 1109 1782 1159 ut
1807 1120 1989 1176 quam
2015 1104 2132 1160 cito

482 1201 554 1256 de
586 1214 830 1270 corpore
865 1197 1065 1267 egredi
1107 1196 1598 1263 liceat;reverere
1621 1198 1898 1248 naturam
1932 1199 1994 1248 ut
2037 1209 2134 1248 ex-

484 1289 710 1354 oreris;
767 1302 1126 1344 communes
1179 1283 1552 1339 mortalitatis
1601 1282 1760 1352 leges
1809 1293 2130 1344 venerare;

482 1377 831 1434 communia
870 1375 1121 1430 Romani
1147 1374 1379 1444 imperii
1403 1373 1546 1444 jura
1589 1371 1708 1428 noli
1741 1371 2134 1440 committere,

483 1473 548 1523 ut
581 1467 655 1522 de
713 1472 763 1521 te
811 1471 1082 1520 narretur
1137 1477 1363 1516 novum
1399 1466 1454 1516 te
1521 1460 1578 1515 in
1639 1460 1759 1515 vita
1789 1459 2132 1530 exemplum

481 1555 750 1612 intulisse
792 1573 802 1612 :

3392 391 3681 452 αἰδέσθητε
3727 400 3826 455 τοὺς

2239 577 2429 642 μαῑκῆς
2462 567 2637 642 ἀρχῆς
2680 573 2745 620 τὰ
2788 573 2937 622 κοινὰ
2969 567 3182 624 δίκαια·
3215 570 3352 645 μηδὲ
3389 577 3573 625 καινόν
3603 593 3653 624 τι
3685 593 3825 644 παρει-

2239 665 2499 732 χωρήσῃς
2555 660 2940 730 ἐπεισαχθῆναι
2985 668 3056 730 τῷ
3112 660 3214 733 βίῳ
3255 658 3503 734 διήγημα
3540 683 3552 694 ·

2241 747 2510 820 βασιλεὺς,
2586 747 2836 800 ἐπιεικέσιν
2909 755 2997 802 καὶ
3074 751 3460 824 φιλανθρωπίαν
3549 749 3831 822 ἐπαγγελλόο

3615 665 3693 713 ὃτι
3724 667 3828 713 ποτε

2241 856 2404 909 μενος,
2466 837 2607 909 φίλον
2665 836 2939 911 ἀρχιερέα,
2993 845 3084 892 καὶ
3144 844 3410 893 σύντεκνον
3469 843 3826 913 ποιησάμενος,

2241 929 2324 999 ὑφ’
2373 927 2434 978 οὗ
2483 932 2694 1000 χερσὶν,
2749 928 2901 989 αὐτὸς
2945 948 3000 982 τε
3047 935 3135 982 καὶ
3167 933 3195 989 ἡ
3255 929 3494 1003 βασιλὶς,
3540 934 3598 983 τὸ
3637 935 3832 1002 χρίσμα

2240 1025 2335 1077 τῆς
2389 1015 2659 1088 βασιλείας
2699 1015 2948 1088 έχρίσθη,
3006 1025 3094 1071 καὶ
3148 1022 3205 1072 τὸ
3261 1019 3467 1092 ἀξίωμα
3517 1017 3825 1082 ἐνεδύσαντο,

2241 1106 2326 1178 ὑφ’
2365 1102 2424 1157 οὗ
2471 1105 2586 1158 λίαν
2625 1105 2863 1179 έφιλήθη,
2919 1113 3008 1160 καὶ
3048 1112 3173 1181 πρὸς
3221 1109 3275 1160 ὃν
3323 1111 3480 1182 ὅρκια
3519 1113 3611 1160 καὶ
3653 1113 3830 1168 πίστεις

2244 1191 2527 1268 φρικώδεις
2587 1197 2744 1262 ἔθετο,
2804 1196 2857 1248 ὃν
2917 1199 3257 1270 ὑπεραγαπᾴν
3304 1204 3393 1251 καὶ
3451 1201 3686 1272 στέργειν
3755 1202 3829 1250 ἐπ·

2246 1281 2507 1336 εδείκνυτο
2558 1284 2764 1337 ἅπασιο
2828 1293 3008 1338 τοῦτον
3066 1285 3258 1360 έξορίᾳ,
3310 1293 3400 1338 καὶ
3466 1288 3606 1359 λιμῷ
3681 1296 3828 1358 πικρῷ

2245 1370 2533 1446 παραδοὺς,
2594 1380 2683 1426 καὶ
2761 1381 2970 1449 μυρίοις
3051 1376 3226 1439 ἄλλοις
3278 1377 3585 1440 κατατήξας
3645 1384 3824 1438 κακοῖς,

2248 1461 2530 1534 εὐχόμενον
2558 1464 2683 1537 ὑπὲρ
2716 1464 2898 1528 αὐτοῦ,
2931 1473 3003 1535 τῷ
3038 1467 3239 1537 Θανάτῳ
3278 1466 3635 1538 παρέπεμψεν.

856 1568 1072 1622 nempe
1100 1550 1275 1613 istud,
1305 1549 1468 1620 quod
1502 1549 1825 1619 imperator
1852 1547 1955 1619 qui
1979 1547 2446 1606 misericordiam
2483 1558 2536 1607 et
2575 1551 2954 1608 clementiam
2998 1553 3410 1625 pollicebatur,
3456 1554 3829 1626 archiepisco-

483 1662 631 1716 pum
663 1659 843 1715 quem
877 1641 1138 1696 amicum
1160 1638 1422 1693 habebat
1451 1643 1505 1692 et
1532 1652 1919 1692 communem
1947 1635 2136 1691 ﬁlium
2174 1655 2186 1696 :
2223 1655 2258 1694 a
2280 1640 2452 1709 cujus
2476 1639 2774 1706 manibus,
2810 1657 2947 1696 cum
2987 1644 3109 1713 ipse
3137 1650 3261 1697 tum
3309 1643 3658 1715 imperatrix
3683 1644 3828 1711 regni

486 1735 873 1804 susceperant
930 1730 1288 1792 unctionem,
1331 1731 1387 1781 et
1429 1730 1782 1797 potestatem
1844 1725 2160 1781 induerant
2202 1726 2556 1798 dignitatis:
2592 1746 2776 1801 aquo
2826 1730 3209 1786 vehementer
3255 1732 3640 1801 diligebatur,
3685 1729 3828 1800 apud

487 1839 667 1896 quem
709 1821 940 1892 juratus
993 1817 1174 1872 ﬁdem
1225 1818 1663 1888 interposuerat
1704 1814 2099 1871 reverendam
2149 1832 2162 1870 :
2210 1833 2391 1888 quem
2435 1819 2608 1874 valde
2651 1819 2894 1888 diligere
2939 1826 2996 1876 et
3030 1837 3235 1876 amore
3275 1822 3592 1893 complecti
3627 1822 3824 1892 passim

487 1911 769 1969 omnibus
799 1908 1138 1965 ostenderat
1171 1926 1184 1966 :
1223 1906 1388 1960 illum
1441 1904 1659 1967 inedia,
1717 1903 1919 1960 exsilio
1977 1904 2368 1972 multavit,‘et
2423 1909 2714 1964 sexcentis
2763 1908 2892 1964 aliis
2940 1909 3112 1966 malis
3166 1910 3562 1984 liquefactum
3620 1910 3824 1966 interim

484 1999 764 2076 precibus
793 2013 900 2070 pro
930 1999 1060 2070 ipso
1090 1995 1550 2051 intercedentem
1579 1994 1762 2050 morti
1802 1992 1984 2050 dedit.

1093 2086 1298 2141 EPIST.
1326 2085 1493 2139 XVII.

1192 2175 1420 2230 Eidem.

2281 2089 2294 2136 i
2867 2095 3081 2146 ΕΠΙΣΤ.
3117 2089 3217 2144 ΙΖ’.

2903 2185 2986 2250 Τῷ
3017 2179 3156 2250 αὐτῷ
3167 2222 3178 2234 .

1719 2278 1872 2328 Edita
1902 2290 1935 2327 ο,
1956 2277 2281 2328 Montacutio
2315 2281 2416 2344 (ep.
2449 2283 2527 2338 98,
2559 2296 2612 2346 p,
2657 2285 2783 2342 141).

559 2389 680 2457 Ego
709 2383 956 2457 quidem
987 2379 1324 2438 arbitrabar
1354 2383 1406 2434 te
1437 2377 1512 2433 ad
1553 2376 1719 2446 regni
1746 2376 1981 2445 fastigia
2005 2391 2136 2446 pro-

488 2482 675 2542 moto,
705 2472 852 2528 mihi
883 2472 1105 2540 gratias
1138 2469 1356 2538 agendi
1406 2465 1764 2538 multiplices
1821 2464 2137 2520 adfuturas

489 2564 856 2630 occasiones,
870 2576 979 2631 pro
998 2553 1951 2626 amicis,cognatis,familiaribus,
1972 2560 2140 2608 caete-

489 2652 573 2710 ris
613 2650 1092 2724 quibuscunque,
1143 2647 1364 2719 quibus
1414 2652 1468 2701 te
1521 2645 1648 2698 sine
1703 2642 1943 2699 fastidio
1991 2642 2140 2698 mihi

492 2741 961 2814 gratiﬁcaturum
989 2738 1047 2792 in
1077 2741 1372 2809 quantum
1413 2749 1640 2806 posses,
1669 2732 1871 2804 putavi
1908 2751 1920 2801 ;
1953 2747 2024 2788 eo
2044 2747 2140 2786 me

491 2831 615 2903 spei
648 2828 964 2885 induxerat
1001 2827 1266 2881 sincerus
1296 2829 1351 2878 et
1396 2823 1522 2877 sine
1569 2821 1708 2877 fuco
1766 2836 1935 2876 meus
1987 2821 2048 2875 in
2086 2824 2138 2874 te

489 2919 748 2986 animus,
779 2934 887 2974 nec
919 2916 1194 2972 dubitare
1221 2913 1501 2969 sinebant
1544 2909 1976 2983 promissiones
2010 2925 2140 2965 sex-

491 3016 675 3066 centaa
694 3005 1050 3080 juramentis
1076 3004 1446 3060 conﬁrmatae
1466 3020 1478 3069 ;
1502 3017 1652 3074 quas
1674 3015 1767 3056 me
1798 2998 1891 3055 vel
1929 2998 2138 3067 invito,

490 3101 621 3172 ipse
659 3114 862 3156 coram
877 3092 1438 3154 omnibusstudiose
1464 3089 1873 3164 propagabas.
1910 3093 2140 3144 Atnos-

493 3195 597 3246 traa
611 3190 735 3262 jam
765 3187 1009 3245 tandem
1033 3186 1151 3241 huc
1174 3197 1310 3256 spes
1326 3181 1714 3244 devenerunt,
1751 3184 1810 3234 ut
1835 3179 1964 3236 licet
1987 3193 2140 3245 sero,

493 3295 605 3335 nec
633 3278 776 3334 satis
806 3281 1162 3348 opportune,
1223 3279 1322 3328 tuo
1377 3270 1632 3342 imperio
1694 3267 2014 3338 gratiﬁcari
2042 3266 2142 3322 ha-

492 3367 692 3424 beam.
709 3367 1007 3431 Quorsum
1023 3368 1218 3420 autem
1235 3361 1361 3416 etin
1375 3375 1497 3432 quo
1511 3355 1776 3429 inquies?
1789 3357 1955 3428 quod
1969 3355 2143 3410 latro-

2319 2383 2434 2450 Εγὼ
2460 2383 2549 2452 μεν
2579 2385 2746 2454 ᾤμην,
2800 2391 2891 2443 τῆς
2938 2384 3079 2456 ὑμῶν
3119 2388 3536 2458 κραταιουμένης
3585 2381 3823 2456 βασιλείας

2246 2468 2434 2531 πολλὰς
2488 2470 2616 2542 αὐτῇ
2691 2473 2976 2543 προσάγειν
3024 2472 3373 2544 εὐχαριστίας
3434 2476 3562 2547 ὑπὲρ
3618 2481 3706 2532 τῆς
3764 2470 3821 2528 εἰς

2247 2557 2382 2628 ἡμᾶς
2435 2557 2749 2634 εὐεργεσίας,
2790 2560 2916 2634 ὑπὲρ
2968 2561 3144 2632 φίλων,
3205 2565 3331 2635 ὑπὲρ
3389 2569 3669 2632 συγγενῶν,
3716 2561 3822 2629 ὑπὲρ

2251 2649 2507 2712 συνήθων,
2562 2650 2686 2720 ὑπὲρ
2735 2651 2937 2702 πάντων
2996 2649 3189 2716 ἁπλῶς,
3243 2652 3344 2702 ὅσα
3403 2656 3642 2724 πράττων
3693 2648 3825 2706 αὐτὸς

2249 2735 2321 2796 εἰς
2353 2740 2444 2794 τὴν
2487 2738 2633 2809 ἡμῶν
2667 2739 2936 2811 θεραπείαν
2992 2744 3146 2811 κόρον
3193 2738 3288 2791 οὐκ
3328 2737 3472 2811 εἶχες
3509 2738 3820 2812 χαρίζεσθαι.

2250 2823 2338 2886 Εἰς
2362 2833 2515 2878 τοῦτο
2567 2829 2667 2900 γὰρ
2697 2828 2832 2898 ἡμᾶς
2864 2823 3006 2898 ἦγεν,
3052 2830 3081 2886 ἦ
3124 2847 3178 2880 τε
3221 2831 3432 2902 καθαρὰ
3462 2834 3586 2903 πρὸς
3640 2847 3692 2880 σε
3748 2828 3822 2876 καὶ

2251 2911 2466 2972 ἀληθινὴ
2528 2911 2785 2978 διάθεσις,
2819 2921 2904 2968 καὶ
2946 2924 3045 2968 τῶν
3097 2922 3295 2992 μυρίων
3357 2919 3528 2990 ὅρκων
3579 2922 3662 2969 καὶ
3721 2917 3824 2966 ὑπο-

2254 3007 2488 3074 σχέσεων
2518 3007 2576 3055 τό
2608 3001 2876 3057 ἀνένδοτον
2901 3027 2912 3039 ·
2947 3005 3032 3066 οὓς
3088 3012 3177 3058 καὶ
3224 3005 3454 3059 ἀκόντων
3503 3009 3532 3066 ἡ
3541 3015 3663 3078 μῶν,
3694 3005 3824 3062 αὐτὸς

2252 3094 2406 3164 ὅμως,
2465 3097 2596 3168 πρὸς
2669 3093 2901 3155 ἅπαντας
2975 3096 3252 3148 ὑποτείνων
3305 3095 3364 3148 οὐ
3440 3093 3678 3157 διέλιπες,
3732 3099 3822 3146 Νῦν

2254 3178 2313 3235 δι
2343 3183 2414 3242 εἰς
2466 3190 2618 3236 τοῦτο
2671 3185 2736 3236 τὰ
2763 3192 2862 3236 τῶν
2919 3185 3176 3259 ἡμετέρων
3217 3181 3445 3237 ἐλπίδων
3494 3189 3817 3259 περιέστηκεν,

2253 3273 2335 3324 ὅτι
2384 3269 2479 3323 κᾶν
2537 3271 2632 3343 ὀψὲ
2683 3279 2772 3324 τοῦ
2831 3281 3038 3347 καιροῦ,
3098 3275 3233 3345 ὅμως
3272 3274 3623 3347 εὐχαριστίαν

2255 3363 2587 3434 προσάγομεν
2647 3359 2909 3434 βασιλείᾳ.
2975 3361 3094 3414 Ἐπὶ
3143 3367 3263 3426 τίνι,
3321 3368 3414 3414 καὶ
3467 3360 3561 3415 διὰ
3623 3365 3706 3426 ri;
3757 3361 3822 3410 ὅτι

495 3472 642 3512 num
674 3460 730 3511 et
755 3453 1291 3526 suspendiosorum
1318 3448 1631 3504 hominum
1663 3445 1986 3517 suppliciat
2007 3460 2136 3498 cum

2257 3453 2348 3512 τὰς
2414 3458 2512 3502 τῶν
2555 3450 2756 3523 λῃστῶν
2796 3455 2885 3503 καὶ
2942 3460 3253 3524 κακουργῶν
3304 3457 3584 3525 τιμωρίας,
3649 3451 3722 3510 αἷς
3763 3447 3824 3499 ἐνο

497 3545 718 3618 quibus
756 3558 942 3614 usque
995 3541 1072 3596 ad
1115 3537 1603 3609 absumptionem
1633 3533 2051 3600 conﬂictabar,
2086 3535 2144 3588 in

496 3649 738 3689 cursum
809 3628 1326 3700 temperantiorem
1386 3628 1728 3680 convertere
1787 3622 2144 3694 pollicearis.

498 3722 637 3778 Vide
665 3723 868 3776 autem
891 3719 991 3784 sis,
1011 3717 1217 3773 dilecte
1250 3714 1412 3781 mihi,
1444 3714 1574 3770 licet
1589 3712 1765 3776 nolis,
1796 3712 2142 3784 imperator,

495 3811 660 3885 quod
715 3815 937 3865 tentare
987 3812 1217 3863 tantum
1280 3810 1340 3861 ut
1369 3802 1735 3876 persuadeas
1773 3801 2142 3872 hominibus,

495 3917 616 3958 non
650 3899 833 3956 modo
871 3897 1018 3954 nihil
1043 3895 1271 3953 confert
1295 3894 1371 3950 ad
1411 3891 1899 3965 persuadendum
1931 3890 2140 3957 Deum,

498 3991 602 4047 sed
633 3991 694 4046 in
727 3989 901 4062 plane
960 3985 1326 4042 contrarium
1384 3984 1736 4038 immutatur
1776 3997 1788 4048 ;
1819 3988 1975 4036 certe
2009 3997 2143 4052 quas

499 4081 625 4136 sine
658 4079 780 4134 ulto
845 4083 1000 4133 metu
1067 4076 1162 4131 hic
1211 4079 1498 4144 geruntur
1544 4071 1882 4127 acerbiores
1937 4086 2144 4142 pcenas

496 4169 638 4226 olim
664 4167 901 4242 justitiaa
932 4167 1137 4222 omnia
1161 4163 1431 4219 lustranti
1461 4161 1712 4218 dabunt.

2258 3539 2525 3599 αθλοῡντες
2578 3541 2722 3610 ἡμεῖς
2768 3537 3278 3613 καταδαπανώμεθα,
3325 3541 3398 3602 εἰς
3455 3545 3511 3593 τό
3577 3543 3819 3614 μετριώτεο

2255 3647 2345 3701 ρον
2386 3629 2738 3700 σχηματίζειν
2796 3627 3163 3702 ἐπεχείρησας.
3221 3628 3356 3682 Ἀλλ’
3412 3631 3527 3704 ὅρα,
3579 3629 3696 3701 φίλε,
3745 3623 3821 3676 κᾶν

2255 3721 2326 3788 μὴ
2363 3715 2558 3789 βούλει,
2616 3715 2855 3789 βασιλεῦ,
2890 3720 2970 3769 ὅτι
3019 3722 3076 3770 τὸ
3106 3719 3389 3792 πειρᾶσθαι
3431 3721 3620 3770 πείθειν
3660 3714 3819 3785 ἀνθρώ-

2255 3826 2404 3870 πους,
2455 3807 2512 3858 οὐ
2561 3811 2714 3878 μόνον
2765 3803 2916 3859 οὐδὲν
2976 3807 3204 3860 συντελεί
3240 3811 3370 3883 πρὸς
3398 3812 3460 3860 τό
3501 3815 3669 3861 πεῖσαι
3702 3807 3820 3862 Θεὸν,

2257 3895 2384 3947 ἀλλὰ
2455 3901 2544 3948 καὶ
2632 3895 2702 3957 εἰς
2769 3897 3061 3948 τούναντίον
3135 3902 3520 3969 περιτρέπεταισ
3595 3901 3676 3948 καί
3741 3899 3820 3944 τῶν

2257 3973 2420 4036 ἀδεῶς
2468 3975 2688 4028 ἐνταῦθα
2742 3980 3124 4050 πραττομένων,
3189 3976 3380 4048 μᾶλλον
3456 3978 3593 4031 ἔστιν
3663 3974 3820 4028 ἐκεῖθεν

2256 4067 2286 4124 ἠ
2315 4069 2628 4138 παντέφορος
2661 4061 2786 4122 δίκη
2818 4070 3022 4139 κριτής.

1874 4469 2490 4563 MONITUM

1655 4679 1722 4735 IN
1753 4677 2167 4746 SEQUENTEM
2208 4676 2618 4734 EPISTOLAM.

1498 4803 1745 4879 (Angelo
1775 4805 1888 4859 ΜΑι
1931 4803 2148 4874 Script.
2178 4805 2288 4857 vet.
2322 4804 2362 4856 t.
2396 4799 2433 4867 l,
2467 4815 2621 4873 page
2651 4799 2795 4870 XXI).

574 4943 893 5014 Vestiganti
920 4941 1061 4997 mihi
1086 4941 1141 4995 in
1171 4933 1468 4993 Vaticanis
1497 4931 1708 5005 pluteis
1739 4929 1928 4984 Photii
1954 4929 2193 4998 scripta,
2221 4925 2492 4997 ignotum
2510 4925 2822 4998 quoddam
2846 4928 3058 4996 praeter
3079 4939 3246 4996 spem
3271 4940 3330 4979 se
3349 4925 3556 4980 obtulit
3577 4925 3627 4979 in
3645 4919 3813 4978 codice

504 5040 699 5092 vetere
717 5010 1124 5104 palimpsesto,
1143 5029 1318 5083 breve
1343 5022 1626 5097 equidem
1649 5019 1751 5074 sed
1767 5025 1964 5073 tamen
1992 5032 2109 5071 non
2126 5015 2652 5071 contemnendum.
2668 5014 2828 5069 Prior
2858 5013 3230 5086 palimpsesti
3258 5013 3545 5085 scriptura
3559 5010 3814 5084 quadrata

503 5131 606 5189 est,
637 5101 1013 5190 continetque
1027 5124 1226 5190 partes
1255 5129 1564 5170 sacrarum
1593 5124 1791 5165 rerum
1805 5104 2140 5171 Leontii,de
2153 5119 2273 5178 quo
2289 5119 2466 5176 opere
2488 5102 2550 5158 in
2575 5102 2692 5158 alio
2724 5101 3348 5158 voluminelocuturus
3382 5119 3535 5158 sum.
3561 5102 3812 5171 Scriptura

502 5186 817 5289 posterior,
849 5186 1050 5264 saeculi
1074 5208 1256 5262 ferme
1281 5219 1400 5269 xm,
1430 5201 1605 5257 habet
1631 5214 1784 5270 opus
1814 5195 2043 5251 Eusebii
2072 5195 2155 5250 De
2182 5193 2300 5248 situ
2331 5191 2734 5249 etnomim’bus
2761 5191 3192 5248 Hebraicorum
3209 5192 3472 5248 locorum
3499 5199 3580 5248 :el
3607 5186 3812 5261 quidem

503 5271 581 5363 ad
612 5314 888 5359 normam
911 5295 1091 5366 hujus
1108 5291 1392 5349 rarissimi
1424 5289 1666 5352 codicis,
1689 5287 1789 5359 qui
1808 5285 1912 5340 fuit
1945 5283 2087 5340 olim
2117 5282 2436 5339 cardinalis
2461 5281 2668 5347 Sirleti,
2697 5286 2921 5337 textum
2955 5281 3155 5352 operis
3189 5279 3503 5336 Eusebiani
3531 5280 3691 5336 fuisse
3709 5271 3812 5330 refi-

503 5379 664 5452 ctum
693 5390 867 5446 docet
886 5382 1202 5440 Vallarsius
1220 5382 1278 5436 in
1302 5378 1644 5451 Hieronymi
1669 5376 1948 5440 editione,
1967 5375 2028 5429 T.
2059 5374 2149 5428 lll.
2183 5373 2481 5444 Sequutur
2502 5371 2562 5426 in
2583 5369 2788 5426 codice
2811 5369 3104 5440 glossaria
3128 5368 3430 5441 quaedam,
3453 5375 3571 5426 tum
3595 5367 3662 5422 de
3679 5375 3810 5419 men-

504 5482 659 5540 suris
691 5472 1174 5554 ponderibusque
1203 5468 1516 5541 opuscula,
1544 5480 1778 5522 necnon
1795 5463 2142 5533 theologicae
2172 5460 2398 5533 aliquot
2427 5459 2828 5516 deﬁnitiones.
2861 5457 3009 5514 Exin
3039 5456 3231 5514 Photii
3252 5460 3536 5515 canonica
3562 5461 3810 5526 responsa

506 5538 793 5652 2lii—inclite,
823 5579 961 5622 cum
982 5575 1054 5619 eo
1077 5538 1263 5616 titule
1283 5571 1466 5630 quem
1490 5555 1551 5612 in
1567 5559 1768 5612 nostra
1782 5553 2041 5610 editione
2061 5551 2262 5608 Greece
2283 5546 2952 5624 scripsimus_.,Photium
2977 5545 3240 5620 denique
3255 5546 3686 5620 subsequuntur
3699 5538 3809 5594 Gro-
