4088 6214
231 333 346 393 773
1492 323 1845 389 EPISTULA]

1991 334 1993 386 ζ
2032 327 2234 388 LIBER
2282 326 2322 388 Ι.
3499 331 3605 394 774

232 462 390 535 gorii
419 458 706 529 Theologi
733 457 1008 530 quadam
1046 463 1102 515 et
1143 474 1342 532 pauca
1389 472 1716 530 anonyma.
1752 457 2014 514 Profecto
2043 464 2098 514 et
2122 459 2249 530 ipse
2290 456 2711 529 palimpsestus
2741 457 2801 515 in
2833 459 3112 517 extremis
3141 461 3366 518 codicis
3389 461 3538 519 foliis
3569 479 3607 519 a

231 551 433 624 priore
461 554 516 605 et
539 549 806 604 maxima
830 547 920 602 sui
946 553 1114 618 parte
1145 546 1337 603 diﬂ‘ert
1365 548 1576 603 :habet
1599 549 1762 603 enim
1787 549 2040 602 Actuum
2069 546 2530 620 apostolicorum
2552 548 2911 618 fragmenta,
2943 549 3390 615 vetustioribus,
3426 567 3606 622 quam

235 639 460 697 Leontii
487 654 663 710 opus,
694 637 894 692 litteris
917 642 1178 693 exarata.
1209 639 1320 694 Sed
1352 638 1532 702 enim,
1559 637 1651 692 his
1675 637 1909 692 interim
1937 637 2197 701 omissis,
2225 635 2300 690 de
2327 635 2518 691 Photii
2567 639 2788 708 scripto
2819 638 3073 695 breviter
3109 641 3251 696 mihi
3283 639 3606 696 dicendum

229 728 514 802 est,quod
527 727 602 783 ad
627 728 881 782 Leonem
898 727 1184 784 Calabria
1203 727 1713 798 archiepiscOpum
1731 727 1994 782 mittitur.
2013 725 2298 782 Calabria
2319 725 2522 780 sedem
2535 726 2928 797 episcopalem
2951 729 3098 784 inter
3115 745 3218 785 eas
3239 735 3607 785 numeratam

231 819 432 884 video,
455 832 593 890 qua
605 815 956 889 patriarcha
977 817 1302 888 Byzantino
1320 816 1632 887 parebant,
1650 818 1708 871 in
1732 815 1963 871 novella
1987 816 2195 870 Leonis
2211 814 2501 885 Sapientis
2522 819 2625 886 (l),
2642 816 2743 886 qui
2767 816 2960 872 Photii
2977 817 3260 873 alumnus
3275 818 3384 874 fuit
3403 836 3414 874 :
3432 819 3608 891 eique

233 908 362 964 sedi
380 906 624 963 honoris
641 905 863 973 gradus
884 905 1038 960 inter
1060 905 1376 960 Mocissum
1401 905 1818 978 Larissamque
1842 903 2321 959 tribuitur.Porro
2343 908 2538 958 utrum
2560 903 2831 961 Calabria
2848 905 3235 976 intelligenda
3257 907 3334 962 sit
3361 910 3605 977 Argivo-

233 1013 374 1052 rum
405 993 623 1060 insula,
655 993 717 1049 in
747 1011 859 1064 qua
881 993 1024 1049 olim
1047 995 1469 1050 Demosthenes
1493 1010 1789 1049 venenum
1810 993 2030 1057 hausit,
2058 1009 2133 1049 an
2167 994 2364 1066 potius
2385 993 2561 1048 italia
2583 993 2912 1064 provincia,
2944 995 3097 1050 haud
3124 997 3246 1052 scio
3270 1013 3348 1052 an
3373 997 3610 1054 merito-

234 1083 720 1142 dubitareliceat.
748 1086 895 1138 Nam
919 1089 976 1138 et
1001 1083 1180 1139 Italia
1201 1082 1536 1139 Calabriam
1566 1083 1628 1138 in
1654 1099 1721 1138 ea
1735 1081 1966 1138 novella
1985 1099 2042 1154 p.
2079 1083 2182 1138 100
2207 1082 2498 1153 appellari
2525 1081 2858 1155 video,quo
2878 1085 3006 1140 loco
3024 1083 3318 1140 Severina
3345 1086 3607 1141 Calabrae

235 1175 369 1231 sedi
419 1171 820 1244 subjiciuntur
867 1172 1124 1244 episcOpi
1158 1172 1301 1228 Calli
1335 1171 1656 1244 politanus,
1691 1173 2104 1238 Acerantinus,
2140 1172 2322 1227 Castri
2365 1172 2598 1227 veteris.
2631 1175 2774 1228 Tum
2817 1176 2975 1244 apud
3026 1175 3604 1246 Porphyrogenitum

232 1264 423 1321 them.
451 1262 548 1320 lib.
581 1263 650 1326 II,
687 1262 771 1326 tO,
805 1262 1162 1332 oppidulum
1189 1262 1421 1317 Sancta
1446 1261 1730 1316 Severina
1762 1277 1946 1334 prope
1972 1263 2289 1316 Crotonem
2313 1262 2570 1331 ponitur.
2598 1267 2784 1333 Atque
2811 1262 2982 1317 hisin
3016 1263 3390 1320 locisCraca
3430 1265 3607 1318 ritum

236 1352 513 1410 Ecclesia
559 1351 777 1424 partim
823 1351 1022 1407 adhuc
1064 1351 1262 1422 vigere
1288 1350 1464 1406 docet
1503 1350 1804 1422 Ughellius
1854 1357 1992 1406 tom.
2023 1351 2112 1420 IX,
2144 1366 2201 1421 p.
2252 1351 2377 1406 475.
2412 1349 2676 1407 Profecto
2727 1355 2899 1407 atate
2933 1352 3219 1408 Photiana
3277 1360 3608 1408 extremam

230 1443 401 1498 illam
422 1441 602 1497 Italia
628 1446 854 1512 partem
879 1439 937 1494 in
954 1439 1252 1511 Byzantini
1271 1440 1706 1511 patriarchatus
1729 1439 1950 1495 ﬁnibus
1969 1439 2152 1495 fuisse
2171 1439 2667 1513 comprehensam
2683 1441 2910 1505 ,multis
2932 1442 3308 1497 documentis
3339 1457 3611 1513 compro-

235 1531 448 1588 batum
487 1535 594 1596 est,
627 1533 686 1584 et
715 1533 870 1585 certe
896 1545 932 1584 a
951 1529 1109 1584 dicta
1129 1528 1257 1599 jam
1285 1529 1660 1599 imperatoris
1685 1528 1946 1585 novella.
1979 1530 2104 1585 lmo
2124 1545 2262 1584 vero
2289 1531 2541 1584 Leonem
2562 1529 2721 1584 hunc
2753 1529 3040 1586 Calabria
3074 1530 3286 1585 Italica
3319 1530 3610 1602 archiepi-

232 1635 487 1692 scopum
507 1617 688 1674 fuisse
706 1619 798 1673 vix
817 1617 1090 1683 dubito,d
1103 1633 1201 1672 um
1220 1617 1533 1674 considero
1554 1616 1827 1672 Photiani
1843 1617 2162 1687 cujusdam
2185 1617 2386 1674 inediti
2406 1619 2604 1690 operis
2619 1619 2912 1674 adversus
2935 1619 3170 1675 Latinos
3184 1620 3409 1690 (dequo
3429 1634 3610 1692 opere

223 1710 398 1780 mox)
426 1707 649 1774 locum,
679 1707 804 1770 ubi,
834 1707 1198 1762 enumeratis
1226 1706 1398 1762 Italia
1428 1712 1484 1763 et
1515 1707 1845 1763 Occidentis
1878 1707 2056 1762 variis
2075 1707 2317 1780 pOpulis
2347 1709 2448 1780 qui
2477 1708 2743 1778 pontiﬁci
2770 1708 3049 1764 Romano
3080 1711 3390 1778 parebant,
3426 1709 3504 1764 ab
3538 1709 3610 1763 iis

229 1797 478 1854 Photius
531 1797 749 1867 excipit
797 1794 1102 1860 Calabros,
1134 1810 1290 1868 quos
1336 1796 1416 1851 ait
1448 1812 1584 1851 cum
1626 1797 1842 1852 Gracis
1875 1797 2230 1852 consentire.
2271 1796 2383 1852 Sed
2415 1803 2613 1852 tamen
2675 1799 2786 1852 Leo
2843 1803 2999 1853 certe
3042 1799 3243 1868 Rhegii
3290 1798 3611 1869 episcopus

229 1893 463 1943 octava
488 1885 724 1958 synodo
752 1887 960 1940 contra
991 1883 1264 1939 Photium
1297 1885 1609 1940 celebrata
1641 1885 1994 1956 subscripsit
2024 1884 2102 1956 (2)
2133 1901 2144 1939 :
2194 1885 2473 1957 idemque
2499 1886 2556 1940 in
2590 1885 3094 1958 pseudo-synodo
3122 1888 3404 1942 Photiana
3426 1903 3612 1960 appa-

228 1977 352 2032 ruit
397 1975 474 2046 (3)
509 1991 522 2028 :
550 1989 737 2047 quam
768 1989 893 2030 rem
931 1972 1163 2030 Coletus
1187 1973 1248 2028 in
1280 1973 1524 2043 Ughellii
1589 1973 1667 2045 (4)
1713 1973 2238 2029 emendatiouibus
2280 1974 2582 2044 sapienter
2610 1974 2856 2042 notavit,
2888 1981 3068 2046 atque
3097 1976 3178 2031 ita
3209 1981 3457 2032 Leonem
3488 1993 3609 2031 non

229 2063 422 2120 dubio
447 2063 657 2120 ordine
681 2063 741 2118 in
759 2062 1166 2132 Rheginorum
1189 2062 1610 2134 episcOporum
1635 2062 1782 2117 serie
1809 2061 2127 2117 constituit.
2161 2063 2273 2118 Sed
2296 2077 2429 2116 ecce
2451 2063 2511 2116 in
2533 2061 2820 2133 praedicta
2845 2063 3074 2119 novella
3102 2079 3158 2135 p.
3190 2069 3288 2120 100
3307 2065 3609 2135 Rheginus

231 2153 561 2226 episcopus
579 2168 615 2208 a
633 2151 884 2209 Calabro
905 2152 1049 2207 satis
1065 2151 1651 2221 distinguitur.Porro
1668 2165 1780 2220 ego
1798 2156 2005 2207 auctor
2019 2166 2157 2205 sum
2181 2155 2244 2205 ut
2265 2149 2339 2206 de
2355 2150 2576 2206 ﬁnibus
2598 2151 2897 2222 Byzantini
2921 2152 3363 2224 patriarchatus
3381 2155 3612 2224 legatur

230 2242 413 2299 etiam
431 2240 749 2314 perdoctus
761 2239 1092 2297 Bressiusin
1107 2240 1328 2296 Melitae
1344 2239 1807 2311 antiquitatibus
1823 2241 1915 2312 (³5),
1934 2239 2036 2313 qui
2061 2239 2334 2295 Leonina
2348 2237 2596 2294 novella
2623 2239 3038 2296 auctoritatem
3057 2245 3194 2312 post
3213 2241 3360 2298 alios
3376 2243 3610 2299 criticos

232 2332 500 2388 ventilat.
537 2332 622 2386 Ad
642 2346 764 2386 rem
788 2335 1056 2386 nostram
1077 2328 1242 2400 quod
1269 2329 1743 2393 attinet,constat
1774 2329 2031 2384 Leonem
2062 2329 2351 2384 Calabria
2373 2327 2897 2399 archiepiscopum
2929 2329 3324 2401 postulavisse
3351 2331 3610 2388 aPhotio

232 2421 583 2494 patriarcha
596 2435 727 2486 suo,
747 2425 924 2492 atque
938 2435 973 2474 a
993 2419 1397 2490 synodo,qua
1415 2419 1575 2489 apud
1594 2418 1794 2490 ipsum
1813 2417 2685 2482 celebrabatur,dubitationum
2710 2419 3114 2488 quarumdam
3145 2419 3471 2476 solutiones
3496 2419 3612 2476 :cui

229 2509 496 2566 honesta
509 2509 772 2581 petitioni
798 2523 1117 2564 occurrens
1140 2506 1608 2578 Photius,capita
1628 2509 1895 2580 quinque
1915 2507 2216 2579 rescripsit
2241 2523 2253 2561 :
2277 2523 2413 2579 qua
2435 2521 2547 2577 ego
2572 2506 2718 2562 utde
2737 2522 2798 2561 re
2819 2507 3110 2564 canonica
3134 2508 3307 2576 bene,
3330 2515 3392 2564 ut
3413 2525 3605 2581 spero,

230 2613 509 2664 mererer,
539 2597 739 2653 Latina
765 2596 896 2665 feci,
920 2595 1159 2652 scholiis
1171 2595 1399 2668 aliquot
1424 2595 1745 2661 declaravi,
1767 2599 1822 2651 et
1847 2595 1896 2650 si
1921 2612 2059 2652 cum
2080 2595 2512 2668 Amphilochiis
2528 2597 2589 2650 in
2607 2594 2722 2650 hoc
2743 2595 3044 2653 volumine
3066 2598 3328 2664 ederem,
3355 2597 3607 2670 pretium

238 2702 437 2760 opera
467 2687 593 2743 fore
607 2684 897 2758 judicavi.

1000 2970 1452 3062 PHOTII
1498 2971 2162 3065 BESPONSA
2214 2971 2861 3064 CANONICA

232 3311 334 3384 Τῷ,
400 3301 776 3374 Θεοφιλεστάτῳ
859 3299 1130 3384 ὀισιωτάτῳ
1211 3300 1588 3384 συλλειτουργῷ
1661 3307 1840 3356 Λέοντι

1994 3303 2494 3384 religiosissima}!
2537 3301 2929 3384 sanctissimo
2960 3303 3138 3359 Leoni
3153 3303 3472 3384 “Calabriae
3501 3323 3608 3362 ar-

310 3373 715 3449 ἁρχιιττισκὸπῳ
799 3373 1096 3449 Καλαϐρίας
1197 3379 1387 3434 Φώτιος
1480 3373 1840 3448 ἆρχιιπίσκο-

2021 3373 2385 3449 cﬁiepiscopo
2398 3375 2641 3431 Photius
2653 3376 3126 3446 archiepiscopus
3141 3377 3609 3449 Constantinopo-

309 3444 415 3508 τέο-ξ
434 3453 547 3499 Κων
555 3444 1040 3507 σταντινουπὸλεώς,
1513 3444 1522 3448 -
1549 3444 1554 3445 ν
1577 3444 1582 3445 ν

651 3444 1040 3507 ιντινουπόλεώς.
1513 3444 1522 3448 ’
1549 3444 1554 3445 ⁷
1577 3444 1582 3445 ⁷
2025 3447 2265 3502 litantis.

312 3575 396 3626 Τὰ
439 3573 584 3643 παρὰ
643 3577 738 3630 τῆς
795 3571 938 3644 ὑμῶν
1001 3570 1256 3643 θεοφιλίας
1307 3575 1438 3643 πρὸς
1517 3574 1657 3643 ἡμᾶς
1717 3572 1838 3625 ἁνα-

2023 3573 2162 3638 Qua
2194 3575 2392 3628 vestra
2423 3571 2612 3643 pietas
2631 3569 2708 3626 ad
2730 3587 2840 3626 nos
2875 3571 3034 3626 misit
3063 3570 3498 3644 capitula,cum
3523 3589 3611 3629 re-

235 3663 536 3734 πιμφθὲντα
595 3658 849 3731 κεφάλαια
916 3667 1023 3721 τοῖς
1094 3660 1501 3731 θεοφιλεστάτοις
1560 3663 1706 3732 ἡμῶν
1757 3661 1841 3713 ἐπι

1995 3659 2348 3730 giosissimis
2378 3661 2600 3716 nostris
2650 3659 3040 3731 metropolitis
3097 3659 3364 3716 exhibita
3395 3661 3609 3720 fuerint

235 3749 460 3804 δοθέντα
504 3746 912 3820 ςιητροπολίταις
953 3750 1036 3819 (6)
1092 3753 1178 3799 καὶ
1219 3750 1337 3821 παρ’
1397 3749 1565 3800 αὐτῶν
1614 3745 1842 3821 δοκιμα-

1997 3757 2127 3820 tque
2140 3749 2218 3804 ab
2243 3749 2355 3803 illis
2385 3749 2444 3804 in
2457 3766 2710 3804 examen
2727 3757 2958 3820 vocata,
2973 3748 3266 3820 ejusmodi
3284 3750 3611 3807 retulerunt

237 3841 430 3892 σθέντα
474 3857 529 3890 τε
579 3841 668 3889 καὶ
745 3835 1150 3909 βασανισθέντα,
1209 3840 1476 3910 τοιαύτης,
1517 3841 1674 3909 ἔτυχε
1729 3843 1843 3913 κρί-

1140 3879 1150 3902 ,
1209 3840 1476 3910 τοιαύτης,
1517 3841 1674 3909 ἔτυχε
1729 3843 1843 3913 κρί-
1947 3838 2240 3908 judicium
2273 3854 2343 3894 ac
2370 3838 2754 3893 solutionem.

239 3933 367 3988 σεώς
397 3945 452 3979 τε
473 3931 562 3978 καὶ
593 3924 893 3986 ἐπιλύσεως.

308 4017 393 4072 A'.
467 4021 588 4089 Περὶ
665 4018 754 4088 μὲν
801 4023 902 4067 τῶν
974 4019 1300 4087 χειροτονίαν
1383 4015 1646 4087 ἱερατικὴν
1702 4011 1841 4086 μηδὲ

2025 4015 2065 4069 Ι.
2095 4015 2263 4079 Quod
2285 4014 2362 4069 ad
2393 4030 2495 4070 eos
2523 4015 2798 4070 homines
2839 4016 3046 4072 attinet
3071 4017 3195 4088 qui,
3245 4017 3408 4072 nullo
3437 4033 3608 4074 sacro

238 4112 367 4178 μίαν
424 4104 665 4177 ἐχόντων,
743 4101 1090 4176 βαπτίσματα
1137 4102 1196 4156 δὲ
1246 4101 1316 4156 δι’
1361 4103 1551 4156 ἑαυτῶν
1609 4103 1841 4156 τελεσάν-

1996 4103 2161 4158 rdinc
2177 4102 2424 4174 praditi,
2449 4102 2818 4174 baptismum
2841 4120 3145 4160 manusua
3160 4105 3610 4161 administrave-

237 4214 360 4260 των,
420 4199 648 4247 τοιοῦτον
703 4213 756 4245 τι
813 4195 1059 4268 ὥρισται.
1116 4193 1206 4255 Ὠς
1265 4193 1310 4245 εἰ
1366 4197 1456 4266 μὲν
1510 4194 1558 4244 ἐν
1606 4191 1842 4266 ἐλευθέρᾳ

1994 4196 2110 4259 unt,
2133 4191 2243 4247 hoc
2269 4191 2580 4248 deﬁnitum
2608 4191 2738 4248 fuit.
2788 4192 3092 4265 Siquidem
3127 4193 3186 4248 hi
3212 4192 3400 4249 libera
3429 4194 3490 4249 in
3523 4209 3608 4250 re-

237 4292 305 4357 γῇ
341 4288 428 4336 καὶ
478 4290 809 4356 Χριστιανῶν
867 4282 1143 4358 παρρησίᾳ
1194 4284 1362 4356 ἱερέων
1393 4301 1445 4334 τε
1479 4281 1714 4356 εὐπορίᾳ,
1749 4290 1840 4334 τοῦ

1991 4281 2127 4338 ioue
2140 4287 2192 4336 et
2209 4281 2540 4338 Christiana
2562 4297 2704 4353 pace
2721 4282 3220 4354 sacerdotumque
3235 4283 3426 4355 copia.
3445 4283 3496 4356 ej
3511 4299 3605 4338 us-

237 4376 477 4426 τοιούτου
555 4370 946 4444 κατετόλμησαν
1031 4369 1438 4445 ἐγχειρήματος,
1515 4380 1613 4426 τῶν
1697 4373 1840 4446 ἱερῶν

1992 4371 2116 4430 ιοόί
2131 4371 2284 4427 actui
2300 4387 2551 4427 manum
2569 4369 2642 4426 ad
2655 4388 2892 4428 movere
2907 4374 3040 4427 ausi
3055 4371 3606 4440 fuerint,sacrarum

239 4459 642 4534 διακοσμῇ-τεῶν
697 4479 750 4512 τε
803 4465 893 4512 καὶ
947 4465 1340 4535 προχειρὴσεων
1387 4463 1474 4513 τὸν
1526 4463 1713 4534 θεσμόν
1771 4462 1840 4524 εἰς

1993 4461 2440 4517 onstitutionum
2497 4475 2567 4516 ac
2615 4461 3079 4517 ministeriorum
3106 4461 3299 4532 legem
3328 4462 3498 4518 ﬂocci
3522 4462 3607 4518 fo-

238 4551 429 4624 φαῦλον
473 4554 746 4622 τιθέμενοι,
803 4548 993 4622 μᾶλλον
1048 4546 1107 4601 δὲ
1175 4549 1425 4622 ἀλαζονία
1454 4548 1838 4624 ἐμπορευσάμε·

1987 4550 2194 4615 ientes,
2227 4549 2349 4604 imo
2381 4564 2524 4605 vero
2551 4549 2828 4620 superbia
2857 4566 2967 4605 sua
2996 4550 3131 4607 elati
3166 4567 3180 4618 ;
3211 4551 3292 4619 hi,
3325 4551 3601 4623 inquam,

235 4659 335 4704 νοι,
414 4635 649 4714 σφοδρῶς
715 4637 1102 4710 ἐπιτιμηθέντες
1159 4639 1284 4712 ὑπὲρ
1342 4647 1441 4691 τῶν
1500 4637 1605 4699 ἢδη
1673 4640 1842 4714 πλημ-

1991 4653 2155 4696 evere
2182 4637 2472 4710 increpiti,
2491 4637 2570 4693 ob
2602 4638 2663 4693 id
2686 4637 2852 4710 quod
2869 4638 3168 4695 hactenus
3187 4645 3605 4712 perpetrarunt

236 4730 576 4802 μιληθέντων,
640 4733 730 4781 καὶ
796 4736 888 4788 τῆς
957 4730 1088 4799 μετὰ
1159 4735 1326 4780 ταῦτα
1405 4731 1667 4800 ἱερατικῆς
1712 4750 1844 4802 προ-

2013 4744 2180 4784 sacro
2207 4727 2389 4783 etiam
2420 4726 2692 4797 posthinc
2719 4726 3048 4782 ministerio
3079 4727 3158 4781 ob
3197 4727 3353 4782 hanc
3383 4743 3602 4784 noxam

235 4823 530 4890 χειρήσιως
569 4814 646 4870 δι’
686 4817 809 4870 αὑτὸ
833 4835 892 4887 γε
923 4824 1074 4868 τοῦτο
1123 4814 1578 4891 ἁπειρχθὴσονται
1605 4832 1618 4847 °
1663 4820 1712 4870 οἱ
1737 4821 1836 4890 γὰρ

1991 4818 2357 4872 xcludantur.
2378 4818 2525 4871 Nam
2559 4815 2864 4888 quidivini
2893 4815 3410 4887 Spiritusgratiam
3440 4833 3605 4872 usur-

233 4911 328 4966 τήν
385 4913 478 4959 τοῦ
529 4909 666 4959 θείου
718 4909 1017 4978 Πνιύματος
1086 4907 1248 4981 χάριν
1304 4907 1640 4966 ἁποσυλῆσαι
1697 4908 1842 4965 θελή-

1988 4923 2094 4962 ιιιτθ
2121 4906 2454 4970 voluerunt,
2474 4904 2710 4976 sibique
2736 4904 3024 4958 honorem
3044 4903 3274 4976 absque
3301 4905 3396 4960 Dei
3421 4921 3602 4962 voca-

237 5015 440 5060 σαντες,
485 5001 575 5047 καὶ
626 4995 830 5056 ἑαυτοῖς
869 4999 961 5053 τὴν
1018 4999 1196 5066 τιμὴν,
1247 4994 1352 5046 ἀλλ’
1407 4995 1512 5068 οὐχ
1549 4997 1649 5049 ὑπὸ
1707 5004 1839 5050 Θεοῦ

1986 4999 2108 5050 ione
2133 4995 2454 5060 vindicare,
2484 4993 2656 5048 veluti
2676 4992 2893 5047 divina
2916 4994 3119 5062 gratia
3138 4999 3600 5067 contemptores,

232 5085 542 5159 καλούμενοι
569 5083 959 5159 ἐπιτρέψαντες,
995 5087 1062 5146 ὡς
1110 5093 1206 5147 τῆς
1259 5087 1393 5146 θείας
1425 5088 1642 5159 χάριτος
1680 5107 1839 5139 κατα-

1995 5099 2064 5139 ac
2095 5083 2232 5155 ipsa
2255 5089 2441 5138 semet
2467 5082 2848 5138 orbaverunt.
2885 5081 3076 5146 Quam
3099 5082 3260 5138 enim
3289 5088 3426 5139 ante
3457 5084 3605 5139 acci-

307 5335 389 5410 (ί)
417 5335 588 5410 ξερυᾴ
621 5335 1042 5410 Leunclavium
1071 5334 1152 5392 De
1171 5337 1302 5403 jur.
1337 5337 1440 5392 Gr.
1477 5338 1635 5394 Rom.
1661 5353 1722 5410 p.
1748 5336 1836 5392 88.
2024 5335 2100 5407 (6)
2132 5331 2875 5410 Intelligepatriarchalem
2905 5333 3226 5410 synodum,
3259 5334 3608 5410 cujusmodi

309 5405 388 5478 (2)
422 5405 600 5465 Hard.
637 5407 856 5464 Concil.
885 5411 908 5461 t
959 5409 1021 5473 V,
1053 5425 1111 5476 p.
1145 5411 1267 5462 929.
1661 5405 1682 5410 '
1950 5405 2738 5478 permultaslegimusapud
2765 5405 3258 5478 Leuinclaviumin
3281 5405 3606 5463 canonico-

305 5475 384 5551 (3)
429 5480 606 5535 Colet.
637 5482 816 5535 Conc.
859 5483 898 5534 t.
925 5475 1084 5548 XVII,
1125 5493 1182 5551 p.
1217 5478 1340 5535 374.
1949 5475 2084 5551 rum
2107 5493 2530 5551 responsorum
2551 5475 2840 5551 libris._De
2871 5477 3064 5551 Leone
3082 5482 3285 5535 autem
3312 5477 3605 5551 Calabria

304 5547 385 5631 (ᾖ)
419 5552 569 5631 ίΓςιιῐι
603 5551 779 5631 1X,_p.
809 5553 933 5608 324.
1068 5547 1074 5548 “
1127 5547 1144 5551 “
1951 5548 2164 5631 Italica
2193 5547 2649 5631 archiepiscopi,
2683 5547 2761 5631 ad
2785 5562 2973 5631 quem
2985 5549 3119 5631 hac
3142 5566 3442 5624 responsa
3467 5550 3608 5607 scri-

309 5566 360 5621 μ
425 5566 569 5607 Tom
603 5566 690 5616 UL,
766 5589 779 5606 .
809 5566 933 5608 324-.
1951 5566 2164 5630 [rauca
2193 5566 2649 5631 arcnlepiscopl,
2683 5566 2761 5604 aa
2785 5566 2970 5621 quem
2991 5566 3114 5607 nae

309 5566 388 5696 (ὃ)
419 5621 549 5681 Lib.
576 5637 653 5680 vi.
687 5566 773 5680 ig.
1948 5619 2040 5678 bit
2067 5618 2330 5689 Photius,
2357 5620 2482 5678 dixi
2509 5635 2694 5696 supra
2721 5621 2786 5678 in
2808 5620 3052 5680 Manilo.
3112 5669 3114 5672 .
