4088 6214
503 277 606 334 775
1738 269 1972 331 PHOTlI
2013 277 2135 330 PA'I

2251 267 2478 331 lRCH/E
2511 269 2598 330 ΟΡ
2611 321 2624 332 .
3775 269 3877 334 776

500 401 786 475 piendum
811 399 1465 474 spreverunt,eamdem
1495 398 1725 455 etiamsi
1754 404 1959 470 postea
1988 414 2135 456 acce

2265 403 2535 474 φρονηταὶ,
2617 401 2810 461 ταύτης
2887 400 3108 463 ἑαυτοὺς
3191 399 3554 474 ἀπεστέρησαν
3586 423 3600 434 ·
3661 398 3731 452 ὧν
3781 404 3874 474 γὰρ

497 492 715 564 perint,
743 493 1050 564 aspernari
1083 507 1202 547 non
1230 491 1606 546 dubitabunt.
1637 491 1769 545 iam
1795 505 1898 544 eos
1932 490 2031 560 qui
2074 490 2135 544 al

2265 493 2364 563 πρὸ
2424 499 2516 543 του
2571 489 2742 542 λαϐεῖν
2801 498 3211 567 κατεφρόνησαν,
3267 493 3461 544 τούτων
3504 497 3597 543 καὶ
3657 494 3797 563 μετὰ
3827 496 3878 544 τό

495 582 641 655 ipsis
655 582 934 654 baptizati
953 580 1208 644 fuerunt,
1227 594 1605 651 nequaquam
1637 578 1882 651 Spiritus
1901 579 2135 649 gratian

2264 579 2438 632 λαϐεῖν
2499 579 2708 642 εἰκότως
2783 589 3178 654 καταφρονῆσαι
3245 581 3302 633 ού
3370 587 3812 654 παραιτήσονται
3867 622 3880 634 .

497 672 793 744 recepisse
824 684 1366 740 censemuszquare
1383 683 1488 723 eos
1514 673 1570 723 et
1599 683 1759 740 aqua
1777 667 2070 740 baptizari
2101 675 2158 724 et

500 767 707 818 sancto
724 761 1038 816 chrismate
1067 761 1394 829 ungiatque
1422 758 1502 812 ita
1527 758 1863 813 consecrari
1889 758 2158 812 decerni-

500 853 1015 920 mus.Nempecum
1029 864 1118 902 res
1131 845 1424 917 ejusmodi
1441 847 1831 918 contemptim
1846 847 2156 916 etindigne

496 945 670 996 antea
692 944 930 1011 peracta
951 937 1141 1005 fuerit,
1166 936 1464 1008 sequimur
1488 935 1850 1008 apostolicos
1866 951 2151 1003 canones,

494 1029 596 1102 qui
627 1043 989 1099 magnopere
1017 1026 1355 1097 objurgant,
1389 1025 1433 1079 si
1461 1025 1595 1097 quis
1626 1025 1870 1080 minime
1898 1025 2155 1097 baptiza-

492 1118 642 1174 verit
663 1134 780 1182 eos,
806 1115 909 1189 qui
936 1117 1013 1171 ab
1041 1115 1242 1187 impiis
1267 1115 1640 1186 baptismum
1660 1117 2010 1186 receperint,
2041 1130 2152 1170 ceu

491 1207 595 1280 qui
618 1206 801 1262 falsos
827 1223 864 1262 a
894 1204 1044 1262 veris
1067 1204 1479 1260 sacerdotibus
1503 1219 1626 1261 non
1647 1204 2052 1259 discreverint.
2084 1208 2154 1259 At

491 1297 652 1352 enim
675 1295 724 1350 si
742 1295 846 1368 qui
871 1296 930 1350 in
955 1294 1269 1350 barbarica
1286 1292 1512 1348 ditione
1536 1295 1848 1363 degentes,
1872 1294 1933 1350 in
1961 1309 2153 1349 sacer-

489 1384 696 1440 dotum
711 1385 942 1440 defectu
958 1383 1317 1452 baptismum
1331 1382 2153 1449 administraverint,meretur

489 1475 725 1530 veniam
758 1472 1119 1537 necessitas;
1154 1487 1228 1527 ne
1260 1471 1548 1536 videlicet,
1574 1471 1913 1544 tyrannidis
1939 1487 2148 1542 causa,

488 1564 664 1620 vacui
685 1563 873 1632 gratia
895 1563 1274 1617 dimittantur
1305 1560 1342 1615 ii
1363 1561 1467 1632 qui
1498 1561 1595 1617 illa
1625 1562 1797 1633 potiri
1816 1560 2148 1633 postulant.

491 1655 684 1719 Quare
731 1653 1004 1708 homines
1031 1650 1133 1722 qui
1193 1650 1648 1721 baptizaverunt
1701 1649 1934 1706 etiamsi
1979 1665 2150 1706 sacro

489 1743 699 1798 ordine
729 1756 848 1796 non
879 1739 1145 1810 insigniti
1177 1739 1443 1809 fuissent,
1469 1739 1697 1809 judicio
1725 1739 2135 1811 vindicisubji-

2259 1737 2625 1813 ἐπιδεομένους
2681 1740 3082 1816 ἀποστραφῆναι
3117 1762 3129 1774 ·

489 1846 620 1887 cere
687 1831 882 1885 visum
941 1845 1062 1884 non
1119 1832 1222 1883 est.
1288 1828 1617 1899 Baptizatos
1674 1833 1875 1884 autem
1934 1829 2135 1884 iterum

2258 1828 2352 1880 κᾶν
2404 1831 2524 1882 ἄνευ
2585 1835 2935 1904 χειροτονίας,
3003 1829 3221 1903 ἐπιτίμῳ
3301 1835 3474 1904 κρίσει
3534 1830 3632 1882 οὐκ
3698 1827 3877 1892 ἔδοξεν

487 1919 806 1976 chrismate
838 1919 978 1990 ungi
1006 1917 1252 1972 omnino
1273 1915 1619 1980 deﬁnimus,
1653 1917 1887 1972 etiamsi
1921 1934 1957 1974 a
1987 1935 2113 1990 prae
2133 1945 2150 1960 -

487 2009 660 2064 dictis
689 2008 846 2064 uncti
879 2007 1095 2062 fuerint
1135 2023 1146 2060 :
1176 2010 1353 2077 atque
1401 2005 1479 2060 ita
1506 2021 1751 2077 prorsus
1794 2005 1998 2063 divino
2042 2023 2148 2063 un-

487 2103 706 2169 guento
754 2096 1088 2152 consecrari
1129 2095 1186 2150 in
1239 2096 1574 2165 septenario
1629 2093 1862 2151 dierum
1915 2097 2144 2168 spatio:

487 2185 1006 2259 caeteroquiilllum
1021 2185 1449 2256 baptismum,q
1459 2183 1514 2239 ui
1531 2191 1778 2253 urgente
1798 2186 2148 2243 necessitate

486 2276 853 2332 ministratus
878 2275 1090 2338 fuerat,
1119 2288 1240 2328 non
1269 2272 1588 2344 antiquari.
1607 2273 1720 2329 Etsi
1753 2274 1913 2329 enim
1931 2275 1980 2329 is
2000 2275 2148 2330 ritus

485 2363 862 2438 imperfectus
905 2368 1050 2430 erat,
1095 2367 1294 2418 tamen
1321 2360 1614 2416 Trinitatis
1644 2361 2039 2428 invocatione,
2093 2369 2151 2422 et

486 2457 585 2526 pio
615 2452 1024 2510 invocantium
1046 2450 1186 2517 ﬁne,
1206 2455 1262 2505 et
1281 2449 1694 2521 recipientium
1711 2450 1850 2516 ﬁde,
1872 2453 2013 2507 satis
2042 2453 2148 2510 ho-

487 2549 735 2598 noratus
775 2541 900 2596 fuit.
938 2542 1131 2606 Quare
1162 2555 1270 2594 nec
1300 2539 1507 2594 iterum
1541 2555 1702 2610 aqua
1725 2539 2013 2611 baptizari
2043 2559 2147 2599 eos

483 2632 588 2704 qui
619 2629 896 2702 baptizati
945 2630 1204 2696 fuerant,
1236 2627 1635 2693 decernimus,
1666 2645 1742 2684 ne
1782 2631 2004 2686 scilicet
2055 2648 2148 2688 re-

482 2719 786 2792 baptizare
817 2719 1146 2774 videamur.
1178 2718 1332 2772 Nam
1375 2721 1434 2772 et
1486 2718 1816 2789 petentium
1869 2719 2037 2785 ﬁdes,
2090 2728 2146 2779 et

483 2808 828 2866 initiantium
846 2809 1077 2880 pietatis
1091 2806 1430 2876 studium,et
1445 2807 1771 2878 tyrannicae
1783 2810 2143 2866 auctoritatis

483 2903 946 2970 contemptus,et
973 2895 1447 2967 impendentium
1475 2896 1868 2967 periculorum
1902 2904 2144 2970 propter

484 2987 778 3043 Christum
827 2985 1151 3055 neglectus,
1189 3000 1298 3040 nec
1329 2990 1534 3041 sancto
1565 2985 1787 3057 Spiritu
1835 2992 2138 3057 expertem

481 3092 590 3132 nec
603 3075 910 3148 profanum
929 3073 1204 3129 videntur
1217 3073 1406 3129 sinere
1426 3079 1724 3145 peractum
1744 3074 2135 3147 baptismum.

2251 3086 2344 3130 τῶν
2388 3078 2750 3153 ἐπηρτημένων
2803 3076 3054 3132 κινδύνων
3115 3076 3208 3130 διὰ
3259 3082 3485 3152 Χριστόν
3533 3083 3870 3152 καταφρόνηο

481 3165 690 3222 Multos
719 3168 879 3222 enim
913 3164 1243 3236 antiquitus
1285 3162 1540 3219 Ecclesia
1581 3164 1680 3219 Dei
1724 3165 2135 3238 comprobavit

2251 3186 2350 3232 σις,
2385 3167 2478 3219 οὐκ
2504 3165 2720 3241 ἄμοιρον
2740 3177 2830 3220 τοῦ
2863 3168 3017 3240 ἁγίου
3067 3171 3363 3240 Πνεύματος
3413 3164 3530 3220 οὐδ’
3566 3166 3775 3240 ἀνίερον
3806 3172 3864 3221 τὸ

478 3255 830 3328 baptismus,
865 3261 1102 3327 propter
1134 3261 1471 3326 temporum
1501 3257 1560 3308 et
1584 3252 1852 3310 locorum
1880 3255 2135 3311 necessi-

2251 3256 2475 3309 τελεσθὲν
2529 3255 2812 3330 βάπτισμα
2860 3254 3080 3310 δοκοῦσι
3136 3257 3436 3309 καταλιπεῖν
3467 3274 3478 3286 ’
3541 3256 3711 3309 πολλὰ
3756 3261 3864 3330 γὰρ

480 3350 661 3400 tatem
677 3362 778 3399 ceu
795 3361 927 3399 com
940 3344 1112 3398 mode
1125 3344 1197 3398 ad
1210 3343 1676 3398 ininistratos.De
1690 3343 1804 3399 hoc
1822 3344 2130 3399 hactenus.

2251 3344 2484 3398 ἀνέκαθεν
2528 3350 2670 3421 παρὰ
2727 3354 2787 3419 τῇ
2839 3354 2931 3399 τοῦ
2977 3354 3111 3399 Θεοῦ
3159 3345 3446 3417 Ἐκκλησία
3503 3349 3862 3420 συνεχωρήθη

481 3431 844 3506 βαπτίσματα,
878 3429 971 3485 διὰ
999 3440 1190 3504 καιρῶν
1209 3436 1298 3484 καὶ
1329 3437 1496 3484 τόπων
1525 3431 1753 3502 ἀνάγκην
1777 3438 2064 3506 χρησίμως
2096 3430 2500 3508 ἀποδειχθέντα.
2539 3441 2638 3488 Καὶ
2670 3441 2788 3508 περὶ
2819 3438 2908 3509 μὲν
2934 3439 3121 3489 τούτου
3161 3443 3414 3489 τοσαῦτα.

2265 674 2386 731 τοὺς
2413 666 2472 722 δέ
2502 689 2562 741 γε
2596 671 2721 745 παρ’
2751 671 2919 722 αὐτῶν
2977 669 3386 743 βαπτισθέντας,
3433 667 3685 742 οὐδαμῶς
3719 667 3876 733 δεξα·

2265 763 2447 829 μένους
2479 762 2772 832 Πνεύματος
2805 761 2966 834 χάριν
2999 761 3270 832 ἡγούμεθα
3306 781 3320 793 ·
3349 756 3422 812 δι’
3452 760 3478 812 ὃ
3511 765 3604 811 καὶ
3638 758 3690 810 ἐν
3723 757 3884 812 ὕδατι

2266 845 2650 916 βαπτισθῆναι,
2731 853 2821 900 καὶ
2884 857 2954 919 τῷ
3012 848 3146 920 ἁγίῳ
3209 851 3354 924 μύρῳ
3413 850 3747 923 χρισθῆναε,
3799 855 3885 902 καὶ

2264 935 2396 987 οὕτω
2453 936 2782 996 τελειωθῆναι
2829 933 3173 1011 διοριζόμεθα

2261 1034 2648 1099 ταφρονητικῶς
2706 1046 2760 1079 τε
2830 1031 2922 1078 καὶ
2984 1025 3200 1089 ἀναξίως
3261 1023 3702 1100 προδιεπράχθη,
3767 1027 3888 1080 ἐπό-

2261 1135 2404 1188 μενοι
2459 1124 2569 1178 τοῖς
2627 1114 2996 1177 ἁποσηλικοίς
3051 1121 3236 1169 κανόσι
3293 1114 3538 1189 σφοδρῶς
3589 1116 3886 1190 ἐπιτιμῶσι

2260 1208 2379 1266 τοὺς
2440 1209 2512 1276 μὴ
2577 1203 2937 1276 βαπτίζοντας
2979 1209 3100 1268 τοὺς
3151 1207 3268 1258 ὅσοι
3319 1208 3461 1280 παρὰ
3516 1215 3619 1259 τῶν
3679 1206 3887 1260 ἀσεϐῶν

2261 1290 2500 1356 ἐδέξαντο
2547 1292 2854 1366 βάπτισμα,
2889 1297 2953 1355 ὡς
2982 1299 3054 1367 μὴ
3107 1291 3480 1368 διακρίναντας
3513 1297 3678 1370 ἱερέας
3716 1292 3884 1366 ψευδ-

2263 1388 2430 1456 ιερέων
2659 1384 2718 1437 Εἰ
2768 1380 2816 1435 δ’
2875 1383 2923 1436 ἐν
2975 1383 3276 1460 βαρϐαρικῆ
3323 1403 3452 1445 τινες
3502 1392 3884 1458 παροικοῦντες

2260 1472 2562 1545 ἐπικρατείᾳ
2614 1478 2704 1525 καὶ
2755 1475 2922 1546 ἱερέων
2973 1473 3332 1539 ἐπιλιπόντων,
3394 1472 3684 1546 βάπτισμα
3746 1475 3884 1548 ἱερὸν

2259 1560 2576 1627 ἐπετέλεσαν,
2625 1568 2906 1634 συγγνώμη
2964 1570 3026 1635 τῇ
3090 1560 3312 1635 ἀνάγκη,
3371 1568 3462 1614 καὶ
3506 1566 3564 1616 τὸ
3613 1567 3689 1635 μὴ
3727 1562 3884 1632 027513-

2261 1670 2414 1712 στους
2471 1660 2564 1714 τῆς
2621 1653 2850 1723 χάριτος
2899 1647 2992 1704 διὰ
3033 1656 3126 1709 τήν
3183 1648 3472 1726 τυραννίδα
3512 1655 3631 1712 τοὺς
3677 1655 3879 1709 ταύτην

3175 1737 3261 1793 διὸ
3309 1745 3426 1802 τοὺς
3475 1739 3879 1813 βαπτίσαντας,

3232 955 3244 967 ο
3289 939 3384 988 κᾶν
3415 957 3467 990 τι
3522 945 3768 990 τοιοῦτον
3800 959 3886 990 κα-

2259 1921 2383 1989 ημῖν
2431 1917 2807 1972 καθυποϐαλεῐν
2848 1940 2861 1952 ·
2904 1923 3026 1981 τοὺς
3080 1917 3139 1971 δέ
3189 1938 3249 1990 γε
3288 1917 3704 1990 βαπτισθέντας,
3751 1919 3872 1971 ἁνα-

2257 2011 2582 2082 μυρισθῆναι
2631 2012 2720 2081 μεν
2794 2010 2995 2071 πάντως
3068 2005 3439 2082 διοριζόμεθας
3493 2008 3588 2061 κᾶν
3645 2009 3690 2061 εἰ
3748 2009 3877 2083 παρ’

2260 2099 2425 2150 αὐτῶν
2459 2099 2818 2171 ἐμυρίσθησαν
2859 2100 2939 2169 (8)
2983 2117 2995 2130 ·
3025 2103 3114 2150 καὶ
3151 2098 3284 2150 οὕτω
3325 2094 3417 2150 διὰ
3463 2105 3556 2159 τῆς
3600 2105 3694 2150 τοῦ
3729 2100 3872 2150 θείου

2259 2189 2427 2262 μύρου
2479 2187 2620 2250 ἅπαξ
2665 2192 2900 2261 χρίσεως
2952 2185 3000 2238 ἐν
3040 2186 3170 2240 ἐπτὰ
3207 2189 3421 2260 ἡμέραις
3459 2187 3542 2258 (9)
3593 2187 3874 2245 τελειωθῆ-

2259 2297 2341 2328 ναι
2371 2297 2382 2310 ο
2417 2276 2475 2328 ού
2497 2281 2602 2349 μὴν
2643 2273 2700 2329 δὲ
2731 2281 2789 2329 τό
2841 2278 2979 2337 ὅπως
3009 2273 3096 2328 οὖν
3125 2281 3334 2348 γεγονὸς
3389 2273 3481 2328 διὰ
3508 2281 3602 2335 τὴν
3637 2276 3869 2348 ἀνάγκην

2261 2363 2542 2438 βάπτισμα
2598 2371 2668 2438 μὴ
2713 2367 3132 2441 συγχωρηθῆναι
3166 2385 3178 2398 ·
3215 2364 3310 2417 κᾶν
3347 2369 3450 2438 γὰρ
3501 2363 3677 2428 ἀτελὲς
3725 2366 3868 2437 (10),

2259 2456 2398 2527 ὅμως
2453 2464 2512 2527 τῇ
2571 2455 2841 2514 ἐπικλήσει
2915 2463 3008 2518 τῆς
3075 2460 3335 2526 παναγίας
3373 2451 3602 2530 Τριοίδος
3647 2460 3737 2506 καὶ
3797 2464 3868 2524 τῷ

2256 2553 2425 2615 πιστῷ
2483 2554 2662 2615 σκοπῷ
2705 2554 2800 2596 τῶν
2849 2543 3279 2616 ἐπικαλουμένων,
3326 2552 3388 2616 τῇ
3445 2563 3497 2596 τε
3549 2550 3728 2597 πίστει
3767 2553 3866 2596 τῶν

2257 2629 2660 2705 ὑποδεχομένων
2693 2639 2969 2704 τετίμηται
3000 2651 3012 2662 ·
3040 2630 3114 2686 δι’
3137 2635 3163 2685 ὅ
3181 2630 3304 2686 οὐδὲ
3327 2633 3544 2706 ἔμπαλιν
3591 2631 3869 2705 βαπτίσαι

2255 2731 2326 2792 τῷ
2353 2719 2512 2774 ὕδατι
2551 2726 2672 2784 τούς
2699 2721 3082 2795 βαπτισθέντας
3113 2723 3290 2797 ὁρίζω,
3347 2725 3432 2774 ἶνα
3460 2726 3531 2794 μή
3579 2721 3869 2774 ἁναϐαπτί-

2255 2831 2345 2862 σαι
2376 2807 2606 2884 δόξωμεν
2640 2827 2654 2841 ⁶
2690 2814 2719 2871 ἦ
2749 2831 2800 2864 τε
2829 2814 2928 2883 γὰρ
2960 2821 3059 2864 τῶν
3094 2811 3406 2883 αἰτουμένων
3461 2815 3666 2876 πίστις,
3717 2817 3816 2863 καὶ
3840 2813 3865 2862 ό

2253 2908 2350 2951 τῶν
2375 2899 2651 2953 τελούντων
2699 2907 2815 2974 περὶ
2864 2905 2957 2959 τὴν
2997 2899 3258 2953 εὐσέϐειαν
3294 2896 3585 2962 σπουδαῖος
3615 2906 3819 2962 σκοπός
3851 2921 3866 2934 ·

2251 2992 2281 3048 ἧ
2317 3008 2369 3041 τε
2425 2998 2516 3050 τῆς
2576 2998 2888 3065 τυραννικῆς
2942 2990 3264 3064 ἐπικρατείας
3323 2994 3644 3064 παρόρασις,
3705 2995 3799 3042 καὶ
3833 2993 3864 3048 ἡ

2049 3613 2090 3666 Ν
2098 3611 2278 3669 OTIE.

550 3791 627 3865 (7)
655 3790 861 3865 Canon
882 3793 969 3846 est
993 3789 1142 3844 inter
1158 3787 1335 3865 vulgo
1347 3787 1711 3865 apostolicos
1740 3787 2128 3865 quadragesi-

477 3859 619 3920 mus
639 3862 932 3934 septimus
964 3877 1154 3932 ;quos
1168 3864 1298 3934 sine
1326 3859 1510 3934 dubio
1536 3859 1812 3916 tribuisse
1839 3859 2126 3932 apostolis

478 3932 820 3993 auctoribus
863 3934 1138 3988 Pbotium
1182 3933 1312 4006 jam
1369 3932 1620 3987 vidimus
1669 3947 1726 4004 p.
1793 3933 1911 4006 “5.
1953 3935 2128 4006 Atqui

474 4008 794 4079 nemojam
811 4023 904 4061 am
915 4006 1224 4079 bigit,quin
1246 4007 1300 4059 hi
1325 4005 1936 4079 canonesauctoritate
1949 4005 2127 4076 atque

473 4087 644 4136 (etate
665 4074 999 4150 apostolica
1029 4074 1268 4132 careant
1296 4099 1306 4150 ;
1342 4083 1398 4130 et
1423 4076 1666 4150 quidem
1689 4074 1869 4150 etiam
1887 4074 2128 4150 propter

473 4147 730 4213 errores,
745 4166 898 4222 quos
915 4150 1232 4222 continent,
1257 4149 1412 4203 circa
1431 4148 1820 4222 baptismum.
1844 4147 2128 4222 Chrysos-

471 4226 616 4280 tomi
639 4218 809 4278 etiam
829 4224 914 4292 (ut
938 4231 994 4276 et
1008 4221 1123 4275 hoc
1140 4220 1327 4274 obiter
1355 4218 1569 4292 notem)
1588 4219 1804 4292 scripta
1823 4218 2126 4292 complura

2239 3791 2639 3864 quamobrem
2665 3791 2761 3847 hic
2795 3807 3037 3864 parcere
3059 3790 3256 3846 verbis
3293 3790 3445 3847 licet.

2310 3864 2388 3936 (8)
2413 3864 2705 3919 Arcudius
2731 3879 2865 3934 cap.
2899 3868 2931 3920 4
2955 3863 3029 3919 de
3060 3878 3513 3934 neogrmcorum
3543 3864 3852 3920 erroribus

2239 3949 2422 4006 agens
2437 3936 2532 3994 ait:
2542 3937 2982 3991 Sarramentum
2995 3936 3389 4004 conﬁrmation
3398 3937 3444 3990 is
3457 3949 3550 4005 (eq
3560 3952 3628 3992 ue
3638 3953 3708 3992 ac
3721 3937 3853 4006 bap-

2240 4005 2470 4061 tismum
2497 4009 2673 4062 semet
2704 4006 3036 4063 exhibitum
3066 4005 3523 4062 veteresiterare
3543 4009 3721 4074 nefas
3734 4005 3853 4064 esSe

2237 4077 2881 4144 ducebant;recentes,si
2893 4095 3000 4133 non
3014 4078 3567 4142 iterarint,canones
3582 4080 3851 4134 concilio.

2236 4164 2369 4204 rum
2401 4149 2650 4205 tiotasse
2667 4152 3028 4206 existimant.
3057 4149 3351 4204 Blastares
3376 4151 3538 4219 apud
3561 4153 3847 4206 eumdem

2234 4221 2449 4275 Arcud.
2479 4236 2611 4292 cap.
2646 4225 2708 4275 i2
2731 4237 2976 4292 prorsus
3005 4236 3144 4276 cum
3175 4219 3382 4275 Photio
3414 4221 3728 4291 conspirat
3755 4222 3846 4275 di-

473 4295 678 4367 spuria
706 4289 1001 4348 recensuit
1048 4293 1196 4367 inter
1226 4291 1487 4367 genuina
1515 4291 1758 4344 Photius
1787 4289 2124 4367 haud'satis
2157 4289 2201 4342 D
2233 4307 2375 4367 cens
2392 4308 2512 4347 non
2531 4289 2656 4347 esse
2675 4289 3309 4367 rebaptizandumﬁed
3330 4301 3516 4367 tamen
3535 4289 3848 4367 confirma-

470 4361 588 4422 h'ac
619 4367 674 4419 in
695 4381 758 4420 re
784 4370 995 4419 acutus
1021 4363 1278 4428 criticus,
1309 4361 1515 4417 fraude
1532 4377 1652 4416 non
1671 4363 1893 4430 agnita,
1921 4363 2001 4418 uti
2018 4380 2123 4418 nos

471 4439 744 4495 admonet
758 4434 1236 4507 Montfauconius
1251 4434 1646 4504 Chrysostomi
1662 4433 1936 4500 editor,in
1953 4435 2119 4507 praef.

470 4512 605 4567 Jam
628 4525 701 4566 ne
727 4511 1012 4565 miremur
1033 4505 1305 4560 Pbotium
1342 4511 1670 4574 tantopere,
1703 4509 1761 4559 et
1787 4505 2000 4574 praeter
2031 4523 2121 4562 ve.

467 4600 599 4639 ram
621 4582 1000 4645 sententiam,
1031 4591 1236 4646 urgere
1260 4581 1325 4631 ut
1351 4575 1684 4647 baptismus
1708 4593 1741 4630 a
1763 4575 1916 4631 lairo
1946 4576 2119 4632 colla-

468 4659 585 4720 tus,
600 4653 924 4728 aliquando
939 4650 1143 4728 saltem
1159 4647 1450 4728 habeatur
1460 4648 2120 4728 invalifius,audi_endus

469 4719 575 4781 est
612 4719 848 4782 Graecus
891 4721 1184 4779 Arcudius
1215 4720 1289 4774 de
1328 4719 1494 4790 bapt.
1529 4719 1585 4772 ii
1623 4719 1826 4774 dicens
1861 4736 1872 4774 :
1915 4720 2118 4777 Totam

467 4798 655 4866 ferme
675 4798 978 4855 Graeciam.
1013 4792 1284 4866 Russiqm
1303 4832 1315 4854 ,
1345 4790 1780 4866 Moseoviammt
1809 4792 1961 4847 alias
1985 4807 2120 4866 pro-

469 4863 706 4931 vincias,
726 4886 847 4940 qua:
864 4870 919 4922 in
932 4867 1050 4935 ﬁde
1063 4864 1287 4921 Christi
1302 4863 1423 4940 ritu
1438 4864 1626 4940 Grieco
1636 4871 2004 4940 perseverant
2014 4904 2027 4926 ,
2055 4864 2118 4918 in

469 4953 533 4994 eo
552 4935 778 4994 versari
801 4954 1001 4996 errore
1017 4955 1088 4993 ac
1107 4937 1406 5004 scrupulo,
1425 4943 1488 4989 ut
1514 4935 1746 4991 absente
1773 4935 2118 5004 presbytero

470 5008 670 5063 malint
696 5011 1104 5078 permitterent
1121 5009 1376 5078 infantes
1396 5007 1518 5062 sine
1537 5005 1823 5072 baptismo
1841 5022 1870 5062 e
1890 5007 2010 5062 vita
2026 5007 2120 5062 de-

469 5079 881 5152 cedant,quam
902 5097 993 5136 eos
1007 5083 1260 5136 salutari
1273 5082 1512 5152 lavacro
1529 5078 1958 5152 abluere,qi_tod
1969 5081 2119 5152 exis-

471 5151 679 5207 timent
700 5149 808 5206 sibi
839 5152 1005 5207 laicis
1030 5151 1170 5207 nein
1187 5151 1524 5222 necessitate
1553 5151 1789 5222 quidem
1823 5149 1996 5206 licere
2009 5150 2118 5206 hoc

465 5237 712 5279 munere
732 5223 926 5292 fungi.
964 5222 1149 5277 Photii
1181 5221 1474 5278 sententia
1497 5221 1620 5276 sine
1644 5221 1826 5276 dubio
1865 5221 2119 5276 innotuit

465 5293 742 5362 Arcudio,
770 5311 804 5349 a
825 5309 945 5365 quo
963 5309 1088 5364 cap.
1117 5294 1212 5350 cit.
1236 5297 1386 5350 inter
1415 5294 1841 5364 rebaptizanles
1881 5294 2120 5364 ponitur

465 5365 709 5424 Photius
739 5365 1088 5436 coryphaeus
1109 5365 1470 5430 schismatis,
1495 5365 1700 5435 lingua
1723 5365 2118 5430 etcalamo,ut

466 5439 570 5509 ait,
601 5439 680 5495 ad
719 5435 1136 5509 lacessendum
1163 5436 1345 5494 homo
1369 5436 1871 5509 promptissimus.
1899 5436 2117 5508 Hujus-

465 5507 628 5569 modi
654 5510 774 5568 fere
799 5523 1084 5582 errorem,
1109 5507 1238 5582 jam
1266 5507 1406 5564 inde
1431 5525 1468 5566 a
1497 5507 1854 5582 cyprianicis
1885 5507 2111 5582 tempo-

462 5582 630 5652 ribus
655 5581 992 5658 repetitum,
1023 5578 1250 5654 passim
1281 5578 1552 5652 arguunt
1563 5578 1747 5638 Latini
1811 5578 2102 5652 theologi:

2233 4361 2448 4418 tionem
2463 4361 2860 4435 repetendam.
2884 4369 2944 4418 In
2962 4365 3158 4418 eadem
3175 4365 3464 4418 sententia
3477 4373 3562 4418 est
3577 4365 3845 4420 Zonaras

2233 4450 2360 4490 cum
2379 4435 2651 4491 Aristeno
2664 4435 2738 4490 ad
2755 4451 2888 4507 can.
2908 4443 3106 4507 apost.
3123 4437 3384 4505 Rnrsusq
3395 4450 3464 4488 ue
3477 4438 3742 4490 Zonaras
3764 4437 3845 4491 ad

2232 4523 2364 4562 can.
2389 4507 2582 4562 Carth.
2609 4505 2886 4577 Cypriani
2907 4505 3066 4578 apud
3090 4506 3471 4576 Beveregium
3499 4513 3532 4560 ι.
3563 4509 3605 4571 1,
3633 4523 3692 4578 ρ.
3712 4509 3840 4562 367.

2234 4578 2346 4633 Sed
2363 4579 2763 4634 etchrismatis
2779 4579 3176 4650 repetitionem
3192 4578 3281 4632 ref
3283 4583 3401 4650 utat
3415 4578 3707 4633 Arcudius
3722 4578 3758 4632 l.
3784 4595 3839 4634 c.

2233 4650 2497 4722 Denique
2529 4652 2788 4706 Zonaras
2819 4667 2956 4704 cuin
2988 4649 3489 4722 rebaptizantibus
3509 4650 3728 4722 sentire
3761 4651 3837 4704 vi.

2229 4719 2505 4778 detur'ad
2534 4737 2667 4777 can.
2723 4722 2918 4778 Carth.
2952 4719 3177 4792 Aurelii,
3213 4725 3251 4775 t.
3293 4719 3332 4786 l,
3367 4737 3424 4792 p.
3458 4721 3586 4775 575.
3643 4721 3724 4776 De
3773 4737 3841 4776 re

2229 4795 2507 4865 universa
2536 4793 2819 4865 legendus
2833 4791 3088 4865 omnino
3121 4791 3501 4865 Blastaresiin
3528 4799 3838 4865 syntagm.

2230 4865 2326 4919 ubi
2358 4865 2431 4920 de
2462 4863 2652 4936 bapti,
2685 4864 2848 4936 apud
2906 4863 3182 4932 Bevereg.
3217 4869 3361 4918 tom.
3395 4863 3681 4936 li,pp.‘38.
3717 4880 3836 4936 sqq.

2300 4936 2378 5005 (9)
2401 4934 2656 5007 Intellige
2673 4934 3070 5007 septenarium
3093 4950 3410 5007 numerum
3427 4934 3678 5007 dierum,
3699 4934 3838 5007 post

2227 5023 2381 5079 quos
2401 5005 2796 5063 Grtecisolent
2817 5023 3080 5078 puerum,
3095 5006 3204 5079 qui
3223 5005 3598 5079 inAbaptismo
3619 5005 3837 5062 unctus

2229 5076 2439 5144 fuerat,
2463 5080 2674 5134 iterum
2707 5076 2933 5134 deferre
2965 5079 3041 5134 ad
3089 5076 3405 5134 ecclesiam
3434 5082 3499 5134 ut
3527 5079 3833 5136 abluatur.

2225 5151 2440 5206 Arcud.
2471 5167 2602 5223 cap.
2635 5153 2721 5216 i7,
2752 5167 2811 5223 p.
2850 5151 2940 5206 55.

2298 5223 2411 5294 (10)
2441 5218 2730 5294 Nimirum
2756 5218 2830 5278 ex
2863 5220 3156 5294 sententia
3185 5218 3520 5294 Graecorum
3553 5222 3660 5292 qui
3683 5221 3834 5294 bap-

2226 5291 2466 5364 tismum
2489 5311 2606 5349 non
2628 5293 2756 5349 sine
2769 5291 3216 5364 conﬁrmatione
3229 5291 3560 5347 conferunt.
3578 5291 3674 5349 Sic
3689 5291 3832 5364 ergo

2223 5363 2910 5438 loquiturimprudenter
2929 5363 3105 5438 etiam
3129 5363 3368 5438 Simeon
3381 5364 3639 5419 Thessal.
3653 5363 3832 5438 ⁸ειρυά

2224 5434 2548 5494 Arcudium
2578 5434 2710 5511 cap.
2769 5436 3018 5511 13ερύκ
3066 5437 3215 5488 ἐσται
3265 5434 3466 5499 τελείως
3510 5455 3586 5498 τις
3636 5434 3834 5510 Pet—fm-

2227 5512 2385 5582 σθεὶς,
2410 5511 2435 5562 ὁ
2469 5513 2542 5584 μὴ
2574 5513 2634 5562 τὸ
2653 5505 2825 5586 ’μύρον
2857 5505 3153 5584 δεξάμενος.
