4088 6214
218 277 336 331 777

225 408 472 482 [CBDA-11.
508 405 609 482 ⁸Β¹.
668 437 737 446 -
795 409 918 482 Περὶ
979 405 1341 482 πρεσϐυτέρων
1419 412 1506 462 καὶ
1571 406 1825 464 διακόνων
1858 416 1903 470 Α

225 491 229 494 ·
369 473 436 526 ὧν
467 477 521 527 αἱ
550 484 792 548 γυναῖκες
822 473 922 531 ὑπό
973 473 1249 555 Βαρϐάρων
1299 476 1679 556 διεφθάρησαν.

295 569 422 637 Περὶ
453 561 512 618 δὲ
542 575 641 618 τῶν
678 567 1034 644 πρεσϐυτέρων
1065 574 1154 622 καὶ
1183 564 1435 622 διακόνων
1483 580 1582 622 τῶν
1614 571 1670 623 ἐκ
1698 570 1827 646 βαρ-

219 651 446 726 ϐαρικῆς
494 655 732 717 ἁλώσεως
761 659 850 718 τὰς
889 657 1080 721 οἰκείας
1134 654 1522 730 ἀναδεξαμένων
1553 668 1824 733 γυναῖκας,

220 745 417 816 φθορὰν
471 743 518 797 έν
571 753 680 809 τοῖς
736 745 1022 821 Βαρϐάροις
1075 749 1400 817 ὑποστάσας,
1455 749 1560 821 οὐχ
1635 749 1826 802 ἁπλοῦν

221 834 421 909 ὁρῶμεν
465 838 550 888 τὸν
603 841 776 909 νόμον,
812 835 940 889 ἀλλά
989 841 1114 912 πρὸς
1152 840 1248 901 τὰς
1305 835 1590 915 διαφόρους
1627 839 1831 893 ποικιλ-

219 922 431 995 λόμενον
479 925 688 998 πράξεις
720 947 732 959 ·
763 926 806 978 εἰ
861 929 950 998 μὲν
985 930 1086 1002 γὰρ
1138 926 1470 987 έκουσιὸτητι
1508 933 1602 988 τὴν
1634 931 1828 1004 φθορὰν

223 1012 553 1080 ὑπέστησαν,
610 1019 766 1068 παντὶ
821 1019 995 1088 τρόπῳ
1048 1021 1164 1078 τοὺς
1215 1013 1412 1091 ἀνδρας
1459 1021 1652 1071 τούτων
1687 1021 1824 1092 ἱερως

223 1106 413 1174 μένους
461 1102 625 1174 ὄντας,
685 1105 714 1162 ἣ
763 1107 958 1157 τούτων
1012 1114 1110 1158 τῶν
1167 1115 1427 1178 γυναικῶν
1486 1106 1753 1170 ἐκστῆναι,
1795 1109 1824 1167 ἣ

223 1189 576 1264 βουλομένους
631 1196 850 1257 ταύταις
905 1202 1152 1261 συνεῖναι,
1207 1197 1508 1248 πεπαῦσθαι
1547 1204 1638 1258 τῆς
1690 1198 1830 1269 ἱερω-

223 1283 388 1344 σύνης
427 1281 542 1354 (ΙΙ)
576 1299 588 1312 ’
637 1280 770 1335 οὑτω
812 1285 903 1355 μὲν
949 1283 992 1336 εἰ
1036 1282 1371 1342 έκουσιότητι
1417 1285 1720 1344 ὑπέστησαν
1765 1292 1825 1358 τῇ

224 1370 395 1440 φθορᾷ
437 1372 530 1422 ’τό
559 1371 650 1442 μὶν
703 1366 792 1423 οὑν
851 1373 1018 1434 πάθος
1079 1372 1232 1424 πάλιν
1285 1377 1521 1445 τέμνεται
1571 1373 1641 1435 εἰς
1687 1370 1784 1426 δύο
1813 1392 1826 1408 ο

221 1460 280 1509 τὸ
312 1460 403 1530 μὲν
432 1461 532 1531 γὰρ
583 1459 742 1512 αὑτοῦ
782 1464 1101 1533 μεμιγμένην
1156 1464 1270 1533 ἔχει
1315 1466 1409 1521 τὴν
1452 1470 1544 1514 τοῦ
1594 1463 1828 1534 ἠναγκα-

223 1551 414 1618 σμένου
465 1551 851 1620 συγκατάθεσιν
881 1567 893 1580 ⁸
924 1553 982 1602 1'6
1029 1547 1088 1603 δὲ
1139 1549 1399 1613 παντελῶς
1442 1553 1674 1625 ὑπάρχει
1703 1556 1831 1623 γνὼ-

219 1656 331 1708 μης
390 1641 480 1690 καὶ
532 1640 966 1710 συγκαταθέσεως
1017 1639 1275 1713 ἐλεύθερον
1335 1647 1425 1693 τοῦ
1491 1639 1831 1714 ἐπηρεασθέν-

218 1745 306 1786 τος
335 1742 348 1754 ’
374 1723 478 1779 οἷον
507 1747 560 1781 τι
588 1727 720 1799 λέγω
749 1745 761 1760 ·
797 1725 1005 1782 Ἐλπίδι
1036 1729 1175 1802 φόϐῳ
1204 1733 1235 1788 ἣ
1276 1733 1547 1802 μαστίγων
1575 1733 1702 1791 τινες
1733 1739 1832 1782 τῶν
1862 1767 1906 1820 Β

220 1823 507 1886 γυναικῶν,
563 1817 592 1876 ἦ
651 1822 742 1870 καὶ
796 1821 929 1890 πρὸς
1007 1825 1188 1891 πεῖραν
1254 1827 1349 1881 τῆς
1427 1823 1683 1894 τιμωρίας
1733 1818 1833 1892 ἀφ-

221 1907 432 1976 ιγμέναι
479 1902 735 1968 ἐξέδωκαν
813 1906 1001 1968 ἑαυτὰς
1071 1907 1144 1969 εἰς
1217 1910 1410 1983 φθοράν
1444 1925 1457 1938 ·
1514 1915 1828 1981 συγγνώμης

218 1996 313 2066 μὲν
360 1989 447 2046 οὑν
494 1995 651 2047 αὗται
706 1995 872 2064 ἄξιαι,
925 1999 954 2054 ἦ
999 1998 1052 2048 αἱ
1099 2001 1366 2070 πρότερον,
1398 1998 1486 2050 άτε
1520 1995 1587 2056 δὴ
1637 1997 1828 2071 βουλη-

221 2085 399 2137 θεῖσαι
425 2079 800 2157 διαφθαρῆναι,
833 2086 1046 2160 ὕστερον
1078 2082 1138 2138 δὲ
1163 2088 1262 2140 ὑπὸ
1305 2095 1396 2148 τῆς
1424 2086 1656 2160 ἀνάγκης
1704 2091 1828 2162 πρὸς

217 2180 376 2225 τοῦτο
429 2173 890 2233 κατολισθήσασαι
922 2192 934 2204 ⁸
969 2175 1027 2228 οὑ
1063 2180 1165 2247 μὴν
1221 2172 1279 2229 δὲ
1322 2174 1445 2228 οὑδὲ
1475 2176 1630 2229 αὗται
1682 2177 1826 2240 οἰξιαι

217 2265 580 2334 τυγχάνουσιν
621 2265 912 2338 ἱερωμένοις
971 2272 1200 2318 συνεῖναι
1246 2261 1503 2333 ἀνδράσιν
1537 2287 1549 2300 ο
1594 2272 1826 2338 συγγνῶ-

215 2370 327 2423 μης
373 2354 474 2425 γὰρ
528 2351 613 2406 ἐπὶ
659 2354 977 2428 ῥυπάσμασι
1033 2359 1124 2406 καὶ
1176 2355 1534 2430 καθαρότητος
1584 2355 1712 2408 πολὺ
1767 2358 1823 2409 τὸ

216 2436 472 2514 διάφορον
521 2459 532 2471 ·
593 2437 666 2494 δι’
716 2444 742 2494 ὃ
793 2447 882 2496 καὶ
941 2445 990 2496 οἱ
1062 2441 1365 2516 βουλόμενοι
1433 2444 1618 2505 αὑταῖς
1676 2445 1824 2519 ἱερεῖς

216 2529 599 2597 συνάπτεσθαι,
653 2535 742 2583 καὶ
811 2530 956 2584 οὗτοι
1024 2539 1115 2584 τοῦ
1189 2532 1380 2585 οἰκείου
1448 2529 1822 2586 διαπεσοῦνται

215 2615 508 2690 ἀξιώματος
541 2636 552 2648 ⁸
592 2623 650 2672 τὸ
702 2615 760 2672 δὲ
807 2619 984 2672 λοιπὸν
1042 2623 1188 2693 παρὰ
1233 2629 1403 2674 ταῦτα
1451 2625 1520 2683 ὡς
1551 2629 1642 2674 τοῦ
1673 2620 1824 2673 ἀκου-

216 2712 340 2759 σίου
389 2704 564 2769 εῖδους
601 2707 854 2784 ἐξῄρηται
905 2717 1000 2772 τῆς
1051 2715 1318 2773 κοινωνίας
1368 2713 1554 2763 τούτου
1589 2729 1601 2742 ο
1637 2712 1742 2763 οἷον
1771 2731 1823 2763 τι

213 2795 350 2867 λέγω
383 2816 394 2830 ·
431 2800 490 2850 Ei
517 2817 593 2860 τις
645 2796 890 2870 βασάνων
950 2797 1276 2870 ἐπαγομένων
1315 2803 1344 2858 ἦ
1377 2805 1466 2851 καὶ
1519 2803 1592 2872 μὴ
1635 2801 1822 2870 ἐπαγο-

214 2889 380 2958 μένων
435 2895 621 2961 χεῖρας
671 2893 760 2941 καὶ
807 2885 975 2949 πόδας
1051 2885 1250 2954 δεθείη,
1313 2887 1424 2942 εἶτα
1480 2889 1822 2962 περιφυλάξαι

215 2973 408 3034 ἑαυτὴν
452 2978 517 3028 τά
553 2976 784 3048 μάλιστα
817 2974 1129 3044 σπουδάζει,
1187 2982 1344 3054 πόρον
1375 2979 1468 3032 οὑκ
1519 2981 1633 3050 ἔχει
1663 2979 1817 3044 αὐτή,

213 3066 314 3116 κᾶν
372 3061 516 3118 δοκεῖ
573 3062 906 3140 διεφθάρθαι,
963 3069 1154 3142 φθορᾶς
1227 3072 1316 3127 τὴν
1395 3067 1583 3130 ἑαυτῆς
1633 3067 1819 3140 ψυχὴν

213 3153 482 3227 ἕλευθέραν
543 3162 605 3228 τῇ
679 3174 739 3227 γε
813 3154 1030 3228 ἀληθείᾳ
1093 3153 1473 3230 διατηρήσασα
1546 3161 1815 3232 κρίνεται·

211 3251 330 3304 ταῖς
377 3247 646 3307 τοιαύταις
694 3241 782 3298 οὖν
833 3245 1070 3317 γυναιξὶν
1115 3247 1160 3298 εἰ
1206 3265 1338 3309 τινες
1385 3255 1484 3298 τῶν
1540 3248 1818 3320 ἱερωμένων

216 3341 474 3386 συνοικεῖν
564 3333 857 3406 βούλοιντο,
936 3331 1186 3407 οὐδεμίαν
1259 3334 1338 3388 ἐπ’
1388 3336 1556 3388 αὐτῶν
1621 3337 1817 3409 ὁρῶμεν

213 3420 502 3494 ἀποτομίαν
560 3422 947 3498 προϐαίνουσαν
981 3445 993 3459 ·
1053 3423 1324 3496 ἀγαπητὸν
1386 3429 1475 3498 μὲν
1550 3427 1651 3501 γὰρ
1727 3425 1818 3477 καί

213 3511 498 3580 ἐπαινετὸν,
547 3512 592 3566 εἰ
631 3517 722 3566 καὶ
754 3522 898 3586 κοινῇ
949 3519 1129 3588 γνώμῃ
1161 3519 1251 3568 καὶ
1289 3513 1453 3587 βουλῇ
1495 3519 1552 3568 τὸ
1588 3519 1817 3568 συνοικέ-

214 3621 330 3656 σιον
379 3597 698 3656 διαλύσουσι
731 3623 743 3636 ·
778 3603 884 3676 οὑχ
936 3606 1001 3664 ὡς
1041 3604 1383 3679 ῥυπάσματος
1413 3604 1442 3663 ἢ
1478 3601 1815 3667 κηλιδώσεως

212 3695 402 3760 αἴτιον,
452 3691 558 3744 ἀλλ’
613 3692 696 3745 ἵνα
746 3694 836 3754 τὰς
889 3711 944 3746 τε
998 3701 1098 3745 τῶν
1159 3693 1357 3746 πολλῶν
1408 3693 1692 3764 ὑπολήψεις
1734 3693 1817 3747 ἐπὶ

211 3784 269 3834 τὸ
328 3778 518 3852 μᾶλλον
589 3781 876 3853 θαυμάζειν
936 3785 1026 3840 τὴν
1076 3781 1262 3856 ἀρετὴν
1325 3778 1672 3855 διεγείρωσιν,
1727 3789 1816 3835 καὶ

211 3878 316 3922 τῶν
370 3873 702 3943 χαιρεκάκων
754 3870 1014 3932 παντελῶς
1068 3874 1136 3924 τὰ
1204 3876 1442 3943 στόματα
1505 3869 1818 3945 ἀπορῥάψω-

214 3977 301 4010 σιν
354 3960 471 4030 (12)
507 3975 520 3988 ’
580 3964 670 4012 καὶ
735 3962 1020 4034 μαρτύριον
1101 3959 1309 4035 ἐναργὲς
1375 3965 1816 4032 παραστήσωσιν,

212 4047 297 4097 ὅτι
345 4044 469 4118 βίας
520 4051 678 4119 μόνης
724 4045 783 4106 ἦν
837 4051 958 4122 ὅπερ
1015 4048 1069 4112 ἐξ
1107 4049 1346 4122 ἐπηρείας
1396 4051 1698 4107 ὑπέστησαν
1727 4070 1740 4083 ο
1776 4055 1818 4102 εἱ

210 4137 317 4207 γάρ
365 4135 476 4198 ἐξὸν
530 4136 659 4210 αὑτῇ
713 4134 866 4212 ἀνδρὶ
925 4146 996 4208 τῷ
1066 4144 1270 4211 νομίμῳ
1317 4145 1594 4204 κοινωνεῖν,
1644 4140 1672 4197 ἡ
1707 4135 1819 4192 ιδι

215 4231 332 4295 Θεῷ
380 4225 573 4296 μᾶλλον
645 4227 961 4287 κολληθῆναι
1019 4229 1318 4303 ᾑρετίσατο,
1367 4236 1472 4288 πῶς
1518 4229 1578 4280 οἶν
1608 4231 1696 4286 τὴν
1738 4247 1818 4300 γε·

1516 283 2029 342 EPISTOLARUM
2071 286 2286 342 LIBER
2326 287 2371 342 Ι.

3484 295 3592 350 778

1933 411 2088 468 CAP.
2114 413 2180 466 ll.
2204 412 2739 490 —De_presby_teris
2766 420 2818 490 et
2839 415 3105 490 diaconis
3126 433 3372 490 quorum
3385 435 3593 479 uxores

2284 499 2321 540 α
2342 484 2630 540 Barbaris
2663 485 2900 543 violatae
2923 484 3197 558 fuerunt.

2008 573 2086 628 De
2115 572 2475 646 presbyteris
2506 589 2576 630 ac
2605 573 2893 642 diaconis,
2929 577 3035 648 qui
3062 593 3130 634 ex
3154 578 3472 637 barbarica
3497 597 3593 638 ca-

1935 661 2198 732 ptivitate
2237 677 2452 718 uxores
2505 678 2647 718 suas
2697 671 3069 736 receperunt,
3099 669 3526 727 contumeliam
3558 687 3593 728 a

1937 750 2209 806 Barbaris
2240 767 2477 824 passas,
2539 751 2702 807 haud
2745 752 2995 824 simplex
3028 755 3330 814 decretum
3357 763 3594 815 exstare

1936 840 2227 905 videmus,
2263 839 2369 896 sed
2394 856 2504 913 pro
2528 855 2728 897 rerum
2775 848 3080 912 gestarum
3124 845 3466 904 diversitate
3497 864 3595 905 va-

1936 929 2111 984 rium.
2181 932 2328 985 Nam
2387 929 2436 984 si
2483 929 2594 986 illa?
2653 945 2774 986 non
2827 931 3025 988 invitae
3064 933 3279 990 vitiatas
3331 934 3589 1007 fuerunt,

1937 1018 2185 1074 omnino
2214 1020 2446 1089 oportet
2477 1018 2631 1074 viros
2647 1035 2852 1075 earum
2885 1020 3066 1076 sacris
3104 1021 3417 1078 ordinibus
3445 1040 3595 1095 pras-

1937 1105 2094 1162 ditos
2113 1109 2214 1162 aut
2230 1105 2329 1178 huj
2341 1105 2570 1162 usmodi
2585 1105 2838 1164 feminas
2855 1108 3147 1174 deserere,
3165 1115 3269 1166 aut
3286 1115 3337 1167 si
3353 1111 3592 1170 illarum

1939 1195 2217 1252 convictu
2241 1195 2322 1251 uti
2345 1195 2541 1262 velint,
2567 1212 2603 1253 a
2633 1211 2800 1252 sacro
2829 1196 3152 1254 ministerio
3197 1215 3448 1256 cessare.
3484 1202 3591 1270 Ita,

1937 1284 2208 1357 inquam,
2243 1285 2292 1340 si
2327 1285 2604 1341 mulieres
2647 1301 2768 1342 non
2794 1287 2992 1343 invitae
3045 1288 3278 1345 violatae
3322 1289 3580 1349 fuerunt.

1940 1376 2162 1430 Rursus
2191 1373 2314 1446 ejus
2343 1375 2530 1444 stupri
2557 1375 2676 1431 duo
2706 1391 2926 1445 genera
2952 1392 3079 1432 esse
3102 1384 3359 1449 possunt
3390 1396 3403 1446 ;
3437 1396 3593 1453 quo-

1939 1479 2072 1519 rum
2094 1463 2346 1520 alterum
2386 1463 2628 1520 mistum
2669 1464 2845 1520 habet
2883 1481 3022 1521 cum
3063 1468 3410 1524 necessitate
3448 1485 3593 1526 con-

1941 1568 2187 1608 sensum
2218 1571 2234 1624 ;
2267 1552 2520 1609 alterum
2551 1553 2952 1610 voluntarium
2983 1556 3233 1612 omnino
3261 1561 3350 1613 est
3377 1563 3432 1614 et
3454 1575 3592 1615 con-

1940 1642 2234 1698 sensionis
2271 1641 2517 1714 plenum
2557 1647 2613 1698 et
2651 1642 2866 1716 injuria
2918 1643 3193 1701 liberum.
3238 1647 3590 1718 Exemplum

1939 1738 2084 1788 esto.
2118 1732 2254 1804 Spe,
2293 1731 2505 1788 timore
2529 1731 2864 1799 verberum,
2894 1733 3199 1790 nonnullas
3221 1734 3475 1802 feminae,
3499 1736 3594 1793 vel

1938 1821 2113 1876 etiam
2151 1821 2523 1876 cruciatuum
2559 1821 2938 1892 experientia,
2981 1823 3178 1880 vitiari
3217 1840 3278 1879 se
3308 1825 3593 1897 permise-

1935 1914 2091 1966 runt.
2129 1911 2224 1964 Haa
2253 1908 2500 1981 quidem
2529 1910 2705 1984 venia
2730 1911 2924 1980 magis
2953 1910 3153 1982 dignas
3198 1919 3355 1979 sunt,
3403 1929 3591 1986 quam

1938 1997 2051 2054 illas
2073 2015 2204 2071 quas
2227 2003 2403 2054 antea
2422 1998 2668 2070 quidem
2690 2003 2904 2070 sponte
2927 2003 3195 2073 stuprum
3218 2017 3415 2072 passae
3433 2008 3587 2069 sunt,

1937 2092 2148 2160 postea
2169 2101 2308 2142 vero
2332 2087 2684 2142 necessitate
2701 2086 2762 2142 id
2781 2086 3172 2145 admiserunt.
3194 2090 3309 2145 Has
3325 2106 3588 2162 quoque,

1933 2175 2206 2248 inquam,
2245 2174 2504 2232 feminas
2543 2173 2861 2246 indignum
2893 2181 2948 2232 et
2985 2193 3126 2233 cum
3176 2177 3588 2236 sacerdotibus

1933 2264 2074 2320 viris
2101 2264 2286 2320 vitam
2327 2263 2568 2336 agitare.
2610 2264 2836 2336 Quippe
2874 2264 3087 2336 ingens
3128 2266 3280 2324 inter
3315 2267 3465 2324 labis
3497 2271 3592 2324 in-

1932 2353 2300 2424 dulgentiam
2333 2358 2388 2408 et
2414 2353 2734 2425 puritatem
2765 2354 3142 2411 intervallum
3183 2359 3289 2412 est.
3321 2359 3513 2423 Quare
3540 2356 3588 2412 si

1931 2444 2034 2516 qui
2065 2441 2404 2499 sacerdotes
2429 2441 2522 2497 his
2543 2441 2808 2514 copulari
2841 2442 3054 2509 volent,
3073 2445 3186 2517 ipsi
3211 2461 3453 2519 quoque
3483 2462 3591 2504 sua

1931 2529 2218 2601 dignitate
2243 2529 2533 2586 excident.
2576 2530 2856 2603 Superest
2887 2531 3362 2590 involuntarium
3400 2534 3591 2606 stupri

1931 2635 2139 2690 genus.
2171 2619 2336 2693 quod
2367 2619 2427 2674 in
2448 2619 2868 2691 praedictorum
2891 2621 3234 2679 societatem
3267 2639 3388 2680 non
3411 2623 3590 2694 venit,

1931 2709 2267 2782 Exemplum
2281 2717 2428 2765 esto.
2451 2709 2507 2765 Si
2526 2725 2667 2781 qua,
2683 2708 2937 2766 admotis
2952 2711 3332 2779 cruciatibus,
3349 2717 3451 2768 aut
3464 2712 3590 2770 sine

1929 2799 2044 2864 his,
2076 2815 2289 2855 manus
2314 2798 2617 2870 pedesque
2657 2799 2951 2866 devincta,
2985 2799 3377 2857 nihilominus
3397 2807 3590 2859 custo-

1931 2888 2056 2944 dire
2097 2904 2158 2944 se
2197 2904 2304 2961 pro
2344 2885 2570 2942 viribus
2600 2887 2734 2944 nisa
2768 2888 2964 2954 fuerit,
3008 2889 3154 2946 nihil
3193 2889 3326 2962 ipsa
3357 2890 3415 2946 in
3461 2907 3589 2948 rem

1929 2977 2197 3044 contulit,
2230 2975 2460 3034 etiamsi
2496 2975 2685 3032 vitiari
2717 2977 2846 3034 visa
2869 2983 2992 3034 est:
3026 2993 3169 3034 nam
3201 2979 3341 3035 vitio
3372 2995 3588 3052 puram

1931 3067 2200 3123 animam
2255 3081 2462 3124 revera
2515 3067 2961 3123 conservavisse
3021 3066 3350 3138 judicatur.
3417 3067 3587 3124 Hisce

1928 3154 2166 3212 feminis
2205 3156 2254 3211 si
2284 3157 2386 3228 qui
2417 3158 2602 3214 sacris
2634 3155 2864 3228 praediti
2894 3155 3208 3212 ordinibus
3241 3155 3586 3214 cohabitare

1926 3244 2130 3310 velint,
2164 3245 2394 3302 nullam
2425 3246 2681 3302 durioris
2709 3244 3018 3300 divisionis
3041 3245 3455 3302 necessitatem
3479 3245 3588 3302 im-

1929 3334 2274 3406 ponendam
2301 3335 2592 3391 videmus.
2621 3333 2894 3406 Optabile
2920 3338 3120 3390 tamen
3143 3338 3230 3390 est
3249 3340 3430 3407 atque
3460 3335 3587 3392 lau-

1927 3423 2127 3480 dabile
2153 3424 2202 3480 si
2230 3429 2438 3481 mutuo
2465 3439 2764 3480 consensu
2795 3439 2865 3479 ac
2904 3422 3208 3479 voluntate
3240 3424 3585 3480 convictum

1926 3513 2214 3570 dirimant
2227 3534 2239 3573 :
2251 3529 2370 3570 non
2387 3513 2553 3587 quod
2565 3513 2704 3569 inde
2719 3512 2958 3568 macula
2975 3515 3080 3568 aut
3094 3510 3263 3568 labes
3278 3518 3582 3585 sequatur,

1928 3603 2035 3658 sed
2054 3602 2308 3673 utivulgi
2319 3603 2524 3677 opinio
2537 3603 2612 3660 ad
2638 3602 2871 3658 virtutis
2893 3600 3291 3658 admiratione
3323 3602 3584 3673 mmagis

1927 3694 2228 3762 excitetur,
2247 3699 2424 3764 atque
2437 3697 2502 3748 ut
2516 3708 2746 3758 eorum,
2776 3691 2882 3763 qui
2900 3691 3096 3747 alieno
3118 3690 3277 3746 malo
3295 3695 3580 3762 gaudent,

1926 3797 2034 3837 ora
2063 3797 2311 3852 prorsus
2332 3780 2755 3836 obstruantur:
2789 3796 2859 3836 ac
2886 3779 3145 3850 denique
3174 3780 3582 3838 testimonium

1927 3869 2172 3927 evidens
2195 3869 2319 3934 ﬁat,
2349 3869 2402 3923 vi
2424 3867 2844 3924 tantummodo
2871 3867 3157 3937 injuriam
3183 3867 3415 3923 mulieri
3443 3886 3584 3925 con-

1928 3958 2145 4028 tigisse.
2189 3958 2334 4012 Cum
2377 3957 2536 4011 enim
2576 3956 2713 4010 huic
2753 3955 2928 4009 liceat
2969 3953 3235 4022 legitimo
3275 3971 3412 4011 cum
3455 3957 3582 4013 viro

1927 4048 2146 4112 vivere,
2200 4060 2271 4101 ea
2310 4045 2356 4099 si
2397 4043 2702 4100 adhaerere
2744 4043 2940 4114 potius
2991 4041 3111 4097 Deo
3153 4047 3336 4113 optet,
3380 4059 3581 4100 nonne

1926 4136 2255 4193 barbaram
2279 4133 2706 4190 contumeliam
2741 4131 2868 4186 sine
2900 4131 3086 4186 dubio
3115 4131 3582 4189 involuntariam

1929 4226 2040 4282 sibi
2071 4231 2252 4298 atque
2282 4223 2587 4296 inculpata
2692 4219 2984 4278 accidisse
3022 4221 3434 4279 demonstrat?
3467 4223 3584 4278 Hoc

1557 4405 1796 4462 VARLE
1832 4403 2243 4462 LECTIONES.

341 4581 467 4639 Cod
495 4581 559 4640 εἰ.

1783 4764 2005 4820 ΝΟΤΔΕ.

286 4937 331 5008 (1
355 4937 400 5007 l)
418 4935 582 5014 Idem,
595 4936 1044 5014 decernitetiam
1062 4940 1304 4997 Michael
1324 4941 1662 5014 patriarcha
1680 4957 1817 5014 con-
1852 4941 1898 4994 D

211 5007 680 5081 tra’sacerdotem
694 5009 795 5081 qui
811 5011 882 5066 ad
895 5011 1132 5069 ulteram
1151 5007 1383 5069 uxorem
1401 5014 1650 5071 retinere
1665 5012 1819 5081 velit,

211 5079 458 5153 Leuncl.
500 5085 647 5153 tom.
682 5079 732 5148 1,
752 5099 812 5153 p.
841 5083 966 5138 263.

283 5153 329 5224 (¹
343 5151 398 5224 2)
415 5152 642 5224 Quippe
653 5151 814 5224 apud
831 5153 1066 5210 Graecos
1081 5155 1400 5211 sacerdotis
1415 5171 1564 5210 uxor
1577 5151 1822 5207 παπαδιά

208 5222 474 5295 peCulari
489 5222 709 5308 honore
719 5225 942 5308 fruitur,
963 5226 1141 5308 ferme
1147 5233 1210 5308 ut
1218 5233 1437 5308 veteres
1450 5227 1784 5308 diaconissaa
1803 5242 1815 5292 ;

207 5310 404 5366 eaque
432 5297 698 5350 sanctior
726 5297 1471 5368 quodammodohabetur,
1503 5299 1816 5370 pudicitiae,

212 5364 525 5442 modestia;
554 5368 1246 5442 acsolitudiniprtecipue
1262 5369 1526 5435 studens,
1562 5369 1820 5442 candido

211 5437 345 5513 velo
375 5437 856 5510 distinguitur,et
881 5437 1339 5513 aequata'prope
1353 5457 1486 5513 cum
1517 5440 1820 5513 sacerdote

209 5509 340 5564 viro
368 5509 765 5574 veneratione
788 5509 1012 5568 colitu'r.
1048 5509 1177 5578 Qua
1201 5509 1356 5568 dere
1381 5512 1510 5580 lege
1539 5511 1820 5568 Goarium

211 5580 274 5636 in
309 5580 507 5636 adnot.
546 5584 621 5638 ad
643 5585 1054 5654 Euchologium
1087 5584 1176 5638 Gr.
1258 5624 1270 5636 .
1304 5583 1673 5640 219.Caetero
1724 5583 1822 5637 uin

211 5651 406 5708 Latini
436 5655 775 5712 sacerdotes
797 5655 1041 5713 meliore
1071 5601 1417 5713 conditione
1439 5660 1579 5711 sunt
1610 5655 1653 5713 tl
1678 5599 1818 5709 (δον.

211 5651 414 5727 Latini
436 5655 782 5727 sacerdotes
797 5651 1041 5713 meliore
1071 5651 1417 5713 conditione
1439 5660 1579 5711 sunt
1610 5655 1653 5727 (Ι
1685 5651 1818 5727 cog.

212 5740 310 5790 vn,
333 5723 427 5796 38)
456 5724 584 5797 qui,
617 5726 844 5800 nuptiis
895 5727 1154 5798 omissis,
1187 5728 1351 5788 omni
1396 5727 1512 5787 hoc
1569 5723 1824 5785 sanctiﬁ-

495 5814 735 5872 PATROL.
777 5815 882 5872 GR.
923 5817 1044 5878 CII.

1931 4939 2142 4996 candte
2175 4937 2374 4994 uxoris
2403 4937 2642 5006 negotio
2672 4934 2954 5006 curisque
2983 4933 3207 4990 caneris
3231 4933 3577 4991 liberantur.

1932 5014 1997 5066 Et
2027 5011 2267 5083 quidem
2312 5025 2384 5064 ex
2423 5009 2694 5064 caelibatu
2741 5008 3031 5079 majorem
3075 5021 3317 5132 quoque
3352 5008 3582 5062 virtutis

1933 5082 2391 5132 admirationem
2417 5081 2604 5132 creari
2631 5080 2689 5132 in
2717 5079 2939 5132 oonulo
2966 5093 3074 5132 con
3127 5083 3279 5132 rmat
3303 5077 3417 5132 hoc
3447 5077 3580 5132 loco

1933 5077 2391 5137 admirationem
2417 5081 2604 5135 creari
2631 5080 2689 5134 in
2717 5077 2939 5151 populo
2966 5077 3279 5151 conﬁrmat
3303 5077 3417 5151 hoc
3447 5077 3580 5133 loco

1931 5153 2197 5208 Photius.
2232 5155 2422 5217 Quare
2452 5157 2510 5206 et
2539 5152 2596 5205 in
2633 5149 2834 5206 Graeca
2865 5149 3126 5204 Ecclesia
3152 5149 3438 5219 episcopi,
3480 5165 3576 5204 nc-

1931 5224 2075 5279 dum
2095 5223 2376 5279 monachi
2395 5221 2662 5278 caelibem
2685 5221 2865 5277 vitam
2887 5221 3130 5292 degunt.
3152 5221 3332 5277 Porro
3350 5221 3581 5276 Graeco-

1932 5312 2064 5351 rum
2079 5296 2188 5366 maj
2201 5313 2265 5349 us
2281 5295 2304 5349 t'
2307 5295 2464 5349 uisse
2478 5293 2728 5365 obsequi
2734 5310 2828 5366 um
2840 5291 3332 5366 erga’sacerdotes
3346 5291 3582 5366 cgelibes

1932 5383 2116 5450 quam
2137 5363 2275 5436 erga
2291 5372 2594 5450 uxoratos,
2616 5363 2879 5450 testisest
2896 5363 3344 5450 Nanzianzenus
3359 5363 3580 5450 Grego-

1932 5435 2054 5493 rius
2098 5439 2159 5492 in
2199 5435 2467 5492 Oratione
2505 5437 2576 5493 de
2630 5436 2938 5506 baptismo,
2980 5435 3124 5492 dum
3167 5436 3248 5491 ait
3279 5436 3580 5507 quosdam

1932 5509 2167 5565 differre
2199 5509 2404 5564 solitos
2424 5508 2815 5578 baptismum,
2841 5507 3033 5563 donec
3062 5507 3222 5563 hunc
3249 5507 3584 5578 acciperent

1931 5581 2022 5637 vel
2043 5581 2120 5637 ab
2137 5581 2424 5654 episcopo
2441 5577 2534 5636 vel
2559 5596 2596 5637 a
2616 5579 2926 5636 sacerdote
2951 5579 3149 5652 potius
3169 5577 3580 5648 caalibe’quam

1933 5657 2207 5710 uxorato.

3217 5805 3286 5859 25
