4088 6214
225 329 338 386 781

235 454 436 530 ἀπορία
498 449 629 506 εἶναι
698 449 863 517 δόκει,
927 445 1066 522 μηδὲ
1130 449 1224 510 τὰς
1285 449 1506 506 πίστεως
1571 445 1839 520 ἀλλοτρίας
1868 457 1915 510 Α

233 542 553 617 βουλομένας
607 541 827 594 εῦποιεῖν
901 543 1255 613 Χριστιανοῖς,
1318 533 1559 608 ἀδελφοῖς
1620 540 1710 587 καὶ
1756 534 1840 587 ἐπὶ

231 639 484 686 τοσοῦτον
567 629 747 692 αὐταῖς
824 627 1197 704 τεθαρρηκέναι
1267 631 1356 677 καὶ
1453 625 1841 698 προσανατεθῆ-

232 742 344 789 ναι,
412 717 542 792 μηδ’
595 719 759 781 αὐτὰς
816 717 1011 778 ἐκείνας
1058 715 1514 792 παρατηρεῖσθαιο
1568 712 1696 765 ἀλλὰ
1750 716 1841 764 καὶ

237 809 316 865 δι’
386 804 557 864 αὐτῶν
626 809 943 882 εἰσκομίζειν
1010 810 1104 865 τὴν
1163 811 1255 857 τοῦ
1327 802 1527 874 ἀγαθοῦ
1573 805 1841 854 κοινωνίαν

235 909 353 962 τοῖς
379 896 510 973 μηδ’
560 898 646 952 ὑπ’
677 898 843 960 αὐτῆς
872 905 968 958 τῆς
1013 889 1314 967 τυραννίδος
1359 901 1450 952 τῆς
1498 891 1565 952 εἰς
1616 892 1842 964 Χριστόν

235 989 722 1062 κατωλιγωρηχόσι
749 991 978 1047 πίστεως
1005 1006 1018 1018 ο
1063 981 1314 1036 οὐδέποτε
1347 983 1448 1055 γὰρ
1481 989 1743 1033 κοινοῦται
1785 982 1842 1031 τό

237 1080 412 1151 ἅγιον,
466 1077 655 1150 μᾶλλον
709 1073 769 1129 δὲ
835 1073 1041 1148 ἁγιάζει
1101 1077 1190 1125 καὶ
1245 1075 1364 1131 τοὺς
1423 1074 1839 1142 κεκοινωμένους·

236 1169 284 1222 εἰ
355 1173 427 1241 μὴ
492 1166 703 1220 ὒποπτά
746 1185 863 1217 τινα
908 1169 1171 1236 πρόσωπα
1224 1161 1568 1220 καταπαίξειν
1611 1161 1844 1218 συνήθως

234 1258 434 1329 ἔχοντα
492 1264 592 1310 τῶν
668 1257 836 1322 θείων,
910 1260 1079 1305 ταῦτα
1129 1249 1528 1324 ἐγχειρισθῆναι
1588 1252 1844 1322 προφασί-

238 1348 438 1408 Coma.

237 1440 487 1490 ΚΕΦΑΛ.
548 1433 618 1489 Ε’.
662 1437 797 1516 Περί
841 1439 956 1498 τοῦ,
989 1431 1054 1516 ,εἰ
1108 1434 1255 1516 χρὴΑ
1280 1435 1565 1516 κοινωνεῖνη
1583 1425 1844 1516 τοὺςῦπό

311 1516 448 1631 τῶνδ
525 1500 833 1582 Σαρακηνῶν
960 1503 1030 1566 εἰς
1108 1500 1411 1573 ’ἆσέλγειαν
1530 1500 1846 1573 βιασθέντας

312 1599 407 1631 παι
450 1599 531 1631 ας.

312 1599 531 1640 παιοας.

309 1667 428 1724 Ἔτι
459 1664 517 1720 δὲ
555 1671 644 1719 καὶ
679 1669 792 1739 περὶ
845 1672 945 1718 τῶν
995 1663 1138 1737 παρὰ
1187 1669 1282 1722 τῆς
1332 1659 1665 1735 βαρϐαρικῆς
1696 1658 1850 1712 ἀσελ-

233 1763 388 1830 γείας
439 1755 759 1830 βιασθέντων
802 1751 1031 1808 παιδίων
1064 1751 1157 1805 διὰ
1205 1754 1261 1804 τό
1291 1759 1386 1812 τῆς
1427 1749 1548 1823 βίας
1588 1750 1848 1820 ἐπάγαγόν

233 1867 293 1902 τε
359 1852 449 1900 καὶ
499 1845 866 1922 ἀπαραίτητον,
943 1847 1261 1916 συγγνώμην
1341 1842 1545 1901 τούτοις
1605 1835 1847 1904 δοθῆναι,

234 1942 332 1990 καὶ
401 1945 491 1998 τῆς
546 1940 803 2000 ζωοποιοῦ
853 1937 1124 1994 κοινωνίας
1175 1935 1245 2004 μὴ
1318 1929 1717 1987 ἁποκωλυθῆναι
1770 1924 1851 1980 δι-

235 2033 504 2100 ώρισε-αι’
562 2025 606 2079 εἰ
633 2030 794 2099 μήπω
844 2024 1079 2078 ἑκούσιον
1125 2025 1184 2073 τὸ
1232 2020 1520 2093 ἁμάρτημα
1575 2018 1848 2092 κατειργάο

238 2136 421 2170 σαντο·
486 2120 601 2168 τότε
641 2117 745 2190 γὰρ
789 2119 875 2166 καὶ
937 2113 1114 2174 αὐτοῖς
1165 2112 1228 2162 τὰ
1286 2108 1369 2161 ἐπὶ
1429 2115 1538 2168 τοῖς
1603 2107 1852 2168 ἑκουσίως

236 2213 464 2260 τοιαῦτα
535 2203 902 2278 πλημμελοῦσι
977 2204 1283 2289 προσφόρως
1369 2196 1609 2270 ἐπιτίμια
1688 2215 1851 2272 προσ-

240 2301 488 2372 αρμόσει.

314 2391 564 2438 Τοσαῦτα
618 2385 708 2456 μὲν
761 2383 905 2457 παρὰ
964 2388 1056 2441 τῆς
1121 2387 1219 2440 σῆς
1284 2375 1563 2450 θεοφιλείας
1627 2373 1853 2450 προϐλη-

241 2477 398 2528 θέντα
480 2477 776 2546 ζητήματα,
857 2469 982 2534 ἄξια
1046 2475 1318 2543 προφανῶς
1385 2465 1586 2539 ἔρεύνης
1647 2465 1851 2537 τυγχά-

239 2583 420 2630 νοντα,
447 2567 537 2615 καὶ
563 2569 658 2624 τῆς
692 2569 791 2622 σῆς
818 2563 1070 2621 συνέσεως
1102 2561 1160 2610 τό
1190 2553 1480 2610 σπουδαῖον
1511 2557 1852 2628 χαρακτηρί-

244 2672 343 2706 σαι
387 2649 682 2724 δυνάμενα·
735 2655 824 2702 καὶ
871 2650 1088 2706 τοιαύτη
1122 2648 1266 2720 παρὰ
1303 2654 1402 2697 τῶν
1452 2643 1850 2716 θεοφιλεστάτων

241 2741 644 2817 μητροπολιτῶν
717 2744 1005 2812 συμφώνως
1060 2741 1178 2812 περὶ
1251 2734 1418 2787 αὐτῶν
1477 2732 1852 2796 ἐξανεστηκυῖα

239 2831 440 2904 ψῆφος,
497 2834 612 2892 ἣτις
667 2832 811 2903 παρὰ
847 2836 940 2889 τῆς
986 2828 1132 2899 ἡμῶν
1195 2829 1528 2899 μετριότητος
1570 2821 1684 2894 (l7)
1743 2819 1851 2874 ἐπι-

245 2921 639 2996 σφραγισθεῖσα
667 2923 758 2971 καὶ
789 2913 1186 2988 ἀποδεδεγμένη
1226 2916 1356 2988 πρὸς
1386 2916 1478 2971 τὴν
1513 2915 1610 2970 σὴν
1640 2910 1844 2984 θεοφιλῆ

240 3013 648 3082 παραπέμπεται
709 3008 966 3064 ὁσιότητα
993 3027 1005 3039 ·
1090 3001 1258 3076 δέχου
1345 3006 1520 3054 τοίνυν
1577 3008 1676 3052 τῶν
1746 3009 1848 3052 σῶν

240 3097 624 3174 προϐλημάτων
684 3099 779 3158 τὰς
855 3093 1112 3155 ἐπιλύσεις
1175 3098 1351 3164 σαφεῖς
1417 3092 1483 3152 ὡς
1565 3089 1844 3164 ἐξῄτησας,

1881 1813 1923 1868 Β

1513 319 2028 378 EPISTOLARUM
2069 321 2283 378 LIBER
2321 323 2362 379 Ι.

3506 334 3612 389 782

1951 447 2118 504 modi
2143 447 2576 516 desiderentur,
2610 453 2751 508 tunc
2776 452 3082 512 enimvero
3111 471 3187 511 ne
3209 456 3323 513 illa
3369 457 3610 529 quidem

1951 537 2214 592 vitanda
2250 544 2408 604 sunt,
2437 555 2570 610 qua
2591 541 2700 596 etsi
2730 541 2844 598 ﬁde
2878 543 3109 610 aliena,
3141 550 3340 602 tamen
3368 552 3432 602 ut
3451 547 3614 603 Chri-

1952 626 2158 682 stianis
2180 627 2466 684 fratribus
2484 628 2639 685 bene
2662 630 2902 697 faciant,
2923 637 3227 706 tantopere
3245 638 3468 693 audent
3485 642 3612 694 tan-

1953 720 2201 786 tumque
2249 715 2448 772 oneris
2479 733 2601 774 non
2641 726 2936 776 recusant.
2977 720 3198 778 Harum
3228 740 3488 796 quoque,
3530 727 3614 782 in-

1951 819 2159 875 quam,
2194 804 2474 861 manibus
2497 806 2884 864 deferendam
2915 825 3231 866 censemus
3259 813 3442 869 divini
3470 815 3614 871 boni

1953 894 2442 950 communionem
2457 896 2534 950 ad
2547 912 2650 952 eos
2664 897 2766 968 qui
2780 913 2854 954 ne
2869 900 2981 954 sub
2999 900 3334 970 tyrannidis
3365 902 3610 976 quidem

1947 980 2095 1052 jugo
2109 983 2497 1040 Christianam
2512 984 2690 1042 ﬁdem
2703 987 3030 1057 negligant.
3045 992 3170 1046 Non
3186 990 3335 1046 enim
3347 1000 3612 1049 sanctum

1953 1070 2255 1142 polluitur,
2289 1073 2410 1128 imo
2429 1071 2631 1145 ipsum
2659 1091 2761 1130 eos
2808 1077 3141 1133 sanctiﬁcat
3169 1080 3273 1150 qui
3295 1095 3355 1135 se
3381 1082 3616 1136 contin-

1954 1164 2124 1229 gunt.
2157 1161 2275 1217 Nisi
2303 1160 2453 1218 forte
2495 1168 2786 1234 suspecta
2826 1164 3108 1235 quadam
3142 1181 3431 1238 persona,
3475 1185 3611 1241 qua

1952 1247 2132 1304 rebus
2156 1251 2340 1305 sacris
2357 1250 2602 1308 illudere
2621 1251 2832 1320 solent,
2861 1253 3127 1310 ofﬁcium
3149 1255 3295 1311 illud
3317 1256 3432 1312 sibi
3446 1273 3610 1314 com-

1954 1337 2206 1394 missum
2235 1339 2535 1398 simulent.

1956 1425 2110 1484 CAP.
2138 1429 2279 1483 V.—
2307 1429 2515 1485 Utrum
2543 1430 2626 1486 ad
2659 1445 2896 1488 sacram
2920 1433 3383 1491 communionem
3406 1436 3615 1492 admit-

2028 1499 2184 1555 tendi
2207 1500 2321 1555 sint
2344 1501 2522 1569 pueri
2548 1501 2754 1573 quibus
2775 1503 3218 1561 Saracenorum
3248 1507 3614 1565 incontinen-

2032 1572 2113 1625 tia
2144 1571 2260 1627 vim
2278 1573 2505 1627 attulit.

2032 1578 2113 1625 tia
2144 1578 2260 1627 vim
2278 1578 2505 1627 attulit.

2031 1663 2278 1732 Insuper
2304 1661 2609 1718 decretum
2637 1661 2766 1729 fuit,
2790 1679 2865 1719 ne
2892 1664 3092 1736 pueris
3125 1666 3347 1739 quibus
3388 1667 3612 1724 Barba-

1958 1764 2160 1804 rorum
2192 1749 2566 1822 impudicitia
2627 1752 2682 1807 vi
2731 1758 2998 1825 stuprum
3043 1755 3375 1823 obtulisset,
3408 1757 3615 1813 habita

1958 1837 2188 1894 ratione
2211 1838 2510 1895 violentia
2537 1844 2595 1896 et
2619 1842 3007 1913 necessitatis,
3049 1845 3222 1902 venia
3265 1846 3609 1919 denegetur,

1958 1942 2104 1982 neve
2119 1926 2154 1981 ii
2168 1927 2373 1984 divina
2385 1944 2454 1984 ac
2467 1928 2706 1986 viviﬁca
2717 1933 3131 1990 communione
3159 1934 3609 2004 prohibeantur.

1959 2015 2082 2070 Nisi
2107 2016 2252 2072 forte
2281 2016 2685 2075 voluntarium
2716 2025 3028 2092 peccatum
3070 2029 3564 2095 perpetraverunt
3591 2042 3605 2081 :

1960 2109 2098 2161 tunc
2110 2105 2292 2172 enim,
2319 2121 2438 2162 non
2455 2123 2628 2164 secus
2651 2125 2720 2166 ac
2731 2109 2868 2168 illos
2893 2111 2995 2182 qui
3013 2117 3225 2184 sponte
3242 2113 3435 2185 culpis
3453 2115 3614 2186 ejus-

1960 2195 2636 2264 modisemetirretiunt,
2661 2214 2845 2272 poena
2873 2199 3086 2258 merita
3117 2216 3338 2274 pueros
3367 2218 3612 2277 quoque

1959 2284 2144 2341 decet.

2031 2377 2216 2447 Atque
2239 2374 2334 2431 ha
2365 2375 2604 2434 fuerunt
2651 2393 2688 2434 a
2715 2381 2817 2434 tua
2865 2379 3084 2451 pietate
3121 2380 3454 2453 quationes
3479 2397 3612 2454 pro-

1959 2464 2643 2535 posita,consultatione
2669 2482 2915 2538 prorsus
2948 2468 3340 2539 dignissima,
3377 2474 3610 2544 tuaque

1960 2553 2262 2624 sapientia
2288 2553 2476 2609 zelum
2519 2557 2661 2611 satis
2691 2556 3188 2614 demonstrantes.
3248 2559 3383 2615 Hac
3409 2559 3550 2616 item
3578 2577 3614 2619 a

1958 2640 2424 2711 religiosissimis
2455 2644 2848 2718 metropolitis
2873 2648 3156 2703 concordi
3183 2647 3470 2718 suffragio
3493 2649 3615 2706 lata

1944 2731 2248 2787 sententia
2260 2737 2559 2805 est,quam
2569 2739 2778 2792 nostra
2789 2735 3168 2793 mediocritas
3183 2743 3368 2794 ratam
3380 2738 3614 2797 habens

1959 2822 2140 2892 atque
2163 2819 2528 2878 conﬁrmans
2559 2823 2638 2879 ad
2685 2824 3023 2896 religiosam
3049 2830 3211 2882 tuam
3235 2828 3612 2886 sanctitatem

1959 2909 2158 2966 mittit.
2202 2909 2419 2982 Excipe
2461 2911 2640 2984 igitur
2669 2913 3110 2971 dubitationum
3155 2919 3417 2983 tuarum,
3455 2934 3612 2991 quas

1959 2998 2274 3072 postulasti
2291 3001 2642 3072 perspicuas
2667 3001 3011 3069 solutiones,
3037 3020 3258 3078 easque
3289 3007 3614 3066 commodo

1960 3089 2019 3144 in
2050 3094 2315 3161 tempore
2343 3091 2734 3164 personisque
2757 3092 2989 3149 idoneis
3019 3099 3186 3150 utens
3210 3111 3406 3152 serva.
3431 3099 3496 3152 Et
3515 3112 3614 3154 ne-

239 3188 292 3242 ἇν
345 3196 512 3263 καιρῷ
559 3193 648 3240 καὶ
698 3192 964 3263 προσώπῳ
1014 3191 1085 3256 τῷ
1139 3177 1415 3253 ἐπιτηδείῳ
1467 3182 1662 3243 ταύτας
1721 3199 1849 3232 συν-

1964 3177 2098 3234 cubi
2127 3179 2187 3234 in
2216 3178 2307 3234 his
2354 3179 2598 3247 labaris,
2652 3181 2742 3237 vel
2791 3183 2933 3254 quia
2975 3184 3268 3242 incuria...
3312 3185 3517 3242 Valere
3558 3191 3611 3244 te

238 3286 415 3351 τηρῶν
494 3282 583 3330 καὶ
658 3275 1097 3349 παραφυλάττων
1188 3275 1278 3324 καὶ
1337 3275 1408 3343 μή
1464 3289 1514 3322 τι
1578 3273 1697 3342 περὶ
1752 3273 1846 3328 τὴν

239 3371 440 3421 τούτων
499 3365 817 3438 ἀποτυχίαν,
872 3363 978 3416 ἀλλ’
1033 3365 1114 3416 ὃτι
1170 3357 1420 3418 ἁκηδίαο
1476 3378 1587 3417 κ...
1638 3359 1844 3432 ἄλλῳ...

238 3459 307 3510 τὰ
339 3454 390 3510 δ’
421 3455 556 3528 ἄλλῳ
584 3478 596 3489 ·
632 3454 889 3530 ἐρρῶσθαι
939 3449 999 3506 δὲ
1053 3449 1145 3504 διὰ
1191 3452 1383 3511 παντὸς
1420 3469 1510 3506 xu.
1535 3491 1582 3505 ..
1621 3447 1845 3520 λιπαροῦ

1959 3268 2155 3338 cupio,
2164 3268 2415 3342 jugique
2429 3269 2734 3326 sanctitate
2747 3287 2815 3326 ac
2824 3270 3056 3342 justitia
3085 3289 3320 3330 sacrum
3350 3279 3610 3332 vestrum

1957 3371 2162 3427 regere
2193 3372 2457 3427 gregem,
2481 3363 2659 3431 atque
2690 3375 2726 3415 a
2747 3360 2942 3416 noxiis
2972 3361 3188 3418 anima
3217 3362 3370 3418 vitiis
3402 3365 3610 3436 procul

1960 3451 2222 3503 avertere
2247 3446 2412 3502 Finis
2440 3448 2852 3518 capitulorum.

241 3550 351 3620 μὴν
416 3544 464 3598 ἓν
535 3547 771 3603 ὁσιότητι
820 3548 911 3596 καὶ
989 3539 1270 3613 δικαισῦνη
1330 3541 1388 3590 τό
1448 3539 1579 3612 ἱερόν
1633 3539 1776 3611 ὑμῶν
1827 3541 2136 3611 ποιμένοντα
2181 3539 2420 3610 ποίμνιον
2475 3540 2630 3606 ἱεσον,
2687 3543 2777 3592 καὶ
2827 3547 2927 3592 τῶν
2991 3539 3369 3616 ψυχολετήρων
3433 3544 3612 3598 παθῶν

245 3633 282 3690 δ
287 3633 505 3712 ιατηρ[ῆ
515 3654 605 3689 σαι
633 3631 831 3709 πορῥὼ]
864 3651 1026 3708 τερον.
1056 3662 1122 3671 “““
1150 3629 1301 3692 Τελος
1325 3635 1426 3682 τῶν
1454 3626 1759 3700 κεφαλαίων.

607 3763 1271 3860 EPISTOL/E
1382 3759 1627 3852 CAN
1637 3762 1812 3852 ΟΝ
1824 3758 2068 3852 ΙΟίΕ

884 3941 1098 3992 ΕΠΙΣΤ.
1123 3934 1234 3989 ΙΘ’.

2179 3760 2346 3850 AD
2458 3758 3208 3860 EPISCOPOS.

2609 3931 2826 3988 EPIST.
2858 3932 2997 3987 XIX.

1508 4019 1662 4068 Edita
1693 4031 1727 4069 a
1753 4019 2082 4071 Montacutio
2107 4022 2180 4085 (p.
2215 4021 2346 4083 385).

319 4112 500 4163 Πάντα
571 4115 666 4170 τῆς
724 4109 865 4180 ὑμῶν
941 4105 1318 4180 ἀρχιερατικῆς
1383 4101 1699 4163 τελειότητος
1761 4105 1850 4152 καὶ
1881 4101 1926 4155 D

242 4205 600 4272 πνευματικῆς
650 4201 836 4268 σοφίας
885 4200 1056 4268 γέμει,
1113 4198 1202 4246 καὶ
1246 4199 1338 4252 τῆς
1398 4189 1671 4252 πολιτικῆς
1715 4189 1851 4242 εὐνο-

243 4293 370 4362 μίας
411 4308 472 4361 τη
520 4285 758 4362 ἀκριϐείᾳ
805 4289 1178 4359 συγκέκραται.
1245 4287 1314 4335 Τό
1354 4300 1408 4333 τε
1450 4283 1552 4354 γὰρ
1606 4279 1678 4341 εἰς
1732 4299 1851 4332 συν-

245 4375 437 4436 οὸικήν
481 4381 656 4450 κρίσιν
713 4374 927 4447 ἀγαγεῖν
979 4371 1014 4425 ἂ
1054 4369 1405 4446 προύϐάλλετο
1453 4374 1546 4428 τὴν
1587 4367 1850 4442 ἀμφισϐή-

246 4485 403 4525 τησιν
428 4487 442 4500 ·
467 4469 558 4518 καὶ
595 4468 653 4517 τό
692 4468 763 4537 μὴ
799 4463 965 4535 οἰκείᾳ
1007 4462 1155 4536 ῥώμῃ
1202 4469 1292 4520 τῆς
1342 4463 1616 4522 συνέσεως,
1665 4463 1850 4532 καίπερ

248 4557 439 4616 ἱκανῶς
469 4552 668 4628 ἐχούσῃ
703 4558 792 4606 καὶ
821 4550 1188 4604 πολυπλάσιον
1229 4546 1393 4622 βάρος
1431 4550 1636 4619 ανέχειν
1685 4545 1854 4617 ὀχλή-

249 4661 409 4697 σεων·
466 4647 556 4695 καὶ
606 4644 686 4708 τό,
741 4645 989 4714 πρότερον
1037 4640 1134 4701 τὰς
1189 4636 1489 4710 ἐγκολπίους
1542 4634 1852 4706 φιλονεικίας
1933 4699 1940 4705 ο

250 4731 655 4806 διαλυσάμενον,
688 4731 820 4786 οὕτω
876 4736 1070 4804 χωρεῖν
1123 4727 1206 4781 ἐπὶ
1243 4731 1337 4786 την
1387 4730 1560 4802 κρίσιν
1599 4732 1698 4777 τῶν
1729 4723 1854 4786 ἔξω·

2032 4101 2246 4158 Omnia
2270 4104 2486 4156 vestra
2531 4099 2854 4156 sacerdotis
2884 4101 3106 4156 summi
3133 4100 3508 4174 perfectionis
3557 4105 3616 4158 et

1959 4191 2282 4262 spiritualis
2308 4191 2618 4264 sapientia
2644 4191 2822 4264 plena
2867 4195 3025 4257 sunt,
3069 4206 3209 4246 cum
3235 4196 3446 4246 exacta
3474 4189 3612 4246 civi-

1958 4279 2107 4336 lium
2154 4296 2355 4336 rerum
2404 4281 2512 4337 rite
2564 4279 3181 4337 administrandarum
3236 4279 3444 4351 peritia
3473 4293 3613 4334 eon-

1956 4368 2200 4439 juncta.
2232 4371 2382 4425 Nam
2421 4374 2478 4426 et
2507 4385 2580 4426 ea
2621 4385 2759 4442 qua
2791 4367 3285 4440 proponebantur
3313 4367 3392 4424 ad
3418 4368 3612 4424 disce-

1962 4459 2405 4530 ptationem,ad
2435 4459 2787 4532 synodicum
2795 4457 3091 4528 judicium
3123 4457 3357 4523 referre,
3383 4473 3491 4513 nec
3518 4473 3610 4514 so-

1959 4546 2143 4602 lertia
2171 4564 2292 4603 sua
2334 4549 2529 4605 robori
2559 4549 2764 4618 ﬁdere,
2811 4546 3088 4620 quamvis
3115 4545 3429 4602 sufﬁcienti
3461 4545 3613 4602 mul-

1964 4636 2146 4707 tiplex
2202 4639 2580 4708 negotiorum
2638 4623 2878 4710 p'ondus
2928 4636 3235 4701 sustinere,
3299 4639 3356 4690 et
3410 4635 3612 4706 sopitis

1964 4725 2229 4796 primum
2278 4726 2574 4784 intestinis
2620 4725 3119 4792 dissensionibus,
3153 4724 3233 4782 ita
3257 4723 3504 4781 demum
3534 4723 3614 4781 ad

1654 4833 1890 4887 VARle
1932 4832 2329 4890 LECTIONES.

324 4961 350 4992 c
379 4948 442 5005 In
475 4946 865 5021 sequentibus
896 4943 1131 5002 lacunis
1161 4941 1262 4999 vix
1291 4941 1402 4998 tria
1424 4937 1727 4997 vocabula
1751 4938 2090 5004 amisimus,
2118 4955 2256 5012 qua
2285 4940 2402 5014 legi
2431 4945 2739 5013 nequeunt
2761 4941 2822 4997 in
2848 4939 3183 4997 oblitterato
3211 4937 3435 4996 codice.

1813 5043 2038 5100 NOT/E.

247 5165 415 5238 apud
437 5161 808 5238 Beverigium
836 5164 980 5216 tom.
1010 5157 1079 5229 II,
1110 5173 1172 5229 p.
1217 5156 1286 5238 Ἲς)
1331 5170 1464 5226 sqq.
1512 5152 1576 5208 Et
1604 5151 1848 5238 quidem

245 5231 374 5301 eas,
404 5231 932 5305 exceptofortasse
974 5231 1317 5305 necessario
1348 5242 1513 5305 casu,
1551 5231 1852 5305 sanctiora

250 5294 541 5382 mysteria
553 5294 837 5428 attigisse,
856 5306 1183 5370 negatcum
1201 5299 1459 5379 Blastare
1474 5295 1764 5351 Arcudius
1780 5294 1854 5348 de

250 5383 384 5428 (ιι-Λ-
401 5395 532 5428 can.
563 5380 644 5428 10.
719 5375 910 5428 eaend
922 5387 1240 5428 usauoaue
1263 5370 1512 5425 Goarius
1531 5367 1604 5421 ad
1621 5365 1853 5421 euchol.

249 5375 384 5438 0rd.
401 5395 532 5450 cap.
563 5380 644 5433 to.
675 5375 910 5445 Legend
922 5387 1240 5455 usquoquoe
1263 5375 1512 5450 Goarius
1531 5375 1604 5448 ad
1621 5375 1853 5421 euchol.

249 5469 314 5526 p.
347 5452 452 5526 2_1_9
483 5449 940 5526 sq..necnon-lo.
970 5445 1170 5526 [fumus
1197 5458 1256 5497 in
1281 5440 1852 5526 pepuliari't'ractatu:

257 5509 336 5581 be
349 5509 706 5596 diaconissis
717 5515 1194 5596 deniquebrevia
1203 5509 1478 5596 Quadam
1489 5509 1858 5596 pellectanea

251 5580 631 5667 reliquitmss.
646 5589 674 5643 J
679 5580 940 5667 osephus
946 5588 1161 5658 Regius
1175 5580 1474 5642 vaticana
1487 5580 1857 5667 bibliotheca

254 5651 404 5725 ξωιὲ
420 5665 530 5722 hos
556 5677 746 5720 annos
785 5651 1122 5734 prafectus,
1163 5673 1300 5731 qua
1330 5671 1452 5712 non
1491 5654 1618 5709 sine
1649 5651 1852 5723 aliquo

1961 5155 2152 5211 fructu
2166 5154 2462 5232 leguntur.
2483 5153 2562 5206 De
2574 5148 3058 5232 αἰδεσθῇς-(χιλίίηὶ
3069 5165 3335 5232 carceres
3356 5150 3433 5232 ad
3457 5166 3614 5232 mar-

1963 5234 2122 5298 tyres
2155 5221 2654 5298 submittebantur
2673 5227 2870 5298 exstat
2893 5221 3116 5298 Natalis
3155 5221 3471 5298 Alexandri
3503 5222 3616 5277 dis-

1967 5293 2202 5375 sertatio
2232 5299 2291 5352 in
2313 5297 2606 5375 Thesauro
2637 5295 2811 5375 theol.
2842 5301 2984 5375 tom_.
3017 5293 3102 5357 XI,
3137 5308 3196 5375 p_.
3244 5293 3365 5375 5st.
3485 5365 3496 5375 .

2036 5370 2147 5441 (l7)
2178 5372 2262 5424 [ta
2276 5368 2549 5441 modeste
2570 5369 2763 5422 semet.
2778 5365 3080 5441 appellare
3106 5364 3498 5441 solentGraci
3514 5379 3618 5436 pa-

1967 5436 2239 5497 triarcha
2270 5440 2331 5494 in
2364 5438 2730 5511 synodorum
2781 5437 2929 5511 actis
2977 5436 3134 5511 apud
3168 5436 3613 5492 Leunclavium.

1968 5513 2155 5568 Latini
2183 5517 2383 5568 autem
2395 5507 2576 5583 'sape
2599 5513 2845 5583 utuntur
2861 5507 3118 5563 dictione
3134 5513 3342 5583 nostra
3356 5519 3617 5562 mansue-

1970 5584 2128 5651 tudo,
2160 5599 2300 5641 cum
2329 5579 2535 5640 Graca
2562 5579 2770 5654 phrasi
2801 5579 2985 5636 ferme
3031 5579 3464 5650 conspirantes.
