4088 6214
622 310 728 367 783

1833 304 2073 362 ΡΗΟΤΙΙ
2111 304 2241 358 ΡΑΤ

2330 303 2595 361 Ancum
2654 305 2764 362 CP.
3529 282 3531 284 ’
3795 323 3864 379 τε,

617 451 691 494 ea
707 453 843 510 quae
856 438 1021 493 extra
1034 438 1173 491 sunt
1187 425 1580 505 dijudicanda
1596 430 1935 503 procedere,
1954 429 2242 503 quomodt

2327 430 2482 500 ten,
2530 438 2640 492 πῶς
2682 431 2775 484 ούκ
2822 434 2934 485 ἔστι
2991 437 3082 505 μὶν
3133 437 3271 497 θείας
3319 441 3494 511 σοφίας
3541 437 3863 516 ἀπευθυνομένον

618 540 740 583 non
771 525 899 598 ejus
924 525 1000 580 sit
1041 523 1144 596 qui
1196 523 1274 578 ad
1321 521 1537 578 divinae
1569 519 1874 592 sapientiae
1906 519 2176 590 regulam
2203 533 2267 574 se

615 615 966 687 comparet?
990 615 1254 680 Quatuor
1279 610 1456 681 igitur
1475 609 1642 666 initio
1673 611 1874 667 statim
1907 609 1983 666 ad
2015 623 2263 665 examen

613 705 902 780 propositi
931 700 1282 776 presbyteri,
1307 705 1462 756 recte
1490 701 1693 756 statim
1723 717 1795 756 ex
1822 700 1984 772 justo
2012 698 2264 765 calculo,

612 795 691 853 ab
744 795 952 866 iniqua
1003 796 1059 848 et
1108 793 1322 863 praeter
1378 789 1673 846 rationem
1721 789 1981 860 irrogata
2010 803 2264 845 censura

610 885 870 943 absoluti
897 887 1035 938 sunt
1063 900 1080 954 ;
1115 885 1170 938 et
1192 880 1467 937 vecordia
1496 879 1918 937 irrationabilis
1950 879 2009 936 in
2031 879 2262 951 justam

608 973 963 1032 sententiam
1003 970 1270 1044 impegit.
1327 973 1456 1027 Non
1517 970 1673 1027 enim
1729 969 1816 1026 fas
1862 976 1970 1035 est,
2003 984 2126 1025 non
2152 975 2260 1038 est,

605 1064 876 1136 inquam,
899 1063 1009 1130 fas,
1043 1078 1113 1118 ex
1147 1060 1532 1119 accusatione
1589 1059 1735 1128 sola,
1770 1060 1892 1116 sive
1948 1060 2252 1130 exiguum,

607 1152 732 1209 sive
781 1168 1095 1224 magnum,
1137 1150 1261 1207 sive
1301 1148 1485 1205 etiam
1530 1149 1862 1206 maximum
1913 1149 2140 1206 crimen
2162 1148 2257 1214 sit,

603 1242 778 1314 cujus
808 1241 1056 1299 intentio
1113 1239 1686 1296 demonstrationem
1744 1254 1866 1295 non
1917 1238 2157 1306 habeat,
2179 1237 2259 1294 ob

601 1331 746 1388 illud
796 1332 890 1388 vel
945 1330 1319 1388 sacerdotem
1387 1329 1578 1403 gradu
1631 1328 1873 1397 moveri,
1949 1326 2045 1384 vel
2111 1327 2258 1384 irro~

599 1421 728 1492 gari
754 1437 1095 1479 censuram.
1145 1421 1390 1478 Multum
1451 1435 1597 1476 sane
1636 1417 1850 1474 lucrati
1873 1421 2070 1474 essent
2092 1432 2259 1490 syco-

599 1509 860 1581 phantae,
909 1509 955 1564 si
1011 1525 1163 1581 quos
1217 1509 1581 1566 intentorum
1613 1507 1938 1564 criminum
1966 1521 2099 1564 reos
2128 1521 2258 1579 per-

600 1614 777 1670 agere
836 1615 957 1656 non
1014 1604 1355 1671 potuerunt,
1416 1615 1625 1656 eorum
1700 1612 1911 1669 poenas
1998 1596 2256 1668 pendere

598 1688 772 1760 quasi
833 1688 1139 1745 convictos
1190 1689 1474 1745 viderent.
1509 1687 1646 1753 Quis
1676 1687 1836 1742 enim
1863 1685 2054 1742 exitus
2091 1686 2182 1756 sit,
2207 1685 2254 1741 si

2375 524 2600 590 γνὼμονι
2631 536 2646 588 ;
2678 522 2743 573 Oi
2792 525 2883 594 μὲν
2934 518 3021 576 οὖν
3069 523 3134 584 εἰς
3193 524 3415 588 ἐξέτασιν
3457 531 3562 580 κατ’
3607 529 3748 606 ἀρχὰς
3779 555 3864 609 προ-

2378 610 2604 670 τεθέντες
2663 614 2913 684 τέσσαρες
2971 611 3332 688 πρεσϐύτεροι,
3397 617 3554 680 καλῶς
3615 621 3756 688 εὐθὺς,
3805 635 3865 687 τῆς

2377 695 2587 769 ἀλόγου,
2667 704 2756 752 καὶ
2825 699 2953 752 πολὺ
3017 705 3076 754 τὸ
3145 700 3329 756 ἄδικον
3395 704 3604 777 ἐχούσης
3670 709 3866 784 imagis;

2375 785 2702 854 ἀθωωθῆναι,
2759 786 2971 843 δικαίαν
3014 790 3186 865 ψῆφον
3235 793 3495 848 ἀπέλαϐον.
3534 803 3624 850 Καὶ
3669 801 3788 852 ᾶνοιά
3815 822 3866 864 τις

2373 874 2642 948 ἀλόγιστος
2671 885 2732 950 τῇ
2765 874 2952 952 δικαίᾳ
2978 879 3136 954 ψήφῳ
3172 880 3514 958 ἀντέκρουσεν.
3551 886 3618 938 Ou’
3643 890 3725 960 γὰρ
3751 891 3864 956 ἔστιν,

2371 966 2464 1018 ούκ
2522 969 2663 1020 ἔστιν
2715 967 2770 1020 ἔκ
2820 974 3141 1043 κατηγορίας
3193 977 3374 1044 μόνης,
3429 973 3518 1026 κᾶν
3571 981 3746 1050 μικρὸν,
3799 978 3864 1030 κᾶν

2367 1059 2520 1128 μέγα,
2571 1055 2666 1108 κᾶν
2709 1066 2808 1110 τῶν
2854 1064 3115 1132 μεγίστων
3159 1064 3235 1121 εἴη
3275 1065 3330 1115 τό
3381 1063 3601 1137 αἰτίαμα,
3642 1064 3755 1138 μηδὲ
3783 1075 3866 1139 μιᾶς

2369 1142 2688 1210 ἀποδείξεως
2751 1156 2812 1221 τῇ
2880 1149 3025 1222 αἰτία
3083 1153 3451 1222 περιτεθείσης,
3521 1153 3734 1226 οὐμενοῦν
3788 1159 3867 1208 οὗτε

2370 1236 2506 1308 ἱερέα
2575 1244 2668 1289 τοῦ
2715 1237 2908 1291 οἰκείου
2968 1236 3178 1312 βαθμοῦ
3233 1243 3614 1314 παρενεχθῆναι,
3665 1247 3759 1297 ούτι
3791 1250 3869 1297 τινὰ

2367 1323 2632 1399 ἐπιτιμίαν
2706 1327 2863 1386 ἄλλην
2932 1329 3340 1402 εἰσπραχθῆναι.
3393 1335 3533 1383 Ού¹τω
3579 1335 3667 1405 γὰρ
3719 1336 3779 1391 εἴη
3828 1335 3868 1385 ειν

2365 1419 2500 1486 μέγα
2546 1414 2731 1490 κέρδος
2781 1425 2886 1480 τοῖς
2934 1422 3296 1492 συκοφάνταις,
3327 1422 3404 1473 ὅτι
3452 1426 3535 1474 καὶ
3581 1427 3644 1493 μή
3692 1421 3869 1485 λαϐόντες

2366 1505 2439 1566 οἷς
2464 1506 2684 1578 ᾐτιῶντο
2731 1512 2848 1569 τούς
2895 1506 3177 1575 ἀναιτίους,
3231 1513 3294 1570 ὡς
3345 1509 3612 1572 ἑαλωκότας
3656 1508 3767 1564 εἶδον
3802 1519 3866 1570 τὴν

2367 1592 2522 1654 δίκην
2563 1595 2954 1659 ἀπαιτηθέντας.
2997 1603 3096 1651 Καὶ
3141 1603 3223 1661 τίς
3271 1598 3330 1650 ἂν
3379 1601 3589 1674 εὑρεθείη
3638 1605 3779 1675 πόρος,
3804 1609 3867 1662 τῆς

2364 1685 2664 1758 παραλόγου
2707 1690 2902 1750 ταύτης
2952 1694 3112 1762 φορᾶς
3148 1691 3488 1762 κυρωθείσης,
3535 1686 3604 1742 δι’
3644 1690 3694 1743 οὗ
3731 1695 3776 1743 τὸ
3798 1695 3867 1763 μαι

597 1776 726 1833 haec
753 1777 904 1833 ratio
927 1777 1209 1844 obtineat,
1238 1794 1360 1851 quo
1385 1778 1682 1834 immerito
1728 1775 1988 1832 accusati
2037 1791 2242 1833 manus

2327 1791 2456 1840 ιτην
2515 1780 2957 1851 κατηγορούμενον
3007 1779 3095 1838 τὰς
3159 1777 3317 1840 λαϐὰς
3373 1788 3466 1831 τῶν
3533 1783 3867 1853 σνκοφαιτησάιο

595 1866 1113 1939 sycophantarum
1153 1867 1449 1932 evadant?
1481 1869 1610 1924 Non
1648 1864 1954 1923 convictos
1983 1865 2160 1936 igitur
2179 1865 2254 1922 de

594 1955 680 2012 eis
756 1971 1016 2030 quorum
1073 1956 1532 2022 accusabantur,
1579 1957 1958 2012 mediocritas
2026 1959 2250 2024 nostra,

595 2045 936 2102 secundum
967 2051 1226 2103 vestram
1256 2063 1386 2119 quae
1418 2046 1495 2102 ab
1513 2045 1680 2103 initio
1710 2045 2000 2119 processit
2022 2049 2252 2102 senten-

593 2134 758 2202 tiam,
807 2135 1006 2192 omnis
1069 2135 1586 2193 condemnationis
1635 2135 1937 2192 immunes
1986 2135 2246 2192 dimittit.

591 2223 704 2290 Qui
733 2229 935 2280 autem
958 2224 1194 2280 intentis
1253 2224 1606 2280 criminibus
1661 2224 1849 2281 teneri
1891 2223 2249 2296 deprehensi

591 2316 749 2381 sunt,
799 2313 918 2369 sive
950 2312 1287 2382 saeculares,
1349 2313 1474 2370 sive
1517 2313 1580 2369 in
1611 2313 1826 2370 eadem
1892 2328 2077 2370 causa
2124 2327 2250 2368 ver-

588 2407 790 2460 santes
809 2403 1162 2476 presbyteri,
1195 2403 1304 2460 hos
1335 2419 1600 2459 censurae
1632 2403 1710 2459 ad
1740 2407 1977 2475 tempus
2009 2402 2247 2458 inﬂicta:

593 2493 830 2565 subjici,
846 2493 1164 2567 siquidem,
1180 2492 1537 2560 utdiximus,
1555 2493 1781 2549 crimen
1795 2496 2006 2550 notum
2020 2491 2248 2549 factum

588 2581 681 2647 sit,
723 2584 904 2640 etiam
933 2597 1042 2638 nos
1085 2582 1564 2655 pronuntiamus.
1599 2582 1828 2648 Quibus
1857 2586 2056 2638 autem
2083 2581 2248 2638 nulla

587 2669 821 2729 indulta
848 2677 940 2728 est
963 2672 1150 2738 venia,
1178 2671 1251 2728 de
1269 2671 1352 2727 eis
1369 2687 1490 2728 non
1511 2671 1807 2728 habemus
1836 2671 1998 2743 quod
2020 2671 2246 2743 judice-

588 2777 742 2833 mus,
770 2762 994 2835 quibus
1025 2761 1099 2817 de
1129 2761 1373 2817 crimine
1392 2776 1514 2817 non
1557 2765 1812 2816 constat.
1842 2763 1920 2816 De
1956 2761 2244 2832 episcopo

587 2853 788 2909 autem
833 2851 968 2918 hoc,
1036 2850 1370 2907 secundum
1419 2850 1732 2916 rationem,
1787 2853 1841 2905 et
1893 2855 2246 2917 canones,et

585 2955 860 3011 examen,
879 2945 936 2998 et
962 2940 1226 2997 terminis
1253 2941 1545 3012 processit.
1563 2938 1879 2996 examinis.
1907 2941 2023 2996 Nos
2041 2945 2242 2996 autem

583 3029 1222 3086 adconsternationem
1263 3044 1380 3084 non
1445 3027 1645 3085 mirari
1711 3043 1835 3084 non
1895 3043 2242 3100 possumus,

2361 1884 2464 1916 των
2513 1861 2846 1938 διαφεύξεται
2893 1884 2906 1935 ;
2963 1871 3096 1929 Τούς
3139 1863 3225 1920 οὖν
3286 1866 3360 1940 ἐφ’
3403 1869 3471 1929 οἷς
3511 1871 3868 1944 κατηγορήθησαν

2361 1959 2431 2025 μὴ
2467 1953 2822 2027 ἐλεγχθέντας,
2876 1955 3077 2020 ἀθώους
3113 1961 3237 2020 τέως
3288 1959 3318 2016 ἡ
3368 1959 3507 2030 ἡμῶν
3550 1963 3795 2032 μετριότης,
3823 1959 3867 2017 ὡς

2359 2049 2448 2096 καὶ
2493 2046 2521 2103 ἡ
2573 2045 2683 2098 κατ-⁸
2727 2048 2900 2119 ἀρχὰς
2951 2048 3093 2119 ύμων
3159 2046 3482 2120 προελθοῦσα
3523 2046 3689 2120 ψῆφος,
3741 2049 3868 2106 πάσης

2358 2130 2654 2197 καταδίκης
2707 2134 2950 2208 ἀφίησινο
2991 2135 3146 2188 ’Ὀσοι
3194 2133 3252 2189 δὲ
3304 2143 3410 2199 τοῖς
3453 2134 3733 2208 ἐγκλήμασιν
3760 2135 3867 2188 ἑαλω-

2357 2227 2504 2284 κότες
2568 2221 2862 2284 κατάδηλοι
2927 2227 3310 2288 καθεστήκασι,
3366 2228 3482 2288 τούς
3537 2244 3584 2278 τε
3649 2227 3864 2297 κοσμικούς

2358 2331 2511 2385 φημι,
2566 2319 2656 2366 καὶ
2711 2317 2825 2376 τοὺς
2878 2319 2972 2367 σὺν
3035 2315 3211 2378 αὐτοῖς
3271 2314 3598 2387 ίταζομένους
3656 2316 3870 2385 πρεσϐυτέ-

2354 2421 2496 2475 ρους,
2565 2406 2782 2466 τούτους
2835 2404 3103 2477 φυλάττειν
3168 2407 3226 2456 τό
3294 2410 3599 2478 πρόσκαιρον
3657 2401 3867 2472 ἐπιτίμιον,

2356 2489 2414 2541 ἃν
2474 2494 2542 2554 ὡς
2598 2493 2806 2565 ἔφημεν,
2869 2497 3098 2564 γνωστόν
3144 2497 3369 2552 κατέστη
3431 2497 3486 2545 τό
3550 2493 3754 2564 αἰτίαμα,
3806 2492 3868 2540 καὶ

2354 2581 2502 2652 ἡμεῖς
2547 2580 2960 2655 ἀποφαινόμεθα.
3019 2587 3142 2655 Περὶ
3189 2580 3248 2636 δὲ
3295 2581 3361 2634 ὧν
3407 2579 3614 2654 όύδεμία
3653 2584 3865 2650 συγγνώμη

2355 2669 2566 2742 προέϐη,
2601 2667 2752 2724 οὐδὲν
2799 2673 2924 2744 ἡμῖν
2965 2677 3290 2746 παρίσταται
3348 2674 3518 2744 φάναι,
3572 2666 3741 2727 ἀδήλου
3781 2669 3868 2738 ἡμῖν

2353 2761 2734 2821 καθεστηκότος
2793 2769 2884 2813 τοῦ
2932 2758 3287 2834 ἀδικήματος.
3344 2765 3443 2814 Καὶ
3495 2764 3601 2835 περὶ
3648 2757 3868 2810 ἐπισκόπου

2355 2844 2414 2901 δὲ
2454 2846 2628 2916 τοῦδε,
2682 2847 2962 2922 ἀξιολόγως
3005 2854 3114 2924 μεν,
3166 2856 3259 2903 καὶ
3309 2857 3595 2915 κανονικῶς,
3636 2852 3710 2898 καὶ
3741 2847 3766 2903 ἡ
3801 2844 3871 2904 ζή-

2353 2957 2525 3002 τησις,
2585 2944 2677 2991 καὶ
2728 2943 2786 2991 τό
2829 2944 2984 3014 πέρας
3036 2939 3264 3014 προῆλθε
3317 2947 3406 3000 τῆς
3453 2938 3711 3014 ἐξετάσεως.
3749 2933 3872 3003 Ἦμάἶ

2355 3025 2414 3080 δὲ
2482 3028 2766 3093 ἐκπλήξεως
2816 3028 3119 3103 παρέπεμψε
3177 3031 3425 3103 θαύματι,
3498 3034 3621 3088 ὅπως
3661 3021 3871 3098 ζπαντελώς

581 3135 764 3192 quam
804 3135 1050 3192 prorsus
1073 3118 1271 3177 alieno
1292 3134 1329 3175 a
1358 3117 1635 3190 praesenti
1661 3132 1937 3174 sermone
1984 3117 2242 3174 Amasiee

2355 3116 2596 3194 ἀλλότρια
2623 3127 2719 3180 τῆς
2765 3121 3040 3190 παρούσης
3084 3115 3392 3190 διηγήσεως
3437 3121 3492 3170 τό
3521 3123 3604 3169 τοῦ
3644 3113 3869 3184 Ἀμασείας

581 3209 861 3267 antistitis
884 3209 1088 3266 litterae
1120 3213 1176 3265 et
1200 3213 1439 3266 narrent
1476 3210 1534 3264 et
1573 3206 1915 3279 subjiciant.
1951 3211 2098 3265 Nam
2131 3207 2240 3265 ali-

579 3315 762 3372 quem
775 3315 846 3354 ex
858 3299 1196 3355 testimonio
1209 3297 1504 3363 ordinare,
1524 3297 1762 3353 etiamsi
1779 3297 2066 3368 indignus
2083 3303 2244 3368 post-

584 3402 656 3446 ea
679 3388 1182 3460 deprehendatur,
1241 3387 1620 3442 ordinantem
1673 3387 1861 3459 culpas
1911 3386 2240 3443 obnoxium

584 3490 709 3532 non
747 3476 960 3532 reddit.
992 3475 1169 3548 Atqui
1200 3476 1346 3531 nihil
1387 3475 1502 3531 tale
1552 3475 1677 3530 istae
1733 3476 1937 3531 litterae
1979 3475 2243 3532 demon-

586 3565 876 3630 strabant,
909 3566 1055 3636 quin
1080 3565 1208 3635 ejus
1235 3564 1605 3620 contrarium
1625 3565 1972 3622 narrabant.
1995 3569 2238 3622 Rectum

584 3660 786 3711 autem
815 3655 942 3720 erit,
973 3653 1185 3710 adesse
1217 3656 1274 3708 et
1302 3668 1406 3709 eos
1433 3653 1536 3726 qui
1567 3654 1761 3710 testati
1793 3659 1950 3722 sunt,
1978 3671 2116 3712 cum
2148 3671 2241 3712 or-

584 3743 952 3800 dinationem
974 3741 1078 3816 qui
1131 3743 1442 3799 incusatur
1493 3743 1772 3816 suscepit,
1814 3749 1873 3801 ut
1900 3745 2234 3801 innocente.

584 3836 642 3889 et
689 3833 997 3906 inculpati,
1051 3833 1229 3889 etiam
1279 3831 1546 3905 iniquius
1603 3848 1745 3904 erga
1799 3833 2238 3890 absolutionem

581 3921 834 3980 fratrum
873 3921 1096 3979 affectis
1127 3926 1183 3978 et
1221 3922 1468 3978 omnino
1509 3921 1650 3979 odio
1700 3922 2086 3991 habentibus,
2142 3923 2241 3980 de-

581 4016 992 4069 monstrentur
1044 4029 1056 4068 :
1109 4015 1164 4068 et
1219 4011 1320 4067 Dei
1369 4010 1670 4078 sacerdos,
1699 4012 1762 4066 in
1801 4011 1984 4068 nihilo
2028 4028 2237 4068 eorum

581 4117 717 4174 quas
750 4101 992 4158 antistiti
1029 4099 1412 4166 conveniunt,
1453 4100 1900 4157 innovationem
1950 4102 2240 4159 sustineat

582 4189 947 4263 Synodicum
967 4195 1168 4246 autem
1182 4190 1256 4246 de
1273 4189 1719 4261 dispensatione
1739 4191 2050 4262 scriptum,
2071 4193 2236 4263 quod

579 4280 1099 4353 archiepiscopum
1124 4279 1796 4352 CaesarezeJnscriptum
1835 4280 2038 4346 habet,
2071 4286 2127 4338 et
2165 4299 2236 4338 ex

582 4375 779 4428 mente
810 4375 1018 4426 nostra
1047 4368 1348 4441 scriptum,
1383 4373 1441 4425 et
1465 4384 1537 4424 ex
1562 4374 1710 4425 nutu
1741 4375 1946 4426 nostro
1982 4372 2234 4428 missum

2351 3210 2574 3282 γράμμα
2635 3214 2724 3262 καί
2779 3206 3058 3280 ἀπήγγειλε
3105 3213 3194 3261 καὶ
3246 3210 3529 3261 ὑπετίθετο.
3560 3208 3622 3258 Τὸ
3663 3204 3747 3274 γὰρ
3779 3199 3873 3270 μετὰ

2350 3301 2626 3374 μαρτύρων
2657 3303 3030 3370 χειροτονῆσαί
3079 3317 3212 3364 τινα,
3265 3297 3363 3351 κᾶν
3402 3295 3651 3368 ῦστερονό
3694 3304 3873 3362 χειροτο-

2351 3390 2525 3449 νηθεὶς
2578 3387 2780 3451 ἀνάξιος
2829 3387 3149 3460 ἀπελεγχθῇ,
3197 3384 3351 3440 οὐδὲν
3382 3391 3635 3461 πρόκριμα
3661 3389 3720 3452 τῷ
3744 3393 3872 3450 χειρο-

2351 3483 2626 3535 τονήσαντι
2672 3482 2891 3549 γίνεται.
2939 3478 3035 3528 Ὠν
3084 3473 3234 3530 οὐδὲν
3281 3480 3338 3529 τό
3391 3478 3598 3548 γράμμα
3644 3464 3867 3524 ὑπεδήλουν

2351 3564 2478 3619 ἀλλά
2506 3571 2596 3619 καὶ
2644 3565 2890 3619 τάναντία
2943 3562 3222 3636 διήγγειλε.
3267 3565 3428 3619 Καλόν
3478 3560 3534 3616 δε
3582 3556 3870 3633 παρονσιάσαι

2349 3660 2437 3708 καὶ
2485 3655 2670 3716 αὐτούς
2699 3659 2819 3718 τούς
2876 3659 2968 3714 την
3007 3659 3304 3730 μαρτυρίαν
3352 3656 3681 3726 ὑποσχόντας,
3711 3647 3777 3697 ὅτε
3804 3642 3869 3696 τὴν

2347 3750 2675 3817 χειροτονίαν
2715 3746 2738 3797 ό
2784 3746 3020 3805 ὑπαίτιος
3051 3740 3365 3816 ἀνεδέχετοο
3397 3745 3462 3805 ὡς
3510 3740 3566 3793 ἄν
3610 3730 3866 3806 πανταχόθεν

2349 3838 2406 3886 τό
2459 3837 2687 3908 καθαρὸν
2735 3839 2824 3888 καὶ
2877 3833 3235 3898 ἀνεπίληπτον,
3287 3839 3373 3886 καὶ
3441 3837 3541 3892 τοῖς
3569 3826 3870 3901 ἀγνωμονέστε-

2347 3943 2436 3997 ρον
2511 3930 2628 3997 περὶ
2698 3928 2790 3983 τὴν
2848 3922 3086 3976 ἀθώωσιν
3138 3933 3239 3975 τῶν
3314 3919 3539 3996 ἀδελφῶν
3593 3914 3869 3984 διακειμένοις

2347 4013 2624 4084 παντελῶς,
2684 4019 2773 4066 καὶ
2846 4021 3115 4086 μισοῦσιν,
3193 4011 3554 4083 ἀποκαλυφθῇ,
3607 4010 3685 4059 καὶ
3729 4004 3749 4054 ὁ
3807 4001 3872 4049 τοῦ

2350 4113 2482 4159 Θεού
2512 4104 2804 4179 ἀρχιερεὺς,
2849 4104 2891 4156 εἰ
2936 4100 3102 4177 μηδὲν
3143 4112 3244 4156 τῶν
3301 4102 3583 4162 ἀνηκόντων
3629 4093 3870 4168 ἀρχιερεῦσι

2347 4200 2439 4254 τὴν
2493 4199 2817 4266 καινοτιμίαν
2851 4196 2927 4252 εἴη
2969 4195 3221 4254 ὑποστάς.
3283 4193 3357 4248 Τὸ
3411 4188 3469 4244 δὲ
3524 4181 3768 4242 συνοδικὸν
3804 4182 3872 4233 τίς

2345 4285 2639 4357 οἰκονομίας
2695 4286 2932 4359 γράμμα,
2994 4287 3025 4336 ὅ
3066 4285 3152 4335 τόν
3210 4281 3619 4356 ἀρχιεπίσκοπον
3673 4275 3770 4366 ἔχει
3804 4269 3871 4366 τῆς

2349 4356 2664 4449 Καισαρείας
2711 4356 3137 4447 προταττόμενον,
3182 4377 3361 4447 γνώμῃ
3424 4389 3475 4424 τε
3511 4369 3710 4440 ἡμετέρᾳ
3754 4356 3870 4449 ί]ρῴ

581 4465 703 4519 est:
732 4475 843 4517 nec
889 4458 1244 4532 quidquam,
1309 4462 1370 4512 ut
1413 4457 1647 4528 opinor,
1704 4458 1794 4514 vel
1847 4466 2058 4530 praeter
2099 4478 2234 4518 con-

2345 4484 2436 4537 φη,
2483 4469 2572 4516 καὶ
2607 4459 2680 4517 δι’
2735 4463 3018 4536 ἐπιτροπῇς
3071 4461 3361 4521 ἀπεστάληο
3415 4464 3502 4512 καὶ
3556 4451 3709 4515 ούιῒεν,
3743 4442 3868 4516 οἶμαι,

581 4551 916 4615 scientiam,
933 4548 1024 4606 vel
1035 4547 1219 4604 sacris
1234 4546 1738 4626 Spirituslegibus
1753 4549 2079 4606 adversum
2099 4569 2233 4608 con-

577 4641 740 4698 tinet.
775 4639 1160 4712 Magnaenim
1191 4643 1274 4694 est
1298 4635 1634 4692 differentia
1655 4643 2036 4708 peccatorum
2069 4641 2234 4710 igno-

574 4731 803 4799 rantiae,
845 4732 922 4788 ab
949 4729 1032 4786 eis
1061 4745 1196 4802 quae
1226 4743 1262 4783 a
1291 4725 1613 4781 scientibus
1639 4733 1847 4782 contra
1882 4727 1981 4798 jus
2017 4729 2228 4803 fasque

575 4819 1050 4889 proﬁciscuntur.
1083 4815 1638 4883 Sane,sacerdotum
1671 4820 1726 4871 et
1757 4815 2227 4878 Christianorum

576 4903 990 4965 defunctorum
1029 4907 1300 4978 neglecta
1337 4919 1498 4972 cura,
1542 4909 1602 4961 et
1639 4905 1990 4965 Psalmodiaa
2041 4927 2227 4969 sacrae

573 4997 861 5052 omissum
909 4997 1178 5054 debitum
1231 4995 1518 5061 ofﬁcium,
1587 4997 1924 5054 necessario
1976 5016 2105 5066 nos,
2151 5003 2225 5058 de

573 5089 782 5140 exacto
813 5101 1117 5142 sacrorum
1139 5103 1367 5143 canone
1397 5085 1476 5143 ad
1508 5083 1569 5140 id
1597 5084 1762 5156 quod
1785 5087 2222 5160 estbenignius,

570 5171 866 5228 remittere
883 5177 1057 5243 cogit.
1076 5176 1190 5232 Sed
1203 5177 1330 5232 haec
1347 5174 1492 5231 forte
1514 5173 1888 5246 superﬂuum
1903 5182 1993 5234 est
2015 5180 2222 5238 scienti

568 5261 778 5319 dicere.
809 5263 1076 5334 Capitula
1090 5271 1291 5322 autem
1319 5263 1679 5321 deﬁnitionis
1713 5271 1774 5319 ut
1796 5263 2039 5324 instanti
2073 5273 2219 5326 tem-

567 5367 712 5426 pore
733 5351 857 5407 ﬁeri
881 5352 1091 5423 potuit,
1124 5351 1361 5409 formari
1391 5351 1789 5411 decrevimus.
1833 5355 1943 5422 Qui
1973 5358 2221 5431 quidem

565 5445 703 5498 ante
734 5456 856 5496 rem
881 5442 1278 5499 contestatam
1307 5443 1564 5513 digamis
1609 5445 2063 5519 benedixerunt,
2093 5454 2220 5506 tum

565 5535 806 5604 propter
835 5530 1250 5602 ignorantiam,
1281 5537 1406 5590 tum
1444 5537 1604 5608 quod
1629 5537 1780 5594 nihil
1809 5538 1886 5595 ab
1919 5538 2217 5612 episcopis

561 5620 634 5680 de
653 5620 764 5679 hac
783 5637 847 5678 re
863 5618 1249 5678 constitutum
1270 5621 1466 5690 fuerit,
1485 5640 1680 5700 neque
1691 5627 1934 5686 aliunde
1946 5634 2218 5686 exactam

2345 4557 2461 4606 οὔτε
2495 4556 2637 4628 παρά
2668 4549 2972 4612 συνείδησὶν
3021 4555 3151 4624 ἔχει,
3185 4555 3304 4604 οὔτε
3356 4556 3464 4611 τοῖς
3504 4550 3643 4621 ἱεροῖς
3683 4537 3872 4612 μαχόμε-

2342 4662 2423 4695 νον
2453 4643 2544 4696 τοῦ
2572 4627 2874 4714 Πνεύματος
2907 4639 3150 4714 [νόμοις].
3185 4640 3353 4699 Πολλὴ
3386 4641 3486 4712 γὰρ
3514 4638 3542 4694 ἠ
3576 4630 3608 4686 δ
3613 4628 3772 4702 ιαφορὰ
3797 4627 3871 4722 τὼξ

2342 4731 2394 4794 ἐξ
2450 4731 2658 4804 ἀγνοίας
2706 4731 3114 4804 ἁμαρτημάτων,
3167 4733 3299 4802 πρὸς
3354 4730 3447 4790 τὰς
3509 4723 3554 4778 ἐν
3605 4722 3871 4816 γνωσιιηκαι

2339 4825 2466 4896 μετά
2515 4825 2946 4895 καταφρονήσεως
3017 4822 3305 4895 προῐούσας
3365 4816 3630 4888 ἀθεμίτους
3691 4814 3866 4896 πρεξξίιξι

2341 4917 2440 4964 Καὶ
2470 4913 2638 4985 ἱερέων
2679 4907 2737 4963 δε
2779 4915 2868 4962 καὶ
2913 4917 3243 4983 Χριστιανῶν
3301 4905 3647 4978 ἀποιχομένων
3695 4886 3867 4988 ούιξεμξα

2335 4978 2560 5076 φροντὶς,
2611 4996 2726 5052 οὐδ’
2783 4998 3093 5070 ὑμνολογίας
3165 4996 3489 5070 ὀφειλομένης
3559 4989 3675 5078 ἱερὰ.
3714 4978 3866 5078 τελετὴν

2334 5099 2440 5153 πῶς
2518 5089 2612 5142 ούκ
2667 5087 2725 5140 ἂν
2779 5087 3109 5148 ἕκϐιάσαιτσ,
3160 5085 3239 5139 ἐπ’
3299 5085 3610 5154 οἰκονομίαν,
3657 5072 3743 5124 ἀπὸ

2335 5178 2597 5253 ἀκριϐείας
2659 5187 2757 5231 τῶν
2822 5179 2966 5231 θείων
3023 5179 3328 5252 μυστηρίων
3385 5169 3644 5225 ἀποκλῖναι
3699 5177 3711 5226 ;

2333 5233 2459 5331 ἰσως
2503 5276 2671 5320 ταῦτα
2715 5269 2953 5341 περιττόν
3014 5233 3144 5339 πρὸς
3197 5233 3377 5318 ὲίδότα
3443 5260 3612 5331 λέγειν.
3672 5249 3776 5318 Περὶ
3822 5233 3864 5289 δε

2330 5367 2429 5412 τῶν
2475 5357 2782 5430 κεφαλαίων,
2841 5355 3009 5408 ἐκεῖνα
3083 5359 3204 5416 τέως
3261 5356 3327 5414 ὡς
3380 5350 3428 5404 ἐν
3479 5351 3634 5417 καιρῷ
3681 5346 3862 5430 κατεπει-

2327 5467 2473 5520 γοντι
2506 5449 2808 5506 τυπωθῆναι
2863 5442 3162 5518 διέγνωμεν.
3219 5441 3377 5495 Ὀσοι
3425 5441 3512 5511 μεν
3553 5435 3645 5520 πρὸ
3670 5433 3753 5485 τῆς
3777 5415 3863 5518 διξ·

2328 5519 2620 5614 μαρτυρίας
2676 5539 2796 5597 τοὺς
2845 5532 3110 5608 ῥἰγοίμους
3184 5531 3504 5604 ηὐλόγησαν,
3570 5519 3655 5576 διά
3703 5532 3748 5567 τε

2329 5611 2564 5701 ἄγνοιαν,
2591 5630 2680 5680 καὶ
2711 5623 2806 5680 διὰ
2835 5627 2893 5679 τὸ
2949 5620 3116 5698 μηδὲν
3142 5623 3284 5697 παρά
3312 5627 3408 5676 τῶν
3460 5614 3730 5671 ἐπισκόπων
3771 5611 3861 5666 περι
