4088 6214
217 267 330 323 785

1499 263 1836 322 EPISTOLA
1848 262 2008 323 RUM
2050 263 2266 318 LIBER
2304 263 2348 319 Ι.

3489 261 3595 318 786

219 399 321 455 τῆς
380 410 627 455 τοιαυτης
682 390 1132 465 έξασφαλισθῆναι
1201 392 1459 464 πράξεως,
1523 396 1656 465 μήτε
1721 395 1823 464 μήν

1939 404 2242 446 canonum
2272 386 2642 460 disciplinam
2673 386 2966 455 noverint,
3017 389 3073 444 et
3093 388 3410 458 propterea
3439 384 3593 460 lapsi

219 491 325 535 τῶν
377 486 602 535 κανόνων
661 480 951 554 ἀλλαχόθεν
1009 480 1276 556 ἀκρίϐειαν
1333 485 1535 556 μαθεῖν,
1588 487 1678 534 καὶ
1736 478 1831 534 διὰ

219 579 393 626 ταῦτα
442 579 515 643 τῷ
569 574 788 643 τοιούτῳ
836 571 1137 630 ώλίσθησαν
1191 577 1454 644 πτώματι,
1507 574 1556 624 οί
1602 579 1828 626 τοιοῦτοι

220 663 448 727 πάντως,
496 661 539 714 εί
589 665 718 734 μήτι
765 660 907 726 ἄλλο,
967 659 1074 713 ἀλλ’
1131 660 1179 713 έν
1231 663 1336 734 ὅσῳ
1396 682 1456 734 γε
1506 666 1685 736 χρόνῳ
1739 665 1826 714 τόν

223 748 455 824 δίγαμον
506 759 599 812 τῆς
650 755 913 811 κοινωνίας
957 759 1058 802 τῶν
1104 760 1328 824 φρικτῶν
1404 756 1708 825 μυστηρίων
1778 753 1828 803 σί

221 847 375 914 νόμοι
404 847 496 892 τοῦ
533 842 831 912 Πνεύματος
870 839 1283 906 ἀποκωλύουσιν,
1331 839 1380 892 ἐν
1423 843 1678 911 τοσούτῳ,
1737 845 1827 892 καὶ

222 932 249 983 ὀ
295 930 605 1005 παραλόγως
662 934 755 988 τήν
805 929 1038 1002 εὐλογίαν
1085 938 1190 991 τοῖς
1246 935 1652 1003 συναπτομένοις
1711 929 1828 982 ἐπι-

222 1021 410 1086 τεθεὶς,
441 1027 535 1081 τῆς
589 1021 883 1093 ἱερουργίας
930 1017 1366 1091 ἕπισχεθήσεται.
1401 1024 1459 1072 El
1489 1025 1560 1092 μή
1599 1039 1680 1082 τις
1724 1021 1828 1092 ἄρα

221 1113 519 1180 κατεπείγει
565 1112 724 1181 χρεία
802 1107 1178 1183 ἀπαιραίτητος
1233 1109 1383 1176 ἄλλη,
1430 1115 1520 1162 καὶ
1569 1109 1826 1170 παντελῶς

224 1197 630 1272 ἀπραγμοσύνη,
671 1202 761 1250 καὶ
797 1195 917 1270 βίος
962 1197 1111 1260 ἄλλος
1164 1197 1420 1271 ἐπίσημος
1475 1205 1568 1251 τοῦ
1617 1194 1825 1270 ἀνδρὸς.

219 1287 290 1344 ⁴Λ
317 1287 560 1347 πολλάκις
616 1289 760 1358 παρά
805 1295 914 1349 τοῖς
971 1289 1238 1361 Πατράσιν
1287 1289 1450 1360 ἡμῶν,
1507 1284 1581 1340 61'
1633 1287 1826 1340 οἰκονο-

221 1383 370 1450 μίαν,
430 1385 526 1439 τῆς
592 1374 855 1449 ἀκριϐείας
924 1378 1069 1448 ὤφθη
1156 1381 1546 1450 περιγεγονότα,
1590 1381 1678 1430 καὶ
1739 1380 1826 1429 τόν

220 1469 415 1540 χρόνον
464 1473 556 1526 τῆς
599 1467 862 1536 ἑπιτιμίας
918 1467 1211 1537 συνάγοντα
1272 1469 1400 1537 πρὸς
1454 1469 1513 1518 1'6
1594 1465 1821 1518 ἔλαττον.

221 1562 454 1609 Γυναῖκα
485 1551 545 1608 6‘s
587 1557 735 1629 παρὰ
789 1557 879 1626 μεν
913 1562 1006 1607 τοῦ
1061 1556 1340 1608 θεσπεσίου
1379 1555 1587 1608 Παύλου
1638 1574 1778 1627 μεμα
1808 1576 1821 1589 ·

222 1647 453 1718 θήκαμεν
507 1643 871 1696 ἀποϐαλοῦσαν
935 1647 1021 1697 τὸν
1069 1641 1260 1718 ἄνδρα,
1319 1641 1580 1716 δευτέροις
1633 1647 1824 1717 γάμοις

219 1734 477 1807 ὁμιλῆσαι
537 1739 852 1805 συγγνώμην
908 1732 1192 1786 λαϐοῦσαν.
1262 1733 1433 1787 Πολλά
1485 1736 1586 1809 γὰρ
1629 1739 1693 1786 τὰ
1733 1755 1826 1805 γυ-

217 1831 425 1876 ναικεῖα
453 1821 863 1898 ἀρρωστήματα,
914 1826 1002 1874 καὶ
1043 1820 1307 1875 δυσωπεῖν
1357 1824 1528 1888 ἱκανὰ,
1579 1827 1650 1893 μή
1695 1826 1826 1896 πρὸς

217 1919 314 1972 τὴν
362 1916 515 1986 φύσιν
544 1921 643 1965 τῶν
692 1909 896 1986 ἀνδρῶν
941 1917 1036 1972 τὸν
1093 1911 1292 1965 έκείνων
1341 1911 1605 1966 ἀσθένειαν
1652 1911 1826 1965 ἐκϐιά-

219 2004 431 2064 ζεσθαι.
458 1997 661 2075 ’Ἄνδρα
710 1997 768 2054 δε
811 2001 905 2054 ούκ
953 2004 1104 2074 ἴσμεν
1159 2009 1252 2062 τῆς
1296 2001 1454 2062 αὐτῆς
1509 2007 1824 2074 συγγνώμης

216 2094 365 2166 παρά
417 2099 516 2144 τῶν
571 2089 928 2143 ἀποστολικῶν
985 2089 1269 2153 ἀξιωθέντα
1343 2089 1682 2162 σπλάγχνων,
1737 2087 1823 2143 616

215 2186 311 2234 καὶ
363 2184 422 2234 τό
478 2183 735 2252 ἐπιτίμιον
783 2186 876 2232 τοῦ
914 2182 1003 2253 μεν
1043 2187 1270 2252 γυναῖκα
1335 2176 1558 2252 δίγαμον
1615 2178 1826 2250 εὐλογή-

219 2290 429 2336 σαντος,
461 2271 492 2329 ἦ
526 2266 641 2323 οὐδ’
690 2269 816 2332 ὅλως
847 2269 875 2328 ἣ
932 2269 1065 2322 πολὺ
1097 2273 1402 2343 κουφότερον
1446 2272 1595 2321 ἔσται
1625 2275 1717 2321 τοῦ
1743 2265 1778 2320 δ
1784 2287 1824 2320 ι-

214 2379 388 2433 γαμον
443 2355 615 2434 ἄνδρα
693 2358 1094 2429 εύλογήσαντος.
1163 2359 1230 2411 0i
1306 2355 1365 2411 δε
1442 2356 1825 2429 ἀπολελυμένως

217 2450 570 2524 ἁρμοζόμενοι
619 2447 877 2519 γυναιξὶν,
939 2448 1143 2520 ἐπείπερ
1194 2449 1224 2506 ἠ
1270 2447 1459 2521 πρᾶξις
1510 2447 1614 2520 ούχ
1661 2446 1822 2517 ἁπλῆ,

216 2543 338 2593 οὔτε
399 2542 458 2591 1'6
506 2537 554 2589 ἓν
613 2537 786 2597 αὐτοῖς
848 2535 1104 2608 ἐπιτίμιον
1155 2541 1363 2609 πρόεισι
1419 2533 1727 2610 μονοειδέςι
1763 2537 1823 2589 οῦ

215 2635 325 2702 μὴν
380 2625 496 2681 οὐδ’
539 2629 588 2680 οἰ
633 2629 846 2687 τούτους
916 2625 1244 2698 εὐλογοῦντες
1292 2628 1391 2679 ὑπὸ
1442 2631 1566 2699 μίαν
1618 2626 1824 2679 τελοῦσι

218 2716 400 2775 δίκην.
451 2716 616 2770 Ὀσαι
673 2719 764 2788 μὲν
807 2722 1050 2788 γυναῖκες
1105 2715 1438 2774 ἀπελύθησαν
1479 2723 1569 2768 τοῦ
1616 2712 1821 2790 ἀνδρὸς,

216 2808 418 2861 ἐκείνου
464 2810 558 2865 τήν
614 2805 786 2858 αἰτίαν
831 2809 1262 2878 παρασχομένου,
1313 2803 1387 2878 ἐφ’
1527 2813 1622 2866 τῆς
1673 2824 1826 2878 φυσι-

214 2905 321 2957 κῆς
382 2893 584 2968 ὁμιλίας
631 2897 661 2953 ἡ
749 2893 988 2947 ἀσθένεια
1046 2895 1450 2968 κατεκράτησεν,
1512 2893 1668 2946 αὗται
1730 2889 1823 2958 δή,

215 2983 397 3049 αὗται,
440 2983 484 3036 εἰ
535 2987 624 3056 μεν
685 2990 963 3056 σωφρονεῖν
1023 2983 1238 3046 ἕλοιντο,
1281 2989 1434 3036 τοῦτο
1489 2984 1696 3054 ἄμεινον
1725 3005 1738 3017 σ
1782 2983 1827 3036 εί

217 3072 280 3128 6':
315 3077 402 3126 καὶ
440 3071 594 3146 ἀνδρὶ
645 3074 1002 3126 συνάπτεσθαι
1050 3071 1339 3146 βούλοιντο,
1375 3077 1463 3125 καὶ
1502 3081 1654 3126 τοῦτο
1703 3071 1827 3124 ἀκα-

211 3166 516 3234 τάγνωστον
576 3162 760 3225 αύταῖς
816 3181 891 3231 τε,
965 3167 1056 3215 καὶ
1112 3165 1156 3214 εἶ
1201 3181 1336 3222 τινες
1411 3162 1653 3236 εὑρεθεῖεν
1728 3171 1827 3213 τῶν

216 3253 412 3326 ἱερέων,
447 3247 542 3304 διὰ
571 3260 666 3315 τῆς
691 3252 932 3323 εὐλογίας
962 3254 1049 3304 τὸν
1100 3253 1271 3323 γάμον
1321 3254 1671 3324 σεμνύνοντες.
1722 3257 1826 3304 Καὶ

213 3351 315 3403 τῆς
349 3345 595 3413 γυναικός
642 3346 736 3400 τήν
795 3341 958 3400 αὐτὴν
989 3344 1347 3416 παρεχομένης
1402 3341 1594 3404 αἰτίαν,
1627 3341 1690 3403 ἧς
1737 3345 1826 3394 καὶ

213 3433 241 3483 6
294 3427 558 3492 διαλυθεὶς
607 3429 735 3506 ἀνὴρ
787 3439 881 3493 τῆς
934 3430 1097 3492 αὐτῆς
1157 3429 1443 3503 ἐλευθερίας
1474 3430 1686 3494 ἠξίωτο,
1736 3433 1824 3481 καὶ

215 3523 244 3579 ἠ
309 3529 480 3594 μικρῷ
534 3523 759 3592 πρόσθεν
819 3519 1061 3595 εἰρημένη
1143 3523 1274 3591 γυνὴ
1343 3518 1646 3574 ἀπολαύσει.
1720 3519 1823 3572 Κάν

213 3611 363 3684 ποιρά
415 3613 507 3667 τήν
565 3609 771 3668 ἡλικίαν
831 3605 891 3662 δέ
935 3627 1071 3670 τινες
1133 3608 1199 3668 εἰς
1249 3613 1532 3680 μνηστείαν
1578 3607 1820 3673 ἔλθωσνν,

217 3695 331 3751 εἶτα
355 3701 573 3760 τούτους
620 3699 646 3750 ό
683 3702 839 3770 νόμος
885 3694 983 3751 διάι
1013 3700 1069 3750 1'6
1108 3699 1406 3770 παράνομον
1461 3696 1549 3748 ἀπ’
1595 3695 1822 3754 ἀλλήλων

217 3785 516 3861 διαστήσῃ,
585 3783 708 3840 οὐδὲ
767 3791 880 3840 τότε
925 3783 1041 3840 οὐδ’
1096 3787 1263 3860 ἕτερον
1318 3795 1417 3838 τῶν
1475 3782 1821 3857 διισταμένων

211 3883 528 3950 προσώπων,
575 3876 623 3929 έν
674 3877 838 3948 λαῑκῷ
869 3872 1113 3935 δηλονότι
1162 3875 1520 3946 ἐξεταζόμενον
1567 3875 1816 3945 τάγματι,

211 3970 345 4038 πρὸς
396 3968 562 4040 ἕτερον
618 3971 835 4038 νόμιμον
889 3963 1170 4039 ἐρχόμενον
1234 3967 1401 4036 γάμον
1456 3963 1668 4024 εὐθύνας
1725 3963 1819 4034 ύφο

211 4056 333 4118 ἕξει.
389 4055 446 4108 Ὀ
508 4053 568 4108 δε
609 4061 702 4113 τήν
751 4053 1124 4126 ἐκϐεϐλημένην
1182 4052 1265 4106 ἐπὶ
1330 4057 1546 4124 μοιχείᾳ
1595 4059 1821 4123 γυναῖκα

215 4147 439 4216 θέμενος,
492 4148 590 4198 εἴτε
640 4149 951 4216 γεγαμηκὼς
1006 4147 1103 4211 εἴη,
1150 4146 1248 4195 εἴτε
1303 4147 1393 4195 καὶ
1439 4134 1616 4214 γάμων
1666 4143 1815 4212 ἄνευ·

212 4253 358 4298 στος,
408 4238 602 4306 μοιχός
651 4238 704 4286 τέ
735 4235 867 4299 ἔστι,
901 4237 990 4285 καὶ
1043 4241 1114 4303 τῷ
1167 4240 1266 4283 τῶν
1315 4240 1520 4304 μοιχῶν
1574 4229 1818 4303 ἐπιτιμίῳ

209 4325 505 4388 ὑπόκειται,
543 4323 599 4376 Εἰ
638 4319 698 4375 δέ
741 4319 835 4374 δια
865 4327 1016 4393 μόνον
1042 4321 1228 4392 ἄλογον
1257 4329 1414 4394 μῖσος
1449 4323 1547 4373 ὑπὸ
1593 4328 1683 4372 τοῦ
1734 4319 1818 4371 ἀν-

210 4409 334 4487 δρὸς
387 4416 479 4464 καὶ
536 4414 743 4464 οἰκουσα
800 4409 1108 4473 έξωσθεὶσα,
1177 4411 1382 4482 ἄμεινον
1431 4412 1520 4482 μὲν
1573 4409 1616 4462 εἰ
1663 4409 1815 4461 πάλιν
1849 4449 1893 4502 D

210 4505 339 4576 πρὸς
368 4507 453 4554 τὸν
509 4499 648 4554 ῖδιον
707 4500 1070 4574 ἐπαναστρέψη
1105 4496 1274 4574 ἄνδρα
1303 4521 1314 4532 '
1345 4499 1387 4551 εἰ
1418 4495 1476 4552 6‘s
1527 4503 1624 4572 μὴ,
1680 4498 1812 4551 ἑκεί-

207 4612 298 4644 νου
357 4596 489 4663 πρός
539 4591 710 4665 ἑτέραν
747 4598 971 4662 γυναῖκα
1010 4595 1356 4661 χωρήσαντος
1389 4585 1520 4657 ἤδη,
1573 4594 1815 4661 μοιχείας

209 4685 302 4753 μὲν
333 4681 488 4745 αῦτη,
537 4683 890 4752 συνερχομένη
946 4675 1099 4751 ἀνδρὶ
1147 4677 1320 4750 ἑτέρῳ,
1373 4677 1466 4729 οῦκ
1513 4675 1572 4729 ἂν
1637 4677 1816 4748 ἐγκλή-

210 4790 344 4844 ματι
377 4771 772 4842 περιενεχθείη·
829 4768 887 4820 οὐ
919 4772 1092 4840 μέντοι
1139 4787 1198 4838 γε
1251 4768 1276 4818 6
1341 4769 1517 4840 ἱερεὺς,
1564 4769 1633 4818 τά
1685 4786 1816 4819 νενο-

211 4864 444 4932 μισμένα
500 4857 738 4910 ἐπιτελῶν
797 4855 844 4908 έν
903 4857 1056 4928 αὐτῇ,
1116 4859 1173 4910 τό
1225 4855 1632 4928 ἀκατάγνωστον
1695 4855 1812 4920 ἔξει,

212 4949 344 5001 ἀλλά
399 4953 490 5006 τήν
551 4954 644 4999 τοῦ
693 4945 953 5018 διγάμους
1010 4944 1384 5016 εὐλογήσαντος
1461 4944 1817 5002 ἀπαιτηθήσε-

212 5058 302 5091 ται
334 5035 513 5094 δίκην.
551 5039 621 5088 T6
665 5031 724 5088 δε
778 5034 829 5098 ἐξ
883 5034 1071 5106 ἀλόγου
1129 5039 1429 5106 συμφωνίας
1485 5032 1814 5100 διαλύεσθαι,

211 5127 322 5180 ἐπεὶ
352 5131 492 5198 νόμῳ
534 5124 857 5196 κεκωλυμένη
903 5126 932 5182 ἡ
988 5125 1201 5181 τοιαύτη
1262 5123 1425 5195 τόλμα
1477 5125 1814 5184 καθέστηκεν,

212 5221 332 5269 οὔτε
380 5220 466 5267 τόν
511 5211 700 5287 ἄνδρα,
755 5218 884 5286 πρὸς
927 5213 1094 5287 ἕτερον
1163 5216 1540 5285 συνερχόμενον
1592 5215 1819 5263 συνοικέ-

215 5325 352 5372 σιον,
406 5304 466 5375 ἑᾷ
512 5303 803 5366 ἀνεύθυνον,
837 5307 952 5356 οὔτε
1009 5307 1102 5360 τήν
1149 5308 1374 5372 γυναῖκα
1432 5298 1820 5374 διαπραττομέ-

211 5415 305 5453 νην
379 5397 436 5446 τὸ
497 5397 631 5446 ἴσον.
716 5392 917 5446 Μᾶλλον
949 5395 1036 5464 μὲν
1086 5387 1174 5443 οὖν
1225 5395 1310 5443 καὶ
1371 5395 1548 5442 ποιναὶ
1607 5387 1818 5461 βαρεῖαι

212 5492 413 5536 κεῖνται
460 5490 570 5544 τοῖς
633 5487 830 5554 νόμοις,
882 5481 925 5534 εἰ
977 5483 1193 5539 τοιαύτη
1249 5479 1437 5552 πρᾶξις
1506 5478 1574 5539 εἰς
1628 5477 1818 5549 τόλμαν

217 5573 529 5647 ἀχθήσεται
559 5593 571 5606 ·
601 5576 691 5625 καὶ
749 5567 906 5630 δῆλον
938 5572 1006 5634 ὡς
1036 5573 1118 5624 ἐπὶ
1146 5577 1256 5634 τοῖς
1283 5571 1537 5630 τοιούτοις
1585 5585 1817 5620 συνοικε-

1939 478 2076 544 sint,
2099 479 2161 534 hi
2208 477 2476 548 omnino,
2512 476 2560 531 si
2602 477 2753 532 nihil
2805 476 2992 542 aliud,
3039 475 3269 542 saltem,
3321 477 3593 548 quandiu

1937 568 2248 641 digamum
2273 567 2436 638 leges
2460 565 2798 639 spirituales
2817 566 3260 623 tremendorum
3288 566 3594 638 mysterio-

1936 674 2070 714 rum
2111 657 2539 714 communione
2587 655 2925 728 prohibent,
2964 656 3174 712 tandiu
3203 659 3261 711 et
3305 656 3442 728 ipsi,
3489 655 3595 728 qui

1936 747 2296 819 conjugibus
2326 752 2534 819 praeter
2562 745 2857 802 rationem
2887 745 3367 802 benedictionem
3406 745 3595 818 impo-

1938 841 2205 903 suerunt,
2261 835 2445 892 sacris
2502 835 2788 892 faciendis
2842 833 3246 892 abstinebunt.
3287 833 3408 891 Nisi
3457 851 3594 907 quas

1937 927 2055 984 alia
2087 925 2474 1000 implacabilis
2496 929 2701 996 urgeat
2733 924 3079 988 necessitas,
3109 929 3165 980 et
3192 924 3438 980 omnino
3468 925 3593 982 vita

1936 1016 2220 1082 hominis,
2253 1021 2381 1072 tum
2402 1014 2740 1088 tranquilla,
2767 1019 2895 1072 tum
2916 1013 3195 1070 notabilis
3220 1032 3232 1073 :
3258 1029 3394 1085 qua;
3409 1029 3594 1086 saepe-

1937 1121 2189 1163 numero
2212 1105 2376 1177 apud
2400 1107 2596 1160 Patres
2617 1107 2854 1159 nostros
2889 1103 3186 1175 aequitatis
3208 1103 3445 1171 intuitu,
3466 1119 3590 1175 pra:

1937 1201 2148 1253 exacto
2178 1209 2409 1251 canone
2434 1193 2771 1251 obtinuisse
2798 1196 3052 1258 constat,
3082 1195 3138 1248 et
3157 1207 3424 1249 censurae
3450 1197 3594 1248 tem-

1936 1301 2050 1358 pus
2081 1283 2487 1341 abbreviasse.
2530 1281 2830 1338 Mulierem
2870 1285 3091 1348 autem,
3130 1281 3254 1337 viro
3285 1280 3589 1346 defuncto,

1934 1373 2216 1430 novimus
2233 1371 2477 1445 quidem
2501 1371 2828 1428 adivinitus
2844 1369 3137 1442 inspirato
3155 1369 3336 1427 Paulo
3349 1369 3590 1428 veniam

1934 1463 2218 1536 adeptam
2260 1462 2556 1519 secundas
2595 1459 2838 1533 nuptias
2873 1459 3156 1516 adeundi.
3201 1459 3392 1516 Multae
3429 1460 3591 1516 enim

1934 1557 2073 1608 sunt
2089 1551 2409 1608 mulierum
2423 1550 2954 1621 inﬁrmitates,quas
2969 1549 3261 1620 pudorem
3275 1548 3588 1614 incutiant,

1936 1641 2014 1698 ad
2032 1646 2172 1697 natu
2182 1657 2310 1696 ram
2326 1639 2554 1696 virilem
2568 1654 2778 1696 eorum
2798 1636 3267 1694 imbecillitatem
3288 1637 3588 1708 exigendi.

1868 1739 1907 1793 Β
1937 1730 2137 1786 Virum
2160 1736 2362 1785 autem
2385 1745 2421 1786 a
2443 1728 2767 1784 visceribus
2792 1726 3137 1800 apostolicis
3160 1726 3374 1783 eadem
3398 1725 3590 1782 indul-

1936 1829 2139 1899 gentia
2169 1827 2404 1900 dignari
2446 1842 2568 1882 non
2601 1826 2900 1883 novimus.
2945 1826 3208 1881 Censura
3257 1825 3432 1895 igitur
3461 1825 3591 1896 ejus

1934 1918 2038 1990 qui
2069 1916 2297 1972 mulieri
2318 1916 2578 1986 digamte
2597 1915 2986 1980 benedixerit,
3017 1913 3110 1970 vel
3134 1913 3298 1970 nulla
3317 1915 3588 1980 omnino,

1935 2016 2024 2071 vel
2074 2013 2296 2078 mitior,
2337 2029 2524 2086 quam
2566 2013 2695 2085 ejus
2725 2012 2828 2085 qui
2858 2013 3003 2068 viro.
3037 2011 3144 2077 Qui
3171 2015 3369 2068 autem
3413 2011 3590 2068 abso-

1936 2103 2056 2160 lute
2097 2102 2544 2173 conjunguntur
2593 2099 2957 2166 mulieribus,
2987 2099 3279 2172 quoniam
3305 2115 3424 2155 non
3455 2100 3594 2155 sim-

1933 2194 2071 2264 plex
2111 2192 2265 2249 actio
2293 2196 2400 2260 est,
2433 2190 2684 2262 proinde
2705 2204 2814 2245 nec
2845 2187 3158 2244 uniformis
3189 2193 3276 2244 est
3315 2204 3586 2253 censura,

1934 2306 2043 2347 nec
2061 2292 2163 2362 qui
2181 2289 2328 2362 ipsis
2354 2288 2712 2344 benedicunt
2736 2285 2850 2342 sub
2873 2302 3059 2342 unam
3081 2301 3324 2359 pmnam
3342 2285 3587 2343 cadunt.

1935 2381 2076 2446 Quin
2100 2379 2343 2452 quidem
2367 2379 2627 2434 muliera
2646 2376 2774 2433 viro
2796 2375 3041 2432 dimissa
3066 2380 3172 2441 est,
3193 2376 3326 2448 ipso
3343 2391 3591 2432 causam

1933 2473 2275 2542 praestante,
2309 2467 2476 2540 quod
2514 2465 2804 2523 naturalis
2851 2480 3210 2536 congressus
3241 2465 3593 2537 impotentia

1935 2564 2248 2623 teneretur,
2271 2557 2364 2613 hae
2393 2557 2440 2612 si
2466 2556 2768 2613 continere
2795 2554 3099 2626 elegerint,
3133 2553 3345 2610 melius
3383 2553 3588 2620 fuerit;

1934 2656 2094 2713 duod
2125 2655 2174 2712 si
2212 2671 2354 2712 vero
2379 2654 2552 2726 jungi
2602 2652 2920 2719 voluerint,
2971 2667 3080 2708 nec
3123 2651 3271 2708 illud
3304 2651 3594 2708 condem-

1934 2747 2236 2802 nationem
2270 2745 2330 2801 in
2351 2744 2502 2816 ipsis
2545 2743 2746 2811 habet,
2776 2758 2886 2798 nec
2919 2741 2967 2797 si
2999 2741 3135 2816 quis
3166 2740 3452 2798 sacerdos
3483 2757 3588 2797 nu-

1935 2836 2088 2909 ptias
2121 2851 2328 2891 earum
2356 2833 2774 2890 benedictione
2797 2833 3068 2889 honoret.
3095 2831 3266 2898 Quod
3295 2831 3343 2885 si
3362 2831 3586 2888 femina

1935 2925 2213 2982 eamdem
2235 2940 2483 2982 causam
2506 2926 2766 2996 praestat,
2795 2923 3004 2978 eadem
3020 2921 3284 2976 libertate
3307 2921 3594 2993 prmdicta

1935 3014 2184 3078 fruatur,
2212 3029 2334 3086 qua
2360 3013 2528 3086 prius
2555 3010 2818 3068 solutum
2859 3010 3054 3066 virum
3090 3009 3318 3079 dignati
3359 3025 3590 3064 sumus.

1862 3093 1902 3150 C
1939 3103 2110 3170 Quod
2139 3103 2186 3158 si
2213 3102 2316 3176 qui
2347 3105 2560 3174 printer
2581 3104 2816 3157 aetatem
2848 3098 3190 3172 desponsati
3213 3097 3347 3164 sint,
3376 3097 3593 3153 deinde

1934 3192 2029 3250 lex
2079 3195 2236 3266 ipsos
2277 3198 2568 3265 tanquam
2613 3195 2829 3262 praeter
2872 3189 3066 3260 legem
3111 3189 3464 3258 conjunclos
3507 3202 3594 3244 se-

1935 3282 2252 3356 paraverit,
2276 3286 2416 3338 tunc
2445 3284 2656 3336 neutra
2687 3293 3087 3352 personarum
3131 3276 3588 3343 discedentium,

1931 3388 2069 3444 quae
2094 3371 2340 3445 quidem
2372 3371 2431 3426 in
2457 3369 2665 3426 ordine
2697 3368 2849 3425 laico
2867 3371 3210 3434 consentur,
3242 3365 3289 3419 si
3319 3365 3398 3422 ad
3441 3363 3590 3421 alias

1930 3461 2227 3532 legitimas
2256 3459 2495 3533 nuptias
2535 3457 2800 3526 accedat,
2840 3471 3157 3513 censuram
3195 3453 3440 3510 subibit.
3479 3453 3590 3520 Qui

1930 3565 2133 3617 autem
2159 3558 2238 3615 ob
2264 3557 2626 3615 adulterium
2652 3556 2905 3628 ejectam
2937 3569 3188 3610 uxorem
3221 3552 3440 3617 fecerit,
3461 3552 3586 3608 sive

1929 3650 2289 3720 conjugatus
2329 3647 2450 3704 sive
2489 3646 2728 3710 caelebs,
2788 3644 3022 3702 adulter
3067 3647 3174 3710 est,
3216 3646 3273 3698 et
3311 3639 3587 3698 adulterii

1927 3753 2194 3793 censuras
2235 3736 2523 3806 subjacet.
2558 3734 2720 3804 Quod
2755 3735 2802 3789 si
2841 3733 3038 3790 solum
3089 3735 3331 3804 propter
3379 3730 3588 3786 odium

1926 3827 2073 3882 citra
2098 3825 2394 3881 rationem
2427 3841 2459 3878 a
2485 3824 2610 3879 viro
2643 3823 2831 3880 invita
2852 3821 3106 3892 expulsa
3129 3821 3221 3885 sit,
3247 3817 3460 3875 melius
3482 3818 3587 3875 erit

1926 3923 1975 3980 si
2007 3923 2084 3979 ad
2131 3938 2310 3977 suum
2338 3921 2531 3976 virum
2563 3923 2891 3976 revertatur
2923 3934 2936 3973 :
2980 3919 3070 3973 sin
3099 3919 3234 3984 hoc,
3262 3917 3436 3989 quod
3459 3917 3586 3987 ipse

1925 4013 2002 4070 ad
2032 4012 2182 4068 alias
2221 4025 2283 4066 se
2313 4011 2551 4082 nuptias
2579 4009 2707 4080 jam
2747 4006 3122 4079 applicuerit,
3150 4005 3277 4060 ﬁeri
3308 4019 3429 4060 non
3448 4019 3588 4076 pos-

1925 4101 2017 4167 sit,
2063 4097 2337 4156 adulterii
2368 4099 2502 4169 ipsa
2544 4095 2798 4165 crimini,
2853 4110 2992 4150 cum
3037 4093 3156 4150 alio
3186 4093 3312 4148 viro
3353 4094 3583 4164 juncta,

1924 4189 2192 4248 obnoxia
2223 4203 2340 4243 non
2371 4185 2511 4244 erit:
2537 4191 2596 4244 at
2621 4200 2762 4242 vero
2791 4182 3124 4249 sarcerdos,
3150 4181 3263 4254 ipsi
3291 4180 3587 4237 ritebene-

1923 4289 2148 4354 dicens,
2182 4301 2360 4359 super
2379 4286 2513 4357 ipsa
2540 4285 2745 4341 insons
2762 4297 2885 4337 non
2907 4281 3036 4346 erit,
3066 4280 3172 4336 sed
3195 4295 3435 4352 pmnam
3458 4279 3587 4350 ejus

1924 4376 2231 4451 praestabit
2260 4375 2361 4448 qui
2391 4373 2649 4446 digamis
2677 4370 3067 4428 benedixerit.
3112 4370 3267 4426 Citra
3295 4368 3586 4425 rationem

1924 4474 2125 4525 autem
2156 4483 2193 4522 a
2214 4464 2498 4536 conjugio
2520 4461 2849 4530 discedere,
2875 4460 3040 4533 quod
3063 4475 3280 4516 ausum
3302 4458 3430 4528 lege
3454 4473 3587 4529 pro-

1925 4556 2187 4614 hibitum
2227 4558 2334 4619 est,
2369 4569 2563 4626 neque
2601 4553 2815 4615 virum,
2849 4549 2927 4606 ad
2959 4549 3107 4606 alias
3148 4548 3383 4620 nuptias
3421 4561 3588 4603 acce-

1925 4647 2186 4708 dentem,
2227 4644 2523 4699 insontem
2562 4640 2823 4702 dimittit,
2876 4654 3073 4711 neque
3120 4636 3406 4692 feminam
3454 4651 3585 4707 quia

1924 4745 2083 4800 idem
2107 4741 2302 4798 faciat.
2338 4741 2490 4806 Quin
2513 4740 2712 4812 potius
2737 4753 2948 4808 graves
2973 4749 3170 4808 paenae
3195 4733 3428 4804 legibus
3447 4749 3583 4791 con-

1926 4833 2141 4889 stitutae
2183 4834 2337 4894 sunt,
2372 4831 2420 4885 si
2466 4829 2602 4901 quis
2629 4829 2742 4884 hoc
2801 4826 2994 4883 facere
3057 4840 3242 4881 ausus
3283 4823 3474 4879 fuerit.
3520 4824 3588 4881 Et

1929 4921 2316 4977 manifestum
2347 4917 2879 4984 estsarcerdotem,
2911 4914 3013 4988 qui
3030 4912 3306 4981 adfuerit,
3322 4916 3379 4969 et
3409 4928 3586 4970 sacra

1926 5020 2029 5076 rite
2083 5016 2470 5074 celebraverit
2525 5016 2586 5070 in
2639 5012 2985 5084 hujusmodi
3051 5010 3276 5083 nuptiis
3331 5011 3583 5068 omnino

1925 5109 2154 5165 honore
2212 5122 2322 5163 suo
2369 5107 2541 5177 juxta
2614 5107 2891 5160 exactam
2951 5116 3254 5158 canonum
3320 5099 3586 5173 discipli-

1927 5219 2071 5264 nam
2135 5205 2425 5261 excidere.
2495 5202 2609 5259 Sed
2675 5201 2804 5257 haec
2870 5199 3140 5256 festinate
3199 5198 3589 5272 pronuntiata

1927 5297 2078 5361 sint;
2147 5293 2311 5366 quod
2377 5306 2510 5365 quas
2590 5291 2913 5362 inopinatis
2979 5287 3392 5361 disceptationi
3452 5303 3591 5360 pro-

1929 5386 2122 5458 posita
2147 5388 2315 5439 erant
2357 5379 2848 5437 considerationis
2883 5394 3115 5434 moram
3153 5393 3272 5434 non
3327 5376 3540 5432 ferrent
3571 5392 3583 5432 :

1929 5473 2093 5547 quod
2135 5472 2183 5526 si
2216 5470 2362 5544 quid
2392 5469 2556 5525 aliud
2584 5474 2779 5524 vestra
2811 5467 3046 5524 solertia
3075 5466 3338 5536 diligenti
3367 5464 3589 5536 disqui-

1933 5563 2147 5620 sitione
2187 5558 2572 5633 perspexerit,
2613 5557 2874 5614 obtineat
2911 5556 3074 5630 quod
3125 5555 3335 5612 melius
3376 5558 3481 5609 est.
3529 5555 3591 5608 Et
