4088 6214
521 171 628 230 787
1759 161 1997 218 PHOTII
2035 159 2512 218 PATBIARCH/E
2552 162 2653 218 CP.
3741 169 3815 226 788

522 315 635 356 nos
683 296 863 353 etiam
920 294 1210 361 fortassis,
1265 291 1467 350 laxiori
1527 293 1794 362 tempore
1869 303 2136 344 concess¢

2219 288 2264 342 Α
2297 291 2432 349 σίοις
2470 289 2834 362 εὑρισκόμενος
2864 291 2890 342 ό
2923 291 3104 364 ἱερεύς,
3153 294 3241 344 καὶ
3292 291 3359 344 τὰ
3403 294 3710 364 νενομισμένα
3743 303 3820 356 τοῖς

525 385 794 444 exactius
825 383 1051 456 aliquid
1091 383 1493 455 dispiciemus.

2293 378 2485 448 γάμοις
2549 377 2722 443 τελῶν,
2775 379 3034 442 παντελῶς
3092 388 3182 442 τῆς
3239 377 3378 442 ἰδίας
3424 388 3572 454 τιμῆς
3612 385 3727 434 κατὰ
3757 389 3819 442 τὴν

521 484 622 530 τῶν
673 477 896 528 κανόνων
953 472 1242 525 ἐκπεσεῖται
1307 468 1592 543 ἀκρίϐειαν.
1651 467 1812 524 Ἀλλὰ
1891 474 2060 520 ταῦτα
2120 467 2209 537 μὲν
2265 468 2322 517 τὸ
2363 468 2532 537 τάχος
2604 465 2749 520 εἶπε·
2796 473 2882 521 κοίὶ
2945 473 3003 521 τὸ
3059 467 3367 542 ἀμελέτητόν
3419 489 3479 523 τε
3547 475 3628 523 καὶ
3677 470 3821 546 ἀπροο-

529 562 752 624 δόκητον
827 571 926 615 τῶν
996 562 1338 636 προτεθέντων
1404 559 1476 620 εἰς
1533 559 1758 620 ζήτησιν
1793 578 1807 592 ο
1860 557 1904 609 εἰ
1975 553 2034 609 δὲ
2104 575 2156 607 τι
2211 553 2332 606 ἄλλο
2390 554 2777 632 ἐπιμελέστερον
2831 560 2862 616 ἡ
2941 559 3167 635 ύμετέρα
3246 559 3450 620 σύνεσις
3520 558 3821 614 ἐπισκοποῦσα

527 650 760 719 κατίδοι,
813 653 1003 704 νικάτω
1063 652 1120 702 τὸ
1174 651 1403 721 ἄμεινον.
1465 653 1565 702 Καὶ
1596 650 1741 720 ἡμεῖς
1803 644 1862 700 δὲ
1917 648 2045 706 ἴσως
2093 646 2141 696 ἐν
2191 643 2490 718 πλατυτέρῷ
2543 653 2710 719 καιρῷ
2751 646 3119 723 ἀκριϐέστερόν
3178 668 3230 700 τι
3271 648 3395 700 ἄλλο
3451 647 3818 724 ἐπιθεωρήσομιν.

1153 765 1362 822 EPIST.
1397 763 1512 820 XX.

2927 769 3139 820 ΕΠΙΣΤ.
3185 763 3264 818 ιε’.

1773 888 1926 938 Edita
1945 885 2312 938 aMontacutio
2331 886 2401 950 (p.
2425 887 2555 949 388).

604 1011 847 1084 Scripsit
875 1008 1159 1065 sanctitas
1180 1012 1282 1064 tua
1311 1008 1382 1062 de
1407 1005 1797 1078 quibusdam,
1822 1003 2034 1076 polluti
2065 1001 2182 1057 cibi

2364 1001 2600 1075 Ἐγραψέ
2643 1023 2737 1056 σου
2768 1005 2799 1062 ἡ
2848 1004 3065 1066 ὁσιότης
3111 1009 3230 1078 περί
3280 1025 3430 1058 τινων
3459 1009 3825 1080 μιαροφαγησὼι-

531 1119 634 1159 esu
673 1097 1136 1157 contaminatis:
1170 1112 1355 1152 causa
1404 1100 1606 1151 autem
1660 1091 2145 1151 contaminationi

2293 1110 2412 1146 των.
2459 1091 2518 1144 Ἦ
2583 1088 2642 1146 δε
2696 1092 2843 1146 αἰτία
2894 1103 2989 1157 τῆς
3045 1095 3390 1168 μιαροφαλίας
3451 1098 3560 1148 ἔστι
3629 1101 3822 1155 τοιαύτη·

531 1195 656 1247 erat
684 1187 1002 1262 ejusmodi.
1047 1187 1280 1242 Iverant
1311 1184 1544 1255 gentilis
1593 1183 1911 1256 cujusdam
1972 1196 2145 1238 manu

2292 1180 2498 1252 Τύμϐον
2539 1180 2828 1241 Ἑλληνικόν
2874 1182 3105 1243 ἀπῆλθον
3163 1181 3406 1259 διορύξαι
3457 1188 3579 1257 πρὸς
3623 1184 3824 1260 ἀνεύρεσιν

531 1285 802 1338 mentum
831 1275 1112 1332 refossuri
1143 1275 1220 1331 ad
1251 1274 1641 1330 inveniendas
1689 1273 1976 1344 pecunias
2007 1292 2020 1324 :
2045 1285 2145 1326 cur

2293 1273 2622 1343 χρημάτων·
2683 1281 3151 1344 ματαιοπονοῦντες
3183 1271 3243 1326 δὲ
3289 1279 3381 1326 καὶ
3424 1271 3581 1346 μηδὲν
3616 1276 3825 1347 Eripiam-a-

533 1376 733 1427 autem
772 1368 1075 1423 incassum
1115 1364 1475 1427 laborarent,
1518 1378 1629 1418 nec
1657 1363 1992 1434 quidquam
2029 1360 2147 1416 inve

2296 1378 2394 1424 τες,
2438 1359 2570 1412 εἶπεν
2604 1361 2818 1422 ἕκαστος
2842 1365 2972 1436 πρὸς
3001 1365 3088 1415 τόν
3126 1362 3350 1420 πλησίον
3414 1363 3584 1428 αύτού,
3635 1365 3702 1416 ὅτι
3744 1364 3827 1417 Ἐὰν

533 1461 748 1522 nirent,
782 1456 1062 1511 dixerunt
1085 1454 1238 1509 inter
1261 1468 1411 1522 sese,
1439 1451 1554 1507 nisi
1585 1467 1797 1508 canem
1830 1455 2147 1506 mactemus

2297 1453 2368 1521 μὴ
2427 1450 2698 1524 σφάξωμεν
2752 1454 2900 1516 κύνα,
2962 1457 3050 1506 καὶ
3087 1451 3142 1504 ἐκ
3203 1460 3304 1505 τῶν
3334 1459 3494 1526 κρεῶν
3537 1456 3678 1505 αὐτοῦ
3721 1453 3826 1523 ἁψώ-

533 1554 591 1604 et
607 1547 682 1602 de
694 1545 977 1602 carnibus
993 1543 1122 1614 ejus
1139 1546 1599 1612 gustemus,non
1615 1540 1819 1596 reddet
1839 1540 2016 1596 nobis
2032 1543 2147 1594 terr

2219 1558 2262 1613 Β
2298 1540 2448 1610 μεθα,
2496 1544 2555 1592 ού
2607 1545 2679 1613 μὴ
2740 1537 2989 1594 ἐπιδώσει
3041 1543 3166 1615 ἡμῖν
3225 1544 3254 1600 ἡ
3315 1549 3384 1613 γῆ
3444 1545 3498 1594 τό
3555 1542 3823 1614 ζητούμενον.

535 1635 702 1709 quod
731 1633 1078 1706 querimus.
1139 1632 1346 1688 Statim
1374 1630 1600 1686 factum
1637 1635 1727 1686 est
1769 1628 1931 1701 quod
1961 1627 2149 1684 dictu:

2299 1627 2500 1681 Αὐτίκα
2563 1637 2687 1700 γοῦν
2729 1632 2755 1683 ὁ
2818 1630 2968 1702 λόγος
3026 1631 3097 1693 εἰς
3150 1633 3298 1705 ἔργον
3323 1629 3536 1704 προέϐη.
3591 1631 3822 1684 Ἐλθόντων.

537 1730 684 1781 erat.
729 1725 874 1780 Cum
911 1722 1113 1792 itaque
1154 1719 1565 1779 adinterdicti
1604 1718 1720 1774 cibi
1757 1717 2151 1774 conscientia:

2299 1714 2387 1770 οὖν
2435 1718 2505 1780 εἰς
2548 1721 2800 1777 αἴσθησιν
2849 1727 2940 1780 τῆς
2989 1721 3415 1795 ἀπηγορευμένης
3472 1719 3709 1794 βρώσεως,
3751 1728 3829 1782 τοῖς

534 1813 856 1876 venissent,
885 1809 1140 1879 genibus
1165 1808 1427 1882 episcopi
1458 1808 1788 1864 accidentes
1826 1806 2148 1862 medicina!

2299 1812 2427 1860 ποσὶ
2456 1812 2776 1880 προσέπεσον
2807 1817 2900 1861 τοῦ
2951 1808 3262 1876 ἐπισκόπου,
3307 1809 3593 1881 αἰτούμενοι
3639 1810 3825 1882 ἰατρείαν,

535 1902 850 1976 petierunt,
885 1905 940 1955 et
963 1898 1274 1955 commissi
1312 1897 1536 1968 peccati
1570 1896 2025 1968 indulgentiam.
2061 1899 2149 1952 Ha:

2300 1901 2390 1950 καὶ
2425 1896 2576 1950 λύσιν
2636 1905 2728 1950 τοῦ
2780 1904 3223 1972 παραπτώματος.
3295 1906 3472 1953 Ταῦτα
3517 1897 3744 1970 διήγγειλε
3789 1901 3827 1949 τὸ

538 1997 835 2063 suntquae
865 1989 1101 2061 pietatis
1131 1993 1248 2043 tuae
1275 1987 1477 2042 litterae
1498 1991 1762 2042 narrant.
1787 1988 1856 2041 Et
1885 1986 1959 2042 de
1989 1985 2103 2041 hac
2132 2001 2152 2040 r

2299 1989 2522 2061 γράμμα
2567 1996 2658 2049 τῆς
2700 1996 2799 2048 σῆς
2847 1987 3113 2051 εύλαϐείας
3141 2010 3152 2023 -
3193 1993 3288 2041 καὶ
3337 1994 3454 2064 περὶ
3497 1992 3666 2041 τούτου
3709 1991 3827 2046 τύπος

534 2078 797 2138 formula
836 2078 914 2134 ab
955 2077 1218 2134 Ecclesia
1273 2076 1595 2132 constituta
1633 2080 1744 2141 est,
1786 2075 2148 2149 quadragint

2300 2076 2390 2150 μέν
2447 2076 2587 2130 ἐστιν
2661 2076 3108 2144 ἐκκλησιαστικὸς,
3181 2075 3278 2131 διὰ
3351 2081 3827 2154 τεσσαρακονθημίρον

535 2171 768 2227 dierum
783 2167 1150 2240 poenitentia,
1169 2171 1226 2223 et
1241 2165 1519 2239 precibus
1545 2165 1916 2238 quibusdam
1937 2163 2148 2221 absolv

2301 2165 2588 2239 ἐπιτιμίου,
2638 2171 2728 2220 καὶ
2782 2188 2931 2220 τινων
2975 2169 3169 2240 εὐχῶν,
3220 2167 3530 2222 διαλύεσθαι
3576 2172 3677 2228 τοὺς
3719 2167 3828 2220 ἑαλω-

535 2259 640 2333 qui
691 2258 829 2315 huic
865 2256 1101 2312 crimini
1166 2256 1364 2311 innexi
1429 2259 1590 2311 sunt.
1645 2256 1915 2310 Praesens
1990 2259 2149 2311 auter

2301 2257 2456 2317 κότας
2509 2264 2580 2327 τῷ
2632 2255 2939 2330 ἐγκλήματι.
2993 2263 3052 2310 Ἦ
3137 2253 3196 2310 δὲ
3262 2264 3505 2332 παροῦσα
3573 2259 3829 2331 μιαροφαγία

536 2347 744 2421 polluti
776 2346 891 2402 cibi
931 2343 1306 2416 participatio
1345 2343 1586 2399 alterius
1625 2343 1945 2414 cujusdam
1985 2345 2150 2416 impie

2303 2348 2416 2418 ἔχει
2468 2349 2558 2398 καὶ
2604 2345 2779 2420 ἐτέρας
2835 2349 2969 2407 τινὸς
3037 2345 3279 2409 ἀσεϐείας
3337 2347 3608 2419 ἐπιμιξίαν.
3657 2349 3715 2398 Τὸ
3757 2346 3827 2416 γὰρ

538 2437 679 2492 tatis
707 2435 1021 2490 misturam
1061 2432 1262 2488 habet.
1291 2432 1609 2504 Propterea
1639 2432 1797 2488 enim
1826 2434 2152 2489 contaminz

2303 2435 2448 2486 ἕνεκα
2483 2436 2670 2486 τούτου
2727 2442 3146 2510 μιαροφαγῆσαι,
3196 2436 3334 2488 ὥστε
3382 2439 3473 2492 τὴν
3523 2442 3614 2507 γῇν
3662 2433 3829 2506 ἐκμειλί-

539 2528 670 2580 tum
700 2523 904 2578 cibum
945 2521 1252 2594 attingere,
1290 2525 1354 2576 ut
1390 2525 1546 2576 terra
1583 2521 1940 2592 placaretur,
1982 2538 2153 2578 securi

2305 2523 2518 2590 ξασθαι,
2568 2525 2704 2576 κατὰ
2759 2529 2853 2583 τὴν
2920 2523 3120 2577 ἐκείνων
3168 2533 3265 2587 τῆς
3323 2524 3561 2588 ἀπονοίας
3625 2525 3827 2584 ὑπόνοιαν,

539 2614 688 2670 dum
744 2613 1026 2669 insanam
1092 2611 1364 2682 ipsorum
1432 2610 1804 2682 opinionem,
1847 2611 2071 2666 crimen
2134 2613 2151 2668 i

2306 2613 2452 2676 αὔξει
2498 2612 2646 2666 πλέον
2696 2616 2754 2666 τό
2807 2613 3044 2686 ἔγκλημα
3068 2636 3080 2648 ·
3113 2614 3210 2666 κᾶν
3270 2616 3389 2668 ἄνευ
3436 2614 3677 2686 λογισμῶν
3724 2629 3830 2662 τινων

538 2702 738 2774 majus
800 2700 1046 2757 attollit:
1089 2699 1323 2756 etiamsi
1365 2699 1494 2755 sine
1546 2699 1836 2770 gravioris
1877 2699 2152 2770 impietatl

2307 2699 2732 2776 δυσσεϐεστέρων
2792 2706 2923 2778 πρὸς
2973 2707 3066 2762 τὴν
3123 2707 3374 2762 τοιαύτην
3427 2701 3666 2773 ὑπόληψιν
3691 2717 3828 2755 κατην·

538 2789 999 2862 cogitatione,ad
1013 2789 1168 2845 hanc
1185 2789 1523 2860 opinionem
1540 2794 1938 2845 accesserunt.
1957 2791 2152 2845 Verun

2306 2793 2565 2863 έχθησαν.
2598 2791 2734 2850 mas»
2762 2811 2822 2863 γε
2856 2797 2945 2845 καὶ
2976 2801 3073 2844 τῶν
3106 2789 3312 2867 ἀνδρῶν
3340 2797 3397 2846 τὸ
3425 2789 3558 2857 ἦθος,
3587 2793 3663 2842 καὶ
3688 2791 3712 2847 ἡ
3738 2785 3827 2840 ἄλλη

539 2886 740 2938 tamen
767 2885 824 2936 et
859 2878 1177 2935 hominum
1216 2893 1438 2944 mores,
1479 2883 1536 2934 et
1572 2877 1840 2950 reliquus
1881 2879 2012 2934 vitae
2052 2883 2153 2935 acta

2233 2911 2273 2966 C
2306 2887 2398 2932 τοῦ
2427 2879 2545 2952 βίου
2596 2877 2857 2953 διαλωγὴ,
2890 2886 2976 2934 καὶ
3035 2884 3388 2948 κατάστασις,
3443 2885 3528 2933 καὶ
3578 2881 3604 2937 ἡ
3639 2885 3716 2937 τῆς
3747 2870 3831 2926 δια·

540 2974 729 3034 tenor,
759 2974 816 3026 et
839 2967 1022 3024 animi
1054 2967 1418 3030 constitutio,
1459 2972 1584 3022 tum
1620 2968 1854 3034 mentis,
1891 2968 2014 3024 sive
2045 2969 2154 3024 sim

2247 2964 2272 2966 ﬂ
2305 2975 2444 3030 νοίας
2491 2968 2715 3030 ἁπλότης
2762 2971 2790 3028 ἣ
2851 2967 3108 3036 δεινότης,
3161 2967 3388 3024 δύναται
3467 2964 3828 3023 πολυπλασιιίζειν

533 3059 768 3133 plicitas
809 3058 932 3114 sive
972 3055 1232 3122 solertia,
1284 3055 1379 3112 vel
1434 3057 1762 3129 producere
1810 3062 2003 3130 potest
2056 3062 2147 3114 ten

2305 3064 2390 3110 καὶ
2442 3063 2733 3129 συντέμνειν
2759 3081 2771 3092 ·
2807 3062 2906 3112 εἴτε
2944 3066 3032 3112 καὶ
3088 3063 3223 3132 μετὰ
3275 3061 3646 3134 τεσσαράκοντα
3684 3057 3829 3126 ἡμέρας

534 3165 652 3223 pus
691 3147 783 3206 vel
820 3151 1054 3204 curtare
1085 3163 1097 3202 :
1132 3163 1272 3203 cum
1311 3147 1566 3203 fortasse
1605 3151 1741 3218 post
1792 3147 2148 3220 quadragint

2307 3146 2508 3221 ἐπιτεθῇ
2544 3148 2717 3210 αύτοῖς
2747 3147 3026 3222 ἐπιτίμιον.
3081 3149 3141 3203 Εἰ
3191 3146 3252 3204 δὲ
3299 3147 3381 3204 δεῖ
3424 3170 3474 3202 τι
3500 3153 3582 3201 καὶ
3619 3143 3828 3217 myndam

535 3238 666 3294 dies
695 3237 978 3309 imposita
1007 3251 1262 3292 censura
1291 3235 1383 3290 sit.
1417 3235 1589 3301 Quod
1617 3235 1665 3290 si
1697 3236 1962 3292 secunda
1994 3237 2149 3309 aliqu

2307 3233 2545 3310 δεύτερον
2590 3237 2768 3302 εἰπεῖν,
2809 3239 2928 3290 ἄνευ
2988 3247 3088 3291 τῶν
3131 3237 3500 3312 ἐπιτεμνόντων
3560 3238 3588 3296 ᾖ
3636 3234 3829 3306 μηκυνόν·

536 3325 803 3382 deﬁnitio
830 3323 1221 3396 producenda
1251 3327 1360 3390 est,
1395 3323 1671 3394 sepositis
1709 3324 2150 3381 circumstantii:

2305 3345 2403 3378 των
2455 3329 2513 3377 τὸ
2567 3331 2785 3401 πρᾶγμα
2840 3336 3224 3401 περιστατικῶν
3257 3329 3455 3393 αἰτιῶν,
3487 3327 3551 3389 εἰς
3587 3331 3703 3397 τρεῖς
3743 3337 3829 3370 τεσ-

537 3430 674 3486 quse
687 3413 1076 3486 producendo
1106 3411 1199 3467 vel
1212 3412 1504 3467 curtando
1519 3413 1770 3484 tempori
1785 3429 2032 3468 causam
2049 3430 2151 3486 pra

2307 3417 2658 3486 σαρακοστὰς,
2708 3417 2738 3473 ἡ
2791 3413 3048 3489 ἐπιτιμία,
3079 3421 3197 3478 τούς
3248 3419 3332 3472 ἐπὶ
3379 3425 3440 3490 τῇ
3491 3416 3700 3489 εἰρημένῃ
3740 3426 3828 3480 μια-

535 3502 700 3568 bent,
735 3501 812 3557 ad
853 3507 970 3556 tres
1022 3499 1256 3555 dierum
1295 3499 1720 3571 quadragenas
1759 3502 1948 3558 multa
1987 3519 2149 3560 eorui

2302 3508 2528 3576 ροφαγίᾳ
2584 3503 2892 3571 ἑαλωκότας,
2953 3513 3261 3581 περιστήσει
3287 3529 3301 3542 ·
3342 3507 3450 3579 οἱμα
3485 3513 3543 3579 τῇ
3592 3503 3696 3574 ἄλλῃ
3733 3496 3827 3549 κατὰ

537 3591 644 3664 qui
681 3591 737 3645 in
791 3589 905 3645 hoc
953 3587 1201 3644 crimine
1247 3588 1603 3656 deprehensi
1655 3597 1812 3660 sunt,
1866 3591 2151 3664 redigend

2303 3598 2396 3651 τὴν
2437 3590 2646 3646 δίαιταν
2691 3593 3086 3668 σκληραγωγίᾳ,
3132 3602 3225 3649 καὶ
3284 3604 3344 3669 τῇ
3388 3603 3483 3647 τῶν
3533 3597 3723 3666 φρικτῶν
3758 3605 3825 3656 μυ·

539 3680 646 3736 erit
678 3696 689 3736 :
723 3683 939 3752 printer
975 3677 1272 3750 reliquam
1313 3677 1504 3734 victus
1539 3679 1963 3750 austeritatem,
1997 3687 2052 3738 et
2078 3687 2153 3739 tre

1313 3677 1504 3734 victus
1539 3679 1963 3750 austeritatem,
1997 3687 2052 3738 et
2078 3687 2191 3739 tre-
2305 3687 2531 3758 στηρίων
2559 3681 2902 3736 ἁποκωλύσει.

539 3767 899 3826 mendorum
915 3768 1338 3841 mysteriorum
1353 3766 1799 3826 abstinentiam.

1181 3892 1394 3950 EPIST.
1423 3877 1555 3948 XXI.

2909 3903 3123 3952 ΕΠΙΣΤ.
3167 3899 3297 3954 ΚΔ’·

1783 4000 1939 4052 Edita
1957 4015 1989 4052 a
2003 4002 2329 4055 Montacutio
2355 4005 2433 4068 (p.
2471 4005 2601 4066 389).

610 4110 738 4165 Non
767 4105 991 4163 idcirco
1019 4105 1265 4163 antistiti
1305 4105 1796 4177 signiﬁcavimus,
1831 4113 1892 4164 ut
1921 4110 2196 4167 certiores

2378 4111 2499 4183 Ούχ
2540 4111 2701 4172 οὕτως
2744 4109 3071 4184 ἐμηνύσαμεν
3119 4119 3191 4183 τῷ
3247 4108 3501 4186 προέδρῳ,
3529 4111 3602 4161 ἶνα
3641 4103 3824 4177 μάθωμεν

536 4198 843 4262 ﬁeremus,
859 4211 1005 4250 num
1021 4195 1214 4251 sciens
1227 4195 1544 4267 episcopus
1555 4195 1913 4264 adulterum,
1935 4215 2100 4255 sacra
2113 4200 2150 4256 ft

2227 4198 2271 4252 D
2307 4200 2350 4252 εἰ
2395 4203 2525 4272 μετά
2577 4205 2808 4270 γνώσεως
2863 4205 3218 4275 παρεχώρησε
3265 4206 3351 4253 τόν
3389 4202 3570 4273 μοιχόν
3617 4190 3825 4267 ἱερατεύειν

540 4301 674 4344 cere
714 4285 1098 4357 permisisset,
1155 4283 1318 4357 quod
1345 4289 1403 4340 et
1443 4301 1622 4355 grave
1670 4293 1865 4353 esset;
1899 4290 2000 4343 sed
2048 4305 2154 4344 nur

2304 4291 2329 4341 ό
2361 4288 2644 4350 ἐπίσκοπος
2672 4310 2684 4321 '
2731 4290 2923 4341 ἄτοπον
2970 4293 3071 4362 γὰρ
3117 4293 3204 4341 καὶ
3260 4297 3410 4342 τοῦτο
3437 4311 3448 4322 ·
3486 4287 3582 4339 ἀλλ’
3623 4282 3658 4336 εἰ
3701 4283 3826 4348 ἐγίνω-

539 4375 760 4447 ipsum,
780 4372 1118 4429 adulterum
1141 4387 1268 4427 esse
1286 4372 1480 4427 sciens
1494 4372 1834 4430 ordinasset
1854 4398 1864 4430 :
1887 4379 2050 4448 quod
2066 4394 2153 4449 gr:

2306 4397 2396 4431 σκε
2427 4383 2618 4450 μοιχόν
2659 4378 2812 4429 αύτόν
2846 4375 2993 4443 εἶναι,
3029 4384 3116 4431 καὶ
3149 4380 3283 4432 οὕτω
3315 4379 3464 4432 αύτόν
3489 4375 3825 4447 ἐχειροτόνησε·

540 4467 667 4522 vius
697 4469 802 4520 est.
845 4461 945 4518 Ille
971 4466 1195 4526 autem,
1224 4460 1396 4531 cujus
1430 4477 1542 4516 nos
1586 4462 1862 4519 certiores
1898 4464 2022 4520 ﬁeri
2049 4466 2154 4522 vel]

2302 4449 2663 4540 χαλεπώτερον
2691 4470 2792 4540 γὰρ
2841 4477 3013 4520 τοῦτο.
3047 4468 3104 4520 Ὀ
3137 4465 3216 4531 δε,
3279 4470 3304 4520 ὃ
3342 4471 3429 4541 μὲν
3481 4463 3680 4537 ἐμηνύθη
3709 4449 3824 4508 διδά·

542 4550 1038 4624 signiﬁcavimus,
1071 4549 1146 4604 de
1168 4565 1238 4604 eo
1265 4547 1411 4603 nihil
1429 4565 1538 4604 nos
1564 4548 1786 4616 docuit,
1809 4553 1973 4622 quod
1994 4559 2156 4609 auter

2305 4557 2408 4621 ξαι,
2436 4557 2530 4608 οὐκ
2557 4553 2872 4622 ἑὸ’ίδτλῑξειωὸ
2927 4554 2985 4610 δι
3037 4554 3214 4620 οὐδεὶς
3270 4557 3489 4620 ἐζήτησε
3540 4559 3671 4604 τοῦτο
3709 4543 3825 4607 ἀνήν-

541 4659 720 4699 nemo
785 4639 1115 4714 quaerebat.
1154 4638 1270 4694 hoc
1326 4639 1704 4695 renuntiavit.
1756 4643 2155 4699 Verumtamer

2301 4645 2452 4717 γαλε.
2513 4645 2650 4702 Πλὴν
2697 4645 2740 4697 εἰ
2778 4650 2866 4717 μὲν
2907 4643 3058 4708 εἰδὼς
3080 4646 3235 4698 αὐτόν
3284 4649 3474 4718 μοιχόν
3527 4646 3630 4693 ὄντα
3678 4633 3821 4704 ἐχειρο·

543 4730 839 4802 siquidem
873 4732 1069 4802 ipsum
1113 4727 1450 4784 adulterum
1489 4744 1615 4784 esse
1655 4729 1847 4786 sciens
1875 4731 2147 4788 ordinavi

2305 4740 2508 4800 τόνησε,
2563 4734 2816 4795 παντελῶς
2874 4738 2987 4787 ἐστι
3037 4738 3396 4808 καθῃρημένος
3439 4742 3522 4805 τῇς
3568 4717 3823 4801 ἀρχιερωσδ·

545 4819 792 4874 omnino
823 4825 879 4874 et
920 4819 1269 4891 episcopatu
1295 4822 1349 4873 et
1377 4817 1711 4874 sacerdotio
1749 4819 1998 4875 excidit:
2032 4838 2153 4892 quo

2303 4844 2396 4884 νης
2427 4843 2479 4876 τε
2531 4829 2620 4876 καὶ
2671 4826 2949 4895 ἱερωσύνης
2985 4846 2996 4858 ο
3041 4825 3085 4877 εἰ
3139 4822 3198 4878 δὲ
3253 4827 3444 4897 ἀγνοῶν
3499 4819 3636 4872 αὐτόν
3679 4821 3822 4883 μοιχον

546 4905 595 4959 si
628 4905 908 4974 ignorans
931 4907 1268 4962 adulterum
1283 4922 1414 4962 esse
1435 4923 1571 4962 eum
1591 4907 1909 4973 ordinavit,
1935 4915 2060 4966 tum
2079 4927 2160 4964 cei

2307 4916 2428 4964 ὄντα
2476 4911 2888 4986 ἐχειροτόνησεν,
2923 4911 3033 4965 εἶτα
3081 4915 3279 4985 μαθὼν,
3311 4912 3496 4981 ἐπέσχε
3523 4910 3602 4980 μὲν
3637 4901 3705 4953 ἐπὶ
3725 4911 3823 4986 χον·

545 4993 657 5047 tior
686 4991 898 5057 factus,
933 4995 1007 5050 ad
1037 4999 1277 5068 tempus
1335 4994 1580 5066 quidem
1613 4995 1924 5064 abstinuit,
1983 4997 2159 5053 deind

2305 5021 2408 5066 νον,
2445 5000 2666 5054 ἀπέλυσε
2726 4998 2784 5054 δὲ
2827 5004 3118 5074 ἱερατεύειν,
3170 5005 3494 5060 ’καυθήσεται
3540 4998 3618 5067 μὲν
3662 4991 3823 5077 καὶανῗ

547 5096 718 5137 sacra
750 5081 940 5137 facere
998 5084 1289 5154 permisit,
1347 5087 1522 5141 etiam
1570 5086 1766 5157 ipsum
1821 5087 2066 5158 quidem
2122 5105 2154 5141 τι

2307 5093 2393 5152 τὸς
2426 5097 2516 5142 τοῦ
2564 5093 2844 5164 ἱερουργεῖν
2876 5091 2959 5144 ἐπὶ
3015 5097 3238 5164 χρόνους
3297 5092 3454 5149 τινας.
3501 5082 3638 5136 ’Λλλο
3680 5077 3759 5146 γάρ
3782 5085 3821 5167 τέ

547 5174 787 5241 tempus
828 5171 1010 5225 sacris
1067 5172 1354 5228 faciendis
1403 5173 1698 5231 abstinere
1729 5180 1975 5247 oportet.
2027 5176 2156 5232 Aliu

2307 5178 2490 5252 [κατα]
2521 5187 2776 5251 φρονῆσαι
2809 5188 2965 5247 Θεοῦ,
3012 5186 3102 5233 καὶ
3140 5181 3260 5233 ἄλλο
3307 5183 3363 5231 τό
3417 5172 3726 5228 ἁπαιτηθῆναι
3760 5174 3822 5209 7“"

548 5259 708 5318 enim
737 5263 824 5314 est
847 5261 1031 5314 Deum
1053 5267 1450 5327 contemnere,
1478 5264 1640 5319 aliud
1668 5281 1865 5320 errore
1882 5265 2162 5338 deceptur

2311 5266 2463 5330 δόξαι
2495 5268 2736 5340 φυλάξαι,
2760 5269 2853 5320 κᾶν
2879 5269 2975 5322 ούκ
3003 5270 3240 5342 ἐφύλαξεν
3268 5291 3279 5302 ·
3315 5269 3396 5320 ἐπὶ
3426 5271 3629 5338 χρόνους
3648 5252 3697 5308 δὲ
3719 5262 3823 5342 τξναξ

547 5348 734 5406 videri
757 5348 950 5418 legem
981 5346 1334 5405 observasse
1359 5351 1588 5408 etiamsi
1617 5369 1737 5409 non
1760 5337 2058 5411 observes.
2085 5356 2161 5411 Ca

2312 5360 2498 5430 ἔφημεν
2561 5357 2912 5430 ἐπισχεθῆναι
2971 5359 3148 5426 αὐτόν,
3218 5358 3393 5429 ἐάνπερ
3437 5356 3499 5406 τὰ
3549 5346 3661 5400 ἄλλα
3704 5337 3821 5391 αὐτου

552 5444 762 5506 terum,
784 5436 862 5496 ad
877 5441 1110 5509 tempus
1123 5437 1936 5514 abstinereipsumdecrevim
1946 5461 2031 5512 us,
2052 5446 2099 5501 si
2116 5461 2166 5502 re

2313 5428 2694 5522 προτερήματα
2750 5452 2840 5500 καὶ
2889 5450 2918 5507 ἠ
2976 5457 3072 5511 τῆς
3139 5449 3296 5510 ἄλλης
3350 5442 3603 5518 περιουσία
3650 5428 3820 5484 δύναται
