4088 6214
222 225 337 281 789

1503 229 2011 296 EPISTOLARUM
2053 233 2268 290 LIBER
2308 235 2350 291 Ι.

3493 235 3599 292 790

219 385 750 446 ἀντιταλαντευθῆναι
798 395 881 460 re}?
927 391 1146 463 τοιούτῳ
1208 390 1371 444 αὐτοῦ
1421 397 1822 468 παραπτώματι,

1935 394 2102 468 liqua
2157 396 2286 467 ejus
2337 397 2568 464 merita,
2619 401 2677 455 et
2727 397 2954 455 virtutis
3010 398 3208 470 copia,
3247 395 3598 468 hujusmodi

221 477 270 532 εἰ
297 475 354 531 δε
394 482 488 550 μὴ,
523 473 754 538 διηνεκὲς
805 481 863 530 τό
915 477 1172 553 ἐπιτίμιον
1203 481 1322 544 ἔξει.
1374 481 1553 544 Ταυτα
1597 479 1658 534 δὲ
1685 481 1826 553 λέγο-

219 585 338 639 μεν,
391 566 485 618 οὐκ
537 565 673 618 ἐὰνό
709 563 964 641 πρόεδρος
1015 567 1172 621 αὐτοῦ
1230 568 1366 641 λέγει
1426 571 1506 622 ὄτι
1556 576 1826 642 γινώσκων

220 659 382 709 αυτόν
429 660 623 728 μοιχόν
667 654 1143 731 ἔχειροτόνησεν,ἦ
1195 659 1272 712 ὅτι
1319 661 1451 732 μετά
1500 662 1558 712 τὸ
1583 679 1828 735 χειροτο-

218 749 446 806 νηθῆναι
502 744 658 798 αὐτόν
715 747 892 818 μαθὼν
959 750 1153 820 μοιχὸν
1223 747 1375 815 εἶναι,
1432 753 1521 801 καὶ
1575 747 1657 801 ἐπί
1711 769 1827 803 τινα

219 841 416 909 χρόνον
446 835 704 908 ἐπισχὼν,
736 831 848 888 εἶτα
889 837 1170 910 ἱερουργεῖν
1223 837 1379 890 αὐτόν
1409 836 1601 911 ἀφῆκεν
1648 855 1660 868 '
1718 837 1824 890 ἀλλ’

220 924 310 978 ἐὰν
386 925 543 987 αὐτὸς
613 921 707 977 διὰ
775 928 1055 1000 μαρτύρων
1112 935 1310 979 πιστῶν
1363 931 1450 980 καὶ
1497 924 1825 986 ἀδιαϐλήτων

220 1013 461 1086 ἠλέγχθη
493 1035 504 1048 ·
542 1015 572 1073 ἦ
614 1018 705 1066 καὶ
735 1018 806 1086 μὴ
843 1013 1125 1088 ἕλεγχθεὶς,
1177 1016 1348 1088 οἰκείῳ
1400 1019 1695 1070 κατετέθετο
1736 1022 1826 1071 καὶ

219 1103 530 1177 ὡμολόγησε
582 1109 824 1178 στόματι.
857 1111 1036 1158 Ταῦτα
1079 1108 1169 1178 μὶν
1200 1102 1288 1159 οὖν
1319 1107 1349 1165 ἡ
1392 1107 1619 1180 ἡμετέρα
1665 1105 1826 1180 ἁρμό-

221 1195 332 1255 ζειν
381 1197 546 1269 ἔκρινε
599 1197 874 1269 μετριότης
906 1215 919 1228 '
978 1199 1068 1248 καὶ
1115 1200 1234 1269 περὶ
1291 1195 1452 1248 αὐτοῦ
1511 1199 1580 1258 ὡς
1636 1195 1827 1249 κελεύει

222 1279 493 1342 διοικήσει
523 1285 553 1342 ἡ
592 1284 734 1356 ὑμῶν
788 1282 1027 1356 ἁγιότης.
1078 1288 1144 1338 Σύ
1195 1281 1256 1338 δέ
1295 1305 1386 1358 μοι
1434 1283 1483 1338 έν
1531 1288 1705 1358 Κυρίῳ
1749 1283 1827 1360 ἕρ-

215 1391 384 1447 ρωσο.

840 1493 1053 1544 ΕΠΙΣΤ.
1087 1488 1212 1544 ΚΒ”

1935 483 2176 555 lapsum
2208 501 2601 556 compensare
2628 485 2978 543 videantur:
3009 487 3123 553 sin,
3152 488 3212 543 in
3239 490 3592 559 perpetuum

1935 587 2204 630 censuras
2247 574 2603 646 subjacebit.
2645 578 2778 632 Haec
2816 581 3017 632 autem
3055 576 3330 641 dicimus,
3371 589 3494 631 non
3546 573 3593 629 si

1935 662 2184 718 antistes
2215 663 2403 736 ipsius
2444 663 2604 720 dicat
2631 665 2797 737 quod
2836 665 3035 736 ipsum
3084 665 3422 722 adulterum
3461 678 3593 720 esse

1935 751 2127 807 sciens
2165 751 2482 819 ordinavit,
2527 754 2618 810 vel
2656 754 2822 828 quod
2861 759 3187 827 postquam
3235 754 3590 819 ordinasset,

1935 841 2146 897 certior
2175 841 2366 898 factus
2399 843 2738 901 adulterum
2766 860 2917 910 esse,
2949 860 3088 901 cum
3119 843 3316 916 ipsum
3345 843 3423 900 ad
3449 846 3594 899 tem-

1933 945 2050 1002 pus
2108 930 2515 998 abstinuisset,
2557 933 2773 990 deinde
2832 935 3016 990 sacris
3055 933 3225 1005 fungi
3274 931 3588 1005 permisit;

1936 1017 2044 1074 sed
2075 1019 2122 1074 si
2149 1019 2277 1092 ipse
2303 1021 2549 1078 testibus
2581 1022 2697 1079 ﬁde
2728 1023 2925 1094 dignis
2955 1028 3010 1079 et
3037 1021 3357 1095 inculpatis
3388 1020 3590 1078 convi-

1933 1111 2080 1174 ctus,
2113 1109 2203 1165 vel
2241 1125 2364 1167 non
2394 1111 2728 1179 convictus,
2762 1113 2868 1168 sed
2897 1129 2999 1169 ore
3039 1129 3149 1168 suo
3188 1127 3476 1168 assensus
3517 1109 3592 1166 sit

1933 1201 1991 1252 et
2017 1198 2345 1256 confessus.
2373 1201 2507 1258 Haec
2536 1201 2717 1272 igitur
2741 1201 3119 1258 mediocritas
3149 1205 3356 1258 nostra
3378 1214 3591 1256 conve-

1934 1285 2095 1342 nires
2126 1290 2393 1346 censuit:
2422 1290 2498 1347 de
2517 1291 2649 1362 ipso
2671 1296 2870 1348 autem
2895 1292 3180 1348 sanctitas
3207 1297 3403 1346 vestra
3425 1287 3592 1360 quod

1933 1373 2220 1445 hortatur,
2255 1380 2590 1438 constituet.
2615 1383 2697 1437 Tu
2725 1396 2861 1438 vero
2886 1380 3033 1438 mihi
3061 1380 3122 1438 in
3153 1380 3407 1437 Domino
3434 1376 3587 1434 vale.

2564 1497 2774 1553 EPlST.
2814 1498 2970 1554 XXII.

1489 1614 1642 1664 Edita
1669 1627 1702 1665 a
1731 1614 2056 1668 Montacutio
2087 1621 2157 1682 (p.
2194 1620 2324 1684 390).

297 1734 491 1801 Θαῦμα
545 1729 635 1800 μὲν
691 1729 826 1801 ἡμᾶς
879 1733 1114 1802 κατέσχε
1164 1735 1254 1783 καὶ
1319 1729 1586 1795 ἔκπληξις,
1631 1730 1714 1784 ἐπὶ
1759 1739 1821 1804 τῇ

2004 1734 2334 1794 Admiratio
2373 1738 2621 1810 quidem
2658 1753 2770 1796 nos
2800 1737 3018 1796 invasit
3055 1753 3128 1796 ac
3161 1741 3374 1812 stupor
3411 1752 3591 1812 super

217 1821 452 1891 τοσαύτη
505 1823 772 1891 παροινίᾳ,
806 1824 896 1872 καὶ
936 1817 1171 1892 ἀπονοίᾳ,
1220 1824 1310 1873 καὶ
1340 1819 1682 1892 ἀναισθησίᾳ,
1736 1824 1825 1872 καὶ

216 1909 525 1980 παρανομίᾳ
549 1913 639 1960 τοῦ
690 1904 976 1980 προέδρου,
1029 1913 1264 1980 καίτοιγε
1308 1917 1405 1961 τῶν
1437 1911 1683 1962 τοιούτων
1726 1929 1824 1962 πα-

219 1999 324 2052 θῶν
375 1995 570 2049 παλαιά
614 2016 731 2048 τινα
753 1999 880 2069 ἴχνη
923 1996 970 2049 ἓν
1010 2005 1071 2070 τῇ
1118 2002 1296 2071 μνήμῃ
1337 2002 1581 2074 φέροντας
1609 2015 1622 2029 ’
1653 1997 1759 2051 ἀλλ’
1790 2001 1819 2057 ἡ

218 2086 442 2158 ἔπιμονὴ
480 2089 571 2138 καὶ
619 2086 844 2150 αὔξησις
895 2095 994 2138 τῶν
1051 2086 1432 2160 προλαϐόντων,
1493 2090 1560 2150 ὡς
1600 2086 1683 2141 ἐπὶ
1722 2108 1826 2140 πα-

215 2171 487 2250 ραδόξοις,
544 2180 651 2236 τοῖς
707 2181 794 2226 νῦν
851 2179 1252 2249 πεπραγμένοις,
1307 2181 1545 2251 παρέσχε
1575 2178 1823 2251 ταράττε-

218 2267 368 2318 σθαι.
428 2263 565 2322 Πλὴν
613 2263 708 2315 οὐκ
754 2263 895 2316 ἔστιν
928 2263 1271 2337 ἀνενόχλητον
1325 2274 1427 2327 τοῖς
1457 2265 1578 2318 καθ’
1604 2269 1822 2319 ἕκαστον

215 2362 321 2407 τῶν
351 2355 487 2406 κατὰ
529 2357 681 2427 μέρος
720 2352 884 2424 λόγων
939 2353 1234 2420 ἐπιστῆναι,
1268 2354 1293 2407 ὃ
1333 2355 1581 2416 πολλάκις
1637 2358 1824 2428 ἔφαμεν

215 2449 312 2496 καὶ
375 2449 462 2494 νῦν
520 2460 700 2514 φαμεν.
758 2441 847 2503 Ὠς
901 2441 1104 2516 ἐπείπερ
1163 2449 1251 2496 καὶ
1324 2446 1472 2516 ἡμεῖς
1527 2444 1824 2520 ἁμαρτωλοὶ

216 2536 316 2593 τὰς
367 2531 675 2604 ἀμαρτωλὰς
725 2532 871 2602 ἡμῶν
924 2539 1109 2605 χεῖρας
1163 2531 1248 2586 ἐπὶ
1305 2538 1399 2593 τὴν
1454 2538 1551 2593 σὴν
1611 2533 1825 2607 ἐθέμεθα

214 2619 465 2693 κεφαλὴν,
524 2624 618 2679 τὴν
680 2618 1052 2694 τελεταρχικὴν
1106 2629 1198 2674 τοῦ
1236 2627 1494 2695 παναγίου
1526 2626 1825 2696 Πνεύματος

216 2709 617 2781 ἐπικαλούμενοι
689 2711 852 2782 χάριν
930 2714 1039 2780 (καὶ
1107 2715 1521 2785 πεπιστεύκαμεν
1579 2711 1636 2764 ού
1708 2719 1824 2774 ταῖς

217 2802 368 2872 ἡμῶν
425 2800 796 2871 χειροθεσίαις,
830 2797 960 2852 ἀλλὰ
989 2807 1050 2872 τῇ
1100 2819 1154 2854 τε
1203 2802 1392 2855 ἄνωθεν
1435 2803 1683 2874 εὐμενείᾳ,
1733 2805 1824 2854 καὶ

216 2896 282 2962 τῇ
345 2895 411 2961 σῇ
471 2886 650 2961 ἀρετῇ,
721 2892 815 2947 τὴν
899 2888 1229 2961 ἐπιφοίτησιν
1308 2891 1468 2944 αὐτοῦ
1543 2891 1824 2945 πλουτίσαι

214 2977 407 3051 ἡμᾶς),
439 2976 498 3030 ού
528 2981 680 3050 μόνον
734 2978 834 3030 ὅσα
886 2979 936 3030 ἐν
983 2986 1044 3052 τῇ
1099 2979 1388 3054 Ἐκκλησίᾳ
1434 2986 1741 3055 παρανόμως
1769 2999 1824 3033 τε

1934 1826 2101 1880 tanta
2147 1824 2497 1884 deliratione
2535 1834 2590 1884 et
2637 1827 2934 1893 vecordia,
2975 1843 3211 1884 necnon
3257 1826 3590 1884 insulsitate

1933 1916 2112 1985 atque
2143 1917 2496 1973 enormitate
2527 1918 2820 1983 antistitis,
2855 1918 3035 1973 etiam
3067 1922 3265 1973 vetera
3303 1915 3590 1990 quaedam

1933 2003 2182 2074 vestigia
2222 2003 2518 2076 ejusmodi
2539 2004 2882 2071 affectuum,
2924 2006 3218 2062 memoria
3242 2005 3586 2061 recolentes.

1937 2095 2148 2148 Verum
2163 2093 2398 2151 duratio
2411 2099 2589 2168 atque
2602 2095 3025 2151 incrementum
3040 2092 3497 2166 praecedentium
3511 2092 3587 2149 de

1935 2183 2354 2254 praesentibus,
2369 2188 2658 2257 tanquam
2672 2189 2885 2257 praeter
2896 2184 3242 2256 opinionem
3256 2182 3443 2250 factis,
3461 2198 3588 2255 per-

1933 2271 2290 2328 turbationis
2316 2273 2493 2330 nobis
2529 2274 2842 2330 materiam
2864 2272 3268 2346 praebuerunt.
3297 2276 3586 2329 Caeterum

1934 2361 2209 2418 molestia
2225 2378 2344 2419 non
2367 2369 2555 2432 vacat,
2572 2363 2944 2434 singulorum
2967 2360 3167 2419 causis
3183 2361 3585 2434 particulatim

1931 2450 2226 2518 insistere,
2248 2451 2414 2526 quod
2441 2453 2660 2525 saepius
2681 2453 2962 2518 diximus,
2989 2455 3221 2508 et-nunc
3241 2450 3421 2507 etiam
3447 2449 3586 2505 dici-

1933 2556 2090 2598 mus.
2115 2541 2288 2607 Quod
2307 2558 2445 2598 cum
2477 2547 2819 2614 peccatores
2848 2557 2959 2598 nos
2980 2539 3343 2614 peccatrices
3369 2553 3588 2595 manus

1933 2630 2113 2702 capiti
2135 2635 2236 2687 tuo
2263 2631 2682 2704 imposuimus,
2711 2631 2965 2702 gratiam
2993 2629 3183 2686 sancti
3211 2628 3461 2702 Spiritus
3483 2643 3588 2684 an-

1931 2719 2094 2776 tistiti
2115 2721 2422 2792 propriam
2453 2719 2842 2793 implorantes
2869 2720 3014 2792 (non
3040 2722 3258 2775 nostra;
3290 2731 3586 2774 manuum

1931 2808 2322 2880 impositioni,
2390 2809 2494 2866 sed
2564 2825 2837 2882 superum
2902 2806 3276 2879 benignitati,
3337 2809 3396 2863 et
3467 2810 3584 2862 tum

1931 2898 2121 2970 ipsius
2175 2897 2374 2954 virtuti
2444 2898 2674 2965 conﬁsi,
2736 2901 3164 2969 superventum
3229 2895 3417 2968 ipsius
3473 2909 3586 2950 nos

1930 2987 2343 3044 benedictione
2394 2986 2766 3058 ditaturum),
2797 3002 2920 3044 non
2961 2985 3158 3042 solum
3197 3001 3334 3058 quin
3372 2983 3436 3040 in
3475 2986 3583 3040 Ec-

215 3072 312 3120 καὶ
364 3065 716 3129 ἀκανονίστως
768 3068 911 3140 παρὰ
938 3075 1029 3120 τοῦ
1059 3071 1254 3132 ταύτης
1299 3067 1560 3144 προέδρου
1591 3075 1819 3146 πρόεισι,

1931 3078 2115 3135 clesia
2152 3077 2456 3149 illegitime
2495 3081 2553 3134 et
2589 3081 2797 3133 contra
2837 3091 3098 3132 canones
3136 3074 3216 3130 ab
3253 3073 3443 3146 ipsius
3482 3087 3585 3130 an-

214 3156 352 3210 ἀλλά
397 3161 486 3209 καὶ
517 3158 618 3209 ὅσα
645 3155 768 3232 παρ’
799 3155 970 3232 ἐτέρου
1014 3161 1108 3217 τὴν
1147 3159 1329 3231 ὁμοίαν
1394 3157 1820 3233 ἐπιδεικνυμένου

213 3253 450 3319 γνώμην,
503 3252 671 3299 ταῦτα
706 3247 876 3298 πάντα
924 3249 1014 3306 τὴν
1075 3250 1172 3306 σὴν
1220 3247 1598 3322 ἀρχιερατικὴν
1629 3269 1823 3323 παρεγε

211 3337 466 3410 γυὼμεθα
525 3334 822 3393 τελειότητα
878 3336 966 3408 (ὡς
1028 3337 1172 3409 ἡμῶν
1220 3345 1319 3390 τῶν
1384 3348 1632 3393 ταπεινῶν
1690 3359 1822 3412 συμ-

216 3431 485 3500 παρόντων
535 3429 625 3477 καὶ
685 3429 1141 3497 συνεφαπτομένων
1181 3434 1286 3488 τοῖς
1331 3433 1504 3501 νόμοις
1542 3437 1632 3484 τοῦ
1666 3432 1820 3482 Πνεύο

215 3516 405 3590 ματος)
456 3513 763 3568 ἀνακόπτειν
793 3533 848 3567 τε
899 3520 988 3568 καὶ
1043 3513 1428 3587 ἀναχαιτίζειν,
1482 3523 1570 3571 καὶ
1631 3517 1714 3571 ἐπὶ
1760 3523 1818 3571 τὸ

220 3605 427 3679 βελτιον
472 3608 554 3656 καὶ
606 3605 823 3679 ἄριστον
875 3606 1282 3678 μεταρυθμίζειν
1316 3624 1328 3636 °
1377 3607 1482 3679 ούχ
1535 3608 1679 3679 ἡμῶν
1709 3613 1820 3661 νυνὶ

217 3699 316 3754 τὴν
387 3697 635 3751 τοιαύτην
712 3699 1068 3764 πνευματικὴν
1133 3694 1376 3758 ἐξουσίαν
1431 3697 1817 3768 χαριζομένων,

221 3783 350 3836 ἀλλά
403 3791 493 3836 τοῦ
549 3785 844 3854 Πνεύματος
893 3789 984 3835 τοῦ
1039 3790 1320 3856 παναγίου,
1380 3786 1534 3843 ἡνίκα
1577 3790 1666 3838 καὶ
1727 3790 1820 3844 τὴν

219 3872 602 3947 ἀρχιερατικὴν
659 3868 843 3924 έδίδου
908 3868 1130 3945 δωρεάν.
1199 3873 1630 3928 Ἀπολυέσθωσαν
1695 3881 1821 3946 γοῦν

219 3964 270 4015 οί
301 3961 611 4035 παραλόγως
653 3957 834 4034 δεσμῷ
883 3959 1252 4025 ύποϐληθέντες
1297 3971 1389 4024 τῆς
1446 3962 1634 4035 ἀλόγου
1664 3983 1820 4016 κατα-

222 4048 401 4122 δίκης,
453 4055 543 4103 καὶ
598 4054 723 4124 πρὸς
748 4055 843 4108 τὴν
875 4047 1088 4103 δικαίαν
1119 4053 1631 4125 μεθαρμοξέσθωσαν
1664 4056 1822 4126 θερα-

221 4145 370 4192 πείαν
404 4159 416 4171 ·
450 4144 539 4191 καὶ
578 4141 626 4192 οὶ
658 4143 753 4198 τὴν
801 4141 1098 4213 παράνομον
1150 4143 1456 4217 καθαίρεσιν
1484 4143 1819 4207 ὑποστάντες,

219 4238 314 4290 τῆς
368 4226 560 4300 ἀνόμου
618 4227 796 4301 ψήφου
843 4233 1190 4301 πεπαυμένης,
1248 4232 1509 4302 ἐχέτωσαν
1560 4241 1648 4292 τῆς
1682 4234 1822 4305 ἱερω-

225 4319 387 4380 σύνης
428 4332 442 4347 '
473 4323 562 4370 καὶ
609 4319 634 4369 ὁ
681 4325 849 4370 ταῦτα
903 4318 1106 4389 πράξας
1164 4319 1413 4393 ἀφρόνως,
1470 4321 1701 4394 μάλιστά
1740 4341 1820 4394 γε,

1930 3167 2107 3224 tistite
2135 3167 2488 3236 procedunt,
2518 3165 2624 3222 sed
2652 3181 2788 3239 quae
2815 3163 2894 3222 ab
2917 3164 3035 3221 alio
3064 3163 3379 3237 quopiam,
3412 3162 3582 3219 simi-

1924 3257 2040 3314 lem
2085 3257 2271 3314 animi
2309 3255 2662 3312 sententiam
2700 3254 3172 3320 demonstrante,
3205 3253 3334 3309 hac
3371 3251 3579 3308 omnia

1926 3364 1963 3406 a
2016 3354 2118 3404 tua
2155 3345 2433 3403 antistitis
2484 3343 2846 3419 perfectione
2885 3347 3198 3416 (tanquam
3246 3340 3580 3398 humilitate

1926 3443 2130 3494 nostra
2183 3440 2498 3511 praesente,
2538 3439 2594 3492 et
2633 3432 2968 3507 spirituales
3023 3433 3184 3504 leges
3231 3430 3580 3504 adjuvante)

1924 3528 2188 3600 reprimi,
2222 3525 2637 3590 suﬂlaminari,
2669 3529 2726 3580 et
2776 3523 2838 3579 in
2889 3521 3220 3588 meliorem,
3260 3521 3379 3576 sive
3428 3519 3580 3593 opti-

1929 3634 2096 3674 mum
2150 3622 2370 3673 statum
2407 3614 2720 3672 reformari
2757 3612 3187 3686 prmcipimus:
3231 3626 3354 3667 non
3407 3609 3582 3666 nobis

1928 3723 2089 3762 nunc
2126 3705 2476 3777 hujusmodi
2517 3702 2886 3773 spiritualem
2932 3705 3289 3776 potestatem
3331 3699 3584 3770 largien-

1928 3795 2108 3860 tibus,
2151 3794 2256 3850 sed
2314 3798 2520 3850 sancto
2562 3791 2780 3864 Spiritu
2832 3797 2974 3847 tunc
3025 3805 3160 3848 eam
3221 3789 3580 3856 conferente,

1929 3900 2069 3940 cum
2125 3883 2376 3954 gratiam
2416 3881 2637 3937 summi
2695 3879 3014 3936 sacerdotii
3065 3879 3336 3935 donaret.
3379 3877 3584 3934 Absol-

1930 3978 2148 4029 vantur
2175 3969 2352 4041 igitur
2379 3973 2593 4042 praeter
2620 3967 2914 4025 rationem
2945 3965 3184 4022 vinculo
3216 3964 3470 4034 subjecti
3502 3963 3582 4020 ab

1929 4061 2138 4134 iniqua
2158 4060 2568 4123 damnatione,
2597 4061 2653 4113 et
2681 4055 2762 4112 ad
2787 4055 3118 4127 legitimum
3150 4052 3380 4108 cultum
3404 4053 3585 4108 refor-

1931 4155 2204 4207 mentur:
2238 4152 2296 4204 et
2319 4147 2422 4222 qui
2448 4145 2941 4216 degradationem
2961 4142 3194 4213 legibus
3219 4141 3584 4196 contrariam

1929 4239 2092 4312 passi
2133 4241 2288 4304 sunt,
2322 4237 2525 4309 iniquo
2553 4236 2791 4292 decreto
2829 4236 3122 4299 cessante,
3154 4229 3214 4286 in
3253 4228 3584 4286 sacerdotio

1930 4327 2408 4387 administrando
2450 4331 2739 4397 pergant:
2781 4329 2837 4381 et
2874 4323 2977 4396 qui
3011 4322 3139 4378 hinc
3177 4318 3586 4392 imprudenter

221 4409 304 4460 ὅτι
335 4410 401 4460 τὰ
431 4414 522 4459 τοῦ
583 4411 823 4479 σώματος
870 4409 1010 4466 πάθη
1070 4413 1158 4460 καὶ
1206 4414 1299 4468 τὴν
1354 4417 1445 4472 τῆς
1477 4410 1662 4482 ψυχῆς
1705 4431 1823 4464 συν-

1931 4418 2194 4483 admisit,
2227 4417 2487 4473 maxime
2510 4414 2777 4488 quidem,
2809 4413 2956 4486 quia
2979 4411 3244 4484 corporis
3275 4407 3586 4482 passiones

221 4498 405 4569 άφειαν
456 4497 764 4568 ὑπογράφει,
818 4497 1139 4567 μανθανέτω,
1172 4497 1214 4549 εἰ
1258 4502 1329 4569 μή
1389 4495 1610 4552 δύναται
1634 4519 1822 4572 παραι-

221 4590 411 4646 νίσεως
463 4584 621 4655 λόγῳ,
679 4583 784 4636 ἀλλ’
829 4581 916 4636 οὖν
973 4583 1377 4660 αὐστηρότερον,
1410 4594 1481 4660 μὴ
1537 4595 1823 4665 παραφέρε-

225 4677 351 4728 σθαι
397 4682 488 4726 τού
538 4669 770 4728 δικαίου.
823 4676 916 4726 Διά
969 4681 1120 4726 τοῦτο
1170 4678 1315 4735 καὶὴ
1366 4682 1496 4750 πρὸς
1528 4679 1682 4730 αὐτὸν
1716 4679 1824 4731 ἐπι-

223 4765 376 4821 στολὴ
433 4763 562 4821 καλὴ
614 4767 704 4814 καὶ
761 4759 948 4815 δικαία
982 4769 1107 4816 ’καὶ
1161 4765 1206 4816 εἰ
1256 4762 1396 4838 μηδι
1455 4771 1585 4839 μετά
1627 4772 1822 4827 ταύτην

226 4854 628 4926 σωφρονισθείη,
687 4854 966 4926 ἱερουργεῖν
1019 4856 1130 4924 μὲν,
1184 4859 1273 4907 καὶ
1321 4864 1419 4908 τῶν
1460 4855 1685 4929 ἀψύχων
1731 4863 1822 4916 τὴν

225 4938 497 4999 διοίκησιν
528 4943 688 5012 ἔχειν,
740 4945 864 5002 τέως
902 4947 971 5013 μὴ
1022 4942 1298 4996 κωλυέσθω
1324 4962 1335 4974 ·
1364 4944 1605 5018 ἐπιτιμᾷν
1638 4944 1696 4998 δὲ
1738 4951 1824 4998 καὶ

222 5034 509 5094 κανονίζειν
538 5035 654 5092 τούς
679 5029 976 5102 ἐμψύχους,
1036 5031 1250 5103 ἄψυχος
1299 5033 1457 5095 αὐτὸς
1487 5035 1574 5100 ὡν,
1610 5031 1703 5088 διὰ
1734 5043 1824 5096 τῆς

224 5121 273 5172 έν
332 5123 595 5192 Πνεύματι
643 5119 774 5192 ἁγίῳ
809 5121 934 5193 ἡμῖν
987 5116 1268 5194 δεδομένης
1307 5121 1566 5193 ἐξουσίας,
1599 5130 1669 5196 μὴ
1721 5144 1822 5178 πα-

221 5211 598 5286 ραχωρείσθω.

1931 4524 2231 4581 congruos
2252 4508 2435 4562 animi
2459 4504 2706 4561 affectus
2733 4504 3092 4576 exprimunt,
3115 4501 3305 4557 discat
3327 4499 3375 4554 si
3393 4502 3586 4570 potest

1931 4599 2225 4656 sermonis
2246 4595 2676 4659 exhortatione,
2705 4595 2795 4648 sin
2825 4592 3020 4648 minus
3048 4590 3380 4654 severitate,
3410 4587 3487 4642 ab
3512 4600 3584 4642 eo

1931 4689 2095 4763 quod
2106 4690 2335 4760 justum
2360 4690 2468 4752 est,
2485 4699 2603 4738 non
2632 4681 2927 4738 recedere.
2955 4679 3179 4736 Idcirco
3209 4679 3288 4734 ad
3309 4693 3448 4732 eum
3465 4673 3586 4746 epi-

1932 4779 2086 4836 stola
2092 4780 2224 4850 jure
2237 4783 2291 4833 et
2309 4781 2463 4832 recte
2476 4771 2872 4830 destinabitur
2889 4786 2902 4823 ξ
2920 4775 3244 4840 postquam
3259 4766 3367 4821 nisi
3383 4763 3587 4821 sanior

1931 4870 2168 4934 evadat,
2202 4881 2374 4922 sacra
2413 4863 2658 4936 quidem
2699 4861 2911 4922 facere,
2939 4862 2993 4914 et
3032 4856 3367 4912 inanimata
3391 4852 3586 4910 admi-

1931 4960 2181 5016 nistrare
2241 4953 2514 5011 nondum
2577 4949 2981 5022 prohibeatur,
3042 4959 3324 5000 censuras
3387 4947 3586 4998 autem

1933 5049 2217 5118 irrogare,
2257 5049 2315 5100 et
2369 5042 2669 5099 animatos
2726 5037 2803 5093 ad
2857 5034 3095 5106 regulas
3150 5033 3404 5103 exigere,
3456 5031 3582 5101 ipse

1932 5136 2234 5202 inanimis,
2267 5135 2556 5206 potestate
2587 5128 2763 5186 nobis
2803 5143 2839 5184 a
2866 5125 3083 5198 Spiritu
3115 5127 3325 5180 sancto
3356 5119 3589 5178 indulta

1932 5244 2008 5285 ne
2038 5225 2431 5300 permittatur.
