4088 6214
569 271 670 328 ’791

1186 397 1396 454 EPIST.
1438 397 1616 454 XXIII.

1795 266 2027 326 PHOTII
2069 266 2522 324 PATRIARCH/E
2560 266 2643 323 ΟΡ
2659 307 2672 322 .
3787 269 3864 326 792

2962 393 3176 444 ΕΠΙΣΤ.
3221 386 3313 445 ια’

1837 489 1990 540 Edita
2012 502 2045 540 a
2072 488 2404 539 Montacutio
2439 488 2509 552 (p.
2543 489 2674 552 391).

643 588 1042 642 Pervenerunt
1078 585 1155 641 ad
1194 599 1306 641 nos
1344 584 1549 640 litterae
1589 580 1915 639 sanctitatis
1955 585 2070 635 tuae
2111 581 2230 634 Deo
2261 578 2310 633 Α

574 674 820 741 dilectae,
853 674 1220 747 postulantes
1251 688 1287 729 a
1315 672 1726 729 mediocritate
1757 675 1963 726 nostra
1992 673 2227 724 senten-

573 765 720 821 tiam
759 763 891 819 ferri
929 764 1003 818 de
1041 762 1412 835 presbytero,
1454 761 1558 834 qui
1611 764 1822 833 praeter
1861 758 2227 814 voluntatem

570 856 906 925 parentum,
934 866 1054 906 non
1077 855 1415 923 exspectato
1437 865 1645 905 eorum
1668 862 1983 916 consensu,
2007 846 2226 901 liberos

569 941 838 1014 ipsorum
861 945 1285 998 coronaverat:
1315 954 1573 1011 quorum
1598 941 1807 1010 postea
1831 935 2029 992 studio
2056 949 2225 1006 sepa-

567 1030 695 1100 rati,
720 1045 858 1085 cum
897 1028 1025 1084 aliis
1057 1029 1330 1101 personis
1357 1028 1434 1084 ad
1471 1028 1817 1100 nuptiarum
1851 1023 2225 1081 communio-

566 1135 706 1175 nem
737 1134 872 1174 cum
905 1119 1226 1184 venissent,
1260 1134 1444 1191 opera
1485 1121 1792 1190 parentum
1824 1115 1902 1172 ab
1933 1113 2050 1170 alio
2085 1127 2219 1185 pre-

566 1207 804 1280 sbytero
881 1206 1356 1263 benedictionem
1429 1205 1786 1277 acceperint.
1875 1206 1950 1259 De
2027 1201 2222 1274 primo

564 1298 762 1370 itaque
782 1297 1130 1370 presbytero
1161 1297 1247 1352 sic
1271 1296 1649 1351 decernimus
1681 1317 1693 1348 :
1730 1294 1780 1349 si
1805 1293 2052 1366 quidem
2083 1307 2222 1348 con-

564 1387 757 1444 trariis
794 1392 1110 1460 parentum
1152 1385 1469 1442 voluntatis
1522 1386 1788 1455 ignarus,
1841 1398 1914 1439 ex
1968 1381 2217 1446 inscitia,

564 1477 627 1534 in
658 1476 1020 1533 coronandis
1057 1475 1185 1531 istis
1216 1491 1353 1547 quas
1399 1481 1802 1531 convenerunt
1840 1472 2131 1546 personis,
2159 1471 2219 1526 in

565 1580 827 1621 errorem
853 1565 1064 1636 lapsus
1095 1563 1187 1630 sit,
1213 1563 1344 1618 talis
1378 1579 1511 1618 cum
1539 1563 1631 1628 sit,
1662 1577 1783 1618 non
1810 1577 2056 1635 prorsus
2084 1560 2220 1616 latm

567 1655 755 1725 culpas
793 1653 1102 1722 obnoxius,
1145 1657 1429 1725 tanquam
1472 1652 1546 1707 de
1593 1651 1930 1706 voluntario
1973 1652 2220 1722 peccato

566 1741 951 1798 damnandus
982 1747 1069 1796 est
1087 1757 1100 1807 ;
1120 1757 1241 1797 non
1264 1745 1464 1797 tamen
1488 1745 1778 1812 tanquam
1805 1739 2000 1794 omnis
2022 1737 2214 1809 culpae

564 1846 776 1903 expers
805 1829 1500 1902 dimittendus;oportuit
1528 1830 1686 1885 enim
1718 1828 1915 1901 ipsum
1945 1831 2219 1884 accurate

2414 579 2659 650 Ἀφίκετο
2711 579 2836 650 ἡμῖν
2863 579 3156 650 γράμματα
3199 585 3295 640 τῆς
3347 586 3445 640 σῆς
3500 578 3873 651 θεοφιλείας,έπι.

2339 667 2594 729 ζητοῦντα
2622 669 2765 742 παρά
2815 675 2907 727 τῆς
2967 667 3111 739 ἡμῶν
3164 673 3494 740 μετριότητος
3552 667 3710 741 ψῆφον
3769 669 3872 723 ίπιν-

2337 759 2560 829 εχθῆναι
2611 761 2728 829 περὶ
2776 763 2868 808 τοῦ
2951 755 3307 830 πρεσϐυτέρου
3370 765 3460 810 τοῦ
3521 765 3874 830 στεφανώσαντας

2333 851 2477 919 παρὰ
2501 852 2709 919 γνώμην
2757 853 2856 898 τῶν
2885 850 3073 918 γονέων
3125 850 3190 898 τὰ
3246 849 3438 900 τούτων
3489 851 3651 912 τέκνα,
3699 852 3773 901 καὶ
3806 855 3872 908 τὴν

2332 939 2525 989 τούτων
2583 940 2878 989 συναίνεσιν
2926 941 2998 1008 μὴ
3058 933 3482 1009 προσδεξαμένου
3519 958 3532 970 °
3565 939 3670 990 εἶτα
3713 938 3784 990 ὑπ’
3809 940 3874 991 αὶ-

2333 1034 2434 1078 τὼν
2473 1024 2508 1080 δ
2513 1027 2880 1098 ιαζευχθέντα,
2915 1030 3004 1079 καὶ
3053 1027 3208 1078 πάλιν
3261 1026 3446 1098 ἑτέροις
3483 1032 3760 1102 προσώποις
3795 1047 3873 1081 zot-

2332 1119 2653 1180 νωνήσαντα,
2711 1120 2801 1168 καὶ
2849 1118 2976 1190 πρὸς
3038 1117 3209 1188 γάμον
3265 1115 3492 1183 έλθόντοι,
3526 1121 3769 1190 συνεργείᾳ
3799 1127 3870 1169 τῶν

2339 1209 2576 1278 πατέρων
2630 1207 2713 1279 ὑφ’
2776 1206 2949 1278 ἐτέρου
3004 1205 3360 1280 πρεσϐυτέρου
3421 1205 3753 1278 εύλογηθέντα.
3800 1213 3873 1260 Καὶ

2332 1299 2448 1368 περὶ
2478 1298 2567 1367 μεν
2597 1302 2686 1347 τοῦ
2731 1300 2941 1369 πρώτου
2967 1294 3321 1370 πρεσϐυτέρου
3367 1296 3500 1348 οὕτω
3549 1293 3868 1368 διοριζόμεθα·

2333 1382 2393 1434 Εἰ
2420 1386 2510 1455 μεν
2566 1383 2741 1455 ἠγνόει
2799 1392 2899 1436 τῶν
2954 1389 3201 1436 τεκόντων
3254 1387 3311 1436 τὸ
3365 1382 3659 1448 ἀϐούλητον,
3710 1381 3802 1437 εἶτα
3836 1385 3874 1448 ἕξ

2331 1470 2544 1544 ἀγνοίας
2600 1474 2906 1546 περιεπάρη,
2967 1471 3017 1524 έν
3084 1479 3156 1543 τῷ
3207 1478 3565 1546 στεφανώματι
3610 1481 3698 1526 τῶν
3742 1474 3871 1526 συνελ-

2333 1561 2520 1613 θόντων
2559 1567 2873 1635 προσώπων,
2902 1563 2928 1614 6
2969 1569 3205 1624 τοιοῦτος
3251 1565 3341 1634 μὲν
3397 1562 3456 1614 ού
3495 1560 3726 1622 παντελῶς
3769 1561 3871 1614 ἔστιν

2331 1651 2630 1716 άπεύθυνος,
2667 1649 2790 1704 οὐδὲ
2830 1651 3082 1714 ἑκουσίως
3135 1651 3396 1724 ἁλώσιμος
3433 1650 3764 1725 ἁμαρτήματι,
3803 1651 3872 1704 οὐκ

2330 1738 2601 1804 ἀνεύθυνος
2649 1738 2709 1795 δε
2767 1741 3019 1802 παντελῶς
3070 1741 3369 1807 ἀπολύεται,
3415 1743 3586 1814 ὅτιπερ
3615 1738 3710 1794 ἔδει
3735 1748 3871 1793 τοῦτον

2330 1829 2665 1905 έξερουνῆσαι
2734 1835 2824 1884 καὶ
2901 1829 3446 1904 ἀκριϐολογησάμενον
3529 1831 3798 1904 ἀναμαθεῖν,
3843 1830 3873 1882 εἰ

563 1921 943 1987 sciscitatum,
975 1920 1286 1976 rescivisse
1341 1935 1488 1975 num
1541 1919 1848 1975 voluntate
1900 1921 2218 1990 parentum

2330 1921 2434 1995 ἄρα
2478 1928 2542 1994 τῇ
2594 1919 2846 1993 βουλήσει
2903 1930 3002 1973 τῶν
3053 1926 3300 1974 τεκόντων
3341 1923 3390 1973 οἰ
3437 1924 3566 1995 πρός
3587 1922 3736 1993 γάμον
3785 1938 3872 1971 ουν-

563 2011 666 2084 qui
699 2010 776 2067 ad
807 2010 1048 2082 nuptias
1093 2009 1352 2078 coibant,
1385 2008 1738 2080 conjugium
1778 2007 2216 2064 contraherent.

564 2100 788 2157 Idcirco
828 2099 1053 2156 ordinis
1110 2099 1201 2155 sui
1245 2099 1493 2171 jacturaa
1536 2098 1669 2155 talis
1715 2113 1836 2154 non
1888 2096 2216 2168 subjicitur,

561 2191 667 2247 sed
742 2190 821 2246 ad
891 2195 1129 2264 tempus
1183 2190 1573 2247 constitutum
1637 2203 1811 2245 sacro
1859 2185 2220 2244 celebrando

560 2278 971 2354 prohibebitur
1027 2301 1038 2345 ;
1104 2283 1253 2348 tum,
1313 2295 1445 2335 eam
1500 2293 1637 2351 quas
1692 2278 1751 2333 in
1799 2277 2042 2350 reliquis
2099 2291 2220 2332 cer-

560 2369 720 2426 nitur
785 2369 1211 2435 austeritatem,
1267 2367 1510 2439 jejuniis
1571 2367 1795 2423 scilicet
1861 2371 2038 2438 atque
2090 2381 2221 2422 ora-

561 2457 841 2523 tionibus,
870 2457 1124 2514 subibit:
1155 2462 1394 2530 tempus
1418 2460 1616 2512 autem
1640 2470 1833 2528 poena
1861 2455 2216 2521 subeundae,

562 2546 651 2602 vel
670 2546 746 2602 ad
769 2547 1171 2618 quadraginta
1186 2546 1333 2610 dies,
1356 2545 1448 2600 vel
1473 2545 1562 2602 bis
1580 2544 1827 2600 totidem
1846 2543 2215 2609 extendetur,

562 2651 673 2706 pro
705 2635 931 2691 ratione
963 2636 1149 2708 ipsius
1180 2635 1238 2690 in
1270 2634 1620 2707 paenitentia
1664 2634 1909 2690 fervoris
1938 2652 1955 2706 ;
1989 2649 2064 2689 ne
2095 2650 2220 2690 am-

564 2723 723 2795 plius
746 2725 805 2780 in
824 2724 1118 2796 ejusmodi
1140 2724 1285 2796 quid
1305 2723 1522 2788 delicti,
1552 2739 1624 2780 ex
1646 2723 1896 2788 incuria,
1917 2723 2218 2796 animique

563 2813 808 2885 ignavia
833 2813 1076 2870 incidat.
1099 2817 1216 2870 Hoc
1237 2813 1416 2885 igitur
1432 2813 1719 2878 obtineat,
1745 2813 1792 2868 si
1815 2813 1892 2869 ad
1917 2813 2218 2869 inscitiam

562 2909 870 2975 peccatum
909 2902 1144 2959 referat.
1198 2903 1366 2969 Quod
1404 2903 1452 2958 si
1488 2903 1855 2959 voluntatem
1901 2907 2218 2974 parentum

561 2993 882 3050 consensui
903 2993 1040 3049 huic
1066 2997 1122 3049 et
1143 2992 1427 3064 conjugio
1457 2991 1759 3049 adversari
1779 2993 1972 3057 sciret,
2007 2997 2063 3048 et
2091 2992 2220 3063 ejus

561 3097 682 3139 non
714 3082 980 3153 ignarus,
1012 3087 1140 3138 tum
1169 3081 1507 3139 naturalem
1542 3084 1755 3152 Legem
1788 3085 1912 3137 tum
1941 3080 2222 3152 spiritua-

559 3173 676 3229 lem
695 3171 1071 3245 contempsit,
1095 3187 1353 3244 quorum
1373 3175 1616 3244 uterque
1634 3171 1852 3226 irritum
1876 3170 2219 3241 conjugium

2331 2014 2609 2082 απτόμενοι
2638 2019 2927 2063 συνιστῶσι
2959 2014 3016 2063 τὸ
3059 2014 3402 2064 συνοικέσιον.
3459 2013 3552 2064 Διά
3601 2017 3751 2078 τοῦτο,
3776 2010 3873 2060 καθ-

2330 2101 2526 2172 αιρέσει
2583 2100 2986 2170 μὶνότοιοῦτος
3032 2099 3138 2171 οὐχ
3189 2098 3553 2165 ὑποϐάλλεται,
3605 2098 3679 2152 έπὶ
3727 2102 3872 2170 χρόνον

2331 2181 2390 2238 δέ
2436 2205 2552 2238 τινα
2597 2187 2776 2260 ῥητόν,
2846 2195 2937 2248 τῆς
3016 2189 3310 2261 ἱερουργίας
3363 2186 3767 2259 έπισχεθήσεται,
3806 2191 3871 2236 καὶ

2327 2278 2422 2333 τὴν
2454 2275 2504 2328 έν
2554 2283 2663 2337 τοῖς
2716 2275 2889 2338 ἄλλοις
2944 2276 3317 2349 ταλαιπωρίαν,
3376 2281 3635 2338 νηστείαις
3661 2291 3723 2340 τε,
3752 2279 3868 2346 φημὶ,

2328 2368 2418 2416 καὶ
2467 2373 2817 2437 προσευχαῖς,
2869 2366 3230 2424 ὑποστήσεται
3257 2385 3268 2398 ·
3316 2367 3343 2418 6
3378 2363 3438 2419 δε
3479 2371 3661 2440 χρόνος
3685 2374 3762 2424 τῆς
3793 2363 3873 2415 ἔπι-

2329 2458 2614 2527 τιμὴσεως,
2649 2456 2678 2514 ἢ
2732 2454 2780 2507 έν
2837 2457 3228 2529 τεσσαράκοντα
3272 2457 3512 2531 ἡμέραις,
3543 2457 3572 2515 ἦ
3625 2452 3700 2515 δὶς
3728 2455 3873 2506 τοσαύ-

2327 2563 2440 2606 ταις
2479 2547 2933 2616 παραταθήσεται,
2983 2549 3113 2620 πρὸς
3167 2550 3260 2604 τὴν
3311 2545 3582 2618 ἀναλογίαν
3623 2553 3706 2606 τῆς
3747 2542 3788 2594 ἐν
3825 2547 3868 2612 τῇ

2329 2639 2573 2708 μετανοίᾳ
2633 2636 2948 2707 θερμότητος
2981 2653 2992 2665 ·
3028 2638 3097 2698 ὡς
3143 2635 3203 2687 ἂν
3235 2634 3288 2698 ἐξ
3314 2635 3532 2708 ἀμελοῡς
3577 2640 3658 2686 καὶ
3679 2635 3866 2709 ῥᾳθύμου

2328 2728 2538 2796 γνώμης
2597 2720 2863 2796 μηδέποτε
2945 2721 3134 2797 μηδενὶ
3203 2727 3423 2796 τοιούτῳ
3469 2727 3705 2798 περιπέσῃ
3744 2740 3755 2752 '
3789 2713 3872 2772 ἀλλ’

2330 2813 2462 2864 οὕτω
2492 2815 2583 2884 μεν
2614 2812 2656 2864 εἰ
2685 2816 2812 2886 πρὸς
2862 2817 2954 2870 τὴν
3007 2814 3222 2885 ἄγνοιαν
3279 2819 3552 2887 μεταφέρει
3582 2815 3635 2866 τό
3680 2811 3865 2884 ἁμάρτη-

2329 2921 2404 2974 μα
2435 2916 2450 2932 ⁸
2504 2901 2546 2954 εἰ
2603 2897 2662 2954 δὲ
2703 2907 2790 2960 τὴν
2840 2901 3096 2974 βούλησιν
3144 2910 3242 2954 τῶν
3316 2907 3548 2976 πατέρων
3598 2901 3866 2964 ἐξηπίστατο,

2329 2996 2418 3044 καὶ
2477 2993 2540 3052 ὡς
2593 2989 2949 3065 ἀπηρέσιιοντο
2994 2999 3055 3064 τῇ
3113 2996 3370 3064 συναφείᾳ
3424 3011 3478 3045 τε
3521 2995 3604 3044 καὶ
3635 2991 3868 3062 συμφωνίᾳ»

2281 3117 2284 3122 -
2329 3084 2414 3132 καὶ
2473 3087 2637 3132 ταῦτα
2685 3079 2853 3147 εἰδὼς,
2915 3078 3152 3157 ὑπερεῖδε
3207 3085 3299 3154 μὲν
3344 3085 3433 3135 τόν
3485 3083 3686 3154 φυσικόν
3732 3081 3864 3146 νόμον,

2330 3166 2568 3244 ὑπερεῖδε
2623 3167 2681 3222 δε
2710 3175 2800 3222 καὶ
2849 3173 2935 3222 τὸν
2987 3174 3337 3242 πνευματικόν
3389 3171 3642 3245 (ἑκάτερος
3665 3169 3750 3240 γὰρ
3776 3165 3870 3216 ἄεν·

560 3263 928 3336 pronuntiat,
979 3260 1333 3334 parentibus
1391 3277 1678 3317 assensus
1725 3261 1818 3316 sui
1870 3259 2218 3330 sulfragium

2329 3277 2422 3330 ρον
2463 3257 2732 3331 ἀποφαίνει
2774 3263 2867 3317 τήν
2924 3261 3222 3331 συνάφειαν,
3279 3267 3386 3311 τῶν
3435 3265 3667 3312 τεκόντων
3713 3256 3762 3308 οὐ
3804 3271 3863 3325 es»

559 3367 682 3408 non
714 3350 1056 3421 ferentibus,
1091 3366 1286 3422 paenae
1312 3350 1416 3406 rite
1443 3350 1741 3406 obnoxius
1767 3354 1912 3406 esto.
1938 3350 1996 3405 Si
2019 3355 2219 3404 tamen

559 3445 859 3512 parentes,
889 3444 1212 3511 postquam
1244 3443 1388 3494 aetas
1417 3439 1743 3494 liberorum
1777 3453 1884 3510 per
1914 3438 2070 3507 leges
2096 3438 2217 3494 ido-

560 3541 674 3583 nea
703 3527 782 3583 ad
811 3527 1052 3598 nuptias
1080 3532 1259 3592 esset,
1293 3527 1477 3582 dilato
1505 3542 1611 3598 per
1640 3526 1890 3596 longum
1935 3527 2220 3598 temporis

563 3616 826 3688 spatium
839 3614 1140 3687 conjugio,
1163 3615 1580 3671 necessitatem
1595 3614 1711 3687 ipsi
1736 3615 1933 3671 liberis
1954 3615 2221 3687 praebue-

559 3703 880 3769 rint,etiam
905 3704 1105 3760 invitis
1133 3703 1482 3776 parentibus
1500 3706 1577 3760 ad
1601 3704 1840 3776 nuptias
1871 3704 2215 3770 accedendi,

561 3797 687 3850 tum
720 3808 829 3849 nec
859 3793 1020 3863 leges
1048 3793 1402 3865 hujusmodi
1424 3793 1664 3866 nuptias
1683 3794 1873 3850 irritas
1896 3793 2141 3861 faciunt,
2164 3798 2218 3850 et

559 3883 660 3956 qui
684 3883 921 3938 interest
950 3882 1248 3951 sacerdos,
1277 3887 1332 3940 ot
1375 3884 1458 3938 eis
1497 3883 1812 3948 benedicit,
1849 3883 2012 3940 nulla
2041 3885 2214 3956 culpa

557 3975 807 4029 tenetur.
842 3973 1054 4028 Ratum
1089 3977 1289 4028 autem
1343 3971 1404 4028 ﬁt
1458 3971 1807 4042 hujusmodi
1839 3973 2213 4044 conjugium,

555 4061 750 4135 judice
781 4077 852 4117 ex
900 4075 1096 4117 causa;
1137 4061 1364 4128 notitia,
1398 4061 1736 4118 custodiam
1781 4061 2126 4127 liberorum,
2163 4068 2218 4118 et

555 4150 884 4222 legitimam
915 4151 1188 4224 ipsorum
1213 4151 1581 4207 voluntatem
1613 4151 1974 4223 improbitati
2005 4168 2216 4223 paren-

555 4245 681 4297 tum
712 4240 1079 4312 praeferente.
1116 4243 1194 4296 De
1234 4241 1431 4312 primo
1462 4241 1662 4312 itaque
1700 4241 2074 4313 presbytero,
2100 4242 2212 4298 ista

556 4328 732 4385 nobis
751 4329 850 4399 jus
877 4328 1163 4400 suggerit.
1191 4331 1268 4384 De
1296 4328 1564 4384 secundo
1588 4334 1784 4385 autem
1815 4345 1926 4386 nec
1958 4330 2214 4404 simplex

557 4423 646 4476 est
683 4417 1095 4475 consideratio.
1132 4418 1285 4473 Nam
1325 4419 1371 4472 si
1406 4418 1670 4490 conjugii
1710 4419 1925 4491 prioris
1965 4419 2212 4489 ignarus

555 4507 746 4575 fuerit,
781 4505 945 4564 nullo
986 4506 1120 4578 jure
1151 4506 1344 4579 culpae
1383 4511 1634 4562 tenetur.
1683 4507 2002 4565 Praesentia
2053 4509 2210 4565 enim

555 4603 864 4672 parentum
918 4599 979 4653 in
1007 4597 1233 4670 nuptiis
1279 4613 1568 4668 magnum
1602 4603 1976 4655 momentum
2025 4599 2106 4655 illi
2137 4600 2213 4656 ad

556 4689 996 4747 absolutionem
1027 4687 1342 4760 impendit,
1374 4686 1479 4759 qui
1529 4687 1665 4744 ideo
1695 4688 1772 4744 ad
1803 4694 2212 4747 anteactorum

555 4777 1000 4850 inquisitionem
1025 4793 1146 4833 non
1169 4777 1346 4839 venit,
1365 4777 1529 4848 quod
1546 4778 1856 4849 praesentia
1874 4784 2211 4850 parentum,

557 4879 629 4920 ea
658 4867 728 4920 ad
759 4882 1008 4922 examen
1037 4865 1296 4922 revocari
1327 4881 1446 4921 non
1479 4866 1672 4921 ferret.
1708 4867 1878 4932 Quod
1912 4868 1960 4922 si
1991 4867 2213 4923 factum

558 4953 926 5023 conjugium,
951 4960 1004 5009 et
1027 4961 1293 5011 secutam
1322 4955 1601 5028 copulam
1628 4955 1933 5012 carnalem
1963 4960 2210 5022 noverit,

558 5041 847 5113 quoniam
882 5044 1054 5115 quasi
1075 5060 1144 5099 ex
1168 5046 1541 5110 necessitate,
1562 5060 1681 5100 non
1707 5045 1916 5100 suntin
1930 5045 2213 5102 caelibatu

558 5130 898 5187 continendi
930 5133 1032 5203 qui
1061 5149 1097 5188 a
1122 5134 1304 5205 priori
1333 5136 1465 5207 conj
1478 5136 1615 5205 ugio
1653 5135 2070 5202 discesserunt,
2107 5135 2210 5191 sed

554 5218 819 5292 legitimo
840 5220 1120 5290 conjugio
1144 5221 1463 5291 vinciendi,
1481 5240 1553 5280 ne
1571 5225 1630 5279 in
1663 5224 2053 5280 fornicatione
2085 5241 2212 5281 ver-

557 5313 780 5377 sentur,
814 5323 933 5364 non
973 5309 1216 5381 quidem
1257 5312 1333 5367 ad
1364 5311 1538 5368 finem
1572 5314 1868 5370 arcebitur
1905 5330 2211 5370 sacrorum

555 5399 884 5475 praasidatu
914 5397 1016 5469 qui
1043 5401 1279 5471 nuptias
1309 5403 1695 5470 consecravit,
1722 5403 1827 5459 sed
1858 5403 2212 5461 moderatio-

557 5505 652 5548 res
702 5487 1005 5562 quasdam
1038 5502 1247 5558 poenas
1299 5489 1542 5546 subibit.
1597 5492 1824 5548 Scilicet
1853 5493 2038 5564 quod,
2072 5510 2208 5550 cum

557 5579 745 5638 factas
765 5582 900 5638 ante
925 5577 1554 5651 nuptiasmanifestum
1591 5585 1762 5654 esset,
1797 5599 1932 5655 quae
1965 5583 2209 5656 quidem

2328 3353 2519 3421 ρόντων
2548 3351 2642 3405 τὴν
2673 3349 3048 3420 ἐπιτρέπουσαν
3087 3347 3306 3420 ψῆφον),
3341 3351 3368 3401 6
3417 3356 3639 3409 τοιοῦτος
3671 3340 3868 3401 ὑπόδικος

2329 3439 2482 3491 ἔστω.
2539 3437 2597 3490 Εἰ
2649 3432 2709 3489 δὲ
2742 3436 2845 3510 ἆρα
2895 3445 3080 3511 μακρῷ
3137 3442 3340 3511 χρόνῳ,
3398 3447 3489 3501 τῆς
3516 3441 3674 3510 γάμου
3700 3439 3870 3505 νομικῆς

2328 3525 2536 3588 ἡλικίας
2583 3534 2682 3578 τῶν
2721 3521 2928 3579 παίδων
2986 3524 3284 3588 ἐπιτηδείας
3325 3532 3510 3592 οὔσης,
3575 3524 3865 3600 ὑπερετίθιντο

2329 3618 2377 3667 οἱ
2405 3622 2593 3686 γονεῖς,
2651 3620 2740 3668 καὶ
2790 3621 2884 3673 τήν
2917 3614 3147 3688 ἀνάγκην
3198 3617 3352 3670 αὐτοὶ
3401 3621 3676 3692 παρέσχον,
3710 3616 3781 3664 καὶ
3811 3611 3862 3680 μή

2329 3703 2653 3777 βουλομένων
2718 3705 2905 3770 αὐτῶν,
2956 3705 3116 3759 έλθεῖν
3154 3710 3276 3769 τούς
3305 3703 3503 3767 παῖδας
3532 3707 3595 3766 εἰς
3625 3704 3863 3773 συνάφειαν,

2328 3803 2613 3854 τηνικαῦτα
2661 3801 2866 3848 καὶτὸν
2908 3805 3138 3850 τοιοῦτον
3181 3800 3352 3870 γάμον
3387 3800 3412 3851 6
3459 3803 3607 3870 νόμος
3653 3794 3732 3847 οὐκ
3773 3793 3862 3842 ἄκν-

2325 3905 2413 3960 ρον
2445 3888 2649 3952 τίθησι,
2684 3890 2773 3938 καὶ
2798 3888 2824 3938 6
2873 3888 3034 3960 ἱερεὺς
3077 3892 3255 3961 παρὼν
3285 3894 3380 3941 καὶ
3424 3886 3642 3959 ἁγιάζων
3687 3885 3755 3934 τόν
3793 3877 3861 3948 γάο

2328 3993 2423 4046 μον
2481 3971 2732 4046 οὐδεμιᾶς
2797 3975 2967 4038 αἰτίας
3032 3974 3172 4028 ἐστὶν
3243 3978 3466 4048 ἔνοχος’
3508 3972 3732 4046 λαμϐάνει
3781 3962 3863 4018 δὲὸ

2325 4071 2556 4124 τοιοῦτος
2580 4067 2748 4136 γάμος
2787 4068 2844 4117 τὸ
2887 4072 3067 4139 κῦρος,
3099 4072 3280 4137 κριτοῦ
3319 4071 3417 4124 τὴν
3466 4066 3694 4117 ὑπόθεσιν
3731 4057 3863 4109 imm-

2322 4161 2550 4228 ροῦντος,
2596 4159 2686 4206 καὶ
2764 4162 2858 4215 τῆς
2927 4164 3024 4207 τῶν
3092 4159 3342 4208 τεκόντων
3427 4156 3738 4228 κακουργίας,
3791 4153 3862 4196 τῶν

2323 4240 2532 4294 ¹παίδων
2571 4248 2663 4301 τὴν
2709 4243 2922 4315 φύλαξίν
2971 4263 3024 4296 τε
3061 4250 3150 4297 καὶ
3213 4247 3422 4317 ἔννομον
3474 4243 3666 4300 Θέλησιν
3704 4237 3863 4304 ίπίπρο·

2325 4334 2442 4384 σθεν
2496 4338 2825 4405 ποιουμένου.
2881 4333 3036 4386 Ἀλλά
3106 4337 3221 4406 περὶ
3272 4338 3366 4406 μὲν
3435 4339 3524 4386 τοῦ
3575 4325 3861 4403 πρεσϐυτέρου

2325 4428 2490 4473 ταῦτα
2517 4425 2574 4472 τό
2609 4417 2813 4474 δίκαιον
2841 4421 3169 4496 ὑπαγορεύει.
3205 4419 3338 4475 Οὐδ’
3367 4425 3392 4475 6
3441 4419 3668 4492 δεύτερος
3709 4412 3757 4467 δὲ
3789 4414 3859 4465 τὴν

2326 4509 2510 4581 σκέψιν
2540 4509 2706 4568 ἁπλῆν
2756 4508 3049 4574 έπιδέξεται
3083 4528 3094 4541 ⁸
3125 4510 3232 4563 ἀλλ’
3275 4512 3316 4564 εί
3366 4515 3456 4584 μὲν
3499 4511 3660 4582 ἠγνόει
3689 4506 3737 4556 τὸ
3769 4501 3843 4572 πρὸ

2324 4619 2467 4672 τερον
2523 4604 2867 4665 συνοικέσιον,
2921 4597 3170 4672 οὐδεμίαν
3230 4603 3416 4673 ἔνοχός
3467 4600 3575 4653 ἐστι
3620 4593 3752 4651 δίκην
3791 4590 3860 4640 ὑπ’

2324 4692 2501 4759 ἔχειν’
2536 4697 2634 4740 τῶν
2679 4692 2781 4764 γὰρ
2822 4695 3068 4742 τεκόντων
3129 4695 3395 4764 παρόντων
3448 4697 3552 4751 τοῖς
3601 4679 3858 4749 συναπτομέ’

2323 4796 2450 4840 νοις,
2509 4777 2667 4835 πολλὴ
2727 4779 2861 4852 ῥοπὴ
2911 4777 3192 4839 ἀθωώσεως
3244 4778 3553 4853 βραϐεύεται
3582 4777 3742 4843 τούτῳ,
3789 4771 3856 4817 ἳόὑ

2323 4871 2394 4939 μὴ
2432 4871 2556 4942 πρὸς
2601 4870 2804 4940 ἔρευναν
2859 4876 2956 4920 τῶν
3010 4875 3392 4942 προγεγονότων
3443 4871 3754 4922 καταστῆναι,
3789 4855 3854 4906 καί

2321 4955 2605 5026 λογοθετεῖν
2645 4957 2678 5008 ἃ
2729 4958 2758 5014 ἠ
2816 4963 3082 5026 παρουσία
3157 4967 3254 5010 τῶν
3327 4962 3562 5011 τεκόντων
3625 4948 3852 5022 λογοθετιῖν

2323 5045 2416 5096 οὐκ
2469 5042 2678 5102 ἐδίδου.
2769 5046 2829 5098 Εἰ
2887 5043 2943 5100 δὲ
3011 5044 3132 5120 ᾔδει
3169 5051 3259 5120 μὲν
3307 5047 3718 5121 προγεγενημένην
3766 5052 3851 5086 συν·

2323 5140 2520 5208 αφείαν,
2550 5141 2636 5187 καὶ
2670 5137 2749 5188 ὅτι
2784 5146 3050 5208 σαρκικῶς
3088 5137 3359 5210 ὡμίλησαν
3387 5134 3629 5196 ἀλλήλοις,
3661 5132 3749 5181 ἐπεὶ
3773 5121 3848 5214 οής

2321 5226 2425 5277 οἷον
2457 5228 2510 5276 τέ
2558 5223 2667 5277 ἐστι
2717 5222 3039 5288 διαστάντας
3087 5234 3179 5288 τῆς
3239 5230 3486 5300 προτέρας
3539 5220 3777 5289 συζυγίας,
3813 5205 3850 5267 εξ

2322 5312 2554 5385 ἀνάγκης
2609 5317 2747 5375 τινός
2801 5312 3032 5387 ἀγάμους
3108 5320 3368 5388 κατέχειν,
3433 5311 3536 5364 ἀλλ’
3576 5310 3601 5367 ἦ
3646 5303 3848 5378 πορνείαις

2320 5400 2838 5468 έκδιαιτηθήσονται,
2891 5404 2918 5462 ἦ
2975 5410 3176 5477 νομίμῳ
3228 5408 3377 5477 γάμῳ
3423 5400 3746 5458 δοθήσονται·
3790 5403 3844 5436 τε-

2318 5493 2463 5554 λείως
2493 5497 2582 5564 μὲν
2632 5495 2656 5545 6
2706 5493 2933 5564 ἁγιάσας
2985 5499 3070 5546 τόν
3119 5496 3286 5566 γάμον
3335 5493 3392 5545 οὗ
3447 5490 3734 5544 πεπαύσεται
3779 5491 3843 5528 τηε

2323 5585 2612 5657 ἱεραρχίας,
2665 5581 2946 5656 ἔπιτιμίοις
3002 5580 3061 5636 δέ
3115 5603 3225 5636 τισι
3291 5584 3631 5658 μετριωτέροις
3667 5565 3843 5624 ὑποϐλη-
