4088 6214
255 246 363 302 793

263 372 486 430 θήσεται
513 393 528 408 ο
570 373 650 426 ὅτι
681 369 740 427 δὶ
768 381 860 436 τῆς
901 378 1346 450 προγεγενημένης
1405 386 1683 454 συναφείας
1721 401 1864 456 περι·
1896 382 1943 437 Α

263 463 592 534 φανεστάτης
637 467 930 536 γενομένης,’
989 469 1046 518 τό
1095 463 1154 520 δὲ
1203 475 1300 531 τῆς
1345 475 1586 544 πορνείας
1632 471 1868 544 ἔγκλημα

263 555 337 623 μὴ
367 547 781 623 διαφευγούσης,
817 552 1096 626 ἐτόλμησεν
1127 555 1297 622 οὗτος,
1353 562 1471 621 τοὺς
1509 558 1592 612 ἐπὶ
1617 557 1866 633 προδήλῳ

260 647 358 702 τῆς
410 639 670 715 ἁμαρτίας
721 641 1009 715 ἐγκλήματι
1056 645 1290 714 ἁλόντας,
1347 650 1415 710 ὡς
1466 650 1724 723 καθαροὺς
1776 655 1865 702 καὶ

263 727 587 802 ἀμέμπτους,
618 739 706 791 τῆς
744 734 1006 806 ἱερατικῆς
1054 733 1278 798 ἀξιῶσαι
1324 736 1581 809 εὐλογίας,
1621 743 1711 792 καὶ
1759 746 1864 802 τοῖς

263 827 362 872 τῶν
410 822 674 892 παρθένων
731 824 1021 894 στεφάνοις,
1075 828 1194 887 τοὺς
1263 829 1452 884 ταύτην
1505 837 1680 890 κακῶς
1736 827 1867 881 ἀπο-

265 910 506 980 θεμένους
555 917 848 982 κοσμῇσαι.
900 912 960 964 Εἰ
1009 917 1182 984 μέντοι
1248 913 1466 990 εὐδοκία
1512 926 1612 969 τῶν
1680 923 1864 990 γονέων

259 999 286 1049 ό
328 1007 528 1071 πρῶτος
565 1001 735 1070 γάμος
765 998 978 1072 ἐγένετο,
1007 1000 1120 1056 εἶτα
1167 1001 1215 1056 δ’
1254 1007 1483 1064 ἔστησαν
1531 1007 1860 1081 παραλόγως,

259 1088 286 1139 ὁ
352 1091 442 1159 μὲν
488 1096 693 1160 πρῶτος
743 1089 1092 1164 πρεσϐύτερος
1139 1095 1398 1158 παντελῶς
1449 1101 1507 1148 τό
1562 1097 1866 1168 ἠθωωμένον

259 1177 398 1240 ἕξει·
443 1178 469 1229 ό
519 1174 778 1252 δεύτερος,
829 1183 928 1232 εἴτε
984 1189 1229 1254 παρῆσαν
1273 1187 1321 1236 οἱ
1371 1190 1558 1256 γονεῖς,
1606 1189 1701 1238 εἴτε
1766 1191 1862 1259 μὴ,

260 1267 663 1337 ζημιωθήσεται
724 1273 817 1327 τὴν
891 1271 1193 1344 ἱερωσύνην.
1252 1276 1546 1348 Ἔκθεσμον
1605 1279 1704 1351 γὰρ
1777 1281 1866 1329 καὶ

260 1358 560 1431 παράνομον
616 1360 912 1432 συνάφειαν,
946 1364 1064 1414 οὔτε
1125 1365 1396 1426 σύννευσις
1460 1369 1549 1418 καὶ
1601 1371 1867 1441 παρουσία

259 1449 516 1518 πατέρων,
593 1450 709 1501 οὔτε
794 1447 1065 1513 ἀνάνευσις
1140 1457 1234 1505 καὶ
1303 1453 1553 1522 ἀπουσία,
1623 1455 1866 1528 οὐμενοῦν

262 1533 507 1589 ἆθώωσιν
530 1545 620 1598 τῆς
651 1535 991 1610 βιϐηλὼσεως
1015 1539 1108 1593 οὐκ
1139 1540 1198 1594 ἂν
1224 1549 1453 1614 μεταστή
1465 1563 1553 1618 σῃ.

887 1635 1101 1686 ΕῘΙΙΣΤ.
1139 1631 1252 1685 ΚΔ’·

261 1719 350 1785 Τῷ
455 1715 851 1790 θεοφιλεστάτῳ,
949 1721 1244 1793 όσιωτάτῳ,
1337 1723 1596 1796 ἱερωτάτῳ
1689 1723 1870 1799 ἀρχιε-
1907 1739 1947 1793 Β

336 1811 418 1878 pri
493 1803 698 1879 ἀδελφῷ
774 1813 862 1860 καὶ
941 1809 1322 1884 συλλειτουργῷ
1405 1819 1478 1882 τῷ
1554 1815 1862 1887 θαυμασιω-

336 1896 477 1965 τάτῳ
547 1900 638 1948 καὶ
713 1900 1018 1972 περιωνύμῳ
1112 1898 1518 1975 ἀρχιεπισκόπῳ
1600 1908 1689 1956 καὶ
1765 1923 1867 1976 μη-

335 1983 614 2059 τροπολὶτῃ
659 1984 949 2052 Ἀκυλείας,
1006 1994 1200 2052 Φώτιος
1265 1989 1384 2061 ἐλέῳ
1434 1998 1567 2044 Θεοῦ
1625 1990 1864 2065 ἁρχιιπι-

335 2092 527 2134 σκοπός
553 2077 1136 2140 Κωνσταντινουπόλςως
1173 2082 1285 2140 νέας
1313 2078 1514 2153 Ῥώμης
1556 2086 1646 2134 καὶ
1692 2082 1866 2135 οἰκου-

333 2167 535 2234 μενικός

1520 254 1863 313 EPISTOLA
1875 255 2028 314 RUM
2049 217 2052 222 ’
2071 256 2282 313 LIBER
2323 259 2366 313 ι.

3529 263 3635 317 794

1974 381 2380 440 fornicationis
2427 383 2652 440 crimen
2685 384 2938 442 evadere
2978 399 3100 442 non
3131 388 3407 458 possunt,
3445 401 3636 443 ausus

1976 471 2049 528 sit
2076 489 2178 528 eos
2221 471 2323 544 qui
2357 472 2632 544 ﬂagranti
2687 475 2911 545 peccati
2955 473 3202 530 crimine
3255 474 3632 543 tenebantur,

1975 568 2265 634 tanquam
2307 577 2491 633 puros
2531 567 2586 618 et
2613 562 2968 635 inculpatos,
3003 562 3363 619 sacerdotali
3391 563 3639 620 benedi-

1975 649 2167 706 ctione
2191 650 2501 721 dignari,et
2523 650 2874 721 virginitatis
2899 653 3270 720 coronis,eos
3297 653 3400 725 qui
3431 651 3634 726 ipsum

1976 739 2130 796 male
2153 739 2556 812 deposuerant
2577 757 2808 797 ornare.
2838 741 3008 808 Quod
3033 741 3080 796 si
3099 743 3265 814 prius
3282 743 3635 813 conjugium

1976 845 2048 885 ex
2090 845 2340 886 assensu
2393 836 2706 901 parentum
2755 831 3126 902 processerit,
3161 848 3196 887 a
3226 847 3346 904 quo
3391 832 3631 897 deinde,

1973 925 2187 992 praeter
2227 919 2538 986 rationem,
2567 919 2966 986 discesserint,
3001 920 3162 992 prior
3204 920 3453 992 quidem
3501 936 3634 994 pre-

1976 1008 2176 1080 sbyter
2196 1008 2394 1064 omnis
2425 1009 2616 1080 culpae
2638 1007 2980 1064 absolvetur
3010 1025 3022 1063 :
3052 1009 3372 1074 secundus,
3398 1009 3518 1065 sive
3549 1010 3634 1066 in-

1975 1097 2277 1153 terfuerint
2318 1104 2613 1170 parentes,
2643 1097 2764 1152 sive
2818 1114 2960 1163 non,
2997 1098 3327 1154 sacerdotio
3375 1099 3627 1156 excidet.

1973 1186 2122 1242 Nam
2154 1187 2415 1242 alienum
2450 1202 2486 1242 a
2513 1185 2742 1258 legibus
2772 1187 2951 1243 sacris
2983 1187 3352 1259 conjugium,
3387 1203 3496 1244 nec
3530 1188 3635 1245 ab-

1975 1275 2162 1332 sentia
2193 1281 2250 1331 et
2279 1275 2583 1332 dissensus
2614 1281 2927 1348 parentum
2970 1277 3128 1342 facit,
3172 1292 3280 1332 nec
3314 1277 3633 1348 praesentia

1976 1368 2033 1420 et
2075 1380 2376 1435 assensus,
2409 1371 2510 1422 aut
2562 1365 2728 1438 quod
2774 1365 3158 1438 profanatum
3201 1369 3288 1421 est
3335 1365 3634 1424 sanctitati

1974 1452 2253 1511 restituit.

2588 1630 2804 1688 EPIST.
2838 1632 3017 1688 XXIV.

1978 1723 2097 1780 Deo
2127 1719 2491 1786 charissima,
2523 1721 2910 1790 sanctissimo,
2942 1720 3348 1778 sacratissimo
3387 1723 3638 1791 praesuli

2045 1811 2231 1883 fratri
2243 1817 2296 1867 et
2310 1809 2875 1877 comministro,omni
2885 1810 3283 1868 admiratione
3293 1811 3632 1881 dignissimo

2053 1903 2338 1973 famaque
2359 1900 2683 1956 clarissimo
2707 1899 3134 1970 archiepiscopo
3149 1906 3200 1956 et
3235 1902 3632 1971 merropolitw

2046 1991 2356 2061 Aquileiae,
2375 1989 2618 2044 Photius
2634 1989 2743 2044 Dei
2754 1988 3128 2045 miseratione
3147 1989 3630 2059 archiepiscopus

2040 2078 2580 2148 Constantinopolis
2612 2092 2778 2134 ηουκ
2803 2077 2998 2134 Romae
3029 2083 3084 2134 et
3111 2078 3524 2135 aecumem'cus.

731 2254 886 2304 Edita
917 2268 950 2304 a
975 2255 1296 2306 Combeﬂsio
1328 2258 1492 2314 (Auct.
1530 2257 1752 2317 Νουίεεη
1785 2274 1836 2323 p.
1873 2261 1982 2319 527,
2020 2263 2072 2310 et
2091 2259 2274 2324 Jager,
2308 2257 2550 2310 Histoire
2585 2257 2642 2306 de
2671 2255 2900 2314 Photius,
2931 2270 2984 2320 p.
3020 2256 3152 2318 452).

334 2330 420 2387 Α’.
453 2335 522 2385 Τό
549 2335 638 2404 μὲν
680 2341 776 2396 τῆς
806 2335 928 2409 παρ’
956 2337 1096 2408 ὑμῶν
1153 2343 1539 2414 μακαριότητος
1587 2339 1862 2413 ἀφιγμένον

257 2423 488 2495 γράμμα
533 2424 680 2494 ἡμῖν,
738 2433 922 2498 πρῶτα
963 2429 1052 2497 μὲν
1103 2425 1491 2502 ἐχαρακτήριζε
1529 2433 1621 2488 τὴν
1669 2433 1864 2492 ταύτης

259 2513 402 2563 κατά
449 2514 577 2564 Θεὸν
623 2517 855 2585 γνώμην,
902 2520 990 2567 καὶ
1046 2518 1103 2566 τὸ
1159 2515 1364 2589 φίλτρον
1413 2524 1503 2568 τοῦ
1551 2521 1860 2588 πνεύματος,

263 2602 338 2660 ὡς
365 2603 500 2672 μέγα
527 2619 579 2653 τε
617 2604 695 2660 εἴη
747 2607 835 2654 καὶ
865 2602 1084 2674 ὑψηλόν,
1147 2609 1235 2656 καὶ
1265 2605 1742 2679 ὑπερανῳκισμένον
1772 2616 1865 2672 τῆς

263 2696 367 2741 τῶν
430 2689 626 2742 πολλῶν
675 2693 1043 2754 καταστάσεως
1077 2713 1089 2725 ο
1145 2694 1324 2745 ἔπειτα
1373 2691 1432 2746 δὲ
1479 2701 1568 2748 καὶ
1626 2695 1680 2758 ὃς
1738 2697 1864 2750 αὑτό

263 2775 646 2853 ἕνεκεχείριστο
689 2783 873 2832 τούτου
902 2788 991 2832 τοῦ
1039 2783 1175 2853 ἱεροῦ
1225 2779 1411 2858 ἀνδρὸς
1459 2789 1552 2842 τήν
1602 2804 1655 2838 τε
1707 2785 1863 2845 ἄλλην

264 2866 454 2938 ἀρετὴν
485 2872 576 2920 καὶ
627 2871 854 2935 σύνεσιν,
897 2874 985 2922 καὶ
1036 2875 1092 2923 τὸ
1153 2873 1288 2924 κατά
1336 2868 1571 2925 διάνοιαν
1622 2875 1867 2938 εὐσταθὲς

262 2974 320 3008 τε
345 2962 436 3009 καὶ
459 2953 778 3031 δραστήριον
813 2980 825 2992 ο
864 2955 936 3011 δι’
968 2960 1034 3010 ὧν
1065 2963 1131 3022 ὡς
1159 2957 1232 3013 δι’
1266 2960 1520 3036 ἐσόπτρου
1552 2967 1638 3021 τὴν
1690 2965 1865 3037 ὑμετέ-

261 3064 360 3119 ραν
395 3047 530 3120 ἱερὰν
569 3051 659 3099 καὶ
714 3049 1021 3120 θεοτίμητον
1070 3051 1342 3118 ὁσιότητα,
1389 3053 1488 3104 ὅσα
1517 3056 1574 3104 τό
1625 3055 1862 3126 γράμμα,

264 3136 354 3187 οἷα
410 3131 476 3194 δὴ
526 3137 766 3209 γράμμα,
819 3143 1127 3212 παρέτρεχε,
1181 3142 1410 3215 καθορᾴν
1460 3148 1708 3214 παρεῖχεν
1774 3140 1864 3214 ἐμ-

265 3227 576 3297 φανέστιρόν
623 3244 676 3278 τε
723 3234 813 3280 καὶ
870 3226 1198 3302 τελεώτερονο
1256 3235 1345 3282 καὶ
1389 3228 1474 3282 ἐπὶ
1526 3238 1632 3291 τοῖς
1676 3233 1865 3292 ταύτης
1895 3209 1935 3265 C

263 3316 669 3387 κατορθώμασιν
723 3312 951 3374 ἣδεσθαι
993 3322 1082 3370 καὶ
1139 3321 1580 3393 κατατέρπεσθαι.
1627 3325 1724 3373 Καὶ
1761 3323 1863 3394 γὰρ

264 3400 474 3476 εἰδόμαν
518 3400 690 3478 ἄνδρα
735 3409 940 3458 συνέσει
969 3408 1059 3476 μὲν
1097 3406 1345 3478 μᾶλλονῆ
1394 3415 1456 3481 τῇ
1503 3409 1660 3481 πολιᾷ
1678 3429 1864 3483 σεμνυ-

2047 2341 2087 2396 l.
2122 2342 2263 2406 Quae
2295 2339 2372 2395 ad
2400 2354 2510 2395 nos
2538 2342 2829 2393 venerunt
2851 2334 3236 2392 beatitudinis
3254 2339 3461 2392 vestrae
3488 2335 3634 2392 litte-

1971 2447 2072 2496 ras,
2104 2429 2364 2502 primum
2391 2427 2637 2502 quidem
2660 2427 2787 2498 ejus
2813 2426 3092 2498 religiosa
3117 2425 3336 2498 pietate
3367 2430 3634 2482 mentem

1973 2525 2133 2577 certa
2163 2519 2318 2576 velut
2349 2521 2491 2574 nota
2541 2516 2966 2587 obsignabant,
3011 2515 3373 2588 spiritusque
3412 2515 3635 2572 amoris

1973 2609 2114 2670 vim.
2147 2624 2333 2682 quam
2361 2623 2582 2678 magna
2608 2607 2680 2662 sit
2711 2612 2768 2662 et
2798 2605 3052 2670 excelsa,
3080 2608 3138 2660 et
3161 2603 3499 2674 vulgarium
3529 2605 3636 2660 ho-

1977 2699 2207 2754 minum
2259 2695 2660 2753 conditionem
2691 2699 2950 2768 superet,
2981 2693 3368 2752 exhibebant.
3413 2693 3637 2750 Deinde

1971 2804 2114 2844 vero
2145 2787 2342 2851 etiam,
2377 2786 2473 2842 cui
2499 2785 2611 2840 illis
2644 2785 2880 2841 creditae
2911 2789 3101 2852 erant,
3136 2784 3291 2840 sacri
3312 2783 3490 2857 hujus
3525 2783 3636 2839 viri

1973 2894 2110 2934 cum
2145 2877 2402 2948 reliquas
2433 2875 2674 2930 virtutes
2707 2890 2777 2930 ac
2808 2873 3216 2948 prudentiam,
3258 2877 3384 2930 tum
3419 2873 3636 2928 mentis

1974 2964 2376 3021 constantiam
2407 2979 2476 3019 ac
2523 2962 2850 3031 solertiam,
2877 2978 2984 3035 per
3013 2977 3166 3034 quae,
3195 2966 3261 3016 ut
3284 2976 3392 3033 per
3423 2976 3637 3033 specu-

1973 3054 2120 3119 lum,
2160 3069 2395 3109 sacram
2420 3058 2675 3108 vestram
2707 3052 2947 3124 Deoque
2977 3049 3377 3107 venerabilem
3405 3048 3630 3106 sancti-

1975 3148 2178 3208 tatem,
2225 3157 2602 3215 quaecunque
2646 3141 2794 3214 ipste
2851 3141 3060 3196 litterae
3111 3139 3357 3212 (quippe
3405 3138 3632 3211 litterae)

1977 3231 2163 3288 missa
2192 3231 2490 3288 faciebant
2523 3247 2536 3296 ;
2570 3230 2789 3286 clarius
2823 3227 3262 3302 perfectiusque
3305 3225 3630 3299 pervidere,

1973 3320 2285 3395 ipsiusque
2305 3321 2588 3377 virtutum
2608 3317 3020 3390 magnitudine
3033 3316 3335 3382 delectari,
3355 3314 3637 3372 nimium-

1973 3425 2092 3484 que
2123 3410 2403 3483 gaudere,
2438 3408 2780 3482 praestabat.
2825 3407 3095 3463 Vidimus
3126 3405 3286 3462 enim
3326 3403 3640 3462 hominem

1911 3547 2112 3604 NOTAE

371 3671 418 3744 Ι)
449 3671 641 3744 Edidit
666 3674 970 3744 Baronius,
1003 3690 1164 3731 anno
1208 3679 1332 3742 883,
1367 3691 1438 3732 ex
1489 3675 1868 3734 Vallicellana

265 3743 650 3819 Bibliotheca,
669 3743 946 3819 Federico
964 3746 1132 3802 Metio
1161 3746 1496 3819 interprete:
1519 3749 1574 3802 in
1604 3765 1721 3818 qua
1740 3750 1870 3805 red-

263 3815 466 3891 denda
491 3821 700 3872 auctor
725 3817 1175 3887 estdiligentem
1192 3815 1819 3891 operamadhibuisse
1852 3843 1864 3876 :

262 3888 768 3962 ipseque_v_eneno
785 3906 1043 3959 aspersis
1069 3888 1354 3962 epistolas,
1380 3890 1619 3946 solerter
1639 3907 1709 3946 ac
1736 3907 1870 3946 eru-

260 3959 379 4043 dite
403 3959 751 4043 antidotum
781 3963 1012 4043 paravit
1032 3959 1410 4043 _;”ostenden_s
1437 3978 1629 4043 quam
1679 3963 1868 4043 futilia

265 4031 480 4103 Photii,
503 4031 715 4101 quibus
737 4031 1179 4103 hicjuveniliter
1195 4031 1472 4102 exsultat,
1489 4039 1866 4102 argumenta.

266 4101 418 4158 Nihil
449 4117 591 4175 ergo
620 4101 857 4160 necesse
885 4110 1169 4175 repetere,
1198 4106 1321 4159 viro
1335 4105 1507 4160 docto
1541 4101 1752 4159 melius
1777 4120 1870 4161 oc-

263 4179 509 4254 cupata.
540 4174 766 4254 graeca,
793 4174 1376 4254 c_mn_’_desi_d_eren_t_ur
1398 4176 1472 4254 i_n_
1491 4176 1865 4242 Montacutio,

266 4245 522 4317 aliisque
540 4247 1002 4319 Photiiepistolis
1025 4246 1220 4314 editis,
1245 4247 1387 4302 libet
1416 4246 1512 4303 hic
1546 4263 1869 4319 repraesen-

265 4319 411 4382 tare,
432 4332 565 4391 meo
582 4317 1187 4391 i_psiusstyloreddita
1209 4336 1223 4384 ;
1249 4320 1576 4391 paucisque
1591 4317 1870 4391 quando-7

265 4378 664 4462 quesuffixis,
699 4378 919 4462 quibus
947 4406 1066 4445 non
1100 4378 1416 4445 satis'mihi
1450 4378 1702 4461 probata
1725 4390 1868 4447 Metii
1903 4378 1947 4432 D

266 4459 400 4532 (viri
431 4459 580 4514 alias
602 4459 782 4531 docti)
817 4463 1027 4517 versio.
1062 4465 1188 4517 Non
1223 4463 1366 4516 satis
1400 4459 1634 4517 videtur
1665 4462 1870 4518 haberi

267 4531 468 4605 exhac
484 4532 731 4605 epistola
744 4533 1182 4605 Aquileiensem
1203 4533 1718 4604 archiepiscopum
1739 4533 1872 4605 (etsi

270 4601 757 4677 Schismaticum,
775 4601 961 4677 eoque
982 4601 1438 4677 nomineAPhotio
1457 4601 1700 4676 peri—nde
1716 4601 1872 4677 Schi-

269 4674 523 4749 smatico
538 4675 784 4731 charum
798 4719 807 4740 ,
823 4674 1126 4749 tantisque
1139 4694 1208 4732 ac
1219 4674 1764 4749 fumosislaudibus
1793 4676 1870 4732 ab

267 4759 340 4800 eo
366 4745 753 4820 celebratum)
772 4749 828 4803 in
863 4745 1176 4820 hocipsius
1205 4763 1400 4820 errore
1425 4748 1717 4820 fuisse,de
1741 4764 1872 4820 pro-

267 4817 538 4892 cessione
567 4818 823 4892 Spiritus
853 4817 1043 4892 sancti
1073 4835 1109 4874 a
1139 4819 1265 4875 solo
1298 4821 1464 4874 Patre
1507 4837 1519 4876 :
1554 4819 1697 4874 nihil
1719 4817 1870 4874 c—erte

266 4888 514 4944 Photius
531 4888 827 4960 ejusmodi
862 4891 1104 4959 indicat,
1134 4892 1229 4946 sed
1259 4891 1319 4946 in
1343 4907 1482 4946 eum
1511 4891 1737 4947 trahere
1755 4897 1871 4945 stu-

265 4960 667 5034 det_ipsaqhac
699 4962 1058 5034 epistola,ne
1090 4968 1252 5017 tanta
1277 4962 1463 5017 virtus
1489 4979 1556 5017 ex
1588 4964 1716 5032 ejus
1745 4962 1872 5034 epi-

266 4979 366 5016 σοι
396 4979 531 5033 ipsa
557 4979 667 5016 nac
699 4979 1058 5034 epismia,ne
1090 4979 1252 5017 tanta
1277 4979 1463 5017 Virtus
1489 4979 1556 5017 ex
1588 4979 1716 5032 ejus
1745 4979 1774 5016 e
1824 4979 1872 5016 1-

266 5031 424 5087 stola
442 5049 512 5105 ac
525 5032 701 5100 legati
717 5050 974 5105 persona
990 5036 1044 5088 in
1061 5050 1130 5090 eo
1157 5034 1549 5105 deprehensa,
1565 5049 1762 5088 errore
1775 4979 1872 5090 ge-

264 5108 419 5158 tecto
438 5103 624 5176 Photii
650 5103 934 5161 doctrinae
957 5105 1108 5172 luce,
1129 5103 1410 5176 deinceps
1429 5107 1484 5160 in
1515 5121 1584 5160 eo
1616 5110 1870 5173 nutaret,

264 5189 405 5248 cum
437 5175 722 5232 hactenus
737 5193 808 5232 ex
839 5182 1132 5248 occupata
1147 5175 1426 5248 opinione
1453 5177 1875 5248 acignorantia

263 5245 566 5302 videretur
590 5249 776 5304 veniae
805 5245 1342 5321 aliquiilrhabuisse.
1361 5250 1491 5302 Haec
1505 5247 1646 5302 mihi
1682 5247 1872 5321 Photii

265 5331 462 5391 mens,
489 5333 686 5391 eoque
719 5319 956 5376 trahunt
987 5320 1139 5375 illius
1172 5319 1372 5391 verba.
1405 5322 1630 5391 Tantus
1657 5319 1873 5376 scilicet

262 5388 532 5445 hominis
559 5388 746 5463 fastus
779 5409 848 5447 ac
880 5393 1167 5463 jactantia
1200 5407 1213 5456 ;
1245 5390 1405 5463 velut
1436 5407 1588 5463 unus
1620 5390 1750 5460 ipse
1783 5392 1872 5448 sol

266 5465 445 5534 esset,
482 5477 552 5517 ac
577 5461 820 5522 lucerna
840 5460 1228 5534 dispellendis
1262 5460 1573 5534 quibusvis
1601 5479 1868 5520 errorum

266 5533 530 5607 tenebris
542 5548 814 5607 accensa.
827 5535 882 5607 Ej
895 5533 962 5590 us
975 5534 1219 5590 technas
1235 5533 1548 5607 malasque
1561 5541 1868 5603 artes,curn

267 5603 368 5660 alii
394 5606 698 5676 prosecuti
717 5603 878 5672 sunt,
894 5607 1078 5662 Graeci
1099 5605 1361 5678 aequales
1382 5603 1484 5678 aut
1500 5621 1712 5678 parum
1731 5621 1868 5678 sup-

267 5690 467 5748 pares,
481 5681 612 5736 tum
640 5693 812 5736 meus
823 5677 1493 5752 Logotheta,’siquando
1511 5677 1860 5751 pacelenius

1981 3679 2280 3755 aspirante
2311 3693 2379 3734 ac
2413 3675 2920 3755 Qhristianissimo
2952 3689 3090 3755 rege
3117 3686 3354 3744 semper
3383 3670 3640 3755 Victore,

1981 3747 2152 3825 regia,
2173 3753 2404 3822 Lupara
2433 3749 2708 3825 Historia;
2739 3747 3095 3825 Byzantina,
3124 3747 3641 3825 penenecessarjo

1980 3815 2420 3892 supplemento,
2481 3836 2619 3874 cum
2678 3815 2871 3892 Leone
2914 3815 3188 3892 diacono
3247 3822 3303 3870 et
3354 3815 3636 3870 Michaele

1979 3887 2166 3947 Pséllo
2191 3893 2418 3962 regium
2450 3905 2586 3962 vere
2619 3888 2926 3962 multiplici
2953 3887 3122 3962 titulo
3138 3892 3632 3962 monumentum,

1973 3963 2124 4035 juris
2156 3956 2376 4037 publici
2407 3961 2568 4030 regia
2607 3956 3013 4037 muniﬁcentia
3038 3957 3214 4037 faciat
3248 3971 3365 4037 ;.ne
3393 3956 3504 4012 sibi
3535 3972 3637 4037 per

1980 4027 2501 4108 morasBatavusf
2515 4037 2619 4088 aut
2648 4029 2958 4108 generalia,
2983 4045 3115 4108 eam
3133 4027 3389 4108 gloriam
3419 4027 3632 4108 rapiat.

2049 4105 2289 4179 Titulus,
2347 4111 2408 4160 ut
2437 4105 2820 4179 repraesentat
2852 4100 3163 4179 Batonius,
3204 4099 3349 4179 quin
3383 4099 3634 4179 sit_an_t_i-

1979 4178 2171 4250 quarii
2197 4192 2378 4232 manu
2403 4169 2698 4247 genioque
2716 4172 3030 4298 ascriptus,
3056 4172 3174 4226 sive
3201 4169 3378 4251 etiam
3403 4185 3438 4224 a
3461 4169 3637 4224 Metio

1981 4251 2059 4298 ita
2131 4247 2513 4298 compositus.
2574 4261 2690 4298 non
2749 4261 2783 4298 a
2837 4247 2874 4298 P
2895 4247 3043 4298 ιοῐιο
3101 4247 3484 4298 perscriptus.
3543 4255 3637 4296 res

1980 4243 2059 4320 iia
2131 4243 2513 4320 compositus,
2545 4243 2690 4320 “non
2743 4261 2783 4320 _a
2837 4243 3043 4320 Rhotio
3101 4243 3484 4320 perscriptus,
3543 4255 3637 4296 res

1979 4319 2140 4375 clara
2165 4313 2292 4374 est":
2329 4335 2466 4374 cum
2497 4318 2643 4374 nihil
2662 4315 2994 4388 epistolaris
3017 4313 3223 4388 formis
3249 4313 3491 4381 habeat,
3515 4328 3638 4384 qua

1979 4396 2187 4447 auctor
2216 4391 2478 4446 amicum
2511 4386 2828 4445 convenire
2857 4386 3006 4443 solet
3035 4391 3093 4442 et
3123 4386 3377 4442 salutare
3408 4401 3421 4440 :
3464 4400 3638 4440 secus

1977 4479 2159 4536 quem
2183 4461 2486 4518 meliorem
2513 4461 2922 4536 producimus,
2946 4459 3006 4536 in
3023 4474 3144 4536 quo
3167 4472 3470 4536 summam
3495 4456 3638 4536 adu-

1943 4574 1945 4576 -
1978 4527 2283 4599 lationem,
2317 4550 2386 4590 ex
2417 4527 2798 4605 ipsolimine,
2824 4527 3022 4602 prudit
3045 4527 3314 4593 Pholius,
3345 4527 3638 4605 ostendit-

1980 4622 2118 4678 que,
2154 4611 2215 4678 ut
2239 4597 2594 4678 etsequenti
2623 4597 2890 4678 exordio,
2913 4618 3098 4678 quam
3125 4616 3196 4656 ea
3221 4605 3343 4678 arte
3368 4597 3634 4678 polleret,

1980 4669 2044 4733 iit
2073 4669 2218 4732 nihil
2234 4669 2447 4732 mirum
2466 4676 2542 4731 sit
2557 4693 2627 4732 ea
2643 4669 2978 4746 Obrepsisse
3003 4672 3264 4746 primum
3290 4670 3498 4724 Bardte
3520 4669 3635 4724 Cie-

1980 4750 2129 4822 sari,
2147 4755 2206 4822 et
2228 4764 2330 4822 per
2355 4742 2846 4822 eum,_lgna_tiuin
2880 4742 3021 4822 sede
3044 4742 3636 4822 depulisse,_tumque

1985 4813 2200 4893 Basilio
2229 4813 2553 4893 Macedoni,
2582 4813 2654 4874 ut
2685 4819 2818 4873 licet
2857 4819 3148 4893 amotum,
3181 4813 3633 4893 dumAIg‘n'atius

1980 4892 2219 4956 viveret,
2249 4891 2308 4946 in
2353 4890 2574 4962 palatio
2608 4895 2806 4962 tamen
2856 4888 3137 4962 deinceps
3175 4885 3376 4952 aleret,
3417 4883 3636 4938 libero-

1981 4978 2235 5035 rumque
2276 4957 2536 5035 suoruin
2558 4959 2895 5035 educationi
2946 4957 3274 5035 pi‘teticeret
3301 4972 3369 5011 ac
3401 4971 3469 5035 e_o
3497 4971 3637 5035 con-

1983 5027 2304 5099 summato,
2338 5035 2398 5088 in
2439 5033 2664 5096 sedem,
2695 5030 2866 5101 cujus
2898 5027 3120 5101 nefarie
3151 5028 3394 5082 invasor
3420 5027 3633 5101 fuerat,

1983 5105 2352 5170 sublimaret,
2385 5104 2672 5176 omnique
2701 5099 2943 5176 prorsus
2959 5099 3280 5176 indignum
3296 5099 3635 5176 sacerdotio

1982 5175 2315 5242 hominem,
2350 5170 2657 5232 summum
2690 5170 2867 5244 regiae
2887 5171 3050 5244 urbis
3094 5170 3411 5244 praesulem
3441 5175 3500 5226 et
3529 5185 3635 5240 pa-

1982 5249 2297 5305 triarcham
2331 5247 2520 5314 vellet,
2559 5242 2791 5317 suaque
2819 5242 3164 5317 auctoritate
3193 5242 3485 5298 Joannem
3517 5245 3633 5317 Ro-

1984 5337 2233 5377 manum
2255 5319 2618 5390 pontificem,
2643 5313 2761 5371 non
2779 5314 2925 5390 satis
2939 5330 3011 5370 ex
3033 5315 3417 5370 decessorum
3445 5313 3633 5390 ponti-

1979 5393 2162 5448 ficum
2179 5387 2446 5446 moribus
2461 5389 2635 5446 ﬁrmo
2649 5387 2970 5460 pectore,in
2984 5403 3341 5460 consensum
3358 5387 3631 5460 traheret.

1979 5470 2034 5519 et
2067 5470 2126 5537 ut
2156 5463 2282 5537 ipse
2314 5463 2533 5534 pariter
2565 5455 2700 5537 eum
2737 5458 3133 5537 patriarcham
3167 5455 3632 5537 probarethdum

1976 5528 2222 5590 tandem
2255 5528 2370 5590 Leo
2398 5537 2458 5600 V,
2487 5528 2777 5590 exstincto
2807 5535 2992 5604 patre,
3019 5528 3236 5604 iterum
3269 5530 3329 5584 in
3359 5528 3631 5584 ordinem

1977 5611 2233 5678 cogeret,
2262 5605 2433 5680 eique
2464 5605 2705 5664 fratrem
2736 5601 2915 5661 suum
2942 5601 3319 5672 subrogaret.
