4088 6214
505 140 610 196 795

1846 137 2085 194 PHOTll
2143 141 2164 195 F

2274 139 2628 197 'RIARCHE
2661 141 2764 198 ΟΡ.
3715 149 3788 206 796

502 263 824 338 prudentia
846 263 1043 338 magis
1068 277 1254 338 quam
1273 263 1486 320 canitie
1502 264 1914 319 venerandum
1941 283 1951 323 :
1978 264 2158 319 virtu-

2274 269 2474 336 νόμενον
2503 286 2515 300 ο
2547 265 2758 340 ἀρεταῖς
2785 262 2844 319 δὲ
2873 266 2965 319 ούκ
3005 266 3233 334 ἔλαττον,
3282 269 3311 328 ἢ
3345 273 3540 322 συνέσει
3590 271 3792 326 ποικιλλό-

503 359 632 411 tum
657 369 901 426 quoque
917 353 1143 427 reliqua
1161 355 1443 410 varietate
1455 368 1575 409 non
1594 352 1794 408 minus
1815 369 1999 425 quam
2021 369 2160 426 pru-

506 442 708 500 dentia
755 447 1057 507 ornatum,
1087 459 1156 499 ac
1185 443 1289 516 qui
1321 441 1442 514 pati
1476 441 1688 498 mentis
1722 443 2058 498 constantia
2094 457 2164 496 ac

509 532 835 602 sagacitate
884 531 1158 586 fulciatur
1188 553 1199 595 ;
1235 536 1413 602 atque
1457 533 1546 602 (ut
1589 530 1769 585 verbo
1803 529 2025 602 dicam)
2062 529 2160 586 tali

509 621 701 690 gratia
728 620 1060 692 praeditum,
1091 635 1211 691 qua
1242 635 1351 691 par
1389 623 1513 676 erat
1542 635 1680 674 eum
1718 619 1958 688 fulgere.
1992 620 2092 692 qui
2126 635 2162 676 a

507 711 629 766 Deo
655 709 903 780 accepit,
927 714 988 764 ut
1011 709 1458 765 tremendorum
1483 714 1825 764 nostrorum
1853 711 2158 781 mysterio-

508 814 642 856 rum
667 799 945 854 sacerdos
963 801 1329 865 statueretur,
1355 803 1676 871 vestraque
1706 803 1763 855 et
1786 798 2056 854 doctrina
2076 798 2162 854 di-

511 904 667 959 gnus
695 893 751 944 et
779 903 1068 943 manuum
1093 888 1473 960 impositione
1500 888 1817 944 haberetur
1845 905 1858 954 ;
1884 887 2057 944 talem
2078 887 2161 944 fa-

510 983 613 1034 ctae
631 984 838 1032 vestrm
853 977 1394 1049 sanctitatis,quarn
1411 977 2162 1048 faciebamus,experientia

509 1067 784 1123 nuntium
816 1066 1190 1122 ostendebat.
1224 1067 1486 1140 Hincque
1512 1065 1664 1122 adeo
1685 1064 2008 1136 intelligere
2028 1066 2161 1123 lice-

507 1157 613 1212 bat
638 1162 915 1227 certoque
945 1157 1259 1229 conjicere,
1293 1172 1451 1220 eum,
1485 1156 1586 1228 qui
1613 1172 1735 1228 pra:
1776 1155 1876 1211 illo
1935 1155 2160 1227 primas

508 1244 734 1302 ferebat
781 1245 1049 1316 ejusque,
1076 1245 1382 1301 ordinator
1424 1244 1640 1309 fuerat,
1668 1250 1724 1300 et
1754 1251 1818 1300 ut
1865 1244 2161 1316 legatione

509 1335 588 1390 ad
613 1350 721 1390 nos
746 1334 1110 1405 fungeretur,
1139 1334 1220 1389 illi
1251 1339 1455 1390 auctor
1475 1335 1795 1401 exstiterat,
1821 1335 2162 1390 divinarum

507 1423 754 1496 plenum
792 1423 1118 1494 gratiarum
1149 1439 1284 1480 esse
1317 1440 1330 1490 ;
1360 1440 1429 1479 ac
1467 1425 1571 1496 qui
1603 1424 1781 1480 totius
1809 1424 1942 1480 vitae
1971 1422 2162 1496 splen-

509 1513 675 1578 dore,
699 1513 1173 1585 dogmatumque
1193 1512 1424 1568 ardenti
1439 1513 1562 1568 zelo
1577 1518 1756 1585 atque
1769 1528 1974 1570 amore
1987 1513 2162 1584 longe

511 1601 898 1673 conspicuus,
925 1617 1157 1658 necnon
1183 1601 1389 1658 salutis
1411 1602 1713 1672 exemplar
1732 1602 1790 1658 in
1808 1602 2001 1674 ipsum
2024 1617 2161 1658 con-
2193 1618 2238 1674 Β

510 1690 812 1746 tuentibus
838 1689 1004 1746 foret.

585 1779 650 1835 II.
697 1779 816 1836 Nisi
853 1781 1013 1836 enim
1060 1781 1263 1836 vestris
1309 1779 1584 1852 religiosa
1613 1779 1827 1853 pietate
1875 1781 2160 1837 doctrinis

512 1885 580 1925 ac
610 1869 984 1924 documentis
1016 1870 1178 1939 large
1215 1869 1501 1931 imbutus.
1528 1870 1631 1942 qui
1661 1886 1697 1925 a
1721 1870 1896 1926 vobis
1923 1869 2163 1942 pontiﬁ-

510 1957 653 2014 calis
684 1959 950 2014 muneris
989 1961 1245 2027 gratiam
1277 1959 1473 2024 trahit,
1509 1959 1592 2015 sic
1642 1959 2018 2023 eluxuriaret,
2052 1974 2162 2015 nec

509 2046 787 2103 mirando
823 2047 1418 2120 quodam,tantoque
1449 2047 1610 2104 velut
1647 2065 1716 2105 ex
1750 2047 1914 2104 fonte
1946 2053 2162 2105 vestra-

508 2152 644 2192 rum
696 2135 980 2192 virtutum
1011 2136 1231 2208 irriguo
1265 2137 1488 2210 potitus
1530 2142 1702 2204 esset,
1736 2153 2049 2210 nunquam
2082 2139 2159 2194 ad

509 2229 738 2284 tantam
765 2224 1046 2282 virtutum
1079 2225 1424 2291 claritatem,
1457 2242 1566 2297 pro
1601 2241 1671 2282 eo
1701 2243 1769 2282 ac
1794 2243 2033 2283 summo
2063 2225 2159 2283 Dei

511 2314 850 2371 sacerdotes
880 2315 1067 2384 decet,
1098 2315 1406 2370 evasisset.
1441 2315 1568 2371 Non
1599 2331 1832 2388 semper
1862 2317 2043 2379 enim,
2071 2315 2160 2372 vel

510 2406 727 2474 exiguo
739 2404 952 2476 jubare
971 2421 1038 2460 ac
1060 2404 1398 2476 splendore,
1424 2404 1874 2460 similitudinem
1899 2411 2158 2469 servant,

510 2509 646 2564 quas
662 2495 926 2549 secunda
956 2498 1112 2559 sunt,
1145 2509 1282 2549 cum
1315 2493 1544 2563 formis,
1582 2509 1718 2565 quin
1756 2494 1869 2548 illis
1918 2494 2163 2565 praeive-

509 2587 668 2639 runt.
688 2582 953 2647 Quorum
972 2581 1245 2637 omnium
1268 2598 1452 2638 causa
1476 2581 1770 2638 habenda;
1795 2582 1912 2638 Deo
1936 2583 2157 2652 gratiae,

509 2671 612 2743 qui
651 2671 709 2726 in
741 2673 952 2726 omnes
989 2671 1335 2726 muneribus
1373 2671 1597 2726 effusus
1623 2672 2162 2745 universorumque

511 2759 783 2816 conditor
812 2760 1124 2824 exsistens,
1161 2761 1314 2817 sicut
1359 2761 1420 2816 in
1462 2761 1712 2818 Orientis
1744 2761 2034 2832 partibus,
2077 2761 2160 2816 sic

509 2857 690 2913 etiam
739 2858 798 2913 in
848 2857 1202 2924 Occidentis,
1253 2858 1574 2914 luminaria
1615 2858 1917 2931 ducesque
1956 2874 2162 2916 conse-

2270 374 2418 426 μενον
2461 375 2474 388 -
2525 360 2615 407 καὶ
2659 363 2731 426 τῷ
2793 355 3037 410 εύσταθεῖ
3096 367 3187 419 τῆς
3236 364 3443 431 γνώμης
3493 362 3547 412 τό
3598 358 3792 431 ἀγχίνουν

2271 443 2813 518 συμπροϐαλλόμενον.
2872 451 2972 499 Καὶ
3043 446 3218 510 ἁπλῶς
3283 447 3456 513 εἰπεῖν,
3507 449 3609 511 οἰας
3673 453 3793 522 ἐχρῆν

2273 533 2634 604 αετειληχέναι
2677 535 2918 608 χάριτος,
2971 540 3058 588 τόν
3111 539 3350 608 ἱερᾶσθαι
3399 540 3536 612 παρὰ
3576 545 3690 592 Θεοῦ
3724 548 3793 591 τῶν

2270 631 2494 694 φρικτῶν
2548 624 2692 696 ἡμῶν
2744 629 3052 699 μυστηρίων
3099 630 3190 684 τὴν
3241 625 3437 684 τελετήν
3468 626 3697 698 λαχόντα,
3730 634 3796 681 καὶ

2268 720 2364 772 τῆς
2415 714 2556 783 ὑμῶν
2608 718 2697 765 καὶ
2751 710 3104 776 διδασκαλίας
3151 720 3241 768 καὶ
3289 719 3608 791 χειροθεσίας
3671 717 3794 786 ἀξιον,

2267 809 2500 854 τοιοῦτον
2555 803 2583 860 ἠ
2638 810 2790 874 πεῖρα
2839 811 2932 866 τῆς
3011 805 3150 879 ἱερᾶς
3211 807 3352 877 ὑμῶν
3410 807 3662 866 ὁσιότητος
3696 827 3798 880 παρ-

2269 887 2468 943 εδείκνυ
2517 894 2604 943 τὸν
2648 889 2954 945 ἀπόστολον.
3016 893 3294 947 Κὰντεῡθεν
3343 891 3401 953 ἦν
3433 901 3636 967 συνορᾷν
3669 900 3799 947 τε.καὶ

2265 978 2543 1052 λαμϐάνειν
2597 986 2685 1040 τὴν
2752 979 3041 1051 ἀπόδειξιν,
3093 986 3157 1044 ὡς
3215 984 3241 1035 ὁ
3284 987 3468 1036 τούτου
3510 987 3568 1036 τὰ
3619 993 3803 1060 πρωτεῖα

2269 1074 2538 1142 φερόμενος
2587 1075 2677 1124 καὶ
2725 1070 3083 1144 τελεσιουργός
3127 1071 3224 1145 (2),
3271 1078 3360 1125 καὶ
3405 1080 3492 1134 τῆς
3545 1077 3661 1146 πρὸς
3701 1075 3803 1144 ἡμᾶς

2269 1157 2563 1221 ἀποστολῆς
2593 1163 2780 1226 αἴτιος,
2812 1160 3015 1236 πλήρης
3065 1164 3156 1234 μὲν
3189 1169 3286 1213 τῶν
3337 1163 3477 1214 θείων
3530 1160 3632 1214 ἐστὶ
3673 1167 3802 1235 χαρί-

2269 1267 2405 1299 των*
2434 1248 2548 1311 ὅλος
2591 1245 2650 1302 δὲ
2679 1257 2740 1322 τῇ
2801 1259 2893 1302 τοῦ
2935 1249 3056 1324 βίου
3114 1249 3462 1325 λαμπρότητι,
3513 1256 3596 1304 καὶ
3629 1259 3688 1322 τῷ
3729 1260 3804 1302 τῶν

2271 1333 2546 1410 δογμάτων
2578 1335 2821 1414 διαπύρῳ
2848 1340 2988 1412 ζήλῳ
3018 1344 3108 1392 καὶ
3152 1348 3224 1410 τῷ
3265 1343 3434 1414 ἔρωτι,
3469 1336 3806 1412 διαπμότατὸς

2267 1445 2319 1479 τε
2370 1425 2430 1478 ἆν
2484 1431 2585 1487 εἴη,
2643 1433 2732 1482 καὶ
2782 1425 3125 1504 παράδειγμα
3199 1434 3465 1505 σωτηρίας
3521 1437 3620 1492 τοῖς
3685 1429 3806 1481 αὐτὸν

2269 1514 2504 1581 ἁτενίζου
2513 1536 2615 1570 σιν.

2345 1782 2399 1838 B'
2460 1785 2616 1858 Εἰμή
2643 1786 2740 1860 γὰρ
2780 1786 2859 1858 (3)
2887 1793 3005 1848 ταῖς
3057 1787 3194 1838 κατά
3231 1789 3361 1839 Θεὸν
3415 1786 3551 1858 ὑμῶν
3600 1780 3811 1838 διδασκα-

2270 1874 2408 1938 λίαις
2456 1879 2544 1927 καὶ
2604 1874 2915 1946 εἰσηγήσεσι
2954 1872 3468 1947 ἐπιδαψιλευόμενος,
3511 1875 3535 1925 ό
3571 1881 3653 1932 τῆν
3712 1872 3812 1945 ἁρχ-

2274 1968 2535 2039 ιερατικὴν
2599 1967 2761 2036 χάριν
2813 1964 2866 2027 ἐξ
2926 1965 3068 2036 ὑμῶν
3139 1964 3294 2016 ἕλκων
3376 1964 3533 2024 οὕτως
3581 1961 3810 2036 ἐνετρύφα·

2270 2059 2360 2106 καὶ
2413 2053 2456 2106 εἰ
2507 2057 2577 2126 μὴ
2640 2055 2949 2124 θαυμαστῆς
2994 2073 3126 2114 τινος
3175 2059 3263 2106 καὶ
3325 2055 3586 2114 τοσαύτης
3627 2050 3814 2108 ἀπήλανε

2271 2152 2366 2205 τῆς
2395 2142 2448 2195 ἐκ
2505 2151 2602 2195 τῶν
2653 2142 2840 2216 ἀρετῶν
2892 2144 3034 2216 ὑμῶν
3082 2147 3318 2214 πηγαίας
3368 2139 3596 2216 ἀρδείας,
3649 2141 3728 2193 οὐκ
3769 2139 3813 2190 ἂν

2273 2233 2341 2295 εἰς
2372 2235 2632 2290 τοσαύτην
2690 2231 2916 2307 προῆλθε
2968 2234 3104 2284 κατὰ
3143 2235 3199 2283 τό
3245 2241 3513 2304 προσῆκον
3559 2230 3813 2305 ἀρχιερεῦσι

2273 2329 2427 2390 Θεοῦ,
2491 2320 2676 2396 ἀρετῶν
2739 2320 3050 2393 ἐπιφάνειαν.
3124 2321 3361 2382 Σώζουσι
3429 2323 3528 2393 γὰρ
3591 2320 3675 2372 οὐκ
3729 2317 3812 2381 ἀεὶ,

2272 2407 2394 2464 ούδε
2448 2409 2501 2462 ἐκ
2544 2409 2808 2484 βραχείας
2849 2413 2987 2473 τινὸς
3045 2409 3214 2482 αύγῆς
3264 2415 3356 2462 καὶ
3408 2409 3702 2482 ἓλλάμψεως,
3744 2412 3813 2464 τὴν

2271 2502 2556 2572 ὁμοιότητα
2604 2509 2702 2552 τῶν
2757 2502 3110 2572 πρωτοτύπων
3149 2502 3216 2551 τὰ
3269 2496 3508 2572 δεύτερα.
3555 2503 3647 2552 Καὶ
3689 2498 3816 2569 χάρις

2272 2590 2358 2642 ἐπὶ
2409 2595 2544 2642 πᾶσι
2595 2591 2795 2650 τούτοις
2843 2597 2915 2659 τῷ
2972 2588 3210 2662 εὐεργέτῃ
3265 2594 3357 2641 καὶ
3414 2587 3702 2662 δημιουργῷ
3739 2594 3815 2638 τῶν

2271 2679 2397 2732 ὅλων
2430 2687 2541 2750 Θεῷ
2561 2700 2573 2712 ·
2627 2677 2700 2744 ὃς,
2733 2680 2906 2752 ὥσπερ
2934 2677 2983 2730 ἐν
3014 2685 3124 2740 τοῖς
3155 2686 3248 2740 τῆς
3276 2677 3447 2750 Ἑῴας
3477 2683 3684 2751 μέρεσιν,
3712 2675 3815 2727 οὕτω

2273 2765 2340 2826 δὴ
2369 2774 2458 2820 καὶ
2501 2767 2548 2819 ἐν
2595 2775 2700 2828 τοίς
2726 2767 3020 2840 Ἐσπερίοις
3069 2776 3348 2839 φωστῆρας
3379 2773 3468 2820 καὶ
3518 2764 3722 2838 ὁδηγοὺς
3753 2782 3817 2814 τι-

2269 2856 2586 2931 λεσιουργῶν
2646 2858 2745 2929 (4),
2791 2859 3049 2929 ὁσημέραι
3095 2855 3314 2929 λάμπειν
3367 2863 3458 2910 καὶ
3519 2854 3818 2926 κατανγοίζειν

510 2963 704 3014 crans,
739 2953 803 3004 ut
851 2947 1117 3021 quotidie
1147 2947 1403 3013 luceant,
1457 2947 1766 3020 plebisque
1804 2948 2042 3004 animos
2089 2964 2159 3004 ac

2274 2945 2466 2998 πολλῶν
2491 2944 2672 3018 ψυχὰς
2714 2952 2804 2998 καὶ
2850 2943 3107 3008 διανοίας,
3138 2943 3186 2997 ἐν
3242 2954 3314 3017 τῷ
3362 2955 3462 2998 τῶν
3493 2943 3820 3020 ἀρχιερατικῶν

509 3042 740 3094 mentes
787 3037 1098 3106 illustrant,
1140 3038 1200 3094 in
1245 3037 1399 3095 celso
1448 3038 1881 3112 episcopalium
1928 3038 2161 3093 sedium

508 3128 770 3185 culmine
801 3127 1068 3201 praeﬁcit.

579 3218 674 3274 III.
705 3217 823 3282 Sed
847 3235 986 3274 cum
1018 3233 1128 3275 nos
1154 3219 1228 3274 de
1251 3234 1423 3276 sacra
1449 3222 1640 3275 vestra
1655 3219 1866 3274 virtute
1897 3233 1969 3274 ea
1989 3232 2162 3274 mens

508 3307 848 3371 incesseret,
867 3308 1120 3378 ejusque
1134 3307 1434 3378 praeclaris
1450 3307 1692 3363 dotibus
1706 3323 1775 3363 ac
1792 3305 2164 3362 ornamentis

510 3395 862 3464 gestiremus
887 3401 942 3451 et
967 3395 1324 3462 lmtaremur,
1367 3396 1532 3469 quod
1572 3411 1732 3450 nunc
1763 3395 1822 3450 in
1849 3410 2022 3450 aures
2062 3410 2168 3450 no-

511 3489 666 3539 stras
693 3483 901 3540 incidit
932 3483 1134 3555 (atque
1166 3485 1392 3541 utinam
1425 3499 1772 3556 nunquam:
1806 3484 1974 3540 dirus
2004 3484 2163 3540 enim

511 3570 720 3640 animi,
752 3587 874 3628 non
907 3573 1174 3644 corporis
1203 3572 1374 3628 dolor
1413 3577 1502 3628 est
1530 3588 1542 3626 :
1576 3587 1681 3644 per
1710 3573 1864 3628 hanc
1893 3572 2053 3629 enim
2093 3588 2166 3628 ex

511 3665 750 3732 aspectu
771 3677 996 3732 magna
1012 3660 1185 3717 nobis
1207 3666 1490 3734 concepta
1507 3676 1628 3734 spe,
1656 3669 1716 3717 ut
1733 3666 1789 3717 et
1808 3661 2001 3733 ipsum
2022 3677 2164 3718 mce-

510 3764 709 3807 rorem
735 3748 1101 3821 aperiamus,
1135 3765 1333 3822 operte
1363 3750 1617 3823 pretium
1647 3750 1973 3820 duximus),
2003 3752 2164 3808 haud

2272 3033 2394 3106 ὕψει
2422 3037 2612 3110 θρόνων
2643 3055 2709 3109 πρ
2719 3033 3004 3088 οϐάλλεται.

2347 3214 2420 3272 Γ’.
2452 3213 2587 3266 Ἀλλ’
2631 3213 2765 3266 οὕτω
2821 3217 2939 3287 περὶ
2988 3221 3078 3274 τῆς
3111 3215 3245 3287 ἱερᾶς
3295 3215 3441 3286 ὑμῶν
3493 3211 3663 3288 ἀρετῆς
3707 3213 3823 3282 ἔχονο

2272 3325 2369 3372 τες,
2413 3309 2503 3358 καὶ
2533 3310 2642 3366 τοῖς
2665 3305 2863 3365 ταύτης
2914 3301 3332 3375 ἐνσεμνυνόμενοί
3374 3323 3430 3357 τε
3482 3309 3568 3356 καὶ
3621 3299 3825 3373 ἡδόμενοι

2274 3396 2671 3466 κατορθώμασι,
2703 3395 2760 3444 τό
2794 3399 2880 3442 νῦν
2933 3393 3078 3464 ἡμῶν
3130 3399 3239 3452 ταῖς
3288 3391 3438 3454 6ton;
3486 3391 3727 3453 ἐπιπεσόν,
3773 3389 3825 3445 ὡς

2277 3487 2378 3538 εἴθε
2420 3487 2492 3556 μὴ
2548 3481 2704 3554 ὤφελε
2737 3502 2749 3514 ο
2809 3479 2992 3552 ψυχῆς
3038 3483 3140 3556 γάρ
3191 3480 3326 3551 ἔστι,
3369 3487 3460 3534 καὶ
3513 3480 3568 3534 ού
3630 3484 3824 3550 σώματος

2276 3573 2510 3645 ἄλγημα.
2563 3574 2657 3624 Διὰ
2721 3572 2918 3632 ταύτης
2973 3568 3073 3622 ἀπὸ
3134 3572 3248 3632 Θέας
3295 3572 3527 3644 μεγάλην
3553 3565 3823 3623 ἕλπίδαιλα-

2277 3661 2468 3731 ϐόντες,
2514 3665 2604 3713 καὶ
2634 3658 2760 3712 αὐτὸ
2790 3662 2846 3712 τὸ
2878 3660 3038 3720 πάθος
3070 3657 3410 3731 ἀνακαλύψαι
3462 3657 3566 3714 δεῖν
3605 3658 3822 3730 ᾠήθημενι

2279 3749 2390 3803 Ούκ
2429 3745 2552 3803 οἶδα
2572 3757 2677 3810 πῶς
2707 3747 2767 3800 ἂν
2795 3746 3004 3812 ἀλύπως
3040 3751 3167 3802 εἶπω
3196 3769 3209 3784 ο
3243 3749 3287 3802 εἰ
3311 3753 3388 3822 μὴ
3434 3749 3593 3811 καλῶς
3637 3747 3704 3818 (5)
3736 3747 3822 3800 ταῖς

2090 3873 2299 3933 NOTAE

607 3999 662 4069 2)
715 3997 1223 4072 Kétrmmupyég.
1285 3999 1393 4065 Qui
1468 3998 1721 4057 initiavit
1777 4004 1957 4072 atque
2026 4015 2169 4072 pra“:-

2278 3998 2515 4071 Quibus
2541 4000 2597 4054 et
2627 3996 2894 4071 magistri
2934 3995 3329 4071 sedulitatem,
3361 4001 3422 4054 et
3449 3993 3713 4071 discipuli
3727 3990 3829 4071 dili-

513 4065 701 4163 sulem
730 4071 1046 4163 ordinavit,
1078 4065 1182 4126 seu
1213 4071 1271 4126 in
1297 4073 1646 4153 episcopum
1665 4072 1808 4163 iure
1830 4065 2167 4163 metropol‘i-
2198 4109 2242 4163 Ι)
2279 4065 2538 4153 gentiam
2558 4068 2836 4163 celebrat:
2861 4084 2968 4124 nec
2981 4069 3092 4150 nisi
3113 4068 3340 4163 primas
3362 4085 3439 4163 aq
3454 4065 3825 4126 excellentiam.

512 4143 628 4199 tico
650 4142 1038 4215 consecravit,
1062 4142 1396 4215 manusque
1416 4142 1724 4215 imposuit.
1750 4149 1812 4198 ut
1834 4143 2012 4214 paulo
2031 4149 2166 4199 ante

513 4214 772 4269 dicebat.
827 4221 931 4287 Τῇς
984 4214 1146 4287 ύμῶν,
1177 4214 1511 4287 χειροθεσιας
1554 4214 1717 4287 ἄξιον,
1775 4215 2015 4287 Dignum
2070 4215 2168 4272 cui

515 4301 726 4341 manus
782 4286 1196 4355 imposueritis,
1263 4286 1433 4342 Sacra
1489 4286 1713 4343 scilicet
1772 4286 2162 4342 ordinatione.

512 4356 720 4412 Metius
750 4357 841 4412 vel
868 4372 988 4412 non
1018 4356 1244 4422 habuit,
1278 4357 1372 4413 vel
1397 4373 1517 4412 non
1546 4357 1822 4422 reddidit,
1855 4358 1956 4412 sed
1984 4357 2166 4413 solius

514 4428 824 4485 missionis
857 4429 1143 4483 meminit.

589 4501 664 4573 (3)
699 4500 762 4556 Εἰ
791 4504 863 4573 μὴ
891 4503 1016 4573 γὰρ,
1049 4497 1191 4556 Male
1231 4498 1391 4555 hunc
1437 4498 1638 4573 locum
1686 4499 1886 4573 Metius
1917 4499 2163 4573 accepit,

515 4578 572 4629 et
599 4569 808 4628 contra
839 4569 1022 4628 Photii
1055 4587 1300 4627 sensum
1326 4586 1338 4625 :
1361 4571 1558 4642 acubi
1586 4569 1677 4625 ille
1700 4571 1875 4639 legati
1904 4569 2168 4642 episcopi

514 4644 724 4700 laudes
751 4645 1148 4717 prosequitur,
1177 4641 1498 4717 indicando
1529 4642 1657 4717 ejus
1687 4643 1912 4717 virtutis
1943 4641 2166 4717 fontem

518 4731 588 4770 ac
633 4713 965 4787 exemplar;
983 4716 1152 4788 quod,
1195 4731 1438 4788 summa
1485 4713 1660 4770 laude
1691 4713 2168 4788 reddiderittetsi

516 4800 638 4842 non
663 4785 983 4844 rarosecus
1002 4785 1350 4859 contingat),
1373 4786 1442 4850 is,
1467 4789 1632 4841 extra
1648 4786 2166 4859 omnejudicium,

517 4859 688 4983 quasi
718 4875 838 4914 non
873 4860 1158 4930 adeptum
1191 4857 1324 4914 eam
1356 4857 1786 4929 praestantiam,
1819 4873 1953 4929 quae
1980 4858 2168 4928 ponti-

565 4942 660 4981 ces
690 4929 915 4983 deceat.
947 4931 1048 4983 aui
1078 4930 1297 4983 missus
1331 4929 1600 4983 pontifex
1631 4934 1806 4983 esset.
1840 4934 1894 4983 et
1923 4929 2167 4983 quidem

565 4942 660 4981 ces
690 4929 915 4995 deceat,
947 4929 1048 5003 qui
1078 4930 1297 5003 missus
1331 4929 1600 5003 pontifex
1631 4934 1806 5003 esset,
1840 4934 1894 4983 et
1923 4929 2167 5003 quidem

516 5005 812 5072 provectae
844 5001 1051 5066 aetatis,
1081 5002 1358 5073 deprimit
1388 5017 1457 5057 ac
1489 5001 1980 5074 planevituperat
2008 5015 2019 5054 :
2051 5001 2173 5074 Nec

517 5073 941 5144 proptereagad
965 5088 1091 5130 eam
1124 5073 1351 5130 devenit
1376 5073 1803 5142 praestantiam,
1828 5088 1954 5144 quae
1979 5073 2172 5144 pontis

515 5143 654 5216 βεδε
677 5143 790 5199 Dei
804 5143 994 5216 decet.
1024 5147 1201 5216 Nugae
1228 5145 1550 5216 Potentiale
1577 5145 1634 5200 in
1667 5143 2032 5199 absolutum.
2057 5143 2173 5216 Nisi

521 5215 750 5288 copiose
789 5213 1072 5279 imbutus,
1105 5213 1239 5288 étc.,
1273 5216 1366 5268 ούκ
1403 5215 1463 5268 ἂν
1504 5216 1574 5279 εἰς
1630 5218 1893 5288 τοσαύτην
1923 5215 2172 5288 προῆλθε,

519 5287 657 5339 κατά
710 5289 786 5362 τό-
810 5294 1076 5359 προσῆκον
1142 5286 1451 5362 όιρχιερεῦσι
1521 5295 1653 5362 Θεοῦ
1730 5287 1920 5362 ἀρετῶν
1964 5286 2174 5362 ’,ἐπιφάο

521 5377 677 5413 νειαν.
721 5359 1038 5430 Nunquam
1095 5359 1183 5415 ad
1223 5364 1451 5416 tantam
1500 5359 1784 5416 virtutum
1841 5359 2174 5416 claritatem

525 5431 817 5499 evasisset,
849 5445 963 5501 pro
989 5444 1053 5487 eo
1083 5444 1156 5488 ac
1185 5443 1441 5488 summos
1463 5432 1572 5489 Dei
1601 5431 1927 5490 sacerdotes
1967 5433 2130 5491 decet
2159 5449 2172 5490 :

2278 4139 2328 4198 ei
2353 4142 2458 4215 qui
2489 4146 2690 4196 auctor
2721 4139 2794 4196 sit
2814 4156 2883 4196 ac
2916 4139 3217 4215 magister,
3243 4147 3460 4215 servat.

2351 4204 2459 4286 (il
2496 4219 2778 4286 Φωστῆρας
2851 4215 2955 4286 καὶ,
3021 4204 3265 4286 ῗόδηγοήύς
3311 4213 3715 4286 Δτελειινιονργῶν⁹
3759 4204 3829 4286 ,Εἰ

2275 4286 2370 4342 hic
2384 4284 2528 4340 mire
2541 4283 2896 4340 alludinatus
2915 4284 3034 4339 Meti
3049 4283 3288 4348 us,dum
3307 4283 3394 4342 ita
3408 4283 3830 4340 redditzLumina

2275 4357 2542 4430 quaedam
2569 4363 2622 4413 et
2650 4356 2825 4411 duces
2847 4355 3234 4430 sacerdotum.
3269 4360 3396 4430 [mo
3425 4361 3592 4420 certe,
3615 4349 3829 4430 Lumina

2275 4420 2568 4499 ducesque
2589 4441 2954 4499 consectans,
2979 4426 3536 4499 initians,ordinans
3562 4420 3830 4499 :quod_per

2277 4491 2691 4556 auctoritatem
2709 4491 3276 4570 facitChristustSe
3291 4515 3562 4554 summus
3575 4491 3826 4570 sacerdos.

2278 4587 2508 4642 suoque
2523 4569 2855 4642 sacerdotio
2871 4570 3088 4640 (primo
3119 4565 3220 4626 aut
3235 4571 3499 4626 secundo
3514 4565 3722 4635 ordine)
3745 4573 3827 4632 per

2278 4641 2425 4698 suos
2445 4642 2696 4714 vicarios
2718 4641 3052 4712 episcopos,
3069 4658 3168 4698 eos
3182 4643 3281 4714 qui
3311 4643 3624 4714 initiantur.
3647 4651 3741 4714 seu
3757 4647 3828 4714 qr-

2277 4703 2993 4784 dinantur,_impartiens.
3038 4703 3215 4769 'Bene'
3250 4713 3398 4768 Bud.
3449 4729 3507 4783 p.
3555 4703 3829 4784 8173sz-

2282 4789 2527 4860 σιουργόν
2572 4779 2796 4860 δύναμιν
2835 4793 2962 4860 *τῶν
3009 4786 3266 4860 ίεραρχῶν
3321 4779 3598 4860 Dionysio
3643 4779 3826 4860 dictam

2280 4847 2538 4928 exponit,
2571 4857 2694 4912 Vim
2707 4847 3088 4913 initiatricer'n
3102 4847 3617 4914 ét'ronsecral'icem
3639 4869 3649 4906 :
3665 4857 3712 4907 et
3726 4847 3827 4928 τελεο

2282 4925 2564 5005 σιουργεῑν,
2606 4927 2868 5005 τό-τελεῖν.
2929 4929 3108 5005 Cuj_u_s
3140 4928 3258 5005 fere
3285 4943 3494 5005 _voces_
3546 4925 3829 5005 sequuntur

2285 4993 2635 5056 recentiores
2663 5000 2998 5054 Graecorum
3014 4993 3300 5070 ’Theologi
3323 5015 3336 5054 :
3361 4998 3539 5054 necin
3565 4993 3714 5051 re’sic
3725 4993 3831 5048 trita

2282 5072 2490 5128 debuit
2513 5071 2720 5126 Metius
2752 5071 3061 5142 cespitare.

2355 5142 2435 5213 (5)
2485 5143 2546 5195 Εἰ
2593 5147 2664 5214 μὴ
2712 5138 3028 5214 καλῶξεΑἱ)
3083 5141 3196 5214 hac
3245 5138 3718 5214 expostulatione.
3747 5141 3832 5213 nec

2284 5211 2472 5286 ipsum
2505 5211 2779 5286 ad‘quem
2814 5213 3036 5286 scribit,
3069 5213 3301 5286 videtur
3323 5211 3600 5286 eximere,
3627 5211 3834 5286 auttﬂ“8

2284 5280 2547 5362 mentem
2580 5280 3146 5362 alias__explora_tam
3187 5283 3428 5362 habere:
3459 5281 3648 5362 Metius
3689 5280 3833 5362 elisi}!

2287 5357 2431 5414 nihil
2464 5357 2658 5430 Ρὶιοίὶἰ
2674 5349 3163 5430 Meos-exprimit,
3185 5357 3349 5430 quod
3371 5355 3465 5412 hic
3485 5352 3727 5410 maximo
3750 5349 3836 5430 utif

2301 5434 2416 5497 tur,
2450 5430 2535 5486 rei
2562 5427 2993 5502 indignitatem,
3022 5434 3086 5486 ut
3097 5427 3476 5492 sibi'videtur,
3491 5428 3830 5496 exaggerans:
