4088 6214
226 270 340 324 797

235 399 529 468 Κυριακαῖς
570 397 763 465 φωναῖς
808 388 1214 463 ἐξαρκεσθέντες,
1249 384 1278 444 ἦ
1320 391 1419 437 τῶν
1469 387 1741 456 Πατρικῶν
1783 397 1836 430 τε
1866 377 1912 431 Α

231 490 329 538 καὶ
355 478 644 536 συναδικῶν
689 483 819 553 ὅρων
849 484 937 531 καὶ
984 474 1261 549 δογμάτων
1302 476 1506 545 ἔχοντες
1558 471 1709 543 λόγον
1750 473 1842 521 οὐ-

235 569 384 638 δένα,
425 573 456 630 ἦ
513 580 603 633 τῆς
651 572 837 623 ἐκεῖθεν
908 565 1168 640 ἀκριϐείας
1243 565 1604 638 ὑπερορῶντες,
1662 560 1692 618 ἣ
1753 563 1839 611 τόν

231 671 356 716 νοῦν
410 664 541 737 πρὸς
592 662 658 711 1'01
701 666 917 711 τοιαῦτα
966 662 1202 730 φέροντες
1243 655 1634 726 πεπωρωμένον,
1685 648 1842 707 ἡούκ

233 749 341 805 οἷδ²
387 752 524 813 ὅπως
562 751 622 801 οἶν
677 768 758 810 τις
804 752 891 798 καὶ
941 751 1088 818 φαίη,
1145 745 1285 816 ὅμως
1333 739 1442 810 οὖν,
1494 743 1558 800 ὡς
1611 741 1712 792 εἶθε
1765 744 1836 810 μὴ

234 841 444 914 ὤφελεν,
494 841 613 898 ἧκεν
654 838 720 899 εἰς
775 838 1025 910 ἡμετέρας
1077 833 1256 897 ἀκοὰς,
1288 835 1352 894 ὦς
1407 850 1540 892 τινες
1596 838 1695 882 τῶν
1745 827 1841 881 ἀνὰ

232 936 333 990 τὴν
360 933 538 995 Λύσιν,
592 930 650 980 1'0
683 929 815 980 θεῖόν
844 944 898 978 τε
945 929 1031 977 καὶ
1082 925 1334 993 πανάγιον
1381 927 1608 993 Πνεῦμα,
1659 918 1718 972 οὖ
1751 922 1841 991 μό-

232 1041 323 1074 νον
356 1024 412 1074 ἐκ
457 1025 548 1072 τοῦ
587 1025 720 1072 Θεοῦ
767 1020 856 1069 καὶ
907 1017 1125 1090 Πατρός,
1183 1013 1311 1064 ἀλλὰ
1358 1016 1448 1064 καὶ
1496 1012 1551 1062 ἐκ
1596 1017 1688 1062 τοῦ
1723 1011 1842 1062 Υίοῦ

233 1110 611 1184 ἐκπορεύεσθαι
663 1107 1051 1182 παρεισάγουσι
1084 1121 1096 1134 ⁸
1121 1108 1212 1156 καὶ
1251 1102 1442 1160 πολλὴν
1488 1101 1713 1153 ίντεύθεν
1749 1103 1841 1157 τὴν

236 1199 444 1274 βλάϐην
499 1196 592 1252 διὰ
650 1205 743 1259 τῆς
803 1197 1043 1255 τοιαύτης
1109 1201 1280 1266 φωνῆς
1343 1198 1454 1253 τοῖς
1521 1193 1844 1263 πειθομένοις

237 1293 643 1369 ἀπεργάζονται.
675 1297 839 1344 Τοῦτο
870 1286 930 1342 δὲ
967 1290 1102 1341 κατὰ
1142 1294 1353 1360 γνώμην
1391 1289 1480 1358 μὲν
1540 1292 1643 1346 τοῖς
1681 1285 1844 1346 οὕτως

235 1383 294 1446 ἒξ
338 1383 526 1454 ἀλόγου
582 1380 885 1455 προλήψεως
942 1382 1175 1451 ἔχουσιν,
1239 1377 1298 1430 οὗ
1348 1379 1631 1440 τοσαύτην,
1673 1381 1843 1427 καίτοι

234 1473 445 1539 πολλὴν,
488 1469 582 1525 διὰ
632 1475 690 1523 τὸ
747 1478 839 1531 τῆς
899 1467 1110 1540 ἀγνοίας
1149 1466 1521 1542 προκάλυμμα,
1561 1465 1710 1536 τάχα
1749 1461 1843 1514 οὐκ

802 1559 1007 1634 ἐρεύνης
1066 1555 1126 1610 δε
1175 1558 1536 1632 προτεθείσης,
1591 1558 1681 1606 καὶ
1721 1571 1844 1627 τρα-

234 1660 335 1714 νῶς
383 1649 476 1704 διά
526 1670 581 1703 τε
627 1658 719 1710 τῆς
764 1649 920 1710 οἴλλης
965 1651 1111 1721 ἡμῶν
1159 1649 1295 1720 ἱερᾶς
1345 1652 1569 1720 Γραφῆς,
1613 1647 1703 1695 καὶ
1751 1641 1842 1694 αῦ-

236 1751 335 1804 τῆς
382 1738 448 1799 δὴ
503 1748 594 1800 τῆς
642 1746 910 1814 Κυριακῆς
956 1746 1120 1810 φωνῆς
1163 1735 1500 1808 ἐλεγχθείσης
1548 1734 1766 1798 πλάνης,
1796 1731 1840 1784 εἰ
1876 1730 1920 1786 Β

236 1835 314 1903 μή
345 1832 528 1883 θᾶττον
571 1832 662 1902 μεν
701 1828 979 1882 ἀποσταῖεν
1011 1829 1080 1888 ὡς
1126 1829 1478 1898 ἒνησχαμένοι
1506 1831 1600 1885 τῆς
1644 1821 1839 1875 ἀτόπου

237 1917 446 1984 δόξης’
505 1921 686 1973 θᾶττον
758 1915 817 1972 δε
889 1925 992 1978 τοῖς
1042 1917 1206 1992 ὀρθῶς
1255 1912 1696 1986 ἐπιδεδειγμένοις
1751 1917 1841 1964 καὶ

235 2011 566 2085 προτεθεῖσιν
633 2008 1044 2081 ἕπασμενίσειεν,
1130 2007 1201 2068 εἰς
1296 2007 1423 2062 ὅσην
1492 2005 1541 2056 οἰ
1613 2010 1841 2056 τοιοῦτοι

237 2102 624 2172 καταφέρονται
669 2096 1010 2170 βλασφημίαν
1047 2113 1058 2125 ⁶
1089 2097 1220 2156 ὅσης
1251 2091 1310 2147 δε
1347 2089 1644 2153 καταδίκης
1689 2093 1842 2144 ὑπευο

239 2192 430 2250 θύνους
459 2187 675 2249 ἑαυτοὺς
702 2185 1072 2259 ἀποφαίνουσι,
1126 2184 1220 2236 κᾶν
1255 2180 1444 2256 μηδεὶς
1485 2181 1840 2256 ἀνακηρύττη,

236 1564 304 1616 ἂν
345 1562 561 1637 προξενὴ
573 1579 704 1613 σειεν
737 1577 748 1589 ·

237 2275 565 2336 κατάδηλον.
624 2278 991 2330 Ἐκπεσοῦνται
1037 2278 1137 2349 γὰρ
1191 2277 1318 2346 μετά
1373 2280 1472 2325 τῶν
1513 2271 1674 2324 ἄλλων
1716 2269 1841 2342 ἀγα-

241 2371 368 2430 θῶν,
420 2372 510 2419 καὶ
553 2374 645 2419 τοῦ
697 2374 788 2426 τῆς
840 2363 1102 2426 εὐσεϐείας
1147 2367 1492 2436 φρονήματος,
1549 2365 1638 2412 καὶ
1683 2359 1843 2412 αὐτοῦ

241 2464 337 2509 τοῦ
399 2457 534 2508 θείου
597 2458 907 2527 Πνεῦματος,
970 2457 1038 2515 ὡς
1091 2459 1438 2514 ταπεινοῦντες
1494 2455 1552 2504 1'0
1613 2457 1841 2522 Πνεῦμα,

239 2546 329 2598 οἷα
359 2543 428 2606 δὴ
460 2545 514 2598 ἐκ
549 2554 639 2598 τοῦ
670 2547 792 2598 Υὶοῦ
843 2542 1240 2615 δογματίζοντες
1292 2541 1661 2615 ἐκπορεύεσθαι
1698 2563 1710 2574 ·
1755 2545 1844 2592 καὶ

240 2633 467 2708 δευτέρᾳ
490 2632 722 2708 προόδῳ,
773 2635 897 2687 αὐτὸ
948 2637 1038 2706 μὲν
1091 2633 1458 2702 ἐνυϐρίζοντες,
1501 2632 1846 2705 χλευάζοντες

242 2723 308 2778 δε
352 2731 444 2777 καὶ
477 2729 571 2784 τὴν
611 2730 736 2797 μίαν
790 2723 1114 2798 ἐκπόρευσιν.
1175 2731 1283 2784 Πῶς
1330 2727 1432 2796 γὰρ
1478 2724 1574 2776 οὐκ
1604 2724 1795 2775 ἄτοπον
1828 2742 1839 2754 ·

240 2813 436 2886 μᾶλλον
487 2810 565 2879 δε,
608 2822 717 2875 πῶς
747 2813 838 2866 οὐκ
886 2812 1119 2886 ἐσχάτης
1164 2811 1504 2886 βλασφημίας
1543 2811 1752 2884 πλῆρες,
1786 2814 1843 2863 1'0

240 2906 378 2978 πρός
441 2902 599 2961 αὐτὰς
663 2905 756 2965 τὰς
812 2905 1132 2964 Δεσποτικὰς
1188 2904 1353 2975 φωνὰς
1417 2901 1794 2974 ἀπομάχεσθαι
1827 2917 1839 2929 ’

241 2997 335 3044 καὶ
383 2999 445 3065 τῇ
489 2999 764 3065 πανταχοῦ
802 2995 1070 3067 κρατούσῃ
1107 3001 1203 3044 τῶν
1254 2991 1484 3064 μεγάλων
1525 2997 1613 3043 καὶ⁹
1655 2991 1844 3063 ἀρχιε-

237 3089 471 3155 ρατικῶν
503 3083 692 3150 θρόνων
718 3082 795 3155 (6)
827 3078 1124 3158 παραδόσει
1163 3101 1216 3134 τε
1251 3086 1339 3134 καὶ
1372 3077 1700 3152 διδασκαλίᾳ
1732 3078 1844 3133 ἀντ·
1886 3090 1924 3146 C

244 3173 630 3224 επανίστασθαι
659 3190 671 3240 ;

319 3475 394 3530 Δ’.
427 3479 527 3528 Καὶ
555 3477 656 3550 γὰρ
688 3478 769 3527 ἵνα
821 3478 942 3536 τοὺς
984 3477 1084 3549 πρὸ
1136 3475 1297 3527 αὐτοῦ
1328 3474 1484 3542 ἰάσω,
1519 3480 1608 3528 καὶ⁵
1655 3479 1796 3529 Λέων
1819 3475 1845 3527 0

242 3571 342 3626 τῆς
366 3564 567 3637 Ῥώμης
597 3563 890 3637 ἀρχιερεὺς,
925 3566 951 3616 ὃ
971 3583 1024 3617 τε
1053 3564 1292 3629 παλαιός,
1341 3569 1430 3616 καὶ
1475 3564 1628 3618 πάλιν
1660 3566 1685 3616 ό
1717 3567 1848 3637 μετά

244 3661 431 3706 τοῦτον
467 3657 576 3716 νέος
633 3657 794 3716 Λέων,
840 3656 906 3706 1'01
947 3653 1082 3706 αὐτά
1129 3661 1429 3727 φρονοῦντες
1474 3662 1536 3727 τῇ
1592 3654 1842 3727 καθολικῇ

245 3747 339 3796 καὶ
370 3741 688 3817 ἀποστολικῇ
724 3743 1030 3816 Ἐκκλησία,
1077 3748 1166 3796 καὶ
1210 3749 1320 3805 τοῖς
1349 3747 1448 3818 πρὸ
1479 3743 1648 3795 αὐτῶν
1679 3743 1848 3816 ἁγίοις

247 3831 580 3907 ἀρχιερεῦσι,
648 3837 738 3886 καὶ
785 3839 887 3894 τοῖς
923 3832 1286 3894 ἀποστολικοῐς
1340 3834 1696 3904 θεσπίσμασιν
1740 3836 1846 3886 ἑπι-

247 3917 568 3976 δείκνυνται.
609 3920 668 3975 Ὀ
708 3925 820 3996 μὲν,
862 3930 924 3995 τῇ
985 3924 1202 3997 τετάρτῃ
1237 3927 1327 3975 καὶ
1357 3921 1685 3994 οἰκουμενικῇ
1722 3921 1850 3996 ἁγίᾳ

1491 251 2002 312 EPISTOLARUM
2047 246 2266 306 LIBER
2305 245 2349 300 Ι.

3492 237 3606 292 798

1951 377 2126 448 plane
2158 373 2282 429 scio
2303 367 2612 443 quomodo
2629 381 2752 423 non
2771 381 2981 424 amaro
3003 364 3268 436 tristique
3289 362 3493 420 animo
3525 363 3610 416 di-

1950 480 2106 520 cam.
2125 463 2290 519 Velut
2313 473 2577 528 namque
2599 456 2920 511 Dominicaa
2947 470 3122 510 voces
3145 453 3285 523 ipsae
3310 467 3431 507 non
3453 451 3608 506 bene

1948 553 2254 616 haberent,
2284 553 2387 605 aut
2410 549 2494 602 eis
2520 545 2878 610 sufﬁcerent,
2914 544 3002 600 vel
3033 542 3260 598 nullam
3287 541 3532 596 Patrum
3555 543 3611 594 et

1950 640 2332 699 conciliorum
2357 635 2774 692 deﬁnitionum
2809 649 2878 688 ac
2906 633 3278 688 decretorum
3315 630 3610 684 rationem

1949 730 2256 794 haberent,
2283 740 2568 782 eorumve
2591 740 2658 778 eo
2701 723 2944 777 nomine
2971 720 3340 790 diligentiam
3367 731 3610 790 sperne-

1950 825 2100 884 rent,
2124 817 2310 874 autin
2340 813 2556 870 talibus
2583 827 2738 868 caeco
2785 809 2989 867 animo
3030 814 3252 870 essent.
3282 807 3377 862 vel
3408 804 3611 861 nescio

1949 905 2255 982 quomodo
2284 904 2420 978 quis
2446 902 2627 958 etiam
2663 900 2851 973 possit
2881 899 3082 970 eloqui
3117 915 3130 964 ;
3166 902 3347 968 atque
3376 895 3610 950 utinam

1951 1014 2060 1054 nec
2082 1013 2172 1053 res
2189 999 2363 1056 esset,
2384 991 2656 1065 pervenit
2678 989 2753 1045 ad
2779 993 3016 1045 nostras
3039 1002 3238 1051 aures,
3271 983 3436 1056 quod
3459 998 3612 1039 nono

1951 1087 2097 1144 nulli
2127 1081 2618 1147 Occidentalium,
2639 1079 2905 1134 divinum
2928 1094 2996 1134 ac
3013 1075 3460 1132 sanctissimum
3485 1073 3612 1144 Spi-

1951 1175 2131 1232 ritum
2161 1189 2283 1229 non
2309 1171 2503 1227 solum
2535 1185 2603 1224 ex
2634 1169 2753 1223 Deo
2795 1173 2850 1223 et
2881 1169 3070 1235 Patre,
3099 1180 3304 1220 verum
3331 1163 3510 1218 etiam
3540 1177 3612 1218 ex

1952 1265 2093 1321 Filio
2127 1261 2448 1336 procedere
2479 1275 2636 1315 novo
2666 1257 2946 1330 dogmate
2977 1254 3364 1312 introducunt
3407 1269 3420 1318 ;
3459 1252 3614 1306 mul-

1954 1360 2196 1426 tamque
2225 1351 2364 1406 inde
2389 1349 2610 1414 labem,
2658 1363 2764 1419 per
2817 1343 3190 1417 ejuscemodi
3221 1357 3452 1406 vocem,
3499 1340 3613 1396 illis

1951 1446 2170 1505 creant,
2201 1441 2302 1514 qui
2333 1439 2419 1495 eis
2458 1437 2710 1493 credunt
2765 1451 2834 1492 ac
2889 1438 3121 1506 parent.
3169 1431 3342 1498 Quod
3372 1446 3510 1487 vero
3541 1446 3615 1487 ex

1950 1546 2162 1588 eorum
2194 1535 2392 1586 mente
2417 1532 2524 1589 est,
2552 1525 2655 1598 qui
2683 1525 2766 1580 sic
2797 1522 3129 1580 inconsulte
3156 1525 3452 1592 occupata
3481 1519 3615 1590 opi-

1951 1621 2129 1676 nione
2149 1616 2367 1674 imbuti
2385 1621 2540 1680 sunt,
2555 1613 2664 1670 etsi
2682 1628 2983 1682 magnam,
3004 1615 3247 1683 propter
3262 1608 3614 1682 ignorantiae

1950 1714 2150 1768 tamen
2176 1707 2480 1778 objectum
2529 1704 2796 1759 velamen
2840 1701 3007 1757 haud
3041 1703 3274 1756 tantam
3321 1697 3409 1755 eis
3465 1697 3616 1754 forte

1949 1813 2172 1855 noxam
2195 1795 2514 1852 attulerint.
2542 1793 2851 1865 Proposita
2885 1806 3024 1846 vero
3051 1790 3356 1858 indagine,
3381 1802 3619 1843 eorum-

1948 1903 2067 1960 que
2098 1902 2293 1942 errore
2342 1900 2480 1940 cum
2525 1899 2594 1938 ex
2622 1882 2752 1938 aliis
2783 1879 2970 1935 sacris
3000 1878 3335 1950 Scripturis,
3371 1882 3496 1932 tum
3542 1891 3614 1931 ex

1948 1975 2083 2048 ipsa
2113 1975 2314 2046 utique
2349 1971 2658 2028 Dominica
2689 1985 2830 2024 voce
2861 1967 3086 2023 clarius
3134 1965 3469 2029 confutato,
3497 1965 3616 2020 nisi

1949 2063 2406 2137 quamprimum
2424 2060 2496 2116 ab
2511 2057 2861 2130 hujusmodi
2883 2055 3449 2128 absurdaopinione
3469 2053 3617 2109 resi-

1949 2153 2208 2227 puerint,
2241 2151 2527 2222 ociusque
2577 2147 2688 2214 his,
2717 2162 2854 2219 quas
2905 2146 3014 2201 rite
3061 2143 3319 2216 probata
3368 2147 3507 2196 sunt
3545 2157 3617 2198 ac

1952 2241 2260 2314 proposita
2273 2254 2395 2295 non
2416 2235 2838 2310 acquieverint,
2867 2234 2944 2290 ad
2965 2249 3150 2306 quam
3171 2230 3619 2303 blasphemiam

1952 2329 2296 2387 istiusmodi
2311 2327 2798 2401 prolabantur,ac
2810 2328 3053 2397 quantae
3067 2319 3469 2377 damnationis
3484 2335 3618 2376 reos

1953 2419 2177 2490 seipsos
2189 2417 2468 2480 efﬁciant,
2485 2415 2594 2471 etsi
2614 2413 2852 2470 nemine
2875 2411 3254 2485 praedicante,
3269 2408 3442 2481 plane
3455 2424 3618 2464 com-

1953 2513 2186 2582 pertum
2243 2513 2346 2562 est.
2409 2503 2690 2561 Excident
2741 2503 2900 2557 enim
2948 2516 3086 2556 cum
3118 2497 3364 2570 reliquis
3420 2497 3617 2563 bonis,

1953 2598 2132 2655 etiam
2162 2612 2198 2652 a
2227 2595 2464 2668 pietatis
2498 2610 2696 2658 sensu,
2730 2592 2983 2664 ipsoque
3031 2587 3244 2644 divino
3292 2586 3531 2658 Spiritu,
3557 2590 3623 2640 ut

1953 2687 2056 2760 qui
2076 2684 2324 2758 Spiritus
2347 2683 2615 2756 dignitati
2648 2681 2961 2738 detrahant
2988 2695 3003 2746 ;
3029 2678 3254 2751 quippe
3280 2676 3386 2748 qui
3418 2675 3620 2732 dicant

1952 2776 2120 2832 illum
2149 2791 2220 2830 ex
2242 2774 2388 2829 Filio
2415 2772 2756 2845 procedere,
2779 2770 3015 2842 aliaque
3041 2765 3418 2839 processione
3449 2780 3462 2832 ;
3493 2769 3616 2820 tum

1951 2865 2036 2922 illi
2087 2863 2516 2920 contumeliam
2574 2862 2927 2931 irrogantes,
2962 2863 3092 2913 tum
3148 2861 3204 2911 et
3254 2853 3616 2924 singularem

1954 2969 2260 3026 unamque
2281 2951 2720 3025 processionem
2749 2948 3009 3006 ostentui
3026 2946 3330 3003 habentes.
3357 2945 3614 3010 Quomo.

1953 3043 2032 3100 do
2055 3043 2215 3099 enim
2237 3057 2356 3098 non
2381 3040 2706 3098 absurdum
2737 3054 2750 3106 ;
2784 3037 2875 3094 vel
2908 3036 3125 3110 potius,
3149 3033 3462 3106 quomodo
3494 3047 3619 3088 non

1953 3137 2233 3189 extremae
2265 3130 2511 3202 plenum
2560 3125 2947 3200 blasphemiae
2979 3127 3086 3190 est,
3121 3121 3442 3178 Dominicis
3472 3121 3618 3192 ipsis

1954 3219 2206 3277 vocibus
2237 3217 2542 3275 adversari
2569 3217 2597 3272 ‘I
2629 3213 2934 3272 traditioni
2959 3226 3203 3285 quoque
3244 3215 3302 3266 et
3328 3208 3616 3265 doctrinae

1953 3307 2259 3378 refragari,
2275 3323 2412 3379 qum
2427 3306 2648 3378 ubique
2661 3303 2826 3376 apud
2847 3315 3099 3373 magnas
3111 3299 3410 3372 primique
3425 3311 3620 3354 sacer-

1955 3397 2101 3454 dotii
2129 3397 2302 3452 sedes
2327 3393 2534 3466 viget?

2029 3487 2121 3542 lV.
2155 3491 2345 3558 Atque
2376 3489 2439 3541 ut
2468 3484 2564 3540 illo
2592 3481 2930 3555 superiores
2956 3479 3251 3545 omittam,
3287 3477 3469 3534 etiam
3503 3477 3619 3532 Leo

1959 3579 2266 3632 Romanus
2290 3574 2577 3646 pontifex,
2600 3578 2730 3630 tum
2754 3571 2974 3639 senior,
2995 3573 3242 3642 tumque
3266 3583 3492 3637 rursus,
3515 3565 3620 3638 qui

1959 3663 2128 3720 illum
2155 3667 2393 3718 secutus
2438 3668 2543 3729 est,
2581 3662 2694 3718 Leo
2728 3659 2953 3731 junior,
2980 3657 3192 3714 eadem
3234 3656 3450 3712 sentire
3476 3669 3618 3710 cum

1954 3752 2243 3810 catholica
2280 3757 2337 3807 et
2365 3751 2694 3822 apostolica
2725 3748 3000 3813 Ecclesia,
3030 3752 3086 3802 et
3119 3745 3342 3801 sanctis
3391 3744 3623 3816 episco-

1955 3841 2072 3914 pis,
2104 3840 2208 3912 qui
2239 3855 2342 3895 eos
2373 3842 2823 3910 praecesserunt,
2855 3852 2963 3892 nec
2994 3851 3115 3892 non
3148 3833 3495 3906 apostolicis
3523 3833 3625 3888 de-

1955 3928 2128 3984 cretis
2149 3925 2439 3992 assentiri,
2454 3930 2803 3983 noscuntur.
2822 3922 3045 3994 Nempe
3062 3921 3246 3994 prior,
3264 3921 3368 3994 qui
3390 3925 3622 3992 quartae

1856 4048 2086 4109 NOTAE.

249 4189 390 4256 quae
419 4171 1430 4256 tamen‘ejusinepta‘exaggerago,
1463 4175 1518 4226 et
1543 4185 1667 4256 qua
1680 4171 1855 4253 confi-
1892 4175 1938 4230 D
1969 4180 2179 4232 testate
2198 4174 2483 4256 fundata,
2516 4176 2709 4256 et‘per
2729 4170 2982 4256 aliarum
3013 4167 3289 4256 injuriam
3321 4170 3622 4249 provecta,

250 4251 461 4311 ciatur,

253 4320 490 4386 Evange

250 4389 518 4462 potuisse
545 4388 687 4462 addi
717 4387 1122 4462 esplicationis
1144 4404 1349 4453 causa,
1383 4395 1438 4443 et
1459 4387 1536 4462 ad
1558 4403 1745 4442 novos
1769 4403 1860 4442 er-

250 4458 420 4518 rores
433 4459 874 4525 convellendos,
903 4459 1270 4515 nisisumma
1291 4458 1613 4515 temeritate
1637 4465 1691 4513 et
1715 4474 1856 4514 con-

251 4536 486 4600 temptu
516 4531 855 4587 divinorum
874 4529 1710 4603 eloquiorum,quasiillasola
1735 4545 1857 4586 non

253 4603 610 4675 sufﬁcerent.
627 4603 1206 4675 Quodque_Romanus
1219 4602 1375 4675 ponti
1385 4602 1496 4665 fex,
1512 4602 1681 4658 etiam
1695 4607 1858 4658 extra

254 4674 578 4732 concilium
610 4673 879 4742 generale
902 4673 1124 4739 fecerit,
1167 4674 1310 4728 nihil
1344 4675 1580 4738 mirum,
1627 4690 1764 4728 cum
1804 4677 1861 4730 et

252 4747 386 4819 ipse
417 4746 680 4819 conciliis
693 4746 1070 4819 generalibus
1082 4745 1227 4819 quid
1246 4745 1634 4819 sanciendum
1658 4745 1860 4819 palam

253 4815 715 4892 praescripserit,
738 4815 1130 4892 regulamque
1150 4817 1418 4892 Patribus
1433 4815 1679 4892 dederit,
1700 4815 1856 4892 _1_1_tin

255 4887 430 4947 tertio
461 4887 750 4962 sextoque
782 4887 1110 4961 praesertim
1157 4888 1379 4962 liquet,
1405 4904 1539 4960 quas
1579 4887 1858 4944 ﬁdelibus

255 4963 546 5019 omnibus
581 4960 856 5016 maximae
885 4966 1024 5016 sunt
1048 4960 1440 5016 auctoritatis.

331 5034 412 5108 (ὁ)
465 5037 565 5086 Καὶ
596 5033 999 5108 *ἀρχιερατικῶν
1071 5034 1281 5104 θρόνων.
1348 5034 1662 5108 Romanus

257 5104 306 5160 si
329 5101 483 5185 bene
511 5101 1016 5185 reddidit'Metius,
1048 5101 1470 5185 πατριαρχιξιῷν,
1502 5101 1667 5185 quod
1712 5101 1859 5185 forte

258 5177 489 5238 melius,
513 5182 616 5248 aut
639 5177 846 5232 saltem
862 5171 1223 5248 expressius.
1245 5171 1324 5230 Ei
1344 5176 1434 5230 his
1445 5171 1602 5248 enim
1626 5171 1860 5248 potissi-

259 5247 670 5320 mumsedibus
683 5254 923 5320 propter
937 5244 1238 5320 primatum
1253 5247 1582 5320 sacerdotii,
1602 5244 1858 5320 petenda

256 5319 469 5388 regula
487 5318 623 5374 ﬁdei
646 5336 661 5388 ;
680 5317 782 5374 sed
797 5317 1108 5391 praecipue
1132 5335 1202 5374 ac
1223 5318 1508 5387 singulari
1525 5317 1856 5391 privilegio,

257 5408 295 5448 δ
320 5393 781 5464 Βοωᾶειειηουω
812 5389 1060 5464 reliquis
1085 5391 1305 5464 sapius
1326 5405 1489 5444 error
1508 5389 1855 5464 obrepserit,

257 5462 592 5536 praesertim
609 5461 1298 5536 Constantinopolitanae,
1323 5477 1456 5536 quae
1475 5476 1633 5536 nova
1647 5461 1855 5536 Roma,

259 5534 1098 5608 iecundamjactataseniore;
1114 5534 1246 5609 ipsa
1261 5534 1524 5591 seculari
1544 5534 1735 5605 potius
1757 5551 1861 5609 po-

493 4242 708 4371 prmter
753 4242 946 4326 prim'o
997 4244 1297 4326 traditam.
1325 4242 1506 4325 fidem
1548 4242 1641 4298 vel
1673 4244 1858 4326 sacris

519 4333 608 4371 ns.
625 4317 900 4371 veletiam
919 4316 1226 4371 Svmbolo.
1243 4315 1388 4371 [lth1
1417 4331 1520 4371 ner
1535 4313 1858 4371 Eccles1am

519 4316 608 4383 iis,
625 4313 900 4388 vele'tiam
919 4316 1226 4388 Symbolo,
1243 4315 1388 4371 nihil
1417 4313 1859 4388 perEcclesiam

1967 4264 2159 4320 quam
2193 4247 2408 4320 Christi
2436 4239 2805 4320 institutione
2835 4239 3287 4320 antapo'stolica
3372 4254 3492 4294 non
3519 4239 3624 4295 sic-

1970 4313 2034 4375 ut
2061 4320 2232 4375 sedes
2262 4318 2433 4382 Petri,
2464 4334 2648 4389 quam
2665 4315 2822 4370 fulsit
2848 4313 3053 4389 divina
3074 4313 3410 4386 promissio,
3435 4326 3624 4389 eaque

1967 4391 2294 4463 primatum
2316 4384 2569 4454 tenet,’ac
2587 4403 2775 4443 unum
2793 4387 2906 4463 sub
2919 4384 3149 4463 Christo
3161 4384 3622 4463 caputomnium

1971 4457 2385 4527 Ecclesiarum,
2429 4477 2605 4515 suum
2648 4459 2970 4530 praesulem
3008 4457 3237 4530 habet:
3297 4457 3622 4530 ineptique:

1970 4535 2226 4600 Photius,
2265 4526 2378 4605 qui
2414 4548 2544 4596 sua,
2576 4526 2915 4605 aliorumve
2941 4529 3326 4605 Orientalium
3376 4526 3625 4605 aucttori

1969 4611 2106 4672 tate,
2140 4597 2218 4662 ei'
2247 4597 2380 4661 velit
2433 4603 2816 4676 praescribere
2851 4619 2864 4656 :
2893 4601 3161 4676 falsoque
3211 4599 3322 4676 sibi
3377 4597 3628 4676 assumit

1967 4669 2198 4742 omnes,
2218 4677 2334 4750 qui
2385 4669 2708 4750 verborum
2760 4669 3208 4750 Dominicorurn
3241 4669 3628 4750 simplicitate

1967 4739 2268 4816 conten-ti:
2283 4747 2741 4819 explicationem
2777 4750 2980 4816 aperte
3002 4758 3124 4819 ngn
3155 4739 3440 4819 abjiciaht
3472 4757 3485 4795 :
3520 4739 3628 4819 mi:

1964 4810 2378 4893 rumque'nec:
2435 4835 2622 4893 unum
2667 4810 2930 4873 veterum
2985 4810 3625 4893 aﬂerre_potuisse',“vel

1966 4883 2261 4955 Photi'um,
2291 4890 2383 4946 vel
2431 4891 2578 4946 alios
2609 4904 2913 4958 sequaces,
2947 4886 3051 4958 qui
3085 4883 3356 4958 spiritum
3400 4900 3450 4958 a_
3483 4883 3628 4958 Filio

1966 4963 2350 5027 inﬁciaretur,
2392 4968 2494 5018 aut
2523 4978 2594 5017 ex
2624 4955 2754 5016 solo
2780 4963 2946 5015 Patre
2968 4955 3216 5021 diceret,
3249 4957 3360 5011 nisi
3394 4955 3498 5011 ubi
3533 4972 3628 5012 se-

1966 5035 2083 5090 mel
2121 5033 2325 5107 plagio
2354 5049 2568 5089 manus
2593 5031 2882 5107 sacrilega
2907 5029 3114 5107 saeviit,
3137 5044 3246 5107 nec
3277 5032 3476 5107 tamen
3505 5027 3631 5107 pla-

1967 5100 2142 5176 gium'
2166 5100 2445 5174 obtegere
2477 5104 2671 5176 potuit
2706 5120 2720 5170 ;
2754 5100 3171 5176 ut‘estauctor
3201 5100 3492 5169 Georgius
3520 5102 3629 5155 Me-

1967 5173 2210 5242 tochita,
2240 5173 2410 5244 cujus
2443 5173 2668 5232 utinam
2702 5190 2916 5230 aureos
2947 5173 3130 5230 libros
3156 5189 3192 5228 a
3223 5187 3318 5228 me
3351 5176 3627 5243 acceptos

1967 5250 2304 5321 evulgasset
2349 5247 2482 5321 Leo_
2512 5246 2778 5321 Allatius,
2821 5245 3055 5321 illisque
3084 5244 3362 5321 _tertiu_m‘
3397 5249 3626 5321 tomum

1967 5314 2207 5377 Grieciaa
2267 5318 2619 5376 Orthodoxm
2671 5314 3218 5386 primum'fecisse.
3260 5314 3426 5371 Dolet
3475 5319 3630 5370 certe

1967 5393 2112 5448 tanti
2145 5389 2504 5446 confessoris
2543 5389 3018 5445 lucubrationem
3049 5387 3234 5453 illam,
3269 5387 3489 5444 tuenda
3521 5388 3629 5441 Bo-

1968 5478 2154 5591 maiciia
2196 5467 2272 5589 ett
2301 5459 2628 5534 apostolica
2657 5461 2796 5530 ﬁde,
2823 5477 2936 5518 nec
2983 5462 3186 5516 Romm
3216 5458 3483 5516 invenire
3523 5457 3626 5529 qui

1968 5550 2080 5591 pro
2130 5549 2249 5591 uca
2278 5572 2291 5587 .

1968 5549 2291 5609 proaucat.
