4088 6214
483 166 586 223 799

1732 165 1964 221 PHOTII
2002 164 2486 225 PATRIARCHE
2524 169 2632 228 ΕΡ.
3705 184 3778 240 800

483 291 868 351 meumenicaa
909 294 1130 349 sancta
1189 290 1425 365 synodo
1482 291 1772 348 momenti
1805 289 2134 362 plurimum

2255 291 2453 381 συνόδῳ
2505 295 2696 358 πολλὴν
2754 303 3150 373 συνεισενεγκὼν
3205 305 3299 361 τὴν
3357 307 3685 377 συγκρότησιν
3710 310 3780 381 (⁸1),

485 382 696 447 attulit,
731 386 860 438 tum
898 398 1000 453 per
1029 395 1233 438 sacros
1263 381 1420 436 viros
1459 395 1613 453 quos
1643 396 1712 436 ex
1741 395 2000 452 persona
2030 396 2138 438 sua

479 471 711 542 legatos
771 471 1088 528 destinavit
1133 487 1204 526 ac
1240 470 1516 536 vicarios,
1546 475 1609 524 tu
1666 485 1772 540 per
1807 470 2136 542 epistolam,

483 576 608 634 qua
637 561 970 616 Nestorium
1003 563 1179 630 atque
1211 559 1512 631 Eutychen
1535 559 1893 630 prostravit:
1929 559 1986 615 in
2019 574 2140 632 qua

485 650 666 706 etiam
699 650 983 723 Spiritum
1015 656 1290 704 sanctum
1317 664 1390 704 ex
1407 651 1572 704 Patre
1595 649 1934 720 procedere,
1968 649 2141 720 juxta

490 740 802 812 superiora
822 739 1078 804 decreta,
1106 753 1229 794 non
1261 743 1462 794 autem
1486 754 1558 794 ex
1585 737 1752 804 Filio,
1777 737 2136 810 praedicavit.

561 941 622 993 V.
659 935 934 993 Similiter
959 950 1100 992 vero
1130 935 1310 992 etiam
1347 936 1459 992 Leo
1497 935 1698 1007 junior
1744 935 1956 1009 prioris
1987 935 2142 992 illius

489 1026 714 1083 nedum
747 1041 990 1090 nomen,
1020 1025 1124 1080 sed
1154 1029 1210 1080 et
1239 1041 1444 1096 parem
1495 1025 1671 1080 ﬁdem
1719 1026 1970 1097 adeptus
2000 1041 2012 1080 :
2045 1025 2142 1080 hic

489 1114 772 1171 nimirum
806 1131 819 1180 ;
848 1114 963 1178 hic,
992 1113 1264 1186 inquam,
1298 1114 1530 1184 pietatis
1559 1114 1786 1170 fervens
1812 1114 2139 1180 aemulator,

486 1209 550 1261 ut
571 1203 734 1260 nullo
757 1211 952 1277 pacto,
977 1202 1234 1259 barbaro
1257 1203 1539 1260 idiomate
1561 1204 1913 1260 intemerata
1929 1210 2142 1261 nostras

483 1293 626 1350 ﬁdei
653 1293 860 1362 regula
891 1297 1391 1365 corrumperetur,
1422 1295 1622 1350 Graeca
1655 1293 1878 1364 lingua,
1904 1297 1969 1348 ut
2009 1296 2064 1349 et
2109 1308 2144 1349 a

484 1383 778 1456 principio
809 1381 1032 1438 dictata
1065 1381 1251 1438 fuerat
1275 1387 1454 1455 atque
1487 1383 1656 1448 lecta,
1681 1399 1787 1454 per
1817 1398 1950 1438 eam
1983 1382 2145 1440 Occi-

485 1469 826 1527 dentalibus
871 1470 1240 1526 laudandam
1290 1486 1359 1526 ac
1386 1470 1838 1542 praedicandam
1879 1471 2139 1527 divinam

487 1566 883 1632 sanctamque
897 1559 1240 1615 Trinitatem
1261 1559 1516 1615 tradidit.
1543 1563 1741 1633 Neque
1764 1559 1822 1615 id
1847 1560 2026 1616 verbo
2051 1577 2144 1616 so.

484 1649 610 1706 lum
639 1666 707 1706 ac
727 1649 1020 1720 jussione,
1038 1663 1243 1704 verum
1261 1649 1438 1705 etiam
1464 1649 1831 1721 quibusdam
1852 1649 2143 1705 ancilibus
2176 1647 2220 1702 Β
2253 1641 2502 1710 τάγματι,

486 1738 650 1794 velut
699 1737 880 1794 titulis
921 1737 1338 1794 columnarum
1372 1754 1535 1794 more
1566 1738 1918 1804 inscribens,
1947 1738 2145 1810 obque

492 1827 765 1884 omnium
797 1843 1026 1898 ponens
1058 1827 1284 1893 oculos,
1317 1827 1394 1883 ad
1439 1827 1592 1883 fores
1619 1827 1879 1884 ecclesiae
1909 1826 2093 1883 afﬁxit
2127 1843 2140 1884 ε

491 1931 613 1988 quo
645 1915 913 1971 videlicet
937 1916 1160 1970 cunctis
1184 1913 1372 1980 facile,
1401 1915 1684 1988 nullaque
1715 1915 2147 1988 depravatione

491 2003 674 2060 ﬁdem
707 2005 1013 2060 addiscere
1045 2005 1284 2075 liceret;
1319 2021 1428 2060 nec
1459 2021 1716 2077 usquam
1748 2005 1843 2061 via
1877 2010 2028 2061 esset
2052 2021 2148 2062 oc-

493 2092 666 2149 cultis
687 2093 983 2164 ejusmodi
1009 2093 1508 2166 depravatoribus
1532 2109 1602 2149 ac
1620 2109 1914 2150 vanarum
1941 2094 2143 2150 doctri-

489 2197 706 2239 narum
734 2183 1074 2239 auctoribus
1092 2183 1470 2239 adulterandi
1495 2187 1761 2239 nostram
1784 2183 2146 2238 Christiano-

489 2285 625 2327 rum
669 2270 874 2337 ﬁdem,
928 2271 1297 2344 alteramque
1354 2277 1566 2344 praster
1605 2272 1858 2327 Patrem.
1898 2272 2147 2344 Spiritus

490 2377 758 2431 causam,
791 2360 997 2416 Filium
1019 2360 1337 2416 invehendi
1363 2381 1374 2426 ;
1405 2361 1506 2433 qui
1536 2361 1662 2432 pari
1687 2361 1934 2428 honore,
1965 2377 2087 2434 quo
2111 2378 2146 2418 a

489 2449 660 2504 Patre
684 2449 858 2504 Filius
888 2451 1122 2520 genitus
1156 2455 1265 2515 est,
1301 2464 1336 2504 a
1376 2448 1538 2504 Patre
1572 2448 1856 2520 procedit.

563 2537 651 2591 Vl.
698 2539 896 2608 Neque
936 2536 996 2591 hi
1029 2537 1149 2592 duo
1175 2537 1370 2592 solum
1402 2537 1461 2592 in
1494 2537 1806 2594 Occidente
1833 2538 2142 2610 quondam

492 2626 779 2681 micantes
811 2625 1031 2680 sacrati
1053 2624 1182 2690 viri,
1218 2626 1294 2681 ab
1325 2625 1490 2682 omni
1521 2625 1851 2682 immunem
1885 2627 2144 2684 novitate

490 2715 770 2787 pietatem
811 2721 1120 2770 servarunt
1151 2714 1294 2787 (non
1335 2715 1495 2771 enim
1527 2715 1609 2771 sic
1641 2715 1747 2771 rati
1787 2716 1846 2772 in
1889 2716 2144 2773 Ecclesia

492 2803 855 2861 Occidentali
884 2803 1037 2859 sacri
1056 2819 1362 2877 praecones
1381 2809 1560 2876 atque
1585 2804 1885 2876 doctores)
1911 2822 2141 2873 verum,

490 2894 673 2950 etiam
704 2893 851 2949 alius
875 2908 1085 2948 eorum
1111 2909 1231 2950 non
1254 2893 1422 2950 facile
1446 2893 1834 2950 numerabilis
1860 2901 2048 2951 costus
2075 2911 2144 2950 ac

2249 379 2344 436 διά
2372 404 2426 437 τε
2455 393 2554 438 τῶν
2585 388 2657 450 εἰς
2693 393 2973 462 πρόσωπον
3022 391 3184 443 αὐτοῦ
3228 392 3505 445 σταλέντων
3557 397 3684 466 ἱερῶν
3722 398 3783 450 ἁν-

2251 469 2408 548 δρῶν,
2460 480 2549 528 καὶ
2599 473 2692 530 διὰ
2745 486 2840 541 τῆς
2887 479 3082 540 οἰκείας
3140 480 3463 544 ἐπιστολῆςο
3515 479 3581 536 δι’
3631 487 3684 547 ἧς
3723 495 3787 540 καί

2248 567 2524 636 Νεστὸριος
2563 570 2652 617 καὶ
2701 567 2946 639 Εὐτυχὴς
2998 568 3408 627 καταϐέϐληνται
3441 587 3453 599 ’
3482 570 3528 623 ἓν
3631 579 3702 625 καὶ
3744 580 3786 628 τὸ

2252 657 2458 724 Πνεῦμα
2505 657 2563 706 τὸ
2594 656 2740 726 ἅγιον
2771 655 2825 708 ἐκ
2876 664 2968 708 τοῦ
3001 662 3206 731 Πατρὸς
3249 661 3382 711 κατὰ
3411 663 3498 721 τὰς
3541 665 3633 732 πρὸ
3667 664 3789 716 αὐτοῦ

2253 739 2538 805 συνοδικὰς
2583 743 2792 816 ψήφους
2824 761 2836 774 ⁸
2871 744 2976 798 ἀλλ’
3023 747 3153 818 οὐχὶ
3181 752 3271 800 καὶ
3300 747 3352 800 ἐκ
3382 756 3470 802 τοῦ
3499 751 3617 803 Υἱοῡ
3647 749 3786 810 ἀνεκή-

2239 825 2430 906 ρυττεν
2461 832 2851 908 ἐκπορεύεσθαι.

2323 921 2400 978 Ε’.
2429 920 2694 985 Ὡσαύτως
2725 920 2784 977 δὲ
2815 930 2906 977 καὶ
2945 927 2970 978 ὁ
2995 932 3420 1000 μεταγενέστερος
3459 933 3611 996 Λέων,
3658 931 3680 982 ὁ
3725 937 3793 990 τὴν

2250 1015 2428 1063 πίστιν
2458 1013 2631 1087 ὥσπερ
2661 1017 2752 1072 την
2791 1013 2975 1074 κλῆσιν
3018 1014 3294 1088 ἐφάμιλλος
3323 1038 3336 1050 ο
3367 1015 3515 1081 οὗτος
3561 1015 3644 1090 δὴ,
3680 1021 3797 1084 οὗτος

2251 1101 2277 1152 ὀ
2304 1109 2394 1160 τῆς
2425 1101 2684 1165 εὐσεϐείας
2733 1105 2914 1176 θερμὸς
2966 1105 3219 1172 ζηλωτὴς,
3273 1110 3340 1169 ὡς
3370 1106 3430 1158 ἂν
3468 1110 3596 1160 κατὰ
3631 1105 3798 1180 μηδένα

2252 1194 2439 1263 τρόπον
2485 1188 2746 1264 μηδαμῶς
2787 1197 3256 1268 παραχαράττοιτο
3313 1195 3558 1270 βαρϐάρῳ
3615 1199 3792 1271 γλώσσῃ

2252 1282 2310 1332 τὸ
2359 1281 2622 1355 ἄχραντον
2667 1283 2811 1354 ἡμῶν
2857 1291 2946 1344 τῆς
2990 1283 3248 1346 εὐσεϐείας
3300 1288 3538 1358 μαθημα,
3578 1285 3798 1345 Ἑλληνίδι

2253 1377 2416 1441 φωνῇ’,
2465 1372 2636 1446 ὥσπερ
2688 1368 2755 1430 δὴ
2794 1377 2883 1425 καὶ
2925 1374 3040 1426 κατ’
3063 1374 3233 1447 ἀρχὰς
3264 1378 3468 1448 εἴρηται
3513 1376 3607 1447 (8),
3640 1384 3732 1436 τοῖς
3763 1375 3798 1427 ἰν

2253 1467 2314 1531 τῇ
2358 1465 2512 1512 Δυσει
2539 1456 2611 1512 δι’
2641 1460 2800 1514 αὐτοῦ
2833 1459 3123 1534 δοξολογείν
3163 1469 3254 1517 καὶ
3283 1465 3530 1536 θεολογείν
3565 1470 3652 1523 τὴν
3679 1464 3799 1535 ἁγίαν

2251 1546 2459 1623 Τριάδα
2500 1547 2864 1622 παραδέδωκε.
2925 1557 3027 1606 Καὶ
3079 1552 3138 1604 οὗ
3167 1552 3304 1625 λόγῳ
3357 1559 3508 1626 μόνον
3561 1558 3641 1606 καὶ
3675 1573 3799 1627 προσ-

2589 1639 2717 1692 ἁλλὰ
2799 1646 2885 1694 καὶ
2975 1643 3176 1714 θυρεοῖς
3264 1663 3376 1696 τισι
3463 1647 3797 1714 πεποιημένοις,

2255 1729 2428 1800 ὥσπερ
2475 1728 2692 1791 στήλαις
2737 1735 2874 1782 τισὶν
2914 1729 3346 1805 ἀναγραψάμενος
3387 1751 3439 1785 τε
3485 1737 3568 1785 καὶ
3608 1733 3671 1795 εἰς
3709 1731 3799 1802 ὄψιν

2255 1816 2492 1868 ἁπάντων
2548 1820 2777 1892 προθεὶς,
2848 1823 2982 1872 κατὰ
3033 1823 3127 1882 τὰς
3206 1821 3368 1882 πύλας
3433 1829 3524 1884 τῆς
3570 1821 3800 1881 ἐκκλησίας

2255 1907 2576 1978 προσέπηξεν
2611 1929 2623 1941 ο
2648 1910 2717 1968 ὡς
2747 1907 2805 1960 ἂν
2852 1915 3012 1962 πᾶσιν
3044 1913 3120 1968 εἴη
3183 1907 3371 1985 ῥᾴδίον
3413 1931 3466 1964 τε
3518 1916 3602 1963 καί
3641 1909 3801 1968 auexi-

2255 1997 2429 2050 λευτον
2497 2001 2827 2070 ἐκμανθάνειν
2887 2003 2981 2059 τὴν
3055 1999 3316 2054 εὐσέϐειαν
3354 2020 3366 2033 ·
3413 2006 3500 2054 καί
3547 1998 3800 2074 μηδαμόθεν

2257 2095 2366 2150 τοῖς
2395 2092 2631 2160 κρυφίοις
2677 2091 3119 2162 παραχαράκταις
3163 2095 3253 2142 καὶ
3301 2090 3588 2161 κενολογοις
3613 2091 3682 2160 (9)
3706 2090 3799 2161 μέθ-

2257 2173 2380 2238 οδος
2447 2179 2523 2234 εἴη
2572 2174 2897 2234 κιϐδηλεύιιν
2951 2179 3094 2249 ἡμῶν
3147 2187 3247 2230 τῶν
3279 2187 3601 2254 Χριστιανῶν
3629 2183 3708 2236 τὴν
3743 2176 3800 2229 r3-

2259 2265 2459 2320 σέϐειαν
2493 2287 2505 2300 ο
2530 2271 2620 2318 καὶ
2681 2263 2916 2341 δεύτερον
2957 2271 3122 2320 αἴτιον
3175 2268 3407 2340 εἰσάγειν
3455 2270 3591 2343 παρὰ
3624 2270 3697 2320 τόν
3724 2272 3801 2318 [ια-

2255 2361 2379 2430 τέρα
2415 2361 2503 2409 τόν
2543 2360 2681 2421 Υίόν,
2725 2365 2818 2410 τοῦ
2873 2359 3133 2429 ὁμοτίμως
3161 2366 3230 2428 τῷ
3284 2360 3574 2430 γεννηθέντι
3620 2359 3708 2427 Υἱῷ
3759 2354 3798 2406 ἐκ

2255 2454 2346 2498 τοῦ
2381 2449 2584 2518 Πατρός
2609 2445 3009 2521 ἐκπορευομένου
3044 2450 3363 2519 Πνεύματος.

2325 2528 2418 2601 ς’.
2455 2536 2558 2589 Καὶ
2589 2535 2694 2607 οὐχ
2726 2537 2755 2594 ἠ
2785 2531 2916 2597 δυὰς
2949 2535 3080 2594 αὕτη
3113 2541 3266 2608 μόνον
3301 2546 3404 2588 τῶν
3451 2539 3587 2610 ἱερῶν
3617 2530 3797 2608 ἀνδρῶν,

2253 2629 2388 2677 κατὰ
2434 2629 2527 2683 τὴν
2568 2626 2725 2677 Δύσιν
2776 2620 3202 2697 διαλαμψάντων,
3235 2631 3330 2684 τὴν
3365 2625 3614 2679 εὐσέϐειαν
3641 2623 3799 2675 ἆκαινο-

2251 2719 2474 2786 τὸμητον
2529 2711 2851 2767 διεσώσαντο
2911 2714 3042 2786 (οὐχ
3103 2715 3237 2767 οὕτω
3325 2715 3562 2777 σπανίζει
3611 2715 3802 2788 κηρύκων

2254 2805 2558 2879 ἑσπερίωνῆ
2622 2803 2952 2876 Ἐκκλησία),
3011 2803 3138 2856 ἀλλὰ
3189 2809 3281 2857 καὶ
3347 2805 3501 2867 ἄλλος
3544 2807 3687 2878 χορὸς
3732 2800 3803 2852 οὐκ

2253 2894 2617 2967 εὐαρίθμητος
2669 2895 2718 2945 οἱ
2769 2895 2998 2968 καθάπερ
3057 2894 3234 2966 οἰκροις
3265 2901 3379 2957 τοῖς
3437 2894 3696 2966 εἰρημένοις
3739 2887 3802 2940 ἂν·

489 2982 730 3049 chorus,
761 2983 864 3056 qui
913 2982 1048 3052 illis,
1081 2999 1237 3056 quos
1287 2983 1584 3047 dicebam,
1619 2983 1776 3049 viris,
1814 2985 1990 3056 quasi
2048 3000 2145 3040 ex-

2257 2980 2420 3058 δράσι
2473 2981 2872 3056 ἐμπεριέχονταί
2920 3001 2972 3035 τε
3017 2988 3106 3034 καὶ
3167 2982 3585 3056 συνεκλάμπουσι
3628 2985 3707 3038 τὴν
3738 2977 3801 3030 εὖ·

489 3072 692 3129 tremis
708 3073 1080 3145 summisque
1096 3072 1400 3144 interjecti,
1417 3073 1542 3144 pari
1559 3073 1791 3145 pietatis
1808 3072 1936 3129 luce
1951 3073 2144 3146 splen-

487 3162 759 3218 descunt.
782 3163 929 3218 Cum
947 3161 1125 3232 igitur
1143 3162 1398 3218 Ecclesia
1416 3165 1684 3218 Romana
1707 3179 1826 3219 una
1851 3178 1988 3218 cum
2017 3162 2144 3219 aliis

487 3253 747 3322 quatuor
778 3249 953 3321 primi
987 3250 1292 3306 sacerdotii
1325 3249 1570 3306 sedibus
1604 3251 1817 3306 eadem
1847 3252 2061 3307 sentiat
2090 3256 2146 3307 et

487 3337 875 3403 conﬁteatur;
906 3342 962 3392 et
991 3337 1051 3393 in
1081 3343 1248 3410 petra
1281 3339 1599 3394 verborum
1634 3340 1865 3394 Domini
1896 3339 2146 3396 fundata

485 3425 559 3480 sit
585 3431 767 3497 atque
793 3424 1032 3482 firmata
1053 3442 1123 3482 ac
1145 3427 1410 3483 radicata
1433 3426 1688 3482 Ecclesia
1710 3426 1939 3498 (contra
1960 3443 2140 3500 quam

2257 3072 2477 3126 σέϐειαν.
2530 3071 2682 3124 Οῦτω
2707 3080 2832 3143 γοῦν
2890 3079 2984 3132 τῆς
3043 3071 3341 3144 Ῥωμαῖκῆς
3392 3072 3682 3132 Ἐκκλησίας
3717 3067 3804 3138 (10)

2255 3170 2364 3224 τοίς
2415 3161 2586 3224 ἄλλοις
2640 3166 2926 3235 τέσσαρσιν
3003 3160 3403 3235 ἀρχιερατικοῖς
3470 3165 3653 3236 Θρόνοις
3706 3174 3805 3226 συμ-

2256 3253 2528 3324 φωνούσης
2571 3270 2624 3304 τε
2672 3256 2760 3303 καὶ
2812 3249 3237 3322 ἀνομολογούσης
3270 3273 3281 3284 ·
3325 3256 3419 3304 καὶ
3477 3251 3523 3303 ἐν
3581 3256 3636 3321 τῇ
3678 3249 3804 3317 πέτρᾳ

2255 3348 2353 3392 τῶν
2386 3347 2710 3393 Δεσποτικῶν
2742 3338 2990 3414 ῥημάτων
3049 3335 3389 3412 ἐνιδρυμένης
3436 3360 3488 3394 τε
3533 3344 3614 3392 καὶ
3663 3352 3800 3405 στηριτ

2259 3430 2477 3502 ζομένης
2530 3437 2622 3492 τῆς
2655 3429 2666 3450 ⁹
2699 3429 2991 3490 Εκκλησίας
3040 3428 3179 3501 (καθ’
3211 3429 3271 3491 ἧς
3318 3426 3446 3482 οὐδὲ
3491 3428 3642 3489 πύλας
3681 3421 3800 3506 ᾅδουν

2082 3539 2125 3593 Ν
2133 3537 2305 3594 ΟΤΙΕ.

577 3639 655 3710 (7)
749 3643 1148 3715 Συνεισενεγκών
1248 3644 1351 3715 τὴν
1430 3645 1805 3715 συγκρότησιν.
1897 3643 2150 3698 Multum

489 3711 798 3790 augmenti
843 3713 1394 3790 opisque_qor_21ulit.
1432 3711 1578 3769 Nam
1633 3714 1794 3790 Suid.
1853 3723 2146 3790 συγκροτεῖ,

490 3781 652 3858 αὔξει,
705 3781 1048 3858 συμπράττει,
1083 3785 1339 3858 Multam
1371 3787 1734 3858 monumenti
1763 3781 1964 3843 attulit
1990 3781 2016 3841 ἐ
2050 3787 2148 3842 illo

491 3854 817 3927 conﬂand'o
840 3854 1062 3911 multus
1087 3856 1215 3922 fuit,
1237 3855 1485 3927 ejusque
1511 3856 1974 3923 definitionibus,
2001 3874 2071 3914 ac
2099 3859 2147 3912 si

489 3926 640 3999 quid
671 3927 961 4002 ejusmodi
1017 3943 1132 3983 vox
1183 3926 1608 4002 «ay-ipsasad
1640 3930 2016 4000 propositum
2045 3946 2150 4002 p07

492 4002 602 4055 test
623 3999 875 4070 exponi:
919 4014 1040 4055 non
1089 4000 1254 4070 quod
1284 3999 1706 4055 redditMetius
1748 3999 1914 4056 extra
1960 3999 2148 4057 Photii

492 4085 756 4137 sensum,
791 4071 1011 4128 Multas
1059 4071 1262 4128 laudes
1306 4078 1387 4127 est
1434 4079 1773 4128 assecutus:
1818 4071 1925 4128 etsi
1987 4073 2146 4128 enim

490 4141 667 4216 valde
689 4141 969 4216 laudatus
994 4142 1286 4216 inquarta
1314 4143 1550 4216 synodo
1585 4143 1698 4199 Leo
1725 4143 1852 4216 fuit,
1897 4144 2148 4216 ejusque

491 4213 866 4285 epistolapad
911 4213 1283 4277 Flavianum,
1319 4213 1462 4269 nihil
1496 4220 1695 4270 tamen
1745 4213 1982 4271 Photids
2014 4213 2149 4272 eam

493 4283 738 4340 arcessit
763 4283 1024 4352 laudem,
1058 4285 1163 4340 sed
1183 4285 1302 4340 vim
1330 4286 1522 4356 ipsam
1539 4286 1823 4342 doctrinae
1842 4303 1910 4342 ac
1926 4295 2146 4342 rectam

491 4356 848 4430 ﬁdem,quia
877 4357 1034 4412 idem
1073 4358 1182 4430 Leo
1211 4357 1706 4430 synodqpraeivit,
1731 4375 1984 4430 eamque
2011 4375 2150 4415 con-

492 4426 777 4484 stabiliv'it
823 4433 1000 4501 atque
1068 4426 1361 4483 instruxit.
1416 4426 1592 4501 illud,
1635 4433 1724 4501 καὶ
1781 4426 1908 4501 οὐχῖ
1960 4429 2014 4482 ἐκ
2057 4438 2147 4483 τοῦ

493 4503 638 4568 Tim),
671 4500 860 4557 Photii
891 4499 1191 4570 glossema
1218 4505 1323 4564 est,
1357 4499 1670 4555 adversum
1705 4499 1913 4556 Leonis
1943 4503 2144 4568 menti,

493 4573 596 4656 qui
626 4590 698 4656 ex
740 4577 993 4656 utroque
1027 4571 1228 4656 palam
1260 4571 1539 4656 Spiritum
1590 4572 1712 4656 suis
1743 4572 2147 4656 agilispanos

490 4643 694 4700 litteris
726 4643 1037 4716 professus
1060 4649 1148 4700 est
1199 4661 1210 4700 :
1246 4643 1353 4700 etsi
1397 4643 1458 4698 in
1491 4644 1725 4715 synodo
1775 4643 1981 4700 Filium
2026 4661 2148 4702 non

494 4718 798 4771 exoressit.

565 4731 876 4861 ὣῖθξίῗὲττερ
944 4784 1008 4847 δὴ
1083 4785 1198 4840 κατ’
1252 4785 1430 4861 ἀρχὰ-ς
1469 4789 1692 4861 εἴρηται.
1763 4787 2057 4854 Quomodo
2113 4802 2151 4843 a

491 4856 778 4931 pﬁnpipio
804 4856 1055 4925 dictata,
1089 4856 1470 4931 atque'edita
1498 4856 1640 4931 ﬁdei
1668 4862 1906 4931 regula.
1941 4862 2011 4911 Τὸ
2057 4867 2151 4920 τῆς

494 4926 1055 5002 ειξσεϐείαςλμάθημα,
1123 4926 1346 5001 Nempe
1396 4926 1774 5002 Symbolum.
1811 4930 2148 4986 CPlitanum

495 4997 592 5073 Sic
622 5014 742 5073 non
776 4997 926 5073 bene
963 4997 1202 5067 'Metius,
1239 4997 1307 5060 Ut
1357 4997 1528 5058 initio
1574 5003 1791 5058 dictum
1819 5007 1902 5059 est
1932 5021 1946 5071 ;
1977 5003 2148 5073 quasi

494 5071 622 5142 ejus
647 5070 869 5142 aliquid
893 5079 1066 5129 antea
1097 5075 1341 5129 Photius
1371 5073 1759 5130 meminisset.
1789 5076 1895 5129 Leo
1919 5070 2027 5129 iste
2049 5089 2152 5128 an-

493 5141 784 5223 tiquitatis
844 5148 1031 5223 tenax,
1064 5145 1666 5223 cogentibusﬁallis,
1707 5152 1767 5223 ut
1823 5146 1985 5223 quod
2034 5145 2150 5215 ipsi

493 5213 748 5288 aliaeque
773 5219 974 5288 gentes
1002 5231 1036 5269 a
1065 5217 1329 5272 Romana
1355 5217 1492 5273 sede
1521 5213 1918 5288 accepissent,
1949 5213 2150 5272 Romae

494 5284 767 5359 symbolo
791 5285 969 5340 inseri
990 5301 1058 5340 ac
1088 5288 1399 5359 praedicari
1431 5284 1680 5354 iuberet,
1713 5288 1936 5344 fortiter
1967 5288 2151 5344 obsti-

493 5356 581 5432 tit,
600 5371 832 5432 negans
859 5372 1098 5432 omnem
1124 5356 1303 5432 ﬁdem
1325 5365 1502 5432 atque
1515 5361 1850 5416 doctrinam
1873 5359 2152 5432 symbolo

494 5428 882 5486 inserendam
919 5447 932 5497 ;
966 5428 1071 5484 sed
1105 5429 1247 5484 satis
1280 5428 1502 5488 esse'ut
1524 5438 1722 5489 mente
1751 5428 2035 5499 teneatur,
2072 5431 2154 5488 uti

497 5502 628 5579 ipse
683 5500 924 5558 tenebat
975 5516 1046 5556 ex
1077 5500 1378 5573 majorum
1421 5504 1669 5568 ratione,
1701 5519 1829 5560 esse
1869 5504 2154 5578 Spiritum

2260 3646 2533 3716 sanctum
2549 3641 2730 3698 etiam
2749 3657 2818 3698 ex
2832 3641 2998 3698 Filio.
3012 3641 3466 3716 Metuebatforte
3477 3637 3802 3716 Orientalium

2258 3714 2676 3779 offensionem,
2709 3730 2891 3786 quam
2919 3730 3027 3769 nec
3055 3731 3126 3770 ea
3143 3714 3583 3786 dispensatione
3598 3709 3803 3786 Ecclesia

2259 3787 2529 3841 Romana
2551 3783 3025 3857 vitare'potuit,et
3043 3792 3103 3840 ut
3134 3783 3804 3857 Schismaticorumlivore

2258 3858 2472 3913 erroris
2503 3857 2560 3911 in
2601 3856 2720 3910 ﬁde
2743 3856 2810 3913 ea
2827 3863 2990 3928 parte
3005 3873 3123 3912 non
3147 3865 3473 3927 notaretur,
3495 3856 3675 3912 Photio
3687 3865 3801 3928 prm-

2260 3930 2458 3984 sertim
2484 3933 2725 4000 auctore
2758 3944 2770 3984 :
2813 3926 2993 4000 quem
3015 3929 3345 4000 majoribus
3381 3926 3587 3986 animis
3614 3926 3802 4000 secuth

2258 3999 2497 4058 Michael
2517 3993 2870 4072 Cerularius,
2895 4001 3020 4071 pari
3051 3993 3178 4072 ipse
3198 4001 3404 4068 livore,
3427 3995 3725 4057 insanabile
3740 3993 3802 4046 di-

2259 4073 2504 4128 vortium
2538 4071 2688 4126 fecit.

2330 4144 2407 4214 (9)
2462 4148 2562 4196 Καὶ
2634 4140 2942 4213 κενολὸγοις.
2987 4143 3148 4212 Legit
3209 4145 3412 4200 Mettus
3488 4139 3800 4214 nimie-1M"

2256 4213 2662 4272 novatoribus:
2693 4214 3040 4270 utietiamin
3067 4213 3261 4278 Paulo.
3284 4216 3308 4270 l
3329 4216 3562 4279 Tim,vt,
3583 4213 3802 4272 to,varia

2257 4285 2429 4342 lectio
2455 4291 2542 4341 est
2570 4301 2583 4340 :
2614 4300 2722 4340 nec
2755 4284 2843 4340 vel
2871 4287 3129 4356 antiquis
3155 4293 3406 4354 certum,
3441 4293 3622 4342 utrum
3643 4282 3803 4356 legen-

2257 4359 2404 4414 dum
2449 4357 2542 4422 Sit,
2575 4359 2664 4417 τὰς
2693 4356 2938 4429 βεϐήλους
2982 4353 3305 4428 κενοφωνίας,
3345 4365 3409 4414 ut
3440 4359 3608 4429 modo
3637 4353 3802 4429 Grmca

2257 4429 2503 4495 habent,
2541 4445 2616 4484 an
2647 4426 3007 4502 adivepwvieg,
3047 4426 3128 4502 Aut
3177 4429 3327 4502 legit
3371 4430 3537 4498 Vulg.
3575 4426 3800 4491 favetque

2259 4502 2465 4576 Chrys.
2497 4501 2660 4576 quod
2681 4499 2834 4576 alias
2865 4505 2942 4563 τὸ,
2968 4499 3259 4576 βεϐήλους
3283 4501 3567 4576 videretur
3600 4505 3793 4576 vacare.

2260 4560 2416 4649 Sane
2441 4560 2733 4649 quidquid
2763 4560 2939 4649 κενὸν(
2958 4560 3647 4649 uacuum,'inane,_i_psnm
3673 4560 3802 4647 ﬁttin-

2256 4645 2340 4698 λον
2380 4639 2988 4715 (ἱᾶεεὶξρτοίιιηυω)
3017 4660 3139 4700 non
3171 4645 3312 4700 item
3352 4639 3798 4718 quidquidxawév.

2257 4718 2316 4772 id
2356 4724 2444 4771 est
2473 4731 2675 4770 novum
2689 4759 2701 4770 .

2330 4787 2440 4857 (10)
2507 4793 2611 4848 Τῆς
2674 4787 2966 4857 Ῥωμαῖκῆς
3019 4785 3359 4849 Ἐκκλησίας,
3425 4780 3797 4858 Οιιοᾴ-Βρξηδῇ

2260 4853 2399 4914 nam
2417 4853 2733 4913 Ecclesiam
2749 4853 2805 4912 iu
2823 4863 3049 4929 partem
3063 4858 3367 4928 dogmatis
3387 4857 3553 4914 trahit
3567 4853 3795 4929 Photius;

2259 4935 2614 5002 argumento
2632 4935 2716 4985 est
2729 4928 2976 5002 necdum
2993 4932 3185 4987 Romae
3199 4929 3696 5002 acriuspuguatuffI
3713 4928 3796 5002 PI?

2260 4995 2619 5058 eowarticulo
2649 5000 2783 5073 {vel
2831 5000 3032 5073 potius
3071 5003 3146 5058 de
3175 4995 3442 5057 Romana
3491 4995 3798 5073 Ecclesiaste

2260 5073 2596 5150 dissimulat
2625 5071 2867 5128 Photius
2884 5089 2992 5144 pro
3023 5091 3136 5150 sua
3157 5091 3293 5128 cum
3318 5071 3796 5150 Joanne-papaan

2261 5145 2638 5218 crassitudine,
2673 5149 2732 5218 et
2744 5130 3002 5218 accepta
3029 5146 3107 5202 ab
3136 5161 3207 5201 eo
3230 5130 3606 5218 indulgentia,
3634 5130 3796 5218 ἰιιιᾷξξ

2263 5217 2390 5288 ejus
2431 5209 2658 5288 legatos
2689 5215 2797 5288 sibi
2826 5209 3202 5273 consensisse
3219 5209 3500 5287 jactabat.
3530 5209 3796 5288 Aliosiergo

2261 5285 2826 5359 incertossuggillat.
2845 5294 2993 5359 puta
3006 5289 3206 5344 Gallos
3220 5285 3624 5357 autHispanos,
3638 5285 3707 5359 sic
3719 5285 3796 5359 Et}:

2263 5341 2382 5416 ias;
2398 5341 2475 5415 οἱ
2501 5341 3409 5434 pinsit-amatas;“mia-ua
3433 5341 3619 5412 ‘sensu'
3639 5341 3794 5402 studet

2267 5447 2525 5488 avocare
2553 5430 3015 5504 Aquileiensem.
