4088 6214
217 308 324 366 801

1472 311 1973 372 EPISTOLARUM
2013 313 2222 369 LIBER
2267 314 2309 370 Ι.

3489 321 3594 375 802

217 439 342 495 ἤτοι
383 439 448 489 τὸ
497 435 744 491 ἀπύλωτα
795 447 895 491 τῶν
953 440 1316 512 αἱρετιζόντων
1363 443 1620 512 στόματα,
1651 435 1826 512 μηδα-

1956 455 2127 513 leque
2175 439 2343 495 inferi
2376 443 2577 511 portas
2626 441 2694 507 δ’,
2736 456 2843 498 ora
2871 441 3142 499 videlicet
3171 443 3594 502 haareticorum

213 533 330 598 μῶς
387 525 594 598 ἰσχύειν
623 527 755 600 αὐτῇ
791 525 826 580 δ
832 531 1133 599 ιετράνωσεν
1162 532 1190 589 ἡ
1229 527 1488 601 ἀλήθεια),
1524 531 1695 598 πόθεν,
1737 533 1825 580 καὶ

216 615 282 668 ἐκ
315 621 465 668 τίνων
504 618 533 674 ἡ
579 623 730 677 καινὴ
764 619 897 676 αὐτη
927 615 1322 694 παραναδύεται
1351 621 1487 671 κατά
1529 626 1620 671 τοῦ
1671 621 1827 671 Πνεύ-

221 724 389 778 ματος
433 703 750 779 βλασφημία
783 725 796 775 ;
830 712 925 761 Καὶ
951 716 1058 770 πῶς
1094 707 1188 760 οὐκ
1231 707 1291 760 ἀν
1322 711 1400 767 ε’ίη
1432 711 1491 760 τό
1524 709 1826 779 συνενεχθὲν

220 794 423 848 πολλῶν
479 798 568 866 μεν
619 796 764 860 ἄξιον
813 806 1113 870 στεναγμῶν
1137 815 1148 827 ⁸
1205 797 1401 850 πολλῶν
1442 794 1501 850 δε
1560 793 1822 870 δακρύων,

221 883 420 946 πολλῆς
452 880 510 937 δε
550 882 792 946 σπουδῆς
843 885 1195 959 ἀναχαιτίσαι
1237 892 1330 946 τὴν
1390 891 1551 959 νομὴν
1595 894 1688 938 τοῦ
1730 887 1828 938 πά-

227 976 368 1041 θους,
411 979 501 1027 καὶ
556 980 627 1048 μὴ
687 975 891 1040 πλείους
931 976 1054 1053 ὀρᾴν
1113 975 1563 1050 καταϐοσκόμενον
1608 984 1708 1030 τῶν
1755 975 1828 1038 εἰς

226 1068 450 1136 ποίμνην
481 1071 614 1118 Θεοῦ
644 1065 1125 1138 καταλογισθέντων
1157 1070 1215 1119 τό
1241 1070 1449 1138 νόσημα
1478 1082 1492 1131 ;

299 1247 376 1295 Z'.
410 1245 502 1296 Διά
531 1262 610 1296 τοι
661 1251 812 1296 τοῦτο
847 1248 937 1296 καὶ
963 1244 992 1299 ἡ
1036 1245 1182 1314 ἡμῶν
1211 1248 1486 1317 μετριότης
1514 1246 1687 1316 ὥσπερ
1716 1245 1832 1296 τινὰ

223 1336 391 1405 μέγαν
411 1341 506 1394 τῆς
545 1331 860 1394 Ἐκκλησίας
918 1338 1218 1406 πρόμαχον,
1264 1337 1353 1385 καὶ
1401 1335 1484 1385 οἶα
1516 1329 1583 1390 δὴ
1639 1336 1831 1384 σκοπόν

223 1423 511 1494 τεθειμένον
585 1429 654 1492 τῷ
737 1424 862 1492 οἴκῳ
942 1421 1176 1495 Ἰσραὴλ,
1275 1427 1368 1480 τὴν
1438 1423 1682 1495 ὑμετέραν
1754 1420 1834 1472 ἐπ⁹

227 1509 386 1587 ἀρετῇ
441 1510 734 1569 τελειότητα
797 1510 1215 1585 προκαλούμεθα,
1271 1514 1358 1563 τόν
1416 1510 1466 1563 ἐν
1522 1518 1584 1583 τῇ
1635 1507 1835 1583 καρδίᾳ

227 1601 388 1661 ζῆλον
439 1602 603 1653 ἔνθεον
661 1599 734 1661 εἰς
762 1603 918 1672 μέσον
953 1598 1308 1674 ἐκπυρσεῦσαι
1337 1621 1349 1634 υ
1383 1606 1473 1652 καὶ
1521 1601 1608 1652 οἷα
1634 1601 1702 1658 δὴ
1737 1604 1832 1658 τὴν

226 1699 325 1751 τῆς
382 1688 779 1762 ἀρχιερωσύνης
868 1689 1088 1762 λυχνίαν
1148 1687 1458 1753 ἀνάπτοντα,
1530 1695 1660 1742 πᾶσι
1726 1696 1834 1751 τοῖς

226 1779 574 1851 πλανωμένοις
652 1787 758 1850 φῶς
853 1785 1104 1854 σωτήριον
1193 1779 1482 1850 ἐναυγάσαι
1515 1800 1527 1812 ·

228 1867 426 1928 πλάνης
474 1870 564 1940 μὶν
623 1866 946 1933 ἀποστῆσαι,
1006 1877 1414 1942 χειραγωγῆσαι
1436 1865 1495 1921 δὲ
1554 1872 1683 1943 πρὸς
1738 1868 1834 1921 ἀνὰ

227 1963 409 2010 πᾶσαν
434 1961 522 2015 τὴν
549 1956 852 2028 οἰκουμένην
883 1955 1242 2030 ἐξηπλωμένην
1268 1956 1554 2015 εὐσέϐειαν.

307 2046 388 2102 Η¹.
447 2053 656 2121 Πρῶτον
707 2048 798 2117 μὲν
855 2049 978 2120 γὰρ,
1036 2049 1100 2108 ὡς
1149 2051 1374 2122 εἴρηται,
1430 2051 1516 2100 τόν
1567 2051 1833 2121 Κυριακὴν

228 2137 346 2208 ἔχει
425 2139 614 2208 φωνὴν,
702 2135 1061 2210 λαμπροτέραν
1135 2140 1313 2199 πάσης
1367 2134 1706 2208 λαμπηδόνος
1758 2135 1835 2199 ἐξ·

229 2228 658 2300 αστράπτουσαν,
707 2227 736 2283 ἡ
773 2224 828 2276 έκ
856 2232 946 2277 τοῦ
979 2230 1174 2298 Πατρός
1210 2235 1300 2280 τοῦ
1333 2231 1630 2300 Πνεύματος
1679 2226 1837 2279 ἐκπό-

228 2330 448 2390 ρευσις·
500 2317 626 2388 πρός
687 2315 748 2372 ἣν
806 2313 1189 2381 ἀναϐλέποντες,
1251 2315 1348 2368 κᾶν
1383 2317 1480 2388 ὀψε
1517 2323 1644 2388 γοῦν
1697 2317 1745 2368 οἱ
1780 2314 1836 2368 ἐκ

231 2412 329 2457 τοῦ
374 2406 498 2458 Υὶοῦ
539 2408 596 2457 τό
665 2410 872 2476 Πνεῦμα
922 2401 1368 2476 δυσφημήσαντες
1441 2405 1836 2480 ἐκπορεύεσθαι,

235 2497 635 2549 παυσάσθωσαν
690 2502 783 2557 τῆς
849 2494 899 2546 ἐν
954 2495 1120 2567 πλάνη
1183 2502 1270 2550 καὶ
1319 2502 1490 2569 σκότῳ
1535 2494 1835 2571 διατριϐῆς,

237 2590 328 2637 καὶ
377 2589 628 2662 τῷγωτὶ
686 2591 782 2646 τῆς
837 2583 1101 2648 εὐσεϐείας
1165 2585 1554 2658 έλλαμπόμενοι,
1625 2586 1696 2648 εἰς
1752 2590 1840 2647 τὰς

242 2670 441 2726 ἄδυτον
493 2673 728 2745 ἐχούσας
775 2671 1012 2748 μάνδρας
1041 2681 1129 2734 τὴν
1176 2685 1269 2736 τῆς
1295 2673 1606 2748 ὀρθοδοξίας
1633 2675 1838 2747 αἴγλην,

236 2768 345 2823 τοίς
391 2761 625 2816 εὐσεϐέσι
671 2769 1094 2830 συνεισιέτωσαν,
1139 2763 1562 2838 καταιδούμενοι,
1610 2765 1845 2839 μάλιστα

239 2857 333 2904 καὶ
389 2855 475 2904 τὸν
515 2850 817 2910 έπιστήθιον
869 2862 966 2905 τῶν
1012 2854 1263 2927 οὐρανίων
1311 2851 1588 2927 δογμάτων
1637 2857 1843 2928 μύστην

239 2945 331 2994 καὶ
376 2944 738 3013 μυσταγωγὸν,
786 2944 869 2994 τόν
916 2950 1011 3003 τῆς
1065 2943 1324 3014 θεολογίας
1376 2943 1608 3002 Ἰωάννην
1650 2946 1840 2996 ἐπώνυ-

240 3049 338 3103 μον
373 3047 386 3060 ·
441 3035 532 3084 καὶ
577 3030 650 3093 εἰς
701 3029 980 3105 πρεσϐείαν
1025 3031 1477 3105 προϐαλλέτωσαν,
1533 3039 1846 3105 συγγνώμης

1937 529 2122 602 portis
2145 529 2428 595 carentia,
2450 528 2569 584 ullo
2587 533 2762 601 pacto
2778 531 3100 602 praevalere
3122 548 3319 603 posse,
3336 533 3597 606 ipsamet

1935 617 2259 675 declaravit
2293 617 2556 690 veritas),
2598 619 2770 684 unde,
2813 624 2870 675 et
2907 636 2979 675 ex
3011 621 3230 692 quibus
3270 637 3429 678 nova
3467 623 3596 678 haec

1937 707 2173 763 emersit
2198 709 2483 764 adversus
2506 707 2790 780 Spiritum
2818 708 3194 780 blasphemia
3214 709 3242 764 ‘I
3268 716 3326 766 et
3346 727 3598 783 quomo-

1937 795 2016 851 do
2057 812 2178 852 non
2217 796 2416 852 multis
2463 797 2624 852 istud
2665 798 3151 870 prosequendum
3201 799 3486 872 lacrymis
3529 817 3596 856 ac

1939 884 2208 956 suspiriis
2227 883 2255 939 ?
2276 884 2570 958 Multaque
2591 901 2738 957 Opus
2756 886 3066 958 diligentia
3087 887 3164 942 ad
3191 889 3594 946 cohibendum

1938 973 2111 1045 hujus
2143 974 2280 1030 mali
2305 989 2709 1046 progressum,
2743 991 2812 1031 ac
2838 992 2911 1031 ne
2943 975 3142 1046 plures
3163 976 3486 1048 depascere
3512 979 3596 1035 la-

1937 1063 2078 1119 bem
2101 1063 2434 1130 videamus,
2462 1079 2693 1131 eorum,
2725 1065 2828 1136 qui
2859 1064 2918 1120 in
2953 1067 3051 1122 Dei
3082 1081 3260 1138 grege
3279 1082 3595 1124 numeran-

1940 1157 2054 1210 tur.

2012 1250 2126 1306 VII.
2161 1251 2278 1306 Hac
2313 1250 2492 1320 igitur
2529 1250 2605 1306 de
2634 1266 2841 1321 causa,
2885 1265 2996 1306 nos
3039 1267 3281 1324 quoque
3311 1252 3591 1318 humiles,

1942 1338 2097 1395 velut
2123 1354 2404 1410 magnum
2421 1338 2728 1411 quoddam
2748 1337 3026 1394 Ecclesiae
3043 1338 3336 1403 columen,
3364 1356 3435 1396 ac
3455 1356 3602 1412 qua-

1943 1427 1991 1483 si
2013 1426 2446 1498 speculatorem
2476 1428 2736 1498 positum
2766 1426 2970 1483 domui
3007 1427 3207 1497 Israel,
3234 1433 3600 1500 prestautem

1945 1521 2205 1572 vestram
2227 1531 2621 1586 provocamus
2645 1516 2943 1583 virtutem,
2973 1521 3031 1572 ut
3055 1517 3156 1572 Dei
3175 1521 3390 1584 zelum,
3419 1533 3599 1589 quem

1943 1606 2002 1661 in
2030 1606 2206 1661 corde
2232 1605 2486 1671 habetis,
2516 1606 2576 1661 in
2607 1607 2867 1661 medium
2895 1606 3124 1661 lucente
3148 1605 3401 1662 ﬂamma
3424 1607 3608 1662 susci-

1944 1695 2073 1750 tetis
2103 1711 2117 1761 ;
2154 1696 2495 1766 summique
2525 1694 2838 1750 sacerdotii
2870 1695 3031 1751 velut
3051 1711 3308 1752 accensa
3336 1694 3600 1761 lucerna,

1596 1783 1687 1831 καὶ
1739 1786 1834 1841 τῆς
1867 1790 1911 1844 Β
1942 1784 2571 1840 errantibusomnibus
2589 1783 3068 1840 salutarelumen
3092 1784 3606 1856 invehatis,atque

1943 1874 2022 1930 ab
2048 1889 2246 1930 errore
2267 1879 2568 1941 avocatos,
2592 1874 2670 1931 ad
2697 1875 2974 1945 pietetem
3001 1879 3117 1931 toto
3141 1880 3436 1931 terrarum
3457 1873 3603 1930 orbe

1943 1962 2322 2035 explicatam,
2353 1979 2542 2020 manu
2570 1963 2824 2019 ducatis-

2017 2052 2153 2106 VIII.
2205 2051 2467 2107 Primum
2515 2051 2764 2124 quidem
2794 2052 2902 2124 (uti
2929 2052 3056 2123 jam
3085 2051 3313 2107 dictum
3344 2050 3458 2123 est)
3489 2051 3604 2106 Do-

1944 2140 2231 2196 minicam
2262 2141 2489 2196 habetis
2519 2157 2753 2208 vocem,
2775 2141 2990 2212 quavis
3013 2141 3142 2196 face
3165 2139 3440 2206 lucidius,
3477 2139 3599 2210 Spi-

1943 2231 2124 2286 ritum
2151 2247 2187 2286 a
2212 2231 2381 2286 Patre
2403 2235 2722 2302 procedere
2743 2231 3093 2302 prodentem
3118 2246 3130 2286 :
3162 2230 3238 2286 ad
3264 2245 3450 2302 quam
3479 2233 3605 2284 tan-

1947 2319 2085 2376 dem
2133 2319 2461 2392 aliquando
2492 2320 2757 2376 levantes
2786 2319 3017 2386 oculos,
3049 2319 3154 2392 qui
3190 2335 3291 2391 per
3323 2318 3606 2390 blasphe-

1947 2410 2155 2474 miam,
2183 2408 2432 2480 Spiritus
2453 2425 2520 2464 ex
2550 2408 2693 2465 Filio
2711 2410 3154 2482 processionem
3180 2408 3418 2473 docent,
3446 2407 3609 2462 desi-

1949 2504 2096 2555 nant
2124 2498 2185 2554 in
2231 2514 2426 2554 errore
2471 2514 2540 2555 ac
2575 2498 2832 2554 tenebris
2864 2499 3128 2554 versari:
3180 2497 3441 2569 ﬁdeique
3484 2495 3612 2552 luce

1949 2587 2295 2654 collustrati,
2333 2588 2464 2660 pari
2489 2604 2626 2644 cum
2667 2587 3017 2644 orthodoxis
3044 2586 3268 2642 foedere
3292 2585 3499 2642 caulas
3527 2586 3614 2640 in-

1951 2676 2686 2748 grediantur,orthodoxite
2700 2676 3001 2733 radiantes
3008 2675 3028 2747 j
3041 2674 3413 2748 ubare,quod
3428 2673 3615 2730 nescit

1952 2781 2276 2832 occasum;
2309 2783 2447 2822 eum
2478 2766 2810 2839 praesertim
2839 2765 3076 2822 reveriti
3106 2765 3212 2837 qui
3241 2781 3273 2820 e
3301 2761 3614 2819 Dominico

1953 2861 2193 2928 pectore
2221 2855 2470 2920 haustis,
2497 2855 2850 2928 liquoribus,
2880 2854 3215 2911 caelestium
3245 2853 3604 2924 dogmatum

1955 2943 2282 3016 discipulus
2309 2960 2380 3001 ac
2405 2945 2633 3008 doctor,
2665 2943 2932 3012 effectus,
2959 2944 3219 2999 Joannes
3239 2958 3276 2998 a
3296 2940 3616 3009 Theologia

1957 3049 2178 3088 nomen
2196 3038 2284 3090 est
2299 3038 2660 3089 consecutus
2685 3049 2698 3088 :
2721 3049 2792 3088 eo
2807 3032 3198 3088 intercessore
3221 3031 3462 3086 veniam
3484 3043 3614 3100 pre—

239 3125 425 3191 τυχεῖν
454 3120 532 3182 οἷς
573 3117 876 3182 ἀπεναντίας
915 3121 1074 3174 αὐτοῦ
1121 3141 1176 3174 τε
1217 3127 1306 3174 καὶ
1355 3130 1446 3174 τοῦ
1489 3119 1842 3198 διδασκάλου,

1956 3127 2179 3188 centur,
2198 3124 2362 3194 quod
2381 3122 2463 3178 illi
2486 3138 2555 3180 ac
2578 3123 2886 3192 magistro,
2903 3120 3046 3176 disci
3057 3120 3455 3192 pulorumque
3473 3117 3612 3174 albo

239 3214 332 3262 καὶ
384 3217 484 3260 τῶν
558 3211 808 3279 μαθητῶν
837 3218 930 3263 τοῦ
1004 3211 1440 3282 θεολογικωτάτου
1515 3213 1628 3284 (ll)
1687 3212 1847 3266 πάλαι

238 3300 365 3352 ποτὲ
406 3297 782 3356 ἐπανέστησαν.
839 3305 956 3360 Τοῖς
999 3303 1102 3373 γὰρ
1147 3299 1201 3352 ἐκ
1245 3308 1337 3354 τοῦ
1385 3304 1587 3374 Πατρός
1635 3305 1726 3354 καὶ
1756 3307 1848 3354 τοῦ

242 3393 370 3441 Υίοῦ
425 3391 483 3440 τό
538 3390 792 3461 πανάγιον
869 3396 1079 3462 Πνεῦμα
1164 3392 1538 3463 ἰκπορεύεσθαι
1603 3387 1848 3464 δογματί-

246 3474 423 3544 ζουσι,
475 3473 572 3528 δύο
624 3480 826 3541 πάντως
851 3481 996 3532 αἴτια
1037 3482 1127 3531 καὶ
1177 3480 1346 3553 ἀρχαὶ
1373 3483 1800 3553 συνεισέρχονται
1832 3498 1846 3513 ⁸

247 3569 339 3616 καὶ
369 3566 399 3624 ἡ
428 3569 478 3618 εν
501 3573 560 3638 τῇ
593 3564 788 3640 Τριάδι
815 3572 1086 3640 μοναρχία
1141 3565 1370 3642 φροῦδος
1417 3568 1718 3640 οἰχήσεται.
1752 3571 1850 3621 Δύο

247 3655 351 3726 γὰρ
396 3663 621 3727 φανερῶς
667 3663 772 3718 τοῖς
817 3656 952 3710 οὕτω
981 3656 1194 3728 λέγουσι
1233 3659 1300 3709 τὰ
1355 3660 1501 3709 αἶτια
1552 3676 1850 3716 συνανακη-

247 3744 526 3817 ρύσσεται,
559 3743 612 3808 ἐξ
663 3745 731 3796 ὧν
762 3751 850 3798 καὶ
889 3747 919 3805 ἠ
951 3750 1051 3818 μία
1103 3745 1174 3808 εἰς
1231 3743 1328 3799 δύο
1359 3745 1538 3821 ἀρχὰς
1591 3747 1851 3820 (τρέποιτο

247 3827 309 3886 δι
352 3835 411 3885 τό
445 3831 758 3906 βλάσφημον
805 3835 876 3898 εἱς
929 3837 1023 3897 τὰς
1064 3843 1165 3888 τῶν
1226 3835 1406 3888 αἰτίων
1456 3834 1698 3907 κεφαλὰς)
1733 3853 1852 3886 συν-

253 3916 626 3993 διασχίζεται.

318 4012 402 4064 Θ’.
453 4009 651 4072 Ἄλλως
679 4030 732 4064 τε
762 4008 837 4075 δε,
893 4012 1051 4086 εἰμεν
1091 4011 1258 4066 τελεία
1319 4013 1349 4071 ἠ
1407 4009 1462 4063 έκ
1509 4018 1599 4064 τοῦ
1648 4013 1852 4084 Πατρός

245 4098 389 4152 ἔστιν
442 4097 765 4173 έκπόρευσις,
818 4106 890 4162 τίς
928 4103 958 4162 ἠ
1017 4107 1177 4174 χρεία
1239 4109 1334 4163 τῆς
1401 4097 1648 4174 δευτέρας
1703 4099 1852 4152 ἐκπο-

241 4191 488 4261 ρεύσεως,
523 4186 628 4248 ἤδη
681 4198 775 4252 τῆς
824 4189 1140 4254 τελειότητος
1175 4191 1230 4244 έκ
1287 4198 1382 4252 τῆς
1431 4198 1684 4264 πατρικῆς
1726 4209 1852 4263 προ-

243 4275 373 4332 όδου
423 4281 784 4355 καθορωμένης
829 4289 899 4352 τῷ
949 4285 1254 4354 Πνεύματι;
1308 4283 1367 4334 Ei
1426 4277 1475 4333 δ’
1529 4279 1726 4347 ἀτελὴς,
1774 4283 1851 4341 τίς

244 4370 456 4422 ύποισει
497 4372 556 4421 τό
604 4370 840 4438 άτοπονς
896 4377 1102 4445 Πρῶτον
1137 4372 1226 4442 μεν
1269 4372 1370 4442 γαρ
1425 4371 1451 4422 ὁ
1497 4377 1649 4422 τοῦτο
1697 4372 1852 4442 φάναι

244 4458 536 4530 τολμήσας,
585 4467 646 4530 τῇ
702 4460 979 4532 παντελείῳ
1035 4456 1231 4534 Τριάδι
1269 4463 1326 4512 τό
1378 4457 1548 4521 ἀτελὲς
1593 4457 1850 4533 ἱναπέρῥι-

243 4547 360 4619 ψεν.
390 4547 607 4602 Ἔπειτα
655 4545 713 4602 δὲ
761 4554 850 4602 καὶ
897 4549 952 4600 έκ
996 4545 1094 4601 δύο
1143 4548 1294 4602 πάλιν
1345 4547 1528 4602 ἀτελῶν
1573 4551 1630 4601 τό
1669 4547 1848 4601 τελειο-

243 4641 393 4691 ποιόν
425 4644 635 4711 Πνεῦμα
678 4641 1157 4711 συγκατεσκεύασε.
1205 4642 1310 4692 Ναὶ
1344 4636 1412 4697 δὴ
1465 4644 1557 4691 καὶ
1607 4640 1852 4692 σύνθετον

245 4726 566 4794 ἀπετέλεσεν,
618 4729 687 4790 ὡς
735 4727 789 4780 έκ
846 4725 944 4780 δύο
987 4735 1140 4781 τινῶν
1194 4728 1369 4780 αἰτίων
1404 4745 1416 4756 ·
1476 4732 1562 4780 καὶ
1624 4732 1739 4780 τότε
1791 4727 1854 4799 (ὡ

241 4817 498 4889 γλώσσης
553 4817 809 4892 ἀκρατούς
837 4823 928 4870 καὶ
987 4823 1199 4890 γνώμης
1254 4816 1544 4889 ἀγνώμονος
1579 4815 1616 4889 Ξ)
1668 4816 1857 4878 ἀτελῶς

243 4907 298 4970 ἐξ
354 4905 598 4982 ἑκατέρου
680 4907 1082 4982 ἐκπορευομένου
1138 4913 1228 4959 τού
1307 4909 1624 4978 Πνεύματος.
1681 4907 1746 4958 Οἱ
1797 4903 1856 4958 δὲ

243 4999 410 5068 ταύτῃ
486 5004 546 5069 τῇ
603 4993 882 5070 δυσφημίᾳ
935 4999 1177 5068 κάτοχοι,
1229 5015 1298 5047 κα
1351 4997 1534 5047 υἱωνόν
1597 4997 1756 5048 εἰπεῖν
1796 5000 1854 5047 τό

246 5091 481 5156 Πνεῦμα,
531 5085 636 5158 οὐχ
685 5084 745 5137 ἂν
789 5083 1163 5144 ἀποκνήσαιεν.
1221 5083 1281 5138 Εἰ
1311 5080 1371 5138 δέ
1400 5088 1494 5142 τὴν
1543 5088 1711 5156 φωνην
1759 5103 1858 5156 φυ-

320 5197 365 5229 ³¹
388 5191 588 5249 Matth.
621 5208 743 5257 xvr,
779 5197 862 5248 l8.

1959 3211 2268 3281 theologia;
2293 3212 2476 3268 radiis
2495 3211 2943 3281 micantissimo,
2973 3208 3288 3266 contrariis
3314 3206 3610 3276 opinioni-

1959 3300 2071 3357 bus
2096 3301 2466 3374 quandoque
2493 3300 2636 3357 olim
2666 3299 3044 3357 obstiterunt.
3079 3297 3253 3365 Quod
3283 3297 3446 3352 enim
3479 3311 3617 3352 san-

1958 3390 2261 3446 ctissimus
2304 3389 2548 3462 Spiritus
2579 3405 2615 3446 a
2643 3389 2813 3446 Patre
2859 3394 2915 3445 et
2949 3387 3091 3444 Filio
3135 3385 3370 3443 dicatur
3411 3399 3621 3458 proce-

1957 3479 2118 3546 dere,
2151 3479 2307 3536 duas
2336 3479 2586 3535 omnino
2624 3493 2838 3535 causas
2867 3493 2939 3533 ac
2968 3475 3264 3550 principia
3293 3479 3385 3531 est
3437 3475 3619 3530 intro-

1957 3568 2176 3625 ducere
2204 3586 2221 3625 :
2256 3585 2448 3642 eoque
2474 3568 2534 3624 in
2554 3573 2762 3624 sancta
2788 3567 3068 3623 Trinitate
3086 3563 3494 3622 monarchiam
3519 3577 3620 3635 pe-

1961 3657 2118 3714 nitus
2137 3658 2397 3716 abolere.
2421 3657 2532 3725 Qui
2549 3658 2710 3713 enim
2730 3656 2815 3712 sic
2829 3655 3180 3729 loquuntur,
3200 3655 3354 3710 duas
3371 3651 3621 3725 perinde

1959 3762 2174 3803 causas
2205 3747 2623 3818 praedicabunt
2652 3762 2664 3801 :
2698 3745 2959 3818 hincque
2991 3746 3144 3802 adeo
3178 3759 3366 3800 unum
3397 3741 3621 3815 pariter

1959 3835 2319 3906 principium
2349 3837 2560 3905 (vertat
2589 3837 2743 3890 Deus
2771 3835 2832 3889 in
2862 3850 3101 3890 reorum
3133 3837 3315 3905 caput
3343 3831 3623 3904 blasphe-

1961 3923 2170 3993 miam)
2205 3922 2265 3977 in
2294 3923 2417 3978 duo
2447 3922 2764 3978 dividetur.

2033 4013 2121 4067 IX.
2155 4011 2464 4078 Praeterea,
2499 4011 2551 4066 si
2578 4008 2840 4082 perfecta
2871 4012 2960 4064 est
2989 4024 3061 4064 ex
3095 4007 3266 4063 Patre
3296 4005 3618 4078 processio,

1961 4101 2104 4174 quid
2134 4116 2288 4172 opus
2316 4107 2403 4155 est
2432 4100 2618 4156 altera
2649 4097 3051 4170 processioue,
3087 4113 3226 4152 cum
3260 4111 3330 4150 ex
3369 4097 3626 4165 paterna

1953 4190 2085 4263 jam
2117 4189 2499 4262 processione
2528 4189 2782 4261 Spiritus
2813 4189 3110 4258 perfectus
3157 4200 3290 4240 esse
3332 4181 3626 4253 intelliga-

1961 4279 2101 4336 tur?
2142 4280 2242 4336 Sin
2301 4284 2503 4336 autem
2543 4276 2911 4350 imperfecta,
2971 4275 3106 4349 quis
3143 4274 3288 4330 feret
3342 4271 3507 4346 quod
3545 4273 3628 4328 ita

1961 4369 2222 4428 absurde
2253 4369 2534 4426 asseritur
2561 4370 2588 4424 ?
2615 4367 2880 4424 Primum
2934 4366 3094 4422 enim
3125 4363 3231 4436 qui
3260 4363 3377 4420 hoc
3409 4361 3630 4418 audeat

1962 4459 2180 4525 dicere,
2212 4458 2493 4526 Trinitati,
2527 4473 2659 4531 quae
2689 4456 2887 4513 modis
2915 4453 3200 4512 omnibus
3227 4452 3488 4524 perfecta
3512 4454 3622 4517 est,

1966 4547 2479 4622 imperfectionem
2513 4547 2734 4604 tribuit.
2785 4545 3008 4602 Deinde
3055 4558 3217 4612 vero,
3265 4557 3334 4598 ex
3394 4538 3632 4594 duobus

1961 4654 2202 4694 rursum
2243 4638 2621 4710 imperfectis,
2662 4639 2971 4693 auctorem
3009 4631 3205 4689 omnis
3250 4623 3631 4702 perfectionis

1966 4727 2246 4800 Spiritum
2275 4727 2613 4784 constituit:
2647 4726 2796 4799 quin
2822 4728 2879 4781 et
2911 4719 3334 4794 compositum,
3369 4715 3528 4774 velut
3557 4731 3630 4771 ex

1963 4816 2199 4872 duabus
2228 4817 2618 4888 quibusdam,
2652 4815 2853 4871 causis
2884 4829 2954 4868 ac
2979 4808 3340 4878 auctoribus,
3367 4805 3539 4862 fecit:
3573 4809 3631 4860 et

1965 4906 2048 4962 ita
2095 4905 2153 4976 (ο
2187 4905 2452 4974 linguam
2482 4904 2946 4960 incontinentem
2989 4905 3044 4956 et
3087 4897 3407 4970 reprobam
3465 4909 3630 4950 men-

1967 4993 2149 5065 tem!)
2192 5009 2264 5050 ex
2320 4999 2570 5065 utroque
2616 4991 2961 5063 imperfecte
3009 4987 3263 5061 Spiritus
3319 4984 3625 5059 procedet.

1969 5084 2074 5150 Qui
2106 5083 2216 5140 hac
2262 5098 2437 5154 porro
2485 5084 2801 5138 teneantur
2849 5078 3252 5150 blasphemia,
3307 5091 3416 5132 nec
3446 5074 3630 5148 Spiri-

1822 5287 2050 5345 NOTE.

319 5401 436 5473 (11)
491 5406 602 5453 Τῶν
655 5401 909 5473 μαθητῶν,
977 5405 1069 5473 τοῦ
1134 5395 1602 5473 Αθεολογικωτάτου.
1642 5395 1846 5468 Metius

246 5468 463 5545 plurali
477 5468 728 5545 numero
749 5471 940 5528 reddit
956 5471 1062 5545 {Et
1079 5471 1230 5545 alios
1251 5468 1574 5545 discipulos
1590 5482 1603 5532 ;
1620 5482 1739 5545 non
1755 5483 1851 5522 ex-

292 5544 471 5600 licata
495 5543 677 5599 etiam
709 5560 849 5599 voce
878 5542 1332 5613 Osoloytzmdroo.
1366 5539 1507 5613 velit
1536 5539 1682 5594 forte
1706 5539 1852 5613 Pau-

277 5631 402 5684 um,
434 5631 740 5672 summum
772 5615 924 5672 inter
951 5610 1256 5689 apostolos
1287 5610 1656 5684 theologum,
1685 5611 1859 5684 cujus

1959 5393 2205 5467 perinde
2219 5393 2468 5467 vocibus
2485 5391 2648 5467 abuti
2667 5390 2905 5467 Latinos
2921 5388 3312 5467 sequentibus
3329 5387 3626 5467 censetur.

1965 5456 2033 5520 λι
2057 5465 2384 5521 straminea
2425 5464 2652 5530 omnia,
2685 5479 2756 5520 ac
2786 5462 2927 5519 satis
2949 5456 3081 5535 jam
3113 5474 3414 5536 superque
3444 5472 3481 5514 a
3527 5456 3630 5511 Ca-

1963 5537 2194 5594 tholicis
2229 5536 2394 5594 elisa.
