4088 6214
585 307 694 367 803

591 437 719 490 tum
747 434 1023 502 nepotem
1054 428 1248 483 dicere
1297 424 1712 483 recusaverint.
1761 425 1878 481 Etsi
1907 424 2061 480 enim
2091 423 2223 479 ham

2358 420 2632 474 λάττονται
2680 421 2821 495 φόϐῳ
2867 431 2967 475 τῶν
3019 421 3242 476 εὐσεϐῶν
3275 440 3287 453 ⁸

591 535 801 576 vocem
832 520 1070 590 piorum
1103 522 1262 572 metu
1282 517 1485 581 vitant,
1507 519 1566 570 at
1595 529 1839 570 sensum
1871 519 2090 582 tamen,
2125 511 2248 583 qui-

592 610 710 666 bus
733 609 813 664 ita
838 608 1077 670 docent,
1102 605 1580 660 subministrant.
1609 606 1756 660 Nam
1785 603 1830 658 si
1864 603 2038 658 Filius
2061 618 2130 657 ex
2150 604 2248 656 Pa-

591 705 678 754 tre
731 697 850 753 exit
883 711 990 768 per
1018 693 1486 764 generationem,
1536 693 1782 764 Spiritus
1825 707 1967 748 vero
1998 706 2070 746 ex
2103 689 2246 744 Filio

593 803 702 858 per
733 784 1171 858 processionem
1227 781 1480 847 exsistit,
1515 782 1690 852 plane
1722 782 1780 836 in
1829 781 2060 852 nepotis
2090 778 2246 835 ordi-

591 891 727 932 nem
773 872 1070 928 transibit.
1101 872 1160 925 ld
1185 887 1325 926 vero
1356 887 1477 942 qua
1509 871 1736 926 ratione
1759 869 2093 934 ferendum,
2116 869 2246 941 qui-

589 965 702 1021 bus
731 977 889 1018 curm
927 960 1004 1016 sit
1034 966 1095 1015 ut
1127 962 1406 1031 pietatem
1439 959 1655 1026 colant,
1691 965 1746 1014 et
1776 959 2242 1016 Christianorum

585 1067 838 1108 numero
851 1049 1658 1122 censeantur?autquomodo
1673 1048 1894 1103 diutius
1907 1047 2243 1117 neglectum

583 1156 657 1196 ne
690 1145 996 1210 arguatur,
1027 1154 1148 1194 non
1179 1154 1279 1194 eos
1301 1138 1405 1210 qui
1431 1138 1618 1208 silent,
1648 1139 1745 1192 Dei
1773 1142 1972 1192 tamen
1998 1151 2244 1191 munere

586 1245 769 1284 sensu
792 1229 1022 1301 praediti
1046 1232 1182 1283 sunt
1204 1234 1381 1299 atque
1412 1227 1619 1296 gratiis
1646 1227 1722 1283 ad
1751 1226 2150 1298 arguendum,
2182 1225 2244 1281 in

583 1333 793 1390 parem
824 1318 915 1373 his
945 1318 1049 1389 qui
1077 1317 1524 1388 blasphemant,
1556 1317 1743 1372 trahet
1771 1317 2075 1372 interitum
2095 1314 2125 1368 ‘I

653 1410 714 1463 X.
745 1411 827 1463 Tu
855 1422 996 1462 vero
1028 1406 1195 1473 mihi,
1228 1421 1537 1461 sacrorum
1562 1405 1883 1462 hominum
1917 1403 2244 1460 sacratissi-

582 1513 700 1562 me,
728 1497 892 1568 quod
917 1512 989 1550 ex
1011 1494 1252 1550 illorum
1275 1495 1541 1550 absurda
1570 1495 1852 1565 opinione
1881 1494 2132 1564 emergit
2161 1492 2244 1547 in-

583 1584 998 1648 commodum,
1020 1583 1103 1638 eis
1124 1582 1340 1653 objice.
1367 1583 1424 1638 Si
1447 1583 1602 1638 enim
1627 1582 1806 1638 etiam
1834 1582 2086 1654 Spiritus
2109 1596 2242 1653 pro-

583 1672 739 1728 cedit
754 1672 880 1726 Filii
901 1673 1303 1740 generatione,
1328 1686 1398 1726 ac
1419 1671 1598 1725 simul
1616 1671 1762 1726 alter
1781 1671 2028 1744 quidem
2056 1669 2242 1740 gigni-

1817 297 2055 353 ΡΗΟΤΙΙ
2087 293 2572 351 ΡΛΤΗΙΑΗΟΗᾹΞ
2593 295 2704 352 CP.
3801 299 3876 355 804

3337 422 3443 476 ἀλλ’
3469 422 3556 475 οὖν
3588 426 3643 475 τὸ
3683 427 3877 498 φρόνημα,

2360 507 2433 563 δι’
2463 513 2532 563 ὧν
2576 509 2984 584 δογματίζουσι,
3039 515 3344 566 θάλπουσιν.
3396 513 3454 565 Εἰ
3493 515 3590 586 γὰρ
3619 515 3644 564 6
3685 516 3760 584 μὲν
3801 517 3881 573 Υἱὸς

2357 600 2412 653 ἐκ
2441 609 2532 654 τοῦ
2567 605 2768 674 Πατρός
2808 599 2900 654 διὰ
2947 608 3230 674 γεννήσεως
3278 607 3481 675 πρόεισι
3505 620 3519 631 °
3559 606 3610 654 τό
3643 609 3815 673 Πνεῦμα
3842 600 3881 654 δι

2357 689 2411 742 ἐκ
2455 697 2547 744 τοῦ
2605 692 2730 743 Υἰοῦ
2777 686 2812 742 δ
2819 691 2852 742 ι’
2882 690 3252 767 ἑκπορεύσεως,
3305 693 3379 754 εἰς
3417 694 3596 743 υἱωνοῦ
3621 690 3748 754 τάξιν
3787 711 3885 765 περι-

2357 784 2608 838 στήσεται
2641 801 2652 812 ·
2683 785 2773 832 καὶ
2824 789 2934 844 πῶς
2965 780 3024 832 ἀν
3067 785 3144 840 εἴη
3201 790 3352 834 τοῦτο
3405 785 3620 856 φορητόν
3669 781 3885 841 τοῑςεύσι·

2355 869 2460 921 ϐεῖν
2519 867 2760 930 σπουδὴν
2815 877 3155 944 ποιουμένοις,
3208 877 3298 924 καὶ
3347 879 3418 941 τῷ
3471 880 3568 922 τῶν
3619 879 3884 942 Χριστιανῶν

2354 959 2622 1032 καταλόγῳ
2682 961 3160 1030 συνεξετάζεσθαις
3212 962 3242 1021 ἡ
3319 971 3425 1022 πῶς
3495 960 3576 1014 ἐπὶ
3625 960 3739 1012 πολὺ
3794 979 3886 1031 παρ-

2353 1055 2604 1123 ορώμενον
2660 1048 3010 1121 ἀνεξέλεγκτον
3058 1051 3117 1102 ού
3171 1051 3493 1119 συνελκύσει,
3540 1054 3654 1112 τούς
3682 1057 3887 1120 σιγῶντας

2352 1145 2462 1214 μεν,
2495 1147 2586 1193 νοῦ
2618 1137 2676 1193 δὲ
2720 1139 2776 1192 ἐκ
2824 1147 2957 1194 Θεοῦ
2999 1146 3088 1192 καὶ
3135 1147 3372 1215 χαρίτων
3405 1138 3683 1212 διελέγχειν
3713 1137 3885 1191 ἀπολῶ·

2356 1251 2564 1299 σαντας,
2593 1227 2664 1293 εἰς
2701 1233 2795 1288 τὴν
2827 1238 2926 1282 τῶν
2955 1228 3449 1304 βλασφημησάντων
3476 1229 3751 1296 ἀπώλειανς

2326 1396 2340 1420 ί
2425 1411 2482 1465 1’.
2536 1415 2602 1463 Σύ
2654 1407 2715 1463 δέ
2761 1430 2850 1483 μοι
2897 1407 3100 1484 ἀνδρῶν
3157 1410 3302 1483 ἱερῶν
3355 1411 3614 1484 ἱερώτατε,
3650 1411 3729 1460 καὶ
3771 1411 3886 1458 τοῦτο

2352 1510 2447 1562 τῆς
2503 1501 2671 1553 αὐτῶν
2725 1502 2920 1553 ἀτόπου
2981 1497 3136 1564 δόξης
3185 1499 3528 1572 ἀναφυόμενον
3593 1498 3752 1558 αὐτοῖς
3804 1495 3888 1547 ἐτει-

2354 1587 2573 1644 δείκνυε.
2633 1591 2690 1644 Εἰ
2740 1594 2841 1664 γὰρ
2899 1597 2960 1662 τῇ
3015 1598 3105 1642 τοῦ
3157 1591 3281 1642 Υἱοῦ
3341 1594 3577 1658 γεννήσει
3619 1586 3888 1659 ἐκπορεύεται

2351 1686 2442 1733 καὶ
2468 1685 2526 1734 τό
2555 1688 2763 1753 Πνεῦμα
2785 1697 2797 1709 ⁸
2848 1685 2938 1732 καὶ
2969 1680 3080 1752 ἅμα
3113 1681 3139 1731 6
3187 1683 3297 1751 μὲν,
3352 1685 3588 1750 γεννᾶται
3611 1699 3623 1711 ·
3653 1679 3706 1728 τὸ
3733 1671 3796 1737 δε,
3821 1680 3887 1724 τοῦ

583 1766 708 1826 tur;
761 1761 907 1816 alter
954 1776 1096 1816 vero
1127 1776 1199 1816 ex
1243 1775 1313 1816 eo
1346 1760 1634 1831 procedit,
1677 1759 1780 1832 qui
1822 1759 2102 1831 gignitur,
2137 1775 2223 1814 sei

2353 1776 2663 1842 γεννωμένου
2717 1769 3062 1844 ἐκπορεύεται,
3093 1765 3244 1822 οὐδὲν
3302 1769 3512 1821 ἔλαττον
3567 1774 3654 1819 τοῦ
3688 1767 3793 1818 Υὶοῦ
3821 1767 3887 1813 καὶ

581 1849 846 1906 nascitur
871 1865 884 1916 ;
917 1849 1062 1904 nihil
1094 1851 1294 1904 minus
1323 1850 1500 1904 etiam
1525 1850 1798 1921 Spiritus,
1822 1865 2009 1921 quam
2041 1848 2241 1910 Filius,

580 1955 648 1994 ex
669 1939 834 1994 Patre
853 1939 1154 2010 gignendo
1168 1937 1467 2010 procedet,
1483 1937 1980 2010 quandoquidem
1999 1943 2242 2007 generat

581 2027 791 2082 Filium
833 2028 1003 2082 Pater
1031 2045 1048 2098 ;
1087 2027 1335 2098 Spiritus
1367 2043 1509 2082 vero
1541 2043 1660 2083 una
1690 2043 1828 2083 cum
1860 2028 2004 2083 Filio
2030 2042 2240 2100 proce-

579 2115 754 2172 dente
776 2131 882 2188 per
907 2117 1374 2185 generationem,
1401 2117 1698 2187 procedit.
1729 2118 1827 2173 Sin
1849 2123 2052 2173 autem
2075 2116 2238 2172 aliud

577 2205 660 2261 eis
700 2213 936 2276 tempus
968 2205 1175 2260 Filium
1207 2221 1278 2260 ex
1307 2209 1472 2261 Patre
1503 2205 1814 2276 gignendo
1847 2206 2236 2276 cogitandum

574 2294 807 2364 ingerit,
843 2293 1006 2348 aliud
1030 2309 1172 2350 vero
1199 2294 1482 2366 Spiritum
1508 2310 1580 2350 ex
1618 2294 1761 2350 Filio
1792 2295 2112 2367 procedere
2143 2295 2234 2351 fa-

574 2381 654 2438 cit
682 2381 957 2452 (forsitan
979 2383 1138 2437 enim
1164 2383 1363 2454 ipsum
1389 2383 1504 2438 hoc
1534 2383 1723 2455 pressi
1754 2383 2098 2440 difﬁcultate
2123 2384 2232 2440 ﬁn-

577 2472 765 2540 gent),
797 2486 1043 2542 prorsus
1073 2486 1314 2526 necesse
1347 2472 1453 2527 erit
1484 2475 1548 2527 ut
1581 2471 1862 2544 Spiritum
1904 2473 2030 2528 Filii
2060 2489 2234 2544 gene-

574 2559 798 2615 ratione
823 2559 1234 2629 posteriorem,
1258 2559 1478 2632 illoque
1497 2561 1800 2631 juniorem
1824 2568 2110 2619 statuant.
2131 2565 2232 2619 Sin

574 2653 776 2703 autem
795 2649 1124 2705 manifesta:
1140 2647 1323 2721 hujus
1341 2649 1660 2721 impietatis
1676 2651 2005 2722 periculum
2020 2653 2232 2709 subve-

573 2739 766 2793 rentes
811 2735 1144 2804 resilierint,
1177 2737 1386 2809 procul
1415 2738 1600 2796 dubio
1648 2740 1928 2811 Spiritum
1958 2742 2226 2813 genitum

574 2841 709 2882 esse
734 2825 906 2882 fateri
928 2833 1231 2896 cogentur.

642 2914 738 2969 ΧΙ.
765 2914 960 2972 Audio
990 2923 1191 2972 autem
1223 2915 1372 2972 istos
1394 2916 1681 2974 adversus
1707 2917 1956 2976 Paulum
1983 2920 2224 2989 audere,

569 3004 964 3078 divinumque
995 3021 1131 3061 eum
1163 3006 1352 3061 virum
1382 3011 1590 3063 contra
1613 3023 1996 3066 communem
2031 3010 2226 3066 Domi-

2351 1863 2407 1912 1'6
2443 1867 2649 1932 Πνεῦμα
2691 1858 2750 1911 ἆν
2791 1861 2867 1916 εἰη
2923 1859 2977 1910 ἐκ
3015 1865 3106 1911 τοῦ
3159 1861 3364 1929 Πατρός
3403 1862 3498 1916 τήν
3543 1850 3750 1931 πρόοδον
3791 1851 3888 1922 λαμ-

2350 1948 2501 2001 ϐάνον
2555 1945 2649 2001 διὰ
2701 1953 2986 2019 γεννήσεως
3030 1969 3043 1980 ·
3078 1951 3216 2020 εἴπερ
3263 1953 3415 2018 γεννᾷ
3463 1947 3603 2018 μὲνό
3642 1946 3797 2015 Πατὴρ
3823 1944 3886 1991 τόν

2347 2041 2486 2104 Υὶόν,
2519 2041 2577 2090 τό
2631 2044 2837 2110 Πνεῦμα
2867 2034 2926 2090 δὲ
2973 2045 3045 2107 τῷ
3092 2038 3196 2105 Υἰῷ
3257 2033 3351 2088 διά
3394 2040 3672 2107 γεννῄσεως
3703 2033 3887 2106 προῖόντι

2348 2133 2712 2200 συμπρόεισιν.
2770 2127 2828 2179 Εἰ
2879 2130 2968 2199 μὲν
3023 2128 3126 2199 γὰρ
3167 2125 3320 2187 ἄλλος
3375 2124 3552 2184 αὐτοῖς
3609 2124 3772 2195 καιρός
3824 2123 3887 2169 τὸν

2346 2219 2464 2270 Υἰόν
2495 2218 2549 2268 ἐκ
2599 2224 2692 2269 τοῦ
2751 2219 2949 2288 Πατρός
3003 2213 3281 2267 ὑποϐάλλει
3414 2218 3668 2285 γεννήσει,
3698 2208 3825 2270 (me;
3846 2203 3887 2259 δι

2346 2309 2402 2358 τὸ
2465 2312 2672 2378 Πνεῦμα
2731 2304 2786 2357 ἐκ
2837 2312 2931 2356 τοῦ
2987 2306 3111 2358 Υἱοῦ
3165 2311 3304 2356 ποιεῖ
3355 2303 3718 2376 ἐκπορεύεσθαι
3760 2298 3887 2369 (τάχα

2342 2398 2443 2470 γὰρ
2475 2399 2564 2447 καὶ
2584 2403 2736 2447 τοῦτο
2787 2393 3209 2465 συνελαυνόμενοι
3251 2389 3696 2461 ἀναπλάσσουσι,)
3728 2387 3886 2446 πάντως

2342 2489 2400 2536 τό
2457 2491 2664 2556 Πνεῦμα
2704 2489 2942 2558 νεώτερον
3009 2491 3104 2544 τῆς
3163 2489 3254 2534 τοῦ
3298 2483 3422 2534 Υἱοῦ
3472 2485 3738 2552 γεννήσεως
3770 2475 3888 2544 ἀναγ-

2340 2576 2480 2646 κάσῃ
2527 2574 2955 2631 ὑποστήσασθαι.
3015 2571 3074 2625 Εἰ
3127 2567 3185 2624 δι
3239 2574 3436 2631 ταύτης
3495 2577 3586 2630 τῆς
3637 2569 3886 2642 περιφανοῦς

2343 2665 2632 2736 θεομαχίας
2673 2666 2760 2715 τόν
2813 2658 3053 2714 κίνδυνον
3110 2663 3400 2733 ὑφορῶντες
3425 2659 3810 2720 ἀποστήσονται,
3834 2653 3884 2713 εἰς

2338 2755 2396 2804 τό
2453 2755 2694 2824 γεννητόν
2761 2751 3024 2824 ὁμολογεῖν
3084 2753 3141 2802 τό
3180 2756 3389 2822 Πνεῦμα
3459 2749 3667 2808 ἑαυτοὺς
3720 2741 3884 2798 συνελά-

2341 2861 2548 2899 σουσιν,

2407 2931 2511 2985 IA'.
2563 2931 2760 2984 Ἀκούω
2811 2927 2871 2984 δι
2913 2932 3123 2992 τούτους
3174 2931 3590 3004 θρασυνομένους
3636 2926 3756 2978 κατὰ
3780 2925 3885 2975 Παύ-

2335 3019 2426 3072 λου
2455 3026 2544 3073 καὶ
2581 3022 2714 3072 κατὰ
2761 3027 2853 3072 τοῦ
2908 3027 3082 3072 κοινοῦ
3138 3023 3399 3071 Δεσπότου
3444 3021 3535 3070 καὶ
3583 3011 3886 3079 διδασκαλον,

568 3110 712 3150 num
729 3110 800 3150 ac
819 3094 1197 3164 magistrum,
1231 3093 1476 3152 haeresis
1499 3113 1623 3153 sum
1643 3099 2044 3169 patrocinium
2061 3099 2219 3170 obje-

2335 3113 2422 3161 τόν
2483 3111 2616 3162 θεῖον
2684 3109 2884 3162 Παῦλον
2932 3109 3002 3169 εἰς
3059 3113 3376 3183 συνηγορίαν
3430 3115 3526 3170 τῆς
3577 3105 3757 3165 οἰκείας
3783 3119 3886 3173 προ-

567 3188 746 3240 ctare.
771 3183 951 3239 Aiunt
971 3185 1130 3239 enim
1152 3184 1386 3254 dixisse,
1416 3186 1578 3242 Misit
1607 3187 1755 3243 Deus
1771 3187 2060 3256 Spiritum
2077 3189 2226 3245 Filii

564 3274 656 3328 sui
672 3274 1033 3330 clamantem
1065 3275 1125 3329 in
1153 3275 1432 3330 cordibus
1458 3277 1695 3345 nostris,
1718 3277 1908 3342 Abba,
1935 3279 2118 3335 Pater
2149 3280 2215 3332 ³⁸.

566 3361 679 3416 Sed
712 3361 816 3426 illi,
851 3363 954 3434 qui
978 3362 1174 3418 verbis
1193 3364 1324 3418 istis
1346 3365 1612 3436 Apostoli
1630 3382 1803 3422 suam
1830 3382 1890 3422 se
1918 3367 2216 3423 inscitiam

566 3451 925 3506 conﬁrmare
951 3451 1310 3516 existimant,
1344 3453 1488 3508 illud
1518 3456 1811 3522 noverint,
1853 3456 2075 3528 quibus
2106 3457 2218 3513 sibi

566 3537 672 3593 niti
703 3537 980 3594 videntur
1009 3539 1278 3609 Apostoli
1313 3542 1638 3608 sententiis,
1664 3544 1876 3600 iisdem
1907 3546 2101 3616 magis
2132 3562 2215 3602 er-

562 3641 696 3683 rare
727 3625 892 3698 ipsos
923 3625 1114 3696 argui.
1149 3629 1272 3684 Non
1302 3629 1462 3685 enim
1493 3645 1582 3698 ea,
1607 3647 1741 3704 quin
1773 3635 1992 3691 Paulus
2019 3637 2212 3702 docet,

563 3731 632 3773 ac
659 3715 964 3788 praedicat,
993 3716 1134 3773 vitio
1159 3718 1447 3774 vertimus
1471 3736 1484 3775 :
1515 3721 1618 3776 sed
1647 3738 1766 3794 qua
1790 3724 2027 3780 divinas
2056 3725 2214 3781 illius

561 3821 740 3862 voces
765 3805 1118 3877 depravant,
1147 3807 1658 3878 reprehendimus.
1685 3815 1749 3867 Et
1769 3813 2055 3885 quoniam
2079 3831 2215 3886 quae

559 3909 671 3950 nec
692 3893 840 3950 dixit
869 3910 1136 3968 unquam
1169 3895 1283 3961 ille,
1315 3912 1426 3953 nec
1449 3903 1514 3955 ut
1541 3899 1762 3958 diceret
1786 3905 1839 3957 ei
1872 3904 1930 3959 in
1953 3910 2213 3960 mentem

557 3984 738 4051 venit,
773 3984 853 4040 ad
881 3984 1008 4056 ejus
1039 3984 1405 4042 calumniam
1437 3987 1816 4060 impudenter
1861 3993 2171 4050 adducunt
2198 4009 2211 4048 :

558 4089 754 4145 eaque
801 4073 1026 4129 ratione
1053 4075 1284 4144 justam
1315 4075 1374 4131 in
1414 4078 1637 4148 seipsos
1685 4080 2216 4152 deprehenduntur

559 4163 710 4219 ferre
765 4162 1170 4218 damnationis
1223 4165 1601 4222 sententiam.
1647 4169 1775 4224 Filii
1820 4171 1996 4241 igitur
2041 4172 2215 4244 Spiri-

560 4256 683 4307 tum
731 4251 819 4306 vir
862 4251 957 4307 ille
998 4253 1148 4309 caelo
1179 4253 1473 4320 sublimis,
1507 4272 1542 4312 a
1573 4257 1744 4313 Patre
1788 4261 2036 4316 missum
2087 4277 2213 4317 esse

559 4339 730 4396 dixit.
782 4340 966 4396 Dicito
997 4347 1050 4397 et
1080 4348 1142 4397 tu
1193 4344 1466 4400 eamdem
1499 4361 1567 4401 ac
1597 4347 1811 4404 Paulus
1854 4366 2080 4406 vocem.
2117 4354 2213 4408 Est

557 4430 717 4486 enim
745 4428 868 4486 Filii
890 4429 1132 4501 spiritus
1153 4449 1166 4499 ;
1191 4447 1333 4486 nam
1353 4448 1459 4489 nec
1485 4433 1728 4502 alienus,
1749 4453 1857 4493 nec
1878 4440 2210 4510 pugnantia

553 4520 841 4594 loquitur,
862 4525 967 4575 aut
984 4521 1036 4574 ei
1057 4521 1354 4577 contraria
1373 4524 1602 4578 sancire
1623 4525 1779 4581 visus
1791 4534 1879 4582 est
1902 4545 2169 4600 unquam
2192 4547 2203 4586 :

556 4609 660 4666 sed
691 4609 835 4683 quia
861 4609 1012 4666 sicut
1028 4609 1292 4682 ejusdem
1308 4613 1580 4668 essentiaa
1602 4629 1670 4670 ac
1691 4616 1917 4672 virtutis
1945 4625 2101 4688 sunt,
2129 4623 2208 4676 ita

555 4699 824 4770 ejusdem
862 4716 1100 4773 quoque
1134 4699 1363 4756 consilii
1391 4717 1463 4758 ac
1493 4703 1835 4772 voluntatis,
1873 4707 2207 4781 eodemque

558 4787 814 4845 similiter
843 4790 1027 4847 modo
1045 4789 1121 4845 ad
1145 4805 1331 4846 unum
1355 4790 1686 4850 referuntur
1701 4797 1846 4867 (qua
1868 4797 2013 4853 alter
2035 4803 2206 4855 natus

555 4882 663 4944 est,
697 4877 844 4932 alter
873 4879 1210 4950 processit),
1245 4879 1362 4936 Filii
1396 4881 1675 4953 Spiritum
1703 4888 2089 4956 nuncupavit.
2118 4888 2206 4945 Ita

554 4961 612 5017 hi
655 4977 891 5037 quoque
919 4966 1279 5039 loquantur:
1311 4969 1628 5042 nullusque
1650 4973 1756 5027 erit
1786 4975 1887 5046 qui
1909 4975 2205 5032 haereseos

553 5050 874 5108 insimulet.
907 5057 1032 5112 Non
1065 5057 1231 5122 dixit,
1254 5060 1530 5116 Procedit
1557 5076 1594 5116 a
1615 5061 1770 5119 Filio
1793 5079 1805 5118 :
1831 5064 1994 5136 quod
2025 5065 2071 5120 si
2103 5067 2204 5138 qui

553 5138 774 5206 dicant,
795 5158 929 5197 cum
957 5144 1122 5200 Pauli
1147 5147 1428 5204 doctrinae
1451 5151 1650 5222 injurii
1670 5159 1828 5224 sunt,
1852 5159 1976 5211 tum
2000 5172 2060 5212 se
2080 5157 2206 5229 opi-

554 5229 751 5284 nionis
768 5230 1058 5288 haereticus
1081 5251 1211 5291 reos
1230 5240 1614 5297 constituunt.
1638 5244 1732 5300 Sin
1757 5249 1958 5300 autem
1983 5246 2204 5304 idcirco

552 5319 716 5393 quod
747 5320 958 5376 dicitur
997 5321 1248 5391 Spiritus
1279 5328 1442 5395 Filii,
1476 5331 1652 5387 etiam
1701 5336 2020 5405 procedere
2065 5353 2203 5394 eum

529 5403 917 5478 'existimant,
951 5414 1182 5468 Patrem
1213 5429 1456 5490 quoque
1481 5436 1552 5476 ex
1583 5403 1720 5479 Filio
1752 5425 2075 5496 procedere
2107 5429 2206 5485 do-

623 5593 669 5630 ³³
700 5589 822 5648 Gal.
853 5608 926 5658 Iv,
963 5593 1013 5646 6.

2331 3197 2666 3271 ϐαλλομένους
2753 3199 3012 3272 αἱρέσεως.
3103 3196 3463 3260 Ἐξαπέστειλε
3553 3197 3666 3268 γὰρ,
3739 3194 3882 3265 φασὶν,

2331 3285 2484 3354 εἶπεν,
2518 3291 2543 3340 6
2593 3293 2724 3350 Θεὸς
2765 3291 2824 3341 τό
2885 3295 3090 3360 Πνεῦμα
3163 3295 3254 3340 τοῦ
3319 3289 3446 3339 Υἰοῦ
3513 3287 3670 3338 αὑτοῦ
3726 3280 3881 3356 κρᾶζον

2328 3377 2376 3430 ἐν
2425 3385 2540 3438 ταῖς
2587 3375 2831 3452 καρδίαις
2882 3378 3050 3449 ἡμῶν,
3096 3374 3260 3429 Ἀϐϐᾶ
3309 3376 3334 3427 ό
3365 3381 3590 3450 Πατήρ·
3637 3372 3735 3426 ἀλλ’
3776 3369 3882 3439 οἶγε

2325 3475 2480 3520 τοῦτο
2536 3469 2593 3520 τό
2645 3468 2799 3542 ῥητόν
2846 3471 2940 3525 τὴν
2996 3465 3187 3518 οἰκείαν
3236 3468 3508 3540 κρατύνειν
3563 3463 3772 3536 ἀμαθίαν
3808 3476 3878 3509 νο-

2325 3556 2582 3628 μίζοντες,
2651 3549 2809 3608 ἐκεῖνό
2856 3557 3278 3627 γινωσκέτωσαν,
3338 3555 3408 3616 ὡς
3456 3553 3505 3605 ἓν
3553 3553 3646 3618 οἷς,
3692 3556 3787 3610 τοῖς
3810 3549 3879 3598 τοῦ

2327 3645 2532 3697 Παύλου
2599 3646 2778 3720 ῥητοῖς
2858 3641 3314 3716 ὑπολαμϐάνουσιν
3361 3639 3733 3718 ἓπερείδεσθαι,
3783 3636 3878 3689 ἑαυ-

2323 3737 2447 3797 τοὺς
2518 3734 2706 3807 μᾶλλον
2773 3733 3166 3808 ἁμαρτάνοντας
3235 3731 3623 3803 ἐξελέγχουσιν.
3680 3727 3746 3780 Ού
3799 3725 3876 3796 γὰρ

2325 3823 2510 3884 αὐτούς
2570 3822 2620 3875 ἰν
2667 3823 2744 3884 οἷς
2795 3825 3052 3895 κηρύσσει
3098 3821 3302 3882 Παῦλος
3372 3821 3719 3894 μεμφόμεθα·
3780 3811 3880 3866 ἀλλά

2325 3909 2399 3965 δι’
2446 3913 2512 3964 ὧν
2567 3915 2656 3973 τὰς
2712 3910 2902 3964 ἐκείνου
2953 3913 3316 3971 θεοπνεύστους
3361 3914 3532 3982 φωνὰς
3574 3903 3878 3982 παραχαράσ·

2327 4020 2511 4054 σουσιν
2563 4001 2848 4074 αἰτιώμεθα
2877 4021 2889 4034 ·
2939 4005 3028 4053 καὶ
3087 3997 3122 4052 δ
3128 4004 3324 4074 ιότιπερ
3356 3998 3392 4050 ἃ
3417 4004 3554 4071 μήτε
3583 3993 3709 4051 εἶπεν
3736 3993 3876 4052 αὐτὸς,

2323 4096 2455 4162 μήτε
2511 4094 2632 4144 ποτὶ
2685 4091 2964 4156 ἐνενόησεν,
3036 4089 3108 4150 εἰς
3181 4094 3508 4164 κατηγορίαν
3568 4087 3719 4140 αὐτοῦ
3766 4080 3879 4134 ἄναι-

2325 4188 2620 4252 σχυντοῦσι
2649 4183 2984 4255 προκομίζειν
3018 4200 3030 4212 ο
3060 4177 3154 4231 διὰ
3182 4186 3334 4231 τοῦτο
3380 4175 3596 4230 δικαίαν
3627 4176 3761 4229 αὐτοὶ
3784 4166 3880 4223 καθ’

2322 4269 2514 4322 ἑαυτῶν
2583 4269 2885 4322 ἁλίσκονται
2953 4273 3047 4327 τὴν
3094 4271 3424 4336 κατάγνωσιν
3473 4267 3792 4340 ἐπιφέροντες.
3822 4260 3876 4310 Τὸ

2321 4365 2528 4432 Πνεῦμα
2576 4363 2747 4410 τοίνυν
2797 4365 2890 4411 τοῦ
2935 4359 3058 4410 Υἱοῦ
3089 4359 3114 4409 ό
3146 4360 3426 4430 μετάρσιος
3473 4358 3732 4428 ἄνθρωπος
3771 4349 3880 4417 λέγει

2320 4446 2642 4501 ἀπεστάλθαι
2687 4450 2830 4520 παρὰ
2856 4456 2946 4502 τοῦ
2993 4449 3197 4521 Πατρός
3229 4445 3385 4518 ’λέγε
3432 4451 3524 4498 καὶ
3574 4449 3637 4497 σύ
3681 4446 3763 4499 τὴν
3802 4435 3876 4488 αὖ·

2319 4543 2411 4595 τὴν
2463 4546 2534 4608 τῷ
2589 4536 2774 4608 Παύλῳ
2823 4542 3012 4610 φωνήν.
3065 4534 3238 4589 Ἐστι
3292 4538 3393 4607 γὰρ
3457 4538 3517 4588 τό
3574 4539 3768 4604 Πνεῦμα
3803 4528 3876 4578 τοῦ

2317 4629 2461 4692 Υὶοῦ,
2519 4626 2629 4678 ἐπεὶ
2697 4623 2828 4698 μηδ’
2897 4625 3182 4700 ἀλλότριον,
3254 4620 3385 4696 μηδ’
3453 4622 3876 4696 ἀντιφθεγγόμενσν

2316 4719 2478 4787 αὐτῷ,
2523 4711 2654 4788 μηδ’
2732 4713 3154 4786 ἀντινομοθετοῦν
3230 4716 3375 4785 ὤφθη
3437 4718 3564 4766 ποτέ
3603 4731 3615 4744 ·
3668 4706 3764 4761 ἀλλ’
3812 4704 3876 4756 ὅτι

2315 4808 2488 4879 ὥσπερ
2537 4812 2634 4867 τῆς
2691 4804 2853 4868 αὐτῆς
2911 4804 3091 4866 οὐσίας
3139 4807 3228 4856 καὶ
3295 4799 3588 4875 δυνάμεως,
3645 4799 3767 4852 οὕτω
3805 4794 3876 4844 καὶ

2311 4903 2406 4957 τῆς
2459 4893 2623 4956 αὐτῆς
2701 4892 2897 4966 βουλῆς
2959 4897 3051 4946 καὶ
3121 4897 3354 4966 γνώμης,
3437 4896 3531 4944 καὶ
3604 4896 3688 4949 τῆς
3741 4883 3874 4939 αὐτῆς

2313 4985 2505 5057 ὁμοίως
2533 4986 2663 5058 πρὸς
2693 4985 2750 5036 τό
2799 4983 2848 5035 ἓν
2873 4999 2886 5013 ⁰
2937 4981 2990 5045 ἕξ
3019 4979 3099 5049 οὗ,
3131 4985 3190 5034 τὸ
3230 4985 3339 5054 μὶν,
3371 4986 3674 5052 γεγέννηται
3697 4998 3709 5010 ⁸
3737 4977 3788 5027 τὸ
3809 4966 3872 5033 δὶ,

2314 5072 2641 5147 ἐξεπορεύθη,
2707 5075 3038 5140 συννεύσεως,
3096 5071 3230 5125 εἶπεν
3289 5072 3418 5125 εἰναι
3470 5075 3530 5124 τὸ
3577 5075 3770 5138 Πνεῦμα
3798 5064 3871 5112 *ιόὕ

2313 5165 2457 5216 Υἰοῦ.
2502 5163 2650 5215 Οὕτω
2709 5162 2936 5214 κάκεῖνοι
2989 5161 3273 5234 λεγέτωσαν
3302 5182 3314 5194 ο
3349 5157 3526 5221 οὐδεὶς
3555 5158 3731 5215 αὐτοὺς
3763 5150 3872 5224 αἱρέ-

2317 5271 2440 5312 σεως
2484 5253 2508 5302 ό
2554 5256 2896 5326 γραφόμενος.
2959 5250 3069 5304 Ούκ
3141 5248 3322 5320 εἶπειν,
3393 5250 3744 5323 Ἐκπορεύεται
3798 5241 3870 5326 ἶοῦ

2313 5343 2439 5394 Υἰοῦ
2472 5358 2484 5371 ·
2513 5340 2572 5393 ἂν
2620 5345 2772 5393 τοῦτό
2821 5359 2952 5402 τινες
3003 5340 3214 5411 λέγωσι,
3273 5343 3362 5391 καὶ
3412 5342 3508 5396 τὴν
3569 5333 3760 5390 Παύλου
3803 5322 3871 5378 δι’

2319 5427 2612 5484 δασκαλίαν
2653 5429 2954 5506 ὑϐρίζουσι,
3035 5434 3125 5482 καὶ
3193 5425 3354 5492 δόξης
3413 5429 3670 5503 αἰρετικῆς
3713 5417 3869 5473 αὐτούς

4013 1055 4015 1176 1
