4088 6214
244 347 359 407 805
1504 344 1760 407 EPISTO
1769 349 1859 407 LA

1968 347 2034 404 ’Μ
2074 349 2292 407 LIBER
2331 351 2350 406 Ι
2361 395 2373 408 .
3515 359 3621 416 806

236 475 461 548 ἐνόχους
516 471 872 531 δεικνύουσιν.
922 473 982 528 Εἰ
1027 469 1078 527 δ’
1135 475 1216 527 ὅτι
1265 473 1472 546 λέγεται
1523 477 1580 526 τό
1649 481 1858 547 Πνεῦμα

1968 492 2206 550 cebunt.
2237 493 2462 567 Ubique
2503 495 2660 552 enim
2701 498 2869 554 Pater
2914 496 3039 554 Filii
3093 498 3623 568 dicitur;multos-

238 573 339 619 τοῦ
382 566 526 629 Υἰοῦ,
593 559 687 616 διὰ
728 571 880 616 τοῦτο
933 564 1281 635 φαντάζονται
1323 569 1415 616 καὶ
1469 567 1528 616 τό
1586 562 1856 639 ἐκπορεύε-

1968 596 2085 654 que
2115 581 2174 638 hi
2204 583 2591 655 productores
2622 590 2678 640 et
2708 601 2922 641 causas
2949 587 3020 656 νο,
3041 603 3146 642 seu
3184 594 3458 645 auctores
3492 591 3620 663 Spi-

1967 671 2110 726 ritus
2141 673 2516 729 constituent.
2550 674 2700 729 Nihil
2738 675 2900 730 enim
2940 675 3138 731 minus
3165 678 3345 734 etiam
3368 679 3620 750 Spiritus

1971 761 2280 830 sapientiai
2309 767 2364 818 et
2405 762 2683 831 scientiae,
2716 763 3119 834 intelligentia;
3145 771 3201 820 et
3231 767 3619 835 fortitudinis,

1967 854 2025 904 et
2052 849 2305 906 aliorum
2337 851 2668 908 istiusmodi
2693 854 3035 909 divinorum
3059 854 3358 911 donorum
3381 856 3618 912 dicitur.

1969 939 2022 996 Si
2041 940 2217 1010 igitur
2235 941 2400 1012 quod
2422 940 2637 996 horum
2660 942 2904 1012 Spiritus
2919 943 3170 1009 dicatur,
3194 943 3414 1000 idcirco
3440 946 3623 1002 etiam

1967 1043 2040 1084 ex
2077 1028 2192 1084 illis
2218 1029 2539 1102 procedere
2565 1029 2826 1101 exigunt,
2862 1031 2995 1086 licet
3021 1032 3345 1104 intelligere
3371 1035 3429 1089 in
3456 1036 3623 1106 quod

1966 1133 2066 1173 eos
2085 1119 2300 1174 erroris
2317 1119 2670 1176 barathrum
2691 1119 3016 1192 prtecipites
3038 1125 3196 1193 agat,
3229 1137 3437 1179 eorum
3462 1139 3625 1181 men-

248 1185 396 1242 διότι
446 1191 640 1241 τούτων
685 1191 742 1240 τό
812 1195 1018 1261 Πνεῦμα
1063 1188 1280 1260 λέγεται,
1327 1184 1419 1240 διὰ
1474 1195 1626 1240 τοῦτο
1672 1191 1762 1240 καὶ
1807 1185 1859 1250 ἐξ

1971 1207 2040 1263 tis
2082 1207 2342 1265 solertia.
2650 1216 2652 1218 ’

247 1278 424 1331 αὐτῶν
480 1279 797 1331 ἀπαιτοῦσιν
854 1276 1247 1350 ἐκπορεύεσθαι,
1307 1279 1432 1351 ὁρᾷν
1491 1279 1630 1330 ἔστιν
1689 1277 1857 1329 αὐτῶν

243 1371 306 1421 τὸ
346 1371 503 1436 σοφὸν
550 1374 641 1428 τῆς
691 1366 941 1431 ἐπινοίας,
981 1367 1048 1428 εἰς
1103 1367 1208 1420 οἷον
1238 1365 1502 1441 βάραθρον
1530 1365 1728 1426 πλάνης
1767 1365 1857 1418 αύ-

245 1460 370 1517 τούς
398 1456 812 1530 κατακρημνίζει
850 1462 940 1509 καὶ
971 1456 1266 1527 ἁποπλανᾷ.

328 1546 420 1598 lB’.
453 1545 635 1620 Ἐτὲρῳ
668 1541 728 1598 δε
762 1551 937 1620 τρόπῳ
963 1545 1118 1598 πάλιν
1175 1547 1343 1620 ἕτερον
1393 1543 1706 1619 βλάσφημον
1762 1551 1856 1605 τῆς

2039 1546 2151 1602 XII.
2181 1546 2307 1604 Alio
2339 1553 2626 1620 praaterea
2658 1547 2865 1616 modo,
2907 1547 3027 1605 alia
3078 1549 3294 1604 iterum
3349 1548 3628 1620 blasphe-

249 1634 425 1686 αὐτῶν
481 1636 666 1708 ὁρᾶται
714 1630 874 1697 δόξης
941 1633 1308 1708 ἀναφυόμενον.
1343 1634 1400 1688 Εἰ
1447 1641 1546 1706 γὰρ
1592 1631 1858 1705 ἐκπορεύε-

1968 1636 2107 1704 mia,
2131 1652 2201 1692 ex
2240 1652 2449 1693 eorum
2481 1638 2765 1709 opinione
2787 1637 2926 1693 oriri
2948 1637 3226 1693 cernitur.
3251 1637 3399 1694 Nam
3424 1640 3474 1693 si
3496 1638 3628 1710 Spi-

249 1743 344 1776 ται
369 1727 458 1794 μὲν
515 1727 574 1776 τό
609 1729 816 1796 Πνεῦμα
857 1725 913 1775 ἐκ
943 1731 1034 1776 τοῦ
1060 1726 1185 1777 Υῐοῦ
1214 1744 1226 1757 ’
1283 1724 1388 1796 ούχ
1418 1723 1634 1798 ὕστερον
1674 1717 1732 1773 δε
1764 1729 1858 1782 τῆς

1968 1725 2111 1781 ritus
2138 1743 2172 1780 a
2202 1725 2341 1782 Filio
2368 1727 2654 1798 procedit,
2686 1742 2808 1783 non
2851 1725 3051 1798 utique
3083 1727 3396 1796 posterius,
3431 1743 3627 1799 neque

251 1814 418 1866 αὐτοῦ
471 1818 756 1885 γεννήσεως
821 1810 944 1865 οὐδε
1005 1819 1247 1888 πρότερον
1282 1835 1294 1846 ·
1351 1815 1399 1865 ἐν
1463 1815 1564 1888 γὰρ
1612 1818 1674 1884 τῇ
1729 1831 1856 1863 παν-

1968 1813 2130 1886 prius
2163 1814 2285 1871 Filii
2312 1817 2692 1885 generatione
2717 1815 3017 1887 procedet.
3044 1817 3292 1870 Prorsus
3337 1815 3497 1872 enim
3527 1815 3629 1872 eli-

251 1907 386 1974 αγίᾳ
440 1898 634 1974 Τριάδι
680 1905 746 1954 τὰ
782 1903 1011 1976 χρονικὰ
1057 1910 1223 1955 ταῦτα
1279 1906 1631 1978 προσρήματα
1677 1918 1859 1952 παντε-

1968 1904 2273 1960 minantur
2289 1920 2326 1960 a
2341 1906 2723 1960 sanctissima
2740 1903 3018 1960 Trinitate
3032 1904 3107 1959 ad
3119 1905 3319 1961 verbia
3331 1906 3458 1962 haec
3475 1910 3628 1962 tem-

248 1992 356 2053 λῶς
395 1989 712 2050 ἀπελήλαται
745 2011 757 2024 ο
792 1991 836 2044 εἰ
887 1996 1056 2043 τοὶνυν
1096 1992 1205 2064 ἅμα
1252 1995 1342 2064 μὲν
1385 1989 1716 2064 ἐκπορεύεται
1767 1995 1858 2041 τοῦ

1968 1993 2144 2064 poris.
2179 1993 2235 2048 Si
2261 1993 2439 2063 igitur
2465 1993 2646 2049 simul
2675 1993 2917 2064 quidem
2955 2008 2992 2048 a
3023 1995 3208 2060 Patre,
3244 1994 3545 2064 simulque
3595 2011 3632 2052 θ.

251 2083 484 2156 Πατρός,
533 2080 644 2152 οἶμα
690 2076 747 2132 δὲ
776 2087 868 2132 τοῦ
916 2082 1061 2144 Υἱοῦ,
1109 2077 1576 2153 συδιαιρεθήσεται
1618 2086 1730 2140 ταῖς
1760 2085 1858 2130 τῶν

1968 2079 2108 2135 Filio
2149 2080 2436 2152 procedit,
2462 2081 2540 2137 ab
2592 2081 2855 2153 utrisque
2909 2081 3370 2154 producentium
3411 2085 3631 2155 pariter

249 2169 681 2244 προϐαλλομένων
746 2171 1076 2222 ὑποστάσεσι
1130 2175 1220 2222 καὶ
1277 2169 1403 2222 αὐτὸ
1459 2172 1517 2221 τὸ
1573 2167 1857 2243 προϐαλλόα

1968 2167 2280 2224 distinctus
2332 2171 2600 2241 personis
2629 2169 2738 2224 erit
2765 2186 2777 2224 :
2807 2185 2878 2226 ac
2931 2185 3036 2242 pro
3077 2185 3215 2236 uno,
3248 2171 3468 2243 duplex
3517 2171 3631 2228 illis

251 2279 406 2334 μενον
435 2279 448 2292 ·
473 2263 563 2311 καὶ
591 2256 687 2311 δύο
713 2258 826 2310 ἀνθ’
867 2257 978 2320 ἑνός
1002 2257 1180 2319 αύτοῑς
1230 2260 1380 2310 ἔσται
1427 2262 1484 2310 τό
1531 2265 1738 2330 Πνεῦμα
1767 2278 1780 2290 ·
1799 2258 1858 2309 τό

1968 2258 2074 2313 erit
2103 2258 2374 2330 Spiritus,
2414 2258 2560 2314 alter
2602 2258 2705 2330 qui
2741 2274 2779 2316 a
2829 2259 3016 2326 Patre,
3075 2259 3220 2316 alter
3267 2261 3371 2333 qui
3424 2279 3460 2317 a
3491 2259 3631 2317 Filio

253 2352 372 2420 μὲν,
433 2355 527 2400 τοῦ
573 2351 772 2422 Πατρός
805 2368 818 2380 ·
859 2351 915 2399 τό
967 2343 1046 2412 δὲ,
1105 2355 1197 2400 τοῦ
1269 2349 1392 2400 Υὶοῦ
1443 2347 1858 2420 ἐκπορευόμενον.

1968 2347 2247 2421 procedit.
2280 2349 2433 2405 Sane
2483 2347 2646 2403 enim
2680 2347 2822 2404 nihil
2865 2348 2995 2419 ejus
3048 2351 3324 2406 novitatis
3353 2350 3628 2417 occurrit,

260 2442 365 2491 Καὶ
397 2439 500 2509 γὰρ
541 2431 692 2489 οὐδὲν
751 2434 861 2488 ἐστι
913 2443 1145 2488 τοιοῦτον
1191 2436 1565 2509 καινιςόμενον,
1599 2433 1723 2489 οὐδὲ
1779 2434 1859 2488 ἐπὶ

1968 2453 2080 2493 nec
2110 2437 2168 2492 in
2200 2437 2292 2493 his
2320 2435 2542 2510 quibus
2580 2452 2685 2509 per
2713 2436 3157 2509 generationem
3205 2444 3268 2495 ut
3289 2439 3404 2494 sint
3447 2439 3507 2495 in
3537 2455 3628 2495 re-

254 2535 360 2579 τῶν
415 2522 509 2578 διὰ
552 2529 840 2597 γεννήσεως
875 2523 1132 2578 λαϐόντων
1170 2530 1262 2584 τὴν
1311 2525 1532 2600 ὕπαρξιν
1564 2547 1576 2559 ·
1638 2523 1859 2598 διαφορὰ

1969 2543 2104 2583 rum
2125 2532 2340 2583 natura
2360 2525 2666 2597 contingit.
2695 2527 2933 2582 Diversa
2946 2528 3107 2583 enim
3135 2529 3466 2585 secundum
3491 2531 3630 2585 sub—

256 2619 352 2688 μεν
375 2617 479 2689 γὰρ
531 2615 652 2686 ὁρᾷ-ν
701 2616 816 2666 ἔστι
863 2616 979 2667 καθ’
1012 2616 1306 2667 ὑπόστασιν
1359 2614 1414 2666 ἐκ
1460 2620 1584 2686 μιᾶς
1637 2619 1726 2666 καὶ
1771 2623 1859 2676 τῆς

1972 2617 2244 2673 stantiam
2292 2617 2490 2672 videre
2521 2616 2671 2680 licet,
2713 2632 2850 2688 quae
2867 2632 2940 2672 ex
2977 2632 3095 2672 una
3120 2616 3456 2689 eademque
3493 2617 3633 2673 sub-

256 2702 427 2764 αύτῆς
454 2709 697 2776 προϊόντα
727 2704 1066 2766 ὑποστάσεως
1098 2725 1110 2737 ο
1165 2703 1214 2756 ’ἐν
1247 2700 1304 2757 δε
1335 2709 1426 2757 καὶ
1478 2707 1536 2756 τό
1581 2703 1706 2756 αὐτὸ
1749 2701 1859 2756 καθ’

1973 2707 2328 2778 stantia(seu
2355 2703 2692 2778 hypostasi)
2714 2704 3066 2777 procedunt.
3089 2705 3261 2772 Quod
3287 2721 3425 2762 vero
3443 2722 3630 2762 unum

256 2795 556 2845 ὑπόστασιν
613 2793 670 2845 ἐκ
718 2789 981 2868 διαφόρων
1033 2796 1290 2868 προϊέναι,
1349 2798 1437 2846 καὶ
1490 2798 1562 2866 μὴ
1624 2788 1859 2846 συνδιαι-

1972 2802 2028 2852 et
2056 2796 2218 2852 idem
2249 2793 2582 2850 secundum
2613 2793 3006 2849 substantiam
3046 2809 3115 2850 ex
3142 2793 3392 2850 diversis
3431 2810 3635 2867 proce-

254 2883 470 2956 ρεῖσθαι
537 2889 655 2944 ταῖς
732 2881 1155 2957 προϐαλλομένων
1216 2884 1592 2948 ύποστάσεσιν,
1651 2885 1768 2934 οὔτε
1831 2883 1859 2940 ἠ

1975 2886 2213 2951 dat,nec
2229 2883 2358 2957 pari
2376 2898 2446 2939 ac
2465 2881 2862 2955 producentes
2887 2882 3234 2938 substantiae
3266 2882 3632 2940 distinctioni

247 656 378 707 σθαι
412 675 424 687 ο
472 656 680 706 καὶτὸν
729 658 934 726 Πατέρα
979 661 1069 706 τοῦ
1115 655 1239 706 Υἰοῦ
1284 650 1708 726 δογματίσουσιν
1775 653 1857 705 ἐκ-

240 744 584 816 πορεύεσθαι.
655 740 879 812 Λέγεται
950 745 1050 816 γὰρ
1117 744 1143 794 6
1188 747 1368 816 Πατὴρ
1425 749 1700 813 πανταχοῦ
1767 749 1858 794 τοῦ

243 835 404 887 Υὶού.
472 836 572 884 Καὶ
618 830 831 891 πολλοὺς
889 827 938 883 δ’
983 829 1043 882 ἃν
1092 833 1141 883 οἱ
1187 838 1416 884 τοιοῦτοι
1453 831 1732 905 προϐολέας
1770 837 1857 884 καὶ

245 925 396 974 αἴτια
433 928 526 973 τοῦ
576 923 874 992 Πνεύματος
925 921 1333 979 ὑποστήσονται.
1393 925 1609 992 Λέγεται
1631 922 1731 994 γὰρ
1765 919 1855 972 ού-

247 1008 340 1064 δὲν
387 1009 618 1075 ἔλαττον,
663 1014 753 1062 καὶ
807 1014 991 1082 σοφίας
1047 1017 1277 1082 Πνεῦμα,
1319 1013 1408 1061 καὶ
1455 1016 1714 1081 γνώσεως,
1769 1013 1858 1060 καὶ

248 1097 543 1173 δυνάμεως,
597 1104 686 1152 καὶ
722 1102 968 1152 τοιούτων
1050 1102 1340 1174 θεοπρεπὼν
1399 1098 1584 1151 ἄλλων.
1645 1099 1705 1152 Εἰ
1770 1095 1857 1150 οὖν

253 2975 458 3044 γένεσις
481 2967 639 3038 οἶδεν,
667 2967 792 3024 ούδε
821 2974 940 3024 εἴτι
977 2978 1206 3047 κρεῖττον
1244 2980 1337 3034 τῆς
1365 2977 1626 3044 γενέσεως.

1975 2973 2305 3044 subjaceat,
2333 2987 2528 3044 neque
2551 2971 2857 3041 generatio
2895 2976 3186 3043 ortusque
3219 2971 3632 3042 productionis

1975 3080 2174 3120 rerum
2193 3062 2483 3133 agnoscit,
2508 3077 2615 3118 nec
2633 3061 2679 3116 si
2701 3060 2847 3133 quid
2866 3059 2964 3117 illo
2986 3061 3366 3133 praestantius
3385 3061 3630 3120 exsistit.

333 3149 435 3206 II".
489 3149 594 3204 Καὶ
639 3151 741 3222 γὰρ
772 3144 960 3210 παῖδες
1005 3152 1094 3222 μὲν
1137 3149 1317 3202 πολλοὶ
1346 3150 1614 3217 πολλάκις,
1659 3149 1713 3202 ἐκ
1741 3157 1859 3224 μιᾶς

2044 3152 2188 3208 ΧΙΙΙ.
2221 3152 2446 3208 Etenim
2475 3149 2576 3206 ﬁlii
2618 3149 2786 3206 multi
2816 3165 3232 3222 saepenumero
3262 3166 3336 3206 ex
3385 3165 3504 3206 uno
3537 3165 3634 3206 eo-

254 3243 350 3292 καὶ
403 3245 501 3300 τῆς
553 3237 736 3304 αὐτῆς,
789 3235 1003 3304 νηδύος,
1041 3243 1130 3291 καὶ
1160 3239 1288 3311 οἶμα,
1313 3244 1403 3292 καὶ
1445 3244 1616 3312 χωρὶς
1647 3240 1859 3312 ὁρῶνται

1975 3242 2235 3314 demque
2278 3245 2463 3308 utero,
2495 3245 2554 3296 et
2591 3238 2786 3309 simul,
2815 3245 2869 3294 et
2899 3239 3147 3295 seorsim
3202 3244 3525 3296 cernuntur
3571 3237 3633 3294 in

256 3327 722 3400 τελεσφορούμενοι
749 3348 761 3360 ·
817 3333 907 3380 καὶ
955 3329 985 3386 ἡ
1052 3331 1183 3387 αῦτη
1234 3332 1358 3401 χεὶρ
1405 3334 1496 3380 καὶ
1543 3330 1742 3398 τύπτει,
1777 3332 1859 3380 καί

1974 3330 2170 3387 lucem
2199 3329 2316 3401 edi;
2349 3329 2678 3402 eademque
2705 3343 2922 3384 manus
2954 3333 3012 3384 et
3045 3327 3217 3383 cmdit
3237 3332 3294 3384 et
3326 3326 3544 3394 scribit,
3579 3332 3636 3384 et

254 3419 448 3492 γράφει
499 3422 590 3469 καὶ
639 3416 909 3491 εὐεργετεῖ,
950 3421 1036 3470 καὶ
1093 3421 1221 3492 πρὸς
1296 3420 1352 3469 τὸ
1404 3424 1555 3471 θεῖον
1621 3415 1859 3469 ἀνατείνε-

1975 3419 2270 3477 beneﬁcia
2299 3423 2560 3491 praestat,
2592 3424 2647 3474 et
2675 3418 2752 3474 ad
2782 3419 2971 3472 Deum
3001 3415 3262 3472 tenditur
3302 3433 3316 3472 :
3378 3416 3636 3473 scribere

258 3524 352 3558 ται
385 3526 400 3538 ο
430 3508 488 3557 τό
539 3508 752 3580 γράφειν
783 3501 844 3558 δε
869 3508 1046 3579 χειρὸς
1075 3507 1222 3578 ἔργον
1276 3505 1552 3581 ὀλόκληρον
1607 3505 1718 3578 (12)
1745 3507 1859 3580 όρᾷι

1978 3515 2176 3566 autem
2194 3524 2333 3564 cum
2345 3524 2559 3564 manus
2585 3505 2885 3577 integrum
2908 3521 3058 3578 opus
3081 3505 3297 3574 videre,
3331 3510 3456 3562 tum
3472 3505 3637 3563 simi-

259 3599 357 3646 καὶ
385 3591 547 3655 ποδός
593 3595 784 3667 ὁμοίως
810 3615 822 3628 ο
856 3594 886 3653 ἣ
934 3597 992 3646 τό
1027 3591 1272 3668 βαδίζειν
1302 3597 1555 3657 ὡσαύτως
1578 3615 1678 3647 των
1727 3594 1859 3669 εἰρη-

1978 3599 2108 3656 liter
2133 3597 2304 3671 pedis
2336 3601 2466 3652 :aut
2497 3595 2810 3652 ambulare
2826 3594 3074 3668 perinde
3109 3593 3414 3668 utriusque
3453 3595 3638 3652 dicto-

261 3688 429 3757 μένων
486 3683 750 3758 ἑκατέρου,
801 3684 830 3744 ἦ
873 3687 932 3736 τὸ
973 3683 1178 3757 βλέπειν
1220 3689 1458 3757 ὄμματος
1501 3689 1588 3737 καὶ
1649 3685 1796 3752 ὠτός,
1837 3687 1859 3744 ἧ

1981 3704 2116 3743 rum
2149 3703 2366 3743 munus
2382 3702 2530 3758 esse,
2557 3687 2818 3757 itemque
2834 3685 3146 3740 oculorum
3173 3685 3533 3758 auriumque
3556 3685 3639 3741 vi-

263 3776 336 3826 τά
367 3779 606 3838 τοιαῦτα,
658 3773 752 3825 οὐκ
790 3774 852 3825 οἷν
891 3793 967 3834 τις
1014 3775 1315 3846 καθαρεύων
1347 3773 1698 3836 ἀναισθησίας
1726 3779 1859 3846 νομί-

1983 3777 2143 3840 dere,
2176 3782 2274 3832 aut
2294 3776 2343 3831 si
2367 3791 2491 3848 qua
2519 3773 2809 3846 ejusmodi
2831 3778 2988 3839 sunt,
3015 3788 3195 3828 nemo
3227 3789 3393 3830 same
3424 3775 3637 3830 mentis

265 3881 402 3916 σειεν
436 3884 448 3896 ο
485 3861 590 3916 ἀλλ’
620 3863 793 3937 ὥσπερ
827 3861 1055 3922 ἀλλήλων
1111 3865 1177 3915 τὰ
1221 3867 1354 3936 μέρη
1389 3871 1450 3922 τῆ
1509 3867 1679 3915 οἰκεία
1733 3882 1859 3938 περιρ

1985 3864 2276 3936 putaverit
2309 3880 2321 3917 :
2359 3863 2463 3918 sed
2514 3861 3034 3933 quemadmodum
3079 3861 3355 3917 membra
3384 3878 3494 3918 sua
3525 3863 3638 3918 cir-

263 3959 443 4026 γραφῇ
505 3948 870 4018 διεστήκασιν,
925 3951 1061 4004 οὕτω
1107 3956 1198 4004 καὶ
1275 3953 1305 4010 ἡ
1367 3951 1590 4004 ἑκάστου
1652 3950 1859 4026 ἔνέργειι

1984 3950 2448 4022 cumscriptione
2479 3948 2598 4004 alia
2644 3947 2722 4004 ab
2754 3945 2884 4002 aliis
2915 3946 3197 4002 distincta
3240 3953 3400 4012 sunt,
3454 3949 3538 4004 sic
3582 3954 3640 4006 et

263 4045 397 4115 πρὸς
444 4044 538 4099 τὴν
591 4049 692 4092 τῶν
743 4042 1080 4114 ἐνεργούντων
1135 4043 1292 4112 φύσιν
1321 4037 1729 4112 σννδιαιρεῖται,
1787 4047 1859 4093 κα

1985 4040 2277 4111 cujusque
2292 4039 2376 4093 vis
2395 4053 2467 4092 ex
2487 4035 2863 4107 Operantium
2882 4033 3081 4090 indole
3099 4035 3518 4104 condividitur,
3534 4043 3589 4092 et
3603 4053 3638 4094 a

263 4139 365 4184 τῶν
409 4129 573 4181 ἄλλων
615 4125 1115 4182 συναποδιίσταται.
1176 4133 1275 4182 Καὶ
1332 4128 1418 4182 ἐπὶ
1471 4139 1570 4182 τῶν
1620 4129 1859 4182 παντελῶς

1984 4129 2222 4200 reliquis
2236 4125 2751 4194 condistinguitur.
2766 4124 2957 4195 Atque
2970 4123 3122 4179 adeo
3136 4123 3193 4178 in
3209 4123 3281 4178 iis
3303 4123 3484 4180 etiam
3501 4141 3639 4198 quae

266 4217 328 4273 δὲ
389 4223 788 4292 κεχωρισμένην
839 4219 1110 4291 λαχόντων
1153 4223 1246 4278 τὴν
1285 4221 1600 4286 ὑπόστασιν,
1645 4220 1670 4272 6
1722 4219 1859 4272 αὐτὸς

1987 4219 2216 4290 penitus
2271 4216 2586 4271 discretam
2627 4217 2806 4268 nacta
2839 4218 2979 4268 sunt
3019 4210 3446 4284 substantiam,
3476 4213 3640 4270 idem

265 4309 443 4384 εἰρμός
473 4316 568 4370 τῆς
601 4310 817 4383 θεωρίας
850 4305 1200 4370 διασώζεται.

1985 4303 2506 4378 contemplationis
2547 4301 2697 4358 ordo
2737 4307 3026 4357 servatur.

339 4398 454 4452 IA’.
486 4403 580 4459 Τίς
632 4393 720 4449 οὖν
768 4396 917 4471 ἑτέρα
944 4403 1202 4474 πρόφασις
1257 4405 1370 4460 τοίς
1427 4397 1754 4471 βλασφημεῖν
1799 4401 1859 4451 αἱ·

2056 4398 2185 4453 XlV.
2219 4394 2360 4462 Qum
2386 4393 2561 4464 igitur
2591 4390 2709 4448 alia
2724 4390 3064 4447 volentibus
3097 4389 3525 4463 blasphemare
3554 4408 3643 4449 re-

268 4493 542 4563 ρουμένοις
599 4487 974 4555 ύπολείπεται;
1023 4488 1337 4561 Εύμήχανον
1393 4491 1494 4562 γὰρ
1558 4489 1583 4540 6
1652 4493 1859 4564 πονηρὰ

1985 4487 2150 4560 liqua
2169 4483 2408 4542 occasio
2429 4483 2457 4538 ?
2485 4481 2672 4539 Facile
2693 4481 2853 4537 enim
2880 4480 2985 4554 qui
3016 4496 3202 4552 prava
3231 4487 3320 4537 est
3360 4485 3556 4537 mente
3581 4481 3640 4536 in

268 4578 341 4640 εἰς
396 4575 602 4635 ἀπάτην
636 4596 648 4610 ο
704 4575 798 4628 κᾶν
847 4579 876 4636 ἡ
927 4585 1020 4630 τοῦ
1087 4575 1463 4650 ἀκρογωνιαίου
1511 4577 1656 4631 λίθου
1720 4583 1859 4651 σοφίι

1985 4570 2752 4640 erroremlabitur;tametsi
2779 4569 3082 4642 angularis
3108 4569 3325 4642 lapidis
3349 4569 3643 4641 sapientia

266 4673 358 4720 καὶ
401 4664 642 4739 δύναμις,
688 4661 782 4719 διὰ
813 4675 910 4719 τῶν
967 4666 1128 4718 αὐτοῦ
1183 4667 1503 4740 θεραπόντων
1542 4663 1745 4741 ῥᾳδίως
1788 4667 1859 4720 αύε

1986 4683 2056 4724 ac
2085 4666 2290 4730 virtus,
2321 4679 2425 4735 per
2450 4677 2651 4718 servos
2682 4675 2849 4724 suos,
2875 4675 3082 4714 eorum
3109 4659 3278 4714 facile
3297 4657 3480 4714 elidat
3503 4674 3642 4714 con-

267 4764 362 4810 τοῦ
407 4757 752 4830 καταθραύση
817 4757 882 4808 τὰ
927 4761 1308 4829 μηχανήματα.
1361 4755 1516 4810 Ἀλλά
1568 4762 1620 4810 τί
1676 4760 1859 4810 τούτοιι

1987 4755 2136 4812 silia.
2167 4754 2258 4820 At,
2284 4751 2427 4825 quid
2447 4751 2558 4808 illis
2580 4749 2659 4807 ad
2683 4748 3126 4821 blasphemiam
3149 4747 3449 4820 reliquum
3467 4747 3496 4805 ‘I
3530 4747 3643 4804 Do-

338 4935 390 4970 ³⁸
426 4938 537 4991 Isa.
567 4948 648 5000 xx,
687 4939 732 4988 1.

1841 5059 2070 5118 NOTAE.

336 5212 461 5334 (t2;
499 5209 688 5283 Ἔργον
748 5209 1045 5285 ὁλόκληρον.
1101 5210 1302 5268 Metius
1358 5210 1594 5267 videtur
1663 5211 1878 5282 legisse
1981 5209 2142 5274 dere,
2161 5207 2330 5282 quasi
2368 5205 2438 5263 sit
2470 5205 2709 5262 illorum
2757 5202 3060 5276 disparata
3111 5201 3316 5286 virtus.
3349 5219 3474 5261 non
3523 5221 3646 5262 una

336 5283 431 5334 τάλ
464 5281 586 5334 ηλον
618 5303 631 5315 ο
660 5282 850 5334 mauis
898 5298 1214 5334 conaruum
1257 5298 1401 5334 onus
1433 5300 1446 5334 :
1483 5283 1589 5334 sed
1624 5283 1768 5334 nihil
1801 5283 1878 5334 ad
1981 5280 2446 5334 simplicissima.
2475 5293 2598 5334 qua
2648 5281 2786 5331 sunt
2836 5290 3025 5330 unum
3065 5288 3447 5334 principium.
3481 5293 3642 5332 unus

261 5275 631 5356 κατάλληλον)
655 5282 850 5356 magis
898 5275 1214 5356 congruum
1257 5298 1401 5351 opus
1433 5300 1446 5338 :
1483 5283 1589 5339 sed
1623 5275 1768 5356 nihil
1801 5283 1878 5339 ad
1981 5275 2446 5353 simplicissima,
2475 5293 2617 5356 qua_
2648 5281 2786 5356 sunt
2836 5275 3025 5330 unum
3065 5275 3447 5356 principium,
3476 5293 3642 5356 unus

261 5372 392 5413 rem
419 5345 634 5429 reddit.
654 5345 885 5409 Insulso
913 5345 1154 5429 Photius
1169 5345 1548 5429 argumento,
1566 5355 1876 5429 quodsen-
1980 5345 2209 5429 aucior,
2232 5367 2350 5408 una
2371 5345 2860 5429 causa_Spiri_tuS_,
2894 5362 3026 5428 vere
3055 5345 3405 5429 ‘dormitans
3435 5353 3502 5429 et
3520 5347 3642 5404 ine-

262 5424 685 5501 suum‘vitales
715 5425 1095 5501 Operationes
1121 5416 1432 5501 distincta,
1459 5416 1650 5501 etsua
1671 5428 1878 5501 cuique
1983 5427 2174 5501 ptiens
2190 5416 2483 5501 somniat.
2515 5416 2763 5501 Aliaqu'e
2791 5419 2886 5474 hic
2916 5416 3144 5501 insulsa
3181 5419 3532 5486 deblaterat,
3565 5435 3640 5501 ne

265 5498 510 5572 prOpria
533 5513 644 5572 nec
663 5492 1040 5572 unaintegra
1066 5513 1138 5553 ex
1171 5497 1412 5572 duobus
1437 5497 1595 5553 exire
1616 5492 1823 5572 possit,
1838 5513 1879 5572 _a
1982 5492 2241 5572 veritatis
2296 5493 2546 5567 quidem
2608 5492 2728 5548 ulla
2785 5492 3006 5563 specie,
3059 5492 3125 5550 ut
3177 5506 3396 5565 parum
3449 5492 3643 5548 cautis

267 5568 459 5626 manu
483 5568 794 5624 ambulare
829 5585 864 5625 a
891 5568 1041 5640 pede
1069 5569 1347 5635 scribere,
1380 5575 1513 5636 etc.,
1559 5568 1720 5640 quod
1751 5569 1880 5640 Spi-
1982 5568 2260 5640 obrepat.

267 5641 423 5698 ritus
439 5656 477 5698 a
508 5643 671 5697 Patre
689 5641 994 5714 procedat,
1020 5656 1143 5698 non
1175 5656 1350 5716 posse
1380 5646 1437 5698 et
1452 5657 1488 5698 a
1506 5641 1648 5698 Filio
1671 5655 1878 5716 proce-
