4088 6214
200 294 310 355 809

1476 279 1982 339 EPISTOLARUM
2020 281 2232 337 LIBER
2273 283 2320 338 l.

3465 291 3570 346 8I0

204 439 396 484 νονται,
455 423 546 470 τοῦ
601 422 838 490 Σωτῆρος
885 413 1134 484 λέγοντος,
1193 412 1273 462 ὅτι
1325 414 1396 461 Τὸ
1470 416 1677 480 Πνεῦμα
1753 407 1806 459 ἐκ

1923 406 1982 464 rte
2009 422 2134 463 meo
2174 407 2464 480 accipere,
2495 407 2598 464 sed
2645 409 2854 467 vitiata
2895 409 3106 475 littera,
3137 412 3269 483 ejus
3309 412 3444 469 loco
3493 430 3570 472 ea:

206 516 297 562 τοῦ
363 509 485 580 ἰμοῦ
542 505 788 576 λήψεται,
845 508 934 554 καὶ
993 499 1262 572 ἀναγγελεί
1316 501 1456 572 ύμῖν,
1514 499 1659 550 αύτοὶ
1724 501 1804 563 τὸ,

207 597 264 650 ἐκ
308 605 396 649 τοῦ
461 594 607 668 ἐμοῦ,
665 597 771 664 οὐχ
841 595 904 652 ὡς
954 589 1089 644 εἶπεν
1139 591 1163 641 6
1227 593 1404 662 Σωτὴρ
1460 587 1804 652 ἐξακούοντες,

209 687 335 739 ἀλλά
386 694 540 738 τοῦτο
633 687 1110 758 παραγραφόμενοι,
1170 677 1280 731 ἀνθ’
1335 677 1550 741 ἐκείνου,
1627 681 1684 728 τό
1755 675 1807 738 ἐξ

208 775 331 849 ἓμοῦ
384 774 784 848 ἀντιγράφουσι.
838 779 1001 823 Τοῦτο
1065 771 1165 844 γὰρ
1235 768 1411 828 αὐτοῖς
1475 770 1598 826 ἴσως
1663 763 1807 827 ἔδοξε

208 863 615 924 κατασκευάζειν
697 865 754 913 τὸ
815 859 1078 932 βούλημα.
1158 859 1344 912 Καίτοι
1401 856 1444 908 εἰ
1491 860 1580 907 καὶ
1649 855 1808 915 οὕτως

210 957 398 1026 εἴρητο,
427 954 600 1026 ὥσπερ
646 950 740 1003 ούκ
797 952 1020 1023 εἴρηται,
1067 943 1183 999 οὐδ’
1235 945 1397 1007 οὕτως
1447 945 1622 1005 αὐτοῖς
1669 941 1806 1016 εἶχεν

212 1043 368 1115 ἰσχύν
406 1043 437 1100 ἡ
487 1041 724 1113 ἐπήρεια.
777 1037 851 1090 Ού
901 1039 1001 1109 γὰρ
1063 1035 1140 1088 ἀεὶ
1175 1037 1230 1086 τὸ
1275 1033 1550 1106 λαμϐάνειν
1604 1033 1676 1096 εἰς
1716 1037 1807 1090 τὴν

205 1140 295 1185 τοῦ
324 1131 693 1205 ἐκπορεύεσθαι
723 1124 960 1180 διάνοιαν
1014 1123 1366 1196 λαμϐάνεται·
1400 1123 1506 1174 ἀλλ’
1565 1125 1672 1176 ἔσθ’
1725 1123 1807 1175 ὃτε

207 1225 297 1274 καὶ
325 1219 512 1276 πολλὴν
551 1223 645 1276 τὴν
702 1215 1039 1291 παραλλαγὴν
1084 1215 1460 1265 ύπαινίττεται.
1509 1210 1668 1264 Ἀλλο
1704 1214 1804 1286 γάρ

208 1311 321 1363 ἔστι
348 1312 405 1361 τὸ
456 1305 754 1380 λαμϐάνειν,
792 1310 880 1356 καὶ
933 1302 1262 1377 ἀπαρύεσθαι
1314 1300 1395 1373 ἀφ’
1456 1301 1630 1375 ἐτέρας
1685 1303 1807 1354 ύπο-

211 1400 442 1458 στάσεως
471 1396 643 1469 ἑτέραν
669 1397 961 1446 ὑπόστασιν
997 1414 1008 1426 ·
1043 1397 1133 1443 καὶ
1169 1390 1291 1442 ἄλλο
1339 1393 1394 1442 τὸ
1436 1394 1564 1463 πρὸς
1615 1390 1806 1442 ούσίω-

211 1493 292 1540 σίν
344 1506 396 1539 τε
425 1490 513 1538 καὶ
543 1486 836 1536 ὑπόστασιν
887 1481 1280 1553 ἐκπορεύεσθαι.
1323 1479 1502 1541 Ούτως
1532 1476 1654 1531 οὐδὲ
1693 1486 1808 1554 περὶ

209 1577 342 1629 αύτά
396 1578 462 1628 τά
507 1578 863 1646 σημαινόμενα
914 1579 1013 1623 τῶν
1076 1570 1337 1641 ὀνομάτων
1395 1567 1808 1640 ἀπευθυνομένην

208 1667 394 1738 ἔχουσι
425 1667 517 1721 τὴν
550 1659 804 1714 διάνοιαν.
847 1666 946 1713 Καὶ
977 1663 1020 1712 εἰ
1045 1679 1098 1712 τε
1128 1658 1249 1710 ἄλλο
1293 1659 1414 1732 παρ’
1469 1658 1636 1710 αὐτῶν
1685 1678 1810 1732 προ-

1914 511 2005 552 me
2042 495 2365 551 rescribere
2393 493 2422 550 ?
2449 497 2676 568 Nempe
2730 514 2903 554 suam
2944 499 3084 554 inde
3125 499 3448 570 probatum
3497 502 3567 558 iri

1915 584 2271 639 sententiam
2302 584 2451 640 forte
2497 591 2800 657 putavere.
2835 588 3197 660 Quanquam
3229 589 3338 645 etsi
3370 589 3451 646 ita
3477 589 3566 645 di-

1884 738 1886 740 ν
1915 676 2077 726 ctum
2108 678 2283 741 esset,
2306 673 2392 730 uti
2423 679 2576 730 certe
2597 690 2719 732 non
2736 675 2963 732 dictum
2985 682 3092 742 est,
3125 695 3201 734 ne
3223 680 3306 734 sic
3320 679 3568 752 quidem

1919 760 2099 817 ullam
2116 762 2244 833 ejus
2268 763 2389 818 vim
2407 765 2710 834 aggressio
2725 765 2986 822 haberet.
3004 769 3132 823 Non
3153 768 3314 824 enim
3333 785 3569 842 semper

1915 851 2205 922 accipere,
2235 853 2510 909 eamdem
2537 854 2731 925 ipsam
2761 856 2884 912 vim
2909 856 3093 912 habet
3121 873 3190 914 ac
3221 860 3565 930 procedere,

1915 938 2022 994 sed
2043 941 2402 1014 quandoque
2419 942 2596 1014 longe
2623 960 2911 1016 magnam
2929 946 3336 1004 diversitatem
3360 965 3428 1006 ac
3455 950 3569 1005 dis-

1915 1028 2366 1087 similitudinem
2393 1031 2642 1090 obscure
2662 1034 2904 1091 indicat.
2926 1035 3101 1092 Aliud
3126 1040 3214 1093 est
3238 1038 3397 1094 enim
3419 1040 3570 1096 acci-

1915 1134 2053 1190 pere
2065 1123 2243 1192 atque
2253 1121 2488 1178 haurire
2509 1138 2582 1179 ex
2597 1139 2717 1180 una
2732 1124 3066 1182 substantia
3077 1125 3263 1183 aliam
3295 1128 3568 1185 substan-

1915 1207 2081 1272 tiam,
2115 1214 2294 1282 atque
2325 1210 2488 1266 aliud
2519 1217 2584 1268 ut
2625 1214 2912 1270 exsistens
2945 1230 3078 1270 vere
3121 1215 3460 1274 substantia
3485 1225 3566 1275 at-

1914 1311 2034 1368 que
2059 1313 2316 1368 persona
2345 1302 2687 1372 procedere.
2717 1303 2808 1359 Sic
2829 1320 3025 1377 neque
3065 1305 3222 1361 circa
3262 1307 3429 1379 ipsas
3471 1324 3565 1364 vo-

1916 1401 2054 1442 cum
2087 1388 2554 1457 signiﬁcationes
2585 1397 2809 1449 rectam
2840 1394 3066 1451 habent
3091 1401 3374 1452 mentem.
3408 1403 3489 1452 Ac
3518 1399 3567 1453 si

1915 1475 2061 1546 quid
2090 1477 2255 1532 aliud
2291 1479 2369 1534 ab
2409 1479 2495 1534 eis
2545 1481 2792 1537 allatum
2831 1482 3006 1538 fuerit
3035 1483 3230 1539 eidem
3261 1485 3445 1542 haeret
3473 1487 3572 1542 de-

1919 1566 2186 1620 mentias:
2223 1568 2494 1638 ejusdem
2525 1586 2770 1641 germen
2800 1571 3046 1628 inscitiae
3092 1574 3370 1644 cernitur,
3395 1581 3450 1630 et
3491 1577 3569 1631 ad

1917 1654 2195 1712 eamdem
2219 1656 2455 1714 invertit
2483 1659 2640 1716 lassae
2685 1660 2918 1734 pietatis
2950 1662 3274 1734 perniciem
3309 1680 3380 1722 ac
3426 1665 3570 1721 inte-

206 1755 504 1827 κομισθείη,
554 1759 647 1814 τῆς
679 1751 840 1812 αὐτῆς
887 1753 977 1822 μὲν
1009 1752 1190 1820 ἔχεται
1229 1751 1514 1821 παρανοίας
1543 1769 1555 1780 ·
1585 1755 1680 1809 τῆς
1719 1748 1809 1800 αύ-
1841 1764 1886 1819 Β
1916 1742 2117 1800 ritum.

207 1852 303 1904 τῆς
355 1841 404 1896 δ’
432 1842 661 1914 ἀμαθίας
711 1842 1000 1914 καθορᾶται
1041 1835 1347 1910 βλάστημα,
1399 1841 1489 1890 καὶ
1540 1841 1666 1912 πρὸς
1713 1842 1807 1897 τὴν

209 1934 366 1990 αὐτὴν
396 1934 737 2005 καταστρέφει
763 1936 856 1990 τῆς
890 1925 1125 1986 ἀσεϐείας
1158 1924 1431 1978 ἀπώλειαν.

282 2022 402 2106 Ις.
433 2025 557 2086 Ναὶ,
595 2024 750 2091 Ι[δησίν
785 2039 798 2052 ·
842 2017 948 2069 ἀλλ’
981 2015 1297 2090 Ἀμϐρόσιος
1328 2017 1353 2068 6
1382 2020 1540 2087 μέγας
1568 2020 1658 2068 καὶ
1700 2017 1807 2070 Αύ-

205 2118 479 2184 γουστίνος
529 2114 619 2162 καί
671 2108 990 2181 Ἱερώνυμος,
1051 2111 1139 2157 καί
1182 2124 1316 2166 τινες
1366 2108 1570 2166 τούτοις
1621 2107 1809 2177 ὁμοτα-

205 2208 312 2273 γεὶς
335 2219 389 2252 τε
411 2204 498 2251 καὶ
555 2199 874 2261 ὶσοστάσιοι,
919 2201 1054 2268 μέγα
1085 2199 1243 2266 ἄνομα
1276 2193 1525 2266 λαχόντες
1554 2195 1632 2246 ἐπ’
1688 2193 1809 2268 ἀρε-

207 2297 269 2364 τῇ
320 2295 409 2342 καὶ
457 2288 578 2362 βίου
619 2288 966 2360 λαμπρότητι,
1017 2290 1076 2336 τό
1129 2291 1337 2355 Πνεῦμα
1380 2286 1433 2334 ἐκ
1469 2291 1560 2336 τοῦ
1607 2287 1728 2336 Υὶοῦ
1761 2287 1808 2337 ἐν

206 2379 411 2441 πολλοῖς
462 2381 626 2430 αὐτῶν
682 2376 857 2448 λόγοις
909 2373 1188 2436 συνέταξαν
1239 2375 1630 2446 ἐκπορεύεσθαι.
1706 2378 1806 2427 Καὶ

210 2465 277 2527 δὴ
309 2471 507 2527 τούτοις
535 2467 836 2538 πειθόμεθα,
891 2464 1025 2515 οὕτω
1081 2467 1171 2514 καὶ
1227 2461 1391 2533 λέγειν
1435 2467 1523 2514 καὶ
1565 2469 1760 2538 φρονεῖν
1791 2485 1802 2497 ·

209 2564 300 2610 καὶ
348 2562 418 2628 μὴ
451 2555 724 2627 ἀτιμάζειν
774 2557 1000 2625 πατέρας
1044 2551 1114 2613 εἰς
1170 2553 1434 2624 αἱρετικήν
1481 2548 1637 2614 δόξαν
1693 2549 1806 2605 δια-

210 2647 500 2706 ϐάλλοντες.
558 2643 713 2698 ’Ἐστι
775 2640 834 2695 δὲ
884 2661 1084 2715 πρωτον
1114 2645 1202 2712 μὲν
1259 2644 1316 2692 τὸ
1374 2648 1506 2693 πᾶσι
1544 2639 1807 2716 πρόδηλον

206 2740 334 2809 πρὸς
364 2735 545 2794 αύτούς
597 2734 774 2798 εἰπεῖν,
821 2734 886 2793 ὡς
937 2731 980 2782 εἰ
1029 2727 1178 2793 δέκα,
1223 2731 1251 2787 ἡ
1306 2735 1395 2781 καὶ
1463 2733 1628 2782 ε’ίκοσι
1682 2735 1807 2792 τινες

207 2836 308 2878 τῶν
337 2828 572 2895 Πατέρων
602 2825 794 2879 ταύτην
842 2817 980 2872 εἷπον
1030 2825 1122 2876 τὴν
1159 2823 1347 2890 φωνὴν,
1381 2824 1560 2891 μυρίοι
1609 2817 1667 2872 δὲ
1716 2825 1808 2872 οὔκ

207 2912 540 2985 ἐφθέγξαντο,
600 2915 727 2970 τίνες
803 2911 852 2960 οἱ
931 2911 1163 2978 [ιατέρας
1225 2906 1614 2977 ἐξυϐρίζοντες·
1672 2912 1807 2960 οίτὸ

206 3009 309 3054 πᾶν
361 3001 528 3052 αὐτῶν
561 3008 653 3060 τῆς
717 2997 981 3056 εὐσεϐείας
1040 2996 1086 3047 ἐν
1149 2995 1343 3066 ὀλίγοις
1394 2999 1805 3069 περιγράφοντες,

1987 2015 2124 2070 XVI.
2166 2018 2319 2081 Esto,
2352 2016 2667 2089 inquiunt;
2701 2019 2865 2090 atqui
2913 2035 3172 2090 magnus
3223 2023 3570 2080 Ambrosius

1916 2107 1974 2158 et
1993 2105 2360 2173 Augustinus
2391 2111 2444 2161 et
2476 2106 3396 2182 Hieronymus,aliiquenonnulli
3411 2113 3568 2185 paris

1918 2194 2111 2249 meriti
2139 2199 2316 2266 atque
2355 2195 2600 2261 ordinis,
2629 2197 2861 2253 virtutis
2891 2197 3022 2254 luce
3053 2215 3122 2256 ac
3137 2201 3275 2256 vitae
3307 2201 3568 2258 claritate

1915 2282 2091 2354 longe
2105 2283 2498 2356 conspicuum
2513 2300 2734 2342 nomen
2749 2289 3072 2354 consecuti,
3090 2289 3292 2345 multis
3319 2307 3568 2347 suarum

1915 2371 2403 2430 lucubrationum
2446 2375 2610 2442 locis,
2645 2377 2927 2447 Spiritum
2958 2394 3030 2433 ex
3079 2378 3219 2435 Filio
3249 2381 3570 2452 procedere

1915 2461 2294 2535 scripserunt.
2353 2465 2435 2519 Ac
2490 2480 2634 2520 sane
2683 2481 2912 2522 morem
2959 2468 3245 2537 gerimus,
3274 2474 3337 2524 ut
3367 2471 3450 2525 sic
3491 2470 3572 2526 illi

1916 2557 1972 2608 et
2014 2552 2216 2608 dicant
2259 2559 2313 2610 et
2361 2555 2652 2620 sentiant;
2703 2571 2814 2611 nec
2852 2561 3054 2613 tamen
3096 2558 3387 2615 haereticus
3417 2559 3570 2616 labis

1916 2640 2280 2697 calumniam
2306 2657 2647 2715 noxamque
2677 2644 2947 2700 Patribus
2971 2645 3323 2703 inferamus.
3358 2649 3436 2703 Ac
3453 2648 3567 2720 pri-

1917 2746 2108 2794 mum,
2152 2731 2316 2803 quod
2357 2732 2586 2788 cunctis
2640 2734 3023 2789 manifestum
3064 2740 3172 2801 est,
3207 2740 3572 2809 respondere

1919 2821 1994 2874 ad
2026 2836 2126 2875 eos
2148 2820 2316 2876 licet:
2353 2823 2410 2876 Si
2435 2821 2666 2886 decem,
2719 2839 2824 2878 seu
2855 2823 3033 2879 etiam
3081 2824 3292 2895 viginti
3325 2842 3356 2880 e
3392 2825 3569 2882 Patri-

1919 2908 2029 2964 bus
2059 2909 2214 2966 hanc
2245 2927 2455 2966 vocem
2490 2912 2782 2977 dixerunt,
2817 2914 3070 2969 sexcenti
3101 2929 3241 2970 vero
3272 2930 3342 2971 ac
3393 2915 3571 2970 innu-

1921 3001 2064 3054 meri
2083 3015 2204 3055 non
2225 3000 2500 3056 dixerunt
2524 3019 2537 3067 ;
2561 3003 2812 3072 quinam
2846 3009 2984 3058 sunt
3004 3003 3110 3074 qui
3127 3002 3328 3059 Patres
3349 3004 3571 3076 injuria

207 3097 298 3142 καὶ
359 3093 573 3150 τούτους
648 3087 1138 3158 ἀντιφθεγγομένους
1192 3092 1282 3137 καὶ
1337 3084 1810 3158 ἀντιτασσομένους

1923 3089 2205 3154 afﬁciunt,
2239 3091 2355 3146 iine
2381 3092 2484 3162 qui
2514 3091 2680 3146 brevi
2710 3107 2961 3148 numero
2991 3097 3288 3164 quotquot
3315 3093 3409 3164 pie
3435 3110 3565 3149 sen-

207 3180 588 3251 οἰκουμενικαῐς
644 3173 906 3240 συνοδοις,
961 3180 1050 3226 καὶ
1102 3173 1438 3248 ἀναριθμήτῳ
1469 3175 1653 3233 πλήθει
1705 3179 1810 3228 θεο-

204 3274 375 3343 φόρων
433 3264 635 3342 ἀνδρῶν
689 3264 1112 3337 προϐαλλόμενοι,
1161 3264 1190 3322 ἦ
1247 3266 1296 3315 οἱ
1345 3268 1464 3324 τούς
1517 3265 1809 3319 πολλαπλα-

209 3364 361 3418 cf”;
446 3361 762 3429 συνηγόρους
847 3352 1350 3426 παραλαμϐάνοντες.
1426 3352 1654 3429 ’Υϐρίζει
1730 3377 1810 3419 τις

209 3450 465 3522 Πατέρας,
523 3449 586 3507 ὡς
637 3450 756 3518 φὴς,
787 3449 858 3516 μὴ
899 3444 1058 3516 λέγων
1092 3447 1148 3496 τὸ
1194 3451 1404 3516 Πνεῦμα
1441 3443 1496 3496 ἐκ
1548 3453 1640 3497 τοῦ
1685 3448 1808 3500 Υὶοῦ

207 3537 618 3612 ἐκπορεύεσθαι·
673 3541 764 3586 καὶ
828 3537 928 3608 γὰρ
989 3534 1152 3593 οὕτως
1209 3532 1390 3585 ἐκεῖνοι
1461 3535 1805 3606 ἐφθέγξαντο·

208 3632 437 3687 καὶπῶς
468 3624 572 3696 ούχ
611 3623 813 3699 ὑϐρίζει
864 3622 1285 3684 πολλαπλασίους
1335 3623 1360 3673 6
1408 3631 1560 3675 τοῦτο
1599 3624 1757 3696 λέγων
1793 3645 1806 3694 ;

209 3716 288 3769 Οὐ
330 3717 433 3787 γάρ
460 3714 702 3786 ούμενοῦν
743 3709 978 3784 οὐδαμοῦ
1032 3719 1186 3764 τοῦτο
1225 3711 1548 3784 φθέγξασθαι
1596 3713 1813 3768 κατεδέ-

208 3805 384 3869 ξαντο.
434 3803 556 3859 Αλλ’
616 3801 819 3876 ὑϐρίζει
907 3806 1136 3873 Πατέρας
1190 3802 1214 3852 6
1262 3803 1408 3876 παρά
1463 3806 1555 3859 τὴν
1611 3802 1810 3856 ἐκείνων

209 3915 380 3968 φωνην
405 3893 564 3964 λέγων
593 3909 607 3960 ;
639 3901 748 3954 πῶς
787 3891 892 3963 ούχ
939 3890 1143 3966 ὑϐρίζει
1182 3895 1266 3943 τόν
1319 3894 1488 3942 κοινόν
1547 3898 1810 3951 Δεσπότην

206 3987 232 4036 6
262 3988 360 4042 τὴν
401 3982 588 4035 ἐκείνου
640 3984 1062 4056 παραχαράττων
1122 3985 1310 4052 φωνὴν,
1338 3985 1428 4032 καὶ
1485 3977 1812 4035 διδάσκαλον

209 4073 315 4126 ἀντ’
379 4073 573 4124 ἐκείνου
656 4070 805 4122 ἄλλον
880 4078 969 4131 τῆς
1044 4069 1308 4141 θεολογίας
1381 4069 1809 4143 προϐαλλόμενος.

209 4163 371 4219 Ἀλλά
398 4167 478 4222 τίς
497 4160 636 4232 λέγει
679 4167 853 4226 τοῦτο,
890 4163 979 4222 Τίς
1019 4162 1159 4212 ἔστιν
1206 4161 1231 4210 ό
1266 4158 1518 4231 ὑϐριστὴς
1566 4169 1663 4213 τῶν
1695 4166 1812 4234 περὶ

205 4252 570 4324 Αύγουστίνον
627 4252 714 4301 τὸν
765 4251 896 4322 ἱερὸν
967 4254 1055 4301 καὶ
1106 4248 1404 4322 Ἱερώνυμον
1459 4255 1547 4302 καὶ
1577 4250 1816 4326 Ἀμϐρώ-

211 4361 346 4394 σιον.
405 4339 466 4393 Ὀ
523 4342 736 4399 τούτους
785 4337 1061 4399 ἀντιτιθεὶς
1114 4347 1185 4410 τῷ
1238 4347 1392 4409 κοινῷ
1440 4344 1672 4413 Δεσπότῃ
1727 4346 1816 4393 καὶ

1920 3185 2142 3241 serunt,
2169 3179 2685 3245 circumscribunt,
2713 3196 2937 3252 eosque
2965 3185 3230 3237 statuunt
3271 3182 3368 3254 qui
3405 3198 3566 3238 (seu-

1919 3268 2167 3323 manicis
2215 3269 2464 3340 synodis
2509 3269 2994 3326 contradixerunt
3036 3270 3227 3342 iisque
3275 3271 3570 3327 adversati

1919 3362 2079 3422 sunt,
2101 3357 2561 3430 divinorumque
2585 3358 2846 3424 Patrum,
2870 3365 3099 3431 quanta
3128 3375 3238 3414 nec
3267 3359 3572 3416 numerari

1918 3451 2112 3518 potest
2141 3448 2503 3503 multitudini
2537 3453 2929 3519 anteponunt,
2964 3464 3042 3504 an
3068 3449 3172 3521 qui
3207 3450 3408 3505 multis
3439 3466 3572 3522 par-

1919 3535 2080 3592 tibus
2101 3535 2301 3607 plures
2331 3536 2442 3591 sibi
2479 3540 2766 3608 patronos
2794 3538 3093 3593 asciscunt
3117 3538 3144 3592 ‘2
3170 3537 3396 3608 Injuria
3435 3539 3572 3611 quis

1921 3628 2116 3681 Patres
2147 3625 2344 3691 afficit,
2375 3625 2593 3698 inquis,
2621 3626 2726 3697 qui
2759 3626 3041 3698 Spiritum
3070 3643 3143 3683 ex
3177 3627 3316 3682 Filio
3369 3643 3573 3699 proce-

1919 3715 2059 3770 dere
2080 3730 2202 3770 non
2229 3714 2372 3770 dicit
2405 3730 2416 3769 :
2441 3715 2655 3770 etenim
2691 3715 2774 3770 sic
2794 3715 2880 3771 illi
2909 3717 3090 3772 locuti
3121 3721 3258 3772 sunt
3283 3734 3296 3784 ;
3326 3723 3382 3773 et
3423 3734 3577 3791 quo-

1922 3803 2104 3858 modo
2135 3819 2252 3858 non
2285 3804 2458 3873 longe
2488 3803 2688 3874 plures
2717 3803 2936 3873 injuria
2966 3804 3163 3870 violat,
3198 3805 3296 3877 qui
3331 3806 3446 3862 hoc
3487 3808 3570 3862 di-

1923 3892 2000 3947 cit
2028 3893 2054 3947 ’ἲ
2083 3895 2404 3962 Nunquam
2430 3891 2591 3946 enim
2617 3893 3025 3947 sustinuerunt
3049 3897 3112 3946 ut
3140 3893 3255 3948 hoc
3284 3894 3569 3951 dicerent.

1923 3981 2234 4035 Enimvero
2263 3979 2458 4034 Patres
2508 3978 2726 4048 injuria
2765 3977 2962 4047 afﬁcit,
3002 3980 3107 4050 qui
3173 3984 3573 4052 praeterquam

1921 4069 2087 4141 quod
2117 4068 2199 4124 illi
2228 4067 2404 4124 locuti
2438 4072 2598 4132 sunt,
2641 4065 2783 4122 dicit
2811 4066 2838 4120 ‘I
2867 4069 2936 4122 At
2961 4067 3270 4139 quomodo
3300 4085 3420 4124 non
3453 4087 3577 4127 ma-

1923 4159 2014 4231 gis
2053 4175 2123 4214 ea
2152 4172 2532 4213 communem
2568 4156 2890 4212 Dominum
2916 4155 3118 4222 afﬁcit,
3154 4157 3260 4229 qui
3291 4157 3450 4212 illius
3469 4158 3577 4213 de-

1925 4251 2134 4321 pravat
2180 4263 2248 4304 ac
2297 4247 2625 4318 corrumpit
2671 4261 2903 4311 vocem,
2931 4245 3177 4318 ejusque
3206 4246 3338 4302 loco
3389 4247 3576 4303 alium

1925 4339 2039 4394 sibi
2059 4337 2363 4394 doctorem
2388 4352 2456 4392 ac
2479 4335 2782 4405 theologia
2807 4336 3161 4406 magistrum
3184 4336 3434 4408 praeﬁcit
3454 4339 3482 4394 ?
3510 4339 3578 4392 At

210 4427 529 4500 διδασκάλῳ
555 4427 1048 4501 ἀντιφθεγγομένους
1080 4449 1092 4461 ·
1140 4429 1168 4486 ἣ
1219 4430 1244 4480 6
1298 4425 1465 4500 μηδὲν
1515 4433 1604 4501 μὲν
1651 4439 1811 4482 τοιοῦ-

1925 4428 2030 4499 qui
2058 4429 2173 4483 hoc
2204 4426 2684 4491 dicit?Quisnam
2717 4425 2963 4496 injurias
2978 4430 3284 4481 estcontra
3301 4431 3578 4482 sanctum

207 4540 294 4575 τον
330 4527 516 4582 ποιῶν,
571 4525 746 4571 κοινοῦ
801 4514 860 4570 δέ
909 4521 1171 4570 Δεσπότου
1229 4517 1630 4572 κατακολουθεῖν
1661 4518 1817 4582 ἀξιῶν

209 4612 411 4672 πάντας
437 4616 511 4680 τῷ
551 4611 895 4681 θεσπίσματι.

287 4970 393 5026 ῙΖ’.
453 4967 594 5024 Ἀλλ’
627 4968 671 5022 εἰ
718 4967 909 5034 καλῶς,
956 4971 1135 5041 φησὶν,
1169 4963 1546 5040 ἒδογμάτισαν,
1577 4972 1664 5020 καὶ
1709 4969 1819 5042 χρὴ

210 5064 273 5114 τὸ
316 5060 526 5113 ἐκείνων
563 5059 770 5111 θάλπειν
802 5064 1060 5132 φρόνημα,
1115 5060 1256 5122 τοὺς,
1318 5059 1433 5110 ὅσοι
1479 5060 1689 5118 τούτους
1722 5065 1825 5110 Πα-

208 5153 362 5222 τέρας
409 5147 789 5220 ἐπιγράφουσιν
823 5148 889 5206 ·ἦ
958 5143 1234 5207 δυσσεϐῶς
1263 5144 1419 5212 εἶπον,
1477 5153 1568 5199 καὶ
1629 5144 1707 5199 δεῖ
1755 5153 1825 5216 τῷ

211 5241 470 5313 αἱρετικῷ
563 5241 854 5312 φρονήματι
949 5235 1218 5297 κάκείνους
1323 5234 1823 5288 συναποϐάλλεσθαι.

208 5335 401 5382 Ταῦτα
464 5327 514 5378 οἱ
565 5331 658 5384 τὴν
715 5325 952 5379 ἀσέϐειαν
983 5322 1317 5400 ἀδικώτεροι.
1366 5324 1440 5376 Ού
1496 5327 1596 5397 γὰρ
1629 5325 1824 5396 αύτοῑς,

212 5417 288 5478 ὡς
344 5417 502 5479 ἔοικε,
571 5418 708 5487 μέγα
758 5419 882 5490 πρὸς
968 5412 1205 5466 ἀσέϐειαν
1263 5409 1411 5466 δοκεῖ
1477 5416 1827 5488 κρατυνομένη

211 5506 348 5578 παρ’
391 5503 565 5558 αὐτῶν
585 5511 678 5564 τῆς
719 5503 984 5576 θεολογίας
1021 5505 1050 5562 ἡ
1111 5499 1403 5577 διαστροφή
1438 5523 1451 5535 ο
1504 5502 1612 5554 ἀλλ’
1662 5502 1832 5564 ἀτελὲς

209 5595 481 5669 ἡγοῦνται
525 5595 586 5646 τὸ
633 5589 978 5666 σπούδασμα,
1024 5592 1067 5645 εἰ
1113 5596 1186 5665 μὴ
1238 5597 1327 5646 καὶ
1385 5593 1688 5654 ζητήσωσιν
1749 5593 1835 5645 εύ-

523 5703 760 5758 ΡΑτιιοι..
789 5703 892 5758 Ga.
927 5700 1035 5756 CII.

563 5241 854 5312 φρονήματι

1927 4517 2322 4586 Augustinum
2349 4519 2403 4571 et
2443 4515 2879 4586 Hieronymum
2907 4517 2962 4570 et
2986 4513 3370 4570 Ambrosium
3394 4514 3420 4569 ?
3450 4513 3578 4568 isne

1927 4606 2032 4680 qui
2048 4605 2355 4663 communi
2368 4605 2622 4660 Domino
2640 4610 2817 4676 atque
2837 4603 3122 4672 magistro
3142 4607 3429 4674 tanquam
3443 4617 3581 4656 con-

1927 4696 2110 4754 traria
2135 4695 2370 4752 locutos
2397 4693 2666 4766 opponit,
2695 4709 2773 4748 an
2799 4693 2900 4764 qui
2929 4692 3074 4747 nihil
3099 4690 3396 4763 ejusmodi
3419 4691 3579 4756 facit,

1931 4785 2036 4841 sed
2054 4790 2118 4842 ut
2132 4800 2334 4841 omnes
2347 4781 2902 4838 communisDomini
2915 4780 3223 4836 decretum
3235 4785 3580 4850 sequantur,

1931 4877 2095 4950 cupit
2130 4874 2158 4929 7

2001 4965 2155 5023 XVII.
2216 4966 2289 5021 At
2350 4961 2668 5037 siquidem,
2736 4959 2952 5034 inquit,
3019 4959 3208 5032 probe
3257 4959 3586 5018 docuerunt

1935 5060 2108 5128 atque
2124 5060 2904 5122 senserunt,eorumquoque
2917 5050 3029 5105 illis
3042 5049 3314 5106 omnibus
3328 5049 3589 5108 fovenda

1935 5145 2226 5200 sententia
2241 5148 2348 5211 est,
2371 5142 2475 5215 qui
2503 5157 2604 5197 eos
2635 5142 2838 5196 Patres
2865 5145 3237 5209 agnoscunt:
3273 5141 3364 5196 sin
3386 5146 3587 5196 autem

1937 5233 2117 5305 impie
2141 5233 2320 5288 locuti
2354 5236 2515 5296 sunt,
2567 5245 2688 5285 una
2726 5245 2859 5284 cum
2889 5228 3169 5286 hacretico
3198 5245 3379 5286 sensu
3409 5235 3466 5286 et
3506 5229 3589 5286 illi

1937 5322 2296 5396 explodendi
2331 5325 2489 5376 sunt.
2517 5319 2653 5375 Haec
2686 5319 2769 5374 ita
2801 5318 2904 5389 qui
2937 5319 3150 5390 majori
3179 5319 3397 5376 scelere
3423 5319 3595 5376 litant

1939 5413 2229 5484 impietati
2262 5429 2274 5467 :
2306 5414 2430 5467 Non
2462 5411 2624 5466 enim
2651 5408 2798 5481 ipsis
2833 5409 2918 5479 (ut
2946 5407 3083 5465 licet
3121 5409 3440 5481 conjicere)
3467 5425 3592 5465 ma-

1942 5517 2132 5574 gnum
2155 5500 2386 5556 videtur
2416 5499 2494 5555 ad
2526 5497 2914 5570 impietatem,
2947 5501 3011 5552 ut
3057 5513 3245 5570 quam
3304 5497 3596 5552 inducunt

1943 5589 2257 5661 theologia;
2323 5588 2768 5661 perversionem
2795 5589 3080 5658 statuant,
3146 5586 3253 5642 sed
3292 5585 3457 5659 quod
3516 5585 3598 5642 ita

3209 5693 3280 5748 26
