4088 6214
596 265 696 320 811

1833 252 2076 308 PHOTII
2113 254 2594 311 PATRIARCHAZ
2633 257 2746 312 ΟΡ.

600 389 926 446 moliuntur
946 386 1360 460 imperfectum
1381 381 1738 448 existimant,
1758 377 1868 433 nisi
1895 379 2072 434 etiam
2094 397 2237 453 qum

2359 389 2485 457 ρεῖν,
2536 383 2624 444 οὓς
2673 388 2903 457 Πατέρας
2946 385 3186 453 καλοῦσι,
3246 383 3340 438 διά
3387 393 3476 449 τῆς
3508 391 3715 450 τοιαύτης
3744 391 3852 461 by».

597 485 734 537 rant
760 478 1044 542 invenire,
1074 491 1227 548 quos
1258 475 1453 530 Patres
1484 473 1718 534 vocant,
1773 469 2085 538 quomodo
2139 469 2255 524 im-

599 569 793 641 proba
806 583 878 624 ea
896 565 1178 636 indagine
1193 580 1263 620 ac
1280 559 1672 618 verendorum
1694 557 2025 613 detectione
2039 558 2254 630 injuria

600 658 902 715 afﬁciant:
942 657 1053 712 hac
1087 668 1330 726 quoque
1362 655 1530 722 parte
1559 663 1732 703 veros
1759 647 1943 702 Cham
1975 647 2133 702 illius
2163 647 2251 703 di-

600 746 862 819 scipulos
887 760 1011 800 sese
1033 740 1504 810 exhibentes,qui
1529 736 1755 792 nedum
1784 736 1968 808 patris
1991 736 2253 792 verenda

600 852 721 893 non
752 833 1008 899 obtexit;
1041 846 1246 886 verum
1269 829 1448 884 etiam
1477 825 1812 897 impudenti
1837 840 1938 880 ore
1965 825 2252 897 vultuque

599 921 1009 981 subsannavit.
1035 923 1214 978 Secus
1231 934 1372 974 vero
1392 915 1658 972 Ecclesiae
1673 913 1920 979 alumni,
1951 930 2060 969 nec
2080 915 2253 986 quid-

596 1030 782 1087 quam
808 1027 978 1069 sacra
1022 1011 1388 1066 documenta
1424 1005 1610 1071 obliti,
1646 1005 1778 1060 Sem
1810 1009 1868 1059 et
1895 1005 2106 1074 Japhet
2135 1003 2245 1059 hae-

596 1106 790 1160 rentes
841 1101 1120 1169 vestigiis,
1151 1115 1290 1155 cum
1319 1102 1629 1169 paternam
1665 1093 2087 1165 turpitudinem
2139 1109 2252 1148 no-

593 1195 811 1248 verunt
839 1189 1158 1254 occultare,
1185 1193 1312 1244 tum
1345 1186 1528 1242 Cham
1561 1183 1718 1239 illius
1769 1182 2022 1238 aemulos
2052 1198 2251 1255 repro—

593 1279 738 1337 bare
768 1295 838 1336 ac
861 1278 1146 1336 aversari.

665 1369 864 1424 XVIII.
892 1368 1180 1424 Praeterea
1229 1380 1391 1430 vero,
1427 1367 1476 1417 si
1524 1378 1676 1433 quos
1731 1361 2005 1432 superius
2056 1364 2250 1417 Patres

595 1459 1086 1523 memoravimus,
1122 1455 1270 1513 nihil
1311 1453 1620 1511 communi
1648 1453 1901 1508 Domino
1933 1453 2246 1508 contraria.

593 1550 941 1621 loquuntur,
963 1563 1037 1602 ne
1057 1562 1167 1602 nos
1185 1545 1434 1618 quidem
1456 1543 1569 1598 illis
1593 1543 1908 1614 loquemur
1930 1543 2247 1600 contraria.

599 1639 699 1695 Sin
726 1643 926 1694 autem
949 1652 1052 1692 vos
1069 1636 1262 1691 dicitis
1293 1633 1615 1689 Dominici}:
1641 1647 1744 1686 eos
1768 1632 1899 1685 voci
1925 1631 2246 1698 adversari,

2359 491 2513 543 μονος
2541 471 2766 543 ἐρεύνης,
2821 479 2910 526 καὶ
2952 483 3043 536 τῆς
3076 483 3176 526 τῶν
3211 475 3522 549 ἀσχημόνων
3561 476 3854 550 ἀνακαλύψω,

2361 563 2497 623 ὅπως
2545 561 2805 636 ύϐρίσωσι
2841 584 2854 596 ο
2912 560 3196 625 δεικνύντες
3243 566 3431 627 αύτούς
3496 567 3728 620 κάνταῦθα
3779 591 3857 639 ’ρι-

2363 654 2505 710 σίους
2543 659 2634 702 τοῦ
2677 653 2801 723 Χὰμ
2830 654 3088 723 μαθητὰς,
3118 653 3172 715 ὃς
3202 659 3295 712 τὴν
3343 662 3431 707 τοῦ
3473 660 3650 729 πατρὸς
3689 655 3860 729 ἀσχημο-

2363 743 2522 798 σύνην
2549 741 2607 792 ού
2637 741 3005 812 συνεκάλυψεν,
3037 739 3244 795 ἀναιδεῖ
3294 740 3330 796 δ
3334 747 3354 796 ε
3392 751 3633 818 προσώπῳ
3662 743 3862 817 διεχλεύα-

2362 850 2466 883 σεν.
2526 829 2661 883 Ἀλλ’
2707 833 2755 882 οἱ
2800 841 2893 892 τῆς
2934 833 3251 894 Ἐκκλησίας
3295 839 3548 906 τρόφιμοι,
3589 841 3666 887 καὶ
3708 845 3782 887 τῶν
3824 841 3862 889 ἱε-

2359 927 2460 990 ρών
2510 922 2834 991 μαθημάτων
2878 921 2972 972 οὐκ
3028 921 3382 994 ἐπιλήσμονες,
3423 927 3550 975 κατά
3590 929 3665 976 τόν
3693 930 3777 996 Σὲμ
3806 935 3863 978 καὶ

2361 1010 2550 1080 Ίάφεθ,
2584 1015 2672 1061 καὶ
2711 1015 2804 1067 τὴν
2855 1016 3113 1085 πατρικὴν
3168 1010 3544 1084 ἀσχημοσύνην
3588 1012 3864 1068 imitabimin

2361 1096 2684 1163 ἐπίστανται,
2733 1104 2822 1151 καῖ
2875 1104 2999 1160 τοὺς
3051 1105 3283 1173 μιμητὰς
3329 1110 3418 1154 τοῦ
3480 1105 3589 1174 Χάμ
3651 1115 3864 1175 xum/nos-

2361 1205 2566 1248 σκοντες
2601 1185 3033 1262 ἀποστρέφονται.

2431 1371 2534 1418 ΙΗ’.
2567 1365 2762 1426 Ἀλλως
2800 1385 2853 1418 τε
2884 1363 2963 1430 δὲ,
2998 1367 3040 1418 εἰ
3087 1369 3178 1439 μὲν
3229 1365 3414 1439 μηδὲν,
3459 1369 3592 1430 ούςό
3637 1369 3869 1440 λόγοςᾶνω·

2362 1455 2440 1506 θεν
2496 1456 2586 1526 ἔφη
2623 1459 2865 1526 [Ιατέρας,
2909 1463 2979 1524 τῷ
3019 1465 3174 1526 κοινῷ
3221 1463 3452 1530 Δεσπότῃ
3507 1457 3866 1530 ἀντιφθέγγονται,

2358 1540 2473 1595 οὐδ’
2530 1546 2678 1613 ἡμεῖς
2732 1546 2936 1606 τούτοις
2968 1543 3408 1616 ἀντιφθεγξόμεθα
3442 1569 3453 1579 -
3485 1548 3527 1598 εἰ
3557 1544 3601 1599 δ’
3637 1550 3754 1617 ὑμεῖς
3781 1565 3868 1617 φατε

2359 1635 2426 1693 ὡς
2457 1640 2517 1704 τῇ
2551 1639 2840 1705 Δεσποτικῇ
2878 1641 3015 1705 φωνῇ
3060 1633 3506 1706 ἀντιφθέγγονται,
3555 1638 3680 1708 ὑμῶν
3727 1642 3868 1688 ἐστιτέ

596 1733 862 1783 vestrum
893 1735 978 1782 est
1009 1733 1071 1779 ut
1100 1731 1156 1780 et
1200 1722 1519 1778 Dominum
1569 1721 1680 1775 illis
1736 1720 2127 1792 postponatis,
2161 1721 2237 1792 ip-

2358 1727 2446 1774 καὶ
2486 1727 2570 1773 τόν
2603 1727 2866 1779 Δεσπότην
2918 1719 3157 1797 δεύτερον
3215 1723 3414 1776 ἐκείνων
3467 1735 3634 1790 ποιεῖν,
3673 1725 3868 1783 κάκείνους

597 1832 819 1888 sosque
876 1815 1056 1886 spreti
1087 1812 1378 1868 Dominici
1418 1809 1696 1882 praecepti
1725 1825 1879 1874 reos,
1913 1810 1969 1863 in
1998 1809 2249 1864 inevita-

600 1906 729 1962 bilis
744 1906 766 1976 j
780 1903 935 1960 udici
948 1918 1171 1959 noxam
1187 1917 1255 1957 ac
1273 1899 1720 1956 damnationem
1738 1899 2008 1953 trutadis.
2027 1899 2248 1963 Quanta

593 2009 735 2050 vero
747 1993 881 2066 quis
912 2007 1020 2064 pro
1041 1989 1232 2046 beatis
1248 1989 1364 2046 illis
1383 1987 1523 2043 viris
1551 1987 1741 2058 possit
1769 1986 2244 2052 dicere?Quantaa

593 2084 752 2139 enim
782 2097 977 2138 rerum
1017 2080 1520 2152 negotiorumque
1569 2075 1992 2148 perplexitates
2020 2077 2244 2133 multos

592 2177 916 2241 coegerunt
948 2173 1012 2225 ut
1045 2167 1261 2240 partim
1302 2164 1458 2222 male
1509 2165 2062 2236 interpretarentur,
2113 2181 2246 2236 par-

590 2261 694 2317 tim
728 2258 1176 2331 dispensatione
1219 2255 1491 2328 quadam
1539 2253 1940 2325 loquerentur,
1995 2269 2131 2309 cum
2189 2259 2246 2310 et

590 2348 882 2406 increduli
907 2343 1522 2409 adversarentur,etin
1539 2358 1724 2414 quam
1745 2342 2007 2414 prolapsi
2027 2350 2242 2410 essent,

588 2437 946 2509 ignorantia,
989 2440 1053 2491 ut
1083 2450 1147 2489 se
1194 2432 1412 2489 habent
1441 2447 1535 2486 res
1561 2431 1864 2486 humanas.
1885 2431 2046 2485 Alius
2076 2448 2246 2488 nam-

590 2543 709 2598 que
738 2526 1050 2582 decertans
1090 2522 1377 2579 adversus
1423 2520 1767 2585 haareticos;
1801 2519 1952 2574 alius
2005 2537 2108 2591 pro
2139 2539 2247 2578 au-

591 2615 855 2671 ditorum
908 2611 1316 2669 imbecillitate
1369 2609 1704 2680 composita
1736 2609 2028 2676 doctrina,
2060 2615 2242 2683 atque

591 2705 743 2760 alius
769 2703 934 2760 aliud
958 2701 1107 2774 quid
1133 2700 1404 2764 moliens,
1429 2705 1484 2754 et
1505 2714 1643 2753 cum
1672 2699 1884 2768 majori
1907 2698 2107 2771 aliquo
2126 2701 2245 2757 line

591 2793 669 2851 ab
701 2796 983 2850 accurata
1007 2788 1328 2862 disciplina
1347 2804 1466 2844 non
1494 2786 1779 2859 paucisin
1811 2788 1990 2843 rebus
2025 2795 2245 2861 tempe-

587 2898 721 2940 rare
751 2880 1236 2951 submissiusque
1268 2893 1444 2950 agere
1485 2883 1722 2948 tempus
1769 2877 2071 2944 suaderet,
2115 2883 2243 2934 tum

587 2973 767 3029 locuti
814 2975 972 3036 sunt,
1005 2974 1206 3026 tumve
1237 2973 1504 3039 egerunt,
1535 2982 1666 3038 quae
1709 2965 1887 3022 nobis
1921 2982 2030 3022 nec
2077 2966 2242 3039 loqui

587 3078 697 3120 nec
723 3076 900 3133 agere
921 3060 1076 3116 licet.

660 3153 791 3208 XIX.
823 3153 888 3206 Et
929 3154 994 3206 ut
1040 3147 1300 3220 reliquos
1328 3145 1618 3211 omittam,
1640 3146 1966 3219 perpende,
2009 3162 2237 3218 quasso,

584 3238 1010 3298 admirandum
1036 3237 1287 3294 Paulum
1302 3251 1372 3292 ac
1389 3235 1545 3291 orbis
1572 3238 1926 3304 magistrum
1947 3241 2007 3291 ut
2027 3236 2239 3292 sancti-

585 3331 818 3394 ﬁcatus,
847 3332 910 3385 ut
956 3342 1170 3392 rasus;
1203 3341 1306 3381 eos
1353 3324 1460 3396 qui
1506 3339 1712 3380 recens
1751 3326 1829 3378 ad
1861 3323 2236 3394 disciplinam

586 3418 858 3474 animum
882 3416 1259 3487 adjecissent,
1281 3427 1401 3469 non
1415 3412 1605 3468 solido
1632 3412 1789 3476 cibo,
1823 3412 1920 3466 sed
1946 3411 2097 3466 lacte
2121 3412 2235 3468 ale-

585 3511 690 3562 ret.
732 3511 814 3560 Ac
866 3505 913 3559 si
957 3504 1092 3574 quis
1122 3503 1406 3573 deinceps
1447 3516 1758 3556 sacrorum
1790 3501 2054 3556 virorum
2103 3503 2235 3557 cho-

584 3609 719 3650 rum
750 3595 1071 3665 percurrat,
1110 3590 1235 3646 vitai
1265 3605 1444 3646 omne
1477 3595 1710 3661 tempus
1743 3595 1884 3645 teret
1915 3589 2053 3645 talia
2106 3605 2233 3663 per-

587 3680 904 3746 censendo,
929 3685 984 3737 et
1013 3683 1079 3736 ut
1132 3693 1203 3734 ea
1231 3677 1587 3734 conscribat.
1613 3678 1669 3733 Si
1720 3677 1855 3749 quis
1901 3677 2062 3734 enim
2095 3695 2234 3735 vero

2360 1807 2454 1863 διὰ
2483 1816 2538 1863 τό
2591 1816 2684 1868 τὴν
2716 1817 3036 1869 Δεσπότικὴν
3086 1810 3325 1886 παριδεῖν
3385 1813 3598 1878 ἐντολὴν,
3647 1815 3868 1867 ἀπελαύνω

2359 1900 2424 1959 εἰς
2472 1903 2529 1951 τό
2574 1907 2664 1951 τοῦ
2716 1905 2972 1974 κρίματος
3020 1899 3397 1972 ἀπαραίτητον.
3456 1910 3596 1955 Πόσα
3645 1900 3686 1955 δ’
3735 1905 3782 1954 ἀν
3818 1920 3870 1960 τις

2357 1989 2482 2060 ὑπερ
2512 1998 2609 2040 τῶν
2662 1993 2932 2062 μακαρίων
2964 1985 3165 2063 ἀνδρων
3208 1993 3407 2041 ἐκείνων
3434 1995 3564 2043 εἴποι
3590 2008 3602 2054 ;
3643 1996 3781 2043 Πόσαι
3801 1993 3866 2060 γὰρ

2356 2081 2690 2148 περιστάσεις
2767 2077 3090 2152 πραγμάτων
3168 2078 3390 2141 πολλοὺς
3468 2080 3764 2143 ἐξεϐιάζοντο,
3827 2081 3869 2128 τὰ

2355 2170 2444 2239 μὲν
2474 2166 2965 2240 παραφθέγξασθαι,
3018 2170 3083 2218 τὰ
3139 2164 3198 2220 δι
3249 2172 3382 2240 πρὸς
3435 2169 3705 2241 οἰκονομίαν
3739 2167 3866 2228 εἰπεῖν,

2356 2258 2420 2307 τὰ
2474 2254 2552 2320 δὲ,
2603 2260 2693 2307 καὶ
2746 2263 2844 2306 τῶν
2881 2254 3227 2308 ἀπειθούντων
3287 2257 3686 2321 ἐπαναστάντων,
3730 2260 3778 2308 τὰ
3812 2253 3867 2320 δὲ,

2354 2349 2444 2396 καὶ
2485 2343 2668 2416 ἀγνοίᾳ
2720 2344 2805 2396 οἶα
2847 2340 2914 2402 δὴ
2969 2345 3349 2417 περιολισθεῐσι
3403 2346 3698 2422 ἀνθρώπινα.
3737 2343 3868 2402 Ἄλλος

2353 2437 2454 2506 γὰρ
2488 2438 2618 2508 πρός
2666 2437 2781 2494 τοὺς
2819 2434 3178 2508 αἰρετίζοντας
3222 2431 3611 2509 διαμαχόμενος
3643 2458 3652 2469 ·
3691 2434 3866 2503 ἀλλοςτῇ

3516 2525 3656 2586 ὢλος
3697 2523 3792 2575 ἄλλο
3837 2539 3870 2570 τι

2356 2607 2813 2686 διαπραττόμενος,
2869 2617 2957 2664 καὶ
3027 2616 3114 2664 τὸν
3195 2618 3380 2686 καιρὸν
3438 2618 3571 2687 ἔχων
3622 2614 3758 2666 πολλὰ
3812 2618 3872 2668 τῆς

2357 2521 2594 2594 ἀσθενείᾳ
2646 2527 2941 2593 συγκατιὼν
2992 2532 3092 2575 τῶν
3150 2522 3418 2597 ἀκροατῶν
3449 2547 3461 2558 ο

2356 2699 2623 2773 ἀκριϐείας
2693 2702 3000 2771 καθυφεῖναι
3053 2702 3461 2775 παρακαλοῦντα
3506 2705 3587 2756 ἐπὶ
3635 2703 3743 2755 τέλει
3794 2703 3875 2770 μεί-

2357 2789 2467 2849 ζονι
2519 2794 2608 2840 καὶ
2643 2785 2766 2854 εἶπε,
2843 2794 2932 2840 καὶ
3007 2790 3239 2863 ἔπραξεν,
3294 2790 3329 2842 ἃ
3385 2797 3515 2864 μήτε
3580 2791 3724 2844 λαλεῖν
3767 2791 3869 2860 ἡμῖν,

2354 2884 2485 2951 μήτε
2510 2880 2749 2951 πράττειν
2779 2877 2964 2940 ἔξεστι.

2425 3145 2534 3200 ΙΘ’.
2593 3151 2692 3199 Καὶ
2725 3148 2806 3199 ἵνα
2853 3149 3036 3212 ἄλλους
3087 3149 3245 3214 ἐάσω,
3289 3148 3446 3204 ἐννόει
3493 3170 3579 3224 μοι
3617 3157 3698 3202 τοῦ
3725 3150 3871 3218 θαυμα-

2353 3240 2469 3288 σίου
2503 3236 2708 3289 Παύλου
2741 3242 2828 3290 καὶ
2859 3236 3189 3292 διδασκάλου
3222 3248 3317 3300 τῆς
3347 3241 3642 3313 οἰκουμένης
3676 3243 3748 3291 τόν
3767 3237 3874 3307 ἁγια-

2350 3329 2500 3397 σμόν,
2563 3328 2621 3376 τὸ
2679 3325 2927 3401 ξύρεσθαι
2998 3329 3142 3397 (14)·
3195 3331 3254 3380 τό
3306 3329 3532 3399 γάλακτι
3575 3334 3742 3403 τρέφειν
3790 3327 3875 3380 τοὺς

2346 3415 2467 3485 οῖρτι
2513 3416 2924 3486 καθισταμένους
2964 3420 3089 3488 πρός
3144 3418 3403 3488 μάθησιν,
3456 3419 3621 3472 καῖού
3670 3415 3872 3489 βρώματι.

2349 3501 2590 3555 Κάκεῖθεν
2631 3502 2808 3566 ὶθεξῆς
2841 3507 2996 3568 εἴτις
3050 3514 3148 3558 τῶν
3209 3508 3357 3580 ἱερῶν
3406 3506 3605 3582 ἀνδρῶν
3653 3511 3727 3558 τόν
3756 3504 3874 3575 χορόν

2345 3587 2560 3655 διέλθοι,
2603 3592 2715 3644 ὅλον
2759 3591 3031 3666 ἀνθρώπου
3071 3594 3387 3668 κατατρίψω
3441 3596 3575 3670 βίον,
3625 3598 3682 3648 τὰ
3714 3599 3874 3645 torri?!

2344 3679 2650 3753 ἐξαριθμών,
2703 3688 2790 3734 καὶ
2841 3689 3176 3757 γραφόμενος.
3253 3683 3419 3739 Ἀλλὰ
3467 3689 3561 3759 γὰρ
3619 3688 3658 3737 εἰ
3699 3703 3765 3744 τις
3805 3685 3876 3730 τῶν

2152 3860 2194 3914 Ν
2202 3859 2381 3916 ΟΤιΕ.

658 4040 771 4113 (14)
833 4039 964 4113 Τόνψ
989 4037 1270 4113 ἁγιασμόν,
1324 4039 1382 4088 τὸ
1417 4035 1708 4113 ξύρεσθαι.
1772 4037 1930 4113 Sunt
1979 4036 2103 4113 haec
2154 4036 2234 4113 ie-

583 4107 902 4185 galia,quas
930 4107 1596 4185 Paulus'Hierosolymis
1616 4107 1978 4174 observavit,
2001 4109 2234 4185 _Jacobo

583 4180 712 4255 Ejus
743 4180 906 4240 urbis
936 4185 1220 4254 episcopo
1243 4180 1322 4236 illi
1369 4186 1634 4255 auclore,
1666 4181 2234 4255 quorumobserya-

585 4250 741 4312 tione
787 4250 1109 4326 placandos
1145 4250 1443 4326 'putaverc
1495 4251 1684 4326 Paulo
1732 4250 2084 4326 infensiores
2141 4253 2236 4306 Ju-

582 4322 852 4384 daaoru’m
890 4326 1125 4380 animos
1148 4322 1184 4390 ;“
1203 4324 1309 4377 etsi
1338 4328 1556 4377 conatu
1590 4322 1774 4376 irrito.
1807 4325 1949 4387 Quae
1996 4324 2231 4394 dispen-

582 4380 732 4455 satio
755 4380 899 4453 nihil
921 4397 1068 4451 dum
1090 4380 1553 4462 ﬁdeiofﬁciebat,
1570 4409 1706 4447 cum
1733 4380 1993 4450 necdum
2014 4380 2231 4464 legalia
2261 4380 2303 4432 D

581 4475 782 4528 essent
813 4467 1135 4543 mortifera,
1161 4467 1209 4543 si
1239 4466 1381 4543 quis.
1403 4466 1462 4518 in
1489 4465 1572 4518 eis
1595 4479 1760 4543 spem
1793 4479 1912 4519 non
1945 4476 2226 4543 poneret;

581 4545 684 4599 sed
719 4559 822 4615 per
848 4536 1274 4615 tiilchChristi
1301 4536 1551 4615 salutem
1579 4536 1699 4615 _sibi
1733 4543 2052 4615 arrogaret.
2090 4539 2229 4602 Quae

580 4607 940 4688 dispensatio
980 4610 1126 4688 nihil
1167 4610 1373 4688 attinet
1404 4607 1480 4662 ad
1513 4607 1722 4688 relatos
1753 4608 1972 4688 Patres,
1997 4608 2228 4680 hocque

579 4679 862 4742 doctrina:
883 4683 1232 4756 capitulum,
1265 4681 1340 4734 ad
1362 4679 1533 4756 quod
1564 4679 1702 4733 nihil
1728 4681 1995 4756 cogebat,
2021 4679 2227 4735 eorum

579 4774 714 4828 quae
765 4750 1002 4813 Pliotius
1066 4761 1225 4811 tanto
1259 4751 1572 4828 verborum
1623 4750 1851 4828 ambitu
1885 4759 2224 4828 exaggerat.

581 4823 715 4883 Erat
737 4829 970 4884 illorum
996 4827 1463 4882 eruditissimum
1496 4823 1808 4887 saeculum,
1841 4839 2080 4878 summa
2135 4825 2230 4878 Ec-

580 4899 770 4952 clesiie
810 4916 968 4970 pax:
1003 4899 1148 4954 nulli
1192 4895 1451 4970 tyranni,
1476 4895 1732 4970 haereses
1790 4909 2012 4970 magna
2064 4900 2231 4970 parte

582 4967 961 5040 compressae,
992 4970 1176 5024 libera
1203 4967 1589 5040 pi'eedicatio;
1613 4983 1750 5040 quin
1777 4967 2008 5040 omnia“
2035 4967 2126 5021 vel
2154 4969 2230 5040 __si

579 5037 951 5111 defuissent,
987 5042 1151 5097 nulla
1204 5037 1503 5111 ejusmodi
1563 5037 1796 5111 licentia
1841 5037 2112 5093 Palribus
2142 5038 2225 5110 (in

577 5110 879 5180 theologia
924 5112 1185 5168 maxime
1207 5110 1277 5167 ac
1297 5112 1528 5167 deitalis
1561 5110 1854 5178 doctrina)
1911 5117 2001 5162 τοῦ
2055 5130 2228 5183 παρα-

577 5185 891 5256 φθέγγεσθαι
941 5187 1028 5250 (ut
1079 5184 1264 5238 Photii
1321 5183 1452 5256 ipsa
1507 5198 1648 5237 voce
1701 5183 1856 5256 utar)
1900 5187 1961 5236 ut
2021 5193 2226 5238 contra

575 5253 836 5312 mentem
869 5253 1505 5326 loquerenturﬁt’falsa
1535 5270 1642 5326 pro
1674 5253 2175 5320 verisingererent
2208 5271 2219 5308 :

574 5343 744 5384 secus
770 5333 829 5380 ut
847 5325 1201 5380 subticerent
1227 5325 1580 5396 aliquid,aut
1603 5326 2052 5397 Dominicaipsa
2079 5341 2221 5381 voce

573 5399 834 5456 contenti
860 5403 1073 5472 essent,
1107 5397 1356 5472 ejusque
1380 5398 1770 5472 simplicitate,
1804 5400 1946 5470 ποιρά
1972 5397 2218 5472 harpe},

570 5473 616 5528 A
656 5472 833 5528 Patre
868 5485 879 5524 :
912 5468 1078 5539 quod
1120 5468 1325 5523 Filium
1376 5485 1496 5523 non
1529 5469 1842 5524 excludere
1873 5468 1984 5540 ipsi
2017 5468 2220 5526 divino

571 5544 781 5601 eodem
818 5541 1034 5612 Spiritu
1063 5544 1202 5593 sunt
1227 5539 1610 5612 interpretati,
1643 5557 1760 5611 quo
1817 5539 2067 5612 quidam
2122 5541 2219 5598 alii

569 5611 954 5689 οἰκονομοῦντες
993 5611 1509 5689 tacuere.liaacgue
1539 5626 1677 5689 vera
1708 5611 2046 5689 concordia,
2075 5629 2217 5689 neu-

569 5691 672 5752 tris
698 5681 1006 5762 injuriosa,
1024 5698 1146 5742 non
1167 5697 1355 5756 quam
1381 5681 1712 5757 Pythonico
1733 5684 1946 5756 spiritu
1966 5684 2215 5743 Photius

2345 4037 2820 4118 fabricatur,ipse
2832 4040 2932 4098 illa
2948 4057 3081 4118 vere
3095 4039 3380 4118 Chamita.
3393 4059 3525 4118 non_
3537 4039 3794 4118 quosejus
3817 4034 3874 4118 rei

2345 4109 2638 4166 virulento
2663 4103 2762 4168 ore
2784 4115 2854 4168 ac
2880 4113 3116 4170 calamo
3147 4103 3474 4171 insimulat.
3506 4103 3618 4170 Νέιο
3648 4103 3784 4167 ιιιιῖοι·
3811 4103 3876 4158 vel

2341 4182 2590 4236 Joannis
2616 4199 2779 4254 papa:
2817 4184 3016 4254 legati,
3054 4186 3142 4240 vel
3174 4187 3268 4241 alii
3305 4187 3514 4252 Latini,
3539 4201 3670 4254 erga
3703 4185 3875 4239 Graecos

2343 4253 2664 4334 ipsumque
2684 4253 2955 4334 {’liotium
2987 4257 3302 4334 videan_tur
3337 4253 3632 4334 habuisse,
3656 4253 3875 4334 quamin

2344 4328 2518 4379 taceri
2549 4324 2644 4380 ind
2658 4326 2922 4396 ulgerent
2945 4344 3150 4384 vocem
3165 4329 3458 4400 Filioque,
3483 4330 3620 4384 dum
3636 4324 3876 4400 sensum-

2343 4402 2598 4468 neretur,
2633 4395 2743 4453 nec
2781 4400 2919 4454 inde
2948 4402 3186 4465 erroris,
3213 4395 3350 4456 seu-
3374 4401 3542 4456 etiam
3569 4395 3780 4470 haeresis
3801 4403 3876 4470 eos

2341 4473 2632 4542 notarent,
2666 4470 2768 4541 qui
2809 4485 2940 4526 eam
2983 4471 3380 4528 admitterent.
3415 4475 3541 4539 Qua
3571 4468 3875 4542 indulgentia

2341 4555 2450 4614 nec
2478 4541 2648 4614 modo
2679 4543 2897 4614 (etiam,
2935 4544 3158 4614 Romae)
3189 4546 3426 4599 Graecos
3483 4545 3689 4613 cogunt
3718 4541 3873 4614 Lahm,

2345 4611 2479 4686 utin
2499 4612 2614 4666 tide
2632 4613 2978 4686 explicatius
2992 4611 3236 4686 Spiritus
3250 4632 3318 4669 ex
3336 4616 3477 4671 Filio
3499 4611 3872 4686 procressioncyl

2341 4676 2747 4739 edanl.Metiu's
2760 4676 3344 4741 valdehallucinatus
3360 4676 3512 4752 est,d
3524 4703 3613 4740 um
3631 4685 3696 4738 ita
3709 4676 3872 4736 reddit,

2339 4770 2466 4823 quae
2495 4754 2698 4810 scribit
2749 4756 2820 4812 de
2849 4760 3136 4823 castitate,
3169 4758 3242 4814 de
3279 4758 3544 4814 radenda
3588 4753 3766 4815 barba,
3792 4752 3872 4802 etC-

2342 4826 2553 4900 Scribit
2579 4826 2788 4882 Paulus
2809 4827 2882 4882 de
2913 4829 3200 4894 castitate,
3236 4829 3340 4884 sed
3369 4830 3495 4900 ejus
3525 4825 3767 4884 doctrina
3783 4829 3871 4899 non

2338 4897 2722 4968 parvulorum
2743 4905 2848 4964 est,
2865 4901 2969 4972 sed
2993 4897 3428 4972 perfectorum';
3446 4902 3502 4955 in
3519 4915 3634 4972 qua
3645 4910 3748 4972 non
3771 4897 3873 4969 cii?-

2337 4973 2492 5045 νομία
2522 4973 2628 5045 est,
2661 4973 2764 5045 scd
2798 4967 3037 5045 ἀκρίϐεία
3069 4988 3081 5025 :
3111 4972 3185 5027 de
3213 4971 3401 5028 barba
3431 4967 3554 5045 quit
3578 4967 3748 5045 et
3768 4967 3853 5045 ξοὶζί

2379 5031 2513 5095 serit
2543 5031 2776 5106 Paulus,
2808 5031 3008 5098 vellem
3039 5048 3422 5099 annotasset:
3449 5031 3554 5098 ἴθιεὶ
3585 5038 3713 5097 nihil
3735 5031 3870 5090 hicde

2337 5057 2513 5165 pserit
2543 5057 2776 5106 ramus,
2808 5057 3008 5098 vellem
3039 5057 3422 5099 annotasset:
3452 5057 3554 5098 etSI
3585 5057 3713 5097 ninu
3735 5057 3870 5090 ωυυσ

2357 5112 2501 5194 ξουΙί
2525 5114 2860 5194 scriptione,
2879 5117 2982 5194 sed
3012 5115 3086 5170 de
3107 5114 3200 5194 his
3221 5131 3356 5194 quas
3377 5131 3485 5194 pro
3505 5115 3608 5170 loci
3622 5127 3684 5168 ac
3696 5115 3871 5194 temp?-

2335 5184 2413 5237 ris
2437 5173 2786 5258 necessitate
2800 5173 3357 5242 autcircumstaﬁtia
3375 5173 3656 5258 egit,quae
3679 5173 3869 5235 alias'fo-

2333 5260 2463 5330 rent
2488 5256 2776 5330 illicita,et
2801 5274 2941 5330 qua
2968 5259 3022 5313 in
3056 5259 3372 5330 exemplum
3401 5256 3622 5313 trahere
3644 5266 3747 5308 non
3767 5260 3868 5330 conj

2333 5329 2510 5401 venit.
2554 5328 2738 5401 Malim
2787 5328 3068 5401 ἁγιασμόν,
3099 5328 3585 5400 puriﬁcationem,
3613 5328 3865 5401 quamcf?

2331 5397 2520 5454 Lucas
2551 5400 2735 5455 semel
2761 5392 3063 5457 et'iter'um
3093 5392 3292 5466 utitur,
3328 5409 3449 5456 Act.
3489 5392 3596 5464 xxi,
3625 5392 3704 5450 24.
3731 5392 3867 5466 Ἃχνί·

2333 5473 2488 5546 σθητι
2520 5475 2612 5522 σύν
2645 5471 2840 5546 αὐτοῖς,
2888 5475 2970 5524 ἶνα
3027 5461 3352 5546 ξυρίσωνταιῖ
3393 5479 3486 5532 τὴν
3517 5461 3737 5544 κεφαλήν·
3777 5461 3866 5516 Pu“

2328 5543 2559 5625 rjﬁcare
2581 5559 2711 5625 cuni
2737 5544 2859 5625 iltz's
2893 5561 2911 5625 :_
2941 5550 3003 5600 ut
3037 5543 3216 5617 caput
3248 5545 3484 5612 radunt,
3514 5543 3864 5602 Νωτωοιιιω

2326 5616 2435 5671 ritu
2463 5630 2480 5684 ;
2507 5630 2630 5673 non
2665 5617 2751 5672 sic
2789 5616 3063 5675 barbam.

3932 0 3985 318 Ἡ
