  <div class='ocr_page' id='page_1' title='image "/cluster/home/n/w/nwhite01/storage/ocr_20150623/102/hvd.32044073502155/428.png"; bbox 0 0 4088 6214; ppageno 0'>
   <div class='ocr_carea' id='block_1_1' title="bbox 232 304 344 360">
    <p class='ocr_par' dir='ltr' id='par_1_1' title="bbox 232 304 344 360">
     <span class='ocr_line' id='line_1_1' title="bbox 232 304 344 360; baseline 0.018 -3"><span class='ocrx_word' id='word_1_1' title='bbox 232 304 344 360; x_wconf 71' lang='grc'><strong>813</strong></span> 
     </span>
    </p>
   </div>
   <div class='ocr_carea' id='block_1_2' title="bbox 1514 296 2355 355">
    <p class='ocr_par' dir='ltr' id='par_1_2' title="bbox 1514 296 2355 355">
     <span class='ocr_line' id='line_1_2' title="bbox 1514 296 2355 355; baseline 0.001 -4"><span class='ocrx_word' id='word_1_2' title='bbox 1514 296 2023 355; x_wconf 76' lang='lat' dir='ltr'><strong>EPISTULABUM</strong></span> <span class='ocrx_word' id='word_1_3' title='bbox 2062 297 2274 355; x_wconf 78' lang='lat' dir='ltr'><strong>LIBER</strong></span> <span class='ocrx_word' id='word_1_4' title='bbox 2312 300 2355 354; x_wconf 84' lang='grc' dir='ltr'><strong>Ι.</strong></span> 
     </span>
    </p>
   </div>
   <div class='ocr_carea' id='block_1_3' title="bbox 3496 311 3601 371">
    <p class='ocr_par' dir='ltr' id='par_1_3' title="bbox 3496 311 3601 371">
     <span class='ocr_line' id='line_1_3' title="bbox 3496 311 3601 371; baseline 0.038 -4"><span class='ocrx_word' id='word_1_5' title='bbox 3496 311 3601 371; x_wconf 64' lang='grc'><strong>814</strong></span> 
     </span>
    </p>
   </div>
   <div class='ocr_carea' id='block_1_4' title="bbox 236 439 1836 521">
    <p class='ocr_par' dir='ltr' id='par_1_4' title="bbox 236 439 1836 516">
     <span class='ocr_line' id='line_1_4' title="bbox 236 439 1836 516; baseline -0.004 -18"><span class='ocrx_word' id='word_1_6' title='bbox 236 446 487 499; x_wconf 79' lang='grc' dir='ltr'><strong>τοιούτων</strong></span> <span class='ocrx_word' id='word_1_7' title='bbox 541 444 709 515; x_wconf 84' lang='grc' dir='ltr'><strong>λόγων</strong></span> <span class='ocrx_word' id='word_1_8' title='bbox 779 447 871 496; x_wconf 81' lang='grc' dir='ltr'><strong>καὶ</strong></span> <span class='ocrx_word' id='word_1_9' title='bbox 938 440 1191 516; x_wconf 81' lang='grc' dir='ltr'><strong>πράξεων,</strong></span> <span class='ocrx_word' id='word_1_10' title='bbox 1260 442 1354 496; x_wconf 75' lang='grc' dir='ltr'><strong>τὴν</strong></span> <span class='ocrx_word' id='word_1_11' title='bbox 1418 439 1685 493; x_wconf 78' lang='grc' dir='ltr'><strong>ἀσθένειαν</strong></span> <span class='ocrx_word' id='word_1_12' title='bbox 1740 450 1836 494; x_wconf 82' lang='grc' dir='ltr'><strong>τῶν</strong></span> 
     </span>
    </p>
   </div>
   <div class='ocr_carea' id='block_1_5' title="bbox 1945 439 3601 521">
    <p class='ocr_par' dir='ltr' id='par_1_5' title="bbox 1950 442 3601 521">
     <span class='ocr_line' id='line_1_5' title="bbox 1950 442 3601 521; baseline 0.008 -23"><span class='ocrx_word' id='word_1_13' title='bbox 1950 446 2231 514; x_wconf 80' lang='lat' dir='ltr'><strong>exempta</strong></span> <span class='ocrx_word' id='word_1_14' title='bbox 2272 458 2342 499; x_wconf 77' lang='lat' dir='ltr'><strong>ex</strong></span> <span class='ocrx_word' id='word_1_15' title='bbox 2385 442 2686 514; x_wconf 84' lang='lat' dir='ltr'><strong>ejusmodi</strong></span> <span class='ocrx_word' id='word_1_16' title='bbox 2731 445 3113 503; x_wconf 80' lang='lat' dir='ltr'><strong>sermonibus</strong></span> <span class='ocrx_word' id='word_1_17' title='bbox 3142 452 3323 521; x_wconf 88' lang='lat' dir='ltr'><strong>atque</strong></span> <span class='ocrx_word' id='word_1_18' title='bbox 3367 454 3601 512; x_wconf 78' lang='lat' dir='ltr'><strong>actibus</strong></span> 
     </span>
    </p>
   </div>
   <div class='ocr_carea' id='block_1_6' title="bbox 237 528 1840 610">
    <p class='ocr_par' dir='ltr' id='par_1_6' title="bbox 237 528 1840 610">
     <span class='ocr_line' id='line_1_6' title="bbox 237 528 1840 610; baseline -0.002 -23"><span class='ocrx_word' id='word_1_19' title='bbox 237 533 533 610; x_wconf 83' lang='grc' dir='ltr'><strong>ἀκροατῶν,</strong></span> <span class='ocrx_word' id='word_1_20' title='bbox 563 537 655 586; x_wconf 80' lang='grc' dir='ltr'><strong>καὶ</strong></span> <span class='ocrx_word' id='word_1_21' title='bbox 685 537 778 592; x_wconf 73' lang='grc' dir='ltr'><strong>τὴν</strong></span> <span class='ocrx_word' id='word_1_22' title='bbox 809 533 1103 604; x_wconf 76' lang='grc' dir='ltr'><strong>οἰκονομίαν</strong></span> <span class='ocrx_word' id='word_1_23' title='bbox 1133 537 1224 581; x_wconf 85' lang='grc' dir='ltr'><strong>τοῦ</strong></span> <span class='ocrx_word' id='word_1_24' title='bbox 1264 528 1423 601; x_wconf 86' lang='grc' dir='ltr'><strong>λόγου</strong></span> <span class='ocrx_word' id='word_1_25' title='bbox 1446 550 1459 562; x_wconf 70' lang='grc' dir='ltr'><strong>ι</strong></span> <span class='ocrx_word' id='word_1_26' title='bbox 1488 534 1583 588; x_wconf 82' lang='grc' dir='ltr'><strong>τήν</strong></span> <span class='ocrx_word' id='word_1_27' title='bbox 1628 549 1682 582; x_wconf 82' lang='grc' dir='ltr'><strong>τε</strong></span> <span class='ocrx_word' id='word_1_28' title='bbox 1712 534 1840 603; x_wconf 86' lang='grc' dir='ltr'><strong>πρός</strong></span> 
     </span>
    </p>
   </div>
   <div class='ocr_carea' id='block_1_7' title="bbox 236 617 1841 695">
    <p class='ocr_par' dir='ltr' id='par_1_7' title="bbox 236 617 1841 695">
     <span class='ocr_line' id='line_1_7' title="bbox 236 617 1841 695; baseline -0.004 -17"><span class='ocrx_word' id='word_1_29' title='bbox 236 628 364 686; x_wconf 82' lang='grc' dir='ltr'><strong>τοὺς</strong></span> <span class='ocrx_word' id='word_1_30' title='bbox 435 622 889 695; x_wconf 69' lang='grc' dir='ltr'><strong>ἀντιτεταγμένους</strong></span> <span class='ocrx_word' id='word_1_31' title='bbox 964 621 1147 693; x_wconf 80' lang='grc' dir='ltr'>μάχην</span> <span class='ocrx_word' id='word_1_32' title='bbox 1197 617 1454 693; x_wconf 83' lang='grc' dir='ltr'><strong>περιελὼν,</strong></span> <span class='ocrx_word' id='word_1_33' title='bbox 1511 622 1685 692; x_wconf 89' lang='grc' dir='ltr'><strong>γυμνά</strong></span> <span class='ocrx_word' id='word_1_34' title='bbox 1742 628 1841 672; x_wconf 82' lang='grc' dir='ltr'><strong>τῶν</strong></span> 
     </span>
    </p>
   </div>
   <div class='ocr_carea' id='block_1_8' title="bbox 238 706 1840 787">
    <p class='ocr_par' dir='ltr' id='par_1_8' title="bbox 238 706 1840 787">
     <span class='ocr_line' id='line_1_8' title="bbox 238 706 1840 787; baseline -0.003 -21"><span class='ocrx_word' id='word_1_35' title='bbox 238 714 542 787; x_wconf 73' lang='grc' dir='ltr'><strong>εἰρημένων,</strong></span> <span class='ocrx_word' id='word_1_36' title='bbox 586 716 678 764; x_wconf 79' lang='grc' dir='ltr'><strong>καὶ</strong></span> <span class='ocrx_word' id='word_1_37' title='bbox 708 714 772 772; x_wconf 81' lang='grc' dir='ltr'><strong>ὡς</strong></span> <span class='ocrx_word' id='word_1_38' title='bbox 828 707 1008 783; x_wconf 87' lang='grc' dir='ltr'><strong>δόγμα</strong></span> <span class='ocrx_word' id='word_1_39' title='bbox 1046 706 1331 783; x_wconf 79' lang='grc' dir='ltr'><strong>προϐάλλοι</strong></span> <span class='ocrx_word' id='word_1_40' title='bbox 1376 712 1467 761; x_wconf 79' lang='grc' dir='ltr'><strong>καὶ</strong></span> <span class='ocrx_word' id='word_1_41' title='bbox 1508 709 1840 782; x_wconf 86' lang='grc' dir='ltr'><strong>περιθάλποι,</strong></span> 
     </span>
    </p>
   </div>
   <div class='ocr_carea' id='block_1_9' title="bbox 236 797 1846 863">
    <p class='ocr_par' dir='ltr' id='par_1_9' title="bbox 236 797 1846 863">
     <span class='ocr_line' id='line_1_9' title="bbox 236 797 1846 863; baseline -0.002 -8"><span class='ocrx_word' id='word_1_42' title='bbox 236 802 436 863; x_wconf 82' lang='grc' dir='ltr'><strong>αὐτοὺς</strong></span> <span class='ocrx_word' id='word_1_43' title='bbox 488 804 705 862; x_wconf 77' lang='grc' dir='ltr'><strong>ἑκείνονς</strong></span> <span class='ocrx_word' id='word_1_44' title='bbox 750 803 874 860; x_wconf 84' lang='grc' dir='ltr'><strong>τοὺς</strong></span> <span class='ocrx_word' id='word_1_45' title='bbox 942 801 1008 851; x_wconf 85' lang='grc' dir='ltr'><strong>τὰ</strong></span> <span class='ocrx_word' id='word_1_46' title='bbox 1068 804 1286 850; x_wconf 84' lang='grc' dir='ltr'><strong>τοιαῦτα</strong></span> <span class='ocrx_word' id='word_1_47' title='bbox 1320 803 1411 850; x_wconf 76' lang='grc' dir='ltr'><strong>καὶ</strong></span> <span class='ocrx_word' id='word_1_48' title='bbox 1471 797 1704 859; x_wconf 74' lang='grc' dir='ltr'><strong>εἰπόντας</strong></span> <span class='ocrx_word' id='word_1_49' title='bbox 1754 802 1846 851; x_wconf 81' lang='grc' dir='ltr'><strong>καὶ</strong></span> 
     </span>
    </p>
   </div>
   <div class='ocr_carea' id='block_1_10' title="bbox 234 882 1847 967">
    <p class='ocr_par' dir='ltr' id='par_1_10' title="bbox 234 882 1847 967">
     <span class='ocr_line' id='line_1_10' title="bbox 234 882 1847 967; baseline -0.002 -23"><span class='ocrx_word' id='word_1_50' title='bbox 234 890 562 967; x_wconf 82' lang='grc' dir='ltr'><strong>πράξαντας,</strong></span> <span class='ocrx_word' id='word_1_51' title='bbox 592 891 805 966; x_wconf 76' lang='grc' dir='ltr'><strong>εὑρήσει</strong></span> <span class='ocrx_word' id='word_1_52' title='bbox 831 888 943 941; x_wconf 85' lang='grc' dir='ltr'><strong>κατ’</strong></span> <span class='ocrx_word' id='word_1_53' title='bbox 975 887 1137 940; x_wconf 78' lang='grc' dir='ltr'><strong>αὐτοῦ</strong></span> <span class='ocrx_word' id='word_1_54' title='bbox 1174 891 1269 945; x_wconf 79' lang='grc' dir='ltr'><strong>τὴν</strong></span> <span class='ocrx_word' id='word_1_55' title='bbox 1319 882 1647 948; x_wconf 78' lang='grc' dir='ltr'><strong>δικάζουσαν</strong></span> <span class='ocrx_word' id='word_1_56' title='bbox 1677 886 1847 960; x_wconf 72' lang='grc' dir='ltr'><strong>ἀφιέν-</strong></span> 
     </span>
    </p>
   </div>
   <div class='ocr_carea' id='block_1_11' title="bbox 236 980 557 1052">
    <p class='ocr_par' dir='ltr' id='par_1_11' title="bbox 236 980 557 1052">
     <span class='ocr_line' id='line_1_11' title="bbox 236 980 557 1052; baseline -0.006 -20"><span class='ocrx_word' id='word_1_57' title='bbox 236 999 333 1044; x_wconf 85' lang='grc' dir='ltr'><strong>τας</strong></span> <span class='ocrx_word' id='word_1_58' title='bbox 361 980 557 1052; x_wconf 70' lang='grc' dir='ltr'><strong>ψῆφον.</strong></span> 
     </span>
    </p>
   </div>
   <div class='ocr_carea' id='block_1_12' title="bbox 312 1064 1846 1142">
    <p class='ocr_par' dir='ltr' id='par_1_12' title="bbox 312 1064 1846 1142">
     <span class='ocr_line' id='line_1_12' title="bbox 312 1064 1846 1142; baseline -0.003 -19"><span class='ocrx_word' id='word_1_59' title='bbox 312 1068 393 1123; x_wconf 72' lang='grc' dir='ltr'><strong>κ’.</strong></span> <span class='ocrx_word' id='word_1_60' title='bbox 435 1066 553 1122; x_wconf 65' lang='lat' dir='ltr'><strong>&quot;En</strong></span> <span class='ocrx_word' id='word_1_61' title='bbox 596 1064 678 1133; x_wconf 67' lang='grc' dir='ltr'><strong>δι,</strong></span> <span class='ocrx_word' id='word_1_62' title='bbox 728 1066 771 1119; x_wconf 85' lang='grc' dir='ltr'><strong>εἰ</strong></span> <span class='ocrx_word' id='word_1_63' title='bbox 818 1069 910 1139; x_wconf 68' lang='grc' dir='ltr'><strong>μὶν</strong></span> <span class='ocrx_word' id='word_1_64' title='bbox 954 1065 1372 1138; x_wconf 75' lang='grc' dir='ltr'><strong>ὑπομνησθέντες</strong></span> <span class='ocrx_word' id='word_1_65' title='bbox 1417 1069 1536 1138; x_wconf 84' lang='grc' dir='ltr'><strong>περὶ</strong></span> <span class='ocrx_word' id='word_1_66' title='bbox 1585 1072 1678 1118; x_wconf 83' lang='grc' dir='ltr'><strong>τοῦ</strong></span> <span class='ocrx_word' id='word_1_67' title='bbox 1721 1085 1846 1142; x_wconf 84' lang='grc' dir='ltr'><strong>προ·</strong></span> 
     </span>
    </p>
   </div>
   <div class='ocr_carea' id='block_1_13' title="bbox 233 1152 1846 1231">
    <p class='ocr_par' dir='ltr' id='par_1_13' title="bbox 233 1152 1846 1231">
     <span class='ocr_line' id='line_1_13' title="bbox 233 1152 1846 1231; baseline -0.002 -20"><span class='ocrx_word' id='word_1_68' title='bbox 233 1161 475 1231; x_wconf 74' lang='grc' dir='ltr'><strong>κειμένου</strong></span> <span class='ocrx_word' id='word_1_69' title='bbox 518 1156 822 1229; x_wconf 76' lang='grc' dir='ltr'><strong>κεφαλαίου,</strong></span> <span class='ocrx_word' id='word_1_70' title='bbox 887 1162 985 1207; x_wconf 81' lang='grc' dir='ltr'><strong>τῶν</strong></span> <span class='ocrx_word' id='word_1_71' title='bbox 1032 1153 1311 1228; x_wconf 77' lang='grc' dir='ltr'><strong>εἰρημένων</strong></span> <span class='ocrx_word' id='word_1_72' title='bbox 1354 1157 1591 1228; x_wconf 88' lang='grc' dir='ltr'><strong>Πατέρων</strong></span> <span class='ocrx_word' id='word_1_73' title='bbox 1642 1152 1846 1208; x_wconf 82' lang='grc' dir='ltr'><strong>ἀντεῖπε</strong></span> 
     </span>
    </p>
   </div>
   <div class='ocr_carea' id='block_1_14' title="bbox 232 1243 1844 1319">
    <p class='ocr_par' dir='ltr' id='par_1_14' title="bbox 232 1243 1844 1319">
     <span class='ocr_line' id='line_1_14' title="bbox 232 1243 1844 1319; baseline -0.002 -20"><span class='ocrx_word' id='word_1_74' title='bbox 232 1250 297 1299; x_wconf 89' lang='grc' dir='ltr'><strong>τὸ</strong></span> <span class='ocrx_word' id='word_1_75' title='bbox 345 1248 642 1319; x_wconf 77' lang='grc' dir='ltr'><strong>σύνταγμα,</strong></span> <span class='ocrx_word' id='word_1_76' title='bbox 694 1250 784 1298; x_wconf 84' lang='grc' dir='ltr'><strong>καὶ</strong></span> <span class='ocrx_word' id='word_1_77' title='bbox 830 1247 956 1318; x_wconf 80' lang='grc' dir='ltr'><strong>πρὸς</strong></span> <span class='ocrx_word' id='word_1_78' title='bbox 1001 1245 1248 1296; x_wconf 76' lang='grc' dir='ltr'><strong>ἔνστασιν</strong></span> <span class='ocrx_word' id='word_1_79' title='bbox 1304 1261 1421 1295; x_wconf 85' lang='grc' dir='ltr'><strong>τινα</strong></span> <span class='ocrx_word' id='word_1_80' title='bbox 1461 1247 1552 1295; x_wconf 79' lang='grc' dir='ltr'><strong>καὶ</strong></span> <span class='ocrx_word' id='word_1_81' title='bbox 1582 1243 1844 1296; x_wconf 85' lang='grc' dir='ltr'><strong>ἀπείθειαν</strong></span> 
     </span>
    </p>
   </div>
   <div class='ocr_carea' id='block_1_15' title="bbox 236 1330 1845 1408">
    <p class='ocr_par' dir='ltr' id='par_1_15' title="bbox 236 1330 1845 1408">
     <span class='ocr_line' id='line_1_15' title="bbox 236 1330 1845 1408; baseline -0.002 -21"><span class='ocrx_word' id='word_1_82' title='bbox 236 1333 662 1408; x_wconf 81' lang='grc' dir='ltr'><strong>ἀπεθρασύνετο·</strong></span> <span class='ocrx_word' id='word_1_83' title='bbox 715 1330 966 1387; x_wconf 80' lang='grc' dir='ltr'><strong>διέτεινάν</strong></span> <span class='ocrx_word' id='word_1_84' title='bbox 1016 1350 1069 1384; x_wconf 89' lang='grc' dir='ltr'><strong>τε</strong></span> <span class='ocrx_word' id='word_1_85' title='bbox 1099 1338 1160 1404; x_wconf 78' lang='grc' dir='ltr'><strong>τῇ</strong></span> <span class='ocrx_word' id='word_1_86' title='bbox 1217 1330 1348 1403; x_wconf 73' lang='grc' dir='ltr'><strong>αὐτῇ</strong></span> <span class='ocrx_word' id='word_1_87' title='bbox 1398 1339 1712 1405; x_wconf 75' lang='grc' dir='ltr'><strong>παρατροπῇ</strong></span> <span class='ocrx_word' id='word_1_88' title='bbox 1749 1341 1845 1396; x_wconf 83' lang='grc' dir='ltr'><strong>τῆς</strong></span> 
     </span>
    </p>
   </div>
   <div class='ocr_carea' id='block_1_16' title="bbox 238 1418 1845 1495">
    <p class='ocr_par' dir='ltr' id='par_1_16' title="bbox 238 1418 1845 1495">
     <span class='ocr_line' id='line_1_16' title="bbox 238 1418 1845 1495; baseline -0.001 -19"><span class='ocrx_word' id='word_1_89' title='bbox 238 1420 427 1489; x_wconf 82' lang='grc' dir='ltr'><strong>δόξης,</strong></span> <span class='ocrx_word' id='word_1_90' title='bbox 492 1429 583 1476; x_wconf 77' lang='grc' dir='ltr'><strong>καὶ</strong></span> <span class='ocrx_word' id='word_1_91' title='bbox 630 1422 706 1476; x_wconf 75' lang='grc' dir='ltr'><strong>ἔπ’</strong></span> <span class='ocrx_word' id='word_1_92' title='bbox 761 1422 893 1495; x_wconf 77' lang='grc' dir='ltr'><strong>αὐτῇ</strong></span> <span class='ocrx_word' id='word_1_93' title='bbox 944 1424 1030 1473; x_wconf 89' lang='grc' dir='ltr'><strong>τὸν</strong></span> <span class='ocrx_word' id='word_1_94' title='bbox 1082 1418 1200 1493; x_wconf 82' lang='grc' dir='ltr'><strong>βίον</strong></span> <span class='ocrx_word' id='word_1_95' title='bbox 1239 1421 1371 1491; x_wconf 87' lang='grc' dir='ltr'><strong>μετά</strong></span> <span class='ocrx_word' id='word_1_96' title='bbox 1422 1424 1540 1481; x_wconf 81' lang='grc' dir='ltr'><strong>τοὺς</strong></span> <span class='ocrx_word' id='word_1_97' title='bbox 1594 1420 1845 1493; x_wconf 68' lang='grc' dir='ltr'><strong>ἐλέγχους</strong></span> 
     </span>
    </p>
   </div>
   <div class='ocr_carea' id='block_1_17' title="bbox 233 1507 1843 1586">
    <p class='ocr_par' dir='ltr' id='par_1_17' title="bbox 233 1507 1843 1586">
     <span class='ocr_line' id='line_1_17' title="bbox 233 1507 1843 1586; baseline -0.001 -21"><span class='ocrx_word' id='word_1_98' title='bbox 233 1511 616 1586; x_wconf 72' lang='grc' dir='ltr'><strong>κατέστρεψαν,</strong></span> <span class='ocrx_word' id='word_1_99' title='bbox 687 1510 888 1583; x_wconf 87' lang='grc' dir='ltr'><strong>ἀνάγκη</strong></span> <span class='ocrx_word' id='word_1_100' title='bbox 955 1512 1169 1569; x_wconf 82' lang='grc' dir='ltr'><strong>τούτους</strong></span> <span class='ocrx_word' id='word_1_101' title='bbox 1236 1507 1719 1562; x_wconf 82' lang='grc' dir='ltr'><strong>συναποϐάλλεσθαι</strong></span> <span class='ocrx_word' id='word_1_102' title='bbox 1772 1519 1843 1582; x_wconf 84' lang='grc' dir='ltr'><strong>τῷ</strong></span> 
     </span>
    </p>
   </div>
   <div class='ocr_carea' id='block_1_18' title="bbox 234 1596 1845 1675">
    <p class='ocr_par' dir='ltr' id='par_1_18' title="bbox 234 1596 1845 1675">
     <span class='ocr_line' id='line_1_18' title="bbox 234 1596 1845 1675; baseline -0.002 -20"><span class='ocrx_word' id='word_1_103' title='bbox 234 1607 554 1675; x_wconf 70' lang='grc' dir='ltr'><strong>φρονήματι.</strong></span> <span class='ocrx_word' id='word_1_104' title='bbox 595 1600 655 1656; x_wconf 83' lang='grc' dir='ltr'><strong>Εἰ</strong></span> <span class='ocrx_word' id='word_1_105' title='bbox 698 1596 758 1653; x_wconf 75' lang='grc' dir='ltr'><strong>δὲ</strong></span> <span class='ocrx_word' id='word_1_106' title='bbox 804 1598 1222 1672; x_wconf 79' lang='grc' dir='ltr'><strong>παρεφθέγξαντο</strong></span> <span class='ocrx_word' id='word_1_107' title='bbox 1252 1600 1364 1670; x_wconf 72' lang='grc' dir='ltr'><strong>μεν,</strong></span> <span class='ocrx_word' id='word_1_108' title='bbox 1411 1598 1439 1657; x_wconf 72' lang='grc' dir='ltr'><strong>ὖ</strong></span> <span class='ocrx_word' id='word_1_109' title='bbox 1495 1596 1589 1651; x_wconf 81' lang='grc' dir='ltr'><strong>διά</strong></span> <span class='ocrx_word' id='word_1_110' title='bbox 1616 1618 1732 1652; x_wconf 85' lang='grc' dir='ltr'><strong>τινα</strong></span> <span class='ocrx_word' id='word_1_111' title='bbox 1765 1600 1845 1652; x_wconf 89' lang='grc' dir='ltr'><strong>αἰ-</strong></span> 
     </span>
    </p>
   </div>
   <div class='ocr_carea' id='block_1_19' title="bbox 235 1686 1844 1764">
    <p class='ocr_par' dir='ltr' id='par_1_19' title="bbox 235 1686 1844 1764">
     <span class='ocr_line' id='line_1_19' title="bbox 235 1686 1844 1764; baseline -0.001 -21"><span class='ocrx_word' id='word_1_112' title='bbox 235 1696 352 1743; x_wconf 80' lang='grc' dir='ltr'><strong>τίαν</strong></span> <span class='ocrx_word' id='word_1_113' title='bbox 404 1698 492 1743; x_wconf 81' lang='grc' dir='ltr'><strong>νῦν</strong></span> <span class='ocrx_word' id='word_1_114' title='bbox 540 1688 886 1761; x_wconf 66' lang='grc' dir='ltr'><strong>ἀγνοουμένην</strong></span> <span class='ocrx_word' id='word_1_115' title='bbox 943 1689 1070 1761; x_wconf 80' lang='grc' dir='ltr'><strong>ἡμῖν</strong></span> <span class='ocrx_word' id='word_1_116' title='bbox 1114 1696 1206 1748; x_wconf 84' lang='grc' dir='ltr'><strong>τῆς</strong></span> <span class='ocrx_word' id='word_1_117' title='bbox 1251 1686 1528 1748; x_wconf 79' lang='grc' dir='ltr'><strong>εὐθύτητος</strong></span> <span class='ocrx_word' id='word_1_118' title='bbox 1569 1688 1844 1764; x_wconf 73' lang='grc' dir='ltr'><strong>ἐξετράπη-</strong></span> 
     </span>
    </p>
   </div>
   <div class='ocr_carea' id='block_1_20' title="bbox 1951 531 3600 618">
    <p class='ocr_par' dir='ltr' id='par_1_20' title="bbox 1951 531 3600 618">
     <span class='ocr_line' id='line_1_20' title="bbox 1951 531 3600 618; baseline 0.007 -29"><span class='ocrx_word' id='word_1_119' title='bbox 1951 531 3121 608; x_wconf 76' lang='lat' dir='ltr'><strong>auditorumimbecillitate,doctrinzeque</strong></span> <span class='ocrx_word' id='word_1_120' title='bbox 3132 536 3600 618; x_wconf 84' lang='lat' dir='ltr'><strong>dispensatione,</strong></span> 
     </span>
    </p>
   </div>
   <div class='ocr_carea' id='block_1_21' title="bbox 1952 622 3604 701">
    <p class='ocr_par' dir='ltr' id='par_1_21' title="bbox 1952 622 3604 701">
     <span class='ocr_line' id='line_1_21' title="bbox 1952 622 3604 701; baseline 0.007 -24"><span class='ocrx_word' id='word_1_121' title='bbox 1952 636 2061 677; x_wconf 89' lang='lat' dir='ltr'><strong>nec</strong></span> <span class='ocrx_word' id='word_1_122' title='bbox 2090 637 2211 679; x_wconf 90' lang='lat' dir='ltr'><strong>non</strong></span> <span class='ocrx_word' id='word_1_123' title='bbox 2233 622 2712 679; x_wconf 83' lang='lat' dir='ltr'><strong>adversariorum</strong></span> <span class='ocrx_word' id='word_1_124' title='bbox 2732 639 2954 696; x_wconf 90' lang='lat' dir='ltr'><strong>pugna,</strong></span> <span class='ocrx_word' id='word_1_125' title='bbox 2976 624 3071 681; x_wconf 88' lang='lat' dir='ltr'><strong>his</strong></span> <span class='ocrx_word' id='word_1_126' title='bbox 3094 626 3262 683; x_wconf 90' lang='lat' dir='ltr'><strong>nuda</strong></span> <span class='ocrx_word' id='word_1_127' title='bbox 3286 644 3420 701; x_wconf 71' lang='lat' dir='ltr'><strong>qum</strong></span> <span class='ocrx_word' id='word_1_128' title='bbox 3443 631 3604 690; x_wconf 90' lang='lat' dir='ltr'><strong>dicta</strong></span> 
     </span>
    </p>
   </div>
   <div class='ocr_carea' id='block_1_22' title="bbox 1953 711 3606 791">
    <p class='ocr_par' dir='ltr' id='par_1_22' title="bbox 1953 711 3606 791">
     <span class='ocr_line' id='line_1_22' title="bbox 1953 711 3606 791; baseline 0.008 -26"><span class='ocrx_word' id='word_1_129' title='bbox 1953 714 2109 776; x_wconf 90' lang='lat' dir='ltr'><strong>sunt,</strong></span> <span class='ocrx_word' id='word_1_130' title='bbox 2134 714 2191 766; x_wconf 91' lang='lat' dir='ltr'><strong>et</strong></span> <span class='ocrx_word' id='word_1_131' title='bbox 2208 711 2505 781; x_wconf 86' lang='lat' dir='ltr'><strong>utdogma</strong></span> <span class='ocrx_word' id='word_1_132' title='bbox 2516 718 2814 785; x_wconf 89' lang='lat' dir='ltr'><strong>proponat</strong></span> <span class='ocrx_word' id='word_1_133' title='bbox 2830 713 3161 785; x_wconf 88' lang='lat' dir='ltr'><strong>foveatque,</strong></span> <span class='ocrx_word' id='word_1_134' title='bbox 3174 715 3309 772; x_wconf 90' lang='lat' dir='ltr'><strong>illos</strong></span> <span class='ocrx_word' id='word_1_135' title='bbox 3327 719 3432 791; x_wconf 88' lang='lat' dir='ltr'><strong>qui</strong></span> <span class='ocrx_word' id='word_1_136' title='bbox 3460 720 3606 779; x_wconf 84' lang='lat' dir='ltr'><strong>talia</strong></span> 
     </span>
    </p>
   </div>
   <div class='ocr_carea' id='block_1_23' title="bbox 1953 799 3606 872">
    <p class='ocr_par' dir='ltr' id='par_1_23' title="bbox 1953 799 3606 872">
     <span class='ocr_line' id='line_1_23' title="bbox 1953 799 3606 872; baseline 0.007 -16"><span class='ocrx_word' id='word_1_137' title='bbox 1953 799 2047 856; x_wconf 98' lang='lat' dir='ltr'><strong>vel</strong></span> <span class='ocrx_word' id='word_1_138' title='bbox 2075 800 2255 857; x_wconf 90' lang='lat' dir='ltr'><strong>locuti</strong></span> <span class='ocrx_word' id='word_1_139' title='bbox 2299 806 2435 856; x_wconf 91' lang='lat' dir='ltr'><strong>sunt</strong></span> <span class='ocrx_word' id='word_1_140' title='bbox 2466 800 2561 856; x_wconf 91' lang='lat' dir='ltr'><strong>vel</strong></span> <span class='ocrx_word' id='word_1_141' title='bbox 2606 806 2875 872; x_wconf 90' lang='lat' dir='ltr'><strong>egerunt,</strong></span> <span class='ocrx_word' id='word_1_142' title='bbox 2922 803 3048 861; x_wconf 91' lang='lat' dir='ltr'><strong>lata</strong></span> <span class='ocrx_word' id='word_1_143' title='bbox 3084 804 3144 860; x_wconf 87' lang='lat' dir='ltr'><strong>in</strong></span> <span class='ocrx_word' id='word_1_144' title='bbox 3193 820 3333 864; x_wconf 90' lang='lat' dir='ltr'><strong>eum</strong></span> <span class='ocrx_word' id='word_1_145' title='bbox 3371 815 3606 868; x_wconf 88' lang='lat' dir='ltr'><strong>senten-</strong></span> 
     </span>
    </p>
   </div>
   <div class='ocr_carea' id='block_1_24' title="bbox 1956 888 2903 962">
    <p class='ocr_par' dir='ltr' id='par_1_24' title="bbox 1956 888 2903 962">
     <span class='ocr_line' id='line_1_24' title="bbox 1956 888 2903 962; baseline 0.001 -16"><span class='ocrx_word' id='word_1_146' title='bbox 1956 889 2056 958; x_wconf 90' lang='lat' dir='ltr'><strong>tia,</strong></span> <span class='ocrx_word' id='word_1_147' title='bbox 2078 888 2278 962; x_wconf 91' lang='lat' dir='ltr'><strong>ipsum</strong></span> <span class='ocrx_word' id='word_1_148' title='bbox 2308 889 2597 947; x_wconf 88' lang='lat' dir='ltr'><strong>damnare</strong></span> <span class='ocrx_word' id='word_1_149' title='bbox 2622 889 2903 948; x_wconf 82' lang='lat' dir='ltr'><strong>inveniet.</strong></span> 
     </span>
    </p>
   </div>
   <div class='ocr_carea' id='block_1_25' title="bbox 2026 1063 3605 1143">
    <p class='ocr_par' dir='ltr' id='par_1_25' title="bbox 2026 1063 3605 1143">
     <span class='ocr_line' id='line_1_25' title="bbox 2026 1063 3605 1143; baseline 0.007 -23"><span class='ocrx_word' id='word_1_150' title='bbox 2026 1065 2134 1120; x_wconf 84' lang='lat' dir='ltr'><strong>XX.</strong></span> <span class='ocrx_word' id='word_1_151' title='bbox 2166 1066 2473 1131; x_wconf 65' lang='lat' dir='ltr'><strong>Praeterea,</strong></span> <span class='ocrx_word' id='word_1_152' title='bbox 2504 1063 2551 1120; x_wconf 87' lang='lat' dir='ltr'><strong>si</strong></span> <span class='ocrx_word' id='word_1_153' title='bbox 2584 1080 2724 1121; x_wconf 90' lang='lat' dir='ltr'><strong>cum</strong></span> <span class='ocrx_word' id='word_1_154' title='bbox 2742 1065 3155 1124; x_wconf 83' lang='lat' dir='ltr'><strong>meminissent</strong></span> <span class='ocrx_word' id='word_1_155' title='bbox 3184 1071 3477 1143; x_wconf 85' lang='lat' dir='ltr'><strong>propositi</strong></span> <span class='ocrx_word' id='word_1_156' title='bbox 3508 1090 3605 1132; x_wconf 84' lang='lat' dir='ltr'><strong>ca-</strong></span> 
     </span>
    </p>
   </div>
   <div class='ocr_carea' id='block_1_26' title="bbox 1956 1153 3603 1234">
    <p class='ocr_par' dir='ltr' id='par_1_26' title="bbox 1956 1153 3603 1234">
     <span class='ocr_line' id='line_1_26' title="bbox 1956 1153 3603 1234; baseline 0.008 -26"><span class='ocrx_word' id='word_1_157' title='bbox 1956 1153 2142 1225; x_wconf 89' lang='lat' dir='ltr'><strong>pituli,</strong></span> <span class='ocrx_word' id='word_1_158' title='bbox 2174 1154 2472 1211; x_wconf 87' lang='lat' dir='ltr'><strong>dictorum</strong></span> <span class='ocrx_word' id='word_1_159' title='bbox 2514 1157 2749 1211; x_wconf 85' lang='lat' dir='ltr'><strong>Patrum</strong></span> <span class='ocrx_word' id='word_1_160' title='bbox 2794 1160 2980 1212; x_wconf 71' lang='lat' dir='ltr'><strong>cretus</strong></span> <span class='ocrx_word' id='word_1_161' title='bbox 3032 1160 3508 1234; x_wconf 86' lang='lat' dir='ltr'><strong>contradixisset,</strong></span> <span class='ocrx_word' id='word_1_162' title='bbox 3547 1168 3603 1221; x_wconf 90' lang='lat' dir='ltr'><strong>et</strong></span> 
     </span>
    </p>
   </div>
   <div class='ocr_carea' id='block_1_27' title="bbox 1957 1241 3606 1322">
    <p class='ocr_par' dir='ltr' id='par_1_27' title="bbox 1957 1241 3606 1322">
     <span class='ocr_line' id='line_1_27' title="bbox 1957 1241 3606 1322; baseline 0.007 -25"><span class='ocrx_word' id='word_1_163' title='bbox 1957 1247 2019 1298; x_wconf 97' lang='grc' dir='ltr'><strong>ιιι</strong></span> <span class='ocrx_word' id='word_1_164' title='bbox 2071 1242 2503 1299; x_wconf 88' lang='lat' dir='ltr'><strong>contentiosius</strong></span> <span class='ocrx_word' id='word_1_165' title='bbox 2552 1241 2911 1301; x_wconf 86' lang='lat' dir='ltr'><strong>obsisterent</strong></span> <span class='ocrx_word' id='word_1_166' title='bbox 2961 1260 3072 1301; x_wconf 89' lang='lat' dir='ltr'><strong>nec</strong></span> <span class='ocrx_word' id='word_1_167' title='bbox 3123 1246 3606 1322; x_wconf 81' lang='lat' dir='ltr'><strong>obtemperarent</strong></span> 
     </span>
    </p>
   </div>
   <div class='ocr_carea' id='block_1_28' title="bbox 1952 1331 3602 1410">
    <p class='ocr_par' dir='ltr' id='par_1_28' title="bbox 1952 1331 3602 1410">
     <span class='ocr_line' id='line_1_28' title="bbox 1952 1331 3602 1410; baseline 0.006 -22"><span class='ocrx_word' id='word_1_168' title='bbox 1952 1332 2189 1388; x_wconf 89' lang='lat' dir='ltr'><strong>animos</strong></span> <span class='ocrx_word' id='word_1_169' title='bbox 2221 1331 2667 1403; x_wconf 84' lang='lat' dir='ltr'><strong>obﬁrmassent,</strong></span> <span class='ocrx_word' id='word_1_170' title='bbox 2694 1337 2874 1406; x_wconf 88' lang='lat' dir='ltr'><strong>atque</strong></span> <span class='ocrx_word' id='word_1_171' title='bbox 2902 1333 2964 1389; x_wconf 91' lang='lat' dir='ltr'><strong>in</strong></span> <span class='ocrx_word' id='word_1_172' title='bbox 2994 1349 3068 1390; x_wconf 92' lang='lat' dir='ltr'><strong>ea</strong></span> <span class='ocrx_word' id='word_1_173' title='bbox 3099 1350 3287 1407; x_wconf 89' lang='lat' dir='ltr'><strong>prava</strong></span> <span class='ocrx_word' id='word_1_174' title='bbox 3316 1339 3602 1410; x_wconf 82' lang='lat' dir='ltr'><strong>Opinione</strong></span> 
     </span>
    </p>
   </div>
   <div class='ocr_carea' id='block_1_29' title="bbox 1953 1422 3603 1494">
    <p class='ocr_par' dir='ltr' id='par_1_29' title="bbox 1953 1422 3603 1494">
     <span class='ocr_line' id='line_1_29' title="bbox 1953 1422 3603 1494; baseline 0.006 -19"><span class='ocrx_word' id='word_1_175' title='bbox 1953 1424 2450 1492; x_wconf 80' lang='lat' dir='ltr'><strong>perseverassent,</strong></span> <span class='ocrx_word' id='word_1_176' title='bbox 2487 1422 2735 1494; x_wconf 85' lang='lat' dir='ltr'><strong>ejusque</strong></span> <span class='ocrx_word' id='word_1_177' title='bbox 2769 1422 3135 1494; x_wconf 89' lang='lat' dir='ltr'><strong>reprehensi,</strong></span> <span class='ocrx_word' id='word_1_178' title='bbox 3179 1428 3486 1484; x_wconf 63' lang='lat' dir='ltr'><strong>sententiis</strong></span> <span class='ocrx_word' id='word_1_179' title='bbox 3522 1433 3603 1485; x_wconf 89' lang='lat' dir='ltr'><strong>te-</strong></span> 
     </span>
    </p>
   </div>
   <div class='ocr_carea' id='block_1_30' title="bbox 1950 1510 3603 1581">
    <p class='ocr_par' dir='ltr' id='par_1_30' title="bbox 1950 1510 3603 1581">
     <span class='ocr_line' id='line_1_30' title="bbox 1950 1510 3603 1581; baseline 0.005 -16"><span class='ocrx_word' id='word_1_180' title='bbox 1950 1525 2132 1565; x_wconf 90' lang='lat' dir='ltr'><strong>naces</strong></span> <span class='ocrx_word' id='word_1_181' title='bbox 2174 1510 2349 1566; x_wconf 87' lang='lat' dir='ltr'><strong>vitam</strong></span> <span class='ocrx_word' id='word_1_182' title='bbox 2396 1526 2537 1566; x_wconf 90' lang='lat' dir='ltr'><strong>cum</strong></span> <span class='ocrx_word' id='word_1_183' title='bbox 2581 1516 2771 1566; x_wconf 91' lang='lat' dir='ltr'><strong>morte</strong></span> <span class='ocrx_word' id='word_1_184' title='bbox 2811 1516 3325 1581; x_wconf 88' lang='lat' dir='ltr'><strong>commutassent;</strong></span> <span class='ocrx_word' id='word_1_185' title='bbox 3357 1531 3603 1574; x_wconf 89' lang='lat' dir='ltr'><strong>necesse</strong></span> 
     </span>
    </p>
   </div>
   <div class='ocr_carea' id='block_1_31' title="bbox 1952 1601 3600 1675">
    <p class='ocr_par' dir='ltr' id='par_1_31' title="bbox 1952 1601 3600 1675">
     <span class='ocr_line' id='line_1_31' title="bbox 1952 1601 3600 1675; baseline 0.005 -23"><span class='ocrx_word' id='word_1_186' title='bbox 1952 1604 2108 1654; x_wconf 89' lang='lat' dir='ltr'><strong>esset</strong></span> <span class='ocrx_word' id='word_1_187' title='bbox 2156 1604 2220 1655; x_wconf 92' lang='lat' dir='ltr'><strong>ut</strong></span> <span class='ocrx_word' id='word_1_188' title='bbox 2249 1614 2390 1655; x_wconf 90' lang='lat' dir='ltr'><strong>cum</strong></span> <span class='ocrx_word' id='word_1_189' title='bbox 2419 1614 2618 1655; x_wconf 90' lang='lat' dir='ltr'><strong>errore</strong></span> <span class='ocrx_word' id='word_1_190' title='bbox 2649 1614 2948 1671; x_wconf 86' lang='lat' dir='ltr'><strong>sensuque</strong></span> <span class='ocrx_word' id='word_1_191' title='bbox 2979 1616 3089 1657; x_wconf 91' lang='lat' dir='ltr'><strong>suo</strong></span> <span class='ocrx_word' id='word_1_192' title='bbox 3119 1601 3600 1675; x_wconf 86' lang='lat' dir='ltr'><strong>exploderentur.</strong></span> 
     </span>
    </p>
   </div>
   <div class='ocr_carea' id='block_1_32' title="bbox 1952 1685 3605 1764">
    <p class='ocr_par' dir='ltr' id='par_1_32' title="bbox 1952 1685 3605 1764">
     <span class='ocr_line' id='line_1_32' title="bbox 1952 1685 3605 1764; baseline 0.005 -21"><span class='ocrx_word' id='word_1_193' title='bbox 1952 1685 2057 1743; x_wconf 91' lang='lat' dir='ltr'><strong>Sin</strong></span> <span class='ocrx_word' id='word_1_194' title='bbox 2070 1692 2270 1743; x_wconf 87' lang='lat' dir='ltr'><strong>autem</strong></span> <span class='ocrx_word' id='word_1_195' title='bbox 2286 1687 2443 1744; x_wconf 89' lang='lat' dir='ltr'><strong>male</strong></span> <span class='ocrx_word' id='word_1_196' title='bbox 2460 1688 2706 1760; x_wconf 89' lang='lat' dir='ltr'><strong>quidem</strong></span> <span class='ocrx_word' id='word_1_197' title='bbox 2725 1687 2905 1744; x_wconf 89' lang='lat' dir='ltr'><strong>locuti</strong></span> <span class='ocrx_word' id='word_1_198' title='bbox 2915 1693 3073 1758; x_wconf 86' lang='lat' dir='ltr'><strong>sunt,</strong></span> <span class='ocrx_word' id='word_1_199' title='bbox 3092 1695 3195 1747; x_wconf 87' lang='lat' dir='ltr'><strong>aut</strong></span> <span class='ocrx_word' id='word_1_200' title='bbox 3207 1690 3406 1764; x_wconf 89' lang='lat' dir='ltr'><strong>aliqua</strong></span> <span class='ocrx_word' id='word_1_201' title='bbox 3420 1709 3605 1752; x_wconf 89' lang='lat' dir='ltr'><strong>causa</strong></span> 
     </span>
    </p>
   </div>
   <div class='ocr_carea' id='block_1_33' title="bbox 235 1775 1836 1853">
    <p class='ocr_par' dir='ltr' id='par_1_33' title="bbox 235 1775 1836 1852">
     <span class='ocr_line' id='line_1_33' title="bbox 235 1775 1836 1852; baseline -0.001 -19"><span class='ocrx_word' id='word_1_202' title='bbox 235 1799 356 1833; x_wconf 77' lang='grc' dir='ltr'><strong>σανο</strong></span> <span class='ocrx_word' id='word_1_203' title='bbox 385 1776 610 1852; x_wconf 67' lang='grc' dir='ltr'><strong>οὐδεμία</strong></span> <span class='ocrx_word' id='word_1_204' title='bbox 654 1775 714 1831; x_wconf 68' lang='grc' dir='ltr'><strong>δι</strong></span> <span class='ocrx_word' id='word_1_205' title='bbox 759 1779 987 1840; x_wconf 72' lang='grc' dir='ltr'><strong>ζήτησις</strong></span> <span class='ocrx_word' id='word_1_206' title='bbox 1037 1776 1212 1837; x_wconf 77' lang='grc' dir='ltr'><strong>αὐτοῖς</strong></span> <span class='ocrx_word' id='word_1_207' title='bbox 1254 1781 1676 1848; x_wconf 74' lang='grc' dir='ltr'><strong>προσενήνεκται,</strong></span> <span class='ocrx_word' id='word_1_208' title='bbox 1727 1776 1836 1832; x_wconf 75' lang='grc' dir='ltr'><strong>οὐδ’</strong></span> 
     </span>
    </p>
   </div>
   <div class='ocr_carea' id='block_1_34' title="bbox 1945 1775 3604 1853">
    <p class='ocr_par' dir='ltr' id='par_1_34' title="bbox 1954 1776 3604 1850">
     <span class='ocr_line' id='line_1_34' title="bbox 1954 1776 3604 1850; baseline 0.006 -19"><span class='ocrx_word' id='word_1_209' title='bbox 1954 1791 2113 1832; x_wconf 90' lang='lat' dir='ltr'><strong>nunc</strong></span> <span class='ocrx_word' id='word_1_210' title='bbox 2136 1776 2313 1833; x_wconf 90' lang='lat' dir='ltr'><strong>nobis</strong></span> <span class='ocrx_word' id='word_1_211' title='bbox 2333 1777 2536 1846; x_wconf 89' lang='lat' dir='ltr'><strong>ignota</strong></span> <span class='ocrx_word' id='word_1_212' title='bbox 2558 1792 2595 1834; x_wconf 91' lang='lat' dir='ltr'><strong>a</strong></span> <span class='ocrx_word' id='word_1_213' title='bbox 2612 1782 2773 1833; x_wconf 88' lang='lat' dir='ltr'><strong>recto</strong></span> <span class='ocrx_word' id='word_1_214' title='bbox 2802 1779 3034 1835; x_wconf 85' lang='lat' dir='ltr'><strong>tramite</strong></span> <span class='ocrx_word' id='word_1_215' title='bbox 3051 1778 3371 1837; x_wconf 88' lang='lat' dir='ltr'><strong>deviarunt</strong></span> <span class='ocrx_word' id='word_1_216' title='bbox 3398 1799 3412 1850; x_wconf 91' lang='lat'><strong>;</strong></span> <span class='ocrx_word' id='word_1_217' title='bbox 3439 1782 3604 1842; x_wconf 91' lang='lat' dir='ltr'><strong>nulla</strong></span> 
     </span>
    </p>
   </div>
   <div class='ocr_carea' id='block_1_35' title="bbox 235 1862 1840 1942">
    <p class='ocr_par' dir='ltr' id='par_1_35' title="bbox 235 1862 1840 1942">
     <span class='ocr_line' id='line_1_35' title="bbox 235 1862 1840 1942; baseline -0.001 -20"><span class='ocrx_word' id='word_1_218' title='bbox 235 1870 311 1932; x_wconf 87' lang='grc' dir='ltr'><strong>εἰς</strong></span> <span class='ocrx_word' id='word_1_219' title='bbox 347 1870 584 1942; x_wconf 86' lang='grc' dir='ltr'><strong>μάθησιν</strong></span> <span class='ocrx_word' id='word_1_220' title='bbox 631 1875 722 1929; x_wconf 79' lang='grc' dir='ltr'><strong>τῆς</strong></span> <span class='ocrx_word' id='word_1_221' title='bbox 771 1865 1013 1927; x_wconf 84' lang='grc' dir='ltr'><strong>ἀληθείας</strong></span> <span class='ocrx_word' id='word_1_222' title='bbox 1047 1862 1220 1927; x_wconf 72' lang='grc' dir='ltr'><strong>οὐδεὶς</strong></span> <span class='ocrx_word' id='word_1_223' title='bbox 1266 1865 1453 1929; x_wconf 75' lang='grc' dir='ltr'><strong>αὐτοὺς</strong></span> <span class='ocrx_word' id='word_1_224' title='bbox 1507 1867 1840 1940; x_wconf 83' lang='grc' dir='ltr'><strong>παρεκάλεσε,</strong></span> 
     </span>
    </p>
   </div>
   <div class='ocr_carea' id='block_1_36' title="bbox 234 1952 1842 2032">
    <p class='ocr_par' dir='ltr' id='par_1_36' title="bbox 234 1952 1842 2032">
     <span class='ocr_line' id='line_1_36' title="bbox 234 1952 1842 2032; baseline -0.001 -20"><span class='ocrx_word' id='word_1_225' title='bbox 234 1962 472 2032; x_wconf 78' lang='grc' dir='ltr'><strong>Πατέρας</strong></span> <span class='ocrx_word' id='word_1_226' title='bbox 524 1961 614 2029; x_wconf 65' lang='grc' dir='ltr'><strong>μὲν</strong></span> <span class='ocrx_word' id='word_1_227' title='bbox 663 1952 815 2009; x_wconf 71' lang='grc' dir='ltr'><strong>οὐδὲν</strong></span> <span class='ocrx_word' id='word_1_228' title='bbox 844 1955 1051 2008; x_wconf 84' lang='grc' dir='ltr'><strong>ἔλαττον</strong></span> <span class='ocrx_word' id='word_1_229' title='bbox 1099 1954 1305 2021; x_wconf 74' lang='grc' dir='ltr'><strong>αὐτοὺς,</strong></span> <span class='ocrx_word' id='word_1_230' title='bbox 1350 1954 1395 2008; x_wconf 87' lang='grc' dir='ltr'><strong>εἰ</strong></span> <span class='ocrx_word' id='word_1_231' title='bbox 1430 1960 1520 2007; x_wconf 76' lang='grc' dir='ltr'><strong>καὶ</strong></span> <span class='ocrx_word' id='word_1_232' title='bbox 1566 1960 1639 2027; x_wconf 75' lang='grc' dir='ltr'><strong>μὴ</strong></span> <span class='ocrx_word' id='word_1_233' title='bbox 1689 1964 1842 2010; x_wconf 80' lang='grc' dir='ltr'><strong>τοῦτο</strong></span> 
     </span>
    </p>
   </div>
   <div class='ocr_carea' id='block_1_37' title="bbox 233 2040 1840 2120">
    <p class='ocr_par' dir='ltr' id='par_1_37' title="bbox 233 2040 1840 2120">
     <span class='ocr_line' id='line_1_37' title="bbox 233 2040 1840 2120; baseline -0.002 -20"><span class='ocrx_word' id='word_1_234' title='bbox 233 2048 400 2113; x_wconf 77' lang='grc' dir='ltr'><strong>εἶπον,</strong></span> <span class='ocrx_word' id='word_1_235' title='bbox 460 2043 879 2120; x_wconf 66' lang='grc' dir='ltr'><strong>ἐπιγραφόμεθα,</strong></span> <span class='ocrx_word' id='word_1_236' title='bbox 934 2040 1030 2096; x_wconf 88' lang='grc' dir='ltr'><strong>διά</strong></span> <span class='ocrx_word' id='word_1_237' title='bbox 1085 2062 1138 2095; x_wconf 86' lang='grc' dir='ltr'><strong>τε</strong></span> <span class='ocrx_word' id='word_1_238' title='bbox 1185 2046 1245 2096; x_wconf 87' lang='grc' dir='ltr'><strong>τό</strong></span> <span class='ocrx_word' id='word_1_239' title='bbox 1294 2050 1385 2095; x_wconf 83' lang='grc' dir='ltr'><strong>τοῦ</strong></span> <span class='ocrx_word' id='word_1_240' title='bbox 1431 2041 1554 2116; x_wconf 81' lang='grc' dir='ltr'><strong>βίου</strong></span> <span class='ocrx_word' id='word_1_241' title='bbox 1605 2043 1840 2119; x_wconf 87' lang='grc' dir='ltr'><strong>λαμπρὸν</strong></span> 
     </span>
    </p>
   </div>
   <div class='ocr_carea' id='block_1_38' title="bbox 232 2128 1841 2209">
    <p class='ocr_par' dir='ltr' id='par_1_38' title="bbox 232 2128 1841 2209">
     <span class='ocr_line' id='line_1_38' title="bbox 232 2128 1841 2209; baseline -0.007 -21"><span class='ocrx_word' id='word_1_242' title='bbox 232 2140 324 2188; x_wconf 84' lang='grc' dir='ltr'><strong>καὶ</strong></span> <span class='ocrx_word' id='word_1_243' title='bbox 375 2144 471 2198; x_wconf 83' lang='grc' dir='ltr'><strong>τῆς</strong></span> <span class='ocrx_word' id='word_1_244' title='bbox 524 2133 708 2209; x_wconf 79' lang='grc' dir='ltr'><strong>ἀρετῆς</strong></span> <span class='ocrx_word' id='word_1_245' title='bbox 768 2136 827 2185; x_wconf 89' lang='grc' dir='ltr'><strong>τὸ</strong></span> <span class='ocrx_word' id='word_1_246' title='bbox 876 2128 1175 2205; x_wconf 83' lang='grc' dir='ltr'><strong>αἰδέσιμον,</strong></span> <span class='ocrx_word' id='word_1_247' title='bbox 1225 2137 1316 2185; x_wconf 82' lang='grc' dir='ltr'><strong>καὶ</strong></span> <span class='ocrx_word' id='word_1_248' title='bbox 1347 2139 1437 2193; x_wconf 88' lang='grc' dir='ltr'><strong>τῆς</strong></span> <span class='ocrx_word' id='word_1_249' title='bbox 1487 2133 1643 2194; x_wconf 80' lang='grc' dir='ltr'><strong>ἄλλης</strong></span> <span class='ocrx_word' id='word_1_250' title='bbox 1697 2134 1841 2188; x_wconf 55' lang='lat' dir='ltr'><strong>si)“-</strong></span> 
     </span>
    </p>
   </div>
   <div class='ocr_carea' id='block_1_39' title="bbox 232 2216 1839 2295">
    <p class='ocr_par' dir='ltr' id='par_1_39' title="bbox 232 2216 1839 2295">
     <span class='ocr_line' id='line_1_39' title="bbox 232 2216 1839 2295; baseline 0 -18"><span class='ocrx_word' id='word_1_251' title='bbox 232 2223 378 2286; x_wconf 74' lang='grc' dir='ltr'><strong>ϐείας</strong></span> <span class='ocrx_word' id='word_1_252' title='bbox 428 2228 488 2276; x_wconf 87' lang='grc' dir='ltr'><strong>τό</strong></span> <span class='ocrx_word' id='word_1_253' title='bbox 541 2222 961 2294; x_wconf 77' lang='grc' dir='ltr'><strong>ἀκατάγνωστονο</strong></span> <span class='ocrx_word' id='word_1_254' title='bbox 1016 2229 1126 2283; x_wconf 87' lang='grc' dir='ltr'><strong>τοῖς</strong></span> <span class='ocrx_word' id='word_1_255' title='bbox 1178 2216 1238 2274; x_wconf 73' lang='grc' dir='ltr'><strong>δε</strong></span> <span class='ocrx_word' id='word_1_256' title='bbox 1285 2221 1459 2293; x_wconf 81' lang='grc' dir='ltr'><strong>λόγοις</strong></span> <span class='ocrx_word' id='word_1_257' title='bbox 1510 2225 1725 2295; x_wconf 82' lang='grc' dir='ltr'><strong>τούτων,</strong></span> <span class='ocrx_word' id='word_1_258' title='bbox 1788 2227 1839 2277; x_wconf 74' lang='grc' dir='ltr'><strong>ἓν</strong></span> 
     </span>
    </p>
   </div>
   <div class='ocr_carea' id='block_1_40' title="bbox 231 2308 1834 2386">
    <p class='ocr_par' dir='ltr' id='par_1_40' title="bbox 231 2308 1834 2386">
     <span class='ocr_line' id='line_1_40' title="bbox 231 2308 1834 2386; baseline -0.001 -19"><span class='ocrx_word' id='word_1_259' title='bbox 231 2314 311 2375; x_wconf 83' lang='grc' dir='ltr'><strong>οἷς</strong></span> <span class='ocrx_word' id='word_1_260' title='bbox 361 2314 800 2386; x_wconf 82' lang='grc' dir='ltr'><strong>παρηνέχθησαν,</strong></span> <span class='ocrx_word' id='word_1_261' title='bbox 854 2310 947 2364; x_wconf 80' lang='grc' dir='ltr'><strong>οὐκ</strong></span> <span class='ocrx_word' id='word_1_262' title='bbox 990 2309 1242 2384; x_wconf 72' lang='grc' dir='ltr'><strong>εψόμεθα.</strong></span> <span class='ocrx_word' id='word_1_263' title='bbox 1298 2308 1457 2363; x_wconf 85' lang='grc' dir='ltr'><strong>Ὀσοι</strong></span> <span class='ocrx_word' id='word_1_264' title='bbox 1509 2308 1569 2365; x_wconf 61' lang='grc' dir='ltr'><strong>δί</strong></span> <span class='ocrx_word' id='word_1_265' title='bbox 1619 2315 1834 2381; x_wconf 83' lang='grc' dir='ltr'><strong>τούτων,</strong></span> 
     </span>
    </p>
   </div>
   <div class='ocr_carea' id='block_1_41' title="bbox 233 2398 1839 2477">
    <p class='ocr_par' dir='ltr' id='par_1_41' title="bbox 233 2398 1839 2477">
     <span class='ocr_line' id='line_1_41' title="bbox 233 2398 1839 2477; baseline 0.001 -22"><span class='ocrx_word' id='word_1_266' title='bbox 233 2401 515 2477; x_wconf 80' lang='grc' dir='ltr'><strong>βιάζονται</strong></span> <span class='ocrx_word' id='word_1_267' title='bbox 547 2401 621 2464; x_wconf 85' lang='grc' dir='ltr'><strong>εἰς</strong></span> <span class='ocrx_word' id='word_1_268' title='bbox 671 2400 932 2454; x_wconf 83' lang='grc' dir='ltr'><strong>ἀντίθετον</strong></span> <span class='ocrx_word' id='word_1_269' title='bbox 980 2405 1270 2476; x_wconf 85' lang='grc' dir='ltr'><strong>μαρτυρίαν</strong></span> <span class='ocrx_word' id='word_1_270' title='bbox 1314 2398 1473 2453; x_wconf 77' lang='grc' dir='ltr'><strong>ἐλθεῖν</strong></span> <span class='ocrx_word' id='word_1_271' title='bbox 1514 2410 1611 2465; x_wconf 86' lang='grc' dir='ltr'><strong>τῆς</strong></span> <span class='ocrx_word' id='word_1_272' title='bbox 1648 2409 1839 2457; x_wconf 84' lang='grc' dir='ltr'><strong>Δεσπο-</strong></span> 
     </span>
    </p>
   </div>
   <div class='ocr_carea' id='block_1_42' title="bbox 228 2490 1838 2567">
    <p class='ocr_par' dir='ltr' id='par_1_42' title="bbox 228 2490 1838 2567">
     <span class='ocr_line' id='line_1_42' title="bbox 228 2490 1838 2567; baseline -0.001 -21"><span class='ocrx_word' id='word_1_273' title='bbox 228 2500 384 2553; x_wconf 83' lang='grc' dir='ltr'><strong>τικῆς</strong></span> <span class='ocrx_word' id='word_1_274' title='bbox 421 2499 609 2566; x_wconf 71' lang='grc' dir='ltr'><strong>φωνῆς,</strong></span> <span class='ocrx_word' id='word_1_275' title='bbox 642 2490 784 2544; x_wconf 79' lang='grc' dir='ltr'><strong>οὗτοι</strong></span> <span class='ocrx_word' id='word_1_276' title='bbox 828 2490 959 2554; x_wconf 78' lang='grc' dir='ltr'><strong>λέξει</strong></span> <span class='ocrx_word' id='word_1_277' title='bbox 988 2493 1078 2563; x_wconf 69' lang='grc' dir='ltr'><strong>μὲν</strong></span> <span class='ocrx_word' id='word_1_278' title='bbox 1135 2497 1308 2563; x_wconf 71' lang='grc' dir='ltr'><strong>γυμνῇ</strong></span> <span class='ocrx_word' id='word_1_279' title='bbox 1349 2493 1437 2543; x_wconf 87' lang='grc' dir='ltr'><strong>τὸν</strong></span> <span class='ocrx_word' id='word_1_280' title='bbox 1479 2495 1685 2567; x_wconf 87' lang='grc' dir='ltr'><strong>ιιατέρα</strong></span> <span class='ocrx_word' id='word_1_281' title='bbox 1716 2495 1838 2545; x_wconf 79' lang='grc' dir='ltr'><strong>τού.</strong></span> 
     </span>
    </p>
   </div>
   <div class='ocr_carea' id='block_1_43' title="bbox 226 2576 1838 2655">
    <p class='ocr_par' dir='ltr' id='par_1_43' title="bbox 226 2576 1838 2655">
     <span class='ocr_line' id='line_1_43' title="bbox 226 2576 1838 2655; baseline 0.001 -22"><span class='ocrx_word' id='word_1_282' title='bbox 226 2599 339 2644; x_wconf 90' lang='grc' dir='ltr'><strong>τοις</strong></span> <span class='ocrx_word' id='word_1_283' title='bbox 363 2581 684 2654; x_wconf 79' lang='grc' dir='ltr'><strong>χαρίζονται</strong></span> <span class='ocrx_word' id='word_1_284' title='bbox 711 2599 726 2612; x_wconf 88' lang='grc'><strong>·</strong></span> <span class='ocrx_word' id='word_1_285' title='bbox 777 2582 912 2655; x_wconf 76' lang='grc' dir='ltr'><strong>ἔργῳ</strong></span> <span class='ocrx_word' id='word_1_286' title='bbox 951 2576 1012 2633; x_wconf 65' lang='grc' dir='ltr'><strong>δί</strong></span> <span class='ocrx_word' id='word_1_287' title='bbox 1054 2584 1145 2633; x_wconf 80' lang='grc' dir='ltr'><strong>καὶ</strong></span> <span class='ocrx_word' id='word_1_288' title='bbox 1171 2581 1318 2652; x_wconf 75' lang='grc' dir='ltr'><strong>πάσῃ</strong></span> <span class='ocrx_word' id='word_1_289' title='bbox 1355 2577 1565 2654; x_wconf 76' lang='grc' dir='ltr'><strong>σπουδῇ</strong></span> <span class='ocrx_word' id='word_1_290' title='bbox 1621 2581 1690 2642; x_wconf 87' lang='grc' dir='ltr'><strong>εἰς</strong></span> <span class='ocrx_word' id='word_1_291' title='bbox 1743 2587 1838 2641; x_wconf 63' lang='grc' dir='ltr'><strong>τὴν</strong></span> 
     </span>
    </p>
   </div>
   <div class='ocr_carea' id='block_1_44' title="bbox 227 2668 1838 2744">
    <p class='ocr_par' dir='ltr' id='par_1_44' title="bbox 227 2668 1838 2744">
     <span class='ocr_line' id='line_1_44' title="bbox 227 2668 1838 2744; baseline 0.001 -22"><span class='ocrx_word' id='word_1_292' title='bbox 227 2679 330 2723; x_wconf 83' lang='grc' dir='ltr'><strong>τῶν</strong></span> <span class='ocrx_word' id='word_1_293' title='bbox 358 2669 685 2744; x_wconf 78' lang='grc' dir='ltr'><strong>πατραλοιῶν</strong></span> <span class='ocrx_word' id='word_1_294' title='bbox 714 2673 805 2722; x_wconf 84' lang='grc' dir='ltr'><strong>καὶ</strong></span> <span class='ocrx_word' id='word_1_295' title='bbox 845 2669 1099 2742; x_wconf 83' lang='grc' dir='ltr'><strong>πολεμίων</strong></span> <span class='ocrx_word' id='word_1_296' title='bbox 1145 2674 1332 2743; x_wconf 83' lang='grc' dir='ltr'><strong>χώραν</strong></span> <span class='ocrx_word' id='word_1_297' title='bbox 1380 2671 1570 2731; x_wconf 75' lang='grc' dir='ltr'><strong>αὐτοὺς</strong></span> <span class='ocrx_word' id='word_1_298' title='bbox 1618 2668 1838 2723; x_wconf 84' lang='grc' dir='ltr'><strong>ἀπελαύ-</strong></span> 
     </span>
    </p>
   </div>
   <div class='ocr_carea' id='block_1_45' title="bbox 227 2754 1839 2832">
    <p class='ocr_par' dir='ltr' id='par_1_45' title="bbox 227 2754 1839 2832">
     <span class='ocr_line' id='line_1_45' title="bbox 227 2754 1839 2832; baseline 0.001 -20"><span class='ocrx_word' id='word_1_299' title='bbox 227 2778 427 2815; x_wconf 84' lang='grc' dir='ltr'><strong>νουσιν.</strong></span> <span class='ocrx_word' id='word_1_300' title='bbox 489 2757 662 2832; x_wconf 81' lang='grc' dir='ltr'><strong>Ἡμεῖς</strong></span> <span class='ocrx_word' id='word_1_301' title='bbox 707 2754 788 2824; x_wconf 73' lang='grc' dir='ltr'><strong>δε,</strong></span> <span class='ocrx_word' id='word_1_302' title='bbox 838 2756 945 2811; x_wconf 73' lang='grc' dir='ltr'><strong>ἐπεὶ</strong></span> <span class='ocrx_word' id='word_1_303' title='bbox 998 2763 1085 2811; x_wconf 71' lang='grc' dir='ltr'><strong>καὶ</strong></span> <span class='ocrx_word' id='word_1_304' title='bbox 1125 2757 1308 2819; x_wconf 77' lang='grc' dir='ltr'><strong>ἄλλους</strong></span> <span class='ocrx_word' id='word_1_305' title='bbox 1350 2760 1489 2819; x_wconf 88' lang='grc' dir='ltr'><strong>τινάς</strong></span> <span class='ocrx_word' id='word_1_306' title='bbox 1533 2767 1630 2811; x_wconf 83' lang='grc' dir='ltr'><strong>τῶν</strong></span> <span class='ocrx_word' id='word_1_307' title='bbox 1663 2779 1839 2832; x_wconf 82' lang='grc' dir='ltr'><strong>μακα-</strong></span> 
     </span>
    </p>
   </div>
   <div class='ocr_carea' id='block_1_46' title="bbox 225 2843 1837 2924">
    <p class='ocr_par' dir='ltr' id='par_1_46' title="bbox 225 2843 1837 2924">
     <span class='ocr_line' id='line_1_46' title="bbox 225 2843 1837 2924; baseline 0 -22"><span class='ocrx_word' id='word_1_308' title='bbox 225 2854 354 2924; x_wconf 82' lang='grc' dir='ltr'><strong>ρίων</strong></span> <span class='ocrx_word' id='word_1_309' title='bbox 409 2850 555 2921; x_wconf 77' lang='grc' dir='ltr'><strong>ἡμῶν</strong></span> <span class='ocrx_word' id='word_1_310' title='bbox 588 2851 824 2920; x_wconf 84' lang='grc' dir='ltr'><strong>Πατέρων</strong></span> <span class='ocrx_word' id='word_1_311' title='bbox 873 2851 962 2901; x_wconf 82' lang='grc' dir='ltr'><strong>καὶ</strong></span> <span class='ocrx_word' id='word_1_312' title='bbox 1013 2843 1378 2914; x_wconf 78' lang='grc' dir='ltr'><strong>διδασκάλων,</strong></span> <span class='ocrx_word' id='word_1_313' title='bbox 1421 2847 1470 2900; x_wconf 74' lang='grc' dir='ltr'><strong>ἐν</strong></span> <span class='ocrx_word' id='word_1_314' title='bbox 1516 2848 1731 2910; x_wconf 79' lang='grc' dir='ltr'><strong>,πολλοῖς</strong></span> <span class='ocrx_word' id='word_1_315' title='bbox 1785 2868 1837 2902; x_wconf 92' lang='grc' dir='ltr'><strong>τε</strong></span> 
     </span>
    </p>
   </div>
   <div class='ocr_carea' id='block_1_47' title="bbox 225 2934 1836 3012">
    <p class='ocr_par' dir='ltr' id='par_1_47' title="bbox 225 2934 1836 3012">
     <span class='ocr_line' id='line_1_47' title="bbox 225 2934 1836 3012; baseline 0.001 -23"><span class='ocrx_word' id='word_1_316' title='bbox 225 2937 405 2999; x_wconf 77' lang='grc' dir='ltr'><strong>ἄλλοις</strong></span> <span class='ocrx_word' id='word_1_317' title='bbox 453 2934 545 2999; x_wconf 75' lang='grc' dir='ltr'><strong>τῆς</strong></span> <span class='ocrx_word' id='word_1_318' title='bbox 600 2936 866 3010; x_wconf 81' lang='grc' dir='ltr'><strong>ἀκριϐείας</strong></span> <span class='ocrx_word' id='word_1_319' title='bbox 924 2945 1023 2989; x_wconf 83' lang='grc' dir='ltr'><strong>τῶν</strong></span> <span class='ocrx_word' id='word_1_320' title='bbox 1086 2936 1250 3012; x_wconf 82' lang='grc' dir='ltr'><strong>ὀρθῶν</strong></span> <span class='ocrx_word' id='word_1_321' title='bbox 1308 2934 1587 3010; x_wconf 74' lang='grc' dir='ltr'><strong>δογμάτων</strong></span> <span class='ocrx_word' id='word_1_322' title='bbox 1653 2957 1836 3010; x_wconf 88' lang='grc' dir='ltr'><strong>παρεν-</strong></span> 
     </span>
    </p>
   </div>
   <div class='ocr_carea' id='block_1_48' title="bbox 228 3025 1834 3102">
    <p class='ocr_par' dir='ltr' id='par_1_48' title="bbox 228 3025 1834 3102">
     <span class='ocr_line' id='line_1_48' title="bbox 228 3025 1834 3102; baseline 0 -23"><span class='ocrx_word' id='word_1_323' title='bbox 228 3027 478 3097; x_wconf 83' lang='grc' dir='ltr'><strong>εχθέντας</strong></span> <span class='ocrx_word' id='word_1_324' title='bbox 524 3025 1021 3099; x_wconf 79' lang='grc' dir='ltr'><strong>καταλαμϐάνοντες,</strong></span> <span class='ocrx_word' id='word_1_325' title='bbox 1092 3030 1152 3078; x_wconf 88' lang='grc' dir='ltr'><strong>τό</strong></span> <span class='ocrx_word' id='word_1_326' title='bbox 1209 3029 1299 3099; x_wconf 67' lang='grc' dir='ltr'><strong>μὲν</strong></span> <span class='ocrx_word' id='word_1_327' title='bbox 1365 3029 1698 3102; x_wconf 63' lang='grc' dir='ltr'><strong>παρενεχθὲν,</strong></span> <span class='ocrx_word' id='word_1_328' title='bbox 1774 3028 1834 3079; x_wconf 77' lang='grc' dir='ltr'><strong>οὐ</strong></span> 
     </span>
    </p>
   </div>
   <div class='ocr_carea' id='block_1_49' title="bbox 228 3112 1829 3191">
    <p class='ocr_par' dir='ltr' id='par_1_49' title="bbox 228 3112 1829 3191">
     <span class='ocr_line' id='line_1_49' title="bbox 228 3112 1829 3191; baseline 0.001 -23"><span class='ocrx_word' id='word_1_329' title='bbox 228 3117 543 3190; x_wconf 72' lang='grc' dir='ltr'><strong>προσθήκην</strong></span> <span class='ocrx_word' id='word_1_330' title='bbox 591 3113 882 3189; x_wconf 81' lang='grc' dir='ltr'><strong>δεχόμεθα,</strong></span> <span class='ocrx_word' id='word_1_331' title='bbox 909 3121 1032 3178; x_wconf 81' lang='grc' dir='ltr'><strong>τοὺς</strong></span> <span class='ocrx_word' id='word_1_332' title='bbox 1081 3112 1277 3191; x_wconf 78' lang='grc' dir='ltr'><strong>ἄνδρας</strong></span> <span class='ocrx_word' id='word_1_333' title='bbox 1325 3114 1385 3169; x_wconf 65' lang='grc' dir='ltr'><strong>δὲ</strong></span> <span class='ocrx_word' id='word_1_334' title='bbox 1446 3115 1829 3189; x_wconf 78' lang='grc' dir='ltr'><strong>ἀσπαζόμεθα·</strong></span> 
     </span>
    </p>
   </div>
   <div class='ocr_carea' id='block_1_50' title="bbox 226 3204 1836 3277">
    <p class='ocr_par' dir='ltr' id='par_1_50' title="bbox 226 3204 1836 3277">
     <span class='ocr_line' id='line_1_50' title="bbox 226 3204 1836 3277; baseline 0.001 -20"><span class='ocrx_word' id='word_1_335' title='bbox 226 3204 364 3257; x_wconf 76' lang='grc' dir='ltr'><strong>οὕτω</strong></span> <span class='ocrx_word' id='word_1_336' title='bbox 391 3209 483 3258; x_wconf 85' lang='grc' dir='ltr'><strong>καὶ</strong></span> <span class='ocrx_word' id='word_1_337' title='bbox 512 3208 652 3271; x_wconf 83' lang='grc' dir='ltr'><strong>τοὺς,</strong></span> <span class='ocrx_word' id='word_1_338' title='bbox 680 3208 725 3258; x_wconf 85' lang='grc' dir='ltr'><strong>εἰ</strong></span> <span class='ocrx_word' id='word_1_339' title='bbox 773 3223 908 3268; x_wconf 82' lang='grc' dir='ltr'><strong>τινες</strong></span> <span class='ocrx_word' id='word_1_340' title='bbox 955 3205 1334 3277; x_wconf 78' lang='grc' dir='ltr'><strong>ὖπηνέχθησαν</strong></span> <span class='ocrx_word' id='word_1_341' title='bbox 1365 3205 1523 3258; x_wconf 84' lang='grc' dir='ltr'><strong>εἰπεῖν</strong></span> <span class='ocrx_word' id='word_1_342' title='bbox 1576 3210 1636 3258; x_wconf 87' lang='grc' dir='ltr'><strong>τό</strong></span> <span class='ocrx_word' id='word_1_343' title='bbox 1682 3212 1836 3258; x_wconf 80' lang='grc' dir='ltr'><strong>Πνεῦ-</strong></span> 
     </span>
    </p>
   </div>
   <div class='ocr_carea' id='block_1_51' title="bbox 224 3291 1835 3370">
    <p class='ocr_par' dir='ltr' id='par_1_51' title="bbox 224 3291 1835 3370">
     <span class='ocr_line' id='line_1_51' title="bbox 224 3291 1835 3370; baseline 0.002 -25"><span class='ocrx_word' id='word_1_344' title='bbox 224 3312 302 3367; x_wconf 86' lang='grc' dir='ltr'><strong>μα</strong></span> <span class='ocrx_word' id='word_1_345' title='bbox 330 3291 388 3345; x_wconf 74' lang='grc' dir='ltr'><strong>ἐκ</strong></span> <span class='ocrx_word' id='word_1_346' title='bbox 447 3301 541 3347; x_wconf 84' lang='grc' dir='ltr'><strong>τοῦ</strong></span> <span class='ocrx_word' id='word_1_347' title='bbox 586 3296 710 3348; x_wconf 83' lang='grc' dir='ltr'><strong>Υἰοῦ</strong></span> <span class='ocrx_word' id='word_1_348' title='bbox 754 3293 1149 3366; x_wconf 70' lang='grc' dir='ltr'><strong>ἐκπορεύεσθαιν</strong></span> <span class='ocrx_word' id='word_1_349' title='bbox 1181 3298 1238 3347; x_wconf 89' lang='grc' dir='ltr'><strong>τὸ</strong></span> <span class='ocrx_word' id='word_1_350' title='bbox 1269 3297 1360 3367; x_wconf 66' lang='grc' dir='ltr'><strong>μὲν</strong></span> <span class='ocrx_word' id='word_1_351' title='bbox 1408 3298 1551 3370; x_wconf 74' lang='grc' dir='ltr'><strong>παρὰ</strong></span> <span class='ocrx_word' id='word_1_352' title='bbox 1604 3299 1699 3354; x_wconf 79' lang='grc' dir='ltr'><strong>την</strong></span> <span class='ocrx_word' id='word_1_353' title='bbox 1750 3301 1835 3349; x_wconf 83' lang='grc' dir='ltr'><strong>Δε-</strong></span> 
     </span>
    </p>
   </div>
   <div class='ocr_carea' id='block_1_52' title="bbox 228 3380 1834 3457">
    <p class='ocr_par' dir='ltr' id='par_1_52' title="bbox 228 3380 1834 3457">
     <span class='ocr_line' id='line_1_52' title="bbox 228 3380 1834 3457; baseline 0.001 -21"><span class='ocrx_word' id='word_1_354' title='bbox 228 3388 483 3442; x_wconf 78' lang='grc' dir='ltr'><strong>σποτικην</strong></span> <span class='ocrx_word' id='word_1_355' title='bbox 536 3388 721 3457; x_wconf 75' lang='grc' dir='ltr'><strong>φωνὴν,</strong></span> <span class='ocrx_word' id='word_1_356' title='bbox 776 3384 835 3435; x_wconf 75' lang='grc' dir='ltr'><strong>οὗ</strong></span> <span class='ocrx_word' id='word_1_357' title='bbox 885 3380 1173 3456; x_wconf 83' lang='grc' dir='ltr'><strong>δεχόμεθα·</strong></span> <span class='ocrx_word' id='word_1_358' title='bbox 1208 3383 1432 3445; x_wconf 74' lang='grc' dir='ltr'><strong>ἐκείνους</strong></span> <span class='ocrx_word' id='word_1_359' title='bbox 1483 3381 1542 3437; x_wconf 70' lang='grc' dir='ltr'><strong>δὲ</strong></span> <span class='ocrx_word' id='word_1_360' title='bbox 1592 3394 1684 3446; x_wconf 81' lang='grc' dir='ltr'><strong>τῆς</strong></span> <span class='ocrx_word' id='word_1_361' title='bbox 1736 3394 1834 3438; x_wconf 84' lang='grc' dir='ltr'><strong>τῶν</strong></span> 
     </span>
    </p>
   </div>
   <div class='ocr_carea' id='block_1_53' title="bbox 226 3471 1205 3548">
    <p class='ocr_par' dir='ltr' id='par_1_53' title="bbox 226 3471 1205 3548">
     <span class='ocr_line' id='line_1_53' title="bbox 226 3471 1205 3548; baseline 0 -23"><span class='ocrx_word' id='word_1_362' title='bbox 226 3476 471 3545; x_wconf 86' lang='grc' dir='ltr'><strong>Πατέρων</strong></span> <span class='ocrx_word' id='word_1_363' title='bbox 497 3471 689 3544; x_wconf 80' lang='grc' dir='ltr'><strong>ἀγέλης</strong></span> <span class='ocrx_word' id='word_1_364' title='bbox 716 3473 810 3525; x_wconf 79' lang='grc' dir='ltr'><strong>οὐκ</strong></span> <span class='ocrx_word' id='word_1_365' title='bbox 840 3472 1205 3548; x_wconf 85' lang='grc' dir='ltr'><strong>ἀποκρίνομεν.</strong></span> 
     </span>
    </p>
   </div>
   <div class='ocr_carea' id='block_1_54' title="bbox 302 3560 1833 3637">
    <p class='ocr_par' dir='ltr' id='par_1_54' title="bbox 302 3560 1833 3637">
     <span class='ocr_line' id='line_1_54' title="bbox 302 3560 1833 3637; baseline 0.003 -23"><span class='ocrx_word' id='word_1_366' title='bbox 302 3560 424 3615; x_wconf 76' lang='grc' dir='ltr'><strong>ΚΑ’.</strong></span> <span class='ocrx_word' id='word_1_367' title='bbox 455 3566 555 3615; x_wconf 79' lang='grc' dir='ltr'><strong>Καὶ</strong></span> <span class='ocrx_word' id='word_1_368' title='bbox 591 3565 692 3636; x_wconf 81' lang='grc' dir='ltr'><strong>γὰρ</strong></span> <span class='ocrx_word' id='word_1_369' title='bbox 732 3567 822 3615; x_wconf 80' lang='grc' dir='ltr'><strong>καὶ</strong></span> <span class='ocrx_word' id='word_1_370' title='bbox 854 3565 1119 3615; x_wconf 82' lang='grc' dir='ltr'><strong>Διονύσιον</strong></span> <span class='ocrx_word' id='word_1_371' title='bbox 1159 3566 1246 3614; x_wconf 88' lang='grc' dir='ltr'><strong>τόν</strong></span> <span class='ocrx_word' id='word_1_372' title='bbox 1291 3560 1690 3637; x_wconf 82' lang='grc' dir='ltr'><strong>Ἀλεξανδρείας</strong></span> 
     </span>
    </p>
   </div>
   <div class='ocr_carea' id='block_1_55' title="bbox 222 3650 1836 3726">
    <p class='ocr_par' dir='ltr' id='par_1_55' title="bbox 222 3650 1836 3726">
     <span class='ocr_line' id='line_1_55' title="bbox 222 3650 1836 3726; baseline 0.001 -22"><span class='ocrx_word' id='word_1_373' title='bbox 222 3658 297 3721; x_wconf 83' lang='grc' dir='ltr'><strong>τῷ</strong></span> <span class='ocrx_word' id='word_1_374' title='bbox 324 3658 478 3726; x_wconf 84' lang='grc' dir='ltr'><strong>χορῷ</strong></span> <span class='ocrx_word' id='word_1_375' title='bbox 515 3650 677 3722; x_wconf 82' lang='grc' dir='ltr'><strong>ἁγίων</strong></span> <span class='ocrx_word' id='word_1_376' title='bbox 721 3660 821 3703; x_wconf 82' lang='grc' dir='ltr'><strong>τών</strong></span> <span class='ocrx_word' id='word_1_377' title='bbox 877 3655 1118 3725; x_wconf 69' lang='grc' dir='ltr'><strong>Πατάρων</strong></span> <span class='ocrx_word' id='word_1_378' title='bbox 1173 3653 1560 3717; x_wconf 79' lang='grc' dir='ltr'><strong>συντάττοντες,</strong></span> <span class='ocrx_word' id='word_1_379' title='bbox 1611 3655 1701 3713; x_wconf 85' lang='grc' dir='ltr'><strong>τὰς</strong></span> <span class='ocrx_word' id='word_1_380' title='bbox 1747 3654 1836 3705; x_wconf 80' lang='grc' dir='ltr'><strong>ὑπ’</strong></span> 
     </span>
    </p>
   </div>
   <div class='ocr_carea' id='block_1_56' title="bbox 227 3738 1833 3817">
    <p class='ocr_par' dir='ltr' id='par_1_56' title="bbox 227 3738 1833 3817">
     <span class='ocr_line' id='line_1_56' title="bbox 227 3738 1833 3817; baseline 0.002 -26"><span class='ocrx_word' id='word_1_381' title='bbox 227 3739 391 3792; x_wconf 76' lang='grc' dir='ltr'><strong>αὐτοῦ</strong></span> <span class='ocrx_word' id='word_1_382' title='bbox 432 3738 713 3812; x_wconf 85' lang='grc' dir='ltr'><strong>λεχθείσας</strong></span> <span class='ocrx_word' id='word_1_383' title='bbox 758 3744 883 3815; x_wconf 83' lang='grc' dir='ltr'><strong>πρὸς</strong></span> <span class='ocrx_word' id='word_1_384' title='bbox 928 3744 1015 3793; x_wconf 88' lang='grc' dir='ltr'><strong>τόν</strong></span> <span class='ocrx_word' id='word_1_385' title='bbox 1061 3740 1226 3796; x_wconf 81' lang='grc' dir='ltr'><strong>Λίϐυν</strong></span> <span class='ocrx_word' id='word_1_386' title='bbox 1273 3740 1535 3794; x_wconf 83' lang='grc' dir='ltr'><strong>Σαϐέλλιοι</strong></span> <span class='ocrx_word' id='word_1_387' title='bbox 1582 3740 1833 3817; x_wconf 80' lang='grc' dir='ltr'><strong>Ἀρειανε-</strong></span> 
     </span>
    </p>
   </div>
   <div class='ocr_carea' id='block_1_57' title="bbox 225 3827 1834 3904">
    <p class='ocr_par' dir='ltr' id='par_1_57' title="bbox 225 3827 1834 3904">
     <span class='ocr_line' id='line_1_57' title="bbox 225 3827 1834 3904; baseline 0.001 -24"><span class='ocrx_word' id='word_1_388' title='bbox 225 3831 324 3889; x_wconf 82' lang='grc' dir='ltr'><strong>κάς</strong></span> <span class='ocrx_word' id='word_1_389' title='bbox 378 3831 552 3901; x_wconf 78' lang='grc' dir='ltr'><strong>φωνὰς</strong></span> <span class='ocrx_word' id='word_1_390' title='bbox 597 3828 842 3902; x_wconf 66' lang='grc' dir='ltr'><strong>οὐμενοῦν</strong></span> <span class='ocrx_word' id='word_1_391' title='bbox 893 3830 952 3883; x_wconf 77' lang='grc' dir='ltr'><strong>οὐ</strong></span> <span class='ocrx_word' id='word_1_392' title='bbox 1008 3827 1501 3904; x_wconf 83' lang='grc' dir='ltr'><strong>συναποδεχόμεθα,</strong></span> <span class='ocrx_word' id='word_1_393' title='bbox 1549 3829 1678 3883; x_wconf 83' lang='grc' dir='ltr'><strong>ἀλλά</strong></span> <span class='ocrx_word' id='word_1_394' title='bbox 1743 3835 1834 3882; x_wconf 82' lang='grc' dir='ltr'><strong>καὶ</strong></span> 
     </span>
    </p>
   </div>
   <div class='ocr_carea' id='block_1_58' title="bbox 224 3917 1833 3995">
    <p class='ocr_par' dir='ltr' id='par_1_58' title="bbox 224 3917 1833 3995">
     <span class='ocr_line' id='line_1_58' title="bbox 224 3917 1833 3995; baseline 0.001 -26"><span class='ocrx_word' id='word_1_395' title='bbox 224 3917 487 3980; x_wconf 82' lang='grc' dir='ltr'><strong>παντελῶς</strong></span> <span class='ocrx_word' id='word_1_396' title='bbox 537 3920 907 3992; x_wconf 73' lang='grc' dir='ltr'><strong>ἐκτρεπόμεθα.</strong></span> <span class='ocrx_word' id='word_1_397' title='bbox 965 3925 1063 3974; x_wconf 78' lang='grc' dir='ltr'><strong>Καὶ</strong></span> <span class='ocrx_word' id='word_1_398' title='bbox 1128 3924 1215 3973; x_wconf 85' lang='grc' dir='ltr'><strong>τόν</strong></span> <span class='ocrx_word' id='word_1_399' title='bbox 1272 3918 1319 3972; x_wconf 85' lang='grc' dir='ltr'><strong>έν</strong></span> <span class='ocrx_word' id='word_1_400' title='bbox 1380 3922 1616 3995; x_wconf 89' lang='grc' dir='ltr'><strong>μάρτυσι</strong></span> <span class='ocrx_word' id='word_1_401' title='bbox 1670 3922 1833 3992; x_wconf 80' lang='grc' dir='ltr'><strong>μέγαν</strong></span> 
     </span>
    </p>
   </div>
   <div class='ocr_carea' id='block_1_59' title="bbox 225 4002 1833 4083">
    <p class='ocr_par' dir='ltr' id='par_1_59' title="bbox 225 4002 1833 4083">
     <span class='ocr_line' id='line_1_59' title="bbox 225 4002 1833 4083; baseline 0.001 -24"><span class='ocrx_word' id='word_1_402' title='bbox 225 4002 504 4071; x_wconf 72' lang='grc' dir='ltr'><strong>Μεθόδιον,</strong></span> <span class='ocrx_word' id='word_1_403' title='bbox 562 4005 619 4068; x_wconf 87' lang='grc' dir='ltr'><strong>ὃς</strong></span> <span class='ocrx_word' id='word_1_404' title='bbox 664 4010 786 4069; x_wconf 82' lang='grc' dir='ltr'><strong>τούς</strong></span> <span class='ocrx_word' id='word_1_405' title='bbox 829 4009 1235 4082; x_wconf 84' lang='grc' dir='ltr'><strong>ἀρχιερατικοὺς</strong></span> <span class='ocrx_word' id='word_1_406' title='bbox 1277 4016 1369 4061; x_wconf 84' lang='grc' dir='ltr'><strong>τοῦ</strong></span> <span class='ocrx_word' id='word_1_407' title='bbox 1418 4010 1671 4083; x_wconf 85' lang='grc' dir='ltr'><strong>Πατάρων</strong></span> <span class='ocrx_word' id='word_1_408' title='bbox 1719 4009 1833 4080; x_wconf 82' lang='grc' dir='ltr'><strong>θρό-</strong></span> 
     </span>
    </p>
   </div>
   <div class='ocr_carea' id='block_1_60' title="bbox 222 4090 1831 4173">
    <p class='ocr_par' dir='ltr' id='par_1_60' title="bbox 222 4090 1831 4173">
     <span class='ocr_line' id='line_1_60' title="bbox 222 4090 1831 4173; baseline 0.002 -25"><span class='ocrx_word' id='word_1_409' title='bbox 222 4113 312 4148; x_wconf 88' lang='grc' dir='ltr'><strong>νου</strong></span> <span class='ocrx_word' id='word_1_410' title='bbox 360 4090 837 4169; x_wconf 79' lang='grc' dir='ltr'><strong>ἱπιδαλινούχησεν</strong></span> <span class='ocrx_word' id='word_1_411' title='bbox 867 4100 1045 4160; x_wconf 80' lang='grc' dir='ltr'><strong>οἴακας</strong></span> <span class='ocrx_word' id='word_1_412' title='bbox 1072 4118 1086 4132; x_wconf 93' lang='grc'><strong>·</strong></span> <span class='ocrx_word' id='word_1_413' title='bbox 1136 4100 1212 4150; x_wconf 78' lang='grc' dir='ltr'><strong>ἔτι</strong></span> <span class='ocrx_word' id='word_1_414' title='bbox 1275 4100 1366 4172; x_wconf 66' lang='grc' dir='ltr'><strong>μιν</strong></span> <span class='ocrx_word' id='word_1_415' title='bbox 1418 4102 1511 4151; x_wconf 81' lang='grc' dir='ltr'><strong>καὶ</strong></span> <span class='ocrx_word' id='word_1_416' title='bbox 1558 4103 1831 4173; x_wconf 84' lang='grc' dir='ltr'><strong>Εἰρηναίον</strong></span> 
     </span>
    </p>
   </div>
   <div class='ocr_carea' id='block_1_61' title="bbox 1864 3158 1904 3216">
    <p class='ocr_par' dir='ltr' id='par_1_61' title="bbox 1864 3158 1904 3216">
     <span class='ocr_line' id='line_1_61' title="bbox 1864 3158 1904 3216; baseline 0 -3"><span class='ocrx_word' id='word_1_417' title='bbox 1864 3158 1904 3216; x_wconf 92' lang='lat' dir='ltr'>C</span> 
     </span>
    </p>
   </div>
   <div class='ocr_carea' id='block_1_62' title="bbox 1950 1865 3604 1943">
    <p class='ocr_par' dir='ltr' id='par_1_62' title="bbox 1950 1865 3604 1943">
     <span class='ocr_line' id='line_1_62' title="bbox 1950 1865 3604 1943; baseline 0.005 -22"><span class='ocrx_word' id='word_1_418' title='bbox 1950 1870 2153 1922; x_wconf 87' lang='lat' dir='ltr'><strong>tamen</strong></span> <span class='ocrx_word' id='word_1_419' title='bbox 2186 1865 2299 1921; x_wconf 88' lang='lat' dir='ltr'><strong>illis</strong></span> <span class='ocrx_word' id='word_1_420' title='bbox 2328 1866 2582 1938; x_wconf 79' lang='lat' dir='ltr'><strong>quaestio</strong></span> <span class='ocrx_word' id='word_1_421' title='bbox 2628 1867 2833 1923; x_wconf 88' lang='lat' dir='ltr'><strong>oblata</strong></span> <span class='ocrx_word' id='word_1_422' title='bbox 2861 1871 2968 1933; x_wconf 89' lang='lat' dir='ltr'><strong>est,</strong></span> <span class='ocrx_word' id='word_1_423' title='bbox 3016 1883 3128 1925; x_wconf 91' lang='lat' dir='ltr'><strong>nec</strong></span> <span class='ocrx_word' id='word_1_424' title='bbox 3169 1870 3493 1943; x_wconf 85' lang='lat' dir='ltr'><strong>quisquam</strong></span> <span class='ocrx_word' id='word_1_425' title='bbox 3523 1873 3604 1930; x_wconf 89' lang='lat' dir='ltr'><strong>ad</strong></span> 
     </span>
    </p>
   </div>
   <div class='ocr_carea' id='block_1_63' title="bbox 1949 1954 3601 2032">
    <p class='ocr_par' dir='ltr' id='par_1_63' title="bbox 1949 1954 3601 2032">
     <span class='ocr_line' id='line_1_63' title="bbox 1949 1954 3601 2032; baseline 0.005 -22"><span class='ocrx_word' id='word_1_426' title='bbox 1949 1954 2417 2010; x_wconf 87' lang='lat' dir='ltr'><strong>condiscendam</strong></span> <span class='ocrx_word' id='word_1_427' title='bbox 2449 1958 2757 2011; x_wconf 86' lang='lat' dir='ltr'><strong>veritatem</strong></span> <span class='ocrx_word' id='word_1_428' title='bbox 2788 1954 2918 2011; x_wconf 89' lang='lat' dir='ltr'><strong>illos</strong></span> <span class='ocrx_word' id='word_1_429' title='bbox 2943 1958 3315 2028; x_wconf 84' lang='lat' dir='ltr'><strong>provocavit,</strong></span> <span class='ocrx_word' id='word_1_430' title='bbox 3352 1961 3601 2032; x_wconf 86' lang='lat' dir='ltr'><strong>perinde</strong></span> 
     </span>
    </p>
   </div>
   <div class='ocr_carea' id='block_1_64' title="bbox 1947 2043 3601 2111">
    <p class='ocr_par' dir='ltr' id='par_1_64' title="bbox 1947 2043 3601 2111">
     <span class='ocr_line' id='line_1_64' title="bbox 1947 2043 3601 2111; baseline 0.006 -12"><span class='ocrx_word' id='word_1_431' title='bbox 1947 2043 2079 2100; x_wconf 80' lang='lat' dir='ltr'><strong>illos</strong></span> <span class='ocrx_word' id='word_1_432' title='bbox 2109 2045 2170 2100; x_wconf 92' lang='lat' dir='ltr'><strong>in</strong></span> <span class='ocrx_word' id='word_1_433' title='bbox 2201 2044 2440 2100; x_wconf 84' lang='lat' dir='ltr'><strong>Patrum</strong></span> <span class='ocrx_word' id='word_1_434' title='bbox 2456 2043 2594 2100; x_wconf 91' lang='lat' dir='ltr'><strong>albo</strong></span> <span class='ocrx_word' id='word_1_435' title='bbox 2606 2043 3000 2111; x_wconf 88' lang='lat' dir='ltr'><strong>admittimus,</strong></span> <span class='ocrx_word' id='word_1_436' title='bbox 3024 2061 3095 2102; x_wconf 90' lang='lat' dir='ltr'><strong>ac</strong></span> <span class='ocrx_word' id='word_1_437' title='bbox 3109 2046 3157 2101; x_wconf 92' lang='lat' dir='ltr'><strong>si</strong></span> <span class='ocrx_word' id='word_1_438' title='bbox 3175 2046 3336 2105; x_wconf 88' lang='lat' dir='ltr'><strong>istud</strong></span> <span class='ocrx_word' id='word_1_439' title='bbox 3355 2051 3601 2109; x_wconf 86' lang='lat' dir='ltr'><strong>minime</strong></span> 
     </span>
    </p>
   </div>
   <div class='ocr_carea' id='block_1_65' title="bbox 1947 2132 3601 2209">
    <p class='ocr_par' dir='ltr' id='par_1_65' title="bbox 1947 2132 3601 2209">
     <span class='ocr_line' id='line_1_65' title="bbox 1947 2132 3601 2209; baseline 0.006 -22"><span class='ocrx_word' id='word_1_440' title='bbox 1947 2132 2254 2203; x_wconf 82' lang='lat' dir='ltr'><strong>dixissent,</strong></span> <span class='ocrx_word' id='word_1_441' title='bbox 2292 2138 2538 2205; x_wconf 89' lang='lat' dir='ltr'><strong>propter</strong></span> <span class='ocrx_word' id='word_1_442' title='bbox 2562 2132 2695 2189; x_wconf 67' lang='lat' dir='ltr'><strong>vitae</strong></span> <span class='ocrx_word' id='word_1_443' title='bbox 2725 2133 3064 2191; x_wconf 82' lang='lat' dir='ltr'><strong>claritatem</strong></span> <span class='ocrx_word' id='word_1_444' title='bbox 3101 2150 3171 2191; x_wconf 90' lang='lat' dir='ltr'><strong>ac</strong></span> <span class='ocrx_word' id='word_1_445' title='bbox 3210 2139 3601 2209; x_wconf 86' lang='lat' dir='ltr'><strong>spectabilem</strong></span> 
     </span>
    </p>
   </div>
   <div class='ocr_carea' id='block_1_66' title="bbox 1950 2222 3599 2296">
    <p class='ocr_par' dir='ltr' id='par_1_66' title="bbox 1950 2222 3599 2296">
     <span class='ocr_line' id='line_1_66' title="bbox 1950 2222 3599 2296; baseline 0.006 -19"><span class='ocrx_word' id='word_1_446' title='bbox 1950 2222 2241 2293; x_wconf 85' lang='lat' dir='ltr'><strong>virtutem,</strong></span> <span class='ocrx_word' id='word_1_447' title='bbox 2280 2237 2392 2279; x_wconf 88' lang='lat' dir='ltr'><strong>nec</strong></span> <span class='ocrx_word' id='word_1_448' title='bbox 2421 2237 2543 2278; x_wconf 92' lang='lat' dir='ltr'><strong>non</strong></span> <span class='ocrx_word' id='word_1_449' title='bbox 2572 2222 2869 2294; x_wconf 89' lang='lat' dir='ltr'><strong>reliquam</strong></span> <span class='ocrx_word' id='word_1_450' title='bbox 2900 2222 3279 2296; x_wconf 89' lang='lat' dir='ltr'><strong>inculpatam</strong></span> <span class='ocrx_word' id='word_1_451' title='bbox 3314 2226 3500 2284; x_wconf 85' lang='lat' dir='ltr'><strong>ﬁdem</strong></span> <span class='ocrx_word' id='word_1_452' title='bbox 3528 2244 3599 2287; x_wconf 87' lang='lat' dir='ltr'><strong>ac</strong></span> 
     </span>
    </p>
   </div>
   <div class='ocr_carea' id='block_1_67' title="bbox 1945 2309 3600 2384">
    <p class='ocr_par' dir='ltr' id='par_1_67' title="bbox 1945 2309 3600 2384">
     <span class='ocr_line' id='line_1_67' title="bbox 1945 2309 3600 2384; baseline 0.005 -18"><span class='ocrx_word' id='word_1_453' title='bbox 1945 2310 2227 2383; x_wconf 86' lang='lat' dir='ltr'><strong>pietatem</strong></span> <span class='ocrx_word' id='word_1_454' title='bbox 2252 2327 2266 2367; x_wconf 92' lang='lat'>:</span> <span class='ocrx_word' id='word_1_455' title='bbox 2289 2309 2625 2367; x_wconf 86' lang='lat' dir='ltr'><strong>doctrinam</strong></span> <span class='ocrx_word' id='word_1_456' title='bbox 2640 2325 2804 2376; x_wconf 90' lang='lat' dir='ltr'><strong>vero,</strong></span> <span class='ocrx_word' id='word_1_457' title='bbox 2820 2310 2882 2366; x_wconf 92' lang='lat' dir='ltr'><strong>in</strong></span> <span class='ocrx_word' id='word_1_458' title='bbox 2902 2326 3027 2384; x_wconf 91' lang='lat' dir='ltr'><strong>qua</strong></span> <span class='ocrx_word' id='word_1_459' title='bbox 3046 2328 3082 2369; x_wconf 91' lang='lat' dir='ltr'><strong>a</strong></span> <span class='ocrx_word' id='word_1_460' title='bbox 3105 2312 3367 2372; x_wconf 86' lang='lat' dir='ltr'><strong>veritatis</strong></span> <span class='ocrx_word' id='word_1_461' title='bbox 3382 2318 3600 2377; x_wconf 86' lang='lat' dir='ltr'><strong>semita</strong></span> 
     </span>
    </p>
   </div>
   <div class='ocr_carea' id='block_1_68' title="bbox 1946 2397 3598 2476">
    <p class='ocr_par' dir='ltr' id='par_1_68' title="bbox 1946 2397 3598 2476">
     <span class='ocr_line' id='line_1_68' title="bbox 1946 2397 3598 2476; baseline 0.004 -19"><span class='ocrx_word' id='word_1_462' title='bbox 1946 2399 2321 2466; x_wconf 85' lang='lat' dir='ltr'><strong>aberrarunt,</strong></span> <span class='ocrx_word' id='word_1_463' title='bbox 2343 2415 2461 2456; x_wconf 92' lang='lat' dir='ltr'><strong>non</strong></span> <span class='ocrx_word' id='word_1_464' title='bbox 2495 2397 2827 2472; x_wconf 87' lang='lat' dir='ltr'><strong>sequimur.</strong></span> <span class='ocrx_word' id='word_1_465' title='bbox 2841 2400 3159 2473; x_wconf 76' lang='lat' dir='ltr'><strong>[Quotquot</strong></span> <span class='ocrx_word' id='word_1_466' title='bbox 3187 2417 3327 2460; x_wconf 88' lang='lat' dir='ltr'><strong>vero</strong></span> <span class='ocrx_word' id='word_1_467' title='bbox 3353 2410 3598 2476; x_wconf 87' lang='lat' dir='ltr'><strong>cogunt,</strong></span> 
     </span>
    </p>
   </div>
   <div class='ocr_carea' id='block_1_69' title="bbox 1940 2489 3600 2552">
    <p class='ocr_par' dir='ltr' id='par_1_69' title="bbox 1940 2489 3600 2552">
     <span class='ocr_line' id='line_1_69' title="bbox 1940 2489 3600 2552; baseline 0.003 -5"><span class='ocrx_word' id='word_1_468' title='bbox 1940 2497 2012 2547; x_wconf 80' lang='lat' dir='ltr'><strong>ut</strong></span> <span class='ocrx_word' id='word_1_469' title='bbox 2037 2490 2335 2547; x_wconf 89' lang='lat' dir='ltr'><strong>contraria</strong></span> <span class='ocrx_word' id='word_1_470' title='bbox 2364 2489 2715 2547; x_wconf 85' lang='lat' dir='ltr'><strong>auctoritate</strong></span> <span class='ocrx_word' id='word_1_471' title='bbox 2745 2489 3074 2546; x_wconf 80' lang='lat' dir='ltr'><strong>Dominicas</strong></span> <span class='ocrx_word' id='word_1_472' title='bbox 3112 2490 3245 2547; x_wconf 88' lang='lat' dir='ltr'><strong>voci</strong></span> <span class='ocrx_word' id='word_1_473' title='bbox 3273 2492 3600 2552; x_wconf 88' lang='lat' dir='ltr'><strong>adversen-</strong></span> 
     </span>
    </p>
   </div>
   <div class='ocr_carea' id='block_1_70' title="bbox 1947 2577 3601 2651">
    <p class='ocr_par' dir='ltr' id='par_1_70' title="bbox 1947 2577 3601 2651">
     <span class='ocr_line' id='line_1_70' title="bbox 1947 2577 3601 2651; baseline 0.004 -16"><span class='ocrx_word' id='word_1_474' title='bbox 1947 2583 2058 2645; x_wconf 88' lang='lat' dir='ltr'><strong>tur,</strong></span> <span class='ocrx_word' id='word_1_475' title='bbox 2090 2579 2151 2636; x_wconf 89' lang='lat' dir='ltr'><strong>hi</strong></span> <span class='ocrx_word' id='word_1_476' title='bbox 2176 2578 2344 2635; x_wconf 89' lang='lat' dir='ltr'><strong>nuda</strong></span> <span class='ocrx_word' id='word_1_477' title='bbox 2370 2577 2618 2651; x_wconf 89' lang='lat' dir='ltr'><strong>quidem</strong></span> <span class='ocrx_word' id='word_1_478' title='bbox 2648 2593 2795 2642; x_wconf 84' lang='lat' dir='ltr'><strong>voce</strong></span> <span class='ocrx_word' id='word_1_479' title='bbox 2840 2577 3032 2636; x_wconf 90' lang='lat' dir='ltr'><strong>Patris</strong></span> <span class='ocrx_word' id='word_1_480' title='bbox 3064 2578 3149 2635; x_wconf 90' lang='lat' dir='ltr'><strong>eis</strong></span> <span class='ocrx_word' id='word_1_481' title='bbox 3174 2580 3411 2639; x_wconf 87' lang='lat' dir='ltr'><strong>titulum</strong></span> <span class='ocrx_word' id='word_1_482' title='bbox 3440 2582 3601 2641; x_wconf 87' lang='lat' dir='ltr'><strong>defe-</strong></span> 
     </span>
    </p>
   </div>
   <div class='ocr_carea' id='block_1_71' title="bbox 1945 2667 3599 2742">
    <p class='ocr_par' dir='ltr' id='par_1_71' title="bbox 1945 2667 3599 2742">
     <span class='ocr_line' id='line_1_71' title="bbox 1945 2667 3599 2742; baseline 0.003 -16"><span class='ocrx_word' id='word_1_483' title='bbox 1945 2674 2103 2736; x_wconf 90' lang='lat' dir='ltr'><strong>runt,</strong></span> <span class='ocrx_word' id='word_1_484' title='bbox 2157 2667 2314 2725; x_wconf 87' lang='lat' dir='ltr'><strong>facto</strong></span> <span class='ocrx_word' id='word_1_485' title='bbox 2344 2683 2485 2724; x_wconf 89' lang='lat' dir='ltr'><strong>vero</strong></span> <span class='ocrx_word' id='word_1_486' title='bbox 2532 2667 2821 2741; x_wconf 90' lang='lat' dir='ltr'><strong>omnique</strong></span> <span class='ocrx_word' id='word_1_487' title='bbox 2852 2682 3037 2740; x_wconf 90' lang='lat' dir='ltr'><strong>opera</strong></span> <span class='ocrx_word' id='word_1_488' title='bbox 3063 2668 3126 2724; x_wconf 91' lang='lat' dir='ltr'><strong>in</strong></span> <span class='ocrx_word' id='word_1_489' title='bbox 3155 2669 3599 2742; x_wconf 86' lang='lat' dir='ltr'><strong>parricidarum</strong></span> 
     </span>
    </p>
   </div>
   <div class='ocr_carea' id='block_1_72' title="bbox 1945 2756 3596 2834">
    <p class='ocr_par' dir='ltr' id='par_1_72' title="bbox 1945 2756 3596 2834">
     <span class='ocr_line' id='line_1_72' title="bbox 1945 2756 3596 2834; baseline 0.005 -21"><span class='ocrx_word' id='word_1_490' title='bbox 1945 2764 2126 2827; x_wconf 88' lang='lat' dir='ltr'><strong>atque</strong></span> <span class='ocrx_word' id='word_1_491' title='bbox 2154 2757 2417 2813; x_wconf 89' lang='lat' dir='ltr'><strong>hostium</strong></span> <span class='ocrx_word' id='word_1_492' title='bbox 2438 2772 2543 2813; x_wconf 89' lang='lat' dir='ltr'><strong>eos</strong></span> <span class='ocrx_word' id='word_1_493' title='bbox 2572 2756 2827 2813; x_wconf 90' lang='lat' dir='ltr'><strong>classem</strong></span> <span class='ocrx_word' id='word_1_494' title='bbox 2850 2756 3193 2815; x_wconf 90' lang='lat' dir='ltr'><strong>detrudunt.</strong></span> <span class='ocrx_word' id='word_1_495' title='bbox 3216 2761 3335 2816; x_wconf 89' lang='lat' dir='ltr'><strong>Nos</strong></span> <span class='ocrx_word' id='word_1_496' title='bbox 3371 2767 3596 2834; x_wconf 88' lang='lat' dir='ltr'><strong>autem,</strong></span> 
     </span>
    </p>
   </div>
   <div class='ocr_carea' id='block_1_73' title="bbox 1944 2845 3598 2920">
    <p class='ocr_par' dir='ltr' id='par_1_73' title="bbox 1944 2845 3598 2920">
     <span class='ocr_line' id='line_1_73' title="bbox 1944 2845 3598 2920; baseline 0.005 -19"><span class='ocrx_word' id='word_1_497' title='bbox 1944 2846 2049 2920; x_wconf 90' lang='lat' dir='ltr'><strong>qui</strong></span> <span class='ocrx_word' id='word_1_498' title='bbox 2078 2845 2230 2903; x_wconf 90' lang='lat' dir='ltr'><strong>alios</strong></span> <span class='ocrx_word' id='word_1_499' title='bbox 2254 2861 2498 2919; x_wconf 88' lang='lat' dir='ltr'><strong>quoque</strong></span> <span class='ocrx_word' id='word_1_500' title='bbox 2523 2845 2844 2902; x_wconf 91' lang='lat' dir='ltr'><strong>nonnullos</strong></span> <span class='ocrx_word' id='word_1_501' title='bbox 2876 2851 3223 2903; x_wconf 86' lang='lat' dir='ltr'><strong>sanctorum</strong></span> <span class='ocrx_word' id='word_1_502' title='bbox 3253 2854 3598 2908; x_wconf 90' lang='lat' dir='ltr'><strong>nostrorum</strong></span> 
     </span>
    </p>
   </div>
   <div class='ocr_carea' id='block_1_74' title="bbox 1945 2936 3597 3007">
    <p class='ocr_par' dir='ltr' id='par_1_74' title="bbox 1945 2936 3597 3007">
     <span class='ocr_line' id='line_1_74' title="bbox 1945 2936 3597 3007; baseline 0.004 -16"><span class='ocrx_word' id='word_1_503' title='bbox 1945 2939 2180 2993; x_wconf 85' lang='lat' dir='ltr'><strong>Patrum</strong></span> <span class='ocrx_word' id='word_1_504' title='bbox 2196 2950 2267 2992; x_wconf 90' lang='lat' dir='ltr'><strong>ac</strong></span> <span class='ocrx_word' id='word_1_505' title='bbox 2288 2936 2717 3005; x_wconf 88' lang='lat' dir='ltr'><strong>magistrorum</strong></span> <span class='ocrx_word' id='word_1_506' title='bbox 2733 2952 2771 2991; x_wconf 92' lang='lat' dir='ltr'><strong>a</strong></span> <span class='ocrx_word' id='word_1_507' title='bbox 2788 2941 3087 2991; x_wconf 90' lang='lat' dir='ltr'><strong>rectorum</strong></span> <span class='ocrx_word' id='word_1_508' title='bbox 3108 2936 3461 3007; x_wconf 86' lang='lat' dir='ltr'><strong>dogmatum</strong></span> <span class='ocrx_word' id='word_1_509' title='bbox 3477 2941 3597 2998; x_wconf 87' lang='lat' dir='ltr'><strong>ﬁde</strong></span> 
     </span>
    </p>
   </div>
   <div class='ocr_carea' id='block_1_75' title="bbox 1943 3022 3593 3096">
    <p class='ocr_par' dir='ltr' id='par_1_75' title="bbox 1943 3022 3593 3096">
     <span class='ocr_line' id='line_1_75' title="bbox 1943 3022 3593 3096; baseline 0.002 -15"><span class='ocrx_word' id='word_1_510' title='bbox 1943 3026 2315 3081; x_wconf 85' lang='lat' dir='ltr'><strong>exorbitasse</strong></span> <span class='ocrx_word' id='word_1_511' title='bbox 2331 3023 2742 3094; x_wconf 79' lang='lat' dir='ltr'><strong>intelligamus,</strong></span> <span class='ocrx_word' id='word_1_512' title='bbox 2756 3022 2917 3096; x_wconf 88' lang='lat' dir='ltr'><strong>quod</strong></span> <span class='ocrx_word' id='word_1_513' title='bbox 2928 3024 3161 3096; x_wconf 89' lang='lat' dir='ltr'><strong>quidem</strong></span> <span class='ocrx_word' id='word_1_514' title='bbox 3173 3028 3593 3096; x_wconf 80' lang='lat' dir='ltr'><strong>exorbitarunt,</strong></span> 
     </span>
    </p>
   </div>
   <div class='ocr_carea' id='block_1_76' title="bbox 1942 3114 3591 3184">
    <p class='ocr_par' dir='ltr' id='par_1_76' title="bbox 1942 3114 3591 3184">
     <span class='ocr_line' id='line_1_76' title="bbox 1942 3114 3591 3184; baseline 0.002 -14"><span class='ocrx_word' id='word_1_515' title='bbox 1942 3115 2002 3170; x_wconf 92' lang='lat' dir='ltr'><strong>in</strong></span> <span class='ocrx_word' id='word_1_516' title='bbox 2046 3114 2317 3170; x_wconf 88' lang='lat' dir='ltr'><strong>doctrina</strong></span> <span class='ocrx_word' id='word_1_517' title='bbox 2346 3119 2577 3184; x_wconf 89' lang='lat' dir='ltr'><strong>partem</strong></span> <span class='ocrx_word' id='word_1_518' title='bbox 2605 3129 2729 3169; x_wconf 94' lang='lat' dir='ltr'><strong>non</strong></span> <span class='ocrx_word' id='word_1_519' title='bbox 2758 3114 3147 3180; x_wconf 88' lang='lat' dir='ltr'><strong>assumimus,</strong></span> <span class='ocrx_word' id='word_1_520' title='bbox 3196 3116 3351 3171; x_wconf 88' lang='lat' dir='ltr'><strong>viros</strong></span> <span class='ocrx_word' id='word_1_521' title='bbox 3391 3121 3591 3174; x_wconf 89' lang='lat' dir='ltr'><strong>tamen</strong></span> 
     </span>
    </p>
   </div>
   <div class='ocr_carea' id='block_1_77' title="bbox 1941 3200 3596 3277">
    <p class='ocr_par' dir='ltr' id='par_1_77' title="bbox 1941 3200 3596 3277">
     <span class='ocr_line' id='line_1_77' title="bbox 1941 3200 3596 3277; baseline 0.002 -18"><span class='ocrx_word' id='word_1_522' title='bbox 1941 3202 2361 3274; x_wconf 87' lang='lat' dir='ltr'><strong>amplectimur</strong></span> <span class='ocrx_word' id='word_1_523' title='bbox 2395 3218 2410 3256; x_wconf 91' lang='lat'>:</span> <span class='ocrx_word' id='word_1_524' title='bbox 2440 3201 2524 3257; x_wconf 87' lang='lat' dir='ltr'><strong>ita</strong></span> <span class='ocrx_word' id='word_1_525' title='bbox 2548 3201 2725 3257; x_wconf 90' lang='lat' dir='ltr'><strong>etiam</strong></span> <span class='ocrx_word' id='word_1_526' title='bbox 2754 3200 2802 3255; x_wconf 90' lang='lat' dir='ltr'><strong>si</strong></span> <span class='ocrx_word' id='word_1_527' title='bbox 2822 3200 3043 3273; x_wconf 89' lang='lat' dir='ltr'><strong>quibus</strong></span> <span class='ocrx_word' id='word_1_528' title='bbox 3073 3201 3343 3275; x_wconf 90' lang='lat' dir='ltr'><strong>obrepsit</strong></span> <span class='ocrx_word' id='word_1_529' title='bbox 3367 3210 3429 3261; x_wconf 88' lang='lat' dir='ltr'><strong>ut</strong></span> <span class='ocrx_word' id='word_1_530' title='bbox 3469 3205 3596 3277; x_wconf 89' lang='lat' dir='ltr'><strong>Spi-</strong></span> 
     </span>
    </p>
   </div>
   <div class='ocr_carea' id='block_1_78' title="bbox 1941 3289 3592 3365">
    <p class='ocr_par' dir='ltr' id='par_1_78' title="bbox 1941 3289 3592 3365">
     <span class='ocr_line' id='line_1_78' title="bbox 1941 3289 3592 3365; baseline 0.002 -17"><span class='ocrx_word' id='word_1_531' title='bbox 1941 3293 2123 3349; x_wconf 91' lang='lat' dir='ltr'><strong>ritum</strong></span> <span class='ocrx_word' id='word_1_532' title='bbox 2168 3308 2205 3347; x_wconf 90' lang='lat' dir='ltr'><strong>a</strong></span> <span class='ocrx_word' id='word_1_533' title='bbox 2247 3290 2389 3347; x_wconf 90' lang='lat' dir='ltr'><strong>Filio</strong></span> <span class='ocrx_word' id='word_1_534' title='bbox 2429 3290 2748 3363; x_wconf 87' lang='lat' dir='ltr'><strong>procedere</strong></span> <span class='ocrx_word' id='word_1_535' title='bbox 2787 3289 3050 3346; x_wconf 87' lang='lat' dir='ltr'><strong>dicerent</strong></span> <span class='ocrx_word' id='word_1_536' title='bbox 3082 3306 3098 3357; x_wconf 86' lang='lat'><strong>;</strong></span> <span class='ocrx_word' id='word_1_537' title='bbox 3139 3292 3306 3364; x_wconf 91' lang='lat' dir='ltr'><strong>quod</strong></span> <span class='ocrx_word' id='word_1_538' title='bbox 3343 3293 3592 3365; x_wconf 87' lang='lat' dir='ltr'><strong>quidem</strong></span> 
     </span>
    </p>
   </div>
   <div class='ocr_carea' id='block_1_79' title="bbox 1942 3379 3592 3454">
    <p class='ocr_par' dir='ltr' id='par_1_79' title="bbox 1942 3379 3592 3454">
     <span class='ocr_line' id='line_1_79' title="bbox 1942 3379 3592 3454; baseline 0.001 -16"><span class='ocrx_word' id='word_1_539' title='bbox 1942 3381 2266 3438; x_wconf 68' lang='lat' dir='ltr'><strong>Dominicas</strong></span> <span class='ocrx_word' id='word_1_540' title='bbox 2298 3380 2429 3436; x_wconf 89' lang='lat' dir='ltr'><strong>voci</strong></span> <span class='ocrx_word' id='word_1_541' title='bbox 2472 3379 2816 3435; x_wconf 84' lang='lat' dir='ltr'><strong>adversetur</strong></span> <span class='ocrx_word' id='word_1_542' title='bbox 2843 3394 2962 3434; x_wconf 90' lang='lat' dir='ltr'><strong>non</strong></span> <span class='ocrx_word' id='word_1_543' title='bbox 3013 3379 3412 3454; x_wconf 85' lang='lat' dir='ltr'><strong>admittimus,</strong></span> <span class='ocrx_word' id='word_1_544' title='bbox 3458 3383 3592 3440; x_wconf 88' lang='lat' dir='ltr'><strong>illos</strong></span> 
     </span>
    </p>
   </div>
   <div class='ocr_carea' id='block_1_80' title="bbox 1943 3466 3162 3539">
    <p class='ocr_par' dir='ltr' id='par_1_80' title="bbox 1943 3466 3162 3539">
     <span class='ocr_line' id='line_1_80' title="bbox 1943 3466 3162 3539; baseline -0.002 -11"><span class='ocrx_word' id='word_1_545' title='bbox 1943 3477 2146 3529; x_wconf 90' lang='lat' dir='ltr'><strong>tamen</strong></span> <span class='ocrx_word' id='word_1_546' title='bbox 2170 3487 2206 3526; x_wconf 90' lang='lat' dir='ltr'><strong>a</strong></span> <span class='ocrx_word' id='word_1_547' title='bbox 2231 3471 2467 3527; x_wconf 87' lang='lat' dir='ltr'><strong>Patrum</strong></span> <span class='ocrx_word' id='word_1_548' title='bbox 2498 3474 2656 3525; x_wconf 74' lang='lat' dir='ltr'><strong>cmtu</strong></span> <span class='ocrx_word' id='word_1_549' title='bbox 2687 3484 2809 3524; x_wconf 88' lang='lat' dir='ltr'><strong>non</strong></span> <span class='ocrx_word' id='word_1_550' title='bbox 2837 3466 3162 3539; x_wconf 87' lang='lat' dir='ltr'><strong>rejicimus.</strong></span> 
     </span>
    </p>
   </div>
   <div class='ocr_carea' id='block_1_81' title="bbox 2013 3558 3593 3629">
    <p class='ocr_par' dir='ltr' id='par_1_81' title="bbox 2013 3558 3593 3629">
     <span class='ocr_line' id='line_1_81' title="bbox 2013 3558 3593 3629; baseline 0.001 -12"><span class='ocrx_word' id='word_1_551' title='bbox 2013 3562 2145 3617; x_wconf 86' lang='lat' dir='ltr'><strong>XXI.</strong></span> <span class='ocrx_word' id='word_1_552' title='bbox 2184 3562 2415 3616; x_wconf 88' lang='lat' dir='ltr'><strong>Etenim</strong></span> <span class='ocrx_word' id='word_1_553' title='bbox 2448 3559 2798 3629; x_wconf 83' lang='lat' dir='ltr'><strong>Dionysium</strong></span> <span class='ocrx_word' id='word_1_554' title='bbox 2828 3572 3071 3629; x_wconf 89' lang='lat' dir='ltr'><strong>quoque</strong></span> <span class='ocrx_word' id='word_1_555' title='bbox 3121 3558 3593 3618; x_wconf 83' lang='lat' dir='ltr'><strong>Alexandrinum</strong></span> 
     </span>
    </p>
   </div>
   <div class='ocr_carea' id='block_1_82' title="bbox 1942 3647 3593 3714">
    <p class='ocr_par' dir='ltr' id='par_1_82' title="bbox 1942 3647 3593 3714">
     <span class='ocr_line' id='line_1_82' title="bbox 1942 3647 3593 3714; baseline 0.002 -9"><span class='ocrx_word' id='word_1_556' title='bbox 1942 3656 2289 3707; x_wconf 90' lang='lat' dir='ltr'><strong>sanctorum</strong></span> <span class='ocrx_word' id='word_1_557' title='bbox 2304 3653 2543 3705; x_wconf 86' lang='lat' dir='ltr'><strong>Patrum</strong></span> <span class='ocrx_word' id='word_1_558' title='bbox 2570 3648 2753 3704; x_wconf 89' lang='lat' dir='ltr'><strong>choro</strong></span> <span class='ocrx_word' id='word_1_559' title='bbox 2779 3647 3358 3714; x_wconf 88' lang='lat' dir='ltr'><strong>accensentes,haud</strong></span> <span class='ocrx_word' id='word_1_560' title='bbox 3387 3656 3593 3708; x_wconf 87' lang='lat' dir='ltr'><strong>tamen</strong></span> 
     </span>
    </p>
   </div>
   <div class='ocr_carea' id='block_1_83' title="bbox 1941 3735 3592 3797">
    <p class='ocr_par' dir='ltr' id='par_1_83' title="bbox 1941 3735 3592 3797">
     <span class='ocr_line' id='line_1_83' title="bbox 1941 3735 3592 3797; baseline 0.001 -2"><span class='ocrx_word' id='word_1_561' title='bbox 1941 3740 2130 3795; x_wconf 90' lang='lat' dir='ltr'><strong>dictas</strong></span> <span class='ocrx_word' id='word_1_562' title='bbox 2155 3740 2234 3794; x_wconf 91' lang='lat' dir='ltr'><strong>ab</strong></span> <span class='ocrx_word' id='word_1_563' title='bbox 2265 3754 2336 3794; x_wconf 92' lang='lat' dir='ltr'><strong>eo</strong></span> <span class='ocrx_word' id='word_1_564' title='bbox 2374 3737 2678 3793; x_wconf 82' lang='lat' dir='ltr'><strong>Arianicas</strong></span> <span class='ocrx_word' id='word_1_565' title='bbox 2710 3750 2886 3791; x_wconf 89' lang='lat' dir='ltr'><strong>voces</strong></span> <span class='ocrx_word' id='word_1_566' title='bbox 2933 3735 3221 3793; x_wconf 89' lang='lat' dir='ltr'><strong>adversus</strong></span> <span class='ocrx_word' id='word_1_567' title='bbox 3267 3738 3592 3797; x_wconf 88' lang='lat' dir='ltr'><strong>Sabellium</strong></span> 
     </span>
    </p>
   </div>
   <div class='ocr_carea' id='block_1_84' title="bbox 1943 3823 3591 3900">
    <p class='ocr_par' dir='ltr' id='par_1_84' title="bbox 1943 3823 3591 3900">
     <span class='ocr_line' id='line_1_84' title="bbox 1943 3823 3591 3900; baseline 0.001 -16"><span class='ocrx_word' id='word_1_568' title='bbox 1943 3828 2229 3900; x_wconf 86' lang='lat' dir='ltr'><strong>Lybicum</strong></span> <span class='ocrx_word' id='word_1_569' title='bbox 2256 3826 2501 3899; x_wconf 84' lang='lat' dir='ltr'><strong>perinde</strong></span> <span class='ocrx_word' id='word_1_570' title='bbox 2514 3824 2855 3896; x_wconf 89' lang='lat' dir='ltr'><strong>recipimus,</strong></span> <span class='ocrx_word' id='word_1_571' title='bbox 2872 3823 3019 3895; x_wconf 91' lang='lat' dir='ltr'><strong>quin</strong></span> <span class='ocrx_word' id='word_1_572' title='bbox 3039 3824 3220 3880; x_wconf 89' lang='lat' dir='ltr'><strong>etiam</strong></span> <span class='ocrx_word' id='word_1_573' title='bbox 3233 3842 3478 3898; x_wconf 89' lang='lat' dir='ltr'><strong>prorsus</strong></span> <span class='ocrx_word' id='word_1_574' title='bbox 3501 3844 3591 3885; x_wconf 86' lang='lat' dir='ltr'><strong>re-</strong></span> 
     </span>
    </p>
   </div>
   <div class='ocr_carea' id='block_1_85' title="bbox 1940 3911 3587 3989">
    <p class='ocr_par' dir='ltr' id='par_1_85' title="bbox 1940 3911 3587 3989">
     <span class='ocr_line' id='line_1_85' title="bbox 1940 3911 3587 3989; baseline 0.001 -18"><span class='ocrx_word' id='word_1_575' title='bbox 1940 3915 2283 3989; x_wconf 86' lang='lat' dir='ltr'><strong>pudiamus.</strong></span> <span class='ocrx_word' id='word_1_576' title='bbox 2309 3914 2594 3983; x_wconf 86' lang='lat' dir='ltr'><strong>Magnum</strong></span> <span class='ocrx_word' id='word_1_577' title='bbox 2616 3914 2817 3967; x_wconf 87' lang='lat' dir='ltr'><strong>itidem</strong></span> <span class='ocrx_word' id='word_1_578' title='bbox 2847 3911 3211 3967; x_wconf 84' lang='lat' dir='ltr'><strong>Methodium</strong></span> <span class='ocrx_word' id='word_1_579' title='bbox 3241 3921 3587 3988; x_wconf 84' lang='lat' dir='ltr'><strong>martyrem,</strong></span> 
     </span>
    </p>
   </div>
   <div class='ocr_carea' id='block_1_86' title="bbox 1938 4000 3586 4079">
    <p class='ocr_par' dir='ltr' id='par_1_86' title="bbox 1938 4000 3586 4079">
     <span class='ocr_line' id='line_1_86' title="bbox 1938 4000 3586 4079; baseline 0 -18"><span class='ocrx_word' id='word_1_580' title='bbox 1938 4006 2044 4079; x_wconf 91' lang='lat' dir='ltr'><strong>qui</strong></span> <span class='ocrx_word' id='word_1_581' title='bbox 2059 4003 2386 4061; x_wconf 88' lang='lat' dir='ltr'><strong>Patarensis</strong></span> <span class='ocrx_word' id='word_1_582' title='bbox 2402 4001 2676 4059; x_wconf 70' lang='lat' dir='ltr'><strong>Ecclesiae</strong></span> <span class='ocrx_word' id='word_1_583' title='bbox 2697 4000 2933 4056; x_wconf 89' lang='lat' dir='ltr'><strong>clavum</strong></span> <span class='ocrx_word' id='word_1_584' title='bbox 2946 4014 3101 4071; x_wconf 63' lang='lat' dir='ltr'><strong>prius</strong></span> <span class='ocrx_word' id='word_1_585' title='bbox 3110 4000 3169 4058; x_wconf 92' lang='lat' dir='ltr'><strong>ul</strong></span> <span class='ocrx_word' id='word_1_586' title='bbox 3192 4001 3549 4070; x_wconf 86' lang='lat' dir='ltr'><strong>gubernavit</strong></span> <span class='ocrx_word' id='word_1_587' title='bbox 3574 4023 3586 4062; x_wconf 92' lang='lat'><strong>:</strong></span> 
     </span>
    </p>
   </div>
   <div class='ocr_carea' id='block_1_87' title="bbox 1939 4087 3587 4168">
    <p class='ocr_par' dir='ltr' id='par_1_87' title="bbox 1939 4087 3587 4168">
     <span class='ocr_line' id='line_1_87' title="bbox 1939 4087 3587 4168; baseline -0.001 -17"><span class='ocrx_word' id='word_1_588' title='bbox 1939 4099 2225 4168; x_wconf 63' lang='lat' dir='ltr'><strong>praeterea</strong></span> <span class='ocrx_word' id='word_1_589' title='bbox 2235 4092 2416 4149; x_wconf 88' lang='lat' dir='ltr'><strong>etiam</strong></span> <span class='ocrx_word' id='word_1_590' title='bbox 2431 4091 2722 4147; x_wconf 62' lang='lat' dir='ltr'><strong>Irenaeum</strong></span> <span class='ocrx_word' id='word_1_591' title='bbox 2737 4087 3198 4160; x_wconf 79' lang='lat' dir='ltr'><strong>Lugdunensem</strong></span> <span class='ocrx_word' id='word_1_592' title='bbox 3210 4092 3587 4166; x_wconf 84' lang='lat' dir='ltr'><strong>episcopum,</strong></span> 
     </span>
    </p>
   </div>
   <div class='ocr_carea' id='block_1_88' title="bbox 1794 4270 2027 4330">
    <p class='ocr_par' dir='ltr' id='par_1_88' title="bbox 1794 4270 2027 4330">
     <span class='ocr_line' id='line_1_88' title="bbox 1794 4270 2027 4330; baseline -0.009 -1"><span class='ocrx_word' id='word_1_593' title='bbox 1794 4270 2027 4330; x_wconf 70' lang='grc' dir='ltr'><strong>ΝΟΤιΕ.</strong></span> 
     </span>
    </p>
   </div>
   <div class='ocr_carea' id='block_1_89' title="bbox 292 4419 1902 4498">
    <p class='ocr_par' dir='ltr' id='par_1_89' title="bbox 292 4419 1902 4498">
     <span class='ocr_line' id='line_1_89' title="bbox 292 4419 1902 4498; baseline 0.001 -20"><span class='ocrx_word' id='word_1_594' title='bbox 292 4420 409 4498; x_wconf 66' lang='grc'><strong>(15)</strong></span> <span class='ocrx_word' id='word_1_595' title='bbox 458 4422 753 4498; x_wconf 46' lang='grc' dir='ltr'><strong>Διονύσιον</strong></span> <span class='ocrx_word' id='word_1_596' title='bbox 781 4424 871 4476; x_wconf 82' lang='grc' dir='ltr'><strong>τὸν</strong></span> <span class='ocrx_word' id='word_1_597' title='bbox 912 4419 1329 4498; x_wconf 37' lang='grc' dir='ltr'><strong>Ἀλεξανδρείαςᾷ</strong></span> <span class='ocrx_word' id='word_1_598' title='bbox 1366 4424 1566 4498; x_wconf 85' lang='lat' dir='ltr'><strong>Longe</strong></span> <span class='ocrx_word' id='word_1_599' title='bbox 1618 4424 1827 4498; x_wconf 87' lang='lat' dir='ltr'><strong>dispar</strong></span> <span class='ocrx_word' id='word_1_600' title='bbox 1855 4429 1902 4485; x_wconf 90' lang='lat' dir='ltr'><strong>D</strong></span> 
     </span>
    </p>
   </div>
   <div class='ocr_carea' id='block_1_90' title="bbox 219 4491 1825 4567">
    <p class='ocr_par' dir='ltr' id='par_1_90' title="bbox 219 4491 1825 4567">
     <span class='ocr_line' id='line_1_90' title="bbox 219 4491 1825 4567; baseline 0.002 -18"><span class='ocrx_word' id='word_1_601' title='bbox 219 4491 611 4567; x_wconf 79' lang='lat' dir='ltr'><strong>illiuscausa,</strong></span> <span class='ocrx_word' id='word_1_602' title='bbox 638 4501 693 4549; x_wconf 93' lang='lat' dir='ltr'><strong>et</strong></span> <span class='ocrx_word' id='word_1_603' title='bbox 722 4494 979 4567; x_wconf 87' lang='lat' dir='ltr'><strong>Patrum,</strong></span> <span class='ocrx_word' id='word_1_604' title='bbox 1007 4491 1270 4567; x_wconf 80' lang='lat' dir='ltr'><strong>quorum</strong></span> <span class='ocrx_word' id='word_1_605' title='bbox 1295 4491 1543 4553; x_wconf 56' lang='lat' dir='ltr'><strong>Photiu&#39;s</strong></span> <span class='ocrx_word' id='word_1_606' title='bbox 1574 4491 1825 4553; x_wconf 81' lang='lat' dir='ltr'><strong>auctori-</strong></span> 
     </span>
    </p>
   </div>
   <div class='ocr_carea' id='block_1_91' title="bbox 223 4565 1822 4640">
    <p class='ocr_par' dir='ltr' id='par_1_91' title="bbox 223 4565 1822 4640">
     <span class='ocr_line' id='line_1_91' title="bbox 223 4565 1822 4640; baseline 0.002 -20"><span class='ocrx_word' id='word_1_607' title='bbox 223 4569 407 4640; x_wconf 80' lang='lat' dir='ltr'><strong>tatem</strong></span> <span class='ocrx_word' id='word_1_608' title='bbox 418 4565 656 4636; x_wconf 81' lang='lat' dir='ltr'><strong>excipit.</strong></span> <span class='ocrx_word' id='word_1_609' title='bbox 668 4567 904 4623; x_wconf 87' lang='lat' dir='ltr'><strong>Errasse</strong></span> <span class='ocrx_word' id='word_1_610' title='bbox 919 4566 983 4622; x_wconf 90' lang='lat' dir='ltr'><strong>in</strong></span> <span class='ocrx_word' id='word_1_611' title='bbox 995 4565 1292 4638; x_wconf 75' lang='lat' dir='ltr'><strong>theologia</strong></span> <span class='ocrx_word' id='word_1_612' title='bbox 1307 4569 1622 4640; x_wconf 87' lang='lat' dir='ltr'><strong>Dionysius</strong></span> <span class='ocrx_word' id='word_1_613' title='bbox 1635 4569 1822 4640; x_wconf 81' lang='lat' dir='ltr'><strong>statim</strong></span> 
     </span>
    </p>
   </div>
   <div class='ocr_carea' id='block_1_92' title="bbox 301 4637 1825 4700">
    <p class='ocr_par' dir='ltr' id='par_1_92' title="bbox 301 4637 1825 4700">
     <span class='ocr_line' id='line_1_92' title="bbox 301 4637 1825 4700; baseline 0.003 -9"><span class='ocrx_word' id='word_1_614' title='bbox 301 4637 462 4692; x_wconf 88' lang='lat' dir='ltr'><strong>nitus</strong></span> <span class='ocrx_word' id='word_1_615' title='bbox 491 4644 600 4700; x_wconf 89' lang='lat' dir='ltr'><strong>est,</strong></span> <span class='ocrx_word' id='word_1_616' title='bbox 634 4642 738 4692; x_wconf 90' lang='lat' dir='ltr'><strong>aut</strong></span> <span class='ocrx_word' id='word_1_617' title='bbox 764 4644 921 4693; x_wconf 87' lang='lat' dir='ltr'><strong>certe</strong></span> <span class='ocrx_word' id='word_1_618' title='bbox 949 4637 1329 4697; x_wconf 85' lang='lat' dir='ltr'><strong>occasionem</strong></span> <span class='ocrx_word' id='word_1_619' title='bbox 1360 4637 1599 4696; x_wconf 89' lang='lat' dir='ltr'><strong>dedisse</strong></span> <span class='ocrx_word' id='word_1_620' title='bbox 1638 4642 1721 4695; x_wconf 88' lang='lat' dir='ltr'><strong>sic</strong></span> <span class='ocrx_word' id='word_1_621' title='bbox 1749 4639 1825 4695; x_wconf 91' lang='lat' dir='ltr'><strong>de</strong></span> 
     </span>
    </p>
   </div>
   <div class='ocr_carea' id='block_1_93' title="bbox 220 4707 1825 4789">
    <p class='ocr_par' dir='ltr' id='par_1_93' title="bbox 220 4707 1825 4789">
     <span class='ocr_line' id='line_1_93' title="bbox 220 4707 1825 4789; baseline 0.002 -26"><span class='ocrx_word' id='word_1_622' title='bbox 220 4707 323 4789; x_wconf 75' lang='lat' dir='ltr'><strong>illo</strong></span> <span class='ocrx_word' id='word_1_623' title='bbox 338 4707 840 4789; x_wconf 77' lang='lat' dir='ltr'><strong>o_pir_1andi,quam</strong></span> <span class='ocrx_word' id='word_1_624' title='bbox 852 4711 1031 4767; x_wconf 91' lang='lat' dir='ltr'><strong>etiam</strong></span> <span class='ocrx_word' id='word_1_625' title='bbox 1043 4713 1379 4789; x_wconf 85' lang='lat' dir='ltr'><strong>opinionem</strong></span> <span class='ocrx_word' id='word_1_626' title='bbox 1394 4712 1825 4789; x_wconf 77' lang='lat' dir='ltr'><strong>studuiteluere</strong></span> 
     </span>
    </p>
   </div>
   <div class='ocr_carea' id='block_1_94' title="bbox 218 4778 1825 4862">
    <p class='ocr_par' dir='ltr' id='par_1_94' title="bbox 218 4778 1825 4862">
     <span class='ocr_line' id='line_1_94' title="bbox 218 4778 1825 4862; baseline 0.002 -28"><span class='ocrx_word' id='word_1_627' title='bbox 218 4784 276 4862; x_wconf 72' lang='lat' dir='ltr'><strong>et</strong></span> <span class='ocrx_word' id='word_1_628' title='bbox 295 4778 642 4862; x_wconf 65' lang='lat' dir='ltr'><strong>satisfacere</strong></span> <span class='ocrx_word' id='word_1_629' title='bbox 655 4778 808 4862; x_wconf 67' lang='lat' dir='ltr'><strong>:qua</strong></span> <span class='ocrx_word' id='word_1_630' title='bbox 823 4781 957 4862; x_wconf 78' lang='lat' dir='ltr'><strong>ipsa</strong></span> <span class='ocrx_word' id='word_1_631' title='bbox 973 4778 1289 4862; x_wconf 76' lang='lat' dir='ltr'><strong>modestia,</strong></span> <span class='ocrx_word' id='word_1_632' title='bbox 1311 4783 1543 4841; x_wconf 88' lang='lat' dir='ltr'><strong>etcultu</strong></span> <span class='ocrx_word' id='word_1_633' title='bbox 1561 4783 1825 4862; x_wconf 73' lang='lat' dir='ltr'><strong>Dionysii</strong></span> 
     </span>
    </p>
   </div>
   <div class='ocr_carea' id='block_1_95' title="bbox 215 4850 1824 4919">
    <p class='ocr_par' dir='ltr' id='par_1_95' title="bbox 215 4850 1824 4919">
     <span class='ocr_line' id='line_1_95' title="bbox 215 4850 1824 4919; baseline 0.002 -13"><span class='ocrx_word' id='word_1_634' title='bbox 215 4850 361 4907; x_wconf 89' lang='lat' dir='ltr'><strong>item</strong></span> <span class='ocrx_word' id='word_1_635' title='bbox 392 4850 646 4908; x_wconf 78' lang='lat' dir='ltr'><strong>Romani</strong></span> <span class='ocrx_word' id='word_1_636' title='bbox 667 4850 964 4919; x_wconf 77' lang='lat' dir='ltr'><strong>antistitis,</strong></span> <span class='ocrx_word' id='word_1_637' title='bbox 1006 4850 1285 4911; x_wconf 82' lang='lat' dir='ltr'><strong>Catholici</strong></span> <span class='ocrx_word' id='word_1_638' title='bbox 1308 4870 1531 4912; x_wconf 90' lang='lat' dir='ltr'><strong>nomen</strong></span> <span class='ocrx_word' id='word_1_639' title='bbox 1558 4855 1669 4910; x_wconf 88' lang='lat' dir='ltr'><strong>sibi</strong></span> <span class='ocrx_word' id='word_1_640' title='bbox 1698 4850 1824 4910; x_wconf 72' lang='lat' dir='ltr'><strong>reti-</strong></span> 
     </span>
    </p>
   </div>
   <div class='ocr_carea' id='block_1_96' title="bbox 216 4921 1825 4990">
    <p class='ocr_par' dir='ltr' id='par_1_96' title="bbox 216 4921 1825 4990">
     <span class='ocr_line' id='line_1_96' title="bbox 216 4921 1825 4990; baseline 0.002 -13"><span class='ocrx_word' id='word_1_641' title='bbox 216 4921 350 4978; x_wconf 91' lang='lat' dir='ltr'><strong>nuit</strong></span> <span class='ocrx_word' id='word_1_642' title='bbox 377 4926 433 4976; x_wconf 88' lang='lat' dir='ltr'><strong>et</strong></span> <span class='ocrx_word' id='word_1_643' title='bbox 465 4921 673 4990; x_wconf 87' lang='lat' dir='ltr'><strong>Patris,</strong></span> <span class='ocrx_word' id='word_1_644' title='bbox 710 4926 947 4981; x_wconf 88' lang='lat' dir='ltr'><strong>tametsi</strong></span> <span class='ocrx_word' id='word_1_645' title='bbox 977 4928 1174 4982; x_wconf 88' lang='lat' dir='ltr'><strong>acrius</strong></span> <span class='ocrx_word' id='word_1_646' title='bbox 1214 4927 1278 4983; x_wconf 88' lang='lat' dir='ltr'><strong>in</strong></span> <span class='ocrx_word' id='word_1_647' title='bbox 1326 4926 1493 4983; x_wconf 89' lang='lat' dir='ltr'><strong>illum</strong></span> <span class='ocrx_word' id='word_1_648' title='bbox 1527 4926 1825 4982; x_wconf 85' lang='lat' dir='ltr'><strong>invehitur</strong></span> 
     </span>
    </p>
   </div>
   <div class='ocr_carea' id='block_1_97' title="bbox 217 4991 1824 5065">
    <p class='ocr_par' dir='ltr' id='par_1_97' title="bbox 217 4991 1824 5065">
     <span class='ocr_line' id='line_1_97' title="bbox 217 4991 1824 5065; baseline 0.002 -16"><span class='ocrx_word' id='word_1_649' title='bbox 217 4991 496 5059; x_wconf 82' lang='lat' dir='ltr'><strong>Basilius,</strong></span> <span class='ocrx_word' id='word_1_650' title='bbox 519 4995 857 5053; x_wconf 87' lang='lat' dir='ltr'><strong>vindicante</strong></span> <span class='ocrx_word' id='word_1_651' title='bbox 894 4996 1243 5056; x_wconf 79' lang='lat' dir='ltr'><strong>Athanasio.</strong></span> <span class='ocrx_word' id='word_1_652' title='bbox 1278 4998 1420 5065; x_wconf 86' lang='lat' dir='ltr'><strong>Quis</strong></span> <span class='ocrx_word' id='word_1_653' title='bbox 1450 5014 1591 5055; x_wconf 88' lang='lat' dir='ltr'><strong>vero</strong></span> <span class='ocrx_word' id='word_1_654' title='bbox 1609 4997 1824 5055; x_wconf 88' lang='lat' dir='ltr'><strong>erroris</strong></span> 
     </span>
    </p>
   </div>
   <div class='ocr_carea' id='block_1_98' title="bbox 214 5064 1824 5143">
    <p class='ocr_par' dir='ltr' id='par_1_98' title="bbox 214 5064 1824 5143">
     <span class='ocr_line' id='line_1_98' title="bbox 214 5064 1824 5143; baseline 0.002 -23"><span class='ocrx_word' id='word_1_655' title='bbox 214 5065 294 5143; x_wconf 83' lang='lat' dir='ltr'><strong>i_n_</strong></span> <span class='ocrx_word' id='word_1_656' title='bbox 306 5064 611 5143; x_wconf 75' lang='lat' dir='ltr'><strong>theologia</strong></span> <span class='ocrx_word' id='word_1_657' title='bbox 630 5069 881 5143; x_wconf 81' lang='lat' dir='ltr'><strong>notavit,</strong></span> <span class='ocrx_word' id='word_1_658' title='bbox 904 5070 1070 5141; x_wconf 86' lang='lat' dir='ltr'><strong>quod</strong></span> <span class='ocrx_word' id='word_1_659' title='bbox 1092 5072 1151 5125; x_wconf 88' lang='lat' dir='ltr'><strong>in</strong></span> <span class='ocrx_word' id='word_1_660' title='bbox 1174 5071 1551 5142; x_wconf 83' lang='lat' dir='ltr'><strong>processione</strong></span> <span class='ocrx_word' id='word_1_661' title='bbox 1574 5072 1824 5143; x_wconf 76' lang='lat' dir='ltr'><strong>Spiritus</strong></span> 
     </span>
    </p>
   </div>
   <div class='ocr_carea' id='block_1_99' title="bbox 216 5136 1825 5214">
    <p class='ocr_par' dir='ltr' id='par_1_99' title="bbox 216 5136 1825 5214">
     <span class='ocr_line' id='line_1_99' title="bbox 216 5136 1825 5214; baseline 0.003 -22"><span class='ocrx_word' id='word_1_662' title='bbox 216 5136 395 5214; x_wconf 73' lang='lat' dir='ltr'><strong>Filius</strong></span> <span class='ocrx_word' id='word_1_663' title='bbox 417 5139 569 5193; x_wconf 87' lang='lat' dir='ltr'><strong>Patri</strong></span> <span class='ocrx_word' id='word_1_664' title='bbox 585 5136 1030 5214; x_wconf 76' lang='lat' dir='ltr'><strong>adjungeretur,</strong></span> <span class='ocrx_word' id='word_1_665' title='bbox 1050 5148 1107 5197; x_wconf 92' lang='lat' dir='ltr'><strong>et</strong></span> <span class='ocrx_word' id='word_1_666' title='bbox 1131 5136 1203 5198; x_wconf 75' lang='lat' dir='ltr'><strong>ei</strong></span> <span class='ocrx_word' id='word_1_667' title='bbox 1232 5149 1481 5214; x_wconf 88' lang='lat' dir='ltr'><strong>utroque</strong></span> <span class='ocrx_word' id='word_1_668' title='bbox 1504 5136 1825 5214; x_wconf 73' lang='lat' dir='ltr'><strong>procedere</strong></span> 
     </span>
    </p>
   </div>
   <div class='ocr_carea' id='block_1_100' title="bbox 213 5207 1826 5281">
    <p class='ocr_par' dir='ltr' id='par_1_100' title="bbox 213 5207 1826 5281">
     <span class='ocr_line' id='line_1_100' title="bbox 213 5207 1826 5281; baseline 0.003 -18"><span class='ocrx_word' id='word_1_669' title='bbox 213 5207 445 5281; x_wconf 86' lang='lat' dir='ltr'><strong>nedum</strong></span> <span class='ocrx_word' id='word_1_670' title='bbox 464 5214 581 5265; x_wconf 84' lang='lat' dir='ltr'><strong>tres</strong></span> <span class='ocrx_word' id='word_1_671' title='bbox 604 5207 811 5277; x_wconf 61' lang='lat' dir='ltr'><strong>relati}</strong></span> <span class='ocrx_word' id='word_1_672' title='bbox 836 5227 1047 5268; x_wconf 86' lang='lat' dir='ltr'><strong>verum</strong></span> <span class='ocrx_word' id='word_1_673' title='bbox 1071 5214 1253 5270; x_wconf 88' lang='lat' dir='ltr'><strong>etiam</strong></span> <span class='ocrx_word' id='word_1_674' title='bbox 1280 5207 1475 5281; x_wconf 72' lang='lat' dir='ltr'><strong>plures</strong></span> <span class='ocrx_word' id='word_1_675' title='bbox 1493 5207 1826 5269; x_wconf 68' lang='lat' dir='ltr'><strong>aliisGraaci</strong></span> 
     </span>
    </p>
   </div>
   <div class='ocr_carea' id='block_1_101' title="bbox 211 5280 1826 5357">
    <p class='ocr_par' dir='ltr' id='par_1_101' title="bbox 211 5280 1826 5357">
     <span class='ocr_line' id='line_1_101' title="bbox 211 5280 1826 5357; baseline 0.002 -22"><span class='ocrx_word' id='word_1_676' title='bbox 211 5280 441 5350; x_wconf 86' lang='lat' dir='ltr'><strong>pariter</strong></span> <span class='ocrx_word' id='word_1_677' title='bbox 459 5296 535 5357; x_wconf 76' lang='lat' dir='ltr'><strong>ac</strong></span> <span class='ocrx_word' id='word_1_678' title='bbox 560 5282 747 5339; x_wconf 84' lang='lat' dir='ltr'><strong>Latini</strong></span> <span class='ocrx_word' id='word_1_679' title='bbox 778 5283 1186 5357; x_wconf 83' lang='lat' dir='ltr'><strong>proﬁterentur</strong></span> <span class='ocrx_word' id='word_1_680' title='bbox 1207 5284 1235 5339; x_wconf 81' lang='lat'><strong>?</strong></span> <span class='ocrx_word' id='word_1_681' title='bbox 1254 5280 1529 5357; x_wconf 88' lang='lat' dir='ltr'><strong>Oportuit</strong></span> <span class='ocrx_word' id='word_1_682' title='bbox 1552 5287 1826 5357; x_wconf 87' lang='lat' dir='ltr'><strong>Photium</strong></span> 
     </span>
    </p>
   </div>
   <div class='ocr_carea' id='block_1_102' title="bbox 212 5353 1825 5426">
    <p class='ocr_par' dir='ltr' id='par_1_102' title="bbox 212 5353 1825 5426">
     <span class='ocr_line' id='line_1_102' title="bbox 212 5353 1825 5426; baseline 0.003 -20"><span class='ocrx_word' id='word_1_683' title='bbox 212 5365 435 5426; x_wconf 81' lang='lat' dir='ltr'><strong>novum</strong></span> <span class='ocrx_word' id='word_1_684' title='bbox 455 5353 617 5409; x_wconf 86' lang='lat' dir='ltr'><strong>sidus</strong></span> <span class='ocrx_word' id='word_1_685' title='bbox 634 5353 977 5426; x_wconf 85' lang='lat' dir='ltr'><strong>surgere,ad</strong></span> <span class='ocrx_word' id='word_1_686' title='bbox 992 5355 1103 5412; x_wconf 79' lang='lat' dir='ltr'><strong>fced</strong></span> <span class='ocrx_word' id='word_1_687' title='bbox 1114 5373 1203 5411; x_wconf 85' lang='lat' dir='ltr'><strong>um</strong></span> <span class='ocrx_word' id='word_1_688' title='bbox 1218 5353 1490 5426; x_wconf 82' lang='lat' dir='ltr'><strong>errorem,</strong></span> <span class='ocrx_word' id='word_1_689' title='bbox 1512 5355 1825 5412; x_wconf 63' lang='lat' dir='ltr'><strong>Dominicis</strong></span> 
     </span>
    </p>
   </div>
   <div class='ocr_carea' id='block_1_103' title="bbox 211 5424 1829 5497">
    <p class='ocr_par' dir='ltr' id='par_1_103' title="bbox 211 5424 1829 5497">
     <span class='ocr_line' id='line_1_103' title="bbox 211 5424 1829 5497; baseline 0.003 -19"><span class='ocrx_word' id='word_1_690' title='bbox 211 5424 343 5479; x_wconf 84' lang='lat' dir='ltr'><strong>voci</strong></span> <span class='ocrx_word' id='word_1_691' title='bbox 371 5424 763 5497; x_wconf 79' lang='lat' dir='ltr'><strong>contrarium,</strong></span> <span class='ocrx_word' id='word_1_692' title='bbox 792 5435 848 5483; x_wconf 92' lang='lat' dir='ltr'><strong>et</strong></span> <span class='ocrx_word' id='word_1_693' title='bbox 867 5427 961 5483; x_wconf 91' lang='lat' dir='ltr'><strong>cui</strong></span> <span class='ocrx_word' id='word_1_694' title='bbox 984 5428 1343 5484; x_wconf 83' lang='lat' dir='ltr'><strong>stabiliendo</strong></span> <span class='ocrx_word' id='word_1_695' title='bbox 1368 5424 1655 5484; x_wconf 36' lang='lat' dir='ltr'><strong>nec&#39;orbis</strong></span> <span class='ocrx_word' id='word_1_696' title='bbox 1686 5443 1829 5485; x_wconf 90' lang='lat' dir='ltr'><strong>con-</strong></span> 
     </span>
    </p>
   </div>
   <div class='ocr_carea' id='block_1_104' title="bbox 212 5497 1825 5569">
    <p class='ocr_par' dir='ltr' id='par_1_104' title="bbox 212 5497 1825 5569">
     <span class='ocr_line' id='line_1_104' title="bbox 212 5497 1825 5569; baseline 0.003 -19"><span class='ocrx_word' id='word_1_697' title='bbox 212 5509 435 5551; x_wconf 86' lang='lat' dir='ltr'><strong>sensus</strong></span> <span class='ocrx_word' id='word_1_698' title='bbox 483 5497 761 5569; x_wconf 65' lang='lat' dir='ltr'><strong>suiticiat,</strong></span> <span class='ocrx_word' id='word_1_699' title='bbox 807 5514 927 5556; x_wconf 91' lang='lat' dir='ltr'><strong>una</strong></span> <span class='ocrx_word' id='word_1_700' title='bbox 956 5499 1113 5555; x_wconf 86' lang='lat' dir='ltr'><strong>illius</strong></span> <span class='ocrx_word' id='word_1_701' title='bbox 1142 5499 1274 5556; x_wconf 89' lang='lat' dir='ltr'><strong>luce</strong></span> <span class='ocrx_word' id='word_1_702' title='bbox 1311 5500 1715 5569; x_wconf 82' lang='lat' dir='ltr'><strong>detegendum</strong></span> <span class='ocrx_word' id='word_1_703' title='bbox 1755 5514 1825 5555; x_wconf 87' lang='lat' dir='ltr'><strong>ac</strong></span> 
     </span>
    </p>
   </div>
   <div class='ocr_carea' id='block_1_105' title="bbox 212 5567 1829 5643">
    <p class='ocr_par' dir='ltr' id='par_1_105' title="bbox 212 5567 1829 5643">
     <span class='ocr_line' id='line_1_105' title="bbox 212 5567 1829 5643; baseline 0.002 -20"><span class='ocrx_word' id='word_1_704' title='bbox 212 5567 693 5643; x_wconf 74' lang='lat' dir='ltr'><strong>coarguendam.</strong></span> <span class='ocrx_word' id='word_1_705' title='bbox 711 5569 849 5643; x_wconf 60' lang='lat' dir='ltr'><strong>Haec</strong></span> <span class='ocrx_word' id='word_1_706' title='bbox 863 5577 965 5643; x_wconf 75' lang='lat' dir='ltr'><strong>tua</strong></span> <span class='ocrx_word' id='word_1_707' title='bbox 979 5569 1124 5643; x_wconf 84' lang='lat' dir='ltr'><strong>fata,</strong></span> <span class='ocrx_word' id='word_1_708' title='bbox 1143 5571 1365 5628; x_wconf 81' lang='lat' dir='ltr'><strong>Graecia</strong></span> <span class='ocrx_word' id='word_1_709' title='bbox 1383 5572 1396 5626; x_wconf 90' lang='lat' dir='ltr'><strong>t</strong></span> <span class='ocrx_word' id='word_1_710' title='bbox 1421 5567 1483 5627; x_wconf 70' lang='lat' dir='ltr'><strong>ut</strong></span> <span class='ocrx_word' id='word_1_711' title='bbox 1500 5572 1613 5627; x_wconf 88' lang='lat' dir='ltr'><strong>hoc</strong></span> <span class='ocrx_word' id='word_1_712' title='bbox 1631 5571 1829 5643; x_wconf 88' lang='lat' dir='ltr'><strong>capite</strong></span> 
     </span>
    </p>
   </div>
   <div class='ocr_carea' id='block_1_106' title="bbox 212 5639 1832 5715">
    <p class='ocr_par' dir='ltr' id='par_1_106' title="bbox 212 5639 1832 5715">
     <span class='ocr_line' id='line_1_106' title="bbox 212 5639 1832 5715; baseline 0.001 -20"><span class='ocrx_word' id='word_1_713' title='bbox 212 5652 440 5715; x_wconf 76' lang='lat' dir='ltr'><strong>renuas</strong></span> <span class='ocrx_word' id='word_1_714' title='bbox 461 5639 674 5714; x_wconf 86' lang='lat' dir='ltr'><strong>subjici</strong></span> <span class='ocrx_word' id='word_1_715' title='bbox 700 5641 828 5715; x_wconf 80' lang='lat' dir='ltr'><strong>sedi</strong></span> <span class='ocrx_word' id='word_1_716' title='bbox 857 5641 1010 5715; x_wconf 74' lang='lat' dir='ltr'><strong>Petri</strong></span> <span class='ocrx_word' id='word_1_717' title='bbox 1036 5647 1332 5715; x_wconf 86' lang='lat' dir='ltr'><strong>putesque</strong></span> <span class='ocrx_word' id='word_1_718' title='bbox 1363 5650 1417 5699; x_wconf 91' lang='lat' dir='ltr'><strong>te</strong></span> <span class='ocrx_word' id='word_1_719' title='bbox 1464 5639 1832 5715; x_wconf 51' lang='lat' dir='ltr'><strong>nactam—ve-</strong></span> 
     </span>
    </p>
   </div>
   <div class='ocr_carea' id='block_1_107' title="bbox 213 5710 1830 5790">
    <p class='ocr_par' dir='ltr' id='par_1_107' title="bbox 213 5710 1830 5790">
     <span class='ocr_line' id='line_1_107' title="bbox 213 5710 1830 5790; baseline 0.003 -22"><span class='ocrx_word' id='word_1_720' title='bbox 213 5710 478 5784; x_wconf 84' lang='lat' dir='ltr'><strong>ritatem,</strong></span> <span class='ocrx_word' id='word_1_721' title='bbox 497 5728 535 5768; x_wconf 89' lang='lat' dir='ltr'><strong>a</strong></span> <span class='ocrx_word' id='word_1_722' title='bbox 557 5710 681 5786; x_wconf 80' lang='lat' dir='ltr'><strong>qua</strong></span> <span class='ocrx_word' id='word_1_723' title='bbox 696 5713 795 5772; x_wconf 87' lang='lat' dir='ltr'><strong>illa</strong></span> <span class='ocrx_word' id='word_1_724' title='bbox 813 5710 1116 5781; x_wconf 80' lang='lat' dir='ltr'><strong>exciderit,</strong></span> <span class='ocrx_word' id='word_1_725' title='bbox 1139 5710 1334 5790; x_wconf 74' lang='lat' dir='ltr'><strong>eoque</strong></span> <span class='ocrx_word' id='word_1_726' title='bbox 1358 5715 1604 5774; x_wconf 87' lang='lat' dir='ltr'><strong>nomine</strong></span> <span class='ocrx_word' id='word_1_727' title='bbox 1620 5713 1830 5790; x_wconf 75' lang='lat' dir='ltr'><strong>primae</strong></span> 
     </span>
    </p>
   </div>
   <div class='ocr_carea' id='block_1_108' title="bbox 1934 4418 3590 4494">
    <p class='ocr_par' dir='ltr' id='par_1_108' title="bbox 1934 4418 3590 4494">
     <span class='ocr_line' id='line_1_108' title="bbox 1934 4418 3590 4494; baseline 0.002 -17"><span class='ocrx_word' id='word_1_728' title='bbox 1934 4420 2180 4494; x_wconf 75' lang='lat' dir='ltr'><strong>sediset</strong></span> <span class='ocrx_word' id='word_1_729' title='bbox 2209 4419 2565 4494; x_wconf 80' lang='lat' dir='ltr'><strong>Apostolicae</strong></span> <span class='ocrx_word' id='word_1_730' title='bbox 2592 4418 2936 4492; x_wconf 89' lang='lat' dir='ltr'><strong>summique</strong></span> <span class='ocrx_word' id='word_1_731' title='bbox 2967 4421 3178 4494; x_wconf 88' lang='lat' dir='ltr'><strong>capitis</strong></span> <span class='ocrx_word' id='word_1_732' title='bbox 3208 4421 3453 4478; x_wconf 90' lang='lat' dir='ltr'><strong>nomine</strong></span> <span class='ocrx_word' id='word_1_733' title='bbox 3482 4423 3590 4481; x_wconf 87' lang='lat' dir='ltr'><strong>tibi</strong></span> 
     </span>
    </p>
   </div>
   <div class='ocr_carea' id='block_1_109' title="bbox 1931 4492 3589 4565">
    <p class='ocr_par' dir='ltr' id='par_1_109' title="bbox 1931 4492 3589 4565">
     <span class='ocr_line' id='line_1_109' title="bbox 1931 4492 3589 4565; baseline -0.001 -14"><span class='ocrx_word' id='word_1_734' title='bbox 1931 4492 2288 4551; x_wconf 80' lang='lat' dir='ltr'><strong>blandiaris.</strong></span> <span class='ocrx_word' id='word_1_735' title='bbox 2322 4493 2706 4565; x_wconf 77' lang='lat' dir='ltr'><strong>Reliquorum</strong></span> <span class='ocrx_word' id='word_1_736' title='bbox 2743 4507 2992 4565; x_wconf 83' lang='lat' dir='ltr'><strong>errores,</strong></span> <span class='ocrx_word' id='word_1_737' title='bbox 3024 4492 3241 4565; x_wconf 82' lang='lat' dir='ltr'><strong>partim</strong></span> <span class='ocrx_word' id='word_1_738' title='bbox 3290 4498 3368 4550; x_wconf 88' lang='lat' dir='ltr'><strong>ab</strong></span> <span class='ocrx_word' id='word_1_739' title='bbox 3410 4494 3589 4552; x_wconf 76' lang='lat' dir='ltr'><strong>haere-</strong></span> 
     </span>
    </p>
   </div>
   <div class='ocr_carea' id='block_1_110' title="bbox 1934 4563 3587 4647">
    <p class='ocr_par' dir='ltr' id='par_1_110' title="bbox 1934 4563 3587 4647">
     <span class='ocr_line' id='line_1_110' title="bbox 1934 4563 3587 4647; baseline 0.001 -27"><span class='ocrx_word' id='word_1_740' title='bbox 1934 4566 2064 4647; x_wconf 69' lang='lat' dir='ltr'><strong>iicis</strong></span> <span class='ocrx_word' id='word_1_741' title='bbox 2089 4563 2593 4647; x_wconf 24' lang='lat' dir='ltr'><strong>aspersi,‘partim</strong></span> <span class='ocrx_word' id='word_1_742' title='bbox 2622 4565 2735 4647; x_wconf 82' lang='lat' dir='ltr'><strong>aevi</strong></span> <span class='ocrx_word' id='word_1_743' title='bbox 2760 4563 3135 4647; x_wconf 79' lang='lat' dir='ltr'><strong>simplicitate</strong></span> <span class='ocrx_word' id='word_1_744' title='bbox 3167 4566 3312 4647; x_wconf 74' lang='lat' dir='ltr'><strong>nati,</strong></span> <span class='ocrx_word' id='word_1_745' title='bbox 3343 4567 3587 4647; x_wconf 83' lang='lat' dir='ltr'><strong>minoris</strong></span> 
     </span>
    </p>
   </div>
   <div class='ocr_carea' id='block_1_111' title="bbox 1932 4636 3591 4709">
    <p class='ocr_par' dir='ltr' id='par_1_111' title="bbox 1932 4636 3591 4709">
     <span class='ocr_line' id='line_1_111' title="bbox 1932 4636 3591 4709; baseline -0.001 -15"><span class='ocrx_word' id='word_1_746' title='bbox 1932 4636 2054 4694; x_wconf 81' lang='lat' dir='ltr'><strong>fere</strong></span> <span class='ocrx_word' id='word_1_747' title='bbox 2100 4636 2417 4709; x_wconf 83' lang='lat' dir='ltr'><strong>momenti,</strong></span> <span class='ocrx_word' id='word_1_748' title='bbox 2442 4652 2632 4709; x_wconf 91' lang='lat' dir='ltr'><strong>quam</strong></span> <span class='ocrx_word' id='word_1_749' title='bbox 2682 4643 2746 4691; x_wconf 88' lang='lat' dir='ltr'><strong>ut</strong></span> <span class='ocrx_word' id='word_1_750' title='bbox 2786 4636 3171 4709; x_wconf 17' lang='lat' dir='ltr'><strong>theologiam,</strong></span> <span class='ocrx_word' id='word_1_751' title='bbox 3213 4639 3591 4706; x_wconf 75' lang='lat' dir='ltr'><strong>attingerent,</strong></span> 
     </span>
    </p>
   </div>
   <div class='ocr_carea' id='block_1_112' title="bbox 1934 4707 3592 4781">
    <p class='ocr_par' dir='ltr' id='par_1_112' title="bbox 1934 4707 3592 4781">
     <span class='ocr_line' id='line_1_112' title="bbox 1934 4707 3592 4781; baseline 0.002 -18"><span class='ocrx_word' id='word_1_752' title='bbox 1934 4711 1996 4764; x_wconf 89' lang='lat' dir='ltr'><strong>in</strong></span> <span class='ocrx_word' id='word_1_753' title='bbox 2023 4725 2161 4781; x_wconf 85' lang='lat' dir='ltr'><strong>qua,</strong></span> <span class='ocrx_word' id='word_1_754' title='bbox 2202 4718 2259 4765; x_wconf 89' lang='lat' dir='ltr'><strong>et</strong></span> <span class='ocrx_word' id='word_1_755' title='bbox 2289 4707 2505 4764; x_wconf 81' lang='lat' dir='ltr'><strong>Chriin</strong></span> <span class='ocrx_word' id='word_1_756' title='bbox 2556 4707 2839 4781; x_wconf 85' lang='lat' dir='ltr'><strong>mysterio</strong></span> <span class='ocrx_word' id='word_1_757' title='bbox 2894 4708 3245 4781; x_wconf 87' lang='lat' dir='ltr'><strong>astruendis,</strong></span> <span class='ocrx_word' id='word_1_758' title='bbox 3288 4715 3592 4766; x_wconf 89' lang='lat' dir='ltr'><strong>strenuam</strong></span> 
     </span>
    </p>
   </div>
   <div class='ocr_carea' id='block_1_113' title="bbox 1934 4778 3591 4851">
    <p class='ocr_par' dir='ltr' id='par_1_113' title="bbox 1934 4778 3591 4851">
     <span class='ocr_line' id='line_1_113' title="bbox 1934 4778 3591 4851; baseline 0 -15"><span class='ocrx_word' id='word_1_759' title='bbox 1934 4781 1974 4836; x_wconf 91' lang='lat' dir='ltr'><strong>ii</strong></span> <span class='ocrx_word' id='word_1_760' title='bbox 2004 4778 2204 4836; x_wconf 79' lang='lat' dir='ltr'><strong>Patres</strong></span> <span class='ocrx_word' id='word_1_761' title='bbox 2244 4782 2530 4847; x_wconf 81' lang='lat' dir='ltr'><strong>(maxime</strong></span> <span class='ocrx_word' id='word_1_762' title='bbox 2572 4778 2851 4850; x_wconf 72' lang='lat' dir='ltr'><strong>lrenreus)</strong></span> <span class='ocrx_word' id='word_1_763' title='bbox 2884 4779 3287 4851; x_wconf 83' lang='lat' dir='ltr'><strong>adhibuerunt</strong></span> <span class='ocrx_word' id='word_1_764' title='bbox 3312 4794 3591 4851; x_wconf 88' lang='lat' dir='ltr'><strong>operam,</strong></span> 
     </span>
    </p>
   </div>
   <div class='ocr_carea' id='block_1_114' title="bbox 1934 4850 3592 4924">
    <p class='ocr_par' dir='ltr' id='par_1_114' title="bbox 1934 4850 3592 4924">
     <span class='ocr_line' id='line_1_114' title="bbox 1934 4850 3592 4924; baseline -0.001 -19"><span class='ocrx_word' id='word_1_765' title='bbox 1934 4868 2059 4924; x_wconf 88' lang='lat' dir='ltr'><strong>qua</strong></span> <span class='ocrx_word' id='word_1_766' title='bbox 2095 4852 2276 4924; x_wconf 85' lang='lat' dir='ltr'><strong>etiam</strong></span> <span class='ocrx_word' id='word_1_767' title='bbox 2306 4854 2606 4922; x_wconf 88' lang='lat' dir='ltr'><strong>sactisque</strong></span> <span class='ocrx_word' id='word_1_768' title='bbox 2641 4865 2849 4924; x_wconf 86' lang='lat' dir='ltr'><strong>eorum</strong></span> <span class='ocrx_word' id='word_1_769' title='bbox 2887 4850 3156 4924; x_wconf 84' lang='lat' dir='ltr'><strong>moribus</strong></span> <span class='ocrx_word' id='word_1_770' title='bbox 3192 4854 3258 4924; x_wconf 64' lang='lat'><strong>1-6</strong></span> <span class='ocrx_word' id='word_1_771' title='bbox 3302 4850 3592 4924; x_wconf 79' lang='grc' dir='ltr'><strong>θαυμάσιον</strong></span> 
     </span>
    </p>
   </div>
   <div class='ocr_carea' id='block_1_115' title="bbox 1934 4921 3596 4998">
    <p class='ocr_par' dir='ltr' id='par_1_115' title="bbox 1934 4921 3596 4998">
     <span class='ocr_line' id='line_1_115' title="bbox 1934 4921 3596 4998; baseline 0.003 -23"><span class='ocrx_word' id='word_1_772' title='bbox 1934 4921 2292 4998; x_wconf 71' lang='grc' dir='ltr'><strong>ἐξήστραψαν,</strong></span> <span class='ocrx_word' id='word_1_773' title='bbox 2345 4921 2949 4998; x_wconf 33' lang='grc' dir='ltr'><strong>ηιίνρὴιιειᾳνίιαιειη</strong></span> <span class='ocrx_word' id='word_1_774' title='bbox 2996 4921 3197 4998; x_wconf 66' lang='lat' dir='ltr'><strong>adepti</strong></span> <span class='ocrx_word' id='word_1_775' title='bbox 3238 4921 3411 4989; x_wconf 66' lang='lat' dir='ltr'><strong>sunt,</strong></span> <span class='ocrx_word' id='word_1_776' title='bbox 3442 4929 3501 4979; x_wconf 87' lang='lat' dir='ltr'><strong>et</strong></span> <span class='ocrx_word' id='word_1_777' title='bbox 3533 4930 3596 4981; x_wconf 86' lang='lat' dir='ltr'><strong>ut</strong></span> 
     </span>
    </p>
   </div>
   <div class='ocr_carea' id='block_1_116' title="bbox 1935 4992 3595 5064">
    <p class='ocr_par' dir='ltr' id='par_1_116' title="bbox 1935 4992 3595 5064">
     <span class='ocr_line' id='line_1_116' title="bbox 1935 4992 3595 5064; baseline 0.001 -13"><span class='ocrx_word' id='word_1_778' title='bbox 1935 4992 2123 5051; x_wconf 80' lang='lat' dir='ltr'><strong>sancti</strong></span> <span class='ocrx_word' id='word_1_779' title='bbox 2150 4992 2352 5050; x_wconf 84' lang='lat' dir='ltr'><strong>Patres</strong></span> <span class='ocrx_word' id='word_1_780' title='bbox 2378 5000 2435 5049; x_wconf 92' lang='lat' dir='ltr'><strong>et</strong></span> <span class='ocrx_word' id='word_1_781' title='bbox 2463 4992 2732 5048; x_wconf 70' lang='lat' dir='ltr'><strong>Ecclesiae</strong></span> <span class='ocrx_word' id='word_1_782' title='bbox 2748 4992 3014 5064; x_wconf 82' lang='lat' dir='ltr'><strong>magistri</strong></span> <span class='ocrx_word' id='word_1_783' title='bbox 3035 4993 3400 5050; x_wconf 86' lang='lat' dir='ltr'><strong>haberentur</strong></span> <span class='ocrx_word' id='word_1_784' title='bbox 3433 5011 3446 5050; x_wconf 86' lang='lat'><strong>:</strong></span> <span class='ocrx_word' id='word_1_785' title='bbox 3471 5011 3595 5053; x_wconf 88' lang='lat' dir='ltr'><strong>nou</strong></span> 
     </span>
    </p>
   </div>
   <div class='ocr_carea' id='block_1_117' title="bbox 1933 5063 3597 5140">
    <p class='ocr_par' dir='ltr' id='par_1_117' title="bbox 1933 5063 3597 5140">
     <span class='ocr_line' id='line_1_117' title="bbox 1933 5063 3597 5140; baseline 0.001 -18"><span class='ocrx_word' id='word_1_786' title='bbox 1933 5069 2085 5140; x_wconf 82' lang='lat' dir='ltr'><strong>quod</strong></span> <span class='ocrx_word' id='word_1_787' title='bbox 2107 5068 2253 5122; x_wconf 88' lang='lat' dir='ltr'><strong>male</strong></span> <span class='ocrx_word' id='word_1_788' title='bbox 2268 5066 2687 5129; x_wconf 83' lang='lat' dir='ltr'><strong>redditMetius,</strong></span> <span class='ocrx_word' id='word_1_789' title='bbox 2718 5063 3203 5140; x_wconf 63' lang='lat' dir='ltr'><strong>Vitqet&#39;nnocentia</strong></span> <span class='ocrx_word' id='word_1_790' title='bbox 3221 5073 3275 5121; x_wconf 80' lang='lat' dir='ltr'><strong>et</strong></span> <span class='ocrx_word' id='word_1_791' title='bbox 3288 5068 3597 5124; x_wconf 78' lang='lat' dir='ltr'><strong>miraculis</strong></span> 
     </span>
    </p>
   </div>
   <div class='ocr_carea' id='block_1_118' title="bbox 1937 5135 3598 5205">
    <p class='ocr_par' dir='ltr' id='par_1_118' title="bbox 1937 5135 3598 5205">
     <span class='ocr_line' id='line_1_118' title="bbox 1937 5135 3598 5205; baseline 0.001 -10"><span class='ocrx_word' id='word_1_792' title='bbox 1937 5135 2308 5195; x_wconf 54' lang='lat' dir='ltr'><strong>claruerunt.</strong></span> <span class='ocrx_word' id='word_1_793' title='bbox 2343 5140 2491 5192; x_wconf 79' lang='lat' dir='ltr'><strong>Nam</strong></span> <span class='ocrx_word' id='word_1_794' title='bbox 2530 5152 2675 5205; x_wconf 84' lang='lat' dir='ltr'><strong>rogo</strong></span> <span class='ocrx_word' id='word_1_795' title='bbox 2719 5135 2878 5190; x_wconf 86' lang='lat' dir='ltr'><strong>unde</strong></span> <span class='ocrx_word' id='word_1_796' title='bbox 2916 5137 3158 5191; x_wconf 87' lang='lat' dir='ltr'><strong>Photius</strong></span> <span class='ocrx_word' id='word_1_797' title='bbox 3198 5153 3270 5193; x_wconf 86' lang='lat' dir='ltr'><strong>ea</strong></span> <span class='ocrx_word' id='word_1_798' title='bbox 3308 5140 3598 5197; x_wconf 87' lang='lat' dir='ltr'><strong>miracula</strong></span> 
     </span>
    </p>
   </div>
   <div class='ocr_carea' id='block_1_119' title="bbox 1934 5207 3599 5281">
    <p class='ocr_par' dir='ltr' id='par_1_119' title="bbox 1934 5207 3599 5281">
     <span class='ocr_line' id='line_1_119' title="bbox 1934 5207 3599 5281; baseline 0.001 -15"><span class='ocrx_word' id='word_1_799' title='bbox 1934 5211 2167 5275; x_wconf 87' lang='lat' dir='ltr'><strong>habuit,</strong></span> <span class='ocrx_word' id='word_1_800' title='bbox 2200 5208 2291 5264; x_wconf 89' lang='lat' dir='ltr'><strong>vel</strong></span> <span class='ocrx_word' id='word_1_801' title='bbox 2321 5208 2531 5280; x_wconf 75' lang='lat' dir='ltr'><strong>PapitB,</strong></span> <span class='ocrx_word' id='word_1_802' title='bbox 2566 5208 2660 5263; x_wconf 87' lang='lat' dir='ltr'><strong>vel</strong></span> <span class='ocrx_word' id='word_1_803' title='bbox 2698 5207 2952 5263; x_wconf 84' lang='lat' dir='ltr'><strong>aliorum</strong></span> <span class='ocrx_word' id='word_1_804' title='bbox 2984 5209 3011 5264; x_wconf 78' lang='lat'><strong>?</strong></span> <span class='ocrx_word' id='word_1_805' title='bbox 3040 5209 3132 5263; x_wconf 88' lang='lat' dir='ltr'><strong>Sic</strong></span> <span class='ocrx_word' id='word_1_806' title='bbox 3162 5208 3409 5281; x_wconf 88' lang='lat' dir='ltr'><strong>quidem</strong></span> <span class='ocrx_word' id='word_1_807' title='bbox 3436 5228 3599 5267; x_wconf 91' lang='lat' dir='ltr'><strong>nunc</strong></span> 
     </span>
    </p>
   </div>
   <div class='ocr_carea' id='block_1_120' title="bbox 1936 5280 3603 5351">
    <p class='ocr_par' dir='ltr' id='par_1_120' title="bbox 1936 5280 3603 5351">
     <span class='ocr_line' id='line_1_120' title="bbox 1936 5280 3603 5351; baseline 0 -12"><span class='ocrx_word' id='word_1_808' title='bbox 1936 5281 2313 5339; x_wconf 86' lang='lat' dir='ltr'><strong>vindicandis</strong></span> <span class='ocrx_word' id='word_1_809' title='bbox 2343 5280 2565 5336; x_wconf 86' lang='lat' dir='ltr'><strong>sanctis</strong></span> <span class='ocrx_word' id='word_1_810' title='bbox 2596 5294 2706 5334; x_wconf 87' lang='lat' dir='ltr'><strong>usu</strong></span> <span class='ocrx_word' id='word_1_811' title='bbox 2740 5282 3007 5335; x_wconf 81' lang='lat' dir='ltr'><strong>Romano</strong></span> <span class='ocrx_word' id='word_1_812' title='bbox 3034 5286 3384 5351; x_wconf 68' lang='lat' dir='ltr'><strong>quaeruntur</strong></span> <span class='ocrx_word' id='word_1_813' title='bbox 3422 5285 3603 5339; x_wconf 88' lang='lat' dir='ltr'><strong>mira-</strong></span> 
     </span>
    </p>
   </div>
   <div class='ocr_carea' id='block_1_121' title="bbox 1938 5351 3605 5424">
    <p class='ocr_par' dir='ltr' id='par_1_121' title="bbox 1938 5351 3605 5424">
     <span class='ocr_line' id='line_1_121' title="bbox 1938 5351 3605 5424; baseline -0.001 -14"><span class='ocrx_word' id='word_1_814' title='bbox 1938 5354 2092 5418; x_wconf 89' lang='lat' dir='ltr'><strong>cula,</strong></span> <span class='ocrx_word' id='word_1_815' title='bbox 2113 5369 2187 5408; x_wconf 91' lang='lat' dir='ltr'><strong>ne</strong></span> <span class='ocrx_word' id='word_1_816' title='bbox 2203 5352 2351 5424; x_wconf 90' lang='lat' dir='ltr'><strong>quid</strong></span> <span class='ocrx_word' id='word_1_817' title='bbox 2369 5351 2616 5407; x_wconf 82' lang='lat' dir='ltr'><strong>humani</strong></span> <span class='ocrx_word' id='word_1_818' title='bbox 2634 5352 2940 5424; x_wconf 82' lang='lat' dir='ltr'><strong>subrepat,</strong></span> <span class='ocrx_word' id='word_1_819' title='bbox 2961 5356 3017 5417; x_wconf 80' lang='lat' dir='ltr'><strong>et</strong></span> <span class='ocrx_word' id='word_1_820' title='bbox 3046 5352 3212 5423; x_wconf 92' lang='lat' dir='ltr'><strong>quod</strong></span> <span class='ocrx_word' id='word_1_821' title='bbox 3239 5360 3360 5409; x_wconf 88' lang='lat' dir='ltr'><strong>tam</strong></span> <span class='ocrx_word' id='word_1_822' title='bbox 3385 5355 3605 5410; x_wconf 88' lang='lat' dir='ltr'><strong>multos</strong></span> 
     </span>
    </p>
   </div>
   <div class='ocr_carea' id='block_1_122' title="bbox 1941 5422 3605 5499">
    <p class='ocr_par' dir='ltr' id='par_1_122' title="bbox 1941 5422 3605 5499">
     <span class='ocr_line' id='line_1_122' title="bbox 1941 5422 3605 5499; baseline 0.001 -20"><span class='ocrx_word' id='word_1_823' title='bbox 1941 5422 2243 5499; x_wconf 72' lang='lat' dir='ltr'><strong>vindicare</strong></span> <span class='ocrx_word' id='word_1_824' title='bbox 2284 5439 2407 5499; x_wconf 87' lang='lat' dir='ltr'><strong>non</strong></span> <span class='ocrx_word' id='word_1_825' title='bbox 2454 5422 2685 5499; x_wconf 75' lang='lat' dir='ltr'><strong>intersit</strong></span> <span class='ocrx_word' id='word_1_826' title='bbox 2714 5424 2794 5476; x_wconf 89' lang='lat' dir='ltr'><strong>rei</strong></span> <span class='ocrx_word' id='word_1_827' title='bbox 2841 5422 3237 5499; x_wconf 68' lang='lat' dir='ltr'><strong>Qhristianm;</strong></span> <span class='ocrx_word' id='word_1_828' title='bbox 3286 5425 3395 5480; x_wconf 90' lang='lat' dir='ltr'><strong>sed</strong></span> <span class='ocrx_word' id='word_1_829' title='bbox 3446 5442 3605 5499; x_wconf 90' lang='lat' dir='ltr'><strong>quos</strong></span> 
     </span>
    </p>
   </div>
   <div class='ocr_carea' id='block_1_123' title="bbox 1940 5492 3607 5567">
    <p class='ocr_par' dir='ltr' id='par_1_123' title="bbox 1940 5492 3607 5567">
     <span class='ocr_line' id='line_1_123' title="bbox 1940 5492 3607 5567; baseline 0.002 -16"><span class='ocrx_word' id='word_1_830' title='bbox 1940 5498 2094 5552; x_wconf 85' lang='lat' dir='ltr'><strong>Deus</strong></span> <span class='ocrx_word' id='word_1_831' title='bbox 2120 5496 2453 5567; x_wconf 73' lang='lat' dir='ltr'><strong>majoribus</strong></span> <span class='ocrx_word' id='word_1_832' title='bbox 2471 5493 2806 5567; x_wconf 82' lang='lat' dir='ltr'><strong>signiscum</strong></span> <span class='ocrx_word' id='word_1_833' title='bbox 2832 5492 2964 5549; x_wconf 61' lang='lat' dir='ltr'><strong>vitae</strong></span> <span class='ocrx_word' id='word_1_834' title='bbox 2986 5494 3245 5567; x_wconf 79' lang='lat' dir='ltr'><strong>ﬁdeique</strong></span> <span class='ocrx_word' id='word_1_835' title='bbox 3260 5492 3607 5567; x_wconf 62' lang='lat' dir='ltr'><strong>praestantia</strong></span> 
     </span>
    </p>
   </div>
   <div class='ocr_carea' id='block_1_124' title="bbox 1940 5564 3610 5642">
    <p class='ocr_par' dir='ltr' id='par_1_124' title="bbox 1940 5564 3610 5642">
     <span class='ocr_line' id='line_1_124' title="bbox 1940 5564 3610 5642; baseline 0.001 -19"><span class='ocrx_word' id='word_1_836' title='bbox 1940 5564 2238 5642; x_wconf 83' lang='lat' dir='ltr'><strong>clariones</strong></span> <span class='ocrx_word' id='word_1_837' title='bbox 2267 5564 2507 5632; x_wconf 78' lang='lat' dir='ltr'><strong>efﬁciat,</strong></span> <span class='ocrx_word' id='word_1_838' title='bbox 2540 5565 2798 5642; x_wconf 89' lang='lat' dir='ltr'><strong>velitque</strong></span> <span class='ocrx_word' id='word_1_839' title='bbox 2823 5567 2949 5622; x_wconf 89' lang='lat' dir='ltr'><strong>suis</strong></span> <span class='ocrx_word' id='word_1_840' title='bbox 2978 5564 3427 5624; x_wconf 73' lang='lat' dir='ltr'><strong>ﬁdelibuseum</strong></span> <span class='ocrx_word' id='word_1_841' title='bbox 3462 5584 3610 5642; x_wconf 73' lang='lat' dir='ltr'><strong>prs:-</strong></span> 
     </span>
    </p>
   </div>
   <div class='ocr_carea' id='block_1_125' title="bbox 1943 5639 2787 5711">
    <p class='ocr_par' dir='ltr' id='par_1_125' title="bbox 1943 5639 2787 5711">
     <span class='ocr_line' id='line_1_125' title="bbox 1943 5639 2787 5711; baseline -0.005 -14"><span class='ocrx_word' id='word_1_842' title='bbox 1943 5639 2097 5697; x_wconf 86' lang='lat' dir='ltr'><strong>sidio</strong></span> <span class='ocrx_word' id='word_1_843' title='bbox 2126 5654 2279 5707; x_wconf 88' lang='lat' dir='ltr'><strong>esse,</strong></span> <span class='ocrx_word' id='word_1_844' title='bbox 2312 5642 2443 5695; x_wconf 89' lang='lat' dir='ltr'><strong>tum</strong></span> <span class='ocrx_word' id='word_1_845' title='bbox 2480 5639 2787 5711; x_wconf 85' lang='lat' dir='ltr'><strong>exemplo.</strong></span> 
     </span>
    </p>
   </div>
  </div>
