4088 6214
635 252 741 309 815
1865 261 2101 318 PHOTII
2145 264 2627 328 PATRIARCH/E
2667 273 2772 330 (ΖΡ.
3809 293 3875 348 816

631 410 743 451 nec
773 411 893 452 non
931 399 1171 471 Papiam
1197 399 1702 474 Hierapolitanum
1729 417 1746 459 :
1776 418 1846 457 ex
1873 404 2092 476 quibus
2127 409 2234 479 prii

2317 395 2362 447 Α
2395 397 2477 445 τὸν
2523 395 2864 468 Λουγδούνων
2914 400 3215 471 ἐπίσκοπον,
3247 410 3335 458 καὶ
3389 413 3578 460 Παπίαν
3615 414 3687 462 τὸν
3724 421 3794 475 τῆς
3825 417 3876 468 “ῐε.

629 485 875 557 quidem
897 489 1160 559 martyrii
1179 505 1464 545 coronam
1507 496 1862 546 consecutus
1889 500 1976 548 est
2020 495 2116 551 alii
2146 513 2234 551 vei

2391 485 2652 557 ραπόλεως
2703 509 2714 520 ·
2768 492 2854 541 τόν
2919 494 3030 562 μὲν,
3087 501 3178 546 τοῦ
3239 502 3521 570 μαρτυρίου
3573 503 3648 550 τὸν
3709 508 3876 573 στέφε-ιω

627 576 940 645 apostolici
970 578 1079 632 viri
1106 578 1396 642 exstitere,
1442 577 1830 651 moribusque
1871 597 1940 636 ac
1975 585 2090 641 vita
2129 588 2234 641 mir

2392 570 2520 625 ἁναὸ
2531 594 2559 632 η
2571 578 2785 647 σάμινον
2816 595 2826 606 ·

625 663 945 736 splendore
975 665 1262 721 effulsere.
1281 667 1338 720 Si
1366 666 1510 737 quid
1543 671 1743 722 tamen
1765 670 2016 726 veritatis
2045 675 2278 731 tramite

620 767 728 824 per
755 753 1177 822 negligentiam
1200 754 1426 826 aliquid
1477 754 1872 822 otl‘enderunt,
1904 767 2006 815 aut
2035 762 2272 819 aberra-

617 846 778 906 runt,
812 847 874 897 ut
905 842 1190 897 adversus
1225 859 1610 899 communem
1642 845 1909 902 Ecclesiae
1936 848 2271 908 doctrinam

615 929 930 1003 quidpiam
944 930 1346 1003 loquerentur,
1363 932 1422 987 in
1435 932 1670 989 hisillos
1686 934 1922 992 minime
1937 940 2266 1011 sequimur,

613 1035 723 1076 nec
753 1035 824 1075 ea
849 1021 1053 1077 tamen
1073 1021 1304 1078 ratione
1328 1022 1514 1078 ullum
1554 1039 1763 1080 eorum
1810 1028 1993 1082 Patris
2041 1028 2268 1088 honore

2881 584 3001 642 τοὺς
3041 578 3119 649 δὲ,
3167 581 3365 653 ἄνδρας
3396 590 3534 648 ὄντας
3573 586 3875 654 aniculae-3;,

2387 667 2476 714 καὶ
2520 672 2629 726 τοῖς
2684 674 2774 718 τοῦ
2825 666 2947 739 βίου
3003 677 3212 744 τρόποις
3267 677 3323 725 τὸ
3389 678 3657 746 θαυμάσιον
3700 679 3877 753 ἐξαστράι

2385 769 2617 815 πτοντας.
2668 754 2798 806 Ἀλλ’
2847 754 2956 822 οὖν,
2991 763 3036 811 εἶ
3078 766 3128 812 τί
3179 781 3238 832 γε
3285 770 3376 823 τῆς
3424 762 3647 826 ἀληθείας
3690 769 3877 841 ὡλιγώρξα

2386 858 2500 905 σαν,
2547 849 2638 895 καὶ
2683 850 3094 918 παρηνέχθησαν
3143 851 3461 922 φθέγξασθαι
3519 852 3780 919 ἀπεναντίας
3820 868 3877 911 re;

2380 940 2553 983 κοινοῦ
2597 938 2685 984 καὶ
2727 933 3166 992 ἐκκλησιαστικοῦ
3216 936 3497 1012 δόγματος,
3539 941 3583 993 ἐν
3624 947 3789 1007 τούτοις
3820 951 3878 1019 μὲι

2379 1017 2484 1091 οὐχ
2532 1020 2793 1093 ἐπόμεθα’
2838 1032 2926 1086 τῆς
2974 1035 3223 1090 πατρικῆς
3273 1025 3332 1081 δὲ
3367 1039 3521 1101 τιμῆς
3547 1035 3627 1083 καὶ
3669 1017 3879 1095 δόξης

612 1112 792 1182 atque
823 1108 1016 1178 gloria
1042 1111 1417 1168 abdicamus.

684 1199 837 1254 XXII.
860 1199 1100 1255 Deﬁciet
1149 1217 1242 1256 me
1282 1201 1407 1255 dies
1438 1208 1890 1272 percensentem
1918 1205 2265 1278 viros,quos

604 1290 847 1346 Patrum
888 1289 1132 1361 quidem
1164 1290 1392 1346 honore
1421 1290 1836 1357 honestamus,
1893 1310 2003 1349 nec
2065 1302 2264 1351 tamen

604 1377 742 1450 illis,
771 1379 832 1434 in
857 1379 1072 1451 quibus
1098 1395 1134 1434 a
1167 1380 1410 1434 veritate
1459 1379 1795 1445 deviarunt,
1829 1385 2260 1442 auscultamus.

606 1468 697 1523 Sic
717 1469 917 1541 itaque
968 1469 1197 1524 etiamsi
1257 1468 1360 1539 qui
1410 1475 1624 1540 praeter
1656 1471 2028 1527 Dominicam
2055 1490 2262 1530 vocem

601 1563 848 1612 cunctos
863 1558 1174 1612 docentem
1194 1559 1478 1629 mysteria
1489 1558 1710 1613 dixisse
1729 1560 2061 1625 videantur,
2084 1563 2262 1634 Spiri-

603 1648 725 1698 tum
755 1661 790 1700 a
816 1645 954 1700 Filio
983 1645 1299 1716 procedere
1334 1663 1346 1713 ;
1381 1645 1704 1702 novitatem
1733 1647 1996 1719 quidem,
2033 1656 2094 1706 ut
2123 1668 2258 1722 quae

598 1732 971 1789 Dominicam
996 1740 1344 1805 corrumpat
1374 1750 1575 1789 vocem
1609 1736 1859 1808 ejusque
1911 1739 2261 1809 depravatio
2293 1751 2332 1804 Β

598 1823 859 1888 exsistat,
893 1839 1242 1879 aversamur
1275 1839 1288 1889 ;
1321 1823 1478 1878 illius
1524 1830 1723 1880 tamen
1783 1835 2112 1898 parentem,
2154 1826 2256 1900 qui

595 1911 860 1968 maxime
889 1912 1079 1979 sileat,
1112 1928 1220 1968 nec
1251 1929 1423 1968 suam
1465 1929 1728 1985 praesens
1776 1931 2027 1972 causam
2082 1934 2257 1990 agere

594 2002 1325 2074 possitautcontradicere,
1343 2018 1716 2074 nequaquam
1732 2004 2100 2062 damnamus.
2118 2007 2254 2062 Cum

593 2091 752 2147 enim
782 2092 886 2164 qui
916 2092 1197 2147 humanis
1228 2093 1406 2147 rebus
1435 2094 1808 2148 substractus
1852 2100 1960 2160 est,
2006 2111 2122 2151 non
2158 2098 2252 2163 sit,

593 2193 702 2235 nec
729 2179 843 2252 ipsi
871 2196 976 2252 per
1001 2196 1084 2246 se,
1104 2197 1214 2236 nec
1244 2196 1350 2252 per
1375 2180 1522 2236 alios
1542 2181 1644 2252 qui
1672 2183 1800 2252 ejus
1825 2184 2029 2239 tuendi
2054 2190 2253 2256 partes

589 2284 928 2342 munusque
949 2271 1341 2341 susceperint,
1368 2269 1566 2324 nullus
1588 2271 1836 2342 quidem
1859 2289 2020 2328 sanas
2038 2276 2255 2329 mentis

591 2365 854 2415 actorem
879 2359 941 2414 in
965 2375 1104 2414 eum
1131 2375 1305 2429 agere
1325 2359 1483 2413 velit.
1509 2349 1681 2414 Nullo
1706 2377 1848 2415 vero
1870 2369 2254 2430 auctore,nec

591 2449 883 2503 sententia
909 2448 1017 2503 erit
1041 2448 1309 2503 damnati
1347 2449 1626 2502 criminis.
1663 2449 1830 2505 Nulla
1853 2457 2053 2506 autem
2083 2453 2254 2509 dam-

588 2536 849 2592 nationis
883 2537 1195 2606 sententia,
1228 2537 1333 2608 qui
1385 2553 1522 2591 cum
1581 2538 1870 2594 incessere
1898 2543 2116 2596 audeat
2144 2543 2250 2615 qui

587 2623 697 2680 hos
746 2641 952 2680 omnes
991 2642 1165 2680 casus
1197 2626 1529 2689 excesserit,
1563 2641 1686 2680 non
1731 2629 1924 2696 magis
1955 2631 2014 2684 in
2054 2630 2244 2698 illum,

589 2728 774 2786 quam
804 2713 864 2768 in
896 2720 1075 2785 caput
1095 2714 1224 2786 ipse
1253 2730 1426 2768 suum
1455 2715 1883 2772 contumeliam
1910 2719 2098 2774 vertit.

657 2803 843 2858 XXIII.
881 2803 1114 2872 Verum,
1147 2805 1332 2871 aiunt,
1366 2803 1642 2858 dixerunt
1667 2805 1865 2860 Patres
1896 2807 2176 2878 Spiritum
2205 2825 2240 2865 a

2376 1117 2558 1178 μενοῡν
2589 1108 2740 1163 οὐδὲν
2795 1113 2964 1165 αὐτῶν
3000 1123 3393 1190 περικόπτομεν.

2451 1200 2566 1251 KB'.
2620 1200 2904 1272 Ἐπύείψει
2947 1223 3011 1276 με
3058 1207 3087 1263 ἠ
3141 1209 3309 1279 ἡμέρα
3339 1211 3458 1270 τοὺς
3506 1205 3682 1283 ἄνδρας
3717 1210 3878 1286 ἀπαριθ-

2374 1290 2643 1358 μούμενον,
2706 1291 2795 1353 οὓς
2833 1301 2892 1364 τῇ
2953 1298 3044 1364 μὲν
3103 1305 3200 1347 τῶν
3252 1302 3487 1368 Πατέρων
3539 1308 3651 1371 τιμῇ
3698 1307 3882 1372 σεμνύνο-

2371 1395 2462 1446 μεν
2497 1400 2508 1411 ο
2557 1379 2604 1430 ἐν
2652 1381 2724 1442 οἷς
2778 1379 2836 1434 δὲ
2887 1391 2978 1445 τῆς
3028 1383 3264 1445 ἀληθείας
3305 1391 3708 1460 παρηνέχθησαν,
3743 1391 3788 1441 οὐ
3826 1413 3882 1462 iu-

2373 1471 2606 1541 μούμεθα
2647 1491 2658 1502 ·

2372 1563 2690 1617 Δεσποτικην
2735 1566 2902 1630 φωνὴν
2951 1567 3043 1618 τὴν
3095 1565 3290 1623 πάντας
3335 1565 3474 1634 ἡμᾶς
3494 1577 3880 1637 μνσταγωγοῦςαν,

2698 1471 2832 1521 οὕτω
2875 1479 2998 1541 γοῦν
3036 1478 3124 1524 καὶ
3168 1478 3210 1525 εἰ
3249 1494 3377 1535 τινες
3438 1485 3620 1547 φανεῖεν
3663 1484 3778 1550 παρὰ
3819 1485 3882 1536 τὴν

2372 1650 2429 1698 τὸ
2463 1655 2667 1719 Πνεῦμα
2721 1649 2943 1710 εἰπόντες
2993 1648 3046 1700 ἐκ
3095 1656 3186 1702 τόῦ
3243 1658 3370 1704 Tia!)
3429 1653 3882 1726 ἐκπορεύεσθαιιτὲν

2369 1739 2460 1808 μεν
2507 1743 2860 1808 καινοτομίαν,
2918 1741 2987 1800 ὡς
3035 1745 3128 1797 τὴν
3194 1746 3511 1800 Δεσποτικήν
3553 1750 3701 1814 φωνὴν
3745 1741 3880 1800 κιϐδη-

2370 1824 2618 1877 λεύουσαν
2652 1833 2741 1877 καὶ
2771 1831 3324 1900 παραχαράσσουσαν,
3369 1830 3764 1905 ἀποστρεφόμεθα
3792 1838 3880 1885 -τὸν

2367 1919 2567 1989 πατέρα
2598 1912 2656 1966 δε
2686 1916 2868 1980 αὐτῆς,
2919 1924 3149 1987 σιγῶντα
3196 1919 3428 1990 μάλιστα
3457 1927 3542 1972 καὶ
3583 1927 3647 1992 μὴ
3693 1929 3877 1996 παρόντα,

2366 2000 2498 2074 μηδ’
2551 2004 2895 2075 αντιλέγοντα,
2955 2006 3198 2078 οὐμενοῦν
3255 2008 3313 2059 οὐ
3363 2007 3770 2082 καταδικάζομεν.
3809 2018 3879 2064 Τοῦ

2365 2096 2463 2166 ’γὰρ
2496 2096 2769 2164 φεύγοντος
2816 2094 2926 2164 (l6)
2974 2095 3066 2146 οὐκ
3112 2100 3269 2162 ὄντος,
3316 2101 3434 2150 οὔτε
3484 2096 3556 2150 δι’
3602 2099 3881 2164 emunivit:

2367 2178 2440 2233 δι’
2489 2183 2554 2232 ὧν
2613 2185 2736 2257 ὑπὲρ
2783 2184 2942 2234 αὐτοῦ
2989 2184 3149 2255 λέγειν
3198 2189 3608 2260 προχειρίζεται,
3663 2186 3806 2250 οὐδεὶς
3842 2189 3881 2238 ἂν

2366 2273 2442 2328 εἴη
2473 2291 2589 2322 νουν
2641 2275 2776 2343 ἔχων
2817 2277 3129 2345 κατήγορος.
3170 2281 3497 2348 Κατηγορίας
3542 2274 3596 2328 δὲ
3632 2278 3714 2328 οὐκ
3748 2281 3881 2339 οὔσης,

2364 2358 2487 2412 οὐδὲ
2532 2361 2702 2432 ψῆφος
2745 2368 3062 2436 προέρχεται
3118 2371 3208 2415 τοῦ
3246 2364 3568 2437 ἐγκλήματος
3594 2384 3605 2395 ’
3662 2366 3806 2437 ψήφου
3845 2363 3882 2416 δε

2362 2447 2830 2513 καταδικαξούσης
2878 2456 2947 2524 μὴ
2998 2449 3263 2521 δοθείσης,
3311 2456 3335 2504 ό
3369 2455 3566 2524 τολμῶν
3606 2456 3798 2528 ὑϐρίζειν
3828 2459 3884 2505 τόν

2359 2539 2454 2602 ἔξω
2504 2543 2695 2591 τούτων
2743 2543 3044 2593 καθεστῶτα
3091 2546 3289 2593 πάντων
3333 2552 3435 2594 τῶν
3484 2547 3809 2618 περιστάσεων,
3845 2543 3884 2593 οὗ

2357 2628 2472 2678 κατ’
2525 2627 2714 2679 ἐκείνου
2768 2627 2976 2699 μᾶλλον,
3031 2630 3060 2687 ἡ
3111 2629 3229 2681 καθ’
3283 2630 3470 2683 ἑαυτοῦ
3529 2636 3784 2706 περιτρέπει
3827 2635 3885 2682 τὸν

2356 2714 2571 2771 ὃνειδον.

2427 2805 2544 2860 Kl".
2601 2805 2739 2860 Ἀλλ’
2799 2804 2959 2871 εἷπον,
3007 2811 3154 2878 φασὶ,
3222 2812 3445 2882 Πατέρες
3513 2813 3569 2862 τὸ
3622 2817 3800 2880 Πνεῦμα
3847 2807 3883 2858 ἐκ

2349 2903 2440 2947 τοῦ
2487 2898 2608 2948 Tim}
2663 2895 3030 2967 ἐκπορεύεσθαι
3070 2911 3082 2960 ;
3138 2896 3297 2950 Ἀ).λὰ
3336 2897 3568 2970 βραχεῖς
3595 2907 3661 2969 τῷ
3688 2899 3880 2972 ἀριθμῷ

2349 2985 2454 3036 ἀλλ’
2508 2987 2556 3036 οἱ
2608 2985 2806 3046 πλείους
2857 2985 3012 3036 εἰπεῖν
3066 2985 3159 3036 οὐκ
3217 2985 3524 3058 ἠνέσχοντο.
3577 2986 3717 3041 Εἶπον
3751 2987 3881 3052 εὐαρίο

585 2891 732 2948 Filio
761 2893 1082 2964 procedere
1102 2898 1125 2944 ?
1146 2893 1216 2947 At
1238 2894 1414 2964 pauci
1439 2909 1686 2948 numero
1717 2910 1728 2946 z
1761 2894 1960 2965 plures
1992 2913 2128 2952 vero
2149 2899 2237 2952 di-

583 2997 711 3039 cere
772 2997 890 3038 non
924 2982 1336 3038 sustinuerunt
1371 2983 1674 3039 :dixerunt
1729 2985 1926 3040 Patres
1977 3003 2232 3058 quorum

580 3071 753 3129 facile
775 3087 1095 3127 numerum
1123 3073 1286 3127 ineas
1314 3088 1326 3127 :
1355 3073 1572 3128 etenim
1606 3080 1952 3130 sanctarum
1973 3078 2233 3148 synodo-

2348 3077 2536 3148 θμητοι
2563 3079 2778 3149 ιιατέρες
2825 3073 2952 3125 ἀλλὰ
2984 3071 3217 3126 συνόδων
3249 3076 3414 3146 ἁγίων
3445 3077 3759 3150 ψηφίσματα,
3794 3081 3882 3135 τοὺς

577 3179 713 3220 rum
731 3162 968 3219 decreta
994 3177 1094 3216 eos
1111 3166 1482 3232 respuerunt,
1505 3161 1607 3233 qui
1627 3167 1840 3232 praeter
1855 3163 2228 3220 Dominicam

2342 3167 2485 3238 παρὰ
2536 3169 2628 3221 τὴν
2683 3168 3000 3221 Δεσποτικὴν
3051 3169 3218 3234 φωνὴν
3278 3165 3540 3232 εἰπόντας,
3605 3165 3880 3238 ἁποπέμπονο

577 3269 785 3310 vocem
799 3251 1204 3308 locutiessent.
1222 3249 1518 3314 Dixerunt,
1537 3249 1737 3306 Patres
1757 3252 1887 3317 ;sed
1901 3253 2047 3324 quid
2070 3270 2225 3325 Opus

575 3343 899 3400 deillorum
921 3355 1196 3406 numero,
1211 3341 1312 3410 qui
1333 3339 1630 3404 dixerunt,
1649 3342 1862 3395 anxius
1881 3358 2222 3399 sermonem

575 3433 848 3488 trahere?
877 3433 991 3486 Nec
1019 3429 1065 3484 si
1097 3433 1368 3484 creatura
1401 3427 1679 3483 universa
1743 3445 1925 3484 unam
1958 3431 2223 3489 misisset

573 3537 800 3587 vocem,
841 3535 1020 3577 nemo
1064 3524 1263 3575 tamen
1295 3516 1628 3573 Conditoris
1652 3533 1722 3573 ac
1751 3519 1990 3590 Opiﬁcis
2015 3520 2218 3578 relicta

2338 3273 2442 3308 ται.
2489 3250 2644 3306 Εἶπον
2679 3257 2919 3326 Πατέρες,
2947 3251 3076 3303 ἀλλὰ
3125 3259 3176 3304 τί
3223 3273 3285 3325 με
3317 3250 3406 3306 δεῖ
3453 3257 3759 3330 μικρολογεῑν
3792 3258 3878 3326 περὶ

2335 3348 2421 3395 τόν
2464 3343 2681 3417 ἀριθμόν
2713 3351 2810 3393 τῶν
2842 3342 3131 3406 εἰπόντων;
3174 3339 3307 3394 Οὐδ’
3353 3342 3418 3395 ἂν
3469 3346 3498 3402 ἡ
3555 3351 3712 3404 κτίσις
3752 3343 3876 3415 ἀφῆκε

2334 3438 2480 3484 πᾶσα
2509 3439 2628 3504 μίαν
2668 3435 2856 3503 φωνὴν,
2908 3431 3151 3502 οὐμενοῦν
3199 3428 3378 3494 οὐδεὶς
3430 3442 3522 3485 τοῦ
3574 3435 3777 3488 Κτίστου
3809 3436 3874 3482 καὶ

2333 3529 2662 3596 Δημιουργοῦ
2714 3520 3011 3572 καταλιπὼν
3076 3525 3170 3578 τὴν
3245 3529 3644 3595 μυσταγωγίαν,
3694 3528 3769 3574 καὶ
3827 3523 3874 3570 τὰ

2138 3675 2366 3734 ΝΟΤίΕ.

2326 3827 2698 3884 confessione
2729 3841 2798 3882 ac
2826 3826 3059 3882 Maximi
3089 3825 3361 3900 ejusdem
3396 3829 3728 3885 auctoritate
3751 3828 3868 3883 facta

2324 3902 2467 3955 unio
2500 3901 2800 3954 Florentiae
2825 3905 2909 3952 est
2949 3917 2959 3956 :
2997 3900 3089 3952 cui
3120 3900 3343 3954 utinam
3367 3901 3717 3956 zizaniorum
3745 3906 3868 3953 sator

2321 3988 2652 4044 paucorum
2677 3971 3003 4044 pervicacia
3028 3986 3148 4044 non
3173 3971 3523 4044 obstitisset.
3555 3975 3614 4028 Et
3639 3971 3866 4044 quamvis

636 3829 749 3903 (t6)
779 3834 882 3903 Τοῦ
938 3824 1039 3901 γὰρ
1111 3825 1401 3903 φεύγοντος.
1464 3819 1668 3903 Reddo
1716 3840 1786 3903 ac
1829 3824 1875 3881 si
1941 3834 2096 3884 esset
2124 3845 2215 3902 φυ-

557 3897 1144 3975 yév'roéutitavt'icet,
1181 3898 1292 3975 qui
1336 3897 1618 3952 humanis
1666 3897 1846 3952 rebus
1896 3897 2210 3975 exemptus

557 3968 662 4032 est.
703 3973 907 4029 Metius
958 3971 1121 4054 Quart
1185 3968 1352 4054 enim
1381 3983 1536 4054 ‘reus
1591 3984 1710 4048 non
1758 3977 1873 4054 est,_
1901 3973 2019 4054 qui.
2061 3968 2208 4028 forte
2321 3971 3003 4054 paucorumpervicacia
3028 3986 3148 4050 non
3173 3971 3523 4054 obstitisset:
3555 3975 3614 4053 Et
3639 3971 3844 4054 quamn

555 4048 736 4104 aliam
781 4059 988 4100 vocem
1013 4040 1242 4097 habuit.
1274 4040 1442 4094 Ludit
1492 4055 1629 4120 vero
1681 4041 1810 4095 istis
1860 4040 2103 4120 l’lioti‘us
2137 4060 2206 4120 ac
2319 4040 2439 4120 non
2480 4040 2697 4097 desint—
2716 4041 3166 4120 ex_moder_nis,
3214 4042 3418 4120 etiam.
3471 4044 3577 4098 viri
3623 4040 3863 4120 catholici,

556 4116 958 4188 illudit,quasi
985 4115 1063 4168 illi
1084 4115 1358 4192 deessent
1383 4111 2028 4192 exempla_eorum,qui
2059 4115 2201 4192 vivis
2315 4118 2538 4192 quibus
2569 4129 2689 4169 non
2727 4113 2999 4192 Videatur
3036 4114 3164 4168 hth
3207 4113 3465 4192 epistola
3494 4130 3623 4192 esse
3651 4111 3862 4192 Maximi,

547 4184 825 4259 exempti,
871 4189 1166 4264 hmreseos
1209 4185 1477 4264 damna-ti
1533 4184 1829 4264 sunttubi
1873 4189 2201 4254 prresertim
2312 4184 2479 4264 quod
2509 4201 2810 4264 nUsquam
2851 4187 3082 4264 integra
3124 4191 3326 4264 exstet,
3373 4193 3479 4264 aut
3511 4187 3653 4264 inter
3679 4187 3864 4256 reliqua

541 4255 1034 4316 illorumheeresis
1052 4255 2199 4328 serperevidebantur,illorumqueauc-
2310 4255 2439 4328 ejus
2477 4255 2788 4328 Opuscula,
2826 4255 3212 4328 sedulorsatis
3257 4256 3532 4327 pluribus
3572 4255 3859 4312 Graeconim

541 4334 772 4388 toritate
799 4329 998 4383 lulciti.
1032 4330 1122 4382 Sic
1161 4327 1220 4379 in
1251 4341 1287 4379 v
1309 4327 1524 4396 synod.
1583 4325 1845 4398 damnati
1888 4325 2188 4397 Origenes,
2229 4392 2259 4398 _
2310 4325 2623 4383 Codicibus
2646 4328 2979 4398 descripta:
3004 4327 3187 4397 pluris
3215 4325 3418 4382 tamen
3452 4329 3594 4383 mihi
3621 4335 3701 4383 est
3726 4330 3859 4398 Meto:

538 4403 880 4460 Theodorus
906 4401 1216 4470 Mopsuet.‘
1249 4392 1358 4470 etc'.
1391 4403 1591 4470 totque
1645 4397 1761 4470 alii
1790 4392 2074 4470 deinceps
2133 4403 2190 4456 in
2227 4392 2269 4444 Π
2305 4392 3307 4470 οὴίιῐεΡδὶιιιιῐηᾳυθὶῖιοτέηιὶηοτυω
3325 4397 3860 4470 auctoritas,etquod

534 4493 606 4532 Vl.
629 4466 1140 4550 primariiordinis
1167 4466 1269 4550 viri
1296 4469 1619 4550 mnag‘nique
1645 4468 1953 4550 antistites.
2001 4466 2190 4542 Atque
2301 4474 2382 4527 ita
2414 4474 2553 4550 olim
2585 4466 2801 4550 graecis
2829 4470 3147 4550 sithabita,
3172 4485 3281 4550 nec
3310 4472 3511 4550 stylus
3538 4466 3856 4526 abhorreat:

533 4539 683 4605 adeo
708 4548 757 4602 si
791 4559 920 4600 vere
951 4549 1130 4614 caput
1190 4547 1249 4597 τῆ
1263 4560 1313 4614 ς,
1342 4539 1604 4614 θεολογίας
1634 4547 1777 4604 erat,
1826 4543 2026 4612 sicque
2076 4539 2186 4599 {m-
2300 4558 2408 4598 nec
2432 4545 2549 4599 alia
2579 4543 2753 4597 fuerit
2778 4557 2962 4597 causa
2979 4558 3084 4596 cur
3104 4539 3488 4614 desideretur
3501 4549 3643 4607 tota,
3662 4557 3757 4597 nec
3783 4556 3859 4595 ex-

531 4622 717 4690 probe
741 4612 1038 4675 adversus
1061 4616 1256 4690 ipsam
1284 4612 1654 4666 Dominicam
1683 4628 1887 4690 vocem
1919 4616 1953 4667 ii
1991 4617 2186 4670 Patres
2295 4620 2407 4690 stet
2453 4618 2511 4669 in
2544 4614 2851 4669 codicibus
2883 4613 3136 4690 Maximi,
3164 4629 3349 4690 quam
3384 4617 3552 4690 quod
3588 4617 3724 4690 forte
3749 4627 3857 4683 pro-

527 4684 589 4745 in
613 4709 681 4747 eo
713 4684 1322 4765 erraverunt,'mer_ito
1352 4684 1781 4765 compescendi.
1819 4690 2031 4765 erant:
2081 4703 2186 4765 pa-
2292 4685 2466 4765 lixior
2496 4693 2642 4765 erat,
2678 4692 2738 4739 ut
2768 4693 2906 4765 sunt
2937 4684 3138 4765 plures
3169 4684 3712 4765 llilaxiuii'epistolaa,
3740 4697 3855 4754 prte-

527 4763 728 4833 risque
762 4760 998 4836 sceleris
1026 4757 1107 4836 rei
1157 4756 1532 4836 videbantur,
1565 4755 1669 4825 qui
1694 4754 1785 4808 vel
1816 4756 1989 4836 ineis
2017 4754 2111 4836 vel
2123 4759 2180 4814 in
2291 4761 2490 4836 sertim
2531 4757 2906 4836 dogmaticae,
2939 4754 3007 4811 'et
3041 4756 3209 4836 quod
3241 4754 3854 4836 saepius’pluribu’sque

524 4826 730 4887 eorum
784 4832 1015 4902 scriptis
1074 4834 1238 4884 tanta
1268 4829 1642 4906 successione
1687 4842 1810 4880 rem
1835 4827 2178 4906 dissimula-
2289 4826 3850 4906 exs_criptum_il_ludexcerptumdeprocessioneSpiritus

521 4908 680 4957 runt.
717 4905 827 4958 Sed
861 4897 1026 4957 nulla
1047 4899 1343 4971 ejusmodi
1374 4899 1618 4968 querela
1643 4904 1786 4965 erat,
1813 4899 2003 4954 donec
2035 4902 2177 4956 Pho-
2287 4915 2354 4954 ex
2379 4897 2545 4955 Patre
2563 4907 2618 4955 et
2637 4899 2793 4971 Filio,
2812 4897 3657 4970 proquestioniscelebritate,
3678 4897 3848 4969 ipsum

523 4976 658 5034 tius,
704 4989 837 5027 eam
893 4970 1707 5043 discessionisoccasionem
1755 4971 1907 5034 fecit,
1960 4971 2175 5042 illoque
2283 4972 2482 5028 visum
2513 4978 2599 5026 est
2642 4970 2912 5026 sufﬁcere
2954 4971 3308 5043 ;quomodo
3344 4971 3632 5043 pleraque
3679 4975 3848 5043 aucto-

519 5046 687 5118 pejor
703 5044 1063 5119 _C_erularius.
1103 5046 1276 5112 Urget
1293 5042 1406 5119 hoc
1429 5046 1852 5119 argumentum
1887 5045 2172 5119 Georgius
2282 5058 2405 5119 ru__m
2424 5050 2793 5119 monumenta
2806 5042 3232 5119 desiderantur,
3252 5059 3505 5119 quorum
3521 5042 3844 5119 quandoque

514 5112 826 5173 Me'tochita
857 5131 928 5192 ex
951 5131 1126 5186 papae
1147 5115 1449 5192 synodica,
1481 5117 1554 5168 de
1577 5129 1699 5192 qua
1726 5114 2028 5192 consultus
2057 5117 2167 5192 Μει-
2277 5116 2436 5192 edita
2451 5112 3376 5192 suntelecta.Acceditaliasalios
3397 5112 3843 5192 Maximicodices

511 5191 711 5244 ximus
742 5183 1062 5258 confessor,
1087 5187 1165 5240 ad
1181 5183 1501 5258 Marinum_
1518 5183 1934 5258 presbyterum
1967 5187 2161 5256 Cypri,
2276 5185 2492 5241 habere
2506 5186 2787 5258 epistolas
2807 5202 2818 5241 :
2836 5187 2984 5240 alias
2999 5185 3379 5254 regios,alias
3396 5183 3842 5248 vaticanos,alias

510 5257 904 5332 exposuitque
932 5271 1176 5336 sensum
1209 5255 1530 5339 illius-nihil
1553 5256 1684 5310 tidei
1705 5255 2166 5339 adversumhut
2277 5255 2662 5339 Florentinos,
2693 5266 2906 5339 printer
2935 5273 3059 5322 eas,
3084 5273 3237 5339 quas
3268 5273 3480 5339 eorum
3506 5259 3840 5339 aliquiﬂcor‘n-

506 5350 542 5389 a
574 5325 909 5389 Graecorum
932 5329 1066 5398 ipso
1093 5343 1291 5401 se_nsu,
1319 5327 1680 5398 aliterquam
1701 5329 1757 5401 in
1780 5328 2160 5401 modorsigni-
2274 5345 2478 5401 munes
2493 5325 2744 5385 habent:
2767 5329 2988 5401 quibus
3003 5325 3286 5401 omnibus
3304 5327 3480 5383 ditari
3496 5325 3663 5384 velim
3680 5325 3841 5382 Eccle-

502 5403 742 5469 licendi,
775 5401 1102 5455 diversum.
1134 5399 1264 5452 Jam
1295 5403 1413 5452 tum
1430 5414 1572 5469 ergo
1596 5400 1853 5454 Ecclesia
1878 5399 2159 5456 CPlitana

501 5477 774 5533 Ecclesiae
807 5475 1089 5543 Romanas
1120 5469 1608 5543 communionem
1641 5487 1761 5526 non
1807 5472 2150 5543 respuebat,

499 5565 636 5605 cum
677 5546 780 5602 illa
818 5560 890 5601 ex
948 5542 1089 5599 Filio
1147 5539 1426 5612 Spiritum
1459 5542 1856 5612 proﬁteretur,
1907 5539 2033 5599 non
2083 5560 2151 5601 ex

496 5621 626 5678 solo
643 5619 831 5683 Patre,
853 5628 1162 5686 unumque
1185 5611 1399 5667 ambos
1420 5611 1780 5684 spiratorem
1805 5621 1862 5671 et
1886 5630 2143 5672 causam

493 5709 601 5754 seu
622 5699 924 5750 auctorem
950 5688 1200 5761 Spiritus
1241 5690 1590 5754 agnosceret
1634 5703 1646 5744 :
1690 5686 1796 5742 sed
1853 5702 1976 5759 qua
2005 5689 2144 5761 ipsa

2269 5400 2419 5473 siam
2442 5417 2456 5468 ;
2479 5401 2759 5473 pigetque
2781 5400 2944 5473 tanto
2970 5400 3168 5456 labore
3184 5402 3491 5473 quaesitas,
3518 5407 3836 5468 tantumque

2265 5470 2325 5526 in
2358 5470 2972 5528 rem—Ecclesiasticam
2998 5470 3300 5528 commodi
3317 5470 3835 5526 allaturasetorna-

2261 5544 2468 5610 menti,
2502 5546 2760 5600 necdum
2786 5543 3022 5600 licuisse
3046 5544 3220 5614 juris,
3245 5541 3472 5614 publici
3513 5542 3699 5599 facere
3747 5553 3834 5611 per

2259 5616 2530 5688 temporis
2545 5617 2624 5686 inj
2635 5619 2838 5686 uriam,
2855 5613 3185 5690 eorumque
3201 5613 3510 5673 fastidium
3526 5615 3631 5690 qui
3639 5615 3660 5686 j
3671 5623 3831 5669 uvam

2256 5702 2441 5761 opera
2478 5692 2771 5761 poterant.
