4088 6214
557 265 662 322 819
1791 261 1883 318 PH
1892 261 2215 363 OTII‘PAT,

2323 260 2552 319 ιΒΟΗᾹῖ,
2590 258 2697 318 CP.
3778 266 3861 322 εν)

559 391 817 459 nositur,
852 388 1130 463 Spiritum
1162 394 1436 449 sanctum
1466 404 1502 447 a
1542 390 1734 456 Patre,
1766 392 1824 447 et
1851 404 1974 447 non
2006 405 2044 448 a
2072 388 2212 447 Filio

2325 390 2456 442 θειον
2517 385 2826 463 ἀντέγραψε,
2883 396 3057 462 σαφῶς
3106 408 3161 443 τε
3217 393 3302 443 καὶ
3353 397 3646 466 περιφανῶς
3687 395 3865 463 φαίνεται

559 481 907 557 procedere.

632 662 808 719 XXV.
825 660 977 717 Illud
990 659 1167 717 etiam
1180 658 1345 715 haud
1372 657 1515 714 mihi
1537 657 1770 714 videtur
1793 657 2210 723 omittendum,

561 757 619 812 et
633 753 681 809 si
696 750 973 808 omnibus
984 765 1092 821 pro
1113 748 1394 821 temporis
1411 763 1602 820 nuper
1616 747 1869 820 propinq
1881 747 2060 804 uitate
2076 763 2216 803 con-

562 843 837 917 spicuum
878 857 893 909 ;
934 839 1037 911 qui
1077 838 1297 895 nostris
1342 837 1708 910 temporibus
1746 837 1945 908 legati,
1987 837 2213 894 nedum

563 931 764 998 semel,
794 929 896 985 sed
919 933 973 985 et
998 927 1168 984 tertio
1187 944 1259 983 ex
1281 928 1512 983 seniore
1532 928 1721 984 Roma
1738 930 2048 995 venerunt,
2073 943 2212 984 cum

562 1023 636 1078 de
656 1020 795 1085 ﬁde,
820 1025 883 1076 ut
908 1035 1018 1091 par
1036 1023 1143 1084 est,
1166 1034 1287 1074 non
1311 1034 1448 1074 cum
1476 1018 1591 1074 illis
1624 1033 1971 1075 sermonum
2002 1022 2215 1075 contu-

559 1111 863 1173 lissemus,
892 1107 930 1164 ii
961 1108 1107 1164 nihil
1137 1107 1436 1164 diversum
1463 1113 1640 1164 autve
1665 1107 1979 1164 dissonum
2007 1124 2042 1164 a
2072 1107 2210 1175 ﬁde,

562 1215 699 1274 quae
717 1214 821 1272 per
844 1213 1087 1255 omnem
1112 1201 1402 1254 terrarum
1426 1196 1633 1253 orbem
1660 1197 1958 1270 explicata
1979 1201 2088 1264 est,
2112 1202 2215 1255 aut

562 1289 859 1353 dixerunt,
906 1292 1009 1343 aut
1055 1286 1270 1343 sentire
1313 1286 1665 1359 deprehensi
1712 1292 1849 1343 sunt
1888 1305 1902 1343 :
1944 1287 2213 1360 quinimo

566 1378 723 1436 clare
746 1377 1063 1433 nobiscum
1081 1376 1351 1448 citraque
1365 1391 1609 1432 omnem
1632 1376 1667 1431 d
1679 1375 2068 1433 ubitationem
2085 1376 2213 1449 Spi-

561 1469 743 1526 ritum
760 1468 1037 1524 ~sanctum
1062 1482 1133 1523 ex
1166 1465 1330 1522 Patre
1360 1466 1681 1538 procedere
1706 1464 2204 1538 praedicaverunt.

567 1556 717 1626 Quin
731 1560 997 1613 etcoacta
1013 1554 1248 1628 synodo
1264 1554 1666 1627 quorumdam
1684 1553 2213 1611 ecclesiasticarum

566 1645 832 1718 capitum
848 1659 1053 1713 causa,
1067 1644 1171 1716 qui
1185 1643 1325 1699 inde
1343 1642 1508 1699 missi
1521 1642 1754 1700 fuerant
1770 1643 1954 1700 sancti
1966 1645 2213 1700 Joannis

2322 480 2380 530 τὸ
2425 482 2635 549 Πνεῦμα
2662 481 2720 530 τό
2758 477 2907 550 ἅγιον
2941 487 3137 552 φρονῶν
3178 476 3233 531 ix
3278 487 3368 533 τοῦ
3399 483 3629 556 Πατρός,
3678 479 3769 532 ἀλλ’
3802 482 3867 534 οὐκ

2323 566 2380 619 ἐκ
2405 574 2498 619 τοῦ
2524 570 2648 621 Υἱοῦ
2679 566 3070 642 ἐκπορεύεσθαι.

2396 655 2513 711 [ιε’.
2544 656 2655 709 Ούκ
2681 655 2850 709 ἐάσειν
2879 676 2970 730 μοι
3015 653 3178 724 δοκῶ,
3234 659 3329 711 κᾶν
3380 656 3500 711 ἐστι
3549 663 3703 710 πᾶσιν
3737 658 3785 711 ἐκ
3806 667 3871 712 τοῦ

2320 749 2518 820 χρόνου
2561 747 2789 818 ύπόγυον
2844 749 3136 820 περιφανὲς,
3191 751 3308 809 τούς
3354 746 3400 800 ἐν
3468 755 3583 809 τοῖς
3628 748 3736 801 καθ’
3772 750 3875 819 ἡμᾶς

2321 840 2538 909 χρόνοις
2583 833 2820 910 πρέσϐεις
2868 835 2927 888 ού
2984 840 3137 909 μόνον
3190 835 3349 905 ἅπαξ,
3402 835 3540 889 ἀλλὰ
3602 840 3689 889 καὶ
3744 843 3876 909 τρίτοι

2320 932 2417 985 τῆς
2490 924 2848 1001 πρεσϐυτέρας
2898 925 3099 991 Ῥώμης
3183 923 3583 1001 ἀναδραμόντας
3614 944 3627 957 ·
3685 930 3729 978 οἱ
3789 934 3878 1000 περὶ

2319 1022 2415 1076 τῆς
2457 1014 2719 1076 εύσεϐείας
2780 1012 2866 1068 οἶα
2917 1017 3051 1077 εἰκὸς
3101 1016 3246 1089 ἡμων
3302 1019 3432 1088 πρὸς
3487 1015 3678 1078 αύτούς
3735 1013 3880 1087 λόγους

2322 1101 2764 1172 ἀνακινησάντων,
2807 1100 2957 1157 οὐδὲν
3015 1104 3439 1178 παρηλλαγμένον
3470 1112 3567 1165 τῆς
3617 1103 3709 1156 ἀνὰ
3744 1110 3880 1157 πᾶσαν

2320 1197 2409 1252 τὴν
2465 1193 2770 1266 οἰκουμένην
2818 1192 3178 1268 ἑξηπλωμένης
3241 1192 3525 1260 εὐσεϐείας,
3593 1196 3708 1246 οὔτε
3752 1189 3880 1259 εἶπεν,

2321 1286 2439 1336 οὔτε
2480 1290 2782 1357 φρονοῦντες
2827 1283 3167 1356 ἠλέγχθησαν
3193 1305 3207 1318 ·
3257 1283 3560 1337 τούναντίον
3606 1280 3685 1353 δὲ,
3727 1291 3885 1356 τρανῶς

2321 1372 2435 1445 μεθ’
2485 1374 2629 1444 ἡμῶν
2672 1376 2761 1425 καὶ
2800 1369 3139 1434 ἀδιστάκτως
3191 1375 3250 1425 τό
3296 1379 3510 1445 Πνεῦμα
3560 1376 3619 1424 τό
3670 1371 3800 1442 ἅγιον
3843 1369 3884 1423 ἐκ

2321 1468 2414 1514 τοῦ
2482 1464 2685 1537 Πατρός
2753 1460 3069 1535 ἀνεκήρυξαν
3131 1460 3526 1535 ἕκπορεύεσθαι.
3612 1460 3757 1515 Ἀλλὰ
3805 1462 3883 1534 γὰρ

2321 1556 2412 1604 καὶ
2469 1547 2695 1604 συνόδου
2745 1552 3201 1625 συγκροτηθείσης
3241 1551 3325 1604 ἐπί
3374 1570 3520 1603 τισιν
3560 1549 3886 1607 ἐκκλησιαστι-

2322 1646 2431 1700 κοίς
2508 1640 2822 1713 κεφαλαίοις,
2878 1642 2926 1693 οἱ
3001 1638 3190 1693 ἐκεῖθεν
3269 1638 3650 1712 ἀπεσταλμένοι
3720 1646 3798 1691 τοῦ
3847 1637 3883 1689 ἐν

564 1750 739 1807 ριψω
770 1732 995 1798 vicarii,
1028 1737 1316 1805 tanquam
1348 1732 1446 1789 illo
1477 1732 1608 1805 ipso
1646 1738 1958 1806 praesente,
1991 1748 2061 1789 ac
2096 1749 2215 1790 una

2323 1729 2496 1799 ἁγίοις
2525 1730 2762 1785 Ἰωάννου
2804 1731 2954 1782 πάπα
2990 1734 3362 1803 τοποτηρηταὶ,
3408 1733 3483 1791 ὡς
3534 1729 3689 1781 αὑτοῦ
3735 1732 3886 1797 παρόν-

565 1823 885 1881 nobiscum
915 1825 1141 1879 rectam
1171 1822 1246 1878 de
1296 1822 1570 1879 Trinitate
1598 1822 1949 1878 sententiam
1981 1822 2212 1889 edente,

563 1912 703 1968 ﬁdei
727 1910 1093 1984 symbolum,
1116 1911 1280 1984 quod
1302 1911 1561 1968 omnium
1586 1911 2014 1968 universalium
2037 1928 2218 1984 syno-

567 2001 779 2057 dorum
811 1999 1062 2069 calculo,
1114 2004 1514 2055 consentanee
1557 2000 1687 2056 voci
1721 2000 2041 2056 Dominicaa
2090 2004 2213 2057 tum

565 2089 943 2163 praedicatur,
973 2093 1101 2145 tum
1125 2089 1303 2159 viget,
1339 2093 1628 2162 tanquam
1657 2089 1870 2146 eodem
1901 2090 2017 2162 ipsi
2038 2106 2217 2146 sensu

566 2178 898 2251 eademque
936 2178 1249 2243 sententia,
1274 2194 1421 2234 voce
1453 2178 1669 2249 pariter
1720 2182 1775 2235 et
1806 2177 2032 2249 lingua,
2081 2195 2214 2253 pro-

562 2268 832 2342 priaeque
865 2284 1080 2324 manus
1109 2267 1565 2339 subscriptione,
1596 2266 2000 2325 ﬁrmaverunt.

638 2357 820 2415 XXVI.
855 2357 991 2413 Haec
1020 2373 1156 2412 cum
1182 2355 1263 2413 ita
1294 2372 1356 2412 se
1386 2356 1670 2423 habeant,
1704 2361 1760 2412 et
1801 2360 2070 2415 Romana
2115 2361 2220 2414 Ec-

566 2446 747 2503 clesia
759 2461 880 2502 uno
901 2462 1026 2502 cum
1042 2444 1171 2501 aliis
1183 2450 1439 2518 quatuor
1463 2445 1953 2516 patriarchalibus
1977 2447 2217 2504 sedibus

568 2535 781 2592 eadem
795 2534 1026 2599 sentiat,
1042 2535 1242 2606 eisque
1259 2549 1506 2590 concors
1520 2534 1784 2599 exsistat,
1798 2537 2104 2609 quomodo
2116 2539 2218 2609 qui

571 2624 866 2681 Chamum
897 2623 1270 2690 mmulentur,
1304 2625 1538 2678 Patrum
1570 2639 1821 2680 suorum
1854 2625 1939 2697 (ut
1980 2628 2216 2699 vocant)

570 2711 1003 2786 turpitudinem
1033 2711 1307 2783 detegere
1343 2727 1468 2767 non
1499 2722 1791 2780 verentur,
1824 2716 2217 2787 omniumque

567 2798 758 2856 oculis
786 2797 955 2870 ipsos
980 2796 1265 2854 ridendos
1278 2812 1576 2869 exponere
1589 2797 1617 2853 7
1640 2798 1896 2855 Decebat
1911 2801 2070 2856 enim
2089 2817 2215 2869 eos,

569 2887 869 2961 siquidem
900 2886 1141 2944 Patrum
1169 2891 1448 2959 quaerunt
1476 2902 1672 2956 voces,
1699 2887 1771 2943 ad
1803 2890 2089 2961 synodica
2117 2890 2214 2946 de-

566 2982 726 3035 creta
754 2992 1057 3033 recurrere
1080 2993 1102 3042 ;
1127 2975 1206 3033 ad
1237 2979 1643 3033 Romanorum
1674 2979 2001 3035 antistitum
2040 2996 2216 3037 voces

2321 1839 2410 1881 τος
2449 1821 2641 1871 ἐκείνου
2688 1825 2775 1872 καὶ
2830 1818 3291 1890 συνθεολογοῦντος
3338 1821 3467 1891 ἡμῖν
3510 1823 3607 1877 τὴν
3645 1816 3881 1881 εὐσέϐειαν,

2321 1915 2394 1978 τῷ
2427 1906 2671 1980 συμϐόλῳ
2716 1915 2809 1970 τῆς
2860 1913 3079 1969 πίστεως
3127 1917 3200 1980 τῷ
3231 1905 3326 1961 διὰ
3372 1916 3562 1961 πασῶν
3612 1915 3707 1960 τῶν
3745 1906 3884 1958 οἰκον-

2321 2006 2540 2069 μενικῶν
2607 1993 2842 2050 συνόδων
2908 1998 3044 2049 κατά
3098 2002 3192 2056 τήν
3246 2002 3573 2056 Δεσποτικήν
3625 2000 3780 2070 φωνὴν
3815 1998 3883 2046 καὶ

2321 2090 2699 2161 κηρυσσομένῳ
2760 2090 2850 2138 καὶ
2915 2090 3297 2160 κρατυνομὲνῳ,
3361 2089 3432 2149 ὡς
3486 2089 3772 2159 ὁμόφρονες,
3813 2086 3881 2133 καὶ

2324 2182 2461 2248 φωνῇ
2507 2180 2597 2228 καὶ
2638 2175 2878 2248 γλώσσῃ,
2927 2180 3017 2227 καὶ
3076 2172 3349 2250 ἰδιοχείρῳ
3407 2184 3588 2251 γραφῇ
3628 2176 3880 2230 καθυπεση·

2324 2269 2551 2339 μήναντο
2561 2306 2573 2318 .

2399 2354 2544 2438 Χς.
2590 2355 2795 2406 Τούτων
2850 2353 3009 2416 οὕτως
3057 2352 3303 2427 ἐχόντων,
3352 2362 3449 2416 τῆς
3493 2353 3768 2426 Ῥωμαῖκῆς
3796 2352 3881 2405 Ἐκ·

2324 2443 2547 2506 κλησὶας
2593 2450 2704 2506 τοῖς
2742 2443 2915 2505 ἄλλοις
2960 2448 3246 2519 τέσσαρσιν
3290 2443 3685 2517 ἀρχιερατικοίς
3724 2444 3882 2516 Θρόνοις

2325 2535 2592 2606 ὁμοφώνου
2652 2552 2704 2586 τε
2751 2538 2842 2586 καὶ
2894 2530 3152 2606 ὁμοδόξου
3204 2534 3570 2599 καθεστώσης,
3598 2541 3704 2595 πῶς
3743 2530 3785 2583 οἱ
3814 2535 3883 2581 τοῦ

2321 2624 2439 2694 Χάμ
2491 2625 2742 2694 μιμηταὶ,
2800 2630 2899 2674 τῶν
2954 2626 3192 2697 Πατέρων
3247 2621 3442 2687 αὐτῶν,
3497 2623 3568 2683 ὥς
3632 2639 3766 2693 φασι,
3809 2621 3879 2674 τὶν

2324 2710 2710 2784 ἀσχημοσύνην
2768 2710 2861 2763 ούκ
2917 2710 3227 2784 ἐρυθριῶσιν
3276 2710 3673 2778 ἀνακαλύπτειν,
3717 2713 3795 2760 καὶ
3834 2704 3884 2757 εἰς

2321 2800 2517 2873 χλεύην
2566 2806 2702 2853 πᾶσι
2748 2801 3098 2873 προτιθέναι;
3143 2798 3344 2875 Ἐχρῆν
3383 2802 3489 2874 γάρ
3531 2800 3712 2861 αύτούς
3738 2798 3775 2852 εἰ
3814 2800 3881 2858 ζη-

2321 2897 2474 2942 τοῦσι
2516 2892 2756 2963 Πατίρων
2786 2892 2974 2961 φωνὰς,
3024 2892 3152 2961 πρὸς
3202 2892 3297 2950 τάς
3364 2886 3648 2950 συνοδικάς
3699 2880 3883 2958 ἀναδρα-

2323 2987 2434 3052 μεῖν
2489 2979 2697 3052 ψήφους
2727 2999 2739 3012 ι
2788 2980 2913 3053 πρὸς
2966 2981 3059 3040 τὰς
3104 2986 3204 3031 τῶν
3260 2976 3551 3053 ἀρχιερέων
3606 2985 3691 3038 τῆς
3725 2975 3881 3046 Ῥώμης

566 3071 827 3125 mentem
854 3065 1160 3123 intendere
1194 3088 1207 3132 ;
1259 3064 1337 3122 ad
1363 3065 1726 3139 reliquorum
1765 3073 2038 3124 sanctum
2071 3068 2215 3126 divi-

2324 3068 2493 3143 φωνάς
2544 3066 2925 3122 ἀπευθύνεσθαι
2958 3089 2970 3102 ·
3026 3072 3158 3142 πρὸς
3208 3077 3309 3121 τῶν
3382 3067 3552 3121 ἄλλων
3627 3067 3772 3139 ἁγίων
3813 3065 3882 3114 καὶ

564 3172 900 3230 norumque
937 3156 1175 3213 Patrum
1207 3154 1454 3212 chorum
1495 3156 1816 3228 confugere
1846 3177 1862 3230 ;
1890 3174 2013 3215 non
2040 3160 2219 3217 simul

563 3246 864 3321 quosdam
894 3247 1095 3305 Patres
1124 3245 1337 3312 facere,
1370 3246 1702 3318 acerbeque
1727 3246 1859 3304 illos
1888 3248 2215 3318 criminari,

567 3340 860 3409 tanquam
881 3335 1168 3393 adversus
1185 3351 1570 3392 communem
1585 3335 1909 3392 Dominum
1926 3338 2216 3395 cervicem

567 3424 987 3491 exsererint,ac
1008 3428 1127 3480 tum
1150 3424 1308 3479 velut
1329 3424 1549 3495 stylum
1576 3440 1646 3480 ac
1675 3424 1934 3481 indicem
1957 3427 2217 3499 ﬁdeique

566 3512 839 3583 regulam
887 3528 989 3568 eos
1020 3511 1320 3568 adhibere.
1364 3512 1473 3568 Sed
1503 3517 1559 3568 et
1597 3512 1741 3568 illud
1772 3529 1875 3570 eos
1912 3516 2219 3573 advertere

570 3601 841 3667 decebat,
866 3600 1043 3673 longe
1065 3615 1127 3657 se
1139 3600 1641 3673 gravioreinjuria
1663 3601 1919 3671 aﬁicere,
1934 3622 2087 3679 quos
2113 3610 2218 3663 Do-

569 3689 736 3748 mino
776 3690 1155 3746 adversantes
1185 3688 1492 3762 objiciant,
1520 3706 1643 3747 non
1676 3692 1966 3750 honorem
1996 3695 2219 3752 habere

569 3794 725 3853 quos
756 3782 996 3835 Patrum
1023 3777 1189 3836 titulo
1220 3784 1497 3849 augeant.
1532 3781 1848 3839 Enimvero
1872 3783 1962 3841 vel
1994 3784 2041 3841 si
2074 3786 2219 3843 nihil

569 3869 684 3926 illis
710 3885 866 3926 curse
892 3868 1238 3926 estPatrum
1262 3869 1500 3941 injuria,
1530 3870 1797 3929 timenda
1817 3879 2014 3931 tamen
2038 3880 2218 3950 atque

568 3960 853 4028 verenda,
885 3959 939 4015 ei
983 3962 1087 4035 qui
1126 3959 1355 4032 primus
1385 3959 1686 4032 parricida
1725 3962 1831 4018 fuit
1862 3980 1931 4020 ac
1980 3965 2217 4023 sceleris

570 4054 799 4117 auctor,
827 4048 1053 4105 inﬂicta
1080 4048 1181 4105 Dei
1202 4047 1428 4105 calculo
1454 4052 1779 4107 exsecratio
1805 4068 1876 4109 ac
1906 4056 2217 4126 sententia,

569 4156 679 4198 nec
693 4138 1107 4197 aemulandum
1122 4137 1506 4196 maledictum
1520 4144 1719 4213 caput,
1734 4148 1837 4198 aut
1850 4145 2041 4214 magis
2053 4146 2217 4201 dete-

571 4229 858 4302 gendum,
887 4228 991 4285 sed
1016 4226 1446 4300 obtegendum,
1471 4228 1519 4284 si
1539 4228 1687 4302 quid
1716 4231 1777 4286 in
1799 4232 1922 4287 suis
1947 4234 2218 4291 Patribus

566 4324 740 4391 turpe
765 4317 1292 4391 deprehendissent
1316 4321 1495 4390 atque
1520 4319 1860 4375 verendum.

638 4407 844 4465 XXVII.
887 4408 1119 4464 Utinam
1166 4421 1308 4461 vero
1356 4421 1533 4461 nemo
1586 4407 1677 4463 vel
1729 4408 1887 4465 illius
1940 4411 2220 4469 facinoris

567 4497 823 4556 aemulus
847 4496 1116 4562 exsistat,
1135 4495 1223 4551 vel
1246 4511 1384 4551 reus
1413 4494 1847 4553 maledictionis
1879 4515 1891 4554 :
1920 4501 2068 4573 quin
2089 4518 2222 4574 pro-

568 4589 744 4661 pitius
772 4588 845 4644 sit
876 4586 1139 4643 Christus
1161 4584 1317 4639 Deus
1338 4590 1562 4652 noster,
1594 4584 1708 4650 his,
1735 4587 1956 4659 quibus
1980 4590 2222 4661 parrici-

568 4678 783 4735 darum
806 4678 906 4736 illa
927 4674 1146 4750 injuria
1167 4674 1456 4746 obrepsit,
1490 4679 1545 4732 et
1575 4675 1677 4748 qui
1711 4675 2002 4733 adversus
2031 4679 2221 4752 ipsius

564 4765 759 4838 legem
788 4781 1123 4841 vocemque
1145 4764 1597 4822 insurrexerunt
1626 4780 1641 4821 :
1674 4764 2067 4841 clementique
2113 4786 2225 4827 sua

2329 3161 2577 3233 θεοφόρων
2639 3160 2784 3229 ἡμῶν
2843 3161 3083 3231 Πατάρων
3133 3161 3221 3210 τόν
3300 3162 3468 3233 χορὸν
3548 3157 3877 3229 καταφεύγειν

2327 3246 2454 3300 ἀλλά
2498 3251 2566 3319 μὴ
2617 3246 2728 3318 ἅμα
2782 3265 2836 3300 τε
2882 3249 3023 3308 τινάς
3078 3250 3311 3320 Πατέρας
3365 3255 3558 3316 ποιεῖν,
3602 3250 3685 3298 καὶ
3720 3247 3879 3313 πικρῶς

2323 3339 2539 3399 τούτους
2570 3332 2938 3401 ἕνδιαϐάλλειν,
2973 3331 3068 3388 διὰ
3110 3343 3207 3398 τῆς
3245 3338 3382 3389 κατά
3412 3344 3507 3389 τοῦ
3536 3339 3702 3388 κοινοῦ
3728 3331 3880 3385 Aron-6-

2325 3433 2417 3479 τοῦ
2465 3426 2884 3491 ἐπαναστάσεως,
2944 3421 3051 3477 εἶτα
3096 3427 3303 3486 τούτοις
3364 3425 3525 3479 πάλιν
3579 3427 3642 3485 ὡς
3695 3428 3879 3495 γνώμανι

2325 3518 2416 3566 καὶ
2462 3518 2637 3566 κανόνι
2679 3523 2770 3575 τῆς
2825 3518 3050 3576 πίστεως
3103 3516 3368 3588 χρῆσθαι.
3418 3510 3577 3571 ’Ἔδει
3628 3509 3682 3566 δὲ
3733 3509 3879 3564 αὐτούς

2326 3608 2414 3656 καὶ
2468 3610 2621 3656 τοῦτο
2689 3609 2932 3676 συνορᾷν,
2988 3604 3058 3665 ὡς
3114 3604 3243 3657 πολύ
3292 3603 3487 3676 μᾶλλον
3548 3599 3875 3674 ἒξυϐρὶξουσιν,

2327 3691 2414 3753 ούς
2496 3693 2685 3754 αύτούς
2781 3695 2916 3744 κατὰ
2999 3700 3091 3746 τοῦ
3166 3698 3442 3746 Λεσπότου
3521 3691 3878 3767 προκοπίζουσῑν

2325 3780 2433 3835 ἀλλ’
2492 3786 2619 3854 ούχὶ
2665 3789 2887 3855 τιμῶσιν
2926 3780 3017 3843 οὓς
3058 3786 3290 3856 Πατέρας
3342 3781 3726 3856 ἐπιγραφονται.
3774 3768 3877 3828 Ἀλλ’

2327 3871 2370 3924 εἰ
2426 3876 2514 3924 καὶ
2568 3867 2734 3943 μηδὲν
2787 3871 2960 3935 αὐτοῖς
3016 3880 3109 3934 τῆς
3180 3878 3450 3945 Πατρικῆς
3517 3869 3696 3944 ὕϐρεως
3752 3862 3875 3936 (sibi,

2327 3959 2491 4034 ἔχρῆν
2513 3960 2650 4032 ὅμως
2691 3957 2921 4013 δεδιέναι
2945 3979 2999 4014 τε
3028 3966 3118 4013 καὶ
3148 3956 3547 4014 διευλαϐεῖσθαι
3570 3962 3659 4016 τήν
3698 3960 3775 4008 τοῦ
3808 3967 3878 4001 κα-

2326 4049 2609 4125 τάρξαντος
2651 4057 2742 4111 τῆς
2791 4048 3106 4124 πατραλοίας
3158 4049 3275 4122 (18]
3308 4051 3481 4102 θεόθεν
3538 4046 3876 4115 ἐπενηνεγμένην

2327 4136 2456 4212 ἀρὰν
2476 4143 2565 4191 καὶ
2597 4137 2789 4211 ψῆφον,
2822 4144 2909 4192 καὶ
2938 4136 3196 4211 μηδαμῶς
3226 4142 3313 4192 τὸν
3344 4136 3600 4213 ἐπάρατον
3627 4131 3873 4209 μιμεῖσθαι,

2326 4224 2456 4301 μηδ’
2498 4226 2869 4281 ἀνακαλύπτειν
2928 4228 3142 4301 μᾶλλον,
3201 4226 3308 4279 ἀλλ’
3353 4225 3728 4287 ἑπικαλύπτειν,
3768 4218 3875 4289 itm

2328 4336 2378 4370 τι
2404 4324 2514 4378 τοῖς
2542 4316 2710 4369 αύτῶν
2742 4319 3010 4392 Πατράσιν
3033 4317 3202 4390 ἑώρων
3233 4314 3710 4389 ἀσχημονούμενον.

2401 4408 2519 4459 ΚΖ’.
2553 4404 2693 4461 Ἀλλ’
2741 4408 2840 4459 εἴθε
2886 4410 2990 4478 εἴγε
3033 4402 3223 4478 μηδεὶς
3273 4409 3351 4463 εἴη
3406 4410 3542 4478 μήτε
3594 4412 3681 4463 τῆς
3722 4398 3875 4451 ἐκεῖνον

2328 4495 2561 4570 πράξεως
2598 4500 2849 4568 μιμητὴς,
2900 4500 3029 4568 μήτε
3081 4497 3264 4567 ἔνοχος
3310 4502 3406 4556 τῆς
3445 4494 3577 4568 ἀρᾶς
3601 4514 3613 4526 ·
3645 4488 3744 4543 ἀλλ’
3764 4485 3876 4541 ἵλεως

2328 4588 2419 4655 μεν
2446 4588 2520 4643 εἴη
2568 4586 2789 4658 Χριστός
2837 4586 2862 4637 ὁ
2902 4588 3033 4646 Θεὸς
3058 4585 3226 4656 ἡμῶν,
3259 4590 3368 4647 τοῖς
3408 4603 3463 4637 τε
3493 4590 3554 4655 τῇ
3604 4588 3692 4634 τῶν
3719 4590 3874 4646 πατρα-

2330 4674 2482 4727 λοιῶν
2537 4676 2877 4747 ύποσυρεῐσιν
2930 4671 3097 4747 ὕϐρει,
3159 4677 3249 4727 καὶ
3324 4681 3436 4736 τοῖς
3515 4667 3875 4733 κατεξαναστᾶσι

2332 4780 2427 4833 τῆς
2474 4772 2633 4824 αὑτοῦ
2682 4772 2994 4844 νομοθεσίας
3036 4775 3126 4823 καὶ
3181 4779 3370 4845 φωνῆς’
3421 4776 3511 4825 καὶ
3560 4767 3873 4842 φιλανθρώπως

2128 4894 2366 4953 ΝΟΤιΕ.

797 4988 918 5070 Τοῦ.
951 4989 1296 5070 καταρξαντος
1326 4995 1454 5070 ’τῆς
1518 4988 1856 5070 πατραλοίας.
1925 4989 2123 5060 Longe
2180 5007 2219 5070 β

566 5059 997 5134 Photiiverbis
1027 5059 1092 5118 et'
1112 5077 1291 5117 sensu
1321 5060 1545 5131 Metius,
1579 5059 1684 5133 q'uz'
1711 5062 1989 5134 adversus
2022 5064 2214 5134 parri-

567 5130 909 5215 cidasillan}
927 5135 1351 5215 promulgaqit.
1371 5136 1495 5189 Non
1521 5130 1899 5215 promulgata
1920 5130 2093 5215 quasi
2116 5151 2215 5215 ge-

563 5203 806 5260 neratim
882 5202 943 5257 in
1022 5202 1353 5272 parricidas
1427 5202 1787 5274 maledictio,
1865 5202 1966 5260 sed
2047 5202 2214 5260 θεόθεν

565 5277 889 5351 ἐνηνεγμξνη,
937 5288 973 5351 a
1003 5274 1121 5351 Deo
1164 5275 1329 5351 illata
1360 5275 1416 5332 in
1461 5281 1665 5351 caput,
1699 5276 1862 5351 quod
1912 5278 2040 5347 ejus
2070 5295 2206 5351 auc-

563 5351 656 5406 tor
683 5343 918 5421 sceleris
939 5343 1237 5421 fo_ret,_sua
1260 5347 1359 5401 illa
1374 5343 1629 5421 paterna
1657 5343 1928 5404 irrisione
1943 5343 1966 5404 ἐ
1989 5364 2025 5405 a
2041 5349 2212 5421 cujus

564 5418 838 5491 exemplo
852 5414 1079 5472 insulse
1093 5415 1343 5473 deterret
1358 5414 1479 5483 eos,
1495 5421 1597 5490 qui
1612 5420 1985 5477 Dominicam
2002 5414 2209 5478 vocem

560 5508 635 5551 ex
672 5494 924 5566 Patrum
960 5502 1158 5566 sensu
1209 5494 1389 5558 atque
1441 5491 1689 5566 vocibus
1736 5494 2208 5566 interpretentur,

560 5580 684 5640 non
710 5562 814 5640 qui
845 5559 926 5618 illi
960 5559 1164 5640 Patres
1196 5567 1505 5640 apponant
1534 5578 1546 5616 :
1579 5564 1692 5619 nisi
1723 5572 1806 5620 est
1834 5559 1997 5640 idem
2012 5559 2209 5640 phardo

559 5630 794 5699 homini
822 5649 893 5694 ac
926 5631 1104 5707 plane
1136 5630 1313 5719 caeco,
1345 5630 1695 5717 divinarum.
1717 5651 1934 5695 vocum
1963 5637 2206 5696 divinus

2326 4993 2691 5066 interpres,et
2705 4995 2774 5049 ad
2786 4993 3080 5066 versarius
3097 4992 3507 5066 malignusque
3519 4985 3865 5066 calumniatoff

2325 5081 2395 5120 ac
2407 5054 2864 5137 deprav'atorAb
2881 5064 3010 5121 aliis
3030 5082 3092 5120 su
3103 5054 3482 5136 persEdeo,ne
3500 5054 3867 5137 virginsulmf

2324 5126 2546 5211 videar,
2564 5139 2681 5211 qui
2734 5139 2942 5211 magis
2970 5126 3365 5211 illustrissimo
3388 5126 3400 5134 ’
3428 5133 3721 5211 Annalium
3752 5126 3866 5211 Peli}

2322 5192 2786 5280 Grfeicm'li'ngum
2827 5192 3091 5280 notitiam
3121 5192 3377 5280 aliquam
3408 5202 3755 5280 optaverim,
3789 5192 3866 5280 βψ

2323 5279 2583 5353 melioris
2619 5273 2960 5353 interpretis
2979 5273 3262 5353 copiam'r:
3282 5273 3490 5353 qualis'
3501 5275 3736 5353 denique
3750 5273 3800 5353 ἐι
3820 5273 3863 5353 ιιι

2321 5349 2630 5407 Theodoro
2663 5345 2891 5407 Studita
2938 5345 3340 5407 fuit'Jacobu's
3372 5345 3709 5407 Sirmundus
3743 5345 3860 5461 ὁὲἔ·

2321 5428 2534 5461 νηηὶτνιρ
2588 5439 2655 5461 nn
2691 5422 2732 5461 ci
2758 5423 2854 5461 mli
2887 5421 3181 5461 oincmndi
3216 5423 3332 5461 uari
3366 5422 3691 5461 inim-nmina
3715 5415 3762 5461 et
3850 5430 3858 5439 ‘

2319 5428 2567 5496 καρίτης,
2586 5439 2657 5496 ac
2691 5422 2735 5477 si
2753 5423 2857 5496 qui
2887 5421 3183 5496 ejusmodi
3216 5423 3333 5478 veri
3364 5415 3858 5496 interpt‘tﬂfis,et

2318 5483 2648 5567 clésiastici,
2682 5483 3203 5552 rei'ecclesiasticee
3242 5509 3486 5567 operam
3518 5483 3861 5548 ecclesiastica

2316 5566 2613 5624 navarint.
