4088 6214
250 303 352 362 821
1502 301 2011 361 EPISTOLARUM
2051 303 2262 360 LIBER
2303 305 2370 359 II.
3513 311 3620 368 322

251 433 544 504 μεταγάγοι
613 437 702 482 τοῦ
778 429 1098 501 σφάλματος,
1168 433 1257 479 καὶ
1320 427 1667 500 καταλλαγείη
1750 438 1860 492 τοῖς

2003 431 2228 487 onitate
2260 447 2329 486 ac
2362 431 2767 490 misericordia
2797 433 2876 490 ab
2907 449 3103 490 errore
3132 433 3396 501 reducat,
3431 441 3486 493 et
3530 452 3617 493 re-

250 521 549 594 ὑϐρισταῖς,
608 523 696 571 καὶ
724 522 852 592 πρὸς
906 515 1186 590 διόρθωσιν
1241 515 1370 569 ἰδεῖν
1419 521 1853 590 παρασκευάσοι·

2005 520 2315 576 oncilietur
2349 523 2432 576 sic
2473 520 2536 576 in
2579 521 2746 577 illum
2795 524 3014 594 injuria
3074 525 3446 596 procacibus,
3471 542 3619 598 prae-

251 617 344 663 καὶ
401 617 460 681 τῇ
523 609 731 680 εὐλογίᾳ
795 616 893 659 τῶν
948 607 1370 678 περιστειλάντων
1440 612 1533 665 τὴν
1598 611 1857 682 πατρικὴν

2005 614 2199 682 tetque
2215 617 2272 666 ut
2293 611 2598 666 emendari
2617 611 2912 678 studeant,
2936 618 3116 686 atque
3141 615 3292 671 intra
3309 629 3516 671 eorum
3539 616 3619 672 al-

251 699 642 770 ἀσχημοσύνην
689 695 955 771 περιλάϐοι
988 717 1000 729 ο
1035 702 1124 748 καὶ
1177 693 1380 767 μηδένα
1410 704 1499 748 τοῦ
1529 696 1711 749 λοιποῦ
1761 717 1858 748 πα-

2005 705 2125 771 agat
2157 706 2400 766 sortem,
2437 702 2540 774 qui
2573 705 2885 773 paternam
2918 703 3278 760 obtexerunt
3308 705 3619 776 turpitudi-

246 794 570 865 ραχωρήσοι
622 788 862 858 γενέσθαι
912 783 1104 858 βρῶμα
1157 791 1247 838 καὶ
1298 788 1510 861 θήραμα
1546 793 1637 837 τοῦ
1693 784 1857 858 ἀρχε-

2011 804 2142 844 em:
2187 789 2610 862 neminemque
2647 790 2935 864 deinceps
2967 807 3168 848 escam
3204 793 3362 849 sinat
3401 793 3529 849 fieri
3562 797 3619 848 et

248 882 418 932 κάκου
453 881 629 952 θηρός.
671 885 776 939 Τῆς
820 884 919 938 σῆς
947 875 1171 948 κεφαλῆς
1225 878 1383 950 ἱερᾶς,
1424 879 1541 937 τοὺς
1588 878 1713 949 ὑπὲρ
1763 885 1858 938 τῆς

2001 879 2237 934 ιινωάιιω
2255 878 2412 946 ferte,
2437 895 2571 952 quae
2597 879 2892 936 malorum
2916 886 3120 938 auctor
3142 897 3211 938 ac
3235 898 3460 954 auspex
3487 885 3615 949 est;

251 968 455 1022 ἐκείνων
516 970 779 1041 σωτηρίας
855 965 1056 1038 ἀγῶνας
1117 962 1531 1037 ἀναδεχομένης,
1585 971 1675 1018 καὶ
1723 968 1858 1018 κατά

2000 983 2112 1022 ,υω
2146 968 2548 1024 venerandum
2583 974 2765 1040 caput
2795 973 2986 1038 tuum,
3017 986 3128 1042 pro
3154 970 3396 1027 illorum
3425 971 3614 1027 salute

249 1066 348 1111 τοῦ
401 1065 578 1111 κοινοῦ
629 1065 724 1117 τῆς
763 1058 966 1127 φύσεως
1035 1055 1281 1128 πολεμίου
1339 1058 1857 1128 τροπαιοφορούσης,

2005 1055 2293 1127 ertamina
2342 1056 2613 1123 sustinet,
2643 1063 2698 1112 et
2741 1057 3028 1113 adversus
3071 1074 3460 1115 communem
3511 1059 3619 1115 hu-

247 1153 342 1200 καὶ
370 1151 464 1206 τήν
514 1154 614 1199 τῶν
669 1145 1064 1217 πεπλανημένων
1117 1149 1380 1218 σωτηρίαν
1433 1152 1548 1215 Θεῷ
1597 1164 1856 1219 καρποφο-

2003 1145 2129 1200 iani
2152 1145 2384 1214 generis
2407 1145 2642 1201 hostem
2667 1151 2888 1218 tropaea
2907 1147 3076 1218 erigit
3098 1164 3111 1214 ;
3132 1147 3516 1220 fructumque
3533 1165 3617 1203 sa-

247 1239 451 1310 ροὺσης
502 1239 592 1288 καὶ
653 1237 1048 1309 προσαγούσης,
1110 1229 1182 1285 δι’
1241 1234 1308 1284 ὧν
1364 1238 1452 1287 καὶ
1501 1231 1856 1309 ἁδιάῤῥηκτος

2003 1234 2104 1289 itis
2141 1249 2348 1289 eorum
2381 1235 2483 1307 qui
2521 1251 2717 1291 errore
2757 1235 2914 1308 lapsi
2955 1242 3090 1293 sunt
3126 1240 3240 1294 Deo
3271 1237 3410 1304 edit,
3445 1237 3617 1310 eique

252 1327 396 1386 θείας
455 1323 659 1396 ἀγάπης
714 1326 858 1397 ἔρως,
910 1321 1169 1385 ἄσϐεστος
1246 1341 1300 1375 τε
1353 1328 1442 1375 καὶ
1503 1320 1855 1398 ἀδιάρῥηκτος

2005 1322 2153 1387 (fert,
2196 1323 2416 1395 quibus
2450 1329 2506 1378 et
2535 1323 2754 1380 divina:
2795 1325 3092 1382 charitatis
3123 1341 3265 1396 erga
3302 1341 3413 1382 nos
3449 1341 3619 1383 amor

250 1415 628 1488 συντηρηθείη,
655 1411 703 1463 ἕν
735 1410 876 1482 αὐτῷ
908 1419 1120 1486 Χριστῷ
1150 1419 1222 1482 τῷ
1253 1410 1479 1483 ἀληθινῷ
1509 1420 1622 1483 Θεῷ
1662 1414 1808 1485 ἡμῶν
1837 1433 1849 1446 ·

2003 1411 2466 1482 iexstinguibilis
2479 1413 3000 1487 inconcussusque
3013 1415 3389 1482 consistat;in
3405 1416 3617 1471 eodem

247 1502 643 1579 πρεσϐευούσης
715 1508 810 1562 τῆς
867 1501 1155 1573 ὑπεραγίας
1216 1506 1496 1564 Δεσποίνης
1549 1503 1694 1574 ἡμῶν
1757 1511 1852 1564 τῆς

2011 1501 2197 1557 hristo
2227 1506 2284 1557 et
2310 1502 2432 1558 Deo
2466 1507 2695 1570 nostro,
2720 1504 3218 1561 intercedentibus
3242 1504 3619 1561 sanctissima

251 1596 549 1644 Θεοτόκου·
615 1597 714 1642 τῶν
772 1586 1010 1643 θεοειδῶν
1065 1588 1315 1662 ἀγγελων,
1371 1595 1460 1643 καὶ
1503 1592 1706 1643 πάντων
1752 1599 1851 1643 τῶν

1999 1591 2219 1646 )omina
2232 1595 2436 1647 nostra
2447 1592 3215 1666 DeiGenitrice,angelisque
3229 1593 3613 1652 deiformibus

248 1679 448 1759 ἁγίωνί
461 1681 647 1753 Ἀμήν.

1893 1681 1934 1734 Β
1967 1695 2037 1735 ac
2065 1679 2284 1734 sanctis
2314 1679 2617 1736 omnibus.
2651 1683 2861 1738 Amen.

547 1974 999 2067 PIIOTII
1100 1974 2009 2068 EPISTOLARUM
2105 1978 2486 2066 LIBER
2596 1977 3292 2073 SECUNDUS.

506 2180 866 2240 EPISTOLIE
901 2179 998 2235 AD
1028 2179 1428 2245 EPISCOPOS,
1461 2181 1815 2251 CLERICOS,
1849 2183 2250 2248 MONACHOS,
2285 2183 2912 2253 SANCTIMONIALES,
2945 2183 3370 2251 PLERUMQUE

1003 2287 1448 2353 FAMILIARES,
1485 2288 2088 2357 COMMENDATITl/E,
2125 2289 2266 2346 AUT
2299 2289 2872 2349 CONSOLATORI/E.

1406 2646 1629 2699 SERIES
1653 2645 1950 2704 PRIMA.—
1975 2647 2064 2698 AD
2093 2647 2462 2704 EPISCOPOS.

887 2817 1098 2866 ΕΠΙΣΤ.
1129 2810 1212 2867 Α’.

2646 2811 2856 2870 EPIST.
2899 2812 2940 2866 I.

580 2899 784 2974 Ἰωάννῃ
812 2901 1168 2975 μητροπολίτη
1198 2900 1518 2978 Ἡρακλείας.

2288 2900 2507 2958 Joanm'
2542 2902 2929 2971 metropolitani
2963 2901 3295 2958 Heracleae.

1557 3026 1847 3076 Montacut.
1884 3030 1994 3090 (ep.
2037 3027 2084 3084 9,
2120 3041 2178 3090 p.
2221 3026 2319 3090 72).

319 3140 646 3216 ’Δπολοφύρῃ
693 3144 761 3195 τὰ
816 3145 904 3209 σὰ,
956 3143 1036 3196 ὅτι
1081 3145 1148 3195 τὰ
1193 3145 1420 3218 ἡμέτερα
1457 3141 1672 3214 ἀγνοεῖς.
1727 3137 1845 3195 Εἶθ’
1889 3143 1928 3198 C

2027 3145 2220 3198 Tuum
2249 3141 2436 3213 ipsius
2465 3141 2746 3214 deploras
2771 3145 3016 3208 statum,
3042 3155 3185 3198 nam
3209 3141 3453 3212 ignoras
3479 3155 3616 3196 nos-

244 3229 611 3303 ἆπάσχομεν,
643 3227 808 3297 ἤδεις,
859 3236 949 3284 καὶ
1004 3235 1130 3307 πρός
1179 3233 1316 3292 οἵους
1361 3232 1547 3292 ἄθλους
1575 3232 1692 3284 καθ’
1735 3231 1849 3284 ἐκά-

1999 3247 2136 3286 'um.
2167 3231 2337 3296 Quod
2367 3231 2417 3286 si
2445 3231 2541 3288 illa
2569 3245 2984 3302 cognosceres,
3019 3247 3150 3302 quae
3187 3247 3293 3286 nos
3326 3228 3613 3302 patimur,

246 3341 379 3380 στην
442 3319 802 3392 ἀποδυόμεθα,
856 3319 1004 3394 οἶμαι
1055 3323 1114 3372 οἶν
1170 3340 1227 3373 σε
1282 3321 1458 3374 λυπεῖν
1504 3324 1560 3373 τό
1612 3323 1700 3381 τὰς
1751 3324 1847 3381 σὰς

2001 3324 2011 3376 t
2037 3321 2112 3376 ad
2136 3336 2270 3393 quae
2293 3320 2622 3377 certamina
2637 3319 2903 3392 quotidie
2926 3319 3374 3387 descendimus,
3398 3318 3615 3391 opinor

243 3410 540 3484 ἐξαριθμεῖν
577 3415 666 3462 καὶ
717 3413 916 3484 θρηνεῖν
967 3413 1256 3484 συμφοράς.
1308 3415 1406 3464 Καὶ
1461 3419 1560 3462 τῶν
1614 3409 1844 3484 βροντῶν

1999 3426 2009 3464 i
2032 3409 2186 3465 nolle
2211 3409 2456 3466 ulterius
2485 3410 2754 3482 proprias
2775 3413 2908 3466 tuas
2929 3424 3280 3466 enumerare
3299 3407 3393 3464 vel
3410 3407 3613 3479 deplo-

239 3505 344 3575 γὰρ
403 3504 527 3559 τοὺς
575 3498 838 3562 ἐξαισίους
893 3503 1081 3571 ἤχους,
1131 3497 1340 3552 ἐπειδὰν
1387 3499 1515 3551 πολὺ
1589 3497 1842 3574 καταρρα-

1999 3514 2086 3554 ire
2119 3498 2405 3555 miserias.
2437 3498 2777 3554 Fulminum
2810 3503 2965 3555 certe
2987 3514 3169 3554 sonos
3196 3503 3253 3554 et
3283 3497 3613 3552 tonitruum

236 3598 402 3659 γώσι,
454 3588 686 3659 μείζους,
747 3595 854 3650 τοῖς
904 3589 1030 3641 ὠσὶν
1103 3589 1304 3649 ἀλύπως
1353 3593 1515 3661 φέρειν
1569 3588 1778 3660 μᾶλλον,
1811 3589 1839 3647 ἦ

1994 3587 2262 3652 ifaustos,
2311 3587 2457 3644 dum
2489 3588 2717 3658 majore
2760 3604 2898 3644 cum
2926 3587 3170 3644 horrore
3224 3585 3608 3653 incutiantur,

237 3683 512 3750 πρότερον,
547 3677 842 3748 ἐθιζόμεθα.
896 3682 960 3730 Τί
1009 3675 1095 3729 οὖν
1151 3674 1234 3730 δεῖ
1281 3684 1442 3730 ποιεῖν
1477 3694 1489 3742 ;
1524 3679 1553 3736 ἢ
1587 3686 1841 3751 καρτερῶς

1997 3694 2088 3732 um
2117 3683 2278 3734 metu
2311 3677 2556 3732 sufferre
2583 3676 2899 3734 assuefacti
2929 3693 3138 3732 sumus
3183 3675 3393 3742 multo,
3425 3691 3611 3747 quam

239 3767 471 3819 ἐναθλείν
516 3773 623 3828 τοῖς
661 3767 1006 3837 ἐμπίπτουσιν
1035 3788 1046 3799 ο
1095 3765 1318 3840 ἀκριϐῶς
1372 3762 1600 3831 εἰδότας,
1661 3767 1777 3817 καθ’
1809 3765 1844 3818 ἃ

1996 3766 2116 3832 lim,
2151 3767 2401 3821 minore.
2439 3766 2590 3831 Quid
2639 3766 2942 3836 agendum
2985 3765 3163 3835 igitur
3188 3764 3216 3820 θ
3245 3763 3397 3819 Nihil
3458 3767 3610 3820 certe

241 3852 311 3913 δή
349 3874 447 3906 που
498 3861 588 3908 καὶ
642 3858 706 3907 τὰ
754 3859 866 3908 θεῖα
922 3861 1009 3908 καὶ
1061 3857 1170 3929 ἱερά
1200 3853 1613 3928 διαμαρτύρεται
1651 3859 1836 3926 Λόγια,

1995 3855 2110 3910 liud
2134 3871 2320 3926 quam
2349 3854 2684 3910 animosius
2703 3855 3012 3910 colluctari
3034 3870 3172 3910 cum
3201 3853 3271 3908 iis
3302 3869 3438 3925 quae
3460 3853 3609 3910 acci-

237 3947 304 4006 ὡς
334 3945 361 3995 ὁ
392 3950 568 4018 παρὼν
601 3943 718 4016 βίος
767 3945 860 3996 οὐκ
913 3948 1026 3997 ἔστι
1058 3952 1257 4018 τρυφῆς
1303 3949 1389 3997 καὶ
1443 3943 1700 4019 βραϐείων
1751 3949 1840 3996 καὶ

1991 3947 2200 3998 erunt:
2236 3948 2300 3998 ut
2328 3942 2430 4014 qui
2467 3941 2730 3998 sciamus
2764 3942 3010 4012 optime,
3043 3942 3202 4012 quod
3231 3957 3404 3996 sacra
3427 3941 3605 3996 nobis

238 4033 494 4100 ἐπάθλων,
552 4032 658 4085 ἀλλ’
701 4032 906 4106 ἀγώνων
955 4040 1044 4087 καὶ
1073 4039 1236 4086 πόνων
1280 4040 1369 4086 καὶ
1416 4035 1794 4106 παλαισμάτων
1821 4055 1834 4067 ·

1991 4037 2003 4088 t
2033 4031 2237 4088 divina
2270 4030 2514 4086 oracula
2532 4037 2881 4100 suggerunt,
2900 4045 3020 4084 non
3055 4044 3187 4084 esse
3223 4029 3407 4084 vitam
3446 4028 3605 4085 hanc

239 4127 306 4175 τὰ
336 4119 396 4175 δὲ
430 4127 578 4196 γέρα,
623 4129 712 4175 καὶ
765 4127 885 4186 τοὺς
940 4126 1235 4195 στεφάνους,
1289 4128 1378 4176 καὶ
1409 4130 1502 4182 τὴν
1549 4123 1837 4176 ἀπόλαυσιν
1948 4117 3326 4196 ρι’ωεεοῐθωωιυῐτδηεθυηάαω,ὶιδυ‹1ἱαὶΙΙθ.
3348 4116 3602 4174 corollas

235 4211 428 4265 ἐκεῖθεν
499 4221 760 4286 προσῆκεν
821 4212 1101 4278 ἐπιζητεῖν,
1166 4211 1374 4279 ἐκεῖθεν,
1435 4213 1478 4266 εἰ
1550 4219 1620 4286 μὴ
1702 4218 1838 4287 μέγα

1990 4209 2261 4284 tpraemia
2291 4208 2642 4274 condonari,
2671 4208 2774 4264 sed
2808 4207 3155 4272 certamina,
3197 4205 3452 4272 labores,
3487 4206 3604 4263 col-

234 4301 413 4366 εὶπεῖν,
447 4309 580 4356 Θεοῦ
605 4301 962 4378 φιλανθρωπίᾳ
985 4307 1074 4354 καὶ
1103 4303 1408 4375 εὑρήσομεν.

1983 4306 2312 4358 ictamenta
2368 4299 2727 4365 subeunda;
2785 4297 3257 4364 retributionem,
3319 4312 3597 4366 coronas,

1944 4391 2284 4448 fruitionem
2308 4390 2446 4447 inde
2465 4389 2882 4462 exspectanda,
2913 4387 3072 4444 unde
3093 4387 3292 4454 etiam,
3316 4387 3376 4443 id
3411 4392 3503 4444 est
3526 4387 3601 4443 de

1866 4489 1911 4546 D
1941 4481 2107 4548 coelo,
2139 4497 2243 4554 per
2269 4480 2536 4538 divinam
2573 4477 3041 4535 misericordiam
3070 4476 3169 4535 illa
3199 4477 3594 4534 inveniemus.

873 4575 1084 4624 ΕΠΙΣΤ.
1120 4570 1190 4624 Β’.

2580 4569 2791 4626 EPIST.
2850 4568 2917 4623 ΙΙ.

546 4661 816 4732 Εὐσταθίῳ
840 4661 1150 4733 πατριάρχη
1180 4659 1522 4732 Ἀντιοχείας.

2188 4659 2510 4717 Eustathio
2537 4657 2906 4730 patriarcha:
2937 4656 3322 4714 Antiocheno.

1474 4787 1770 4840 Montacut.
1832 4792 1939 4851 (ep.
1979 4787 2057 4843 11,
2086 4801 2144 4850 p.
2183 4786 2288 4845 73).

295 4907 400 4966 Τῆς
429 4900 557 4956 ὁδοῦ
614 4906 671 4956 τό
721 4911 904 4974 μῆκος,
951 4905 1169 4955 καὶτῶν
1222 4902 1426 4976 ἐχθρῶν
1457 4903 1482 4954 ό
1519 4901 1689 4975 φόϐος,
1740 4903 1826 4956 λασ

2009 4903 2130 4958 Viaa
2158 4900 2488 4972 longitudo,
2522 4904 2581 4956 et
2605 4899 2872 4956 hostium
2917 4901 3131 4964 metus,
3165 4901 3592 4970 argumentum

221 4994 448 5054 κονίζειν
504 4994 630 5064 ἡμῖν
673 4993 975 5044 ὑποτίθεται
1005 5012 1016 5024 ·
1071 4995 1162 5044 καὶ
1235 4995 1338 5060 εἴγε
1409 4991 1644 5053 ἀλλήλοις
1704 5012 1827 5044 συν-

1977 4992 2322 5065 uppeditant
2345 4991 2674 5048 laconismi.
2701 4993 2768 5045 Et
2797 4993 2950 5045 certe
2981 4989 3029 5045 si
3059 4989 3171 5046 hoc
3197 4994 3407 5045 mutuo
3429 4990 3591 5062 pacti

219 5089 408 5148 (iuno,
458 5086 548 5134 καὶ
598 5080 854 5134 σκυτάλαι
901 5079 962 5130 ἂν
1018 5085 1113 5138 τὴν
1171 5079 1441 5138 ἐπιστολήν
1501 5077 1819 5152 διεκόμιζον.

1971 5098 2255 5147 ueramus,
2299 5079 2520 5137 scutale
2557 5079 2875 5152 epistolam
2910 5079 3251 5151 expeditam
3313 5078 3585 5138 traderet.

220 5175 386 5225 Φασίν
446 5167 532 5222 οὖν
588 5189 681 5221 σου
732 5173 823 5228 τὴν
891 5170 1150 5243 ἱερατικὴν
1209 5169 1505 5226 τελειότητα
1579 5169 1694 5242 ἐρᾷν
1773 5189 1824 5222 τε

1970 5173 2138 5227 'ertur
2151 5169 2576 5226 sacerdotalem
2590 5176 2754 5243 tuam
2771 5168 3188 5241 perfectionem
3204 5184 3312 5224 nos
3329 5168 3584 5240 diligere,

218 5261 389 5324 ἡμῶν,
431 5265 518 5310 καὶ
580 5255 708 5310 ἰδεῖν
765 5257 1039 5331 ἐφίεσθαι·
1085 5262 1174 5309 καὶ
1226 5260 1374 5328 ἡμεῖς
1424 5255 1504 5322 δὲ,
1573 5261 1704 5321 ἴσθι,
1760 5262 1822 5318 ὡς

1973 5266 1990 5316 t
2029 5265 2406 5330 conspectam
2447 5242 2700 5330 cupere:
2745 5257 2985 5332 noveris
3025 5261 3227 5314 autem
3267 5274 3378 5316 nos
3420 5261 3587 5330 (nam

217 5344 371 5401 οὐδὲν
415 5347 623 5399 ἔλαττον
679 5346 754 5420 [τί
801 5350 902 5421 γὰρ
952 5351 1060 5420 χρὴ
1108 5351 1218 5396 νυνὶ
1271 5343 1640 5417 διαφιλονικεῖν
1669 5347 1708 5417 ;)
1758 5349 1822 5408 ὡς

1980 5347 2080 5404 uid
2118 5348 2213 5402 hic
2251 5363 2404 5415 Opus
2445 5346 2935 5406 contestatione?)
2975 5361 3096 5402 non
3132 5347 3351 5414 minus,
3385 5349 3433 5404 si
3463 5364 3585 5405 non

215 5439 356 5511 παρὰ
398 5436 527 5487 πολὺ
561 5435 727 5499 πλέον,
777 5439 912 5488 κατά
963 5440 1048 5486 τόν
1082 5443 1229 5488 Θεῖον
1268 5442 1447 5486 τοῦτον
1495 5437 1660 5506 ἔρωτα
1702 5432 1734 5487 δ
1742 5456 1819 5487 ια-

1968 5433 2149 5508 Jagis,
2188 5436 2302 5491 hoc
2352 5435 2682 5491 secundum
2725 5437 2909 5492 Deum
2959 5435 3174 5492 affectu
3215 5436 3482 5492 detineri.
3528 5439 3582 5496 Si

214 5527 452 5598 κείμεθα.
511 5525 568 5578 Εἰ
611 5521 698 5577 οὖν
743 5532 852 5586 τοῖς
913 5524 1090 5594 λόγοις
1157 5527 1246 5576 καὶ
1302 5522 1518 5582 ἀλήθεια
1569 5523 1821 5582 ἐπικάθη-

1964 5527 2129 5581 ‘erbis
2153 5525 2331 5596 igitur
2352 5541 2555 5581 comes
2579 5524 2842 5581 adhaeret
2868 5525 3104 5592 veritas,
3138 5525 3285 5582 nihil
3308 5526 3578 5598 impedit,

214 5635 324 5678 ται,
358 5617 416 5667 τὸ
446 5614 642 5666 κωλῦον
687 5611 838 5667 οὐδὲν
891 5618 1012 5674 τοὺς
1054 5613 1281 5671 ἀλλήλων
1324 5612 1563 5688 ἐραστὰς,
1585 5617 1727 5687 -ἒργῳ
1768 5634 1819 5666 τε

1965 5615 2176 5687 ζυοωὶη
2189 5631 2256 5670 us
2273 5615 2376 5686 qui
2396 5629 2457 5669 se
2483 5618 2690 5670 mutuo
2712 5613 2967 5685 diligunt
2991 5616 3192 5688 reipsa
3217 5614 3579 5672 desiderium

215 5708 304 5758 τόν
352 5705 512 5758 πόθον
567 5711 934 5782 παραστῆσαι,
985 5708 1074 5756 καὶ
1128 5701 1362 5766 ἀλλήλοις
1417 5705 1817 5776 ἑμφανισθῆναι,

1963 5702 2284 5775 .dimplere,
2318 5701 2485 5768 alteri
2515 5701 2773 5772 alterum
2801 5701 3093 5774 pateﬁeri,
3127 5706 3183 5763 et
3219 5701 3360 5762 inde
3398 5701 3577 5761 resul-
