4088 6214
83 5669 92 5760 i

527 237 633 294 823
1761 239 2000 296 PHOTII
2030 237 2197 294 PATI

2302 235 2517 294 ΒΟΗίΕ
2543 235 2650 292 CP.
3765 233 3847 290 825.

526 366 690 420 tanta
721 361 1026 418 communi
1058 362 1303 419 utilitate
1326 363 1628 420 obiectari.
1652 364 1870 422 Itinera
1899 365 2176 438 quamvis

2302 367 2374 416 ιαὶ
2413 371 2501 424 τῆς
2555 361 2768 414 αὐτόθεν
2821 361 3180 434 ἀναφυομένης
3237 369 3420 422 κοινῆς
3469 358 3707 432 ὠφελείας
3749 379 3849 410 κατ-

525 451 726 521 longa,
762 451 864 505 ubi
885 451 994 506 alis
1021 453 1242 507 amoris
1267 453 1501 508 dilectio
1525 453 1852 520 instruitur,
1884 460 1939 510 et
1969 471 2178 527 quam-

2302 454 2621 526 ἓντρυφήσαι.
2667 447 2821 510 Ὁδὸς
2877 453 2977 524 γὰρ
3010 455 3098 502 καὶ
3137 459 3324 522 μῆκος,
3358 447 3442 511 οἷς
3475 451 3500 501 ὀ
3551 458 3640 509 τῆς
3686 449 3852 521 ἀγάπης

525 541 612 596 vis
651 538 1024 608 difﬁcillima,
1067 543 1332 614 expedite
1374 548 1428 598 et
1467 542 1672 600 leviter
1709 549 2173 600 transmeantur.

2302 546 2410 618 ἷρως
2439 540 2800 614 διεπτέρωται,
2848 539 2940 591 κᾶν
2975 537 3378 612 δυσχερέστατα
3431 543 3538 604 εἰη,
3584 540 3748 612 ῥᾷστα
3789 545 3853 590 καὶ

527 631 694 694 Quod
751 633 962 685 caatera
1003 631 1225 699 attinet,
1270 635 1498 688 Patrum
1540 638 1594 688 et
1647 633 1892 689 fratrum
1931 633 2176 705 optime,

526 717 680 784 vale;
695 719 846 774 scias
859 734 967 773 nos
982 723 1148 776 tuam
1165 727 1506 792 exspectare
1527 722 1924 794 praesentiam,
1944 721 2178 778 interim

527 807 806 863 desiderii
824 809 1122 880 ardorem,
1143 827 1250 883 spe
1273 809 1485 868 futurae
1505 813 1937 870 consecutionis
1954 812 2180 868 refocil-

526 894 740 952 lemus.
770 896 924 952 Vale.

1073 990 1332 1058 Propria
1360 1006 1539 1047 manu
1570 991 1964 1048 exarabatur.

1173 1080 1382 1136 EPIST.
1426 1082 1520 1138 ΙΙΙ.

813 1168 1031 1225 Joanm’
1080 1171 1471 1240 metropolitw
1524 1171 1895 1228 Nicomedia.

2287 637 2488 705 κούφως
2541 628 2939 704 διεπεραίνεται.
2990 631 3068 682 Τὰ
3125 627 3184 682 δὲ
3280 630 3436 697 ἄλλα,
3507 634 3738 701 Πατέρων
3791 633 3856 679 καὶ

2289 718 2520 793 ἀδελφῶν
2615 721 2815 792 ἄριστε,
2905 717 3120 793 ἔρρωσο,
3222 715 3367 778 εἰδὼς
3449 713 3859 788 ἀπεκδεχομένους

2289 813 2428 882 ἡμᾶς
2455 814 2547 868 τὴν
2577 813 2673 867 σὴν
2708 813 3024 880 παρουσίαν,
3052 813 3141 860 καὶ
3182 811 3238 860 τό
3281 804 3508 868 διακαὲς
3573 813 3661 858 τοῦ
3705 807 3856 872 πόθον,

2291 907 2352 972 τῇ
2387 895 2562 951 ἑλπίδι
2591 906 2685 961 τῆς
2714 895 2993 969 ἐπιτυχίας
3031 896 3422 969 ἀναψύχοντας.
3460 894 3718 971 Ἐῥρωσο.

3161 987 3395 1060 Ἐγροξφη
3423 986 3746 1058 αὐτοχειρίᾳ.

2939 1083 3151 1130 ΕΠΙΣΤ.
3185 1076 3266 1134 Γ’.

2590 1168 2797 1240 Ἰωάννῃ
2827 1166 3181 1240 μητροπολίτῃ
3202 1173 3412 1238 Νικομη
3423 1162 3596 1227 δείας.

1801 1270 2093 1318 Montacut.
2128 1268 2239 1331 (ep.
2279 1269 2353 1322 17,
2387 1281 2438 1330 p.
2469 1267 2568 1327 77).

1801 1282 2093 1318 montacut.
2128 1282 2197 1332 (8]

605 1355 721 1412 Nec
750 1355 995 1413 illudere
1030 1357 1190 1422 novi,
1223 1374 1334 1414 nec
1362 1357 1513 1414 ferre
1553 1358 1872 1414 illudentes
1905 1374 2180 1430 possum.

2309 1282 2353 1322 ἰ,
2387 1282 2438 1330 p.
2469 1282 2568 1327 '11).

2367 1360 2499 1409 Οὔτε
2525 1359 2728 1419 παίζειν
2773 1353 2917 1423 οἶδα,
2966 1358 3082 1408 οὔτε
3139 1357 3431 1418 παιζόντων
3481 1352 3769 1425 ἀνέχεσθαι.
3819 1351 3864 1403 Εἰ

536 1447 593 1503 Si
625 1450 684 1502 tu
711 1445 892 1502 homo
919 1447 1146 1519 antiqui
1187 1448 1339 1504 adeo
1371 1451 1577 1513 moris,
1615 1453 1671 1504 et
1700 1448 1954 1520 simplex
1981 1447 2184 1515 fueris,

535 1539 598 1591 ut
629 1551 762 1590 cum
807 1535 997 1590 simus
1029 1534 1222 1592 affecti
1260 1536 1656 1602 contumeliis,
1691 1538 1820 1607 ejus
1853 1553 2032 1592 sensu
2062 1551 2185 1591 non

536 1624 700 1694 tangi
721 1624 938 1680 debere
959 1640 1090 1690 nos,
1115 1626 1396 1697 opineris,
1423 1626 1582 1682 haud
1608 1642 1849 1697 aequum
1870 1631 2013 1694 erat,
2043 1630 2105 1680 ut
2127 1629 2187 1680 tu

536 1728 648 1770 nos
677 1713 944 1779 laederes,
977 1729 1047 1768 eo
1081 1713 1192 1770 fine
1215 1715 1384 1786 quasi
1410 1731 1648 1770 morum
1681 1719 1919 1770 tuorum
1951 1713 2183 1784 simpli-

539 1801 685 1858 citas
702 1801 940 1874 culpam
962 1807 1325 1870 extenuaret,
1349 1809 1404 1859 et
1421 1804 1700 1860 leviorem
1725 1803 2016 1860 redderet.
2039 1801 2186 1858 Cum

539 1907 680 1947 vero
740 1908 844 1964 per
873 1890 995 1956 illa,
1042 1909 1177 1964 qua
1230 1909 1412 1950 ausus
1444 1909 1506 1948 es
1545 1893 1758 1957 facere,
1812 1892 2079 1947 studiose
2129 1891 2187 1946 id

539 1981 763 2051 egeris;
794 1986 855 2036 ul:
875 1997 1118 2036 sensum
1141 1997 1384 2037 omnem
1411 1999 1444 2038 a
1462 1981 1635 2037 nobis
1658 1980 1933 2038 suﬂ'urari
1953 1997 2186 2054 posses,

539 2068 650 2125 hac
688 2075 789 2125 tua
814 2070 1137 2126 rusticitate
1164 2071 1385 2126 duxisti
1417 2071 1714 2140 ingestam
1748 2071 1924 2126 nobis
1964 2070 2192 2127 calum-

538 2159 701 2214 niam
729 2176 742 2213 :
766 2174 875 2215 nec
893 2159 1118 2215 resilire
1139 2160 1358 2232 poteris
1381 2161 1458 2216 ad
1480 2160 1642 2216 illam
1664 2177 1849 2231 quam
1867 2161 1926 2215 in
1949 2176 2188 2216 scenam

539 2247 824 2321 producis
877 2248 1050 2304 nobis
1088 2249 1408 2305 levitatem.
1454 2251 1878 2305 Verumtamen
1937 2265 2012 2305 ne
2067 2265 2190 2305 non

541 2339 666 2393 tam
689 2337 1040 2408 corrigendi,
1059 2354 1242 2410 quam
1259 2338 1548 2409 puniendi
1571 2354 1755 2393 causa
1775 2337 1979 2393 videar
1998 2355 2194 2410 repre-

541 2426 895 2483 hensionem
924 2433 1170 2490 struere,
1204 2443 1339 2481 cum
1369 2426 1612 2497 justitiaa
1657 2427 1863 2481 omnia
1907 2429 2192 2482 scrutanti

544 2519 602 2572 et
629 2515 962 2586 pervidenti
997 2515 1352 2571 satisfecisse
1377 2515 1843 2588 deprehenderis
1878 2532 1986 2588 pro
2037 2516 2193 2587 inju-

545 2603 646 2662 riis
673 2608 728 2660 et
744 2604 1115 2661 contumeliis
1137 2604 1359 2676 quibus
1387 2620 1597 2660 sumus
1630 2603 1842 2670 affecti,
1863 2610 1989 2660 tum
2015 2609 2198 2660 temet

2295 1443 2382 1499 οὖν
2435 1445 2598 1508 οὕτως
2645 1443 2708 1518 ᾖς
2756 1446 2907 1505 αὐτὸς
2947 1443 3173 1520 ἀρχαῖος
3220 1449 3309 1495 καὶ
3340 1442 3563 1506 ἁπλοῦς,
3596 1444 3721 1492 ὥστε
3761 1435 3861 1511 μηδ’

2295 1539 2433 1609 ἡμᾶς
2501 1535 3049 1608 προπηλακιζομένους
3123 1535 3474 1586 αἰσθάνεσθαι
3535 1533 3746 1594 οἴεσθαι,
3792 1527 3863 1579 οὐκ

2295 1623 2403 1679 ἔδει
2459 1645 2515 1678 σε
2572 1633 2898 1697 κακουργεῖν,
2959 1627 3041 1676 ἶνα
3095 1631 3191 1676 σοῦ
3241 1627 3297 1675 τὸ
3359 1623 3653 1696 ἁμάρτημα
3698 1622 3724 1677 ἡ
3786 1626 3862 1670 τῶν

2297 1717 2434 1775 ἠθῶν
2466 1715 2690 1775 ἁπλότης
2745 1711 2944 1768 ἐδείκνυ
2999 1720 3328 1787 κουφότερον.
3385 1713 3536 1765 Ἐπεὶ
3585 1707 3642 1763 δε
3692 1714 3769 1760 καὶ
3793 1712 3863 1765 τὴν

2295 1807 2547 1863 αἴσθησιν
2601 1806 2766 1876 ἡμῶν,
2802 1801 2872 1856 δι’
2909 1805 2975 1875 ᾧν
3025 1803 3334 1875 ἐτόλμησας,
3383 1801 3602 1874 μελέτην
3654 1800 3756 1851 εθον
3789 1797 3863 1868 λη-

2299 1903 2536 1958 στεῦσαι,
2569 1899 2658 1946 καὶ
2715 1890 3012 1966 δυστροπίᾳ
3053 1897 3144 1951 τὴν
3177 1892 3293 1945 καθ’
3352 1894 3504 1964 ἡμῶν
3553 1887 3695 1962 ὕϐριν
3739 1885 3864 1946 ηὖξεν

2299 2004 2394 2046 σας
2427 2006 2438 2017 σ
2473 1981 2721 2054 οὐδεμίαν
2771 1985 2912 2054 ἔχεις
2960 1982 3304 2054 ἀναχώρησιν
3345 1984 3422 2043 εἱς
3475 1983 3570 2038 τὴν
3611 1982 3712 2030 νυνὶ
3752 1975 3862 2046 παρὰ

2300 2081 2394 2126 σου
2425 2077 2904 2144 σκηνοποιουμένην
2955 2079 3275 2145 κουφότητα.
3339 2070 3484 2128 Πλὴν
3538 2070 3619 2120 ἵνα
3647 2070 3711 2138 μή
3757 2061 3862 2124 δόξω

2298 2165 2382 2216 τὸν
2432 2163 2647 2234 ﬁer/xor
2698 2164 2922 2234 ἐπάγειν,
2982 2162 3040 2214 οὔ
3099 2158 3432 2234 διορθώσεως
3479 2158 3606 2210 ἀλλὰ
3650 2155 3860 2212 κολάσεως

2299 2256 2462 2314 ἕνεκα,
2515 2255 2596 2304 ὅτε
2645 2259 2706 2324 τῇ
2767 2256 3065 2326 παντεφόρῳ
3107 2249 3228 2322 δίκῃ
3284 2248 3442 2310 δίκας
3503 2243 3862 2317 εἰσπράττεσθαι

2300 2349 2393 2403 τῆς
2421 2341 2492 2402 εἰς
2521 2343 2651 2412 ἡμᾶς
2685 2345 3003 2412 κακουργίας
3055 2344 3145 2391 καὶ
3197 2340 3416 2413 ὕϐρεως,
3465 2340 3530 2396 ὡς
3579 2335 3722 2394 αὐτὸς
3750 2333 3856 2403 ὁρᾷς,

2302 2428 2460 2491 ἑάλως
2493 2451 2504 2462 ·
2564 2435 2675 2481 τότε
2723 2449 2778 2482 σε
2831 2438 2926 2490 τῆς
2965 2436 3062 2490 σῆς
3119 2426 3331 2488 δικαίας
3389 2433 3572 2486 ποινῆς
3617 2423 3730 2475 ἑκὼν
3765 2415 3856 2470 ἁδι-

2302 2527 2487 2570 κοῦντο.
2539 2517 2749 2590 ἀφίημι,
2801 2526 2949 2570 τοῦτο
3005 2523 3158 2590 μόνον
3211 2517 3452 2581 ἐπειπὼν,
3507 2518 3570 2574 ὡς
3611 2509 3858 2585 μεμνῆσθαί

2306 2627 2362 2659 σε
2393 2611 2526 2678 χρὴ,
2574 2609 2654 2658 ὃτι
2701 2611 2772 2678 μὴ
2829 2614 2889 2679 τῇ
2949 2615 3014 2678 σῇ
3079 2614 3177 2657 τῶν
3225 2609 3432 2679 τρόπων
3485 2601 3750 2668 κακοηθείᾳ
3791 2597 3857 2646 καὶ

547 2708 659 2764 ego
680 2693 900 2765 injuria
922 2710 1016 2748 me
1037 2693 1394 2749 afticientem
1417 2693 1608 2749 libens
1632 2695 1842 2748 merito
1861 2693 2193 2750 immunem

2307 2693 2586 2760 δεινότητι,
2645 2694 2745 2767 [ἐφ’
2800 2697 2876 2756 οἷς
2927 2699 3054 2757 ἴσως
3113 2699 3248 2766 μέγα
3307 2694 3538 2768 φρονεῖς)
3586 2699 3644 2762 τῇ
3675 2684 3718 2739 δ’
3768 2687 3860 2754 ἠμε-

547 2781 845 2839 dimittam
867 2798 901 2837 a
918 2781 1232 2854 supplicio,
1248 2782 1363 2838 hoc
1382 2786 1610 2838 tantum
1627 2782 2192 2846 commonefaciens,

548 2872 720 2943 cujus
743 2865 973 2944 oportet
991 2872 1354 2940 meminisse,
1379 2887 1595 2943 nempe
1619 2888 1861 2944 poenam
1891 2877 1947 2927 et
1974 2872 2196 2944 suppli-

2305 2788 2427 2858 τέρᾳ
2512 2793 2611 2836 τῶν
2704 2783 3158 2837 ἐπιϐουλευθέντων
3234 2787 3570 2855 χρηστότητι
3646 2776 3855 2850 (Χριστοῦ

2307 2875 2408 2946 γάρ
2441 2873 2590 2946 ἐσμεν
2619 2875 2891 2940 μαθηταὶ),
2924 2877 3016 2931 τὴν
3047 2877 3300 2947 τιμωρίαν
3332 2869 3592 2943 διέφυγες.

548 2962 708 3017 cium
741 2967 792 3017 te
823 2961 1247 3030 subterfugisse
1274 2977 1394 3016 non
1424 2968 1664 3033 propter
1689 2978 1920 3017 morum
1955 2968 2193 3016 tuorum
2245 2962 2336 3017 vel
2391 2964 2774 3024 scaevitatem,
2811 2963 2899 3016 vel
2933 2963 3151 3016 malam
3185 2946 3690 3020 Consuetudinem,
3714 2946 3857 3033 (unde

547 3049 836 3116 fortassis,
869 3051 1052 3106 altum
1075 3050 1274 3123 sapis),
1313 3032 1554 3122 sediper
1584 3056 1876 3118 nostram,
1908 3050 2133 3123 quibus
2161 3050 2566 3116 insidiabaris,
2619 3050 2972 3121 bonitatem,
3024 3050 3248 3122 quippe
3297 3050 3403 3122 qui
3461 3049 3640 3103 simus
3694 3032 3860 3096 Christi

550 3139 827 3214 discipuli
859 3144 916 3198 et
945 3144 1282 3198 sectatores.

1192 3231 1402 3286 EPIST.
1466 3229 1558 3286 IV.

916 3319 1155 3392 [gnatio
1186 3319 1521 3390 Lophorum
1549 3319 1828 3390 episcopo.

2945 3236 3157 3284 ΕΠΙΣΤ.
3201 3229 3274 3284 Δ’.

2739 3320 2974 3391 Ἰγνατίῳ
3027 3319 3296 3389 ἕπισκόπῳ
3329 3320 3538 3390 Λόγων.

1827 3422 2118 3473 Montacut.
2153 3426 2256 3489 (ep.
2287 3426 2366 3483 23,
2394 3439 2446 3489 p.
2491 3428 2595 3488 84).

625 3513 795 3569 Dolet
826 3512 928 3568 tibi
956 3513 1121 3584 quod
1150 3511 1458 3568 inhibeam
1503 3513 1609 3568 tibi
1638 3513 1855 3584 injuste
1887 3528 2060 3584 agere
2093 3531 2108 3581 ;
2141 3518 2204 3572 at

553 3601 700 3657 mihi
733 3601 928 3673 magis
953 3602 1110 3674 juste
1141 3601 1341 3657 dolere
1367 3601 1564 3666 debet,
1593 3602 1757 3673 quod
1792 3617 1914 3658 non
1945 3603 2204 3675 impedi-

553 3689 739 3745 verim
804 3690 930 3746 hanc
992 3690 1124 3762 ipsa
1183 3689 1462 3747 exordiri.
1528 3692 1628 3746 Sin
1689 3690 1958 3747 dolorem
2000 3707 2203 3747 meum

555 3778 854 3836 occultum
881 3795 1122 3836 necesse
1154 3779 1452 3847 esteifari,
1483 3780 1648 3852 quod
1671 3779 1800 3851 ipse
1823 3780 1925 3836 tibi
1957 3797 2205 3838 causam

554 3869 949 3936 exbibuerim,
975 3869 1134 3926 unde
1157 3887 1291 3926 cum
1316 3871 1442 3926 ﬁeri
1465 3870 1711 3926 volebas
1735 3870 2070 3941 improbus,
2096 3871 2202 3926 im-

553 3959 781 4033 probus
828 3976 1030 4016 revera
1057 3976 1189 4016 esse
1219 3961 1434 4032 possis,
1463 3959 1625 4015 vides
1672 3963 1734 4016 ut
1778 3961 2205 4032 memetipsum

556 4054 860 4106 auctorem
885 4049 998 4106 tuis
1017 4049 1503 4122 improbitatibus
1536 4048 1856 4106 ascribam.
1883 4049 2036 4116 Quid
2063 4049 2206 4105 reris

555 4137 630 4195 de
660 4155 756 4196 me
786 4139 998 4196 dicturi
1025 4143 1162 4196 sunt
1193 4139 1316 4206 alii,
1348 4155 1486 4195 cum
1517 4139 1591 4195 de
1622 4138 1737 4195 tuis
1767 4138 1936 4194 factis
1965 4139 2208 4211 ringan-

557 4235 665 4295 tur,
699 4244 893 4301 neque
917 4228 1435 4286 habentelabendi
1463 4227 1808 4285 facultatem
1842 4227 1871 4281 ?
1898 4227 2207 4299 quomodo

555 4317 817 4374 laturum
847 4317 1083 4372 illorum
1128 4317 1497 4384 aﬁlictiones,
1531 4333 1789 4389 quarum
1821 4321 1884 4372 tu
1931 4332 1993 4373 es
2022 4317 2208 4372 archi-

554 4411 770 4472 tectus,
799 4421 1184 4463 communem
1211 4405 1531 4461 Dominum
1561 4406 1704 4461 reris
1735 4405 1764 4460 7
1786 4406 2002 4462 Annon
2032 4405 2210 4461 infes-

558 4502 682 4555 tum
723 4497 1046 4570 experiere,
1098 4496 1202 4568 qui
1253 4494 1560 4550 hominem
1617 4494 1871 4549 evexerit
1927 4494 2208 4566 dignitate

559 4604 717 4656 eum,
777 4604 958 4661 quem
1013 4601 1123 4659 par
1173 4591 1296 4642 erat
1347 4599 1486 4639 cum
1549 4581 1771 4638 intimis
1829 4583 2209 4639 subditorum

558 4678 856 4737 accenseri
882 4679 909 4734 ?
947 4678 1062 4733 hoc
1094 4675 1276 4732 modo
1313 4688 1411 4730 me
1449 4672 1511 4728 in
1553 4676 1604 4728 te
1645 4672 1978 4728 animatum
2020 4677 2166 4743 puta
2197 4687 2208 4725 :

559 4768 723 4841 quod
754 4769 802 4823 si
833 4783 954 4823 non
985 4767 1237 4823 libenter
1264 4769 1321 4821 et
1347 4761 1706 4837 quantocius
1731 4761 2004 4834 improbe
2035 4777 2211 4831 agere

559 4855 860 4926 desiveris,
888 4857 1030 4914 scito
1059 4856 1205 4915 mihi
1259 4852 1608 4912 incumbere
1661 4851 2098 4917 necessitatem,
2151 4855 2214 4906 ut

562 4949 614 5001 te
666 4945 901 5016 penitus
931 4963 968 5003 a
1007 4946 1314 5021 meiipsius
1357 4947 1415 5000 et
1464 4942 1734 5000 Ecclesiae
1788 4941 2212 4999 communione

561 5031 942 5091 abscindam.

1218 5125 1432 5182 EPIST.
1483 5124 1548 5179 V.

848 5212 1093 5285 Georgio
1121 5213 1472 5274 Nicomediae
1521 5211 1922 5284 metropolitae.

2385 3515 2600 3587 Ἀλγείς,
2645 3518 2723 3568 ὃτι
2770 3536 2825 3568 σε
2874 3525 2960 3567 νῦν
3017 3512 3302 3567 ἀδικοῦντα
3359 3511 3670 3567 διακωλύει»⁸
3711 3502 3791 3575 ἔγῶ
3814 3495 3856 3551 δε

2312 3604 2500 3677 μᾶλλον
2544 3610 2633 3656 καὶ
2694 3602 3038 3678 δικαιότερον,
3073 3606 3152 3656 ὅτι
3192 3609 3262 3676 μὴ
3297 3602 3464 3655 πάλαι
3502 3595 3625 3673 μηδ’
3666 3596 3856 3666 ἄρχευ’

2313 3697 2559 3756 τοιαύτης
2616 3694 2865 3766 πράξεως.
2909 3694 2968 3746 Εἰ
3001 3690 3058 3746 δὲ
3088 3698 3176 3745 καὶ
3208 3696 3264 3744 τὸ
3312 3692 3438 3764 ἐμόν
3494 3693 3690 3763 κρύφιον
3737 3679 3856 3748 ἄλγος

2316 3779 2430 3835 δέον
2486 3783 2698 3846 ἐξειπεῖν
2750 3786 2829 3835 ότι
2862 3802 2945 3835 σοι
2992 3787 3262 3856 παρέσχον
3318 3779 3576 3853 ἀφορμὴν,
3624 3771 3853 3828 δι’ἧςκα·

2314 3880 2418 3934 κῶς
2451 3873 2479 3915 b
2526 3871 2820 3943 βουληθεὶς,
2864 3869 3122 3929 ἐδυνήθης
3177 3872 3442 3942 γενέσθαι,
3503 3869 3633 3940 όρᾴς,
3687 3863 3740 3918 ὡς
3780 3861 3852 3906 τῶν

2319 3968 2420 4010 σῶν
2474 3957 2838 4033 ἀδικημάτων,
2888 3961 3043 4022 αὐτὸς
3093 3959 3313 4031 έμαυτὸν
3360 3961 3527 4010 αἴτιον
3565 3957 3654 4026 ἐγὼ
3694 3946 3849 4019 γράφω-

2313 4054 2376 4100 Τί
2418 4047 2476 4100 ἂν
2525 4046 2613 4101 οὖν
2655 4053 2748 4102 οἴει
2805 4055 2928 4111 τοὺς
2972 4049 3155 4111 ἄλλους
3205 4049 3367 4120 λέγειν
3418 4050 3538 4122 περὶ
3587 4043 3714 4114 ἐμοῦ»
3763 4035 3851 4084 ὅταν

2315 4146 2419 4199 τοῖς
2480 4146 2592 4200 σοῖς
2645 4136 2909 4205 ἀνιῶνται,
2963 4143 3052 4189 καὶ
3107 4146 3282 4210 φυγεῖν
3332 4137 3426 4189 οὐκ
3489 4139 3678 4206 ἔχουσι,
3724 4126 3768 4176 τὸ
3798 4135 3848 4189 5“

2319 4223 2591 4300 δυσφορεῖν
2632 4239 2655 4268 c
2690 4242 2702 4293 ;
2737 4233 2842 4286 πῶς
2872 4223 2931 4278 δε
2961 4234 3066 4286 τοῖς
3095 4225 3316 4292 ἐκείνων,
3357 4224 3489 4298 ἅπερ
3523 4221 3663 4277 αὐτὸς
3694 4209 3848 4300 ὃιέθον.

2317 4318 2645 4387 παθήμασιν,
2695 4315 2752 4366 οὗ
2808 4319 2893 4368 τὸν
2950 4317 3119 4366 κοινόν
3169 4318 3433 4371 Δεσπότην
3484 4312 3692 4384 εὑρήσειν
3748 4293 3850 4392 δνξ⁸

2317 4413 2464 4477 μενῆ,
2537 4403 2710 4478 ἀρχὴν
2770 4404 3161 4475 ἐγχειρήσαντα
3218 4398 3393 4473 ἀνδρὶ,
3560 4399 3849 4482 κρεῖσσονιην

2318 4502 2424 4556 τοῖς
2478 4503 2574 4546 τῶν
2626 4493 2927 4565 ἀρχομένων
2977 4492 3223 4563 ἐσχάτοις
3272 4481 3849 4572 ἀντεξετάζεσθαιςουτὺῗ

2319 4603 2380 4654 με
2405 4583 2707 4653 λογίζεσθαι
2749 4583 2928 4652 νόμιζε
2978 4587 3093 4652 περὶ
3129 4589 3220 4632 σοῦ
3243 4602 3254 4613 ο
3290 4584 3380 4632 καὶ
3420 4580 3464 4632 εἰ
3501 4581 3565 4648 μὴ
3608 4573 3760 4624 θᾶττον
3785 4573 3848 4609 καί

2320 4669 2483 4731 ἡδέως
2543 4678 2737 4722 σαυτοῦ
2791 4673 2855 4722 τα
2933 4668 3243 4742 ἀδικήματα
3311 4667 3611 4738 περικόψης,
3671 4655 3847 4743 (bar/AX?”

2321 4758 2447 4813 εἶναὶ
2497 4778 2606 4832 μοι,
2657 4758 2782 4832 ἐμοῦ
2831 4780 2884 4812 τε
2939 4765 3025 4812 καὶ
3080 4768 3171 4822 τῆς
3217 4758 3336 4820 ὅλης
3387 4737 3844 4811 Ἐχκ).ησία;,τελεον

2323 4868 2380 4902 σε
2413 4846 2690 4920 διακόψαι.

2953 5121 3170 5172 ΕΠΙΣΤ.
3211 5114 3291 5171 Ε’.

2606 5211 2844 5280 Γεωργίῳ
2871 5202 3227 5280 μητροπολίτη
3257 5209 3302 5257 Ν
3309 5196 3618 5277 ικοριηδείας.

1839 5317 2130 5366 Montacut.
2163 5315 2266 5380 (ep.
2297 5315 2375 5371 24,
2414 5329 2471 5378 p.
2513 5315 2617 5374 84).

631 5412 835 5472 Virum
882 5408 1143 5485 probum
1167 5413 1224 5466 et
1254 5409 1575 5465 honestum
1625 5411 1678 5466 te
1713 5407 2062 5481 praedicant,
2113 5405 2212 5479 qui

2397 5403 2562 5458 Καλόν
2595 5421 2649 5456 σε
2685 5406 2774 5454 καὶ
2807 5400 2999 5474 ἀγαθὸν
3045 5403 3092 5452 οἱ
3149 5398 3362 5452 αὐτόθεν
3403 5399 3685 5472 φημίξωσιν
3720 5377 3837 5435 ἧκον·

1904 5522 2136 5580 VARUE
2179 5521 2588 5580 LECTIONES.

615 5661 659 5698 ἐ
712 5653 791 5710 Ia.
833 5649 1090 5727 ἄρχοντα.
1166 5641 1198 5688 b
1250 5642 1532 5704 ἴσοκακός.
1607 5651 1634 5686 ο
1687 5637 2156 5718 ἶσ.δυσαρεστεῖν.

4003 2839 4005 2932 ι

4003 3357 4005 3500 i

4003 4209 4005 4346 Ψ
