4088 6214
256 270 367 327 825

1509 286 2016 349 EPISTOLARUM
2057 295 2272 355 LIBER
2310 298 2377 355 II.

3521 301 3626 358 826

255 419 342 502 τες
377 419 390 432 ο
422 403 512 502 καὶ
563 401 610 502 οἱ
638 404 728 474 μὲν
786 403 931 458 ἄλλοι
981 409 1315 482 θαυμάζουσι
1367 416 1665 485 χαίροντες.
1717 417 1850 469 Ἐσθ

1978 420 2054 476 ad
2085 438 2196 478 nos
2218 440 2254 480 a
2272 425 2440 481 vobis
2467 427 2780 484 accedunt.
2805 429 2912 485 Alii
2935 427 3180 502 quidem
3207 443 3345 484 cum
3365 429 3626 487 admira-

256 491 344 542 ὅτε
381 492 501 563 γὰρ,
558 492 840 558 ύπνοῦντος
869 504 961 549 τοῦ
1005 500 1219 570 φθόνου,
1287 499 1438 554 οὐδὲν
1485 504 1640 561 ἧττον
1672 506 1868 580 ἄνθρω-

257 599 349 632 ποι
402 587 512 641 τοῖς
557 579 807 649 ἀλλήλων,
867 588 897 646 ἣ
945 596 1050 650 τοῖς
1107 590 1296 656 αὐτῶν,
1354 590 1636 650 ἠδύνονται
1683 579 1867 668 κατορ-

261 671 525 741 θώμασιν,
591 670 720 743 Ἐγὼ
763 671 822 728 δὲ
871 683 1049 751 χαίρω
1101 684 1272 751 μόνον,
1330 685 1389 734 τὸ
1447 685 1730 756 θαυμάζειν
1778 685 1866 757 ἔφ-

258 763 453 831 έμενος.
507 759 580 812 Οὐ
623 765 723 836 γὰρ
775 766 995 837 ἠγνόουν
1045 788 1102 820 σε
1139 778 1372 822 τοιοῦτον
1427 775 1568 838 ὄντα,
1601 770 1714 826 οὐδ’
1745 772 1865 827 ἀνο-

259 853 449 922 μοίους
495 850 657 903 πάλαι
684 855 775 916 τὰς
831 853 1050 919 ἐλπίδας
1096 856 1240 931 εἶχον
1294 862 1419 932 ὅσγε
1456 868 1545 914 καὶ
1593 865 1749 924 θείαις
1777 883 1864 917 τε-

257 938 431 1002 λεταῖς
471 948 902 1014 μυστηωγήσας
952 948 1144 1021 ἱέρωσα
1175 968 1188 982 ο
1226 951 1510 1022 θαυμάζειν
1553 948 1603 1005 δ’
1630 953 1690 1004 ἄν
1716 949 1862 1027 οἶμαι

259 1031 611 1100 προαχθείην,
664 1034 708 1084 εἰ
746 1036 798 1084 τί
843 1052 938 1086 σου
981 1044 1084 1088 τῶν
1142 1043 1366 1112 τρόπων,
1426 1045 1515 1093 καὶ
1566 1049 1658 1094 τοῦ
1710 1041 1862 1114 ἔγνω-

262 1121 454 1189 σμὲνου
497 1122 677 1187 ἤθους,
734 1121 1128 1200 ἀλλοτριώτερον
1159 1125 1526 1203 διακούσαιμι.
1579 1131 1637 1185 Εἰ
1674 1129 1753 1199 δε,
1785 1138 1857 1206 μὴ

259 1208 465 1278 φεύγειν
541 1213 633 1269 τὴν
719 1210 944 1287 ἕφορίαν,
1004 1215 1078 1288 ἐφ’
1237 1225 1324 1270 νῦν
1378 1219 1630 1293 ἐτάχθης,
1691 1221 1860 1286 καλῶς

255 1299 620 1371 κατορθώσῃς,
679 1299 1003 1366 λειποταξίαν
1078 1312 1264 1379 κρίνων
1329 1315 1422 1368 τὴν
1490 1309 1858 1384 ἐπαινουμένην

253 1386 420 1438 πάλαι
465 1389 701 1461 ἡσυχίαν
737 1411 750 1426 ο
783 1399 838 1444 εῦ
893 1391 1028 1460 ῖσθι,
1085 1398 1153 1456 ὡς
1189 1404 1337 1451 τοῦτο
1367 1397 1428 1450 ἂν
1470 1400 1579 1471 ἅμα
1629 1405 1854 1473 χαίρων,

253 1480 347 1528 καὶ
375 1479 470 1530 σὺν
501 1481 580 1531 ὅτι
603 1480 835 1552 μάλιστα
864 1480 1055 1556 ἐπαίνῳ
1082 1487 1436 1560 θαυμάσαιμι.

883 1756 1092 1807 ΕΠΙΣΤ.
1126 1754 1223 1836 ς’.
1890 1778 1932 1832 Β

253 1855 474 1941 Ἰωάννῃ
572 1856 930 1941 μητροπολίτη
1047 1858 1372 1941 Ἡρακλείας,
1480 1871 1574 1925 τῆς
1673 1863 1855 1920 ίπανα-

325 1933 561 1990 στάσεως
642 1936 737 1990 τῆς
811 1934 943 1982 κατά
1052 1937 1145 1991 τὴν
1236 1933 1506 2008 Ἀρμενίαν
1606 1956 1849 1990 συνισταο

319 2019 446 2072 μενη
457 2020 498 2062 ς.

1976 511 2137 568 tione
2180 516 2483 584 gaudent;
2517 517 2595 573 ita
2625 519 2779 574 enim
2828 519 3124 574 interdum
3179 517 3260 583 ﬁt,
3318 523 3380 573 ut
3431 520 3624 591 sopito

1977 600 2181 669 livore,
2218 619 2339 660 non
2373 605 2572 662 minus
2604 607 2846 663 aliorum
2877 615 3032 664 recte
3064 608 3230 663 factis
3260 624 3446 680 quam
3474 611 3625 664 suis-

1973 697 2095 748 met
2115 693 2380 764 ipsorum
2411 696 2782 753 obiectantur
2802 698 3095 753 homines.
3128 701 3240 768 Ego
3267 699 3469 754 mirari
3495 700 3623 771 qui-

1973 781 2110 836 dem
2143 785 2332 849 mitto,
2368 788 2596 840 tantum
2619 787 2864 854 gaudeo.
2901 790 3099 858 Neque
3127 787 3286 842 enim
3317 791 3392 852 te,
3426 786 3622 859 qualis

1972 885 2123 935 eras,
2177 873 2552 942 ignorabam,
2600 892 2707 932 nec
2758 875 3083 933 dissimiles
3121 877 3244 947 jam
3292 875 3430 931 olim
3483 891 3621 948 spes

1971 959 2274 1032 fovebam;
2298 962 2524 1036 quippe
2537 965 2640 1038 qui
2657 966 2842 1021 sacris
2861 966 3327 1022 Christianorum
3343 964 3620 1020 institutis

1971 1050 2316 1124 episcopum
2347 1053 2640 1111 ordinavi.
2664 1055 2751 1110 Ad
2776 1055 3117 1112 mirandum
3153 1070 3312 1120 vero,
3346 1053 3618 1118 arbitror,

1971 1141 2370 1211 procederem,
2397 1142 2444 1197 si
2467 1144 2612 1216 quid
2635 1146 2996 1218 accepissem
3021 1145 3206 1201 fando
3230 1143 3618 1198 immutatum

1968 1230 2043 1286 de
2092 1230 2382 1300 moribus,
2428 1238 2486 1288 et
2529 1233 2675 1289 mihi
2705 1239 2842 1290 nota
2889 1235 3033 1290 satis
3083 1232 3446 1296 conditione,
3481 1230 3620 1288 tuis.

1968 1320 2138 1388 Quod
2167 1321 2214 1376 si
2244 1337 2365 1379 non
2389 1323 2796 1393 subterfugere
2820 1324 3211 1396 provinciam,
3247 1323 3305 1376 in
3332 1336 3455 1392 qua
3481 1335 3620 1375 con-

1967 1411 2203 1467 stitutus
2225 1429 2310 1477 es,
2336 1418 2485 1470 recte
2505 1419 2693 1468 tecum
2709 1419 2956 1482 statuas,
2975 1411 3367 1467 desertionem
3385 1408 3617 1464 ordinis

1965 1501 2319 1559 existimans
2347 1503 2653 1559 laudatam
2689 1503 2791 1558 tibi
2809 1503 2950 1558 olim
2978 1501 3476 1574 tranquillitatem,
3508 1513 3618 1553 no-

1965 1596 2092 1648 tum
2125 1591 2230 1647 tibi
2263 1592 2337 1648 sit
2365 1591 2530 1665 quod
2579 1592 2856 1648 affectum
2888 1593 3071 1647 istum
3104 1606 3238 1646 cum
3284 1587 3526 1659 gaudio,
3562 1590 3619 1642 et

1967 1697 2190 1752 magna
2220 1685 2398 1738 etiam
2427 1698 2564 1738 cum
2595 1681 2774 1736 laude
2799 1681 3149 1737 admirarer.

2621 1771 2836 1827 EPIST.
2874 1773 2960 1825 Vl.

1963 1864 2182 1922 Joanm'
2194 1862 2576 1919 Heracleensi
2591 1861 3148 1929 metropolitw,cum
3159 1873 3268 1929 per
3280 1855 3616 1913 Armeniam

2499 1933 2746 2002 defectio
2765 1933 3115 2004 agitaretur.

1557 2097 1847 2147 Montacut.
1879 2099 1984 2159 (ep.
2012 2095 2091 2150 28,
2120 2108 2172 2156 p.
2203 2094 2302 2152 87).

323 2187 722 2262 Ἀπηλγημίνας
779 2190 944 2254 λύπας
1003 2191 1240 2266 ἀριθμεῖς
1300 2192 1383 2246 ἐπὶ
1447 2203 1508 2267 τῇ
1567 2202 1698 2269 φορᾷ
1753 2204 1852 2248 τῶν

244 2283 518 2350 παρόντων
573 2288 762 2350 κακῶν,
821 2282 992 2355 ὥσπερ
1041 2282 1165 2334 ἑκὼν
1214 2286 1306 2344 τὰς
1364 2284 1636 2346 αἰσθήσεις
1686 2288 1848 2358 μύων,

243 2373 336 2420 καὶ
373 2368 466 2420 ούκ
511 2367 688 2422 ἐθέλων
743 2372 885 2446 όρᾷν.
942 2377 1134 2424 Σείεται
1193 2370 1446 2443 σχεδὸνῆ
1495 2373 1653 2429 Ἀσία
1704 2382 1852 2427 πᾶσα

245 2455 480 2529 ἐμφυλίῳ
551 2461 756 2526 στάσει,
810 2464 899 2512 καὶ
967 2461 1138 2521 πόλεις
1188 2459 1470 2535 αὔτανδροι
1534 2462 1850 2536 ὑποϐρύχιοι

243 2550 491 2620 φέρονται
516 2556 585 2618 τῷ
614 2556 782 2618 κακῷ,
810 2549 836 2600 ὁ
868 2546 927 2602 δὲ
952 2549 978 2590 ἀ
1005 2554 1096 2607 τὴν
1152 2553 1311 2625 φορὰν
1365 2554 1558 2610 ταύτην
1608 2551 1849 2625 ἐπισχεῖν

242 2633 458 2698 ἐλπίδες
509 2637 663 2702 ἦσαν,
697 2637 802 2710 οὐχ
831 2640 910 2690 ὅτι
963 2635 1112 2690 οὐδὲν
1143 2639 1422 2714 ἐπικουρεῖ,
1453 2640 1579 2692 ἀλλὰ
1604 2647 1692 2694 καὶ
1721 2646 1850 2714 πρὸς

243 2728 304 2778 τὸ
361 2723 626 2800 βάραθρον
680 2730 942 2793 συνωθῶν,
988 2727 1046 2780 ού
1094 2733 1258 2804 μικρὰ
1313 2728 1395 2782 ἐπὶ
1445 2734 1608 2803 τούτῳ
1655 2739 1844 2803 φρονεῖ.

245 2817 316 2868 Οἱ
344 2818 443 2889 γὰρ
487 2818 863 2888 καθηγούμενοι
907 2825 994 2870 τοῦ
1055 2827 1300 2892 στρατοῦ,
1359 2820 1508 2872 αὐτοὶ
1564 2824 1697 2873 κατά
1748 2830 1848 2874 τῶν

246 2901 522 2977 δυσμενῶν
565 2909 629 2957 τὰ
681 2906 812 2958 ὅπλα
865 2911 1028 2980 φέρειν
1092 2909 1324 2978 μεθέντες
1382 2908 1467 2978 (ἐῶ
1525 2906 1584 2963 δὲ
1639 2919 1746 2978 νῦν,
1784 2915 1848 2972 ὡς

242 2997 386 3046 κατά
441 3002 534 3056 τῆς
589 2991 734 3057 ἰδίας
781 2996 1002 3069 κεφαλῆς
1051 3002 1140 3049 καὶ
1199 2996 1372 3071 ἀρχῆς
1424 2997 1843 3067 ἐπανετείναντο),

245 3080 472 3136 ἀλλὀὖν
501 3083 615 3136 κατ’
665 3083 894 3144 ἀλλήλων
949 3091 1112 3158 φέρειν
1167 3091 1225 3138 τὸ
1277 3093 1648 3160 στρατιωτικὸν
1701 3088 1848 3165 ἐϐαρ-

243 3170 515 3246 ϐάρωσαν,
564 3177 680 3226 οὔτε
743 3175 964 3248 θεσμοὺς
1019 3177 1198 3242 θείους,
1253 3179 1369 3229 οὔτε
1407 3176 1755 3253 ἀνθρωπίνους
1799 3179 1846 3232 ἐν

239 3261 382 3334 λόγῳ
438 3264 803 3335 ποιησάμενοι.
857 3270 970 3325 Πῶς
994 3267 1086 3316 ο¹ίει
1127 3269 1220 3323 την
1273 3265 1420 3317 πόλιν
1472 3272 1560 3319 καὶ
1602 3271 1718 3328 τοὺς
1750 3267 1848 3342 βα-

1881 3042 1921 3098 C

241 3350 410 3412 σιλεῖς
458 3352 666 3418 αύτούς,
716 3353 761 3405 εἰ
815 3351 992 3425 βούλει
1027 3350 1085 3405 δε
1114 3358 1203 3406 καὶ
1247 3356 1402 3427 ἡμᾶς,
1443 3356 1527 3408 ἐπὶ
1557 3355 1846 3430 τηλικούτῳ

239 3437 546 3494 διακεῖσθαι
602 3443 749 3494 πάθει
794 3441 935 3510 ςἈν
989 3439 1048 3494 δὲ
1105 3446 1162 3495 τό
1213 3447 1379 3496 κοινόν
1418 3443 1632 3518 λωφήσῃ
1664 3449 1844 3511 κακὸν,

232 3530 472 3602 λωφήσει
523 3527 601 3596 δε,
660 3533 836 3592 (τοῦτο
873 3535 975 3605 γὰρ
1026 3535 1083 3584 τό
1117 3532 1237 3584 εύθὺ
1286 3541 1374 3593 τῆς
1427 3531 1584 3596 δίκης
1630 3540 1719 3587 καὶ
1766 3536 1848 3588 λί-

232 3639 350 3692 γειν
404 3619 688 3685 ἀναπείθει,
737 3626 826 3672 καὶ
884 3620 1088 3690 ἐννοεῖν)
1154 3623 1434 3693 οἰχήσεται
1491 3629 1580 3675 καὶ
1646 3627 1710 3675 τὰ
1773 3624 1847 3676 ἕν-

235 3709 506 3781 οχλοῡντα
559 3708 762 3781 ἑκάστῳ
805 3715 895 3761 καὶ
951 3707 1061 3783 ἰδίᾳ
1108 3712 1331 3782 λυπηρὰ,
1409 3721 1507 3763 τῶν
1552 3717 1717 3782 νόμων
1765 3711 1847 3764 ἐπὶ

235 3802 337 3856 τὴν
375 3795 514 3849 ἰδίαν
574 3798 736 3870 ἰσχύν
785 3797 1173 3870 ἀνενεγκόντων,
1224 3805 1309 3850 καὶ
1363 3807 1460 3852 τῶν
1510 3796 1709 3852 ἀδικεῖν
1741 3800 1848 3853 ίπι-

238 3890 581 3961 χειρούντων,
620 3888 648 3946 ἣ
690 3893 780 3940 καὶ
820 3884 1205 3955 ἀδικησάντων,
1257 3893 1350 3946 τὴν
1396 3885 1550 3946 δίκην
1601 3888 1849 3941 ἀπαιτου-

239 3981 428 4049 μένων.
459 3975 722 4050 Ἒῤῥωσο,

880 4251 1091 4299 ΕΠΙΣΤ.
1139 4247 1220 4302 Ζ’.

523 4329 778 4408 Θεοδώρῳ
823 4334 1178 4410 μητροπόλει-ῃ
1227 4331 1559 4398 Λαοδικείας.

2034 2196 2307 2250 Mmrores
2347 2191 2684 2246 insensatos
2728 2203 3048 2244 enumeras
3097 2188 3158 2244 in
3226 2189 3610 2262 prassentium

1965 2283 2260 2340 malorum
2302 2279 2641 2346 diifusione,
2678 2278 2926 2350 perinde
2975 2294 3044 2334 ac
3077 2279 3122 2333 si
3155 2295 3370 2335 sensus
3402 2279 3613 2336 volun-

1964 2373 2105 2428 tarie
2130 2370 2492 2437 occluseras,
2523 2384 2719 2441 neque
2749 2369 2989 2423 animus
3021 2374 3178 2423 esset
3205 2369 3394 2424 oculis
3439 2385 3610 2424 usur-

1962 2478 2122 2533 pare.
2169 2460 2451 2516 Universa
2483 2474 2629 2530 pene
2677 2457 2812 2513 Asia
2843 2457 3118 2513 intestina
3157 2458 3488 2513 concutitur
3526 2474 3612 2512 se-

1959 2552 2182 2607 ditione
2207 2569 2220 2617 ;
2246 2548 2556 2605 civititates
2581 2564 2720 2604 cum
2743 2552 2864 2602 tota
2883 2546 3208 2602 incolarum
3235 2546 3611 2602 multitudine

1961 2640 2121 2696 malo
2150 2640 2418 2695 feruntur
2447 2636 2716 2703 involuti,
2748 2641 2802 2692 et
2827 2635 3102 2692 suﬂocati
3136 2636 3332 2692 undis.
3360 2635 3469 2701 Qui
3496 2636 3613 2691 rui-

1960 2746 2099 2786 nam
2126 2729 2284 2784 hanc
2315 2731 2609 2798 concepta
2648 2741 2752 2798 spe
2783 2723 3190 2780 suﬂulciturus
3230 2724 3606 2796 credebatur,

1959 2835 2079 2876 non
2107 2818 2285 2874 modo
2320 2816 2463 2872 nihil
2487 2814 2695 2872 auxilii
2726 2819 2989 2887 prastat,
3014 2814 3115 2869 sed
3133 2815 3190 2869 in
3222 2813 3609 2886 praecipitium

1957 2925 2050 2965 res
2106 2907 2402 2972 deturbat,
2458 2911 2636 2978 atque
2684 2920 2816 2960 eam
2865 2903 2943 2960 ob
2973 2919 3099 2960 rem
3159 2903 3412 2973 gloriose
3442 2903 3518 2960 de
3547 2919 3610 2959 se

1959 2998 2152 3053 sentit.
2191 2996 2562 3052 Exercituum
2593 2994 2888 3058 ductores,
2921 2994 3150 3048 omisso
3180 2993 3239 3048 in
3284 2993 3485 3048 hostes
3514 3008 3610 3049 ca-

1959 3086 2395 3160 pessendorum
2417 3099 2711 3141 armarum
2731 3088 2864 3139 actu
2879 3082 3011 3154 (nec
3028 3081 3218 3138 refero
3237 3087 3610 3153 quantopere

1958 3177 2018 3232 in
2065 3175 2373 3249 proprium
2423 3173 2695 3246 ipsorum
2744 3176 2927 3243 caput
2964 3175 3019 3226 et
3045 3171 3365 3242 imperium
3404 3170 3608 3241 conju-

1956 3266 2108 3337 rent)
2157 3264 2218 3319 in
2248 3266 2435 3320 semet
2464 3266 2692 3327 mutuo,
2725 3259 3126 3317 barbarorum
3176 3275 3364 3328 more,
3411 3264 3610 3317 castra

1957 3359 2210 3419 movent,
2258 3352 2340 3408 nil
2370 3351 2530 3422 leges
2562 3349 2664 3406 Dei
2693 3349 2880 3416 veriti,
2932 3348 3015 3404 nil
3045 3347 3346 3404 humanos
3377 3347 3612 3405 reveriti

1959 3461 2174 3500 mores.
2227 3441 2542 3508 Quomodo
2586 3444 2781 3512 putas,
2818 3440 2983 3504 urbs,
3039 3437 3430 3510 imperatores
3472 3437 3610 3509 ipsi,

1958 3536 2138 3590 etiam
2165 3547 2294 3597 nos,
2320 3531 2370 3586 si
2400 3528 2568 3594 velis,
2588 3527 2884 3584 afﬂcimur
2905 3528 3020 3584 hac
3040 3532 3205 3584 tanta
3233 3524 3614 3582 calamitate?

1958 3622 2128 3690 Quod
2162 3621 2208 3676 si
2260 3634 2582 3676 commune
2614 3619 2726 3674 hoc
2774 3618 3049 3691 quiescat
3079 3617 3334 3682 malum,
3367 3615 3616 3671 omnino

1958 3719 2158 3768 autem
2186 3709 2570 3782 conquiescat
2602 3708 2704 3779 (ita
2733 3708 2892 3763 enim
2924 3713 2984 3764 ut
3014 3707 3337 3779 loquamur
3371 3721 3617 3777 persua-

1958 3800 2337 3872 detjustitia),
2352 3797 2718 3853 simuletiam
2733 3798 3056 3853 evaniturae
3077 3801 3238 3860 sunt,
3254 3811 3390 3867 quas
3414 3810 3620 3866 quem-

1958 3890 2095 3946 libet
2123 3889 2398 3960 privatim
2434 3890 2648 3955 urgent
2677 3885 3086 3950 calamitates;
3122 3891 3382 3938 veterem
3415 3885 3532 3937 vim
3562 3887 3619 3938 et

1959 3979 2225 4036 debitam
2247 3975 2603 4033 obtinebunt
2625 3973 2782 4043 leges
2809 3992 2822 4041 ;
2846 3974 2920 4029 de
2943 3973 3013 4028 iis
3035 3974 3139 4045 qui
3159 3972 3358 4042 injusti
3389 3971 3616 4042 aliquid

1960 4071 2292 4143 patrarunt,
2311 4071 2369 4123 et
2392 4067 2608 4138 injuste
2626 4069 2862 4137 patrare
2877 4063 3234 4130 volentibus,
3259 4058 3617 4133 supplicium

1961 4163 2248 4215 sumetur.
2279 4159 2442 4213 Vale.

2603 4242 2822 4299 EPIST.
2859 4243 2972 4299 VII.

2255 4334 2555 4392 Theodoro
2585 4335 2978 4404 metropolin
3020 4329 3329 4386 Laodicew.

1550 4445 1838 4498 Montacut.
1863 4451 1968 4513 (ep.
1998 4447 2075 4505 40,
2116 4458 2168 4508 Ρ·
2202 4444 2298 4506 98)·

316 4529 375 4581 Εἰ
443 4525 660 4582 στάδιόν
741 4528 881 4584 ἐστιν
935 4533 959 4583 ὁ
1008 4537 1186 4606 παρὼν
1240 4531 1377 4604 βίος,
1429 4531 1660 4586 ἐπάθλων
1705 4533 1763 4589 δε
1807 4539 1836 4596 ἡ

236 4616 427 4671 ἐκεῖθεν
484 4617 714 4671 πολιτεία
747 4637 758 4648 ·
793 4625 863 4691 μὴ
917 4622 1152 4693 θαύμαζε
1197 4622 1240 4674 εἰ
1297 4631 1396 4674 τῶν
1452 4621 1669 4674 δικαίων
1716 4630 1844 4687 τινες

238 4706 463 4760 ἐνταῦθα
527 4708 903 4780 ταλαιπωρίαις
986 4711 1292 4777 παλαίουσι,
1368 4711 1495 4763 ἀλλά
1559 4713 1748 4784 μᾶλλον
1802 4713 1844 4766 εἲ

237 4816 373 4860 τινες
406 4806 505 4850 τῶν
559 4796 769 4869 ἀγώνων
822 4804 910 4851 καὶ
949 4801 1115 4852 ἄθλων
1165 4807 1254 4853 καὶ
1312 4805 1492 4874 καιρόν
1545 4808 1634 4854 καὶ
1688 4810 1844 4856 τόπον

242 4889 524 4958 στεφάνων,
570 4889 765 4960 ἡμέραν
809 4893 897 4940 καὶ
929 4887 1258 4963 ἀναρρήσεως
1311 4889 1462 4963 βῆμα
1515 4891 1840 4963 νομίζουσιν·

870 5071 1082 5120 ΕΠΙΣΤ.
1119 5067 1206 5123 Η’.

669 5155 902 5228 Ἰγνατίῳ
921 5153 1187 5228 ίπισκόπῳ
1211 5161 1414 5230 Λόγων.

2027 4536 2088 4592 Si
2141 4535 2406 4592 stadium
2456 4533 2578 4589 vita
2626 4546 2895 4605 prmsens
2957 4529 3145 4594 fuerit,
3206 4525 3615 4599 praemiorum,

1954 4643 2093 4699 quae
2141 4631 2394 4680 ventura
2426 4627 2534 4689 est,
2567 4621 2770 4693 politia
2799 4621 2925 4675 erit.
2961 4618 3086 4674 Noli
3117 4615 3319 4672 mirari
3349 4613 3396 4668 si
3429 4614 3619 4683 justo-

1954 4731 2088 4770 rum
2123 4713 2306 4787 aliqui
2338 4729 2476 4767 cum
2535 4710 2784 4766 miseriis
2813 4707 2907 4763 hic
2940 4705 3365 4762 colluctentur:
3419 4701 3614 4770 magis

1955 4810 2158 4858 autem
2192 4803 2406 4865 multo,
2437 4801 2484 4854 si
2516 4801 2615 4870 qui
2648 4803 2849 4852 rentur
2879 4797 3036 4851 idem
3065 4810 3197 4849 esse
3228 4799 3463 4863 tempus
3496 4805 3620 4846 cer-

1955 4892 2249 4947 taminum
2273 4894 2329 4944 et
2343 4890 2540 4944 locum
2559 4880 3618 4950 coronarum,diemmanifestationis

1955 4987 2010 5036 et
2031 4979 2240 5053 judicii
2282 4975 2562 5035 tribunal.

2582 5065 2796 5121 EPIST.
2834 5063 2980 5118 VIII.

2305 5157 2543 5229 Ignatio
2583 5154 2922 5224 Lophorum
2963 5153 3252 5224 episcopo.

1521 5274 1815 5326 Montacut.
1851 5277 1955 5341 (ep.
1989 5277 2068 5332 69,
2099 5290 2149 5340 p.
2190 5276 2319 5336 120).

309 5377 590 5442 Δυσφορεῖς
653 5376 742 5424 καὶ
797 5373 1000 5444 θρηνεῖς
1053 5375 1142 5424 καὶ
1195 5374 1259 5424 τὰ
1314 5371 1419 5424 οἷνω
1466 5373 1608 5425 κάτω
1657 5381 1838 5440 ποιεῖς,

234 5462 318 5513 ὅτι
372 5477 432 5512 σε
498 5464 699 5533 ταχέως
763 5461 922 5522 οὕτως
981 5465 1071 5514 καὶ
1146 5456 1391 5534 ἀφειδῶς,
1456 5463 1526 5524 ὡς
1584 5463 1838 5536 νομίζεις,

2026 5373 2170 5431 Male
2192 5379 2246 5430 te
2274 5372 2469 5440 habet,
2493 5371 2800 5444 deploras,
2830 5387 3068 5427 sursum
3093 5370 3380 5425 deorsum
3411 5367 3615 5424 omnia

1955 5463 2189 5529 misces,
2221 5463 2382 5536 quod
2411 5467 2468 5519 te
2519 5467 2643 5520 tam
2683 5462 2819 5528 cito,
2871 5466 2929 5519 et
2955 5466 3079 5518 tam
3111 5458 3494 5517 vehementer
3525 5456 3615 5529 (ut

1587 5579 1828 5636 VARUE
1866 5579 2262 5637 LECTIONES.

324 5690 351 5734 ά
387 5693 468 5752 Ic.
493 5689 619 5753 ὧδε.
