4088 6214
513 225 620 284 827

1750 225 1984 282 ΡΗΟΤΙΙ
2025 228 2492 286 PATBIARCHE
2525 229 2637 288 GP.

3762 230 3846 288 828

511 349 684 420 reris)
729 349 854 404 sine
884 353 1160 420 respectu
1192 349 1534 405 taxaverim.
1571 352 1690 418 Ego
1721 353 1774 407 te
1805 367 1924 407 non
1973 353 2163 408 minus

2292 351 2582 427 ἔπληξαμεν.
2629 353 2760 426 Ἐγὼ
2816 350 2876 406 δέ
2929 351 3078 408 οὐδὲν
3124 354 3350 419 ἔλαττον,
3383 356 3469 407 ὅτι
3506 358 3721 407 σεαυτὸν
3765 375 3852 408 τοι.

513 439 745 504 incuso,
780 439 883 510 qui
917 447 968 495 te
1012 440 1260 510 dignum
1301 438 1534 493 dederis
1562 438 1725 495 hisce
1754 441 2166 512 reprehensio-

515 529 713 594 nibus,
747 533 803 582 et
848 545 954 583 nos
999 527 1272 596 adegeris
1303 535 1362 582 ut
1393 528 1468 582 ad
1503 528 1615 582 ista
1646 529 1916 597 dicenda,
1953 537 2167 602 praeter

516 618 1034 682 consuetudinem,
1094 617 1535 672 accederemus.
1595 618 1652 674 Si
1707 624 1906 674 autem
1965 635 2167 676 revera

516 723 838 780 percussus
859 705 1058 770 fueris,
1083 709 1140 760 et
1167 705 1524 777 profundius
1550 709 1943 778 penetraverit
1974 724 2168 781 repre-

515 797 879 852 hensionum
912 795 1135 866 cuspis,
1165 800 1284 850 tute
1313 795 1666 862 declarabis,
1695 797 1842 852 dum
1873 797 1972 854 illa
2006 815 2170 855 aver-

519 887 688 952 seris,
720 901 854 956 quae
890 883 1058 938 telum
1089 884 1202 939 hoc
1233 900 1269 939 a
1298 884 1476 940 nobis
1506 892 1898 943 exlorserunt.
1934 891 2017 943 Ita
2048 887 2171 960 pla-

517 991 657 1046 gam
717 972 820 1029 tibi
859 973 1176 1044 ingestam,
1220 989 1325 1045 per
1363 975 1463 1029 Dei
1517 975 2008 1045 misericordiam,
2050 992 2169 1032 non

517 1063 698 1120 modo
729 1061 1103 1135 persanaturi
1130 1078 1349 1128 sumus,
1371 1063 1474 1118 sed
1497 1063 1782 1138 deinceps
1816 1070 1867 1120 te
1895 1068 1960 1121 ut
1983 1080 2170 1122 mem-

513 1143 694 1200 brum
724 1144 912 1200 nostri
943 1143 1211 1215 corporis
1242 1144 1717 1201 confovebimus.

1157 1233 1373 1290 EPIST.
1428 1235 1526 1290 1X.

807 1340 1108 1398 Theodoro
1137 1342 1531 1412 metmpolitw
1560 1342 1879 1400 Laodiceae.

2277 447 2437 496 ούτων
2490 444 2632 507 ἄξιον
2693 448 3108 518 παρεσκεύασας,
3161 449 3250 496 καὶ
3299 446 3439 516 ἡμᾶς
3513 444 3692 508 ἐλθεῖν,
3743 452 3856 518 παρὰ

2276 536 2334 586 τὸ
2387 536 2630 606 ἡμέτερον
2673 531 2816 602 ἦθος,
2871 533 2942 595 εἰς
2999 538 3120 596 τοὺς
3171 539 3286 608 περὶ
3336 537 3390 586 σε
3421 533 3614 604 λόγους
3659 535 3856 604 ἠνάγκα-

2281 644 2395 686 σας.
2427 624 2486 678 Ei
2511 621 2559 677 δ’
2589 622 2794 684 ἀληθῶς
2824 622 3069 696 ἐπλήγης,
3111 629 3200 676 xui
3255 627 3418 696 μέχρι
3478 621 3683 694 βάθους
3730 627 3755 682 ἡ
3785 634 3859 676 τῶν

2278 712 2505 785 ἐλέγχων
2555 713 2694 785 ἀκμὴ
2747 714 2986 785 ἔφθασεν,
3044 709 3232 776 δείξεις
3283 711 3452 764 ἐκεῖνα
3505 718 3702 784 φυγὼν,
3751 711 3862 765 δι’ἓι

2277 807 2332 855 τὸ
2365 802 2515 876 βέλος
2567 809 2872 875 αφὴκαμεν·
2917 807 3007 854 καὶ
3056 810 3152 854 σοῦ
3205 807 3297 861 τὴν
3350 800 3566 872 πληγὴν
3628 806 3719 854 σὺν
3746 801 3860 875 ἀμί-

2278 897 2388 964 νείᾳ
2419 893 2533 944 θεοῦ
2586 891 2644 943 οὔ
2697 897 2851 963 μόνον
2905 889 3238 962 ίξιασὸμεθα,
3289 888 3416 942 ἀλλά
3473 895 3569 943 καὶ
3617 895 3675 942 τὸ
3715 889 3862 943 λοιπόν

2281 985 2350 1044 ὡς
2379 981 2563 1055 με’λους
2602 980 3071 1053 ἁντιποιησόμεθα.

2914 1255 3124 1304 eum.
3179 1247 3258 1306 θ’.

2594 1335 2853 1416 Θεοδώρῳ
2872 1338 3229 1414 μητροπολίτη
3260 1335 3602 1399 Λαοδικείας.

1787 1467 2078 1518 Montacut.
2110 1468 2213 1532 (ep.
2248 1467 2328 1524 70,
2359 1480 2412 1530 p.
2464 1466 2594 1526 120).

594 1581 834 1637 Occasio
857 1596 1037 1648 nunc,
1067 1597 1103 1638 ο
1128 1581 1339 1649 amice,
1375 1581 1639 1650 offertur,
1673 1583 1722 1639 si
1747 1583 1872 1656 ipse
1899 1583 2174 1648 volueris,

2356 1589 2464 1636 Νῦν
2493 1584 2695 1654 καιρὸς,
2746 1577 2784 1632 ὦ
2815 1579 2943 1653 φίλε,
2979 1579 3022 1633 εἰ
3052 1578 3230 1652 βούλει
3279 1575 3357 1645 δε,
3407 1583 3505 1631 καὶ
3560 1582 3727 1632 τέκνον
3770 1578 3853 1650 iui

523 1675 788 1727 etnoster
802 1670 961 1726 ﬁlius
978 1671 1252 1737 exsistas,
1277 1672 1370 1727 vel
1389 1671 1622 1727 minime
1643 1673 2016 1728 reformidare
2035 1689 2179 1727 mor-

523 1760 730 1817 talium
773 1759 991 1825 minas,
1029 1760 1174 1816 dum
1207 1761 1516 1816 immotum
1549 1769 1600 1816 te
1630 1767 1868 1834 praestes
1917 1761 2178 1817 veritatis

524 1847 826 1914 athletam,
855 1848 1074 1905 illustre
1107 1849 1356 1906 laudum
1386 1851 1756 1922 praeconium
1781 1851 1854 1907 de
1878 1852 2025 1907 coelo
2044 1865 2180 1906 con-

523 1939 715 2010 sequi,
739 1945 794 1994 et
823 1939 1106 1994 victorem
1130 1939 1352 1996 ibidem
1377 1941 1668 1997 declarari
1697 1958 1709 1997 :
1734 1941 1827 1998 vel
1857 1941 2004 1997 dum
2030 1939 2179 1996 veri-

523 2033 705 2084 tatem
748 2027 976 2099 prodis,
1026 2033 1082 2084 et
1121 2029 1391 2100 proditor
1443 2030 1725 2102 censeris,
1769 2030 2085 2104 temporali
2127 2034 2184 2087 et

521 2115 707 2173 ﬂuida
737 2115 1040 2189 voluptate
1071 2125 1125 2174 et
1156 2117 1344 2189 gloria
1374 2118 1507 2176 frui.

1197 2207 1414 2264 EPIST.
1448 2209 1509 2264 X.

1229 2296 1460 2354 Eidem.

2287 1691 2451 1746 τερον,
2485 1671 2514 1729 ἦ
2562 1673 2650 1729 τὰς
2694 1669 2746 1732 ἐξ
2795 1669 3073 1742 ἀνθρώπων
3121 1667 3332 1729 ἀπειλὰς
3371 1668 3432 1720 ού
3470 1665 3706 1730 δεδιότα,
3755 1664 3870 1739 arti»

2287 1761 2374 1836 ῥόν
2421 1759 2641 1833 ὀφθῆναι
2691 1767 2787 1820 τῆς
2837 1757 3079 1820 ἀληθείας
3134 1759 3468 1832 ὑπέρμαχον,
3526 1761 3620 1809 xui
3667 1755 3871 1826 λαμπρᾶς

2287 1857 2468 1922 τυχεῖν
2534 1856 2629 1910 τῆς
2705 1847 2892 1900 ἐκεῖθεν
2969 1848 3224 1920 εὐφημίας
3276 1852 3365 1900 καὶ
3443 1845 3865 1921 ἀναῤῥάσεως·ἑ

2289 1942 2593 2013 προσκαίρῳ
2619 1941 2709 1989 xui
2761 1937 2954 2012 ῥεούσῃ
2987 1933 3153 2009 ἡδονῇ
3212 1941 3299 1989 καὶ
3346 1932 3483 2008 δόξῃ
3520 1931 3771 2009 προδότην
3796 1939 3868 1990 τῆς

2291 2025 2471 2081 ἁῐδίου
2497 2032 2586 2081 καὶ
2617 2025 2744 2080 εἶναι
2769 2030 2858 2079 καὶ
2884 2026 3254 2098 ὀνομάζεσθαι.

2933 2209 3148 2259 ΕΠΙΣΤ.
3196 2202 3249 2257 Γ.

2960 2301 3043 2368 Τῷ
3064 2294 3226 2366 αύτῷ.

1794 2405 2092 2456 Montacut.
2115 2405 2220 2469 (ep.
2255 2404 2334 2462 71,
2355 2419 2408 2468 p.
2467 2405 2601 2467 120).

595 2516 657 2572 Si
725 2517 863 2574 ﬁnis
934 2518 1217 2576 doctrinae
1270 2527 1326 2576 et
1394 2520 1775 2578 institutionis
1847 2521 1923 2577 sit
1964 2521 2196 2594 pudore

526 2606 786 2677 suipsius
800 2608 1284 2673 teneri,extremar
1299 2609 1470 2666 fuerit
1487 2610 1901 2667 ineruditionis
1920 2626 2195 2667 necessse

526 2701 636 2761 est,
687 2695 850 2752 nullo
913 2696 1164 2754 aliorum
1197 2699 1426 2770 pudore
1473 2701 1719 2757 moveri.
1751 2705 1820 2757 At
1853 2700 2089 2772 gloriari
2119 2700 2194 2756 de

526 2783 597 2838 iis
615 2801 752 2858 quae
773 2785 1129 2843 occultanda
1160 2789 1355 2861 potius
1377 2788 1630 2858 fuerant,
1655 2791 1937 2847 terminos
1962 2789 2194 2846 excedit

525 2873 808 2932 humanm
848 2876 1266 2948 improbitatis.

1183 2968 1395 3025 EPIST.
1434 2970 1535 3024 ΧΙ.

848 3054 1146 3114 Theodoro
1160 3060 1548 3130 metropolitas
1562 3059 1872 3116 Laodiceae.

2377 2521 2438 2574 Εἰ
2466 2520 2603 2582 τέλος
2649 2515 2898 2582 παιδείας
2919 2521 2978 2572 τὸ
3010 2518 3191 2571 ἑαυτὸν
3246 2516 3629 2590 αἰσχύνεσθαι,
3667 2512 3869 2584 ἓσχάτης

2305 2606 2654 2672 ἀπαιδευσίας
2706 2613 2764 2662 τὸ
2800 2605 2939 2682 μηδὲ
2991 2611 3115 2669 τοὺς
3162 2606 3350 2668 ἄλλους
3395 2605 3779 2679 αἰσχύνεσθαιο
3819 2602 3863 2651 τὸ

2305 2698 2364 2755 δε
2409 2705 2498 2753 καὶ
2563 2698 2637 2772 ἐφ’
2695 2700 2772 2761 οἷς
2819 2697 3237 2770 ἐγκαλύπτεσθαι
3303 2704 3593 2771 προσῆκεν,
3652 2688 3868 2764 ίγκιλλω·

2301 2790 2574 2858 πίζεσθαι,
2606 2790 2875 2864 ὑπερόριον
2905 2790 2990 2840 xui
3021 2793 3112 2847 τῆς
3165 2784 3498 2858 ἀνθρωπίνης
3526 2787 3720 2843 κακίας.

2922 2969 3132 3018 ΕΠΙΣΤ.
3169 2962 3278 3018 1Α¹.

2586 3051 2844 3126 Θεοδώρῳ
2874 3051 3232 3126 μητροπολίτῃ
3265 3047 3614 3110 Λαοδικείας,

1800 3183 2089 3234 Montacut.
2117 3186 2220 3245 (ep.
2252 3181 2329 3237 87,
2356 3194 2408 3244 p.
2447 3180 2576 3241 132).

598 3298 738 3362 Quaa
768 3298 841 3354 de
874 3302 927 3354 te
957 3298 1140 3354 fando
1181 3300 1541 3371 accepimus,
1567 3300 1617 3355 si
1646 3316 1782 3356 vera
1808 3304 1964 3364 sunt,
1995 3299 2196 3355 tardor

527 3386 794 3456 quidem,
828 3393 882 3442 et
913 3387 1010 3442 vix
1039 3393 1103 3443 tu
1133 3389 1330 3460 qualis
1381 3389 1483 3452 sis,
1537 3388 1795 3444 intellexi
1828 3405 1842 3454 ;
1876 3389 1964 3443 sin
2020 3387 2191 3446 falsa,

527 3474 664 3546 quis
695 3474 894 3530 fueras
927 3475 1002 3531 ab
1055 3476 1222 3532 initio
1256 3477 1531 3547 cognovi.
1587 3477 1650 3530 In
1699 3482 1996 3548 quantum
2052 3491 2194 3546 ergo

527 3563 723 3618 virum
749 3563 919 3620 decet
948 3580 1078 3620 esse
1109 3564 1338 3620 bonum
1370 3572 1426 3621 et
1457 3566 1800 3630 honestum,
1827 3581 1944 3621 non
1966 3565 2192 3621 malum

528 3655 586 3706 et
615 3650 983 3722 improbum,
1019 3658 1075 3709 et
1103 3669 1196 3709 me
1228 3654 1509 3723 gaudere,
1536 3669 1655 3710 non
1676 3671 1821 3727 aegre
1841 3654 2010 3720 ferre,
2029 3655 2194 3726 quod

528 3744 584 3796 te
615 3739 875 3795 amicum
909 3741 1056 3797 mihi
1086 3741 1401 3799 conciliavi
1432 3761 1450 3810 ;
1499 3743 1558 3798 in
1611 3748 1841 3800 tantum
1875 3747 1926 3799 te
1965 3748 2196 3815 oportet

527 3829 748 3884 evitare
771 3829 1032 3904 illa,quae
1056 3846 1252 3887 rumor
1269 3837 1357 3888 est
1377 3838 1430 3888 te
1453 3837 1821 3905 perpetrare;
1849 3837 1980 3889 esto
2001 3837 2194 3889 autem

527 3919 724 3974 omnis
753 3918 882 3976 haec
912 3919 1095 3988 fama,
1132 3937 1357 3993 precor,
1391 3921 1630 3978 veritate
1660 3921 1964 3979 destituta.

1169 4011 1393 4069 EPIST.
1441 4013 1554 4068 Xll.

669 4099 982 4169 Eulampio
1036 4101 1477 4171 archiepiscopo
1523 4107 1578 4158 et
1617 4100 2053 4172 sceuophylaci.

2373 3295 2536 3368 Ἀπερ
2595 3294 2846 3366 ἀκούομεν
2896 3299 3012 3366 περὶ
3059 3300 3172 3358 σοῦ,
3205 3293 3249 3345 εἰ
3274 3295 3363 3364 μὲν
3397 3291 3571 3349 ἀληθῆ
3625 3289 3761 3352 εἰσιν,
3789 3283 3864 3353 ὀψε

2302 3391 2391 3439 καὶ
2421 3385 2570 3458 μόλις
2598 3391 2918 3456 γινώσκομεν
2947 3386 3087 3445 ὅστις
3119 3381 3166 3435 εἷ
3197 3403 3208 3416 ·
3245 3382 3287 3434 εἰ
3311 3379 3368 3434 δὲ
3401 3377 3602 3452 ψευδῆ,
3651 3377 3860 3450 ἁπαρχῆς

2305 3479 2525 3547 ἔγνωμεν
2583 3477 2687 3549 ἄρα
2739 3476 2880 3534 ὅστις
2937 3470 2998 3527 εἷ.
3048 3471 3196 3543 Ὀσῳ
3237 3468 3323 3524 οὖν
3373 3467 3611 3542 διαφέρει
3633 3466 3769 3518 καλὸν
3791 3465 3859 3511 καὶ

2306 3563 2500 3636 ἀγαθὸν
2551 3560 2679 3616 εἶναι
2729 3570 2819 3615 τοῦ
2885 3561 3074 3635 φαῦλον
3144 3565 3233 3612 xui
3286 3561 3568 3634 μοχθηρὸν
3615 3555 3852 3630 γίνεσθαι·

2303 3651 2436 3725 κάμὲ
2483 3657 2689 3724 χαίρειν
2745 3650 2859 3703 ἀντὶ
2935 3657 3025 3703 τοῦ
3095 3645 3396 3721 δυσφορεῖν,
3453 3647 3529 3720 ἐφ’
3670 3663 3720 3696 σε
3745 3640 3857 3714 φᾶον

2303 3745 2654 3814 ἐποιησάμην,
2688 3747 2936 3792 τοσοῦτον
2967 3735 3048 3791 δεῖ
3080 3757 3136 3791 σε
3176 3745 3352 3810 φυγεῖν
3384 3737 3421 3789 οἷ
3453 3741 3512 3789 σί
3540 3738 3664 3806 φασί
3688 3737 3822 3784 ποιεῖν
3843 3746 3854 3759 '

2305 3831 2380 3890 εἰη
2469 3827 2548 3895 δὲ,
2617 3833 2819 3883 πάντων
2911 3830 3075 3893 ἕνεκα,
3153 3835 3249 3890 τῆς
3315 3825 3557 3886 ἀληθείας
3626 3817 3852 3896 ἤρεμοςὴ

2305 3927 2472 3994 φήμη.

2927 4012 3140 4062 ΕΠΙΣΤ.
3174 4003 3270 4060 ΙΒ’.

2483 4097 2765 4171 Εὗλαμπίῳ
2796 4095 3200 4171 ἀρχιεπισκὸπῳ
3235 4099 3326 4147 καὶ
3357 4091 3710 4166 σκευοφύλακι.

1811 4225 2104 4275 Montacut.
2133 4225 2236 4288 (ep.
2265 4226 2344 4283 95,
2377 4239 2428 4290 p.
2457 4225 2584 4281 135).

551 4399 557 4412 ί
602 4344 725 4397 Non
755 4345 1013 4412 possunt
1035 4341 1290 4397 tenebrae
1321 4357 1442 4396 una
1468 4357 1605 4396 cum
1632 4341 1761 4397 luce
1800 4341 2030 4410 adesse,
2059 4341 2183 4396 odit

2364 4340 2474 4393 Οὐκ
2523 4338 2678 4392 ἐθέλει
2734 4345 2805 4409 τῷ
2859 4340 2988 4410 φωτὶ
3039 4341 3388 4409 συμπαρεῖναι
3435 4339 3496 4388 τὸ
3551 4342 3847 4396 exaravit!-

530 4430 688 4487 enim
722 4429 936 4486 veritas
973 4445 1366 4502 congressum
1401 4429 1720 4486 mendacii.
1771 4430 1911 4486 Post
1939 4435 2107 4486 tuum
2147 4445 2183 4486 a

528 4519 707 4576 nobis
725 4519 1078 4586 discessum,
1095 4517 1202 4591 qui
1219 4518 1449 4574 titulum
1466 4519 1748 4574 mentitur
1765 4517 1933 4574 affuit
1950 4520 2052 4573 Em
2063 4535 2183 4574 ma-

530 4610 683 4676 nuel,
737 4609 839 4682 qui
880 4625 952 4665 ea
1001 4607 1176 4664 nobis
1207 4607 1609 4664 manifestavit
1646 4622 1780 4681 quas
1826 4623 1935 4680 par
1963 4614 2018 4663 et
2049 4623 2182 4680 pro-

529 4697 727 4756 babile
761 4699 870 4756 fuit
908 4704 1178 4757 acturum
1218 4697 1409 4763 illum,
1458 4702 1513 4754 et
1555 4713 1691 4771 qua:
1744 4712 1943 4753 mores
1995 4697 2182 4769 ipsius

532 4786 841 4846 decebant.

1172 4877 1384 4934 EPIST.
1409 4878 1543 4932 Xlll.

815 4966 1076 5023 Antonio
1111 4966 1400 5039 Bosphori
1435 4964 1894 5036 archiepiscom.

2295 4436 2376 4482 σεῖ
2401 4425 2460 4481 δε
2489 4433 2578 4480 xui
2605 4432 2698 4486 τὴν
2732 4423 2952 4479 σύνοδον
2991 4433 3081 4478 τοῦ
3112 4421 3344 4495 ψεύδους
3398 4425 3428 4482 ἡ
3483 4422 3701 4481 ἀλήθεια.
3734 4413 3846 4468 Μετὰ

2291 4522 2385 4577 την
2420 4521 2515 4575 σην
2571 4516 2654 4588 ἀφ’
2701 4519 2845 4588 ἡμῶν
2894 4513 3259 4587 ἀναχώρησιν,
3294 4515 3319 4566 ὁ
3347 4517 3442 4572 τὴν
3489 4512 3663 4568 κλῆσιν
3689 4498 3843 4577 ψενδὸ·

2291 4627 2434 4680 μενος
2474 4605 2747 4679 ἐφέστηκεν
2804 4603 3154 4677 Ἐμμανουήλ,
3215 4604 3301 4656 οἶα
3357 4603 3490 4664 εἰκὸς
3539 4597 3595 4658 ἦν
3643 4595 3841 4680 πράττειν

2291 4697 2446 4749 αὐτὸν
2499 4701 2589 4749 καὶ
2662 4703 2758 4748 τῶν
2816 4694 3011 4748 οἰκείων
3101 4699 3304 4768 τρόπων
3386 4691 3556 4757 ἀξίως,
3601 4678 3841 4741 ἐπιδεικνύ-

2291 4805 2454 4858 μενος.

2913 4873 3122 4926 ΕΠΙΣΤ.
3170 4869 3266 4924 II“.

2585 4963 2841 5034 Ἀντωνίῳ
2873 4959 3276 5035 ἁρχιεπισκὸπῳ
3309 4963 3584 5032 Βοσφόρου.

1805 5071 2103 5122 Montacut.
2136 5077 2238 5135 (ep.
2271 5072 2349 5126 96,
2381 5085 2434 5134 p.
2467 5069 2596 5133 136).

607 5186 758 5244 Olim
772 5196 896 5242 erat
913 5188 1134 5244 Axinus
1153 5190 1462 5261 Scythicus
1497 5193 1730 5262 pontus.
1751 5191 1898 5244 Nam
1922 5189 1996 5243 ad
2007 5203 2188 5243 venas

536 5278 843 5342 intrantes,
873 5276 1035 5347 quod
1060 5278 1243 5334 fando
1262 5278 1559 5343 horribile,
1584 5277 1972 5334 devorabant.
1991 5275 2188 5334 Milesii

532 5383 674 5424 vero
697 5365 754 5420 in
784 5365 1074 5420 Euxinum
1108 5366 1602 5422 transformarant
1633 5383 1739 5439 per
1763 5367 2103 5422 comitatem
2133 5371 2189 5421 et

535 5455 877 5513 civilitatem
940 5452 1366 5523 introductam,
1430 5453 1692 5512 cicurata
1749 5454 2068 5512 barbarica
2132 5459 2187 5511 et

534 5544 767 5604 bestiali
786 5542 1242 5599 consuetudine.
1274 5547 1331 5598 ln
1357 5546 1624 5615 praesenti
1645 5559 1750 5616 per
1768 5550 1823 5602 te
1850 5551 1904 5602 et
1919 5549 2055 5600 tuos
2076 5560 2185 5618 pro

533 5637 748 5695 virtute
805 5636 1114 5706 susceptos
1142 5631 1380 5691 labores
1411 5639 1467 5690 et
1495 5633 1824 5694 certamina
1874 5640 1932 5693 et
1980 5633 2184 5692 multi-

2367 5189 2463 5240 Ἦν
2516 5205 2639 5238 ποτε
2698 5184 2929 5246 ’Ἀξεινος
2973 5183 2998 5236 ὀ
3047 5185 3300 5245 Σκυθικός
3357 5186 3558 5242 πόντος.
3630 5175 3832 5228 Ἐποιεῖτο

2296 5277 2397 5346 γάρ
2423 5273 2606 5348 βορὰν,
2691 5276 2903 5346 φρικτὸν
2957 5271 3200 5338 ἀκοῦσαι,
3279 5276 3366 5323 καὶ
3427 5274 3544 5329 τοὺς
3583 5263 3833 5332 ἐμπλέοντας

2296 5373 2394 5417 τῶν
2440 5363 2607 5426 ξένων.
2655 5363 2909 5421 Μιλήσιοι
2959 5358 3016 5414 δὲ
3042 5361 3402 5434 φιλανθρωπία
3452 5363 3536 5412 xui
3585 5355 3731 5426 ἡμέρῳ
3755 5361 3830 5396 πθ·

2295 5453 2477 5525 λιτείᾳ,
2544 5457 2600 5505 τὸ
2657 5472 2711 5505 τε
2769 5447 3022 5524 θηριῶδες
3077 5455 3167 5503 καὶ
3239 5448 3500 5523 βάρϐαρον
3553 5442 3829 5533 ὂξιηιιέρωσςῗι

2295 5539 2439 5607 ἦθος,
2491 5547 2578 5595 xui
2636 5541 2707 5604 εἰς
2755 5541 2987 5604 Εὔξεινον
3041 5540 3197 5592 αὐτὸν
3248 5543 3605 5612 μετεποίησαν.
3656 5533 3745 5580 Νῦν
3781 5533 3824 5622 οξ

2294 5628 2389 5686 διὰ
2438 5639 2553 5698 σοῦ,
2610 5636 2699 5686 καὶ
2751 5633 2874 5694 τοὺς
2917 5632 3043 5693 σούς
3091 5631 3215 5704 ὑπερ
3288 5627 3474 5704 ἀρετῆς
3519 5621 3821 5702 3162951“

2691 5276 2903 5346 φρικτὸν
2957 5271 3200 5338 ἀκοῦσαι,
