4088 6214
257 300 364 358 829

1510 302 2012 362 EPISTOLARUM
2053 305 2270 362 LIBER
2305 306 2372 363 Il.

3513 304 3619 360 830

253 433 443 490 πόνους
471 430 563 480 καὶ
612 430 707 485 τήν
742 427 900 487 ἄλλην
953 433 1068 502 περὶ
1124 432 1182 483 τὸ
1215 437 1364 485 Θεῖον
1412 431 1700 503 θεραπείαν,
1760 431 1847 483 οῦκ

1970 432 2183 502 plicem
2218 432 2490 490 Numinis
2521 433 2767 500 cultum,
2801 447 2921 488 non
2950 431 3213 487 Euxinus
3236 429 3339 486 sed
3362 434 3418 485 et
3443 432 3615 486 Euse-

253 518 487 580 Εὔξεινος
535 521 707 588 μόνον,
763 516 889 570 ἀλλά
935 523 1024 571 καὶ
1071 519 1323 584 Εὐσεϐής,
1374 522 1507 590 μετὰ
1553 527 1646 572 τοῦ
1705 516 1854 586 εἶναι,

252 611 344 661 καὶ
374 605 686 679 ὀνομάζεται
711 606 732 648 ῖ
770 647 782 662 .
812 613 988 668 Πόσης
1017 611 1111 661 οἴει
1148 629 1231 680 με,
1263 617 1431 661 ταῦτα
1470 615 1556 660 xui
1593 607 1857 661 ἒννοῦοντα

250 701 344 749 xui
390 698 676 770 γράφοντα,
733 703 906 769 χαρᾶς
966 702 1051 750 καὶ
1106 697 1421 771 εὐφροσύνης
1476 697 1852 769 πληροῦσθαι;

252 784 314 837 Εἰ
358 779 417 837 δὲ
473 789 564 837 καὶ
608 789 726 846 τοὺς
778 786 961 839 αύτόθι
1009 782 1320 851 Ἰουδαίους,
1375 787 1447 848 είς
1484 791 1572 845 τήν
1621 788 1855 845 ὑπακοην

253 875 486 946 Χριστοῦ
509 873 932 946 αἰχμαλωτίσας,
967 873 1068 928 ἀπό
1097 883 1193 936 τῆς
1237 882 1390 938 σκιᾶς
1426 881 1516 928 καὶ
1563 884 1653 928 τοῦ
1682 877 1858 948 γράμ-

250 981 437 1034 ματος,
479 961 562 1016 ἐπὶ
613 968 704 1021 τήν
743 965 924 1038 χάριν,
986 967 1054 1026 ὡς
1101 964 1358 1040 ἔγραψας,
1407 971 1807 1036 μεταστήσειςκ
1836 1006 1851 1032 ,

252 1049 460 1124 ἀπέχω,
519 1056 606 1104 καὶ
681 1056 976 1126 περισσεύω
1045 1063 1145 1106 τῶν
1201 1054 1370 1106 καλῶν
1440 1051 1663 1106 ἐλπίδων
1733 1059 1854 1118 τοὺς

249 1144 474 1216 ὡραίους
493 1141 744 1215 καρπούς,
769 1141 827 1204 ἃς
857 1141 938 1195 ἐπὶ
969 1148 1052 1196 σοὶ
1075 1141 1110 1196 δ
1115 1148 1360 1206 ιαπαντὸς
1386 1147 1609 1219 ἔτρεφον.

875 1239 1097 1292 ΕΠΙΣΤ.
1135 1234 1231 1288 ΙΔ’.

536 1325 784 1395 Ζαχαρία
813 1322 1164 1398 μητροπολίτη
1199 1319 1533 1385 Χαλκηδόνος
1545 1368 1557 1382 ,

1967 522 2096 586 bes,
2117 539 2254 578 cum
2276 523 2408 578 talis
2434 522 2697 584 exsistat.
2725 524 3088 578 nominatur.
3113 523 3348 586 Quanto
3368 535 3462 574 me
3476 533 3619 587 gau-

1967 611 2087 677 dio,
2111 629 2232 684 qua
2253 613 2646 682 jucunditate,
2672 613 2818 668 dum
2839 612 2953 667 hoc
2993 613 3188 684 ipsum
3213 609 3408 665 scribo
3435 608 3620 680 reple-

1966 705 2091 757 tum
2125 703 2428 758 arbitraris
2457 705 2485 760 ?
2518 702 2688 768 Quod
2718 702 2766 756 si
2796 701 3036 757 Judaeos
3056 701 3158 770 qui
3188 699 3330 754 inibi
3358 705 3495 754 sunt
3525 715 3619 754 ca-

1965 791 2156 861 ptivos
2186 791 2246 847 in
2279 791 2488 848 Christi
2511 791 2896 848 obedientian
2923 791 3175 856 duxeris,
3206 790 3283 845 ab
3317 788 3530 844 umbra
3561 792 3619 844 et

1963 880 2176 946 littera,
2203 882 2723 955 quemadmodum
2752 881 2984 945 scribis,
3007 879 3065 934 in
3091 877 3341 948 gratiam
3362 882 3616 933 transtu-

1963 969 2119 1036 leris,
2139 971 2434 1038 abstineo,
2454 977 2668 1028 etcum
2700 970 3071 1027 abundantia
3090 969 3322 1034 fobevo,
3350 972 3616 1022 maturos

1963 1058 2162 1116 illosce
2187 1062 2429 1133 optimm
2453 1061 2578 1134 spei
2602 1061 2843 1131 fructus,
2868 1075 3021 1132 quos
3037 1059 3321 1115 continuo
3343 1056 3417 1112 de
3440 1059 3616 1112 temet

1963 1147 2097 1220 ipso
2124 1149 2320 1207 foveo.

2597 1239 2807 1296 EPIST.
2853 1239 2982 1293 XIV.

2244 1328 2557 1386 Zachariae
2588 1327 2975 1386 Chalcedonis
3003 1327 3316 1397 metropol.

1520 1448 1805 1499 Montacut.
1839 1455 1942 1514 (cp.
1975 1451 2084 1510 106,
2116 1468 2172 1517 p.
2207 1453 2341 1517 151).

324 1561 383 1616 Εἰ
435 1559 532 1633 ἓγώ
585 1563 672 1614 τόν
729 1559 848 1634 ἐμὸν
909 1565 1185 1635 Ζαχαρίαν
1257 1562 1443 1634 ἀγνοῶ,
1487 1565 1575 1614 καὶ
1627 1560 1850 1634 ἐμαυτοῦ
1894 1567 1932 1620 Β

248 1650 628 1724 ἐπιλέλησμαιο
673 1649 780 1702 ἀλλ’
819 1652 988 1724 ἡμῶν.
1047 1654 1116 1712 ὡς
1167 1653 1346 1720 ἔοικεν,
1403 1651 1586 1712 ἐκεῖνος
1627 1652 1708 1721 (οῦ
1747 1655 1848 1725 γάρ

249 1741 364 1814 ἔχω
411 1747 464 1794 τί
502 1747 840 1815 μετριώτερον
875 1744 1001 1794 εἴπω
1033 1741 1079 1794 h)
1113 1740 1464 1799 ἐπιλέλησται.
1516 1741 1591 1793 Οὔ
1643 1744 1742 1814 γάρ
1790 1742 1849 1794 ἃν

246 1833 387 1902 ἡμᾶς
443 1831 782 1896 ύπετόπαζεν,
835 1829 1116 1902 ἀνθρώπων
1158 1829 1346 1901 λόγοις,
1397 1840 1487 1892 τῆς
1529 1835 1646 1894 περὶ
1695 1831 1850 1884 αὐτόν

248 1916 428 1982 δόξης,
508 1918 567 1976 ἣν
620 1918 668 1971 ἐν
752 1919 977 1971 παλαιοῦ
1037 1919 1376 1991 φυλάττομεν,
1425 1922 1846 1993 παρασύρεσθαι.

241 2007 304 2060 Ὀ
355 2005 414 2060 δε
441 2013 530 2060 καὶ
574 2009 805 2080 φοϐεῖται
838 2005 933 2060 διὰ
974 2016 1140 2060 ταῦτα
1193 2007 1367 2081 φόϐον,
1401 2007 1448 2060 ίν
1509 2007 1581 2069 οἷς
1607 2009 1666 2060 ού
1698 2014 1850 2081 μόνον

247 2097 345 2150 οὐκ
375 2099 484 2150 ἔστι
532 2097 702 2170 φόϐος,
737 2097 842 2150 ἀλλ’
877 2093 1003 2150 ούδί
1032 2117 1112 2160 τις
1159 2097 1341 2170 φόϐου,
1394 2106 1498 2160 τοῖς
1539 2100 1674 2170 ἡμᾶς
1699 2097 1851 2170 ἄγνω-

244 2190 420 2250 κόσιν,
450 2187 686 2241 ὑπόνοια.
721 2186 782 2239 Εἰ
811 2189 913 2258 γὰρ
947 2189 1086 2260 ἡμᾶς
1131 2187 1157 2238 ὀ
1209 2190 1424 2259 μακρός,
1459 2189 1512 2239 ὃν
1552 2187 1609 2240 ἐκ
1657 2183 1852 2249 παιδός

248 2272 452 2347 σχεδόν
480 2278 699 2348 ἔγνωμεν
731 2294 807 2342 σε,
855 2280 1067 2350 χρόνος,
1117 2280 1206 2327 καὶ
1237 2277 1262 2327 ό
1303 2276 1459 2336 πολὺς
1509 2281 1598 2328 καὶ
1628 2276 1690 2329 οὗ
1718 2279 1852 2348 μέγα

245 2365 392 2428 κλέος
423 2365 550 2437 ύπερ
587 2367 753 2437 ἡμῶν,
799 2364 990 2438 μᾶλλον
1040 2361 1098 2418 δε
1141 2373 1374 2439 Χριστοῦ
1426 2370 1515 2418 καὶ
1548 2374 1648 2418 τῶν
1693 2365 1849 2418 αὐτοῦ

248 2455 641 2526 θεσπισμάτων,
703 2453 841 2526 ἀγὼν
895 2459 984 2507 καὶ
1037 2451 1246 2529 δρόμος,
1298 2458 1441 2508 οὔπω
1488 2462 1670 2528 πεῖραν
1709 2457 1849 2527 ἔχειν

243 2551 340 2606 τῆς
396 2551 490 2605 σῆς
547 2543 882 2616 ίνεγύμνασεν
937 2543 1144 2617 ἀρετῆς,
1199 2545 1295 2596 οῦκ
1338 2541 1462 2597 οἶδα
1513 2547 1650 2606 ὅπως
1703 2545 1850 2616 ἡμεῖς

242 2653 298 2687 τε
338 2633 467 2705 ούχὶ
512 2638 686 2700 κακοὶ,
728 2636 858 2706 μετά
892 2641 984 2686 τοῦ
1042 2631 1282 2702 ἀνοήτου,
1334 2631 1579 2707 δόξαιμεν
1609 2635 1670 2686 ἄν
1704 2654 1716 2668 ο
1759 2638 1848 2686 καὶ

243 2726 294 2775 οἱ
327 2719 561 2784 δεδιότες
599 2729 670 2795 μή
722 2743 774 2776 τι
820 2725 1068 2796 πάθοιμεν
1113 2731 1366 2788 τοιοῦτον,
1429 2727 1484 2776 τὸ
1532 2728 1603 2795 μή
1651 2723 1847 2795 ἀγνοεῖν

240 2814 407 2885 ἡμᾶς,
483 2813 542 2865 ού
597 2817 840 2885 φυγόντες
891 2811 999 2865 ἀλλ’
1057 2813 1180 2866 ὃτιί
1229 2813 1361 2871 πλὴν
1413 2820 1507 2865 τοῦ
1545 2818 1848 2886 χειρίστους

241 2902 424 2964 εἰπεῖν,
483 2902 885 2976 εὐπορήσουσιν.
931 2901 1086 2954 Ἀλλὰ
1136 2906 1331 2956 τούτων
1360 2922 1414 2955 τε
1447 2904 1591 2955 ἕνεκα
1646 2901 1842 2977 θάρῥει,

238 2998 332 3045 καὶ
365 2994 522 3064 ἡμᾶς,
568 2994 741 3066 ὥσπερ
782 2999 892 3054 τοῖς
920 2992 1113 3058 ἄλλοις,
1170 2993 1307 3044 οὕτω
1355 2997 1444 3044 καὶ
1493 2995 1595 3044 τόὶ
1647 2997 1716 3062 μή
1748 3010 1846 3043 πα-

237 3083 571 3157 ρασύρεσθαι
600 3085 719 3144 τοὺς
750 3081 1054 3154 λογισμοὺς,
1111 3083 1195 3154 ὑφ’
1227 3081 1428 3154 ἑτέρων,
1486 3081 1796 3152 ἐπιγίνωσκε
1828 3102 1841 3114 ·

242 3173 328 3223 ἶνα
366 3175 436 3242 μή
496 3167 590 3223 διὰ
627 3177 770 3242 μιᾶς,
826 3171 884 3223 ού
925 3173 1298 3246 προσηκούσης
1328 3170 1648 3240 ὑπολήψεως,
1706 3171 1844 3240 ἡμᾶς

234 3279 292 3313 τε
350 3265 441 3312 καὶ
501 3259 690 3312 σαύτόν
742 3259 952 3332 μᾶλλον,
1027 3260 1224 3333 ἕναιτίᾳ
1253 3261 1534 3333 Κποίησης
1601 3259 1840 3332 μεγάλη·

237 3355 332 3403 xui
372 3353 495 3411 τοὺς
545 3347 817 3421 ἀδελφοὺς,
869 3353 913 3402 εἶ
949 3370 1001 3402 τι
1032 3352 1136 3422 ἄρα
1164 3355 1252 3402 καὶ
1306 3349 1620 3422 ἀνθρώπινον
1669 3349 1843 3411 αὐτοῖς

239 3442 524 3512 ὑποτρέχει
566 3441 728 3501 πάθος
760 3440 794 3501 ι,
856 3447 962 3500 τοῖς
1031 3448 1138 3500 σοῖς
1215 3439 1658 3513 ἀνερεθιζομένους
1719 3458 1840 3512 προ-

238 3535 532 3604 τερήμασιν
580 3525 871 3601 ἀδελφικῶς
910 3533 1024 3602 φέρε
1062 3535 1150 3581 xui
1209 3527 1569 3590 διαϐάσταζε·
1628 3529 1686 3580 οὗ
1743 3532 1840 3603 γὰρ

240 3618 320 3690 ἔφ’
372 3619 449 3678 οἷς
485 3620 625 3690 ἡμᾶς
673 3618 1004 3689 εὐχαριστεῖν
1064 3616 1165 3686 δεῖ,
1223 3618 1396 3680 ἄλλοις
1448 3617 1844 3690 ἀπεχθάνεσθαι

239 3712 354 3780 χρή
390 3705 504 3760 οὐδ’
547 3707 598 3770 ἐξ
642 3708 708 3758 ὧν
757 3710 870 3760 ἔστι
920 3707 1090 3760 λαϐεῖν
1141 3704 1407 3770 ἀπόδειξιν
1459 3707 1698 3778 λαμπρὰν
1751 3715 1842 3759 τοῦ

239 3799 521 3869 πρωτεύειν
565 3798 721 3869 ἡμᾶς,
791 3793 884 3849 διὰ
937 3800 1129 3849 τούτων
1196 3796 1462 3868 ύφείλομεν
1534 3799 1663 3868 πρὸς
1727 3800 1842 3857 τούς

241 3886 446 3948 αἰτίους
477 3882 917 3956 δυσανασχετεῖν,
946 3890 1035 3938 xui
1080 3888 1137 3936 τό
1191 3885 1377 3956 ἄλογον
1415 3887 1593 3950 πάθος,
1641 3885 1712 3946 εἰς
1763 3888 1840 3936 εῦ-

237 3974 392 4045 λογον
432 3975 606 4034 αὐτοῖς
661 3972 946 4046 ἀπολογίαν
985 3981 1298 4045 μεταποιεῖν.
1357 3973 1517 4028 Ἀλλά
1569 3978 1658 4025 xui
1689 3982 1842 4026 ιτιτῶν

240 4063 543 4136 εἰρημένων,
598 4061 747 4114 ἄλλον
795 4064 911 4115 ἴσθι
965 4070 1154 4114 τοῦτο·
1211 4064 1288 4114 ὅτι
1348 4062 1610 4134 ὀφείλομεν
1672 4063 1839 4134 ἡμεῖς,

242 4154 292 4204 οἱ
343 4148 559 4204 δυνατοὶ
605 4153 670 4203 τὰ
728 4149 1067 4223 ἀσθενήματα
1113 4160 1211 4203 τῶν
1261 4148 1533 4206 ἀδυνάτων
1579 4163 1606 4191 ιι
1639 4149 1843 4223 βαστά-

2037 1567 2092 1622 Si
2125 1584 2325 1624 meum
2368 1569 2638 1638 ignorem
2672 1569 3040 1633 Zachariam,
3088 1570 3144 1623 et
3183 1565 3423 1622 meimet
3460 1563 3614 1621 obli-

1963 1656 2215 1713 viscerer
2257 1677 2270 1724 ;
2302 1658 2406 1714 sed
2439 1658 2533 1713 ille
2565 1659 2681 1714 mei
2711 1659 2928 1730 (neque
2960 1657 3116 1712 enim
3137 1654 3460 1727 eﬁariquid
3489 1669 3614 1709 mo-

1961 1745 2226 1802 deratius
2257 1753 2531 1820 possum)
2557 1753 2619 1802 ut
2641 1747 2874 1802 videtur
2895 1746 3114 1802 oblitus
3136 1750 3222 1800 est
3246 1761 3256 1797 :
3293 1758 3400 1798 nec
3423 1741 3614 1813 suspi-

1962 1841 2125 1890 cetur
2158 1852 2250 1892 me
2277 1837 2438 1906 vulgi
2462 1853 2756 1898 sermone,
2789 1836 2983 1892 abilla
3012 1834 3346 1907 quamjam
3374 1831 3513 1886 olim
3537 1830 3612 1884 de

1961 1941 2031 1981 eo
2066 1925 2181 1981 fovi
2219 1927 2565 1998 opinionem
2612 1927 2999 1981 abstractum.
3063 1926 3133 1979 At
3188 1922 3282 1977 ille
3328 1921 3409 1976 ibi
3442 1918 3611 1974 valde

1961 2015 2126 2070 timet
2149 2015 2246 2069 ubi
2278 2030 2397 2070 non
2431 2019 2662 2070 tantum
2687 2029 2808 2069 non
2830 2017 2920 2069 est
2951 2013 3148 2079 timor,
3180 2010 3282 2064 sed
3308 2025 3415 2063 nec
3442 2009 3612 2064 timo-

1960 2104 2040 2158 ris
2062 2103 2282 2175 aliqua,
2304 2103 2382 2159 ab
2401 2103 2472 2158 iis
2488 2104 2590 2175 qui
2616 2119 2709 2159 me
2731 2106 3044 2167 noverant,
3069 2100 3349 2171 suspicio.
3366 2097 3426 2154 Si
3449 2097 3610 2153 enim

1959 2193 2312 2248 diuturnum
2367 2192 2511 2248 illud
2580 2198 2816 2264 tempus
2878 2193 2936 2248 in
3003 2205 3126 2263 quo
3192 2195 3248 2244 te
3309 2204 3345 2244 a
3408 2186 3610 2258 pueris

1960 2281 2234 2352 cognovi,
2260 2297 2573 2354 magnum,
2592 2286 2646 2338 et
2667 2282 2836 2353 cujus
2852 2296 3070 2351 magna
3085 2278 3292 2349 gloria,
3307 2281 3611 2333 certamen

1960 2387 2070 2444 pro
2112 2371 2308 2437 nobis,
2364 2376 2467 2428 aut
2509 2371 2738 2428 Christo
2783 2370 3004 2443 potius,
3051 2371 3417 2440 susceptum,
3457 2371 3512 2421 et
3549 2365 3610 2421 in

1960 2461 2149 2534 ipsius
2175 2461 2477 2518 mandatis
2500 2477 2733 2527 cursus,
2758 2460 3030 2516 nondum
3052 2458 3128 2514 de
3156 2462 3258 2514 tua
3277 2456 3490 2511 virtute
3513 2469 3612 2510 me

1959 2551 2379 2609 conﬁrmatum
2424 2551 2699 2615 reddidit,
2737 2557 2888 2606 certe
2918 2565 3039 2605 non
3090 2546 3268 2603 video
3302 2543 3612 2617 quomodo

1959 2657 2103 2708 non,
2133 2658 2269 2697 cum
2302 2639 2632 2712 insipiente,
2671 2638 3086 2713 iniquissimus
3123 2636 3330 2692 videar
3370 2651 3383 2700 ;
3416 2637 3474 2690 et
3507 2631 3612 2704 qui

1959 2731 2295 2798 metuerint,
2324 2747 2398 2786 ne
2415 2731 2560 2803 quid
2584 2729 2697 2788 tale
2726 2729 3031 2802 patiamur
3051 2742 3182 2790 nos.
3207 2741 3278 2781 eo
3313 2723 3477 2796 quod
3503 2721 3610 2794 ipsi

1957 2838 2066 2878 nos
2089 2837 2211 2877 non
2223 2821 2586 2886 noverimus,
2613 2821 2756 2875 satis
2769 2819 2991 2892 justam
3005 2817 3318 2873 habebunt
3338 2828 3608 2878 causam,

1888 2919 1927 2974 C
1957 2916 2021 2967 ut
2063 2911 2215 2968 inter
2244 2910 2536 2983 pessimos
2570 2926 2664 2965 me
2689 2911 3058 2965 recenseant.
3102 2906 3216 2963 Sed
3247 2911 3307 2960 tu
3332 2904 3498 2959 hisce
3539 2903 3610 2956 de

1957 3001 2130 3056 rebus
2157 3000 2236 3056 sis
2266 2998 2786 3073 persuasissimus,
2828 3000 2885 3052 et
2913 3011 3024 3068 que
3055 3009 3385 3064 cognoscas
3410 2989 3606 3053 velim,

1956 3092 2108 3147 sicut
2136 3090 2266 3146 aliis
2313 3089 2489 3154 notis,
2538 3088 2620 3144 ita
2655 3085 2822 3158 quod
2865 3089 3124 3141 mentem
3173 3083 3458 3139 aliorsum
3503 3093 3611 3152 per

1953 3181 2101 3236 alios
2132 3180 2390 3252 pertrahi
2416 3178 2555 3234 nolo
2580 3193 2591 3231 :
2635 3175 2754 3232 noli
2782 3189 2924 3244 ergo
2955 3174 3035 3231 ob
3065 3173 3292 3228 nudam
3332 3186 3442 3226 nec
3467 3184 3607 3224 con-

1953 3286 2165 3341 gruam
2198 3267 2339 3324 satis
2365 3266 2768 3338 suspicionem
2800 3270 2856 3320 et
2896 3279 2990 3320 me
3012 3267 3068 3318 et
3097 3268 3148 3318 te
3177 3259 3375 3332 potius
3406 3258 3607 3329 ipsum

1953 3359 2264 3429 insigniter
2307 3373 2439 3412 reos
2479 3360 2736 3412 statuere
2765 3371 2778 3421 ;
2812 3353 2914 3410 sed
2944 3359 3000 3408 et
3021 3353 3226 3407 fratres
3248 3350 3424 3406 etiam
3467 3363 3606 3404 nos-

1953 3454 2098 3518 tros,
2128 3448 2173 3502 si
2202 3447 2304 3518 qui
2331 3446 2601 3502 humano
2627 3459 2792 3500 more
2824 3443 3146 3514 patiantur,
3177 3439 3290 3494 tuis
3320 3437 3607 3493 excitatos

1952 3535 2416 3612 praaeminentiis
2455 3534 2709 3590 fraterne
2753 3532 2993 3589 tolerato
3032 3535 3087 3586 et
3121 3528 3383 3594 suﬂ‘erto,
3411 3541 3607 3598 neque

1953 3627 2111 3683 enim
2133 3642 2244 3698 par
2273 3629 2362 3681 est
2387 3628 2449 3679 ut
2479 3623 2606 3679 aliis
2635 3636 3096 3677 succenseamus
3126 3633 3234 3690 pro
3265 3617 3334 3671 iis
3365 3615 3438 3671 de
3478 3613 3608 3687 qui-

1953 3716 2068 3771 bus
2083 3715 2253 3770 nobis
2274 3712 2520 3784 agendae
2541 3717 2677 3766 sunt
2695 3711 2928 3780 gratiae;
2952 3725 3057 3764 nec
3073 3706 3341 3780 equibus
3361 3704 3609 3759 demon-

1951 3804 2121 3860 strari
2159 3802 2390 3875 liquido
2445 3801 2678 3872 poterit,
2722 3815 2830 3855 nos
2869 3799 3136 3855 obtinere
3190 3795 3604 3868 principatum,

1951 3897 2222 3947 tenemur
2242 3891 2320 3945 ob
2354 3889 2450 3944 illa
2477 3903 2825 3942 succensere
2855 3889 2927 3941 iis
2967 3887 3061 3958 qui
3093 3884 3424 3955 culpabiles
3449 3885 3605 3944 sunt,

1953 3985 2016 4035 ut
2037 3979 2120 4034 sic
2149 3977 2552 4033 irrationalem
2582 3974 2922 4046 passionem
2948 3975 3006 4028 in
3024 3970 3439 4028 rationabilem
3468 3984 3608 4040 apo-

1951 4069 2174 4137 logiam
2206 4071 2668 4123 commutemus.
2700 4063 2812 4120 Sed
2835 4069 2887 4118 et
2918 4061 3082 4118 aliud
3105 4059 3322 4115 edictis
3354 4063 3406 4113 te
3437 4056 3606 4112 intel-

1950 4159 2134 4226 ligere
2179 4156 2376 4222 velim,
2415 4159 2530 4211 hoc
2580 4169 2815 4224 nempe,
2851 4154 3017 4225 quod
3047 4150 3339 4205 debemus
3365 4161 3474 4202 nos
3499 4145 3604 4217 qui

242 4242 370 4303 ζειν.
423 4245 510 4292 καὶ
545 4242 748 4292 πάντων
804 4237 862 4293 δι
915 4241 1148 4312 μάλιστα
1189 4239 1345 4294 ἐκεῖνο
1387 4238 1480 4293 διὰ
1521 4239 1642 4312 βίου
1695 4241 1842 4313 μελέ-

1958 4247 2270 4305 validiores
2307 4263 2535 4311 sumus,
2580 4243 2954 4300 inﬁrmitates
2979 4239 3353 4296 inﬁrmorum
3374 4240 3608 4310 portare

241 4351 338 4390 την
362 4338 515 4383 ποιοῦ
551 4351 561 4362 ·
605 4333 662 4381 τό
693 4337 870 4396 ποῖον;
902 4329 1024 4382 Ὀτι
1071 4333 1100 4389 ἡ
1159 4329 1335 4401 ἀγάπη
1382 4331 1476 4382 οὐκ
1523 4329 1840 4402 ἀσχημονεῖ.

242 4422 455 4492 Ἐρεύνα
483 4419 652 4480 καλῶς
698 4423 749 4470 τί
804 4424 928 4472 ποτέ
957 4418 1070 4471 ἐστι
1108 4424 1186 4484 τό,
1221 4419 1313 4471 οὐκ
1368 4419 1700 4492 ἀσχημονεῖο
1748 4419 1844 4492 βά-

245 4513 328 4571 θος
359 4513 461 4584 γόιρ
519 4511 714 4580 ἄφατον
763 4510 999 4583 εύρήσεις
1035 4509 1318 4581 ὡφειλείας.
1353 4506 1498 4572 Εἶτα,
1531 4507 1622 4562 διὰ
1663 4515 1713 4562 τί
1750 4509 1844 4562 οὐκ

243 4599 564 4672 ἀσχημονεῖ.
621 4596 743 4650 Ὀτι
796 4598 854 4650 οὖ
923 4598 1091 4665 ζητεῖ,
1149 4603 1302 4670 φησι,
1345 4601 1410 4650 τὰ
1460 4598 1643 4659 ἑαυτῆς
1673 4617 1683 4628 ·
1720 4597 1846 4650 ἀλλὰ

240 4695 334 4741 καὶ
365 4690 536 4741 πάντα
591 4691 762 4758 στέγει
792 4689 963 4738 πάντα
1018 4685 1212 4748 ἐλπίζει
1242 4699 1267 4731 ο
1297 4709 1308 4720 ο
1353 4687 1529 4758 ὑψηλὰ
1585 4691 1675 4760 μὲν
1709 4687 1841 4761 [καὶ]

240 4786 411 4830 ταῦτα
463 4777 747 4848 ἀνέχεσθαι
779 4775 943 4851 βάρη,
996 4782 1085 4828 καὶ
1117 4775 1392 4849 βελτίωσιν
1425 4776 1502 4829 ἀεὶ
1553 4783 1643 4829 καὶ
1694 4797 1847 4849 μετα-

241 4867 398 4925 ϐολὴν
439 4865 522 4919 ἐπὶ
571 4871 628 4918 τό
677 4873 927 4937 κρεῖττον,
984 4865 1204 4927 ἐλπίζειν
1245 4873 1334 4918 τοῦ
1377 4866 1619 4925 πλησίον.
1671 4872 1734 4921 Τί
1787 4865 1845 4922 δὲ

239 4957 386 5022 ἄλλο,
429 4954 468 5008 ὧ
497 4955 702 5008 Παύλου
735 4960 910 5028 σοφία,
943 4955 1183 5021 πλοῦτος,
1221 4961 1309 5008 xui
1339 4957 1520 5030 χάρις,
1545 4959 1575 5015 ἡ
1615 4955 1791 5028 ἀγάπη
1829 4976 1842 5026 ;

238 5051 418 5120 φησὶν,
479 5043 727 5098 οὐδέποτε
779 5045 1038 5100 ἐκπίπτει.
1097 5045 1165 5097 Ὠ
1214 5049 1478 5117 μακαρίας
1535 5056 1721 5118 φωνῆς,
1756 5054 1843 5101 καὶ

238 5141 638 5210 μακαριωτέρου
718 5140 995 5208 στόματος,
1082 5139 1170 5186 xui
1243 5139 1498 5208 κρείσσων
1553 5134 1840 5206 ἐγκωμίων,

236 5230 328 5277 καὶ
384 5226 667 5295 θαύματος,
716 5229 895 5295 γνώμη
928 5244 940 5256 ο
1001 5220 1268 5286 οὐδέποτε,
1335 5228 1512 5294 φησὶν,
1585 5223 1838 5280 ἐκπίπτει.

241 5313 350 5368 Κᾶν
400 5316 759 5376 στασιάζωσιν
809 5311 998 5364 ἄλλοι·
1033 5309 1127 5363 κᾶν
1170 5316 1408 5386 χαίρωσι
1458 5315 1663 5384 μάχαις
1692 5335 1703 5347 ⁸
1747 5313 1842 5367 κᾶν

1953 4344 2008 4396 et
2039 4337 2344 4393 sustinere.
2381 4334 2678 4408 Imprimis
2699 4349 2806 4406 per
2837 4337 2971 4388 tota;
2999 4330 3132 4385 vitae
3173 4343 3415 4384 cursum
3450 4325 3606 4381 illius

1953 4428 2172 4484 habeto
2217 4442 2445 4490 curam,
2487 4423 2651 4496 quod
2693 4421 2835 4478 nihil
2879 4421 3155 4477 indecore
3187 4417 3363 4473 faciat
3399 4419 3608 4471 cautus

1955 4533 2126 4574 amor
2166 4532 2180 4583 ;
2216 4513 2424 4570 sedulo
2474 4512 2706 4585 inquire
2746 4510 2891 4584 quid
2941 4509 3050 4564 sibi
3087 4507 3244 4564 velit.
3289 4504 3442 4562 Nihil
3471 4503 3610 4559 facit

1953 4605 2806 4674 indecore,(certeimmensam
2832 4607 2885 4656 et
2901 4596 3324 4655 innarrabilem
3344 4591 3607 4648 utilitatis

1954 4696 2221 4752 invenies
2241 4692 2747 4766 profunditatem.)
2771 4689 3058 4746 Nimirum
3077 4685 3240 4758 quod
3261 4699 3379 4738 non
3398 4681 3610 4755 qumrit

1955 4801 2090 4857 quae
2123 4799 2230 4840 sua
2272 4786 2428 4847 sunt,
2472 4782 2574 4837 sed
2602 4780 2807 4836 omnia
2846 4779 3008 4847 tegit,
3039 4779 3238 4847 sperat
3263 4772 3488 4837 omnia,
3515 4787 3610 4826 su-

1956 4873 2162 4930 blimia
2191 4877 2324 4927 sunt
2351 4872 2462 4927 ista
2501 4885 2680 4926 onera
2702 4867 3055 4930 suﬂ'erenda,
3085 4862 3420 4919 emendatio
3456 4875 3610 4916 sem-

1955 4979 2061 5034 per
2086 4966 2142 5016 et
2168 4959 2474 5016 conversio
2499 4959 2557 5014 in
2575 4957 2785 5013 melius
2801 4955 3194 5028 sperandaest
3221 4952 3293 5006 de
3308 4949 3607 5024 proximo.

1956 5051 2106 5117 Quid
2156 5049 2317 5105 aliud
2347 5049 2469 5104 vult
2510 5047 2672 5103 Pauli
2715 5044 3030 5118 sapientia,
3077 5042 3313 5105 divitiae.
3361 5040 3552 5110 gratia
3579 5038 3607 5093 ?

1955 5140 2242 5201 Charitas,
2292 5137 2501 5207 inquit,
2527 5152 2837 5208 nunquam
2887 5133 3100 5189 excidit
3147 5149 3159 5188 :
3210 5131 3385 5187 beata
3432 5129 3610 5201 plane

1953 5245 2087 5294 vox,
2117 5228 2311 5296 magis
2337 5227 2579 5282 beatum
2608 5241 2692 5292 os,
2715 5224 2999 5280 sententia
3029 5222 3233 5278 laudes
3257 5227 3312 5276 et
3341 5220 3604 5275 admirav

1954 5318 2179 5373 tionem
2220 5331 2464 5371 omnem
2507 5314 2826 5371 excedens.
2871 5316 3187 5386 Nunquam
3230 5311 3331 5376 ait,
3365 5309 3602 5373 excidit,

1616 5463 1850 5520 VARle
1890 5466 2292 5524 LECTIONES.

311 5614 427 5689 (γρ
489 5613 802 5689 ὀνομαζέτω,
907 5616 1042 5689 8-ῖσ.
1109 5617 1198 5665 xui
1273 5615 1331 5665 τὸ
1403 5619 1574 5685 σῶμα.

237 5681 424 5750 πάθος.
528 5681 584 5730 ω’
606 5691 682 5744 ῖσ.
705 5685 760 5740 ἐκ
788 5681 797 5686 ⁷
832 5696 863 5727 ιι
893 5681 1307 5741 ἀδυνατούντων.
1385 5696 1413 5727 ο
1443 5681 1612 5740 πάντα
1641 5691 1898 5745 πιστεύει.

1654 5616 1680 5656 h
1737 5616 1894 5669 εἰπεῖν
1906 5659 1916 5672 .

1959 5617 2096 5676 ίῖσ,
2162 5618 2283 5670 ἄλλο
2332 5618 2449 5674 τι.ί
2494 5626 2586 5690 τῷ.
2665 5621 2801 5673 hic.
2863 5617 2912 5670 ἐν
2977 5619 3141 5691 αἰτίᾳ.
3234 5621 3249 5662 ι
3337 5616 3606 5690 subrepit
