4088 6214
236 300 350 360 833

1495 293 2006 356 EPISTOLARUM
2047 294 2256 356 LIBER
2295 297 2362 354 II.

3516 312 3623 367 834

238 433 398 491 νατὸς
477 429 544 480 ὢν
601 429 811 492 οἰκείοις
868 433 1073 504 θρήνοις
1146 427 1468 488 τηλικαύτης
1532 425 1750 500 ἐρημίας
1776 424 1846 477 ἐκ·

1966 424 2297 480 chritudine
2328 440 2450 497 qua
2480 427 2644 498 prius
2677 429 2945 484 Romana
2977 429 3315 502 respublica
3339 432 3620 503 ﬂorebat,

240 515 593 592 τραγῳδῆσαι
641 525 730 572 καὶ
778 528 1122 594 παραστῆσαι
1180 519 1443 588 μέγεθος;
1501 516 1634 568 ἀλλὰ
1687 523 1857 567 ταυτα

239 611 333 680 μὲν
363 614 454 660 xui
494 615 805 681 σιωπώμεναι
843 615 1116 682 κέκραγεν.
1175 611 1241 660 Σὺ
1295 603 1355 658 δέ
1393 626 1484 678 μοι
1515 609 1580 658 τά
1626 625 1678 656 τε
1725 605 1855 656 ἄλλα

241 697 460 773 ξρῥωσο,
496 707 583 750 καὶ
611 707 704 759 τῆς
725 701 869 771 ἡμῶν
899 699 1196 773 ὑπερεύχου
1221 702 1590 770 μετριότητος.

1965 519 2020 569 et
2070 513 2558 570 Christianismus
2617 521 2847 571 tantum
2890 533 3010 572 nou
3047 535 3116 574 ex
3145 520 3280 575 imis
3314 523 3621 580 subruitur

1966 602 2395 658 fundamentis.
2429 603 2819 674 Ingemiscere
2847 607 2922 661 ad
2947 609 3208 680 haec,pro
3243 612 3461 667 meritis
3485 615 3620 685 quis

1965 691 2116 747 alius
2156 689 2448 746 suffecerit
2486 707 2674 763 quam
2711 694 3014 761 Jeremias,
3043 697 3146 768 qui
3187 701 3442 772 propriis
3497 702 3621 757 suis

238 770 412 844 Ῑεεςὶε
429 791 484 841 et
504 770 799 856 lamentis,
825 770 1005 844 tantas
1031 786 1314 842 vastitatis
1337 789 1394 840 et
1422 783 1806 840 desolationis
1839 779 2318 851 magnitudinem
2352 785 2408 835 et
2440 782 2772 852 exprimere
2802 783 3010 853 possit,
3053 790 3109 840 et
3155 770 3378 857 tragice
3415 790 3629 862 deplo-

242 876 542 932 rare?sed
571 877 699 932 haec
731 876 965 933 silentio
998 893 1204 950 pressa
1233 874 1569 932 exclamant
1599 879 1816 930 tamen.
1840 873 1924 927 Tu
1950 873 2166 926 caetera
2196 868 2347 934 vale,
2379 874 2436 926 et
2461 885 2570 942 pro
2610 887 2743 927 mea
2782 874 3188 931 mediocritate
3233 879 3398 950 apud
3433 882 3618 937 Deum

244 964 529 1036 precibus
563 966 874 1022 intercede.

874 1061 1085 1110 ΕΠΙΣΤ.
1119 1055 1224 1111 IZ’.

480 1141 716 1216 Ἰγνατίῳ
736 1144 1091 1219 μητροπολίτῃ
1130 1139 1614 1202 Κλαυδιουπὸλεως.

2581 1050 2795 1108 EPIST.
2829 1052 2991 1107 XVII.

2253 1138 2485 1208 Ignatio
2516 1146 2751 1210 metrop.
2787 1140 3326 1215 Claudiopolitano.

1507 1266 1797 1315 Montacut.
1836 1263 1938 1326 (ep.
1964 1263 2072 1318 115,
2100 1276 2157 1326 p,
2200 1263 2324 1316 156).

314 1384 416 1438 Ἦν
465 1403 592 1436 ποτε
637 1387 848 1456 φευκτὸν
925 1389 1015 1437 καὶ
1072 1383 1284 1458 φοϐερὸν
1331 1387 1389 1436 τὸ
1444 1381 1691 1454 ἀνάθεμα,
1761 1381 1844 1432 ὅτε

243 1475 381 1525 κατὰ
423 1482 522 1525 τῶν
575 1472 769 1544 ἐνόχων
816 1483 906 1534 τῆς
946 1473 1200 1541 ἀσεϐείας,
1251 1475 1376 1547 ὑπὲρ
1409 1481 1506 1524 τῶν
1559 1491 1652 1532 της
1699 1471 1841 1523 εὐσε-

247 1562 384 1622 ϐείας
412 1566 673 1636 κηρύκων,
730 1562 949 1637 ἐφέρετο.
1011 1563 1127 1635 Ἀφ’
1173 1562 1233 1615 οὗ
1265 1558 1323 1614 δε
1371 1565 1400 1620 ἡ
1464 1561 1704 1635 τολμηρά
1753 1565 1843 1611 xui

249 1652 602 1724 ἀναίσχυντος
651 1660 751 1703 τῶν
798 1651 1097 1727 ἀλαστόρων
1174 1651 1414 1719 ἀπόνοια,
1462 1654 1604 1723 παρὰ
1673 1651 1846 1702 πάντα

2027 1381 2162 1434 Erat
2203 1379 2344 1435 olim
2403 1379 2657 1436 terribile
2727 1384 3073 1450 anathema,
3107 1395 3164 1442 et
3220 1352 3614 1459 iugiendum;

1953 1483 2171 1539 nempe
2193 1484 2331 1523 cum
2371 1485 2406 1524 a
2431 1469 2688 1525 veritatis
2720 1474 3120 1542 prazconibus,
3150 1481 3356 1533 contra
3401 1494 3531 1534 reos
3562 1487 3617 1536 et

1953 1557 2262 1627 improbos
2307 1556 2624 1614 ferebatur.
2662 1563 2739 1614 Ex
2781 1578 2896 1632 quo
2944 1578 3080 1618 vero
3112 1565 3309 1620 audax
3339 1574 3395 1622 et
3425 1568 3618 1640 impu-

1953 1645 2102 1700 dens
2125 1644 2449 1701 alastorum
2491 1650 2896 1718 quorumdam
2931 1653 3192 1718 vesania,
3225 1662 3431 1710 contra
3458 1657 3616 1725 leges

249 1743 440 1812 θεσμὸν
493 1743 626 1792 θεῖόν
682 1760 736 1793 τε
787 1746 877 1794 καὶ
936 1739 1273 1816 ἀνθρώπινον,
1330 1745 1420 1793 καὶ
1466 1743 1608 1813 παρά
1674 1741 1846 1792 πάντα

1958 1749 2164 1788 omnes
2177 1733 2412 1790 divinas
2427 1741 2482 1791 et
2494 1737 2791 1792 humanas
2813 1753 2826 1804 ;
2847 1745 3055 1793 contra
3067 1756 3307 1796 omnem
3323 1743 3613 1800 rationem

247 1829 400 1902 λόγον
427 1829 727 1889 Ἑλληνικόν
756 1849 810 1883 τε
844 1835 933 1882 καὶ
965 1829 1248 1904 βάρϐαρον,
1283 1834 1341 1882 τὸ
1388 1830 1575 1882 οἰκεῖον
1616 1827 1848 1900 ἀνάθεμα

246 1922 384 1972 κατὰ
407 1927 506 1971 τῶν
545 1921 838 1992 προμάχων
885 1929 976 1980 τῆς
1023 1917 1332 1994 ὁρθοδοξίας
1385 1919 1712 1994 ἀναστρέφειν
1769 1917 1850 1969 ἐκ-

249 2008 534 2084 φρυάξατο,
579 2013 668 2061 καὶ
714 2013 809 2067 τὴν
867 2006 1198 2083 βαρϐαρικὴν
1245 2013 1431 2080 μανίαν
1479 2007 1849 2066 ἐκκλησιαστι-

247 2099 345 2153 κὴν
383 2098 710 2166 παρανομίαν
754 2093 1138 2166 ἐφιλονείκησαν
1178 2095 1602 2168 ἀπεργάσασθαι,
1661 2093 1852 2144 αὐτίκα

246 2189 340 2235 καὶ
394 2187 454 2235 τὸ
520 2186 732 2256 φρικτὸν
791 2181 950 2235 ἐκεῖνο
1023 2189 1112 2235 καὶ
1150 2193 1332 2244 ποινῆς
1411 2183 1616 2243 ἀπάσης
1690 2187 1849 2255 πέρας

245 2275 500 2345 ἔσχατον,
531 2272 601 2334 εἰς
631 2274 829 2344 μύθους
884 2277 974 2324 καὶ
1024 2277 1240 2343 παίγνια
1269 2275 1634 2344 μεταπέπτωκε
1667 2292 1680 2305 ·
1723 2272 1852 2344 μᾶλ-

245 2361 335 2413 λον
391 2358 471 2428 δε,
528 2369 635 2422 τοῖς
691 2361 926 2414 εὐσεϐέσι
972 2366 1061 2413 καὶ
1133 2365 1333 2432 αἶρετόν
1403 2364 1847 2434 παρεσκεύασται.

250 2447 394 2503 Οὐδὲ
445 2452 546 2522 γὰρ
604 2446 720 2502 οὐδ’
768 2453 798 2508 ἠ
855 2449 1148 2521 πάντολμος
1189 2459 1288 2502 τῶν
1337 2449 1540 2522 ἐχθρῶν
1584 2459 1679 2511 τῆς
1728 2449 1850 2509 ἀλη-

251 2541 396 2601 θείας
421 2544 624 2611 γνώμη,
657 2541 746 2600 τάς
769 2542 966 2607 ποινὰς,
1017 2544 1106 2591 καὶ
1156 2539 1388 2611 μάλιστα
1441 2543 1527 2599 τὰς
1575 2539 1852 2598 ἐκκλησίας

252 2631 456 2694 στικάς,
488 2635 627 2680 ποιεῖ
680 2627 912 2700 φοϐερὰς,
948 2627 1074 2680 ἀλλά
1121 2637 1216 2680 τῶν
1247 2633 1561 2699 πασχόντων
1611 2632 1669 2680 τὸ
1698 2629 1852 2682 ὑπεύ-

251 2719 426 2781 θυνον,
459 2719 528 2780 ὡς
574 2723 632 2769 τό
687 2736 747 2787 γε
796 2716 1066 2770 ἀνευθυνον
1097 2723 1185 2770 καὶ
1224 2717 1295 2778 εἰς
1323 2718 1518 2788 χλεύην
1575 2721 1667 2778 τάς
1717 2717 1850 2770 ἐκεί-

1957 1823 2242 1886 ϐιιδεοειιω,
2276 1823 2619 1890 barbaram,
2653 1825 2922 1896 ipsorum
2964 1829 3288 1885 anathema
3315 1831 3373 1885 in
3399 1846 3615 1902 propu-

1958 1916 2236 1979 gnatores
2284 1911 2628 1968 orthodoxa:
2678 1913 2910 1983 pietatis
2961 1915 3146 1986 jaciat
3189 1918 3530 1986 insolenter,
3557 1927 3616 1978 et

1961 1999 2194 2055 furores
2234 1999 2591 2068 barbaricos,
2621 2002 3056 2059 ecclesiasticas
3105 2010 3614 2076 transgressiones

1959 2103 2181 2158 magna
2209 2090 2585 2146 contentione
2603 2091 2916 2147 habendas
2945 2095 3314 2151 contendunt
3340 2113 3354 2164 ;
3384 2114 3414 2152 e
3447 2099 3613 2154 vesti-

1959 2177 2057 2246 gio
2097 2177 2241 2232 illud
2291 2178 2759 2246 formidandum,
2793 2184 2852 2236 et
2875 2183 3147 2238 omnium
3177 2185 3611 2258 suppliciorum

1958 2272 2310 2330 extremum,
2338 2267 2397 2321 in
2421 2267 2688 2323 fabulam
2710 2273 2765 2324 et
2792 2269 3118 2327 ludibrium
3158 2274 3349 2329 evasit
3378 2297 3390 2328 :
3415 2277 3614 2347 potius

1958 2355 2066 2410 viri
2097 2356 2178 2428 pii
2203 2355 2349 2410 illud
2379 2359 2946 2427 exoptaverint;non
2987 2360 3148 2416 enim
3189 2364 3478 2420 sententia
3510 2379 3615 2436 per

1958 2444 2397 2500 audacissimos
2442 2446 2697 2502 veritatis
2760 2449 2955 2504 hostes
2987 2450 3109 2507 lata
3149 2468 3358 2523 pmnas
3407 2453 3608 2510 saltem

1957 2533 2390 2589 ecclesiasticas
2418 2533 2827 2591 formidabiles
2855 2537 3013 2604 facit,
3049 2541 3152 2594 sed
3173 2547 3373 2596 reatus
3403 2559 3611 2598 eorum

1958 2621 2013 2677 in
2048 2638 2201 2693 quos
2221 2623 2663 2694 intorquentur.
2690 2625 2858 2684 Quod
2876 2627 2920 2680 si
2946 2625 3232 2683 innocens
3251 2631 3386 2701 quis
3419 2631 3610 2701 fuerit,

1958 2709 2240 2766 ridendas
2261 2711 2499 2766 illorum
2515 2728 2724 2783 pmuas
2742 2715 3043 2786 prOpinat,
3067 2717 3194 2772 etin
3213 2719 3612 2790 ipsorummet

247 2827 349 2857 νων
379 2811 637 2880 τιμωρίας
696 2825 882 2880 ιρεπει,
910 2811 1000 2858 καὶ
1057 2807 1169 2858 κατ’
1223 2805 1421 2859 ἐκείνων
1473 2811 1530 2858 τό
1585 2804 1846 2880 δικαίωμα

1958 2799 2248 2870 judicium
2292 2806 2501 2863 mutat,
2526 2801 2605 2857 illi
2631 2809 2830 2858 autem
2871 2821 3046 2875 quem
3085 2807 3410 2863 multarunt
3447 2825 3612 2866 coro-

249 2903 348 2956 τῆς
397 2901 648 2969 τιμωρίας
695 2894 1017 2968 ἀναστρέφει,
1071 2900 1160 2947 xui
1211 2903 1282 2966 τῷ
1335 2894 1420 2947 ὑπ’
1473 2896 1641 2948 αὑτων
1693 2917 1852 2968 τιμωο

248 2988 485 3056 ρουμένῳ
545 2987 819 3057 στεφάνους
874 2985 1189 3056 ἀκηράτους,
1230 2989 1318 3036 xui
1368 2983 1621 3037 ἀθάνατον
1673 2983 1850 3051 δοξαν,

1960 2904 2104 2945 nam
2130 2891 2702 2956 immarcescibilem,
2732 2900 2788 2948 et
2816 2892 3215 2951 immortalem
3235 2897 3484 2966 gloriam
3505 2915 3612 2970 pro

1962 2978 2266 3050 suppliciis
2297 2987 2592 3050 procurat.
2618 2982 2907 3046 Quocirca
2938 2983 3199 3056 quisque
3232 2987 3365 3057 pius
3387 2995 3442 3042 et
3477 3004 3607 3043 san-

251 3072 370 3124 ἀντὶ
425 3084 624 3137 ποινῆς,
686 3073 1051 3147 ἀπεργάζεται.
1114 3074 1186 3127 Δι’
1244 3074 1269 3126 ὃ
1339 3078 1428 3126 καὶ
1484 3075 1703 3135 ἕκαστος
1753 3083 1846 3126 τῶν

1962 3073 2093 3123 ctus
2125 3067 2211 3122 vir
2242 3068 2399 3123 mille
2441 3069 2634 3124 modis
2655 3072 2967 3140 optaverit,
3001 3077 3198 3144 potius
3231 3077 3303 3130 ab
3345 3077 3414 3130 iis
3442 3077 3544 3148 qui
3575 3094 3612 3132 a

255 3161 480 3214 εὐσεϐῶν
540 3168 628 3215 καὶ
679 3163 860 3234 ἁγίων,
901 3165 989 3215 ὑπ’
1045 3164 1212 3216 αὐτῶν
1259 3163 1674 3236 ἠλλοτριωμένων
1727 3172 1855 3238 Χρι-

256 3258 408 3319 στοῦ,
454 3255 699 3326 μυριάκις
748 3255 972 3326 αἱρεῖται
1022 3252 1529 3328 προπηλακίζεσθαι,
1594 3258 1682 3305 καὶ
1736 3251 1853 3304 ἀνα-

255 3341 687 3410 θεματίζεσθαιῆ
724 3349 830 3404 τοῖς
884 3341 1051 3394 αὐτῶν
1103 3347 1476 3417 μισοχρίστοις
1533 3347 1622 3394 καὶ
1673 3343 1851 3394 θεστυ-

249 3423 402 3491 γέσιν
473 3424 604 3492 μετὰ
661 3422 902 3498 λαμπρᾶς
958 3431 1049 3484 τῆς
1099 3422 1350 3496 εὐφημίας
1399 3430 1716 3482 κοινωνῆσαι
1764 3443 1855 3476 πο-

251 3512 572 3584 νηρεύμασιν
583 3553 595 3566 .

856 3607 1069 3655 ΕΠΙΣΤ.
1108 3600 1215 3658 IH'.

538 3690 760 3764 Μιχαὴλ
830 3691 1189 3766 μητροπολίτῃ
1244 3690 1566 3753 Μιτυλήνης.

1965 3157 2196 3213 Christo
2239 3156 2416 3212 alieni
2447 3164 2586 3212 sunt
2624 3161 3000 3216 contumeliis
3052 3162 3227 3227 afﬁci,
3262 3170 3318 3219 et
3365 3166 3613 3220 anathe-

1963 3250 2121 3301 mate
2150 3245 2326 3308 feriri,
2359 3261 2544 3317 quam
2575 3263 2712 3302 cum
2750 3249 3066 3320 splendore
3099 3258 3154 3306 et
3196 3252 3500 3324 applausu
3539 3255 3615 3311 de

1961 3333 2222 3406 ipsorum
2237 3334 2646 3407 impietatibus
2665 3338 3146 3414 participare,qui
3160 3341 3387 3399 Christo
3403 3343 3615 3412 odiosi,

1962 3428 2018 3479 et
2045 3426 2162 3480 Deo
2187 3423 2365 3479 invisi
2397 3429 2555 3480 sunt.

2605 3607 2815 3664 EPIST.
2849 3608 3036 3667 XVIII.

2254 3693 2542 3752 Michaels'
2564 3696 2877 3767 Mitylenes
2901 3698 3316 3770 metropolitae.

1525 3816 1820 3868 Montacut.
1861 3815 1964 3878 (ep.
1994 3815 2101 3872 116,
2131 3829 2184 3878 p.
2217 3817 2346 3879 I57).

318 3931 520 4004 Ὠσπερ
551 3936 667 3996 τούς
695 3940 786 3986 τοῦ
825 3937 1086 3987 Δεσπὸτου
1115 3935 1357 4005 μαθητὰς
1387 3936 1443 3984 τὸ
1488 3937 1842 4006 μισοχριστον

241 4031 347 4075 τῶν
387 4019 657 4075 Ἰουδαίων
697 4020 968 4098 συνέδριον
1016 4021 1458 4094 ἀποσυναγώγους
1510 4026 1840 4086 ποιήσαντες,

2025 3931 2509 3996 Quemadmodum
2526 3933 2843 4005 discipulos
2860 3939 3076 3992 Domini
3093 3939 3270 3994 nostri
3285 3941 3616 3997 Iudaeorum

1955 4019 2400 4076 Christiosorum
2419 4022 2753 4092 synedrium
2767 4039 2796 4079 e
2813 4026 3138 4096 synagogis
3153 4028 3614 4098 ejicientes,illos

242 4112 466 4174 ἇκείνους
516 4115 606 4183 μὲν
655 4112 844 4184 μᾶλλον
892 4133 962 4184 τῳ
1034 4109 1348 4183 Διδασκάλῳ
1425 4117 1517 4164 καὶ
1601 4115 1838 4182 Δεσπότη

1958 4125 2025 4165 eo
2063 4109 2242 4178 facto,
2273 4112 2466 4181 magis
2495 4110 2783 4180 magistro
2812 4120 2868 4168 et
2895 4115 3149 4172 Domino
3181 4116 3398 4173 dedere
3425 4133 3620 4191 copu-

239 4206 672 4276 προσῳκείωσαν,
724 4201 936 4264 ἑαυτοὺς
987 4197 1046 4254 δὲ
1091 4201 1250 4254 τέλεον
1277 4205 1366 4253 xui
1419 4208 1512 4263 τῆς
1557 4202 1694 4260 θείας
1749 4219 1846 4272 μυ-

243 4295 568 4362 σταγωγίας,
609 4296 697 4343 xui
748 4299 843 4353 τῆς
891 4290 1114 4363 οὐρανῶν
1148 4289 1421 4362 βασιλείας
1469 4290 1838 4362 ἠλλοτρίωσαν.

241 4380 398 4431 Οὕτω
458 4384 546 4431 καὶ
588 4388 674 4431 νῦν
723 4381 770 4432 οὶ
809 4389 909 4432 τῶν
965 4375 1233 4433 Ἰουδαίων
1285 4385 1531 4452 μιμηταὶ,
1577 4382 1696 4438 τοὺς
1743 4387 1842 4429 τῶν

641 4469 896 4534 ζηλωτὰς,
977 4469 1417 4540 ἀποσυναγώγους
1506 4473 1836 4530 ποιήσαντες,

236 4557 379 4627 ἡμᾶς
417 4560 505 4628 μὲν
538 4564 639 4617 τοῖς
677 4560 970 4619 θεσπεσίοις
1005 4556 1214 4617 ἐκείνοις
1269 4562 1357 4608 καὶ
1415 4557 1698 4616 αὑτὸπταις
1749 4563 1840 4607 τοῦ

236 4651 433 4716 Δὸγου,
488 4647 726 4717 συνῆψάν
778 4665 831 4698 τε
861 4645 1052 4718 μᾶλλον
1105 4651 1194 4698 xui
1250 4651 1573 4704 συνηνωσαν.
1628 4644 1686 4698 Ἦ
1737 4648 1839 4720 γάρ

232 4740 484 4786 κοινωνία
529 4744 627 4787 τῶν
682 4737 859 4786 παθῶν
917 4734 1288 4810 ἀκριϐεστέραν
1339 4743 1564 4786 ποιεῖται
1620 4739 1714 4793 τὴν
1790 4734 1838 4786 ἐν

240 4465 547 4519 ἀποστόλων

235 4821 348 4896 βίῳ
399 4829 488 4876 καὶ
535 4829 711 4876 πίστει
757 4826 1067 4896 συνάφειανο
1097 4823 1308 4886 ἑαυτοὺς
1348 4820 1407 4876 δε
1453 4829 1538 4875 xui
1593 4831 1682 4884 τῆς
1709 4823 1836 4875 ἐκεί-

878 4918 968 4965 xui
1042 4921 1133 4974 τῆς
1193 4915 1442 4987 ἡμετέρας
1505 4909 1834 4984 ὀρθοδοξίας,

1428 5008 1517 5054 xui
1569 5009 1658 5062 τῆς
1711 5010 1836 5075 Χρι-

233 4933 339 4965 νων
424 4909 799 4978 διδασκαλίας,

230 5001 462 5064 ἐλεεινῶς
515 5022 570 5055 τε
613 5008 700 5056 xui
779 5002 965 5064 ἀθλίως
1036 5002 1335 5075 ἐναπέτεμον
1371 5023 1382 5036 ·

231 5099 463 5144 στιανῶν
516 5090 642 5152 ὅλως
687 5096 778 5143 καὶ
825 5091 1056 5153 κλήσεως
1087 5097 1176 5144 xui
1214 5091 1476 5152 πολιτείας
1515 5095 1609 5148 τὴν
1641 5089 1834 5142 ἑαυτῶν

226 5189 424 5254 μοῖραν
457 5177 798 5252 δικάσαντες,
840 5181 907 5241 εἰς
957 5185 1048 5239 τὴν
1103 5189 1201 5232 τῶν
1257 5176 1547 5243 Ἰουδαίων,
1582 5179 1670 5239 οὖς
1700 5200 1836 5253 παρ-

227 5270 526 5339 εζήλωσαν,
557 5273 646 5321 xui
691 5275 1096 5345 χριστομαχίαν
1148 5274 1238 5322 καὶ
1279 5274 1578 5342 μιαιφονίαν
1619 5275 1832 5342 φερόμε-

225 5379 308 5413 νοι
351 5358 533 5413 ἕκπεπι
544 5364 762 5414 ώκασιν.

1951 4197 2126 4265 latos,
2149 4204 2208 4254 at
2261 4199 2487 4271 seipsos
2535 4200 2770 4272 penitus
2803 4217 2839 4256 a
2878 4203 3096 4258 caelesti
3136 4209 3518 4277 mystagogia
3557 4211 3614 4264 et

1951 4301 2138 4357 regno
2195 4287 2484 4344 cmlorum
2537 4289 2762 4346 alienos
2819 4292 3151 4348 reddidere.
3185 4295 3272 4349 Ad
3330 4295 3614 4351 eumdem

1955 4377 2204 4432 modum
2234 4383 2289 4432 et
2316 4393 2472 4433 nunc
2491 4378 2839 4436 Iudaeorum
2857 4380 3184 4438 imitatores
3204 4385 3615 4452 apostolorum

1950 4465 2168 4521 zelotas
2199 4483 2308 4521 nos
2335 4483 2366 4522 e
2393 4469 2720 4539 synagogis
2751 4471 3072 4541 ejicientes,
3100 4488 3170 4528 eo
3205 4473 3362 4529 facto
3398 4475 3614 4529 divinis

1949 4553 2085 4619 illis,
2119 4561 2175 4611 et
2228 4555 2398 4611 Verbi
2443 4557 2735 4614 incarnati
2775 4562 3210 4633 spectatoribus
3252 4578 3362 4617 nos
3421 4563 3612 4633 magis

1948 4645 2300 4717 conjunctos
2325 4647 2686 4703 adunierunt
2719 4650 3053 4722 ;siquidem
3094 4666 3448 4706 communes
3479 4669 3614 4724 pas-

1949 4733 2168 4803 siones,
2201 4736 2639 4792 exactissimam
2690 4739 2826 4793 vitae
2865 4745 2918 4794 et
2949 4739 3081 4794 ﬁdei
3126 4739 3609 4811 conjunctionem

1946 4828 2301 4894 cperantur;
2328 4830 2513 4880 semet
2545 4830 2745 4880 autem
2777 4826 2940 4898 ipsos
2963 4828 3040 4883 ab
3068 4844 3277 4884 eorum
3311 4828 3607 4898 doctrina,

1947 4917 2002 4967 et
2029 4912 2364 4968 orthodoxa
2395 4920 2598 4970 nostra
2620 4914 2754 4978 fide,
2796 4916 3083 4971 miserum
3109 4921 3165 4972 et
3192 4918 3607 4975 miserandum

1946 5000 2001 5056 in
2037 5001 2278 5056 modum
2299 5003 2685 5059 absciderunt
2720 5022 2732 5072 ;
2775 5008 2834 5059 et
2853 5021 2990 5061 cum
3023 5007 3282 5078 separati
3323 5014 3462 5064 sunt
3483 5025 3613 5066 om-

1945 5089 2088 5146 nino
2117 5108 2151 5146 a
2181 5092 2650 5149 Christianorum
2681 5094 2922 5149 nomine
2951 5100 3005 5150 et
3036 5096 3264 5168 politia,
3287 5097 3346 5153 in
3367 5099 3607 5157 Iudaeo-

1944 5195 2078 5234 rum
2133 5167 2286 5252 ques
2346 5181 2468 5236 zelo
2521 5183 2849 5253 imitantur,
2895 5167 3338 5256 oppositionem
3396 5193 3608 5246 contra

1945 5267 2270 5337 Christum,
2306 5277 2363 5326 et
2405 5270 2708 5327 homicidii
2754 5272 3141 5344 pollutionem
3175 5275 3406 5350 abrepti
3449 5279 3612 5333 exci-

1943 5357 2183 5414 derunt.
2469 5375 2472 5378 ’
