4088 6214
474 263 576 321 831
1693 209 1927 314 PHOTII
1967 257 2088 313 PA']

2225 254 2453 312 .RCHIE
2491 255 2597 312 (ΞΡ.
3741 251 3839 304 832

475 388 611 445 licet
635 384 1070 444 tumultuentur
1099 385 1218 452 alii,
1246 384 1381 441 licet
1399 382 1942 440 concertationibus
1968 399 2084 452 gau

2233 383 2299 433 τὰ
2329 388 2506 455 πρῶτα
2536 380 2740 440 ζητῶσι
2769 396 2780 408 ·
2813 377 2907 430 κᾶν
2958 379 3141 450 φθόνος
3187 376 3366 438 αὐτοῖς
3395 374 3671 449 ἁνερεθίζη
3709 394 3725 408 ·
3759 379 3845 425 καὶ

475 478 672 542 deant,
726 476 864 530 licet
908 475 1194 547 primaria
1230 478 1518 544 quaerant,
1566 471 1697 527 licet
1739 472 1900 543 ipsos
1954 473 2089 526 exsti

2232 478 2426 544 χειρῶν
2457 471 2698 541 ἄρχωσιν
2728 465 2925 520 ἀδίκων
2959 489 2971 500 ο
3006 466 3100 518 κᾶν
3127 469 3191 518 τὰ
3230 465 3333 518 ἂνω
3357 470 3612 538 στρέφουσι
3647 466 3804 516 κάτω
3834 485 3845 496 ·

477 565 666 622 mulet
702 563 943 630 invidia,
993 563 1122 618 licet
1161 576 1376 616 manus
1414 560 1628 630 injuste
1667 559 1952 616 violentas
1995 560 2091 630 inji

2239 555 2534 616 οὐδέποτεὴ
2577 557 2754 628 ἀγάπη
2813 565 2908 619 τῆς
2942 557 3136 616 οἰκείας
3186 553 3338 628 ἔδρας
3392 560 3480 607 καὶ
3521 553 3721 625 ἀρετῆς
3772 553 3853 605 ἐκ-

478 654 659 717 ciant,
681 653 812 708 licet
834 668 1054 722 susque
1075 650 1336 706 habeant
1353 649 1577 722 deque;
1600 665 1915 721 nunquam
1939 649 2092 704 chari

2241 653 2430 712 πίπτει,
2481 644 2596 700 οὐδ’
2674 645 3044 718 ἀπογινώσκει,
3101 642 3216 697 οὐδ’
3285 644 3670 717 ἀποστρέφεται
3729 647 3855 701 τοὺς

477 747 570 798 tas
603 741 676 797 de
703 757 812 796 sua
851 740 1104 794 statione
1125 736 1420 808 deiicitur,
1455 753 1565 792 nec
1595 737 1796 792 deﬁcit
1832 738 2091 793 avirtute

2239 737 2612 797 λελυπηκότας·
2675 735 2779 788 ἀλλ’
2861 734 2940 788 ἀεὶ
3019 736 3306 808 προφάσεις
3386 733 3642 796 ἐπιζητεῖ,
3761 735 3853 782 καὶ

478 847 600 888 non
620 832 913 901 desperat,
934 845 1050 884 non
1073 833 1380 883 aversatur
1396 827 1663 882 dolentes
1681 844 1694 894 ;
1710 843 1944 898 semper
1960 843 2092 882 occa

2243 828 2400 878 πάντα
2441 834 2588 891 κινεῖ,
2634 831 2723 877 καὶ
2765 820 3056 897 μεθοδεύει,
3109 820 3181 875 δι’
3231 823 3297 874 ὧν
3337 823 3520 882 αὐτοὺς
3576 826 3674 874 καὶ
3725 819 3857 873 ἄπο-

479 919 669 974 siones
689 917 916 988 qumrit,
945 931 1182 988 semper
1201 931 1444 971 omnem
1468 923 1662 971 movet
1692 914 1975 987 lapibem,
2000 931 2093 971 om

2247 924 2556 987 τκιρτώντας
2587 915 2660 977 εἰς
2693 918 2778 966 τὸν
2807 914 2996 966 οἰκεῖον
3036 921 3126 973 τῆς
3185 917 3464 984 συναφείας
3491 916 3581 962 καὶ
3611 910 3861 972 ένὼσεως

478 1023 615 1063 nem
645 1007 749 1061 init
780 1006 1132 1061 methodum
1163 1009 1223 1061 ut
1250 1010 1411 1061 extra
1445 1021 1508 1060 se
1547 1005 1877 1060 desultores
1908 1005 1966 1060 in
1993 1021 2092 1076 pro

2246 1004 2562 1077 τυναγελάζῃ
2635 1003 2877 1076 λειμῶνα.
2949 1009 3148 1068 Ταῦτα,
3207 1006 3378 1054 τέκνον
3459 1004 3716 1073 ἡμέτερον
3813 998 3860 1052 ἓν

479 1096 671 1168 prium
712 1094 1151 1166 conjunctionis
1195 1099 1251 1150 et
1294 1095 1530 1150 unionis
1575 1099 1814 1167 pratum
1857 1095 2093 1151 reducat

2248 1099 2431 1166 Κυρίῳ,
2481 1094 2699 1166 μελέτα·
2757 1097 2846 1145 καὶ
2898 1095 3095 1152 τούτοις
3149 1091 3329 1144 ἑαυτὸν
3397 1091 3639 1165 ῥύθμιζε,
3733 1108 3862 1140 κατ-

479 1188 632 1252 Haac,
665 1200 700 1239 ο
732 1183 812 1239 ﬁli
834 1184 936 1248 mi,
967 1183 1028 1238 in
1052 1183 1283 1240 Christo
1311 1184 1696 1251 meditare,et
1725 1183 1886 1239 hisce
1911 1188 1964 1240 te
1986 1200 2093 1239 con

2247 1180 2460 1256 ῖπάδων.
2505 1179 2674 1236 Οὐδὲν
2721 1184 2845 1254 γὰρ,
2878 1177 2932 1234 εὖ
2985 1183 3122 1248 ἶσθι,
3171 1189 3270 1233 τῶν
3322 1184 3586 1254 παναρίων
3643 1181 3861 1230 τούτων

477 1272 693 1339 forma,
726 1273 829 1328 tibi
857 1271 1201 1328 concinens.
1227 1273 1390 1328 Certe
1422 1273 1574 1328 bene
1595 1273 1759 1328 noris
1787 1273 1945 1344 quod
1978 1273 2091 1328 nihi

2250 1275 2470 1347 εὑρήσεις
2520 1273 2901 1346 ὠφελιμώτερον
2931 1293 2943 1304 ·
2996 1273 3061 1323 τὰ
3109 1267 3160 1323 δ’
3218 1269 3346 1322 ἄλλα
3391 1268 3610 1344 ἔρῥωσο,
3673 1270 3864 1341 inops}-

475 1361 569 1417 his
601 1362 866 1434 panariis
892 1362 1086 1431 magis
1103 1361 1240 1418 utile
1264 1363 1518 1434 reperire
1541 1362 1760 1434 poteris
1797 1378 1808 1416 :
1842 1367 2089 1417 caeterum

1877 1367 2122 1417 ceterum
2234 1381 2374 1428 τατε,
2410 1371 2496 1423 τῆς
2517 1363 2662 1432 ἡμῶν
2691 1362 3103 1436 ὑπερευχόμενος
3133 1365 3489 1434 μετριότητος.

476 1453 630 1518 vale,
659 1456 715 1507 et
745 1451 1021 1524 precibus
1062 1456 1325 1508 nostram
1359 1451 1829 1507 mediocritatem
1870 1450 2354 1507 commendatam
2375 1451 2547 1507 habe.

1119 1539 1340 1596 EPIST.
1380 1541 1487 1595 XV.

2876 1545 3086 1594 ΕΙΙΙΣΤ.
3111 1537 3207 1593 ῙΕ’.

1191 1628 1409 1684 Eidem.

2901 1635 2986 1700 Τῷ
2999 1627 3158 1698 αὐτῷ.

1733 1751 2029 1806 Montacut.
2065 1754 2168 1816 (ep.
2201 1753 2309 1809 107,
2342 1767 2399 1816 p.
2442 1754 2574 1806 152).

557 1867 752 1924 Gratia
780 1866 1006 1922 Christo
1045 1883 1180 1941 vero
1221 1869 1335 1922 Deo
1379 1871 1583 1923 nostro
1615 1866 1720 1940 qui
1751 1867 1811 1922 in
1844 1867 2127 1923 omnibus
2160 1874 2171 1926 l

2313 1870 2482 1942 Χάρις
2538 1869 2748 1941 Χριστῷ
2798 1874 2869 1938 τῷ
2920 1866 3146 1936 ἀληθινῷ
3205 1871 3318 1935 Θεῷ
3380 1866 3548 1936 ἡμῶν,
3627 1870 3706 1933 τῷ
3777 1860 3863 1913 ἐπὶ

483 1973 596 2012 nos
615 1956 974 2023 consolatur,
994 1956 1096 2027 qui
1115 1961 1362 2012 naturas
1383 1971 1709 2026 generosas
1730 1955 1777 2012 si
1793 1958 1888 2012 vel
1908 1955 2097 2030 aliqua

2247 1963 2374 2010 πᾶσι
2403 1957 2788 2032 παρακαλοῦντι
2840 1957 2999 2028 ἡμᾶς,
3055 1963 3127 2026 τῷ
3175 1959 3264 2006 καὶ
3324 1957 3419 2015 τὰς
3463 1958 3707 2025 γενναίας
3759 1958 3861 2004 τῶν

484 2052 654 2103 tenus
685 2046 763 2102 ab
785 2045 991 2102 innata
1015 2046 1216 2102 virtute
1242 2045 1598 2111 exorbitent,
1615 2050 1903 2117 potestate
1924 2047 2098 2104 donat

2247 2049 2442 2119 φύσεων
2491 2042 2676 2118 (ἔπειθ’
2722 2045 2782 2096 ἂν
2834 2054 2924 2106 τῆς
2976 2045 3171 2106 οἰκείας
3229 2043 3411 2117 ἀρετῆς
3462 2047 3652 2116 μικρὸν
3714 2040 3861 2093 ἀπο-

484 2140 548 2192 ut
576 2136 933 2209 quantocius
964 2135 1388 2206 suumlapsum
1415 2135 1763 2204 intelligant,
1787 2136 1932 2192 etad
1958 2152 2098 2192 suan

2245 2135 2475 2206 κλίνωσι]
2543 2137 2728 2188 θᾶττόν
2806 2153 2861 2188 τε
2929 2140 3150 2206 συνορᾷν
3205 2129 3525 2204 δυναμοῦντι
3563 2135 3674 2186 Ρτὸ
3757 2130 3859 2183 ὀλί-

483 2225 852 2280 nobilitatem
882 2230 938 2281 et
961 2225 1309 2295 dignitatem
1341 2225 1756 2294 regrediantur
1789 2226 1927 2298 ;qui
1952 2226 2097 2282 etiam

2245 2228 2446 2297 σθημα,
2477 2230 2565 2277 καὶ
2595 2228 2722 2300 πρὸς
2757 2228 2813 2277 τό
2859 2224 3042 2276 οἰκεῖον
3100 2227 3190 2275 καὶ
3239 2222 3437 2293 εὐγενὲς
3467 2221 3857 2291 ἐπανατρέχειν

483 2330 665 2379 nunc,
694 2330 814 2370 non
848 2330 1116 2370 mearum
1141 2315 1442 2369 rationum
1461 2319 1519 2370 et
1543 2315 1894 2378 orationum,
1922 2320 1983 2369 ut
2013 2319 2097 2370 tut

2243 2313 2466 2382 ἀξίωμα.
2523 2314 2618 2376 ’ος
2667 2319 2755 2366 καὶ
2805 2322 2914 2380 νῦν,
2968 2314 3026 2365 οὐ
3077 2321 3136 2384 τῇ
3187 2321 3286 2364 τῶν
3345 2314 3607 2383 ἡμετέρων
3657 2311 3853 2382 λόγων,

484 2408 674 2474 putes,
698 2403 752 2457 vi
786 2408 843 2457 et
894 2403 1319 2467 admonitione,
1373 2403 1623 2471 gratiam
1655 2401 1901 2472 largitus
1931 2406 2040 2466 est,
2075 2418 2098 2456 υ

2243 2405 2307 2464 ὡς
2364 2404 2422 2454 ἂν
2481 2403 2631 2464 αὐτὸς
2687 2407 2863 2474 φαίης,
2912 2400 3132 2474 δυνάμει
3179 2407 3267 2452 καὶ
3312 2404 3618 2471 παραινέσει
3653 2419 3665 2430 -
3724 2398 3855 2450 ἀλλὰ

485 2490 626 2545 viles
650 2498 705 2545 et
727 2491 986 2546 humiles
1015 2508 1152 2546 cum
1175 2490 1458 2562 despectu
1485 2490 1720 2546 habitas
1745 2491 2099 2560 cogitatione

2243 2501 2337 2554 τῆς
2374 2495 2592 2557 οἴκοθεν,
2642 2498 2730 2544 καὶ
2776 2492 2829 2556 ἐξ
2878 2491 3037 2543 αὐτοῦ
3095 2510 3179 2543 σοι
3232 2491 3712 2569 παρασχεσθείσης
3767 2507 3854 2558 με·

485 2579 752 2650 abjicias,
786 2580 888 2635 sed
925 2579 1195 2635 facultate
1236 2585 1292 2634 et
1329 2579 1538 2635 robore
1577 2584 1691 2635 tum
1730 2580 1918 2651 ipsius
1946 2595 2099 2650 quan

2241 2583 2531 2654 γαλονοίας,
2566 2592 2626 2656 τῇ
2654 2583 2801 2658 ῥώμη
2841 2585 2896 2633 τὸ
2937 2578 3167 2651 χυδαῖον
3217 2579 3305 2652 μὲν
3337 2585 3424 2631 καὶ
3454 2583 3698 2630 ταπεινὸν
3751 2585 3852 2629 τῶν

487 2668 756 2739 possides
787 2668 1320 2737 magnanimitatis.
1349 2669 1403 2723 Si
1431 2673 1630 2723 autem
1653 2669 1856 2724 innata
1872 2674 1928 2724 et
1948 2685 2101 2740 appo

2241 2672 2502 2743 λογισμῶν
2543 2671 2837 2743 ἐχαρίτωσέ
2866 2690 2922 2722 σε
2945 2667 3366 2723 διαπτύσασθαι.
3399 2669 3460 2724 Εἰ
3491 2664 3549 2720 δὲ
3579 2672 3642 2718 τὸ
3677 2685 3847 2738 προσ-

485 2757 594 2813 sita
621 2757 871 2828 propriae
897 2757 1214 2812 voluntatis
1237 2757 1565 2826 amplitudo
1604 2773 1740 2828 quae
1766 2758 1995 2829 optima
2022 2763 2099 2814 est

2243 2766 2358 2832 φυες
2407 2766 2494 2813 καὶ
2538 2760 2854 2817 κατάλληλον
2903 2761 3112 2831 μέγεθος
3168 2767 3260 2819 τῆς
3309 2757 3527 2832 ἀρίστης
3593 2760 3850 2829 προαιρέ-

483 2853 540 2902 et
567 2853 790 2901 craterae
823 2852 933 2902 tute
965 2846 1454 2912 conversationis,
1497 2847 1622 2902 sine
1661 2845 2007 2902 difficultate
2047 2864 2097 2903 re

2245 2871 2387 2916 σεως,
2438 2856 2526 2902 καὶ
2569 2860 2661 2911 τῆς
2703 2850 2857 2911 ἁλλης
2915 2849 3194 2913 πολιτείας,
3245 2847 3298 2900 ἔκ
3357 2855 3446 2898 τοῦ
3491 2847 3702 2919 ῥάστον
3765 2849 3851 2897 ἔπ-

480 2936 671 3001 duxit,
690 2942 990 3008 utcunque
1007 2951 1201 2990 rerum
1219 2936 1686 3005 contingentium
1701 2937 1962 3002 occasio,
1983 2938 2094 2992 mu]

2241 2947 2517 3011 ανὴγαγεν,
2553 2939 2598 2991 ἐν
2631 2941 2702 3000 οἷς
2749 2943 2853 3000 εἴης
2913 2959 3003 3011 μοι
3045 2937 3139 2990 κᾶν
3193 2942 3411 3011 μυρίους
3461 2935 3651 2996 κύϐους
3681 2938 3714 2994 ἡ
3751 2944 3849 2987 τῶν

481 3025 658 3096 tiplici
685 3041 779 3080 me
809 3023 1240 3095 aleajactatum
1266 3024 1608 3091 turbaverit,
1628 3031 1688 3080 tu
1712 3031 1910 3082 tamen
1941 3043 2094 3098 usqu

2239 3032 2556 3102 πραγμάτων
2629 3028 2930 3104 ἀναρρίπτοι
3009 3031 3322 3098 περιπέτεια,
3385 3026 3540 3086 αὐτὸς
3619 3022 3847 3077 διαπαν-

476 3113 537 3170 in
588 3113 855 3170 immotae
913 3115 1186 3170 auiicitim
1233 3115 1601 3172 institutione
1659 3115 1948 3171 solidatus
1995 3133 2090 3186 per

2239 3138 2321 3179 τος
2369 3118 2416 3170 ἐν
2469 3117 2727 3189 ἀκλονήτῳ
2776 3126 2870 3178 τῆς
2937 3116 3147 3189 ἀγάπης
3219 3116 3590 3188 ἐστηριγμένος
3661 3119 3851 3187 φρονή-

479 3202 679 3260 sistes.
709 3203 868 3270 Vale,
897 3204 980 3259 mi
1009 3203 1089 3258 ﬁli
1130 3203 1552 3260 sacratissime.

2156 3242 2196 3292 α
2237 3228 2384 3280 ματι.
2411 3203 2673 3283 ³Εβρωσο,
2707 3212 2879 3260 τέκνον
2918 3210 3163 3280 ἡμέτερον
3192 3208 3483 3278 ἱερώτατον.

1105 3293 1317 3347 ISPIST.
1357 3292 1490 3347 XVI.
2157 3276 2196 3298 “
2237 3276 2246 3280 ⁷
2480 3276 2521 3283 ”

2157 3276 2196 3298 ’³
2237 3276 2246 3280 ⁷
2480 3276 2488 3283 ⁷
2513 3276 2521 3282 ’
2863 3276 3083 3350 Erum
3101 3302 3203 3378 ις.

800 3381 1082 3452 Gregorio
1111 3380 1425 3451 Syracusae
1451 3382 1800 3452 archiepisc.

2485 3391 2752 3460 Γρηγορίῳ
2785 3385 3188 3458 ἀρχιεπισκόπῳ
3219 3386 3576 3459 Συρακούσης.

1737 3506 2034 3562 Montacut.
2073 3511 2176 3574 (ep.
2209 3514 2316 3569 111,
2354 3528 2407 3576 p.
2441 3513 2575 3573 154).

547 3624 928 3693 Quaecunque
942 3620 1469 3692 archiepiscopalis
1485 3626 1587 3676 tua
1607 3626 1884 3678 sanctitas
1898 3625 1974 3680 ad
1991 3641 2126 3681 con-

2305 3627 2445 3681 ”()σα
2497 3632 2620 3702 πρὸς
2650 3630 3008 3702 καταρτισμὸν
3039 3634 3130 3686 τῆς
3177 3633 3266 3678 τοῦ
3327 3632 3459 3678 Θεοῦ
3524 3623 3847 3683 Ἐκκλησίας

481 3712 846 3766 stitutionem
877 3709 970 3765 Dei
991 3709 1248 3765 ecclesiae
1265 3715 1566 3780 operatur,
1590 3711 1666 3766 ab
1689 3712 1820 3782 ipso
1837 3713 2095 3786 principi

2241 3719 2267 3776 ἡ
2326 3716 2671 3792 ἁρχιερατικὴ
2729 3719 2872 3788 ὑμῶν
2935 3712 3310 3787 διαπράττεται
3363 3716 3594 3776 ὁσιότης,
3654 3715 3844 3765 ἄνωθεν

481 3817 618 3856 mea
673 3799 1048 3855 mediocritas
1087 3804 1282 3854 tecum
1317 3801 1375 3854 in
1421 3799 1490 3854 iis
1542 3800 1885 3872 conspirat:
1916 3807 1980 3856 ut
2019 3802 2095 3858 fre

2238 3813 2326 3858 καὶ
2381 3805 2608 3878 ἐξαρχῆς
2658 3811 2749 3863 τὴν
2799 3807 3049 3879 ἡμετέραν
3116 3807 3258 3874 ἔχεις
3326 3810 3715 3873 συμφωνοῦσαν
3764 3821 3847 3873 με·

477 3889 756 3962 quentius
789 3887 886 3942 tibi
909 3891 967 3942 in
998 3888 1351 3944 memoriam
1382 3904 1660 3945 revocare
1692 3905 1807 3944 non
1829 3891 1900 3946 sit
1929 3907 2084 3963 opus

2237 3901 2486 3967 τριότητα
2517 3917 2528 3929 ο
2556 3893 2736 3967 διόπερ
2764 3895 2823 3946 οὐ
2867 3891 3038 3946 δεῖται
3071 3901 3326 3964 συνεχοῦς
3363 3891 3447 3944 ἐπὶ
3474 3893 3681 3953 τούτοις
3715 3894 3845 3943 ὑπο-

475 3993 636 4034 nunc
695 3977 978 4048 temporis
1035 3977 1354 4048 prtecipue,
1398 3993 1536 4032 cum
1572 3994 1716 4033 voce
1746 3995 2089 4052 quacumqu

2237 3990 2474 4056 μνήσεως
2508 4006 2519 4018 ·
2549 3985 2778 4056 μάλιστά
2815 4002 2875 4054 γε
2925 3991 3032 4048 νῦν,
3089 3984 3172 4034 ὅτε
3228 3990 3397 4053 φωνῆς
3453 3980 3671 4040 ἁπάσης
3720 3980 3843 4049 λαμ-

475 4067 691 4124 clarius
721 4066 1453 4122 etconsommatiusnosid
1482 4066 1739 4122 doceant
1768 4084 1902 4139 quae
1922 4075 2088 4124 mutu

2238 4079 2483 4147 πρότερον
2535 4092 2588 4124 τε
2663 4078 2750 4124 καὶ
2802 4072 3126 4142 τελειότερον,
3185 4066 3643 4122 ἆναδιδάσκουσιν
3707 4070 3845 4140 ἡμᾶς

475 4157 652 4214 nobis
683 4156 1077 4225 contigerunt,
1108 4171 1177 4210 ac
1210 4154 1516 4227 utriusque
1557 4160 1774 4211 statum
1814 4157 2089 4228 aequalem

2239 4166 2303 4215 τὰ
2329 4162 2576 4227 ἀλλήλων,
2611 4167 2698 4214 καὶ
2747 4163 2818 4224 εἰς
2869 4167 2992 4232 μίαν
3023 4167 3228 4232 γνώμην
3287 4165 3376 4211 καὶ
3423 4163 3484 4210 τὸ
3539 4158 3670 4210 αὖτό
3731 4177 3841 4209 συν-

475 4246 756 4302 eumdem
776 4245 1066 4310 animum,
1093 4243 1482 4314 cogitationes
1509 4243 1756 4300 easdem
1785 4261 2078 4317 suggeran

2239 4255 2467 4305 άπτουσι
2494 4256 2732 4324 φρόνημα
2763 4273 2774 4285 ·
2809 4253 2891 4303 ὅτε
2921 4253 3084 4310 κοινὸς
3123 4251 3248 4324 ὑπὲρ
3307 4251 3532 4323 Χριστοῦ
3581 4243 3841 4318 διωγμὸς,

475 4335 814 4392 communis
873 4339 1073 4388 nostra
1129 4333 1190 4388 in
1245 4333 1472 4388 Christo
1520 4349 1724 4400 causa,
1774 4337 2089 4405 persecutic

2238 4347 2328 4394 καὶ
2374 4346 2438 4393 τὰ
2488 4344 2636 4393 κοινὰ
2679 4343 2815 4398 πάθη
2850 4345 2938 4392 καὶ
2965 4338 3309 4410 ἀνιστόρητοι,
3367 4337 3441 4397 οἷς
3491 4334 3720 4387 ἐναθλείν
3757 4333 3843 4387 διὰ

474 4439 830 4482 communes
861 4422 1193 4495 passiones,
1228 4420 1555 4476 ineffabiles
1583 4421 1798 4494 quibus
1832 4439 2088 4481 meremu

2240 4435 2332 4489 τὴν
2367 4436 2684 4503 συντήρησιν
2736 4438 2835 4481 τῶν
2887 4425 3210 4480 δεσποτικών
3265 4425 3474 4479 ἐντολῶν
3529 4430 3618 4476 καὶ
3673 4444 3845 4498 παρα-

475 4514 803 4572 conﬂictari
850 4517 1092 4584 propter
1133 4511 1632 4578 observationem,
1683 4517 1739 4568 et
1791 4515 2089 4572 custodia:

2242 4521 2484 4592 φυλακὴν,
2537 4518 2836 4592 ἀξιούμεθα.
2895 4517 3116 4571 Ἔντεινε
3179 4520 3348 4569 τοίνυν
3413 4519 3503 4566 καὶ
3550 4513 3844 4566 κατευοδοῡ

478 4605 905 4660 mandatorum
936 4601 1164 4657 Domini
1197 4601 1405 4658 nostri.
1438 4599 1684 4657 Intende
1708 4608 1906 4657 autem
1927 4619 2092 4676 porrc

2238 4612 2548 4681 χειροθετῶν
2594 4628 2646 4661 τε
2695 4614 2783 4660 καὶ
2843 4611 3123 4679 ίεροτελὼν,
3171 4608 3344 4658 καὶτὸ
3391 4609 3625 4675 πείμνιον
3677 4603 3844 4665 αὔξων

477 4701 532 4749 et
561 4699 715 4750 recto
757 4692 989 4749 tramite
1019 4691 1295 4757 incedito,
1331 4706 1546 4746 manus
1585 4689 1920 4762 imponens,
1959 4709 2090 4750 sacr

2237 4703 2325 4752 καὶ
2381 4698 2650 4756 πληθύνων
2723 4704 2976 4769 Χριστοῦ,
3032 4699 3184 4758 ναούς
3244 4713 3297 4746 τε
3347 4697 3568 4754 σεπτοὺς
3635 4692 3843 4762 ἐγείρων

476 4799 789 4856 peragens,
805 4781 1014 4840 Christi
1030 4797 1270 4852 gregem
1291 4779 1691 4853 multiplicans
1718 4786 1773 4836 et
1799 4781 2090 4853 adaugen:

2238 4793 2326 4840 καὶ
2373 4787 2742 4858 τελεσιουργῶν
2777 4804 2790 4816 ’
2852 4785 2958 4837 ἀλλ’
2989 4787 3122 4837 ὥστε
3153 4795 3180 4839 q
3206 4789 3294 4835 καὶ
3345 4789 3543 4855 καιροῖς
3587 4785 3843 4839 τοιούτοις

478 4875 699 4943 templa
726 4871 1074 4930 veneranda
1097 4876 1454 4927 construens
1485 4874 1541 4926 et
1565 4870 1851 4926 dedicans
1897 4888 2092 4944 ;preec.

2239 4876 2285 4930 ἐν
2336 4878 2413 4939 οἷς
2464 4879 2613 4949 ἱερεῖς
2669 4895 2718 4928 τε
2757 4881 2845 4928 καὶ
2885 4877 3156 4946 ἱερωσύνη,
3213 4878 3271 4925 τὸ
3297 4877 3452 4945 μέρος
3502 4873 3707 4923 ἐκείνων
3748 4877 3841 4921 τῶν

479 4977 596 5034 pue
622 4978 756 5017 cum
791 4968 1057 5035 tempora
1086 4961 1200 5016 sint
1227 4959 1553 5032 ejusmodi,
1587 4961 1645 5015 in
1684 4961 1906 5033 quibus
1933 4978 2093 5018 sacer

2239 4967 2572 5039 τρισαθλίων,
2624 4970 2906 5035 σεσίγηται
2935 4970 3025 5015 καὶ
3075 4962 3127 5024 ἐξ
3176 4963 3454 5034 ἀνθρώπων
3509 4961 3835 5031 ἠφάνισται·

477 5051 647 5106 dotes
661 5055 716 5105 et
729 5051 1442 5122 sacerdotium,magnam
1457 5051 2091 5122 partem,miserandur

2239 5063 2371 5106 ναῶν
2421 5074 2471 5106 τε
2520 5053 2712 5128 ἐρημία
2765 5058 2855 5106 καὶ
2915 5055 3176 5125 πόρθησις
3226 5049 3339 5102 ἀντὶ
3397 5057 3493 5110 τῆς
3541 5054 3664 5121 πρὶν
3706 5047 3841 5101 εὐκο-

477 5141 538 5198 in
574 5140 827 5196 modum
869 5140 1098 5197 silentio
1155 5141 1510 5207 obruuntur,
1570 5144 1625 5197 et
1658 5157 1731 5197 ex
1782 5141 2091 5198 hominibu

2244 5147 2418 5215 σμίας,
2467 5147 2524 5195 τὸ
2574 5142 2858 5213 Ῥωμαϊκόν
2911 5145 3127 5212 κατέχει
3185 5140 3492 5210 πολίτευμα,
3531 5144 3624 5191 καὶ
3669 5158 3839 5208 μονονο

477 5230 861 5288 eliminantur
881 5245 1046 5295 ;cum
1061 5230 1284 5301 templa
1298 5232 1522 5302 passim
1538 5231 1802 5289 desolata
1811 5231 2091 5304 jaceantg

2242 5241 2370 5305 ουχὶ
2422 5237 2486 5286 τὰ
2537 5241 2866 5307 Χριστιανῶν
2930 5230 2983 5283 ἐκ
3060 5229 3268 5302 βάθρων
3340 5228 3507 5279 αὐτῶν
3565 5225 3839 5298 ἀνατέτρα-

477 5319 764 5378 demolita
801 5320 919 5374 sint
957 5324 1059 5375 aut
1083 5319 1362 5390 expilata,
1396 5336 1504 5392 pro
1529 5321 1628 5378 illo
1660 5323 1870 5379 ordine
1903 5327 1958 5378 et
2006 5339 2084 5394 pu

2241 5343 2364 5376 πται
2391 5341 2402 5352 ο
2437 5320 2528 5387 οἷς,
2558 5328 2633 5382 τίς
2665 5323 2821 5384 ἀξίως
2859 5320 3004 5382 ἄλλος
3030 5320 3059 5378 ἦ
3087 5318 3336 5391 Ἱερεμίας
3383 5316 3727 5378 ἐπιστενάξαι
3755 5313 3839 5367 δυο

1820 5499 2062 5556 VARIE
2102 5499 2505 5557 LECTIONES.

557 5645 588 5690 ὶ)
615 5647 708 5702 καί
729 5640 1124 5720 ἄνδυναμοῦντι.
1200 5652 1228 5698 (1
1256 5639 1421 5705 ἄλλως
1444 5658 1511 5697 τε.
