4088 6214
230 308 342 369 833

1487 303 1996 365 EPISTOLABUM
2037 301 2248 364 LIBER
2286 303 2353 363 II.

3507 319 3615 375 834

232 441 390 500 νατός
467 438 535 489 ὦν
592 439 802 501 οἰκείοις
859 442 1065 513 θρήνοις
1138 437 1458 497 τηλικαύτης
1523 435 1741 510 ἐρημίας
1767 433 1838 486 ἔκ·

1957 432 2289 488 chritudine
2319 448 2442 505 qua
2472 435 2636 505 prius
2668 438 2937 492 Romana
2971 437 3306 510 respublica
3331 441 3612 511 ﬂorebat,

232 523 586 600 τραγῳδῆσαι
634 534 722 581 καὶ
770 537 1114 603 παραστῆσαι
1171 528 1434 598 μέγεθος;
1493 525 1624 576 ἀλλὰ
1678 533 1848 576 ταῦτα

231 621 326 688 μὲν
357 622 446 668 καὶ
486 624 797 691 σιωπώμεναι
834 624 1108 692 κέκραγεν.
1166 621 1232 668 Συ
1286 613 1345 668 δέ
1384 635 1474 688 μοι
1507 618 1571 667 τά
1616 633 1669 666 τε
1716 613 1846 666 ἄλλα

231 705 453 780 ἔρρωσο,
487 715 576 759 καὶ
603 715 696 768 τῆς
717 709 861 780 ἡμῶν
891 709 1187 782 ὑπερεύχου
1212 711 1580 778 μετριότητος,

1955 527 2012 578 et
2061 521 2550 578 Christianismus
2610 529 2839 580 tantum
2882 542 3002 581 non
3039 543 3108 581 ex
3137 528 3272 583 imis
3305 531 3612 588 subruitur

1956 611 2388 666 fundamentis.
2421 611 2812 684 Ingemiscere
2839 615 2914 669 ad
2939 617 3200 688 haec,pro
3234 620 3452 675 meritis
3477 623 3611 692 quis

1955 699 2108 756 alius
2148 697 2440 755 suffecerit
2478 715 2667 772 quam
2703 703 3005 768 Jeremias,
3035 704 3137 776 qui
3178 709 3433 779 propriis
3487 710 3612 765 suis

228 779 404 852 lessis
421 779 791 863 etlamentis,
817 779 997 853 tantm
1023 794 1306 851 vastitatis
1327 797 1385 848 et
1413 791 1797 848 desolationis
1831 788 2309 861 magnitudinem
2344 793 2400 844 et
2432 790 2764 860 exprimere
2793 791 3001 862 possit,
3044 798 3100 848 et
3145 798 3369 865 tragice
3407 798 3620 870 deplo-

230 884 535 941 rare?sed
563 885 692 941 haec
724 884 958 942 silentio
989 901 1195 958 pressa
1224 883 1559 942 exclamant
1590 887 1807 938 tamen.
1831 882 1916 936 Tu
1941 882 2158 936 caetera
2187 877 2338 943 vale,
2371 883 2428 935 et
2452 895 2562 950 pro
2601 895 2736 936 mea
2774 882 3180 940 mediocritate
3225 887 3390 957 apud
3425 890 3609 946 Deum

233 973 521 1046 precibus
553 974 868 1031 intercede.

867 1069 1076 1118 ΕΠΙΣΤ.
1111 1063 1216 1120 ΙΖ¹.

472 1151 709 1225 Ἰγνατίῳ
729 1152 1083 1227 μητροπολίτη
1121 1147 1605 1211 Κλαυδιουπόλεως.

2572 1059 2787 1116 EPIST.
2821 1061 2983 1115 XVII.

2246 1146 2476 1217 Ignatio
2507 1155 2744 1218 metrop.
2780 1149 3318 1222 Claudiopolitano.

1498 1275 1789 1324 Montacut.
1827 1273 1930 1336 (ep.
1956 1271 2064 1327 115,
2092 1285 2148 1334 p.
2191 1271 2316 1324 156),

306 1393 408 1448 Ἦν
459 1412 582 1446 ποτε
629 1396 840 1465 φευκτὸν
917 1398 1007 1445 καὶ
1064 1391 1276 1465 φοϐερὸν
1323 1396 1381 1444 τὸ
1436 1390 1683 1462 ἀνάθεμα,
1753 1390 1836 1441 ὅτε

230 1485 374 1535 κατὰ
415 1491 514 1534 τῶν
567 1481 762 1554 ἐνόχων
809 1492 898 1543 τῆς
938 1481 1192 1548 ἀσεϐείας,
1243 1484 1368 1556 ὑπὲρ
1400 1489 1498 1533 τῶν
1551 1500 1644 1540 της
1691 1479 1833 1531 εὐσε-

233 1571 376 1632 ϐείας
404 1575 665 1644 κηρύκων,
722 1571 942 1645 ἐφέρετο.
1003 1571 1119 1644 Ἀφ’
1165 1571 1225 1623 οὗ
1257 1567 1316 1622 δὲ
1364 1572 1392 1628 η
1456 1569 1696 1644 τολμηρά
1745 1573 1836 1620 καί

236 1661 593 1732 ἀναίσχυντος
643 1669 742 1712 τῶν
791 1661 1090 1735 ἀλαστόρων
1166 1659 1406 1726 ἀπόνοια,
1454 1663 1598 1732 παρά
1666 1660 1838 1711 πάντα

2020 1390 2154 1442 Erat
2195 1387 2336 1444 olim
2392 1388 2648 1445 terribile
2719 1392 3065 1457 anathema,
3099 1402 3156 1449 et
3211 1394 3606 1466 fugiendum;

1946 1492 2163 1548 nempe
2185 1493 2322 1533 cum
2363 1493 2398 1533 a
2423 1478 2680 1534 veritatis
2712 1482 3112 1550 praeconibus,
3141 1490 3349 1540 contra
3392 1502 3522 1541 reos
3554 1494 3609 1544 et

1945 1567 2254 1636 improbos
2299 1565 2616 1623 ferebatur.
2653 1571 2730 1624 Ex
2773 1586 2888 1640 quo
2935 1587 3073 1626 vero
3104 1572 3302 1628 audax
3332 1581 3386 1629 et
3417 1576 3610 1648 impu-

1945 1653 2094 1709 dens
2117 1653 2441 1710 alastorum
2483 1658 2888 1727 quorumdam
2921 1661 3184 1725 vesania,
3218 1669 3423 1717 contra
3450 1664 3608 1732 leges

238 1753 432 1822 θεσμὸν
485 1752 617 1802 θεῖόν
673 1769 728 1801 τε
779 1755 869 1802 καὶ
928 1748 1265 1825 ἀνθρώπινον,
1323 1754 1412 1801 καὶ
1459 1752 1600 1822 παρά
1667 1750 1838 1800 πάντα

1950 1758 2156 1797 omnes
2169 1742 2403 1799 divinas
2418 1745 2783 1800 ethumanas
2805 1762 2818 1811 ;
2839 1753 3047 1801 contra
3059 1763 3300 1804 omnem
3315 1750 3605 1806 rationem

233 1839 392 1911 λόγον
419 1837 718 1897 Ἑλληνικὸν
748 1858 802 1892 τε
836 1843 926 1890 καὶ
957 1837 1240 1912 βάρϐαρον,
1275 1841 1333 1890 τὸ
1381 1837 1568 1890 οἰκεῖον
1609 1836 1841 1908 ἀνάθεμα

233 1931 377 1980 κατὰ
399 1936 498 1980 τῶν
537 1916 831 2000 προμάχων
878 1937 970 1988 τῆς
1016 1925 1324 2003 όρθοδοξίας
1377 1926 1706 2002 ἀναστρέφειν
1763 1925 1844 1978 ἰκ-

236 2017 526 2092 φρυάξατο,
572 2023 660 2070 καὶ
707 2022 801 2075 τὴν
859 2015 1190 2092 βαρϐαρικὴν
1237 2021 1424 2088 μανίαν
1471 2015 1842 2075 ἔκκλησιαστι-

236 2107 338 2162 κήν
377 2107 702 2174 παρανομίαν
745 2101 1130 2174 ἐφιλονείκησαν
1170 2102 1596 2176 ἀπεργάσασθαι,
1655 2102 1846 2153 αὐτίκα

236 2197 333 2244 καὶ
387 2195 446 2244 τό
513 2195 724 2264 φρικτὸν
783 2191 942 2244 ἐκεῖνο
1015 2197 1105 2244 καὶ
1142 2201 1326 2253 ποινῆς
1403 2192 1610 2252 ἁπάσης
1683 2195 1842 2264 πέρας

235 2283 491 2353 ἔσχατον,
523 2281 592 2343 εἰς
623 2283 821 2352 μύθους
876 2286 966 2332 καὶ
1015 2285 1232 2352 παίγνια
1261 2284 1628 2353 μεταπέπτωκε
1661 2301 1674 2314 '
1716 2280 1845 2352 μᾶλ-

236 2370 327 2422 λον
383 2367 463 2436 δὲ,
521 2378 628 2431 τοῖς
683 2369 918 2422 εὐσεϐέσι
965 2375 1053 2422 καὶ
1125 2373 1326 2441 α’ίρετὸν
1397 2373 1840 2443 παρεσκεύασται.

241 2456 386 2512 Οὐδὲ
437 2461 538 2531 γὰρ
596 2455 712 2511 οὐδ’
761 2461 790 2517 ἠ
848 2457 1140 2531 πάντολμος
1181 2467 1280 2510 τῶν
1330 2458 1534 2530 ἐχθρῶν
1578 2467 1672 2519 τῆς
1721 2458 1843 2517 ἀληο

241 2551 388 2610 θείας
412 2553 616 2620 γνώμη,
649 2550 738 2609 τὰς
763 2551 958 2615 ποινὰς,
1009 2553 1098 2600 καὶ
1149 2547 1380 2620 μάλιστα
1433 2551 1521 2607 τὰς
1569 2547 1844 2605 ἐκκλησια-

241 2640 447 2702 στικάς,
480 2643 619 2690 ποιεῖ
672 2635 904 2709 φοϐερὰς,
940 2635 1065 2688 ἀλλά
1114 2645 1208 2688 τῶν
1238 2641 1555 2708 πασχόντων
1604 2639 1662 2688 τὸ
1691 2638 1845 2689 ὑπεύ-

242 2729 417 2790 θυνον,
451 2729 519 2788 ὡς
567 2731 624 2779 τό
680 2745 738 2797 γε
788 2725 1058 2778 ἀνεύθυνον
1089 2731 1177 2778 καὶ
1216 2726 1288 2786 εἰς
1316 2726 1512 2797 χλεύην
1568 2729 1660 2786 τὰς
1709 2725 1843 2778 ἑκεί-

238 2837 340 2866 νων
370 2819 629 2890 τιμωρίας
687 2820 992 2888 ιρεπει,καὶ
1049 2815 1161 2867 κατ’
1214 2814 1414 2866 ἐκείνων
1465 2819 1523 2866 τὸ
1577 2811 1846 2887 δικαίωμα

240 2913 340 2966 τῆς
389 2910 640 2978 τιμωρίας
686 2903 1009 2977 ἀναστρέφει,
1063 2909 1152 2956 καὶ
1204 2912 1275 2975 τῷ
1327 2902 1413 2956 ὑπ’
1466 2904 1633 2956 αὑτων
1687 2925 1845 2976 τιμωο

239 2997 476 3066 ρουμένῳ
537 2996 812 3066 στεφάνους
866 2993 1181 3065 ἀκηράτους,
1223 2998 1311 3045 καὶ
1361 2992 1613 3046 ἀθάνατον
1665 2991 1843 3060 δόξαν,

1950 1833 2234 1894 Graecam,
2267 1831 2611 1898 barbaram,
2644 1834 2914 1905 ipsorum
2955 1837 3280 1892 anathema
3307 1838 3364 1893 in
3391 1854 3608 1909 propu-

1951 1925 2228 1988 gnatores
2275 1920 2620 1976 orthodoxae
2669 1922 2902 1992 pietatis
2953 1924 3138 1994 jaciat
3181 1926 3522 1993 insolenter,
3549 1934 3607 1984 et

1954 2007 2185 2063 furores
2225 2007 2582 2076 barbaricos,
2613 2011 3048 2068 ecclesiasticas
3097 2017 3606 2085 transgressiones

1952 2111 2174 2166 magna
2201 2098 2577 2154 contentione
2594 2099 2908 2156 habendas
2937 2103 3306 2160 contendunt
3332 2122 3346 2172 ;
3375 2122 3406 2161 e
3439 2108 3606 2162 vesti-

1952 2185 2050 2254 gio
2089 2185 2234 2240 illud
2282 2186 2751 2254 formidandum,
2785 2193 2843 2244 et
2867 2191 3140 2246 omnium
3169 2193 3604 2266 suppliciorum

1951 2280 2302 2339 extremum,
2330 2275 2389 2329 in
2414 2275 2680 2331 fabulam
2702 2282 2757 2332 et
2783 2277 3109 2336 ludibrium
3150 2283 3341 2338 evasit
3369 2305 3382 2336 :
3406 2285 3605 2356 potius

1952 2363 2059 2417 viri
2091 2364 2171 2435 pii
2196 2363 2341 2418 illud
2371 2367 2764 2436 exoptaverint
2784 2383 2798 2432 ;
2820 2383 2938 2422 non
2979 2369 3139 2426 enim
3181 2373 3470 2428 sententia
3501 2389 3606 2444 per

1951 2451 2389 2508 audacissimos
2435 2455 2689 2510 veritatis
2751 2457 2947 2512 hostes
2978 2459 3101 2515 lata
3141 2477 3350 2532 poenas
3399 2462 3600 2518 saltem

1950 2540 2382 2597 ecclesiasticas
2410 2541 2820 2599 formidabiles
2849 2546 3005 2613 facit,
3041 2549 3144 2603 sed
3165 2556 3365 2605 reatus
3395 2567 3602 2607 eorum

1950 2628 2006 2684 in
2041 2645 2194 2700 quos
2215 2630 2655 2702 intorquentur.
2683 2633 2850 2693 Quod
2869 2635 2912 2690 si
2938 2633 3224 2692 innocens
3243 2639 3378 2708 quis
3410 2639 3602 2709 fuerit,

1951 2717 2233 2773 ridendas
2253 2718 2492 2774 illorum
2507 2736 2716 2791 poenas
2735 2723 3035 2794 prOpinat,
3059 2725 3186 2780 etin
3207 2726 3604 2797 ipsorummet

1915 2806 2241 2878 'judicium
2287 2813 2494 2870 mutat,
2519 2809 2597 2864 illi
2623 2817 2822 2866 autem
2863 2829 3037 2882 quem
3077 2815 3401 2870 multarunt
3439 2833 3605 2873 coro-

1953 2912 2096 2952 nam
2123 2897 2694 2963 immarcescibilem,
2725 2907 2780 2955 et
2808 2899 3206 2958 immortalem
3227 2905 3478 2974 gloriam
3497 2923 3604 2978 pro

1955 2985 2259 3058 suppliciis
2291 2994 2585 3056 procurat.
2611 2989 2900 3053 Quocirca
2930 2991 3191 3064 quisque
3225 2995 3357 3064 pius
3379 3001 3434 3050 et
3469 3011 3600 3050 san-

241 3080 361 3134 ἀντὶ
417 3092 616 3146 ποινῆς,
677 3082 1043 3156 ἀπεργάζεται.
1106 3083 1178 3136 Δι’
1236 3083 1262 3135 ὃ
1332 3088 1421 3134 καὶ
1477 3083 1695 3144 ἕκαστος
1745 3090 1838 3135 τῶν

1955 3079 2086 3130 ctus
2117 3075 2204 3130 vir
2235 3075 2391 3130 mille
2433 3076 2627 3131 modis
2648 3080 2959 3148 optaverit,
2995 3084 3190 3152 potius
3223 3084 3295 3138 ab
3338 3085 3406 3138 iis
3434 3085 3540 3156 qui
3568 3101 3604 3140 a

247 3170 472 3222 εὐσεϐῶν
531 3178 621 3224 καὶ
672 3172 852 3243 ἁγίων,
893 3174 981 3224 ὑπ’
1037 3173 1204 3224 αὐτῶν
1251 3172 1666 3244 ἠλλοτριωμένων
1721 3180 1848 3247 Χρι-

247 3267 400 3327 στοῦ,
447 3264 691 3335 μυριάκις
740 3264 964 3336 αἱρεῖται
1014 3261 1522 3336 προπηλακίζεσθαι,
1586 3266 1675 3313 καὶ
1729 3260 1846 3312 ἀνα-

245 3350 679 3420 θεματίξεσθαιῆ
715 3359 822 3413 τοῖς
875 3350 1043 3403 αὐτῶν
1095 3355 1469 3426 μισοχρίστοις
1525 3355 1614 3403 καὶ
1666 3353 1844 3403 θεστυ-

240 3433 394 3500 γέσιν
465 3433 596 3501 μετὰ
653 3431 894 3507 λαμπρᾶς
950 3441 1041 3493 τῆς
1091 3431 1342 3504 εὐφημίας
1391 3439 1708 3490 κοινωνῆσαι
1756 3451 1848 3484 πο-

243 3521 588 3593 νηρεύμασιν.

847 3616 1062 3664 ΕΠΙΣΤ.
1101 3609 1208 3667 ΙΗ’.

530 3699 753 3773 Μιχαὴλ
823 3699 1181 3775 μητροπολίτη
1235 3699 1558 3762 Μιτυλήνης.

1957 3165 2188 3221 Christo
2231 3163 2407 3219 alieni
2439 3171 2578 3219 sunt
2617 3168 2992 3224 contumeliis
3045 3170 3219 3236 afﬁci,
3255 3178 3310 3227 et
3357 3174 3606 3228 anathe-

1955 3257 2113 3309 mate
2142 3253 2318 3317 feriri,
2351 3269 2537 3325 quam
2569 3271 2706 3310 cum
2743 3257 3059 3328 splendore
3091 3266 3146 3314 et
3189 3260 3492 3332 applausu
3531 3262 3608 3318 de

1954 3341 2215 3414 ipsorum
2230 3343 2639 3415 impietatibus
2659 3345 3380 3422 participare,quiChristo
3394 3351 3606 3419 odiosi,

1955 3435 2011 3488 et
2039 3434 2154 3487 Deo
2179 3431 2357 3487 invisi
2390 3437 2548 3488 sunt.

2598 3614 2809 3671 EPIST.
2841 3615 3028 3674 XVIII.

2247 3701 2535 3760 Michaeli
2556 3703 2870 3774 Mitylenes
2895 3706 3308 3778 metropolitz.

1518 3824 1812 3877 Montacut.
1853 3824 1957 3887 (ep.
1987 3824 2094 3880 116,
2125 3837 2177 3886 p.
2211 3825 2339 3886 157).

311 3941 512 4014 Ὠσπερ
543 3945 660 4005 τοὺς
688 3949 778 3995 τοῦ
819 3947 1078 3996 Δεσπότου
1108 3943 1349 4014 μαθητὰς
1379 3944 1435 3992 τὸ
1480 3945 1834 4014 μισοχριστον

233 4041 339 4084 τῶν
379 4028 649 4085 Ἰουδαίων
690 4029 960 4107 συνέδριον
1009 4030 1450 4102 ἀποσυναγώγους
1503 4035 1833 4095 ποιήσαντες,

2018 3939 2502 4005 Quemadmodum
2519 3941 2836 4013 discipulos
2853 3947 3070 4000 Domini
3086 3947 3263 4002 nostri
3279 3948 3609 4005 Judmorum

1948 4028 2393 4085 Christiosorum
2412 4030 2746 4100 synedrium
2760 4047 2790 4086 e
2806 4034 3131 4104 synagogis
3146 4037 3608 4106 ejicientes,illos

233 4121 459 4183 ἕκείνους
509 4126 599 4192 μὶν
648 4122 836 4194 μᾶλλον
885 4141 955 4193 τῳ
1027 4118 1339 4191 Διδασκάλῳ
1417 4125 1509 4172 καὶ
1594 4123 1831 4191 Δεσπότη

1950 4134 2018 4174 eo
2056 4118 2234 4186 facto,
2267 4121 2460 4190 magis
2487 4119 2777 4189 magistro
2805 4129 2860 4176 et
2889 4122 3142 4178 Domino
3174 4124 3391 4181 dedere
3419 4143 3612 4199 copuc

231 4216 665 4285 προσῳκείωσαν,
717 4211 928 4274 ἑαυτοὺς
980 4207 1039 4262 δὲ
1083 4210 1243 4262 τέλεον
1269 4214 1358 4261 καὶ
1412 4217 1504 4272 τῆς
1550 4211 1687 4269 θείας
1742 4227 1838 4280 μυ-

235 4300 560 4372 σταγωγίας,
601 4305 689 4352 καὶ
741 4309 835 4362 τῆς
883 4299 1106 4372 οὐρανῶν
1141 4297 1414 4370 βασιλείας
1461 4299 1832 4372 ἡλλοτρίωσαν.

233 4389 391 4441 Οὕτω
449 4394 538 4441 καὶ
581 4397 666 4440 νῦν
715 4391 763 4440 οἱ
803 4397 902 4441 τῶν
957 4384 1226 4441 Ἰουδαίων
1278 4393 1524 4460 μιμηταὶ,
1569 4391 1688 4447 τοὺς
1736 4395 1835 4438 τῶν

633 4477 888 4543 ζηλωτὰς,

228 4567 371 4636 ἡμᾶς
409 4569 497 4637 μὲν
529 4574 631 4626 τοῖς
669 4569 963 4628 θεσπεσίοις
998 4564 1206 4625 ἐκείνοις
1263 4570 1350 4616 καὶ
1408 4565 1690 4625 uitentur;
1742 4572 1833 4616 τοῦ

231 4475 539 4528 ἀποστόλων
633 4477 888 4543 ζηλωτὰς,
969 4477 1410 4548 ἀποσυναγώγους
1499 4482 1830 4539 ποιήσαντες,

229 4661 425 4725 Δόγου,
480 4656 718 4726 συνῆψάν
771 4674 824 4707 τε
854 4655 1045 4727 μᾶλλον
1098 4659 1187 4706 καὶ
1243 4660 1566 4712 συνηνωσοιν.
1621 4653 1678 4706 Ἠ
1731 4657 1833 4728 γὰρ

226 4749 476 4796 κοινωνία
521 4753 618 4796 τῶν
675 4746 852 4796 παθῶν
910 4743 1281 4819 ἀκριϐεστέραν
1331 4752 1557 4796 ποιεῖται
1613 4749 1706 4802 τὴν
1783 4742 1831 4794 ἐν

228 4829 340 4904 βίῳ
391 4838 480 4885 καὶ
527 4838 704 4886 πίστει
749 4835 1060 4905 συνάφειαν·
1090 4832 1302 4895 ἑαυτοὺς
1341 4829 1400 4885 δὲ
1446 4838 1531 4884 καὶ
1585 4840 1675 4893 τῆς
1701 4831 1829 4884 ἐκεί-

227 4943 332 4974 νων
417 4919 792 4987 διδασκαλίας,
871 4926 960 4973 καὶ
1035 4930 1126 4982 τῆς
1187 4924 1436 4996 ἡμετέρας
1499 4919 1827 4994 ὁρθοδοξίας,

226 5011 456 5074 ἐλεεινῶς
509 5031 562 5064 τε
605 5018 693 5065 καὶ
772 5011 958 5072 ἀθλίως
1029 5011 1328 5084 ἐναπέτεμον
1363 5033 1375 5046 ο

227 5109 457 5153 στιανῶν
509 5100 635 5162 ὅλως
680 5105 770 5152 καὶ
819 5100 1049 5162 κλήσεως
1081 5106 1170 5152 καὶ
1208 5100 1469 5161 πολιτείας
1509 5105 1602 5158 τὴν
1634 5099 1828 5151 ἑαυτῶν

1421 5017 1510 5063 καὶ
1563 5019 1652 5072 τῆς
1707 5019 1830 5084 Χρι-

223 5198 417 5263 μοίραν
450 5186 790 5261 δικάσαντες,
833 5190 900 5250 εἰς
950 5194 1042 5248 τὴν
1095 5198 1194 5241 τῶν
1250 5185 1540 5252 Ἰουδαίων,
1575 5189 1664 5248 οὖς
1693 5208 1830 5262 παρ-

224 5279 518 5348 εζὴλωσαν,
549 5283 638 5331 καὶ
683 5284 1089 5354 χριστομαχίαν
1142 5283 1232 5331 καὶ
1273 5282 1571 5352 μιαιφονίαν
1612 5284 1825 5351 φερόμε-

223 5387 303 5421 νοι
344 5367 526 5422 ίκπεπτ
537 5373 755 5424 ώκασιν.

1944 4206 2119 4273 latos,
2142 4213 2201 4263 at
2254 4207 2480 4279 seipsos
2527 4209 2763 4280 penitus
2795 4225 2832 4265 a
2871 4211 3089 4266 cmlesti
3130 4217 3510 4285 mystagogia
3551 4219 3607 4272 et

1945 4311 2131 4366 regno
2189 4295 2478 4352 cmlorum
2529 4297 2755 4354 alienos
2812 4300 3144 4356 reddidere.
3178 4303 3266 4357 Ad
3323 4303 3606 4360 eumdem

1948 4385 2197 4440 modum
2227 4392 2282 4440 et
2309 4401 2466 4441 nunc
2484 4387 2832 4445 Iudaeorum
2850 4389 3177 4447 imitatores
3197 4393 3608 4460 apestolorum

1943 4474 2161 4529 zelotas
2191 4491 2302 4530 nos
2328 4492 2358 4530 e
2387 4477 2713 4547 synagogis
2745 4479 3065 4550 ejicientes,
3093 4497 3164 4537 eo
3198 4482 3354 4538 facto
3391 4483 3608 4538 divinis

1942 4562 2078 4627 illis,
2112 4569 2167 4619 et
2221 4564 2390 4620 Verbi
2436 4566 2729 4623 incarnati
2769 4571 3203 4641 spectatoribus
3246 4587 3355 4626 nos
3415 4572 3606 4642 magis

1941 4653 2074 4725 conj
2089 4658 2293 4710 unctos
2318 4655 2680 4712 adunierunt
2712 4677 2726 4724 ;
2752 4658 3046 4730 siquidem
3087 4675 3442 4716 communes
3471 4677 3607 4733 pas-

1942 4741 2161 4812 siones,
2194 4744 2631 4800 exactissimam
2683 4747 2818 4802 vitae
2858 4753 2912 4802 et
2943 4747 3076 4803 ﬁdei
3119 4749 3602 4821 conjunctionem

1939 4837 2295 4902 Operantur;
2321 4839 2506 4888 semet
2537 4839 2738 4890 autem
2771 4836 2934 4908 ipsos
2956 4837 3034 4892 ab
3061 4854 3270 4893 eorum
3305 4838 3600 4906 doctrina,

1940 4925 1994 4975 et
2023 4920 2358 4976 orthodoxa
2388 4929 2591 4978 nostra
2614 4923 2747 4988 ﬁde,
2790 4925 3077 4980 miserum
3103 4931 3158 4982 et
3185 4928 3599 4984 miserandum

1939 5009 1994 5064 in
2031 5010 2272 5065 modum
2292 5011 2679 5068 absciderunt
2713 5031 2726 5080 ;
2769 5017 2984 5070 etcum
3016 5016 3276 5087 separati
3316 5023 3455 5074 sunt
3476 5035 3606 5074 om-

1937 5099 2082 5155 nino
2111 5116 2145 5155 a
2175 5101 2644 5158 Christianorum
2674 5103 2916 5157 nomine
2945 5109 2999 5159 et
3029 5105 3257 5176 politia,
3280 5106 3339 5162 in
3360 5108 3600 5164 Judteo-

1937 5204 2071 5243 rum
2127 5175 2279 5261 quos
2339 5191 2461 5245 zelo
2513 5192 2843 5260 imitantur,
2890 5175 3331 5264 oppositionem
3389 5201 3601 5254 contra

1939 5277 2263 5345 Christum,
2299 5285 2355 5334 et
2399 5279 2701 5336 homicidii
2747 5280 3134 5352 pollutionem
3169 5284 3399 5358 abrepti
3442 5287 3604 5342 exci-

1937 5366 2176 5423 derunt.
