4088 6214
549 279 657 337 335
1778 267 2015 331 PHOTII
2054 273 2532 335 PATRIARCHxE
2571 277 2681 334 ΟΡ.
3775 288 3852 344 836

1193 401 1406 456 EPIST.
1453 399 1580 454 XIX.
2243 405 2287 458 Δ

2243 405 2287 458 Α
2943 409 3155 458 ΕΠΙΣΤ.
3185 403 3293 458 ΙΘ’·

909 491 1298 548 Euschemom'
1321 496 1374 546 et
1407 489 1647 560 Georgio
1678 495 1925 558 metrop.

2551 490 2863 564 Εὒσχήμονε
2883 499 2972 546 καί
2989 500 3226 568 Γεωργίῳ
3255 495 3672 569 μητροπολίταις.

1839 612 2129 663 Montacut.
2165 615 2265 678 (ep.
2299 615 2404 671 126,
2442 617 2631 678 ρ.166).

621 737 746 791 Non
776 730 1123 804 despondeo
1148 729 1438 794 animum,
1463 727 1607 784 dum
1633 727 1867 784 intueor
1892 733 2206 802 tempesta-

2389 731 2499 783 Οὐκ
2552 729 2756 803 ἀθυμῶ,
2797 737 2889 790 τὴν
2937 741 3176 806 χειμῶνα
3221 742 3317 786 τῶν
3355 744 3524 786 κακῶν
3550 742 3636 789 καὶ
3681 747 3760 798 τῆς
3799 759 3862 791 τν-

551 829 671 880 tem
699 824 1007 886 malorum,
1042 826 1097 876 et
1138 817 1471 891 tyrannidis
1519 819 1916 874 intensionem
1961 835 1974 885 ;
2023 819 2164 874 audi

2314 817 2557 892 ραννίδος
2614 819 2981 893 ἐπιτεινόμενον
3041 822 3263 895 βλέπων.
3323 831 3451 886 Ταῖς
3507 829 3605 898 γὰρ
3658 827 3724 888 εἰς
3763 833 3860 881 Θεὸν

549 913 710 969 enim
743 929 846 967 vos
892 927 992 982 per
1033 909 1214 964 ﬁdem
1269 909 1330 963 in
1383 909 1501 963 Deo
1541 915 1784 973 certam,
1819 915 1874 963 et
1922 912 2163 981 pietate:

2315 907 2508 975 ὶλπίσι,
2561 916 2650 962 καὶ
2697 918 2758 983 τῇ
2817 911 3050 984 εὐσεϐείᾳ
3108 911 3383 974 ἀνθοῦντας
3434 915 3563 986 ὑμᾶς
3609 922 3693 968 καὶ
3754 916 3864 990 ἐαρί-

546 1002 980 1058 efﬂorescentes
1017 1005 1072 1054 et
1099 1003 1420 1053 vernantes
1454 1014 1466 1063 ;
1501 997 1622 1052 imo
1657 996 1858 1053 laetitia
1888 997 2160 1053 afﬁciore

2315 999 2494 1059 ζοντας
2543 998 2715 1052 ἀκούω
2744 1018 2756 1028 ·
2785 1000 2974 1072 μᾶλλον
3025 998 3083 1054 δὲ
3113 1007 3203 1054 καὶ
3243 1007 3440 1077 χαίρω,
3480 1006 3558 1056 ὅτι
3596 1010 3681 1056 καὶ
3707 1011 3863 1078 ὡραιο-

548 1091 710 1164 quod
730 1090 965 1145 illorum
982 1087 1310 1142 summaiin
1322 1086 1736 1159 pudentia,qui
1754 1087 2016 1142 dedecus
2031 1087 2162 1143 vobi

2313 1093 2490 1162 τέρους
2542 1094 2632 1140 καὶ
2712 1085 3099 1164 δοκιμωτίρους
3152 1093 3180 1150 ἡ
3256 1101 3352 1144 τῶν
3405 1102 3749 1165 καταισχῦναι
3797 1102 3864 1148 καὶ

547 1185 604 1236 et
629 1178 1060 1251 turpitudinem
1074 1177 1355 1232 volebant
1382 1175 1676 1242 atfricare,
1699 1183 1873 1232 voset
1903 1176 2161 1248 pulchric

2314 1175 2696 1248 ἀσχημονῆσαι
2758 1176 3164 1232 σπουδασοντῶν
3197 1181 3329 1252 ὑμᾶς
3388 1177 3576 1244 ἔδειξεν
3623 1181 3864 1253 ἀναισχυν-

543 1284 638 1326 res
675 1268 950 1334 reddidit,
991 1272 1047 1322 et
1079 1265 1470 1339 probatiores.
1497 1268 1630 1330 Sed,
1653 1282 1684 1320 ο
1717 1281 1819 1321 vos
1846 1265 2044 1332 amici,
2072 1266 2152 1322 ﬁli

2309 1274 2412 1320 τία.
2467 1267 2627 1331 Ἀλλ’,
2676 1265 2716 1318 ὦ
2747 1267 2883 1340 φίλοι
2927 1275 3016 1322 καὶ
3045 1274 3197 1322 τέκνα
3225 1277 3314 1323 καὶ
3362 1269 3596 1343 ἀδελφοὶ.
3634 1277 3716 1324 καὶ
3743 1276 3782 1324 εἳ
3825 1293 3863 1324 τι

541 1358 776 1422 fratres,
801 1363 856 1413 et
895 1358 940 1411 si
982 1357 1122 1429 quid
1155 1372 1371 1412 nomen
1416 1355 1578 1410 filiali
1618 1371 1820 1411 amore
1852 1360 1908 1410 et
1940 1361 2155 1412 natura

2313 1365 2538 1431 στοργῆς
2589 1361 2679 1408 καὶ
2723 1362 2958 1429 σχέσεως
3010 1367 3237 1430 φυσικῆς
3308 1359 3628 1434 οἰκειότερον,
3685 1363 3766 1422 ἕως
3807 1365 3864 1412 τί·

544 1447 856 1504 affectione
885 1447 1072 1515 magis
1099 1445 1388 1500 familiare
1421 1447 1514 1511 sit,
1545 1460 1731 1516 usque
1759 1445 1836 1500 ad
1853 1445 2036 1500 finem
2059 1461 2158 1500 con

2250 1487 2276 1540 Β
2307 1444 2429 1506 λους
2481 1453 2594 1516 Θεῷ
2651 1451 2744 1504 τὴν
2793 1446 2954 1504 αὐτὴν
3011 1449 3406 1519 εὐγνωμοσύνην
3451 1455 3542 1502 καὶ
3589 1454 3644 1502 τὸ
3695 1449 3864 1522 φίλτρον

545 1541 911 1591 summatum
951 1535 1008 1589 in
1061 1537 1244 1589 Deum
1293 1533 1453 1588 hunc
1496 1534 1768 1588 animum
1816 1537 1873 1587 et
1915 1533 2159 1589 affectum

2249 1531 2274 1540 ’
2309 1531 2654 1606 διασώσωμεν
2679 1555 2691 1567 ·
2747 1541 2836 1586 καὶ
2878 1537 2999 1608 ὅπερ
3048 1536 3168 1589 Ἰὼϐ
3196 1539 3222 1588 ό
3259 1545 3480 1608 γενναῖος
3533 1544 3626 1596 τὴν
3670 1541 3863 1608 καθηγη-

543 1640 967 1680 conservemus
992 1641 1004 1675 :
1034 1627 1090 1678 et
1118 1621 1632 1694 quemadmodum
1668 1621 1855 1676 Jobus
1895 1621 1992 1677 ille
2018 1638 2157 1692 gens

2305 1627 2399 1681 τὴν
2443 1624 2611 1676 αὐτῶν
2667 1626 2957 1676 πεπονθότα
3001 1636 3038 1689 ι’,
3087 1621 3179 1678 διὰ
3228 1634 3323 1688 τῆς
3380 1629 3673 1699 θαυμασίας
3705 1627 3866 1688 ἐκείνης

541 1730 733 1778 rosus,
777 1715 1044 1784 ipsorum
1075 1713 1291 1767 ducem
1331 1711 1665 1776 diabolum,
1699 1726 1806 1782 per
1835 1711 2155 1782 stupenda:

2305 1714 2568 1784 ὑπομονῆς
2642 1719 2730 1765 καὶ
2797 1711 3035 1786 ἀνδρείας
3117 1713 3458 1787 ἐθριάμϐευσε
3504 1739 3518 1750 ο
3595 1725 3737 1769 τοῦτο
3796 1722 3865 1768 καὶ

542 1803 705 1859 illam
745 1802 1088 1873 patientiam
1133 1805 1190 1856 et
1221 1801 1626 1856 fortitudinem
1667 1800 1966 1872 triumpho
2005 1800 2156 1856 duxi‘

2305 1805 2470 1874 ὑμεῖς,
2529 1808 2616 1855 καὶ
2669 1802 2792 1864 λαὸς
2851 1803 2998 1874 ἅγιος
3049 1813 3142 1856 τοῦ
3185 1813 3443 1877 Χριστοῦ,
3505 1811 3594 1859 καὶ
3638 1805 3864 1878 βασίλειον

542 1891 625 1946 ita
667 1906 770 1946 vos
814 1895 876 1945 ut
914 1888 1120 1945 Christi
1165 1889 1418 1960 populus
1443 1887 1536 1943 ille
1585 1894 1852 1952 sanctus,
1879 1888 2156 1961 regalequ

2309 1893 2603 1964 ἱεράτευμα,
2657 1894 2829 1965 ὥσπερ
2879 1897 3042 1964 μέχρι
3094 1901 3201 1959 νῦν,
3273 1895 3408 1946 οὕτω
3453 1901 3546 1948 καὶ
3598 1892 3861 1961 διαπαντὸς,

540 1980 962 2044 sacerdotium,
987 1984 1048 2034 ut
1073 1985 1127 2033 et
1147 1979 1311 2042 olim,
1336 1978 1415 2032 ita
1448 1978 1773 2034 etiamnum
1804 1979 2017 2034 istosce
2041 1978 2154 2033 illiu

2305 1989 2557 2034 τουτουσί
2613 1986 2729 2043 τοὺς
2769 1986 2959 2036 ἐκείνου
3011 1989 3258 2054 γνησίους
3312 1993 3401 2037 καὶ
3448 1991 3750 2059 κορυφαίους
3790 2005 3864 2057 με·

541 2084 855 2140 germanos
909 2068 1304 2140 primipilares
1350 2067 1701 2138 discipulos,
1745 2083 1882 2122 cum
1923 2067 2090 2122 lessis
2139 2084 2155 2122 ε

2307 2073 2488 2135 θητὰς,
2541 2069 2886 2145 ὀδυρομένους
2942 2079 3031 2126 καὶ
3091 2073 3494 2145 ἀμηχανοῦντας
3562 2072 3859 2146 ἐπιδείξομεν.

539 2157 838 2225 lamentis,
879 2173 989 2212 nec
1035 2172 1158 2230 quo
1197 2172 1261 2212 se
1315 2155 1625 2212 conferant
1654 2157 1925 2224 scientes,
1957 2156 2153 2229 public

2307 2165 2407 2213 Καὶ
2453 2163 2577 2235 γὰρ,
2619 2164 2682 2222 ὡς
2728 2167 2818 2214 καὶ
2876 2163 3020 2234 ὑμεῖς
3067 2167 3465 2230 συνεπίστασθε,
3503 2173 3603 2216 τῶν
3654 2165 3719 2226 εἰς
3755 2163 3866 2224 τελος

537 2247 899 2319 spectandos
929 2246 1358 2302 exhibebimus.
1388 2249 1532 2301 Nam
1557 2245 1722 2318 quod
1743 2261 1852 2301 vos
1881 2245 2066 2318 probe
2090 2261 2151 2302 nc

2051 2261 2066 2301 Ξ
2090 2261 2186 2302 no-
2304 2248 2693 2321 ἀγωνιζομένων
2719 2250 2832 2304 ἐστὶ
2861 2255 2926 2304 τὰ
2955 2251 3179 2326 βραϐεἰα
3211 2258 3300 2306 καὶ
3324 2255 3373 2306 οἱ
3407 2258 3665 2327 στέφανοι.

539 2338 642 2392 stis
673 2352 838 2408 aeque
867 2342 1046 2408 atque
1076 2350 1210 2406 ego,
1241 2334 1451 2390 brabia
1471 2341 1525 2390 et
1557 2350 1794 2391 corona:
1839 2339 2193 2408 exspectant

539 2441 658 2492 eos,
690 2426 793 2498 qui
825 2441 1015 2498 usque
1053 2425 1130 2480 ad
1169 2425 1347 2480 ﬁnem
1387 2424 1710 2481 decertant.

1192 2516 1404 2570 EPIST.
1432 2516 1535 2570 XX.

2942 2523 3154 2571 ΕΠΙΣΤ.
3182 2517 3261 2571 K'.

855 2604 1153 2661 Theodoro
1175 2603 1482 2674 metropot.
1512 2604 1837 2661 Laodiceae.

2586 2602 2844 2680 Θεοδώρῳ
2887 2606 3242 2683 μητροπολίτη
3273 2603 3607 2669 Λαοδικείας.

1818 2727 2105 2778 Montacut.
2137 2731 2245 2793 (ep.
2286 2731 2394 2786 140,
2425 2731 2629 2794 ρ.198).

612 2844 744 2902 Scio
758 2843 1046 2916 plurimos
1065 2843 1324 2899 fidelium
1341 2844 1417 2900 ita
1430 2842 1678 2900 affectos
1696 2848 1913 2910 esse,ut
1925 2843 2190 2900 occasio-

2247 2845 2267 2901 }
2375 2842 2514 2898 Οἶδα
2542 2845 2758 2908 πολλοὺς
2795 2854 2893 2898 τῶν
2949 2854 3146 2898 πιστῶν
3203 2843 3426 2922 ἀνδρῶν,
3461 2851 3638 2919 καιρόν
3689 2850 3861 2909 ζητούν-

534 2949 674 2990 nem
704 2949 946 2989 omnem
961 2940 1249 3005 quaerant,
1272 2949 1394 3005 qua
1427 2934 1658 3005 possint
1676 2935 1930 3004 propria:
1966 2933 2148 2988 virtuti

2301 2954 2410 2999 τας,
2461 2934 2537 3008 ἐφ’
2588 2935 2642 2987 ὃν
2700 2944 2790 2995 τῆς
2842 2935 3038 2996 οἰκείας
3081 2934 3269 3007 ἀρετῆς
3327 2937 3384 2987 τό
3435 2938 3644 3008 μέγεθος
3700 2931 3861 2986 ἐπιδεί-

534 3021 750 3079 illustre
778 3023 1088 3095 quoddam
1126 3024 1429 3096 specimen
1469 3022 1745 3078 exhibere
1773 3041 1785 3090 ;
1816 3028 1871 3077 et
1901 3029 2148 3094 martyre

2303 3023 2518 3085 ξαιντο·
2570 3029 2659 3076 καὶ
2716 3029 2836 3086 τούς
2881 3027 3150 3098 μάρτυρας
3210 3028 3618 3099 μακαρίζοντας,
3673 3027 3744 3077 ὅτι
3789 3043 3861 3074 τν-

532 3112 730 3169 felices
747 3112 1094 3185 prtedicare,
1114 3114 1277 3185 quod
1299 3113 1620 3168 barbaram
1650 3117 2044 3183 tyrannorum
2063 3127 2146 3166 crt

2299 3115 2492 3186 ράννων
2531 3116 2691 3185 ἔσχον
2724 3114 2968 3186 ὠμότητα
3009 3119 3098 3172 τὴν
3151 3110 3394 3189 ἀνδρείαν
3441 3115 3608 3166 αὐτῶν
3638 3115 3705 3176 εἰς
3730 3112 3860 3164 αἰῶνα

532 3201 834 3258 delitatem
883 3203 1038 3258 nacti
1085 3202 1335 3270 fuerant,
1366 3219 1490 3274 qua
1531 3202 1762 3274 possint
1791 3201 1850 3256 in
1878 3205 2146 3256 aeternuu

2301 3201 2727 3259 στηλιτεύουσαν.
2787 3203 3096 3275 Ἐφέστηκεν
3163 3203 3316 3264 οὗτος
3362 3204 3387 3254 ὁ
3459 3208 3658 3277 καιρός,
3705 3202 3743 3254 εἰ
3788 3204 3855 3252 καὶ

533 3292 990 3362 suamipsorum
1006 3291 1192 3346 animi
1219 3291 1691 3360 magnitudinem
1704 3290 1878 3362 quasi
1893 3289 2147 3344 column:

2298 3291 2528 3358 πλίον,ἣ
2582 3294 2702 3345 ὅσον
2749 3292 2807 3344 ἂν
2857 3297 2948 3346 καὶ
2994 3294 3404 3364 ὀγενναιότατος
3437 3293 3664 3350 ἤλπισεσ
3721 3291 3857 3343 πείθο-

528 3380 891 3452 insculptam
925 3381 1202 3436 stabilire.
1236 3382 1388 3435 Sane
1419 3380 1592 3434 adest
1620 3379 1744 3434 haec
1767 3379 1898 3450 ipsa
1933 3379 2142 3434 occasit

2298 3401 2394 3453 μαι
2425 3378 2504 3445 δι,
2551 3385 2620 3443 ὡς
2665 3382 2955 3435 τελευταῖον
3011 3387 3101 3434 καὶ
3155 3386 3403 3454 μέγιστον
3437 3390 3533 3443 τῆς
3564 3379 3692 3442 ἰδίας
3735 3378 3857 3431 ἀσθε-

528 3469 618 3524 vel
646 3469 839 3539 major
869 3471 1086 3540 potius,
1117 3484 1303 3540 quam
1345 3474 1608 3540 speraret
1647 3469 1823 3523 etiam
1866 3467 2142 3523 valentiss

2297 3476 2455 3535 νείας,
2508 3477 2597 3524 καὶ
2627 3480 2717 3524 τοῦ
2779 3473 3022 3546 θράσους,
3057 3473 3082 3524 ὁ
3126 3479 3187 3530 τῆ
3247 3479 3311 3542 σῇ
3369 3477 3691 3542 γενναιότητι
3734 3469 3857 3540 ἐπαρ-

531 3573 687 3614 mus.
713 3557 982 3622 Confido,
1007 3562 1208 3613 autem
1237 3556 1402 3628 quod
1431 3557 1535 3628 qui
1563 3563 1770 3612 contra
1810 3560 1975 3611 tuam
2011 3571 2145 3626 gent

2301 3561 2405 3622 θεὶς
2434 3563 2870 3632 προσενεχθῆναι,
2905 3559 3212 3633 ἀείμνηστον
3271 3564 3358 3612 τόν
3410 3561 3626 3632 ἔλεγχον
3681 3555 3850 3611 δώσει·

529 3648 830 3703 rositatem
859 3647 1193 3713 insurrexit,
1215 3647 1498 3712 ultimam,
1525 3647 1878 3715 maximam,
1902 3651 1957 3702 et
1983 3662 2143 3718 perpt

2297 3653 2383 3701 καὶ
2435 3654 2526 3707 τὴν
2579 3654 2676 3708 σὴν
2737 3647 3056 3724 στερρότητα
3106 3649 3487 3720 καταπλαγεὶς,
3537 3656 3621 3702 καὶ
3659 3657 3745 3701 τῶν
3770 3647 3856 3697 λοι-

532 3740 635 3791 tuo
666 3736 1123 3792 memorandam
1154 3735 1861 3802 confusionemincurret,
1893 3735 1950 3790 in
1969 3751 2146 3808 opprc

2299 3747 2404 3790 πῶν
2453 3737 2833 3812 ἓκτραπήσεναι
2886 3744 2979 3798 τὴν
3034 3747 3213 3813 πεῖραν
3243 3759 3256 3772 ο
3305 3742 3369 3800 ὡς
3395 3740 3510 3812 οἶμα
3548 3737 3643 3792 δύο
3691 3740 3746 3789 τᾱι
3782 3739 3853 3809 μὲ-

530 3824 729 3881 brium
771 3827 1021 3897 propriae
1061 3843 1196 3880 cum
1231 3825 1584 3881 infirmitatis
1618 3830 1746 3881 tum
1774 3821 2067 3881 audaciae.
2101 3828 2144 3882 lt

2295 3830 2456 3898 γιστα
2523 3847 2598 3893 σε,
2652 3824 2726 3880 δι’
2775 3827 2886 3889 ἑνὸς
2937 3828 3148 3898 ἀγῶνος,
3202 3831 3560 3903 κατορθῶσαι,
3618 3831 3851 3898 νικηφόρον

530 3915 968 3971 utimmotatua
989 3915 1305 3971 formidine
1336 3915 1660 3986 perculsus,
1679 3914 1921 3971 ulterius
1957 3915 2138 3987 aliqui

2296 3936 2349 3968 τε
2397 3915 2788 3992 ἁναρῥηθῆναυ
2843 3921 2934 3969 καὶ
2994 3925 3102 3980 τοῖς
3155 3915 3394 3990 ἀδελφοῖς
3455 3927 3556 3970 τῶν
3619 3917 3853 3992 ἐπικρεμα-

527 4008 816 4061 attentare
832 4003 1112 4060 cessabit.
1133 4009 1213 4060 lta
1227 4020 1331 4076 per
1355 4004 1512 4060 hanc
1527 4003 1765 4060 unicam
1797 4004 2141 4060 concertatit

2297 4012 2456 4076 μένων
2494 4015 2664 4059 κακῶν
2715 4012 2810 4066 τὴν
2864 4007 3170 4081 ὑπερϐολὴν,
3225 4013 3314 4061 καὶ
3353 4012 3476 4072 τοὺς
3515 4008 3752 4068 πολλονςι
3777 4008 3851 4057 πό·

524 4107 684 4159 nem,
727 4093 849 4149 duo
905 4095 1146 4166 egregia
1201 4108 1567 4165 consequere
1614 4093 1896 4164 tr0phaaa,
1930 4109 2068 4149 cum
2126 4109 2138 4148 t

1525 4108 1567 4148 'e
1614 4093 1896 4164 trophaea,
1930 4109 2068 4149 cum
2126 4097 2190 4150 ut
2292 4116 2433 4166 νους,
2462 4093 2616 4157 ἰδίοις
2642 4097 2836 4163 ἄθλοις,
2866 4101 3139 4169 κουφίσαι.

524 4182 712 4239 victor
731 4183 1123 4255 proclamare,
1153 4190 1279 4241 tum
1307 4190 1367 4240 ut
1395 4183 1680 4241 fratribus
1707 4183 2005 4241 malorum
2036 4183 2518 4256 impendentium
2548 4187 2856 4259 gravitate,
2870 4191 2929 4244 et
2947 4187 3184 4244 labores
3216 4186 3459 4257 multos,
3492 4187 3734 4261 propriis
3763 4182 3851 4241 tuis

524 4272 955 4329 certaminibus
987 4273 1250 4330 allevies.

1135 4362 1347 4420 EPIST.
1376 4363 1507 4419 XXI.
2207 4368 2252 4424 D

2207 4368 2252 4424 D
2891 4372 3101 4421 ΕΠΙΣΤ.
3138 4365 3243 4422 KA'
3257 4409 3270 4424 .

1201 4452 1408 4509 Eidem
1423 4494 1436 4507 .

2936 4462 3021 4527 Τῷ
3067 4455 3230 4525 αὐτῷ.

1799 4579 2100 4633 Montacut.
2143 4585 2246 4647 (ep.
2283 4580 2390 4628 141.
2415 4595 2466 4644 p.
2501 4579 2628 4640 199).

593 4694 921 4752 Generosos
934 4693 1110 4767 plane
1123 4692 1380 4750 stadium
1396 4698 1697 4766 exspectat
1712 4711 1911 4754 :nemo
1930 4698 2182 4756 feminea

2363 4701 2606 4749 Γενναίων
2645 4699 2798 4756 ὄντως
2849 4692 3050 4770 ἀνδρῶν
3083 4699 3140 4748 τὸ
3191 4691 3409 4748 στάδιον
3464 4692 3630 4748 δεῖται
3653 4715 3664 4726 ·
3694 4686 3848 4764 μηδεὶς

523 4785 914 4840 teneritudine
961 4784 1276 4854 emollitus,
1320 4784 1588 4839 introeat.
1623 4785 1796 4850 Quod
1828 4786 1876 4841 si
1930 4790 2067 4859 quis
2107 4805 2134 4842 s

2289 4786 2465 4838 εἰσίτω
2515 4782 2838 4860 θηλυδρίας·
2889 4783 2948 4836 ἃν
3012 4781 3062 4837 δ’
3112 4781 3455 4851 εἰσεπήδησε,
3519 4787 3690 4836 θᾶττον
3749 4779 3846 4830 ἀπο·

523 4872 622 4941 qui
639 4873 936 4940 exsilierit,
960 4874 1199 4930 recedat
1221 4874 1607 4946 quantocius;
1632 4873 1894 4930 velasua
1947 4883 2137 4932 sentet

2291 4880 2497 4932 στήτω·
2529 4874 2556 4932 ἦ
2587 4881 2679 4936 τῆς
2735 4879 2965 4946 γνώμης,
3019 4875 3044 4932 ἦ
3075 4882 3173 4926 τῶν
3225 4872 3624 4945 παλαισμάτων.
3657 4869 3724 4922 Οὐ
3765 4867 3843 4937 γὰρ

521 4961 621 5023 tia,
643 4961 788 5016 vela
814 4963 1246 5020 colluctatione.
1275 4966 1475 5035 Neque
1505 4963 1664 5019 enim
1689 4963 1926 5020 labores
1955 4967 2135 5023 talibu

2284 4972 2382 5016 τῶν
2412 4966 2656 5016 τοιούτων
2679 4965 2727 5016 οἱ
2763 4967 2930 5017 πόνοι.
2977 4962 3131 5015 Ἀλλὰ
3183 4959 3314 5035 μηδ’
3342 4964 3368 5014 ὁ
3419 4969 3611 5036 χρυσῷ
3648 4963 3725 5010 τόν
3751 4953 3843 5027 βίον

521 5057 879 5118 congruunt.
914 5053 1026 5107 Sed
1057 5070 1245 5126 neque
1272 5053 1344 5108 ab
1375 5070 1519 5108 auro
1537 5054 1768 5110 onustis
1799 5071 1811 5110 :
1847 5071 1954 5110 nec
1987 5057 2129 5112 amb

2287 5053 2639 5128 βεϐαρημένος
2686 5073 2698 5086 ·
2755 5049 2886 5124 μηδ’
2930 5053 2956 5103 ὁ
3013 5055 3139 5125 πρὸς
3196 5055 3343 5113 κενὰς
3393 5049 3555 5114 δόξας
3606 5048 3845 5117 ἀνεπτερωο

523 5137 679 5193 tione
707 5138 948 5194 inﬂatis.
991 5142 1247 5198 Omnino
1274 5143 1376 5214 qui
1416 5143 1718 5215 corporeis
1765 5143 2137 5215 voluptatibu

2283 5147 2448 5215 μένος.
2478 5145 2575 5194 Τὸν
2613 5144 2738 5215 ’γὰρ’
2767 5145 2896 5217 πρὸς
2942 5145 3034 5202 τὰς
3064 5149 3155 5192 τοῦ
3187 5147 3425 5213 σώματος
3475 5137 3664 5198 ἡδονὰς
3690 5135 3841 5187 ἐπτοη-

520 5227 728 5292 inhiat,
763 5235 824 5284 ut
883 5228 1023 5283 mihi
1063 5237 1176 5286 stat
1195 5234 1472 5298 ententia,
1515 5249 1588 5288 ne
1629 5249 1692 5288 se
1735 5240 2055 5305 componat
2096 5251 2131 5289 a

2283 5237 2450 5304 μένον,
2503 5227 2617 5283 οὐδ’
2682 5227 3024 5284 αποδύασθαι
3099 5234 3224 5306 πρὸς
3282 5235 3368 5282 τόν
3418 5229 3595 5300 ἀγῶνα
3657 5224 3839 5296 νομίζω·

521 5322 852 5373 certamen:
878 5317 1053 5373 velim
1075 5335 1187 5388 ego
1209 5320 1382 5390 longe
1411 5322 1724 5390 removeri,
1749 5323 1796 5378 si
1817 5339 1937 5378 non
1953 5339 2135 5396 prave

2283 5321 2440 5375 Ἀλλὰ
2485 5327 2574 5373 καὶ
2624 5323 2851 5392 εὔχομαι
2900 5318 3076 5394 πόρρω
3127 5321 3459 5384 καθεστάναι,
3499 5318 3542 5370 εἰ
3567 5320 3634 5389 μὴ
3682 5310 3842 5385 προλα-

516 5405 644 5462 niat
679 5405 748 5473 is,
781 5410 838 5461 et
865 5408 1112 5478 impleat
1136 5414 1337 5464 votum
1376 5427 1600 5467 meum.

2283 5409 2384 5462 ϐῶν
2405 5409 2698 5486 ίπλήρωσεν
2728 5421 2752 5454 ι
2783 5412 2802 5430 ⁶
2824 5409 3006 5470 ίκεῖνος
3025 5413 3116 5468 τὴν
3140 5408 3324 5481 εὐχήν.

1795 5538 2028 5594 νΑΒυΕ
2066 5537 2355 5595 LECTION
2362 5537 2463 5593 ES.

593 5667 616 5696 ι’
639 5660 715 5712 ἶσ.
747 5660 1013 5732 γεγονότα.
1089 5670 1112 5704 I
1145 5657 1361 5712 πολλῶν.
1438 5662 1480 5702 δ’
1500 5662 1676 5733 ἡμῶν.
