4088 6214
251 311 358 368 837
787 313 790 316 ’
1506 311 2007 382 EPISTOLARUM
2051 315 2263 376 LIBER
2302 321 2348 377 II
2365 364 2381 379 .
3519 327 3621 388 838

874 443 1088 492 ΕΠΙΣΤ.
1121 437 1237 494 KB'.
1897 445 1944 498 Α

1897 445 1944 498 Α
2582 450 2799 508 EPIST.
2839 453 3005 509 XXII.

577 526 824 600 Εὐθυμίῳ
881 548 952 601 μη
962 527 1241 601 τροπολίτῃ
1275 529 1537 590 Κατάνης.

2304 538 2626 609 Euthymio
2673 542 2987 599 Calanensi
3023 547 3319 617 metropol.

1518 652 1811 703 Montacut.
1845 654 1952 718 (ep.
1988 655 2096 715 148,
2133 673 2186 722 p.
2222 661 2353 722 205).

333 767 579 819 Γενέσθαι
617 768 704 839 μεν
737 765 850 839 ἐμοὶ
900 767 1124 838 σχολὴν,
1176 768 1309 820 ὥστε
1339 769 1405 819 τὰ
1435 771 1504 820 σὰ
1535 766 1861 840 διηγεῖσθαι,

2048 775 2188 830 Esse
2217 777 2358 832 mihi
2389 779 2596 845 otium,
2631 786 2700 838 ut
2733 797 2826 838 res
2864 789 2996 838 tuas
3039 800 3332 852 enarrem,
3366 792 3543 859 opto;
3568 792 3629 846 at

261 855 568 928 ἀπεύχομαι
604 858 624 896 ι
669 876 681 888 ·
712 857 954 927 γενέσθαι
985 853 1064 924 δὲ,
1105 857 1240 908 ὥστε
1290 853 1420 928 μηδ’
1465 857 1709 928 ἀκοῦσαι,
1740 879 1862 934 πρό-

2019 878 2050 918 e
2071 879 2170 918 eas
2182 865 2506 936 intelligam
2524 871 2943 940 prteveniendo
2956 873 3183 930 cavisti.
3195 877 3345 940 Quid
3360 879 3627 935 causaris

258 943 454 1006 ε’λαϐες.
489 948 552 997 Τί
593 941 679 996 οὖν
717 943 909 1015 αἰτιᾷς,
941 946 1020 996 ὅτι
1049 941 1179 1016 μηδ’
1210 944 1337 1019 ἅπερ
1370 945 1588 1015 ἤλπισα,
1638 947 1862 1005 ἣκουσα.

2013 967 2139 1023 rgo,
2165 954 2330 1025 quod
2368 973 2504 1028 quae
2529 975 2651 1015 non
2687 961 3026 1033 sperabam,
3053 965 3296 1020 audiam
3332 984 3346 1030 ;
3381 971 3434 1022 et
3463 968 3627 1038 quod

255 1039 349 1086 καὶ
397 1035 478 1086 ὅτι
532 1038 682 1104 σιγὴν
730 1032 932 1106 ἐθέμην,
992 1034 1069 1096 οἷς
1139 1030 1278 1106 μηδὲ
1327 1039 1421 1093 τὴν
1483 1034 1642 1094 ἀκοὴν
1696 1034 1867 1100 ἡδέως

2013 1041 2207 1099 ilentio
2220 1047 2559 1115 texerimus,
2575 1030 2912 1121 quaelibens
2925 1051 3110 1108 fando
3125 1069 3244 1109 non
3260 1057 3588 1128 acciperem
3601 1058 3627 1112 ?

255 1123 476 1194 ἠνέῳξα.
511 1122 647 1174 Ἀλλ’
680 1123 743 1187 εἰ,
800 1119 941 1174 διότι
998 1122 1124 1183 ὅλως
1179 1128 1272 1180 τὴν
1330 1121 1490 1182 ἀκοὴν
1541 1133 1640 1176 τῶν
1696 1127 1866 1176 τοιού-

2017 1131 2149 1186 ἰιοά
2179 1134 2225 1188 si
2257 1141 2477 1201 autem,
2510 1139 2648 1210 quia
2673 1139 2854 1197 fando
2884 1145 3223 1200 necessaria
3254 1147 3480 1218 accepi,
3503 1147 3631 1217 dig-

255 1231 356 1264 των
411 1213 680 1284 ὑπέμεινα,
753 1219 842 1272 τῆς
892 1216 1007 1287 περὶ
1062 1212 1241 1282 φίλους
1319 1211 1594 1287 ὀλιγωρίας
1658 1217 1864 1287 γραφὴν

2022 1237 2087 1274 us
2117 1237 2251 1278 sum
2274 1225 2368 1278 cui
2398 1225 2595 1282 dicam
2628 1228 2920 1286 scribatur
2948 1237 3304 1305 contemptae
3328 1235 3626 1292 amicitiae.

256 1302 439 1372 ἔνοχος
467 1302 764 1374 γράφεσθαι
801 1318 811 1329 ⁸
843 1305 894 1352 τί
941 1299 1003 1352 ἂν
1047 1297 1298 1375 δράσειαν
1345 1303 1395 1353 οἱ
1424 1310 1644 1354 τοιαῦτα
1673 1299 1867 1377 δεδρα-

2015 1309 2125 1370 ruid
2155 1311 2311 1368 etilli
2343 1312 2583 1382 faciant,
2602 1318 2703 1388 qui
2731 1317 2869 1374 talia
2893 1319 3140 1391 faciunt,
3163 1297 3300 1394 quae
3327 1329 3381 1379 et
3404 1325 3629 1382 amicos

255 1395 425 1455 κότες,
478 1387 550 1442 δι’
598 1389 666 1441 ὧν
705 1394 794 1442 καὶ
823 1393 944 1451 τοὺς
992 1389 1170 1461 φίλους
1223 1399 1314 1452 τῆς
1347 1391 1472 1464 ὑπὲρ
1505 1390 1673 1442 αὐτῶν
1717 1389 1764 1442 ἐν
1793 1399 1863 1461 τῷ

2018 1398 2238 1456 bertate
2259 1402 2490 1473 privent
2511 1387 2788 1478 proiipsis
2809 1407 3066 1475 dicendi,
3084 1387 3142 1466 et
3171 1387 3498 1470 malevolas
3520 1415 3631 1470 lin-

257 1479 420 1551 λέγειν
462 1477 782 1554 παρρησίας,
843 1478 1225 1552 ἀπεστέρησαν,
1285 1484 1376 1532 καὶ
1437 1488 1537 1531 τῶν
1593 1476 1864 1554 δυσμενῶς

2017 1505 2119 1545 uas
2149 1505 2269 1546 non
2301 1497 2532 1550 tantum
2563 1495 2621 1549 in
2644 1495 2830 1568 ipsos,
2862 1499 2965 1554 sed
2992 1499 3053 1555 in
3083 1517 3185 1556 eos
3205 1502 3384 1558 etiam
3410 1505 3631 1576 quibus

258 1567 488 1640 ἐχόντων
535 1571 629 1630 τὰς
670 1568 938 1640 γλώσσας,
984 1568 1043 1620 οὗ
1096 1569 1213 1620 καθ’
1267 1567 1460 1620 ἑαυτῶν
1507 1574 1679 1641 μόνον,
1736 1568 1866 1624 ἀλλὰ

2014 1577 2115 1634 lim
2145 1579 2462 1638 utebantur
2507 1567 2897 1653 familiariter,
2933 1596 3254 1646 exacuunt.
3279 1567 3449 1658 Quid.
3486 1609 3628 1663 ergo

259 1663 347 1710 καὶ
398 1656 513 1708 κατ’
543 1655 744 1710 ἐκείνων
793 1658 844 1708 οἶ
897 1676 1019 1710 ποτε
1070 1666 1170 1709 τῶν
1216 1656 1649 1715 πεπλησιακότων
1707 1655 1862 1726 ἦσαν,

2014 1667 2350 1730 tciendum?
2375 1671 2496 1728 Hoc
2523 1673 2598 1728 ad
2629 1680 2684 1729 te
2735 1682 2962 1746 spectat
3009 1679 3069 1750 (0
3126 1695 3241 1750 quo
3272 1655 3329 1735 te
3383 1655 3628 1738 nomine

259 1747 550 1804 ἠκόνησαν.
597 1751 662 1799 Τί
719 1744 807 1799 οὖν
863 1744 946 1800 δεῖ
993 1754 1198 1812 ποιεῖνς
1234 1749 1323 1798 σόν
1372 1746 1531 1816 ἐστιν,
1565 1745 1626 1818 (ὦ
1671 1757 1782 1810 πῶς
1810 1767 1868 1802 σε

2019 1759 2325 1830 empellem
2359 1762 2398 1833 l)
2432 1767 2506 1828 et,
2536 1763 2680 1818 mihi
2706 1744 3037 1823 libertatem
3082 1744 3446 1838 condonare,
3481 1771 3529 1826 si
3572 1771 3633 1826 id

257 1837 553 1909 προσείπω)
607 1841 695 1888 καὶ
773 1837 898 1908 ἡμῖν
977 1837 1104 1910 ὑπερ
1174 1844 1290 1901 σοῦ,
1359 1835 1450 1889 εἶθ’
1500 1837 1714 1908 εὸφελες,
1773 1844 1866 1897 τὴν

2019 1846 2280 1916 Iacuerit,
2317 1851 2460 1906 satis
2487 1851 2728 1908 abunde
2748 1853 2881 1926 jam
2898 1856 3039 1911 olim
3058 1856 3241 1912 habui
3270 1874 3284 1924 ;
3318 1862 3376 1913 et
3405 1835 3464 1915 ut
3486 1859 3633 1915 nihil

255 1923 584 1998 παῤῥησίαν,
632 1925 691 1983 ἢν
723 1928 954 1997 εἴχομεν,
989 1923 1277 1978 ἀποδοῦναι
1301 1945 1313 1958 ·
1347 1931 1437 1978 καὶ
1471 1923 1636 1998 μηδὲν
1660 1925 1866 1980 ἀκούειν

2021 1953 2050 1992 e
2075 1943 2130 1993 te
2153 1939 2398 1996 audiam
2429 1942 2590 2012 quod
2627 1923 2870 1999 minime
2894 1945 3085 2015 placet
3118 1966 3133 2014 ;
3167 1923 3276 2002 sed
3300 1953 3361 2002 tu
3386 1954 3462 2004 ad
3484 1950 3635 2021 prio-

255 2009 424 2074 ἀηδὲς
472 2017 589 2088 περὶ
639 2022 734 2066 σοῦ
767 2031 779 2042 ·
814 2013 940 2066 ἀλλὰ
993 2019 1084 2065 καὶ
1135 2018 1254 2076 τοὺς
1307 2023 1476 2075 κακῶς
1526 2034 1582 2067 σε
1630 2014 1868 2087 λέγοντας

2018 2042 2100 2082 sm
2127 2029 2615 2086 constitutionem
2646 2033 3027 2102 revolvendo,
3073 2051 3281 2092 eorum
3313 2053 3415 2094 ora
3445 2039 3548 2109 qui
3581 2045 3632 2094 te

249 2111 367 2169 νῦν,
439 2101 802 2175 ἐπιστομίσαι,
862 2103 934 2165 εἰς
987 2107 1082 2162 τὴν
1139 2102 1372 2178 ἀρχαίαν
1429 2100 1863 2178 ἐπαναδραμόντα

1197 2107 1372 2175 ’χαίαν
1429 2100 1867 2178 ἐπαναδραμὸντα
1975 2130 2136 2171 nunc
2165 2116 2447 2186 lacerant,
2481 2119 2811 2177 obturabis.

250 2211 592 2246 καταστασιν
603 2231 617 2245 ο

881 2287 1095 2335 ΕΠΙΣΤ.
1131 2280 1246 2336 ΚΓ.

2567 2291 2779 2348 EPIST.
2852 2293 3036 2348 XXIII.

553 2375 790 2445 Γεωργίῳ
811 2373 1166 2448 μητροπολίτη
1195 2379 1400 2444 Νικομη
1411 2369 1444 2425 δ
1447 2376 1575 2435 είας.

2229 2378 2473 2450 Georgio
2494 2380 2883 2450 metropolitav
2932 2382 3379 2441 Nicomediensi.

1533 2497 1832 2552 Montacut.
1859 2501 1968 2566 (ep.
2011 2504 2119 2562 169,
2146 2518 2204 2568 p.
2243 2505 2372 2569 243).

340 2633 461 2685 Εἴθε
488 2651 579 2703 μοι
607 2640 706 2683 τῶν
739 2639 842 2684 σῶν
873 2627 934 2690 ἦν
965 2631 1209 2704 ἐνάμιλλα
1253 2631 1418 2704 λόγων
1449 2634 1514 2685 τὰ
1553 2635 1680 2706 ἔργα
1717 2652 1730 2665 ⁹
1767 2636 1874 2708 οὐχ

2057 2621 2301 2681 Utinam
2335 2638 2407 2678 ex
2437 2638 2614 2695 aequo
2642 2623 2840 2680 verbis
2870 2625 2984 2681 tuis
3019 2641 3204 2698 opera
3233 2643 3371 2685 mea
3399 2645 3639 2702 respon-

265 2722 352 2773 ἶνα
404 2720 549 2782 κλέος
605 2724 741 2783 ὄντες
799 2717 1154 2794 ἁκεστορίδων
1203 2723 1430 2783 Γαληνός
1471 2725 1556 2774 καὶ
1597 2722 1876 2796 Ἱπποκρά-

2031 2717 2210 2782 erent,
2236 2727 2357 2768 non
2386 2717 2448 2767 ut
2473 2713 2885 2770 Acestoridum
2919 2714 3128 2785 gloria,
3151 2716 3410 2772 Galenus
3444 2720 3645 2792 etHip-

261 2829 382 2878 της,
438 2813 504 2870 ὡς
557 2810 712 2872 αὐτὸς
763 2812 905 2882 ἡμᾶς
980 2810 1199 2870 θειάξων
1261 2812 1494 2884 γράφεις,
1543 2811 1874 2874 ’Υπεξίσταν-

2028 2807 2306 2868 rocrates,
2333 2806 2393 2859 ut
2413 2809 2534 2858 tute
2565 2819 2658 2860 me
2678 2805 2963 2860 encomiis
2985 2821 3208 2862 ornans
3249 2809 3477 2874 scribis,
3497 2810 3641 2866 mihi

262 2905 355 2952 ταί
377 2919 470 2971 μοι
525 2908 624 2951 τῶν
675 2904 974 2972 πρωτείων·
1013 2896 1127 2952 οὐδ’
1186 2902 1268 2952 ἵνα
1316 2909 1414 2952 τῶν
1468 2899 1873 2959 Ἀσκληπιαδῶν

2029 2890 2261 2946 edentes
2295 2892 2518 2962 primas
2550 2893 2761 2948 darent
2788 2910 2896 2949 nec
2941 2901 3004 2950 ut
3032 2895 3244 2966 ingens
3276 2896 3421 2953 illud
3449 2899 3643 2954 Ascle-

258 2992 324 3041 τό
363 2993 502 3061 μέγα
529 2988 688 3061 ὃνόμα
716 2997 788 3060 τῷ
813 2991 1045 3061 ἡμετέρῳ
1101 2991 1475 3060 καταχωσθείη
1511 3005 1526 3019 ⁸
1561 2988 1669 3041 ἀλλ’
1715 2993 1784 3054 ὡς
1813 2993 1872 3043 οἶν

2029 2981 2301 3036 iadarum
2327 2997 2550 3037 nomen
2579 2989 2778 3038 nostro
2807 2984 3049 3039 nomine
3067 2985 3437 3053 obrueretur,
3458 2989 3560 3043 sed
3580 2994 3643 3044 ut

259 3076 400 3146 εἴην,
437 3077 482 3130 εἰ
526 3082 616 3130 καὶ
660 3082 731 3150 μὴ
791 3081 918 3151 πρὸς
965 3079 1132 3152 ἔτερόν
1184 3098 1318 3143 τινα,
1377 3078 1482 3130 ἀλλ’
1511 3076 1600 3132 οὖν
1629 3078 1678 3131 ἐν
1707 3083 1872 3152 τούτῳ

2026 3073 2314 3136 raastetur,
2343 3069 2472 3126 licet
2500 3085 2618 3126 non
2651 3071 2720 3126 ad
2752 3071 2914 3127 aliud
2933 3073 3269 3145 quidpiam,
3294 3076 3505 3132 saltem
3527 3078 3640 3134 hac

255 3185 323 3238 γε
352 3174 428 3238 τῷ
479 3171 621 3240 μέρει
671 3168 836 3240 μικρά
884 3185 965 3229 τις
1021 3170 1158 3220 κατά
1204 3175 1306 3220 τῶν
1359 3178 1664 3242 σωματικῶν
1694 3172 1869 3222 παθῶν

2021 3175 2042 3214 ·ι
2073 3165 2237 3229 parte
2265 3158 2548 3229 exiguum
2581 3159 2724 3232 quid
2757 3161 2954 3232 quoad
2991 3162 3260 3235 corporis
3321 3166 3635 3236 passiones

257 3263 373 3317 τοῖς
404 3255 572 3328 φίλοις
601 3260 691 3310 καὶ
713 3255 986 3319 συνάθλοις
1015 3255 1308 3330 έπικουρία.

1981 3248 2192 3305 amicis
2249 3253 2306 3306 et
2355 3248 2704 3321 synathletis
2758 3249 3062 3306 auxilium.

877 3351 1088 3400 ΕΠΙΣΤ.
1150 3351 1264 3400 ΚΔ’·

2623 3338 2839 3394 EPIST.
2907 3341 3066 3396 XXIV

558 3431 816 3508 Θεοδώρῳ
840 3435 1198 3510 μητροπολίτῃ
1245 3433 1582 3500 Λαοδικείας.

2273 3427 2575 3484 Theodoro
2599 3429 2984 3498 metropolitze
3005 3429 3354 3488 Laodiceae.

1530 3563 1828 3614 Montacut.
1863 3562 1970 3625 (ep.
2007 3559 2117 3616 171,
2152 3570 2211 3620 p.
2253 3555 2387 3616 244).

341 3679 579 3753 ’Λρότρῳ
633 3680 745 3750 μεν,
793 3678 860 3738 ὡς
914 3679 944 3736 ἡ
991 3683 1250 3751 παροιμία
1322 3684 1500 3752 φησὶν,
1565 3679 1872 3747 ἁκοντίζεις,

2052 3676 2282 3738 Aratro,
2305 3671 2471 3744 quod
2493 3671 2818 3744 proverbiis
2840 3679 3183 3746 usurpatur,
3204 3674 3509 3746 jacularis,
3534 3675 3639 3748 qui

264 3769 388 3822 ἀντὶ
443 3777 536 3822 τοῦ
581 3774 841 3840 μετανοεῖν
900 3769 1292 3842 θρασυνόμενος.
1344 3769 1420 3822 Οὐ
1452 3771 1553 3844 γὰρ
1605 3774 1875 3841 μετανοίας

2026 3781 2124 3820 um
2152 3763 2372 3819 debeas
2411 3761 2721 3834 pmnitere,
2766 3762 3089 3820 audaciam
3128 3781 3322 3836 urges.
3349 3769 3462 3822 Nec
3480 3767 3640 3822 enim

265 3858 384 3912 ἀλλ’
454 3857 714 3923 ἀπονοίας,
793 3856 960 3928 ἑαυτῷ
1035 3867 1136 3910 τῶν
1215 3856 1539 3930 ἐσφαλμένων
1591 3857 1876 3933 ἐπιτρέπειν

2029 3851 2345 3916 (enitentis,
2377 3851 2482 3906 sed
2513 3851 2863 3906 insanientis
2883 3858 2972 3907 est
3021 3854 3260 3910 sibimet
3305 3856 3643 3926 permittere

265 3954 370 4007 τήν
405 3952 743 4020 συγγνώμην.
793 3946 853 4000 Εἰ
884 3943 943 3999 δέ
975 3966 1059 4000 σοι
1115 3951 1204 3999 καὶ
1254 3947 1427 4020 ληρεῖν
1460 3944 1697 4018 δόξαιμι,
1724 3949 1875 4000 ἔσται

2030 3957 2253 3998 rrorum
2265 3939 2784 3994 condonationem.
2803 3939 2968 4004 Quod
2983 3942 3029 3995 si
3047 3941 3145 3996 tibi
3164 3943 3362 3998 videro
3375 3942 3644 4008 delirare,

267 4058 358 4092 σοι
391 4037 486 4090 οὐκ
517 4037 590 4099 εἰς
637 4035 843 4110 μακράν
873 4039 931 4088 τό
985 4033 1364 4109 παροιμιῶδες,
1417 4045 1652 4109 συνεχῶς
1685 4035 1762 4088 ἐπ’
1798 4038 1879 4111 ἔρ-

2033 4048 2046 4087 ι
2073 4036 2126 4086 te
2151 4028 2532 4104 proverbium
2563 4027 2722 4100 quod
2747 4044 2868 4084 non
2893 4030 2974 4086 ita
3011 4030 3242 4086 dudum
3291 4031 3647 4103 saepejacta-

264 4146 383 4200 ’νοις
407 4123 678 4199 ᾀδόμενον,
705 4124 862 4200 Ἀρτι
888 4131 984 4197 μῦς
1003 4129 1186 4185 πίττης
1209 4128 1436 4194 γεύεται.

1989 4126 2120 4179 tum
2149 4117 2466 4192 quadravit
2497 4135 2510 4172 :
2545 4120 2668 4174 Mus
2695 4117 2915 4174 scilicet
2953 4119 3150 4190 picem
3177 4121 3463 4191 gustavit.

885 4219 1104 4270 ΕΙΙΙΣΤ.
1155 4215 1278 4272 κε’.

2559 4206 2772 4263 EPIST.
2818 4206 2978 4264 XXV.

524 4303 834 4378 Εὐσχήμονι
863 4303 1267 4378 ἀρχιεπισκόπω
1301 4309 1628 4378 Καισαρείας.
1916 4299 1962 4353 D

1916 4299 1962 4353 D
2241 4297 2640 4354 Euschemoni
2664 4298 2948 4354 Caesareae
2966 4296 3424 4372 archiepiscopo.

1536 4429 1834 4479 Montacut.
1875 4427 1980 4492 (ep.
2016 4425 2125 4483 173,
2162 4438 2216 4488 p.
2251 4424 2389 4486 245).

349 4539 522 4601 Οὐδὲν
596 4544 918 4616 θαυμαστὸν⁹
973 4544 1017 4598 εἰ
1075 4548 1146 4616 μὴ
1197 4551 1303 4606 τοῖς
1386 4541 1614 4607 δικαίοις
1659 4546 1880 4605 οἶπαντες

2057 4541 2264 4596 Mirum
2296 4554 2419 4595 non
2449 4542 2563 4610 est,
2583 4538 2630 4594 si
2647 4538 2824 4609 justis
2849 4539 3203 4596 hominibus
3224 4540 3493 4613 plerique
3519 4556 3646 4597 om-

271 4637 566 4708 χαίρουσιν
600 4651 611 4663 ·
657 4632 765 4684 ἀλλ’
827 4632 985 4686 έκεῖνο
1043 4635 1342 4704 θαυμαστόν
1399 4631 1460 4686 ἂν
1509 4631 1571 4692 ἧν
1628 4638 1716 4686 καὶ
1767 4632 1881 4685 λίαν

2031 4645 2095 4686 es
2106 4629 2272 4685 haud
2295 4629 2472 4700 plane
2487 4627 2873 4684 delectantur.
2898 4628 3048 4684 Illud
3069 4634 3265 4685 autem
3302 4629 3645 4686 mirandum

273 4718 516 4786 ἐνδίκως,
572 4721 614 4774 εἰ
667 4723 851 4782 πάντες
893 4721 980 4774 ὑπ’
1033 4722 1312 4794 ὀφθαλμοῖς
1359 4731 1450 4784 τῆς
1497 4719 1659 4785 δίκης
1711 4722 1880 4775 ἐπολι-

2035 4719 2206 4790 uagis,
2239 4718 2286 4773 si
2315 4723 2604 4790 tanquam
2632 4720 2692 4772 in
2718 4725 3036 4788 conspectu
3063 4718 3324 4788 justitiae,
3355 4733 3566 4774 omnes
3592 4723 3649 4774 et

274 4814 506 4865 τεύοντο.
551 4811 857 4881 Ἀγαπητόν
908 4807 959 4863 δ’
996 4809 1130 4883 ἐμοὶ,
1185 4810 1278 4865 κᾶν
1343 4815 1392 4865 οἱ
1445 4813 1648 4872 πλείους
1700 4810 1880 4870 εἴησαν

2037 4809 2209 4877 ,nguli
2235 4806 2365 4863 vitae
2384 4823 2627 4862 cursum
2657 4806 2985 4862 instituant.
3011 4807 3143 4862 Mihi
3164 4806 3383 4863 sufﬁcit
3407 4808 3453 4862 si
3486 4807 3651 4880 plus-

276 4901 430 4972 (ὅπερ
461 4899 556 4952 οὐκ
609 4898 749 4971 ἐστὶ)
796 4899 934 4972 φίλοι
988 4907 1080 4952 τοῦ
1113 4897 1344 4955 δικαίου.
1396 4897 1603 4975 Μερίδα
1653 4903 1742 4972 μεν
1777 4903 1878 4974 γὰρ

2033 4897 2104 4952 uli
2135 4897 2251 4952 sint
2284 4911 2299 4962 ;
2329 4900 2392 4950 ut
2436 4901 2590 4950 certe
2620 4895 2794 4967 pauci
2836 4901 2972 4949 sunt
3021 4895 3190 4964 tales,
3222 4897 3325 4968 qui
3354 4896 3647 4968 justitiam

278 4986 465 5059 ὀλίγην
497 4989 599 5060 όρῶ
645 4989 906 5062 ῥέπουσαν
964 4988 1030 5048 εἰς
1081 4985 1444 5057 δικαιοσύνην,
1493 4994 1551 5042 τό
1601 4986 1661 5042 δὲ
1691 4988 1883 5049 πλῆθος

2032 4984 2653 5042 onsectantur.Partem
2668 4999 2812 5039 sane
2829 4998 2951 5038 non
2968 4998 3246 5053 magnam
3259 4985 3337 5041 ad
3350 4987 3369 5056 j
3382 4987 3646 5043 ustitiam

272 5076 584 5152 ἑπισύρεται
640 5078 669 5135 ἡ
711 5073 914 5132 ἀδικία.
969 5075 1092 5130 "Ore
1136 5082 1303 5129 τοίνυν
1351 5077 1510 5139 οὕτως
1552 5081 1665 5149 ἔχει
1719 5085 1886 5129 ταῦτα

2032 5075 2308 5130 ciendam
2323 5089 2656 5145 propensos
2675 5073 3306 5138 video,multitudinem
3321 5076 3396 5132 ad
3415 5092 3476 5132 se
3490 5077 3646 5150 rapit

271 5170 328 5218 τί
355 5162 551 5224 δήποτε
581 5165 750 5228 ἀλύεις
806 5169 871 5218 σὺ
927 5169 1018 5218 καὶ
1058 5165 1363 5239 ἁσχάλλεις,
1419 5169 1499 5219 ὅτι
1545 5171 1602 5218 τό
1654 5163 1880 5230 δίκαιον,

2031 5163 2300 5236 )justitia.
2333 5162 2466 5218 Haec
2489 5163 2569 5218 ita
2591 5177 2653 5217 se
2670 5161 2912 5227 habere,
2935 5162 3083 5234 quid
3103 5168 3223 5220 tute
3240 5165 3506 5230 haesitas,
3537 5165 3645 5238 qui

269 5251 354 5317 οἷς
383 5255 527 5308 ἐστιν
580 5255 786 5320 οἰκεῖόν,
843 5254 1128 5328 ἀπονέμων,
1183 5259 1284 5308 ὑπὸ
1338 5263 1438 5308 τῶν
1489 5259 1555 5308 τὰ
1585 5252 1770 5308 δίκαια
1799 5276 1883 5327 μι-

2032 5253 2309 5323 umjuste
2334 5250 2627 5322 justitiam
2681 5251 2775 5307 cui
2822 5251 3074 5308 debetur
3126 5253 3533 5321 administras,
3567 5255 3644 5310 ab

274 5348 509 5397 σούντων
564 5349 658 5403 τὴν
710 5348 833 5404 ἴσην
874 5343 1023 5418 ὕϐριν
1074 5343 1364 5416 ὑπομένεις.
1419 5345 1727 5397 Τούνάντιον
1779 5347 1881 5419 γὰρ

2039 5343 2107 5398 Iis
2131 5342 2352 5414 quibus
2378 5341 2606 5412 justum
2643 5341 2807 5413 quod
2834 5346 2945 5406 est,
2977 5341 3259 5400 odiosum
3291 5350 3396 5410 est,
3429 5344 3653 5418 pariter

272 5433 444 5508 ὶχρῆν
496 5453 554 5487 σε
595 5435 990 5509 σκυθρωπάζειν
1020 5438 1110 5486 καὶ
1170 5433 1343 5495 ζητεῖν
1373 5433 1523 5486 λύσιν
1577 5434 1740 5507 εὑρεῖν
1792 5441 1884 5486 τοῦ

2037 5437 2262 5504 eportas
2286 5429 2732 5488 contumeliam.
2766 5431 3024 5490 Omnino
3051 5438 3104 5490 te
3130 5433 3330 5492 decuit
3351 5432 3651 5492 contrario

1626 5575 1868 5633 VARIIE
1904 5574 2302 5633 LECTIONES.

363 5728 385 5763 ‘
439 5722 753 5799 ἐπεύχομαι.
