4088 6214
539 293 647 348 839
1143 355 1148 362 α
1774 279 2009 339 PHOTII
2048 279 2195 337 PAT]

2315 277 2532 336 RCH/E
2564 277 2672 338 CP.
3773 287 3852 346 840

539 416 718 475 modo
752 415 1032 472 affectum
1063 430 1210 478 esse,
1247 419 1415 468 torvo
1449 409 1608 464 vultu
1635 423 1737 464 eos
1776 407 2012 470 intueri,
2042 411 2098 462 et
2137 405 2195 461 id

2308 404 2588 468 λυποῦντος
2618 407 2660 459 εἰ
2717 409 2765 460 οἱ
2805 415 2900 470 τῆς
2949 404 3107 469 δίκης
3155 407 3339 480 ἐχθροί
3389 427 3470 461 σοι
3525 408 3668 481 φίλην
3711 409 3859 487 ἕχαρὶο

538 521 714 576 agere
733 506 942 561 sedulo
966 509 1028 559 ut
1047 503 1312 558 solamen
1331 500 1599 556 invenias
1627 498 1780 553 illius
1806 496 1969 568 quod
1989 504 2039 552 te
2061 511 2195 552 con-

2311 493 2459 556 ζοντο
2488 494 2732 567 γλῶσσαν
2745 541 2758 554 ,

539 597 837 652 tristatum
867 593 1093 658 reddet,
1121 592 1169 647 si
1201 591 1380 646 modo
1400 590 1598 644 hostes
1625 588 1725 659 qui
1762 603 1824 641 se
1843 587 2040 656 justos
2065 602 2173 658 pro

539 686 795 750 ﬁtentur,
827 684 1096 753 linguam
1119 681 1223 737 tibi
1270 679 1528 735 amicam
1559 676 1759 747 largiri
1792 676 2024 731 vellent.

1169 769 1576 827 EPIST.XXVI.

717 865 906 922 Paulo
963 862 1244 919 Caesarea:
1303 860 1748 927 archiepiscopo
1828 858 2017 928 lapso.

2913 773 3125 821 ΕΠΙΣΤ.
3163 766 3304 851 [ἶς’.

2414 868 2600 941 Παύλῳ
2638 874 2874 942 γεγονότι
2910 869 3315 955 αρχιεπισκόπῳ
3359 875 3664 944 Καισαρείας
3701 877 3777 923 καὶ

2917 961 3120 1000 αποστη
3131 961 3300 995 σαντι.

1785 1053 2078 1106 Montacut.
2115 1057 2218 1121 (ep.
2255 1059 2366 1121 175,
2402 1077 2454 1127 p.
2490 1065 2622 1128 262).

606 1174 922 1232 Arcadiam
954 1189 1049 1230 me
1088 1173 1342 1244 ﬂagitas,
1371 1171 1672 1244 quispiam
1705 1170 1945 1238 diceret,
1971 1186 2080 1227 nec
2102 1172 2189 1227 in-

530 1266 708 1338 juria,
741 1265 1210 1337 proverbialiter.
1247 1266 1366 1333 Ego
1396 1268 1594 1318 autem
1628 1261 1898 1329 exhibeo,
1923 1261 2028 1317 sed
2066 1278 2186 1319 non

534 1371 566 1411 e
595 1355 887 1427 plaustro,
925 1370 1032 1410 nec
1063 1370 1099 1409 a
1128 1353 1363 1426 Scythis
1397 1357 1734 1408 mutuatum
1769 1353 2032 1417 verbum,
2083 1352 2189 1408 sed

533 1444 710 1518 quale
735 1443 1173 1500 ametcharitas.
1201 1443 1500 1514 Improbus
1522 1442 1795 1497 exstitisti
1817 1458 1959 1510 erga
1973 1442 2191 1497 amicos

2306 1447 2360 1499 ἃν
2387 1449 2518 1520 φιλεῖ
2549 1450 2578 1505 ἠ
2639 1448 2854 1506 ἀλήθεια
2897 1465 2909 1479 ο
2971 1451 3132 1508 κακὸς
3177 1447 3349 1518 ἐγένου
3395 1447 3577 1520 φίλοις,
3629 1453 3711 1500 καὶ
3750 1450 3859 1500 θείου

535 1535 752 1590 divinae
777 1534 920 1602 legis
945 1534 1227 1604 proditor,
1252 1533 1438 1587 hostis
1464 1533 1718 1604 propriae
1752 1530 2147 1586 confessionis
2174 1547 2186 1586 :

2306 1535 2569 1610 προδότης
2590 1534 2876 1609 δόγματος,
2907 1542 2999 1589 καὶ
3026 1545 3116 1597 τῆς
3173 1545 3268 1597 σῆς
3321 1536 3601 1608 ὁμολογίας
3622 1537 3824 1607 πολέμιος
3847 1576 3857 1587 .

539 1629 596 1679 et
648 1628 846 1678 tamen
892 1623 1114 1693 rogitas
1151 1639 1254 1676 cur
1286 1627 1336 1677 te
1370 1627 1432 1676 ut
1471 1621 1812 1693 improbum
1870 1620 2194 1690 diﬂ'ugiunt

2306 1624 2412 1680 εἶτα
2485 1623 2737 1702 διερωτᾴς
2793 1631 2843 1678 τί
2901 1622 3101 1683 δήποτέ
3151 1644 3209 1678 σε
3258 1627 3306 1676 οἱ
3355 1624 3582 1687 εὐσεϐεῖς
3625 1627 3684 1687 ὡς
3733 1624 3856 1695 ἐναγῆ

538 1711 835 1776 homines,
862 1728 969 1766 nec
992 1725 1318 1781 congressu
1343 1728 1454 1768 suo
1477 1712 1783 1767 communi
1823 1711 2148 1781 dignantur
2168 1709 2195 1764 7

2306 1715 2733 1791 ἀποστρέφονται,
2779 1711 2917 1787 μηδὶ
2970 1723 3064 1777 τῆς
3121 1721 3299 1776 κοινῆς
3352 1712 3612 1777 ἀξιοῦντες
3663 1721 3858 1787 προσρή-

539 1801 828 1856 Nimirum
862 1801 996 1856 ideo
1018 1801 1077 1871 (o
1102 1817 1223 1872 quo
1247 1806 1298 1856 te
1321 1801 1630 1872 titulojure
1656 1801 2012 1873 designem!)
2030 1800 2192 1873 quod

2306 1825 2433 1868 σεως
2459 1822 2472 1871 ;
2505 1806 2592 1875 (ὦ,
2638 1809 2689 1857 τί
2744 1823 2800 1856 σε
2827 1800 3051 1866 δικαίως
3078 1807 3350 1877 προσείπω
3387 1819 3402 1869 ;
3436 1807 3453 1870 )
3481 1802 3684 1878 φοϐερὸν
3710 1805 3857 1874 ἡγοῦν-

537 1888 790 1946 terribile
817 1889 1200 1954 arbitrantur,
1232 1891 1324 1945 vel
1359 1908 1464 1962 per
1488 1893 1648 1948 salve
1693 1890 2190 1947 communionem

2306 1915 2388 1948 ται
2434 1899 2524 1947 καὶ
2579 1897 2636 1946 τὸ
2686 1889 2780 1945 διὰ
2821 1900 2913 1946 τοῦ
2959 1897 3169 1968 χαίρειν
3225 1901 3543 1952 κοινωνῆσαι
3589 1899 3690 1954 τοῖς
3727 1895 3857 1966 ἔργοις

532 1978 756 2036 habere
777 1994 915 2033 cum
946 1978 1230 2050 operibus
1262 1981 1616 2053 tuisimpiis.

2306 2004 2398 2038 σου
2424 1991 2534 2046 τοῖς
2571 1989 2834 2055 πονηροῖς.

1130 2071 1344 2126 EPIST.
1402 2072 1602 2126 XXVII.

2918 2075 3130 2124 ΕΠΙΣΤ.
3169 2071 3286 2124 KZ'.

786 2157 1102 2216 Zachariae
1127 2163 1434 2231 metropol.
1465 2163 1880 2221 Chalcedonis.

2586 2165 2834 2236 Ζαχαρία
2872 2161 3227 2235 μητροπολίτη
3265 2157 3616 2221 Χαλκηδόνος.

1780 2290 2071 2343 Montacut.
2109 2294 2211 2358 (ep.
2245 2292 2354 2348 179,
2388 2305 2439 2354 p.
2476 2289 2608 2350 267).

611 2394 737 2450 Misi
766 2396 866 2451 tibi
887 2413 1158 2454 amaram
1181 2401 1509 2472 potionem,
1535 2405 1972 2476 prmparatione
2001 2407 2199 2464 confe-

543 2482 774 2554 ctioneq
784 2500 854 2539 ue
867 2501 1099 2551 novam,
1117 2491 1413 2545 stomacho
1439 2491 1848 2548 inservientem
1864 2495 2198 2554 roborando

548 2571 627 2654 ab
661 2571 874 2628 eadem
915 2582 1037 2630 arte
1067 2592 1189 2647 qua
1215 2579 1380 2649 prius
1413 2581 1762 2652 profectam,
1799 2584 1904 2638 sed
1932 2589 2195 2658 tempore

2307 2592 2402 2646 τῆς
2481 2582 2664 2646 αὐτῆς,
2733 2580 2940 2642 ἡλικίας
3013 2576 3072 2632 δε
3127 2579 3503 2654 πρεσϐυτέρας.
3560 2582 3743 2632 Τούτων
3787 2580 3853 2632 τὴν

548 2661 966 2730 antiquiorem.
998 2663 1217 2720 Horum
1242 2668 1815 2726 medicamentorum
1838 2672 2000 2742 prius
2025 2689 2195 2730 mane

2308 2677 2397 2746 μεν
2436 2673 2562 2745 ύπὶρ
2629 2672 2824 2744 ἡμέραν
2893 2671 3081 2744 ὄρθρου
3151 2673 3561 2743 προσφερόμενος
3601 2671 3722 2720 κατὰ
3767 2685 3853 2736 τρι-

549 2747 793 2818 recipies
824 2766 961 2806 cum
995 2755 1159 2809 tertia
1187 2762 1352 2826 parte
1381 2758 1508 2828 ejus
1551 2759 1715 2830 quod
1768 2776 1886 2816 una
1929 2762 2195 2830 mittitur,

2308 2767 2556 2835 τημόριον
2609 2767 2700 2812 τοῦ
2755 2758 3044 2824 σταλέντος,
3100 2756 3258 2810 ὕδατι
3313 2760 3542 2832 χλιαρῷ,
3579 2759 3606 2816 ῆ
3645 2762 3722 2808 καὶ
3747 2754 3855 2826 μελι-

551 2843 822 2892 sumatur
847 2839 905 2893 in
934 2857 1095 2913 aqua
1127 2845 1324 2915 tepida
1344 2851 1448 2901 aut
1478 2847 1801 2916 melicrato,
1833 2857 2006 2921 prout
2031 2849 2202 2905 alter-

554 2930 748 2980 utrum
783 2929 977 2990 magis
1005 2931 1152 2986 ferre
1185 2936 1373 3005 possis
1407 2953 1421 2989 :
1449 2942 1654 3009 etpost
1683 2941 1870 2994 amari
1897 2940 2045 2994 illius
2077 2955 2199 2994 me-

551 3014 869 3072 dicamenti
893 3022 1219 3090 potionem,
1251 3040 1456 3080 sumas
1471 3026 1719 3082 alterum
1745 3028 1878 3084 licet
1909 3044 2012 3100 per
2039 3045 2204 3084 men-

550 3120 675 3160 sem
702 3107 998 3176 integrum
1013 3112 1441 3180 continuatum,
1467 3132 1654 3188 usque
1670 3117 1745 3172 ad
1761 3119 1929 3173 nucis
1945 3119 2202 3174 Ponticus

549 3197 968 3268 quantitatem,
987 3201 1164 3256 ternis
1184 3219 1362 3274 porro
1379 3204 1533 3259 bolis
1546 3204 1926 3263 distributum
1956 3207 2199 3263 sumito.

548 3283 718 3340 Illam
745 3293 881 3342 ante
895 3290 1036 3343 solis
1054 3297 1347 3356 exortum,
1380 3293 1628 3349 alteram
1653 3295 1726 3350 ad
1753 3312 2039 3352 occasum
2063 3297 2203 3352 solis

551 3379 1253 3443 postcoanam,stomachi
1266 3383 1611 3439 cachexiam
1627 3384 1706 3439 ita
1723 3384 1782 3440 in
1800 3385 2011 3440 melius
2025 3386 2206 3442 refor-

551 3462 772 3529 mabis,
805 3470 861 3519 et
891 3469 1128 3523 aurium
1158 3470 1427 3526 dolorem
1487 3472 1744 3528 sedabis.
1797 3477 1922 3529 Non
1951 3491 2203 3546 possum

552 3548 657 3604 tibi
675 3554 1013 3621 promittere
1037 3557 1276 3613 totalem
1305 3559 1680 3616 sanationem
1706 3579 1719 3616 :
1748 3577 1890 3618 nam
1908 3563 2204 3621 morbiin-

558 3642 804 3696 veterati
843 3642 943 3698 vix
973 3645 1048 3699 ad
1083 3651 1317 3718 tempus
1366 3647 1541 3704 breve
1573 3655 1878 3707 sanantur.
1912 3655 2101 3726 Atque
2142 3662 2204 3711 ut

552 3737 712 3803 alibi,
735 3737 812 3792 ita
833 3736 1126 3808 imprimis
1147 3735 1206 3790 in
1226 3737 1720 3807 promissionibus
1743 3741 2202 3800 medicamenta-

548 3825 706 3882 libus
733 3825 788 3880 id
824 3825 988 3897 quod
1013 3825 1290 3896 turgescit
1335 3825 1780 3897 reprobandum
1824 3845 1836 3884 :
1871 3830 1974 3886 sed
1997 3830 2199 3890 divino

551 3915 720 3972 facile
745 3915 1042 3988 aspirante
1073 3914 1294 3970 auxilio
1336 3914 1670 3986 mitigatum
1726 3921 1920 3989 magis
1980 3925 2197 3978 statum

551 4006 936 4078 consequeris
961 4010 1016 4060 et
1045 4003 1484 4060 habitudinem.

748 4157 752 4164 ,
1121 4095 1333 4149 EPIST.
1385 4094 1611 4150 xxvm.

693 4185 1012 4254 Eulampio
1064 4182 1504 4253 archiepiscopo
1536 4190 1588 4240 et
1627 4185 2054 4258 scequhylaci.

1792 4310 2081 4362 Montacut.
2119 4314 2223 4378 (ep.
2261 4315 2368 4377 184,
2405 4331 2458 4380 p.
2494 4316 2625 4369 275).

618 4425 974 4482 Adversatur
1003 4425 1198 4480 virtuti
1229 4425 1603 4496 improbitas,
1638 4441 1746 4482 nec
1769 4427 1832 4482 in
1865 4429 2192 4485 amicitiam

550 4517 852 4574 coalescen
863 4522 880 4572 t
891 4515 1246 4587 aliquando:
1268 4521 1515 4586 utraque
1529 4515 1769 4588 propriu
1781 4533 1838 4571 m
1855 4517 2193 4589 subjectum

549 4605 750 4674 habet,
785 4609 843 4661 et
869 4604 1242 4677 amplectitur
1267 4603 1362 4659 cui
1393 4603 1661 4660 innititur
1695 4620 1707 4660 :
1757 4605 1880 4662 ﬁeri
1937 4624 2057 4664 non
2088 4625 2192 4682 po-

549 4700 658 4752 test
687 4701 771 4762 ut,
805 4694 1092 4765 subjectis
1125 4691 1560 4765 pugnantibus,
1599 4709 1670 4750 ea
1716 4711 1853 4766 quin
1883 4695 2190 4765 incubant,

548 4785 819 4840 inducias
850 4789 1070 4853 agant:
1102 4784 1150 4837 si
1179 4783 1290 4838 hoc
1318 4783 1398 4838 ita
1419 4799 1479 4837 se
1501 4783 1684 4839 habet
1721 4785 1918 4841 mirari
1963 4787 2100 4857 noli,
2147 4788 2191 4844 si

548 4872 622 4940 is,
651 4873 752 4944 qui
775 4874 1044 4928 minister
1067 4878 1157 4929 est
1177 4873 1516 4944 impietatis,
1540 4873 1760 4928 bellum
1784 4873 1854 4928 iis
1881 4875 2197 4933 denuntiat

550 4979 685 5019 cum
719 4979 939 5034 magno
966 4968 1142 5029 statu,
1199 4965 1301 5034 qui
1349 4963 1626 5020 virtutem
1666 4963 1784 5036 ipsi
1833 4981 1905 5021 ex
1943 4966 2197 5024 adverso

549 5053 930 5109 constitutam
967 5057 1414 5124 repraesentant.

1144 5143 1352 5198 EPIST.
1413 5143 1588 5198 XXIX.

761 5229 1155 5286 Euschemoni
1185 5230 1622 5302 archiepiscopo
1668 5232 1980 5292 Caesareae.

1789 5357 2082 5410 Montacut.
2118 5361 2222 5423 (ep.
2260 5359 2364 5418 186,
2405 5373 2461 5422 p.
2495 5358 2626 5417 274).

2369 5473 2428 5528 Ἠ
2455 5478 2614 5527 κακία
2671 5473 2782 5546 (καὶ
2825 5469 2990 5547 μηδὲν
3050 5491 3136 5526 σοι
3191 5467 3335 5535 δόξει
3387 5449 3837 5547 παράδοξοννῆγάξ

2300 5572 2399 5617 τῶν
2451 5567 2498 5617 ἂν
2540 5560 2642 5636 βίῳ
2698 5568 2853 5638 πείρα
2925 5570 3090 5636 σαφῆς
3117 5569 3216 5615 τῶν
3257 5563 3496 5614 τοιούτων
3549 5535 3836 5638 adding?)

2298 5652 2359 5706 ἂν
2386 5626 2646 5728 (“atii-6
2674 5626 2861 5728 ἀρσίῆς
2897 5626 3106 5707 ὑπέλθοι
3131 5654 3189 5705 τὸ
3231 5659 3442 5725 σχῆμα,
3487 5645 3702 5716 τάχιστα
3723 5626 3834 5686 διόλ-

2369 1176 2661 1252 Ἀρκαδίαν
2716 1199 2780 1252 με
2823 1179 2996 1246 αἰτεῖς,
3047 1183 3183 1232 εἴποι
3230 1181 3292 1232 ἄν
3347 1199 3450 1243 τις,
3505 1184 3594 1233 καὶ
3643 1180 3769 1253 μα’λα
3813 1187 3862 1233 ii-

2299 1273 2479 1335 κότως,
2531 1274 2920 1342 παροιμιαστὴς
2953 1268 3080 1342 ἀνήρ
3107 1287 3120 1299 ·
3155 1269 3255 1340 ἐγὼ
3296 1266 3356 1322 δέ
3406 1289 3488 1322 σοι
3537 1266 3703 1334 δώσω,
3729 1271 3779 1323 ού
3812 1273 3861 1322 τὰ

2301 1355 2353 1420 ἐξ
2386 1358 2612 1431 ἁμάξης,
2670 1355 2793 1412 ούδε
2837 1364 2925 1418 τὴν
2979 1357 3080 1410 ἀπὸ
3131 1361 3337 1411 Σκυθῶν
3383 1359 3564 1433 ῥῆσιν,
3613 1358 3710 1410 ἀλλ’
3751 1360 3856 1431 ἀπερ

2376 2402 2622 2473 Ἐπεμψοὶ
2677 2420 2761 2454 σοι
2813 2402 3024 2474 πικράν,
3088 2408 3147 2473 τῇ
3211 2420 3266 2454 τε
3321 2406 3639 2472 κατασκευῇ,
3685 2402 3760 2450 καὶ
3804 2405 3849 2468 τῇ

2307 2492 2505 2564 ἔπινοίᾳ
2560 2496 2672 2543 νέαν
2702 2511 2714 2523 ο
2764 2495 2854 2542 καὶ
2887 2489 3140 2562 βοήθημα
3182 2495 3532 2562 πομαχικόν,
3574 2493 3747 2561 τέχνης
3787 2489 3852 2557 μὲι

2309 2854 2505 2924 κράτῳ,
2537 2853 2601 2909 ὡς
2631 2848 2690 2900 ἆν
2830 2869 2913 2900 σοι
2953 2848 3277 2920 αλυπὼτερον
3308 2866 3319 2876 ·
3355 2853 3414 2899 τὸ
3448 2845 3524 2912 δὲ,
3556 2849 3674 2919 μετὰ
3695 2850 3772 2902 τὴν
3789 2850 3856 2900 τῆς

2309 2946 2496 3014 πικρᾶς
2549 2945 2721 3005 ποσιν,
2767 2939 2884 2989 καθ’
2935 2937 3048 2988 ὅλον
3089 2939 3290 3011 ἡμερῶν
3329 2946 3493 3006 μῆνα,
3531 2942 3756 2989 Ποντικοῦ
3786 2950 3858 2982 κα-

2309 3033 2438 3103 ρύου
2525 3030 2658 3079 κατὰ
2705 3028 2936 3099 μέγεθος,
2990 3026 3036 3086 ἐς
3090 3031 3210 3100 τρία
3261 3035 3332 3097 τῷ
3389 3026 3570 3084 πλῆθει
3613 3022 3854 3095 λαμϐάνων.

2310 3123 2377 3171 τὰ
2426 3122 2536 3190 μὲν,
2595 3117 2822 3176 ἡλιακῶν
2876 3117 3044 3187 αύγών
3091 3119 3434 3189 πρωίαίτερον
3469 3135 3481 3148 ·
3509 3119 3565 3167 τὸ
3607 3111 3660 3166 δὲ
3699 3113 3857 3172 λοιπὸν,

2315 3207 2566 3280 δυομένου
2637 3211 2726 3258 καὶ
2798 3203 3110 3258 ἐπιδείπνιον
3145 3227 3156 3238 ·
3227 3211 3380 3263 τὴντε
3423 3207 3732 3277 στομαχικην
3754 3220 3857 3271 καχ-

2315 3298 2450 3362 εξίαν
2481 3297 2563 3348 ἐπὶ
2607 3299 2664 3348 τὸ
2713 3297 2918 3367 ἄμεινον
2972 3295 3099 3358 ἔξεις
3144 3297 3528 3367 μεθισταμένην
3569 3311 3661 3358 σοι,
3699 3293 3857 3344 miti?!

2313 3394 2406 3441 τοῦ
2437 3385 2567 3446 ὠτὸς
2596 3380 2960 3456 περιωδυνίαν.
2998 3383 3106 3436 Ούκ
3138 3382 3197 3434 ἆν
3226 3379 3284 3435 δὲ
3311 3389 3472 3455 φαίην
3501 3383 3571 3444 εὶς
3608 3378 3855 3447 ἀπαλλαγὴν

2312 3477 2532 3531 παντελῆ
2565 3493 2577 3506 ·
2613 3471 2848 3546 βραχεῖά
2879 3491 2932 3524 τε
2977 3475 3078 3546 γὰρ
3131 3475 3376 3544 θεραπεία
3429 3474 3754 3544 χρονιωτέρων
3787 3468 3852 3522 ἧτ-

2312 3570 2467 3616 τᾶται
2526 3563 2855 3633 νοσημάτων,
2909 3565 2999 3612 καὶ
3056 3561 3228 3633 ὧσπερ
3273 3567 3571 3634 πανταχοῦ,
3626 3558 3742 3611 οὕτω

2310 3652 2466 3706 λιστα
2492 3659 2602 3712 ταῖς
2630 3651 2891 3725 ἰατρικαῖς
2941 3652 3270 3722 ύποσχέσεσι
3325 3656 3604 3723 νεμέσητον
3645 3651 3695 3700 τὸ
3735 3647 3852 3712 ὑπὲρ·

2309 3761 2482 3814 ογκον.
2543 3740 2679 3795 Ἀλλ’
2737 3736 2824 3792 οὖν
2891 3748 2985 3803 τῆς
3064 3739 3167 3792 ἆνω
3241 3742 3434 3815 ῥοπῆς,
3500 3740 3571 3802 εἰς
3645 3737 3850 3809 εύμίνειαν

2309 3833 2534 3902 ὁρώσης,
2600 3831 2666 3891 εἰς
2722 3829 2850 3882 πολὺ
2897 3830 3058 3904 ῥᾴονα
3131 3832 3611 3902 συγκαθισταμένην
3655 3845 3728 3879 σοι
3765 3819 3852 3874 διά-

2232 3975 2277 4030 D
2311 3922 2472 3974 θεσιν.

2925 4105 3134 4155 ΕΙΠΣΤ.
3180 4098 3306 4153 KH'.

2488 4190 2770 4263 Εύλαμπίῳ
2799 4187 3203 4267 ἁρχιεπισκοπῳ
3234 4192 3321 4241 καὶ
3352 4187 3703 4261 σκευοφύλακι.

2370 4438 2551 4488 Ἔστιν
2604 4430 2827 4485 ἐναντίον
2884 4439 2947 4504 τῆ
3005 4429 3156 4504 ἀρετῇ
3210 4433 3238 4490 ἠ
3273 4436 3460 4498 κακία,
3499 4433 3584 4482 καὶ
3618 4415 3848 4478 ούκᾶνεὶς

2301 4521 2472 4595 φιλίαν
2530 4522 2815 4574 συνελθοιεν
2846 4541 2859 4554 ·
2924 4521 3144 4594 ἑκατέρα
3201 4517 3261 4574 δε
3311 4521 3632 4591 ὑποκείμενον
3680 4511 3844 4595 οἰκεῖον,

2301 4611 2376 4684 ἐφ’
2470 4607 2705 4685 ἵδρυται,
2754 4609 3231 4682 καταλαμϐάνουσα
3286 4612 3402 4682 ἔχει
3436 4627 3447 4639 ·
3489 4607 3577 4660 οῦκ
3607 4607 3729 4657 ἔστιν
3758 4590 3842 4685 οὗτε

2300 4682 2622 4773 μαχομέῦης,
2668 4708 2763 4762 τῆς
2811 4695 3179 4772 ἐφιδρυμίνης,
3244 4695 3558 4751 σπένδεσθαι
3607 4695 3682 4744 τὸν
3725 4682 3847 4757 ἑδρά-

2303 4790 2460 4851 ζοντα
2492 4810 2504 4822 ·
2535 4789 2578 4841 εἰ
2608 4785 2668 4841 δε
2718 4797 2888 4856 τοῦτο,
2921 4785 3089 4861 μηδεν
3145 4788 3443 4860 θαυμάζῃς,
3474 4786 3516 4838 εί
3539 4786 3663 4840 ὁτῆς
3695 4777 3846 4828 κακίας

2302 4879 2582 4953 ύπηρίτης,
2630 4880 2766 4930 κατὰ
2819 4886 2918 4930 τῶν
2967 4877 3362 4950 ἀντιπρόσωπον
3415 4876 3550 4944 αύτῴ
3587 4874 3673 4928 τὴν
3701 4862 3843 4936 ἀρετὴν

2303 4966 2748 5042 προϐεϐλημένων,
2773 4971 2906 5040 μέγα
2933 4973 3048 5020 πνεῖ
3074 4970 3132 5019 τὸ
3155 4966 3419 5040 πολέμιον.

2913 5149 3121 5197 ΕΠΙΣΤ.
3169 5141 3299 5196 ΚΘ’.

2546 5232 2861 5306 Εύσχημόνι
2891 5231 3297 5307 ἀρχιεπισκὸπῳ
3330 5229 3652 5300 Καισαρείας.

614 5470 968 5547 lmprobitas
998 5471 1214 5544 (neque
1235 5472 1351 5528 hac
1380 5472 1650 5530 videatur
1678 5473 1783 5531 tibi
1810 5475 2186 5547 paradoxum

541 5564 707 5640 quid,
743 5578 882 5620 cum
912 5561 1056 5619 satis
1095 5566 1338 5618 testetur
1360 5577 1568 5618 verum
1592 5564 1948 5635 quotidiana
1975 5581 2078 5638 per
2113 5564 2190 5620 vi-

543 5660 664 5716 tam
688 5652 1072 5730 experientia)
1093 5651 1140 5709 si
1168 5667 1288 5708 non
1317 5651 1444 5708 velo
1470 5652 1700 5710 virtutis
1729 5669 2006 5726 oppanso
2040 5654 2189 5712 vele-
