4088 6214
196 316 299 377 841

1477 306 1992 377 EPISTOLARUM
2030 304 2246 370 LIBER
2282 308 2347 369 ΙΙ.

3463 314 3571 378 842

199 445 359 498 λυται
390 465 404 477 ·
435 447 508 517 μὴ
537 447 706 497 τοίνυν
732 443 920 519 ἀθύμιι
963 449 1158 505 ταύτην
1209 447 1360 521 ὀρῶν,
1422 448 1479 499 τό
1512 445 1802 518 λεγόμενον,
1835 482 1843 497 ι

1952 457 2027 506 π,
2060 438 2420 512 quantocius
2459 439 2803 513 dissipatur.
2832 443 2960 500 Noli
2988 444 3273 518 quocirca
3314 447 3574 519 despon-

199 541 374 608 γυμνῇ
420 541 483 607 τῇ
526 534 715 606 κεφαλῇ
761 537 1144 610 θρασυνομένην
1192 540 1283 588 καὶ
1332 534 1806 611 ἀπηρυθριασμένῳ

202 630 472 698 προσώπῳ
519 626 655 676 κατά
728 626 929 677 πάντων
1008 624 1454 697 ἀσιλγαίνουσαν·
1518 622 1733 698 βραχύς
1780 623 1806 675 6

202 718 422 791 χρόνος,
465 718 556 765 καὶ
610 713 678 773 εἰς
716 710 1007 790 διαφθοράν
1049 714 1212 773 αὐτὴν
1259 714 1392 785 ὄψει,
1452 718 1547 767 σὺν
1603 711 1809 786 μεγάλῳ

205 807 332 875 ἤχῳ
383 807 885 876 καταστρέφουσαν·
942 805 1086 876 ἔχεις
1131 799 1191 858 δὲ
1248 808 1337 855 καὶ
1389 805 1475 855 τόν
1531 805 1809 875 Προφήτην

206 891 325 965 ἐμοὶ
423 893 878 965 συμφθεγγόμενον
908 913 920 926 ·
1013 888 1168 946 Εἶδον
1248 894 1335 944 τόν
1411 888 1573 949 ἀσεϐῆ
1659 891 1813 962 ὑπερ-

207 980 502 1053 υψούμενον
580 986 671 1034 καὶ
740 980 1093 1055 ἐπαιρόμενον,
1150 983 1221 1043 ὡς
1279 983 1375 1042 τάς
1433 977 1657 1053 κέδρους
1721 985 1812 1032 τοῦ

207 1069 467 1136 Λιϐάνου,
528 1076 618 1124 καὶ
665 1071 922 1144 παρῆλθεν
948 1084 998 1125 ιι,
1054 1076 1144 1124 καὶ
1207 1067 1325 1123 ἰδοὺ
1382 1069 1477 1123 ούκ
1530 1065 1621 1128 ἦν·
1698 1068 1817 1129 ἄζη-

208 1179 356 1219 τησα
376 1159 553 1226 αὐτόν,
594 1165 683 1212 καὶ
714 1159 819 1233 οὐχ
848 1161 1028 1235 εὑρέθη
1057 1161 1084 1212 6
1115 1165 1274 1222 τόπος
1294 1159 1474 1212 αὐτοῦ.

863 1431 1070 1480 ΕΠΙΣΤ.
1108 1425 1192 1479 A’.

503 1519 752 1589 Ζαχαρία
787 1514 1144 1589 μητροπολίτη
1174 1514 1531 1586 Ἀντιοχείας.

1916 530 2056 586 dere
2084 530 2377 594 animum,
2411 530 2459 585 si
2489 530 2655 602 quod
2692 531 2810 589 dici
2838 532 3010 603 solet,
3032 541 3234 608 aperte
3260 542 3316 592 et
3344 537 3573 593 nudato

1917 619 2132 693 capite,
2165 618 2487 675 audaciam
2524 618 2690 677 illam
2742 621 2948 679 videas
2997 623 3481 695 insolescentem,
3521 630 3578 683 et

1917 708 1979 763 in
2004 712 2330 779 conspectu
2359 712 2567 764 contra
2601 724 2812 765 omnes
2853 725 2977 767 non
3005 711 3392 770 erubescente
3412 714 3581 771 vultu

1917 795 2344 853 lascivientem.
2376 799 2636 868 Tempus
2659 798 2834 854 breve
2861 798 3228 867 interveniet,
3249 818 3391 859 cum
3414 802 3580 861 illam

1922 884 2152 941 videbis
2196 900 2333 940 cum
2364 884 2588 957 ingenti
2614 887 2812 944 sonitu
2841 889 2902 945 in
2925 889 3251 961 perniciem
3302 893 3577 965 praecipi-

1924 979 2126 1031 tatam.
2157 977 2351 1042 Atque
2380 974 2476 1030 hic
2525 975 2671 1031 mihi
2711 979 3179 1036 consentientem
3218 980 3579 1052 Prophetam

1924 1063 2134 1120 babes.
2181 1062 2327 1132 Vidi,
2354 1062 2552 1120 aiebat
2580 1064 2696 1128 ille,
2725 1064 2972 1135 impium
2999 1068 3064 1123 in
3087 1068 3329 1126 sublimi
3351 1071 3585 1128 exalta-

1927 1158 2074 1217 tum,
2107 1159 2155 1207 et
2186 1158 2460 1224 tanquam
2501 1168 2531 1210 e
2555 1154 2749 1209 cedris
2778 1155 2998 1212 Libani
3022 1158 3240 1215 elatum
3290 1176 3305 1227 ;
3340 1166 3582 1230 praeter-

1927 1242 2081 1298 ibam
2105 1256 2263 1306 vero,
2295 1248 2348 1297 et
2379 1256 2503 1298 ecce
2528 1257 2646 1298 non
2669 1250 2831 1300 erat:
2853 1246 3191 1315 quaerebam
3211 1262 3364 1316 eum,
3383 1254 3584 1305 etnon

1930 1337 2011 1388 est
2039 1330 2306 1387 inventus
2346 1330 2498 1386 locus
2528 1332 2655 1401 ejus
2684 1332 2724 1385 ί.

2566 1421 2784 1479 EPIST.
2827 1425 2979 1481 XXX.

2180 1508 2486 1567 Zachaﬁw
2522 1511 2916 1592 meti-apotin
2938 1512 3337 1583 {Antiochenm

1498 1639 1793 1689 Montacut.
1823 1644 1925 1701 (ep.
1955 1636 2065 1694 191,
2088 1649 2144 1699 p.
2174 1635 2305 1691 289).

299 1765 343 1812 Ο
379 1758 635 1833 μακάριος
689 1761 779 1809 καὶ
833 1758 967 1820 θεῖος
1016 1756 1241 1823 Παῦλος,
1283 1756 1309 1808 6
1339 1764 1440 1809 τῶν
1488 1754 1641 1809 ἐθνῶν
1696 1754 1825 1808 ἀπό-

2008 1751 2223 1807 Beatus
2271 1755 2327 1807 et
2386 1750 2621 1807 divinus
2668 1753 2902 1821 Paulus,
2936 1755 3205 1828 gentium
3256 1758 3587 1831 apostolus,

224 1848 432 1914 στολος,
465 1851 557 1899 καὶ
603 1855 696 1909 τῆς
744 1847 1050 1920 οἰκουμένης
1089 1842 1437 1911 διδάσκαλος,
1488 1847 1515 1898 6
1551 1849 1636 1898 τόν
1670 1848 1829 1920 γύρον

222 1938 436 1992 ἅπαντα
491 1944 587 1997 τῆς
630 1945 728 2008 γῆς
779 1935 1064 2008 περιλαϐὼν
1120 1943 1192 2005 τῷ
1242 1938 1565 2008 κηρύγματι,
1620 1935 1770 1997 οὗτος
1800 1936 1826 1988 6

224 2036 303 2100 τῷ
340 2026 565 2100 ούρανίώ
616 2022 922 2088 παιδευθεὶς
948 2014 1306 2096 διδασκαλείῳ
1331 2029 1421 2076 καὶ
1471 2033 1569 2076 τῶν
1597 2023 1834 2099 ἀπορρή-

224 2132 329 2168 των
360 2113 561 2167 ἐκείνων
606 2115 874 2189 ῥημάτων,
903 2122 1107 2186 πρῶτος
1160 2111 1487 2185 ἀνθρωπίνην
1520 2111 1679 2171 ἀκοὴν
1725 2111 1833 2164 ἐπι-

228 2200 414 2267 δείξας
468 2208 743 2267 κατήκοον,
798 2201 1068 2273 πολλαχοῡ
1108 2205 1225 2262 τοὺς
1272 2203 1513 2272 μαθητὰς
1565 2210 1655 2262 τῆς
1704 2204 1835 2273 μετὰ

228 2302 334 2346 τῶν
393 2292 599 2365 φαύλων
673 2289 954 2365 διατριϐῆς
1027 2289 1307 2364 ἀπείργων,
1358 2291 1511 2352 αὐτὸς
1557 2290 1615 2342 ού
1681 2296 1833 2364 μόνον

232 2390 399 2441 συνῆν
454 2387 543 2434 καὶ
593 2385 1011 2453 συνανεστέφετο,
1060 2379 1187 2432 ἀλλά
1232 2385 1460 2442 καὶτοῖς
1517 2378 1723 2452 ἀνόμοις
1767 2382 1837 2442 ὡς

230 2472 428 2544 ἄνομος
460 2468 832 2525 συνδιετίθετο.
880 2475 943 2523 Τί
975 2478 1123 2522 τοῦτο
1153 2486 1168 2537 ;
1221 2475 1305 2528 Μὴ
1354 2474 1456 2544 γὰρ
1492 2470 1618 2544 οἷπερ
1652 2469 1837 2544 ἑτέροις

232 2561 541 2632 ἀπέτρεπεν,
588 2560 740 2621 αὐτὸς
787 2561 905 2612 καθ’
951 2556 1146 2619 ἡδονὴν
1196 2561 1439 2633 ἔπραττεν
1470 2576 1483 2627 ;
1517 2561 1546 2619 ἣ
1587 2567 1686 2611 τῶν
1733 2580 1835 2631 μαι

236 2654 412 2709 θητῶν
446 2653 537 2721 μὶν
567 2653 625 2701 τό
676 2647 899 2721 ἀσφαλες
933 2646 1201 2712 διετίθετο,
1258 2648 1424 2719 ἐαυτῷ
1479 2646 1538 2701 δὲ
1584 2654 1678 2707 τὴν
1709 2647 1837 2720 βλά-

235 2739 336 2798 ϐην
373 2739 672 2811 εἰσέφερενς
727 2739 755 2797 ἡ
813 2738 978 2796 λήθην
1025 2741 1163 2809 ἔχων
1194 2738 1261 2788 ὧν
1320 2738 1498 2798 ἄλλους
1545 2734 1836 2801 ἐπαίδευεν,

235 2829 395 2889 αὐτὸς
443 2828 691 2879 τάναντία
732 2830 984 2901 Eri-7:978;
1030 2832 1101 2900 μὴ
1155 2827 1391 2899 γένοιτοῖ
1442 2825 1548 2879 ἀλλ’
1602 2826 1839 2899 ἑκάτερον

234 2921 434 2970 τούτων
504 2915 725 2990 ἀκριϐῶς
779 2921 1149 2981 συνεπίστατο,
1204 2922 1289 2967 καὶ
1353 2924 1408 2967 τό
1468 2917 1589 2967 καθ’
1663 2915 1840 2969 ἑαυτὸν

235 3006 453 3070 τιλειον,
512 3010 601 3058 καὶ
682 3009 810 3079 πρός
872 3010 1059 3057 κακίαν
1123 3004 1516 3076 ἀμετακίνητον,
1583 3010 1673 3057 καὶ⁵
1746 3014 1842 3057 τῶν

1940 1841 2147 1897 mundi
2168 1840 2396 1908 doctor,
2425 1841 2528 1915 qui
2557 1846 2708 1898 totos
2730 1848 2897 1901 terras
2924 1847 3179 1917 angulos
3205 1849 3594 1919 prasdicando

1939 1930 2266 1986 circumiit:
2327 1930 2421 1987 ille
2469 1931 2689 1987 omlesti
2724 1933 3069 2004 magisterio
3104 1935 3379 2009 edoctus,
3411 1943 3469 1994 et
3506 1938 3600 1996 in-

1938 2019 2366 2076 enarrabilium
2392 2035 2739 2077 sermonum
2773 2022 3071 2096 princeps,
3092 2025 3394 2083 humanas
3418 2043 3596 2084 aures

1938 2109 2249 2166 audientes
2274 2109 2522 2175 habens,
2557 2110 2761 2168 multis
2790 2113 2851 2168 in
2872 2112 3017 2169 locis
3045 2114 3368 2189 discipulos
3394 2133 3431 2174 a
3456 2132 3595 2174 con-

1941 2197 2274 2253 versatione
2296 2197 2616 2269 impiorum
2641 2198 2982 2267 excludens,
3005 2217 3128 2259 non
3154 2208 3385 2259 tantum
3406 2219 3602 2263 versa-

1940 2291 2038 2342 tus
2054 2293 2141 2343 est
2156 2287 2283 2359 ipse
2300 2303 2437 2342 cum
2455 2286 2503 2358 ej
2516 2288 2952 2355 uscemodi,sed
2970 2290 3162 2350 etsine
3180 2293 3307 2363 lege
3317 2292 3602 2351 assisten-

1942 2376 2097 2433 tibus
2136 2376 2293 2433 velut
2340 2377 2519 2433 exlex
2553 2376 2813 2434 convixit
2852 2383 2889 2433 ³.
2921 2379 3075 2446 Quid
3102 2381 3357 2438 autem?
3407 2383 3499 2439 An
3539 2387 3601 2440 ut

1944 2466 2068 2538 ipse
2093 2464 2344 2521 libenter
2374 2470 2594 2536 ageret,
2627 2467 2792 2539 quod
2823 2468 3068 2541 reliquis
3098 2485 3221 2526 non
3268 2471 3544 2543 permisit
3571 2471 3600 2527 ?

1944 2570 2023 2612 au
2068 2554 2495 2626 discipulorum
2524 2556 2826 2613 securitati
2860 2562 2921 2613 ut
2951 2559 3307 2630 provideret,
3328 2560 3455 2632 ipse
3488 2560 3603 2617 sibi

1945 2647 2240 2700 damnum
2270 2644 2493 2701 creavit
2511 2644 2541 2701 Ἰ
2565 2660 2645 2701 an
2661 2644 2879 2702 oblitus
2902 2662 3110 2704 eorum
3131 2665 3268 2722 quas
3291 2665 3607 2722 suggesse-

1948 2740 2056 2801 rat,
2075 2734 2203 2791 aliis
2215 2735 2513 2791 contraria
2530 2735 2721 2792 obivit
2744 2734 2771 2789 ?
2794 2736 2950 2794 absit
2981 2737 2995 2793 l
3032 2744 3354 2813 utrumque
3376 2739 3605 2814 optime

1948 2832 2217 2891 noverat,
2248 2842 2309 2880 se
2333 2825 2748 2897 perfectionem
2770 2833 3108 2885 assecutum
3129 2829 3504 2887 immobilem
3526 2829 3608 2887 ad

1950 2914 2200 2981 malum,
2228 2914 2480 2971 aliorum
2499 2914 2973 2987 imperfectiones
2999 2924 3261 2990 etquam
3285 2918 3497 2976 labiles
3527 2920 3608 2976 ad

1952 3004 2247 3061 deteriora
2289 3005 2554 3060 :horum
2598 3007 2876 3061 conscius
2932 3011 2990 3063 et
3044 3006 3398 3078 intelligens,
3431 3007 3608 3065 disci-

236 3095 447 3148 πολλῶν
508 3097 566 3146 τὸ
621 3094 795 3155 ἀτελὲς
845 3099 935 3147 καὶ
997 3098 1129 3168 πρὸς
1169 3097 1235 3146 τὰ
1282 3099 1450 3169 χείρω
1496 3094 1841 3167 εύέμπτωτον.

1956 3094 2111 3167 pulis
2135 3092 2391 3149 inhibuit
2418 3108 2808 3164 congressum
2840 3100 2897 3151 et
2928 3097 3445 3154 conversationem
3467 3114 3608 3155 cum

238 3184 428 3236 Ταῦτα
476 3178 536 3235 δὲ
565 3182 732 3244 καλῶς
785 3179 939 3244 εἰδὼς
990 3187 1080 3235 καὶ
1134 3184 1585 3254 συνεπιστάμενος,
1641 3181 1847 3244 ἐκείνοις

240 3276 339 3341 μὲν
392 3275 486 3334 τὰς
537 3270 591 3323 ἐκ
637 3280 735 3323 τῶν
789 3270 1079 3345 ἐπισφαλῶς
1109 3270 1358 3343 βιούντων
1408 3271 1610 3345 βλαϐἀς
1652 3274 1846 3326 ἀνακό-

242 3381 394 3414 πτων
458 3367 547 3413 καὶ
613 3359 1026 3434 ἀποκρουόμενος
1095 3370 1186 3422 τῆς
1239 3361 1347 3434 μετ’
1422 3362 1588 3414 αὐτῶν
1643 3360 1848 3424 διαίτης

242 3456 342 3503 καὶ
373 3452 701 3524 ἀναστροφῆς
742 3448 1015 3503 διεκώλυεν
1040 3471 1052 3484 ο
1082 3450 1263 3503 ἑαυτὸν
1308 3448 1366 3503 δὲ
1417 3456 1506 3505 καὶ
1535 3452 1610 3514 εἰς
1657 3457 1850 3525 μέσους

246 3545 416 3614 φέρων
490 3540 612 3604 ἠίει,
683 3546 773 3591 καὶ
826 3538 1135 3614 ὁμορρόφιος
1190 3540 1364 3601 αὐτοῖς
1416 3541 1683 3607 πολλάκις,
1762 3548 1851 3595 καὶ

246 3626 560 3703 ὁμοδίαιτος
612 3627 965 3702 ἐχρημάτιζεν
1001 3650 1013 3661 ·
1057 3628 1114 3681 οὐ
1148 3625 1339 3691 δεδίως
1392 3638 1678 3703 μετασχεῖν
1702 3631 1854 3690 κηλῖ-

250 3714 354 3779 δος
390 3725 485 3779 τῆς
512 3719 636 3791 παρ’
665 3717 833 3770 αὐτῶν
866 3739 879 3751 ⁸
917 3717 1117 3791 θαῤῥὼν
1151 3714 1209 3770 δε
1259 3723 1349 3771 καὶ
1389 3716 1712 3790 μεταδώσειν
1758 3729 1852 3783 τῆς

248 3805 470 3867 ἐνούσης
498 3808 851 3879 καθαρότητος
874 3828 887 3839 ·
912 3807 1047 3859 οὕτω
1076 3814 1351 3883 τοιγαροῡχ
1378 3809 1404 3858 6
1448 3808 1604 3869 αὐτὸς
1636 3813 1850 3874 σκοπός,

248 3897 285 3954 ἠ
320 3903 423 3947 τῶν
468 3894 679 3967 ψυχῶν,
724 3901 878 3968 φημὶ,
918 3900 1173 3970 σωτηρία,
1235 3892 1329 3948 διὰ
1383 3904 1479 3948 τῶν
1523 3894 1756 3948 ἕναντίων
1788 3905 1855 3967 τῷ

248 3989 498 4059 μακαρίῳ
578 3984 761 4056 Παύλῳ
826 3985 1139 4057 ἑπεραίνετο’
1210 3985 1370 4037 αὐτοῦ
1436 3989 1526 4058 μὲν
1596 3994 1694 4037 τῶν
1761 3984 1854 4037 ούκ

252 4074 460 4145 εύαγῶς
514 4071 768 4146 βιούντων
816 4079 909 4133 τὴν
962 4070 1202 4138 σύνοδον,
1250 4073 1335 4127 ἐπὶ
1419 4070 1699 4148 διορθώσει
1759 4084 1856 4126 τῶν

256 4168 515 4216 συνόντων
567 4162 626 4214 ού
679 4167 1092 4236 παραιτουμένου
1120 4184 1131 4197 ·
1188 4168 1304 4225 τούς
1356 4160 1416 4217 δι
1473 4165 1714 4236 μαθητὰς
1762 4164 1856 4216 οὐκ

254 4255 444 4314 ἑὼντος
474 4251 853 4324 παραπλησίως
907 4254 1171 4327 πράττειν,
1221 4254 1303 4305 ἵνα
1343 4257 1414 4325 μὴ
1460 4257 1701 4327 χρηστόν
1734 4250 1859 4316 ἦθος

252 4348 447 4401 κακαῖς
471 4340 695 4411 ὁμιλίαις
744 4338 1202 4416 ὶνδιαφθείροιντο.
1249 4346 1386 4417 Πρός
1438 4347 1489 4397 τί
1534 4339 1592 4395 δὲ
1639 4363 1731 4415 μοι
1768 4342 1862 4415 ἀφ-

1956 3183 2269 3257 improbis,
2293 3184 2626 3256 praecidens
2668 3201 2887 3258 nempe
2925 3186 3155 3243 damna
3209 3191 3269 3243 et
3316 3187 3610 3244 amoliens

1956 3273 2169 3330 exinde
2197 3272 2397 3329 futura
2427 3289 2441 3328 :
2472 3274 2736 3346 seipsum
2758 3274 2994 3331 medius
3020 3274 3234 3342 intulit,
3264 3276 3378 3332 sub
3394 3275 3610 3332 eodem

1957 3379 2116 3436 saepe
2147 3367 2297 3419 tecto
2326 3378 2465 3418 cum
2505 3362 2596 3430 iis,
2629 3367 2687 3419 et
2729 3364 2944 3420 eadem
3000 3380 3212 3422 mensa
3256 3364 3610 3423 familiarius

1960 3456 2231 3509 versatus
2261 3474 2272 3507 :
2303 3467 2498 3524 neque
2523 3452 2683 3508 enim
2717 3452 3018 3509 maculam
3048 3453 3126 3510 ab
3154 3453 3229 3510 iis
3262 3454 3567 3511 metuebat
3594 3468 3611 3509 :

1961 3541 2082 3597 imo
2107 3541 2695 3597 communicaturum
2708 3556 2769 3597 se
2786 3542 3096 3599 confidens
3112 3542 3187 3598 de
3203 3544 3457 3616 puritate
3471 3559 3610 3601 sua:

1962 3637 2138 3704 atque
2160 3630 2245 3687 ita
2273 3630 2584 3687 contrariis
2611 3631 2715 3687 viis
2744 3632 2823 3687 ad
2853 3632 3135 3688 eumdem
3165 3632 3346 3690 ﬁnem
3373 3638 3614 3690 conten-

1962 3720 2143 3776 debat
2198 3719 2435 3787 Paulus,
2464 3736 2572 3776 nec
2614 3720 2934 3778 declinavit
2970 3726 3312 3779 convictum
3352 3722 3620 3796 improbe

1964 3808 2312 3875 viventium,
2327 3809 2405 3863 ob
2419 3810 2846 3866 correctionem
2868 3826 3077 3867 secum
3103 3812 3493 3877 versantium,
3517 3828 3622 3884 pa-

1963 3898 2051 3953 ria
2076 3896 2386 3953 admittere
2413 3912 2533 3952 non
2559 3898 2759 3953 sineus
2784 3897 3131 3969 discipulos,
3154 3915 3228 3954 ne
3257 3899 3405 3955 boni
3422 3915 3621 3955 mores

1968 3985 2139 4042 malis
2169 3985 2723 4042 conversationibus
2771 3992 3314 4057 corrumperentur.
3334 3989 3462 4053 Quo
3493 4003 3624 4058 spe-

1968 4081 2103 4144 ctat,
2127 4074 2273 4148 quid
2306 4074 2429 4131 vult
2454 4073 2704 4130 sibihasc
2727 4073 2918 4130 oratio
2936 4075 2965 4131 7
2991 4080 3146 4130 certe
3168 4074 3395 4132 solvita
3424 4081 3625 4132 vestra

1968 4163 2327 4238 perfectione
2355 4164 2749 4236 quaestionem
2786 4164 3178 4236 propositam.
3210 4167 3356 4222 Nam
3410 4168 3471 4220 ut
3516 4164 3625 4219 im-

1971 4254 2211 4328 perfecti
2224 4252 2564 4310 facultatem
2588 4268 2708 4309 non
2732 4252 3040 4309 habebant
3057 4252 3237 4309 libere
3251 4270 3389 4310 cum
3405 4254 3628 4326 impro-

1970 4345 2063 4400 bis
2097 4342 2389 4398 miscendi
2420 4358 2482 4398 se
2510 4359 2524 4395 :
2559 4346 2619 4399 at
2648 4341 2866 4399 Paulus
2920 4341 3139 4399 faciens
3170 4343 3334 4416 quod
3356 4343 3631 4415 prohibe-

255 4437 361 4507 ορᾴ
386 4431 412 4483 ὁ
449 4430 615 4502 λόγος,
668 4436 757 4483 καὶ
794 4435 847 4482 τί
877 4429 1126 4503 βούλεται
1156 4447 1170 4497 ;
1202 4427 1232 4490 ἧ
1287 4428 1443 4491 δῆλον
1497 4433 1577 4484 ὅτι
1616 4435 1673 4484 τό
1720 4436 1843 4507 παρέ

1974 4435 2093 4499 bat,
2121 4433 2362 4505 etquod
2386 4431 2579 4488 facere
2608 4432 2986 4497 cernebatur,
3024 4440 3087 4487 ut
3108 4431 3480 4489 lucrifaceret
3531 4448 3626 4500 eo,

258 4528 355 4581 τῆς
395 4520 538 4592 ὑμῶν
569 4519 886 4581 τελειότητος
939 4516 1143 4573 διαλύει
1198 4525 1600 4596 προτεινόμενον.
1660 4519 1860 4596 Ὠσπερ

255 4612 367 4683 γὰρ
423 4607 517 4660 οὐκ
575 4605 636 4667 ἦν
684 4612 775 4681 μεν
824 4615 933 4671 τοῖς
997 4607 1223 4662 ἀτελέσιν
1288 4608 1364 4662 ἔπ’
1410 4609 1651 4673 ἔξουσίας
1699 4613 1861 4683 ἔχειν,

258 4700 398 4773 μετὰ
436 4696 536 4749 τῶν
566 4696 769 4770 φαύλων
815 4700 1268 4771 συναναφύρεσθαι
1301 4719 1313 4732 ’
1366 4699 1567 4761 Παῦλος
1618 4696 1676 4752 δὲ
1706 4702 1867 4774 πράτ-

258 4807 393 4853 των,
445 4787 569 4859 ὅπερ
631 4784 864 4861 ἀπεῖργε,
931 4792 1021 4840 καὶ
1074 4783 1560 4861 διοικονομούμενος
1623 4793 1866 4862 κατεφαί-

259 4895 402 4941 νετο,
447 4872 731 4949 κερδαίνων
776 4874 968 4948 μᾶλλον
997 4875 1049 4939 ἕξ
1100 4875 1168 4928 ὧν
1221 4876 1396 4939 ἄλλοις
1433 4878 1644 4950 ὑπῆρχε
1673 4882 1731 4930 τὸ
1762 4877 1868 4931 ἐπι-

266 4967 463 5038 ζήμιον
493 4985 506 4998 ’
544 4964 678 5018 οὕτω
708 4969 818 5038 χρὴ
868 4970 958 5018 καὶ
1000 4970 1119 5039 περὶ
1163 4973 1258 5018 τοῦ
1306 4963 1591 5043 διορισμοῦ
1635 4975 1729 5030 τῆς
1760 4988 1868 5042 τρι-

264 5060 416 5117 ετίας
456 5054 783 5127 λογίζεσθαι,
835 5054 897 5114 ἣν
947 5053 1031 5107 ἐπὶ
1078 5063 1177 5108 τῶν
1228 5061 1545 5131 προσιόντων
1576 5064 1648 5127 τῷ
1678 5054 1870 5129 μονάδι

268 5144 431 5220 βίῳό
476 5143 694 5217 ἀκριϐὴς
736 5144 884 5216 λόγος
933 5140 1243 5220 διωρίσατο.
1288 5150 1419 5208 Τοὺς
1457 5149 1547 5219 μὲν
1598 5149 1698 5222 ’γὰρ
1748 5146 1874 5198 πολ-

264 5236 391 5295 λοὺς
442 5239 535 5286 καὶ
582 5230 860 5307 δεομένους
923 5236 1352 5308 προκαθάρσεως,
1406 5236 1611 5308 ἄμεινον
1684 5234 1872 5288 ἐκεῖθεν

346 5361 367 5396 ³
401 5356 560 5416 Psal.
590 5373 782 5427 xxxvi,
813 5361 903 5416 35.
936 5359 959 5395 ²
988 5359 1009 5414 I
1041 5359 1173 5417 Cor.
1204 5373 1286 5426 1x,
1316 5359 1407 5416 2t.

1973 4525 2139 4596 quod
2169 4522 2300 4579 aliis
2329 4523 2625 4579 damnﬂm
2669 4528 2894 4579 crearet
2925 4539 2939 4576 :
2965 4522 3046 4580 ita
3074 4527 3308 4596 oportet
3344 4528 3399 4579 et
3428 4520 3502 4577 de
3532 4521 3629 4577 tri-

1975 4613 2115 4669 enni
2162 4611 2565 4685 exploratione
2617 4616 2893 4679 statuere,
2936 4628 3124 4684 quam
3176 4613 3377 4667 statuit
3425 4614 3634 4666 exacta

1977 4702 2296 4776 disciplina
2307 4716 2450 4773 erga
2467 4702 2863 4758 monasticam
2880 4700 3317 4773 professionem
3332 4699 3591 4755 facturos
3614 4715 3630 4754 :

1981 4791 2215 4857 multos,
2244 4797 2445 4863 utpote
2468 4790 2875 4864 purificatione
2906 4789 3263 4859 indigentes,
3301 4787 3514 4844 melius
3543 4793 3638 4846 est

1980 4879 2181 4937 subire
2210 4879 2372 4936 illam
2402 4878 2871 4952 explorationem
2904 4894 2919 4945 ;
2951 4881 3013 4934 at
3059 4877 3164 4950 qui
3195 4892 3257 4933 se
3304 4877 3470 4949 prius
3499 4892 3639 4951 pur-

1981 4974 2191 5039 gantes
2237 4968 2427 5025 vitam
2474 4967 2680 5023 ineunt
2708 4964 3213 5038 philosophicam,
3246 4980 3368 5021 non
3393 4979 3639 5021 necesse

1981 5057 2202 5114 habent
2234 5058 2478 5130 praecise
2504 5054 2650 5111 illud
2680 5060 2917 5126 tempus
2947 5053 3268 5111 observare
3301 5070 3316 5110 :
3345 5053 3643 5127 quemad-

1985 5146 2234 5201 modum
2260 5146 2321 5200 in
2351 5144 2421 5200 iis
2450 5144 2556 5217 qui
2592 5144 2751 5199 hanc
2784 5142 2968 5199 vitam
2998 5142 3334 5215 instituunt,
3364 5143 3557 5200 multa
3586 5146 3645 5199 et

1983 5249 2208 5307 magna
2235 5232 2570 5292 differentia
2609 5232 2926 5301 invenitur,
2972 5238 3029 5288 et
3055 5232 3298 5290 diversa
3329 5236 3646 5307 eapropter

1623 5484 1863 5544 VARUS
1894 5483 2310 5543 LECTIONES.

352 5623 386 5656 ιι
410 5612 492 5669 Ic.
519 5612 809 5686 παρῆλθον.

566 5721 806 5780 Pnaor.
846 5719 953 5778 Ga.
993 5718 1115 5780 Cll.

3283 5713 3351 5773 27
