4088 6214
525 257 630 314 823
1759 257 1998 314 PHOTII
2029 257 2195 313 PATF

2304 254 2515 312 RCHE
2541 253 2648 310 ΟΡ.
3761 251 3846 309 8⁸24

524 386 688 440 tante
719 381 1024 439 communi
1056 383 1302 440 utilitate
1324 382 1628 440 oblectari.
1651 383 1870 441 Itinera
1898 384 2174 457 quamvis

2304 387 2373 435 ιαὶ
2412 389 2500 442 τῆς
2554 379 2766 432 αὐτόθεν
2819 380 3177 451 ἀναφυομένης
3235 386 3412 441 κοινῆς
3460 377 3697 450 ὡφελείας
3740 397 3847 430 κατ-

523 471 726 541 longa,
761 472 864 526 ubi
884 471 993 527 alis
1019 473 1241 528 amoris
1267 472 1500 528 dilectio
1523 471 1850 539 instruitur,
1882 479 1938 529 et
1967 489 2177 546 quam-

525 561 612 616 vis
651 559 1023 630 difﬁcillima,
1065 563 1331 634 expedite
1373 567 1428 617 et
1465 560 1670 618 leviter
1711 567 2172 619 transmeantur.

527 652 694 716 Quod
751 655 962 707 caetera
1002 652 1224 718 attinet,
1269 653 1498 706 Patrum
1539 656 1593 707 et
1645 652 1890 708 fratrum
1930 653 2174 724 optime,

525 739 680 804 vale;
697 740 846 794 scias
858 755 966 794 nos
981 743 1146 797 tuam
1165 745 1506 812 exspectare
1525 741 1924 812 praesentiam,
1943 741 2177 797 interim

2287 472 2620 545 ἐντρυφήσαι.
2666 466 2818 529 Ὁδὸς
2875 472 2974 542 γὰρ
3007 474 3096 521 καὶ
3135 477 3322 541 μῆκος,
3358 465 3490 530 οἶςὸ
3540 476 3628 528 τῆς
3675 467 3850 539 ἀγάπης

2285 565 2409 636 ἔρως
2438 559 2798 632 διεπτέρωται,
2846 558 2938 610 κᾶν
2973 555 3376 631 δυσχερέστατα
3424 561 3527 623 εἴη,
3573 559 3736 632 ῥᾷστα
3779 563 3850 609 καὶ

2285 655 2487 723 κούφως
2539 647 2937 724 διεπεραίνεται.
2988 650 3066 700 Τά
3123 645 3181 701 δὲ

2613 740 2813 810 ἄριστε,
2903 735 3119 812 ἔρρωσο,

3277 648 3405 699 ἄλλα
3415 693 3429 716 ,
3499 651 3728 721 Πατέρων
3783 653 3853 699 καὶ

3220 733 3367 796 εἰδὼς

2288 736 2519 812 ἀδελφῶν
2613 740 2813 810 ἄριστε,
2903 735 3119 812 ἔρρωσο,
3220 733 3367 796 εἰδὼς
3443 732 3854 806 ἀπεκδεχομένους

527 827 806 884 desiderii
823 829 1120 900 ardorem,
1142 845 1249 902 spe
1270 828 1483 886 futuras
1504 831 1935 888 consecutionis
1953 831 2180 887 refocil-

525 915 739 972 lemus.
769 916 922 973 Vale.

1070 1009 1330 1077 Propria
1357 1025 1537 1066 manu
1569 1010 1963 1067 exarabatur.

1170 1099 1382 1156 EPIST.
1425 1101 1518 1157 IlI.

810 1188 1029 1244 Joanm'
1079 1190 1469 1260 metropolitce
1524 1189 1894 1246 Nicomediae.

2288 831 2427 901 ἡμᾶς
2453 833 2546 886 τὴν
2575 832 2671 885 σήν
2705 831 3022 898 παρουσίαν,
3049 831 3139 878 καὶ
3179 829 3236 878 τὸ
3279 822 3498 887 διακαὲς
3561 831 3650 877 τοῦ
3693 826 3850 892 πόθον,

2290 925 2350 990 τῇ
2386 913 2561 970 ἐλπίδι
2589 924 2683 979 τῆς
2713 914 2990 988 ἄπιτυχίας
3029 914 3416 987 ἀναψύχοντας.
3453 912 3706 989 Ἐρῥωσο.

3159 1005 3392 1078 Ἐγράφη
3418 1004 3736 1078 αὐτοχειρίᾳ.

2937 1101 3149 1148 ΕΠΙΣΤ.
3183 1094 3264 1152 I".

2589 1186 2795 1259 Ἰωάννη
2826 1185 3178 1259 μητροπολίτη
3201 1180 3585 1257 Νικομηδείας.

1799 1288 2092 1336 Montacut.
2127 1285 2238 1350 (ep.
2277 1287 2351 1341 17.
2385 1300 2436 1348 p.
2467 1286 2565 1346 77).

602 1375 718 1432 Nec
747 1375 993 1432 illudere
1029 1377 1189 1442 novi,
1221 1393 1332 1434 nec
1359 1376 1511 1434 ferre
1551 1377 1870 1433 illudentes
1904 1393 2178 1449 possum.

2365 1379 2498 1428 Οὔτε
2524 1377 2726 1437 παίζειν
2771 1371 2916 1441 οἶδα,
2964 1377 3080 1426 οὔτε
3136 1376 3427 1437 παιζόντων
3475 1371 3760 1443 ἀνέχεσθαι.
3812 1369 3859 1423 Εἰ

533 1466 591 1523 Si
621 1471 681 1522 tu
709 1465 890 1522 homo
917 1467 1146 1538 antiqui
1185 1467 1338 1523 adeo
1369 1470 1576 1531 moris,
1613 1471 1670 1523 et
1699 1467 1952 1538 simplex
1981 1465 2182 1534 fueris,

531 1559 596 1610 ut
626 1571 760 1610 cum
805 1555 995 1609 simus
1027 1553 1222 1611 affecti
1258 1554 1655 1621 contumeliis,
1690 1556 1818 1626 ejus
1851 1571 2030 1611 sensu
2061 1569 2184 1610 non

534 1644 698 1713 tangi
719 1643 936 1699 debere
957 1659 1088 1709 nos,
1114 1644 1395 1716 opineris,
1421 1644 1582 1700 haud
1606 1660 1848 1716 aequum
1868 1649 2011 1713 erat,
2043 1648 2104 1698 ut
2125 1647 2185 1698 tu

534 1747 648 1788 nos
676 1732 944 1798 leederes,
976 1748 1046 1787 eo
1081 1732 1192 1788 fine
1214 1733 1382 1805 quasi
1409 1750 1646 1789 morum
1679 1739 1918 1789 tuorum
1949 1731 2182 1803 simpli-

538 1821 684 1877 citas
702 1820 940 1892 culpam
961 1826 1324 1888 extenuaret,
1349 1827 1403 1878 et
1420 1823 1698 1878 leviorem
1725 1822 2014 1878 redderet.
2037 1819 2184 1877 Cum

537 1925 680 1967 vero
739 1927 843 1982 per
873 1909 994 1975 illa,
1041 1927 1176 1982 quas
1229 1927 1411 1968 ausus
1443 1928 1506 1966 es
1545 1911 1757 1976 facere,
1811 1911 2078 1966 studiose
2126 1909 2185 1966 id

538 1999 728 2070 egeris
751 2016 762 2066 ;
793 2004 854 2055 ut
873 2016 1118 2055 sensum
1141 2016 1383 2056 omnem
1409 2018 1442 2056 a
1461 1999 1634 2056 nobis
1657 1999 1933 2056 suﬂ‘urari
1951 2016 2185 2072 posses,

537 2087 648 2144 hac
687 2094 788 2144 tua
812 2089 1136 2145 rusticitate
1162 2089 1383 2144 duxisti
1415 2089 1713 2159 ingestam
1746 2090 1922 2144 nobis
1962 2088 2190 2145 calum-

537 2177 700 2233 niam
728 2194 740 2232 :
765 2193 874 2233 nec
891 2178 1117 2233 resilire
1137 2178 1356 2250 poteris
1380 2179 1456 2234 ad
1479 2178 1641 2234 illam
1663 2195 1847 2250 quam
1865 2179 1923 2232 in
1948 2195 2186 2234 scenam

537 2266 822 2340 producis
875 2266 1049 2322 nobis
1087 2267 1408 2323 levitatem.
1453 2270 1877 2324 Verumtamen
1936 2283 2010 2324 ne
2065 2283 2188 2323 non

539 2358 665 2412 tam
687 2355 1038 2426 corrigendi,
1057 2373 1241 2428 quam
1257 2356 1547 2428 puniendi
1570 2372 1754 2412 causa
1773 2355 1978 2412 videar
1997 2373 2192 2428 repre-

539 2445 893 2502 hensionem
923 2451 1169 2509 struere,
1203 2462 1338 2500 cum
1368 2444 1611 2516 justitiae
1655 2445 1862 2500 omnia
1905 2447 2190 2500 scrutanti

542 2539 600 2591 et
627 2533 962 2606 pervidenti
995 2534 1352 2590 satisfecisse
1376 2533 1842 2606 deprehenderis
1877 2551 1985 2606 pro
2036 2535 2192 2605 inju-

543 2623 645 2682 riis
672 2627 728 2678 et
743 2623 1114 2680 contumeliis
1136 2623 1358 2695 quibus
1387 2639 1596 2678 sumus
1629 2622 1842 2688 affecti,
1861 2629 1988 2678 tum
2014 2627 2197 2679 temet

2294 1461 2380 1517 οὖν
2433 1463 2596 1526 οὕτως
2645 1461 2706 1536 ᾖς
2754 1463 2904 1524 αὐτὸς
2945 1461 3171 1538 ἀρχαῖος
3217 1467 3307 1514 καὶ
3339 1461 3554 1526 ἁπλοῦς,
3587 1462 3712 1511 ὥστε
3751 1455 3854 1530 μηδ’

2293 1557 2432 1628 ἡμᾶς
2499 1553 3047 1626 προπηλακιζομένους
3121 1553 3470 1608 αἰσθάνεσθαι
3528 1551 3737 1614 οῖεσθαι,
3784 1547 3858 1599 οὐκ

2293 1641 2401 1697 ἔδει
2458 1663 2514 1696 σε
2570 1651 2897 1716 κακουργεῖν,
2958 1645 3040 1694 ἱνα
3093 1650 3188 1694 σοῦ
3238 1645 3296 1694 τὸ
3358 1641 3644 1714 ἁμάρτημα
3690 1641 3717 1697 ἡ
3778 1646 3857 1690 τῶν

2294 1736 2432 1794 ἠθῶν
2464 1733 2688 1793 ἁπλότης
2742 1730 2942 1786 ἐδείκνυ
2997 1738 3327 1805 κουφότερον.
3383 1731 3530 1783 Ἐπεὶ
3577 1725 3632 1782 δὲ
3683 1732 3761 1779 καὶ
3785 1731 3857 1784 τὴν

2294 1825 2545 1881 αἴσθησιν
2599 1825 2764 1895 ἡμῶν,
2801 1819 2871 1874 δι’
2907 1823 2974 1893 ᾦν
3023 1821 3332 1893 ἐτόλμησας,
3381 1819 3596 1892 μελέτην
3647 1819 3749 1871 ἔθου
3784 1816 3859 1888 λη-

2297 1921 2534 1976 στεῠσαι,
2567 1917 2656 1964 καὶ
2713 1909 3010 1984 δυστροπία
3051 1916 3141 1970 τὴν
3174 1911 3291 1963 καθ’
3351 1912 3498 1982 ἡμῶν
3546 1906 3686 1981 ὕϐριν
3732 1905 3859 1967 ηὔξη-

2298 2023 2393 2064 σας
2426 2024 2436 2036 ·
2471 1999 2719 2073 οὐδεμίαν
2769 2003 2911 2073 ἔχεις
2959 2001 3302 2072 ἀναχώρησιν
3343 2003 3418 2061 εἰς
3470 2003 3564 2056 τήν
3605 2001 3706 2049 νυνὶ
3745 1995 3859 2066 παρὰ

2299 2099 2392 2144 σοῦ
2423 2095 2903 2163 σκηνοποιουμένην
2953 2097 3272 2163 κουφότητα.
3337 2088 3480 2147 Πλὴν
3533 2089 3612 2139 ἵνα
3641 2089 3706 2157 μὴ
3751 2081 3858 2146 δόξω

2296 2185 2381 2234 τὸν
2430 2181 2646 2252 ὓεγχον
2696 2182 2921 2252 ἐπάγειν,
2980 2181 3038 2232 οὐ
3097 2177 3430 2252 διορθώσεως
3476 2177 3601 2228 ἀλλά
3645 2175 3858 2233 κολάσεως

2297 2274 2460 2332 ἕνεκα,
2513 2272 2594 2322 ὅτε
2644 2277 2704 2342 τῇ
2765 2275 3062 2344 παντεφὸρῳ
3106 2267 3225 2341 δίκῃ
3282 2265 3440 2329 δίκας
3499 2264 3858 2336 εἰσπράττεσθαι

2299 2368 2391 2421 τῆς
2419 2359 2489 2421 εἰς
2519 2361 2650 2431 ημᾶς
2682 2363 3002 2430 κακουργίας
3053 2363 3143 2409 καὶ
3194 2357 3414 2431 ὕϐρεως,
3462 2359 3526 2416 ὡς
3574 2355 3717 2414 αὐτὸς
3745 2353 3855 2423 ὁρᾷς,

2300 2447 2459 2509 έάλως
2491 2469 2502 2481 ·
2562 2454 2673 2500 τότε
2721 2467 2776 2500 σε
2829 2457 2924 2509 τῆς
2964 2455 3060 2508 σῆς
3117 2444 3329 2507 δικαίας
3389 2453 3568 2504 ποινῆς
3614 2443 3725 2496 ἑκὼν
3763 2437 3856 2491 ἀδι-

2301 2544 2486 2589 κοῦντα
2537 2536 2747 2608 ἀφίημι,
2798 2545 2948 2589 τοῦτο
3004 2540 3156 2608 μόνον
3208 2534 3450 2599 ἐπειπὼν,
3504 2537 3566 2593 ὡς
3608 2531 3858 2605 μεμνῆσθαί

2305 2645 2361 2678 σε
2391 2629 2524 2697 χρὴ,
2572 2627 2652 2677 ὃτι
2699 2629 2770 2697 μὴ
2827 2632 2887 2697 τῇ
2948 2633 3012 2697 σῇ
3077 2632 3175 2676 τῶν
3223 2628 3429 2697 τρόπων
3483 2621 3748 2690 κακοηθείᾳ
3789 2618 3858 2667 καὶ

546 2727 658 2783 ego
679 2712 899 2784 injuria
919 2729 1016 2768 me
1037 2712 1394 2768 afﬁcientem
1416 2713 1608 2768 libens
1630 2714 1841 2767 merito
1861 2713 2192 2768 immunem

2305 2711 2583 2778 δεινότητι,
2643 2712 2743 2785 [ἐφ’
2798 2715 2874 2774 οἷς
2926 2717 3053 2775 ἴσως
3111 2716 3245 2784 μέγα
3305 2712 3534 2786 φρονεῖς)
3583 2718 3640 2781 τῇ
3673 2704 3716 2760 δ’
3766 2708 3860 2776 ἣμε-

545 2800 843 2858 dimittam
866 2817 900 2856 a
917 2800 1232 2873 supplicio,
1247 2801 1361 2858 hoc
1380 2805 1610 2857 tantum
1627 2801 2190 2865 commonefaciens,

547 2891 720 2962 cujus
742 2883 971 2964 oportet
990 2891 1353 2960 meminisse,
1378 2906 1594 2962 nempe
1618 2907 1860 2962 poenam
1890 2896 1946 2945 et
1973 2890 2194 2962 suppli-

2304 2805 2426 2877 τέρᾳ
2511 2811 2610 2854 τῶν
2702 2801 3156 2855 ἐπιϐουλευθέντων
3232 2806 3568 2873 χρηστότητι
3644 2798 3857 2871 (Χριστοῦ

2305 2894 2406 2965 γάρ
2440 2891 2589 2964 ἐσμεν
2617 2894 2888 2959 μαθηταὶ),
2922 2896 3014 2949 τήν
3045 2895 3298 2965 τιμωρίαν
3331 2887 3589 2962 διέφυγες.

546 2981 707 3037 cium
738 2985 790 3036 te
821 2979 1246 3049 subterfugisse
1273 2996 1394 3035 non
1422 2986 1663 3052 propter
1688 2997 1920 3036 morum
1954 2986 2192 3034 tuorum
2245 2980 2335 3036 vel
2389 2982 2772 3043 scaevitatem,
2809 2980 2896 3034 vel
2931 2981 3149 3034 malam
3183 2978 3688 3041 consuetudinem,
3713 2969 3861 3044 (unde

547 3069 834 3136 fortassis,
867 3070 1052 3125 altum
1074 3069 1272 3142 sapis),
1311 3069 1416 3125 sed
1448 3085 1549 3140 per
1583 3075 1875 3136 nostram,
1907 3068 2132 3141 quibus
2159 3068 2565 3134 insidiabaris,
2617 3068 2971 3139 bonitatem,
3023 3069 3245 3141 quippe
3294 3068 3402 3140 qui
3459 3068 3638 3122 simus
3692 3056 3862 3118 Christi

549 3157 825 3232 discipuli
857 3162 915 3216 et
943 3163 1281 3216 sectatores.

1190 3249 1400 3304 EPIST.
1464 3248 1557 3304 IV.

915 3337 1153 3410 Ignatio
1185 3338 1520 3408 Lophorum
1548 3337 1828 3409 episcopo.

2943 3254 3156 3302 ΕΠΙΣΤ.
3199 3246 3272 3302 Δ’.

2737 3337 2972 3410 Ἰγνατόῳ
3026 3337 3294 3409 ἐπεσκόπῳ
3329 3340 3536 3409 Λόφων.

1827 3440 2116 3492 Montacut.
2151 3444 2255 3507 (ep.
2286 3445 2364 3502 23,
2393 3458 2444 3507 p.
2490 3446 2594 3506 84).

623 3531 794 3588 Dolet
825 3531 927 3587 tibi
955 3531 1121 3604 quod
1150 3529 1457 3587 inhibeam
1502 3531 1608 3587 tibi
1638 3531 1855 3603 injuste
1886 3547 2060 3602 agere
2093 3549 2107 3599 ;
2141 3536 2202 3590 at

552 3620 700 3677 mihi
733 3621 927 3692 magis
953 3621 1110 3693 juste
1140 3620 1340 3676 dolere
1367 3619 1562 3684 debet,
1592 3621 1756 3692 quod
1791 3636 1912 3676 non
1945 3621 2204 3693 impedi-

552 3709 739 3765 verim
803 3710 928 3764 haec
991 3709 1123 3782 ipsa
1183 3708 1461 3766 exordiri.
1527 3710 1627 3764 Sin
1689 3709 1958 3766 dolorem
2000 3726 2203 3766 meum

555 3798 854 3855 occultum
879 3813 1121 3854 necesse
1153 3797 1450 3865 esteﬂ'ari,
1483 3799 1648 3871 quod
1669 3799 1799 3870 ipse
1822 3799 1924 3855 tibi
1956 3815 2204 3856 causam

553 3888 948 3953 exhibuerim,
975 3888 1132 3944 unde
1156 3905 1290 3944 cum
1316 3889 1441 3944 fieri
1465 3889 1710 3945 volebas
1734 3889 2069 3960 improbus,
2095 3889 2202 3944 im-

552 3977 780 4051 probus
827 3994 1029 4035 revera
1056 3994 1188 4034 esse
1217 3979 1433 4050 possis,
1463 3978 1624 4034 vides
1670 3982 1733 4034 ut
1777 3979 2204 4050 memetipsum

554 4071 860 4125 auctorem
883 4067 997 4125 tuis
1016 4067 1502 4140 improbitatibus
1535 4066 1855 4123 ascribam.
1883 4067 2036 4133 Quid
2062 4068 2206 4123 reris

554 4156 629 4214 de
659 4174 755 4215 me
785 4157 998 4214 dicturi
1023 4161 1161 4214 sunt
1192 4157 1314 4224 alii,
1347 4173 1485 4213 cum
1516 4157 1590 4213 de
1621 4156 1737 4213 tuis
1766 4156 1936 4212 factis
1964 4156 2207 4229 ringan-

555 4254 664 4313 tur,
697 4262 892 4320 neque
917 4245 1434 4303 habentelabendi
1463 4245 1808 4302 facultatem
1841 4243 1870 4299 ‘P
1897 4245 2206 4317 quomodo

553 4335 816 4392 laturum
846 4335 1081 4391 illorum
1127 4334 1497 4400 aﬂlictiones,
1531 4350 1790 4406 quarum
1821 4338 1883 4388 tu
1931 4349 1992 4390 es
2021 4334 2208 4390 archi-

553 4428 769 4490 tectus,
797 4441 1182 4482 communem
1209 4424 1531 4480 Dominum
1560 4423 1704 4479 reris
1735 4422 1764 4477 7
1785 4422 2001 4479 Annon
2031 4422 2209 4478 infes-

557 4520 683 4572 tum
721 4515 1045 4588 experiere,
1096 4515 1201 4587 qui
1251 4513 1558 4568 hominem
1617 4512 1870 4567 evexerit
1927 4511 2208 4584 dignitate

558 4621 716 4674 eum,
775 4621 958 4679 quem
1013 4620 1122 4677 par
1172 4611 1296 4660 erat
1347 4618 1486 4658 cum
1548 4600 1770 4658 intimis
1829 4601 2208 4658 subditorum

557 4695 856 4756 accenseri
881 4697 908 4751 ‘I
947 4696 1061 4751 hoc
1093 4693 1275 4750 modo
1313 4707 1410 4748 me
1450 4691 1510 4747 in
1551 4694 1604 4747 te
1645 4691 1978 4747 animatum
2019 4696 2206 4763 puta:

557 4787 722 4861 quod
753 4787 802 4842 si
833 4801 954 4842 non
985 4784 1236 4841 libenter
1264 4787 1320 4840 et
1347 4780 1705 4856 quantocius
1731 4779 2004 4852 improbe
2035 4795 2210 4850 agere

557 4875 859 4944 desiveris,
887 4875 1029 4932 scito
1059 4874 1205 4932 mihi
1258 4871 1607 4930 incumbere
1661 4869 2098 4936 necessitatem,
2151 4873 2213 4924 ut

560 4969 612 5022 te
664 4964 900 5036 penitus
930 4981 967 5022 a
1005 4963 1314 5038 meiipsius
1357 4966 1415 5018 et
1463 4960 1734 5018 Ecclesiaa
1787 4960 2211 5017 communione

560 5052 940 5112 abscindam.

1217 5142 1432 5200 EPIST.
1483 5141 1548 5196 ν.

846 5231 1092 5305 Georgio
1121 5230 1472 5292 Nicomediae
1520 5229 1922 5302 metropolitw.

2383 3534 2599 3606 Ἀλγεῑς,
2643 3536 2721 3586 ὅτι
2768 3554 2823 3586 σε
2871 3544 2958 3586 νυν
3016 3529 3302 3586 ἀδικοῦντα
3359 3529 3670 3585 διακωλύω’
3713 3525 3794 3598 ἐγὼ
3818 3519 3862 3576 δε

2311 3623 2499 3694 μᾶλλον
2543 3628 2631 3674 καὶ
2692 3619 3037 3697 δικαιότερον,
3071 3624 3150 3674 ὅτι
3190 3627 3260 3694 μὴ
3294 3620 3461 3674 πάλαι
3499 3615 3625 3692 μηδ’
3667 3618 3862 3688 ἄρχεινι

2312 3715 2558 3774 τοιαύτης
2615 3711 2864 3785 πράξεως.
2909 3712 2967 3765 Εἰ
2999 3709 3057 3764 δὲ
3087 3716 3174 3763 καὶ
3206 3714 3263 3763 τὸ
3311 3710 3437 3783 ἐμόν
3491 3711 3691 3782 κρύφιον
3739 3703 3862 3772 ἄλγος

2315 3797 2430 3853 δέον
2485 3801 2697 3864 ἐξειπεῖν
2748 3803 2827 3852 ὅτι
2861 3821 2944 3853 σοι
2991 3805 3262 3874 παρέσχον
3317 3798 3577 3871 ἀφορμὴν,
3625 3792 3690 3848 δι’
3717 3794 3770 3852 ἧς
3793 3809 3860 3840 κα·

2313 3898 2416 3952 κῶς
2450 3891 2478 3933 b
2525 3888 2818 3961 βουληθεὶς,
2863 3887 3122 3947 ἐδυνήθης
3175 3890 3442 3960 γενέσθαι,
3502 3888 3634 3958 ὁρᾷς,
3689 3885 3744 3941 ὡς
3784 3885 3858 3930 τῶν

2318 3986 2419 4028 σῶν
2473 3974 2836 4050 ἀδικημάτων,
2888 3977 3042 4038 αὐτὸς
3092 3976 3312 4047 ἐμαυτὸν
3360 3980 3526 4028 αἴτιον
3565 3977 3656 4045 ἑγὼ
3697 3970 3858 4040 γράφω.

2313 4071 2376 4118 Τί
2417 4065 2476 4118 ἂν
2524 4063 2612 4119 οὖν
2653 4070 2747 4119 οἴει
2803 4071 2927 4128 τοὺς
2971 4065 3154 4128 οῖλλους
3205 4065 3368 4136 λέγειν
3421 4069 3536 4139 περὶ
3587 4061 3717 4135 ἐμοῦ,
3768 4059 3859 4108 ὅταν

2315 4163 2418 4216 τοῖς
2479 4163 2590 4217 σοῖς
2644 4154 2907 4223 ἀνιῶνται,
2963 4159 3051 4206 καὶ
3105 4162 3281 4227 φυγεῖν
3333 4154 3430 4206 οὐκ
3486 4156 3682 4224 ἔχουσι,
3729 4149 3776 4198 τὸ
3807 4146 3858 4213 μὴ

2318 4240 2590 4319 δυαρορείν
2631 4257 2654 4285 ο
2689 4259 2701 4312 ;
2734 4251 2840 4304 πῶς
2871 4240 2929 4296 δε
2958 4251 3064 4303 τοῖς
3094 4242 3316 4309 ἐκείνων,
3356 4241 3488 4315 ἅπερ
3523 4241 3667 4299 αὐτὸς
3699 4232 3858 4290 διέθουι

2316 4336 2644 4404 παθήμασιν,
2693 4333 2750 4384 οὗ
2806 4336 2891 4384 τὸν
2949 4335 3118 4384 κοινὸν
3169 4335 3436 4390 Δεσπότην
3484 4331 3698 4403 εὑρήσειν
3756 4317 3862 4404 δυσ-

2317 4430 2462 4494 μενῆ,
2537 4421 2708 4495 ἀρχὴν
2769 4421 3160 4494 ἐγχειρήσαντα
3217 4416 3394 4491 ἀνδρὶ,
3561 4422 3774 4491 κρεῖσσον
3817 4403 3861 4462 ἦν

2317 4520 2423 4573 τοῖς
2477 4521 2574 4563 τῶν
2626 4511 2926 4582 ἀρχομένων
2977 4511 3222 4582 ἐσχάτοις
3271 4497 3862 4572 ἀντεξετάζεσθαιςοῦῖω

2319 4621 2380 4673 με
2403 4601 2708 4671 λογίζεσθαι
2749 4601 2928 4671 νόμιζε
2976 4604 3092 4671 περὶ
3127 4607 3253 4650 σοῦ·
3289 4603 3378 4650 καὶ
3420 4598 3463 4650 εἰ
3501 4600 3568 4666 μὴ
3612 4595 3771 4645 θᾶττον
3796 4587 3862 4634 καὶ

2319 4687 2482 4749 ἡδέως
2542 4697 2737 4741 σαυτοῦ
2791 4692 2854 4740 τά
2932 4686 3242 4760 ἀδικήματα
3311 4685 3615 4756 περικόψης,
3678 4677 3859 4745 ἀνάγκην

2320 4777 2447 4832 εἶναὶ
2497 4797 2606 4850 μοι,
2658 4777 2781 4850 ἐμοῦ
2830 4798 2884 4830 τε
2937 4783 3024 4830 καὶ
3079 4785 3172 4839 τῆς
3217 4775 3336 4838 ὅλης
3386 4773 3702 4834 Ἐκκλησίας,
3733 4764 3859 4818 τελιον

2323 4887 2378 4921 σε
2412 4864 2690 4938 διακόψαι.

2953 5139 3170 5190 ΕΠΙΣΤ.
3211 5131 3290 5188 E'.

2607 5229 2844 5299 Γεωργίῳ
2871 5219 3226 5298 μητροπολίτῃ
3256 5227 3300 5274 Ν
3308 5238 3460 5293 ικομη
3470 5214 3502 5271 δ
3506 5221 3623 5277 είας.

1839 5335 2130 5384 Montacut.
2163 5333 2266 5398 (ep.
2297 5333 2375 5388 24,
2413 5346 2470 5396 ρ.
2513 5332 2618 5393 84),

629 5433 834 5492 Virum
881 5429 1142 5505 probum
1166 5431 1223 5486 et
1253 5428 1574 5484 honestum
1623 5429 1677 5484 te
1712 5425 2062 5499 praedicant,
2111 5423 2211 5496 qui

2397 5420 2562 5476 Καλόν
2594 5439 2650 5474 σε
2685 5424 2773 5473 καὶ
2806 5417 2998 5492 ἀγαθὸν
3044 5420 3092 5470 οἱ
3147 5416 3361 5470 αὐτόθεν
3401 5416 3697 5488 φημίζουσιν
3734 5403 3856 5460 ἧκον·

1902 5540 2136 5598 νΑΗΙιιΕ
2178 5539 2474 5598 LECTION
2481 5539 2588 5596 ES.

611 5681 656 5718 ἰ
710 5673 789 5729 ῖσ.
831 5669 1088 5746 ἄρχοντα.
1165 5662 1196 5708 ὶ)
1249 5662 1327 5717 ἳσο
1353 5663 1530 5724 κακός.
1606 5669 1633 5704 ο
1687 5660 1765 5715 ῖσ.
1791 5656 2156 5735 δυσαρεστεῖν.
