4088 6214
277 260 385 317 825

1525 278 2033 342 EPISTOLARUM
2073 288 2289 348 LIBER
2327 290 2393 347 II.

3537 295 3642 352 826

275 408 359 492 τες
393 409 407 422 ο
438 393 528 495 καὶ
578 391 627 495 οἱ
654 395 744 464 μεν
801 394 947 449 ἄλλοι
997 399 1331 472 θαυμάζουσι
1383 407 1681 477 χαίροντες.
1733 409 1866 461 Ἐσθ

1994 413 2071 468 ad
2101 431 2211 471 nos
2235 432 2270 474 a
2289 419 2457 474 vobis
2484 421 2797 478 accedunt.
2821 422 2929 479 Alii
2951 421 3197 495 quidem
3223 437 3360 478 cum
3381 423 3642 481 admira-

275 481 361 531 ὅτε
397 481 517 552 γὰρ,
574 482 856 548 ύπνοῡντος
884 495 976 540 τοῦ
1021 491 1234 561 φθόνου,
1303 490 1453 546 οὐδὲν
1501 495 1656 552 ἧττον
1689 498 1884 571 ἄνθρω-

275 588 366 622 ποι
419 577 528 630 τοῖς
573 569 822 639 ἀλλήλων,
883 578 912 637 ἢ
961 587 1066 640 τοῖς
1122 581 1312 647 αὐτῶν,
1369 581 1652 642 ἠδύνονται
1699 569 1883 659 κατορ-

279 660 541 730 θώμασιν,
607 661 736 733 Ἐγὼ
779 661 837 717 δὲ
886 673 1064 742 χαίρω
1116 675 1288 742 μόνον,
1346 677 1406 725 τό
1462 676 1746 748 θαυμάζειν
1794 676 1883 748 ἐφ-

276 752 469 821 ἐμενος.
523 749 596 802 Ou’
638 755 739 826 γὰρ
790 756 1011 828 ἠγνόουν
1062 779 1117 811 σε
1155 769 1386 814 τοιοῦτον
1442 766 1583 829 ὄντα,
1615 762 1730 818 οὐδ’
1761 764 1882 819 ἀνο-

275 842 465 911 μοίους
510 840 673 893 πάλαι
701 845 790 906 τὰς
846 844 1066 910 ἐλπίδας
1112 847 1256 922 εἶχον
1309 853 1435 924 ὅσγε
1471 859 1561 907 καὶ
1608 858 1764 917 θείαις
1793 876 1880 910 τε-

273 927 447 991 λεταῖς
486 938 917 1004 μυσταγωγήσας
967 939 1160 1011 ίέρωσα
1191 959 1204 973 ο
1242 943 1526 1014 θαυμάζειν
1567 941 1618 996 δ’
1645 946 1705 996 ἄν
1732 942 1878 1019 οἶμαι

276 1020 627 1090 προαχθείην,
680 1025 724 1074 εἰ
762 1027 813 1075 τί
858 1043 953 1077 σου
997 1035 1099 1079 τῶν
1157 1035 1381 1103 τρόπων,
1441 1037 1530 1085 καὶ
1581 1041 1673 1087 τοῦ
1726 1034 1878 1107 ἐγνω-

277 1111 468 1179 σμένου
513 1113 693 1178 ἤθους,
749 1112 1143 1190 ἀλλοτριώτερον
1175 1115 1541 1195 διακούσαιμι.
1595 1124 1652 1176 Εἰ
1689 1121 1768 1191 δε,
1800 1129 1871 1198 μὴ

275 1198 480 1269 φεύγειν
556 1205 649 1260 τὴν
735 1201 960 1278 ἐφορίαν,
1020 1206 1093 1278 ἐφ’
1253 1217 1339 1262 νῦν
1393 1210 1644 1284 ἐτάχθης,
1706 1213 1875 1278 καλῶς

271 1290 636 1362 κατορθώσῃς,
695 1291 1018 1358 λειποταξίαν
1093 1303 1279 1370 κρίνων
1344 1307 1438 1358 τὴν
1505 1301 1872 1376 ἐπαινουμένην

270 1377 434 1429 πάλαι
480 1381 716 1452 ἡσυχίαν
752 1402 765 1418 ο
798 1390 853 1436 εὖ
908 1383 1043 1451 ἲσθι,
1099 1389 1168 1448 ὡς
1203 1395 1353 1442 τοῦτο
1382 1388 1442 1441 ἂν
1485 1391 1595 1463 ἅμα
1643 1397 1869 1465 χαίρων,

269 1471 361 1520 καὶ
389 1469 485 1521 σὺν
515 1472 594 1522 ὅτι
617 1471 850 1543 μάλιστα
879 1471 1070 1547 ἐπαίνῳ
1096 1478 1451 1552 θαυμάσαιμι.

896 1748 1106 1798 Emz'r.
1141 1746 1238 1828 ς-·.
1905 1771 1946 1825 Β

268 1845 488 1932 Ἰωάννῃ
587 1848 944 1932 μητροπολίτη
1061 1850 1386 1932 ⁹ῌρακλείιιις,
1450 1864 1588 1932 -τῆς
1687 1855 1870 1914 ἐπανα-

340 1924 576 1981 στάσεως
656 1927 751 1982 τῆς
824 1925 957 1974 κατὰ
1066 1924 1159 1982 τὴν
1251 1924 1521 2000 ’Δρμενίαν
1620 1947 1864 1982 συνιστα-

333 2009 460 2062 μενη
471 2011 512 2053 ς.

1994 503 2153 560 tione
2196 509 2499 576 gaudent;
2533 509 2612 566 ita
2641 512 2795 567 enim
2844 513 3140 568 interdum
3195 511 3276 578 ﬁt,
3334 517 3396 567 ut
3447 514 3640 585 sopito

1993 592 2196 662 livore,
2234 612 2355 652 non
2389 599 2588 654 minus
2619 600 2862 656 aliorum
2893 608 3048 658 recte
3081 602 3246 657 factis
3277 619 3461 674 quam
3490 605 3641 658 suis-

1990 685 2396 757 metipsorum
2427 689 2798 747 obiectantur
2817 691 3111 747 homines.
3144 695 3256 762 Ego
3283 692 3484 747 mirari
3511 694 3639 765 qui-

1989 773 2126 829 dem
2159 777 2348 841 mitto,
2384 782 2611 834 tantum
2634 781 2879 848 gaudeo.
2917 784 3116 852 Neque
3143 781 3302 836 enim
3333 785 3408 846 te,
3441 780 3638 853 qualis

1987 877 2138 928 eras,
2192 865 2567 934 ignorabam,
2616 886 2722 925 nec
2773 870 3098 927 dissimiles
3137 871 3259 941 jam
3308 870 3445 925 olim
3499 885 3637 941 spes

1986 952 2289 1025 fovebam;
2313 955 2540 1029 quippe
2553 959 2655 1031 qui
2673 959 2857 1015 sacris
2876 960 3342 1016 Christianorum
3358 959 3637 1014 institutis

1985 1042 2332 1117 episcopum
2363 1047 2655 1104 ordinavi.
2680 1049 2768 1104 Ad
2791 1049 3132 1105 mirandum
3168 1064 3327 1114 vero,
3361 1047 3633 1112 arbitror,

1986 1134 2386 1203 procederem,
2412 1135 2459 1190 si
2483 1137 2628 1209 quid
2651 1139 3010 1211 accepissem
3035 1139 3221 1195 fando
3244 1138 3633 1193 immutatum

1983 1223 2058 1279 de
2107 1224 2397 1293 moribus,
2443 1231 2502 1282 et
2543 1226 2690 1283 mihi
2720 1233 2856 1284 nota
2905 1229 3048 1284 satis
3098 1227 3461 1291 conditione,
3495 1225 3636 1283 tuis.

1983 1312 2153 1381 Quod
2182 1315 2230 1370 si
2259 1331 2379 1372 non
2403 1316 2812 1386 subterfugere
2835 1319 3226 1390 provinciam,
3263 1317 3319 1370 in
3346 1331 3469 1387 qua
3496 1330 3635 1369 con-

1982 1403 2218 1460 stitutus
2240 1422 2324 1471 es,
2350 1411 2500 1462 recte
2520 1413 2708 1462 tecum
2724 1412 2971 1476 statuas,
2989 1406 3382 1461 desertionem
3400 1403 3631 1459 ordinis

1980 1494 2333 1552 existimans
2361 1496 2668 1552 laudatam
2703 1496 2806 1552 tibi
2823 1496 2964 1552 olim
2992 1494 3491 1568 tranquillitatem,
3523 1509 3633 1548 no-

1980 1589 2107 1640 tum
2141 1584 2245 1640 tibi
2277 1584 2351 1640 sit
2379 1585 2544 1658 quod
2593 1586 2870 1642 aﬂectum
2903 1586 3085 1640 istum
3119 1600 3252 1640 cum
3297 1582 3540 1653 gaudio,
3576 1585 3633 1636 et

1981 1689 2204 1744 magna
2235 1678 2413 1731 etiam
2442 1691 2579 1730 cum
2609 1674 2789 1730 laude
2814 1675 3163 1730 admirarer.

2637 1764 2850 1820 EPIST.
2887 1767 2974 1819 Vl.

1978 1856 2196 1914 Joanm’
2209 1855 2591 1912 Heracleensi
2605 1855 3162 1922 metropolitw,cum
3172 1867 3282 1923 per
3293 1850 3630 1907 Armeniam

2513 1925 2760 1995 defectio
2778 1927 3129 1998 agitaretur.

1571 2089 1861 2139 Montacut.
1894 2091 1998 2152 (ep.
2025 2087 2105 2142 28,
2134 2101 2185 2149 p.
2217 2086 2316 2145 87).

337 2177 736 2252 ’Λπηλγημένας
793 2181 957 2245 λύπας
1017 2181 1253 2256 ἀριθμεῖς
1313 2183 1396 2238 ἐπὶ
1460 2195 1522 2259 τῇ
1581 2194 1712 2261 φορᾷ
1766 2196 1866 2240 τῶν

260 2274 531 2340 παρόντων
587 2279 775 2341 κακῶν,
833 2273 1004 2346 ὥσπερ
1054 2273 1178 2325 ἑκών
1227 2277 1320 2335 τὰς
1378 2275 1649 2338 αἰσθήσεις
1700 2281 1862 2350 μύων,

259 2363 350 2410 καὶ
387 2359 480 2410 ούκ
525 2357 702 2412 ἐθέλων
755 2362 898 2436 ὁρᾷν.
955 2368 1147 2415 Σείεται
1206 2361 1460 2434 σχεδὸνῆ
1509 2365 1667 2421 Ἀσία
1718 2374 1866 2420 πᾶσα

259 2445 494 2518 ἐμφυλίῳ
564 2451 768 2516 στάσει,
822 2455 912 2502 καὶ
979 2451 1151 2512 πόλεις
1201 2450 1483 2526 αὔτανδροι
1548 2454 1864 2528 ὑποϐρύχιοι

258 2540 505 2609 φέρονται
529 2546 598 2607 τῷ
626 2547 794 2608 κακῷ,
823 2540 848 2590 ὁ
880 2536 938 2592 δὲ
965 2539 991 2581 d
1017 2545 1109 2598 τὴν
1165 2544 1324 2616 φορὰν
1378 2546 1572 2601 ταύτην
1622 2543 1862 2617 ἐπισχεῖν

257 2622 471 2688 ἐλπίδες
522 2627 676 2691 ἦσαν,
709 2628 814 2700 ούχ
844 2631 923 2680 ὅτι
975 2626 1124 2682 ούὸεν
1156 2629 1436 2705 ἐπικουρεῖ,
1467 2631 1593 2684 ἀλλά
1617 2639 1706 2686 καὶ
1734 2638 1864 2706 πρὸς

258 2717 318 2766 τὸ
373 2712 639 2790 βάραθρον
693 2720 954 2784 συνωθῶν,
1000 2719 1058 2770 ού
1107 2723 1272 2795 μικρά
1326 2719 1408 2774 ἐπὶ
1459 2726 1622 2795 τούτῳ
1669 2731 1858 2795 φρονεῖ.

259 2807 328 2858 Οἱ
357 2807 456 2878 γὰρ
501 2808 876 2878 καθηγούμενοι
919 2817 1006 2860 τοῦ
1067 2818 1314 2882 στρατοῦ,
1373 2812 1522 2864 αὐτοὶ
1577 2817 1711 2865 κατά
1763 2823 1861 2866 τῶν

260 2891 534 2967 δυσμενῶν
578 2900 642 2947 τὰ
693 2896 824 2948 ὅπλα
877 2902 1040 2971 φέρειν
1104 2901 1337 2969 μεθέντες
1395 2899 1480 2969 (ἐῶ
1539 2897 1597 2954 δὲ
1652 2911 1759 2970 νῦν,
1797 2906 1862 2964 ὡς

255 2987 398 3036 κατά
453 2992 546 3047 τῆς
602 2982 746 3047 ἰδίας
793 2986 1013 3058 κεφαλῆς
1063 2992 1152 3040 καὶ
1211 2987 1385 3062 ἀρχῆς
1437 2989 1856 3059 ἐπανετείναντο),
1895 3034 1934 3089 C

258 3069 484 3125 ἁλλόύν
513 3074 628 3127 κατ’
677 3074 906 3134 ἀλλήλων
961 3081 1124 3148 φέρειν
1179 3082 1238 3130 τὸ
1289 3085 1660 3152 στρατιωτικὸν
1714 3080 1862 3156 ἐϐαρ-

256 3160 527 3235 ϐάρωσαν,
576 3166 691 3216 οὔτε
755 3166 975 3237 θεσμοὺς
1031 3168 1211 3232 θείους,
1265 3171 1381 3220 οὔτε
1419 3167 1768 3244 ἀνθρωπίνους
1811 3171 1858 3224 ἐν

252 3251 394 3323 λόγῳ
449 3254 814 3324 ποιησάμενοι.
870 3260 981 3315 Πῶς
1006 3257 1098 3307 οἴει
1139 3260 1232 3314 τὴν
1285 3256 1432 3309 πόλιν
1484 3263 1572 3311 καὶ
1615 3263 1730 3320 τοὺς
1763 3259 1861 3334 βα-

253 3340 422 3402 σιλεῖς
469 3341 678 3407 αύτούς,
728 3343 773 3395 εἰ
827 3340 1004 3415 βούλει
1038 3341 1096 3396 δε
1126 3349 1215 3397 καὶ
1259 3348 1414 3418 ἡμᾶς,
1455 3347 1540 3400 ἐπὶ
1569 3347 1858 3421 τηλικούτῳ

251 3427 557 3484 διακεῖσθαι
613 3433 761 3484 πάθει
807 3431 947 3500 ;⁴Αν
1001 3429 1060 3484 δε
1117 3437 1175 3486 τὸ
1225 3439 1391 3488 κοινὸν
1430 3435 1644 3510 λωφήσῃ
1676 3441 1856 3502 κακὸν,

245 3519 483 3592 λωφήσει
533 3517 612 3586 δε,
671 3522 848 3582 (τοῦτο
886 3525 986 3596 γὰρ
1037 3526 1094 3574 τὸ
1129 3523 1250 3576 εὐθὺ
1297 3533 1386 3585 τῆς
1439 3522 1595 3588 δίκης
1643 3532 1731 3579 καὶ
1777 3528 1860 3580 λέ-

243 3628 360 3681 γειν
414 3609 699 3676 ἀναπείθει,
749 3615 838 3663 καὶ
896 3611 1100 3680 ἐννοεῖν)
1165 3614 1446 3684 οἰχήσεται
1503 3621 1591 3667 καὶ
1657 3618 1722 3667 τὰ
1786 3615 1859 3668 ἐν-

246 3698 517 3770 οχλοῦντα
570 3699 774 3771 ἑκάστῳ
817 3705 906 3752 καὶ
963 3698 1072 3774 ἰδίᾳ
1119 3703 1343 3774 λυπηρὰ,
1421 3713 1519 3755 τῶν
1564 3709 1729 3775 νόμων
1776 3703 1859 3756 ἐπὶ

246 3792 347 3846 τὴν
385 3784 525 3839 ἰδίαν
585 3787 747 3860 ἰσχὺν
797 3787 1184 3860 ἀνενεγκόντων,
1235 3797 1320 3842 καὶ
1374 3801 1472 3844 τῶν
1522 3789 1720 3844 ἀδικεῖν
1752 3792 1859 3845 ἐπι-

248 3879 592 3951 χειρούντων,
630 3878 659 3936 ἧ
702 3883 790 3930 καὶ
831 3875 1217 3946 ἀδικησάντων,
1268 3885 1361 3938 τὴν
1408 3877 1561 3938 δίκην
1612 3881 1860 3934 ἀπαιτου-

249 3971 438 4039 μένων.
471 3965 733 4041 Ῥῖρῥωσο.

890 4242 1102 4290 ΕΠΙΣΤ.
1150 4238 1230 4292 Z'.

533 4319 788 4398 Θεοδώρῳ
832 4325 1187 4400 μητροπολίτῃ
1237 4322 1570 4390 Λαοδικείας.

2048 2189 2321 2242 Μωτοτθε
2361 2185 2698 2240 insensatos
2741 2197 3062 2237 enumeras
3109 2183 3171 2238 in
3239 2184 3624 2256 praesentium

1979 2276 2273 2332 malorum
2315 2272 2654 2340 diﬂ‘usione,
2691 2271 2940 2344 perinde
2988 2288 3058 2328 ac
3091 2273 3136 2327 si
3169 2289 3383 2329 sensus
3417 2275 3626 2330 volun-

1977 2366 2118 2421 tarie
2143 2363 2506 2430 occluseras,
2537 2377 2732 2435 neque
2762 2363 3002 2418 animus
3034 2369 3191 2418 esset
3219 2363 3407 2418 oculis
3452 2379 3624 2418 usur-

1975 2471 2135 2526 pare.
2181 2453 2466 2509 Universa
2497 2468 2642 2524 pene
2690 2451 2825 2507 Asia
2854 2451 3130 2507 intestina
3170 2453 3502 2508 concutitur
3540 2469 3625 2508 se-

1973 2545 2195 2600 ditione
2221 2562 2233 2610 ;
2259 2541 2569 2598 civititates
2595 2557 2733 2597 cum
2756 2545 2877 2596 tota
2895 2541 3222 2596 incolarum
3247 2541 3625 2598 multitudine

1975 2633 2134 2690 malo
2163 2633 2432 2688 feruntur
2459 2629 2728 2697 involuti,
2761 2634 2814 2686 et
2840 2629 3115 2686 suﬂocati
3149 2631 3346 2688 undis.
3373 2631 3482 2697 Qui
3509 2631 3626 2687 rui-

1973 2739 2112 2778 nam
2139 2721 2296 2777 hanc
2329 2724 2622 2792 concepta
2661 2734 2765 2791 spe
2796 2717 3203 2775 suﬂulciturus
3243 2719 3619 2791 credebatur,

1971 2828 2092 2868 non
2120 2811 2298 2867 modo
2333 2810 2475 2866 nihil
2500 2807 2709 2866 auxilii
2738 2813 3002 2881 praestat,
3027 2809 3128 2864 sed
3146 2809 3203 2864 in
3236 2808 3621 2881 praecipitium

1970 2917 2063 2956 res
2118 2900 2415 2966 deturbat,
2470 2904 2648 2971 atque
2697 2914 2830 2954 eam
2877 2897 2957 2954 ob
2986 2913 3112 2954 rem
3173 2897 3425 2967 gloriose
3454 2897 3530 2954 de
3560 2915 3622 2954 se

1971 2991 2164 3045 sentit.
2203 2989 2575 3045 Exerciluum
2605 2987 2901 3052 ductores,
2934 2988 3162 3043 omisso
3193 2988 3252 3042 in
3296 2988 3498 3043 hostes
3526 3003 3623 3044 ca-

1971 3078 2407 3152 pessendorum
2429 3093 2724 3134 armarum
2743 3082 2878 3132 actu
2892 3077 3024 3148 (nec
3041 3075 3230 3132 refero
3250 3081 3622 3147 quantopere

1970 3170 2030 3224 in
2076 3167 2386 3241 proprium
2435 3166 2707 3238 ipsorum
2757 3170 2940 3236 caput
2977 3170 3032 3220 et
3058 3165 3377 3237 imperium
3416 3164 3620 3236 conju-

1968 3259 2120 3330 rent)
2170 3257 2229 3312 in
2261 3260 2446 3312 semet
2477 3260 2705 3321 mutuo,
2738 3253 3139 3311 barbarorum
3189 3269 3376 3322 more,
3423 3259 3623 3312 castra

1969 3351 2222 3412 movent,
2271 3345 2353 3400 nil
2382 3344 2542 3415 leges
2573 3342 2676 3399 Dei
2706 3343 2893 3410 veriti,
2945 3342 3028 3398 nil
3058 3341 3358 3398 humanos
3389 3342 3624 3400 reveriti

1970 3453 2186 3493 mores.
2239 3433 2554 3501 Quomodo
2597 3437 2794 3505 putas,
2831 3434 2996 3498 urbs,
3051 3431 3442 3504 imperatores
3483 3432 3622 3504 ipsi,

1970 3528 2150 3582 etiam
2178 3540 2306 3590 nos,
2332 3523 2382 3578 si
2412 3522 2579 3587 velis,
2599 3521 2897 3578 amcimur
2917 3522 3032 3578 hac
3052 3525 3218 3577 tanta
3245 3519 3625 3576 calamitate?

1970 3615 2140 3682 Quod
2173 3615 2219 3669 si
2271 3627 2594 3669 commune
2626 3613 2738 3668 hoc
2787 3612 3062 3684 quiescat
3091 3612 3346 3676 malum,
3378 3609 3626 3666 omnino

1970 3711 2170 3761 autem
2197 3703 2582 3775 conquiescat
2614 3702 2716 3773 (ita
2745 3702 2904 3758 enim
2936 3707 2996 3758 ut
3025 3702 3348 3773 loquamur
3381 3715 3628 3771 persua-

1969 3793 2348 3864 detjustitia),
2363 3791 2730 3846 simuletiam
2745 3793 3068 3846 evaniturae
3089 3796 3249 3855 sunt,
3266 3805 3402 3862 quas
3425 3805 3630 3862 quem-

1969 3883 2106 3939 libet
2135 3882 2410 3953 privatim
2445 3885 2658 3949 urgent
2689 3879 3098 3945 calamitates;
3133 3886 3392 3933 veterem
3427 3880 3542 3932 vim
3573 3883 3629 3934 et

1969 3973 2235 4028 debitam
2257 3969 2614 4026 obtinebunt
2636 3967 2794 4037 leges
2820 3986 2833 4034 ;
2857 3967 2931 4022 de
2955 3967 3024 4022 iis
3046 3969 3149 4039 qui
3169 3967 3247 4037 inj
3262 3967 3369 4021 usti
3400 3967 3626 4037 aliquid

1971 4065 2302 4136 patrarunt,
2321 4065 2379 4116 et
2403 4061 2620 4131 injuste
2637 4063 2873 4130 patrare
2888 4057 3245 4124 volentibus,
3269 4053 3626 4128 supplicium

1972 4156 2258 4208 sumetur.
2289 4153 2452 4206 Vale.

2613 4235 2832 4292 EPIST.
2868 4236 2983 4292 VII.

2264 4328 2565 4385 Theodoro
2595 4327 2989 4396 metropolin
3031 4324 3339 4381 Laodicea.

1560 4436 1848 4490 Montacut.
1874 4444 1979 4506 (ep.
2008 4441 2085 4499 40,
2125 4451 2178 4502 p.
2212 4437 2307 4499 98).

324 4519 386 4570 Εἰ
453 4515 670 4571 στάδιόν
751 4518 891 4573 ἐστιν
945 4522 970 4573 ὁ
1019 4527 1195 4596 παρὼν
1250 4521 1386 4594 βίος,
1439 4522 1670 4578 ἐπάθλων
1715 4525 1774 4581 δε
1817 4531 1846 4588 ἠ

244 4606 437 4660 ἐκεῖθεν
494 4608 723 4660 πολιτεία
757 4627 768 4638 ·
802 4615 872 4682 μὴ
927 4612 1162 4682 θαύμαζε
1206 4612 1250 4664 εἰ
1307 4622 1406 4664 τῶν
1462 4612 1679 4667 δικαίων
1727 4622 1854 4678 τινες

1378 4701 1506 4755 ἀλλά
1570 4705 1758 4776 μᾶλλον
1812 4705 1854 4758 εἶ

245 4805 382 4849 τινες
416 4796 514 4838 τῶν
569 4785 778 4859 ἀγώνων
830 4793 919 4841 καὶ
957 4790 1124 4842 ἄθλων
1175 4797 1264 4844 καὶ
1322 4796 1502 4866 καιρὸν
1555 4799 1644 4845 καὶ
1697 4801 1852 4846 τόπον

250 4878 533 4947 στεφάνων,
581 4879 774 4949 ἡμέραν
817 4883 906 4951 καὶ
939 4877 1268 4954 ἀναρρήσεως
1321 4879 1473 4953 βῆμα
1525 4884 1848 4954 νομίζουσιν·

245 4695 472 4749 ἐνταῦθα
536 4697 912 4770 ταλαιπωρίαις
997 4701 1302 4767 παλαίουσι,

880 5061 1092 5112 ΕΠΙΣΤ.
1129 5058 1216 5114 Η’.

679 5145 912 5218 Ἰγνατίῳ
931 5144 1196 5220 ἐπισκόπῳ
1220 5152 1423 5221 Λόφων.

2037 4529 2097 4585 Si
2151 4528 2414 4584 stadium
2465 4526 2587 4582 vita
2635 4539 2904 4598 praesens
2967 4523 3156 4589 fuerit,
3217 4519 3624 4594 praemiorum,

1963 4634 2102 4690 quae
2151 4623 2402 4672 ventura
2434 4620 2543 4683 est,
2576 4614 2780 4686 politia
2809 4614 2935 4668 erit.
2972 4612 3096 4668 Noli
3127 4611 3329 4666 mirari
3359 4609 3406 4664 si
3437 4610 3629 4680 justo-

1963 4723 2097 4762 rum
2131 4705 2314 4778 aliqui
2347 4721 2485 4760 cum
2543 4703 2794 4759 miseriis
2823 4701 2917 4757 hic
2949 4700 3374 4756 colluctentur:
3429 4697 3623 4766 magis

1963 4802 2166 4850 autem
2201 4795 2414 4859 multo,
2446 4793 2493 4848 si
2525 4794 2624 4864 qui
2657 4797 2859 4847 rentur
2889 4791 3047 4845 idem
3075 4805 3207 4844 esse
3238 4794 3472 4859 tempus
3504 4802 3629 4842 cer-

1963 4884 2259 4939 taminum
2281 4887 2338 4936 et
2352 4882 2550 4937 locum
2569 4876 3626 4945 coronarum,diemmanifestationis

1963 4979 2019 5028 et
2039 4971 2249 5046 judicii
2290 4969 2571 5028 tribunal.

2591 5059 2806 5115 EPIST.
2843 5057 2989 5112 VIII.

2314 5151 2552 5222 Ignatio
2592 5149 2932 5219 Lophorum
2972 5148 3261 5219 episcopo.

1529 5265 1823 5317 Montacut.
1859 5268 1963 5332 (ep.
1997 5269 2076 5323 69,
2108 5283 2158 5332 p.
2199 5269 2328 5330 120).

319 5365 598 5432 Δυσφορεῖς
662 5365 750 5414 καὶ
806 5362 1009 5434 θρηνεῖς
1063 5366 1151 5414 καὶ
1204 5366 1268 5415 τὰ
1323 5364 1427 5416 οῖνω
1475 5365 1616 5416 κάτω
1665 5372 1846 5432 ποιεῖς,

247 5450 328 5502 ὅτι
381 5467 440 5502 σε
506 5454 708 5522 ταχέως
772 5451 930 5511 οὕτως
991 5455 1080 5504 καὶ
1155 5448 1400 5524 ἀφειδῶς,
1465 5455 1534 5514 ὡς
1592 5455 1846 5526 νομίζεις,

2035 5366 2179 5423 Male
2201 5371 2255 5422 te
2283 5365 2478 5433 habet,
2502 5365 2808 5438 deploras,
2839 5380 3076 5421 sursum
3101 5364 3388 5420 deorsum
3418 5362 3623 5419 omnia

1963 5455 2197 5521 misces,
2231 5455 2390 5528 quod
2419 5459 2477 5512 te
2528 5460 2652 5512 tam
2692 5455 2827 5522 cito,
2879 5459 2937 5512 et
2963 5460 3087 5513 tam
3121 5453 3502 5512 vehementer
3533 5452 3623 5525 (ut

1595 5570 1836 5627 VARIIE
1873 5571 2160 5628 LECTION
2167 5573 2270 5628 ES.

332 5679 359 5723 ἀ
396 5683 476 5743 te.
502 5679 627 5743 ὧδε.
