4088 6214
539 257 646 315 827

1775 257 2011 315 PHOTII
2051 260 2208 318 PATI

2317 261 2518 319 ΒΟΗᾹΞ
2551 261 2662 322 CP.
3763 265 3846 322 828

539 381 710 452 reris)
755 381 881 436 sine
910 385 1185 452 respectu
1219 381 1560 437 taxaverim.
1597 385 1716 451 Ego
1745 386 1800 439 te
1830 399 1950 439 non
2000 385 2189 440 minus

2317 385 2607 459 ἓπλὴξαμεν.
2655 386 2786 458 Ἐγὼ
2841 383 2902 440 δέ
2954 383 3104 441 οὐδὲν
3150 387 3378 452 ἔλαττον,
3411 389 3490 440 ὅτι
3523 392 3723 441 σεαυτὸν
3765 411 3849 443 τοι·

539 471 772 536 incuso,
807 471 908 542 qui
943 481 994 527 te
1037 472 1286 542 dignum
1328 470 1561 525 dederis
1588 470 1750 527 hisce
1780 473 2192 544 reprehensio-

541 561 739 626 nibus,
773 565 829 614 et
875 577 980 614 nos
1025 559 1298 627 adegeris
1329 567 1388 614 ut
1419 559 1493 614 ad
1530 560 1641 614 ista
1672 562 1943 629 dicenda,
1979 569 2193 634 prieter

542 651 1059 714 consuetudinem,
1120 649 1560 704 accederemus.
1621 650 1678 706 Si
1733 656 1932 706 autem
1989 668 2193 708 revera

542 755 864 812 percussus
885 737 1083 802 fueris,
1109 741 1166 791 et
1193 737 1550 809 profundius
1576 741 1969 810 penetraverit
2000 757 2193 814 repre-

541 829 905 884 hensionum
937 827 1161 898 cuspis,
1191 832 1309 881 tute
1339 827 1691 895 declarabis,
1721 829 1868 886 dum
1899 831 1998 887 illa
2033 847 2196 887 aver-

546 918 715 983 seris,
746 933 880 987 quae
915 915 1084 970 telum
1114 915 1228 970 hoc
1260 931 1295 972 a
1325 916 1502 972 nobis
1532 924 1923 975 extorserunt.
1960 923 2042 975 lta
2073 920 2196 992 pla-

543 1022 682 1077 gam
743 1004 846 1060 tibi
885 1005 1202 1076 ingestam,
1245 1021 1351 1078 per
1389 1006 1488 1061 Dei
1543 1007 2033 1078 misericordiam,
2074 1024 2196 1065 non

542 1094 724 1151 modo
755 1093 1130 1166 persanaturi
1156 1109 1375 1161 sumus,
1397 1095 1501 1150 sed
1523 1095 1807 1170 deinceps
1841 1103 1892 1153 te
1919 1101 1985 1153 ut
2009 1113 2196 1154 mem-

539 1174 719 1231 brum
749 1175 939 1231 nostri
969 1175 1237 1246 corporis
1267 1176 1742 1233 confovebimus.

1183 1265 1398 1322 EPIST.
1453 1267 1551 1322 IX.

834 1373 1134 1429 Theodoro
1163 1373 1557 1444 metropolin
1585 1344 1904 1432 Laodicea.

2302 479 2462 528 ούτων
2516 476 2657 539 ἄξιον
2719 480 3134 550 παρεσκεύασας,
3186 482 3276 529 καὶ
3324 479 3461 548 ἡμᾶς
3529 478 3696 543 ἐλθεῖν,
3745 487 3853 551 παρὰ

2301 568 2360 618 τὸ
2412 568 2655 638 ἡμέτερον
2699 563 2841 634 ἦθος,
2896 567 2967 628 εἰς
3023 570 3146 629 τοὺς
3196 571 3312 640 περὶ
3363 569 3419 618 σε
3445 566 3623 638 λόγους
3665 569 3852 640 ὴνάγκα·

2306 677 2421 719 σας.
2454 656 2511 710 Εἰ
2536 654 2585 710 δ’
2614 655 2819 717 ἀληθῶς
2849 655 3094 728 ἐπλήγης,
3137 661 3225 709 καὶ
3281 661 3444 730 μέχρι
3497 655 3687 728 βάθους
3732 661 3855 716 ἡτῶν

2303 745 2530 817 ἐλέγχων
2581 746 2720 818 ἀκμὴ
2772 747 3010 818 ἔφθασεν,
3069 743 3258 808 δείξεις
3308 745 3474 798 ἐκεῖνα
3523 752 3705 818 φυγὼν,
3751 745 3857 800 ara

2302 839 2358 888 τό
2391 834 2540 908 βέλος
2592 841 2898 908 αφὴχαμενο
2942 840 3032 887 καὶ
3081 843 3178 887 σοῦ
3229 840 3322 894 την
3377 832 3579 905 πληγὴν
3637 840 3721 888 σύν
3748 836 3857 908 εύμίο

2303 928 2413 996 νείᾳ
2444 927 2559 977 θεοῦ
2611 924 2670 976 ού
2722 929 2877 996 μόνον
2930 921 3264 995 ἐξιασόμεθα,
3315 921 3442 976 ἀλλὰ
3494 928 3582 976 καὶ
3627 929 3680 976 τό
3717 923 3858 977 λοιπόν

2306 1018 2375 1076 ὡς
2403 1014 2588 1087 μελους
2627 1012 2866 1072 ἀντιποιη
2877 1015 3096 1086 σόμεθα.

2939 1288 3150 1336 ΕΠΙΣΤ.
3205 1281 3284 1338 Θ’.

2619 1367 2878 1448 Θεοδώρῳ
2897 1371 3255 1446 μητροπολίτῃ
3287 1367 3614 1432 Λαοδικείας.

1812 1499 2104 1550 Montacut.
2135 1501 2239 1564 (ep.
2273 1499 2353 1556 70,
2385 1513 2437 1563 p.
2489 1499 2619 1559 120).

620 1612 861 1668 Occasio
883 1628 1063 1680 nunc,
1093 1629 1129 1670 ο
1155 1613 1365 1682 amice,
1401 1613 1664 1683 offertur,
1699 1616 1747 1671 si
1772 1616 1897 1688 ipse
1925 1615 2199 1681 volueris,

2381 1621 2489 1668 Νῦν
2518 1616 2719 1686 καιρὸς,
2771 1611 2809 1665 ὦ
2840 1613 2969 1685 φίλε,
3005 1612 3047 1666 εἰ
3077 1611 3256 1685 βούλει
3305 1608 3383 1679 δὲ,
3433 1617 3525 1664 καὶ
3575 1616 3731 1665 τέκνον
3772 1611 3850 1682 ἠμί

549 1708 604 1758 et
618 1707 814 1757 noster
829 1702 987 1758 ﬁlius
1004 1703 1278 1770 exsistas,
1303 1703 1395 1760 vel
1415 1704 1647 1760 minime
1668 1705 2041 1760 reformidare
2060 1721 2205 1760 mor-

549 1791 757 1848 talium
799 1792 1017 1857 minas,
1055 1793 1201 1847 dum
1232 1793 1542 1849 immotum
1576 1802 1625 1849 te
1656 1799 1894 1867 praastes
1942 1793 2203 1850 veritatis

550 1879 852 1946 athletam,
880 1880 1100 1938 illustre
1133 1881 1381 1938 laudum
1411 1883 1782 1955 praeconium
1807 1883 1879 1940 de
1904 1885 2051 1940 caelo
2069 1898 2205 1939 con-

549 1971 741 2042 sequi,
765 1977 820 2026 et
850 1972 1132 2026 victorem
1155 1971 1376 2028 ibidem
1401 1973 1694 2029 declarari
1722 1991 1734 2030 :
1760 1974 1852 2030 vel
1881 1974 2028 2030 dum
2054 1972 2204 2030 veri-

547 2064 731 2116 tatem
774 2059 1002 2131 prodis,
1051 2065 1108 2116 et
1146 2062 1416 2133 proditor
1467 2063 1750 2134 censeris,
1795 2062 2111 2137 temporali
2152 2067 2208 2119 et

547 2146 732 2204 ﬂuida
763 2148 1066 2221 voluptate
1097 2156 1151 2206 et
1181 2149 1368 2221 gloria
1399 2151 1532 2208 frui.

1223 2239 1438 2296 EPIST.
1473 2242 1534 2296 X.

1254 2329 1485 2386 Eidem.

2313 1723 2476 1778 τερον,
2510 1703 2539 1762 ἢ
2587 1705 2675 1762 τὰς
2719 1701 2770 1766 ἐξ
2819 1701 3098 1774 ἀνθρώπων
3146 1700 3358 1762 ἀπειλὰς
3397 1701 3456 1753 ού
3492 1697 3713 1765 δεδιότα,
3759 1699 3868 1772 στερ-

2312 1794 2400 1868 ῥόν
2446 1792 2666 1865 ὀφθῆναι
2717 1799 2812 1853 τῆς
2863 1789 3104 1853 ἀληθείας
3159 1792 3490 1865 ύπέρμαχον,
3545 1795 3632 1842 καὶ
3676 1789 3870 1860 λαμπρᾶς

2311 1889 2493 1954 τυχεῖν
2559 1888 2654 1942 τῆς
2730 1879 2917 1932 ἐκεῖθεν
2994 1881 3249 1952 εὐφημίας
3301 1885 3391 1932 καὶ
3468 1877 3866 1954 ἆναρῥὴσεωςσῆ

2315 1975 2618 2044 προσκαίρῳ
2644 1974 2734 2022 καὶ
2787 1969 2979 2044 ῥεούσῃ
3013 1965 3178 2042 ἡδονῇ
3237 1974 3324 2022 καὶ
3372 1965 3505 2041 δόξῃ
3539 1964 3775 2042 προδότην
3799 1973 3868 2023 τῆς

2315 2057 2496 2114 ἀῖδίου
2523 2064 2611 2113 καὶ
2641 2057 2770 2112 εἶναι
2793 2063 2883 2112 καὶ
2909 2058 3280 2131 ὀνομάζεσθαι.

2958 2242 3173 2291 ΕΠΙΣΤ.
3221 2235 3274 2290 Ῑ’.

2985 2333 3068 2400 Τῷ
3089 2327 3251 2399 αύτῷ.

1820 2436 2116 2488 Montacut.
2139 2437 2246 2502 (ep.
2280 2437 2359 2494 71,
2380 2451 2433 2502 p.
2492 2437 2625 2500 120).

620 2547 681 2604 Si
750 2548 888 2604 ﬁnis
960 2549 1244 2607 doctrinae
1296 2559 1352 2608 et
1419 2551 1800 2610 institutionis
1873 2553 1948 2609 sit
1989 2553 2221 2626 pudore

551 2637 812 2708 suipsius
825 2639 1310 2705 teneri,extremar
1325 2641 1496 2698 fuerit
1513 2641 1926 2699 ineruditionis
1945 2658 2220 2699 necessse

551 2732 662 2792 est,
712 2727 876 2783 nullo
939 2728 1190 2784 aliorum
1223 2731 1452 2801 pudore
1497 2732 1744 2788 moveri.
1776 2737 1845 2788 At
1878 2732 2114 2803 gloriari
2145 2732 2219 2787 de

551 2814 623 2870 iis
641 2831 777 2888 quas
799 2817 1155 2874 occultanda
1187 2820 1381 2892 potius
1402 2819 1656 2889 fuerant,
1681 2823 1962 2878 terminos
1987 2821 2220 2878 excedit

549 2905 834 2962 humanae
872 2907 1292 2979 improbitatis.

1208 2999 1420 3055 EPIST.
1458 3001 1560 3054 XI.

873 3085 1171 3144 Theodoro
1185 3090 1574 3160 metropolitw
1587 3090 1896 3146 Laodicea.

2402 2554 2463 2607 Εἰ
2491 2552 2628 2614 τέλος
2675 2548 2923 2614 παιδείας
2944 2553 3004 2604 τὸ
3035 2551 3216 2604 ἑαυτὸν
3270 2549 3644 2623 αἰσχύνεσθαι,
3681 2544 3875 2618 ἐσχάτης

2331 2639 2678 2705 ἀπαιδευσίας
2731 2645 2790 2694 τὸ
2825 2637 2964 2714 μηδὲ
3017 2643 3140 2702 τοὺς
3186 2639 3373 2701 ἄλλους
3418 2639 3790 2711 αἰσχύνεσθαι’
3828 2636 3871 2685 τὸ

2329 2730 2390 2787 δὲ
2433 2738 2524 2785 καὶ
2588 2731 2662 2805 ἐφ’
2719 2732 2797 2794 οἷς
2843 2729 3260 2802 ἕγκαλύπτεσθαι
3326 2737 3612 2802 προσῆκεν,
3668 2722 3876 2797 ἐγκαλλω-

2326 2822 2599 2890 πίζεσθαι,
2631 2822 2900 2896 ὑπερόριον
2929 2823 3015 2872 καὶ
3046 2826 3137 2880 τῆς
3189 2817 3522 2892 ἀνθρωπίνης
3549 2819 3734 2877 κακίας.

2945 3001 3156 3050 ΕΠΙΣΤ.
3192 2995 3302 3050 IA'.

2610 3083 2868 3158 Θεοδώρῳ
2899 3085 3254 3159 μητροπολίτη
3288 3079 3632 3144 Λαοδικείας.

1824 3215 2113 3265 Montacut.
2141 3217 2244 3276 (ep.
2276 3213 2354 3269 87,
2381 3227 2433 3277 p.
2472 3212 2600 3272 132).

623 3327 763 3392 Quas
793 3327 866 3384 de
899 3331 952 3384 te
981 3327 1164 3384 fando
1205 3329 1565 3402 accepimus,
1590 3331 1641 3386 si
1669 3347 1806 3387 vera
1833 3336 1989 3397 sunt,
2018 3331 2221 3387 tardor

551 3415 818 3487 quidem,
851 3423 907 3472 et
938 3417 1035 3473 vix
1063 3422 1128 3473 tu
1157 3420 1354 3490 qualis
1405 3419 1507 3484 sis,
1561 3419 1818 3475 intellexi
1851 3437 1865 3486 ;
1900 3421 1989 3476 sin
2043 3420 2215 3479 falsa,

552 3505 688 3578 quis
720 3505 918 3562 fueras
950 3506 1027 3562 ab
1080 3507 1246 3563 initio
1279 3508 1554 3579 cognovi.
1609 3510 1672 3563 In
1723 3515 2019 3580 quantum
2076 3523 2218 3579 ergo

551 3594 746 3650 virum
773 3595 943 3652 decet
971 3612 1102 3652 esse
1132 3597 1361 3653 bonum
1394 3605 1450 3654 et
1481 3599 1824 3663 honestum,
1851 3614 1966 3653 non
1990 3597 2216 3653 malum

552 3688 610 3739 et
638 3683 1006 3755 improbum,
1043 3690 1098 3742 et
1126 3701 1219 3742 me
1251 3687 1532 3755 gaudere,
1559 3702 1679 3742 non
1700 3703 1844 3760 aegre
1863 3687 2033 3753 ferre,
2053 3686 2218 3759 quod

553 3775 608 3828 te
639 3772 898 3828 amicum
933 3774 1080 3830 mihi
1109 3774 1424 3831 conciliavi
1456 3793 1474 3843 ;
1523 3776 1583 3831 in
1635 3781 1864 3832 tantum
1899 3780 1950 3832 te
1989 3779 2220 3847 oportet

553 3861 773 3917 evitare
795 3861 1056 3936 illa,quas
1079 3879 1276 3920 rumor
1294 3869 1381 3921 est
1400 3870 1454 3921 te
1477 3869 1845 3937 perpetrare;
1873 3869 2004 3920 esto
2025 3869 2218 3921 autem

553 3952 748 4006 omnis
777 3951 906 4008 haec
937 3952 1120 4020 fama,
1157 3969 1382 4025 precor,
1414 3954 1655 4011 veritate
1684 3953 1989 4010 destituta.

1192 4043 1418 4101 EPIST.
1465 4045 1578 4099 XII.

694 4131 1006 4200 Eulampz‘o
1061 4132 1502 4203 archiepiscopo
1547 4138 1602 4190 et
1641 4132 2077 4203 sceuophylaci.

2397 3327 2560 3400 Ἀπερ
2619 3327 2870 3399 ἀκούομεν
2919 3331 3036 3399 περὶ
3083 3332 3197 3391 σοῦ,
3229 3325 3272 3378 εἰ
3298 3328 3390 3396 μὲν
3426 3323 3591 3382 ἀληθῆ
3643 3321 3775 3384 εἰσιν,
3803 3315 3875 3386 ὀψὲ

2327 3423 2415 3471 καὶ
2445 3417 2594 3490 μόλις
2622 3422 2942 3488 ’γινώσκομεν
2971 3418 3111 3477 ὅστις
3143 3413 3189 3467 εἶ
3221 3435 3232 3448 ⁸
3268 3414 3312 3467 εἰ
3335 3411 3394 3466 δὲ
3429 3410 3622 3484 ψευδῆ,
3671 3410 3875 3482 ἀπαρχῆς

2329 3510 2549 3579 ἔγνωμεν
2606 3508 2710 3580 ἄρα
2763 3508 2904 3567 ὅστις
2961 3502 3021 3559 εἶ.
3073 3503 3219 3576 Ὀσῳ
3260 3500 3347 3556 οὖν
3400 3500 3630 3575 διαφέρει
3653 3499 3873 3551 καλόνκαὶ

2330 3594 2525 3666 ἀγαθὸν
2575 3592 2703 3647 εἶναι
2754 3603 2842 3647 τοῦ
2909 3593 3098 3667 φαῦλον
3168 3597 3257 3644 καὶ
3311 3595 3589 3667 μοχθηρόν
3636 3589 3868 3663 γίνεσθαι·

2326 3683 2459 3756 κάμὲ
2506 3689 2712 3757 χαίρειν
2770 3682 2883 3736 ἀντὶ
2959 3689 3049 3735 τοῦ
3119 3677 3425 3754 δυσφορεῖν,
3477 3680 3551 3752 ἐφ’
3607 3679 3642 3750 ᾧ
3689 3697 3738 3729 σε
3763 3673 3872 3746 φῦεον

2327 3776 2677 3846 ἐποιησάμην,
2711 3779 2960 3825 τοσοῦτον
2990 3767 3072 3824 δεῖ
3104 3789 3160 3823 σε
3200 3777 3378 3842 φυγεῖν
3411 3770 3447 3822 οἱ
3477 3773 3534 3822 σί
3563 3771 3683 3838 φασί
3709 3771 3840 3818 ποιεῖν
3860 3780 3870 3793 ⁸

2329 3863 2404 3922 εἴη
2493 3859 2572 3927 δε,
2641 3865 2842 3916 πάντων
2935 3862 3099 3924 ἕνεκα,
3177 3867 3273 3922 τῆς
3339 3857 3580 3919 ἀληθείας
3647 3851 3869 3928 ἣρεμοςὴ

2329 3958 2497 4026 φήμη.

2951 4044 3163 4094 ΕΠΙΣΤ.
3198 4036 3294 4092 ΙΒ’.

2507 4129 2789 4204 Εύλαμπίῳ
2819 4127 3223 4204 ἀρχιεπισκόπῳ
3259 4131 3350 4179 καὶ
3383 4123 3731 4198 σκευοφύλακι.

1835 4257 2128 4307 Montacut.
2156 4257 2260 4320 (ep.
2289 4258 2368 4314 95,
2401 4271 2452 4320 p.
2480 4257 2608 4314 135).

576 4429 583 4444 ί
625 4376 749 4429 Non
779 4375 1038 4444 possunt
1057 4372 1315 4428 tenebrae
1345 4388 1468 4428 una
1493 4388 1630 4428 cum
1656 4372 1785 4429 luce
1824 4373 2054 4442 adesse,
2083 4373 2208 4428 odit

2388 4372 2498 4425 Ούκ
2549 4371 2702 4424 ίθίλει
2758 4377 2829 4440 τῷ
2883 4372 3012 4442 φωτὶ
3063 4374 3414 4441 συμπαρεῖναι
3461 4370 3518 4420 τὸ
3575 4375 3869 4429 σκοτοςᾋιι·

555 4461 712 4519 enim
746 4460 962 4517 veritas
998 4477 1391 4534 congressum
1425 4461 1744 4517 mendacii.
1794 4461 1935 4517 Post
1963 4467 2131 4517 tuum
2171 4477 2207 4518 a

553 4551 731 4607 nobis
749 4550 1103 4617 discessum,
1120 4549 1226 4622 qui
1244 4550 1473 4606 titulum
1491 4551 1772 4606 mentitur
1790 4549 1958 4605 affuit
1975 4551 2208 4606 Emma-

554 4641 707 4707 nuel,
760 4641 863 4713 qui
905 4656 976 4697 ea
1025 4639 1200 4696 nobis
1233 4639 1634 4696 manifestavit
1671 4654 1805 4712 qum
1851 4654 1960 4711 par
1988 4646 2043 4695 et
2074 4655 2206 4712 pro~

553 4729 751 4787 habile
783 4731 894 4788 fuit
932 4735 1202 4788 acturum
1242 4729 1433 4794 illum,
1483 4733 1538 4786 et
1579 4744 1715 4802 quea
1769 4743 1968 4785 mores
2021 4728 2207 4801 ipsius

556 4819 865 4878 decebant.

1195 4908 1408 4966 EPIST.
1433 4909 1566 4964 Xlll.

839 4998 1100 5054 Antonio
1135 4997 1424 5070 Bosphori
1459 4996 1918 5067 archiepiscopo.

2319 4468 2400 4514 σεῐ
2425 4457 2484 4513 δὲ
2514 4465 2602 4512 καὶ
2629 4463 2722 4518 τὴν
2757 4454 2976 4512 σύνοδον
3015 4465 3105 4510 τοῦ
3136 4453 3368 4528 ψεύδους
3426 4459 3455 4514 ἡ
3506 4454 3724 4513 ἀλήθεια.
3756 4447 3869 4502 Μιτὰ

2316 4554 2409 4609 τὴν
2445 4553 2540 4608 σὴν
2595 4548 2678 4621 ἀφ’
2725 4550 2869 4620 ἡμῶν
2918 4545 3283 4619 ἀναχώρησιν,
3317 4547 3342 4598 ὁ
3372 4549 3467 4604 τὴν
3512 4543 3686 4601 κλῆσιν
3711 4532 3866 4611 ψευδο·

2315 4659 2458 4712 μενος
2499 4637 2771 4711 ἐφέστηκεν
2827 4635 3177 4709 Ἐμμανουήλ,
3239 4635 3324 4688 οἶα
3381 4635 3513 4695 εἰκὸς
3559 4630 3617 4691 ἦν
3665 4629 3865 4700 πράττειν

2315 4729 2471 4781 αὐτὸν
2523 4732 2613 4781 καὶ
2686 4736 2782 4780 τῶν
2841 4726 3035 4780 οἰκείων
3124 4730 3326 4802 τρόπων
3411 4723 3580 4788 ἀξίως,
3623 4713 3865 4774 ἐπιδεικνύο

2315 4837 2478 4890 μενος.

2937 4906 3146 4958 ΕΠΙΣΤ.
3195 4901 3289 4956 II".

2609 4995 2865 5067 Ἀντωνίῳ
2897 4992 3300 5067 ἁρχιεπισκόπῳ
3333 4995 3607 5064 Βοσφόρου.

1829 5103 2128 5153 Montacut.
2161 5109 2262 5166 (ep.
2295 5103 2374 5158 96,
2405 5116 2458 5165 p.
2492 5101 2621 5164 136).

631 5220 782 5278 Olim
796 5229 919 5276 erat
935 5220 1158 5276 Axinus
1178 5221 1486 5294 Scythicus
1521 5224 1754 5293 pontus.
1776 5222 1923 5275 Nam
1946 5221 2213 5275 advenas

558 5311 866 5376 intrantes,
896 5309 1058 5381 quod
1083 5310 1267 5366 fando
1286 5309 1583 5374 horribile,
1608 5308 1996 5364 devorabant.
2015 5308 2212 5365 Milesii

555 5416 696 5458 vero
720 5399 779 5455 in
808 5399 1097 5454 Euxinum
1131 5398 1627 5454 trausformaraut
1658 5413 1764 5470 per
1788 5398 2128 5454 comitatem
2157 5402 2213 5452 et

557 5489 899 5546 civilitatem
963 5486 1390 5554 introductam,
1454 5486 1717 5543 cicurata
1773 5486 2092 5543 barbarica
2157 5491 2211 5543 et

556 5578 788 5637 bestiali
809 5575 1266 5633 consuetudine.
1296 5579 1355 5630 ln
1382 5577 1646 5647 praesenti
1670 5591 1774 5648 per
1793 5581 1847 5632 te
1874 5581 1928 5632 et
1944 5581 2079 5632 tuos
2100 5591 2210 5649 pro

555 5670 770 5728 virtute
827 5670 1136 5740 susceptos
1166 5663 1403 5724 labores
1434 5671 1491 5723 et
1519 5665 1848 5725 certamina
1898 5671 1956 5724 et
2005 5664 2209 5723 multi-

2391 5221 2487 5272 Ἦν
2539 5237 2664 5270 ποτε
2722 5216 2952 5278 Ἀξεινος
2996 5215 3020 5268 ὀ
3070 5217 3323 5276 Σκυθικός
3381 5217 3582 5273 πόντος.
3655 5208 3860 5261 Ἐποιείτο

2320 5309 2421 5378 γὰρ
2447 5304 2630 5380 βορὰν,
2716 5307 2927 5378 φρικτόν
2980 5303 3224 5370 ἀκούσαι,
3303 5309 3391 5354 καὶ
3449 5305 3567 5360 τοὺς
3607 5296 3861 5364 ἐμπλέοντας

2321 5405 2420 5448 τῶν
2464 5396 2632 5458 ξένων.
2679 5395 2932 5452 Μιλήσιοι
2981 5390 3039 5446 δὲ
3065 5393 3423 5466 φιλανθρωπία
3473 5394 3558 5441 καὶ
3608 5389 3758 5458 ἡμέρῳ
3783 5397 3859 5431 π⁰’

2319 5485 2502 5556 λιτείᾳ,
2568 5489 2624 5537 τό
2681 5503 2734 5536 τε
2793 5479 3045 5556 θηριῶδες
3101 5488 3191 5534 χαὶ
3262 5479 3523 5556 βάρϐαρον
3577 5475 3858 5570 ἐξημέρωσῗγ

2319 5571 2463 5638 ἦθος,
2515 5579 2602 5626 καὶ
2660 5573 2730 5636 εἰς
2778 5572 3010 5636 Εὔξεινον
3065 5572 3220 5625 αὐτὸν
3272 5573 3630 5643 μετεποίησαν.
3684 5567 3774 5614 Νῦν
3811 5567 3855 5606 σε

2319 5660 2413 5718 διὰ
2462 5671 2577 5730 σοῦ,
2633 5667 2724 5718 καὶ
2775 5665 2898 5725 τοὺς
2941 5663 3066 5724 σούς
3113 5661 3239 5736 ὑπερ
3312 5659 3495 5736 ἀρετῆς
3542 5653 3745 5733 ,ἐκγβηεεις
3783 5645 3852 5696 καί
