4088 6214
254 287 362 346 829

1509 290 2012 351 EPISTOLARUM
2051 293 2269 351 LIBER
2304 295 2371 351 II.

3511 293 3618 349 830

252 420 442 478 πόνους
470 417 562 467 καὶ
612 418 706 473 τὴν
740 415 898 474 ἄλλην
951 421 1067 490 περὶ
1122 420 1180 470 τό
1213 423 1362 472 Θεῖον
1411 419 1698 491 θεραπείαν,
1759 419 1843 471 οὐκ

1968 421 2182 491 plicem
2218 421 2488 478 Numinis
2519 421 2766 486 cultum,
2799 436 2919 477 non
2950 419 3212 476 Euxinus
3235 418 3338 474 sed
3360 423 3416 474 et
3443 422 3613 475 Euse-

253 505 485 567 Εὔξεινος
534 508 706 575 μόνον,
761 503 887 557 ἀλλά
933 511 1022 559 καὶ
1069 506 1321 571 Εὐσεϐὴς,
1373 510 1506 579 μετά
1551 515 1644 560 τοῦ
1703 505 1852 574 εἶναι,

251 598 342 648 καὶ
373 593 684 666 ὀνομάζεται
710 594 731 636 ί
768 637 779 650 .
811 600 986 656 Πόσης
1016 599 1109 648 οἴει
1147 616 1229 668 με,
1262 605 1430 649 ταῦτα
1469 603 1554 648 xui
1591 595 1855 650 ἐννοῡοντα

249 688 342 736 καὶ
388 685 674 758 γράφοντα,
732 691 904 757 χαρᾶς
964 690 1049 737 xui
1105 685 1420 759 εὐφροσύνης
1474 685 1850 758 πληροῦσθαι;

251 771 312 824 Εἰ
355 767 415 824 δὲ
472 777 564 825 καὶ
607 777 724 834 τοὺς
777 773 960 827 αὐτόθι
1007 771 1318 840 Ἰουδαίους,
1373 775 1445 836 εἰς
1483 779 1571 832 τὴν
1619 777 1852 833 ὑπακοην

252 863 484 934 Χριστοῦ
507 861 930 934 αἰχμαλωτίσας,
965 861 1066 916 ἀπό
1095 871 1191 925 τῆς
1235 871 1388 926 σκιᾶς
1425 869 1514 916 xui
1562 871 1651 917 τοῦ
1680 866 1856 937 γράμ-

249 969 435 1022 ματος,
478 949 560 1003 ἐπὶ
611 955 702 1009 τὴν
741 953 922 1026 χάριν,
984 955 1052 1014 ὡς
1100 953 1356 1028 ἔγραψας,
1406 959 1805 1025 μεταστήσειςεζ
1834 994 1849 1020 ,

250 1037 458 1111 ἀπέχω,
518 1044 605 1093 καὶ
679 1043 974 1114 περισσεύω
1043 1051 1143 1094 τῶν
1199 1043 1368 1095 καλῶν
1438 1039 1660 1096 ἐλπίδων
1731 1047 1851 1107 τοὺς

249 1131 472 1204 ὡραίους
492 1129 743 1203 καρπούς,
768 1129 826 1192 ἃς
855 1129 937 1184 ἐπὶ
967 1137 1050 1184 σοὶ
1074 1129 1108 1185 δ
1113 1137 1359 1194 ιαπαντός
1385 1135 1607 1207 ἔτρεφον.

873 1227 1095 1280 ΕΠΙΣΤ.
1133 1221 1228 1276 ΙΔ’.

535 1313 782 1384 Ζαχαρία
811 1311 1162 1386 μητροπολίτη
1197 1308 1531 1374 Χαλκηδόνος
1543 1357 1555 1369 .

1965 510 2095 575 bes,
2117 527 2254 566 cum
2275 511 2407 567 talis
2433 511 2696 572 exsistat.
2723 512 3086 566 nominatur.
3112 511 3346 575 Quanto
3366 524 3460 563 me
3474 523 3616 577 gau-

1965 600 2086 665 dio,
2110 617 2232 673 qua
2252 601 2645 671 jucunditate,
2670 601 2815 656 dum
2839 601 2952 656 hoc
2991 601 3187 672 ipsum
3212 598 3407 653 scribo
3432 597 3618 669 reple-

1965 694 2090 745 tum
2124 691 2426 746 arbitraris
2455 692 2484 749 ?
2516 691 2686 756 Quod
2716 690 2765 744 si
2795 690 3034 745 Judaeos
3054 690 3156 760 qui
3187 688 3328 743 inibi
3356 694 3493 743 sunt
3522 703 3617 744 ca-

1964 780 2154 849 ptivos
2185 779 2243 835 in
2278 779 2486 836 Christi
2509 779 2894 836 obedientian
2921 779 3174 844 duxeris,
3205 779 3281 834 ab
3314 776 3528 833 umbra
3558 780 3617 832 et

1961 868 2174 934 littera,
2202 870 2722 942 quemadmodum
2750 869 2982 934 scribis,
3005 868 3063 923 in
3089 867 3339 937 gratiam
3361 871 3614 922 transtu-

1962 957 2117 1024 leris,
2137 957 2432 1025 abstineo,
2452 965 2667 1016 etcum
2698 959 3069 1015 abundantia
3088 958 3319 1022 fobevo,
3348 960 3613 1010 maturos

1961 1047 2159 1104 illosce
2185 1050 2428 1122 optimas
2450 1049 2577 1122 spei
2599 1049 2842 1120 fructus,
2867 1063 3020 1121 quos
3036 1048 3319 1104 continuo
3341 1045 3414 1100 de
3437 1048 3614 1101 temet

1961 1136 2094 1210 ipso
2122 1137 2318 1196 foveo.

2595 1228 2805 1284 EPIST.
2851 1227 2980 1282 XIV.

2241 1317 2554 1375 Zachariw
2585 1316 2973 1374 Chalcedonis
3001 1317 3314 1386 metropol.

1518 1437 1802 1488 Montacut.
1837 1445 1940 1504 (cp.
1972 1440 2082 1498 106,
2113 1457 2170 1506 p.
2204 1442 2339 1504 151).

320 1549 382 1603 Εἰ
433 1547 530 1620 ἐγὼ
583 1551 669 1602 τὸν
727 1547 846 1622 ἐμὸν
908 1554 1183 1623 Ζαχαρίαν
1255 1551 1441 1622 ἀγνοῶ,
1485 1554 1574 1603 καὶ
1625 1548 1843 1622 ἐμαυτοῦ

2035 1556 2090 1611 Si
2123 1573 2322 1613 meum
2366 1557 2636 1627 ignorem
2669 1557 3038 1622 Zachariam,
3085 1559 3142 1612 et
3181 1554 3420 1610 meimet
3458 1552 3611 1610 obli-

248 1638 626 1712 ἐπιλέλησμαιθ
670 1637 777 1690 ἀλλ’
818 1641 986 1712 ἡμῶν.
1045 1642 1114 1700 ὡς
1165 1641 1345 1709 ἔοικεν,
1401 1639 1584 1700 ἐκεῖνος
1625 1640 1705 1710 (ού
1745 1643 1846 1714 γάρ

249 1728 362 1801 ἔχω
409 1734 463 1782 τί
500 1735 837 1804 μετριώτερον
873 1733 999 1782 εῖπω
1031 1730 1077 1782 h)
1111 1729 1462 1788 ἐπιλέλησται.
1514 1729 1588 1782 Ού
1641 1733 1740 1804 γὰρ
1788 1731 1847 1783 ἆν

246 1821 385 1890 ἡμᾶς
441 1819 780 1884 ὑπετόπαζεν,
833 1817 1113 1890 ἀνθρώπων
1156 1818 1344 1890 λόγοις,
1395 1829 1484 1880 τῆς
1527 1824 1644 1883 περὶ
1692 1820 1846 1872 αὐτὸν

249 1903 426 1970 δόξης,
505 1906 565 1964 ἣν
618 1907 666 1959 ἐν
750 1907 974 1959 παλαιοῦ
1035 1907 1373 1980 φυλάττομεν,
1424 1911 1843 1982 παρασύρεσθαι.

243 1994 302 2048 Ὀ
352 1992 412 2048 δε
439 2001 528 2047 xui
572 1996 802 2067 φοϐεῖται
836 1992 930 2048 διὰ
972 2003 1138 2048 ταῦτα
1192 1996 1364 2069 φόϐον,
1399 1996 1446 2048 ἐν
1507 1996 1579 2057 οἷς
1604 1997 1663 2049 ού
1695 2003 1847 2069 μόνον

248 2084 342 2137 οὐκ
373 2087 482 2138 ἔστι
529 2084 700 2158 φόϐος,
735 2084 840 2137 ἀλλ’
875 2081 1001 2138 ούδέ
1029 2105 1109 2148 τις
1157 2085 1339 2158 φόϐου,
1391 2093 1495 2147 τοῖς
1537 2088 1670 2158 ἡμᾶς
1697 2085 1848 2158 ἐγνω-

245 2177 418 2239 κόσεν,
447 2175 684 2229 ὑπόνοια.
719 2174 780 2227 Εἰ
809 2177 910 2246 γάρ
945 2177 1084 2247 ἡμᾶς
1129 2176 1155 2227 ό
1208 2178 1422 2246 μακρός,
1457 2176 1510 2227 ὃν
1550 2175 1606 2227 ἐκ
1653 2171 1848 2237 παιδὸς

247 2260 450 2335 σχεδὸν
478 2265 698 2336 ἔγνωμεν
728 2282 805 2330 σε,
853 2267 1065 2338 χρόνος,
1115 2267 1204 2315 xui
1235 2264 1260 2315 ό
1301 2263 1456 2324 πολὺς
1507 2268 1596 2316 xui
1625 2263 1686 2317 οὗ
1714 2267 1849 2336 μέγα

242 2352 390 2416 κλέος
420 2353 548 2425 ὑπὲρ
585 2355 750 2426 ἡμῶν,
796 2352 988 2425 μᾶλλον
1037 2349 1096 2405 δε
1139 2361 1372 2427 Χριστοῦ
1424 2358 1512 2405 καὶ
1545 2361 1644 2405 τῶν
1690 2354 1846 2406 αὐτοῦ

246 2443 639 2514 θεσπισμάτων,
701 2441 838 2514 ἀγὼν
892 2447 982 2494 καὶ
1034 2439 1244 2516 δρόμος,
1295 2446 1438 2495 οὔπω
1485 2450 1667 2516 πεῖραν
1706 2445 1846 2515 ἔχειν

242 2539 338 2594 τῆς
393 2539 488 2592 σῆς
545 2531 879 2604 ἐνεγύμνασεν
934 2530 1141 2604 ἀρετῆς,
1197 2532 1292 2584 οὐκ
1335 2529 1460 2585 οἶδα
1510 2533 1646 2593 ὅπως
1700 2533 1847 2604 ἡμεῖς

239 2640 296 2674 τε
336 2621 464 2692 ούχὶ
510 2626 683 2686 κακοὶ,
725 2624 854 2693 μετὰ
889 2629 982 2674 τοῦ
1039 2619 1278 2690 ἀνοήτου,
1332 2618 1576 2694 δόξαιμεν
1606 2623 1667 2672 ἄν
1701 2641 1714 2655 ο
1756 2625 1845 2673 xui

241 2713 291 2762 οἱ
325 2707 558 2771 δεδιότες
597 2715 666 2782 μή
718 2731 771 2763 τι
817 2712 1066 2783 πάθοιμεν
1110 2718 1363 2775 τοιοῦτον,
1426 2714 1481 2763 τὸ
1529 2715 1600 2782 μὴ
1648 2709 1844 2782 ἀγνοεῖν

238 2801 404 2872 ἡμᾶς,
481 2800 539 2852 ού
594 2805 836 2872 φυγόντες
889 2799 996 2852 ἀλλ’
1055 2800 1177 2852 ὃτιί
1227 2800 1358 2859 πλὴν
1410 2807 1504 2852 τοῦ
1541 2805 1845 2872 χειρίστους

1961 1645 2212 1702 viscerer
2254 1665 2267 1712 ;
2300 1647 2403 1702 sed
2437 1647 2531 1702 ille
2562 1647 2678 1702 mei
2709 1647 2926 1719 (neque
2958 1645 3114 1700 enim
3135 1643 3458 1715 eﬂariquid
3488 1657 3611 1698 mo-

1958 1734 2223 1791 deratius
2255 1741 2529 1808 possum)
2554 1742 2616 1791 ut
2640 1737 2872 1792 videtur
2892 1734 3112 1790 oblitus
3134 1738 3220 1789 est
3244 1749 3255 1786 :
3291 1747 3398 1786 nec
3421 1729 3612 1801 suspi-

1959 1830 2122 1879 cetur
2155 1841 2247 1880 me
2274 1826 2435 1896 vulgi
2460 1841 2754 1886 sermone.
2786 1825 2980 1880 abilla
3010 1823 3343 1896 quamjam
3372 1819 3511 1875 olim
3535 1819 3610 1873 de

1958 1929 2028 1969 eo
2063 1914 2178 1969 fovi
2217 1915 2562 1986 opinionem
2609 1916 2996 1970 abstractum.
3061 1915 3130 1968 At
3185 1911 3280 1966 ille
3325 1910 3407 1964 ibi
3439 1907 3609 1963 valde

1957 2003 2123 2058 timet
2146 2003 2244 2057 ubi
2276 2018 2394 2058 non
2429 2008 2660 2058 tantum
2685 2018 2804 2058 non
2827 2005 2917 2058 est
2949 2002 3145 2067 timor,
3178 1999 3280 2053 sed
3306 2014 3413 2052 nec
3439 1998 3610 2052 timo-

1957 2092 2036 2147 ris
2059 2091 2280 2163 aliqua,
2301 2091 2379 2147 ab
2399 2091 2468 2147 iis
2486 2092 2587 2163 qui
2614 2107 2706 2147 me
2728 2094 3042 2155 noverant,
3066 2088 3347 2160 suspicio.
3363 2086 3423 2141 Si
3447 2086 3607 2142 enim

1957 2181 2308 2236 diuturnum
2365 2180 2509 2236 illud
2577 2185 2812 2252 tempus
2875 2181 2932 2236 in
2999 2194 3123 2252 quo
3189 2183 3245 2233 te
3307 2193 3342 2232 a
3407 2174 3606 2246 pueris

1957 2269 2231 2340 cognovi,
2257 2285 2571 2342 magnum,
2590 2274 2644 2326 et
2665 2271 2833 2342 cujus
2850 2285 3067 2340 magna
3081 2267 3290 2338 gloria,
3305 2269 3608 2322 certamen

1957 2375 2066 2433 pro
2109 2358 2305 2425 nobis,
2361 2364 2465 2416 aut
2507 2359 2735 2416 Christo
2781 2359 3001 2432 potius,
3048 2360 3414 2429 susceptum,
3454 2360 3510 2410 et
3547 2352 3608 2409 in

1957 2449 2146 2522 ipsius
2173 2449 2474 2506 mandatis
2498 2465 2731 2515 cursus,
2756 2449 3027 2504 nondum
3050 2447 3124 2504 de
3153 2451 3255 2502 tua
3273 2445 3488 2500 virtute
3510 2457 3609 2498 me

1957 2539 2376 2597 conﬁrmatum
2421 2539 2697 2603 reddidit,
2735 2545 2886 2594 certe
2915 2553 3036 2594 non
3087 2535 3264 2592 video
3299 2531 3608 2606 quomodo

1956 2645 2101 2696 non,
2129 2646 2267 2685 cum
2299 2628 2630 2701 insipiente,
2668 2627 3082 2701 iniquissimus
3120 2625 3326 2681 videar
3367 2641 3380 2689 ;
3413 2626 3470 2678 et
3503 2620 3609 2694 qui

1957 2719 2292 2786 metuerint,
2322 2735 2395 2774 ne
2412 2719 2557 2791 quid
2581 2718 2695 2776 tale
2723 2717 3028 2790 patiamur
3049 2731 3178 2779 nos,
3203 2729 3275 2770 eo
3309 2711 3474 2785 quod
3499 2710 3607 2782 ipsi

1955 2825 2064 2865 nos
2087 2825 2208 2864 non
2221 2809 2486 2865 noverim
2497 2825 2584 2873 us,
2611 2809 2753 2863 satis
2766 2807 2988 2881 justam
3003 2805 3315 2862 habebunt
3335 2817 3604 2867 causam,

239 2889 421 2951 εἰπεῖν,
481 2889 882 2963 εὐπορήσουσιν.
929 2889 1083 2942 Ἀλλά
1133 2893 1328 2943 τούτων
1356 2909 1411 2942 τε
1443 2890 1588 2943 ἓνεκα
1643 2889 1839 2964 θάρῥει,

1955 2904 2018 2955 ut
2061 2899 2212 2955 inter
2241 2899 2534 2971 pessimos
2567 2914 2661 2953 me
2686 2899 3056 2953 recenseant.
3099 2895 3212 2951 Sed
3243 2899 3304 2949 tu
3329 2893 3494 2948 hisce
3535 2891 3606 2945 de

236 2985 330 3031 xui
363 2981 519 3051 ἡμᾶς,
565 2981 738 3053 ὥσπερ
778 2987 889 3042 τοῖς
917 2979 1110 3046 ἄλλοις,
1167 2981 1304 3032 οὕτω
1351 2985 1440 3032 καὶ
1490 2981 1592 3032 τὸὶ
1644 2984 1714 3049 μὴ
1745 2998 1843 3031 πα-

235 3070 568 3144 ρασύρεσθαι
597 3072 716 3132 τοὺς
745 3069 1050 3141 λογισμοὺς,
1108 3071 1192 3142 ὑφ’
1224 3069 1425 3141 ἑτέρων,
1483 3069 1793 3140 ἔπιγίνωσκε
1825 3089 1838 3102 ·

241 3158 326 3210 ἶνα
363 3162 433 3229 μὴ
493 3153 587 3210 διά
624 3164 766 3229 μιᾶς,
823 3158 880 3210 ού
921 3161 1294 3234 προσηκούσης
1325 3157 1645 3229 ὑπολήψεως,
1703 3159 1842 3228 ἡμᾶς

233 3266 289 3299 τε
347 3251 438 3298 καὶ
498 3246 687 3299 σαύτόν
738 3247 948 3319 μᾶλλον,
1025 3247 1220 3320 ἐναιτίᾳ
1251 3248 1530 3320 lin-cineri);
1597 3247 1837 3318 μεγάλῃ⁶

235 3342 329 3390 καὶ
370 3339 493 3398 τοὺς
543 3333 812 3408 ἀδελφούς,
867 3340 909 3389 εἶ
946 3357 998 3389 τι
1029 3339 1132 3408 ἄρα
1160 3342 1249 3390 καὶ
1303 3337 1618 3409 ἀνθρώπινον
1666 3337 1840 3398 αὐτοῖς

237 3428 520 3499 ὑποτρέχει
563 3428 726 3488 πάθος
756 3427 790 3488 ι,
851 3434 958 3486 τοῖς
1027 3435 1134 3488 σοῖς
1213 3426 1656 3500 ἀνερεθιζομένους
1716 3446 1838 3500 προ·

237 3521 530 3590 τερήμασιν
577 3513 867 3587 ἀδελφικῶς
907 3519 1020 3588 φέρε
1058 3521 1146 3568 καὶ
1206 3513 1566 3577 διαϐάσταζει
1625 3516 1682 3568 ού
1740 3520 1838 3590 γάρ

178 3621 188 3636 ‘
239 3604 316 3678 ἐφ’
369 3606 446 3665 οἷς
482 3606 622 3677 ἡμᾶς
669 3605 1001 3676 εὐχαριστεῖν
1061 3603 1161 3673 δεῖ,
1219 3606 1393 3667 ἄλλοις
1445 3605 1840 3677 ἀπεχθάνεσθαι

236 3700 351 3767 χρή
386 3691 501 3746 οὐδ’
543 3693 595 3757 ἐξ
638 3695 704 3744 ὧν
754 3697 866 3746 ἔστι
916 3693 1086 3746 λαϐεῖν
1137 3691 1403 3757 ἀπόδειξιν
1455 3695 1695 3765 λαμπρὰν
1748 3702 1838 3747 τού

237 3787 518 3856 πρωτεύειν
562 3785 717 3855 ἡμᾶς,
787 3780 880 3836 διὰ
933 3787 1126 3836 τούτων
1192 3784 1458 3855 ὑφείλομεν
1531 3787 1660 3856 πρὸς
1724 3787 1840 3844 τοὺς

238 3873 444 3934 αἰτίους
475 3868 914 3943 δυσανασχετεῖν,
942 3877 1031 3925 καὶ
1076 3876 1133 3924 τό
1188 3873 1374 3944 ἄλογον
1411 3875 1590 3936 πάθος,
1637 3873 1709 3934 εἰς
1761 3875 1838 3924 εὔ-

233 3961 389 4032 λογον
429 3961 602 4020 αὐτοῖς
659 3959 942 4032 ἀπολογίαν
981 3969 1294 4032 μεταποιεῖν.
1354 3961 1514 4016 Ἀλλά
1565 3965 1655 4013 καὶ
1685 3969 1839 4012 mrch

236 4049 540 4123 εἰρημένων,
594 4048 744 4100 ἄλλον
793 4051 907 4102 ’ίσθι
961 4057 1150 4102 τοῦτο·
1207 4051 1284 4102 ὅτι
1345 4049 1606 4120 ὀφείλομεν
1669 4051 1836 4121 ἡμεῖς,

237 4141 288 4191 οἱ
340 4135 556 4190 δυνατοὶ
601 4140 667 4189 τά
724 4137 1064 4211 ἀσθενήματα
1110 4147 1208 4190 τῶν
1258 4135 1530 4190 ἀδυνάτων
1576 4151 1602 4178 n
1636 4136 1840 4210 βαστά-

1955 2989 2128 3044 rebus
2155 2988 2234 3044 sis
2263 2986 2783 3061 persuasissimus,
2825 2988 2882 3040 et
2910 2999 3022 3056 que
3051 2998 3381 3052 cognoscas
3407 2979 3602 3043 velim,

1953 3079 2105 3135 sicut
2133 3078 2263 3134 aliis
2311 3077 2487 3143 notis,
2535 3076 2617 3132 ita
2653 3073 2819 3148 quod
2863 3078 3121 3130 mentem
3169 3072 3455 3128 aliorsum
3499 3083 3607 3141 per

1951 3169 2098 3224 alios
2129 3167 2386 3240 pertrahi
2413 3166 2588 3222 nolo:
2632 3163 2752 3220 noli
2779 3178 2922 3232 ergo
2952 3163 3032 3220 ob
3063 3162 3289 3217 nudam
3329 3175 3439 3214 nec
3464 3173 3604 3214 con-

1951 3274 2162 3329 gruam
2195 3255 2337 3312 satis
2362 3254 2766 3327 suspicionem
2797 3259 2853 3309 et
2894 3268 2986 3308 me
3009 3256 3065 3307 et
3094 3255 3146 3306 te
3175 3248 3372 3321 potius
3403 3247 3603 3318 ipsum

1949 3347 2260 3417 insigniter
2304 3361 2436 3400 reos
2477 3348 2733 3401 statuere
2762 3359 2775 3410 ;
2809 3342 2911 3398 sed
2941 3347 2997 3398 et
3019 3341 3223 3396 fratres
3245 3339 3421 3394 etiam
3465 3352 3603 3392 nos-

1950 3442 2095 3506 tros,
2125 3435 2170 3490 si
2199 3435 2301 3506 qui
2327 3434 2598 3490 humano
2625 3447 2789 3488 more
2821 3431 3143 3502 patiantur,
3173 3428 3286 3483 tuis
3317 3425 3604 3482 excitatos

1949 3523 2413 3599 praeeminentiis
2453 3523 2706 3578 fraterne
2750 3520 2990 3577 tolerato
3029 3523 3084 3574 et
3118 3517 3380 3583 sutl'erto,
3409 3529 3604 3586 neque

1949 3615 2108 3670 enim
2130 3629 2242 3685 par
2270 3617 2360 3668 est
2385 3616 2446 3666 ut
2477 3611 2604 3667 aliis
2632 3624 3092 3665 succenseamus
3123 3622 3231 3678 pro
3261 3605 3331 3660 iis
3362 3603 3436 3659 de
3475 3601 3604 3675 qui-

1950 3703 2065 3759 bus
2079 3702 2251 3758 nobis
2271 3700 2518 3772 agendas
2538 3705 2675 3755 sunt
2692 3700 2926 3768 gratim;
2948 3713 3054 3752 nec
3070 3695 3338 3768 equibus
3358 3692 3606 3748 demon-

1949 3792 2118 3847 strari
2157 3790 2387 3862 liquido
2443 3790 2676 3861 poterit,
2719 3803 2827 3844 nos
2867 3787 3133 3844 obtinere
3187 3783 3601 3856 principatum,

1949 3885 2220 3934 tenemur
2240 3879 2317 3933 ob
2351 3878 2448 3932 illa
2475 3891 2822 3931 succensere
2853 3877 2924 3930 iis
2964 3876 3058 3946 qui
3090 3872 3420 3943 culpabiles
3445 3874 3602 3933 sunt,

1950 3973 2014 4022 ut
2034 3967 2117 4022 sic
2146 3965 2548 4021 irrationalem
2578 3964 2918 4035 passionem
2945 3963 3005 4016 in
3021 3959 3436 4016 rationabilem
3465 3973 3604 4028 apo-

1949 4057 2171 4125 logiam
2203 4059 2664 4110 commutemus.
2697 4052 2810 4108 Sed
2831 4057 2884 4106 et
2914 4049 3078 4107 aliud
3102 4047 3319 4103 edictis
3351 4052 3402 4102 te
3434 4045 3603 4100 intel-

1949 4146 2131 4215 ligere
2177 4145 2374 4210 velim,
2413 4147 2528 4198 hoc
2577 4157 2812 4212 nempe,
2848 4141 3013 4213 quod
3044 4137 3336 4193 debemus
3362 4149 3471 4190 nos
3497 4133 3601 4206 qui

238 4229 367 4290 ζειν.
419 4233 507 4279 καὶ
542 4229 744 4280 πάντων
800 4224 858 4280 δὲ
912 4229 1144 4300 μάλιστα
1185 4227 1341 4280 ἐκεῖνο
1384 4225 1477 4281 διὰ
1518 4227 1639 4299 βίου
1693 4228 1840 4300 μελέ-

1954 4235 2268 4293 validiores
2304 4251 2532 4300 sumus,
2577 4231 2951 4288 inﬁrmitates
2975 4227 3350 4285 infirmorum
3371 4230 3605 4298 portare

236 4339 334 4376 την
358 4324 512 4370 ποιου
547 4339 558 4350 ”
602 4320 659 4368 τό
689 4325 867 4383 ποῖον;
899 4315 1020 4370 Ὀτι
1067 4319 1097 4376 ἡ
1155 4316 1331 4388 ἀγάπη
1379 4318 1472 4370 ούκ
1520 4316 1837 4389 ἀσχημονεῖ.

237 4409 452 4479 Ἐρεύνα
479 4406 649 4467 καλῶς
695 4411 746 4458 τί
801 4410 924 4459 ποτέ
953 4405 1066 4458 ἐστι
1104 4410 1183 4472 τό,
1217 4407 1310 4458 ούκ
1364 4406 1696 4479 ἀσχημονεῖ·
1745 4405 1840 4480 βά-

239 4500 324 4558 θος
357 4500 459 4570 γάρ
516 4498 710 4567 ἄφατον
759 4497 995 4569 εὑρήσεις
1031 4495 1314 4568 ὠφειλείας.
1349 4493 1494 4560 Εἶτα,
1528 4495 1620 4549 ana
1659 4502 1710 4549 τί
1747 4497 1841 4549 ούκ

159 4583 162 4586 ’
238 4586 561 4658 ἀσχημονεῖ.
618 4583 740 4637 Ὀτι
792 4585 849 4637 ού
919 4585 1087 4652 ζητεῖ,
1145 4591 1298 4656 φησὶ,
1341 4589 1407 4638 τά
1457 4585 1680 4646 ἑαυτῆς’
1717 4585 1842 4638 ἀλλά

235 4681 330 4728 xui
363 4677 533 4727 πάντα
588 4678 758 4744 στέγει
788 4676 960 4725 πάντα
1014 4672 1208 4734 ἐλπίζει
1239 4686 1264 4718 0
1294 4696 1305 4707 ·
1349 4674 1526 4746 ὑψηλά
1582 4679 1672 4746 μεν
1705 4674 1838 4749 [καὶ]

233 4773 408 4818 ταῦτα
459 4762 744 4834 ἀνέχεσθαι
776 4761 939 4838 βάρη,
992 4769 1082 4815 καὶ
1113 4762 1389 4836 βελτίωσιν
1421 4763 1498 4816 ἀεὶ
1549 4771 1640 4817 xui
1691 4784 1844 4837 μετα·

233 4854 395 4912 ϐολήν
436 4852 519 4906 ἐπὶ
568 4859 625 4905 τό
675 4860 923 4923 κρεῖττον,
979 4852 1201 4914 ἐλπίζειν
1242 4860 1331 4905 τοῦ
1374 4853 1616 4912 πλησίον.
1667 4859 1731 4908 Τί
1784 4852 1842 4909 δὲ

232 4945 383 5009 ἄλλο,
425 4941 465 4995 ὧ
495 4943 699 4996 Παύλου
732 4947 906 5015 σοφία,
939 4941 1179 5007 πλοῦτος,
1218 4948 1306 4995 xui
1336 4944 1517 5016 χάρις,
1543 4946 1572 5002 ἡ
1611 4943 1787 5015 ἀγάπη
1826 4963 1838 5013 ;

232 5039 415 5108 φησὶν,
476 5029 723 5085 οὐδέποτε
775 5030 1034 5086 ἐκπίπτει.
1093 5031 1161 5084 Ὦ.
1211 5037 1475 5104 μακαρίας
1531 5043 1718 5104 φωνῆς,
1753 5041 1840 5088 xui

233 5127 634 5198 μακαριωτέρου
715 5126 990 5194 στόματος,

231 5217 324 5264 καὶ
380 5213 663 5282 θαύματος,
712 5215 891 5282 γνώμη
925 5230 936 5243 ο
997 5207 1265 5273 οὐδέποτε,
1333 5215 1510 5281 φησὶν,
1582 5210 1835 5268 ἐκπίπτει.

1078 5126 1166 5173 καὶ
1239 5127 1496 5196 κρείσσων
1550 5121 1838 5194 ἐγκωμίων,

236 5300 345 5354 Κάν
396 5302 756 5362 στασιάζωσιν
806 5297 994 5350 ἄλλοι·
1029 5296 1123 5349 κάν
1167 5302 1405 5373 χαίρωσι
1454 5302 1700 5371 μάχαις·
1745 5301 1839 5354 κᾶν

1951 4331 2006 4383 et
2036 4324 2342 4381 sustinere.
2378 4323 2675 4395 Imprimis
2696 4337 2803 4394 per
2833 4324 2967 4377 tota:
2994 4318 3128 4374 vitae
3169 4331 3412 4372 cursum
3448 4313 3603 4369 illius

1949 4415 2169 4472 habeto
2214 4429 2442 4478 curam,
2485 4412 2648 4484 quod
2690 4409 2833 4466 nihil
2875 4409 3152 4466 indecore
3183 4405 3361 4462 faciat
3397 4407 3604 4459 cautus

1951 4519 2124 4562 amor
2164 4519 2177 4569 ;
2213 4501 2422 4558 sedulo
2471 4501 2702 4574 inquire
2743 4498 2889 4572 quid
2937 4497 3047 4553 sibi
3083 4495 3240 4551 velit.
3286 4492 3438 4550 Nihil
3468 4491 3606 4546 facit

1950 4593 2802 4660 indecore,(certeimmensam
2828 4595 2882 4644 et
2898 4585 3320 4643 innarrabilem
3341 4579 3603 4636 utilitatis

1951 4683 2218 4739 invenies
2239 4679 2743 4754 profunditatem.)
2767 4676 3055 4734 Nimirum
3074 4674 3236 4746 quod
3257 4687 3376 4727 non
3394 4669 3606 4742 qumrit

1951 4788 2088 4845 quae
2120 4787 2227 4828 sua
2269 4775 2427 4834 sunt,
2470 4771 2573 4825 sed
2599 4768 2803 4824 omnia
2841 4767 3004 4835 tegit,
3036 4767 3234 4835 sperat
3261 4759 3484 4825 omnia,
3511 4775 3606 4814 su-

1953 4861 2159 4918 blimia
2188 4865 2322 4915 sunt
2349 4860 2460 4915 ista
2499 4874 2676 4913 onera
2699 4855 3052 4919 suﬁ‘erenda,
3083 4850 3416 4908 emendatio
3452 4864 3606 4904 sem-

1952 4966 2058 5022 per
2083 4954 2140 5004 et
2165 4947 2472 5004 conversio
2497 4946 2554 5002 in
2573 4946 2781 5001 melius
2796 4943 3095 5017 speranda
3107 4946 3191 4997 est
3217 4941 3290 4996 de
3305 4937 3604 5014 proximo.

1953 5039 2104 5105 Quid
2153 5037 2314 5093 aliud
2345 5037 2468 5092 vult
2509 5034 2669 5091 Pauli
2712 5033 3027 5106 sapientia,
3074 5031 3310 5094 divitiae,
3357 5029 3548 5099 gratia
3575 5027 3604 5081 ?

1952 5127 2238 5188 Charitas,
2289 5124 2499 5194 inquit,
2524 5139 2834 5196 nunquam
2884 5121 3097 5177 excidit
3144 5138 3156 5176 :
3207 5121 3380 5176 beata
3427 5117 3606 5190 plane

1950 5233 2084 5282 vox,
2114 5215 2309 5284 magis
2333 5214 2577 5270 beatum
2605 5229 2690 5280 os,
2713 5212 2996 5268 sententia
3027 5211 3230 5266 laudes
3253 5216 3307 5265 et
3337 5208 3602 5264 admirav

1951 5307 2176 5361 tionem
2217 5319 2462 5359 omnem
2505 5302 2822 5359 excedens.
2867 5305 3184 5375 Nunquam
3225 5300 3326 5364 ait,
3360 5297 3598 5362 excidit,

1615 5451 1847 5508 VARIE
1887 5454 2289 5511 LECTIONES.

305 5601 422 5677 1ξγρ
485 5600 798 5677 όνομαζέτω,
904 5603 1039 5677 βςίσ,
1105 5605 1194 5652 καὶ
1269 5603 1327 5652 τὸ
1400 5606 1571 5672 σῶμα.

235 5668 418 5738 πάθος.
524 5668 580 5716 ω’
603 5677 678 5730 ῖσ.
700 5672 756 5727 ἐκ
783 5668 792 5673 ’
828 5683 859 5714 ιι
890 5668 1304 5728 ἀδυνατούντων.
1382 5683 1410 5714 ο
1439 5668 1610 5728 πάντα
1639 5678 1895 5732 πιστεύει.

1651 5603 1678 5644 h
1735 5603 1914 5659 εἰπεῖν.

1955 5605 2094 5662 lia.
2159 5605 2280 5658 οἷλλο
2330 5605 2447 5662 τι.ί
2491 5613 2584 5677 τῷ.
2663 5609 2798 5662 Ιεῖσ.
2861 5605 2908 5659 ἐν
2973 5607 3137 5680 αἰτίᾳ.
3230 5609 3244 5650 l
3332 5604 3602 5678 subrepit
