4088 6214
479 273 580 332 831

3775 89 3810 98 ab

3775 105 3798 112 ι.

1698 268 1934 325 PHOTII
1971 265 2458 325 PATRIARCHAZ
2497 267 2603 323 (ΖΡ.
3731 263 3822 318 832

480 399 615 456 licet
640 395 1075 455 tumultuentur
1103 397 1224 463 alii,
1253 396 1386 452 licet
1405 394 1948 451 concertationibus
1973 410 2123 464 gau-

2245 395 2305 444 τὰ
2333 400 2511 466 πρῶτα
2541 391 2744 452 ζητῶσι
2773 407 2786 420 ·
2818 389 2911 442 κᾶν
2962 390 3146 462 φθόνος
3192 388 3371 450 αὐτοῖς
3401 386 3667 460 ἆνερεθίζη
3701 408 3715 420 ·
3747 394 3830 439 καὶ

480 489 677 553 deant,
731 487 870 542 licet
915 486 1198 558 primaria
1235 489 1524 556 quaerant,
1571 483 1702 538 licet
1744 484 1906 554 ipsos
1959 484 2130 538 exsti-

482 577 670 634 mulet
707 575 948 640 invidia,
998 575 1127 628 licet
1166 587 1381 627 manus
1419 571 1634 642 injuste
1672 571 1957 628 violentas
1999 571 2130 644 inji-

483 666 664 729 ciant,
687 665 816 720 licet
839 679 1058 734 susque
1081 661 1341 717 habeant
1359 660 1582 733 deque;
1606 676 1920 732 nunquam
1945 661 2130 716 chari-

481 758 575 810 tas
607 753 681 808 de
709 769 816 807 sua
857 752 1110 806 statione
1131 748 1426 819 deiicitur,
1461 764 1570 804 nec
1601 749 1801 804 deﬁcit
1838 749 2127 817 avirtute,

483 859 606 900 non
625 843 918 912 desperat,
939 855 1056 895 non
1077 844 1385 894 aversatur
1401 838 1668 894 dolentes
1685 855 1698 906 ;
1715 854 1949 910 semper
1965 855 2131 893 occa-

483 930 674 984 siones
694 929 921 1000 quaarit,
950 942 1187 998 semper
1207 942 1450 982 omnem
1473 935 1667 982 movet
1698 925 1980 998 lapibem,
2005 943 2129 982 om-

481 1035 619 1074 nem
649 1019 755 1072 init
785 1016 1138 1072 methodum
1167 1021 1229 1072 ut
1255 1021 1416 1072 extra
1450 1032 1513 1071 se
1551 1016 1882 1072 desultores
1913 1017 1972 1072 in
1999 1033 2130 1088 pro-

483 1107 676 1179 prium
717 1105 1156 1177 conjunctionis
1200 1111 1256 1162 et
1298 1107 1535 1161 unionis
1579 1111 1820 1178 pratum
1863 1107 2126 1162 reducat.

483 1199 637 1263 Haec,
669 1211 705 1250 o
737 1194 816 1250 ﬁli
839 1195 942 1259 mi,
973 1195 1032 1250 in
1058 1194 1288 1251 Christo
1316 1195 1626 1263 meditare,
1645 1200 1701 1250 et
1730 1194 1892 1250 hisce
1917 1199 1969 1251 te
1991 1211 2130 1250 con-

483 1284 698 1350 forma,
730 1283 834 1339 tibi
861 1283 1206 1340 concinens.
1232 1284 1396 1340 Certe
1427 1284 1579 1340 bene
1600 1285 1764 1340 noris
1793 1284 1950 1356 quod
1983 1283 2129 1338 nihil

480 1373 574 1428 his
606 1373 870 1446 panariis
898 1373 1091 1442 magis
1108 1373 1245 1428 utile
1269 1375 1522 1445 reperire
1547 1374 1765 1446 poteris
1803 1389 1813 1427 :
1847 1377 2126 1428 caeterum

2238 489 2431 556 χειρῶν
2462 483 2704 552 ἄρχωσιν
2733 476 2929 532 ἀδίκων
2964 500 2976 512 ·
3010 477 3105 530 κᾶν
3131 481 3196 530 τὰ
3235 477 3338 530 ἂνω
3363 483 3620 550 στρέφωσι
3646 479 3789 529 κοὶτω
3816 500 3830 509 ο

2239 567 2538 628 οὐδέποτεή
2583 568 2759 639 ἀγάπη
2817 577 2914 630 τῆς
2947 569 3140 628 οἰκείας
3190 564 3344 640 ἔδρας
3398 572 3486 619 καὶ
3527 566 3714 638 ἀρετῆς
3761 566 3836 618 Ex-

2679 657 3049 729 ἀπογινώσκει,
3107 654 3221 709 οὐδ’
3289 656 3666 729 ἀποστρέφεται
3721 659 3838 714 τοὺς

2236 748 2587 809 λελυπηκότας
2605 765 2616 778 ·
2679 746 2784 799 ἀλλ’

2237 840 2406 889 πάντα
2447 846 2592 902 κινεῖ,
2639 842 2728 888 καὶ
2770 831 3060 908 μεθοδεύει,
3113 831 3186 887 δι’
3236 835 3302 885 ὧν
3343 835 3527 894 αύτούς
3583 839 3671 886 καὶ
3719 832 3840 885 91:0-

2237 665 2436 724 πίπτει,
2487 655 2601 711 οὐδ’

2866 745 2943 799 ἀεὶ
3023 747 3312 819 προφάσεις
3391 745 3646 808 ἐπιζητεῖ,
3749 748 3837 796 xui

2240 936 2560 998 σκιρτῶντας
2592 927 2665 988 εἰς
2699 929 2783 978 τὸν
2812 925 3001 977 οἰκεῖον
3041 933 3130 984 τῆς
3189 928 3469 996 συναφείας
3497 928 3588 975 καὶ
3619 922 3842 984 ἐνὼσεως

2241 1017 2567 1088 συναγελάζη
2640 1015 2882 1088 λειμῶνα.
2954 1021 3152 1080 Ταῦτα,
3212 1018 3384 1066 τέκνον
3464 1015 3712 1085 ἡμέτερον
3799 1011 3844 1063 ἐν

2243 1110 2436 1178 Κυρίῳ,
2486 1105 2704 1178 μελέταο
2762 1108 2851 1156 καὶ
2903 1106 3100 1164 τούτοις
3153 1103 3334 1155 ἑαυτὸν
3403 1103 3646 1177 ῥύθμιζξ,
3726 1121 3845 1153 κατ·

2240 1191 2465 1267 επᾴδων.
2511 1191 2679 1246 Οὐδὲν
2725 1195 2850 1265 γὰρ,
2883 1189 2936 1244 εὖ
2989 1194 3126 1260 ἴσθι,
3175 1201 3276 1244 τῶν
3327 1195 3593 1264 παναρίων
3649 1192 3846 1242 τούτων

2241 1287 2475 1358 εὑρήσεις
2525 1284 2906 1358 ὠφελιμώτερον
2936 1304 2948 1314 ·
3000 1285 3066 1334 τὰ
3114 1279 3164 1334 δ’
3223 1280 3351 1334 ἀλλα
3397 1280 3617 1355 ἔρῥωσο,
3672 1282 3848 1353 ἱεορὼ-

2239 1392 2379 1448 τατε,
2415 1375 2666 1444 τῆς-ὴμῶν
2696 1373 3108 1447 ύπερευχόμενος
3137 1376 3496 1444 μετριότητος.

481 1464 635 1529 vale,
663 1467 721 1518 et
750 1462 1026 1534 precibus
1066 1467 1330 1519 nostram
1363 1462 1834 1519 mediocritatem
1875 1461 2359 1518 commendatam
2380 1461 2552 1518 habe.

1125 1550 1345 1608 EPIST.
1386 1551 1492 1606 XV.

1197 1639 1413 1695 Eidem.

2881 1557 3090 1606 ΕῘΙΙΣΤ.
3117 1548 3214 1604 ΙΕ’.

2906 1646 2990 1711 Τῷ
3003 1639 3164 1710 αύτῷ.

1737 1762 2034 1817 Montacut.
2070 1765 2173 1828 (ep.
2206 1765 2314 1821 107,
2347 1778 2404 1827 p.
2447 1765 2578 1818 152),

561 1878 757 1935 Gratia
784 1877 1010 1933 Christo
1049 1893 1186 1934 vero
1224 1880 1340 1933 Deo
1383 1882 1589 1934 nostro
1619 1877 1725 1950 qui
1755 1878 1816 1933 in
1849 1878 2132 1934 omnibus

2319 1881 2487 1953 Χάρις
2544 1880 2752 1952 Χριστῷ
2803 1885 2874 1950 τῷ
2925 1877 3150 1947 ἀληθινῷ
3210 1883 3322 1946 Θεῷ
3385 1878 3553 1947 ἡμῶν,

487 1983 600 2024 nos
619 1967 978 2034 consolatur,
999 1967 1101 2038 qui
1119 1972 1367 2023 naturas
1388 1982 1714 2037 generosas
1735 1967 1782 2023 si
1798 1969 1892 2024 vel
1913 1966 2137 2040 aliqua-

489 2063 660 2114 tenus
690 2057 768 2114 ab
790 2056 996 2112 innata
1019 2057 1220 2113 virtute
1247 2057 1603 2122 exorbitent,
1621 2061 1908 2128 potestate
1929 2057 2135 2125 donat,

489 2151 553 2203 ut
581 2147 938 2220 quantocius
969 2147 1393 2218 suumlapsum
1419 2145 1768 2216 intelligant,
1793 2151 1848 2202 et
1860 2147 1937 2203 ad
1963 2163 2136 2203 suam

487 2235 856 2292 nobilitatem
887 2241 942 2291 et
966 2236 1314 2306 dignitatem
1348 2236 1761 2305 regrediantur
1794 2237 1931 2308 ;qui
1957 2237 2136 2293 etiam

488 2341 670 2391 nunc,
699 2341 818 2381 non
854 2341 1122 2380 mearum
1146 2326 1447 2380 rationum
1467 2330 1525 2381 et
1548 2325 1899 2389 orationum,
1927 2331 1988 2380 ut
2017 2330 2138 2381 tute

489 2419 680 2485 putes,
703 2413 758 2467 vi
791 2419 848 2468 et
899 2414 1324 2478 admonitione,
1377 2414 1628 2482 gratiam
1661 2412 1906 2482 largitus
1936 2416 2045 2477 est,
2080 2415 2141 2468 ut

489 2501 630 2556 viles
655 2508 710 2556 et
733 2501 992 2556 humiles
1021 2519 1157 2556 cum
1181 2501 1463 2573 despectu
1491 2501 1725 2557 habitas
1749 2501 2139 2570 cogitationes

490 2590 756 2661 abjicias,
791 2590 895 2645 sed
928 2589 1200 2646 facultate
1241 2596 1297 2646 et
1334 2590 1543 2646 robore
1583 2595 1696 2646 tua;
1735 2591 1922 2662 ipsius
1952 2605 2138 2662 quam

490 2679 761 2750 possides
793 2679 1324 2748 magnanimitatis.
1354 2680 1406 2734 Si
1436 2685 1634 2734 autem
1659 2679 1860 2734 innata
1877 2685 1932 2735 et
1953 2696 2137 2751 appo-

489 2767 599 2824 sita
626 2768 876 2840 propria:
902 2768 1219 2823 voluntatis
1241 2768 1570 2838 amplitudo
1609 2785 1744 2840 quae
1771 2769 2000 2840 Optima
2027 2775 2134 2836 est,

487 2863 544 2914 et
571 2863 795 2912 craterae
829 2863 938 2913 tum
969 2857 1458 2922 conversationis,
1501 2858 1627 2913 sine
1665 2857 2013 2913 difﬁcultate
2053 2875 2136 2914 re~

485 2947 676 3012 duxit,
694 2953 995 3018 utcunque
1011 2962 1206 3001 rerum
1223 2947 1691 3016 contingentium
1706 2948 1967 3014 occasio,
1988 2948 2138 3004 mul-

485 3035 664 3108 tiplici
690 3052 784 3090 me
813 3035 1245 3106 aleajactatum
1271 3036 1612 3102 turbaverit,
1633 3042 1693 3091 tu
1716 3041 1916 3092 tamen
1946 3054 2134 3109 usque

481 3125 541 3180 in
593 3125 860 3181 immotas
918 3126 1192 3182 amicitias
1238 3125 1606 3183 institutione
1663 3126 1952 3182 solidatus
1999 3143 2130 3198 per-

485 3213 684 3271 sistes.
715 3213 872 3281 Vale,
901 3215 983 3270 mi
1015 3214 1093 3270 fili
1135 3213 1558 3271 sacratissime.

1111 3303 1322 3358 liPlST.
1363 3303 1496 3358 XVI.

805 3392 1088 3463 Gregorio
1116 3391 1430 3462 Syracusae
1455 3393 1804 3463 archiepisc.

3631 1882 3706 1945 τῷ
3769 1871 3851 1926 ἐπὶ

2247 1974 2379 2021 πᾶσι
2409 1969 2793 2043 παρακαλοῦντι
2845 1969 3004 2040 ἡμᾶς,
3060 1974 3132 2038 τῷ
3180 1971 3269 2018 καὶ
3329 1968 3424 2026 τὰς
3469 1970 3707 2037 γενναίας
3755 1972 3850 2016 τῶν

2248 2059 2446 2130 φύσεων
2496 2053 2680 2129 (ἔπιδ’
2726 2055 2786 2108 ἆν
2839 2066 2928 2117 τῆς
2981 2056 3174 2118 οἰκείας
3233 2054 3415 2128 ἀρετῆς
3467 2057 3654 2127 μικρὸν
3715 2052 3852 2105 ἀπο-

2247 2147 2480 2218 κλίνωσι]
2549 2149 2733 2199 θᾶττόν
2811 2165 2866 2199 τε
2934 2151 3154 2218 συνορᾷν
3210 2140 3529 2216 δυναμούντι
3568 2146 3676 2198 Ρτὸ
3755 2143 3852 2194 ὄλί⁹

2251 2239 2450 2308 σθημα,
2482 2241 2570 2288 καὶ
2601 2239 2728 2310 πρὸς
2763 2239 2818 2288 τὸ
2864 2235 3046 2287 οἰκεῖον
3105 2238 3194 2286 καὶ
3243 2234 3441 2305 εύγενὶες
3473 2233 3850 2304 ἐπανατρέχειν

2248 2325 2470 2393 ἀξίωμα.
2528 2325 2624 2387 ’⁷ος
2671 2330 2760 2377 καὶ
2810 2333 2918 2392 νύν,
2973 2324 3031 2376 ού
3081 2332 3140 2396 τῇ
3193 2332 3292 2374 τῶν
3349 2325 3610 2394 ἡμετέρων
3659 2322 3846 2392 λόγων,

2249 2417 2312 2475 ὡς
2369 2414 2428 2465 ἂν
2485 2415 2636 2474 αὐτὸς
2693 2419 2867 2485 φαίης,
2917 2411 3136 2484 δυνάμει
3183 2417 3273 2464 καὶ
3317 2416 3620 2482 παραινέσει
3653 2431 3667 2442 ο

2248 2512 2342 2565 τῆς
2379 2506 2598 2567 οἴκοθεν,
2647 2508 2735 2555 καὶ
2780 2503 2834 2566 ἐξ
2882 2502 3042 2554 αὐτοῦ
3100 2521 3184 2554 σοι
3237 2503 3715 2579 παρασχεσθείσης
3768 2518 3851 2568 με·

2245 2593 2536 2664 γαλονοίας,
2571 2603 2631 2666 τῇ
2659 2594 2806 2668 ῥώμη
2846 2595 2902 2644 τὸ
2941 2589 3171 2663 χυδαῖον
3221 2591 3310 2663 μὲν
3341 2597 3429 2643 καὶ
3459 2594 3702 2642 ταπεινὸν
3751 2597 3849 2640 τῶν

2247 2683 2507 2754 λογισμῶν
2549 2682 2843 2754 ἐχαρίτωσέ
2870 2701 2927 2734 σε
2949 2678 3370 2735 διαπτύσασθαι.
3404 2680 3465 2734 Εἰ
3495 2676 3553 2731 δὲ
3585 2684 3642 2729 τό
3677 2697 3844 2750 προσ-

2248 2777 2363 2843 φυὲς
2411 2777 2499 2824 καὶ
2543 2771 2859 2828 κατάλληλον
2908 2772 3116 2842 μέγεθος
3173 2779 3265 2830 τῆς
3312 2768 3530 2844 ἀρίστης
3597 2772 3849 2841 προαιρέ-

2249 2881 2392 2926 σεως,
2443 2867 2531 2913 καὶ
2573 2870 2666 2922 τῆς
2707 2861 2862 2922 ἁλλης
2919 2860 3199 2924 πολιτείας,
3249 2858 3303 2910 ἐκ
3361 2866 3450 2910 τού
3495 2859 3706 2930 ῥᾴστου
3767 2860 3850 2909 ἔπ-

2246 2957 2522 3021 ανήγαγεν,
2557 2949 2604 3002 ἐν
2635 2952 2707 3011 οἷς
2754 2954 2858 3011 εἴης
2918 2970 3008 3022 μοι
3050 2949 3144 3000 κᾶν
3197 2953 3416 3022 μυρίους
3465 2947 3652 3007 κύϐους
3684 2949 3718 3006 ἠ
3753 2955 3848 2999 τῶν

2244 3043 2561 3113 πραγμάτων
2633 3038 2935 3114 ἀναρρίπτοι
3013 3043 3327 3109 περιπέτεια,
3389 3037 3544 3097 αὐτὸς
3623 3034 3847 3089 διαπανο

2245 3149 2326 3190 τος
2375 3129 2422 3180 ἐν
2474 3127 2732 3200 ἀκλονήτῳ
2781 3137 2874 3190 τῆς
2943 3127 3151 3200 ἀγάπης
3223 3127 3595 3200 ἑστηριγμένος
3664 3130 3850 3198 φρονήο

2161 3251 2202 3308 C
2242 3239 2390 3290 ματι.
2418 3217 2678 3294 Ἐῤῥωσο,
2712 3223 2884 3270 τέκνον
2923 3221 3167 3291 ἡμέτερον
3196 3219 3490 3289 ἱερώτατον.

2867 3314 3078 3360 ΕῙῙΙΣΤ.
3107 3313 3207 3390 lg.

2490 3401 2756 3471 Γρηγορίῳ
2789 3396 3191 3469 ἀρχιεπισκόπῳ
3223 3398 3581 3470 Συρακούσης.

1741 3517 2038 3573 Montacut,
2077 3523 2182 3585 (ep.
2214 3525 2321 3580 111,
2359 3539 2412 3587 p.
2446 3524 2580 3584 154).

552 3635 594 3699 Q
607 3647 933 3704 uaecunque
947 3631 1474 3703 archiepiscopalis
1488 3636 1592 3687 tua
1612 3637 1890 3688 sanctitas
1903 3635 1978 3690 ad
1995 3651 2132 3691 con-

487 3723 850 3777 stitutionem
881 3721 976 3776 Dei
995 3721 1252 3776 ecclesiae
1270 3725 1570 3791 Operatur,
1594 3721 1671 3777 ab
1693 3722 1824 3792 ipso
1842 3723 2134 3796 principio

485 3828 622 3867 mea
678 3810 1062 3866 mediocritas
1092 3815 1287 3865 tecum
1322 3812 1380 3865 in
1426 3810 1495 3864 iis
1547 3811 1890 3883 conspirat:
1921 3817 1985 3867 ut
2024 3813 2134 3868 fre-

482 3899 762 3972 quentius
793 3897 890 3953 tibi
914 3901 972 3953 in
1004 3899 1356 3954 memoriam
1387 3915 1665 3955 revocare
1696 3915 1812 3955 non
1833 3902 1905 3957 sit
1934 3918 2089 3974 opus
2119 3922 2132 3972 ;

481 4005 641 4045 nunc
699 3988 983 4059 temporis
1039 3988 1358 4059 prmcipue,
1403 4005 1541 4044 cum
1578 4004 1722 4044 voce
1750 4005 2134 4064 quacumque

481 4077 696 4134 clarius
725 4077 1263 4132 etconsommatius
1276 4077 1458 4132 nosid
1487 4076 1744 4133 doceant
1773 4095 1907 4150 quae
1927 4085 2134 4136 mutuo

481 4168 657 4224 nobis
689 4167 1082 4236 contigerunt,
1113 4181 1182 4221 ac
1214 4165 1521 4238 utriusque
1562 4171 1780 4222 statum
1819 4167 2130 4239 aequalem,

480 4257 761 4313 eumdem
781 4256 1072 4320 animum,
1097 4254 1487 4324 cogitationes
1515 4254 1761 4310 easdem
1790 4267 2132 4328 suggerant,

481 4345 820 4402 communis
877 4350 1078 4398 nostra
1135 4343 1195 4398 in
1250 4343 1477 4399 Christo
1525 4360 1728 4411 causa,
1779 4348 2132 4416 persecutio,

479 4449 834 4492 communes
865 4433 1198 4505 passiones,
1233 4431 1560 4487 ineﬂabiles
1587 4432 1803 4505 quibus
1838 4450 2135 4491 meremur

2310 3639 2450 3691 ’()σα
2503 3643 2624 3712 πρὸς
2655 3641 3013 3712 καταρτισμὸν
3044 3645 3134 3698 τῆς
3182 3644 3271 3689 τοῦ
3333 3643 3464 3690 Θεοῦ
3530 3635 3848 3695 Ἐκκλησίας

2247 3729 2272 3786 ἡ
2331 3727 2676 3802 ἁρχιερατικὴ
2735 3729 2876 3799 ὑμῶν
2940 3723 3316 3798 διαπράττεται
3368 3726 3599 3788 ὁσιότης,
3658 3727 3846 3777 ἀνωθεν

2243 3822 2331 3868 καὶ
2386 3816 2612 3889 ἐξαρχῆς
2663 3821 2754 3873 τὴν
2804 3819 3053 3889 ἡμετέραν
3121 3818 3263 3885 ἔχεις
3331 3823 3719 3885 συμφωνοῦσαν
3768 3833 3848 3884 με-

2243 3912 2490 3977 τριὸτητα
2523 3928 2533 3938 ’
2561 3904 2741 3978 διόπερ
2769 3905 2828 3957 ού
2873 3901 3043 3957 δεῖται
3075 3911 3331 3976 συνεχοῦς
3369 3902 3452 3954 ἐπὶ
3479 3905 3683 3965 τούτοις
3717 3905 3847 3954 ὑπο-

2243 4001 2479 4067 μνήσεως
2513 4017 2524 4029 ·
2554 3995 2782 4067 μα’λιστά
2820 4013 2880 4065 γε
2930 4001 3037 4058 νῦν,
3095 3995 3177 4045 ὅτε
3232 4001 3402 4063 φωνῆς
3457 3991 3674 4052 ἁπάσης
3723 3992 3846 4060 λαμ·

2243 4090 2488 4157 πρότερον
2540 4103 2594 4135 τε
2667 4088 2754 4135 καὶ
2807 4082 3130 4153 τελειότερον,
3189 4077 3650 4133 ἀναδιδάσκουσιν
3711 4081 3848 4150 ἡμᾶς

2243 4177 2308 4226 τὰ
2335 4173 2580 4238 ἀλλήλων,
2615 4178 2703 4225 καὶ
2751 4174 2822 4234 εἰς
2874 4176 2997 4243 μίαν
3027 4177 3233 4242 γνώμην
3292 4175 3380 4222 καὶ
3429 4173 3488 4221 τό
3545 4169 3674 4220 αὐτὸ
3735 4189 3845 4220 συντ

2244 4267 2471 4315 άπτουσι
2499 4266 2737 4335 φρόνημα
2767 4284 2778 4294 ·
2814 4263 2895 4314 ὅτε
2925 4265 3090 4321 κοινὸς
3128 4263 3253 4335 ὑπὲρ
3311 4262 3538 4334 Χριστοῦ
3585 4255 3844 4330 διωγμὸς,

2243 4357 2332 4404 καὶ
2379 4356 2442 4404 τὰ
2493 4354 2640 4404 κοινὰ
2683 4353 2820 4408 πάθη
2854 4356 2942 4403 καὶ
2969 4349 3314 4421 ἀνιστόρητοι,
3372 4348 3446 4408 οἷς
3495 4345 3724 4399 ἐναθλείν
3761 4343 3848 4398 διὰ

2245 4446 2336 4499 τήν
2371 4447 2688 4513 συντήρησιν
2741 4449 2840 4492 τῶν
2892 4437 3215 4492 δεσποτικῶν
3269 4437 3478 4490 ἐντολῶν
3535 4442 3624 4488 καὶ
3679 4456 3849 4509 παραο

480 4524 807 4583 conﬂictari
855 4527 1096 4594 propter
1138 4521 1636 4588 observationem,
1687 4527 1744 4578 et
1795 4525 2129 4583 custodiam

2246 4531 2490 4602 φυλακην,
2543 4529 2842 4602 ἀξιούμεθα.
2900 4529 3122 4581 Ἕντεινε
3185 4531 3353 4579 τοίνυν
3418 4531 3507 4578 καὶ
3557 4523 3848 4577 κατευοδού

483 4617 909 4671 mandatorum
939 4611 1169 4667 Domini
1201 4611 1410 4668 nostri.
1442 4610 1689 4667 Intende
1713 4618 1912 4668 autem
1932 4630 2128 4686 porro,

483 4712 536 4760 et
566 4711 720 4760 recto
761 4703 992 4759 tramite
1025 4701 1300 4767 incedito,
1337 4716 1551 4757 manus
1589 4701 1926 4772 imponens,
1963 4719 2134 4761 sacra

483 4809 794 4865 peragens,
810 4791 1019 4851 Christi
1035 4807 1275 4862 gregem
1297 4789 1696 4864 multiplicans
1723 4795 1778 4847 et
1804 4793 2131 4864 adaugens,

484 4885 704 4953 templa
731 4882 1078 4940 veneranda
1103 4886 1458 4938 construens
1489 4885 1546 4937 et
1569 4881 1856 4938 dedicans
1902 4885 2109 4955 ;praeci

483 4987 601 5045 pue
627 4987 762 5026 cum
796 4978 1062 5045 tempora
1091 4971 1205 5027 sint
1233 4969 1558 5042 ejusmodi,
1591 4971 1650 5026 in
1689 4972 1912 5044 quibus
1938 4989 2131 5028 sacer-

482 5061 652 5118 dotes
667 5066 721 5116 et
733 5061 1447 5133 sacerdotium,magnam
1463 5061 2131 5134 partem,miserandum

483 5152 543 5208 in
579 5151 832 5207 modum
874 5151 1103 5208 silentio
1161 5151 1516 5217 obruuntur,
1574 5156 1630 5208 et
1663 5168 1735 5208 ex
1785 5152 2134 5209 hominibus

483 5240 866 5298 eliminautur
887 5256 1050 5306 ;cum
1065 5241 1288 5312 templa
1303 5241 1527 5313 passim
1543 5242 1808 5300 desolata
1815 5243 2137 5313 jaceant,et

483 5329 769 5388 demolita
807 5331 924 5386 sint
962 5335 1064 5386 aut
1088 5330 1367 5401 expilata,
1400 5347 1508 5403 pro
1535 5331 1633 5389 illo
1665 5333 1874 5390 ordine
1907 5337 1963 5389 et
2010 5333 2137 5405 pul-

2242 4622 2552 4692 χειροθετῶν
2599 4639 2651 4671 τε
2700 4624 2788 4670 xui
2848 4623 3128 4689 ίεροτε).ῶν,
3177 4619 3348 4668 καὶτὸ
3395 4619 3632 4686 πείμνιον
3684 4615 3847 4676 αὔξων

2242 4714 2330 4764 καὶ
2385 4709 2654 4766 πληθύνων
2727 4715 2981 4780 Χριστού,
3036 4709 3188 4768 ναούς
3249 4724 3302 4757 τε
3352 4707 3574 4764 σεπτούς
3641 4703 3846 4774 ἐγείρων

2243 4804 2331 4850 καὶ
2378 4797 2747 4868 τελεσιουργὼν
2783 4814 2795 4826 ·
2857 4795 2962 4848 ἀλλ’
2994 4798 3127 4848 ὥστε
3159 4806 3185 4850 q
3211 4799 3299 4846 καὶ
3350 4801 3549 4866 καιροῖς
3593 4795 3846 4850 τοιούτοις

2244 4887 2290 4939 ἐν
2341 4889 2418 4948 οἷς
2469 4889 2618 4959 ἱερεῖς
2673 4906 2722 4938 τε
2762 4891 2850 4938 καὶ
2891 4888 3162 4957 ἱερωσύνη,
3219 4889 3275 4935 τό
3302 4886 3456 4956 μέρος
3507 4884 3713 4934 ἐκείνων
3753 4888 3844 4932 τῶν

2243 4977 2576 5049 τρισαθλίων,
2628 4979 2910 5046 σεσίγηται
2939 4979 3030 5026 καὶ
3081 4972 3132 5035 ἐξ
3181 4973 3459 5044 ἀνθρώπων
3513 4972 3839 5042 ἠφάνισται·

2244 5074 2375 5116 ναῶν
2425 5084 2476 5116 τε
2525 5063 2716 5138 ἐρημία
2771 5069 2860 5116 καὶ
2919 5066 3180 5136 πόρθησις
3231 5059 3344 5112 ἀντὶ
3401 5068 3498 5120 τῆς
3546 5065 3671 5132 πρὶν
3712 5059 3844 5112 nixo-

2248 5159 2423 5226 σμίας,
2471 5157 2528 5206 τὸ
2579 5153 2864 5224 Ῥωμαϊκὸν
2915 5155 3132 5222 κατέχει
3189 5151 3497 5220 πολίτευμα,
3537 5155 3628 5200 καὶ
3674 5168 3842 5218 μονον-

2247 5251 2374 5314 ουχὶ
2426 5247 2490 5295 τὰ
2541 5251 2871 5316 Χριστιανῶν
2935 5241 2988 5293 ἐκ
3065 5239 3272 5312 βάθρων
3345 5238 3511 5290 αὐτῶν
3572 5237 3843 5308 ἀνατέτρα-

2245 5353 2368 5386 πται
2395 5350 2406 5362 ⁶
2441 5329 2532 5398 οἷς,
2563 5337 2638 5392 τίς
2670 5332 2826 5395 ἀξίως
2863 5331 3009 5391 ἄλλος
3035 5330 3064 5387 ἢ
3092 5329 3340 5400 Ἱερεμίας
3387 5326 3733 5389 ἐπιστενάξειε
3762 5323 3844 5378 δυ-

1824 5511 2066 5568 νΑΒΙιΕ
2108 5509 2400 5568 LECTION
2409 5511 2510 5567 ES.

561 5655 594 5700 ιδ
620 5657 713 5712 καί
735 5649 1130 5730 ἂνδνναμοῦντι.
1205 5661 1234 5707 q
1261 5648 1426 5715 ἄλλως
1449 5670 1516 5708 τε.
