2044 3107
77 152 140 182 833

713 148 968 180 EPISTOLARUM
988 147 1094 179 LIBER
1113 150 1146 178 II.

1724 156 1777 184 834

79 218 165 248 νατός
203 217 237 242 ὡν
266 217 371 248 οἰκείοις
399 218 502 254 θρήνοις
538 215 699 246 τηλικαύτης
731 214 840 252 ἐρημίας
853 214 889 240 ἰκ-

949 213 1114 241 chritudine
1129 221 1191 249 qua
1206 214 1287 250 prius
1304 215 1438 243 Romana
1454 216 1622 251 respublica
1635 216 1775 252 ﬂorebat,

81 260 262 297 τραγῳδῆσαι
287 265 330 288 καὶ
354 266 526 299 παραστῆσαι
555 261 686 296 μέγεθος;
716 260 782 285 ἀλλὰ
809 263 894 285 ταῦτα

81 308 130 342 μὲν
147 309 192 332 καὶ
212 309 368 343 σιωπώμενα
387 309 524 343 κέκραγεν.
553 308 586 332 Σὺ
612 303 642 331 δέ
661 315 707 341 μοι
723 306 755 330 τὰ
778 314 804 330 τε
828 304 892 330 ἄλλα

82 350 196 388 ξῤῥωσο,
213 355 257 377 καὶ
271 355 318 382 τῆς
328 352 400 388 ἡμῶν
415 352 563 388 ὑπερώχου
576 353 760 386 μετριότητος.

947 261 975 286 et
1000 257 1244 286 Christianismus
1274 261 1389 286 tantum
1410 267 1470 287 non
1489 268 1523 287 ex
1538 261 1605 288 imis
1622 262 1776 290 subruitur

949 302 1163 330 fundamentis.
1180 302 1375 339 lngemiscere
1389 304 1426 331 ad
1439 305 1569 341 lnec,pro
1586 306 1695 334 meritis
1708 308 1775 343 quis

948 347 1024 375 alius
1043 346 1189 374 suffecerit
1208 355 1303 383 quam
1321 348 1472 381 Jeremias,
1487 349 1538 385 qui
1559 351 1686 386 propriis
1713 351 1776 379 suis

80 387 171 424 lessis
180 397 207 423 et
218 395 365 430 lamentis,
378 387 468 424 tantae
481 395 623 423 vastitatis
634 396 662 421 et
676 393 868 421 desolationis
885 391 1124 427 magnitudinem
1142 393 1169 419 et
1186 392 1351 427 exprimere
1366 392 1470 427 possit,
1491 395 1520 421 et
1543 395 1654 429 tragice
1673 395 1780 432 depio.

83 440 237 468 rare?sed
251 440 315 468 haec
331 440 448 469 silentio
464 448 567 477 pressa
582 439 750 468 exclamant
765 441 873 467 tamen.
885 438 927 465 Tu
940 438 1048 465 cetera
1064 435 1139 468 vale,
1155 438 1184 464 et
1196 444 1251 472 pro
1270 444 1337 464 mea
1357 438 1559 466 mediocritate
1582 440 1664 475 apud
1682 442 1774 469 Deum

84 484 230 521 precibus
247 485 403 513 intercede.

403 532 508 556 ΕΠΙΣΤ.
525 529 578 557 ΙΖ¹.

206 573 324 610 ἰγνατιῳ
334 573 511 611 μητροπολίτῃ
530 571 772 603 Κλαυδιουπόλεως.

1257 526 1363 555 EPIST.
1380 527 1461 554 XVII.

1092 570 1208 605 Ignatio
1223 574 1341 606 metr-op.
1359 571 1628 608 Claudiopolitano.

719 635 864 659 Montacut.
883 633 934 665 (ep.
947 633 1002 661 M5,
1015 639 1044 664 p.
1065 633 1128 661 156),

123 694 174 721 Ἦν
199 704 261 720 ποτε
284 696 389 730 φευκτὸν
428 696 473 720 καὶ
502 693 608 730 φοϐερὸν
631 695 660 719 τὸ
688 692 811 728 ἀνάθεμα,
846 692 887 718 ὃτι

87 740 157 764 κατά
177 743 227 764 τῶν
253 738 351 774 ἐνόχων
374 743 419 769 τῆς
439 738 566 772 ἀσεϐείας,
591 739 653 775 ὑπερ
670 742 719 764 τῶν
745 747 792 768 της
815 737 886 763 εὐσι-

89 783 159 813 ϐιίας
172 785 303 820 κηρύκων,
331 783 441 820 ἐφέρετο.
471 783 530 819 Ἀφ’
553 782 582 809 οὗ
598 781 627 809 δὲ
651 784 666 812 ἡ
698 782 818 819 τολμηρά
842 784 887 807 καὶ

91 828 267 863 ἀναίσχυντος
292 832 341 853 τῶν
365 828 514 865 ἀλαστόρων
553 827 672 861 ἀπόνοια,
696 828 768 863 παρὰ
803 827 889 852 πάντα

979 692 1047 718 Erat
1067 690 1138 719 olim
1167 691 1294 719 terribile
1329 693 1502 726 anathema,
1519 698 1547 722 et
1576 694 1772 730 fugiendum;

942 743 1051 770 nempe
1062 743 1131 763 cum
1151 743 1169 763 a
1182 736 1310 764 veritatis
1325 738 1525 772 praeconibus,
1540 742 1644 767 contra
1666 748 1731 767 reos
1747 743 1774 769 et

942 780 1097 815 improbos
1120 779 1278 808 ferebatur.
1297 783 1335 808 Ex
1356 790 1414 817 quo
1437 790 1506 810 vero
1522 783 1620 811 audax
1635 787 1663 811 et
1678 785 1775 821 impu-

942 824 1017 851 dens
1028 824 1191 852 alastorum
1211 826 1413 860 quorumdam
1430 827 1562 859 vesania,
1578 831 1681 855 contra
1695 829 1774 863 leges

92 874 186 908 Θεσμὸν
213 873 279 898 θεῖον
307 882 334 898 τε
360 875 404 899 καὶ
434 872 602 910 ἀνθρώπινον,
631 874 675 898 καὶ
699 873 770 908 παρά
803 872 889 898 πάντα

945 876 1048 895 omnes
1054 868 1171 896 divinas
1179 870 1361 897 ethumanas
1372 878 1379 903 ;
1389 873 1620 899 contraomnem
1627 872 1773 900 rationem

90 917 166 953 λόγον
180 916 329 946 Ἑλληνικόν
344 927 371 943 τε
388 919 432 943 καὶ
448 916 589 953 βάρϐαρον,
607 918 636 942 τὸ
660 916 754 942 οἰκεῖον
774 916 890 951 ἀνάθεμα

90 963 158 988 κατὰ
170 965 219 988 τῶν
239 962 385 998 προμάχων
408 966 454 992 τῆς
478 960 632 998 ὁρθοδοξίας
659 961 822 998 ἀναστρέφειν
851 960 891 986 ἰκ-

92 1006 233 1044 φρυάξατο,
256 1008 300 1032 καὶ
324 1009 371 1035 τὴν
400 1005 565 1043 βαρϐαρικὴν
588 1008 681 1042 μανίαν
706 1005 891 1034 ίκκλησιαστι-

91 1051 139 1078 κήν
159 1051 322 1085 παρανομίαν
343 1048 535 1084 ἑφιλονείκησαν
555 1048 767 1085 ἀπεργάσασθαι,
797 1048 892 1073 αὐτίκα

91 1096 137 1120 καὶ
164 1095 194 1119 τό
226 1095 332 1130 φρικτὸν
362 1092 441 1119 ἔκιίνο
477 1096 523 1119 καὶ
541 1098 632 1124 ποινῆς
671 1093 775 1123 ἁπάσης
811 1095 891 1129 πέρας

92 1139 216 1174 ἔσχατον,
232 1138 267 1169 εὶς
282 1139 381 1174 μύθους
408 1140 453 1163 καὶ
478 1140 586 1173 παίγνια
600 1139 784 1173 μεταπέπτωκε
800 1147 806 1154 ·
828 1137 892 1173 μᾶλ-

91 1182 134 1209 λον
162 1181 202 1216 δὲ,
231 1186 284 1213 τοῖς
312 1181 429 1208 εὐσεϐέσι
453 1184 497 1208 καὶ
532 1184 633 1218 αἱρετὸν
668 1183 890 1218 παρεσκεύασται.

93 1225 164 1253 Οὒδὶ
189 1228 239 1263 γὰρ
268 1225 327 1252 οὐδ’
351 1228 365 1255 ἡ
394 1226 540 1262 πάντολμος
561 1231 610 1252 τῶν
635 1226 737 1263 ἐχθρῶν
759 1231 806 1257 τῆς
830 1226 892 1255 ἀλη-

94 1273 164 1302 Θιίας
177 1274 278 1307 γνώμη,
295 1272 340 1301 τὰς
351 1272 449 1305 ποινὰς,
475 1274 519 1297 καὶ
544 1271 661 1307 μάλιστα
687 1273 730 1301 τὰς
754 1271 892 1300 ἐκκλησια-

94 1317 194 1348 στικὸκ,
210 1319 279 1342 ποιεῖ
306 1315 423 1351 φοϐερὰς,
440 1315 503 1341 ἀλλὰ
527 1320 574 1341 τῶν
590 1318 747 1351 πασχόντων
772 1317 801 1342 τό
816 1316 892 1342 ὑπεύ-

95 1362 180 1392 θυνον,
196 1362 230 1391 ὡς
254 1363 283 1386 τό
310 1370 340 1395 γε
364 1360 499 1386 ἀνεύθυνον
515 1363 559 1386 καὶ
578 1360 614 1390 εἰς
629 1360 726 1396 χλεύην
754 1362 800 1390 τὰς
825 1360 892 1387 ἑκεί-

93 1415 141 1430 νων
156 1407 285 1442 τιμωρίας
314 1407 466 1441 ιρεπει,καί
495 1405 551 1431 κατ’
578 1404 677 1430 ἄκείνων
703 1407 732 1431 τὸ
759 1403 893 1441 δικαίωμα

94 1454 141 1480 τῆς
165 1452 290 1486 τιμωρίας
314 1448 475 1486 ἀναστρέφει,
501 1451 546 1475 καὶ
572 1453 608 1485 τῷ
634 1448 677 1475 ὑπ’
703 1449 787 1475 αὐτων
814 1459 892 1486 τιμω-

94 1496 209 1530 ρουμένῳ
239 1495 376 1530 στεφάνους
404 1493 561 1530 ἀκηράτους,
582 1496 626 1520 καὶ
651 1493 777 1520 ἀθάνατον
803 1492 892 1527 δόξαν,

945 913 1087 944 Graacam,
1104 913 1275 946 barbaram,
1292 914 1427 949 ipsorum
1448 915 1610 943 anathema
1623 916 1652 943 in
1665 924 1773 952 propu-

945 959 1084 991 gnatores
1108 957 1280 985 orthodoxae
1305 958 1421 993 pietatis
1447 959 1538 994 jaciat
1560 960 1731 994 insolenter,
1745 964 1774 989 et

946 1000 1062 1028 furores
1083 1001 1261 1035 barbaricos,
1277 1002 1494 1031 ecclesiasticas
1518 1005 1773 1039 transgressiones

946 1052 1056 1080 magna
1070 1046 1258 1074 contentione
1267 1046 1423 1074 habendas
1438 1049 1623 1076 contendunt
1636 1058 1643 1083 ;
1657 1058 1673 1077 e
1689 1051 1773 1077 vesti-

945 1090 994 1125 gio
1014 1089 1087 1117 illud
1112 1090 1345 1124 formidandum,
1362 1093 1391 1119 et
1403 1092 1539 1120 omnium
1554 1093 1772 1129 suppliciorum

945 1137 1121 1166 extremum,
1135 1134 1165 1161 in
1178 1134 1310 1162 fabulam
1321 1137 1349 1163 et
1362 1135 1525 1164 ludibrium
1545 1138 1641 1165 evasit
1655 1149 1661 1165 :
1673 1139 1773 1174 potius

945 1179 999 1206 viri
1015 1179 1055 1215 pii
1068 1179 1141 1206 illud
1155 1180 1439 1214 exoptaverint;non
1460 1181 1540 1209 enim
1560 1183 1705 1211 sententia
1721 1191 1773 1218 per

945 1223 1165 1251 audacissimos
1187 1224 1315 1252 veritatis
1345 1225 1444 1252 hostes
1459 1226 1520 1254 lata
1540 1235 1645 1262 pmnas
1670 1227 1771 1255 saltem

945 1267 1162 1296 ecclesiasticas
1175 1268 1380 1297 formidabiles
1394 1269 1473 1303 facit,
1490 1271 1542 1298 sed
1553 1275 1652 1299 reatus
1668 1280 1772 1300 eorum

945 1312 973 1340 in
990 1320 1067 1348 quos
1078 1312 1297 1349 intorquentur.
1311 1313 1395 1343 Quod
1404 1314 1426 1341 si
1439 1313 1582 1342 innocens
1592 1316 1659 1351 quis
1676 1316 1771 1351 fuerit,

945 1356 1086 1384 ridendas
1097 1356 1216 1384 illorum
1223 1365 1328 1393 poenas
1337 1358 1487 1394 propinat,
1500 1359 1563 1387 etin
1574 1360 1772 1396 ipsorummet

927 1401 1091 1437 'judicium
1113 1404 1217 1433 mutat,
1229 1402 1269 1429 illi
1282 1406 1381 1430 autem
1401 1411 1489 1438 quem
1509 1404 1671 1432 multarunt
1690 1413 1772 1433 coro-

947 1453 1018 1473 nam
1031 1446 1317 1479 immarcescibilem,
1332 1451 1360 1475 et
1374 1447 1574 1476 immortalem
1583 1449 1708 1484 gloriam
1719 1458 1772 1486 pro

947 1490 1099 1526 suppliciis
1115 1494 1263 1526 procurat.
1276 1492 1420 1524 Quocirca
1435 1492 1566 1529 quisque
1583 1494 1649 1529 pius
1660 1497 1688 1522 et
1704 1503 1770 1522 san-

95 1538 151 1564 ἀντί
179 1543 279 1570 ποινῆς,
309 1538 492 1575 ἀπεργάζεται.
523 1538 560 1565 Δι’
589 1539 601 1564 ὁ
636 1541 681 1564 καὶ
709 1539 818 1569 ἕκαστος
843 1543 889 1564 τῶι

948 1537 1013 1562 ctus
1029 1535 1072 1562 vir
1088 1535 1166 1563 mille
1187 1535 1283 1563 modis
1294 1537 1450 1571 optaverit,
1468 1539 1565 1573 potius
1581 1539 1618 1566 ab
1638 1539 1673 1566 iis
1688 1539 1739 1575 qui
1754 1547 1772 1567 a

97 1582 206 1609 εὐσεϐῶν
236 1586 281 1609 καὶ
306 1583 397 1619 ἁγίων,
417 1584 461 1609 ὑπ’
489 1583 573 1609 αὐτῶν
596 1583 804 1619 ἠλλοτριωμενων
831 1587 894 1620 Χρι-

97 1631 170 1661 στοῦ,
193 1629 316 1665 μυριάκις
341 1629 452 1665 αἱρεῖται
478 1628 731 1665 προπηλακίζεσθαι,
763 1630 808 1654 καὶ
835 1627 893 1653 ἀνα-

97 1672 310 1707 θεματίζεσθαιῆ
328 1676 382 1703 τοῖς
409 1672 492 1699 αὐτῶν
518 1675 705 1710 μισοχρίστοις
733 1675 778 1699 καὶ
803 1673 893 1699 θεστυ·

94 1714 167 1747 γέσιν
203 1714 268 1748 μετὰ
297 1713 418 1750 λαμπρᾶς
446 1717 491 1743 τῆς
516 1713 642 1749 εὐφημίας
666 1716 824 1742 κοινωνῆσαι
849 1723 895 1739 πο-

95 1766 140 1794 νηρ
144 1758 253 1794 κύμασιν
258 1778 264 1785 .

395 1805 502 1829 enim.
521 1801 574 1831 ιη’.

235 1846 347 1884 Μιχαὴλ
382 1847 561 1884 μητροπολίτῃ
589 1847 749 1878 Μιτυλήνης.

949 1580 1065 1607 Christo
1086 1579 1174 1607 alieni
1190 1583 1259 1607 sunt
1278 1581 1467 1608 contumeliis
1492 1582 1580 1615 aﬂici,
1598 1586 1625 1610 et
1649 1584 1773 1611 anathe-

948 1626 1027 1651 mate
1042 1623 1129 1655 feriri,
1146 1632 1238 1659 quam
1254 1632 1323 1652 cum
1341 1625 1500 1661 splendore
1516 1629 1543 1654 et
1564 1627 1716 1663 applausu
1736 1628 1774 1656 de

947 1668 1289 1704 ipsorumimpietatibus
1299 1670 1539 1707 participare,qui
1546 1671 1660 1700 Christo
1667 1672 1774 1707 odiosi,

948 1715 976 1741 et
990 1714 1047 1740 Deo
1060 1712 1149 1741 invisi
1165 1716 1244 1741 sunt.

1269 1804 1374 1832 EPIST.
1391 1805 1484 1834 XVIII.

1094 1847 1238 1877 Michaeli
1248 1848 1405 1884 Mitylenes
1418 1850 1624 1886 metropolitz.

729 1909 877 1936 Montacut.
897 1909 949 1940 (ep.
964 1909 1018 1937 116,
1033 1915 1059 1940 p.
1076 1909 1139 1940 157).

127 1967 227 2005 Ὠσπερ
242 1970 300 2000 τοὺς
315 1972 360 1995 τοῦ
380 1970 510 1995 Δεσπότου
525 1969 645 2004 μαθητὰς
660 1969 689 1993 τὸ
710 1970 888 2004 μισόχριστον

91 2018 140 2039 τῶν
160 2011 295 2040 Ἰουδαίων
316 2011 395 2040 συνίδ
395 2023 409 2051 ρ
414 2022 451 2039 ιον
475 2013 680 2048 ἀποσυναγώγου
685 2022 696 2042 ς
721 2014 782 2041 ποιὴ
788 2021 887 2044 σαντες,

92 2058 200 2089 ἐκείνους
225 2060 270 2094 μεν
295 2058 389 2094 μᾶλλον
413 2068 448 2093 τῳ
485 2056 641 2093 Διδασκάλῳ
680 2059 725 2083 καὶ
768 2059 887 2092 Δεσπότῇ

90 2105 303 2139 προσῳκιίωσαν,
329 2103 435 2134 ἑαυτοὺς
461 2100 490 2128 δὲ
513 2102 592 2128 τέλεον
606 2104 650 2127 καὶ
677 2105 723 2132 τῆς
746 2102 814 2131 θείας
842 2111 890 2137 μυ-

92 2149 250 2183 σταγωγίας,
271 2150 315 2173 καὶ
341 2151 388 2178 τῆς
412 2147 524 2183 οὐρανῶν
541 2146 678 2183 ﬁam-Isin;
701 2146 887 2182 ὴλλοτρίωσαν.

91 2192 166 2218 Οὕτω
196 2194 240 2218 καὶ
261 2196 304 2217 νῦν
328 2193 352 2217 οἱ
372 2196 422 2217 τῶν
450 2189 583 2218 Ἰουδαίων
609 2193 733 2227 μιμηταὶ,
755 2192 815 2220 τοὺς
839 2195 888 2216 τῶν

90 2235 240 2262 ἀποστόλων
287 2236 415 2268 ζηλωτὰς,
456 2236 488 2262 ἀπ
493 2238 660 2271 οσυναγώγου
666 2246 676 2266 ς
720 2238 780 2264 ποιή
787 2244 886 2266 σαντες,

89 2281 157 2315 ἡμᾶς
175 2282 220 2316 μὲν
236 2284 287 2311 τοῖς
305 2282 453 2311 θισπεσίοις
470 2279 574 2310 ἐκείνοις
602 2282 646 2305 καὶ
675 2279 816 2309 «gramm;
842 2283 888 2305 τοῦ

89 2327 184 2360 Λόγου,
211 2325 330 2361 συνῆψαν
356 2335 382 2351 τε
398 2325 493 2361 μᾶλλον
520 2327 564 2350 καὶ
593 2327 754 2354 συνήνωσαν.
781 2323 810 2350 Ἠ
836 2325 887 2361 γὰρ

87 2371 209 2395 κοινωνία
232 2374 280 2395 τῶν
309 2371 397 2396 παθῶν
426 2369 611 2407 ἀκριϐεστέραν
637 2373 750 2395 ποιεῖται
778 2371 825 2398 τὴν
863 2368 887 2394 ἐν

88 2413 142 2450 βίῳ
167 2416 211 2440 καὶ
235 2416 323 2440 πίστει
346 2415 501 2450 συνάφειανι
516 2413 622 2444 ἑαυτοὺς
642 2412 671 2439 δι
694 2416 736 2439 καὶ
764 2417 809 2443 τῆς
822 2413 886 2439 ἐκεί-

87 2469 137 2485 νων
180 2456 367 2490 διδασκαλίας,
406 2461 451 2484 καὶ
488 2462 534 2488 τῆς
565 2459 689 2496 ἡμετέρας
721 2456 885 2494 ὁρθοδοξίας,

87 2503 199 2534 ἐλεεινῶς
226 2513 253 2529 τε
274 2506 318 2530 καὶ
357 2503 449 2533 ἀθλίως
485 2503 635 2539 ίναπέτεμον
653 2513 658 2520 ·
681 2505 726 2528 καὶ
752 2506 797 2532 τῆς
824 2506 886 2539 Χρι-

87 2551 199 2574 στιανῶν
226 2547 289 2578 ὅλως
311 2550 356 2574 καὶ
381 2547 495 2578 κλήσεως
511 2550 556 2573 καὶ
575 2547 706 2578 πολιτείας
725 2549 772 2576 τὴν
788 2546 885 2572 ἑαυτῶν

85 2596 180 2628 μοῖραν
197 2591 366 2628 δικάσαντες,
388 2592 421 2622 εἰς
446 2594 491 2621 τὴν
519 2596 568 2618 τῶν
596 2590 741 2623 Ἰουδαίων,
759 2591 803 2621 οὖς
818 2601 886 2628 παρ-

85 2637 231 2671 εζήλωσαν,
246 2639 291 2662 καὶ
313 2639 516 2674 χριστομαχίαν
542 2638 587 2663 καὶ
608 2638 757 2673 μιαιφονίαν
777 2639 884 2673 φερόμε-

84 2691 124 2708 νοι
145 2681 349 2709 ἰκπεπτώκασιν.

980 1967 1221 1999 Quemadmodum
1229 1967 1388 2003 discipulos
1397 1970 1505 1997 Domini
1513 1970 1602 1998 nostri
1610 1971 1775 1999 Iudaeorum

945 2011 1167 2039 Christiosorum
1176 2012 1343 2047 synedrium
1350 2020 1365 2040 e
1373 2013 1536 2048 synagogis
1543 2014 1774 2049 ejicientes,illos

945 2064 980 2083 eo
999 2056 1088 2090 facto,
1103 2057 1200 2091 magis
1215 2056 1358 2091 magistro
1373 2061 1401 2085 et
1415 2057 1541 2085 Domino
1557 2058 1666 2087 dedere
1680 2067 1776 2096 copu-

943 2100 1030 2133 latas,
1042 2103 1071 2128 at
1098 2100 1211 2136 seipsos
1234 2101 1352 2137 penitus
1368 2109 1386 2129 a
1406 2102 1515 2130 caelesti
1535 2105 1726 2139 mystagogia
1745 2106 1774 2132 et

943 2152 1036 2179 regno
1065 2144 1209 2173 calorum
1236 2145 1348 2173 alienos
1376 2147 1543 2175 reddidere.
1560 2147 1603 2175 Ad
1632 2148 1774 2176 eumdem

944 2189 1069 2217 modum
1084 2192 1112 2217 et
1125 2197 1203 2217 nunc
1213 2190 1386 2219 Judmorum
1396 2190 1559 2220 imitatores
1569 2193 1774 2227 apOStolorum

943 2233 1051 2261 zelotas
1067 2242 1122 2261 nos
1135 2242 1150 2262 e
1164 2235 1327 2270 synagogis
1343 2236 1503 2271 ejicientes,
1517 2245 1552 2265 eo
1570 2237 1648 2265 facto
1666 2237 1774 2265 divinis

942 2278 1010 2310 illis,
1027 2282 1054 2307 et
1081 2279 1166 2306 Verbi
1188 2279 1335 2308 incarnati
1355 2282 1572 2317 spectatoribus
1593 2290 1648 2309 nos
1678 2282 1773 2317 magis

942 2323 1117 2359 conjunctos
1130 2324 1310 2352 adunierunt
1327 2335 1334 2359 ;
1347 2325 1494 2361 siquidem
1514 2334 1691 2354 communes
1706 2334 1774 2362 pas-

942 2367 1051 2403 siones,
1068 2369 1287 2397 exactissimam
1312 2370 1380 2397 vita:
1400 2373 1427 2397 et
1442 2370 1509 2397 ﬁdei
1531 2370 1772 2406 conjunctionem

940 2415 1118 2448 operantur;
1131 2416 1223 2441 semet
1239 2416 1340 2441 autem
1356 2414 1437 2450 ipsos
1449 2414 1488 2442 ab
1501 2422 1606 2442 eorum
1623 2415 1771 2449 doctrina,

941 2460 968 2485 et
982 2457 1149 2485 orthodoxa
1164 2461 1266 2486 nostra
1277 2458 1344 2491 fide,
1366 2459 1509 2486 miserum
1523 2462 1550 2487 et
1564 2459 1770 2488 miserandum

940 2501 968 2529 in
986 2502 1107 2529 modum
1117 2502 1310 2531 absciderunt
1327 2512 1333 2536 ;
1355 2505 1463 2531 etcum
1479 2504 1609 2540 separati
1629 2507 1698 2533 sunt
1709 2513 1774 2533 om-

940 2546 1011 2574 nino
1026 2555 1043 2574 a
1058 2547 1293 2586 Christianorum
1307 2548 1428 2575 nomine
1443 2550 1470 2576 et
1485 2549 1600 2585 politia,
1611 2549 1641 2577 in
1651 2550 1771 2578 Iudaeo-

940 2599 1006 2618 rum
1034 2599 1110 2627 quos
1140 2592 1202 2619 zelo
1228 2593 1392 2627 imitantur,
1416 2593 1636 2629 oppositionem
1666 2597 1772 2623 contra

940 2635 1103 2670 Christum,
1120 2639 1148 2664 et
1170 2636 1322 2665 homicidii
1344 2637 1538 2673 pollutionem
1555 2638 1671 2675 abrepti
1692 2640 1774 2667 exci-

940 2680 1059 2708 derunt.
1201 2688 1203 2690 ·

2021 7 2044 596 μ

2031 537 2044 560 ,Α

2027 560 2036 584 μ
