4088 6214
1185 387 1399 442 EPIST.
1445 385 1573 441 XIX.

901 478 1291 535 Euschemom’
1314 483 1367 532 et
1400 476 1640 546 Georgio
1670 481 1917 544 πτειν-ορ.

1771 252 2006 317 ΡΗΟΤΙΙ
2047 259 2182 318 ΡΑΤ

2292 261 2525 320 tRCHzE
2564 262 2674 319 CP.
3760 273 3834 329 $6

2935 395 3148 442 ΕΠΙΣΤ.
3177 388 3286 442 ΙΘ’·

2543 475 2856 551 Εὖσχὴμονε
2876 483 2966 532 καὶ
2983 484 3219 553 Γεωργίῳ
3249 479 3664 554 μητροπολίταις.

1831 598 2121 650 Montacut.
2158 601 2258 663 (ep.
2291 601 2396 656 126,
2435 602 2624 664 ρ.166).

613 724 740 778 Non
769 717 1116 791 despondeo
1141 716 1431 781 animum,
1456 713 1600 770 dum
1627 713 1860 770 intueor
1884 719 2200 788 tempesta—

544 815 664 866 tem
693 811 1000 872 malorum,
1035 813 1090 862 et
1131 803 1463 878 tyrannidis
1512 805 1909 860 intensionem
1953 822 1967 872 ;
2015 805 2198 861 audio

542 900 704 956 enim
737 916 840 954 vos
885 913 985 968 per
1025 895 1207 950 ﬁdem
1263 895 1324 950 in
1375 896 1494 949 Deo
1533 901 1776 958 certam,
1812 900 1867 950 et
1915 898 2197 967 pietatem

539 989 974 1045 efﬂorescentes
1010 993 1065 1040 et
1092 989 1412 1040 vernantes
1447 1000 1459 1050 ;
1493 983 1615 1039 imo
1650 982 1850 1039 laetitia
1881 983 2109 1039 afﬁcior
2125 1000 2196 1040 eo

541 1077 705 1150 quod
722 1076 958 1132 illorum
975 1073 1303 1129 summaim
1315 1073 1729 1145 pudentia,qui
1748 1073 2008 1128 dedecus
2025 1073 2195 1129 vobis

540 1173 596 1222 et
623 1165 1053 1237 turpitudinem
1067 1163 1348 1218 volebant
1375 1162 1669 1229 aﬂ‘ricare,
1692 1179 1798 1218 vos
1811 1170 1865 1218 et
1895 1162 2190 1234 pulchrio-

536 1271 630 1313 res
669 1255 943 1320 reddidit,
985 1259 1040 1309 et
1073 1252 1463 1325 probatiores.
1490 1254 1624 1317 Sed,
1646 1268 1677 1307 ο
1709 1267 1812 1308 vos
1839 1251 2037 1318 amici,
2065 1252 2190 1318 ﬁlii,

534 1344 769 1408 fratres,
794 1350 850 1399 et
888 1345 934 1398 si
975 1343 1115 1415 quid
1149 1358 1364 1398 nomen
1409 1341 1571 1396 ﬁliali
1611 1358 1813 1398 amore
1845 1346 1901 1396 et
1932 1341 2188 1398 naturali

537 1434 849 1490 affectione
878 1434 1066 1502 magis
1093 1431 1382 1486 familiare
1415 1432 1507 1497 sit,
1538 1447 1724 1502 usque
1752 1430 2028 1486 adﬁnem
2053 1447 2186 1486 con-

538 1528 904 1578 summatum
943 1521 1002 1575 in
1054 1523 1238 1574 Deum
1285 1519 1446 1574 hunc
1489 1521 1761 1574 animum
1809 1523 1866 1573 et
1907 1518 2186 1576 aﬁ‘ectum

537 1627 997 1666 conservemus:
1028 1613 1083 1664 et
1111 1607 1626 1680 quemadmodum
1661 1607 1848 1662 Jobus
1889 1607 1985 1663 ille
2011 1623 2187 1678 gene-

534 1716 727 1764 rosus,
770 1701 1038 1771 ipsorum
1068 1700 1286 1754 ducem
1324 1697 1658 1762 diabolum,
1693 1712 1798 1768 per
1828 1697 2187 1768 stupendam

535 1789 700 1845 illam
737 1789 1082 1860 patientiam
1126 1791 1184 1843 et
1213 1787 1619 1842 fortitudinem
1659 1787 1959 1858 triumpho
1998 1786 2184 1851 duxit,

535 1877 618 1933 ita
661 1893 764 1932 vos
807 1882 869 1931 ut
908 1875 1114 1932 Christi
1159 1876 1412 1947 populus
1436 1874 1530 1929 ille
1579 1880 1845 1938 sanctus,
1873 1874 2189 1947 regaleque

533 1967 955 2031 sacerdotium,
981 1970 1041 2021 ut
1066 1972 1120 2020 et
1140 1965 1304 2029 olim,
1329 1964 1408 2018 ita
1441 1964 1766 2020 etiamnum
1797 1965 2010 2020 istosce
2034 1963 2189 2020 illius

533 2071 848 2127 germanos
902 2054 1298 2127 primipilares
1344 2053 1694 2124 discipulos,
1737 2069 1876 2108 cum
1915 2052 2084 2108 lessis
2133 2058 2189 2108 et

531 2144 833 2213 lamentis,
873 2159 982 2199 nec
1028 2159 1151 2216 quo
1191 2159 1255 2198 se
1309 2141 1618 2198 conferant
1647 2143 1918 2210 scientes,
1950 2142 2187 2214 publice

531 2234 893 2306 spectandos
923 2232 1352 2288 exhibebimus.
1382 2235 1526 2287 Nam
1550 2231 1716 2304 quod
1737 2248 1846 2287 vos
1874 2231 2061 2304 probe
2083 2247 2180 2287 no-

533 2325 636 2380 stis
667 2339 832 2395 aeque
861 2328 1039 2394 atque
1069 2337 1204 2392 ego,
1235 2321 1445 2378 brabia
1465 2327 1519 2377 et
1551 2337 1788 2377 coronae
1832 2324 2187 2393 exspectant

532 2428 651 2479 eos,
684 2413 788 2485 qui
818 2427 1010 2484 usque
1047 2411 1124 2466 ad
1163 2411 1342 2466 ﬁnem
1380 2411 1704 2467 decertant.

1186 2502 1398 2556 EPIST.
1426 2502 1529 2556 XX.

849 2590 1148 2648 Theodoro
1170 2589 1476 2660 metropol.
1506 2590 1831 2646 Laodicea.

2381 716 2492 769 Οὐκ
2545 715 2748 789 ἀθυμῶ,
2790 723 2882 776 τὴν
2930 726 3169 791 χειμῶνα
3213 727 3310 771 τῶν
3349 727 3518 772 κακῶν
3544 725 3627 773 καὶ
3671 731 3748 782 τῆς
3785 743 3847 776 τυ-

2307 802 2549 878 ραννίδος
2607 805 2975 878 ἐπιτεινόμενον
3034 807 3256 880 βλέπων.
3317 815 3445 871 Ταῖς
3501 813 3598 882 γὰρ
3649 811 3712 872 εἰς
3750 817 3846 865 Θεὸν

2308 893 2500 960 ἐλπίσι,
2554 901 2644 947 καὶ
2689 904 2750 968 τῇ
2810 896 3042 969 εὐσεϐείᾳ
3101 896 3377 959 ἀνθοῦντας
3428 900 3556 970 ὑμᾶς
3602 907 3682 952 καὶ
3743 900 3850 976 ἐσφί-

2309 985 2487 1045 ζοντας
2537 983 2708 1037 ἀκούω
2737 1003 2748 1013 '
2777 986 2967 1058 μᾶλλον
3019 983 3076 1038 δε
3107 993 3196 1039 καὶ
3236 992 3434 1062 χαίρω,
3473 991 3552 1040 ὅτι
3589 994 3671 1040 καὶ
3698 996 3850 1063 ὡραιο-

2305 1078 2483 1148 τίρους
2535 1080 2625 1126 καὶ
2705 1071 3092 1150 δοκιμωτίρους
3144 1078 3173 1135 ἠ
3249 1086 3346 1128 τῶν
3399 1087 3739 1149 καταισχῦναι
3786 1087 3853 1131 καὶ

2306 1161 2689 1234 ἀσχημονῆσαι
2751 1161 3158 1217 σπουδασόντῶν
3190 1166 3323 1238 ὑμᾶς
3383 1163 3569 1230 ἔδειξεν
3615 1166 3852 1237 ἀναισχυν-

2303 1260 2406 1306 τία.
2461 1253 2620 1317 ·Αλλ⁹,
2669 1251 2708 1304 ὦ
2740 1253 2876 1325 φίλοι
2921 1260 3009 1307 καὶ
3039 1259 3191 1307 τέκνα
3217 1261 3307 1308 καὶ
3357 1253 3588 1328 ἀδελφοὶ,
3626 1260 3772 1308 καὶεί
3815 1277 3853 1308 τι

2305 1350 2531 1416 στοργῆς
2582 1347 2672 1393 καὶ
2716 1347 2951 1414 σχέσεως
3003 1352 3230 1415 φυσικῆς
3301 1343 3620 1420 οἰκειότερον,
3677 1347 3756 1406 ἕως
3797 1349 3855 1396 τί·

2229 1473 2269 1526 Β
2301 1430 2422 1492 λους
2475 1439 2587 1502 Θεῷ
2644 1436 2737 1490 τὴν
2786 1431 2947 1489 αὐτὴν
3005 1434 3399 1504 εὐγνωμοσύνην
3446 1438 3536 1486 καὶ
3581 1438 3637 1486 τό
3687 1434 3856 1506 φίλτρον

2302 1517 2647 1591 διασώσωμεν
2673 1541 2684 1553 ι
2741 1526 2830 1572 καὶ
2872 1522 2992 1593 ὅπερ
3042 1521 3161 1574 Ἰὼϐ
3189 1523 3214 1574 ό
3251 1529 3475 1593 γενναῖος
3527 1528 3619 1581 τὴν
3663 1525 3856 1592 M83171:-

2299 1613 2392 1667 τὴν
2436 1609 2604 1661 αὐτῶν
2661 1612 2951 1662 πεπονθότα
2995 1621 3032 1674 ¹’,
3080 1606 3173 1662 διὰ
3221 1619 3315 1673 τῆς
3374 1615 3665 1684 θαυμασίας
3698 1611 3859 1673 ἐκείνης

2299 1700 2560 1770 ὑπομονῆς
2635 1704 2724 1750 καὶ
2791 1696 3029 1772 ἀνδρείας
3111 1699 3452 1772 ἐθριάμϐευσε
3499 1723 3512 1735 ο
3589 1710 3730 1754 τοῦτο
3789 1707 3859 1752 καὶ

2299 1791 2463 1859 ὑμεῖς,
2523 1793 2611 1840 καὶ
2663 1788 2786 1850 λαός
2844 1788 2992 1859 ἅγιος
3043 1797 3135 1842 τοῦ
3178 1797 3438 1862 Χριστοῦ,
3499 1796 3588 1843 καὶ
3632 1789 3858 1863 βασίλειον

2303 1879 2596 1949 ἱεράτευμα,
2651 1879 2823 1950 ὥσπερ
2873 1882 3036 1950 μέχρι
3088 1886 3195 1944 νῦν,
3267 1880 3402 1931 οὕτω
3448 1885 3540 1933 καὶ
3593 1876 3858 1946 διαπαντός,

2299 1973 2550 2019 τουτουσὶ
2606 1972 2722 2029 τοὺς
2762 1971 2953 2021 ἐκείνου
3005 1975 3252 2040 γνησίους
3306 1977 3395 2022 καὶ
3442 1976 3744 2043 κορυφαίους
3785 1989 3860 2041 μα·

2301 2059 2482 2120 θητάς,
2535 2055 2880 2130 ὀδυρομένους
2936 2064 3025 2110 καὶ
3085 2058 3488 2130 ἀμηχανοῦντας
3556 2056 3858 2130 ἐπιδείξομεν.

2301 2151 2400 2199 Καὶ
2447 2149 2571 2220 γὰρ,
2612 2150 2677 2208 ὡς
2722 2152 2812 2200 καὶ
2870 2149 3014 2219 ὑμεῖς
3061 2152 3459 2214 συνεπίστασθε,
3497 2157 3598 2201 τῶν
3649 2149 3716 2210 εἰς
3751 2148 3864 2207 τελος

2298 2234 2687 2307 ἀγωνιζομένων
2713 2235 2826 2290 ἐστὶ
2856 2241 2920 2289 τά
2949 2235 3173 2310 βραϐεῖα
3205 2243 3294 2291 καὶ
3319 2241 3368 2290 οἱ
3401 2243 3662 2312 στέφανοι.

2937 2508 3148 2557 ΕΠΙΣΤ.
3176 2502 3255 2556 ις’.

2580 2587 2838 2666 Θεοδώρῳ
2881 2592 3236 2668 μητροπολίτη
3267 2587 3604 2654 Λαοδικείας.

1812 2713 2100 2764 Montacut.
2131 2716 2240 2779 (ep.
2280 2717 2388 2772 140,
2419 2716 2623 2780 ρ.198).

606 2830 737 2887 Scio
751 2829 1040 2902 plurimos
1059 2829 1319 2885 ﬁdelium
1335 2829 1412 2885 ita
1425 2828 1672 2886 affectos
1690 2829 2185 2895 esse,utoccasio-
2221 2831 2261 2886 C

528 2935 668 2976 nem
698 2935 940 2975 omnem
954 2925 1243 2991 quierant,
1266 2935 1389 2991 qua
1421 2919 1653 2990 possint
1671 2920 1925 2990 propriie
1961 2918 2185 2973 virtutis

528 3007 744 3064 illustre
773 3009 1083 3080 quoddam
1121 3009 1424 3081 specimen
1463 3007 1740 3064 exhibere
1767 3027 1780 3077 ;
1811 3013 1865 3063 et
1895 3015 2187 3080 martyres

526 3098 724 3154 felices
742 3097 1088 3170 praedicare,
1109 3099 1273 3170 quod
1292 3099 1615 3154 barbaram
1645 3103 2040 3169 tyrannorum
2058 3112 2186 3152 cru-

527 3186 829 3243 delitatem
876 3188 1033 3243 nacti
1079 3188 1329 3256 fuerant,
1361 3204 1484 3260 qua
1525 3187 1756 3260 possint
1785 3187 1844 3241 in
1872 3191 2184 3252 aeternum,

527 3277 985 3347 suamipsorum
1000 3277 1185 3332 animi
1214 3275 2184 3348 magnitudinemquasicolumnm

524 3365 886 3436 insculptam
919 3366 1196 3422 stabilire.
1229 3368 1381 3421 Sane
1413 3366 1586 3420 adest
1614 3365 1738 3420 haec
1761 3365 1892 3435 ipsa
1926 3364 2181 3430 occasio,

523 3453 613 3509 vel
641 3454 834 3523 major
864 3457 1080 3525 potius,
1111 3470 1297 3526 quam
1339 3460 1602 3526 speraret
1641 3455 1818 3508 etiam
1860 3453 2184 3509 valentissi-

525 3558 682 3598 mus.
708 3542 976 3607 Conﬁdo,
1002 3549 1202 3598 autem
1231 3542 1396 3614 quod
1426 3543 1529 3614 qui
1557 3549 1763 3597 contra
1804 3546 1968 3597 tuam
2005 3556 2186 3611 gene-

524 3633 826 3688 rositatem
853 3633 1188 3698 insurrexit,
1209 3633 1492 3698 ultimam,
1520 3633 1872 3700 maximam,
1897 3637 1951 3688 et
1977 3648 2184 3704 perpe-

527 3724 631 3776 tuo
662 3721 1118 3776 memorandam
1148 3721 1855 3787 confusionemincurret,
1886 3721 1944 3776 in
1963 3737 2156 3794 oppro

525 3809 724 3866 brium
765 3813 1016 3882 propriae
1055 3828 1191 3866 cum
1224 3811 1578 3866 inﬁrmitatis
1612 3815 1740 3866 tum
1768 3807 2061 3866 audaciae.
2097 3813 2182 3867 lta

525 3900 963 3956 utimmotatua
983 3900 1299 3956 formidine
1331 3901 1654 3971 perculsus,
1673 3900 1916 3956 ulterius
1951 3900 2178 3973 aliquid

522 3993 811 4046 attentare
827 3989 1107 4045 cessabit.
1127 3994 1207 4045 Ita
1221 4005 1326 4061 per
1349 3990 1506 4045 hanc
1521 3989 1759 4045 unicam
1791 3990 2179 4045 concertatio-

519 4093 680 4144 nem,
722 4078 845 4135 duo
900 4081 1141 4152 egregia
1195 4094 1561 4150 consequere
1608 4078 1891 4149 trophtea,
1924 4093 2062 4134 cum
2120 4083 2185 4135 ut

2369 2827 2508 2884 Οἶδα
2536 2830 2752 2894 πολλοὺς
2789 2839 2888 2883 τῶν
2943 2840 3140 2883 πιστῶν
3196 2827 3420 2906 ἀνδρῶν,
3455 2835 3636 2904 καιρὸν
3689 2835 3868 2894 ζητοῦν-

2296 2940 2404 2985 τας,
2455 2919 2531 2993 ίφ’
2583 2920 2636 2972 ὃν
2694 2929 2784 2981 τῆς
2837 2919 3032 2981 οἰκείας
3076 2919 3263 2992 ἀρετῆς
3321 2923 3378 2972 τὸ
3429 2923 3642 2992 μέγεθος
3700 2915 3868 2971 ἐπιδεί-

2297 3008 2470 3071 ξαιντο
2500 3030 2512 3043 ·
2564 3014 2654 3062 καὶ
2711 3013 2830 3072 τοὺς
2877 3011 3144 3082 μάρτυρας
3204 3013 3616 3083 μακαρίζοντας,
3674 3011 3748 3061 ὃτι
3794 3027 3869 3059 τυ-

2293 3101 2486 3172 ράννων
2525 3101 2685 3170 ἔσχον
2718 3099 2962 3172 ὠμότητα
3003 3103 3092 3157 τὴν
3146 3095 3388 3173 ἀνδρείαν
3435 3099 3606 3151 αὐτῶν
3637 3098 3706 3160 εἰς
3733 3097 3869 3149 αἰῶνα

2295 3187 2722 3245 στηλιτεύουσαν.
2781 3188 3090 3260 Ἐφέστηκεν
3158 3188 3310 3248 οὗτος
3357 3189 3382 3239 ό
3453 3192 3658 3261 καιρὸς,
3708 3186 3748 3238 εἰ
3793 3189 3866 3236 καὶ

2293 3276 2523 3342 πλέον,ἧ
2577 3278 2696 3330 ὅσον
2743 3277 2801 3328 διν
2851 3282 2942 3331 καὶ
2989 3279 3398 3349 όγενναιότατος
3431 3277 3626 3335 ἤλπισε
3653 3297 3665 3309 ·
3723 3276 3868 3327 πείθο-

2292 3387 2388 3438 μαι
2420 3363 2498 3430 δε,
2545 3371 2614 3429 ὡς
2659 3367 2949 3420 τελευταῖον
3006 3372 3096 3419 καὶ
3149 3371 3397 3438 μέγιστον
3431 3374 3529 3427 τῆς
3561 3363 3695 3427 ἰδίας
3739 3363 3870 3416 ἀσθε-

2291 3462 2448 3520 νείας,
2503 3462 2591 3509 καὶ
2621 3465 2712 3509 τοῦ
2773 3458 3017 3531 θράσους,
3051 3458 3077 3508 ό
3120 3464 3181 3515 τῆ
3241 3463 3306 3527 σῇ
3363 3463 3695 3527 ’γενναιότητι
3739 3455 3868 3525 ἐπαρ-

2295 3547 2399 3607 θεὶς
2428 3548 2864 3617 προσενεχθῆναι,
2898 3545 3206 3618 ἀείμνηστον
3265 3549 3352 3596 τόν
3404 3544 3626 3617 ἔλεγχον
3684 3540 3826 3596 δώσει
3852 3561 3862 3572 ·

2291 3638 2378 3687 καὶ
2429 3639 2521 3692 τὴν
2573 3639 2670 3693 σὴν
2731 3633 3050 3710 στερρότητα
3101 3633 3482 3705 καταπλαγεὶς,
3533 3641 3621 3687 καὶ
3661 3642 3751 3686 τῶν
3778 3632 3868 3683 λοι-

2293 3732 2398 3775 πῶν
2447 3723 2828 3797 ἕκτραπήσεναι
2880 3729 2974 3782 τὴν
3029 3731 3208 3798 πεῖραν
3237 3744 3250 3756 ·
3300 3727 3364 3784 ὡς
3389 3724 3506 3796 ἅμα
3546 3721 3645 3776 δύο
3695 3726 3754 3774 τά
3793 3724 3868 3795 μέ-

2289 3815 2450 3883 γιστά
2517 3831 2593 3878 σε,
2647 3810 2720 3866 δι’
2769 3812 2880 3875 ἑνὸς
2931 3812 3142 3883 ἀγῶνος,
3197 3815 3559 3888 κατορθῶσαι,
3619 3817 3866 3884 νικηφόρον

2291 3921 2344 3954 τε
2391 3901 2782 3977 ἀναῤῥηθῆναε’
2837 3907 2928 3954 καὶ
2988 3909 3097 3964 τοῖς
3149 3899 3388 3975 ἀδελφοῖς
3449 3911 3554 3954 τῶν
3622 3902 3869 3977 ἐπικρεμαο

2291 3997 2450 4062 μένων
2489 4001 2658 4044 κακῶν
2710 3997 2804 4051 τὴν
2858 3991 3165 4066 ὑπερϐολὴν,
3220 3997 3309 4045 καὶ
3347 3997 3471 4055 τοὺς
3511 3993 3763 4054 πολλοὺςι
3789 3995 3869 4043 πό-

2287 4100 2427 4150 νους,
2457 4078 2611 4142 ἰδίοις
2637 4081 2831 4148 ἄθλοις,
2860 4087 3134 4154 κουφίσαι.

519 4167 708 4224 victor
727 4169 1118 4241 proclamare,
1147 4175 1274 4226 tum
1301 4175 1361 4226 ut
1391 4169 1674 4226 fratribus
1702 4168 2000 4226 malorum
2030 4168 2513 4242 impendentium
2543 4173 2850 4244 gravitate,
2865 4176 2923 4229 et
2942 4171 3178 4229 labores
3211 4171 3454 4242 multos,
3487 4173 3744 4246 propriis
3775 4169 3869 4228 tuis

519 4257 949 4314 certaminibus
981 4258 1245 4316 allevies.

1129 4347 1342 4405 EPIST.
1370 4349 1502 4405 XXI.

1195 4437 1402 4495 Eidem
1418 4479 1430 4492 .

2885 4357 3096 4406 ΕΠΙΣΤ.
3132 4350 3238 4406 KA'
3252 4393 3266 4408 .

2930 4447 3014 4511 Τῷ
3061 4440 3226 4509 αὐτῷ.

1794 4564 2094 4618 Montacut.
2137 4571 2240 4631 (cp.
2277 4565 2384 4613 141.
2410 4580 2460 4629 p.
2495 4564 2623 4624 l99).

589 4679 915 4737 Generosos
928 4678 1104 4752 plane
1117 4677 1375 4735 stadium
1391 4683 1692 4751 exspectat
1707 4696 1906 4739 :nemo
1924 4683 2177 4741 feminea

518 4770 908 4825 teneritudine
955 4769 1271 4840 emollitus,
1313 4769 1582 4824 introeat.
1617 4769 1790 4835 Quod
1822 4771 1870 4826 si
1925 4776 2062 4844 quis
2102 4775 2174 4828 sit

518 4857 617 4926 qui
633 4858 930 4925 exsilierit,
954 4859 1194 4915 recedat
1215 4859 1602 4930 quantocius;
1625 4858 1888 4916 velasua
1942 4869 2176 4917 senten-

517 4945 616 5008 tia,
637 4946 726 4999 vel
749 4962 783 5001 a
809 4948 1241 5004 colluctatione.
1269 4950 1470 5020 Neque
1500 4948 1660 5003 enim
1683 4948 1921 5005 labores
1949 4952 2172 5008 talibus

517 5041 874 5102 congruunt.
909 5037 1020 5092 Sed
1051 5054 1240 5110 neque
1267 5038 1339 5093 ab
1370 5054 1514 5093 auro
1532 5039 1763 5094 onustis
1794 5056 1806 5094 :
1842 5056 1949 5095 nec
1981 5042 2171 5096 ambi-

519 5121 674 5177 tione
703 5122 942 5179 inﬂatis.
985 5127 1242 5182 Omnino
1269 5128 1372 5198 qui
1410 5129 1713 5200 corporeis
1760 5128 2169 5200 voluptatibus

515 5211 724 5276 inhiat,
758 5218 820 5268 ut
878 5213 1017 5268 mihi
1057 5222 1169 5271 stat
1189 5219 1466 5283 ententia,
1509 5233 1584 5274 ne
1624 5234 1688 5272 se
1729 5225 2050 5290 componat
2091 5219 2170 5274 ad

516 5306 847 5358 certamen:
873 5303 1048 5358 velim
1069 5320 1180 5374 ego
1203 5305 1377 5375 longe
1406 5307 1719 5374 removeri,
1745 5308 1790 5362 si
1812 5324 1932 5363 non
1947 5324 2169 5380 praeve-

511 5390 639 5446 niat
673 5390 743 5457 is,
775 5395 834 5446 et
861 5392 1106 5462 impleat
1130 5400 1332 5449 votum
1371 5411 1595 5452 meum.

2358 4685 2600 4734 Γενναίων
2641 4684 2792 4742 ὅντως
2843 4676 3044 4754 ἀνδρῶν
3077 4683 3134 4732 τὸ
3185 4675 3404 4733 στάδιον
3460 4676 3636 4732 δεῖται
3661 4700 3672 4712 ·
3705 4673 3870 4752 μηδεὶς

2284 4771 2459 4823 εἰσίτω
2510 4767 2832 4844 θηλυδρίας·
2883 4769 2943 4821 ἂν
3007 4766 3056 4822 δ’
3107 4765 3451 4835 εἰσεπήδησε,
3519 4771 3701 4822 θᾶττον
3764 4767 3871 4818 ἀποι

2285 4865 2491 4916 στήτω·
2524 4859 2552 4917 ἦ
2582 4866 2674 4920 τῆς
2729 4864 2960 4931 γνώμης,
3013 4859 3168 4916 ἡτῶν
3220 4857 3630 4930 παλαισμάτων.
3666 4856 3738 4909 Οὐ
3783 4855 3867 4925 γὰρ

2279 4956 2376 5001 τῶν
2406 4951 2650 5000 τοιούτων
2673 4950 2721 5001 οἱ
2757 4952 2924 5002 πόνοι.
2971 4946 3126 4999 Ἀλλά
3178 4943 3310 5019 μηδ’
3337 4948 3363 4998 ό
3414 4955 3618 5021 χρυσῷ
3658 4949 3740 4998 τὸν
3768 4941 3868 5016 βίον

2282 5038 2634 5112 βεϐαρημένος
2681 5058 2693 5070 ·
2750 5033 2881 5109 μηδ’
2925 5039 2950 5088 ό
3008 5039 3134 5109 πρὸς
3191 5039 3338 5097 κενάς
3388 5033 3558 5098 δόξας
3613 5035 3870 5106 ἀνεπτερω-

2278 5132 2442 5200 μένος.
2473 5130 2570 5179 Τὸν
2608 5129 2732 5200 γὰρ·
2761 5129 2890 5201 πρὸς
2937 5129 3028 5186 τάς
3058 5133 3150 5177 τοῦ
3181 5131 3420 5196 σώματος
3472 5122 3676 5185 ἡδονὰς
3705 5122 3868 5176 ἐπτοη-

2277 5221 2445 5289 μένον,
2497 5213 2612 5268 οὐδ’
2677 5212 3018 5268 ἀποδύασθαι
3093 5217 3219 5289 πρὸς
3277 5218 3363 5266 τόν
3413 5212 3602 5284 ἀγῶνα
3669 5212 3866 5284 νομίζω.

2278 5305 2434 5359 Ἀλλά
2480 5311 2569 5358 καὶ
2619 5307 2845 5376 εὔχομαι
2895 5303 3071 5378 πόρρω
3123 5305 3455 5368 καθεστάναι,
3499 5303 3546 5355 εἰ
3572 5307 3645 5375 μὴ
3696 5298 3871 5374 προλα-

2278 5394 2378 5447 ϐὼν
2400 5394 2693 5471 ἐπλήρωσεν
2723 5405 2746 5439 ι
2778 5396 2796 5416 ¹
2819 5393 3001 5455 ἕκείνος
3020 5398 3111 5452 τὴν
3135 5392 3320 5466 εὐχήν.

1790 5522 2022 5579 νΑΒιλΕ
2061 5521 2350 5580 LECTION
2356 5521 2458 5578 ES.

587 5650 610 5680 ι·
635 5643 711 5696 ἶσ.
743 5644 1008 5716 γεγονότα.
1084 5655 1107 5688 8
1139 5641 1356 5696 πολλῶν.
1433 5646 1476 5687 8'
1495 5647 1671 5717 ἡμῶν.
