4088 6214
547 533 794 606 Εὖθυμίῳ
853 553 924 606 μη
933 530 1212 605 τροπολίτη
1247 529 1508 592 Κατάνης.

1475 311 1976 374 EPISTOLAHUM
2020 313 2233 372 LIBER
2271 315 2350 374 ΙΙ.

846 447 1059 496 ΕΠΙΣΤ.
1091 439 1208 496 ΚΒ’.
1867 442 1914 496 Α

3487 315 3590 374 838

2555 444 2770 500 EPIST.
2810 445 2976 500 XXII.

2275 532 2598 603 Euthymio
2645 534 2958 590 Catanensi
2992 535 3290 607 metrOpol.

1489 652 1782 702 Montacut.
1817 652 1923 716 (ep.
1959 653 2069 712 148,
2105 669 2158 719 p.
2194 657 2324 716 205).

304 775 552 827 Γενέσθαι
589 775 677 846 μὲν
710 771 823 846 ἐμοὶ
873 771 1096 843 σχολὴν,
1149 771 1282 822 ὥστε
1312 771 1378 821 τά
1408 771 1476 821 σά
1507 766 1833 840 διηγεῖσθαι,

235 864 541 936 ἀπεύχομαι
578 865 597 904 ί
641 883 654 895 ο
685 863 928 934 γενέσθαι
959 857 1038 927 δὲ,
1079 861 1212 911 ὥστε
1263 855 1392 930 μηδ’
1439 857 1682 926 ἀκοῦσαι,
1713 877 1836 933 προσ

233 952 428 1014 ἔλαϐες.
462 957 524 1004 Τί
567 948 653 1004 οὖν
690 950 883 1021 αἱτιᾴς,
916 951 994 1001 ὃτι
1023 944 1153 1020 μηδ’
1184 946 1311 1021 άπερ
1344 947 1562 1015 ἤλπισα,
1612 947 1836 1005 ηκουσα.

231 1049 323 1096 καὶ
370 1043 452 1094 ὃτι
506 1045 656 1112 σιγήν
705 1039 908 1112 ἐθέμην,
967 1037 1044 1099 οἷς
1114 1033 1252 1109 μηδὲ
1302 1040 1396 1094 τὴν
1457 1035 1617 1095 ἀκοὴν
1671 1033 1842 1099 ἡδέως

231 1130 451 1203 ἠνέῳξα.
485 1130 622 1182 Ἀλλ’
655 1129 718 1194 εἰ,
774 1125 916 1180 διότι
973 1126 1099 1186 ὅλως
1153 1130 1246 1183 τὴν
1306 1122 1465 1183 ἀκοὴν
1516 1133 1616 1177 τῶν
1671 1125 1841 1176 τοιού⁹

232 1241 332 1274 των
386 1222 656 1292 ὑπέμεινα,
728 1225 818 1278 τῆς
868 1220 982 1291 περὶ
1038 1215 1216 1286 φίλους
1294 1213 1570 1288 ὀλιγωρίας
1633 1217 1840 1286 γραφὴν

234 1312 415 1382 ἔνοχος
443 1309 740 1381 γράφεσθαι
777 1324 786 1335 ·
818 1309 871 1357 τί
917 1303 978 1357 ἂν
1024 1301 1275 1379 δράσειαν
1322 1305 1371 1355 οἱ
1401 1310 1622 1354 τοιαῦτα
1649 1298 1844 1376 δεδρα-

234 1404 402 1464 κότες,
455 1395 527 1450 δι’
575 1397 642 1447 ὧν
681 1400 770 1448 καὶ
800 1398 920 1456 τοὺς
969 1393 1146 1466 φίλους
1199 1401 1292 1455 τῆς
1325 1393 1450 1466 ὑπὲρ
1482 1391 1650 1442 αὐτῶν
1694 1388 1742 1442 ἐν
1771 1397 1840 1460 τῷ

237 1489 397 1559 λέγειν
439 1485 760 1561 παρῥησίας,
821 1484 1203 1556 ἀπεστέρησαν,
1263 1486 1354 1534 καὶ
1415 1489 1514 1532 τῶν
1570 1477 1842 1552 δυσμενῶς

238 1577 466 1650 ἐχόντων
513 1578 607 1636 τὰς
648 1574 916 1646 γλώσσας,
963 1572 1021 1624 ού
1075 1572 1192 1623 καθ’
1246 1570 1439 1623 ἑαυτῶν
1486 1574 1658 1642 μόνον,
1715 1567 1845 1622 ἀλλά

239 1671 326 1718 καὶ
377 1663 492 1716 κατ’
522 1661 722 1716 ἐκείνων
773 1663 822 1714 οἳ
877 1680 998 1715 ποτε
1049 1670 1148 1712 τῶν
1196 1659 1628 1717 πεπλησιακότων
1686 1655 1841 1724 ἦσαν,

239 1755 529 1813 ἠκόνησαν.
577 1758 641 1806 Τί
699 1749 787 1805 οὖν
843 1749 926 1804 δεῖ
973 1758 1133 1804 ποιεῖν
1163 1767 1178 1815 ,'
1214 1751 1302 1801 σὸν
1351 1748 1510 1816 ἐστιν,
1545 1745 1606 1818 (ὦ
1651 1756 1762 1808 πῶς
1790 1765 1846 1799 σε

238 1843 533 1919 προσείπω)
586 1848 675 1895 καὶ
753 1843 878 1914 ἡμῖν
958 1842 1084 1915 ύπερ
1154 1846 1270 1904 σοῦ,
1339 1837 1430 1890 εἶθ’
1480 1837 1694 1908 εὸφελες,
1753 1841 1846 1895 τὴν

238 1933 565 2008 παρρησίαν,
611 1931 671 1990 ἣν
703 1935 935 2003 εἴχομεν,
971 1926 1258 1982 ἀποδοῦναι
1282 1947 1294 1960 ο
1328 1933 1418 1979 καὶ
1451 1924 1616 1999 μηδὲν
1641 1925 1847 1978 ἀκούειν

239 2019 406 2083 ἀηδὲς
454 2025 570 2096 περὶ
620 2027 715 2072 σοῦ
748 2037 760 2048 ·
795 2019 922 2071 ἀλλά
975 2023 1065 2070 καὶ
1116 2021 1235 2078 τοὺς
1289 2024 1458 2076 κακῶς
1507 2035 1564 2068 σε
1611 2015 1849 2086 λέγοντας

236 2120 350 2178 νῦν,
421 2111 784 2182 ἐπιστομίσαι,
845 2108 916 2171 εἰς
970 2111 1064 2166 τὴν
1122 2105 1354 2182 ἀρχαίαν
1412 2100 1849 2177 ἐπαναδραμόντα

238 2203 574 2255 κατάστασιν
585 2239 598 2252 .

866 2292 1078 2340 ΕῙΙΙΣΤ.
1114 2283 1230 2338 ΚΓ.

537 2381 774 2452 Γεωργίῳ
794 2377 1150 2452 μητροπολίτη
1179 2381 1224 2429 Ν
1231 2393 1384 2447 ικομη
1394 2370 1428 2426 δ
1431 2377 1558 2436 είας.

2020 772 2161 826 Esse
2190 772 2330 828 mihi
2362 773 2570 838 otium,
2603 778 2674 830 ut
2706 789 2799 831 res
2838 780 2968 829 tuas
3012 790 3304 840 enarrem,
3338 780 3477 847 cpto
3501 793 3516 843 ;
3540 779 3602 832 at

1947 874 2022 915 ne
2043 861 2480 932 easintelligam
2497 863 2916 934 praeveniendo
2930 863 3156 919 cavisti.
3169 865 3317 929 Quid
3333 866 3600 922 causaris

1949 964 2112 1020 ergo,
2139 950 2304 1022 quod
2342 967 2478 1024 quae
2505 968 2626 1008 non
2661 953 3001 1025 sperabam,
3027 954 3270 1009 audiam
3305 972 3318 1018 ;
3353 959 3406 1010 et
3436 954 3602 1026 quod

1949 1038 2182 1096 silentio
2195 1042 2534 1108 texerimus,
2551 1042 3084 1114 quaelibensfando
3099 1059 3217 1098 non
3234 1044 3602 1116 acciperem?

1951 1129 2124 1193 Quod
2154 1130 2201 1184 si
2232 1137 2452 1196 autem,
2486 1133 2624 1204 quia
2648 1131 2830 1188 fando
2860 1134 3198 1189 necessaria
3229 1134 3454 1204 accepi,
3477 1134 3605 1203 dig-

1952 1233 2063 1272 nus
2093 1234 2227 1274 sum
2251 1220 2345 1274 cui
2375 1220 2571 1276 dicam
2604 1221 2897 1277 scribatur
2925 1226 3280 1294 contemptae
3303 1222 3602 1278 amicitiae.

1952 1306 2102 1372 Quid
2132 1313 2188 1363 et
2207 1307 2289 1364 illi
2319 1307 2560 1375 faciant,
2579 1311 2680 1382 qui
2708 1309 2846 1366 talia
2870 1309 3116 1380 faciunt,
3139 1326 3276 1383 quae
3302 1317 3357 1367 et
3379 1312 3606 1368 amicos

1951 1395 2216 1452 libertate
2237 1398 2466 1468 privent
2488 1414 2596 1470 pro
2623 1399 2766 1470 ipsis
2787 1399 3043 1465 dicendi,
3061 1404 3118 1456 et
3148 1401 3474 1456 malevolas
3497 1402 3608 1457 lin-

1881 1519 1922 1573 Β
1953 1500 2097 1555 guas
2128 1501 2247 1542 non
2281 1492 2510 1544 tantum
2540 1488 2598 1543 in
2622 1487 2808 1561 ipsos,
2840 1489 2944 1545 sed
2971 1489 3031 1544 in
3060 1506 3162 1545 eos
3183 1490 3360 1546 etiam
3387 1491 3608 1562 quibus

1952 1574 2094 1630 olim
2125 1575 2440 1632 utebantur
2487 1577 2876 1643 familiariter,
2911 1584 3232 1635 exacuunt.
3257 1579 3410 1646 Quid
3464 1595 3606 1648 ergo

1953 1663 2328 1726 faciendum?
2355 1665 2474 1722 Hoc
2501 1666 2577 1722 ad
2609 1672 2662 1722 te
2714 1673 2941 1738 spectat
2988 1669 3048 1740 (ο
3105 1684 3220 1738 quo
3253 1673 3308 1723 te
3362 1667 3608 1724 nomine

1955 1755 2305 1826 compellem
2339 1755 2377 1826 l)
2411 1761 2485 1822 et,
2515 1755 2659 1811 mihi
2687 1755 3017 1813 libertatem
3061 1756 3425 1823 condonare,
3460 1758 3508 1812 si
3550 1756 3614 1812 id

1955 1843 2260 1915 placuerit,
2297 1845 2441 1900 satis
2467 1845 2708 1900 abunde
2728 1845 2862 1918 jam
2879 1845 3019 1902 olim
3038 1845 3221 1901 habui
3250 1861 3263 1912 ;
3298 1849 3355 1900 et
3385 1851 3443 1902 ut
3464 1845 3614 1901 nihil

1957 1933 2031 1988 de
2056 1939 2112 1990 te
2134 1934 2378 1990 audiam
2409 1935 2570 2006 quod
2606 1934 2852 1991 minime
2876 1935 3066 2006 placet
3099 1955 3114 2004 ;
3147 1935 3252 1991 sed
3281 1942 3342 1990 tu
3367 1940 3442 1990 ad
3464 1936 3616 2008 prio-

1957 2038 2082 2079 rem
2109 2023 2596 2080 constitutionem
2627 2024 3009 2092 revolvendo,
3054 2040 3262 2080 eorum
3294 2041 3396 2080 ora
3425 2025 3530 2096 qui
3562 2031 3614 2080 te

1957 2127 2119 2168 nunc
2147 2112 2429 2179 lacerant,
2463 2113 2794 2169 obturabis.

2549 2283 2762 2340 EPIST.
2835 2283 3021 2339 XXIII.

2212 2372 2457 2445 Georgio
2477 2373 2867 2442 metropolitae
2916 2371 3363 2429 Nicomediensi.

1517 2498 1817 2551 Montacut.
1844 2499 1953 2564 (ep.
1995 2501 2104 2558 169,
2131 2514 2190 2563 p.
2228 2499 2358 2564 243).

327 2641 447 2693 Εἴθε
475 2658 564 2712 μοι
593 2647 691 2690 τῶν
725 2645 828 2690 σῶν
859 2633 920 2695 ἧν
951 2634 1194 2708 ἐνάμιλλα
1239 2634 1404 2706 λόγων
1435 2635 1500 2686 τά
1539 2636 1666 2706 ἔργα
1703 2651 1716 2664 ⁶
1753 2634 1860 2706 οὐχ

255 2731 340 2781 ἳνα
390 2728 536 2789 κλέος
591 2731 727 2789 ὄντες
785 2721 1140 2799 ἀκεστορίδων
1189 2725 1416 2784 Γαληνός
1457 2725 1542 2774 καὶ
1583 2723 1862 2795 Ἱπποκρά-

2043 2618 2286 2677 Utinam
2321 2632 2392 2672 ex
2423 2632 2599 2688 aequo
2627 2615 2824 2672 verbis
2856 2615 2970 2671 tuis
3005 2630 3190 2688 opera
3219 2632 3356 2672 mea
3384 2631 3625 2689 respon-

1971 2707 2196 2778 derent,
2222 2722 2344 2763 non
2371 2711 2435 2761 ut
2460 2705 2872 2762 Acestoridum
2905 2703 3115 2775 gloria,
3137 2705 3396 2760 Galenus
3430 2706 3632 2778 etHip-

253 2837 370 2886 της,
425 2820 490 2878 ὡς
544 2817 699 2878 αύτὸς
750 2817 892 2887 ἡμᾶς
967 2814 1186 2874 θειάζων
1247 2814 1481 2886 γράφεις,
1530 2811 1860 2874 ’Υπεξίσταν-

1979 2803 2293 2870 procrates,
2320 2801 2380 2853 ut
2401 2802 2520 2852 tute
2552 2811 2644 2852 me
2664 2795 2950 2852 encomiis
2973 2810 3195 2850 ornans
3235 2796 3464 2860 scribis,
3484 2797 3629 2852 mihi

254 2913 344 2960 ταί
365 2927 458 2979 μοι
512 2914 612 2958 τῶν
663 2909 962 2977 πρωτείων·
1000 2900 1114 2956 οὐδ’
1174 2905 1255 2954 ἶνα
1305 2911 1402 2954 τῶν
1456 2899 1860 2959 Ἀσκληπιαδῶν

251 3001 314 3050 τὸ
352 3001 488 3069 μέγα
517 2996 677 3067 ὃνομα
704 3003 776 3066 τῷ
802 2996 1033 3064 ἡμετέρῳ
1089 2993 1463 3062 καταχωσθείη
1500 3006 1514 3020 ⁸
1549 2988 1657 3041 ἀλλ’
1704 2992 1773 3052 ὡς
1801 2992 1862 3042 ἄν

253 3085 389 3155 εἴην,
425 3085 472 3138 εἰ
514 3089 605 3137 καὶ
649 3088 720 3156 μὴ
781 3085 907 3156 πρὸς
954 3082 1121 3156 ἕτερόν
1173 3100 1308 3145 τινα,
1366 3079 1470 3132 ἀλλ’
1501 3076 1588 3132 οὖν
1619 3078 1666 3131 ἐν
1696 3082 1861 3151 τούτῳ

250 3193 314 3247 γε
343 3183 418 3246 τῷ
469 3178 611 3247 μέρει
661 3173 826 3246 μικρά
874 3191 955 3233 τις
1011 3173 1148 3223 κατά
1193 3177 1296 3223 τῶν
1349 3177 1654 3242 σωματικῶν
1684 3171 1861 3220 παθῶν

253 3272 364 3325 τοῖς
393 3263 562 3336 φίλοις
591 3267 680 3315 καὶ
704 3260 977 3323 συνάθλοις
1005 3259 1298 3333 ἐπικουρία.

868 3355 1080 3404 ΕΠΙΣΤ.
1140 3353 1256 3402 ΚΔ’·

549 3437 808 3514 Θεοδώρῳ
832 3439 1190 3514 μητροπολίτη
1237 3434 1574 3500 Λαοδικείας.

1971 2887 2248 2944 cedentes
2281 2887 2505 2958 primas
2537 2886 2748 2941 darent
2776 2901 2884 2940 nec
2928 2889 2992 2940 ut
3020 2884 3232 2954 ingens
3263 2884 3407 2940 illud
3437 2885 3630 2940 Ascle-

1971 2977 2289 3050 piadarum
2316 2991 2537 3031 nomen
2566 2981 2766 3030 nostro
2795 2974 3037 3030 nomine
3055 2973 3425 3040 obrueretur,
3445 2975 3548 3030 sed
3568 2980 3632 3030 ut

1974 3069 2304 3139 praestetur,
2332 3065 2460 3120 licet
2487 3079 2606 3120 non
2639 3064 2708 3119 ad
2741 3063 2904 3120 aliud
2923 3063 3258 3135 quidpiam,
3283 3063 3494 3119 saltem
3515 3064 3630 3120 hac

1971 3156 2033 3211 in
2063 3160 2227 3226 parte
2253 3153 2537 3224 exiguum
2569 3152 2713 3225 quid
2746 3152 2946 3224 quoad
2981 3151 3249 3224 corporis
3310 3153 3625 3224 passiones

1973 3245 2183 3302 amicis
2239 3249 2296 3301 et
2345 3242 2693 3316 synathletis
2747 3241 3054 3298 auxilium.

2611 3331 2830 3387 EPIST.
2896 3331 3058 3387 XXIV

2265 3421 2566 3479 Theodoro
2590 3421 2976 3490 metropolitz
2996 3418 3346 3476 Laodiceno.

1522 3563 1820 3614 Montacut.
1856 3561 1962 3623 (ep.
1999 3555 2109 3612 171,
2145 3565 2204 3616 p.
2245 3550 2380 3611 244).

335 3687 572 3760 ’Λρότρῳ
627 3687 738 3757 μεν,
787 3684 853 3744 ὡς
907 3684 937 3741 ἡ
984 3686 1242 3756 παροιμία
1315 3685 1494 3754 φησὶν,
1558 3678 1866 3746 ἀκοντίζεις,

261 3777 382 3831 ἀντὶ
437 3783 530 3830 τοῦ
576 3780 835 3848 μετανοεῖν
894 3774 1286 3847 θρασυνόμενος.
1337 3771 1413 3823 Ού
1446 3772 1548 3845 γὰρ
1599 3773 1869 3842 μετανοίας

263 3867 378 3922 ἀλλ’
449 3865 710 3930 ἀπονοίας,
788 3861 956 3933 ἑαυτῷ
1030 3869 1130 3914 τῶν
1209 3859 1533 3933 ἐσφαλμένων
1586 3857 1870 3934 ἐπιτρέπειν

265 3963 366 4016 τὴν
400 3959 739 4027 συγγνώμην.
789 3951 848 4006 Εἰ
879 3947 939 4004 δέ
971 3970 1055 4003 σοι
1110 3955 1200 4002 καὶ
1249 3950 1423 4022 ληρεῖν
1455 3945 1692 4019 δόξαιμι,
1719 3948 1869 3998 ἔσται

267 4067 355 4100 σοι
387 4045 482 4098 οὐκ
513 4045 586 4106 εἰς
633 4041 839 4116 μακράν
869 4043 927 4092 τὸ
981 4035 1360 4114 παροιμιῶδες,
1413 4045 1648 4109 συνεχῶς
1681 4034 1757 4087 ἐπ’
1793 4036 1874 4109 ἔρ-

262 4155 379 4209 γοις
402 4131 676 4207 ᾀδόμενον,
703 4130 860 4205 Ἀρτι
885 4136 981 4202 μῦς
1001 4133 1183 4188 πίττης
1206 4130 1434 4197 γεύεται.

883 4224 1102 4274 ΕΙΙΙΣΤ.
1153 4217 1275 4274 ΚΕ’.

523 4311 833 4384 Εύσχὴμονι
862 4308 1265 4383 ἀρχιεπισκόπω
1300 4308 1625 4378 Καισαρείας.

2046 3672 2276 3734 Aratro,
2299 3664 2464 3738 quod
2486 3664 2810 3737 proverbiis
2832 3668 3176 3736 usurpatur,
3197 3661 3502 3734 jacularis,
3527 3660 3633 3734 qui

1978 3777 2118 3817 cum
2146 3759 2366 3814 debeas
2406 3753 2715 3828 pmnitcre,
2760 3753 3082 3810 audaciam
3121 3769 3315 3824 urges.
3343 3756 3456 3809 Nec
3474 3752 3635 3808 enim

1977 3847 2340 3922 pmnitentis,
2372 3844 2477 3899 sed
2508 3843 2858 3898 insanientis
2877 3849 2966 3898 est
3014 3843 3254 3898 sibimet
3299 3842 3638 3913 permittere

1980 3931 2780 3994 errorumcondonationem.
2797 3930 2962 3994 Quod
2977 3931 3024 3984 si
3042 3930 3141 3986 tibi
3158 3931 3357 3985 videro
3371 3929 3640 3993 delirare,

1981 4028 2042 4085 in
2069 4033 2122 4083 te
2147 4021 2528 4100 proverbium
2559 4019 2717 4092 quod
2743 4035 2863 4074 non
2890 4021 2969 4076 ita
3007 4019 3238 4075 dudum
3287 4034 3441 4090 saepe
3453 4018 3644 4090 jacta-

1987 4122 2118 4176 tum
2146 4111 2463 4188 quadravit
2493 4127 2506 4166 :
2541 4111 2664 4166 Mus
2692 4108 2911 4164 scilicet
2949 4108 3146 4180 picem
3174 4107 3460 4179 gustavit.

2557 4198 2770 4255 EPIST.
2814 4196 2976 4254 XXV.

1914 4296 1960 4350 D
2239 4289 2638 4349 Euschemom'
2663 4290 2946 4346 Caesareae
2964 4285 3422 4359 archiepiscopo.

1534 4429 1832 4478 Montacut.
1874 4425 1980 4490 (ep.
2016 4421 2124 4478 173,
2161 4433 2215 4483 p.
2249 4417 2388 4480 245).

349 4547 522 4610 Ούδεν
595 4551 918 4621 θαυμαστὸν,
973 4548 1017 4601 εἰ
1074 4551 1146 4620 μὴ
1197 4553 1303 4608 τοῖς
1385 4541 1612 4606 δικαίοις
1658 4544 1879 4603 ἅπαντες

273 4646 566 4715 χαίρουσιν
600 4658 612 4670 ⁸
658 4637 765 4690 ἀλλ’
827 4636 986 4691 έκεῖνο
1045 4638 1342 4708 θαυμαστὸν
1399 4632 1460 4686 ἂν
1509 4631 1571 4692 ἦν
1627 4637 1716 4685 καὶ
1767 4631 1882 4684 λίαν

276 4727 516 4792 ἐνδίκως,
573 4729 616 4782 εἰ
668 4729 852 4787 πάντες
895 4724 981 4778 ὑπ’
1035 4725 1313 4796 ὀφθαλμοῖς
1359 4731 1450 4784 τῆς
1498 4719 1660 4784 δίκης
1711 4721 1881 4773 ἐπολι-

277 4821 508 4872 τεύοντο.
553 4818 858 4888 Ἀγαπητόν
910 4811 961 4868 δ’
999 4812 1132 4886 ἐμοὶ,
1186 4811 1279 4866 κᾶν
1345 4815 1393 4866 οἱ
1446 4811 1649 4872 πλείους
1702 4809 1882 4868 εἴησαν

279 4910 432 4981 (ὅπερ
463 4907 558 4960 οὐκ
611 4905 751 4977 ἐστὶ)
799 4903 937 4976 φίλοι
990 4910 1082 4956 τοῦ
1115 4899 1346 4956 δικαίου.
1397 4897 1605 4974 Μερίδα
1656 4901 1745 4971 μεν
1780 4902 1881 4971 γὰρ

280 4996 468 5069 ὢλγην
499 4998 601 5068 ὁρῶ
647 4995 908 5070 ῥέπουσαν
966 4991 1032 5052 εἰς
1083 4987 1447 5056 δικαιοσύνην,
1496 4993 1554 5041 τὸ
1605 4985 1664 5041 δε
1694 4986 1886 5046 πλῆθος

276 5085 587 5160 ἑπισύρεται
643 5085 672 5142 ἡ
713 5079 918 5138 ἀδικία.
972 5079 1094 5133 Ὀτε
1139 5083 1306 5132 τοίνυν
1354 5078 1513 5138 οὕτως
1556 5079 1668 5148 ἔχει
1723 5083 1890 5127 ταῦτα

277 5180 330 5228 τί
359 5170 554 5232 δήποτε
584 5172 752 5234 ἀλύεις
809 5175 874 5224 σύ
930 5173 1021 5222 καὶ
1061 5167 1367 5241 ἀσχάλλεις,
1423 5169 1504 5220 ὅτι
1550 5170 1607 5218 τὸ
1659 5161 1884 5227 δίκαιον,

275 5260 358 5326 οἷς
389 5263 532 5315 ἐστιν
584 5262 790 5327 οἰκεῖον,
847 5260 1132 5332 ἀπονέμων,
1187 5261 1288 5310 ὑπὸ
1344 5265 1443 5310 τῶν
1495 5259 1560 5308 τὰ
1591 5251 1775 5307 δίκαια
1804 5272 1889 5324 μι-

279 5356 514 5406 σούντων
569 5357 664 5410 τὴν
715 5355 838 5410 ἶσην
878 5349 1028 5422 ὕϐριν
1079 5347 1370 5420 ύπομένεις.
1424 5345 1733 5398 Τούνάντιον
1785 5344 1886 5416 γὰρ

275 5441 450 5516 ἆχρῆν
502 5460 559 5495 σε
600 5441 996 5514 σκυθρωπάζειν
1025 5442 1114 5490 καὶ¹
1175 5437 1348 5498 ζητεῖν
1378 5434 1529 5487 λύσιν
1583 5433 1746 5506 εὑρεῖν
1798 5437 1890 5482 τοῦ

2057 4536 2264 4592 Mirum
2295 4547 2420 4589 non
2449 4535 2562 4602 est,
2583 4530 2630 4586 si
2647 4529 2824 4602 justis
2849 4528 3202 4586 hominibus
3223 4527 3492 4600 plerique
3518 4541 3646 4582 om-

1988 4641 2096 4683 nes
2107 4623 2271 4681 haud
2295 4622 2472 4695 plane
2487 4620 2874 4675 delectantur.
2899 4619 3050 4674 Illud
3069 4623 3265 4673 autem
3302 4615 3646 4670 mirandum

1992 4715 2206 4786 magis,
2240 4713 2285 4768 si
2315 4717 2606 4782 tanquam
2633 4712 2694 4764 in
2719 4713 3035 4778 conspectu
3063 4706 3326 4776 justitiae,
3355 4719 3566 4760 omnes
3591 4708 3650 4758 et

1991 4803 2210 4874 singuli
2235 4801 2366 4857 vita:
2385 4815 2629 4855 cursum
2658 4797 2986 4852 instituant.
3013 4795 3145 4850 Mihi
3165 4793 3385 4848 sufﬁcit
3408 4793 3454 4847 si
3486 4792 3651 4864 plus-

1993 4893 2106 4949 culi
2137 4892 2253 4947 sint
2286 4906 2301 4956 ;
2331 4893 2393 4944 ut
2438 4894 2592 4943 certe
2623 4885 2798 4958 pauci
2838 4890 2974 4939 sunt
3023 4883 3192 4951 tales,
3224 4883 3328 4954 qui
3356 4882 3649 4953 justitiam

1994 4977 2656 5038 consectantur.Partem
2671 4990 2816 5030 sane
2832 4988 2954 5028 non
2971 4986 3249 5042 magnam
3261 4971 3340 5027 ad
3353 4973 3371 5041 j
3385 4970 3648 5027 ustitiam

1994 5069 2310 5127 colendam
2326 5081 2660 5139 propensos
2679 5061 3310 5128 video,multitudinem
3324 5061 3399 5116 ad
3417 5076 3479 5116 se
3493 5060 3649 5132 rapit

1996 5158 2303 5231 injustitia.
2336 5155 2470 5212 Haec
2493 5155 2573 5210 ita
2595 5169 2657 5208 se
2674 5151 2916 5216 habere,
2939 5150 3087 5223 quid
3107 5155 3227 5207 tute
3245 5151 3509 5214 hasitas.
3540 5149 3648 5222 qui

1998 5265 2135 5304 cum
2157 5247 2314 5318 juste
2339 5243 2631 5316 justitiam
2685 5241 2780 5298 cui
2826 5240 3078 5296 debetur
3130 5239 3536 5305 administras,
3571 5239 3650 5294 ab

2000 5338 2113 5394 illis
2137 5335 2357 5408 quibus
2382 5335 2611 5404 justum
2647 5331 2812 5403 quod
2839 5335 2950 5395 est,
2983 5330 3264 5387 odiosum
3295 5335 3401 5394 est,
3433 5328 3659 5402 pariter

2001 5431 2267 5499 reportas
2292 5422 2738 5480 contumeliam.
2772 5420 3030 5479 Omnino
3056 5425 3110 5478 te
3136 5420 3336 5477 decuit
3356 5415 3658 5477 contrario

1633 5571 1874 5632 VARIIE
1911 5569 2198 5630 LECTION
2207 5568 2308 5624 ES.

373 5735 394 5770 ⁸
446 5729 762 5806 ἕπεύχομαι.
