  <div class='ocr_page' id='page_1' title='image "/cluster/home/n/w/nwhite01/storage/ocr_20150623/102/hvd.32044073502155/453.png"; bbox 0 0 4088 6214; ppageno 0'>
   <div class='ocr_carea' id='block_1_1' title="bbox 523 215 2137 356">
    <p class='ocr_par' dir='ltr' id='par_1_1' title="bbox 528 270 2137 356">
     <span class='ocr_line' id='line_1_1' title="bbox 528 270 2137 356; baseline -0.007 -17"><span class='ocrx_word' id='word_1_1' title='bbox 528 285 636 339; x_wconf 84' lang='grc'>839</span> <span class='ocrx_word' id='word_1_2' title='bbox 1132 347 1136 356; x_wconf 22' lang='lat'>,</span> <span class='ocrx_word' id='word_1_3' title='bbox 1763 270 1998 330; x_wconf 84' lang='lat' dir='ltr'>PHOTII</span> <span class='ocrx_word' id='word_1_4' title='bbox 2037 271 2137 328; x_wconf 88' lang='lat' dir='ltr'>PA&#39;</span> 
     </span>
    </p>
   </div>
   <div class='ocr_carea' id='block_1_2' title="bbox 2235 215 3849 356">
    <p class='ocr_par' dir='ltr' id='par_1_2' title="bbox 2235 262 3849 336">
     <span class='ocr_line' id='line_1_2' title="bbox 2235 262 3849 336; baseline 0.006 -10"><span class='ocrx_word' id='word_1_5' title='bbox 2235 262 2520 328; x_wconf 66' lang='lat' dir='ltr'>IARCHAE</span> <span class='ocrx_word' id='word_1_6' title='bbox 2552 267 2661 329; x_wconf 77' lang='grc' dir='ltr'>ΟΡ.</span> <span class='ocrx_word' id='word_1_7' title='bbox 3772 277 3849 336; x_wconf 77' lang='grc'>840</span> 
     </span>
    </p>
   </div>
   <div class='ocr_carea' id='block_1_3' title="bbox 527 395 2141 477">
    <p class='ocr_par' dir='ltr' id='par_1_3' title="bbox 527 397 2141 470">
     <span class='ocr_line' id='line_1_3' title="bbox 527 397 2141 470; baseline -0.007 -5"><span class='ocrx_word' id='word_1_8' title='bbox 527 408 707 466; x_wconf 90' lang='lat' dir='ltr'>modo</span> <span class='ocrx_word' id='word_1_9' title='bbox 741 407 1020 463; x_wconf 68' lang='lat' dir='ltr'>affectum</span> <span class='ocrx_word' id='word_1_10' title='bbox 1052 421 1200 470; x_wconf 90' lang='lat' dir='ltr'>esse,</span> <span class='ocrx_word' id='word_1_11' title='bbox 1236 410 1404 460; x_wconf 87' lang='lat' dir='ltr'>torvo</span> <span class='ocrx_word' id='word_1_12' title='bbox 1436 400 1598 456; x_wconf 89' lang='lat' dir='ltr'>vultu</span> <span class='ocrx_word' id='word_1_13' title='bbox 1624 414 1726 455; x_wconf 91' lang='lat' dir='ltr'>eos</span> <span class='ocrx_word' id='word_1_14' title='bbox 1766 398 2001 462; x_wconf 89' lang='lat' dir='ltr'>intueri,</span> <span class='ocrx_word' id='word_1_15' title='bbox 2031 402 2087 454; x_wconf 88' lang='lat' dir='ltr'>et</span> <span class='ocrx_word' id='word_1_16' title='bbox 2127 397 2141 453; x_wconf 92' lang='lat' dir='ltr'>i</span> 
     </span>
    </p>
   </div>
   <div class='ocr_carea' id='block_1_4' title="bbox 2245 395 3859 477">
    <p class='ocr_par' dir='ltr' id='par_1_4' title="bbox 2245 395 3859 477">
     <span class='ocr_line' id='line_1_4' title="bbox 2245 395 3859 477; baseline 0.003 -28"><span class='ocrx_word' id='word_1_17' title='bbox 2245 395 2577 459; x_wconf 62' lang='lat' dir='ltr'>tlunoﬁvro;</span> <span class='ocrx_word' id='word_1_18' title='bbox 2606 398 2649 450; x_wconf 84' lang='grc' dir='ltr'>εἰ</span> <span class='ocrx_word' id='word_1_19' title='bbox 2707 400 2754 451; x_wconf 82' lang='grc' dir='ltr'>οἱ</span> <span class='ocrx_word' id='word_1_20' title='bbox 2794 406 2888 461; x_wconf 81' lang='grc' dir='ltr'>τῆς</span> <span class='ocrx_word' id='word_1_21' title='bbox 2937 396 3095 460; x_wconf 87' lang='grc' dir='ltr'>δίκης</span> <span class='ocrx_word' id='word_1_22' title='bbox 3143 398 3326 472; x_wconf 84' lang='grc' dir='ltr'>ἐχθροί</span> <span class='ocrx_word' id='word_1_23' title='bbox 3377 418 3458 452; x_wconf 91' lang='grc' dir='ltr'>σοι</span> <span class='ocrx_word' id='word_1_24' title='bbox 3515 399 3663 472; x_wconf 77' lang='grc' dir='ltr'>φίλην</span> <span class='ocrx_word' id='word_1_25' title='bbox 3707 400 3859 477; x_wconf 74' lang='grc' dir='ltr'>ἐχαρί-</span> 
     </span>
    </p>
   </div>
   <div class='ocr_carea' id='block_1_5' title="bbox 527 485 2141 568">
    <p class='ocr_par' dir='ltr' id='par_1_5' title="bbox 527 488 2141 568">
     <span class='ocr_line' id='line_1_5' title="bbox 527 488 2141 568; baseline -0.007 -14"><span class='ocrx_word' id='word_1_26' title='bbox 527 513 703 568; x_wconf 88' lang='lat' dir='ltr'>agere</span> <span class='ocrx_word' id='word_1_27' title='bbox 722 497 930 552; x_wconf 90' lang='lat' dir='ltr'>sedulo</span> <span class='ocrx_word' id='word_1_28' title='bbox 955 501 1016 551; x_wconf 89' lang='lat' dir='ltr'>ut</span> <span class='ocrx_word' id='word_1_29' title='bbox 1036 494 1300 550; x_wconf 87' lang='lat' dir='ltr'>solamen</span> <span class='ocrx_word' id='word_1_30' title='bbox 1321 492 1588 547; x_wconf 84' lang='lat' dir='ltr'>invenias</span> <span class='ocrx_word' id='word_1_31' title='bbox 1616 489 1768 544; x_wconf 89' lang='lat' dir='ltr'>illius</span> <span class='ocrx_word' id='word_1_32' title='bbox 1795 488 1957 559; x_wconf 89' lang='lat' dir='ltr'>quod</span> <span class='ocrx_word' id='word_1_33' title='bbox 1977 495 2028 543; x_wconf 85' lang='lat' dir='ltr'>te</span> <span class='ocrx_word' id='word_1_34' title='bbox 2049 503 2141 543; x_wconf 70' lang='lat' dir='ltr'>co:</span> 
     </span>
    </p>
   </div>
   <div class='ocr_carea' id='block_1_6' title="bbox 1131 485 2745 568">
    <p class='ocr_par' dir='ltr' id='par_1_6' title="bbox 1131 485 2745 559">
     <span class='ocr_line' id='line_1_6' title="bbox 1131 485 2745 559; baseline -0.006 -10"><span class='ocrx_word' id='word_1_35' title='bbox 1131 509 1300 549; x_wconf 95' lang='lat' dir='ltr'>amen</span> <span class='ocrx_word' id='word_1_36' title='bbox 1321 492 1588 547; x_wconf 83' lang='lat' dir='ltr'>invenias</span> <span class='ocrx_word' id='word_1_37' title='bbox 1616 489 1768 544; x_wconf 83' lang='lat' dir='ltr'>illius</span> <span class='ocrx_word' id='word_1_38' title='bbox 1795 488 1957 559; x_wconf 89' lang='lat' dir='ltr'>quod</span> <span class='ocrx_word' id='word_1_39' title='bbox 1977 495 2028 543; x_wconf 87' lang='lat' dir='ltr'>te</span> <span class='ocrx_word' id='word_1_40' title='bbox 2049 503 2186 543; x_wconf 91' lang='lat' dir='ltr'>con-</span> <span class='ocrx_word' id='word_1_41' title='bbox 2300 486 2447 547; x_wconf 82' lang='grc' dir='ltr'>ζοντο</span> <span class='ocrx_word' id='word_1_42' title='bbox 2477 485 2745 558; x_wconf 71' lang='grc' dir='ltr'>γλῶσσαν.</span> 
     </span>
    </p>
   </div>
   <div class='ocr_carea' id='block_1_7' title="bbox 528 579 2162 650">
    <p class='ocr_par' dir='ltr' id='par_1_7' title="bbox 528 579 2162 650">
     <span class='ocr_line' id='line_1_7' title="bbox 528 579 2162 650; baseline -0.007 -7"><span class='ocrx_word' id='word_1_43' title='bbox 528 589 826 643; x_wconf 87' lang='lat' dir='ltr'>tristatum</span> <span class='ocrx_word' id='word_1_44' title='bbox 856 585 1082 648; x_wconf 84' lang='lat' dir='ltr'>reddet,</span> <span class='ocrx_word' id='word_1_45' title='bbox 1109 583 1158 638; x_wconf 88' lang='lat' dir='ltr'>si</span> <span class='ocrx_word' id='word_1_46' title='bbox 1189 582 1369 637; x_wconf 89' lang='lat' dir='ltr'>modo</span> <span class='ocrx_word' id='word_1_47' title='bbox 1388 581 1587 636; x_wconf 81' lang='lat' dir='ltr'>hostes</span> <span class='ocrx_word' id='word_1_48' title='bbox 1613 579 1714 650; x_wconf 86' lang='lat' dir='ltr'>qui</span> <span class='ocrx_word' id='word_1_49' title='bbox 1751 595 1812 632; x_wconf 88' lang='lat' dir='ltr'>se</span> <span class='ocrx_word' id='word_1_50' title='bbox 1832 579 2028 648; x_wconf 79' lang='lat' dir='ltr'>justos</span> <span class='ocrx_word' id='word_1_51' title='bbox 2053 593 2162 649; x_wconf 92' lang='lat' dir='ltr'>pro</span> 
     </span>
    </p>
   </div>
   <div class='ocr_carea' id='block_1_8' title="bbox 527 667 2013 744">
    <p class='ocr_par' dir='ltr' id='par_1_8' title="bbox 527 667 2013 744">
     <span class='ocr_line' id='line_1_8' title="bbox 527 667 2013 744; baseline -0.007 -10"><span class='ocrx_word' id='word_1_52' title='bbox 527 677 784 742; x_wconf 84' lang='lat' dir='ltr'>ﬁtentur,</span> <span class='ocrx_word' id='word_1_53' title='bbox 816 675 1084 744; x_wconf 80' lang='lat' dir='ltr'>linguam</span> <span class='ocrx_word' id='word_1_54' title='bbox 1108 672 1212 728; x_wconf 92' lang='lat' dir='ltr'>tibi</span> <span class='ocrx_word' id='word_1_55' title='bbox 1259 671 1517 726; x_wconf 81' lang='lat' dir='ltr'>amicam</span> <span class='ocrx_word' id='word_1_56' title='bbox 1547 668 1749 738; x_wconf 90' lang='lat' dir='ltr'>largiri</span> <span class='ocrx_word' id='word_1_57' title='bbox 1782 667 2013 723; x_wconf 86' lang='lat' dir='ltr'>vellent.</span> 
     </span>
    </p>
   </div>
   <div class='ocr_carea' id='block_1_9' title="bbox 1159 757 2773 842">
    <p class='ocr_par' dir='ltr' id='par_1_9' title="bbox 1159 760 1566 818">
     <span class='ocr_line' id='line_1_9' title="bbox 1159 760 1566 818; baseline -0.015 -1"><span class='ocrx_word' id='word_1_58' title='bbox 1159 763 1372 818; x_wconf 85' lang='lat' dir='ltr'>EPIST.</span> <span class='ocrx_word' id='word_1_59' title='bbox 1389 760 1566 816; x_wconf 83' lang='lat' dir='ltr'>XXVI.</span> 
     </span>
    </p>
   </div>
   <div class='ocr_carea' id='block_1_10' title="bbox 1677 757 3291 842">
    <p class='ocr_par' dir='ltr' id='par_1_10' title="bbox 2901 757 3291 842">
     <span class='ocr_line' id='line_1_10' title="bbox 2901 757 3291 842; baseline 0.005 -31"><span class='ocrx_word' id='word_1_60' title='bbox 2901 764 3114 812; x_wconf 85' lang='grc' dir='ltr'>ΕΠΙΣΤ.</span> <span class='ocrx_word' id='word_1_61' title='bbox 3150 757 3291 842; x_wconf 68' lang='grc' dir='ltr'>κς.</span> 
     </span>
    </p>
   </div>
   <div class='ocr_carea' id='block_1_11' title="bbox 707 849 2321 950">
    <p class='ocr_par' dir='ltr' id='par_1_11' title="bbox 707 849 2006 919">
     <span class='ocr_line' id='line_1_11' title="bbox 707 849 2006 919; baseline -0.005 -8"><span class='ocrx_word' id='word_1_62' title='bbox 707 857 895 913; x_wconf 79' lang='lat' dir='ltr'>Paulo</span> <span class='ocrx_word' id='word_1_63' title='bbox 952 853 1233 910; x_wconf 58' lang='lat' dir='ltr'>Casareaa</span> <span class='ocrx_word' id='word_1_64' title='bbox 1292 851 1738 918; x_wconf 80' lang='lat' dir='ltr'>archiepiscopo</span> <span class='ocrx_word' id='word_1_65' title='bbox 1817 849 2006 919; x_wconf 79' lang='lat' dir='ltr'>lapso.</span> 
     </span>
    </p>
   </div>
   <div class='ocr_carea' id='block_1_12' title="bbox 2161 849 3775 950">
    <p class='ocr_par' dir='ltr' id='par_1_12' title="bbox 2403 859 3775 946">
     <span class='ocr_line' id='line_1_12' title="bbox 2403 859 3775 946; baseline 0.001 -35"><span class='ocrx_word' id='word_1_66' title='bbox 2403 859 2590 932; x_wconf 81' lang='grc' dir='ltr'>Παύλῳ</span> <span class='ocrx_word' id='word_1_67' title='bbox 2627 866 2864 932; x_wconf 71' lang='grc' dir='ltr'>γεγονότι</span> <span class='ocrx_word' id='word_1_68' title='bbox 2899 860 3303 946; x_wconf 63' lang='grc' dir='ltr'>ἰξρχιεπισκόπῳ</span> <span class='ocrx_word' id='word_1_69' title='bbox 3348 865 3659 935; x_wconf 75' lang='grc' dir='ltr'>Καισαρείας</span> <span class='ocrx_word' id='word_1_70' title='bbox 3697 866 3775 913; x_wconf 80' lang='grc' dir='ltr'>καὶ</span> 
     </span>
    </p>
   </div>
   <div class='ocr_carea' id='block_1_13' title="bbox 2906 952 3288 991">
    <p class='ocr_par' dir='ltr' id='par_1_13' title="bbox 2906 952 3288 991">
     <span class='ocr_line' id='line_1_13' title="bbox 2906 952 3288 991; baseline -0.003 -7"><span class='ocrx_word' id='word_1_71' title='bbox 2906 952 3109 991; x_wconf 88' lang='grc' dir='ltr'>αποστη</span> <span class='ocrx_word' id='word_1_72' title='bbox 3120 952 3288 986; x_wconf 90' lang='grc' dir='ltr'>σαντι.</span> 
     </span>
    </p>
   </div>
   <div class='ocr_carea' id='block_1_14' title="bbox 1775 1045 2611 1118">
    <p class='ocr_par' dir='ltr' id='par_1_14' title="bbox 1775 1045 2611 1118">
     <span class='ocr_line' id='line_1_14' title="bbox 1775 1045 2611 1118; baseline 0.011 -23"><span class='ocrx_word' id='word_1_73' title='bbox 1775 1045 2066 1097; x_wconf 74' lang='lat' dir='ltr'>Montacut.</span> <span class='ocrx_word' id='word_1_74' title='bbox 2105 1049 2207 1112; x_wconf 87' lang='lat' dir='ltr'>(ep.</span> <span class='ocrx_word' id='word_1_75' title='bbox 2245 1051 2354 1112; x_wconf 78' lang='grc'>175,</span> <span class='ocrx_word' id='word_1_76' title='bbox 2392 1068 2443 1118; x_wconf 92' lang='lat' dir='ltr'>p.</span> <span class='ocrx_word' id='word_1_77' title='bbox 2479 1056 2611 1118; x_wconf 80' lang='lat'>262).</span> 
     </span>
    </p>
   </div>
   <div class='ocr_carea' id='block_1_15' title="bbox 596 1161 2210 1244">
    <p class='ocr_par' dir='ltr' id='par_1_15' title="bbox 596 1161 2179 1236">
     <span class='ocr_line' id='line_1_15' title="bbox 596 1161 2179 1236; baseline -0.004 -12"><span class='ocrx_word' id='word_1_78' title='bbox 596 1165 912 1224; x_wconf 84' lang='lat' dir='ltr'>Arcadiam</span> <span class='ocrx_word' id='word_1_79' title='bbox 943 1181 1038 1222; x_wconf 91' lang='lat' dir='ltr'>me</span> <span class='ocrx_word' id='word_1_80' title='bbox 1075 1164 1331 1235; x_wconf 83' lang='lat' dir='ltr'>ﬂagitas,</span> <span class='ocrx_word' id='word_1_81' title='bbox 1361 1163 1662 1236; x_wconf 82' lang='lat' dir='ltr'>quispiam</span> <span class='ocrx_word' id='word_1_82' title='bbox 1695 1161 1934 1229; x_wconf 87' lang='lat' dir='ltr'>diceret,</span> <span class='ocrx_word' id='word_1_83' title='bbox 1961 1177 2069 1218; x_wconf 91' lang='lat' dir='ltr'>nec</span> <span class='ocrx_word' id='word_1_84' title='bbox 2091 1163 2179 1218; x_wconf 84' lang='lat' dir='ltr'>in-</span> 
     </span>
    </p>
   </div>
   <div class='ocr_carea' id='block_1_16' title="bbox 2249 1161 3863 1244">
    <p class='ocr_par' dir='ltr' id='par_1_16' title="bbox 2359 1166 3863 1244">
     <span class='ocr_line' id='line_1_16' title="bbox 2359 1166 3863 1244; baseline -0.002 -19"><span class='ocrx_word' id='word_1_85' title='bbox 2359 1166 2650 1244; x_wconf 76' lang='grc' dir='ltr'>Ἀρκαδίαν</span> <span class='ocrx_word' id='word_1_86' title='bbox 2705 1190 2768 1244; x_wconf 79' lang='grc' dir='ltr'>με</span> <span class='ocrx_word' id='word_1_87' title='bbox 2811 1170 2985 1236; x_wconf 87' lang='grc' dir='ltr'>αἰτεῖς,</span> <span class='ocrx_word' id='word_1_88' title='bbox 3035 1173 3172 1223; x_wconf 82' lang='grc' dir='ltr'>εἴποι</span> <span class='ocrx_word' id='word_1_89' title='bbox 3218 1172 3281 1223; x_wconf 83' lang='grc' dir='ltr'>οἶν</span> <span class='ocrx_word' id='word_1_90' title='bbox 3337 1190 3438 1235; x_wconf 89' lang='grc' dir='ltr'>τις,</span> <span class='ocrx_word' id='word_1_91' title='bbox 3495 1175 3586 1223; x_wconf 86' lang='grc' dir='ltr'>καὶ</span> <span class='ocrx_word' id='word_1_92' title='bbox 3637 1171 3768 1244; x_wconf 81' lang='grc' dir='ltr'>μα’λα</span> <span class='ocrx_word' id='word_1_93' title='bbox 3813 1177 3863 1224; x_wconf 77' lang='grc' dir='ltr'>εἰ·</span> 
     </span>
    </p>
   </div>
   <div class='ocr_carea' id='block_1_17' title="bbox 519 1253 2133 1333">
    <p class='ocr_par' dir='ltr' id='par_1_17' title="bbox 519 1253 2133 1330">
     <span class='ocr_line' id='line_1_17' title="bbox 519 1253 2133 1330; baseline -0.002 -17"><span class='ocrx_word' id='word_1_94' title='bbox 519 1258 698 1330; x_wconf 91' lang='lat' dir='ltr'>juria,</span> <span class='ocrx_word' id='word_1_95' title='bbox 731 1256 1199 1328; x_wconf 83' lang='lat' dir='ltr'>proverbialiter.</span> <span class='ocrx_word' id='word_1_96' title='bbox 1235 1257 1355 1325; x_wconf 83' lang='lat' dir='ltr'>Ego</span> <span class='ocrx_word' id='word_1_97' title='bbox 1386 1259 1584 1310; x_wconf 89' lang='lat' dir='ltr'>autem</span> <span class='ocrx_word' id='word_1_98' title='bbox 1617 1253 1887 1320; x_wconf 85' lang='lat' dir='ltr'>exhibeo,</span> <span class='ocrx_word' id='word_1_99' title='bbox 1913 1253 2018 1308; x_wconf 88' lang='lat' dir='ltr'>sed</span> <span class='ocrx_word' id='word_1_100' title='bbox 2056 1270 2133 1310; x_wconf 91' lang='lat' dir='ltr'>no</span> 
     </span>
    </p>
   </div>
   <div class='ocr_carea' id='block_1_18' title="bbox 2248 1253 3862 1333">
    <p class='ocr_par' dir='ltr' id='par_1_18' title="bbox 2288 1257 3862 1333">
     <span class='ocr_line' id='line_1_18' title="bbox 2288 1257 3862 1333; baseline 0.001 -21"><span class='ocrx_word' id='word_1_101' title='bbox 2288 1265 2468 1327; x_wconf 87' lang='grc' dir='ltr'>κότως,</span> <span class='ocrx_word' id='word_1_102' title='bbox 2520 1265 2909 1332; x_wconf 74' lang='grc' dir='ltr'>παροιμιαστὴς</span> <span class='ocrx_word' id='word_1_103' title='bbox 2941 1259 3069 1333; x_wconf 78' lang='grc' dir='ltr'>ἁνήρ</span> <span class='ocrx_word' id='word_1_104' title='bbox 3096 1277 3108 1290; x_wconf 73' lang='grc'><strong><em>⁸</em></strong></span> <span class='ocrx_word' id='word_1_105' title='bbox 3143 1260 3244 1331; x_wconf 77' lang='grc' dir='ltr'>ἐγώ</span> <span class='ocrx_word' id='word_1_106' title='bbox 3285 1257 3346 1313; x_wconf 81' lang='grc' dir='ltr'>δέ</span> <span class='ocrx_word' id='word_1_107' title='bbox 3395 1280 3476 1312; x_wconf 86' lang='grc' dir='ltr'>σοι</span> <span class='ocrx_word' id='word_1_108' title='bbox 3529 1257 3699 1325; x_wconf 83' lang='grc' dir='ltr'>δώσω,</span> <span class='ocrx_word' id='word_1_109' title='bbox 3726 1261 3778 1313; x_wconf 77' lang='grc' dir='ltr'>ού</span> <span class='ocrx_word' id='word_1_110' title='bbox 3811 1263 3862 1313; x_wconf 75' lang='grc' dir='ltr'>τὰ</span> 
     </span>
    </p>
   </div>
   <div class='ocr_carea' id='block_1_19' title="bbox 523 1343 2137 1424">
    <p class='ocr_par' dir='ltr' id='par_1_19' title="bbox 523 1344 2134 1418">
     <span class='ocr_line' id='line_1_19' title="bbox 523 1344 2134 1418; baseline -0.002 -17"><span class='ocrx_word' id='word_1_111' title='bbox 523 1362 555 1403; x_wconf 91' lang='lat' dir='ltr'>e</span> <span class='ocrx_word' id='word_1_112' title='bbox 584 1346 876 1418; x_wconf 87' lang='lat' dir='ltr'>plaustro,</span> <span class='ocrx_word' id='word_1_113' title='bbox 913 1362 1021 1401; x_wconf 91' lang='lat' dir='ltr'>nec</span> <span class='ocrx_word' id='word_1_114' title='bbox 1052 1362 1088 1401; x_wconf 87' lang='lat' dir='ltr'>a</span> <span class='ocrx_word' id='word_1_115' title='bbox 1118 1345 1352 1418; x_wconf 89' lang='lat' dir='ltr'>Scythis</span> <span class='ocrx_word' id='word_1_116' title='bbox 1387 1349 1724 1399; x_wconf 87' lang='lat' dir='ltr'>mutuatum</span> <span class='ocrx_word' id='word_1_117' title='bbox 1757 1344 2020 1408; x_wconf 87' lang='lat' dir='ltr'>verbum,</span> <span class='ocrx_word' id='word_1_118' title='bbox 2072 1359 2134 1398; x_wconf 91' lang='lat' dir='ltr'>se</span> 
     </span>
    </p>
   </div>
   <div class='ocr_carea' id='block_1_20' title="bbox 2242 1343 3856 1424">
    <p class='ocr_par' dir='ltr' id='par_1_20' title="bbox 2290 1346 3856 1424">
     <span class='ocr_line' id='line_1_20' title="bbox 2290 1346 3856 1424; baseline 0.001 -24"><span class='ocrx_word' id='word_1_119' title='bbox 2290 1347 2342 1412; x_wconf 74' lang='grc' dir='ltr'>ἐξ</span> <span class='ocrx_word' id='word_1_120' title='bbox 2375 1350 2602 1422; x_wconf 81' lang='grc' dir='ltr'>ἁμάξης,</span> <span class='ocrx_word' id='word_1_121' title='bbox 2659 1346 2782 1402; x_wconf 69' lang='grc' dir='ltr'>οὐδὲ</span> <span class='ocrx_word' id='word_1_122' title='bbox 2827 1355 2914 1408; x_wconf 80' lang='grc' dir='ltr'>τὴν</span> <span class='ocrx_word' id='word_1_123' title='bbox 2968 1348 3068 1401; x_wconf 79' lang='grc' dir='ltr'>ἀπὸ</span> <span class='ocrx_word' id='word_1_124' title='bbox 3119 1351 3326 1402; x_wconf 78' lang='grc' dir='ltr'>Σκυθῶν</span> <span class='ocrx_word' id='word_1_125' title='bbox 3371 1350 3555 1424; x_wconf 80' lang='grc' dir='ltr'>ῥῆσιν,</span> <span class='ocrx_word' id='word_1_126' title='bbox 3605 1348 3706 1400; x_wconf 67' lang='grc' dir='ltr'>ἀλλ’</span> <span class='ocrx_word' id='word_1_127' title='bbox 3749 1350 3856 1421; x_wconf 76' lang='grc' dir='ltr'>ἂπιρ</span> 
     </span>
    </p>
   </div>
   <div class='ocr_carea' id='block_1_21' title="bbox 523 1433 2137 1511">
    <p class='ocr_par' dir='ltr' id='par_1_21' title="bbox 523 1433 2137 1509">
     <span class='ocr_line' id='line_1_21' title="bbox 523 1433 2137 1509; baseline -0.002 -17"><span class='ocrx_word' id='word_1_128' title='bbox 523 1436 700 1509; x_wconf 88' lang='lat' dir='ltr'>quale</span> <span class='ocrx_word' id='word_1_129' title='bbox 725 1435 1162 1492; x_wconf 89' lang='lat' dir='ltr'>ametcharitas.</span> <span class='ocrx_word' id='word_1_130' title='bbox 1191 1434 1490 1506; x_wconf 87' lang='lat' dir='ltr'>Improbus</span> <span class='ocrx_word' id='word_1_131' title='bbox 1512 1433 1784 1489; x_wconf 85' lang='lat' dir='ltr'>exstitisti</span> <span class='ocrx_word' id='word_1_132' title='bbox 1807 1449 1948 1502; x_wconf 88' lang='lat' dir='ltr'>erga</span> <span class='ocrx_word' id='word_1_133' title='bbox 1962 1434 2137 1488; x_wconf 82' lang='lat' dir='ltr'>amice</span> 
     </span>
    </p>
   </div>
   <div class='ocr_carea' id='block_1_22' title="bbox 2246 1433 3860 1511">
    <p class='ocr_par' dir='ltr' id='par_1_22' title="bbox 2290 1437 3860 1511">
     <span class='ocr_line' id='line_1_22' title="bbox 2290 1437 3860 1511; baseline 0 -21"><span class='ocrx_word' id='word_1_134' title='bbox 2290 1437 2350 1490; x_wconf 80' lang='grc' dir='ltr'>ἂν</span> <span class='ocrx_word' id='word_1_135' title='bbox 2377 1439 2507 1511; x_wconf 80' lang='grc' dir='ltr'>φιλεῖ</span> <span class='ocrx_word' id='word_1_136' title='bbox 2537 1441 2567 1496; x_wconf 81' lang='grc' dir='ltr'>η</span> <span class='ocrx_word' id='word_1_137' title='bbox 2628 1438 2843 1497; x_wconf 73' lang='grc' dir='ltr'>ἀλήθεια</span> <span class='ocrx_word' id='word_1_138' title='bbox 2887 1457 2898 1469; x_wconf 87' lang='lat'><strong><em>&#39;</em></strong></span> <span class='ocrx_word' id='word_1_139' title='bbox 2960 1442 3120 1498; x_wconf 83' lang='grc' dir='ltr'>κακὸς</span> <span class='ocrx_word' id='word_1_140' title='bbox 3165 1437 3337 1509; x_wconf 70' lang='grc' dir='ltr'>ἐγένου</span> <span class='ocrx_word' id='word_1_141' title='bbox 3384 1438 3570 1510; x_wconf 70' lang='grc' dir='ltr'>φίλοις,</span> <span class='ocrx_word' id='word_1_142' title='bbox 3623 1444 3706 1490; x_wconf 80' lang='grc' dir='ltr'>καὶ</span> <span class='ocrx_word' id='word_1_143' title='bbox 3747 1441 3860 1491; x_wconf 85' lang='grc' dir='ltr'>θείου</span> 
     </span>
    </p>
   </div>
   <div class='ocr_carea' id='block_1_23' title="bbox 524 1522 2138 1624">
    <p class='ocr_par' dir='ltr' id='par_1_23' title="bbox 524 1522 2136 1596">
     <span class='ocr_line' id='line_1_23' title="bbox 524 1522 2136 1596; baseline -0.003 -15"><span class='ocrx_word' id='word_1_144' title='bbox 524 1526 741 1581; x_wconf 70' lang='lat' dir='ltr'>divinae</span> <span class='ocrx_word' id='word_1_145' title='bbox 765 1525 909 1595; x_wconf 80' lang='lat' dir='ltr'>legis</span> <span class='ocrx_word' id='word_1_146' title='bbox 935 1525 1216 1596; x_wconf 88' lang='lat' dir='ltr'>proditor,</span> <span class='ocrx_word' id='word_1_147' title='bbox 1241 1525 1428 1578; x_wconf 85' lang='lat' dir='ltr'>hostis</span> <span class='ocrx_word' id='word_1_148' title='bbox 1454 1525 1708 1596; x_wconf 68' lang='lat' dir='ltr'>propria:</span> <span class='ocrx_word' id='word_1_149' title='bbox 1741 1522 2136 1578; x_wconf 81' lang='lat' dir='ltr'>confessionis</span> 
     </span>
    </p>
   </div>
   <div class='ocr_carea' id='block_1_24' title="bbox 2243 1522 3857 1624">
    <p class='ocr_par' dir='ltr' id='par_1_24' title="bbox 2243 1525 3857 1623">
     <span class='ocr_line' id='line_1_24' title="bbox 2243 1525 3857 1623; baseline -0.002 -42"><span class='ocrx_word' id='word_1_150' title='bbox 2243 1570 2261 1623; x_wconf 45' lang='grc' dir='ltr'><strong>ς</strong></span> <span class='ocrx_word' id='word_1_151' title='bbox 2291 1525 2558 1602; x_wconf 80' lang='grc' dir='ltr'>προδότης</span> <span class='ocrx_word' id='word_1_152' title='bbox 2579 1525 2865 1600; x_wconf 73' lang='grc' dir='ltr'>δόγματος,</span> <span class='ocrx_word' id='word_1_153' title='bbox 2896 1533 2988 1579; x_wconf 80' lang='grc' dir='ltr'>καὶ</span> <span class='ocrx_word' id='word_1_154' title='bbox 3015 1535 3106 1587; x_wconf 78' lang='grc' dir='ltr'>τῆς</span> <span class='ocrx_word' id='word_1_155' title='bbox 3162 1537 3257 1587; x_wconf 86' lang='grc' dir='ltr'>σῆς</span> <span class='ocrx_word' id='word_1_156' title='bbox 3309 1527 3594 1598; x_wconf 68' lang='grc' dir='ltr'>ὁμολογίας</span> <span class='ocrx_word' id='word_1_157' title='bbox 3615 1527 3824 1598; x_wconf 80' lang='grc' dir='ltr'>πολέμιος</span> <span class='ocrx_word' id='word_1_158' title='bbox 3848 1568 3857 1579; x_wconf 93' lang='grc'>.</span> 
     </span>
    </p>
   </div>
   <div class='ocr_carea' id='block_1_25' title="bbox 529 1612 2143 1692">
    <p class='ocr_par' dir='ltr' id='par_1_25' title="bbox 529 1612 2143 1684">
     <span class='ocr_line' id='line_1_25' title="bbox 529 1612 2143 1684; baseline -0.002 -14"><span class='ocrx_word' id='word_1_159' title='bbox 529 1620 586 1670; x_wconf 90' lang='lat' dir='ltr'>et</span> <span class='ocrx_word' id='word_1_160' title='bbox 637 1619 834 1669; x_wconf 89' lang='lat' dir='ltr'>tamen</span> <span class='ocrx_word' id='word_1_161' title='bbox 882 1615 1103 1684; x_wconf 82' lang='lat' dir='ltr'>rogitas</span> <span class='ocrx_word' id='word_1_162' title='bbox 1141 1631 1244 1668; x_wconf 90' lang='lat' dir='ltr'>cur</span> <span class='ocrx_word' id='word_1_163' title='bbox 1275 1619 1326 1669; x_wconf 90' lang='lat' dir='ltr'>te</span> <span class='ocrx_word' id='word_1_164' title='bbox 1360 1619 1421 1668; x_wconf 89' lang='lat' dir='ltr'>ut</span> <span class='ocrx_word' id='word_1_165' title='bbox 1462 1613 1802 1684; x_wconf 90' lang='lat' dir='ltr'>improbum</span> <span class='ocrx_word' id='word_1_166' title='bbox 1859 1612 2143 1681; x_wconf 79' lang='lat' dir='ltr'>diﬂ‘ugiun</span> 
     </span>
    </p>
   </div>
   <div class='ocr_carea' id='block_1_26' title="bbox 2242 1612 3856 1692">
    <p class='ocr_par' dir='ltr' id='par_1_26' title="bbox 2242 1612 3856 1692">
     <span class='ocr_line' id='line_1_26' title="bbox 2242 1612 3856 1692; baseline -0.002 -21"><span class='ocrx_word' id='word_1_167' title='bbox 2242 1612 2260 1623; x_wconf 79' lang='grc'><strong>’</strong></span> <span class='ocrx_word' id='word_1_168' title='bbox 2292 1616 2402 1672; x_wconf 84' lang='grc' dir='ltr'>εἶτα</span> <span class='ocrx_word' id='word_1_169' title='bbox 2473 1615 2726 1692; x_wconf 80' lang='grc' dir='ltr'>διερωτᾷς</span> <span class='ocrx_word' id='word_1_170' title='bbox 2782 1622 2832 1668; x_wconf 88' lang='grc' dir='ltr'>τί</span> <span class='ocrx_word' id='word_1_171' title='bbox 2891 1613 3090 1674; x_wconf 77' lang='grc' dir='ltr'>δήποτ-ί</span> <span class='ocrx_word' id='word_1_172' title='bbox 3140 1635 3197 1668; x_wconf 80' lang='grc' dir='ltr'>σε</span> <span class='ocrx_word' id='word_1_173' title='bbox 3246 1618 3294 1668; x_wconf 82' lang='grc' dir='ltr'>οἱ</span> <span class='ocrx_word' id='word_1_174' title='bbox 3343 1615 3574 1678; x_wconf 78' lang='grc' dir='ltr'>εύσεϐεῖς</span> <span class='ocrx_word' id='word_1_175' title='bbox 3620 1619 3680 1677; x_wconf 83' lang='grc' dir='ltr'>ὡς</span> <span class='ocrx_word' id='word_1_176' title='bbox 3729 1615 3856 1685; x_wconf 73' lang='grc' dir='ltr'>ἐναγή</span> 
     </span>
    </p>
   </div>
   <div class='ocr_carea' id='block_1_27' title="bbox 527 1700 2141 1781">
    <p class='ocr_par' dir='ltr' id='par_1_27' title="bbox 527 1702 2136 1774">
     <span class='ocr_line' id='line_1_27' title="bbox 527 1702 2136 1774; baseline -0.001 -15"><span class='ocrx_word' id='word_1_177' title='bbox 527 1702 825 1767; x_wconf 86' lang='lat' dir='ltr'>homines,</span> <span class='ocrx_word' id='word_1_178' title='bbox 852 1719 958 1757; x_wconf 91' lang='lat' dir='ltr'>nec</span> <span class='ocrx_word' id='word_1_179' title='bbox 981 1717 1308 1774; x_wconf 82' lang='lat' dir='ltr'>congressu</span> <span class='ocrx_word' id='word_1_180' title='bbox 1333 1720 1444 1759; x_wconf 88' lang='lat' dir='ltr'>suo</span> <span class='ocrx_word' id='word_1_181' title='bbox 1467 1704 1772 1759; x_wconf 90' lang='lat' dir='ltr'>communi</span> <span class='ocrx_word' id='word_1_182' title='bbox 1812 1703 2136 1772; x_wconf 84' lang='lat' dir='ltr'>dignantur</span> 
     </span>
    </p>
   </div>
   <div class='ocr_carea' id='block_1_28' title="bbox 2245 1700 3859 1781">
    <p class='ocr_par' dir='ltr' id='par_1_28' title="bbox 2293 1703 3859 1781">
     <span class='ocr_line' id='line_1_28' title="bbox 2293 1703 3859 1781; baseline -0.003 -20"><span class='ocrx_word' id='word_1_183' title='bbox 2293 1707 2722 1781; x_wconf 75' lang='grc' dir='ltr'>ἀποστρέφονται,</span> <span class='ocrx_word' id='word_1_184' title='bbox 2768 1703 2906 1778; x_wconf 62' lang='grc' dir='ltr'>μηδὲ</span> <span class='ocrx_word' id='word_1_185' title='bbox 2960 1713 3052 1768; x_wconf 82' lang='grc' dir='ltr'>τῆς</span> <span class='ocrx_word' id='word_1_186' title='bbox 3109 1712 3288 1767; x_wconf 79' lang='grc' dir='ltr'>κοινῆς</span> <span class='ocrx_word' id='word_1_187' title='bbox 3341 1703 3606 1768; x_wconf 77' lang='grc' dir='ltr'>ἀξιοῦντες</span> <span class='ocrx_word' id='word_1_188' title='bbox 3659 1710 3859 1777; x_wconf 72' lang='grc' dir='ltr'>προσρή-</span> 
     </span>
    </p>
   </div>
   <div class='ocr_carea' id='block_1_29' title="bbox 527 1791 2141 1868">
    <p class='ocr_par' dir='ltr' id='par_1_29' title="bbox 527 1792 2140 1864">
     <span class='ocr_line' id='line_1_29' title="bbox 527 1792 2140 1864; baseline 0 -16"><span class='ocrx_word' id='word_1_189' title='bbox 527 1793 818 1848; x_wconf 85' lang='lat' dir='ltr'>Nimirum</span> <span class='ocrx_word' id='word_1_190' title='bbox 852 1792 984 1847; x_wconf 90' lang='lat' dir='ltr'>ideo</span> <span class='ocrx_word' id='word_1_191' title='bbox 1007 1793 1065 1863; x_wconf 91' lang='lat'>(0</span> <span class='ocrx_word' id='word_1_192' title='bbox 1092 1809 1213 1864; x_wconf 92' lang='lat' dir='ltr'>quo</span> <span class='ocrx_word' id='word_1_193' title='bbox 1237 1798 1288 1848; x_wconf 89' lang='lat' dir='ltr'>te</span> <span class='ocrx_word' id='word_1_194' title='bbox 1310 1792 1619 1863; x_wconf 83' lang='lat' dir='ltr'>titulojure</span> <span class='ocrx_word' id='word_1_195' title='bbox 1646 1792 2001 1864; x_wconf 86' lang='lat' dir='ltr'>designem!)</span> <span class='ocrx_word' id='word_1_196' title='bbox 2019 1807 2140 1864; x_wconf 92' lang='lat' dir='ltr'>quo</span> 
     </span>
    </p>
   </div>
   <div class='ocr_carea' id='block_1_30' title="bbox 2243 1791 3857 1868">
    <p class='ocr_par' dir='ltr' id='par_1_30' title="bbox 2293 1792 3857 1868">
     <span class='ocr_line' id='line_1_30' title="bbox 2293 1792 3857 1868; baseline -0.003 -19"><span class='ocrx_word' id='word_1_197' title='bbox 2293 1813 2462 1862; x_wconf 87' lang='grc' dir='ltr'>σεως;</span> <span class='ocrx_word' id='word_1_198' title='bbox 2494 1797 2581 1866; x_wconf 83' lang='grc' dir='ltr'>(ὦ,</span> <span class='ocrx_word' id='word_1_199' title='bbox 2627 1800 2677 1848; x_wconf 89' lang='grc' dir='ltr'>τί</span> <span class='ocrx_word' id='word_1_200' title='bbox 2733 1814 2789 1848; x_wconf 81' lang='grc' dir='ltr'>σε</span> <span class='ocrx_word' id='word_1_201' title='bbox 2816 1792 3040 1857; x_wconf 81' lang='grc' dir='ltr'>δικαίως</span> <span class='ocrx_word' id='word_1_202' title='bbox 3067 1798 3338 1868; x_wconf 78' lang='grc' dir='ltr'>προσείπω</span> <span class='ocrx_word' id='word_1_203' title='bbox 3375 1811 3389 1859; x_wconf 89' lang='grc'>;</span> <span class='ocrx_word' id='word_1_204' title='bbox 3423 1798 3441 1862; x_wconf 91' lang='grc'><strong>)</strong></span> <span class='ocrx_word' id='word_1_205' title='bbox 3472 1793 3680 1868; x_wconf 79' lang='grc' dir='ltr'>φοϐερὸν</span> <span class='ocrx_word' id='word_1_206' title='bbox 3707 1797 3857 1866; x_wconf 73' lang='grc' dir='ltr'>ἡγοῦν-</span> 
     </span>
    </p>
   </div>
   <div class='ocr_carea' id='block_1_31' title="bbox 525 1880 2139 1959">
    <p class='ocr_par' dir='ltr' id='par_1_31' title="bbox 525 1880 2139 1954">
     <span class='ocr_line' id='line_1_31' title="bbox 525 1880 2139 1954; baseline -0.001 -17"><span class='ocrx_word' id='word_1_207' title='bbox 525 1880 779 1937; x_wconf 87' lang='lat' dir='ltr'>terribile</span> <span class='ocrx_word' id='word_1_208' title='bbox 807 1880 1190 1946; x_wconf 90' lang='lat' dir='ltr'>arbitrantur,</span> <span class='ocrx_word' id='word_1_209' title='bbox 1220 1882 1314 1937; x_wconf 89' lang='lat' dir='ltr'>vel</span> <span class='ocrx_word' id='word_1_210' title='bbox 1348 1899 1453 1954; x_wconf 89' lang='lat' dir='ltr'>per</span> <span class='ocrx_word' id='word_1_211' title='bbox 1478 1884 1638 1939; x_wconf 80' lang='lat' dir='ltr'>salve</span> <span class='ocrx_word' id='word_1_212' title='bbox 1683 1882 2139 1938; x_wconf 72' lang='lat' dir='ltr'>communione:</span> 
     </span>
    </p>
   </div>
   <div class='ocr_carea' id='block_1_32' title="bbox 2243 1880 3857 1959">
    <p class='ocr_par' dir='ltr' id='par_1_32' title="bbox 2291 1881 3857 1959">
     <span class='ocr_line' id='line_1_32' title="bbox 2291 1881 3857 1959; baseline -0.004 -19"><span class='ocrx_word' id='word_1_213' title='bbox 2291 1906 2378 1940; x_wconf 86' lang='grc' dir='ltr'>ται</span> <span class='ocrx_word' id='word_1_214' title='bbox 2423 1890 2512 1938; x_wconf 80' lang='grc' dir='ltr'>καὶ</span> <span class='ocrx_word' id='word_1_215' title='bbox 2568 1889 2625 1937; x_wconf 89' lang='grc' dir='ltr'>τὸ</span> <span class='ocrx_word' id='word_1_216' title='bbox 2675 1881 2769 1937; x_wconf 80' lang='grc' dir='ltr'>διὰ</span> <span class='ocrx_word' id='word_1_217' title='bbox 2811 1891 2902 1937; x_wconf 81' lang='grc' dir='ltr'>τοῦ</span> <span class='ocrx_word' id='word_1_218' title='bbox 2949 1888 3158 1959; x_wconf 87' lang='grc' dir='ltr'>χαίρειν</span> <span class='ocrx_word' id='word_1_219' title='bbox 3214 1891 3534 1942; x_wconf 85' lang='grc' dir='ltr'>κοινωνῆσαι</span> <span class='ocrx_word' id='word_1_220' title='bbox 3581 1891 3686 1944; x_wconf 86' lang='grc' dir='ltr'>τοῖς</span> <span class='ocrx_word' id='word_1_221' title='bbox 3725 1885 3857 1956; x_wconf 71' lang='grc' dir='ltr'>ἔργοις</span> 
     </span>
    </p>
   </div>
   <div class='ocr_carea' id='block_1_33' title="bbox 522 1970 2136 2047">
    <p class='ocr_par' dir='ltr' id='par_1_33' title="bbox 522 1970 1605 2044">
     <span class='ocr_line' id='line_1_33' title="bbox 522 1970 1605 2044; baseline 0 -17"><span class='ocrx_word' id='word_1_222' title='bbox 522 1970 745 2027; x_wconf 88' lang='lat' dir='ltr'>habere</span> <span class='ocrx_word' id='word_1_223' title='bbox 767 1986 904 2025; x_wconf 92' lang='lat' dir='ltr'>cum</span> <span class='ocrx_word' id='word_1_224' title='bbox 935 1971 1220 2042; x_wconf 87' lang='lat' dir='ltr'>operibus</span> <span class='ocrx_word' id='word_1_225' title='bbox 1252 1973 1605 2044; x_wconf 81' lang='lat' dir='ltr'>tuisimpiis.</span> 
     </span>
    </p>
   </div>
   <div class='ocr_carea' id='block_1_34' title="bbox 1207 1970 2821 2047">
    <p class='ocr_par' dir='ltr' id='par_1_34' title="bbox 1207 1973 2821 2047">
     <span class='ocr_line' id='line_1_34' title="bbox 1207 1973 2821 2047; baseline 0 -21"><span class='ocrx_word' id='word_1_226' title='bbox 1207 1989 1220 2025; x_wconf 68' lang='grc' dir='ltr'>ς</span> <span class='ocrx_word' id='word_1_227' title='bbox 1252 1973 1605 2044; x_wconf 80' lang='lat' dir='ltr'>tuisimpiis.</span> <span class='ocrx_word' id='word_1_228' title='bbox 2292 1995 2387 2029; x_wconf 91' lang='grc' dir='ltr'>σου</span> <span class='ocrx_word' id='word_1_229' title='bbox 2413 1983 2522 2036; x_wconf 79' lang='grc' dir='ltr'>τοῖς</span> <span class='ocrx_word' id='word_1_230' title='bbox 2561 1981 2821 2047; x_wconf 83' lang='grc' dir='ltr'>πονηροῖς.</span> 
     </span>
    </p>
   </div>
   <div class='ocr_carea' id='block_1_35' title="bbox 1121 2062 2735 2118">
    <p class='ocr_par' dir='ltr' id='par_1_35' title="bbox 1121 2062 1592 2118">
     <span class='ocr_line' id='line_1_35' title="bbox 1121 2062 1592 2118; baseline 0.002 -2"><span class='ocrx_word' id='word_1_231' title='bbox 1121 2062 1333 2118; x_wconf 88' lang='lat' dir='ltr'>EPIST.</span> <span class='ocrx_word' id='word_1_232' title='bbox 1391 2063 1592 2118; x_wconf 86' lang='lat' dir='ltr'>XXVII.</span> 
     </span>
    </p>
   </div>
   <div class='ocr_carea' id='block_1_36' title="bbox 1659 2062 3273 2118">
    <p class='ocr_par' dir='ltr' id='par_1_36' title="bbox 2907 2062 3273 2116">
     <span class='ocr_line' id='line_1_36' title="bbox 2907 2062 3273 2116; baseline -0.011 0"><span class='ocrx_word' id='word_1_233' title='bbox 2907 2067 3118 2116; x_wconf 82' lang='grc' dir='ltr'>ΕΠΙΣΤ.</span> <span class='ocrx_word' id='word_1_234' title='bbox 3157 2062 3273 2116; x_wconf 81' lang='lat' dir='ltr'>KZ’.</span> 
     </span>
    </p>
   </div>
   <div class='ocr_carea' id='block_1_37' title="bbox 775 2147 2389 2228">
    <p class='ocr_par' dir='ltr' id='par_1_37' title="bbox 775 2149 1869 2222">
     <span class='ocr_line' id='line_1_37' title="bbox 775 2149 1869 2222; baseline 0.005 -17"><span class='ocrx_word' id='word_1_235' title='bbox 775 2149 1092 2208; x_wconf 66' lang='lat' dir='ltr'>Zachariae</span> <span class='ocrx_word' id='word_1_236' title='bbox 1117 2154 1423 2222; x_wconf 81' lang='lat' dir='ltr'>metropol.</span> <span class='ocrx_word' id='word_1_237' title='bbox 1455 2155 1869 2213; x_wconf 78' lang='lat' dir='ltr'>Chalcedonis.</span> 
     </span>
    </p>
   </div>
   <div class='ocr_carea' id='block_1_38' title="bbox 1994 2147 3608 2228">
    <p class='ocr_par' dir='ltr' id='par_1_38' title="bbox 2575 2147 3608 2228">
     <span class='ocr_line' id='line_1_38' title="bbox 2575 2147 3608 2228; baseline 0 -23"><span class='ocrx_word' id='word_1_238' title='bbox 2575 2155 2823 2228; x_wconf 79' lang='grc' dir='ltr'>Ζαχαρία</span> <span class='ocrx_word' id='word_1_239' title='bbox 2861 2151 3216 2226; x_wconf 77' lang='grc' dir='ltr'>μητροπολίτη</span> <span class='ocrx_word' id='word_1_240' title='bbox 3252 2147 3608 2212; x_wconf 79' lang='grc' dir='ltr'>Χαλκηδόνος.</span> 
     </span>
    </p>
   </div>
   <div class='ocr_carea' id='block_1_39' title="bbox 1769 2279 2598 2348">
    <p class='ocr_par' dir='ltr' id='par_1_39' title="bbox 1769 2279 2598 2348">
     <span class='ocr_line' id='line_1_39' title="bbox 1769 2279 2598 2348; baseline 0.012 -18"><span class='ocrx_word' id='word_1_241' title='bbox 1769 2281 2060 2334; x_wconf 79' lang='lat' dir='ltr'>Montacut.</span> <span class='ocrx_word' id='word_1_242' title='bbox 2098 2285 2201 2348; x_wconf 89' lang='lat' dir='ltr'>(ep.</span> <span class='ocrx_word' id='word_1_243' title='bbox 2235 2283 2343 2338; x_wconf 79' lang='grc'>179.</span> <span class='ocrx_word' id='word_1_244' title='bbox 2378 2295 2428 2344; x_wconf 77' lang='grc' dir='ltr'>ι).</span> <span class='ocrx_word' id='word_1_245' title='bbox 2466 2279 2598 2340; x_wconf 69' lang='grc'>267).</span> 
     </span>
    </p>
   </div>
   <div class='ocr_carea' id='block_1_40' title="bbox 601 2385 2215 2467">
    <p class='ocr_par' dir='ltr' id='par_1_40' title="bbox 601 2385 2188 2467">
     <span class='ocr_line' id='line_1_40' title="bbox 601 2385 2188 2467; baseline 0.01 -28"><span class='ocrx_word' id='word_1_246' title='bbox 601 2385 726 2441; x_wconf 89' lang='lat' dir='ltr'>Misi</span> <span class='ocrx_word' id='word_1_247' title='bbox 756 2387 857 2442; x_wconf 86' lang='lat' dir='ltr'>tibi</span> <span class='ocrx_word' id='word_1_248' title='bbox 876 2404 1147 2446; x_wconf 91' lang='lat' dir='ltr'>amaram</span> <span class='ocrx_word' id='word_1_249' title='bbox 1171 2391 1499 2464; x_wconf 88' lang='lat' dir='ltr'>potionem,</span> <span class='ocrx_word' id='word_1_250' title='bbox 1525 2396 1961 2467; x_wconf 73' lang='lat' dir='ltr'>praeparatione</span> <span class='ocrx_word' id='word_1_251' title='bbox 1991 2398 2188 2455; x_wconf 87' lang='lat' dir='ltr'>confe-</span> 
     </span>
    </p>
   </div>
   <div class='ocr_carea' id='block_1_41' title="bbox 2235 2385 3849 2467">
    <p class='ocr_par' dir='ltr' id='par_1_41' title="bbox 2365 2392 3849 2465">
     <span class='ocr_line' id='line_1_41' title="bbox 2365 2392 3849 2465; baseline -0.005 -18"><span class='ocrx_word' id='word_1_252' title='bbox 2365 2392 2612 2464; x_wconf 76' lang='grc' dir='ltr'>Ἔπεμψά</span> <span class='ocrx_word' id='word_1_253' title='bbox 2666 2410 2750 2444; x_wconf 90' lang='grc' dir='ltr'>σοι</span> <span class='ocrx_word' id='word_1_254' title='bbox 2803 2392 3012 2465; x_wconf 76' lang='grc' dir='ltr'>πικράν,</span> <span class='ocrx_word' id='word_1_255' title='bbox 3077 2398 3135 2464; x_wconf 78' lang='grc' dir='ltr'>τῇ</span> <span class='ocrx_word' id='word_1_256' title='bbox 3200 2410 3254 2444; x_wconf 85' lang='grc' dir='ltr'>τε</span> <span class='ocrx_word' id='word_1_257' title='bbox 3310 2397 3633 2463; x_wconf 70' lang='grc' dir='ltr'>κατασκευῇ,</span> <span class='ocrx_word' id='word_1_258' title='bbox 3681 2394 3758 2441; x_wconf 81' lang='grc' dir='ltr'>καὶ</span> <span class='ocrx_word' id='word_1_259' title='bbox 3803 2395 3849 2459; x_wconf 73' lang='grc' dir='ltr'>τῇ</span> 
     </span>
    </p>
   </div>
   <div class='ocr_carea' id='block_1_42' title="bbox 533 2473 2147 2556">
    <p class='ocr_par' dir='ltr' id='par_1_42' title="bbox 533 2473 2144 2545">
     <span class='ocr_line' id='line_1_42' title="bbox 533 2473 2144 2545; baseline 0.009 -17"><span class='ocrx_word' id='word_1_260' title='bbox 533 2473 843 2545; x_wconf 90' lang='lat' dir='ltr'>ctioneque</span> <span class='ocrx_word' id='word_1_261' title='bbox 856 2492 1089 2542; x_wconf 87' lang='lat' dir='ltr'>novam,</span> <span class='ocrx_word' id='word_1_262' title='bbox 1107 2482 1403 2537; x_wconf 87' lang='lat' dir='ltr'>stomacho</span> <span class='ocrx_word' id='word_1_263' title='bbox 1430 2483 1838 2540; x_wconf 89' lang='lat' dir='ltr'>inservientem</span> <span class='ocrx_word' id='word_1_264' title='bbox 1853 2486 2144 2545; x_wconf 85' lang='lat' dir='ltr'>roborand</span> 
     </span>
    </p>
   </div>
   <div class='ocr_carea' id='block_1_43' title="bbox 2239 2473 3853 2556">
    <p class='ocr_par' dir='ltr' id='par_1_43' title="bbox 2296 2479 3853 2556">
     <span class='ocr_line' id='line_1_43' title="bbox 2296 2479 3853 2556; baseline 0.003 -19"><span class='ocrx_word' id='word_1_265' title='bbox 2296 2483 2494 2556; x_wconf 76' lang='grc' dir='ltr'>ίπινοίᾳ</span> <span class='ocrx_word' id='word_1_266' title='bbox 2549 2487 2662 2534; x_wconf 87' lang='grc' dir='ltr'>νίαν</span> <span class='ocrx_word' id='word_1_267' title='bbox 2691 2501 2704 2513; x_wconf 73' lang='grc' dir='ltr'><strong><em>ο</em></strong></span> <span class='ocrx_word' id='word_1_268' title='bbox 2754 2486 2843 2533; x_wconf 86' lang='grc' dir='ltr'>καὶ</span> <span class='ocrx_word' id='word_1_269' title='bbox 2876 2479 3129 2553; x_wconf 75' lang='grc' dir='ltr'>βοήθημα</span> <span class='ocrx_word' id='word_1_270' title='bbox 3171 2485 3524 2552; x_wconf 74' lang='grc' dir='ltr'>στομαχικόν,</span> <span class='ocrx_word' id='word_1_271' title='bbox 3567 2485 3744 2552; x_wconf 73' lang='grc' dir='ltr'>τέχνης</span> 
     </span>
    </p>
   </div>
   <div class='ocr_carea' id='block_1_44' title="bbox 537 2562 2151 2648">
    <p class='ocr_par' dir='ltr' id='par_1_44' title="bbox 537 2562 2151 2648">
     <span class='ocr_line' id='line_1_44' title="bbox 537 2562 2151 2648; baseline 0.01 -32"><span class='ocrx_word' id='word_1_272' title='bbox 537 2562 616 2646; x_wconf 82' lang='lat' dir='ltr'>ab</span> <span class='ocrx_word' id='word_1_273' title='bbox 651 2563 863 2620; x_wconf 90' lang='lat' dir='ltr'>eadem</span> <span class='ocrx_word' id='word_1_274' title='bbox 905 2573 1028 2621; x_wconf 87' lang='lat' dir='ltr'>arte</span> <span class='ocrx_word' id='word_1_275' title='bbox 1057 2583 1178 2638; x_wconf 88' lang='lat' dir='ltr'>qua</span> <span class='ocrx_word' id='word_1_276' title='bbox 1205 2571 1370 2640; x_wconf 90' lang='lat' dir='ltr'>prius</span> <span class='ocrx_word' id='word_1_277' title='bbox 1403 2572 1752 2643; x_wconf 84' lang='lat' dir='ltr'>profectam,</span> <span class='ocrx_word' id='word_1_278' title='bbox 1788 2575 1892 2629; x_wconf 89' lang='lat' dir='ltr'>sed</span> <span class='ocrx_word' id='word_1_279' title='bbox 1922 2580 2151 2648; x_wconf 89' lang='lat' dir='ltr'>tempor</span> 
     </span>
    </p>
   </div>
   <div class='ocr_carea' id='block_1_45' title="bbox 2239 2562 3853 2648">
    <p class='ocr_par' dir='ltr' id='par_1_45' title="bbox 2296 2567 3853 2644">
     <span class='ocr_line' id='line_1_45' title="bbox 2296 2567 3853 2644; baseline -0.002 -17"><span class='ocrx_word' id='word_1_280' title='bbox 2296 2583 2392 2637; x_wconf 78' lang='grc' dir='ltr'>τῆς</span> <span class='ocrx_word' id='word_1_281' title='bbox 2470 2573 2654 2636; x_wconf 76' lang='grc' dir='ltr'>αὐτῆς,</span> <span class='ocrx_word' id='word_1_282' title='bbox 2722 2571 2929 2632; x_wconf 79' lang='grc' dir='ltr'>ἡλικίας</span> <span class='ocrx_word' id='word_1_283' title='bbox 3002 2567 3061 2622; x_wconf 63' lang='grc' dir='ltr'>δὲ</span> <span class='ocrx_word' id='word_1_284' title='bbox 3115 2569 3494 2644; x_wconf 76' lang='grc' dir='ltr'>πρεσϐυτέρας.</span> <span class='ocrx_word' id='word_1_285' title='bbox 3552 2573 3742 2623; x_wconf 77' lang='grc' dir='ltr'>Τούτων</span> <span class='ocrx_word' id='word_1_286' title='bbox 3787 2571 3853 2624; x_wconf 68' lang='grc' dir='ltr'>τὴν</span> 
     </span>
    </p>
   </div>
   <div class='ocr_carea' id='block_1_46' title="bbox 537 2653 2151 2738">
    <p class='ocr_par' dir='ltr' id='par_1_46' title="bbox 537 2653 2151 2734">
     <span class='ocr_line' id='line_1_46' title="bbox 537 2653 2151 2734; baseline 0.01 -30"><span class='ocrx_word' id='word_1_287' title='bbox 537 2653 956 2722; x_wconf 86' lang='lat' dir='ltr'>antiquiorem.</span> <span class='ocrx_word' id='word_1_288' title='bbox 988 2655 1207 2711; x_wconf 88' lang='lat' dir='ltr'>Horum</span> <span class='ocrx_word' id='word_1_289' title='bbox 1232 2659 1805 2716; x_wconf 88' lang='lat' dir='ltr'>medicamentorum</span> <span class='ocrx_word' id='word_1_290' title='bbox 1827 2663 1990 2734; x_wconf 91' lang='lat' dir='ltr'>prius</span> <span class='ocrx_word' id='word_1_291' title='bbox 2013 2679 2151 2720; x_wconf 90' lang='lat' dir='ltr'>man</span> 
     </span>
    </p>
   </div>
   <div class='ocr_carea' id='block_1_47' title="bbox 2239 2653 3853 2738">
    <p class='ocr_par' dir='ltr' id='par_1_47' title="bbox 2297 2661 3853 2738">
     <span class='ocr_line' id='line_1_47' title="bbox 2297 2661 3853 2738; baseline -0.004 -22"><span class='ocrx_word' id='word_1_292' title='bbox 2297 2667 2387 2738; x_wconf 69' lang='grc' dir='ltr'>μὶν</span> <span class='ocrx_word' id='word_1_293' title='bbox 2425 2665 2551 2736; x_wconf 74' lang='grc' dir='ltr'>ύπὶρ</span> <span class='ocrx_word' id='word_1_294' title='bbox 2619 2663 2813 2735; x_wconf 78' lang='grc' dir='ltr'>ἡμέραν</span> <span class='ocrx_word' id='word_1_295' title='bbox 2883 2662 3070 2734; x_wconf 58' lang='grc' dir='ltr'>ᾁοθρου</span> <span class='ocrx_word' id='word_1_296' title='bbox 3139 2664 3554 2734; x_wconf 65' lang='grc' dir='ltr'>προσφερόμενος</span> <span class='ocrx_word' id='word_1_297' title='bbox 3595 2661 3720 2711; x_wconf 84' lang='grc' dir='ltr'>κατὰ</span> <span class='ocrx_word' id='word_1_298' title='bbox 3766 2677 3853 2728; x_wconf 81' lang='grc' dir='ltr'>τρι-</span> 
     </span>
    </p>
   </div>
   <div class='ocr_carea' id='block_1_48' title="bbox 538 2738 2152 2830">
    <p class='ocr_par' dir='ltr' id='par_1_48' title="bbox 538 2738 2152 2822">
     <span class='ocr_line' id='line_1_48' title="bbox 538 2738 2152 2822; baseline 0.01 -30"><span class='ocrx_word' id='word_1_299' title='bbox 538 2738 784 2810; x_wconf 90' lang='lat' dir='ltr'>recipies</span> <span class='ocrx_word' id='word_1_300' title='bbox 813 2757 952 2797; x_wconf 92' lang='lat' dir='ltr'>cum</span> <span class='ocrx_word' id='word_1_301' title='bbox 985 2746 1150 2800; x_wconf 88' lang='lat' dir='ltr'>tertia</span> <span class='ocrx_word' id='word_1_302' title='bbox 1177 2753 1341 2817; x_wconf 87' lang='lat' dir='ltr'>parte</span> <span class='ocrx_word' id='word_1_303' title='bbox 1371 2749 1497 2819; x_wconf 87' lang='lat' dir='ltr'>ejus</span> <span class='ocrx_word' id='word_1_304' title='bbox 1541 2750 1704 2822; x_wconf 90' lang='lat' dir='ltr'>quod</span> <span class='ocrx_word' id='word_1_305' title='bbox 1757 2767 1876 2807; x_wconf 88' lang='lat' dir='ltr'>una</span> <span class='ocrx_word' id='word_1_306' title='bbox 1919 2753 2152 2808; x_wconf 83' lang='lat' dir='ltr'>mittitui</span> 
     </span>
    </p>
   </div>
   <div class='ocr_carea' id='block_1_49' title="bbox 2242 2738 3856 2830">
    <p class='ocr_par' dir='ltr' id='par_1_49' title="bbox 2242 2745 3856 2830">
     <span class='ocr_line' id='line_1_49' title="bbox 2242 2745 3856 2830; baseline -0.005 -25"><span class='ocrx_word' id='word_1_307' title='bbox 2242 2775 2261 2830; x_wconf 52' lang='grc' dir='ltr'><strong>ς</strong></span> <span class='ocrx_word' id='word_1_308' title='bbox 2298 2758 2545 2826; x_wconf 85' lang='grc' dir='ltr'>τημόριον</span> <span class='ocrx_word' id='word_1_309' title='bbox 2597 2759 2689 2803; x_wconf 85' lang='grc' dir='ltr'>τού</span> <span class='ocrx_word' id='word_1_310' title='bbox 2745 2749 3033 2816; x_wconf 79' lang='grc' dir='ltr'>σταλέντος,</span> <span class='ocrx_word' id='word_1_311' title='bbox 3088 2747 3246 2801; x_wconf 85' lang='grc' dir='ltr'>ύδατι</span> <span class='ocrx_word' id='word_1_312' title='bbox 3301 2750 3535 2822; x_wconf 80' lang='grc' dir='ltr'>χλιαρῷ,</span> <span class='ocrx_word' id='word_1_313' title='bbox 3573 2750 3599 2807; x_wconf 70' lang='grc' dir='ltr'><strong>ἦ</strong></span> <span class='ocrx_word' id='word_1_314' title='bbox 3640 2754 3720 2799; x_wconf 84' lang='grc' dir='ltr'>καὶ</span> <span class='ocrx_word' id='word_1_315' title='bbox 3746 2745 3856 2817; x_wconf 75' lang='grc' dir='ltr'>μελι-</span> 
     </span>
    </p>
   </div>
   <div class='ocr_carea' id='block_1_50' title="bbox 541 2831 2155 2914">
    <p class='ocr_par' dir='ltr' id='par_1_50' title="bbox 541 2831 2155 2912">
     <span class='ocr_line' id='line_1_50' title="bbox 541 2831 2155 2912; baseline 0.01 -32"><span class='ocrx_word' id='word_1_316' title='bbox 541 2833 812 2884; x_wconf 89' lang='lat' dir='ltr'>sumatur</span> <span class='ocrx_word' id='word_1_317' title='bbox 837 2831 894 2884; x_wconf 90' lang='lat' dir='ltr'>in</span> <span class='ocrx_word' id='word_1_318' title='bbox 925 2848 1085 2904; x_wconf 89' lang='lat' dir='ltr'>aqua</span> <span class='ocrx_word' id='word_1_319' title='bbox 1117 2836 1314 2906; x_wconf 85' lang='lat' dir='ltr'>tepida</span> <span class='ocrx_word' id='word_1_320' title='bbox 1333 2841 1438 2892; x_wconf 89' lang='lat' dir='ltr'>aut</span> <span class='ocrx_word' id='word_1_321' title='bbox 1467 2837 1790 2907; x_wconf 87' lang='lat' dir='ltr'>melicrato,</span> <span class='ocrx_word' id='word_1_322' title='bbox 1823 2849 1995 2912; x_wconf 90' lang='lat' dir='ltr'>prout</span> <span class='ocrx_word' id='word_1_323' title='bbox 2020 2840 2155 2896; x_wconf 69' lang='lat' dir='ltr'>alter</span> 
     </span>
    </p>
   </div>
   <div class='ocr_carea' id='block_1_51' title="bbox 2241 2831 3855 2914">
    <p class='ocr_par' dir='ltr' id='par_1_51' title="bbox 2298 2836 3855 2914">
     <span class='ocr_line' id='line_1_51' title="bbox 2298 2836 3855 2914; baseline -0.002 -20"><span class='ocrx_word' id='word_1_324' title='bbox 2298 2845 2494 2914; x_wconf 80' lang='grc' dir='ltr'>κράτῳ,</span> <span class='ocrx_word' id='word_1_325' title='bbox 2526 2843 2590 2900; x_wconf 82' lang='grc' dir='ltr'>ὡς</span> <span class='ocrx_word' id='word_1_326' title='bbox 2621 2839 2679 2891; x_wconf 79' lang='grc' dir='ltr'>ἂν</span> <span class='ocrx_word' id='word_1_327' title='bbox 2818 2859 2902 2891; x_wconf 92' lang='grc' dir='ltr'>σοι</span> <span class='ocrx_word' id='word_1_328' title='bbox 2942 2839 3266 2911; x_wconf 83' lang='grc' dir='ltr'>ἁλυπὼτερον</span> <span class='ocrx_word' id='word_1_329' title='bbox 3297 2857 3308 2868; x_wconf 82' lang='grc'><em>’</em></span> <span class='ocrx_word' id='word_1_330' title='bbox 3342 2843 3399 2890; x_wconf 83' lang='grc' dir='ltr'>τὸ</span> <span class='ocrx_word' id='word_1_331' title='bbox 3438 2836 3516 2904; x_wconf 70' lang='grc' dir='ltr'>δὲ,</span> <span class='ocrx_word' id='word_1_332' title='bbox 3548 2841 3669 2910; x_wconf 78' lang='grc' dir='ltr'>μετὰ</span> <span class='ocrx_word' id='word_1_333' title='bbox 3691 2841 3771 2892; x_wconf 70' lang='grc' dir='ltr'>τὴν</span> <span class='ocrx_word' id='word_1_334' title='bbox 3789 2842 3855 2892; x_wconf 74' lang='grc' dir='ltr'>τῆς</span> 
     </span>
    </p>
   </div>
   <div class='ocr_carea' id='block_1_52' title="bbox 543 2921 2157 3006">
    <p class='ocr_par' dir='ltr' id='par_1_52' title="bbox 543 2921 2157 2999">
     <span class='ocr_line' id='line_1_52' title="bbox 543 2921 2157 2999; baseline 0.009 -29"><span class='ocrx_word' id='word_1_335' title='bbox 543 2921 738 2972; x_wconf 89' lang='lat' dir='ltr'>utrum</span> <span class='ocrx_word' id='word_1_336' title='bbox 773 2921 967 2976; x_wconf 61' lang='lat' dir='ltr'>magis</span> <span class='ocrx_word' id='word_1_337' title='bbox 994 2923 1142 2978; x_wconf 85' lang='lat' dir='ltr'>ferre</span> <span class='ocrx_word' id='word_1_338' title='bbox 1175 2927 1362 2996; x_wconf 88' lang='lat' dir='ltr'>possis</span> <span class='ocrx_word' id='word_1_339' title='bbox 1397 2944 1410 2980; x_wconf 90' lang='lat'>:</span> <span class='ocrx_word' id='word_1_340' title='bbox 1439 2933 1644 2999; x_wconf 89' lang='lat' dir='ltr'>etpost</span> <span class='ocrx_word' id='word_1_341' title='bbox 1672 2931 1860 2985; x_wconf 86' lang='lat' dir='ltr'>amari</span> <span class='ocrx_word' id='word_1_342' title='bbox 1887 2931 2034 2985; x_wconf 91' lang='lat' dir='ltr'>illius</span> <span class='ocrx_word' id='word_1_343' title='bbox 2067 2947 2157 2986; x_wconf 90' lang='lat' dir='ltr'>me</span> 
     </span>
    </p>
   </div>
   <div class='ocr_carea' id='block_1_53' title="bbox 2244 2921 3858 3006">
    <p class='ocr_par' dir='ltr' id='par_1_53' title="bbox 2299 2927 3858 3006">
     <span class='ocr_line' id='line_1_53' title="bbox 2299 2927 3858 3006; baseline -0.008 -22"><span class='ocrx_word' id='word_1_344' title='bbox 2299 2937 2485 3006; x_wconf 86' lang='grc' dir='ltr'>πικρᾶς</span> <span class='ocrx_word' id='word_1_345' title='bbox 2539 2937 2711 2997; x_wconf 79' lang='grc' dir='ltr'>ποσίν,</span> <span class='ocrx_word' id='word_1_346' title='bbox 2757 2929 2874 2980; x_wconf 78' lang='grc' dir='ltr'>καθ’</span> <span class='ocrx_word' id='word_1_347' title='bbox 2924 2927 3037 2979; x_wconf 84' lang='grc' dir='ltr'>ὅλον</span> <span class='ocrx_word' id='word_1_348' title='bbox 3078 2930 3278 3002; x_wconf 73' lang='grc' dir='ltr'>ἡμερῶν</span> <span class='ocrx_word' id='word_1_349' title='bbox 3317 2937 3483 2996; x_wconf 78' lang='grc' dir='ltr'>μῆνα,</span> <span class='ocrx_word' id='word_1_350' title='bbox 3522 2933 3753 2980; x_wconf 70' lang='grc' dir='ltr'>Ποντικοῦ</span> <span class='ocrx_word' id='word_1_351' title='bbox 3785 2943 3858 2973; x_wconf 80' lang='grc' dir='ltr'>κα-</span> 
     </span>
    </p>
   </div>
   <div class='ocr_carea' id='block_1_54' title="bbox 541 3005 2155 3095">
    <p class='ocr_par' dir='ltr' id='par_1_54' title="bbox 541 3005 2155 3091">
     <span class='ocr_line' id='line_1_54' title="bbox 541 3005 2155 3091; baseline 0.01 -32"><span class='ocrx_word' id='word_1_352' title='bbox 541 3005 858 3064; x_wconf 88' lang='lat' dir='ltr'>dicamenti</span> <span class='ocrx_word' id='word_1_353' title='bbox 883 3013 1210 3082; x_wconf 89' lang='lat' dir='ltr'>potionem,</span> <span class='ocrx_word' id='word_1_354' title='bbox 1241 3032 1445 3071; x_wconf 85' lang='lat' dir='ltr'>sumas</span> <span class='ocrx_word' id='word_1_355' title='bbox 1461 3017 1710 3073; x_wconf 88' lang='lat' dir='ltr'>alterum</span> <span class='ocrx_word' id='word_1_356' title='bbox 1735 3018 1868 3074; x_wconf 88' lang='lat' dir='ltr'>licet</span> <span class='ocrx_word' id='word_1_357' title='bbox 1899 3036 2002 3091; x_wconf 90' lang='lat' dir='ltr'>per</span> <span class='ocrx_word' id='word_1_358' title='bbox 2030 3036 2155 3074; x_wconf 85' lang='lat' dir='ltr'>men</span> 
     </span>
    </p>
   </div>
   <div class='ocr_carea' id='block_1_55' title="bbox 2239 3005 3853 3095">
    <p class='ocr_par' dir='ltr' id='par_1_55' title="bbox 2300 3005 3853 3095">
     <span class='ocr_line' id='line_1_55' title="bbox 2300 3005 3853 3095; baseline -0.006 -24"><span class='ocrx_word' id='word_1_359' title='bbox 2300 3005 2427 3095; x_wconf 87' lang='grc' dir='ltr'>ρύου</span> <span class='ocrx_word' id='word_1_360' title='bbox 2514 3021 2648 3071; x_wconf 81' lang='grc' dir='ltr'>κατὰ</span> <span class='ocrx_word' id='word_1_361' title='bbox 2694 3020 2924 3089; x_wconf 76' lang='grc' dir='ltr'>μέγεθος,</span> <span class='ocrx_word' id='word_1_362' title='bbox 2979 3017 3025 3078; x_wconf 86' lang='grc' dir='ltr'>ἐς</span> <span class='ocrx_word' id='word_1_363' title='bbox 3079 3021 3199 3090; x_wconf 85' lang='grc' dir='ltr'>τρία</span> <span class='ocrx_word' id='word_1_364' title='bbox 3249 3027 3321 3088; x_wconf 82' lang='grc' dir='ltr'>τῷ</span> <span class='ocrx_word' id='word_1_365' title='bbox 3377 3017 3562 3076; x_wconf 71' lang='grc' dir='ltr'>πλήθει</span> <span class='ocrx_word' id='word_1_366' title='bbox 3606 3014 3853 3086; x_wconf 73' lang='grc' dir='ltr'>λαμϐάνων.</span> 
     </span>
    </p>
   </div>
   <div class='ocr_carea' id='block_1_56' title="bbox 540 3098 2154 3182">
    <p class='ocr_par' dir='ltr' id='par_1_56' title="bbox 540 3098 2154 3179">
     <span class='ocr_line' id='line_1_56' title="bbox 540 3098 2154 3179; baseline 0.009 -29"><span class='ocrx_word' id='word_1_367' title='bbox 540 3111 665 3152; x_wconf 86' lang='lat' dir='ltr'>sem</span> <span class='ocrx_word' id='word_1_368' title='bbox 692 3098 988 3168; x_wconf 87' lang='lat' dir='ltr'>integrum</span> <span class='ocrx_word' id='word_1_369' title='bbox 1003 3103 1431 3170; x_wconf 85' lang='lat' dir='ltr'>continuatum,</span> <span class='ocrx_word' id='word_1_370' title='bbox 1457 3123 1644 3179; x_wconf 88' lang='lat' dir='ltr'>usque</span> <span class='ocrx_word' id='word_1_371' title='bbox 1659 3108 1736 3164; x_wconf 85' lang='lat' dir='ltr'>ad</span> <span class='ocrx_word' id='word_1_372' title='bbox 1751 3110 1918 3164; x_wconf 91' lang='lat' dir='ltr'>nucis</span> <span class='ocrx_word' id='word_1_373' title='bbox 1935 3110 2154 3166; x_wconf 73' lang='lat' dir='ltr'>Pontici</span> 
     </span>
    </p>
   </div>
   <div class='ocr_carea' id='block_1_57' title="bbox 2241 3098 3855 3182">
    <p class='ocr_par' dir='ltr' id='par_1_57' title="bbox 2300 3102 3855 3182">
     <span class='ocr_line' id='line_1_57' title="bbox 2300 3102 3855 3182; baseline -0.005 -21"><span class='ocrx_word' id='word_1_374' title='bbox 2300 3114 2366 3163; x_wconf 83' lang='grc' dir='ltr'>τὰ</span> <span class='ocrx_word' id='word_1_375' title='bbox 2415 3114 2525 3182; x_wconf 69' lang='grc' dir='ltr'>μὶν,</span> <span class='ocrx_word' id='word_1_376' title='bbox 2585 3108 2812 3168; x_wconf 80' lang='grc' dir='ltr'>ἡλιακῶν</span> <span class='ocrx_word' id='word_1_377' title='bbox 2865 3107 3033 3178; x_wconf 68' lang='grc' dir='ltr'>αύγών</span> <span class='ocrx_word' id='word_1_378' title='bbox 3080 3109 3422 3179; x_wconf 81' lang='grc' dir='ltr'>πρωίαίτερον</span> <span class='ocrx_word' id='word_1_379' title='bbox 3459 3127 3470 3138; x_wconf 90' lang='grc'>·</span> <span class='ocrx_word' id='word_1_380' title='bbox 3499 3110 3557 3158; x_wconf 90' lang='grc' dir='ltr'>τὸ</span> <span class='ocrx_word' id='word_1_381' title='bbox 3599 3102 3654 3158; x_wconf 77' lang='grc' dir='ltr'>δὲ</span> <span class='ocrx_word' id='word_1_382' title='bbox 3695 3104 3855 3166; x_wconf 79' lang='grc' dir='ltr'>λοιπὸν,</span> 
     </span>
    </p>
   </div>
   <div class='ocr_carea' id='block_1_58' title="bbox 539 3188 2153 3271">
    <p class='ocr_par' dir='ltr' id='par_1_58' title="bbox 539 3188 2153 3265">
     <span class='ocr_line' id='line_1_58' title="bbox 539 3188 2153 3265; baseline 0.009 -26"><span class='ocrx_word' id='word_1_383' title='bbox 539 3188 958 3260; x_wconf 89' lang='lat' dir='ltr'>quantitatem,</span> <span class='ocrx_word' id='word_1_384' title='bbox 975 3193 1154 3247; x_wconf 91' lang='lat' dir='ltr'>ternis</span> <span class='ocrx_word' id='word_1_385' title='bbox 1174 3210 1352 3265; x_wconf 90' lang='lat' dir='ltr'>porro</span> <span class='ocrx_word' id='word_1_386' title='bbox 1370 3195 1523 3250; x_wconf 92' lang='lat' dir='ltr'>bolis</span> <span class='ocrx_word' id='word_1_387' title='bbox 1536 3196 1916 3253; x_wconf 89' lang='lat' dir='ltr'>distributum</span> <span class='ocrx_word' id='word_1_388' title='bbox 1946 3199 2153 3254; x_wconf 80' lang='lat' dir='ltr'>sumitc</span> 
     </span>
    </p>
   </div>
   <div class='ocr_carea' id='block_1_59' title="bbox 2241 3188 3855 3271">
    <p class='ocr_par' dir='ltr' id='par_1_59' title="bbox 2305 3194 3855 3271">
     <span class='ocr_line' id='line_1_59' title="bbox 2305 3194 3855 3271; baseline -0.006 -18"><span class='ocrx_word' id='word_1_389' title='bbox 2305 3197 2556 3271; x_wconf 79' lang='grc' dir='ltr'>δυομένου</span> <span class='ocrx_word' id='word_1_390' title='bbox 2626 3202 2716 3249; x_wconf 85' lang='grc' dir='ltr'>καὶ</span> <span class='ocrx_word' id='word_1_391' title='bbox 2787 3194 3100 3248; x_wconf 83' lang='grc' dir='ltr'>ἐπιδείπνιον</span> <span class='ocrx_word' id='word_1_392' title='bbox 3133 3217 3145 3230; x_wconf 76' lang='grc' dir='ltr'><strong><em>ο</em></strong></span> <span class='ocrx_word' id='word_1_393' title='bbox 3215 3201 3368 3254; x_wconf 85' lang='grc' dir='ltr'>τὴντε</span> <span class='ocrx_word' id='word_1_394' title='bbox 3412 3198 3728 3268; x_wconf 75' lang='grc' dir='ltr'>στομαχικὴν</span> <span class='ocrx_word' id='word_1_395' title='bbox 3751 3211 3855 3262; x_wconf 82' lang='grc' dir='ltr'>καχ-</span> 
     </span>
    </p>
   </div>
   <div class='ocr_carea' id='block_1_60' title="bbox 538 3273 2152 3358">
    <p class='ocr_par' dir='ltr' id='par_1_60' title="bbox 538 3273 2152 3347">
     <span class='ocr_line' id='line_1_60' title="bbox 538 3273 2152 3347; baseline 0.009 -19"><span class='ocrx_word' id='word_1_396' title='bbox 538 3273 706 3332; x_wconf 91' lang='lat' dir='ltr'>Illam</span> <span class='ocrx_word' id='word_1_397' title='bbox 734 3283 870 3333; x_wconf 87' lang='lat' dir='ltr'>ante</span> <span class='ocrx_word' id='word_1_398' title='bbox 884 3282 1026 3335; x_wconf 89' lang='lat' dir='ltr'>solis</span> <span class='ocrx_word' id='word_1_399' title='bbox 1043 3289 1337 3347; x_wconf 86' lang='lat' dir='ltr'>exortum,</span> <span class='ocrx_word' id='word_1_400' title='bbox 1369 3284 1618 3340; x_wconf 89' lang='lat' dir='ltr'>alteram</span> <span class='ocrx_word' id='word_1_401' title='bbox 1643 3286 1719 3341; x_wconf 88' lang='lat' dir='ltr'>ad</span> <span class='ocrx_word' id='word_1_402' title='bbox 1744 3303 2029 3343; x_wconf 91' lang='lat' dir='ltr'>occasum</span> <span class='ocrx_word' id='word_1_403' title='bbox 2053 3287 2152 3343; x_wconf 87' lang='lat' dir='ltr'>soli</span> 
     </span>
    </p>
   </div>
   <div class='ocr_carea' id='block_1_61' title="bbox 2242 3273 3856 3358">
    <p class='ocr_par' dir='ltr' id='par_1_61' title="bbox 2305 3285 3856 3358">
     <span class='ocr_line' id='line_1_61' title="bbox 2305 3285 3856 3358; baseline -0.004 -17"><span class='ocrx_word' id='word_1_404' title='bbox 2305 3289 2440 3353; x_wconf 81' lang='grc' dir='ltr'>εξίαν</span> <span class='ocrx_word' id='word_1_405' title='bbox 2470 3287 2552 3339; x_wconf 76' lang='grc' dir='ltr'>ἐπὶ</span> <span class='ocrx_word' id='word_1_406' title='bbox 2597 3290 2654 3339; x_wconf 84' lang='grc' dir='ltr'>τὸ</span> <span class='ocrx_word' id='word_1_407' title='bbox 2702 3288 2907 3358; x_wconf 83' lang='grc' dir='ltr'>ἄμεινον</span> <span class='ocrx_word' id='word_1_408' title='bbox 2961 3286 3088 3348; x_wconf 81' lang='grc' dir='ltr'>ἔξεις</span> <span class='ocrx_word' id='word_1_409' title='bbox 3133 3288 3519 3358; x_wconf 77' lang='grc' dir='ltr'>μεθισταμένην</span> <span class='ocrx_word' id='word_1_410' title='bbox 3560 3301 3654 3348; x_wconf 88' lang='grc' dir='ltr'>σοι,</span> <span class='ocrx_word' id='word_1_411' title='bbox 3693 3285 3856 3335; x_wconf 65' lang='lat' dir='ltr'>ratin</span> 
     </span>
    </p>
   </div>
   <div class='ocr_carea' id='block_1_62' title="bbox 541 3369 2155 3447">
    <p class='ocr_par' dir='ltr' id='par_1_62' title="bbox 541 3371 2155 3434">
     <span class='ocr_line' id='line_1_62' title="bbox 541 3371 2155 3434; baseline 0.009 -15"><span class='ocrx_word' id='word_1_412' title='bbox 541 3371 1242 3434; x_wconf 76' lang='lat' dir='ltr'>postcmnam,stomachi</span> <span class='ocrx_word' id='word_1_413' title='bbox 1256 3374 1600 3430; x_wconf 88' lang='lat' dir='ltr'>cachexiam</span> <span class='ocrx_word' id='word_1_414' title='bbox 1617 3375 1696 3430; x_wconf 89' lang='lat' dir='ltr'>ita</span> <span class='ocrx_word' id='word_1_415' title='bbox 1713 3375 1772 3430; x_wconf 92' lang='lat' dir='ltr'>in</span> <span class='ocrx_word' id='word_1_416' title='bbox 1790 3376 2001 3432; x_wconf 89' lang='lat' dir='ltr'>melius</span> <span class='ocrx_word' id='word_1_417' title='bbox 2014 3377 2155 3433; x_wconf 71' lang='lat' dir='ltr'>refo:</span> 
     </span>
    </p>
   </div>
   <div class='ocr_carea' id='block_1_63' title="bbox 2239 3369 3853 3447">
    <p class='ocr_par' dir='ltr' id='par_1_63' title="bbox 2303 3369 3853 3447">
     <span class='ocr_line' id='line_1_63' title="bbox 2303 3369 3853 3447; baseline -0.008 -18"><span class='ocrx_word' id='word_1_418' title='bbox 2303 3385 2395 3432; x_wconf 80' lang='grc' dir='ltr'>τοῦ</span> <span class='ocrx_word' id='word_1_419' title='bbox 2426 3377 2556 3437; x_wconf 83' lang='grc' dir='ltr'>ὠτὸς</span> <span class='ocrx_word' id='word_1_420' title='bbox 2585 3371 2950 3447; x_wconf 82' lang='grc' dir='ltr'>περιωδυνίαν.</span> <span class='ocrx_word' id='word_1_421' title='bbox 2987 3374 3096 3426; x_wconf 84' lang='grc' dir='ltr'>Ούκ</span> <span class='ocrx_word' id='word_1_422' title='bbox 3127 3373 3186 3425; x_wconf 87' lang='grc' dir='ltr'>ἆν</span> <span class='ocrx_word' id='word_1_423' title='bbox 3215 3371 3274 3426; x_wconf 72' lang='grc' dir='ltr'>δὲ</span> <span class='ocrx_word' id='word_1_424' title='bbox 3301 3379 3461 3445; x_wconf 74' lang='grc' dir='ltr'>φαίην</span> <span class='ocrx_word' id='word_1_425' title='bbox 3491 3373 3561 3435; x_wconf 81' lang='grc' dir='ltr'>εἰς</span> <span class='ocrx_word' id='word_1_426' title='bbox 3601 3369 3853 3438; x_wconf 70' lang='grc' dir='ltr'>ἀπαλλαγὴν</span> 
     </span>
    </p>
   </div>
   <div class='ocr_carea' id='block_1_64' title="bbox 541 3454 2155 3538">
    <p class='ocr_par' dir='ltr' id='par_1_64' title="bbox 541 3454 2155 3538">
     <span class='ocr_line' id='line_1_64' title="bbox 541 3454 2155 3538; baseline 0.01 -32"><span class='ocrx_word' id='word_1_427' title='bbox 541 3454 761 3520; x_wconf 89' lang='lat' dir='ltr'>mabis,</span> <span class='ocrx_word' id='word_1_428' title='bbox 795 3462 851 3510; x_wconf 88' lang='lat' dir='ltr'>et</span> <span class='ocrx_word' id='word_1_429' title='bbox 881 3461 1117 3514; x_wconf 91' lang='lat' dir='ltr'>aurium</span> <span class='ocrx_word' id='word_1_430' title='bbox 1147 3460 1417 3516; x_wconf 90' lang='lat' dir='ltr'>dolorem</span> <span class='ocrx_word' id='word_1_431' title='bbox 1476 3464 1735 3518; x_wconf 87' lang='lat' dir='ltr'>sedabis.</span> <span class='ocrx_word' id='word_1_432' title='bbox 1789 3468 1912 3520; x_wconf 90' lang='lat' dir='ltr'>Non</span> <span class='ocrx_word' id='word_1_433' title='bbox 1941 3482 2155 3538; x_wconf 82' lang='lat' dir='ltr'>possur</span> 
     </span>
    </p>
   </div>
   <div class='ocr_carea' id='block_1_65' title="bbox 2236 3454 3850 3538">
    <p class='ocr_par' dir='ltr' id='par_1_65' title="bbox 2302 3459 3850 3538">
     <span class='ocr_line' id='line_1_65' title="bbox 2302 3459 3850 3538; baseline -0.006 -14"><span class='ocrx_word' id='word_1_434' title='bbox 2302 3467 2521 3522; x_wconf 82' lang='grc' dir='ltr'>παντελῆ</span> <span class='ocrx_word' id='word_1_435' title='bbox 2554 3484 2567 3496; x_wconf 94' lang='grc'><strong>·</strong></span> <span class='ocrx_word' id='word_1_436' title='bbox 2602 3461 2837 3538; x_wconf 79' lang='grc' dir='ltr'>βραχεῖά</span> <span class='ocrx_word' id='word_1_437' title='bbox 2868 3482 2921 3515; x_wconf 89' lang='grc' dir='ltr'>τε</span> <span class='ocrx_word' id='word_1_438' title='bbox 2967 3466 3067 3537; x_wconf 73' lang='grc' dir='ltr'>γὰρ</span> <span class='ocrx_word' id='word_1_439' title='bbox 3120 3465 3365 3535; x_wconf 85' lang='grc' dir='ltr'>θεραπεία</span> <span class='ocrx_word' id='word_1_440' title='bbox 3418 3465 3752 3535; x_wconf 74' lang='grc' dir='ltr'>χρονιωτέρων</span> <span class='ocrx_word' id='word_1_441' title='bbox 3784 3459 3850 3514; x_wconf 74' lang='grc' dir='ltr'>ἦτ-</span> 
     </span>
    </p>
   </div>
   <div class='ocr_carea' id='block_1_66' title="bbox 543 3539 2157 3624">
    <p class='ocr_par' dir='ltr' id='par_1_66' title="bbox 543 3539 2157 3612">
     <span class='ocr_line' id='line_1_66' title="bbox 543 3539 2157 3612; baseline 0.011 -17"><span class='ocrx_word' id='word_1_442' title='bbox 543 3539 646 3596; x_wconf 88' lang='lat' dir='ltr'>tibi</span> <span class='ocrx_word' id='word_1_443' title='bbox 665 3545 1002 3612; x_wconf 89' lang='lat' dir='ltr'>promittere</span> <span class='ocrx_word' id='word_1_444' title='bbox 1026 3549 1266 3604; x_wconf 86' lang='lat' dir='ltr'>totalem</span> <span class='ocrx_word' id='word_1_445' title='bbox 1294 3551 1670 3607; x_wconf 87' lang='lat' dir='ltr'>sanationem</span> <span class='ocrx_word' id='word_1_446' title='bbox 1697 3569 1709 3607; x_wconf 93' lang='lat'>:</span> <span class='ocrx_word' id='word_1_447' title='bbox 1739 3568 1880 3609; x_wconf 91' lang='lat' dir='ltr'>nam</span> <span class='ocrx_word' id='word_1_448' title='bbox 1898 3554 2157 3612; x_wconf 89' lang='lat' dir='ltr'>morbiin</span> 
     </span>
    </p>
   </div>
   <div class='ocr_carea' id='block_1_67' title="bbox 2237 3539 3851 3624">
    <p class='ocr_par' dir='ltr' id='par_1_67' title="bbox 2302 3547 3851 3624">
     <span class='ocr_line' id='line_1_67' title="bbox 2302 3547 3851 3624; baseline -0.005 -18"><span class='ocrx_word' id='word_1_449' title='bbox 2302 3561 2457 3606; x_wconf 83' lang='grc' dir='ltr'>τᾶται</span> <span class='ocrx_word' id='word_1_450' title='bbox 2515 3554 2845 3624; x_wconf 72' lang='grc' dir='ltr'>νοσημάτων,</span> <span class='ocrx_word' id='word_1_451' title='bbox 2899 3557 2989 3604; x_wconf 85' lang='grc' dir='ltr'>καὶ</span> <span class='ocrx_word' id='word_1_452' title='bbox 3047 3552 3218 3624; x_wconf 82' lang='grc' dir='ltr'>ὥσπερ</span> <span class='ocrx_word' id='word_1_453' title='bbox 3263 3559 3562 3624; x_wconf 81' lang='grc' dir='ltr'>πανταχοῦ,</span> <span class='ocrx_word' id='word_1_454' title='bbox 3619 3550 3738 3602; x_wconf 73' lang='grc' dir='ltr'>οὕτω</span> 
     </span>
    </p>
   </div>
   <div class='ocr_carea' id='block_1_68' title="bbox 549 3633 2163 3717">
    <p class='ocr_par' dir='ltr' id='par_1_68' title="bbox 549 3633 2163 3717">
     <span class='ocr_line' id='line_1_68' title="bbox 549 3633 2163 3717; baseline 0.011 -33"><span class='ocrx_word' id='word_1_455' title='bbox 549 3633 794 3688; x_wconf 83' lang='lat' dir='ltr'>veterati</span> <span class='ocrx_word' id='word_1_456' title='bbox 832 3633 932 3689; x_wconf 88' lang='lat' dir='ltr'>vix</span> <span class='ocrx_word' id='word_1_457' title='bbox 963 3637 1037 3690; x_wconf 92' lang='lat' dir='ltr'>ad</span> <span class='ocrx_word' id='word_1_458' title='bbox 1072 3642 1306 3709; x_wconf 89' lang='lat' dir='ltr'>tempus</span> <span class='ocrx_word' id='word_1_459' title='bbox 1355 3639 1531 3696; x_wconf 87' lang='lat' dir='ltr'>breve</span> <span class='ocrx_word' id='word_1_460' title='bbox 1563 3646 1868 3698; x_wconf 85' lang='lat' dir='ltr'>sanantur.</span> <span class='ocrx_word' id='word_1_461' title='bbox 1901 3645 2090 3717; x_wconf 82' lang='lat' dir='ltr'>Atque</span> <span class='ocrx_word' id='word_1_462' title='bbox 2131 3663 2163 3701; x_wconf 94' lang='lat' dir='ltr'>u</span> 
     </span>
    </p>
   </div>
   <div class='ocr_carea' id='block_1_69' title="bbox 2236 3633 3850 3717">
    <p class='ocr_par' dir='ltr' id='par_1_69' title="bbox 2300 3639 3850 3716">
     <span class='ocr_line' id='line_1_69' title="bbox 2300 3639 3850 3716; baseline -0.006 -20"><span class='ocrx_word' id='word_1_463' title='bbox 2300 3643 2456 3696; x_wconf 90' lang='grc' dir='ltr'>λιστα</span> <span class='ocrx_word' id='word_1_464' title='bbox 2481 3650 2592 3703; x_wconf 86' lang='grc' dir='ltr'>ταῖς</span> <span class='ocrx_word' id='word_1_465' title='bbox 2620 3642 2880 3716; x_wconf 84' lang='grc' dir='ltr'>ἰατρικαῖς</span> <span class='ocrx_word' id='word_1_466' title='bbox 2931 3643 3260 3713; x_wconf 71' lang='grc' dir='ltr'>ὑποσχέσεσι</span> <span class='ocrx_word' id='word_1_467' title='bbox 3315 3646 3597 3713; x_wconf 82' lang='grc' dir='ltr'>νεμέσητον</span> <span class='ocrx_word' id='word_1_468' title='bbox 3638 3643 3689 3691; x_wconf 86' lang='grc' dir='ltr'>τὸ</span> <span class='ocrx_word' id='word_1_469' title='bbox 3731 3639 3850 3706; x_wconf 70' lang='grc' dir='ltr'>ὑπὲρ·</span> 
     </span>
    </p>
   </div>
   <div class='ocr_carea' id='block_1_70' title="bbox 541 3727 2155 3806">
    <p class='ocr_par' dir='ltr' id='par_1_70' title="bbox 541 3727 2155 3799">
     <span class='ocr_line' id='line_1_70' title="bbox 541 3727 2155 3799; baseline 0.004 -15"><span class='ocrx_word' id='word_1_470' title='bbox 541 3729 701 3794; x_wconf 92' lang='lat' dir='ltr'>alibi,</span> <span class='ocrx_word' id='word_1_471' title='bbox 724 3729 802 3784; x_wconf 88' lang='lat' dir='ltr'>ita</span> <span class='ocrx_word' id='word_1_472' title='bbox 823 3727 1116 3799; x_wconf 90' lang='lat' dir='ltr'>imprimis</span> <span class='ocrx_word' id='word_1_473' title='bbox 1137 3727 1196 3782; x_wconf 89' lang='lat' dir='ltr'>in</span> <span class='ocrx_word' id='word_1_474' title='bbox 1217 3729 1710 3798; x_wconf 87' lang='lat' dir='ltr'>promissionibus</span> <span class='ocrx_word' id='word_1_475' title='bbox 1733 3731 2155 3790; x_wconf 81' lang='lat' dir='ltr'>medicamenta</span> 
     </span>
    </p>
   </div>
   <div class='ocr_carea' id='block_1_71' title="bbox 2234 3727 3848 3806">
    <p class='ocr_par' dir='ltr' id='par_1_71' title="bbox 2300 3728 3848 3806">
     <span class='ocr_line' id='line_1_71' title="bbox 2300 3728 3848 3806; baseline -0.007 -20"><span class='ocrx_word' id='word_1_476' title='bbox 2300 3752 2473 3805; x_wconf 73' lang='grc' dir='ltr'>ογκον.</span> <span class='ocrx_word' id='word_1_477' title='bbox 2533 3731 2668 3786; x_wconf 86' lang='grc' dir='ltr'>Ἀλλ’</span> <span class='ocrx_word' id='word_1_478' title='bbox 2726 3728 2814 3783; x_wconf 88' lang='grc' dir='ltr'>οὖν</span> <span class='ocrx_word' id='word_1_479' title='bbox 2881 3739 2974 3794; x_wconf 77' lang='grc' dir='ltr'>τῆς</span> <span class='ocrx_word' id='word_1_480' title='bbox 3054 3731 3157 3783; x_wconf 81' lang='grc' dir='ltr'>ἂνω</span> <span class='ocrx_word' id='word_1_481' title='bbox 3231 3732 3423 3806; x_wconf 82' lang='grc' dir='ltr'>ῥοπῆς,</span> <span class='ocrx_word' id='word_1_482' title='bbox 3491 3731 3562 3792; x_wconf 89' lang='grc' dir='ltr'>εἰς</span> <span class='ocrx_word' id='word_1_483' title='bbox 3638 3728 3848 3800; x_wconf 67' lang='grc' dir='ltr'>εὐμένειαν</span> 
     </span>
    </p>
   </div>
   <div class='ocr_carea' id='block_1_72' title="bbox 538 3811 2152 3894">
    <p class='ocr_par' dir='ltr' id='par_1_72' title="bbox 538 3816 2149 3888">
     <span class='ocr_line' id='line_1_72' title="bbox 538 3816 2149 3888; baseline 0.004 -15"><span class='ocrx_word' id='word_1_484' title='bbox 538 3817 695 3873; x_wconf 89' lang='lat' dir='ltr'>libus</span> <span class='ocrx_word' id='word_1_485' title='bbox 721 3817 778 3872; x_wconf 91' lang='lat' dir='ltr'>id</span> <span class='ocrx_word' id='word_1_486' title='bbox 813 3817 976 3888; x_wconf 89' lang='lat' dir='ltr'>quod</span> <span class='ocrx_word' id='word_1_487' title='bbox 1001 3816 1280 3888; x_wconf 89' lang='lat' dir='ltr'>turgescit</span> <span class='ocrx_word' id='word_1_488' title='bbox 1325 3817 1770 3888; x_wconf 89' lang='lat' dir='ltr'>reprobandum</span> <span class='ocrx_word' id='word_1_489' title='bbox 1815 3837 1826 3875; x_wconf 94' lang='lat'><strong>:</strong></span> <span class='ocrx_word' id='word_1_490' title='bbox 1861 3821 1964 3877; x_wconf 90' lang='lat' dir='ltr'>sed</span> <span class='ocrx_word' id='word_1_491' title='bbox 1987 3821 2149 3879; x_wconf 85' lang='lat' dir='ltr'>divin</span> 
     </span>
    </p>
   </div>
   <div class='ocr_carea' id='block_1_73' title="bbox 2235 3811 3849 3894">
    <p class='ocr_par' dir='ltr' id='par_1_73' title="bbox 2299 3811 3849 3894">
     <span class='ocr_line' id='line_1_73' title="bbox 2299 3811 3849 3894; baseline -0.007 -20"><span class='ocrx_word' id='word_1_492' title='bbox 2299 3824 2524 3891; x_wconf 80' lang='grc' dir='ltr'>ὁρώσης,</span> <span class='ocrx_word' id='word_1_493' title='bbox 2590 3821 2655 3882; x_wconf 87' lang='grc' dir='ltr'>εἰς</span> <span class='ocrx_word' id='word_1_494' title='bbox 2712 3820 2840 3873; x_wconf 85' lang='grc' dir='ltr'>πολὺ</span> <span class='ocrx_word' id='word_1_495' title='bbox 2887 3821 3048 3894; x_wconf 81' lang='grc' dir='ltr'>ῥᾴονα</span> <span class='ocrx_word' id='word_1_496' title='bbox 3121 3823 3604 3893; x_wconf 75' lang='grc' dir='ltr'>συγκαθισταμένην</span> <span class='ocrx_word' id='word_1_497' title='bbox 3649 3836 3724 3870; x_wconf 86' lang='grc' dir='ltr'>σοι</span> <span class='ocrx_word' id='word_1_498' title='bbox 3761 3811 3849 3866; x_wconf 71' lang='grc' dir='ltr'>διά-</span> 
     </span>
    </p>
   </div>
   <div class='ocr_carea' id='block_1_74' title="bbox 541 3904 2462 3980">
    <p class='ocr_par' dir='ltr' id='par_1_74' title="bbox 541 3904 2462 3980">
     <span class='ocr_line' id='line_1_74' title="bbox 541 3904 2462 3980; baseline -0.001 -17"><span class='ocrx_word' id='word_1_499' title='bbox 541 3906 709 3963; x_wconf 86' lang='lat' dir='ltr'>facile</span> <span class='ocrx_word' id='word_1_500' title='bbox 735 3906 1032 3978; x_wconf 87' lang='lat' dir='ltr'>aspirante</span> <span class='ocrx_word' id='word_1_501' title='bbox 1063 3904 1284 3961; x_wconf 85' lang='lat' dir='ltr'>auxilio</span> <span class='ocrx_word' id='word_1_502' title='bbox 1326 3905 1660 3977; x_wconf 86' lang='lat' dir='ltr'>mitigatum</span> <span class='ocrx_word' id='word_1_503' title='bbox 1716 3911 1910 3980; x_wconf 86' lang='lat' dir='ltr'>magis</span> <span class='ocrx_word' id='word_1_504' title='bbox 1969 3915 2188 3969; x_wconf 90' lang='lat' dir='ltr'>statum</span> <span class='ocrx_word' id='word_1_505' title='bbox 2222 3966 2264 3980; x_wconf 43' lang='grc' dir='ltr'>ἢ</span> <span class='ocrx_word' id='word_1_506' title='bbox 2301 3913 2462 3965; x_wconf 82' lang='grc' dir='ltr'>θεσιν.</span> 
     </span>
    </p>
   </div>
   <div class='ocr_carea' id='block_1_75' title="bbox 541 3966 2267 4069">
    <p class='ocr_par' dir='ltr' id='par_1_75' title="bbox 541 3966 2267 4069">
     <span class='ocr_line' id='line_1_75' title="bbox 541 3966 2267 4069; baseline -0.012 -15"><span class='ocrx_word' id='word_1_507' title='bbox 541 3966 926 4069; x_wconf 72' lang='lat' dir='ltr'>consequeris</span> <span class='ocrx_word' id='word_1_508' title='bbox 951 4001 1005 4052; x_wconf 87' lang='lat' dir='ltr'>et</span> <span class='ocrx_word' id='word_1_509' title='bbox 1034 3966 1487 4051; x_wconf 43' lang='lat' dir='ltr'>habitudinem:</span> <span class='ocrx_word' id='word_1_510' title='bbox 1819 3966 1853 3980; x_wconf 55' lang='grc' dir='ltr'>ν</span> <span class='ocrx_word' id='word_1_511' title='bbox 2221 3966 2267 4021; x_wconf 83' lang='lat' dir='ltr'>D</span> 
     </span>
    </p>
   </div>
   <div class='ocr_carea' id='block_1_76' title="bbox 1111 4085 2725 4146">
    <p class='ocr_par' dir='ltr' id='par_1_76' title="bbox 1111 4085 1601 4141">
     <span class='ocr_line' id='line_1_76' title="bbox 1111 4085 1601 4141; baseline 0.002 -2"><span class='ocrx_word' id='word_1_512' title='bbox 1111 4086 1323 4140; x_wconf 83' lang='lat' dir='ltr'>EPIST.</span> <span class='ocrx_word' id='word_1_513' title='bbox 1375 4085 1601 4141; x_wconf 82' lang='lat' dir='ltr'>XXVIII.</span> 
     </span>
    </p>
   </div>
   <div class='ocr_carea' id='block_1_77' title="bbox 1680 4085 3294 4146">
    <p class='ocr_par' dir='ltr' id='par_1_77' title="bbox 2913 4089 3294 4146">
     <span class='ocr_line' id='line_1_77' title="bbox 2913 4089 3294 4146; baseline -0.005 -2"><span class='ocrx_word' id='word_1_514' title='bbox 2913 4097 3123 4146; x_wconf 84' lang='grc' dir='ltr'>ΕΙΠΣΤ.</span> <span class='ocrx_word' id='word_1_515' title='bbox 3169 4089 3294 4144; x_wconf 83' lang='lat' dir='ltr'>KH&#39;.</span> 
     </span>
    </p>
   </div>
   <div class='ocr_carea' id='block_1_78' title="bbox 681 4151 2295 4257">
    <p class='ocr_par' dir='ltr' id='par_1_78' title="bbox 681 4151 2043 4250">
     <span class='ocr_line' id='line_1_78' title="bbox 681 4151 2043 4250; baseline 0.002 -18"><span class='ocrx_word' id='word_1_516' title='bbox 681 4151 1002 4245; x_wconf 70' lang='lat' dir='ltr'>Ealampio</span> <span class='ocrx_word' id='word_1_517' title='bbox 1055 4174 1494 4244; x_wconf 73' lang='lat' dir='ltr'>archiepiscopo</span> <span class='ocrx_word' id='word_1_518' title='bbox 1526 4181 1577 4231; x_wconf 82' lang='lat' dir='ltr'>et</span> <span class='ocrx_word' id='word_1_519' title='bbox 1617 4177 2043 4250; x_wconf 78' lang='lat' dir='ltr'>sceuophylaci.</span> 
     </span>
    </p>
   </div>
   <div class='ocr_carea' id='block_1_79' title="bbox 2083 4151 3697 4257">
    <p class='ocr_par' dir='ltr' id='par_1_79' title="bbox 2479 4178 3697 4257">
     <span class='ocr_line' id='line_1_79' title="bbox 2479 4178 3697 4257; baseline -0.002 -24"><span class='ocrx_word' id='word_1_520' title='bbox 2479 4181 2760 4254; x_wconf 84' lang='grc' dir='ltr'>Εύλαμπίῳ</span> <span class='ocrx_word' id='word_1_521' title='bbox 2790 4178 3193 4257; x_wconf 82' lang='grc' dir='ltr'>ἁρχιεπισκόπῳ</span> <span class='ocrx_word' id='word_1_522' title='bbox 3223 4183 3310 4231; x_wconf 85' lang='grc' dir='ltr'>καὶ</span> <span class='ocrx_word' id='word_1_523' title='bbox 3342 4178 3697 4252; x_wconf 71' lang='grc' dir='ltr'>σκευοφύλακι.</span> 
     </span>
    </p>
   </div>
   <div class='ocr_carea' id='block_1_80' title="bbox 1783 4301 2615 4371">
    <p class='ocr_par' dir='ltr' id='par_1_80' title="bbox 1783 4301 2615 4371">
     <span class='ocr_line' id='line_1_80' title="bbox 1783 4301 2615 4371; baseline 0.004 -20"><span class='ocrx_word' id='word_1_524' title='bbox 1783 4301 2070 4353; x_wconf 86' lang='lat' dir='ltr'>Montacut.</span> <span class='ocrx_word' id='word_1_525' title='bbox 2109 4304 2214 4370; x_wconf 91' lang='lat' dir='ltr'>(ep.</span> <span class='ocrx_word' id='word_1_526' title='bbox 2251 4306 2358 4368; x_wconf 72' lang='grc'>184,</span> <span class='ocrx_word' id='word_1_527' title='bbox 2395 4322 2448 4371; x_wconf 91' lang='lat' dir='ltr'>p.</span> <span class='ocrx_word' id='word_1_528' title='bbox 2484 4307 2615 4360; x_wconf 77' lang='lat'>275).</span> 
     </span>
    </p>
   </div>
   <div class='ocr_carea' id='block_1_81' title="bbox 607 4407 2221 4495">
    <p class='ocr_par' dir='ltr' id='par_1_81' title="bbox 607 4416 2182 4488">
     <span class='ocr_line' id='line_1_81' title="bbox 607 4416 2182 4488; baseline 0.002 -15"><span class='ocrx_word' id='word_1_529' title='bbox 607 4417 964 4473; x_wconf 85' lang='lat' dir='ltr'>Adversatur</span> <span class='ocrx_word' id='word_1_530' title='bbox 993 4416 1189 4472; x_wconf 89' lang='lat' dir='ltr'>virtuti</span> <span class='ocrx_word' id='word_1_531' title='bbox 1220 4416 1594 4488; x_wconf 87' lang='lat' dir='ltr'>improbitas,</span> <span class='ocrx_word' id='word_1_532' title='bbox 1629 4433 1737 4473; x_wconf 90' lang='lat' dir='ltr'>nec</span> <span class='ocrx_word' id='word_1_533' title='bbox 1760 4418 1822 4474; x_wconf 87' lang='lat' dir='ltr'>in</span> <span class='ocrx_word' id='word_1_534' title='bbox 1855 4420 2182 4476; x_wconf 87' lang='lat' dir='ltr'>amicitiam</span> 
     </span>
    </p>
   </div>
   <div class='ocr_carea' id='block_1_82' title="bbox 2232 4407 3846 4495">
    <p class='ocr_par' dir='ltr' id='par_1_82' title="bbox 2360 4407 3846 4495">
     <span class='ocr_line' id='line_1_82' title="bbox 2360 4407 3846 4495; baseline -0.013 -17"><span class='ocrx_word' id='word_1_535' title='bbox 2360 4429 2541 4478; x_wconf 84' lang='grc' dir='ltr'>Ἔστιν</span> <span class='ocrx_word' id='word_1_536' title='bbox 2593 4421 2816 4475; x_wconf 70' lang='grc' dir='ltr'>ἐναντίον</span> <span class='ocrx_word' id='word_1_537' title='bbox 2873 4430 2937 4495; x_wconf 74' lang='grc' dir='ltr'>τῇ</span> <span class='ocrx_word' id='word_1_538' title='bbox 2995 4420 3145 4494; x_wconf 70' lang='grc' dir='ltr'>ἀρετῇ</span> <span class='ocrx_word' id='word_1_539' title='bbox 3200 4423 3228 4480; x_wconf 82' lang='grc' dir='ltr'><strong>ἠ</strong></span> <span class='ocrx_word' id='word_1_540' title='bbox 3262 4426 3450 4488; x_wconf 81' lang='grc' dir='ltr'>κακία,</span> <span class='ocrx_word' id='word_1_541' title='bbox 3490 4424 3576 4472; x_wconf 82' lang='grc' dir='ltr'>καὶ</span> <span class='ocrx_word' id='word_1_542' title='bbox 3611 4416 3695 4469; x_wconf 79' lang='grc' dir='ltr'>ούκ</span> <span class='ocrx_word' id='word_1_543' title='bbox 3722 4407 3846 4466; x_wconf 81' lang='grc' dir='ltr'>ἆνιὶς</span> 
     </span>
    </p>
   </div>
   <div class='ocr_carea' id='block_1_83' title="bbox 540 4503 2154 4586">
    <p class='ocr_par' dir='ltr' id='par_1_83' title="bbox 540 4506 2154 4580">
     <span class='ocr_line' id='line_1_83' title="bbox 540 4506 2154 4580; baseline 0 -15"><span class='ocrx_word' id='word_1_544' title='bbox 540 4506 1236 4578; x_wconf 88' lang='lat' dir='ltr'>coalescentaliquando:</span> <span class='ocrx_word' id='word_1_545' title='bbox 1258 4512 1506 4578; x_wconf 89' lang='lat' dir='ltr'>utraque</span> <span class='ocrx_word' id='word_1_546' title='bbox 1521 4507 1760 4578; x_wconf 89' lang='lat' dir='ltr'>propriu</span> <span class='ocrx_word' id='word_1_547' title='bbox 1772 4524 1827 4562; x_wconf 92' lang='lat' dir='ltr'>m</span> <span class='ocrx_word' id='word_1_548' title='bbox 1845 4508 1976 4580; x_wconf 89' lang='lat' dir='ltr'>subj</span> <span class='ocrx_word' id='word_1_549' title='bbox 1985 4515 2154 4565; x_wconf 89' lang='lat' dir='ltr'>ectun</span> 
     </span>
    </p>
   </div>
   <div class='ocr_carea' id='block_1_84' title="bbox 2227 4503 3841 4586">
    <p class='ocr_par' dir='ltr' id='par_1_84' title="bbox 2292 4503 3841 4586">
     <span class='ocr_line' id='line_1_84' title="bbox 2292 4503 3841 4586; baseline -0.005 -21"><span class='ocrx_word' id='word_1_550' title='bbox 2292 4512 2461 4586; x_wconf 77' lang='grc' dir='ltr'>φιλίαν</span> <span class='ocrx_word' id='word_1_551' title='bbox 2520 4513 2805 4565; x_wconf 75' lang='grc' dir='ltr'>συνέλθοιεν</span> <span class='ocrx_word' id='word_1_552' title='bbox 2836 4531 2848 4544; x_wconf 95' lang='grc'><strong>·</strong></span> <span class='ocrx_word' id='word_1_553' title='bbox 2913 4511 3134 4584; x_wconf 76' lang='grc' dir='ltr'>ἑκατέρα</span> <span class='ocrx_word' id='word_1_554' title='bbox 3191 4507 3250 4564; x_wconf 65' lang='grc' dir='ltr'>δὲ</span> <span class='ocrx_word' id='word_1_555' title='bbox 3301 4512 3626 4582; x_wconf 82' lang='grc' dir='ltr'>ὑποκείμενον</span> <span class='ocrx_word' id='word_1_556' title='bbox 3675 4503 3841 4586; x_wconf 70' lang='grc' dir='ltr'>οἰκεῖον,</span> 
     </span>
    </p>
   </div>
   <div class='ocr_carea' id='block_1_85' title="bbox 539 4582 2153 4676">
    <p class='ocr_par' dir='ltr' id='par_1_85' title="bbox 539 4594 2153 4673">
     <span class='ocr_line' id='line_1_85' title="bbox 539 4594 2153 4673; baseline 0.001 -19"><span class='ocrx_word' id='word_1_557' title='bbox 539 4597 740 4665; x_wconf 85' lang='lat' dir='ltr'>habet,</span> <span class='ocrx_word' id='word_1_558' title='bbox 775 4601 833 4653; x_wconf 89' lang='lat' dir='ltr'>et</span> <span class='ocrx_word' id='word_1_559' title='bbox 859 4595 1232 4668; x_wconf 88' lang='lat' dir='ltr'>amplectitur</span> <span class='ocrx_word' id='word_1_560' title='bbox 1257 4594 1352 4650; x_wconf 90' lang='lat' dir='ltr'>cui</span> <span class='ocrx_word' id='word_1_561' title='bbox 1383 4595 1652 4651; x_wconf 88' lang='lat' dir='ltr'>innititur</span> <span class='ocrx_word' id='word_1_562' title='bbox 1685 4611 1698 4651; x_wconf 90' lang='lat'>:</span> <span class='ocrx_word' id='word_1_563' title='bbox 1747 4597 1872 4652; x_wconf 84' lang='lat' dir='ltr'>ﬁeri</span> <span class='ocrx_word' id='word_1_564' title='bbox 1927 4615 2046 4654; x_wconf 91' lang='lat' dir='ltr'>non</span> <span class='ocrx_word' id='word_1_565' title='bbox 2077 4616 2153 4673; x_wconf 90' lang='lat' dir='ltr'>po</span> 
     </span>
    </p>
   </div>
   <div class='ocr_carea' id='block_1_86' title="bbox 2226 4582 3840 4676">
    <p class='ocr_par' dir='ltr' id='par_1_86' title="bbox 2291 4582 3840 4676">
     <span class='ocr_line' id='line_1_86' title="bbox 2291 4582 3840 4676; baseline -0.005 -21"><span class='ocrx_word' id='word_1_566' title='bbox 2291 4602 2366 4674; x_wconf 75' lang='grc' dir='ltr'>ὶφ⁹</span> <span class='ocrx_word' id='word_1_567' title='bbox 2460 4598 2695 4676; x_wconf 83' lang='grc' dir='ltr'>ἵδρυται,</span> <span class='ocrx_word' id='word_1_568' title='bbox 2744 4599 3220 4672; x_wconf 70' lang='grc' dir='ltr'>καταλαμϐάνουσα</span> <span class='ocrx_word' id='word_1_569' title='bbox 3276 4603 3391 4672; x_wconf 72' lang='grc' dir='ltr'>ἔχει</span> <span class='ocrx_word' id='word_1_570' title='bbox 3425 4617 3437 4629; x_wconf 85' lang='lat'><strong>&#39;</strong></span> <span class='ocrx_word' id='word_1_571' title='bbox 3480 4597 3569 4650; x_wconf 72' lang='grc' dir='ltr'>οὐκ</span> <span class='ocrx_word' id='word_1_572' title='bbox 3600 4599 3725 4648; x_wconf 81' lang='grc' dir='ltr'>ἔστιν</span> <span class='ocrx_word' id='word_1_573' title='bbox 3757 4582 3840 4648; x_wconf 69' lang='grc' dir='ltr'>οὖν.</span> 
     </span>
    </p>
   </div>
   <div class='ocr_carea' id='block_1_87' title="bbox 539 4673 2153 4763">
    <p class='ocr_par' dir='ltr' id='par_1_87' title="bbox 539 4683 2153 4757">
     <span class='ocr_line' id='line_1_87' title="bbox 539 4683 2153 4757; baseline 0.001 -14"><span class='ocrx_word' id='word_1_574' title='bbox 539 4691 648 4744; x_wconf 88' lang='lat' dir='ltr'>test</span> <span class='ocrx_word' id='word_1_575' title='bbox 677 4692 760 4752; x_wconf 89' lang='lat' dir='ltr'>ut,</span> <span class='ocrx_word' id='word_1_576' title='bbox 795 4685 1082 4756; x_wconf 88' lang='lat' dir='ltr'>subjectis</span> <span class='ocrx_word' id='word_1_577' title='bbox 1115 4683 1550 4756; x_wconf 87' lang='lat' dir='ltr'>pugnantibus,</span> <span class='ocrx_word' id='word_1_578' title='bbox 1589 4700 1660 4741; x_wconf 89' lang='lat' dir='ltr'>ea</span> <span class='ocrx_word' id='word_1_579' title='bbox 1707 4701 1842 4757; x_wconf 58' lang='lat' dir='ltr'>quas</span> <span class='ocrx_word' id='word_1_580' title='bbox 1873 4685 2153 4744; x_wconf 90' lang='lat' dir='ltr'>incubanl</span> 
     </span>
    </p>
   </div>
   <div class='ocr_carea' id='block_1_88' title="bbox 2230 4673 3844 4763">
    <p class='ocr_par' dir='ltr' id='par_1_88' title="bbox 2289 4673 3844 4763">
     <span class='ocr_line' id='line_1_88' title="bbox 2289 4673 3844 4763; baseline -0.007 -23"><span class='ocrx_word' id='word_1_581' title='bbox 2289 4673 2612 4763; x_wconf 77' lang='grc' dir='ltr'>μαχομένης,</span> <span class='ocrx_word' id='word_1_582' title='bbox 2658 4698 2753 4752; x_wconf 83' lang='grc' dir='ltr'>τῆς</span> <span class='ocrx_word' id='word_1_583' title='bbox 2801 4686 3169 4763; x_wconf 72' lang='grc' dir='ltr'>ἐφιδρυμένης,</span> <span class='ocrx_word' id='word_1_584' title='bbox 3233 4685 3550 4742; x_wconf 81' lang='grc' dir='ltr'>σπένδεσθαι</span> <span class='ocrx_word' id='word_1_585' title='bbox 3599 4685 3677 4735; x_wconf 86' lang='grc' dir='ltr'>τὸν</span> <span class='ocrx_word' id='word_1_586' title='bbox 3721 4673 3844 4749; x_wconf 73' lang='grc' dir='ltr'>ἑδρά-</span> 
     </span>
    </p>
   </div>
   <div class='ocr_carea' id='block_1_89' title="bbox 539 4768 2153 4851">
    <p class='ocr_par' dir='ltr' id='par_1_89' title="bbox 539 4774 2153 4846">
     <span class='ocr_line' id='line_1_89' title="bbox 539 4774 2153 4846; baseline 0.002 -16"><span class='ocrx_word' id='word_1_587' title='bbox 539 4775 808 4831; x_wconf 80' lang='lat' dir='ltr'>inducias</span> <span class='ocrx_word' id='word_1_588' title='bbox 840 4780 1060 4845; x_wconf 88' lang='lat' dir='ltr'>agant:</span> <span class='ocrx_word' id='word_1_589' title='bbox 1093 4775 1141 4828; x_wconf 88' lang='lat' dir='ltr'>si</span> <span class='ocrx_word' id='word_1_590' title='bbox 1169 4775 1281 4830; x_wconf 87' lang='lat' dir='ltr'>hoc</span> <span class='ocrx_word' id='word_1_591' title='bbox 1309 4775 1388 4830; x_wconf 90' lang='lat' dir='ltr'>ita</span> <span class='ocrx_word' id='word_1_592' title='bbox 1409 4790 1470 4829; x_wconf 90' lang='lat' dir='ltr'>se</span> <span class='ocrx_word' id='word_1_593' title='bbox 1490 4774 1675 4830; x_wconf 90' lang='lat' dir='ltr'>habet</span> <span class='ocrx_word' id='word_1_594' title='bbox 1711 4775 1908 4832; x_wconf 91' lang='lat' dir='ltr'>mirari</span> <span class='ocrx_word' id='word_1_595' title='bbox 1953 4777 2090 4846; x_wconf 93' lang='lat' dir='ltr'>noli,</span> <span class='ocrx_word' id='word_1_596' title='bbox 2137 4795 2153 4832; x_wconf 82' lang='grc' dir='ltr'>ε</span> 
     </span>
    </p>
   </div>
   <div class='ocr_carea' id='block_1_90' title="bbox 2229 4768 3843 4851">
    <p class='ocr_par' dir='ltr' id='par_1_90' title="bbox 2294 4768 3843 4851">
     <span class='ocr_line' id='line_1_90' title="bbox 2294 4768 3843 4851; baseline -0.008 -19"><span class='ocrx_word' id='word_1_597' title='bbox 2294 4780 2450 4841; x_wconf 74' lang='grc' dir='ltr'>ζοντα</span> <span class='ocrx_word' id='word_1_598' title='bbox 2481 4801 2494 4813; x_wconf 87' lang='grc'><strong>·</strong></span> <span class='ocrx_word' id='word_1_599' title='bbox 2525 4779 2567 4832; x_wconf 83' lang='grc' dir='ltr'>εἰ</span> <span class='ocrx_word' id='word_1_600' title='bbox 2598 4776 2657 4832; x_wconf 71' lang='grc' dir='ltr'>δε</span> <span class='ocrx_word' id='word_1_601' title='bbox 2707 4787 2878 4846; x_wconf 81' lang='grc' dir='ltr'>τοῦτο,</span> <span class='ocrx_word' id='word_1_602' title='bbox 2911 4775 3079 4851; x_wconf 68' lang='grc' dir='ltr'>μηδὲν</span> <span class='ocrx_word' id='word_1_603' title='bbox 3135 4777 3433 4850; x_wconf 69' lang='grc' dir='ltr'>θαυμάζῃς,</span> <span class='ocrx_word' id='word_1_604' title='bbox 3465 4776 3508 4829; x_wconf 83' lang='grc' dir='ltr'>εἰ</span> <span class='ocrx_word' id='word_1_605' title='bbox 3532 4777 3658 4832; x_wconf 83' lang='grc' dir='ltr'>ὁτῆς</span> <span class='ocrx_word' id='word_1_606' title='bbox 3691 4768 3843 4820; x_wconf 80' lang='grc' dir='ltr'>κακίας</span> 
     </span>
    </p>
   </div>
   <div class='ocr_carea' id='block_1_91' title="bbox 539 4855 2153 4944">
    <p class='ocr_par' dir='ltr' id='par_1_91' title="bbox 539 4863 2153 4936">
     <span class='ocr_line' id='line_1_91' title="bbox 539 4863 2153 4936; baseline 0.002 -18"><span class='ocrx_word' id='word_1_607' title='bbox 539 4863 612 4930; x_wconf 91' lang='lat' dir='ltr'>is,</span> <span class='ocrx_word' id='word_1_608' title='bbox 641 4865 740 4935; x_wconf 90' lang='lat' dir='ltr'>qui</span> <span class='ocrx_word' id='word_1_609' title='bbox 765 4865 1034 4920; x_wconf 90' lang='lat' dir='ltr'>minister</span> <span class='ocrx_word' id='word_1_610' title='bbox 1057 4870 1148 4920; x_wconf 89' lang='lat' dir='ltr'>est</span> <span class='ocrx_word' id='word_1_611' title='bbox 1168 4863 1506 4936; x_wconf 88' lang='lat' dir='ltr'>impietatis,</span> <span class='ocrx_word' id='word_1_612' title='bbox 1530 4864 1750 4919; x_wconf 90' lang='lat' dir='ltr'>bellum</span> <span class='ocrx_word' id='word_1_613' title='bbox 1775 4864 1844 4919; x_wconf 90' lang='lat' dir='ltr'>iis</span> <span class='ocrx_word' id='word_1_614' title='bbox 1872 4865 2153 4922; x_wconf 87' lang='lat' dir='ltr'>denuntia</span> 
     </span>
    </p>
   </div>
   <div class='ocr_carea' id='block_1_92' title="bbox 2227 4855 3841 4944">
    <p class='ocr_par' dir='ltr' id='par_1_92' title="bbox 2293 4855 3841 4944">
     <span class='ocr_line' id='line_1_92' title="bbox 2293 4855 3841 4944; baseline -0.001 -23"><span class='ocrx_word' id='word_1_615' title='bbox 2293 4869 2572 4944; x_wconf 77' lang='grc' dir='ltr'>ὑπηρέτης,</span> <span class='ocrx_word' id='word_1_616' title='bbox 2620 4870 2755 4920; x_wconf 88' lang='grc' dir='ltr'>κατὰ</span> <span class='ocrx_word' id='word_1_617' title='bbox 2809 4876 2908 4921; x_wconf 84' lang='grc' dir='ltr'>τῶν</span> <span class='ocrx_word' id='word_1_618' title='bbox 2957 4867 3351 4940; x_wconf 75' lang='grc' dir='ltr'>ἀντιπρόσωπον</span> <span class='ocrx_word' id='word_1_619' title='bbox 3404 4866 3543 4936; x_wconf 85' lang='grc' dir='ltr'>αύτῲ</span> <span class='ocrx_word' id='word_1_620' title='bbox 3581 4866 3668 4919; x_wconf 75' lang='grc' dir='ltr'>τὴν</span> <span class='ocrx_word' id='word_1_621' title='bbox 3697 4855 3841 4927; x_wconf 58' lang='grc' dir='ltr'>ἀρετὴν</span> 
     </span>
    </p>
   </div>
   <div class='ocr_carea' id='block_1_93' title="bbox 540 4954 2154 5032">
    <p class='ocr_par' dir='ltr' id='par_1_93' title="bbox 540 4954 2154 5027">
     <span class='ocr_line' id='line_1_93' title="bbox 540 4954 2154 5027; baseline 0.002 -18"><span class='ocrx_word' id='word_1_622' title='bbox 540 4969 676 5009; x_wconf 90' lang='lat' dir='ltr'>cum</span> <span class='ocrx_word' id='word_1_623' title='bbox 708 4971 930 5025; x_wconf 90' lang='lat' dir='ltr'>magno</span> <span class='ocrx_word' id='word_1_624' title='bbox 957 4959 1132 5022; x_wconf 88' lang='lat' dir='ltr'>statu,</span> <span class='ocrx_word' id='word_1_625' title='bbox 1189 4955 1290 5027; x_wconf 88' lang='lat' dir='ltr'>qui</span> <span class='ocrx_word' id='word_1_626' title='bbox 1339 4954 1616 5010; x_wconf 89' lang='lat' dir='ltr'>virtutem</span> <span class='ocrx_word' id='word_1_627' title='bbox 1655 4954 1775 5026; x_wconf 90' lang='lat' dir='ltr'>ipsi</span> <span class='ocrx_word' id='word_1_628' title='bbox 1823 4971 1895 5011; x_wconf 86' lang='lat' dir='ltr'>ex</span> <span class='ocrx_word' id='word_1_629' title='bbox 1933 4956 2154 5013; x_wconf 47' lang='lat' dir='ltr'>adversi</span> 
     </span>
    </p>
   </div>
   <div class='ocr_carea' id='block_1_94' title="bbox 1794 4954 3408 5032">
    <p class='ocr_par' dir='ltr' id='par_1_94' title="bbox 1823 4956 3408 5032">
     <span class='ocr_line' id='line_1_94' title="bbox 1823 4956 3408 5032; baseline 0 -21"><span class='ocrx_word' id='word_1_630' title='bbox 1823 4971 1895 5011; x_wconf 86' lang='lat' dir='ltr'>ex</span> <span class='ocrx_word' id='word_1_631' title='bbox 1933 4956 2187 5015; x_wconf 88' lang='lat' dir='ltr'>adverso</span> <span class='ocrx_word' id='word_1_632' title='bbox 2293 4957 2737 5032; x_wconf 75' lang='grc' dir='ltr'>προϐεϐλημένων,</span> <span class='ocrx_word' id='word_1_633' title='bbox 2763 4962 2896 5030; x_wconf 71' lang='grc' dir='ltr'>μέγα</span> <span class='ocrx_word' id='word_1_634' title='bbox 2923 4963 3039 5010; x_wconf 88' lang='grc' dir='ltr'>πνεῖ</span> <span class='ocrx_word' id='word_1_635' title='bbox 3065 4959 3122 5009; x_wconf 90' lang='grc' dir='ltr'><strong>τό</strong></span> <span class='ocrx_word' id='word_1_636' title='bbox 3146 4956 3408 5030; x_wconf 83' lang='grc' dir='ltr'>πολέμιον.</span> 
     </span>
    </p>
   </div>
   <div class='ocr_carea' id='block_1_95' title="bbox 539 5043 1404 5115">
    <p class='ocr_par' dir='ltr' id='par_1_95' title="bbox 539 5043 1404 5115">
     <span class='ocr_line' id='line_1_95' title="bbox 539 5043 1404 5115; baseline 0 -16"><span class='ocrx_word' id='word_1_637' title='bbox 539 5043 920 5099; x_wconf 89' lang='lat' dir='ltr'>constitutam</span> <span class='ocrx_word' id='word_1_638' title='bbox 958 5048 1404 5115; x_wconf 66' lang='lat' dir='ltr'>reprmsentant.</span> 
     </span>
    </p>
   </div>
   <div class='ocr_carea' id='block_1_96' title="bbox 1135 5131 2749 5189">
    <p class='ocr_par' dir='ltr' id='par_1_96' title="bbox 1135 5134 1579 5189">
     <span class='ocr_line' id='line_1_96' title="bbox 1135 5134 1579 5189; baseline -0.002 -1"><span class='ocrx_word' id='word_1_639' title='bbox 1135 5134 1341 5189; x_wconf 85' lang='lat' dir='ltr'>EPIST.</span> <span class='ocrx_word' id='word_1_640' title='bbox 1403 5134 1579 5189; x_wconf 84' lang='lat' dir='ltr'>XXIX.</span> 
     </span>
    </p>
   </div>
   <div class='ocr_carea' id='block_1_97' title="bbox 1673 5131 3287 5189">
    <p class='ocr_par' dir='ltr' id='par_1_97' title="bbox 2903 5131 3287 5187">
     <span class='ocr_line' id='line_1_97' title="bbox 2903 5131 3287 5187; baseline -0.008 -1"><span class='ocrx_word' id='word_1_641' title='bbox 2903 5139 3112 5187; x_wconf 85' lang='grc' dir='ltr'>ΕΠΙΣΤ.</span> <span class='ocrx_word' id='word_1_642' title='bbox 3158 5131 3287 5185; x_wconf 79' lang='grc' dir='ltr'>ΚΘ’.</span> 
     </span>
    </p>
   </div>
   <div class='ocr_carea' id='block_1_98' title="bbox 751 5219 2365 5298">
    <p class='ocr_par' dir='ltr' id='par_1_98' title="bbox 751 5220 1971 5293">
     <span class='ocr_line' id='line_1_98' title="bbox 751 5220 1971 5293; baseline 0.003 -18"><span class='ocrx_word' id='word_1_643' title='bbox 751 5220 1145 5278; x_wconf 73' lang='grc' dir='ltr'>ΕιιεοΙιεπιοηί</span> <span class='ocrx_word' id='word_1_644' title='bbox 1174 5221 1612 5293; x_wconf 73' lang='lat' dir='ltr'>archiepiscopo</span> <span class='ocrx_word' id='word_1_645' title='bbox 1658 5223 1971 5283; x_wconf 65' lang='lat' dir='ltr'>Caesarem.</span> 
     </span>
    </p>
   </div>
   <div class='ocr_carea' id='block_1_99' title="bbox 2032 5219 3646 5298">
    <p class='ocr_par' dir='ltr' id='par_1_99' title="bbox 2536 5219 3646 5298">
     <span class='ocr_line' id='line_1_99' title="bbox 2536 5219 3646 5298; baseline -0.008 -22"><span class='ocrx_word' id='word_1_646' title='bbox 2536 5222 2851 5296; x_wconf 84' lang='grc' dir='ltr'>Εύσχημόνι</span> <span class='ocrx_word' id='word_1_647' title='bbox 2882 5221 3286 5298; x_wconf 79' lang='grc' dir='ltr'>ἀρχιεπισκόπῳ</span> <span class='ocrx_word' id='word_1_648' title='bbox 3319 5219 3646 5290; x_wconf 82' lang='grc' dir='ltr'>Καισαρείας.</span> 
     </span>
    </p>
   </div>
   <div class='ocr_carea' id='block_1_100' title="bbox 1779 5348 2616 5413">
    <p class='ocr_par' dir='ltr' id='par_1_100' title="bbox 1779 5348 2616 5413">
     <span class='ocr_line' id='line_1_100' title="bbox 1779 5348 2616 5413; baseline -0.001 -16"><span class='ocrx_word' id='word_1_649' title='bbox 1779 5348 2072 5400; x_wconf 81' lang='lat' dir='ltr'>Montacut.</span> <span class='ocrx_word' id='word_1_650' title='bbox 2109 5351 2211 5413; x_wconf 89' lang='lat' dir='ltr'>(ep.</span> <span class='ocrx_word' id='word_1_651' title='bbox 2249 5349 2353 5408; x_wconf 87' lang='grc'>186,</span> <span class='ocrx_word' id='word_1_652' title='bbox 2394 5363 2451 5412; x_wconf 93' lang='lat' dir='ltr'>p.</span> <span class='ocrx_word' id='word_1_653' title='bbox 2485 5348 2616 5407; x_wconf 74' lang='grc'>274).</span> 
     </span>
    </p>
   </div>
   <div class='ocr_carea' id='block_1_101' title="bbox 604 5441 2218 5538">
    <p class='ocr_par' dir='ltr' id='par_1_101' title="bbox 604 5461 2175 5538">
     <span class='ocr_line' id='line_1_101' title="bbox 604 5461 2175 5538; baseline 0.001 -17"><span class='ocrx_word' id='word_1_654' title='bbox 604 5461 958 5537; x_wconf 86' lang='lat' dir='ltr'>Improbitas</span> <span class='ocrx_word' id='word_1_655' title='bbox 988 5461 1204 5535; x_wconf 90' lang='lat' dir='ltr'>(neque</span> <span class='ocrx_word' id='word_1_656' title='bbox 1224 5463 1341 5519; x_wconf 89' lang='lat' dir='ltr'>hac</span> <span class='ocrx_word' id='word_1_657' title='bbox 1370 5463 1640 5520; x_wconf 90' lang='lat' dir='ltr'>videatur</span> <span class='ocrx_word' id='word_1_658' title='bbox 1670 5464 1774 5521; x_wconf 91' lang='lat' dir='ltr'>tibi</span> <span class='ocrx_word' id='word_1_659' title='bbox 1801 5465 2175 5538; x_wconf 83' lang='lat' dir='ltr'>paradoxum</span> 
     </span>
    </p>
   </div>
   <div class='ocr_carea' id='block_1_102' title="bbox 2221 5441 3835 5538">
    <p class='ocr_par' dir='ltr' id='par_1_102' title="bbox 2359 5441 3835 5538">
     <span class='ocr_line' id='line_1_102' title="bbox 2359 5441 3835 5538; baseline 0.004 -23"><span class='ocrx_word' id='word_1_660' title='bbox 2359 5463 2418 5518; x_wconf 81' lang='grc' dir='ltr'><strong>Ἠ</strong></span> <span class='ocrx_word' id='word_1_661' title='bbox 2445 5468 2604 5517; x_wconf 87' lang='grc' dir='ltr'>κακία</span> <span class='ocrx_word' id='word_1_662' title='bbox 2661 5463 2772 5536; x_wconf 78' lang='grc' dir='ltr'>(καὶ</span> <span class='ocrx_word' id='word_1_663' title='bbox 2815 5459 2981 5537; x_wconf 66' lang='grc' dir='ltr'>μηδὲν</span> <span class='ocrx_word' id='word_1_664' title='bbox 3040 5481 3126 5516; x_wconf 87' lang='grc' dir='ltr'>σοι</span> <span class='ocrx_word' id='word_1_665' title='bbox 3181 5457 3325 5524; x_wconf 76' lang='grc' dir='ltr'>δόξει</span> <span class='ocrx_word' id='word_1_666' title='bbox 3377 5441 3835 5538; x_wconf 62' lang='grc' dir='ltr'>παράδοξοννῆξνάξ</span> 
     </span>
    </p>
   </div>
   <div class='ocr_carea' id='block_1_103' title="bbox 531 5527 2145 5631">
    <p class='ocr_par' dir='ltr' id='par_1_103' title="bbox 531 5527 2145 5631">
     <span class='ocr_line' id='line_1_103' title="bbox 531 5527 2145 5631; baseline -0.001 -20"><span class='ocrx_word' id='word_1_667' title='bbox 531 5527 710 5631; x_wconf 57' lang='lat' dir='ltr'>quid;</span> <span class='ocrx_word' id='word_1_668' title='bbox 733 5569 872 5610; x_wconf 90' lang='lat' dir='ltr'>cum</span> <span class='ocrx_word' id='word_1_669' title='bbox 903 5527 1046 5608; x_wconf 83' lang='lat' dir='ltr'>satis</span> <span class='ocrx_word' id='word_1_670' title='bbox 1085 5527 1328 5608; x_wconf 76' lang='lat' dir='ltr'>testatur</span> <span class='ocrx_word' id='word_1_671' title='bbox 1351 5568 1558 5608; x_wconf 89' lang='lat' dir='ltr'>verum</span> <span class='ocrx_word' id='word_1_672' title='bbox 1582 5527 1938 5624; x_wconf 74' lang='lat' dir='ltr'>quotidiana</span> <span class='ocrx_word' id='word_1_673' title='bbox 1965 5571 2067 5628; x_wconf 86' lang='lat' dir='ltr'>per</span> <span class='ocrx_word' id='word_1_674' title='bbox 2102 5554 2145 5610; x_wconf 87' lang='lat' dir='ltr'>vi</span> 
     </span>
    </p>
   </div>
   <div class='ocr_carea' id='block_1_104' title="bbox 2219 5527 3833 5631">
    <p class='ocr_par' dir='ltr' id='par_1_104' title="bbox 2289 5527 3833 5631">
     <span class='ocr_line' id='line_1_104' title="bbox 2289 5527 3833 5631; baseline -0.006 -24"><span class='ocrx_word' id='word_1_675' title='bbox 2289 5562 2388 5607; x_wconf 85' lang='grc' dir='ltr'>τῶν</span> <span class='ocrx_word' id='word_1_676' title='bbox 2441 5556 2488 5606; x_wconf 71' lang='grc' dir='ltr'>ἄν</span> <span class='ocrx_word' id='word_1_677' title='bbox 2530 5550 2633 5626; x_wconf 82' lang='grc' dir='ltr'>βίῳ</span> <span class='ocrx_word' id='word_1_678' title='bbox 2687 5558 2843 5628; x_wconf 80' lang='grc' dir='ltr'>πείρα</span> <span class='ocrx_word' id='word_1_679' title='bbox 2915 5559 3080 5625; x_wconf 76' lang='grc' dir='ltr'>σαφῆς</span> <span class='ocrx_word' id='word_1_680' title='bbox 3107 5559 3206 5605; x_wconf 86' lang='grc' dir='ltr'>τῶν</span> <span class='ocrx_word' id='word_1_681' title='bbox 3247 5553 3488 5604; x_wconf 80' lang='grc' dir='ltr'>τοιούτων</span> <span class='ocrx_word' id='word_1_682' title='bbox 3542 5527 3833 5631; x_wconf 21' lang='lat' dir='ltr'>audiuit?)</span> 
     </span>
    </p>
   </div>
   <div class='ocr_carea' id='block_1_105' title="bbox 533 5617 2147 5720">
    <p class='ocr_par' dir='ltr' id='par_1_105' title="bbox 533 5617 2147 5720">
     <span class='ocr_line' id='line_1_105' title="bbox 533 5617 2147 5720; baseline -0.002 -15"><span class='ocrx_word' id='word_1_683' title='bbox 533 5617 654 5706; x_wconf 62' lang='lat' dir='ltr'>tam</span> <span class='ocrx_word' id='word_1_684' title='bbox 678 5617 1062 5720; x_wconf 83' lang='lat' dir='ltr'>experientia)</span> <span class='ocrx_word' id='word_1_685' title='bbox 1083 5642 1129 5700; x_wconf 90' lang='lat' dir='ltr'>si</span> <span class='ocrx_word' id='word_1_686' title='bbox 1158 5657 1278 5700; x_wconf 89' lang='lat' dir='ltr'>non</span> <span class='ocrx_word' id='word_1_687' title='bbox 1307 5641 1434 5698; x_wconf 88' lang='lat' dir='ltr'>velo</span> <span class='ocrx_word' id='word_1_688' title='bbox 1461 5617 1690 5700; x_wconf 75' lang='lat' dir='ltr'>virtutis</span> <span class='ocrx_word' id='word_1_689' title='bbox 1719 5617 1996 5716; x_wconf 80' lang='lat' dir='ltr'>oppanso</span> <span class='ocrx_word' id='word_1_690' title='bbox 2029 5643 2147 5702; x_wconf 83' lang='lat' dir='ltr'>vele</span> 
     </span>
    </p>
   </div>
   <div class='ocr_carea' id='block_1_106' title="bbox 2217 5617 3831 5720">
    <p class='ocr_par' dir='ltr' id='par_1_106' title="bbox 2289 5617 3831 5718">
     <span class='ocr_line' id='line_1_106' title="bbox 2289 5617 3831 5718; baseline -0.025 -7"><span class='ocrx_word' id='word_1_691' title='bbox 2289 5642 2349 5695; x_wconf 67' lang='grc' dir='ltr'>ἂν</span> <span class='ocrx_word' id='word_1_692' title='bbox 2376 5617 2636 5718; x_wconf 53' lang='grc' dir='ltr'>μηδίτῆι</span> <span class='ocrx_word' id='word_1_693' title='bbox 2664 5617 2851 5718; x_wconf 63' lang='grc' dir='ltr'>ἀρετῆς</span> <span class='ocrx_word' id='word_1_694' title='bbox 2887 5617 3098 5696; x_wconf 77' lang='grc' dir='ltr'>ὑπέλθοι</span> <span class='ocrx_word' id='word_1_695' title='bbox 3122 5644 3180 5695; x_wconf 87' lang='grc' dir='ltr'>τὸ</span> <span class='ocrx_word' id='word_1_696' title='bbox 3219 5649 3432 5716; x_wconf 82' lang='grc' dir='ltr'>σχῆμα,</span> <span class='ocrx_word' id='word_1_697' title='bbox 3479 5636 3698 5708; x_wconf 79' lang='grc' dir='ltr'>τάχιστα</span> <span class='ocrx_word' id='word_1_698' title='bbox 3720 5617 3831 5678; x_wconf 77' lang='grc' dir='ltr'>διόλ-</span> 
     </span>
    </p>
   </div>
  </div>
