4088 6214
201 314 301 375 841

1477 304 1993 374 EPISTOLARUM
2032 302 2246 367 LIBER
2283 304 2349 365 ΙΙ.

3465 310 3572 373 842

204 443 360 496 λυται
393 462 406 475 ο
437 444 510 514 μὴ
539 445 707 494 τοίνυν
733 440 923 516 ἀθύμει
964 446 1160 502 ταύτην
1210 444 1362 519 ὁρῶν,
1424 446 1481 496 τὸ
1514 441 1803 515 λεγόμενον,
1835 474 1846 493 λ

1955 453 2028 501 ir,
2061 434 2421 509 quantocius
2460 434 2804 509 dissipatur.
2833 438 2962 496 Noli
2991 440 3275 513 quocirca
3315 442 3575 515 despon-

203 539 376 605 γυμνῇ·
527 530 717 604 κεφαλῇ
763 534 1146 607 θρασυνομένην
1193 537 1284 585 καὶ
1334 531 1808 608 ἁπηρυθριασμένῳ

206 626 473 695 προσώπῳ
520 623 657 673 κατὰ
730 623 931 674 πάντων
1010 621 1455 693 ἀσελγαίνουσαν·
1519 619 1734 695 βραχὺς
1782 620 1808 671 6

208 715 425 787 χρόνος,
467 715 558 762 καί⁵
613 711 680 771 εἰς
718 707 1009 787 διαφθοράν
1050 711 1214 770 αὐτὴν
1260 710 1394 782 ὄψει,
1454 714 1548 764 σὺν
1605 707 1810 782 μεγαλῳ

210 803 333 872 ἤχῳ
384 804 887 874 καταστρέφουσαν·
944 803 1088 873 ἔχεις
1132 796 1192 854 δε
1249 804 1338 852 καὶ
1389 802 1476 851 τὸν
1532 802 1810 871 Προφήτην

210 887 325 962 ἐμοὶ
425 890 880 962 συμφθεγγόμενον
909 911 923 923 -
1013 885 1170 943 Εἶδον
1250 890 1336 940 τὸν
1412 885 1574 946 ἀσεϐῆ
1661 887 1814 959 ὑπερ-

212 977 503 1050 υψούμενον
582 983 673 1032 καὶ
741 977 1094 1051 ἐπαιρόμενον,
1150 980 1222 1040 ὡς
1281 979 1377 1038 τὰς
1434 973 1659 1050 κέδρους
1722 981 1813 1028 τοῦ

212 1066 469 1133 Λιϐάνου,
530 1072 620 1120 καὶ
666 1068 924 1141 παρῆλθεν
951 1081 999 1120 ιι.
1056 1073 1146 1121 καὶ
1208 1063 1326 1120 ἰδοὺ
1384 1066 1478 1119 οὐκ
1531 1062 1622 1124 ἦν’
1700 1064 1819 1126 ἑξή-

213 1176 357 1215 τησα
377 1156 554 1223 αὐτόν,
596 1161 685 1209 καὶ
715 1156 821 1229 ούχ
850 1158 1030 1232 εὑρέθη
1060 1158 1086 1210 ό
1117 1161 1275 1218 τόπος
1295 1155 1475 1208 αὐτοῦ.

865 1428 1073 1477 ΕΠΙΣΤ.
1111 1421 1193 1476 Λ’.

505 1516 755 1585 Ζαχαρία
790 1512 1146 1587 μητροπολίτη
1177 1511 1532 1583 Ἀντιοχείας.

1917 527 2057 582 dere
2086 525 2379 590 animum,
2412 525 2460 581 si
2490 526 2656 598 quod
2694 527 2811 585 dici
2840 528 3011 598 solet,
3034 537 3235 604 aperte
3260 537 3318 588 et
3346 533 3574 589 nudato

1918 616 2134 689 capite,
2166 614 2488 671 audaciam
2525 614 2692 672 illam
2744 616 2950 675 videas
2999 618 3482 691 insolescentem,
3523 625 3580 679 et

1918 704 1979 759 in
2005 708 2332 774 conspectu
2361 708 2569 760 contra
2603 720 2813 761 omnes
2855 721 2979 762 non
3008 708 3394 767 erubescente
3413 709 3582 767 vultu

1918 792 2346 850 lascivientem.
2378 794 2637 864 Tempus
2661 794 2836 850 breve
2864 795 3230 863 interveniet,
3251 815 3393 855 cum
3416 798 3582 857 illam

1923 880 2154 937 videbis
2197 896 2335 936 cum
2364 880 2590 952 ingenti
2616 882 2814 940 sonitu
2842 885 2904 941 in
2926 885 3253 957 perniciem
3303 888 3579 961 praecipi-

1925 975 2127 1027 tatam.
2159 972 2352 1037 Atque
2382 970 2478 1026 hic
2528 970 2672 1027 mihi
2713 974 3181 1032 consentientem
3219 975 3579 1048 Prophetam

1926 1059 2136 1116 habes.
2183 1058 2328 1128 Vidi,
2356 1057 2554 1115 aiebat
2582 1059 2698 1125 ille,
2727 1060 2974 1131 impium
3002 1063 3066 1119 in
3090 1064 3331 1121 sublimi
3352 1067 3587 1123 exalta-

1929 1155 2076 1214 tum,
2109 1156 2158 1204 et
2188 1154 2462 1220 tanquam
2503 1164 2533 1205 e
2557 1150 2750 1205 cedris
2781 1150 3000 1209 Libani
3025 1154 3242 1210 elatum
3292 1172 3307 1222 ;
3341 1162 3583 1225 praeter-

1928 1238 2082 1294 ibam
2108 1252 2264 1302 vero,
2297 1245 2350 1293 et
2381 1252 2505 1294 ecce
2531 1254 2649 1294 non
2671 1246 2833 1295 erat:
2856 1242 3194 1311 quarebam
3213 1257 3367 1311 eum,
3385 1248 3586 1301 etnon

1931 1333 2012 1385 est
2041 1326 2308 1383 inventus
2348 1327 2499 1382 locus
2530 1328 2658 1397 ejus
2686 1328 2727 1380 ί.

2568 1417 2787 1475 EPIST.
2830 1421 2982 1477 XXX.

2183 1504 2489 1562 Zacharias
2524 1507 2920 1588 metropolitw
2941 1508 3339 1578 lAntiocheno.

1501 1635 1795 1686 Montacut.
1825 1638 1928 1698 (ep.
1956 1632 2067 1691 191,
2090 1645 2147 1695 p.
2176 1631 2307 1687 289).

299 1762 344 1809 Ο
381 1755 637 1830 μακάριος
691 1758 781 1807 καὶ
836 1755 970 1817 θεῖος
1020 1753 1244 1821 Παῦλος,
1285 1753 1312 1805 ό
1342 1760 1442 1805 τῶν
1490 1751 1643 1805 ἐθνῶν
1698 1750 1827 1805 ἁπό-

2012 1747 2226 1804 Beatus
2274 1750 2330 1802 et
2388 1746 2624 1804 divinus
2672 1749 2905 1817 Paulus,
2939 1732 3225 1824 gentium.
3259 1753 3588 1827 apostolus,

228 1845 434 1911 στόλος,
468 1848 558 1896 καὶ
605 1851 698 1906 τῆς
746 1844 1052 1916 οἰκουμένης
1091 1839 1439 1908 διδάσκαλος,
1490 1844 1517 1894 6
1554 1845 1638 1895 τόν
1672 1845 1831 1915 γύρον

227 1935 440 1991 ἅπαντα
493 1941 589 1995 τῆς
632 1942 731 2005 γῆς
782 1932 1066 2005 περιλαϐὼν
1122 1940 1194 2003 τῷ
1244 1934 1566 2005 κηρύγματι,
1623 1932 1772 1994 οὗτος
1803 1933 1828 1984 6

229 2033 303 2096 τῷ
342 2023 567 2097 ούρανίὼ
619 2019 924 2084 παιδευθεὶς
950 2011 1308 2092 διδασκαλείῳ
1334 2025 1423 2073 καὶ
1473 2029 1571 2072 τῶν
1599 2019 1836 2096 ἀπορρή-

228 2132 331 2165 των
362 2109 563 2164 ἐκείνων
609 2112 877 2186 ῥημάτων,
906 2118 1110 2182 πρῶτος
1162 2107 1489 2182 ἀνθρωπίνην
1522 2107 1681 2167 ἀκοὴν
1727 2107 1835 2161 ἐπι-

233 2197 417 2264 δείξας
471 2205 746 2264 κατήκοον,
800 2198 1070 2271 πολλαχοῦ
1109 2201 1227 2258 τοῦς
1274 2199 1516 2269 μαθητὰς
1568 2207 1657 2258 τῆς
1706 2200 1837 2270 μετὰ

232 2299 337 2344 τῶν
395 2289 602 2363 φαύλων
676 2286 956 2362 διατριϐῆς
1030 2286 1309 2361 ἁπείργων,
1361 2287 1514 2348 αὐτὸς
1559 2287 1617 2339 ού
1684 2293 1836 2360 μόνον

237 2386 402 2438 συνῆν
458 2383 546 2431 καὶ
596 2382 1013 2451 συνανεστέφετο,
1063 2375 1190 2429 ἀλλὰ
1235 2382 1463 2438 καὶτοῖς
1519 2375 1725 2449 ἀνόμοις
1769 2379 1839 2438 ὡς

236 2470 431 2541 ἄνομος
463 2465 835 2521 συνδιετίθετο.
883 2473 946 2520 Τί
977 2474 1126 2519 τοῦτο
1156 2483 1170 2534 ;
1224 2472 1307 2524 Μὴ
1357 2470 1458 2540 γὰρ
1495 2466 1621 2540 οἷπερ
1655 2465 1839 2541 ἑτέροις

239 2558 543 2627 ἀπέτρεπεν,
591 2557 743 2618 αὐτὸς
790 2557 908 2609 καθ’
953 2553 1149 2615 ἡδονὴν
1199 2558 1443 2629 ἔπραττεν
1472 2573 1486 2623 ;
1519 2557 1550 2615 ἡ
1589 2565 1689 2607 τῶν
1735 2576 1836 2628 μα-

242 2650 415 2706 θητῶν
450 2649 540 2718 μὶν
569 2650 627 2698 τό
679 2644 902 2718 ἀσφαλες
935 2642 1204 2709 διετίθετο,
1261 2644 1427 2715 ἐαυτῷ
1482 2642 1540 2697 δὲ
1587 2650 1680 2702 τὴν
1712 2644 1841 2718 βλά-

240 2736 340 2794 ϐην
376 2736 675 2808 εἰσέφερενς
730 2735 759 2794 ἣ
817 2735 980 2793 λήθην
1028 2737 1166 2805 ἔχων
1196 2734 1263 2784 ὧν
1323 2735 1501 2794 ἄλλους
1548 2730 1838 2797 ἐπαίδευεν,

240 2825 398 2885 αὐτὸς
446 2825 693 2876 τάναντία
735 2826 987 2898 ἓστεργε;
1033 2828 1104 2896 μὴ
1158 2823 1394 2895 γένοιτοι
1445 2823 1550 2874 ἀλλ’
1606 2822 1842 2896 ἑκάτερον

240 2920 438 2967 τούτων
506 2911 729 2986 ἀκριϐῶς
782 2918 1152 2977 συνεπίστατο,
1207 2918 1292 2963 καὶ
1356 2919 1411 2964 τό
1472 2912 1593 2963 καθ’
1666 2911 1843 2964 ἑαυτὸν

242 3003 457 3067 τελείου,
515 3008 604 3054 καὶ
687 3005 813 3075 πρὸς
876 3006 1062 3053 κακίαν
1126 3000 1519 3073 ἀμετακίνητον,
1586 3007 1676 3053 καὶ
1750 3010 1844 3053 τῶν

1942 1837 2150 1894 mundi
2171 1836 2399 1904 doctor,
2428 1837 2531 1911 qui
2560 1843 2710 1894 totos
2732 1845 2900 1897 terra:
2928 1842 3182 1913 angulos
3208 1844 3596 1915 praedicando

1940 1927 2269 1982 circumiit:
2330 1926 2424 1982 ille
2472 1927 2692 1983 caelesti
2725 1929 3071 2001 magisterio
3106 1931 3381 2004 edoctus,
3414 1938 3470 1989 et
3508 1934 3601 1991 in-

1940 2014 2369 2072 enarrabilium
2395 2031 2742 2073 sermonum
2777 2018 3074 2091 princeps,
3094 2021 3395 2078 humanas
3421 2038 3599 2079 aures

1941 2105 2253 2162 audientes
2276 2104 2526 2170 habens,
2559 2106 2764 2163 multis
2792 2108 2854 2162 in
2875 2107 3020 2164 locis
3047 2109 3370 2184 discipulos
3396 2127 3433 2169 a
3458 2127 3596 2168 con-

1944 2194 2278 2249 versatione
2299 2193 2619 2265 impiorum
2644 2193 2985 2262 excludens,
3008 2212 3130 2254 non
3157 2204 3387 2255 tantum
3408 2214 3604 2257 versa-

1944 2288 2040 2339 tus
2057 2289 2144 2339 est
2158 2283 2285 2354 ipse
2303 2298 2440 2338 cum
2458 2282 2506 2353 ej
2519 2283 2956 2351 uscemodi,sed
2973 2286 3165 2345 etsine
3183 2286 3604 2359 legeexsisten-

1945 2373 2100 2429 tibus
2138 2372 2296 2429 velut
2343 2372 2521 2429 exlex
2557 2371 2815 2430 conviin
2855 2377 2892 2428 ².
2924 2375 3078 2441 Quid
3106 2376 3359 2433 autem?
3409 2378 3501 2434 An
3541 2380 3604 2434 ut

1946 2462 2070 2534 ipse
2096 2460 2347 2517 libenter
2376 2466 2597 2531 ageret,
2630 2462 2795 2534 quod
2826 2463 3071 2536 reliquis
3101 2480 3224 2522 non
3271 2466 3546 2538 permisit
3573 2466 3603 2522 ?

1947 2567 2025 2608 an
2071 2550 2497 2623 discipulorum
2527 2551 2829 2608 securitati
2863 2558 2924 2608 ut
2954 2554 3309 2625 provideret,
3331 2555 3457 2628 ipse
3491 2555 3606 2612 sibi

1948 2643 2243 2696 damnum
2273 2639 2497 2696 creavit
2515 2640 2543 2696 ?
2569 2656 2648 2697 an
2663 2639 2882 2698 oblitus
2904 2658 3113 2699 eorum
3135 2660 3270 2717 quae
3294 2660 3610 2717 suggesse-

1951 2737 2059 2798 rat,
2077 2731 2206 2787 aliis
2218 2731 2516 2787 contraria
2534 2729 2773 2787 obivit?
2797 2732 2953 2789 absit
2985 2732 2998 2789 !
3035 2738 3357 2808 utrumque
3379 2735 3608 2809 optime

1952 2827 2219 2888 noverat,
2251 2838 2313 2876 se
2334 2821 2752 2894 perfectionem
2772 2829 3112 2881 assecutum
3132 2824 3507 2881 immobilem
3529 2824 3610 2882 ad

1953 2910 2203 2978 malum,
2230 2910 2484 2967 aliorum
2502 2911 2977 2984 imperfectiones
3003 2919 3058 2968 et
3076 2929 3264 2986 quam
3287 2913 3500 2972 labiles
3530 2914 3612 2972 ad

1955 3000 2250 3057 deteriora
2291 3001 2556 3057 :horum
2601 3002 2879 3057 conscius
2936 3007 2994 3058 et
3047 3001 3401 3073 intelligens,
3434 3002 3612 3060 disci-

242 3091 449 3145 πολλῶν
511 3095 569 3143 τό
625 3091 798 3152 ἀτελὲς
849 3096 938 3143 καὶ
1002 3094 1131 3165 πρὸς
1171 3093 1238 3143 τὰ
1286 3096 1452 3165 χείρω
1499 3089 1844 3164 εύέμπτωτον.

1958 3090 2114 3163 pulis
2138 3088 2394 3145 inhibuit
2422 3105 2811 3160 congressum
2844 3095 2900 3147 et
2931 3092 3448 3149 conversationem
3471 3109 3611 3149 cum

244 3181 431 3233 Ταῦτα
479 3175 539 3232 δε
568 3178 736 3241 καλῶς
788 3175 942 3241 εἰδὼς
992 3184 1082 3231 καὶ
1137 3180 1589 3250 συνεπιστάμενος,
1644 3177 1850 3240 ἐκείνοις

247 3274 341 3338 μὲν
395 3271 488 3331 τὰς
540 3267 594 3321 ἔκ
641 3276 739 3320 τῶν
792 3267 1082 3341 ἐπισφαλῶς
1112 3267 1361 3339 βιούντων
1411 3267 1614 3342 βλαϐας
1655 3270 1850 3322 ἀνακό-

248 3378 396 3411 πτων
460 3362 550 3411 καὶ
616 3356 1029 3431 ἀποκρουόμενος
1098 3367 1189 3418 τῆς
1243 3358 1350 3431 μετ’
1424 3359 1592 3410 αὐτῶν
1646 3356 1852 3420 διαίτης

247 3453 345 3501 καὶ
375 3449 705 3521 ἀναστροφῆς
746 3444 1018 3499 διεκώλυεν
1043 3468 1055 3480 ·
1086 3447 1266 3499 ἑαυτὸν
1311 3445 1369 3499 δὲ
1420 3454 1510 3501 καὶ
1539 3449 1612 3511 εἰς
1660 3454 1854 3521 μέσους

252 3542 419 3612 φέρων
494 3537 616 3600 ὴίει.
687 3543 777 3588 καὶ
829 3535 1138 3611 ὁμοῤῥόγιος
1194 3536 1367 3597 αὐτοῖς
1419 3538 1686 3604 πολλάκις,
1765 3544 1855 3591 καὶ

252 3623 564 3699 ὁμοδίαιτος
616 3624 969 3699 ἐχρημάτιζεν
1004 3647 1017 3658 ·
1060 3625 1117 3677 ού
1152 3621 1342 3688 δεδίως
1395 3635 1682 3699 μετασχεῖν
1706 3628 1858 3686 κηλῖ-

255 3711 357 3777 δος
393 3722 488 3776 τῆς
518 3716 640 3787 παρ’
669 3714 837 3767 αὐτῶν
870 3735 882 3748 ’
921 3714 1121 3789 θαρρῶν
1155 3710 1213 3767 δε
1263 3721 1353 3768 καὶ
1393 3712 1715 3787 μεταδώσειν
1761 3726 1856 3779 τῆς

254 3802 473 3863 ἐνούσης
502 3804 855 3876 καθαρότητος
879 3824 891 3836 ·
916 3803 1050 3855 οὕτω
1080 3811 1354 3879 τοιγαροῦχ
1382 3806 1407 3855 6
1451 3804 1607 3866 αὐτὸς
1639 3808 1854 3870 σκοπὸς,

254 3894 288 3950 ἠ
323 3901 426 3943 τῶν
471 3891 684 3964 ψυχῶν,
728 3898 882 3965 φημὶ,
922 3896 1177 3966 σωτηρία,
1239 3889 1332 3945 διὰ
1386 3902 1483 3945 τῶν
1526 3890 1759 3945 ἐναντίων
1791 3901 1857 3963 τῷ

255 3986 503 4056 μακαρίῳ
582 3980 764 4053 Παύλῳ
830 3983 1143 4054 ἐπεραίνετοο
1213 3982 1373 4034 αὐτοῦ
1439 3985 1529 4054 μεν
1599 3990 1698 4035 τῶν
1764 3981 1859 4033 ούκ

258 4070 464 4143 εύαγῶς
518 4068 771 4143 βιούντων
820 4075 913 4131 τὴν
966 4067 1205 4134 σύνοδον,
1254 4069 1338 4123 ἐπὶ
1422 4067 1704 4144 διορθώσει
1762 4080 1860 4122 τῶν

262 4166 519 4213 συνόντων
572 4158 630 4211 ού
683 4164 1135 4233 παραιτουμένουο
1192 4164 1307 4222 τούς
1361 4156 1420 4213 δὲ
1477 4162 1717 4233 μαθητὰς
1766 4160 1860 4212 ούκ

261 4252 448 4311 ἑῶντος
477 4248 858 4322 παραπλησίως
911 4251 1174 4324 πράττειν,
1225 4250 1306 4301 ἵνα
1347 4254 1418 4321 μη
1464 4254 1705 4324 χρηστόν
1737 4246 1863 4312 ἦθος

260 4345 452 4398 κακαῖς
476 4337 699 4408 ὁμιλίαις
749 4335 1206 4413 ὶνδιαφθείροιντο.
1254 4343 1390 4413 Πρός
1443 4344 1493 4393 τί
1538 4336 1596 4392 δὲ
1643 4358 1734 4411 μοι
1773 4338 1866 4412 ἁφ-

1958 3178 2272 3253 improbis,
2298 3180 2629 3251 praecidens
2673 3196 2890 3253 nempe
2929 3181 3159 3238 damna
3214 3186 3273 3238 et
3320 3181 3613 3239 amoliens

1960 3270 2173 3326 exinde
2202 3269 2401 3325 futura
2430 3285 2444 3324 :
2475 3270 2739 3342 seipsum
2761 3269 2997 3326 medius
3023 3270 3237 3337 intulit,
3268 3271 3382 3327 sub
3397 3271 3613 3327 eodem

1961 3375 2119 3432 saepe
2151 3364 2300 3415 tecto
2329 3374 2468 3415 cum
2508 3358 2599 3426 iis,
2632 3363 2690 3415 et
2732 3359 2947 3416 eadem
3003 3375 3216 3417 mensa
3260 3359 3613 3417 familiarius

1964 3452 2234 3505 versatus
2264 3470 2276 3503 :
2306 3464 2501 3520 neque
2527 3447 2686 3503 enim
2720 3448 3021 3506 maculam
3051 3448 3130 3505 ab
3159 3448 3233 3505 iis
3266 3449 3570 3506 metuebat
3597 3463 3613 3504 :

1965 3537 2086 3593 imo
2110 3538 2698 3593 communicaturum
2711 3553 2773 3593 se
2790 3538 3100 3594 conﬁdens
3115 3537 3191 3594 de
3206 3538 3460 3611 puritate
3474 3554 3584 3595 sua
3598 3556 3613 3595 :

1965 3634 2141 3700 atque
2163 3626 2249 3682 ita
2277 3626 2588 3683 contrariis
2615 3626 2718 3683 viis
2748 3627 2826 3683 ad
2857 3627 3139 3684 eumdem
3168 3627 3349 3684 ﬁnem
3376 3633 3617 3684 conten-

1966 3716 2146 3772 debat
2202 3715 2438 3782 Paulus,
2467 3731 2575 3772 nec
2617 3716 2937 3773 declinavit
2974 3719 3315 3774 convictum
3356 3716 3622 3791 improbe

1969 3804 2409 3871 viventium,ob
2423 3806 2849 3861 correctionem
2873 3822 3081 3862 secum
3107 3807 3496 3873 versantium,
3520 3822 3625 3879 pa-

1968 3894 2055 3949 ria
2080 3892 2390 3948 admittere
2418 3908 2537 3947 non
2563 3894 2761 3947 sinens
2787 3892 3135 3964 discipulos,
3158 3909 3232 3949 ne
3260 3894 3408 3950 boni
3425 3909 3624 3950 mores

1972 3980 2143 4038 malis
2173 3980 2727 4037 conversationibus
2774 3987 3318 4052 corrumperentur.
3337 3984 3465 4048 Quo
3496 3997 3626 4053 spe-

1971 4077 2107 4140 ctat,
2131 4070 2277 4143 quid
2309 4069 2432 4127 vult
2457 4069 2707 4125 sibihiec
2731 4068 2922 4125 oratio
2940 4071 2969 4126 ?
2995 4074 3149 4126 certe
3172 4069 3398 4127 solvita
3427 4074 3628 4126 vestra

1972 4159 2331 4234 perfectione
2359 4159 2753 4232 quaestionem
2791 4160 3182 4232 propositam.
3213 4162 3361 4217 Nam
3412 4163 3474 4215 ut
3520 4158 3628 4213 im-

1976 4250 2215 4324 perfecti
2228 4248 2567 4305 facultatem
2591 4263 2712 4304 non
2737 4248 3043 4305 habebant
3060 4248 3241 4304 libere
3255 4264 3392 4305 cum
3408 4249 3631 4320 impro-

1974 4341 2067 4395 bis
2101 4338 2393 4395 miscendi
2424 4353 2485 4393 se
2514 4356 2527 4390 :
2562 4341 2622 4394 at
2650 4336 2870 4394 Paulus
2924 4336 3143 4395 faciens
3174 4338 3338 4411 quod
3360 4337 3634 4411 prohibe-

262 4433 366 4503 ορᾷ
391 4428 417 4480 6
453 4426 618 4499 λόγος,
672 4432 761 4479 καί
799 4431 851 4479 τί
881 4425 1131 4500 βούλεται
1160 4443 1175 4494 ;
1206 4424 1236 4487 ἦ
1291 4424 1448 4487 δῆλον
1501 4430 1581 4481 ὅτι
1620 4432 1677 4481 τό
1725 4432 1846 4503 παρέ

1978 4431 2098 4495 bat,
2125 4429 2365 4501 etquod
2391 4427 2583 4484 facere
2611 4427 2989 4492 cernebatur,
3028 4436 3091 4483 ut
3113 4427 3483 4484 lucrifaceret
3535 4443 3629 4495 eo,

264 4525 361 4577 τῆς
401 4517 542 4589 ὑμῶν
573 4516 890 4577 τελειότητος
944 4513 1148 4569 διαλύει
1202 4523 1605 4592 προτεινόμενον.
1664 4516 1864 4591 Ὠσπερ

262 4608 373 4679 γὰρ
427 4604 521 4657 οὐκ
578 4601 640 4664 ἦν
688 4608 779 4677 μὲν
829 4611 937 4667 τοῖς
1002 4604 1227 4658 ἀτελέσιν
1293 4605 1367 4659 ἐπ’
1414 4605 1656 4669 ἔξουσίας
1703 4609 1865 4679 ἔχειν,

262 4697 403 4769 μετὰ
440 4693 539 4745 τῶν
570 4692 773 4766 φαύλων
819 4696 1272 4767 συναναφύρεσθαι
1305 4715 1318 4728 ·
1371 4695 1572 4758 Παῦλος
1622 4692 1680 4749 δὲ
1711 4698 1871 4770 πράτ-

266 4802 397 4848 των,
450 4784 573 4856 ὃπερ
635 4780 868 4858 ἀπεῖργε,
934 4788 1025 4836 καὶ
1078 4780 1564 4858 διοικονομούμενος
1627 4789 1870 4858 κατεφαί-

265 4891 407 4937 νετο,
451 4868 736 4946 κερδαίνων
781 4871 973 4945 μᾶλλον
1002 4871 1054 4935 ἒξ
1105 4871 1173 4924 ὧν
1225 4872 1400 4936 ἄλλοις
1438 4875 1649 4946 ὑπῆρχε
1679 4878 1735 4926 τό
1767 4873 1873 4927 ἐπι-

270 4963 468 5035 ζήμιον
497 4981 511 4994 ο
549 4960 682 5014 οὕτω
712 4966 823 5033 χρὴ
873 4966 963 5014 καὶ
1005 4967 1123 5036 περὶ
1168 4969 1262 5015 τοῦ
1311 4960 1595 5038 διορισμοῦ
1639 4970 1733 5026 τῆς
1764 4983 1873 5036 τρι-

271 5057 420 5114 ετίας
460 5051 788 5124 λογίζεσθαι,
841 5051 902 5110 ἣν
952 5049 1036 5103 ἐπὶ
1083 5059 1181 5104 τῶν
1232 5056 1550 5127 προσιόντων
1580 5060 1652 5123 τῷ
1682 5049 1875 5125 μονάδι

273 5141 436 5216 βίῳό
480 5139 699 5214 ἀκριϐὴς
741 5140 888 5213 λόγος
938 5137 1248 5216 διωρίσατο.
1293 5145 1424 5204 Τοῦς
1461 5144 1552 5214 μὲν
1603 5145 1703 5218 γὰρ
1753 5142 1879 5194 πολ-

269 5232 397 5292 λούς
449 5236 540 5283 καὶ
588 5226 865 5304 δεομένους
929 5232 1356 5304 προκαθάρσεως,
1410 5232 1615 5304 ἄμεινον
1689 5231 1877 5284 ἐκεῖθεν

350 5357 371 5394 ¹
406 5353 564 5413 Psal.
595 5370 787 5423 mw,
818 5358 908 5412 35.
941 5356 963 5391 ²
992 5355 1014 5410 I
1045 5354 1178 5412 Cor.
1208 5369 1291 5421 1x,
1321 5354 1412 5411 21.

1977 4521 2144 4593 quod
2174 4518 2304 4575 aliis
2333 4519 2629 4575 damnum
2672 4523 2898 4574 crearet
2929 4533 2943 4571 :
2968 4517 3050 4575 ita
3078 4522 3312 4591 oportet
3348 4522 3403 4573 et
3432 4516 3506 4572 de
3536 4516 3633 4572 tri-

1979 4609 2119 4664 enni
2166 4606 2569 4680 exploratione
2620 4611 2898 4674 statuere,
2940 4623 3129 4680 quam
3181 4609 3381 4663 statuit
3429 4608 3638 4661 exacta

1981 4698 2301 4771 disciplina
2311 4712 2454 4768 erga
2471 4698 2867 4754 monasticam
2884 4711 2991 4768 pro
3000 4695 3322 4752 fessionem
3335 4694 3595 4751 facturos
3618 4710 3634 4750 :

1986 4787 2219 4853 multos,
2249 4793 2453 4859 utpote,
2472 4784 2879 4859 puriﬁcatione
2908 4784 3267 4854 indigentes,
3306 4782 3518 4839 melius
3547 4788 3642 4841 est

1983 4875 2185 4932 subire
2216 4875 2377 4931 illam
2406 4873 2875 4947 explorationem
2908 4889 2923 4940 ;
2955 4876 3017 4929 at
3064 4873 3169 4945 qui
3199 4887 3262 4929 se
3309 4873 3474 4945 prius
3502 4887 3643 4947 pur-

1985 4970 2195 5034 gantes
2242 4963 2431 5019 vitam
2476 4963 2684 5018 ineunt
2712 4960 3218 5034 philosophicam,
3250 4975 3373 5016 non
3399 4975 3643 5017 necesse

1986 5052 2207 5110 habent
2238 5053 2482 5126 praecise
2508 5049 2655 5106 illud
2686 5055 2921 5121 tempus
2951 5048 3272 5107 observare
3306 5065 3320 5106 :
3350 5048 3648 5122 quemad-

1990 5143 2239 5197 modum
2264 5142 2325 5196 in
2354 5140 2425 5195 iis
2454 5138 2561 5212 qui
2598 5138 2757 5195 hanc
2788 5137 2973 5194 vitam
3003 5137 3339 5209 instituunt,
3369 5138 3561 5195 multa
3590 5141 3648 5194 et

1989 5246 2212 5302 magna
2240 5227 2575 5287 differentia
2614 5227 2931 5296 invenitur,
2976 5234 3034 5284 et
3059 5226 3303 5285 diversa
3334 5231 3651 5302 eapropter

1629 5480 1868 5539 VARUE
1900 5479 2315 5539 LECTlONES.

357 5619 392 5653 ιι
416 5609 497 5666 ἷσ.
524 5608 814 5683 παρῆλθον.

571 5716 811 5776 ΡΑτηοι..
852 5714 959 5774 Gn.
999 5714 1120 5776 Cll.

3287 5707 3356 5767 27
