4088 6214
591 339 718 400 843¹
1827 340 2066 398 ΡΗΟΤΙΙ
2105 341 2580 400 ΡΑΤΗΙΑΒΟΗΕ
2619 342 2720 400 CP.
3819 356 3894 412 su

589 465 918 541 exploratio
961 465 1342 523 conceditur:
1373 467 1456 524 ita
1484 470 1539 522 et
1567 467 1732 539 quod
1765 481 1868 524 eos
1897 468 2106 539 tangit,
2139 484 2203 540 qi

2283 471 2327 524 A
2356 474 2449 528 τὴν
2499 466 2818 541 δοκιμασίαν
2845 466 3192 541 ἐπιδέχεσθαι
3220 493 3233 506 ο
3272 475 3386 527 ὅσοι
3434 473 3492 528 δε
3538 478 3719 539 αύτούς
3751 498 3892 552 προκα-

589 561 1024 630 praeponuntur
1043 559 1099 612 et
1118 555 1520 612 informationi
1541 553 1793 611 aliorum
1819 555 2203 628 praeficiuntui

2359 559 2619 631 θοίραντες,
2673 558 2836 620 οὕτως
2891 563 3020 631 πρὸς
3067 563 3154 612 τόν
3208 562 3485 636 φιλόσοφον
3558 564 3670 637 βίον
3739 565 3895 621 διαϐαισ

589 661 712 702 non
739 645 949 702 eadem
977 643 1296 716 prudentia
1321 648 1424 700 aut
1449 643 1701 700 facultas
1722 644 2031 700 erudiendi
2053 650 2203 701 oste:

2355 655 2553 713 νούσιν,
2573 648 2668 700 ούκ
2691 646 2977 718 ἀναγκαίαν
2999 651 3188 721 ἔχουσι
3213 657 3307 710 τὴν
3338 654 3521 725 ὁμοίαν
3549 663 3886 730 παρατήρησιν,

589 733 802 792 datur:
836 733 1117 806 quocirca
1146 738 1454 805 praestaret
1490 737 1550 790 ut
1582 733 2001 806 simpliciores,
2034 734 2176 789 nihil

2353 735 2552 810 Ὠσπερ
2601 734 2659 789 δὲ
2706 737 2792 789 ἐπὶ
2850 745 2950 789 τὼν
3003 745 3325 812 προσιόντων
3377 751 3437 801 τῆ
3507 745 3756 818 φιλοσόφῳ
3793 750 3894 801 πολι-

591 839 702 880 suo
725 823 963 894 ingenio
988 821 1226 889 faciant,
1252 821 1355 877 sed
1375 823 1580 878 omnia
1601 830 1805 892 agant,
1829 823 2078 878 canonis
2090 821 2198 893 jud

2355 831 2468 899 τείᾳ
2496 829 2682 898 ταύτῃ,
2739 826 2897 885 πολλὴ
2940 833 3026 879 καὶ
3055 829 3252 900 μεγάλη
3305 834 3645 907 καθορᾶταιὴ
3695 833 3893 908 διαφορὰ,

589 912 749 968 cium
778 912 1073 966 intuentes
1105 914 1164 964 et
1191 925 1262 966 eo
1291 909 1664 966 collimantes
1693 930 1705 967 :
1743 911 2044 983 praepositi
2087 925 2203 966 veri

2355 921 2444 967 xui
2506 913 2599 967 διὰ
2644 923 2796 968 τοῦτο
2845 912 3088 989 διάφορος
3134 929 3492 993 συγχωρεῖται
3537 925 3566 980 ἠ
3631 922 3891 996 δοκιμασία,

587 1000 711 1072 qui,
745 998 832 1054 vel
875 1015 981 1071 per
1016 1013 1216 1054 rerum
1265 999 1672 1055 humanarum
1713 999 2138 1072 experientiam
2191 1018 2201 1054 ι

2356 1004 2491 1055 οὕτω
2537 1009 2625 1056 καὶ
2675 1003 2751 1055 ἐπ’
2793 1004 2961 1056 αὐτῶν
3010 1015 3108 1057 τῶν
3140 1015 3581 1082 προτεταγμένων,
3637 1017 3718 1064 xui
3753 1015 3895 1089 καταρ

587 1089 953 1156 exercitium,
982 1087 1068 1143 vel
1097 1103 1199 1160 per
1221 1088 1476 1159 gratiam
1508 1094 1564 1144 et
1589 1089 1955 1160 adjutorium
1988 1084 2201 1146 ocelestc

2353 1092 2626 1164 ῥυθμίζειν
2655 1098 2774 1154 τοὺς
2803 1094 2987 1156 ἄλλους
3045 1094 3358 1168 ἀξιωμένων,
3400 1100 3504 1171 οὐχ
3553 1103 3580 1158 ἡ
3614 1102 3734 1160 αὐτὴ
3781 1084 3894 1155 δύνα-

586 1178 730 1235 satis
781 1177 1054 1234 instructi
1085 1184 1222 1234 sunt
1268 1177 1344 1234 ad
1391 1178 1854 1234 discernendum
1899 1178 2144 1234 affectus
2189 1196 2200 1233 ι

2354 1199 2444 1250 μις
2498 1185 2587 1232 καὶ
2641 1185 2797 1252 σοφία
2865 1189 2955 1233 τοῦ
3014 1180 3374 1256 παιδαγωγεῖν
3428 1183 3784 1243 ἐπιδείκνυται.
3831 1197 3893 1242 Διὰ

583 1266 1007 1339 dispositiones
1055 1266 1698 1334 admittendorum,iis,
1722 1272 1782 1322 ut
1809 1283 1940 1323 mea
1962 1267 2071 1322 fert
2113 1283 2197 1322 sei

2354 1272 2472 1329 τούς
2524 1269 2870 1342 ἁπλούστερον
2925 1291 3034 1334 πως
3097 1268 3455 1345 διακειμένους
3506 1275 3698 1348 βέλτιον
3747 1277 3796 1330 ἂν
3839 1284 3893 1338 εἰη

582 1357 785 1426 tentia,
817 1371 939 1412 non
987 1360 1074 1411 est
1103 1371 1259 1427 opus
1305 1362 1369 1411 ut
1400 1356 1629 1412 triennii
1662 1356 1948 1411 terminus
1997 1357 2196 1428 praecl:

2353 1354 2519 1429 μηδὲν
2577 1360 2697 1432 παρ’
2749 1359 2942 1411 ἑαυτῶν
3011 1371 3384 1434 προσεπινοείν,
3442 1368 3608 1418 πάντα
3662 1364 3715 1419 δι
3774 1373 3897 1442 πράτ-

582 1447 891 1518 expleatur
921 1445 1244 1516 injunctus,
1277 1461 1386 1502 nec
1416 1460 1452 1501 a
1480 1445 1686 1514 regula
1707 1443 1937 1501 deﬁciet
1964 1445 2196 1501 multun

2353 1466 2454 1500 τειν
2510 1451 2636 1520 πρὸς
2689 1451 2782 1506 τὴν
2840 1456 2931 1500 τοῦ
2987 1456 3194 1511 κανόνος
3259 1457 3431 1520 κρίσιν
3501 1452 3775 1530 ἀφορῶντας
3829 1464 3893 1509 καὶ

581 1536 686 1608 qui
716 1536 799 1592 sic
823 1534 1200 1606 judicaverit,
1219 1533 1428 1605 judicii
1457 1539 1512 1589 et
1541 1534 1922 1591 conscientiae
1949 1535 2195 1606 cujusqu

2353 1536 2756 1598 ἀπευθύνοντας.
2804 1535 2959 1589 Ὀσοι
3005 1534 3063 1590 δὲ
3094 1547 3191 1590 τῶν
3233 1548 3648 1613 προεστηκότων,
3674 1553 3804 1596 τούτο

581 1625 845 1682 calculus
872 1629 928 1680 et
955 1623 1258 1689 discretio,
1290 1624 1351 1678 in
1383 1623 1453 1678 iis
1484 1624 1589 1695 qui
1628 1623 1833 1679 omnia
1875 1624 1953 1679 ad
1986 1623 2195 1680 salute:

2352 1635 2450 1680 τῶν
2529 1625 2858 1699 ἀνθρωπίνων
2933 1633 3085 1702 πείρᾳ
3168 1629 3328 1702 πολλῇ
3389 1637 3480 1684 καὶ
3539 1639 3891 1706 συγγυμνασία-

581 1714 996 1771 administrare
1027 1712 1230 1768 volunt
1255 1717 1310 1768 et
1336 1713 1589 1782 gratiam
1618 1712 1692 1768 de
1723 1711 1874 1768 coelo
1901 1713 2145 1784 insuper
2170 1729 2195 1769 ε

2349 1724 2499 1768 τοῦτο
2541 1713 2600 1768 δε
2652 1723 2709 1788 τῇ
2771 1717 2963 1768 ἄνωθεν
3018 1720 3207 1791 χάριτι
3259 1723 3350 1772 καὶ
3411 1719 3695 1796 ἐπικουρίᾳ,
3750 1727 3893 1784 ἱκανῶς

583 1804 942 1876 sapientiam
965 1807 1325 1874 acceperunt
1352 1802 1430 1857 ab
1453 1802 1818 1874 experientia
1843 1819 1856 1857 :
1890 1807 1947 1857 et
1966 1802 2111 1875 quid
2133 1801 2197 1856 in

2278 1819 2318 1874 Β
2350 1803 2539 1877 ὓαχον
2569 1809 2759 1879 κρίνειν
2805 1825 2858 1857 τε
2909 1810 2998 1858 καὶ
3052 1803 3340 1882 διακρίνειν
3382 1812 3471 1868 τὰς
3525 1811 3684 1883 ὁρμάς
3725 1831 3789 1879 τε,
3824 1819 3892 1863 καί

581 1891 791 1964 primis
821 1907 1018 1948 causa:
1049 1891 1361 1946 mutationi
1389 1891 1563 1957 favet,
1595 1897 1652 1946 et
1682 1891 1914 1946 veniam
1957 1896 2195 1947 meretw

2349 1897 2436 1955 τὰς
2494 1891 2755 1956 διαθέσεις
2813 1902 2912 1946 τῶν
2986 1895 3364 1967 εἰσαγουμὲνων
3399 1919 3411 1931 ο
3463 1903 3662 1962 τούτοις
3729 1901 3808 1952 ούκ
3848 1902 3889 1952 ἂν

576 1981 760 2054 hujus
791 1980 1075 2052 temporis
1104 1980 1456 2036 necessitate
1487 1981 1992 2050 constringuntur,
2025 1979 2087 2036 in
2117 1997 2190 2052 qu

2350 1986 2426 2040 εἴη
2484 1983 2614 2034 πολύ
2692 1992 2783 2043 τῆς
2838 1984 3118 2044 εὐθύτητος
3189 1983 3589 2060 ἀπολειπόμενον
3654 1994 3887 2062 κριτήριον,

579 2071 846 2127 volucres
873 2076 925 2126 et
959 2070 1185 2139 vulpes,
1221 2069 1268 2124 si
1299 2068 1388 2124 vis
1417 2069 1563 2141 lupi,
1598 2070 1910 2134 dracones,
1939 2069 2193 2140 pardale:

2349 2068 2514 2144 οἶμαι,
2549 2071 2642 2123 κάν
2674 2073 2698 2123 ό
2731 2080 2824 2134 τῆς
2853 2078 3075 2143 τριετίας
3106 2073 3163 2125 ού
3207 2083 3690 2148 συμπαρεκτείνοιτο
3716 2083 3885 2148 χρόνος,

577 2164 655 2231 et,
675 2165 740 2217 ut
764 2161 943 2216 verbo
964 2159 1184 2227 dicam,
1205 2157 1484 2216 belluinis
1512 2159 1776 2215 moribus
1797 2160 2070 2214 homines
2091 2176 2191 2232 pra

2348 2163 2377 2219 ἡ
2409 2169 2501 2222 τῆς
2539 2161 2733 2223 οἰκείας
2761 2169 2970 2233 γνώμης
3000 2168 3086 2214 καὶ
3143 2161 3494 2226 συνειδήσεως
3539 2167 3697 2237 ψῆφος
3731 2172 3806 2217 καὶ
3827 2165 3886 2216 ἐπὶ

576 2249 702 2317 diti,
726 2249 979 2306 illustres
1001 2254 1056 2305 et
1072 2249 1306 2322 amplas
1324 2249 1538 2305 domos
1557 2248 1847 2315 incolunt,
1861 2255 1918 2305 et
1937 2248 2190 2305 licentia:

2347 2257 2409 2322 τῇ
2470 2259 2568 2302 τῶν
2621 2248 2899 2324 ἀνθρώπων
2959 2257 3194 2324 σωτηρίᾳ
3249 2253 3306 2304 ού
3351 2259 3508 2326 μόνον
3570 2261 3745 2308 σκοπόν
3789 2257 3885 2306 τιθε-

575 2339 688 2395 sibi
705 2342 1046 2404 assumunt,
1069 2337 1365 2410 quidquid
1383 2337 1666 2410 placuerit
1689 2339 1933 2407 agendi:
1959 2338 2189 2410 discipu

2346 2343 2537 2411 μένοις,
2572 2338 2699 2390 ἀλλά
2740 2345 2829 2391 καὶ
2857 2342 3019 2412 χάριν
3057 2341 3265 2404 ἄνωθεν,
3311 2348 3401 2395 καὶ
3449 2350 3628 2416 σοφίαν
3657 2345 3705 2406 ἐξ
3751 2347 3882 2415 ἐμπει-

571 2443 715 2484 vero
755 2435 812 2484 et
837 2428 1164 2484 imitatores
1217 2426 1341 2482 Filii
1382 2427 1645 2482 hominis
1675 2442 1796 2482 non
1837 2427 2095 2483 habeant
2137 2444 2185 2482 ut

2346 2433 2459 2500 ρίας
2489 2428 2884 2500 προσειληφόσι.
2921 2435 3018 2482 Kui
3048 2433 3102 2481 τὸ
3149 2427 3216 2488 δὴ
3249 2435 3502 2502 μέγιστον
3547 2439 3632 2486 καὶ
3663 2433 3881 2504 ἀναγκαιό-

572 2517 862 2573 rcctinent
886 2518 1085 2586 capita
1111 2520 1153 2579 ³,
1174 2531 1281 2572 nec
1307 2515 1479 2570 ullius
1503 2515 1583 2570 rei
1609 2532 1788 2570 usum
1811 2515 2086 2582 liberum,
2111 2518 2186 2571 sir

2346 2535 2498 2569 τατον
2539 2517 2608 2579 εἰς
2639 2520 2916 2589 μεθάθεσιν
2969 2519 3158 2585 αἰτίας,
3212 2526 3302 2572 καὶ
3346 2529 3663 2595 παραίτησιν
3708 2527 3883 2593 συγγνώ-

572 2620 692 2676 quo
731 2605 852 2661 vita
889 2621 1010 2661 non
1051 2609 1139 2660 est
1178 2603 1390 2661 vitalis.
1424 2605 1476 2658 Is
1514 2605 1618 2676 qui
1657 2604 1839 2659 rebus
1881 2604 2180 2660 necessari

2345 2625 2468 2677 μης,
2516 2608 2540 2656 ὁ
2598 2612 2771 2682 παρὼν
2837 2610 3038 2680 καιρὸς,
3081 2610 3144 2668 ὡς
3206 2612 3272 2660 τά
3327 2614 3420 2680 μεν
3471 2615 3668 2664 πετεινά
3706 2613 3883 2669 καὶτὰς

571 2694 854 2768 privatur,
883 2695 987 2766 qui
1017 2709 1127 2750 nec
1156 2693 1338 2749 libere
1367 2709 1571 2749 aerem
1602 2693 1826 2764 spirare
1855 2694 2178 2764 permittitu

2344 2694 2644 2760 ἀλωπηκας,
2705 2696 2745 2748 εἱ
2802 2694 2980 2768 βούλει
3030 2693 3088 2749 δὲ
3137 2704 3226 2750 καὶ
3270 2703 3385 2758 τοὺς
3433 2700 3636 2764 λύκους,
3682 2709 3756 2751 και
3797 2702 3884 2756 τοὺς

570 2783 880 2856 quomodo
911 2783 989 2840 ad
1019 2783 1320 2854 integrum
1354 2783 1692 2853 triennium,
1729 2784 2005 2838 virtutem
2037 2783 2179 2838 addi

2345 2781 2651 2856 δράκοντας,
2694 2791 2782 2836 καὶ
2837 2789 2928 2846 τὰς
2975 2783 3274 2860 παρδάλεις,
3331 2793 3425 2840 καὶ
3481 2790 3642 2850 ἁπλῶς
3687 2793 3788 2848 τούς
3820 2790 3883 2843 θη-

570 2888 702 2929 cere
727 2873 988 2929 volentes
1011 2877 1343 2945 praestruet,
1363 2877 1418 2928 et
1435 2872 1783 2928 exercitium
1805 2872 1920 2927 illis
1939 2871 2184 2928 describi

2341 2880 2652 2947 ριοτρόπους
2698 2882 2796 2926 τῶν
2849 2874 3128 2950 ἀνθρώπων
3177 2875 3443 2950 λαμπραῖς
3474 2885 3562 2930 xui
3610 2881 3881 2952 περιφανέσιν

567 2962 837 3019 asceticaa
866 2962 1079 3018 futurae
1102 2960 1129 3015 ?
1153 2960 1371 3017 sufﬁcit
1404 2961 1494 3017 vel
1533 2977 1895 3034 quocunque
1944 2961 2128 3017 modo
2159 2979 2181 3016 ε

2342 2963 2529 3024 οἰκίαις
2584 2963 2949 3035 ἐγκατοικίζει,
3001 2970 3090 3017 καὶ
3157 2971 3330 3018 πᾶσαν
3401 2967 3576 3030 αὐτοῖς
3652 2966 3882 3038 ἐλευθερίαν

566 3051 834 3124 nequitia
856 3050 1166 3124 multiplici
1187 3055 1516 3107 extractum
1539 3051 1668 3106 vitea
1683 3050 2111 3122 philosophica:
2134 3067 2180 3106 ct

2340 3055 2584 3127 πράττειν
2630 3052 2664 3105 ἃ
2706 3052 2765 3104 ἂν
2827 3053 3037 3121 ἕλοιντο,
3083 3059 3338 3126 παρέχειο
3384 3063 3496 3119 τοῖς
3559 3053 3615 3109 δὲ
3675 3058 3881 3127 μαθηταῖς

566 3140 798 3218 pulare.
831 3141 938 3198 Ubi
985 3142 1090 3198 erit
1129 3139 1276 3196 illud
1320 3140 1830 3213 phrontisterium,
1865 3140 1924 3195 in
1963 3157 2083 3212 quo
2127 3156 2180 3212 με

2268 3181 2309 3238 C
2340 3147 2428 3194 xui
2451 3151 2706 3214 μιμηταῖς
2735 3150 2826 3194 τοῦ
2857 3145 2979 3194 Υίού
3010 3150 3101 3194 τοῦ
3139 3142 3440 3217 ἀνθρώπου,
3482 3141 3594 3197 οὐδ’
3623 3147 3745 3216 ἔχειν
3782 3144 3879 3194 ὅπου

565 3231 886 3287 triennium
917 3231 1051 3301 quis
1091 3229 1310 3286 versari
1337 3230 1544 3302 possit,
1576 3245 1713 3284 cum
1758 3230 1982 3300 passim
2010 3229 2179 3284 diﬂ‘us

2275 3229 2309 3238 “”
2339 3231 2508 3283 κλῖναι
2537 3236 2629 3291 τὴν
2660 3231 2903 3303 κεφαλὴν,
2935 3229 3048 3284 οὐδ’
3091 3232 3156 3282 ὧν
3202 3234 3321 3284 οἰνευ
3376 3230 3501 3287 ούδε
3533 3238 3620 3306 ζῇν
3652 3236 3773 3284 ἔστιν
3817 3230 3873 3281 ον-

565 3320 638 3376 sit
684 3321 1052 3392 persecutio:
1082 3335 1220 3375 cum
1265 3335 1375 3375 nec
1427 3319 1487 3374 in
1531 3317 1860 3382 montibus,
1903 3318 2179 3390 spelunci:

2339 3316 2498 3386 δενὸς,
2523 3317 2774 3394 οὐδεμίαν
2799 3318 2979 3373 ἄδειαν
3007 3321 3289 3396 ἐπιτρέπει.
3325 3330 3442 3385 Πῶς
3473 3320 3579 3389 οὖν,
3605 3325 3728 3374 ὁκαὶ
3744 3319 3874 3371 αὐτῶν

562 3414 732 3465 terrm
770 3408 1168 3464 foraminibus
1201 3409 1326 3463 sine
1364 3408 1679 3463 vexatione
1707 3407 1900 3462 vivere
1942 3407 2056 3478 piis
2099 3425 2170 3478 pe

2335 3419 2434 3461 τῶν
2474 3409 2768 3482 ἀναγκαίων
2812 3409 3239 3484 ἀπεστερημένος,
3290 3418 3384 3464 xui
3415 3409 3552 3482 μηδὲ
3605 3416 3726 3482 σπᾴν
3754 3405 3876 3465 ἀδεῶς

562 3498 828 3554 mittatur
848 3496 875 3550 ?
897 3497 1004 3552 Ubi
1029 3496 1178 3552 ordo
1204 3501 1259 3552 et
1286 3496 1666 3568 obsequium,
1692 3495 1912 3568 quibus
1944 3497 2176 3552 monac]

2334 3502 2419 3550 τόν
2452 3501 2576 3572 ἀέρα
2600 3504 3086 3572 συγκεχωρημένος,
3111 3499 3183 3572 ἐφ’
3224 3501 3316 3552 ὅλα
3346 3508 3471 3574 τρία
3509 3505 3592 3559 ἔτη
3632 3506 3708 3552 τὸν
3736 3499 3873 3569 μαθεῖν

559 3583 800 3640 labores
830 3584 1114 3639 asceticos
1146 3583 1422 3646 subeunt,
1459 3599 1597 3639 cum
1627 3589 1883 3639 torrente
1926 3584 2173 3639 maiorut

2332 3585 2562 3640 ἐθέλοντα
2607 3594 2699 3646 τὴν
2767 3587 2952 3660 ἀρετὴν
3011 3595 3443 3663 προκαταρτίσει,
3497 3596 3583 3642 xui
3638 3589 3873 3660 γυμνάσιον

562 3678 686 3729 tam
721 3673 944 3743 ingenti
988 3671 1196 3728 omnia
1235 3672 1628 3744 corripiantur
1657 3669 1686 3725 ?
1721 3672 1916 3727 Rebus
1962 3689 2104 3728 sane
2142 3691 2176 3729 a

2330 3677 2468 3748 αὐτῷ
2524 3686 2619 3738 τῆς
2671 3677 2959 3749 μελλούσης
3007 3677 3280 3739 ἀσκήσεως
3333 3677 3871 3752 προδιαχησειςἋγα·

558 3761 930 3818 voluntatem
963 3760 1301 3826 ﬂuentibus,
1335 3776 1448 3816 nec
1466 3759 1665 3833 aliqua
1699 3766 1944 3828 urgente
1969 3777 2172 3818 necess

2327 3769 2490 3823 πητόν
2533 3769 2632 3840 γὰρ
2682 3771 2770 3818 καὶ
2828 3763 3126 3838 ὁτῳδήποτε
3180 3774 3356 3842 τρόπῳ
3421 3778 3510 3828 τῆς
3565 3767 3733 3825 πολλῆς
3769 3761 3872 3824 ἐξελ·

561 3858 696 3923 tate,
737 3856 1011 3908 exactam
1050 3850 1427 3922 disciplinam
1467 3849 1848 3922 impediente,
1890 3856 2168 3922 praastare

2325 3859 2494 3916 κύσας
2539 3875 2598 3926 γε
2641 3861 2847 3920 κακίας,
2886 3863 2947 3927 τῇ
3004 3856 3265 3929 φιλοσοφῳ
3325 3855 3575 3916 δυνηθείη
3623 3860 3716 3918 ζωῆ
3769 3848 3868 3903 Eva“:-

555 3942 790 4013 opinor,
806 3940 1062 3996 formam
1080 3939 1494 4012 praescriptam
1508 3941 1843 4010 cuicunque
1856 3939 2169 3996 observare

2327 3953 2550 4016 σμῆσαι.
2591 3952 2697 3997 [Ιού
2736 3949 2836 4020 γὰρ
2894 3950 2950 3997 τὸ
3006 3953 3425 4021 φροντιστήριον,
3457 3951 3503 3999 ἓν
3632 3947 3764 4003 ἡγοῦ
3788 3958 3868 4012 τρι-

553 4031 660 4086 sed
673 4046 810 4086 cum
827 4030 887 4084 in
905 4029 1220 4102 proverbio
1237 4035 1324 4084 est
1349 4045 1359 4082 :
1384 4031 1558 4084 Retro
1577 4028 1852 4098 ﬂumina,
1867 4045 1954 4084 om
1965 4029 2066 4084 nia
2083 4031 2167 4084 sui

2323 4044 2458 4094 ετους
2482 4054 2680 4108 χρονου
2714 4031 2985 4107 διατριϐὴ,
3032 4035 3237 4086 ᾶπαντα
3286 4044 3380 4088 τού
3410 4034 3640 4106 διωγμοῦ
3688 4029 3863 4083 καταλα-

552 4135 722 4177 versa
747 4120 887 4185 sint,
914 4119 1128 4174 melius
1163 4118 1353 4184 fuerit,
1378 4121 1437 4173 in
1462 4125 1758 4189 quantum
1782 4123 1869 4173 est
1897 4118 2166 4190 possibili

2321 4123 2515 4185 ϐόντος,
2575 4130 2665 4176 καὶ
2713 4121 2836 4176 οὐδὲ
2893 4132 3000 4186 τοῖς
3050 4129 3242 4199 ὄρεσιν,
3303 4127 3332 4183 ἦ
3388 4134 3496 4186 τοῖς
3554 4115 3861 4180 σπηλαίοιῦξ

551 4215 606 4265 et
643 4211 704 4264 in
747 4215 1044 4281 quantum
1075 4223 1168 4263 res
1202 4209 1440 4279 patitur,
1478 4206 1734 4262 salutem
1773 4208 1986 4279 quovis
2025 4211 2165 4263 mod

2318 4221 2431 4274 ταῖς
2477 4213 2628 4275 ὀπαῖς
2685 4222 2777 4276 τῆς
2828 4223 2928 4286 γῆς
3000 4213 3394 4290 ἀνεπηρεάστως
3467 4219 3712 4288 παροικεῖν
3773 4208 3865 4264 τοὺς

549 4313 889 4370 procurare,
922 4313 1108 4368 quam
1148 4297 1313 4352 nudo
1355 4294 1580 4351 nomini
1613 4302 1836 4352 exactae
1875 4295 2163 4368 disciplina

2317 4301 2543 4364 εὐσεϐεῖς
2587 4311 3028 4375 συγχωροῦντος;
3085 4312 3186 4356 ποῦ
3240 4300 3299 4356 δὲ
3372 4306 3401 4362 ἠ
3462 4303 3585 4359 οἷλλη
3636 4299 3758 4360 τάξις
3796 4297 3861 4344 καί

549 4387 936 4454 adhaerendo,
965 4385 1296 4459 proditores
1321 4384 1660 4440 animarum
1693 4385 2122 4453 humanarum,
2153 4405 2163 4440 ι

2317 4389 2615 4456 ἀκολουθία,
2651 4392 2766 4444 καθ’
2801 4393 2859 4450 ἣν
2902 4397 2959 4445 τό
2999 4389 3282 4465 μοναδικόν
3333 4396 3456 4454 τοὺς
3499 4401 3588 4452 τῆς
3639 4389 3861 4444 ἀσκήσεως

545 4476 739 4533 malos
781 4477 1226 4549 dispensatores
1275 4474 1512 4543 prodire
1537 4491 1550 4529 :
1580 4474 1862 4546 quocirca
1905 4475 2159 4546 archiepi

2244 4541 2276 4555 ἢ
2315 4478 2564 4534 ὑπεδύετο
2611 4487 2820 4549 πόνους,
2865 4481 3096 4534 ἀπάντων
3153 4490 3224 4553 τῷ
3276 4486 3510 4554 τοσούτῳ
3547 4482 3746 4555 ῥεύματι
3784 4479 3858 4524 τῶν

544 4567 802 4638 scopalis
824 4541 1018 4623 vestra
1035 4541 1316 4637 perfectio
1340 4579 1477 4618 cum
1500 4541 1755 4618 sufticiat
1775 4561 2045 4633 judicare
2069 4541 2158 4635 qu.

2243 4541 2280 4595 Β
2313 4579 2483 4621 κακῶν
2566 4541 3006 4642 συγκεχυμένων;
3055 4541 3204 4623 Τῶν⁸
3243 4574 3332 4642 μὲν
3427 4541 3556 4644 γάρ.
3591 4541 3857 4642 πραγμάτων

542 4658 924 4724 conveniunt,
957 4660 1013 4712 et
1057 4658 1438 4725 tempestates
1459 4653 1603 4707 istas
1636 4651 1965 4708 consideret
1997 4654 2156 4708 omni

2313 4662 2448 4710 κατά
2491 4659 2612 4733 ῥοῦν
2685 4663 2988 4731 φερομένων,
3065 4663 3153 4711 καὶ
3225 4655 3493 4731 μηδεμιᾶς
3557 4655 3856 4728 περιστάσεως

541 4746 1202 4804 contraaccurationem
1221 4748 1661 4815 promoventes,
1679 4742 1926 4796 omnino
1939 4741 2017 4796 ad
2037 4747 2155 4796 tuui

2313 4753 2406 4806 τὴν
2458 4747 2722 4820 ἀκρίϐειαν
2781 4744 3267 4822 παραποδιζούσης,
3327 4750 3532 4820 ἄμεινον
3571 4743 3702 4816 οἶμαι
3736 4753 3854 4790 sum

537 4833 831 4903 judicium
879 4852 1006 4891 rem
1049 4835 1347 4903 integram
1373 4831 1760 4886 deferendam
1789 4831 1998 4898 sentio,
2035 4837 2096 4888 ut
2132 4848 2151 4886 ε

2310 4841 2428 4898 τούς
2480 4839 2709 4898 τεθέντας
2754 4836 3105 4908 φυλάττεσθαι
3155 4840 3346 4897 τύπους
3379 4857 3392 4870 ο
3455 4835 3586 4888 "Aw
3633 4830 3685 4884 di
3727 4843 3850 4880 ποτα-

539 4920 725 4978 facias
743 4931 1098 4995 potestatem
1116 4920 1709 4992 sanctiﬁcando,qua¢
1723 4921 2084 4976 conscientia
2101 4923 2153 4976 til

2310 4935 2440 4999 μῶν,
2529 4929 2598 4988 ὡς
2670 4928 2698 4984 ἡ
2784 4931 3058 4999 παροιμία,
3146 4929 3348 4978 πάντων
3427 4919 3847 4996 ἀνατετραμμένων»

539 5025 710 5082 pura,
739 5019 842 5068 aut
882 5014 1075 5085 potius
1105 5012 1350 5085 Spiritus
1381 5011 1568 5081 gratia
1611 5026 1717 5083 per
1746 5013 2153 5068 immaculata:

2309 5025 2414 5076 πῶς
2473 5015 2566 5068 οὐκ
2621 5017 2845 5088 οἶμεινον,
2895 5015 3012 5067 καθ’
3080 5016 3200 5068 ὅσον
3253 5016 3358 5068 οἶόν
3415 5033 3487 5080 τε,
3560 5008 3702 5064 xuii
3758 5009 3847 5055 ὅσον

537 5103 964 5159 conscientiam
995 5110 1234 5176 operata
1266 5101 1645 5172 suggesserit.

2309 5106 2554 5180 ἐγχωρεῖ,
2686 5109 2835 5163 τὴνν
2916 5109 3177 5179 σωτηρίαν
3304 5100 3737 5173 διεικονομεῐσθαι,
3823 5088 3843 5145 ἡ

533 5188 671 5263 ψιλῷ
718 5199 790 5262 τῷ
863 5200 960 5254 τῆς
1023 5191 1290 5267 ἀκριϐείας
1349 5191 1561 5264 ὀνόματι
1645 5192 2107 5265 περικαθημένους,
2180 5193 2443 5272 προδότας
2499 5194 2690 5266 ψυχῶν
2760 5193 3091 5269 ἀνθρωπίνων
3171 5199 3258 5246 xui
3337 5197 3525 5253 κακοὺς
3596 5189 3844 5252 οἰκονόμους

533 5280 955 5353 ἀπελεγχθῆναι;
1011 5279 1098 5334 διὸ
1139 5286 1229 5332 καὶ
1308 5286 1400 5340 τὴν
1451 5283 1698 5355 ὑμετέραν
1757 5281 2136 5357 ἀρχιερατικὴν
2204 5285 2520 5351 τελειότητα,
2581 5286 2759 5342 ἱκανήν
2824 5302 2878 5336 τε
2929 5279 3091 5336 οὖσαν
3141 5289 3330 5360 κρίνειν
3414 5285 3476 5335 τὰ
3551 5275 3719 5332 δέοντα
3759 5270 3844 5321 imo

601 5409 623 5442 ³
655 5405 854 5462 Matth.
883 5421 1000 5471 vm,
1033 5407 1123 5461 20.

1885 5525 1888 5528 ’
1919 5525 2150 5581 νΑΒΙᾸΞ
2193 5526 2591 5583 LECTIONES.

601 5655 626 5686 ν
655 5645 729 5696 io.
762 5647 974 5692 εαντῶν.
