4088 6214
251 317 368 378 845
1521 324 2032 390 EPISTOLARUM
2073 333 2291 391 LIBER
2332 335 2399 391 II.
3529 349 3634 406 846

260 449 534 520 στάμενος,
595 451 814 500 καὶτὸν
868 454 1048 525 καιρὸν
1101 453 1230 528 ὀρῶν
1290 451 1537 505 τάναντία
1592 456 1758 507 πάντα
1803 464 1895 518 τῆς
1967 457 2235 527 ἀκριϐείας
2311 459 2774 536 ἁναφθεγγόμενον,
2849 467 2969 526 ὃλην
3035 467 3118 522 ἐπὶ
3192 474 3276 523 σοὶ
3354 479 3444 524 τοῦ
3511 493 3636 547 προ-

258 540 497 608 κειμένου
564 541 656 594 τήν
709 542 884 609 κρίσιν
966 539 1249 615 ἀνατίθημι
1304 542 1470 596 ἐκεῖνα
1525 545 1771 618 πράττειν
1829 551 1922 604 τὴν
2000 547 2237 610 ἐξουσίαν
2313 550 2530 624 ἀφιερῶν
2618 554 2744 628 οἷπερ
2805 555 2863 608 ἂν
2936 561 2994 610 τὸ
3066 561 3291 633 καθαρόν
3374 539 3632 632 συνειδὸς,

260 627 456 698 μᾶλλον
488 621 546 678 δὲ
586 628 614 684 ἡ
658 634 747 678 τοῦ
781 628 932 698 ἁγίου
969 634 1263 704 Πνεύματος
1292 634 1456 706 χάρις
1502 629 1595 685 διά
1625 641 1714 686 τοῦ
1746 637 1977 709 καθαροῦ
2005 635 2307 702 συνειδότος
2337 639 2615 714 ἐνεργοῦσα
2645 643 2958 717 ἐπιτρέψειν.

889 725 1100 774 ΕΠΙΣΤ.
1135 722 1265 775 ΛΑ’.

568 801 824 878 Θεοδώρῳ
854 810 1212 885 μητροπολίτῃ
1247 805 1568 872 Λαοδικείας

1905 732 1949 785 Α

2581 734 2792 790 EPIST.
2814 738 2992 792 XXXI.

2271 819 2569 877 Theodoro
2601 827 2992 894 metropolitae
3019 829 3384 888 Laodicensi.

1565 927 1860 979 Montacut.
1898 931 1982 994 (ep
2013 930 2117 990 194,
2151 946 2203 995 p.
2235 935 2366 998 293).

335 1045 534 1103 Μελέτη
590 1048 678 1116 μεν
729 1047 905 1116 μήτηρ
958 1043 1235 1116 εὐπραξίας
1281 1063 1292 1076 ο
1342 1044 1473 1117 ὁρμὴ
1511 1039 1560 1095 δ’
1593 1041 1866 1116 ἀπερίσκε-

258 1155 387 1196 πτος
464 1134 622 1206 ἐγγύς
671 1133 953 1206 ἁμαρτίας.
1008 1132 1082 1184 Ou‘
1132 1137 1241 1206 χρὴ
1322 1140 1597 1206 τοιγαροῦν
1656 1132 1872 1205 ἀφέντας

259 1229 320 1277 τὸ
357 1223 698 1296 βουλεύεσθαι
755 1222 828 1275 ἐπ’
884 1221 1042 1274 ἐκεῖνο
1098 1219 1339 1294 δραμεῖν,
1383 1219 1455 1274 δι’
1489 1222 1548 1274 οὗ
1602 1225 1733 1294 μετά
1781 1231 1870 1276 τοῦ

260 1311 454 1386 μηδὲν,
513 1315 579 1364 ὧν
637 1309 1006 1383 σπουδάζομεν
1058 1311 1226 1364 ἀνύειν
1283 1317 1374 1362 καὶ
1423 1310 1599 1372 ἀνοίας
1656 1311 1871 1384 ἔλεγχον

261 1401 589 1475 ἀλισκόμεθα
621 1398 881 1462 διδόντες.

888 1584 1098 1634 ΕΠΙΣΤ.
1133 1579 1254 1631 ΛΒ’.

569 1667 904 1742 Ἀμφιλοχίῳ
925 1667 1278 1741 μητροπολίτη
1317 1671 1566 1731 Κυζίκου.

1540 1793 1828 1868 Montacut.
1859 1796 1961 1860 (ep.

335 1928 393 1982 Ἠ
428 1926 615 1982 δικαία
660 1930 842 1994 πειθὼ,
877 1927 935 1980 ού
989 1936 1085 1987 τῆς
1138 1935 1228 1978 τοῦ
1266 1925 1504 1996 λέγοντός
1548 1925 1660 1979 ἐστι
1715 1924 1872 1980 δυνά-
1912 1911 1956 1966 Β

259 2037 420 2089 μεως,
481 2017 668 2090 μᾶλλον
719 2018 748 2076 ἡ
797 2025 890 2078 τῆς
934 2024 1024 2068 τοῦ
1080 2014 1357 2076 ἀκούοντος
1409 2011 1713 2076 διαθέσεως.
1772 2017 1874 2069 Οὐ-

259 2114 386 2158 κοῦν
436 2107 529 2158 οὐκ
588 2105 687 2176 ἐγὼ
740 2109 940 2163 κινήσω
983 2104 1181 2175 γέλωτά
1232 2107 1317 2156 τὸν
1371 2102 1556 2162 ἀπειθῆ
1598 2107 1867 2170 νουθετῶν,

261 2195 409 2268 εἰμὴ
459 2201 643 2257 πείσω,
702 2194 808 2246 ἀλλ’
840 2196 865 2246 ό
917 2193 1161 2256 ἀπειθῶν,
1225 2195 1324 2245 εἴθε
1352 2193 1572 2263 γέλωτα,
1628 2192 1755 2246 ἀλλά
1795 2198 1866 2267 μὴ

260 2289 354 2338 καί
379 2289 468 2343 τὴν
494 2284 730 2356 ἐσχάτην
763 2284 948 2336 ἐκεῖθεν
969 2281 1237 2356 προσοφλὴ
1249 2302 1312 2355 σῃ
1343 2289 1616 2354 τιμωρίαν.

889 2378 1099 2429 ΕΠΙΣΤ.
1134 2371 1254 2424 AI".

545 2467 784 2536 Γεωργίῳ
810 2460 1167 2535 μητροπολίτη
1202 2467 1246 2514 Ν
1253 2457 1450 2533 ικομηδ
1453 2465 1580 2523 είας.

2056 1049 2353 1106 Meditatio
2399 1059 2588 1110 mater
2616 1060 2708 1112 est
2761 1059 3122 1129 operationis
3150 1067 3344 1130 rectae,
3377 1063 3637 1134 impetus

1983 1137 2345 1208 improvisus
2375 1159 2512 1198 cum
2538 1152 2786 1216 peccato
2816 1147 3018 1206 haeret.
3053 1151 3338 1216 Quocirca
3367 1154 3638 1223 neglecto

1985 1229 2237 1285 consilio
2285 1247 2405 1287 non
2449 1240 2681 1304 oportet
2730 1236 2789 1292 iu
2849 1238 2992 1294 illud
3047 1256 3408 1312 procurrere,
3458 1243 3633 1315 unde,

1983 1324 2382 1393 praeterquam
2410 1325 2571 1396 quod
2617 1327 2764 1382 nihil
2807 1344 3016 1385 eorum
3066 1332 3463 1402 perﬁciemus,
3503 1349 3638 1406 quae

1983 1408 2247 1466 studiose
2277 1413 2616 1484 sategimus,
2662 1416 3014 1488 insipientia:
3055 1421 3292 1492 culpam
3319 1422 3638 1480 incurrisse

1983 1497 2338 1552 videbimur.

1982 1498 2338 1558 videbimur.

2585 1594 2802 1651 EPIST.
2837 1597 3037 1652 XXXII.

2269 1679 2672 1751 Amphilochia
2705 1686 3100 1754 metropolitw
3129 1686 3347 1758 Cyzici.

2008 1800 2115 1857 198,
2149 1817 2196 1866 ρ.
2233 1804 2363 1867 295).

2059 1916 2090 1970 J
2099 1923 2226 1975 usta
2248 1923 2557 1992 persuasio
2589 1940 2710 1980 non
2743 1930 2865 1982 tam
2890 1927 3157 1998 procedit
3191 1945 3225 1984 a
3272 1929 3522 1985 dicentis
3553 1929 3642 1988 fa-

1983 2011 2226 2074 cultate,
2254 2026 2439 2082 quam
2481 2013 2870 2084 dispositione
2901 2017 3221 2073 audientis.
3276 2017 3422 2074 Nolo
3453 2020 3640 2076 risum

1986 2111 2223 2152 movere
2253 2099 2572 2156 indocilem
2605 2101 2954 2174 informans,
2981 2105 3031 2159 si
3083 2121 3206 2162 non
3260 2123 3637 2179 persuasero,

1983 2187 2087 2239 sed
2113 2186 2400 2259 indocilis,
2443 2191 2672 2246 utinam
2703 2193 2889 2248 risum
2917 2195 3338 2252 tantummodo
3354 2197 3634 2271 incurrat,

1981 2275 2032 2330 te
2075 2291 2196 2332 non
2226 2277 2286 2332 in
2317 2278 2514 2336 futuro
2541 2296 2819 2351 supremo
2850 2282 3142 2354 supplicio
3167 2284 3290 2341 luat
3324 2284 3338 2342 ι

2534 2371 2748 2426 ΕΡ18Τ.
2799 2371 3040 2427 XXXIII.

2287 2458 2519 2530 Georgio
2539 2460 2920 2530 metropolitae
2974 2461 3340 2522 Nicomediae.

1545 2583 1838 2634 Montacut.
1876 2581 1982 2648 (ορῖ
2019 2585 2129 2641 199,
2164 2598 2217 2648 p.
2253 2585 2387 2646 295).

340 2704 402 2759 Εἰ
463 2699 622 2762 δῆλόν
674 2702 927 2767 ἐστιν,ὡς
981 2705 1024 2754 εἴ
1074 2721 1148 2762 τις
1191 2703 1434 2766 νουθετεῖ,
1493 2696 1653 2762 δόξης
1705 2703 1866 2772 θήραν

259 2798 770 2865 πραγματευόμενος,
857 2792 1002 2854 ἄξιός
1072 2790 1181 2844 ἐστι
1249 2790 1482 2862 μεγάλης
1570 2789 1808 2862 μέμψεως
1854 2811 1866 2824 ·

259 2879 416 2935 οὐδὲν
463 2886 638 2935 καινὸν
669 2879 782 2935 οὐδ’
839 2880 1139 2934 ἀνέλπιστον
1170 2884 1214 2932 εἶ
1272 2900 1348 2940 τις
1402 2877 1650 2930 νουθετῶν
1699 2887 1868 2941 κακῶς

258 2971 443 3024 ἀκούει
484 2977 574 3024 καὶ
606 2968 934 3044 διασύρεται.
991 2973 1085 3022 Διά
1135 2977 1305 3033 τοῦτο,
1360 2964 1488 3037 μηδ’
1543 2967 1694 3027 αὐτὸς
1749 2970 1871 3019 θαυ-

260 3064 459 3134 μάσῃς,
547 3061 592 3113 εἰ
671 3065 955 3135 Πετρώνιος
1033 3060 1421 3129 νουθετούμενος

260 3151 451 3222 λόγους
497 3153 633 3202 κατά
663 3158 754 3212 τῆς
815 3159 914 3211 σῆς
964 3149 1152 3220 ἀφίησι
1179 3148 1494 3208 τελειότητος
1528 3164 1540 3174 ·
1595 3142 1734 3217 μηδὲ
1777 3143 1870 3198 διά

261 3244 452 3292 τούτου
506 3245 632 3312 μήτε
679 3249 773 3302 τῆς
822 3241 893 3300 εἰς
947 3239 1154 3304 ἐκεῖνον,
1216 3243 1344 3310 μήτε
1399 3244 1491 3297 τῆς
1545 3236 1617 3297 εὶς
1688 3236 1868 3297 ἄλλους

1421 3325 1560 3379 Ἐπεὶ
1652 3322 1866 3398 δόξομεν

1513 3061 1868 3129 τραχυτέρους

1906 3103 1944 3159 C

261 3329 594 3402 ὀφειλομένης
665 3331 895 3404 ὑπερορᾷ
970 3334 1337 3401 παραινέσεως.

259 3418 322 3470 ἂν
377 3423 477 3492 πρὸ
548 3417 747 3470 ἐκείνων
803 3418 950 3470 αὐτοὶ
1029 3417 1244 3478 ἑαυτοὺς
1317 3413 1494 3478 ἀξίους
1567 3414 1865 3486 ἀποφαίνειν

259 3507 635 3579 ἐπιτιμήσεως,
703 3511 792 3558 καὶ
854 3510 948 3563 τὴν
1033 3505 1216 3576 ἄλογον
1280 3503 1447 3555 αὐτῶν
1522 3509 1732 3574 μομφὴν
1795 3503 1866 3565 εἰς

259 3597 438 3650 αἰτίαν
469 3603 764 3669 μεταποιεῖν
797 3594 1084 3666 ἀξιόλογον.

871 3689 1079 3738 ΕΠΙΣΤ.
1134 3682 1258 3740 AA'.

260 3780 504 3848 Γεωργίῳ
622 3774 973 3848 μητροπολίτη
1073 3846 1082 3848 4
1115 3767 1494 3848 Νικομηδείας,
1629 3770 1858 3848 τελευτὴί

338 3842 522 3908 σαντός
589 3842 739 3916 αύτῷ
795 3845 849 3918 ἐν,
1062 3842 1310 3918 ὑπερορίᾳ
1388 3842 1656 3918 κληρικοῦ,
1733 3845 1862 3913 μετά

334 3924 429 3977 τὴν
502 3922 776 3990 γενομένην
833 3916 909 3970 ἐπ’
959 3916 1098 3987 αὐτῷ
1159 3916 1260 3968 ’τοῦ
1331 3916 1681 3988 πρεσϐυτέρου
1748 3933 1861 3984 χει-

332 3995 590 4066 ροτονίαν.

1551 4094 1840 4144 Montacut.
1869 4104 1972 4154 ep.-

330 4202 653 4274 Ἐϐουλόμην
728 4201 982 4274 ἀπαρχῆς
1060 4209 1150 4261 τῆς
1235 4204 1547 4277 σκυθρωπῆς
1630 4200 1869 4272 ἀγγελίας

259 4297 354 4362 (ὡς
421 4295 522 4346 εἴθε
597 4296 669 4364 μὴ
731 4291 897 4363 ὄφελεν
973 4291 1110 4362 ἐμοῖς
1172 4291 1298 4343 ὠσὶν
1359 4293 1628 4364 ἐπελθεῖν).
1697 4291 1868 4361 λόγοις
1909 4334 1948 4386 υ

260 4381 645 4454 παρακλήσεως
711 4383 768 4432 τὸ
829 4378 878 4431 ἐν
934 4385 1018 4432 σοὶ
1097 4381 1338 4453 πραῢνειν
1417 4383 1592 4454 ἄλγος,
1648 4385 1737 4431 καὶ
1810 4381 1867 4430 τὸ

259 4471 458 4523 λυποῦν
514 4468 768 4542 ἀφαιρεῖν,
821 4469 904 4529 αἷς
962 4468 1075 4527 ἐνῆν
1145 4488 1235 4540 μοι
1305 4476 1674 4546 παρηγορίαις.
1729 4469 1869 4519 Ἐπεὶ

263 4557 327 4613 δὲ
371 4566 482 4619 ταῖς
535 4561 679 4620 ῖσαις
730 4557 880 4618 αὐτὸς
935 4557 1015 4628 (ού
1057 4560 1158 4630 γὰρ
1191 4555 1250 4608 ἂν
1308 4562 1505 4630 εἴποιμι
1561 4558 1708 4611 πλέον
1743 4577 1754 4589 ·
1811 4554 1868 4606 οὗ

262 4654 357 4707 τὴν
424 4646 687 4713 ἀλήθειαν,
737 4650 832 4705 τὴν
887 4642 939 4698 δ’
996 4645 1244 4698 ἀπιστίαν
1301 4647 1692 4719 εὐλαϐούμενος,
1751 4664 1870 4696 κατ-

262 4741 530 4809 ετεινόμην
584 4733 894 4807 ἀλγηδόσιν,
948 4739 1036 4787 καὶ
1087 4739 1174 4793 τὴν
1226 4735 1410 4807 ψυχὴν
1454 4736 1693 4808 χαλεπῶς
1741 4737 1868 4786 ἔπα-

266 4826 430 4898 σχον)
511 4823 829 4898 ἀμϐλύτερος
910 4843 1021 4886 πως
1103 4827 1360 4883 κατέστην

264 4915 526 4988 ἀφαιρεῖν,
569 4914 636 4965 ὧν
681 4914 835 4974 αὐτὸς
891 4915 1220 4988 παραμύθιον
1271 4913 1375 4985 οὐχ
1424 4914 1683 4988 εὕρισκον.

1445 4824 1624 4900 ἐτέρων
1705 4823 1869 4883 λύπας

263 5002 329 5058 δὲ
359 5009 448 5056 καὶ
476 5003 622 5076 μόλις
673 5007 788 5064 τούς
827 5003 1112 5075 λογισμούς
1165 5003 1462 5074 ἀνενεγκὼν,
1513 5001 1717 5055 κάκεῖνο
1768 5003 1868 5076 πρὸ

260 5102 368 5146 τῶν
425 5091 588 5144 ἄλλων
637 5091 962 5162 ἐνθυμηθεὶς,
999 5094 1067 5152 ὡς
1119 5093 1198 5142 ὅτι
1249 5095 1510 5165 περίεστιν
1543 5094 1571 5149 ἡ
1615 5091 1867 5165 ἀρχιερα-

261 5186 387 5240 τικὴ
423 5187 512 5233 καὶ
544 5181 671 5252 ἀγία
698 5187 818 5256 χεὶρ
859 5181 1026 5238 ἐκείνη
1073 5179 1184 5250 (καὶ
1237 5185 1433 5254 περιείη
1489 5200 1544 5252 γε
1583 5180 1666 5232 ἐπὶ
1698 5181 1865 5241 πλέον,

261 5272 294 5331 ἡ
354 5273 475 5323 ὅσον
520 5266 826 5342 διεγέγονεν,
881 5270 911 5327 ἡ
954 5271 1218 5328 τοιούτους
1278 5270 1402 5340 ἡμῖν
1471 5266 1870 5321 διαπλάττουσα

260 5365 358 5414 καὶ
417 5357 789 5434 διαμορφοῦσα
851 5361 972 5422 τοὺς
1039 5365 1134 5420 τῆς
1189 5360 1328 5430 ἱερᾶς
1379 5359 1525 5430 ἡμῶν
1607 5360 1868 5432 ὑπηρέτας

262 5450 564 5523 ἀγιστίας),
623 5453 699 5503 ἔτι
745 5449 934 5522 μᾶλλον
983 5447 1229 5522 ἐγενόμην
1301 5445 1551 5521 ἐμαυτοῦ,
1632 5453 1723 5501 καὶ
1773 5456 1866 5501 τοῦ

262 5536 546 5614 δυσφορεῖν
572 5540 947 5617 ύπερανίσχον,
1005 5543 1095 5592 καὶ
1151 5541 1277 5612 πρὸς
1329 5541 1421 5598 τὴν
1475 5537 1638 5597 αὐτὴν
1684 5537 1863 5590 λοιπὸν

246 5625 506 5715 ,διάθεσιν
573 5632 670 5692 τὴν
746 5630 996 5707 ὑμετέραν
1063 5627 1321 5704 μεθέλκειν
1373 5625 1642 5706 ἐθάρρησα
1681 5625 1864 5680 τελειό-

2053 2700 2106 2756 Si
2138 2703 2297 2772 patet
2347 2699 2514 2766 illud,
2562 2700 2725 2772 quod
2791 2701 2838 2756 si
2879 2702 3015 2774 quis
3076 2702 3388 2759 consilium
3417 2703 3541 2771 dat,
3576 2709 3640 2760 ut

1981 2789 2232 2860 gloriam
2271 2795 2538 2854 venetur,
2565 2791 3023 2863 reprehensione
3050 2793 3355 2848 acerbiore
3383 2793 3634 2864 dignus:

1980 2879 2084 2934 sed
2114 2879 2276 2951 quod
2304 2881 2438 2951 quis
2468 2895 2576 2952 pro
2599 2879 2847 2936 consilio
2869 2881 3012 2937 dato
3035 2881 3190 2937 male
3221 2882 3440 2948 audiat,
3470 2887 3526 2939 et
3542 2884 3638 2940 de-

1979 2968 2223 3033 ridetur,
2254 2984 2362 3024 nec
2387 2983 2636 3035 novum,
2669 2985 2779 3025 nec
2820 2969 3291 3041 inexspectatum
3331 2976 3440 3027 est.
3485 2973 3638 3038 Quo-

1980 3058 2135 3113 circa
2169 3058 2365 3113 mirari
2418 3057 2642 3123 desine,
2670 3059 2718 3112 si
2744 3059 3056 3114 Petronius
3089 3059 3438 3116 admonitus
3468 3078 3638 3134 aspe-

1978 3146 2234 3201 rioribus
2267 3146 2458 3202 verbis
2489 3152 2651 3202 tuam
2694 3147 3115 3217 perfectionem
3176 3150 3405 3221 excepit
3449 3166 3460 3203 :
3530 3151 3635 3205 sed

1979 3235 2098 3290 noli
2129 3235 2439 3290 tuidcirco
2497 3235 2972 3291 exhortationem
3031 3236 3317 3303 debitam,
3352 3237 3444 3292 vel
3495 3253 3637 3310 erga

1978 3323 2165 3390 illum,
2216 3325 2308 3379 vel
2361 3324 2543 3379 alium
2598 3325 2888 3380 omittere.
2939 3326 3024 3382 Ita
3085 3327 3240 3381 enim
3297 3326 3637 3383 videbimur

1977 3430 2086 3469 nos
2108 3414 2241 3486 ipsi,
2276 3415 2630 3485 priusquam
2663 3413 2816 3468 illiid
2843 3415 3083 3484 faciant,
3104 3416 3319 3485 dignos
3352 3416 3634 3474 exhibere

1975 3503 2459 3575 reprehensione,
2487 3509 2542 3558 et
2568 3503 3010 3559 incusationem
3039 3504 3306 3575 ipsorum
3337 3505 3485 3561 alias
3527 3506 3632 3563 mi-

1975 3593 2133 3648 nime
2149 3593 2565 3648 rationabilem
2593 3592 2652 3646 in
2669 3591 3086 3648 rationabilem
3111 3592 3557 3651 transformare.

2567 3683 2778 3737 EPIST.
2811 3682 3036 3737 XXXIV.

1976 3771 2226 3840 Georgio
2250 3771 2692 3839 metroziolitano
2758 3771 3114 3826 Nicomediae
3162 3773 3334 3842 cujus
3386 3773 3634 3830 clericus

2042 3857 2282 3911 peregre
2319 3843 2471 3897 diem
2521 3844 2820 3913 clauserat
2853 3849 3202 3910 extremam,
3231 3852 3364 3913 post
3389 3846 3638 3903 ordina-

2049 3913 2259 3967 tionem
2287 3913 2473 3980 ipsius
2499 3912 2579 3967 ad
2592 3913 3102 3981 presbyteratum.

1997 4089 2126 4152 (201,
2159 4101 2213 4150 p.
2244 4087 2375 4148 296).

2053 4193 2378 4266 Cupiebam
2408 4193 2486 4250 ab
2517 4197 2762 4264 accepto
2790 4207 2999 4248 amaro
3040 4192 3273 4258 nuntio,
3315 4192 3477 4264 quod
3526 4196 3635 4250 uti-

1983 4301 2119 4340 nam
2145 4284 2201 4338 in
2237 4299 2402 4338 meas
2434 4298 2608 4338 aures
2675 4297 2797 4337 non
2855 4282 3132 4348 venisset,
3189 4282 3638 4339 consulentibus

1981 4374 2174 4430 verbis
2195 4374 2462 4430 dolorem
2497 4379 2662 4428 tuum
2697 4371 2987 4442 mitigare,
3031 4378 3084 4426 et
3123 4372 3342 4444 quibus
3390 4389 3638 4444 possem

1981 4464 2206 4520 solatiis
2235 4463 2618 4519 afﬂictionem
2653 4468 2816 4517 tuam
2871 4461 3074 4517 lenire.
3126 4462 3196 4517 At
3252 4479 3388 4517 cum
3422 4462 3638 4517 iisdem

1981 4569 2092 4623 ego
2119 4554 2244 4625 ipse
2275 4553 2546 4608 hebetior
2565 4568 2762 4607 essem
2777 4551 3046 4607 redditus
3065 4552 3237 4607 malis
3259 4567 3365 4605 nec
3383 4550 3638 4606 aliorum

1983 4642 2249 4698 tristitias
2282 4641 2627 4707 auferendo,
2663 4657 2800 4696 cum
2829 4641 2953 4711 ipse
2988 4641 3132 4694 meis
3167 4639 3447 4694 solatium
3473 4654 3639 4710 repe-

1980 4731 2094 4786 rire
2117 4733 2421 4804 nequirem
2452 4746 2463 4785 :
2504 4732 2584 4787 ita
2614 4730 2771 4784 enim
2823 4735 2947 4784 tam
2998 4745 3232 4784 mecum
3262 4733 3389 4783 erat
3435 4743 3640 4785 revera

1979 4837 2054 4876 ne
2092 4821 2236 4892 quid
2270 4820 2508 4890 gravius
2539 4819 2776 4874 dicam:
2813 4834 2920 4873 nec
2951 4833 3156 4872 vereor
3210 4833 3283 4871 ne
3317 4817 3465 4872 tides
3494 4817 3638 4872 mihi

1982 4927 2099 4965 non
2129 4911 2501 4972 adhibeatur,
2524 4909 2626 4980 qui
2659 4907 2965 4962 veritatem
3013 4906 3148 4961 dico
3182 4922 3198 4960 :
3243 4910 3398 4961 certe
3437 4921 3638 4961 excru-

1979 5000 2184 5054 ciabar
2213 4998 2562 5054 doloribus:
2599 5003 2652 5051 et
2683 4997 2885 5052 animo
2934 4995 3088 5050 male
3147 4994 3394 5051 affectus
3448 5011 3634 5052 eram.

1981 5091 2247 5161 Cumque
2281 5104 2413 5142 sero
2441 5103 2508 5142 ac
2537 5088 2634 5142 vix
2670 5085 2912 5141 tandem
2939 5084 3013 5140 ad
3035 5084 3302 5140 animum
3349 5084 3639 5142 redieram

1981 5178 2120 5232 illud
2153 5177 2451 5250 imprimis
2482 5175 2857 5244 cogitabam:
2885 5175 3083 5229 adhuc
3103 5179 3406 5245 superstes
3436 5179 3528 5230 est
3549 5190 3640 5230 ar-

1978 5267 2433 5338 chiepiscopalis
2469 5271 2523 5322 et
2571 5269 2778 5320 sancta
2824 5263 2924 5318 illa
2956 5279 3168 5319 manus
3197 5264 3273 5334 (et
3309 5263 3410 5319 diu
3438 5265 3638 5320 adhuc

1976 5358 2229 5429 supersit
2247 5371 2471 5429 precor,
2501 5371 2635 5427 quae
2653 5353 2799 5410 tales
2820 5353 2994 5408 nobis
3021 5352 3270 5424 defingit
3291 5353 3638 5410 eteﬁ'ormat

1975 5447 2315 5502 sacerdotes
2332 5461 2532 5500 rerum
2549 5442 2935 5500 administros
2949 5445 3280 5506 sacrarum)
3302 5442 3491 5512 magis
3506 5457 3636 5498 me-

1975 5534 2294 5607 metipsum
2320 5532 2617 5605 recollegi,
2645 5548 2756 5588 nec
2784 5531 3032 5588 ulterius
3055 5531 3316 5602 graviter
3338 5529 3634 5603 patiebar,

1975 5624 2117 5682 etad
2142 5623 2424 5682 eamdem
2447 5639 2688 5682 mecum
2708 5621 3171 5695 dispositionem
3199 5619 3627 5693 perfectionem
