4072 6232
531 333 634 390 847

1763 325 2001 384 PHOTll
2058 324 2546 389 PATRIARCHIE
2580 331 2678 392 CP.

3789 353 3883 410 848

531 473 788 522 vestram
828 464 987 524 volui
1035 464 1364 523 deducere:
1402 459 1500 515 ubi
1534 464 1732 515 tamen
1761 460 2004 517 absurdi
2044 463 2139 535 qui

2249 458 2431 514 ιτητα
2459 477 2470 486 ·
2515 465 2603 511 καὶ
2652 481 2702 513 τι
2753 465 2854 537 γὰρ
2906 465 3128 517 ἐνενόουν
3180 475 3275 519 νῶν
3329 467 3706 543 ἀτοπωτέρων·
3744 481 3792 526 τί
3842 476 3892 530 ονε

527 555 675 610 mihi
701 558 1052 614 occurrebat
1085 572 1096 610 :
1127 557 1323 608 tamen
1357 548 1553 604 nescio
1593 547 1738 619 quid
1790 550 1930 606 novi
1971 568 2188 622 passus

525 661 707 700 sum:
745 645 1081 701 membrum
1135 639 1433 697 divulsum
1484 637 1844 694 abstrahitur
1897 639 2039 706 ;sed
2070 640 2188 696 Deo

523 734 777 797 dicatur,
807 739 983 789 etnos
1000 734 1103 806 qui
1124 746 1222 802 per
1263 729 1448 783 Deum
1469 726 1686 781 divitiis
1710 727 1822 782 illis
1856 727 2188 784 abundavi-

522 840 679 889 mus,
711 823 792 878 illi
833 823 1122 894 primitias
1171 818 1382 874 offerre
1432 816 1808 872 debebamus
1869 839 1880 870 :
1939 819 2186 889 antiqua

518 912 615 969 lex
664 913 794 967 haec
847 913 1092 978 obtinet,
1125 914 1190 965 ut
1221 922 1418 963 rerum
1467 905 1867 977 pretiosarum
1893 907 2184 978 primitias

517 1002 710 1058 datori
755 1005 810 1056 et
857 999 1166 1057 communi
1215 998 1467 1052 Domino
1508 993 1834 1050 offeramus
1877 1011 1888 1049 :
1940 1011 2182 1064 germen

512 1089 884 1164 praeclarum,
917 1097 974 1146 et
999 1090 1222 1145 fructus
1275 1085 1470 1140 ferens
1531 1091 1799 1139 maturos
1839 1083 2179 1142 diffractum

511 1184 602 1235 est
633 1196 644 1234 :
671 1179 777 1235 sed
814 1184 1020 1236 manet
1050 1177 1240 1242 radix,
1291 1173 1648 1245 germinabit
1701 1172 1900 1229 denuo
1933 1189 2054 1228 non
2094 1173 2179 1230 in-

507 1268 724 1326 feriora
755 1285 765 1322 :
809 1269 858 1323 si
897 1269 943 1324 is
963 1268 1067 1340 qui
1098 1265 1334 1322 ablatus
1363 1267 1451 1319 est
1481 1278 1734 1317 maerore
1781 1262 2013 1327 alliciat,
2049 1279 2179 1334 pro-

506 1358 800 1429 germinet
836 1358 1006 1423 alios,
1033 1361 1097 1412 ut
1135 1370 1209 1410 ne
1239 1355 1314 1408 ita
1350 1352 1596 1407 demum
1641 1351 1872 1406 tristitia
1903 1351 2179 1423 percella-

504 1445 621 1513 tur,
650 1448 697 1502 si
713 1463 910 1503 ramos
925 1445 1222 1519 quosdam
1237 1443 1315 1499 ad
1337 1458 1397 1497 se
1431 1441 1748 1496 transferat
1782 1439 2173 1526 hortulanus;

502 1537 604 1593 sed
635 1553 742 1609 per
780 1537 1146 1609 reliquorum
1189 1531 1657 1588 oblectationem
1702 1530 1884 1585 ablati
1928 1547 2174 1585 sensum

500 1626 924 1684 absconditum
955 1624 1156 1680 voluit.
1192 1620 1350 1677 Abiit
1388 1620 1681 1692 praeclara
1719 1625 1774 1675 et
1803 1620 2171 1676 admirabilis

500 1716 730 1771 virtutis
775 1716 1022 1784 imago;
1055 1712 1160 1767 sed
1202 1711 1360 1765 idem
1421 1710 1612 1780 pictor
1665 1725 1917 1763 manum
1966 1708 2166 1764 adhuc

499 1819 766 1860 exercere
793 1774 1018 1874 potest,
1037 1807 1094 1856 et
1118 1799 1219 1872 qui
1251 1774 1568 1870 praecl-aras
1599 1796 1728 1867 ejus
1759 1796 1926 1852 dotes
1957 1797 2137 1866 dilige

2276 1801 2366 1844 τοῦ
2415 1793 2593 1859 καλοῦ,
2655 1796 2826 1848 ούκέτι
2880 1803 3025 1868 μίαν,
3075 1798 3202 1852 ἀλλά
3273 1808 3361 1855 καὶ
3429 1805 3679 1867 πλείονας.

494 1891 621 1956 bat,
652 1889 1049 1964 proculdubio
1081 1889 1279 1961 plures
1311 1885 1458 1942 tales
1503 1885 1796 1955 imagines
1842 1885 2158 1941 describet.

493 1983 562 2036 At
593 1980 736 2035 mihi
766 1978 1012 2050 quidem
1042 1975 1183 2032 mali
1207 1974 1573 2030 medicinam
1603 1973 1740 2029 facit
1777 1972 1936 2028 istud
1962 1991 1974 2038 ;
2015 1978 2159 2044 puto

492 2067 821 2142 quemlibet
844 2065 1189 2136 religiosum
1220 2062 1548 2135 prudenter
1579 2069 1961 2133 sumpturum
1994 2078 2006 2117 :
2053 2062 2158 2117 sed

492 2156 766 2214 Ecclesiaa
779 2172 1020 2228 corpus,
1039 2155 1112 2211 ad
1131 2152 1298 2226 quod
1316 2151 1506 2208 vocati
1527 2167 1660 2205 sum
1671 2167 1757 2219 ns,
1778 2166 1897 2206 non
1917 2151 2156 2222 opinor,

489 2244 1015 2320 ipsejustiﬁcabis,
1037 2259 1156 2299 non
1175 2257 1306 2298 esse
1325 2241 1425 2296 tibi
1439 2255 1560 2295 com
1569 2240 1866 2312 passionis
1883 2239 2154 2295 solatium

487 2334 917 2408 archiprassnli.
949 2337 1096 2390 Nam
1127 2331 1277 2404 quid
1307 2330 1445 2386 est?
1477 2334 1615 2385 ante
1663 2333 1903 2401 tempus
1930 2330 2156 2384 aufere-

485 2425 663 2482 batur
695 2441 708 2480 :
743 2428 801 2480 et
827 2423 988 2496 quis,
1010 2436 1239 2494 quasso,
1265 2418 1478 2475 melius
1504 2417 1577 2473 de
1607 2418 1977 2489 temporibus
1998 2418 2154 2489 judi-

494 2529 650 2579 care,
685 2518 740 2568 et
764 2512 977 2568 eadem
1005 2511 1321 2567 observare
1361 2508 1542 2578 novit,
1595 2523 1781 2579 quam
1836 2507 1906 2576 is,
1935 2509 2038 2580 qui
2066 2523 2155 2563 se-

485 2603 753 2659 cundum
811 2602 1107 2656 rationem
1153 2605 1209 2654 et
1238 2597 1512 2654 ordinem
1570 2596 1866 2668 disposuit
1898 2597 2152 2653 omnia?

485 2691 601 2748 Sed
626 2695 832 2762 raptus
873 2696 960 2744 est
991 2688 1052 2744 in
1103 2691 1273 2744 aetate
1306 2686 1560 2755 vigente,
1595 2690 1649 2739 et
1677 2684 1780 2756 qui
1814 2684 1962 2740 tales
1995 2685 2147 2740 exsi-

481 2788 662 2848 stunt,
697 2779 1026 2836 certamina
1057 2777 1316 2833 subeunt
1349 2775 1591 2831 viriliter
1618 2794 1630 2832 ;
1671 2791 1867 2830 verum
1892 2775 2148 2831 adseue-

477 2877 699 2927 ctutem
728 2885 916 2942 usque
965 2865 1238 2940 protendi
1271 2866 1758 2938 interruptionem
1791 2864 2142 2937 plerumque

479 2959 844 3018 fortitudinis
877 2962 1177 3030 operatur.
1213 2955 1301 3011 Ad
1335 2958 1612 3010 virtutem
1646 2954 1969 3010 nobiscum
2001 2970 2137 3009 con-

474 3049 747 3107 currebat
787 3065 798 3105 :
829 3063 948 3104 non
979 3051 1212 3119 oportet
1241 3045 1527 3108 invidere,
1561 3043 1608 3097 si
1659 3043 1916 3099 stadium
1953 3060 2130 3098 suum

2297 553 2394 596 τῶν
2451 553 2756 624 καινοτέρων
2831 555 3172 625 πεπόνθαμεν,
3260 556 3353 608 ούκ
3430 555 3554 611 οἶδα
3588 582 3600 593 ο
3670 561 3891 636 ἀφῃρέθη

2295 634 2460 721 μέλος,
2541 637 2666 690 ἀλλά
2731 648 2843 710 Θεῷ
2911 641 3232 716 ἀφιέρωται⁸
3297 645 3402 697 ἀλλ’
3472 634 3894 721 ἀπαρχῆνμέδει

2297 719 2518 783 δοθῆναι
2570 737 2667 778 τῶν
2711 729 2899 798 καλῶν,
2952 733 3019 782 ὧν
3078 731 3265 786 ἐκεῖθεν
3331 736 3708 811 ἐπλουτίσαμεν
3741 764 3753 774 ·
3817 742 3894 817 ἀρ-

2292 821 2447 885 χαῖος
2478 815 2623 876 οὗτος
2669 821 2821 889 νόμος
2878 817 3126 893 ἀπαρχὰς
3173 831 3270 874 τῶν
3324 830 3507 895 τιμίων
3553 837 3627 898 τῷ
3680 815 3894 904 δωτῆρι,

2291 908 2380 955 καὶ
2445 914 2598 975 κοινῷ
2675 911 2980 982 προσφέρειν
3056 916 3311 984 Δεσπότῃ.
3385 911 3584 976 κλάδος
3659 919 3894 984 εὐθαλὲς,

2291 996 2379 1042 καὶ
2404 997 2602 1065 καρπόν
2655 995 2843 1065 ὡραῖον
2888 1001 3070 1068 φέρων,
3139 1005 3453 1074 περιῄρηται
3487 1021 3498 1033 °
3553 1003 3660 1056 ἀλλ’
3693 1009 3724 1065 ἡ
3772 1009 3897 1082 ῥίζα

2289 1083 2464 1152 μένειο
2511 1085 2644 1133 οἴσει
2691 1082 2844 1134 πάλιν
2883 1085 2980 1136 ούκ
3028 1085 3291 1142 ἐλάττονα.
3351 1090 3411 1143 Εἰ
3461 1088 3519 1145 δὲ
3550 1094 3702 1147 πλέον
3743 1100 3771 1148 ό
3814 1110 3898 1151 πέ-

2286 1175 2600 1244 ριῃρημένος
2649 1171 2816 1238 λυπεῖ,
2853 1172 3186 1246 βλαστανέτω
3243 1185 3331 1232 καὶ
3375 1181 3610 1246 πλείονας
3636 1203 3648 1214 ·
3687 1188 3770 1239 ἵνα
3823 1197 3892 1259 μῆ

2287 1259 2439 1310 πάλιν
2499 1263 2618 1331 ἔχοι
2690 1261 2935 1333 χαλεπῶς
3009 1263 3181 1337 ἀλγεῖν
3257 1279 3348 1322 τοῦ
3407 1279 3703 1345 φυτοκόμου
3769 1283 3900 1352 πρὸς

2285 1445 2382 1488 τῶν
2453 1437 2860 1510 ὑπολειπομένων
2930 1441 3125 1514 τέρψει,
3211 1455 3298 1498 τοῦ
3388 1447 3718 1522 ἀφῃρημένου
3777 1437 3896 1506 λανξ

2285 1525 2450 1576 θάνειν
2502 1529 2617 1597 ἔχοι
2664 1533 2757 1586 τὴν
2811 1533 3178 1588 συναίσθησιν.
3235 1533 3489 1594 Ἀπῆλθεν
3539 1541 3566 1596 ὁ
3622 1542 3754 1600 καλὴ
3800 1551 3892 1596 καὶ

2283 1614 2553 1686 θαυμασία
2575 1625 2670 1677 τῆς
2699 1616 2886 1691 ἀρετῆς
2909 1619 3056 1671 εἰκῶν
3092 1639 3103 1650 ·
3150 1621 3256 1674 ἀλλ’
3303 1627 3327 1676 ὁ
3385 1627 3614 1700 γραφεὺς
3671 1633 3744 1682 ἔτι
3798 1637 3893 1691 τὴν

2277 1711 2435 1776 χεῖρα
2483 1713 2629 1770 κινεῖ,
2694 1712 2783 1758 καὶ
2865 1709 3058 1780 γράψει
3117 1730 3177 1780 γε
3244 1716 3464 1779 πάντως,
3547 1717 3772 1790 ἐραστὴς
3823 1724 3892 1773 ὡν

3748 1811 3891 1863 Ἀλλ’

2273 1880 2386 1952 ἐμοὶ
2423 1887 2513 1954 μὲν
2567 1892 2718 1936 τοῦτο
2763 1894 2852 1946 τῆς
2901 1886 3124 1960 ἀθυμίας
3175 1893 3448 1965 φάρμακον
3478 1913 3489 1923 ·
3545 1892 3693 1968 οἶμαι
3741 1896 3795 1950 δ’
3829 1900 3889 1951 ἆν

2270 1971 2396 2022 αύτό
2450 1971 2620 2024 λαϐεῖν
2683 1977 2978 2048 προθύμως,
3045 1983 3136 2030 καὶ
3197 1987 3294 2031 τῶν
3347 1982 3692 2036 εὐσεϐούντων
3769 1989 3888 2040 ἕκα-

2271 2079 2390 2112 στον
2425 2082 2437 2093 ·
2473 2065 2528 2113 τό
2584 2059 2642 2114 δε
2689 2068 2860 2115 κοινόν
2915 2073 3005 2125 τῆς
3035 2066 3376 2134 Ἑκκλησίας,
3428 2070 3502 2144 ἐφ’
3607 2095 3668 2144 γε
3709 2096 3860 2150 παρα

2270 2149 2580 2221 κεκλήμεθα,
2643 2151 2736 2203 οὐκ
2782 2151 2841 2202 ἂν
2895 2153 3022 2224 ούχὶ
3072 2151 3386 2219 δικαιώσαις
3429 2166 3518 2212 καὶ
3559 2163 3732 2230 αὐτὸς,
3792 2149 3885 2218 καὶ

2265 2247 2360 2300 τῆς
2411 2247 2508 2300 σῆς
2554 2242 2933 2315 ἀρχιερατικῆς
2978 2247 3304 2314 συμπαθείας
3350 2254 3423 2320 μὴ
3473 2255 3718 2320 γενέσθαι
3775 2275 3870 2308 πα-

2263 2327 2536 2400 ράκλησιν.
2565 2335 2628 2381 Τί
2655 2333 2756 2401 γάρ
2783 2350 2794 2399 ;
2829 2334 2928 2405 πρὸ
2968 2333 3107 2404 ὧρας
3155 2333 3346 2407 ἀπῆρεν
3376 2359 3388 2370 ο

2264 2415 2504 2491 ϐέστερος
2578 2420 2715 2490 ὧρας
2782 2428 3050 2492 συντηρεῖν
3116 2427 3204 2475 καὶ
3261 2431 3468 2498 κρίνειν,
3529 2437 3621 2480 τοῦ
3701 2415 3872 2485 πάντα

3441 2344 3531 2391 καὶ
3583 2346 3662 2403 τίς
3723 2342 3871 2418 ἀκρι-

2262 2505 2396 2577 λόγῳ
2449 2512 2538 2559 καὶ
2586 2511 2743 2580 εὶρμῷ
2800 2509 3094 2578 τάξαντος;
3143 2511 3277 2564 Ἀλλ’
3327 2517 3374 2565 ἐν
3424 2514 3564 2589 ἀκμῇ
3607 2529 3702 2581 τῆς
3751 2523 3870 2579 ἡλι-

2261 2601 2397 2659 κίας,
2451 2599 2499 2648 οἱ
2539 2605 2766 2649 τοιοῦτοι
2820 2601 2939 2660 τούς
2988 2599 3177 2661 ἄθλους
3205 2609 3448 2673 γενναίως
3489 2612 3705 2678 φέρουσι
3737 2631 3748 2642 ·
3809 2617 3866 2663 τό

2261 2682 2318 2736 δε
2375 2686 2446 2746 εἰς
2500 2695 2664 2757 γῆρας
2715 2689 3100 2758 παραταθῆναι,
3142 2689 3357 2760 ἐγκοπὴ,
3419 2697 3482 2745 τά
3539 2697 3724 2764 πολλὰ,
3771 2710 3866 2763 τῆς

2256 2774 2444 2835 πολλῆς
2487 2778 2803 2827 καθίσταται
2838 2783 3230 2846 γαννοιιότητος.
3267 2779 3559 2854 Σύνδρομος
3602 2783 3665 2843 ἦν
3731 2794 3864 2862 πρὸς

2255 2863 2439 2935 ἀρετήν
2470 2886 2480 2896 ·
2545 2865 2602 2916 ού
2648 2871 2755 2936 χρὴ
2805 2868 3003 2936 φθονεῖν
3054 2867 3182 2920 εἰτὸ
3243 2866 3460 2923 στάδιον
3516 2878 3856 2944 προκατείλη.

2251 2974 2355 3026 φεν.
2401 2953 2532 3005 Ἀλλ’
2588 2951 2647 3012 ἧν
2691 2964 2788 3006 τῶν
2853 2954 3095 3029 θλιϐερῶν
3143 2962 3472 3030 παραμύθιον
3507 2984 3518 2995 ·
3551 2964 3608 3014 ού
3664 2985 3860 3018 συναπ-

2245 3053 2364 3118 ῆρεν
2417 3047 2531 3104 τοὺς
2593 3043 2779 3114 λόγους
2827 3053 2915 3105 τῆς
2972 3049 3351 3118 παρακλήσεως
3384 3071 3396 3083 ·
3451 3056 3539 3103 καὶ
3583 3052 3734 3106 πλέον
3799 3053 3858 3108 δὲ

471 3141 634 3213 prior
672 3137 1009 3196 confecerit.
1041 3139 1113 3192 At
1159 3136 1429 3192 solamen
1459 3140 1582 3191 erat
1615 3135 1945 3203 urgentium
1979 3132 2128 3189 afﬂi~

2249 3147 2390 3196 ἕσται
2436 3141 2544 3198 νύν,
2586 3134 2662 3195 οἷς
2717 3151 2769 3185 τε
2831 3130 2922 3185 διὰ
2977 3133 3098 3206 βίου
3143 3132 3405 3208 ἀνδρικῶς
3465 3139 3855 3216 ἐνεκαρτέρησε,

470 3232 736 3286 ctionum
779 3245 790 3284 :
827 3227 934 3284 sed
951 3242 1060 3281 nec
1090 3241 1300 3281 omnes
1332 3240 1533 3279 secum
1566 3221 1808 3278 abstulit
1850 3227 2125 3278 consola-

468 3317 650 3374 tionis
669 3317 884 3373 modos
913 3333 926 3371 :
951 3317 1073 3371 imo
1103 3315 1301 3386 plures
1325 3328 1485 3367 nunc
1508 3316 1768 3384 praestat,
1797 3319 1850 3367 et
1886 3313 2124 3383 quidem

465 3408 662 3478 primo
693 3422 799 3478 per
824 3419 1150 3475 generosas
1184 3403 1315 3457 vitae
1347 3401 1612 3456 actiones
1648 3415 1658 3453 :
1705 3401 1967 3455 secundo
2022 3417 2128 3472 per

467 3494 947 3550 intercessionem
970 3491 1132 3562 apud
1151 3492 1336 3544 Deum
1360 3506 1373 3554 ;
1423 3494 1621 3560 utpote
1649 3489 1776 3558 jam
1811 3490 2058 3545 vicinior
2076 3492 2126 3546 ei

464 3581 676 3645 factus,
709 3579 1008 3636 etcmleste
1042 3579 1459 3649 adjumentum
1482 3577 1542 3631 in
1573 3582 1768 3647 partes
1790 3594 2122 3646 assumens,

463 3687 601 3727 cum
628 3670 707 3728 ad
732 3668 1228 3732 succurrendum,
1257 3672 1382 3722 tum
1429 3665 1507 3721 ad
1554 3665 2006 3722 vindicandum.
2045 3669 2126 3727 Si-

459 3760 582 3816 lent
627 3759 844 3815 labra:
882 3757 1148 3813 clamant
1175 3755 1462 3813 actiones.
1510 3755 1737 3826 Lingua
1799 3761 1970 3824 tacet,
2022 3759 2128 3813 sed

459 3848 877 3920 contralegum
902 3845 1220 3902 violatores
1235 3845 1363 3916 ejus
1375 3844 1827 3915 redargutiones
1853 3846 2125 3918 ipsorum

457 3937 706 3995 consilia
736 3941 1026 4010 perpetuo
1054 3933 1379 4006 ﬂagellant,
1427 3938 1483 3990 et
1533 3933 1883 4004 religiosum
1916 3951 2121 4007 quem-

463 4028 607 4084 libet
631 4026 710 4084 ad
749 4025 1205 4082 oblectationem
1258 4024 1518 4079 excitant
1569 4029 1622 4079 et
1687 4024 2122 4081 fortitudinem.

473 4117 622 4185 Quid
637 4115 883 4173 tandem
906 4114 934 4169 7
959 4113 1020 4169 in
1035 4115 1466 4186 persecutione,
1484 4111 1829 4183 afﬂictione,
1855 4113 2120 4179 miseria,

463 4209 647 4264 vitam
685 4205 1000 4262 clausit.At
1026 4204 1152 4259 haec
1181 4218 1275 4259 me
1302 4218 1686 4274 summopere
1709 4203 2120 4260 consolantur.

465 4301 596 4354 Non
633 4296 789 4350 enim
823 4292 1070 4349 delictiis
1095 4291 1338 4349 afﬂuere
1368 4291 1536 4348 illum
1558 4292 1776 4358 decuit,
1796 4292 1900 4366 qui
1927 4293 2004 4348 ad
2035 4310 2120 4352 re-

456 4400 649 4457 gnum
679 4381 1334 4447 cmlorumauhelabat,
1353 4387 1408 4437 et
1437 4381 1600 4437 illam
1639 4381 1719 4437 ibi
1743 4382 1906 4438 adire
1936 4382 2120 4438 haere-

2234 3226 2323 3273 καὶ
2355 3229 2469 3284 ταῖς
2515 3226 2639 3296 πρὸς
2670 3226 2728 3274 τό
2769 3229 2920 3274 Θείον
2969 3222 3251 3287 έντεύξεσιν
3277 3246 3289 3258 ·
3345 3227 3434 3280 ἄτε
3466 3225 3532 3286 δὴ
3591 3230 3854 3288 πλησιαί-

2236 3330 2378 3384 τερον
2407 3316 2646 3382 γεγονὼς,
2687 3317 2776 3364 καὶ
2814 3316 2905 3370 τὴν
2957 3311 3144 3364 ἐκείθεν
3211 3313 3366 3366 ἕλκων
3423 3317 3614 3388 μᾶλλον
3657 3321 3848 3392 ῥοπὴν,

2237 3400 2307 3460 εἰς
2356 3398 2656 3474 ἐπικουρίαν
2702 3405 2786 3452 καὶ
2829 3397 3125 3458 ἐκδίκησιν.
3157 3409 3287 3474 Σιγᾴ
3339 3407 3404 3455 τὰ
3447 3406 3602 3476 χείλη
3650 3430 3662 3440 ·
3722 3409 3850 3462 ἀλλὰ

2240 3487 2437 3561 βοῶσιν
2469 3492 2523 3542 αἱ
2564 3490 2777 3564 πράξεις
2807 3512 2819 3524 ο
2868 3493 2897 3548 ἡ
2931 3490 3150 3562 γλῶσσα
3193 3496 3319 3555 τέως
3373 3495 3595 3568 ἠρεμεῖ·
3801 3504 3848 3552 οὶ

2237 3582 2372 3631 κατά
2419 3589 2516 3631 τῶν
2569 3583 3000 3653 παρανομούντων
3059 3581 3270 3652 ἔλεγχοι
3312 3584 3482 3635 αὐτῶν
3533 3587 3578 3637 τ’
3640 3585 3847 3640 ἐκείνων

2240 3671 2359 3730 τοὺς
2400 3668 2681 3740 λογισμοὺς
2726 3669 2957 3721 ἀθάνατα
3008 3679 3352 3741 μαστιγουσι,
3404 3679 3493 3725 καὶ
3547 3684 3648 3726 τῶν
3697 3677 3847 3729 εύσε-

2238 3755 2460 3808 ϐούντων
2530 3760 2770 3827 ἕκαστον,
2817 3758 2888 3818 εἰς
2941 3757 3206 3830 θυμηδίαν
3254 3766 3340 3811 καὶ
3404 3759 3642 3833 ἀνδρείαν
3699 3762 3844 3816 διαν-

2239 3856 2475 3901 ιστῶσιν.
2525 3852 2585 3900 Τί
2634 3847 2856 3910 λοιπόν;
2906 3846 2952 3898 ἐν
3004 3845 3255 3920 διωγμοῖς
3323 3856 3412 3902 καὶ
3474 3851 3684 3923 θλίψεσι
3753 3861 3843 3908 καὶ

2236 3936 2607 4011 ταλαιπωρίαις
2657 3941 2741 3990 τόν
2825 3935 2942 4010 βίον
2994 3936 3226 3990 ἀπέλιπε.
3286 3941 3353 3991 Τό
3423 3945 3676 4011 μέγιστόν
3751 3964 3843 4015 μοι

2233 4026 2392 4098 λέγεις
2420 4029 2775 4102 παραμύθιον.
2839 4026 2914 4078 Ού
2941 4029 3042 4100 γὰρ
3090 4023 3200 4080 ἔδει
3229 4034 3426 4100 τρυφᾲν
3472 4034 3560 4081 τόν
3613 4037 3710 4090 τὴν
3742 4032 3840 4104 βα-

2236 4116 2429 4168 σιλείαν
2486 4125 2584 4168 τῶν
2645 4115 2871 4190 ούρανῶν
2939 4115 3302 4183 ἔπιζητούντα,
3353 4123 3443 4170 καὶ
3512 4122 3598 4170 τόν
3675 4121 3840 4176 ἐκεῖσε

2232 4205 2420 4280 κλῆρον
2453 4202 2728 4260 διώκοντα.
2757 4205 2867 4257 Ούκ
2916 4201 3022 4257 ἔδει
3074 4208 3159 4257 τὸν
3212 4204 3439 4264 ἀθλητὴν
3485 4209 3788 4280 ἡσυχάζειν
3821 4229 3836 4242 ·

2231 4292 2354 4347 οὐδὲ
2407 4299 2492 4346 τόν
2536 4293 2830 4366 ἀγωνιστὴν
2857 4295 2957 4346 ύπὸ
2991 4302 3163 4357 σκιαῖς
3192 4301 3281 4346 καὶ
3312 4292 3549 4370 δένδροις
3591 4305 3683 4351 καὶ
3739 4321 3838 4353 πα-

2228 4381 2498 4457 ραδείσοις
2556 4383 2912 4435 ἀνεκεκλίσθαι
2992 4388 3080 4435 καὶ
3147 4381 3543 4436 ἀναπαύεο·θαίο
3604 4385 3714 4438 ἀλλ’
3787 4389 3835 4441 έν

457 4475 709 4532 ditatem
738 4472 922 4528 voluit
956 4488 968 4527 :
1002 4471 1351 4527 luctatorem
1366 4472 1669 4542 quiescere
1684 4487 1805 4526 non
1832 4471 2112 4553 decebat;

2249 4477 2406 4534 ιέσοις
2437 4469 2541 4525 ἔδει
2590 4481 2698 4534 τοῖς
2758 4471 2973 4543 ἀγῶσιν,
3019 4473 3067 4524 ἕν
3121 4472 3299 4534 αὐτοῖς
3332 4481 3436 4534 τοίς
3497 4487 3831 4550 πειρασμοῖς,

445 4581 557 4621 nec
595 4561 908 4620 certamini
940 4560 1300 4617 destinatum
1324 4559 1384 4615 in
1419 4559 1783 4615 umbraculis
1827 4560 2113 4616 arborum

455 4651 725 4727 paradisi
744 4651 1052 4716 recubare,
1077 4666 1146 4706 ac
1169 4649 1406 4704 dulcem
1420 4664 1702 4704 somnum
1733 4664 1946 4720 capere
1973 4671 1985 4702 :
2009 4651 2114 4706 sed

448 4743 601 4799 inter
622 4741 972 4806 certamina,
999 4755 1102 4812 per
1125 4737 1552 4810 tribulationes,
1579 4739 1728 4793 inter
1749 4753 2110 4812 persequen-

459 4831 606 4887 tium
640 4831 871 4900 gladios
898 4828 1192 4902 explorari
1220 4828 1414 4884 decuit
1447 4847 1458 4884 :
1492 4833 1546 4884 et
1572 4828 1656 4883 sic
1677 4829 1997 4900 approbari
2029 4828 2108 4884 ab

444 4921 829 4990 agonotheta,
862 4920 1080 4976 sudore
1109 4919 1453 4974 madentem
1505 4935 1536 4973 e
1587 4917 2018 4988 colluctatione,
2053 4924 2108 4974 et

444 5009 531 5064 sic
549 5007 836 5072 decursu,
851 5008 1160 5064 laboribus
1183 5007 1488 5075 anhelum,
1509 5007 1737 5061 felicem
1759 5007 2099 5078 praedicari;

437 5098 500 5155 id
529 5097 694 5170 quod
721 5113 832 5167 ego
860 5099 1094 5154 coronis
1130 5097 1493 5171 praetulerim
1525 5114 1537 5152 :
1569 5113 1712 5153 nam
1744 5112 1980 5153 coronae
1998 5096 2104 5152 do-

432 5195 654 5245 nantur
703 5187 780 5242 ab
807 5187 1133 5244 athlotheta
1161 5211 1172 5243 :
1233 5188 1363 5243 haec
1389 5187 1666 5244 certantis
1696 5187 1930 5242 labores
1982 5187 2103 5243 cla-

433 5284 602 5334 mant
632 5281 687 5332 et
717 5277 1032 5331 leinniscos
1066 5294 1078 5331 :
1112 5279 1264 5332 inter
1291 5277 1521 5333 medias
1551 5283 1607 5332 et
1633 5277 1760 5332 illas
1806 5282 2098 5332 extremas

433 5365 898 5441 persecutiones,
933 5364 1123 5420 abivit
1172 5367 1248 5421 ad
1305 5373 1739 5422 coronatorem.
1795 5369 2094 5432 Quorsum

429 5459 586 5514 enim
603 5457 662 5512 in
677 5455 968 5511 infinitam
986 5460 1321 5525 agonistam
1334 5456 1548 5513 durare
1570 5456 1848 5527 oportuit,
1886 5472 1956 5512 ac
1972 5471 2092 5510 non

429 5548 629 5606 statim
657 5546 854 5618 potius
886 5544 982 5600 illa
1014 5544 1304 5615 consequi
1337 5551 1577 5616 propter
1623 5561 1693 5601 ea
1718 5561 1853 5617 quae
1894 5553 2092 5617 pertu-

423 5636 506 5712 lit,
536 5641 592 5693 et
613 5636 696 5693 sic
721 5631 1046 5691 obduravit
1077 5649 1091 5687 :
1125 5632 1384 5688 hostium
1417 5649 1562 5690 sane
1591 5640 1726 5692 vota
1753 5635 1898 5692 mihi
1919 5635 2082 5692 istud

2225 4560 2272 4612 έν
2329 4567 2471 4634 μέσῳ
2514 4570 2607 4622 τῆς
2667 4570 2765 4612 τῶν
2823 4558 3116 4613 διωκόντων
3173 4567 3470 4634 μιαιφονίας
3548 4561 3834 4637 δοκιμάζει

2225 4653 2368 4717 σθαι,
2428 4651 2582 4702 καλὸν
2649 4649 3028 4722 ἐμφανισθῆναι
3084 4658 3156 4720 τῷ
3230 4650 3545 4725 ἀγωνοθέτης,
3609 4655 3829 4725 ἱδρῶσιν

2221 4737 2516 4799 ἀθλητικοῖς
2585 4741 2662 4791 ἔτι
2727 4740 3166 4814 περισταζόμενον
3201 4760 3213 4772 ·
3279 4743 3537 4814 μακάριον
3605 4743 3827 4815 ὀφθῆναι

2217 4838 2316 4881 τῶν
2362 4825 2569 4904 δρόμων
2627 4833 2716 4880 καὶ
2764 4830 3011 4899 καμάτων
3065 4828 3439 4900 ἀσθμαίνοντα.
3505 4838 3675 4885 Τοῦτο
3732 4843 3824 4886 τῶν

2218 4922 2476 4991 στεφάνων
2530 4920 2628 4989 ἐγώ
2679 4937 2812 4990 φημι
2860 4923 3268 4992 μακαριώτερον.
3315 4923 3385 4971 Τό
3432 4923 3521 4981 μὲν
3566 4920 3672 4995 ’γὰρ
3714 4925 3823 4975 ἐστι

2215 5017 2304 5059 τού
2364 5007 2662 5072 ἀθλοθέτου,
2723 5011 2778 5059 τὸ
2833 5003 2892 5060 δε
2939 5016 3032 5069 τῆς
3079 5015 3168 5059 τοῦ
3213 5005 3598 5081 ἀγωνιζομένου
3655 5030 3821 5064 σπου⁹

2215 5093 2312 5158 δῆς
2345 5103 2432 5149 καὶ
2463 5094 2874 5166 εὐδοκιμήσεως.
2917 5097 2999 5149 Ἐν
3053 5097 3182 5170 mit-'5;
3239 5102 3371 5170 μέσῆ
3525 5107 3627 5150 τῶν
3659 5097 3816 5172 διωγο

2209 5197 2316 5258 μῶν
2372 5185 2532 5258 ἀκμῇ,
2595 5189 2721 5258 πρός
2780 5190 2864 5238 τόν
2932 5183 3253 5257 στεφοδοτην
3299 5183 3616 5259 ἀπέδραμεν.
3650 5195 3714 5242 Τί
3763 5188 3818 5241 δε

2210 5276 2469 5350 ἀπέραντα
2530 5279 2738 5347 κάμνειν
2812 5274 3021 5327 ἐϐούλου
3077 5281 3162 5327 τόν
3222 5275 3514 5346 ἀγωνιστὴν
3587 5285 3678 5330 καὶ
3742 5285 3810 5352 μὲ

2206 5369 2392 5436 τάχιον
2449 5372 2631 5436 τυχεῖν
2698 5363 2773 5436 ἐφ’
2850 5371 2889 5434 ᾧ
2966 5371 3129 5416 ταῦτα
3185 5361 3503 5437 διεκαρτέρει
3575 5371 3665 5417 καὶ
3723 5369 3816 5418 υπ-

2202 5460 2368 5528 έφερεν
2398 5473 2410 5520 ;
2445 5453 2680 5528 Ἐχθρῶν
2717 5453 2880 5526 εύχὴν
2920 5472 3011 5526 μοι
3034 5453 3211 5524 λέγεις,
3264 5452 3374 5505 ἀλλ’
3406 5453 3536 5526 ούχὶ
3565 5460 3811 5528 πρόνοιαν

2200 5544 2354 5618 φίλων
2389 5565 2400 5577 ·
2459 5540 2583 5598 ούδε
2653 5549 2824 5610 πόνον,
2900 5539 3024 5596 ούδέ
3101 5542 3257 5597 ἔλεον.
3342 5541 3553 5606 Ἐξῆλθε
3628 5555 3808 5598 κοινῶν

2199 5633 2441 5708 ὀμμάτων
2494 5637 2552 5687 τό
2593 5637 2762 5686 κοινὸν
2801 5639 2895 5696 τῆς
2947 5631 3263 5696 Ἐκκλησίας
3313 5636 3508 5700 τέκνον,
3563 5633 3591 5686 ό
3647 5634 3801 5702 καλός
