4072 6232
277 274 390 334 849
1532 289 2062 352 EPISTOLARUM
2102 295 2320 354 LIBER
2357 295 2428 354 II.
3543 303 3652 361 850

275 401 391 475 ἐμοὶ
419 407 508 456 καὶ
556 411 648 456 τοῦ
703 413 838 460 Θεοῦ
894 409 1163 483 ἅνθρωπος
1196 431 1207 443 ⁸
1241 413 1348 466 ἀλλ’
1393 415 1459 476 εἰς
1499 417 1736 491 οὐρανὸν,
1780 417 1883 472 ἀλλ’

2045 437 2367 490 arras,non
2398 423 2685 496 pavidam
2711 424 3030 482 amicorum
3045 441 3274 496 curam,
3297 442 3407 485 nec
3438 427 3651 486 tolera-

273 492 342 553 εἰς
386 497 473 544 τὸν
517 497 688 546 κοινόν
742 501 1026 564 Δεσπότην,
1099 501 1228 555 ἀλλὰ
1285 503 1397 576 μετ’
1439 503 1667 576 ἀγγέλων
1702 526 1839 581 χορεε

2042 527 2198 568 >rum
2226 514 2830 570 commiserationem.
2861 516 2948 571 Ab
2979 515 3171 572 oculis
3201 501 3471 573 omnium
3505 517 3650 575 abiit

274 601 398 644 σων,
453 581 561 634 ἀλλ’
613 585 900 658 ἱερουργός.
958 587 1029 642 Ὠ
1073 596 1246 650 πόσην
1295 594 1438 666 εὗρον
1481 595 1530 647 ἐν
1579 598 1743 667 τούτῳ
1797 616 1882 649 πα-

2046 601 2266 658 ublicus
2297 601 2568 658 Ecclesiae
2600 603 2756 658 ﬁlius
2792 621 2804 659 :
2840 605 3161 676 praeclarus
3191 606 3285 662 ille
3313 606 3434 672 Dei,
3459 612 3516 662 et
3547 623 3649 664 no-

268 670 526 744 ραψυχήν
571 671 582 726 l
637 671 789 727 Ἔδει
832 679 956 752 γὰρ,
1008 675 1123 731 ἔδει
1180 686 1268 734 καὶ
1317 687 1405 740 τὴν
1453 685 1598 756 ἡμῶν
1640 683 1876 758 ἀπαρχήτ

2040 691 2340 748 terhomo:
2367 693 2470 748 sed
2493 693 2552 748 in
2579 693 2778 759 cmlos,
2811 695 2885 750 ad
2915 711 3300 752 communem
3327 697 3648 753 Dominum

270 760 400 832 ὑπὲρ
463 763 598 834 ἱερᾶς
659 759 841 829 δόξης,
915 771 1005 820 καὶ
1072 773 1239 842 νόμων
1321 773 1464 844 ἱερῶν
1540 769 1878 847 διωκομένων,

2041 779 2161 846 biit,
2191 781 2294 836 sed
2320 783 2534 838 choros
2569 799 2690 838 cum
2718 784 2946 854 angelis
2977 785 3522 852 concelebraturus,
3544 786 3647 841 sed

267 849 540 923 ἱερουργόν
599 857 714 922 Θεῷ
792 859 1200 928 προσταχθῆναι
1236 881 1247 892 ο
1301 862 1588 933 ὶερουργός,
1667 861 1875 936 ἐμφράτ·

2039 871 2294 926 acerdos.
2330 875 2449 943 Ego
2471 867 2667 929 autem
2699 879 2993 945 quantum
3039 874 3100 929 in
3152 874 3266 930 hoc
3299 891 3418 932 uno
3451 875 3647 932 solatii

268 956 369 988 των
399 942 530 1010 μετά
577 939 810 1002 πλείονος
860 953 951 1005 τῆς
994 945 1288 1021 παρρησίας
1338 955 1578 1023 στόματα
1631 951 1876 1025 βεϐήλων,

2037 960 2271 1016 dinveni
2306 962 2318 1014 l
2355 939 2431 1017 lia
2462 963 2617 1018 enim
2651 939 2760 1034 par
2788 962 2900 1019 fuit
2923 967 2986 1018 ut
3013 964 3292 1019 sacerdos
3321 965 3439 1021 Deo
3467 963 3645 1021 offer-

272 1031 365 1080 καὶ
403 1027 635 1098 χαλινῶν
673 1030 918 1102 γλώσσας
976 1039 1096 1088 κενά
1161 1037 1506 1110 ἐπισταμένας
1542 1055 1570 1084 ι
1622 1063 1634 1075 ·
1694 1044 1880 1115 ἱερουρι

2038 1053 2169 1114 stur,
2222 1051 2620 1122 primitiarum
2653 1027 2818 1117 loco,
2854 1051 3070 1108 divinis
3109 1051 3364 1122 legibus,
3396 1069 3504 1124 pro
3546 1051 3646 1110 Dei

265 1118 379 1186 γός,
436 1115 530 1168 κᾶν
568 1122 640 1189 μὴ
700 1124 758 1170 τὸ
804 1118 1001 1196 ἀνίερον
1055 1123 1319 1197 βούλοιτο.
1375 1134 1438 1181 Τί
1488 1132 1594 1198 ἕτι;
1637 1132 1873 1190 Ἐπήνθει

2036 1138 2176 1194 toria
2209 1155 2426 1211 passus
2450 1140 2928 1211 persecutionem
2964 1159 2976 1196 :
3012 1142 3296 1198 sacerdos
3330 1147 3528 1198 autem
3573 1141 3640 1208 is,

268 1204 415 1275 αύτῷ
454 1209 522 1258 τὰ
564 1215 655 1268 τῆς
696 1207 880 1282 ἀρετῆς
913 1212 1119 1266 ἅπαντα
1151 1233 1162 1244 ·
1200 1213 1293 1268 διὰ
1334 1225 1486 1270 τοῦτο
1531 1221 1632 1291 γὰρ
1691 1222 1876 1278 θᾶττου

2037 1227 2088 1280 ui
2113 1244 2250 1282 cum
2281 1227 2468 1283 multa
2491 1227 2760 1285 libertate
2784 1229 3053 1301 profanis
3068 1230 3412 1286 hominibus
3443 1244 3510 1285 os
3541 1228 3645 1285 ob-

266 1293 338 1356 εἰς
420 1299 515 1352 τὴν
578 1294 876 1371 ἀμάραντον
971 1301 1323 1375 ἀπεφοίτησεν
1412 1316 1500 1359 τοῦ
1558 1305 1874 1383 παραδείσο-

2037 1331 2210 1370 ruere
2239 1321 2446 1387 potest,
2479 1321 2537 1372 et
2561 1317 2790 1372 frenum
2833 1319 3074 1389 injicere
3101 1318 3319 1389 linguis
3353 1317 3645 1373 meditan-

262 1381 545 1450 πολιτείαν,
603 1387 684 1437 ἵνα
723 1385 889 1458 μηδὲν
955 1391 1096 1461 αύτῷ
1147 1403 1245 1445 τῶν
1293 1399 1717 1468 κατορθωθέντων
1756 1399 1870 1451 ain-0'

2035 1421 2128 1460 um
2161 1421 2314 1460 vana
2345 1423 2357 1460 :
2401 1406 2701 1471 sacerdos,
2734 1407 2910 1462 velint
2968 1409 3156 1464 nolint
3203 1407 3453 1478 profani.
3491 1406 3643 1472 Quid

260 1475 526 1545 μαρανθῇ.
585 1475 644 1528 Εἰ
691 1479 793 1550 γὰρ
845 1476 1042 1540 οὐδεὶς
1092 1479 1192 1534 ἀπὸ
1247 1485 1415 1557 ῥύπου
1474 1489 1719 1561 καθαρὸς,
1770 1485 1868 1542 ούδ

2031 1492 2222 1548 [terius
2252 1493 2280 1547 ‘P
2306 1495 2528 1550 Virtute
2547 1494 2800 1551 ﬂorebat
2833 1496 3117 1569 undique.
3152 1475 3440 1562 Quocirca
3470 1496 3639 1552 citius

263 1557 322 1610 ἂν
353 1563 522 1634 ἡμέρα
547 1569 648 1634 μία
691 1567 716 1617 ό
763 1565 879 1638 βίος
912 1568 1092 1637 αὐτοῦ,
1146 1573 1171 1623 ό
1207 1573 1388 1625 θᾶττον
1419 1579 1504 1627 τὸν
1536 1573 1748 1628 δίαυλον
1778 1585 1868 1630 τοῦ

2030 1583 2115 1637 inc
2141 1583 2321 1638 abivit
2353 1584 2428 1638 ad
2458 1585 3019 1641 immarcescibilem
3053 1585 3322 1657 paradisi
3345 1585 3638 1656 politiam,

261 1647 385 1721 βίου
424 1652 654 1720 ἐξελθὼν,
710 1659 768 1707 τό
817 1656 1057 1710 πλεῖστον
1111 1663 1237 1732 ἔφθη
1285 1671 1370 1714 τοῦ
1399 1665 1568 1739 ῥύπου
1611 1665 1861 1739 ἐκφυγὼν.

2030 1685 2038 1725 ι
2074 1686 2146 1726 ne
2178 1671 2318 1743 quid
2341 1672 2422 1727 illi
2457 1689 2492 1729 a
2515 1674 2683 1728 rectis
2715 1673 2882 1730 factis
2911 1673 3329 1730 deﬂoresceret
3357 1691 3368 1728 :
3401 1675 3450 1730 si
3479 1676 3638 1730 enim

261 1744 442 1791 Κοινόν
476 1737 536 1799 ἧν
567 1751 664 1794 τῶν
715 1744 1058 1798 εὐσεϐούντων
1123 1755 1392 1824 στήριγμα
1421 1771 1432 1783 ⁸
1489 1755 1642 1806 καλὸν
1687 1757 1865 1818 αὐτοῖς

2031 1775 2173 1814 anno
2198 1760 2273 1814 sit
2299 1777 2334 1816 a
2365 1761 2642 1817 sordibus
2665 1779 2868 1834 purus,
2889 1777 2964 1817 ne
2987 1763 3234 1834 quidem
3263 1762 3313 1816 si
3341 1762 3436 1818 vel
3464 1761 3639 1818 unius

257 1825 565 1882 ἀπολέλοιπε
605 1837 794 1884 κανόνα
831 1839 920 1886 καὶ
980 1839 1139 1890 τύπον
1196 1838 1244 1890 ἐν
1291 1849 1392 1902 τοῖς
1439 1843 1565 1914 ὑπὲρ
1607 1844 1864 1906 εὐσεϐείας

2029 1848 2092 1902 lei
2111 1851 2372 1921 spatium
2392 1850 2668 1917 vinceret,
2685 1857 2838 1906 certe
2868 1851 2973 1923 qui
2993 1852 3271 1909 diaulum
3293 1850 3428 1907 vita:
3448 1866 3637 1923 quan-

252 1923 434 1980 πόνοις
473 1923 529 1970 τό
559 1919 655 1993 ζῇν
695 1921 932 1975 ἐκλιπών.
961 1926 1072 1978 Ούκ
1105 1925 1238 1980 εἶδεν
1285 1937 1378 1988 τήν
1409 1940 1496 1992 τῆς
1526 1934 1856 2001 Ἐκκλησίας,

2025 1919 2161 1992 »οίιιέ
2183 1939 2456 2007 excessit,
2485 1939 2779 2011 plurimas
2800 1919 2908 1994 ille"
2927 1941 3136 1996 sordes
3168 1940 3376 1996 abluit.
3398 1919 3633 1998 Pietatis

253 2005 381 2078 ὑπὲρ
433 2008 491 2069 ἧς
549 2008 762 2077 ἐνήθλει,
836 2012 1265 2070 ἀποκατάστασιν
1313 2040 1324 2052 ·
1399 2018 1492 2073 διὰ
1540 2031 1692 2075 τοῦτο
1750 2023 1861 2077 ἀκε-

2024 2031 2096 2082 εδι
2123 2005 2447 2082 commune
2475 2005 2782 2100 quoddam
2820 2029 3296 2085 stabilimentum
3332 2046 3346 2084 :
3395 2029 3632 2100 praecla-

249 2101 436 2169 ραίους
465 2097 652 2152 ἐκεῖθεν
692 2104 806 2173 ἔχει
854 2113 954 2156 τῶν
1004 2111 1168 2159 πόνων
1223 2113 1344 2171 τούς
1372 2113 1616 2182 μισθούς.
1663 2117 1730 2166 Τὸ
1761 2117 1857 2186 γὰρ

2019 2131 2100 2170 ιω
2116 2114 2259 2186 ipsis
2276 2097 2628 2188 regulam,et
2647 2117 2904 2173 formam
2932 2118 3185 2189 reliquit,
3202 2117 3305 2190 qui
3323 2117 3381 2172 in
3395 2097 3627 2189 patien-

251 2182 362 2236 ἀνθ’
394 2187 462 2237 ὧν
515 2186 828 2259 ἀγωνίζεταί
877 2213 978 2260 τις,
1013 2195 1335 2268 εὐφροσύνης
1394 2198 1614 2253 ἐνταῦθα
1652 2212 1855 2273 τυχεῖν,

2018 2219 2050 2258 o
2079 2182 2187 2275 pro
2219 2182 2432 2276 pietate
2465 2207 2717 2262 excessit
2743 2221 2774 2262 e
2823 2206 2962 2262 vita.
2996 2182 3270 2263 Ecclesiae
3302 2182 3484 2272 illius,
3519 2220 3626 2278 pro

251 2273 595 2346 ὑποτέμνεται
644 2287 738 2342 τῆς
809 2279 997 2335 ἐκεῖθεν
1048 2291 1433 2359 μακαριότητος
1472 2293 1567 2352 τὰς
1615 2289 1854 2362 ἀμοιϐάς.

2016 2273 2094 2348 ua
2110 2273 2374 2363 certavit,
2393 2294 2823 2350 restitutionem
2837 2311 2958 2351 non
2980 2295 3127 2351 vidit
3158 2311 3170 2350 :
3197 2295 3500 2368 quocirca,
3517 2294 3624 2351 im-

264 2363 374 2413 Ούκ
432 2361 540 2418 εἶδε
593 2372 683 2426 τήν
752 2367 1182 2427 ἀποκατάστασιν
1233 2377 1507 2440 αἰσθητοῖς
1551 2379 1854 2452 ὀφθαλμοῖς,

2012 2381 2320 2436 ermistam
2360 2361 2652 2438 laborum
2717 2383 3054 2439 mercedem
3101 2383 3164 2439 in
3207 2361 3371 2439 caelis
3425 2361 3619 2440 habet.

249 2449 356 2503 ἀλλ’
388 2455 487 2525 όρᾴ
537 2462 646 2510 νυνὶ
703 2467 808 2520 τοῖς
856 2471 1058 2525 νοητοῖς
1089 2481 1100 2494 ’
1155 2463 1260 2516 ἀλλ’
1327 2469 1457 2528 ἴσως
1486 2469 1852 2544 πλησιαίτερον

2015 2485 2114 2524 am
2159 2471 2205 2524 si
2254 2469 2759 2527 oblectamentum
2807 2470 3082 2528 laborum
3121 2471 3218 2528 hic
3253 2475 3618 2543 perceperat,

244 2548 471 2612 γεγονὼς
524 2553 676 2611 Θεοῦ,
729 2552 944 2616 ταύτην,
999 2561 1109 2615 τοῖς
1175 2553 1221 2606 ἐν
1270 2556 1516 2615 αἰσθήσει
1580 2566 1852 2632 στρεφομέ-

2011 2557 2288 2613 rivaretur
2316 2559 2697 2614 beatitudinis
2726 2559 2952 2616 ibidem
2970 2560 3360 2616 retributione
3394 2577 3406 2616 :
3431 2559 3619 2616 oculis

244 2649 371 2694 νοις,
422 2633 497 2684 ἔτι
552 2635 613 2686 ἄν
661 2638 766 2708 οἰρα
810 2645 1067 2714 συμφέρον
1119 2642 1443 2715 ἐπιταχυνεῖ.
1496 2653 1645 2718 Ἔχει
1690 2652 1848 2722 τάφος

2011 2648 2259 2702 ensitivis
2280 2649 2772 2705 restaurationem
2795 2664 2916 2705 non
2949 2649 3095 2706 vidit
3125 2649 3260 2705 :sed
3291 2648 3619 2706 intellectus

242 2722 302 2770 τό
335 2729 509 2792 σῶμα,
556 2722 664 2775 ἀλλ’
718 2726 950 2800 οὐράνιοι
1007 2730 1229 2803 θάλαμοι
1285 2738 1378 2790 τὴν
1434 2734 1620 2806 ψυχὴν
1655 2755 1666 2766 ’
1710 2739 1738 2795 ἡ
1779 2749 1846 2810 γῆ

2007 2735 2150 2791 culis
2183 2753 2344 2792 nunc
2393 2738 2653 2794 intuetur
2689 2755 2703 2805 ;
2744 2742 2943 2811 utpote
2980 2741 3098 2795 Deo
3128 2738 3377 2795 vicinior
3402 2738 3615 2810 factus,

242 2811 335 2866 τήν
389 2816 548 2875 κόνιν,
605 2813 712 2864 ἀλλ’
743 2815 1083 2890 Ἀϐραμιαῖοι
1123 2821 1304 2874 κόλποι
1335 2826 1391 2874 τό
1423 2832 1640 2897 πνεῦμα,
1689 2827 1848 2880 Φίλων

2009 2841 2029 2881 )
2060 2842 2368 2897 properare
2395 2833 2451 2884 et
2479 2827 2590 2883 illis
2607 2828 2918 2893 conducet,
2952 2829 3055 2900 qui
3077 2828 3276 2884 adhuc
3305 2834 3617 2886 versantur

241 2897 525 2972 ἐστερήθη,
568 2902 673 2954 ἀλλ’
715 2905 828 2979 εὗρε
861 2912 982 2970 τοὺς
1029 2915 1297 2982 κρείττους
1327 2928 1339 2940 ·
1406 2915 1613 2988 εὑρήσει
1659 2913 1716 2968 δὲ
1759 2923 1848 2970 καὶ

2006 2937 2011 2968 ι
2052 2915 2458 2972 sensibilibus.
2491 2919 2717 2989 Corpus
2749 2897 3090 2989 sepulcrum
3119 2917 3400 2984 continet,
3429 2917 3614 2975 thala-

240 2985 329 3047 οὓς
380 2987 521 3041 Elim
567 2991 675 3062 μετ’
725 2993 918 3065 ὀλίγον,
991 2996 1051 3048 ἆν
1099 3007 1170 3068 τῷ
1230 2998 1358 3051 εἶναι
1412 3007 1655 3071 μείνωσιν
1709 3005 1846 3076 φίλοι

2001 3004 2038 3058 ii
2060 3012 2258 3060 autem
2282 3004 2541 3061 caelestes
2571 3007 2860 3070 animam,
2891 3005 3196 3078 pulverem
3226 3006 3411 3062 habet
3437 3011 3609 3073 terra,

245 3084 402 3128 Θεοῦ.
454 3079 691 3152 Ἐχθρῶν
759 3083 964 3146 ἐξῆλθεν
1037 3085 1311 3149 ἐπιϐουλὰς
1383 3090 1668 3160 αἰσθητῶν,
1726 3115 1844 3153 νοη-

1997 3093 2230 3164 piritum
2263 3110 2400 3150 vero
2437 3095 2602 3149 sinus
2636 3095 2893 3151 Abrahaa
2928 3115 2941 3154 :
2978 3095 3328 3166 privabatur
3375 3094 3605 3159 amicis,

239 3173 362 3230 τῶν,
429 3172 662 3241 φανερὰς,
745 3173 982 3244 ὑφάλους,
1053 3176 1253 3243 ἔξωθεν,
1314 3176 1480 3245 ἔνδον,
1532 3179 1699 3244 ἀῑδεῖς
1758 3184 1844 3237 ὑπ’

2002 3185 2168 3254 aperit
2209 3183 2502 3250 meliores,
2541 3188 2598 3239 et
2627 3201 2780 3256 quos
2814 3184 3145 3257 dereliquit,
3185 3184 3339 3240 haud
3369 3183 3473 3239 diu
3503 3185 3610 3240 erit

253 3251 456 3328 ἐνέδρᾳ.
513 3255 678 3322 Εἵδεν,
765 3261 807 3314 εὶ
872 3269 961 3316 καὶ
1001 3267 1068 3326 ὡς
1121 3269 1168 3317 ἐν
1222 3265 1457 3343 ἐσόπτρῳ
1517 3271 1690 3339 (τοῦτο
1741 3277 1841 3350 γὰρ

1996 3287 2090 3326 um
2137 3288 2341 3327 rursus
2380 3273 2654 3338 inveniet,
2689 3272 2740 3328 si
2791 3273 3242 3344 permanserint,
3279 3279 3429 3329 statu
3460 3289 3604 3346 quo,

236 3344 399 3413 ἔγωγε
453 3349 512 3397 τὸ
562 3346 610 3398 ἐν
641 3356 750 3410 τοῖς
797 3353 1132 3424 θεοπέμπτοις
1179 3355 1394 3428 ὀνείροις
1427 3360 1546 3430 ὁρῶ)
1588 3360 1620 3412 ἃ
1650 3361 1840 3428 ἐπόθει,

1998 3359 2126 3416 mici
2147 3361 2246 3416 Dei
2281 3377 2293 3415 :
2329 3361 2589 3418 hostium
2619 3362 2869 3418 insidias
2891 3363 3072 3420 evasit
3097 3344 3498 3432 sensibilium,
3519 3363 3606 3418 in-

234 3436 326 3483 καὶ
381 3434 448 3482 ὧν
511 3431 859 3502 ἀδιαλείπτως
899 3440 1176 3514 ἐγλίχετο·
1237 3447 1310 3508 οἷς
1389 3452 1480 3505 τὴν
1530 3448 1714 3522 ψυχὴν
1760 3452 1842 3503 ἀν-

1993 3449 2392 3516 ellectualium,
2418 3456 2674 3522 apertas,
2701 3451 2987 3518 occultas,
3005 3452 3601 3518 internas,externas,

238 3526 514 3592 επτέρωτο,
576 3531 665 3577 καὶ
721 3533 850 3602 πρὸς
895 3529 928 3582 ἃ
975 3537 1064 3584 καὶ
1131 3541 1202 3603 τῷ
1265 3540 1444 3593 σκήνει
1497 3536 1842 3612 βαρυνόμενος

1995 3539 2300 3595 ianitestas
2321 3546 2376 3595 et
2399 3539 2816 3596 clancularius.
2843 3541 3002 3597 Vidit
3021 3541 3140 3608 hic,
3165 3539 3270 3596 sed
3298 3544 3358 3596 ut
3389 3539 3448 3594 in
3473 3555 3603 3612 spe—

235 3608 520 3682 ἀνεφέρετο.
604 3612 753 3668 Εἶδεν
801 3622 888 3670 τὸν
958 3621 1212 3674 καλοῦντα
1282 3625 1520 3689 Βασιλέα,
1581 3633 1698 3690 τούς
1747 3633 1840 3684 ὑπ-

1988 3628 2278 3701 ulo(quod
2301 3635 2356 3684 et
2373 3645 2484 3699 ego
2512 3646 2614 3701 per
2627 3629 2864 3687 somnia
2896 3646 2932 3686 a
2956 3633 3072 3686 Deo
3094 3629 3370 3686 immissa
3391 3608 3596 3700 video),

234 3706 610 3772 ηρετουμένους
656 3703 911 3778 φαιδροὺς
944 3708 1190 3780 ἀγγέλους
1223 3720 1282 3784 τῇ
1335 3713 1537 3780 κλήσει,
1578 3721 1664 3768 τὸν
1709 3721 1839 3791 ἱερὸν

1995 3735 2082 3773 uas
2112 3719 2412 3790 cupiebat,
2449 3723 2504 3774 et
2533 3719 2816 3776 continue
2843 3719 3186 3785 anhelabat,
3215 3718 3436 3792 quibus
3475 3718 3603 3775 ani-

231 3787 422 3842 ἐκεῖνον
476 3799 565 3844 καὶ
627 3793 866 3866 βεϐήλοις
938 3797 1213 3869 ἄψαυστον
1279 3808 1366 3854 καὶ
1426 3803 1658 3870 ἀθέατον,
1707 3807 1754 3858 ἐν

1993 3823 2060 3861 nae
2075 3787 2237 3861 dedit
2258 3807 2405 3871 alas,
2429 3808 2506 3863 ad
2527 3824 2664 3880 quae
2685 3808 2819 3864 licet
2843 3787 3601 3879 tabernaculo'praegrava-

227 3883 590 3951 παρεπέμπετο
646 3889 809 3958 χορόν
869 3891 962 3944 τὴν
1017 3886 1279 3961 ἀφραστον
1339 3890 1531 3950 ἐκείνην
1579 3899 1667 3945 καὶ
1726 3895 1831 3949 ἀτε-

1991 3912 2039 3949 IS
2096 3895 2412 3950 ferebatur.
2471 3896 2623 3950 Vidit
2661 3899 2880 3965 Regem
2921 3901 3309 3962 annuentem,
3352 3896 3598 3966 angelos

225 3966 475 4026 λεύτητον
531 3968 688 4034 δόξαν
741 3979 830 4026 καὶ
862 3981 1078 4048 τρυφήν.
1131 3977 1198 4030 ’Ὡ
1227 3979 1474 4050 γλυκείων
1528 3980 1833 4053 ἀπόλαυσις,

1987 3983 2206 4039 laritate
2220 3983 2576 4053 conspicuos
2599 3983 2970 4039 administros
3000 3983 3344 4048 vocationis,
3365 3999 3595 4039 sacrum

223 4061 316 4108 καὶ
367 4062 466 4129 πρό
547 4068 641 4121 τῆς
707 4061 1060 4132 ἀπολαύσεως,
1131 4069 1397 4140 θεαμάτων
1432 4087 1443 4099 ο
1505 4071 1543 4122 ὡ
1576 4078 1831 4147 μακαρίας

1988 4071 2118 4136 Ιυω,
2139 4071 2406 4143 profanis
2425 4071 2728 4136 intactum,
2747 4079 2802 4126 et
2819 4069 3166 4127 invisibilem
3189 4069 3399 4135 locum,
3416 4071 3476 4126 in
3494 4086 3596 4127 ex-

225 4141 532 4217 ἀποδημίας
568 4167 578 4178 ·
605 4150 642 4200 ὡ
675 4149 820 4214 ἀξίας
873 4155 1239 4226 θαυμάζεσθαι
1271 4178 1283 4190 ο
1317 4157 1424 4208 ἀλλ’
1470 4160 1595 4231 ούχὶ
1627 4158 1833 4234 δάκρυα

1986 4141 2279 4216 licabilem
2299 4158 2550 4228 gloriam
2568 4157 3594 4216 etoblectationeminterminabilem

223 4235 597 4309 προκαλεῖσθαι
679 4241 990 4313 ζηλοῦσθαι,
1073 4245 1200 4317 ούχὶ
1272 4249 1572 4300 πενθεῖσθαι
1619 4269 1631 4281 ·
1701 4254 1831 4321 μετά

1986 4267 2060 4305 uo
2090 4248 2568 4305 transferebatur.
2609 4251 2740 4304 limo
2788 4253 2878 4304 est
2907 4247 3241 4304 dulcedinis
3274 4247 3494 4313 fruitio,
3537 4251 3594 4306 et

220 4323 471 4396 λαμπρῶν
538 4326 782 4402 ἐνταφιων
866 4340 965 4383 τῶν
1046 4333 1294 4406 οὐρανίων
1375 4335 1525 4394 ἀνέϐη
1609 4339 1779 4391 πυλῶν
1813 4362 1824 4374 ο

1983 4337 2187 4394 isionis
2215 4336 2369 4392 illius
2385 4341 2519 4393 ante
2538 4337 2876 4393 fruitionem
2907 4354 2919 4392 :
2949 4342 3122 4404 certe,
3155 4352 3430 4393 excessus
3452 4335 3591 4393 felix

219 4415 353 4482 μετά
400 4413 637 4489 λαμπρᾶς
695 4427 784 4480 τῆς
825 4418 1102 4493 λαμπάδος
1167 4423 1260 4474 οὐκ
1326 4424 1477 4497 ἐλαίῳ
1527 4432 1663 4499 μόνῳ
1714 4450 1826 4500 φαι-

233 4499 256 4518 ς
443 4508 452 4518 ρ
638 4505 741 4518 τις.
878 4515 885 4518 .
1096 4511 1107 4518 ι
1172 4515 1177 4518 λ
1412 4514 1474 4518 ηε-
1640 4514 1656 4518 _

1982 4426 2311 4484 tadmirand
2321 4445 2406 4492 us,
2418 4443 2531 4482 non
2544 4426 2817 4499 lacrymis
2833 4425 3342 4492 decorandus,sed
3357 4427 3590 4485 aemula-

221 4499 563 4574 δρυνομένης,
628 4505 753 4559 ἀλλά
807 4515 895 4561 καὶ
947 4519 1056 4571 τοῖς
1086 4511 1186 4564 ἀπὸ
1241 4521 1340 4564 τῶν
1393 4514 1559 4566 ἄθλων
1605 4514 1825 4588 ἱδρῶσιν

1981 4534 2088 4573 one
2105 4516 2469 4589 operandus,
2496 4533 2614 4572 non
2635 4517 2946 4588 lugendus.
2967 4515 3181 4574 lllustri
3198 4514 3377 4572 modo
3393 4521 3589 4571 tumu-

220 4586 624 4663 ἀρδευομένης·
703 4597 763 4648 ού
841 4601 1117 4673 παρθενείᾳ
1185 4606 1314 4674 μόνῃ
1374 4602 1820 4678 λαμπρυνομένης,

1977 4612 2083 4662 itus
2108 4586 2378 4662 caelestes
2409 4607 2581 4661 sedes
2615 4586 2902 4671 ascendit,
2930 4621 3066 4661 cum
3095 4603 3374 4676 lampade
3405 4604 3585 4671 clara,

217 4677 352 4730 ἀλλὰ
426 4686 514 4732 καὶ
592 4686 870 4759 ἱερωσύνης
941 4688 1199 4761 ἀξιώματι
1266 4691 1638 4764 κλείξομένηςο
1699 4693 1822 4748 οὐδὲ

1977 4711 2050 4751 οη
2066 4695 2196 4751 oleo
2212 4700 2422 4751 tantum
2442 4694 2905 4762 illuminata,sed
2918 4695 3247 4750 certaminis
3267 4693 3585 4750 sudoribus

212 4771 428 4829 τούτοις
483 4776 655 4842 μόνον,
714 4774 839 4829 ἀλλὰ
897 4783 987 4830 καὶ
1036 4787 1151 4842 ταῖς
1181 4779 1356 4842 ἆλλαις
1406 4781 1613 4856 ἀρεταῖς
1653 4781 1724 4836 δι’
1755 4786 1820 4836 ὧν

1980 4783 2252 4851 iﬂluente,
2285 4799 2403 4839 non
2433 4784 2555 4840 sola
2592 4784 2927 4854 virginitate
2950 4782 3204 4846 exculta,
3253 4782 3358 4838 sed
3388 4797 3588 4840 sacer-

212 4860 275 4908 τό
326 4853 548 4928 δαψιλὲς
611 4868 702 4915 καὶ
752 4864 956 4918 ἀένναον
1009 4877 1104 4931 τῆς
1152 4877 1490 4942 φωτοχυσίας
1539 4873 1816 4926 κατεπλου-

1979 4873 2113 4929 otali
2131 4873 2414 4943 dignitate
2431 4888 2674 4944 quoque
2689 4871 2906 4930 diffusa
2927 4890 2940 4941 ;
2962 4887 3070 4928 nec
3086 4871 3210 4928 istis
3227 4871 3388 4936 solis,
3413 4871 3587 4928 sedet

217 4947 407 5004 τίσθη.
448 4950 626 5002 Ταῦτά
671 4973 761 5024 μοι
810 4960 988 5028 γέγονε
1032 4957 1382 5030 ψυχαγωγία,
1438 4969 1604 5014 ταῦτα
1649 4983 1816 5037 παρα·

1975 4962 2059 5017 liis
2083 4961 2398 5017 virtutibus
2426 4961 2582 5016 unde
2597 4961 2969 5017 abundantia
2993 4962 3268 5033 perennis
3282 4959 3472 5018 effuso
3499 4961 3583 5018 lu-

209 5037 427 5107 μύθιον,
484 5039 679 5110 μᾶλλον
741 5039 800 5096 δὲ
847 5043 948 5096 ἀπὸ
1000 5054 1094 5109 τῆς
1151 5051 1490 5120 παραμυθίας
1539 5049 1817 5123 ἀρξάμενα,

1973 5051 2088 5107 iine
2114 5051 2394 5108 dilatatur
2421 5067 2433 5105 :
2459 5051 2584 5106 haec
2611 5053 2750 5105 sunt
2780 5049 3041 5122 illa,quaa
3073 5049 3344 5106 animum
3379 5067 3581 5109 meum

206 5125 282 5185 εἰς
330 5135 686 5198 πνευματικήν
761 5137 1077 5204 μετέστησεν
1149 5137 1468 5211 εὐφροσύνην
1525 5145 1610 5190 καὶ
1668 5139 1814 5211 ἀγαλ-

1973 5141 2200 5196 3ﬁciunt
2233 5162 2243 5204 ;
2273 5141 2400 5196 haec
2431 5155 2567 5212 quas
2598 5139 2982 5195 consolantur
3015 5156 3028 5195 :
3057 5140 3177 5196 imo
3202 5141 3401 5213 potius
3441 5140 3581 5197 hinc

203 5213 406 5267 λίασιν.
487 5217 669 5271 Ταῦτα
724 5227 813 5274 καὶ
882 5231 944 5296 τῇ
1017 5233 1082 5298 σῇ
1139 5225 1485 5300 ἀρχιερατικῇ
1533 5227 1811 5286 τελειότητι

1970 5229 2098 5284 iitio
2118 5227 2544 5284 consolationis
2566 5226 2846 5298 derivato,
2878 5227 2956 5284 ad
2980 5228 3348 5300 spiritualem
3369 5229 3578 5285 refere-

203 5306 435 5374 γινέσθω
484 5313 572 5360 καὶ
615 5314 944 5383 παραμυθία,
1022 5318 1109 5367 καὶ
1185 5321 1361 5388 χαρᾶς
1409 5320 1499 5368 καὶ
1558 5314 1811 5390 θυμηδίας

1969 5321 2113 5374 vatur
2125 5316 2585 5374 oblectationem
2602 5317 3163 5391 exaltationemque.
3190 5317 3322 5374 Hmc
3342 5322 3395 5375 et
3414 5323 3577 5375 tuam

1547 5456 1780 5514 VARle
1811 5457 2216 5518 LECTIONES.

275 5583 311 5616 ι
358 5578 436 5630 ῖσ.
459 5575 692 5652 μελετᾷν.
