4072 6232
504 208 598 265 851
1695 209 1700 214 ’
1763 202 2004 260 ΡΗΟΤΠ
2041 203 2112 258 ΡΑ

2201 202 2526 260 iIARCHlE
2547 202 2658 260 CP.
3733 206 3809 262 852

507 330 1078 405 archiepiscopalem
1130 330 1544 404 perfectionem
1593 329 1858 386 solentur
1891 346 1902 384 :
1936 330 2062 386 haec
2109 330 2115 386 i

2208 339 2242 385 Α
2281 331 2548 395 ὑπόθεσις,
2589 331 2694 403 όσῳ
2736 335 2822 383 xui
2873 329 3062 403 μᾶλλον
3111 336 3180 393 είς
3234 335 3327 389 τὴν
3359 333 3458 389 σὴν
3513 327 3816 387 ἁνήκιιδιδα-

479 496 487 506 ν
507 421 1202 494 gaudiietconsolationis
1214 424 1611 490 argumentum
1625 420 2046 490 cedant,eoque
2060 436 2087 472 η

2281 419 2500 472 σκαλίαν
2557 424 2647 472 καὶ
2706 417 2968 488 σπουδὴν,
3027 422 3090 473 τὰ
3143 428 3233 472 τοὺ
3292 421 3633 492 μεταστάντος
3680 441 3816 498 κατορ-

507 514 596 585 gis
609 512 772 586 quod
791 515 905 566 tua;
923 509 1247 582 disciplina:
1267 525 1423 564 curae
1445 514 1498 564 et
1514 509 1884 565 instructioni
1899 507 2167 564 translati
2280 510 2514 582 θώματα.

507 601 649 659 hinc
675 601 828 658 illius
847 617 942 656 res
968 599 1248 672 praeclare
1265 598 1412 656 olim
1441 603 1616 667 gestas
1644 598 1860 654 ascribi
1884 598 2162 654 debeant.

1074 689 1288 745 EPIST.
1346 689 1572 743 XXXV.

2880 693 3092 741 ΕΙΙΙΣΤ.
3143 688 3263 741 ΛΕ’.

754 778 1135 836 Euschemom’
1163 777 1440 835 Caesareae
1470 777 1927 849 archiepiscopo.

2509 778 2824 850 Εὑσχήμονι
2864 775 3269 852 ἆρχιεπισκόπῳ
3295 777 3628 852 Καισαρείας.

1810 876 2100 925 Montacut.
2130 876 2232 940 (ep.
2266 876 2372 931 202.
2411 891 2461 940 p.
2490 877 2621 938 299).

578 995 845 1067 Suscepit
895 994 1142 1066 quidam
1191 993 1568 1064 prophetam,
1598 993 2009 1064 autjustorum
2061 992 2162 1049 ali-

2343 989 2586 1056 Ἐδέξατό
2629 1013 2705 1054 τις
2759 997 3051 1066 προφήτην,
3092 995 3123 1052 ἦ
3157 993 3285 1054 ὅλως
3323 994 3439 1046 τινὰ
3492 1001 3589 1044 τῶν
3628 989 3821 1057 δικαίων,

505 1101 708 1157 quem,
729 1100 799 1140 eo
831 1084 993 1156 quod
1020 1083 1241 1138 multos
1271 1082 1436 1137 illum
1465 1083 1845 1138 admirationi
1876 1083 2113 1138 habenti

2235 1084 2352 1145 Ι,;ό’τι
2378 1082 2595 1145 πολλοὺς
2647 1079 2754 1136 εἶδε
2807 1087 2892 1135 τόν
2927 1080 3098 1156 ἄνδρα
3156 1083 3537 1155 θαυμάζοντας,
3583 1088 3664 1134 καὶ
3705 1080 3825 1144 δόξαν

507 1175 806 1242 observat,
826 1173 932 1245 qui
963 1188 1036 1228 ex
1062 1171 1162 1228 illa
1191 1188 1301 1228 sua
1321 1172 1736 1239 admiratione,
1767 1171 2016 1240 gloriam
2042 1187 2115 1227 no

2273 1171 2331 1223 ou’
2392 1175 2583 1245 μικρὰν
2636 1171 2690 1224 ἐκ
2769 1180 2858 1224 τοῦ
2916 1174 3194 1244 θαυμάσαι
3269 1175 3619 1246 θηράσαντας.
3669 1171 3825 1244 Ἕτερον

504 1265 870 1320 mediocrem
901 1261 1293 1318 venabantur.
1323 1261 1478 1315 Alius
1502 1278 1670 1332 spem
1698 1261 1970 1332 concipit,
1999 1277 2112 1332 quc

2273 1261 2426 1313 πάλιν
2481 1258 2695 1323 ἐλπίδας
2727 1265 2940 1334 τρέφων,
2997 1264 3065 1321 ὡς
3097 1259 3149 1311 ἐκ
3201 1267 3296 1322 τῆς
3325 1257 3600 1331 ὑποδοχῆς
3648 1260 3825 1312 πλούτου

504 1370 535 1410 e
581 1353 678 1410 tali
735 1352 1134 1424 susceptione,
1169 1350 1382 1406 eximia
1413 1351 1749 1406 divitiarum
1791 1350 2112 1405 afﬂuentiui

2220 1395 2245 1446 3
2276 1349 2628 1421 περιϐαλεῖται
2673 1349 3037 1423 λαμπρότητα,
3089 1354 3119 1408 ἤ
3171 1369 3310 1412 τινος
3360 1349 3520 1412 οἶλλης
3571 1357 3828 1421 σωματικῆς

507 1444 679 1514 copia
707 1440 1041 1498 abundavit
1067 1458 1077 1494 :
1113 1438 1205 1494 vel
1237 1444 1455 1495 statum
1486 1439 1747 1510 aliquem
1778 1439 2006 1494 bonum
2037 1454 2115 1493 co:

2222 1436 2244 1446 ’
2278 1439 2553 1501 εὐπαθείας
2605 1438 2946 1502 ἐπιτεύξεται.
3022 1436 3212 1501 Οὐδεὶς
3294 1436 3544 1511 οὐδαμῶς
3591 1448 3682 1490 τῶν
3726 1439 3830 1510 εὶρη·

505 1532 776 1603 poralem
806 1532 1222 1600 consequetur.
1258 1533 1520 1584 Atnemo
1552 1529 1727 1599 plane
1771 1530 2036 1593 istorum,
2074 1544 2111 1582 v

2277 1532 2436 1598 μένων
2489 1528 2605 1580 οὐτε
2662 1533 2928 1599 προφήτου
3008 1531 3221 1600 μισθόν,
3307 1531 3425 1580 οὔτε
3481 1532 3610 1588 τινός
3662 1524 3828 1579 δικαίου

503 1621 806 1692 prophetae
822 1618 1145 1674 mercedem
1167 1617 1839 1688 consequetur,veljusli
1863 1619 1985 1672 veri
1997 1624 2111 1673 retr

2275 1617 2497 1687 λήψεται
2567 1623 2654 1676 Τίς
2707 1615 2765 1670 δὲ
2802 1617 3027 1688 λήψεται
3061 1634 3074 1683 ;
3123 1616 3183 1669 Ὀ
3217 1614 3288 1669 δι’
3330 1617 3456 1668 αὗτό
3502 1622 3558 1669 τό
3597 1615 3711 1668 εἶναι
3738 1635 3829 1686 προ-

511 1709 819 1766 bationenz.
851 1707 992 1773 Quis
1013 1709 1215 1762 autem
1243 1711 1586 1777 recepturus
1608 1722 1742 1761 eam
1769 1711 1858 1760 est
1882 1705 1975 1760 iis
2000 1707 2118 1761 nim

2278 1711 2444 1778 φήτην
2492 1711 2581 1757 xui
2628 1715 2761 1760 Θεοῦ
2818 1709 3106 1779 θεράποντα
3138 1727 3151 1739 ο
3202 1707 3377 1778 (τουτο
3435 1709 3536 1776 γάρ
3587 1705 3726 1768 ἔστιν,
3768 1704 3829 1764 Εἰς

507 1815 666 1868 rum,
689 1795 977 1869 qui,quod
1003 1795 1101 1851 Dei
1119 1810 1350 1860 servus,
1375 1800 1430 1850 et
1455 1795 1745 1866 propheta
1765 1795 1901 1866 quis
1924 1797 2115 1851 exsist;

2278 1800 2437 1866 ὄνομα
2509 1802 2797 1869 προφήτου,
2871 1801 2959 1848 καὶ
3045 1795 3120 1857 εἰς
3177 1799 3336 1867 ὄνομα
3418 1792 3690 1864 δικαίου
3733 1793 3827 1844 ἀλλὰ

509 1889 645 1960 (hoc
668 1886 824 1942 enim
847 1884 1148 1950 vultillud,
1166 1884 1239 1938 In
1261 1883 1492 1939 nomine
1504 1885 1833 1953 prophetae,
1849 1886 1912 1940 in
1934 1886 2117 1941 nomir

2276 1881 2407 1955 μηδ’
2467 1883 2734 1955 ἐμπορίαν,
2808 1885 3116 1943 ἣτοιαύτην
3170 1887 3286 1936 τινὰ
3339 1891 3529 1957 χρείαν
3575 1887 3654 1935 τόν
3699 1879 3827 1954 ἄνδρα

497 1979 756 2050 justi),et
775 1991 892 2031 non
910 1972 1434 2045 cauponando,vel
1457 1973 1848 2029 commodum
1867 1981 2105 2047 captant

2278 1970 2582 2045 δεχόμενος,
2642 1978 2729 2024 καὶ
2780 1979 2874 2030 τήν
2926 1969 3150 2031 δυνατὴν
3200 1975 3474 2045 θεραπείαν
3512 1973 3580 2035 εἰς
3607 1972 3742 2024 αὐτόν
3763 1991 3826 2021 zz-

506 2067 732 2138 recipit,
762 2069 818 2121 et
842 2079 963 2136 quo
996 2067 1191 2135 potest
1238 2061 1532 2134 obsequio
1574 2079 1706 2119 eam
1746 2063 2104 2127 demeretur,

2278 2065 2527 2137 θαρότητι
2569 2059 2794 2136 καρδίας
2863 2066 2953 2114 καὶ
3007 2059 3278 2134 σπουδαίᾳ
3332 2070 3512 2134 γνωμῃ
3565 2058 3827 2130 ἐνδεικνύμε-

508 2172 662 2229 pura
699 2153 1065 2211 conscientia
1110 2157 1166 2208 et
1194 2152 1446 2208 honesto
1479 2152 1700 2208 animo.
1735 2154 1918 2218 Certe,
1947 2154 2116 2222 digni

2274 2172 2377 2213 νος.
2431 2151 2612 2214 ’Ἄξιος
2659 2154 2758 2224 γὰρ
2814 2155 2882 2212 ὡς
2931 2151 3136 2214 ἀληθῶς
3191 2151 3337 2214 οῖξιος
3389 2154 3415 2203 ό
3461 2159 3680 2208 τοιοῦτος
3724 2151 3826 2206 θείας

488 2246 758 2302 ιοωῐιὶῐιο
789 2243 922 2299 talis
938 2242 1144 2297 divina
1168 2241 1574 2307 retributione,
1594 2247 1649 2297 et
1676 2242 2096 2298 redhostimenl

2278 2241 2608 2313 ἀντιμισθίας
2654 2247 2744 2293 καὶ
2816 2238 3152 2302 ἀντιδόσεως.
3215 2245 3284 2294 Τό
3353 2238 3437 2309 δε,
3497 2241 3686 2294 Μισθόν
3737 2255 3828 2309 προ-

511 2335 659 2392 Illud
675 2349 871 2406 porro,
895 2331 1216 2389 Mercedem
1218 2333 1394 2400 justi,
1421 2331 1739 2387 mercedem
1761 2332 2066 2401 prophetae
2083 2350 2119 2386 ιι.

2277 2336 2464 2402 φήτου.
2517 2335 2606 2382 καὶ
2671 2332 2860 2400 μισθόν
2942 2327 3154 2382 δικαίου
3223 2329 3472 2401 λήψεται,
3541 2325 3708 2386 διττὴν
3743 2327 3824 2396 ἔχει

513 2425 681 2496 cipiet
700 2424 744 2490 ⁴,
772 2421 1068 2494 duplicem
1103 2419 1285 2475 habet
1316 2420 1669 2475 sententiam
1706 2421 1827 2475 :vel
1862 2421 2022 2478 enim
2047 2422 2121 2477 sit

2276 2423 2363 2476 τὴν
2394 2415 2628 2472 διάνοιαν
2663 2420 2734 2479 ’ἡ
2776 2423 2878 2493 γὰρ
2920 2421 3000 2472 ὅτι
3049 2427 3145 2480 τῆς
3192 2419 3495 2494 εἰλικρινοῦς
3535 2423 3620 2470 καὶ
3644 2417 3826 2488 καθαρᾶς

517 2529 666 2570 cerae
695 2509 1118 2584 hospitalitatis
1146 2514 1373 2582 etpurte
1405 2509 1740 2566 mercedem
1761 2509 1841 2565 illi
1863 2512 2117 2582 recipien

2277 2507 2555 2580 φιλοξενίας
2608 2511 2693 2560 τὸν
2746 2510 2954 2580 μισθόν,
3018 2510 3066 2560 οἱ
3123 2511 3241 2568 τοὺς
3279 2513 3569 2580 προφήτας,
3600 2510 3677 2557 xui
3718 2503 3823 2565 ὅλως,

516 2605 676 2657 certo
701 2600 939 2664 certius,
965 2599 1069 2670 qui
1101 2599 1458 2670 prophetam
1477 2598 1570 2654 vel
1588 2600 1819 2669 justum
1841 2601 2124 2672 recipiunt

2276 2598 2325 2650 οῖ
2359 2617 2503 2658 τινας
2540 2606 2638 2650 τῶν
2698 2594 2918 2649 δικαίων
2978 2594 3388 2670 ὑποδεχόμενοι,
3443 2599 3636 2656 πάντως
3675 2612 3724 2663 γε
3763 2591 3824 2646 λέ·

513 2703 626 2746 nec
649 2691 878 2746 honore
905 2687 1005 2744 illo
1034 2688 1254 2760 privari
1279 2692 1550 2759 possunt,
1580 2687 1682 2759 qui
1714 2689 1930 2756 dignos
1977 2705 2038 2744 se
2064 2706 2121 2760 ρ(

2214 2749 2238 2760 κ
2274 2687 2478 2758 ψονται,
2521 2692 2610 2738 καὶ
2663 2686 2756 2738 ou’x
2813 2689 2951 2739 ἔστιν
3007 2687 3192 2748 αὐτοὺς
3222 2695 3322 2737 τῶν
3351 2695 3513 2759 γερῶν
3547 2684 3822 2757 στερηθῆναι,

516 2794 609 2836 res
637 2795 673 2835 a
704 2795 767 2834 se
814 2785 1011 2848 gestas
1042 2777 1444 2848 praestiterunt
1475 2793 1487 2841 ;
1538 2776 1630 2830 vel
1655 2777 1820 2848 quod
1851 2777 2009 2832 illam
2045 2749 2122 2834 no

2217 2749 2240 2805 3
2276 2777 2343 2827 ὧν
2376 2775 2553 2838 ἀξίους
2601 2775 2834 2838 ἑαυτοὺς,
2891 2773 2964 2827 δι’
3017 2797 3082 2826 ων
3139 2775 3389 2848 ἔπραξαν,
3449 2772 3639 2836 ἔδειξαν
3665 2789 3677 2802 ·
3719 2770 3825 2828 ἦὸτι

515 2867 804 2940 recipient
833 2867 1182 2939 simpliciter
1215 2866 1554 2922 mercedem
1586 2865 2028 2938 hospitalitatis,
2062 2885 2123 2922 se

2277 2871 2367 2916 xui
2415 2866 2557 2917 οὗτοι
2623 2865 2726 2936 οὐχ
2777 2864 2952 2926 ἁπλῶς
3004 2866 3194 2937 μισθόν
3253 2865 3554 2936 φιλοξενίας,
3618 2861 3726 2912 me
3762 2861 3823 2910 τόν

518 2956 773 3012 similem
805 2959 910 3012 aut
936 2954 1228 3027 aequalem
1249 2954 1426 3024 justis
1449 2959 1505 3008 et
1534 2953 1859 3026 prophetis.
1891 2957 2126 3025 Magnui

2279 2959 2392 3006 ἴσον
2435 2959 2525 3006 καὶ
2579 2956 2754 3026 ὅμοιον
2813 2962 2922 3016 τοῖς
2969 2959 3263 3028 προφήταις
3311 2960 3405 3006 καὶ
3437 2951 3650 3013 δικαίοις
3677 2947 3824 3003 (limit-

518 3045 663 3118 quid
676 3044 1051 3117 hospitalitas
1065 3048 1170 3099 est:
1198 3059 1482 3112 magnam
1499 3043 1793 3099 conducet
1812 3045 2126 3099 merceden

2280 3041 2490 3112 ψονται.
2543 3046 2690 3114 Μέγα
2726 3045 2827 3117 ’γὰρ
2901 3042 3178 3115 φιλοξενία,
3234 3047 3324 3094 καὶ
3378 3041 3621 3114 μεγάλους
3655 3037 3825 3110 μισθοὺς

516 3134 836 3206 imprimis,
889 3134 936 3189 si
983 3132 1219 3190 honesti
1278 3137 1334 3187 et
1363 3132 1554 3201 legem
1586 3132 1683 3188 Dei
1715 3138 2000 3188 sectantes
2032 3149 2124 3188 rec

2281 3132 2627 3203 προξενοῦσα,
2677 3137 2764 3183 καὶ
2817 3133 3049 3203 μάλιστα
3133 3128 3445 3184 σπουδαίων
3519 3125 3717 3199 ἀνδρῶν,
3758 3143 3807 3173 κα

517 3224 777 3295 piantur.
819 3226 978 3278 Hanc
1025 3227 1080 3278 tu
1112 3221 1405 3278 rationem
1455 3221 1503 3276 si
1537 3227 1691 3276 recte
1722 3221 2060 3284 institueris,
2105 3238 2125 3277 ε

2283 3223 2409 3295 ὑπὲρ
2475 3225 2620 3274 θείων
2675 3227 2841 3292 νόμων
2897 3218 3221 3294 διωκομένων
3252 3219 3314 3278 ἣν
3379 3225 3446 3273 σὺ
3481 3220 3718 3290 κατορθῶν
3763 3217 3826 3262 καί

519 3317 762 3382 propter
789 3327 1011 3367 nomen
1042 3327 1112 3366 ac
1143 3310 1378 3366 titulum
1427 3325 1736 3365 servorum
1777 3311 1893 3374 Dei,
1937 3327 2056 3364 non
2097 3327 2127 3366 o

2287 3311 2353 3370 εἰς
2402 3315 2561 3380 ὄνομα
2617 3318 2748 3362 Θεοῦ
2807 3312 3150 3382 θεραπόντων,
3221 3307 3348 3360 ἀλλὰ
3409 3313 3478 3380 μὴ
3553 3303 3618 3359 δι’
3658 3302 3755 3355 ἄλλο
3792 3316 3825 3348 τι

521 3399 694 3455 aliam
751 3400 933 3455 ullam
965 3415 1216 3454 causam
1266 3399 1522 3469 hospitio
1570 3399 1916 3469 susceperis,
1953 3415 2129 3454 oracu

2286 3404 2408 3462 τοὺς
2449 3400 2604 3451 αὐτοῦ
2649 3400 2856 3462 ξενίζων
2911 3398 3108 3469 φίλους,
3159 3398 3349 3468 μᾶλλόν
3408 3416 3459 3450 τε
3511 3401 3724 3452 συνήσεις
3767 3391 3825 3438 τὸν

521 3487 854 3557 Evangelici
881 3493 1143 3543 mentem
1175 3487 1422 3553 tenebis,
1446 3488 1604 3542 unde
1631 3488 2020 3543 commodum
2052 3505 2125 3560 pe

2288 3489 2620 3561 εὖαγγελικόν
2672 3493 2942 3562 χρησμόν,
3019 3487 3252 3540 κάκεῖθεν
3319 3488 3552 3560 εὑρήσεις
3597 3486 3647 3535 τὸ
3690 3473 3828 3550 κέρδος

523 3575 706 3648 cipies
741 3591 752 3630 :
786 3575 922 3632 felix
952 3576 1223 3632 omnium
1259 3575 1445 3645 magis
1477 3575 1578 3630 illa
1623 3575 1949 3642 beatitudo,
1992 3594 2131 3650 qua:

2291 3580 2352 3650 (ὡ
2406 3582 2780 3650 μακαριότητος
2831 3578 2870 3648 1)
2927 3577 3057 3630 πολὺ
3131 3577 3307 3648 μεῖζον
3354 3581 3392 3635 ἥ
3458 3577 3587 3627 κατὰ
3635 3568 3827 3638 διήγησιν

523 3679 660 3737 quae
680 3664 883 3723 verbis
916 3665 1132 3738 poterit
1163 3664 1296 3720 ullis
1325 3663 1614 3735 explicari.
2289 3669 2466 3740 λόγου.

1095 3754 1314 3810 EPIST.
1367 3753 1609 3809 XXXVI.

2897 3762 3112 3812 ΕΠΙΣΤ.
3154 3755 3303 3839 Λς·’.

875 3844 1065 3900 Paulo
1089 3844 1479 3914 metropolitae
1513 3842 1826 3900 Laodiceae.

2617 3843 2804 3916 Παύλῳ
2843 3844 3197 3919 μητροπολίτῃ
3233 3842 3571 3904 Λαοδικείας.

1833 3943 2127 3994 Montacut.
2157 3951 2259 4010 (ep.
2289 3947 2400 4001 206,
2432 3959 2481 4007 p.
2517 3946 2645 4004 304).

596 4058 958 4128 Defatigatus
991 4074 1124 4115 sum
1165 4074 1406 4116 serenos
1438 4058 1564 4114 dies
1601 4059 1999 4124 numerando,
2029 4061 2175 4116 dum

2217 4062 2251 4114 D
2357 4059 2606 4132 ”Εκαμον,
2655 4062 2746 4121 τὰς
2794 4057 2973 4122 εὐδίας
3007 4060 3325 4132 ἁναμετρών,
3365 4065 3451 4112 xui
3497 4062 3582 4116 τὴν
3617 4058 3698 4112 σὺν
3722 4066 3825 4120 περι-

521 4153 689 4208 tuum
710 4150 1037 4206 adventum
1067 4154 1423 4221 exspectem:
1450 4148 1553 4203 sed
1577 4147 1816 4214 sudum,
1845 4155 1900 4205 ut
1925 4150 2118 4205 videtu

2289 4150 2590 4221 ϐλεπόμενος
2648 4149 2859 4220 ἄφιξιν·
2909 4149 3037 4213 ἀλλ’,
3099 4152 3167 4210 ὡς
3226 4153 3378 4212 ἔοικε,
3431 4150 3658 4220 χειμῶνες
3706 4136 3827 4191 σοιαὶ

523 4243 850 4311 tempestas
866 4239 964 4295 tibi
986 4238 1094 4294 fuit
1120 4255 1131 4292 :
1157 4255 1336 4310 quem
1358 4254 1500 4308 ergo
1521 4239 1840 4294 terminum
1861 4240 2131 4296 sortientt

2290 4236 2464 4292 εὐδίαι
2516 4245 2811 4310 γεγόνασιν.
2869 4239 2954 4300 Εἰς
3003 4247 3150 4291 ποῖον
3199 4237 3285 4291 οὖν
3344 4241 3447 4314 ἄρα
3495 4241 3640 4308 πέρας
3677 4232 3727 4281 τὰ
3755 4233 3825 4278 τῶν

524 4332 907 4402 tempestates
942 4333 1085 4384 tuas.

2290 4334 2562 4401 χειμώνων
2597 4347 2679 4380 σοι
2721 4327 3137 4400 ἀποκριθήσεται
3169 4345 3182 4394 ;

1078 4416 1299 4474 EPIST.
1356 4416 1612 4472 XXXVII.

2907 4423 3118 4471 ΕΠΙΣΤ.
3175 4416 3293 4471 ΛΖ’.

877 4507 1074 4565 Paulo
1091 4506 1480 4576 metropolitani
1511 4507 1825 4564 Laodiceae.

2620 4507 2804 4580 Παύλῳ
2837 4507 3195 4582 μητροπολίτῃ
3242 4501 3569 4563 Λαοδικείας.

1837 4607 2127 4656 Montacut.
2167 4607 2270 4671 (ep.
2299 4607 2408 4664 215,
2443 4620 2493 4668 p.
2521 4607 2651 4667 317).

600 4724 862 4782 Sihiems
883 4740 1004 4782 non
1019 4725 1164 4789 erat,
1183 4721 1258 4778 de
1283 4737 1405 4795 qua
1433 4721 1671 4779 dicebat
1699 4723 2179 4789 Servator,0rate

2365 4723 2420 4776 Εἰ
2470 4727 2541 4794 μὴ
2589 4727 2788 4794 χειμὼν
2844 4719 2923 4790 ἧν,
2988 4725 3100 4794 περὶ
3160 4721 3219 4773 οὗ
3268 4722 3502 4791 όΣωτὴρ
3556 4715 3714 4782 aqu,
3761 4705 3823 4756 εὖ-

527 4829 603 4870 ne
623 4816 774 4885 fuga
791 4823 985 4873 vestra
994 4830 1104 4884 per
1121 4813 1365 4871 hiemem
1379 4816 1484 4882 ﬁat
1505 4815 1544 4879 ⁵,
1568 4814 1884 4870 verborum
1900 4814 1956 4870 in
1991 4820 2042 4870 te
2061 4813 2135 4868 hit

2289 4814 2452 4883 χεσθε
2501 4817 2572 4882 μὴ
2627 4814 2867 4882 γενέσθαι
2921 4817 3013 4871 τὴν
3090 4815 3257 4883 φυγὴν
3331 4811 3470 4880 ὑμῶν
3525 4803 3568 4856 ἐν
3613 4802 3820 4885 lily???"

529 4917 689 4957 mem
708 4905 1066 4960 concitarem
1103 4927 1113 4958 :
1144 4906 1270 4960 Non
1301 4903 1438 4959 novi
1472 4920 1604 4975 ego,
1635 4903 1834 4959 dicam
1869 4919 2033 4958 more
2076 4920 2130 4957 m

2291 4911 2530 4974 χειμῶνα
2575 4903 2634 4954 οἷν
2683 4921 2766 4954 σοι
2814 4902 2977 4972 λόγων
3023 4898 3242 4961 δικαίως
3275 4898 3510 4968 ἑπέγειρα
3540 4912 3551 4924 ·
3609 4889 3694 4941 οὒκ
3713 4877 3817 4975 οισῖω

529 4989 691 5046 nime
716 4993 1041 5058 amici,tam
1061 4993 1458 5066 longinquam
1481 4993 2137 5066 peregrinationem,qu;

2291 4996 2375 5044 τὸν
2424 4991 2604 5063 ἄφιλον
2660 4991 2755 5062 ἐρῶ
2815 4992 3065 5064 τρόπονῆ
3112 4991 3227 5057 τήνξ
3259 4989 3392 5041 οὕτω
3443 4982 3630 5057 μακρὰν
3671 4966 3823 5067 ἀποδε-

529 5079 778 5153 propius
813 5081 1077 5148 accedat,
1112 5084 1187 5139 ad
1214 5084 1438 5156 antiqui
1468 5083 1621 5139 illius
1653 5083 1815 5138 corvi
1847 5081 2053 5152 fugam
2094 5081 2137 5137 ir

2292 5086 2436 5152 μίαν,
2471 5085 2560 5133 καὶ
2613 5088 2703 5132 τοῦ
2763 5080 2984 5133 παλαῖου
3033 5085 3256 5153 κόρακος
3312 5077 3496 5129 ἐκείνου
3539 5070 3675 5139 ἐγγὺς
3715 5073 3818 5153 7‘”:

531 5185 761 5226 cusare.
793 5169 893 5227 Sin
923 5169 1032 5227 alae
1081 5171 1186 5228 tibi
1219 5153 1414 5229 adsint
1446 5177 1644 5239 castae,
1679 5189 1845 5245 puras
1877 5175 1934 5227 et
1964 5171 2139 5228 veloci

2296 5172 2419 5222 σθαι
2490 5169 2922 5242 φιλονικήσασαν,
3003 5169 3315 5240 αἰτιώμενος.
3376 5161 3506 5218 Ἀλλ’
3564 5157 3600 5210 εἰ
3665 5153 3736 5223 μὲν
3779 5159 3818 5192 το

531 5259 849 5324 columbas,
908 5263 1134 5316 sartum
1187 5264 1407 5317 tectum
1440 5240 1708 5318 amorem
1742 5261 1956 5327 habeo,
1988 5261 2139 5318 hiem

2289 5265 2470 5332 πτερόν
2530 5279 2614 5310 σοι
2663 5266 2758 5318 τῆς
2803 5258 2963 5328 ἁγνῆς
3033 5264 3120 5310 καὶ
3196 5258 3428 5326 καθαρᾶς
3482 5251 3562 5301 καὶ
3616 5242 3816 5306 ἀξυπορθυ

532 5350 712 5425 plane
753 5346 921 5404 nihili
964 5352 1069 5414 est,
1103 5364 1210 5405 nec
1242 5349 1389 5422 quid
1433 5349 1595 5408 aliud
1627 5367 1810 5424 grave
1843 5371 1855 5409 :
1891 5352 1980 5408 sin
2012 5351 2140 5408 colli

2290 5330 2618 5424 περιστερᾶς,
2675 5347 2896 5423 ἔρρωται
2947 5356 3041 5410 τῆς
3099 5347 3329 5420 ἀγάπης,
3389 5336 3530 5395 οὐδὲν
3579 5337 3600 5386 ὃ
3647 5330 3815 5401 χειμῶν’

621 5475 643 5511 ⁸
667 5471 864 5533 Matth.
906 5488 965 5543 x,
998 5474 1088 5528 41.
1114 5473 1135 5510 ⁸
1168 5475 1341 5531 Marc.
1369 5488 1488 5542 xm,
1523 5474 1612 5532 18s
