4072 6232
288 212 396 268 853

1543 210 2056 270 EPISTOLARUM
2094 209 2310 267 LIBER
2348 209 2416 267 II.

3545 211 3654 271 854

289 340 464 412 ὥσπερ
493 333 616 390 ούδέ
643 357 692 390 τι
721 337 866 392 ἄλλο.
902 338 962 391 Εἰ
1005 334 1063 392 δὲ
1093 358 1210 391 τινα
1256 339 1496 410 θραῦσιν,
1542 336 1648 390 ἀλλ’
1693 338 1785 391 ούκ
1830 339 1877 391 ἄη

2003 338 2234 393 sionem
2263 339 2318 393 et
2344 335 2798 407 anfractionem,
2818 337 2984 410 quod
3009 353 3132 394 non
3159 339 3326 410 puto,
3349 338 3496 397 illud
3518 355 3652 412 per-

288 429 558 484 πεισθείην
635 427 816 495 ἐκεῖνο,
891 429 1152 490 πεπόνθοι,
1239 427 1437 498 ἀνάγκη
1499 430 1636 479 κάτω
1727 431 1891 499 μένειν

286 517 381 578 ἕως
427 516 486 567 Ξιν
527 518 551 568 ό
594 519 788 592 τάρσος
827 517 979 570 πάλιν
1020 519 1208 569 ἀνωθεν
1261 515 1562 589 βλαστήση,
1613 521 1703 568 καὶ
1759 511 1890 588 μηδ’

286 603 336 656 ἓν
377 602 530 676 εὐδίᾳ
567 610 696 681 πρὸς
726 608 859 678 ἡμᾶς
904 607 1330 681 μετεωρίζεσθαι.
1384 605 1516 659 Ἀλλ’
1558 605 1754 680 ἕρῥωσό
1803 626 1891 678 μοι

284 697 374 746 τόν
431 697 562 748 θεῖον
616 698 781 770 ἔρωτα
823 696 1013 769 μᾶλλον
1085 695 1168 748 ἐπὶ
1221 703 1330 757 τοῖς
1394 699 1664 770 προτέροις
1712 715 1891 770 πτερο-

284 792 448 856 φυῶν,
495 785 526 843 ἦ
585 788 707 847 τοὺς
781 783 1014 860 ἀρχῆθεν
1076 791 1166 837 καὶ
1234 784 1397 845 καλῶς
1451 783 1892 859 προϐεϐλημένους

280 875 511 948 τάρσους
534 875 770 949 ῥᾳθυμίᾳ
795 876 1252 950 περιθραυόμενος.

889 969 1108 1018 ΕΠΙΣΤ.
1150 963 1280 1019 ΛΗ’.

614 1051 800 1125 Παύλῳ
831 1072 902 1126 μη
917 1053 1184 1128 τροπολίτῃ
1227 1050 1559 1114 Λαοδικείας.

2002 425 2140 498 peti,
2173 441 2408 482 necesse
2448 430 2536 482 est
2564 426 2840 482 deorsum
2873 433 2933 483 ut
2962 428 3278 495 consistas,
3318 428 3510 485 donec
3542 429 3651 487 alae

2003 516 2382 580 excreverint,
2434 520 2489 571 et
2519 531 2592 571 ne
2637 515 2716 571 ad
2746 532 2855 571 nos
2885 516 3148 584 advoles,
3183 532 3257 572 ne
3291 533 3398 589 per
3429 518 3651 576 sudum

2002 605 2266 676 quidem.
2295 604 2406 660 Sed
2430 604 2644 673 valeas,
2670 605 2768 660 Dei
2791 622 3051 662 amorem
3075 607 3268 677 magis
3295 606 3493 663 adhuc
3524 625 3653 667 ma-

2001 693 2212 765 gisque
2229 693 2601 764 adurgendo,
2624 695 2820 766 potius
2833 711 3016 766 quam
3034 695 3214 752 utalaa
3229 712 3362 768 quae
3384 696 3460 752 ab
3481 696 3651 753 initio

1999 782 2224 853 optime
2253 787 2636 838 excreverant
2666 799 2764 855 per
2806 783 3142 841 socordiam
3171 783 3392 841 collisae
3421 785 3653 842 diffrin-

1999 874 2233 940 gantur.

2558 962 2767 1018 EPIST.
2809 961 3088 1018 XXXVIII.

2317 1051 2509 1107 Paulo
2544 1050 2894 1108 Laodicensi
2923 1051 3328 1123 metropolitce.

1560 1177 1854 1227 Montacut.
1889 1179 1992 1239 (ep.
2027 1175 2135 1233 220,
2167 1191 2218 1240 p.
2242 1177 2370 1240 328).

354 1297 490 1346 Οὔτε
553 1298 674 1355 τοὺς
725 1293 771 1346 ἐν
839 1295 1014 1366 λόγοις
1067 1294 1369 1367 ἀγνώμονας
1437 1295 1718 1367 εὐεργετεῖν
1769 1290 1877 1345 οἶδε

2073 1295 2184 1348 Nec
2207 1292 2547 1350 benefacere
2565 1294 2732 1350 dictis
2754 1293 3063 1365 improbos
3086 1293 3230 1362 scio,
3254 1294 3388 1352 licet
3419 1296 3505 1368 (ut
3528 1298 3647 1353 tute

274 1381 436 1453 λόγῳ,
497 1388 682 1456 καίπερ
734 1387 781 1436 ἐν
847 1392 952 1445 τοῖς
1007 1385 1174 1445 ἄλλοις
1221 1385 1312 1456 (ὡς
1367 1383 1427 1435 ἂν
1503 1384 1658 1445 αὐτὸς
1711 1382 1890 1456 φαίης)

276 1472 694 1545 φιλοσοφώτερον
737 1473 863 1526 αὐτὸ
899 1478 1188 1548 θεωρήσας,
1221 1479 1338 1527 οὔτε
1386 1474 1749 1534 σολοικίζουσι
1781 1474 1888 1544 (νῦν

275 1563 378 1633 γαρ
413 1565 458 1614 εἴ
509 1581 650 1622 ποτε,
711 1567 886 1634 καιρός
937 1569 1026 1616 καὶ
1080 1572 1172 1616 τού
1231 1563 1436 1635 παῖξαι)
1489 1565 1719 1621 συνήθης
1783 1562 1887 1633 εἰμὶ

277 1653 584 1703 πείθεσθαι·
636 1652 728 1714 ἕως
766 1651 827 1702 ἂν
873 1650 959 1705 οὖν
1014 1653 1324 1726 εὐχάριστιι
1376 1656 1461 1704 uti»
1511 1654 1560 1704 οἱ
1599 1652 1886 1724 ἀγνώμονες

271 1749 619 1791 καταστῶσιν
654 1762 666 1773 ·
703 1743 750 1792 οἱ
784 1739 842 1794 δὲ
868 1745 987 1803 τοὺς
1017 1742 1206 1803 καλούς
1256 1749 1390 1814 κακῇ⁹
1439 1748 1674 1816 προφορᾴ
1717 1743 1886 1816 ῥημά-

273 1848 377 1880 των
431 1829 750 1902 αἰκιζομενοι
780 1830 983 1902 λόγους,
1023 1827 1244 1884 Ἐλλάδα
1291 1831 1521 1903 γλῶτταν
1574 1839 1668 1902 τῆς
1725 1829 1882 1902 ἀμουο

274 1923 397 1980 σίας
438 1918 777 1984 ἀλλάξωνται,
825 1922 918 1972 οὐκ
971 1919 1030 1972 ἀν
1087 1920 1211 1974 ἑκών
1253 1940 1313 1992 γε
1365 1919 1492 1972 εἶναι
1531 1928 1628 1972 τῶν
1659 1929 1748 1980 τῆς
1787 1921 1882 1994 ῥη-

269 2012 454 2081 τορίας
484 2017 671 2059 καινῶν
705 2013 1014 2084 μυστηρίων
1053 2008 1276 2070 ἐπόπτας
1319 2015 1624 2081 ποιήσωμαι
1654 2031 1665 2042 ·
1703 2006 1788 2061 διὸ
1819 2013 1882 2060 σὺ

270 2098 364 2166 μὲν
395 2100 488 2154 τήν
527 2095 757 2166 γλῶτταν
805 2099 1094 2166 Ἀττικαῖς,
1147 2099 1400 2172 μελέταις,
1444 2100 1469 2150 ὁ
1501 2095 1558 2151 δὲ
1612 2101 1698 2158 σὸς
1746 2097 1884 2170 φίλος

269 2183 672 2255 εὐγνωμοσύνης
724 2186 966 2251 τελεταῖς,

271 2281 390 2343 Θεῷ
423 2275 578 2345 φάναι
608 2274 875 2338 τεύξοισθε
904 2277 1003 2328 τῶν
1033 2279 1380 2349 ποθουμένων.

1041 2193 1133 2246 τὴν
1190 2195 1400 2260 γνώμην
1466 2189 1720 2261 καθάρας,
1789 2190 1882 2238 σὺν

885 2460 1093 2510 ΕΠΙΣΤ.
1127 2454 1262 2509 ΛΘ¹.

563 2546 814 2616 Ζαχαρία
838 2545 1198 2620 μητροπολίτη
1235 2542 1593 2606 Χαλκηδόνος.

1997 1380 2288 1448 afﬁrmas)
2303 1382 2403 1455 qui
2421 1385 2610 1454 magis
2623 1383 3030 1456 philosophice
3043 1399 3161 1440 rem
3174 1377 3647 1457 complecterisin

1997 1471 2154 1528 aliis:
2171 1487 2364 1544 neque
2382 1472 2782 1528 soloecismum
2801 1472 3282 1544 admittentibus(
3291 1489 3448 1530 nunc
3461 1475 3646 1542 enim,

1997 1561 2044 1615 si
2067 1560 2239 1624 alias,
2268 1562 2507 1617 occasio
2527 1561 2774 1632 jocandi
2798 1562 3190 1634 ministratur)
3219 1563 3366 1619 mihi
3391 1564 3450 1619 in
3479 1579 3647 1621 more

1994 1650 2234 1722 ponitur
2259 1651 2707 1722 obtemperare:
2732 1651 3001 1724 quandiu
3030 1652 3184 1721 grati
3209 1652 3514 1720 exsistant,
3544 1653 3648 1725 qui

1994 1745 2130 1795 sunt
2157 1744 2277 1794 tam
2305 1755 2574 1811 perverse
2595 1740 2806 1806 aﬂ‘ecti,
2838 1744 2901 1794 ut
2927 1747 2982 1796 et
3013 1741 3168 1796 male
3189 1742 3496 1813 productis
3517 1758 3651 1798 ver-

1993 1828 2085 1884 bis
2111 1828 2442 1884 orationem
2476 1829 2711 1895 laedant,
2741 1830 2821 1886 ita
2847 1833 2912 1884 ut
2941 1829 3211 1900 linguam
3243 1829 3510 1887 Graecam
3535 1831 3646 1888 illi-

1993 1919 2160 1974 terati
2191 1922 2551 1990 permutent,
2584 1919 2747 1974 haud
2778 1934 2890 1989 ego
2920 1919 3172 1974 libenter
3199 1920 3514 1977 admittam
3544 1936 3647 1978 eos

1993 2022 2284 2063 novorum
2307 2007 2612 2062 rhetoricas
2633 2008 3053 2079 mysteriorum
3071 2012 3342 2080 epoptas.
3359 2011 3443 2065 Tu
3468 2009 3647 2080 igitur

1992 2095 2260 2164 linguam
2275 2101 2440 2150 tuam
2459 2095 2890 2152 Atticismorum
2907 2096 3405 2164 meditationibus,
3421 2098 3642 2154 amicus

1993 2189 2192 2240 autem
2227 2191 2360 2240 tuus
2394 2185 2567 2240 bonae
2599 2184 3013 2257 dispositionis
3052 2185 3350 2258 mysteriis
3381 2186 3484 2242 ubi
3514 2187 3643 2244 ani-

1990 2289 2158 2329 mum
2180 2274 2595 2345 purgaveritis,
2621 2289 2756 2330 cum
2778 2273 2940 2331 bono
2963 2275 3080 2331 Deo
3106 2274 3561 2348 consequemini
3581 2274 3644 2334 id

1989 2362 2154 2435 quod
2207 2363 2643 2436 concupiscitis.

2579 2452 2790 2509 EPIST.
2834 2453 3052 2509 XXXIX.

2228 2542 2543 2599 Zachariae
2573 2543 2958 2613 metropolitw
2995 2541 3400 2600 Chalcedonis.

1557 2653 1849 2701 Montacut.
1874 2651 1981 2714 (cp.
2017 2650 2124 2706 221,
2159 2663 2210 2712 p.
2234 2650 2362 2704 329).

348 2749 568 2819 Γράφεις
618 2750 758 2820 ἡμᾶς
804 2753 1028 2822 γραφήν,
1092 2749 1151 2808 ἣν
1206 2749 1298 2802 κᾶν
1346 2749 1519 2824 ἑτέρου
1567 2753 1872 2823 γράφοντος,

271 2831 482 2897 δίκαιος
525 2836 678 2899 αὐτὸς
728 2834 870 2895 ἦσθα
909 2847 1090 2890 τοῦτον
1131 2835 1339 2891 διώκειν
1391 2835 1578 2890 ἀδίκου
1622 2846 1872 2912 γραφῆς·

2062 2749 2264 2806 Dicam
2287 2747 2458 2804 nobis
2480 2748 2969 2822 inscribis,quam
2991 2748 3038 2804 si
3057 2748 3215 2805 alius
3233 2748 3641 2822 inscripserat,

1987 2838 2061 2894 de
2095 2838 2195 2894 lite
2226 2837 2442 2909 injuste
2468 2839 2761 2894 intentata
2791 2837 2958 2893 illum
2987 2852 3110 2894 non
3137 2838 3432 2895 immerito
3463 2855 3643 2896 accu-

267 2930 363 2976 καὶ
413 2929 626 2998 γράφεις
698 2925 1000 2998 ἀπολογίαν,
1059 2925 1284 2998 μηδενός
1341 2925 1624 2990 διώξαντος
1665 2924 1820 2986 δίκην
1859 2947 1871 2959 ·

1989 2943 2148 2984 sares
2175 2944 2188 2994 ;
2213 2935 2268 2982 et
2291 2926 2631 2999 apologiam
2655 2926 2863 2984 scribis
2884 2926 3051 2992 diem,
3087 2943 3228 2982 cum
3258 2931 3312 2984 te
3337 2942 3516 2984 nemo
3543 2943 3637 2984 ac-

265 3019 363 3066 καί
417 3035 499 3066 τοι
555 3022 834 3089 συγγνωμη
894 3023 1040 3069 πᾶσα
1093 3022 1184 3069 καὶ
1244 3016 1518 3089 ἀπολογία,
1568 3025 1752 3092 μακρῷ
1807 3025 1876 3087 τῷ

265 3108 445 3176 μέτρω
484 3113 579 3166 τῆς
616 3111 939 3180 κατηγορίας
989 3103 1262 3165 διέστηκεν
1297 3128 1310 3140 ο
1342 3107 1400 3158 ού
1432 3109 1534 3180 γὰρ
1580 3109 1740 3171 ἔστιν,
1782 3106 1876 3158 ούκ

267 3195 412 3245 ἔστιν
463 3193 596 3246 ἔλεον
649 3195 828 3260 αἰτεῖν,
880 3201 967 3247 καὶ
1011 3195 1160 3266 λόγον
1211 3193 1554 3267 ἀδικημάτων
1616 3196 1872 3259 ἀπαιτεῖν,

265 3283 407 3334 ὥστε
447 3287 518 3354 μὴ
557 3287 804 3356 πρότερον
857 3285 1024 3336 αἰτίαν
1091 3288 1227 3356 ἔχων
1281 3307 1292 3318 ·
1342 3283 1477 3361 εὗρες
1529 3284 1876 3358 ἀπολογούμε-

264 3390 370 3431 νος.
461 3368 534 3424 δι’
598 3373 665 3424 ὧν
737 3377 953 3426 σεαυτόν
1021 3377 1363 3449 μακροτάτων
1435 3375 1600 3447 λόγων
1680 3371 1876 3438 ἔδειξας

265 3467 547 3534 χρεώστην
581 3483 592 3494 ο
627 3463 720 3514 ούκ
750 3461 1139 3534 ἑπεκαλεσάμην
1166 3463 1295 3526 ὅλως
1325 3486 1336 3497 ·
1365 3471 1454 3516 καὶ
1485 3474 1584 3516 τῶν
1618 3465 1874 3518 Αἰσώπου

263 3548 432 3618 λόγων
484 3545 634 3602 οὐδὲν
683 3556 1026 3624 μετριωτέραν
1080 3554 1183 3623 ὁρῶ
1244 3557 1336 3610 τήν
1391 3551 1688 3624 ἀπολογίαν.
1753 3553 1875 3624 Ούχ

267 3641 525 3711 ἥμαρτον,
595 3636 740 3711 οἶμαι
803 3645 891 3692 καὶ
944 3648 1042 3692 τῶν
1091 3641 1158 3700 εἰς
1217 3643 1490 3714 Σωκράτην
1562 3640 1875 3714 ἐμπαροινή-

266 3730 468 3779 σάντων
523 3727 995 3802 ἀναισχυντοτέραν
1049 3731 1151 3804 ὁρῶ
1214 3734 1308 3788 τὴν
1374 3736 1728 3802 κατηγορίαν·
1787 3737 1874 3784 καὶ

267 3816 402 3886 ὑπὲρ
453 3818 543 3886 μὲν
600 3825 793 3868 σαυτοῦ
849 3817 920 3878 εἰς
967 3816 1094 3890 ἀέρα
1148 3813 1310 3889 δέρων
1364 3817 1702 3884 ἐπύκτευσας,
1763 3819 1876 3872 καθ’

265 3905 416 3975 ἡμῶν
463 3900 522 3956 δε
571 3904 688 3968 ὀξύν
749 3908 838 3978 μὲν
899 3912 989 3959 καὶ
1041 3904 1269 3980 σφοδρόν
1340 3911 1424 3959 τόν
1497 3905 1709 3981 δρόμον,
1767 3908 1876 3960 ἀλλ’

265 3992 530 4062 ἐπισφαλῆ
595 3999 684 4046 καὶ
779 3993 1006 4048 ἀναίτιον
1067 3993 1408 4067 διηγώνισαι.
1486 3996 1542 4049 ἸΙ
1613 4000 1714 4071 γάρ
1777 4006 1874 4048 τῶν

266 4081 490 4132 ἐπαίνων
531 4081 752 4145 αὔξησις
815 4085 873 4136 ού
947 4089 1098 4156 μόνον
1155 4081 1307 4138 οὐδὲν
1365 4088 1759 4158 παραιτεῖσθαι,
1807 4087 1873 4138 ὧν

264 4169 583 4242 ὑϐρίσμεθα,
632 4171 756 4224 ἀλλά
805 4178 894 4226 καὶ
944 4176 1028 4226 ἐπὶ
1079 4179 1136 4225 τό
1197 4175 1374 4245 μεῖζον
1413 4177 1529 4246 οἷγει
1578 4177 1642 4227 τά
1695 4175 1875 4246 ἐγκλή-

267 4279 432 4331 ματα.
493 4266 754 4315 Πίπτουσι
807 4264 898 4332 μὲν
929 4267 1026 4338 γὰρ
1085 4269 1324 4336 γεωργοὶ,
1377 4269 1465 4316 καὶ
1523 4274 1726 4329 ναύται,
1785 4271 1873 4318 καὶ

263 4357 607 4421 στρατιῶται,
693 4357 781 4404 καὶ
865 4352 1253 4421 παλιγκάπηλοι
1287 4374 1298 4386 ·
1355 4351 1458 4405 ἀλλ’

262 4437 468 4490 ἐκείνων
516 4449 706 4512 πτῶμα
762 4442 892 4514 φίλῳ
943 4441 1183 4504 ἀληθείας
1247 4445 1544 4514 περιάπτοι,
1625 4445 1654 4503 ἢ
1715 4463 1873 4517 στρα-

259 4531 429 4593 τηγῷ,
480 4523 510 4582 ἦ
570 4523 811 4600 ἀρχιερεῖ
863 4534 1016 4594 Θεοῦ,
1049 4529 1076 4586 ῆ
1114 4527 1286 4588 ἁπλῶς
1337 4525 1491 4600 ἀνδρὶ
1545 4537 1643 4580 τῶν
1675 4529 1872 4582 πολλῶν

262 4618 385 4674 ταῖς
415 4611 616 4686 ἀρεταῖς
647 4618 704 4666 τὸ
744 4614 997 4688 ἐξαίρετον
1037 4619 1234 4688 ἔχοντι,
1271 4615 1456 4690 βαϐαὶ,
1503 4617 1680 4676 ἡλίκον
1724 4620 1873 4683 οὗτος

693 4357 781 4404 καὶ
865 4352 1253 4423 παλιγκάπηλοι
1287 4374 1298 4386 ·
1355 4352 1458 4405 ἀλλ’
1548 4353 1630 4406 ἐάν
1689 4375 1762 4416 τις
1815 4359 1871 4408 τό

266 4697 366 4753 διὰ
415 4711 662 4774 μηχανῆς
718 4708 1122 4766 κατασκευάζων
1187 4704 1455 4777 ἀποφαίνει
1492 4711 1548 4758 τό
1604 4707 1869 4779 ἀτόπημα.

267 4790 423 4842 Οὕτω
475 4799 579 4852 τοῖς
611 4791 858 4858 ἐπαίνοις,
914 4796 977 4854 ὡς
1032 4794 1276 4846 ἀνωτάτω
1307 4799 1467 4866 φέρων
1515 4797 1674 4867 ἡμᾶς,
1709 4797 1774 4858 εἰς
1814 4801 1871 4850 τό

266 4877 566 4951 βαθύτατον
621 4881 874 4956 ἔρριψας·
935 4879 1135 4957 ἄνδρας
1187 4885 1488 4956 ἐπηρεάζειν
1561 4886 1714 4955 ἡμᾶς,
1783 4890 1872 4938 καὶ

262 4976 439 5028 κακῶς
497 4978 679 5034 ποιεῖν,
743 4972 1066 5043 αἰτιώμενος,
1119 4975 1194 5034 οἷς
1263 4971 1414 5025 οὐδὲν
1471 4973 1642 5036 αἰτίας
1692 4971 1873 5028 διαπέ-

263 5076 498 5130 πρακται
531 5080 543 5092 υ
573 5064 663 5110 καὶ
703 5065 816 5112 τότε
863 5068 1152 5136 συμφοραῖς
1181 5067 1416 5134 μυρίαις,
1473 5067 1562 5114 καὶ
1600 5067 1657 5114 τὸ
1708 5061 1872 5134 βαρύ-

265 5165 442 5212 τατον,
472 5148 600 5220 ὑπὲρ
651 5147 910 5212 ἀληθείας,
961 5151 1472 5222 περιαντλουμένους,
1520 5157 1610 5202 καὶ
1653 5155 1870 5221 πάντας,

264 5243 367 5286 τῶν
416 5239 594 5289 παθῶν
645 5247 715 5308 τῷ
766 5241 990 5310 μεγέθει,
1043 5245 1130 5291 καὶ
1186 5240 1368 5300 αὐτούς
1417 5244 1535 5302 τούς
1591 5240 1874 5313 ἐπιτιθεμέ-

263 5343 380 5385 νους
427 5325 500 5388 εἰς
555 5326 687 5379 ἔλεον
744 5327 998 5389 ἕλκοντας.
1053 5334 1138 5389 Τίς
1166 5331 1268 5403 γὰρ
1299 5331 1324 5380 ὁ
1372 5336 1474 5389 τοῖς
1524 5329 1870 5402 τηλικούτοις,

265 5413 326 5465 οὐ
370 5413 503 5485 λέγω
537 5414 738 5486 θλίψεις
781 5414 1014 5482 ἐπινοῶν,
1049 5415 1176 5469 ἀλλά
1225 5422 1296 5489 μή
1348 5422 1436 5470 καὶ
1491 5415 1698 5489 σφόδρα
1745 5439 1874 5491 καμ-

267 5504 540 5575 πτὸμενος,
575 5503 670 5557 οὐκ
700 5501 908 5573 ἄδικος,
943 5505 1037 5559 οὐκ
1067 5506 1221 5580 ὢμὸς,
1255 5505 1312 5559 οὐ
1352 5509 1437 5559 τὸν
1481 5513 1597 5559 νοῦν
1644 5510 1732 5559 καὶ
1778 5512 1872 5567 τήν

1985 3023 2186 3084 cuset;
2214 3020 2370 3072 certe
2388 3016 2560 3072 venia
2579 3031 2765 3088 quam
2779 3015 3130 3086 longissime
3159 3015 3238 3071 ab
3257 3016 3640 3072 accusatione

1985 3106 2369 3175 distinguitur
2402 3121 2413 3160 :
2450 3121 2569 3161 non
2602 3109 2798 3176 potest
2832 3104 3303 3161 misericordiam
3341 3109 3636 3177 expetere,

1984 3195 2089 3268 qui
2114 3195 2405 3250 rationem
2433 3194 2611 3265 exigit
2637 3197 2894 3265 acceptte
2915 3193 3168 3264 injuriae,
3191 3193 3304 3249 nisi
3321 3194 3487 3265 prius
3513 3209 3640 3251 rea-

1985 3289 2110 3340 tum
2143 3289 2534 3341 contraxerat.
2566 3285 2650 3340 Tu
2679 3283 3022 3356 apologiam
3054 3282 3443 3354 contexendo,
3475 3299 3641 3340 reum

1987 3378 2041 3430 te
2070 3373 2298 3444 prodis,
2329 3378 2382 3429 et
2407 3372 2773 3442 longissimae
2799 3370 3048 3427 rationis
3077 3370 3394 3427 reddenda
3416 3371 3642 3430 debito-

1985 3477 2132 3517 rem.
2169 3461 2424 3517 Omnino
2456 3464 2511 3516 te
2545 3477 2664 3517 non
2707 3458 3030 3532 appellavi,
3073 3459 3415 3531 apologiam
3453 3459 3640 3518 nihilo

1987 3549 2445 3605 moderatiorem
2490 3549 2691 3621 [Esopi
2731 3547 2948 3604 fabulis
2980 3547 3155 3603 video
3191 3565 3203 3602 :
3235 3548 3450 3620 opinor
3477 3548 3644 3605 haud

1985 3638 2226 3710 deliqui,
2270 3639 2714 3694 accusationem
2747 3636 3083 3693 institutam
3116 3636 3287 3693 video
3323 3637 3647 3695 vehemen-

1986 3727 2218 3789 tiorem,
2248 3743 2435 3799 quam
2456 3726 2692 3783 illorum
2718 3730 2863 3792 erat,
2885 3726 2983 3798 qui
3015 3728 3072 3780 in
3094 3725 3398 3782 Socratem
3423 3725 3644 3784 debac-

1985 3815 2340 3870 cbabantur.
2374 3815 2460 3869 Tu
2491 3830 2632 3884 ergo
2660 3830 2858 3870 aerem
2903 3814 3224 3871 verberans
3264 3830 3373 3886 pro
3426 3816 3638 3888 teipso,

1984 3908 2292 3958 concertas
2314 3904 2604 3958 adversus
2629 3918 2744 3966 me,
2770 3917 2948 3956 cursu
2965 3901 3173 3972 veloci,
3203 3902 3310 3957 sed
3335 3903 3565 3959 lubrico
3587 3907 3644 3961 et

1984 3991 2208 4046 incerto
2240 3989 2598 4045 contendisti
2626 3988 2857 4044 valide:
2889 3987 3306 4044 laudationum
3339 3988 3641 4061 siquidem

1983 4078 2383 4135 excrescentia
2408 4095 2526 4133 non
2549 4077 2728 4134 modo
2749 4077 2898 4133 nihil
2915 4077 3561 4136 excusatcontumelias
3577 4079 3640 4135 in

1984 4185 2078 4224 me
2113 4167 2444 4240 jactas,sed
2476 4167 2886 4224 accusationes
2912 4166 3208 4222 institutas
3222 4166 3640 4236 adaugetCon-

1983 4258 2189 4314 cidunt
2218 4256 2432 4321 coloni,
2466 4261 2685 4323 nautae,
2735 4255 2965 4321 milites,
3009 4271 3317 4328 caupones
3367 4276 3383 4312 :
3425 4255 3473 4310 si
3507 4256 3638 4328 quis

1983 4363 2191 4403 eorum
2206 4346 2408 4417 lapsus
2422 4355 2557 4402 ante
2574 4345 2874 4402 veritatem
2891 4348 3070 4412 amat,
3087 4343 3227 4400 duci
3243 4343 3331 4401 vel
3346 4344 3639 4402 sacerdoti

1987 4436 2085 4492 Dei
2103 4435 2429 4509 appendat,
2449 4439 2554 4492 aut
2569 4436 2900 4508 cuicunque
2929 4433 3143 4490 virtute
3162 4435 3468 4507 praestanti
3488 4435 3634 4501 viro,

1985 4541 2178 4598 papae,
2207 4541 2394 4598 quam
2425 4523 2758 4581 absurdum
2785 4523 2882 4580 ille
2913 4528 2969 4580 et
2995 4523 3384 4588 machinatur,
3416 4528 3472 4580 et
3512 4539 3637 4580 ma-

1983 4615 2210 4671 chinari
2231 4614 2602 4670 convincitur
2631 4636 2643 4667 :
2673 4619 2738 4670 tu
2761 4614 2842 4670 sic
2871 4613 3154 4669 laudibus
3179 4628 3274 4667 me
3297 4611 3358 4667 in
3381 4611 3638 4672 sublime

1983 4703 2254 4770 efferens,
2274 4704 2333 4758 in
2353 4703 2716 4775 profundum
2734 4701 2971 4772 mergis,
2988 4716 3240 4758 causans
3255 4717 3348 4756 me
3360 4700 3637 4760 homines

1982 4793 2263 4850 conviciis
2307 4793 2541 4848 afﬁcere
2585 4798 2642 4848 et
2671 4793 2728 4847 in
2775 4807 2845 4847 eo
2878 4789 3247 4856 malefacere,
3299 4791 3403 4862 qui
3434 4795 3637 4850 tamen

1981 4889 2146 4938 extra
2172 4882 2409 4961 culpam
2441 4898 2599 4947 sum,
2649 4881 2754 4954 qui
2797 4880 3127 4936 innumeris
3172 4879 3634 4949 calamitatibus,

1981 4972 2146 5044 quod
2177 4972 2385 5028 dolens
2411 4971 2568 5036 dico,
2598 4986 2707 5042 pro
2734 4969 2980 5026 veritate
3005 4967 3343 5035 exbaurior,
3375 4971 3481 5043 qui
3511 4986 3640 5028 om-

1983 5062 2147 5116 nium
2178 5061 2490 5132 passiones
2509 5059 2795 5130 gravitate
2814 5058 3076 5123 vicerim,
3107 5062 3164 5115 et
3186 5059 3346 5130 ipsos
3363 5059 3637 5117 inimicos

1983 5150 2128 5206 mihi
2174 5149 2523 5204 insultantes
2571 5148 2630 5204 in
2665 5146 3134 5203 misericordiam
3168 5146 3458 5204 ﬂexerim.
3494 5149 3637 5215 Quis

1983 5238 2219 5301 talibus,
2237 5253 2355 5292 non
2369 5238 2558 5293 dicam
2571 5235 2922 5292 aﬂlictiones
2935 5236 3304 5309 excogitans,
3323 5253 3444 5293 non
3458 5237 3635 5294 valde
3657 5257 3660 5260 ’

1982 5326 2329 5397 inﬂectetur,
2363 5327 2412 5382 si
2441 5325 2719 5398 injustus,
2750 5325 2996 5391 crudus,
3028 5325 3304 5392 crudelis,
3335 5325 3634 5383 barbarus

1983 5431 2104 5472 non
2138 5416 2230 5482 sit,
2261 5415 2314 5470 si
2334 5430 2456 5472 non
2480 5414 2823 5472 omnemilli
2840 5415 3195 5472 rationalem
3216 5419 3272 5472 et
3294 5415 3635 5473 humanum

1985 5520 2228 5562 sensum
2239 5509 2504 5579 potestas
2518 5520 2638 5564 non
2659 5505 3090 5578 exspectoravit
3108 5505 3136 5563 ?
3155 5505 3244 5564 Ita
3259 5505 3353 5577 sit,
3378 5505 3632 5578 inquies,
