4072 6232
510 202 617 261 855
1750 190 1990 256 ΡΗΟΤΙΙ
2024 198 2168 255 PATl

2277 200 2504 258 .RCHE
2543 202 2645 259 ΟΡ.
3756 211 3842 270 856

515 331 623 389 sed
650 335 705 389 te
735 330 999 406 oportuit
1017 346 1117 388 me
1135 333 1416 387 vocatum
1440 324 1733 385 consolari
1769 328 1932 391 :aut,
1957 324 2167 383 saltem

2277 330 2432 400 φύσιν
2474 327 2763 403 βάρϐαρος,
2817 327 2877 383 ού
2928 329 3104 383 πᾶσαν
3153 336 3534 406 περιηρημένος
3582 332 3849 405 λογικὴντι

516 421 578 479 in
629 421 931 482 secundis.
959 419 1010 476 si
1043 435 1165 476 non
1196 418 1363 481 illud,
1393 417 1731 490 permittere
1773 419 1837 472 ut
1875 412 2103 472 avolem
2134 429 2167 470 e

516 511 788 582 vestigio.
833 510 1054 567 Horum
1083 514 1363 565 neutrum
1403 522 1541 563 cum
1573 504 1874 569 succedat,
1911 520 2018 561 cur
2043 519 2167 559 non

510 617 612 658 me
644 600 901 656 summis
934 598 1105 655 malis
1136 597 1473 667 immergat,
1505 598 1561 652 et
1591 594 1827 651 vivendi
1858 593 2064 650 odium
2098 609 2168 649 ac

513 693 787 749 timorem
830 688 1011 745 faciat
1047 689 1076 746 7
1113 687 1236 752 Ast,
1280 701 1318 742 o
1362 685 1543 752 bone,
1587 689 1645 740 tu
1694 689 1752 741 et
1795 683 2080 748 virtuose,
2121 682 2168 738 si

512 782 776 853 ignoras,
798 777 962 851 quod
982 793 1077 832 me
1100 775 1585 849 persequentium
1604 773 1766 829 furor
1785 774 1843 829 in
1868 788 1963 828 me
1983 771 2173 828 effun-

519 870 695 935 ditur,
730 868 780 923 si
810 883 961 939 quas
987 870 1220 922 struunt
1249 864 1473 937 ubique
1518 863 1628 921 soli
1657 868 1715 919 et
1760 862 1869 919 sali
1920 860 2172 920 insidias

516 959 663 1016 forte
693 957 771 1013 ad
800 957 948 1013 alios
978 959 1304 1028 praetextas
1337 957 1684 1011 convertere
1718 953 1912 1025 possis
1958 952 2172 1009 oratio-

513 1064 675 1116 nem,
706 1046 871 1118 quod
904 1049 1024 1101 tute
1060 1045 1161 1099 tibi
1211 1050 1437 1100 struere
1466 1042 1745 1109 volueris,
1794 1049 1852 1099 et
1881 1058 1997 1097 non
2030 1041 2172 1097 iusi-

505 1137 762 1203 mulare,
797 1151 939 1191 cum
972 1134 1135 1207 quod
1161 1133 1376 1204 diligar
1403 1148 1523 1188 non
1555 1133 1863 1189 redamem
1900 1148 1912 1187 :
1951 1136 2010 1187 at
2033 1147 2171 1187 cum

514 1224 881 1299 experientia
910 1224 1039 1281 haec
1070 1224 1244 1287 scias,
1279 1230 1335 1278 et
1362 1223 1568 1278 litteris
1601 1238 1672 1278 ea
1704 1220 1924 1292 tragice
1971 1236 2170 1294 perse-

508 1316 737 1389 quaris,
789 1320 912 1371 tum
942 1315 1188 1370 demum
1222 1328 1465 1369 causam
1499 1311 1785 1367 sciscitari
1813 1328 1919 1367 cur
1949 1317 2001 1368 te
2050 1328 2171 1368 non

514 1404 880 1470 advocarim,
913 1419 1025 1459 nec
1050 1401 1364 1459 annuerim
1398 1407 1463 1458 ut
1492 1402 1767 1467 accedas,
1814 1417 1950 1456 cum
1983 1401 2044 1457 id
2073 1417 2172 1458 cu-

514 1510 683 1567 peres
721 1511 734 1562 ;
765 1508 884 1549 non
915 1497 1001 1548 est
1025 1491 1292 1548 hominis
1339 1506 1589 1547 causam
1622 1506 1756 1546 vere
1792 1491 2169 1563 requirentis,

514 1584 621 1641 sed
655 1584 960 1640 veritatem
991 1580 1071 1638 ob
1101 1580 1309 1637 oculos
1341 1586 1681 1635 versantem
1714 1580 2070 1649 negligentis
2118 1586 2176 1637 et

2274 422 2366 471 καὶ
2405 416 2751 492 ἀνθρωπίνην,
2811 420 2942 491 μετὰ
2986 428 3079 481 τῆς
3124 416 3386 494 δυνάμεως
3416 424 3675 481 αἴσθησιν
3706 441 3718 489 ;
3755 427 3847 482 εἷεν.

2276 503 2415 559 Ἀλλ’
2468 503 2575 559 ἔδει
2627 525 2705 571 σε,
2756 512 2909 580 φησὶ,
2981 508 3460 582 μετακαλεσάμενόν
3512 529 3579 583 με
3626 510 3852 585 ψυχαγω-

2274 602 2444 667 γῆσαι
2467 616 2479 628 ·
2508 596 2537 655 ἡ
2573 595 2618 649 εἰ
2654 600 2725 668 μὴ
2754 603 2928 665 τοῦτο,
2974 602 3034 650 τὸ
3079 605 3205 671 γοῦν
3261 595 3527 673 δεύτερον,
3583 603 3849 676 ὡρμημένον

2277 681 2549 756 ἐπιτρέψαι
2585 688 2969 758 παραγενέσθαι
3016 703 3030 715 ⁸
3085 691 3143 741 τό
3186 684 3244 741 δὲ
3284 685 3575 763 μηδέτερον
3626 690 3852 765 προϐῆναι

2276 774 2487 839 τούτων,
2528 782 2639 836 πῶς
2668 774 2727 826 ού
2775 780 2884 838 τόίς
2918 774 3170 849 ἐσχάτοις
3214 797 3279 850 με
3329 777 3629 851 περιϐάλλει
3676 788 3849 845 κακοῖς,

2278 865 2367 913 καὶ
2404 865 2531 934 πρός
2572 870 2729 935 μῖσος
2774 863 2961 937 ἀπάγει
3010 870 3101 918 καὶ
3145 866 3306 919 αὐτοῦ
3334 874 3424 920 τοῦ
3460 870 3603 940 Civ;
3645 868 3793 934 Ἀλλ’,
3821 868 3852 922 ὦ

2279 950 2401 1003 καλε
2442 957 2532 1004 καὶ
2590 951 2770 1024 ἀγαθὲ,
2827 954 2870 1008 εἰ
2918 957 3007 1027 μεν
3048 955 3269 1027 ἠγνόεις,
3319 958 3416 1015 ὅση
3470 957 3596 1010 καθ’
3641 959 3778 1030 ἡμῶν
3826 961 3847 1017 ἡ

2280 1044 2425 1098 κοινὴ
2454 1050 2552 1093 τῶν
2604 1039 2899 1095 διωκόντων
2937 1048 3158 1116 κέχυται
3203 1044 3395 1112 λύσσα,
3446 1051 3543 1099 καὶ
3595 1049 3707 1109 οἶας
3752 1067 3857 1100 παν.

2279 1137 2453 1201 ταχοῦ
2512 1138 2603 1202 γῆς
2678 1128 2877 1204 σχεδόν
2943 1138 3030 1186 καὶ
3092 1134 3383 1201 θαλάσσης,
3439 1137 3534 1196 τὰς
3608 1135 3856 1199 ἐπιϐουλὰς

2284 1220 2495 1283 ἑστῶσι,
2527 1227 2618 1274 καὶ
2648 1224 2714 1274 τὰ
2751 1219 2953 1294 ἓνεδρα,
2984 1225 3131 1295 τάχα
3169 1223 3228 1276 ἂν
3278 1224 3348 1287 εἰς
3386 1224 3551 1287 ἀλλας
3605 1228 3856 1298 προφάσεις

2282 1310 2441 1379 ἔσχες
2486 1308 2637 1381 λόγον
2696 1310 2979 1387 ἀναφέρειν,
3024 1313 3093 1363 ὧν
3140 1311 3371 1380 ἐϐούλου,
3425 1320 3526 1372 τὴν
3587 1313 3855 1386 ἀποτυχίαν

2282 1402 2372 1449 καὶ
2419 1397 2756 1453 ἑπαιτιᾶσθαι
2810 1413 2858 1466 Υ,
2913 1402 2994 1453 ὅτι
3038 1406 3109 1473 μὴ
3162 1407 3364 1478 στέργω
3411 1409 3779 1477 στεργόμενσς·
3808 1408 3855 1455 τὸ

2285 1483 2343 1539 δε
2371 1492 2461 1539 καί⁵
2496 1494 2768 1560 γινώσκειν
2799 1490 2927 1563 αὐτῇ
2964 1497 3117 1565 πείρᾳ
3170 1500 3354 1554 ταῦτα,
3388 1497 3481 1544 καὶ
3536 1490 3856 1565 ἐκτραγῳδὼ

2281 1574 2376 1627 κάν
2405 1577 2509 1637 τοῖς
2562 1581 2888 1651 γράμμασιν,
2944 1577 3052 1633 εἶτα
3100 1580 3275 1642 ζητεῖν
3332 1581 3510 1633 αἰτίαν
3560 1581 3732 1647 ἄλλην,
3779 1579 3857 1635 διὰ

511 1677 831 1745 praetextas
859 1669 1267 1741 excogitantis,
1299 1684 1404 1741 per
1443 1684 1596 1741 quos
1625 1684 1746 1724 non
1799 1669 2168 1741 impudenter

2280 1669 2334 1716 τί
2391 1671 2463 1737 μὴ
2532 1669 2896 1739 μετάπεμπτον
2975 1688 3033 1721 σε
3087 1672 3437 1742 πεποίημεθα,
3525 1668 3657 1743 μηδ’
3720 1670 3855 1723 ἐλθεῖν

514 1761 773 1817 videaris
804 1775 900 1816 me
932 1762 986 1815 et
1016 1759 1090 1814 de
1115 1758 1280 1830 justa
1320 1774 1503 1813 causa
1538 1761 1808 1814 tractare.
1852 1758 1963 1815 Sed
1995 1775 2173 1815 scena

518 1854 576 1906 et
592 1850 888 1906 theatrum
910 1849 971 1905 in
991 1864 1102 1904 nos
1124 1852 1495 1903 commotum
1522 1847 1599 1902 ita
1627 1847 1896 1902 consedit
1919 1864 1932 1903 :
1960 1856 2173 1905 cmtera

513 1939 677 2014 quod
697 1938 921 2004 attinet,
943 1935 1320 1993 sedulitatem
1336 1935 1506 1992 video
1524 1935 1822 2008 pueriliter
1844 1936 2132 1993 libantem
2155 1954 2170 2004 ;

517 2028 911 2098 dejectionem
941 2025 1003 2081 in
1042 2025 1229 2081 risum
1278 2040 1515 2080 versam
1570 2023 1864 2097 lacrymas
1919 2025 2171 2082 chorum

509 2112 811 2170 comicum
844 2110 1197 2167 cantitantes
1231 2125 1244 2166 :
1269 2124 1413 2165 nam
1441 2125 1577 2182 quae
1600 2109 1977 2179 contigerunt
2007 2109 2171 2182 plan-

513 2217 673 2274 gere,
701 2207 758 2258 et
810 2200 889 2257 ad
941 2199 1271 2272 passiones,
1307 2197 1574 2264 morbos,
1606 2197 1907 2254 fortunam
1955 2199 2170 2257 referre

511 2292 731 2348 animm
748 2289 1033 2346 indicium
1059 2286 1548 2361 estdeplorantis,
1571 2294 1628 2344 et
1650 2287 1877 2344 sincere
1899 2294 2171 2358 satagen-

506 2381 599 2448 tis,
629 2384 694 2437 ut
720 2379 890 2436 labes
918 2382 1256 2435 contractas
1304 2376 1464 2433 eluat
1496 2394 1509 2433 :
1542 2384 1602 2433 at
1647 2376 1963 2445 afﬁrmare,
2008 2379 2170 2435 hunc

513 2470 857 2542 deliquisse,
915 2467 1095 2524 alium
1151 2482 1289 2522 eum
1341 2464 1655 2522 defendere
1703 2475 2044 2533 conantem,
2093 2484 2168 2524 ne

511 2560 712 2618 dicam
766 2574 778 2614 :
830 2559 1129 2624 Quorsum
1162 2560 1219 2611 te
1257 2556 1523 2627 exagitas
1554 2571 1661 2628 pro
1704 2556 1839 2623 alio,
1883 2557 2030 2629 quid
2077 2573 2168 2613 res

527 2663 828 2722 prospera:
870 2645 1028 2702 illius
1056 2649 1112 2701 te
1142 2645 1481 2717 respiciunt,
1513 2646 1617 2717 qui
1653 2661 1775 2701 non
1818 2647 2165 2703 relationem

521 2738 706 2797 habet
736 2737 811 2794 ad
848 2744 902 2792 te
932 2736 961 2793 7
992 2734 1257 2790 Permitte
1287 2733 1454 2790 illum
1489 2735 1675 2791 reatui
1706 2751 1818 2791 suo
1852 2752 1865 2790 :
1898 2741 1955 2791 et
1986 2735 2030 2789 si
2065 2736 2167 2791 tibi

518 2827 805 2901 torqueri,
830 2823 1152 2889 verberari,
1175 2823 1297 2897 pati
1321 2839 1457 2895 quae
1483 2824 1733 2895 dignum
1756 2828 1839 2880 est
1858 2840 1993 2881 eum
2017 2826 2160 2898 pati,

511 2918 618 2991 qui
656 2916 717 2973 in
757 2919 810 2972 te
862 2913 1148 2971 malitiam
1198 2913 1478 2979 exercuit,
1533 2919 1589 2970 et
1631 2914 1909 2970 virtutem
1961 2915 2157 2987 ipsam

2280 1751 2558 1814 ἐξητηκότι
2604 1761 2977 1830 κατενεύσαμεν
3015 1775 3029 1789 ⁸
3061 1758 3120 1810 ού
3165 1758 3445 1821 ζητούντός
3496 1759 3639 1813 ἐστιν
3688 1759 3851 1823 αἰτίαν,

2280 1840 2408 1895 ἀλλά
2462 1848 2555 1902 τήν
2609 1843 2961 1905 ἀληθεστάτην
2990 1852 3080 1900 καὶ
3132 1851 3233 1921 πρὸ
3281 1848 3563 1922 ὀφθαλμῶν
3618 1857 3853 1922 παρορῶνο

2280 1950 2386 1998 τος,
2440 1937 2529 1985 καὶ
2574 1936 2852 2010 προφάσεις
2899 1934 3362 2009 ἕκμηχανωμένου,
3425 1935 3502 1992 δι’
3560 1939 3627 1989 ὧν
3673 1939 3729 1991 ού
3776 1941 3851 2010 μεν

2278 2016 2368 2073 οὖν
2397 2021 2490 2073 ούκ
2520 2023 2736 2093 ἔχοντας
2789 2023 2963 2076 αἰτίαν
3010 2021 3211 2091 δόξαις,
3254 2026 3349 2079 ούκ
3398 2026 3461 2078 ἂν
3520 2026 3851 2099 ἀναισχύντως

2278 2109 2392 2162 λίαν
2458 2120 2626 2172 κακῶς
2704 2114 2840 2184 ἡμᾶς
2888 2113 3065 2169 εἰπεῖν.
3137 2114 3276 2168 Ἀλλ’
3326 2117 3356 2174 ἠ
3572 2121 3689 2191 περὶ
3739 2118 3850 2185 ὸμᾱς

2281 2205 2470 2267 σκηνὴ,
2502 2206 2592 2254 καὶ
2633 2205 2691 2254 τὸ
2743 2205 2972 2276 θέατρον,
3017 2207 3265 2263 τοιαύτην
3321 2204 3488 2278 ἔλαχε
3539 2211 3633 2265 τὴν
3686 2204 3850 2258 ὑποϐά-

2281 2292 2405 2361 Θραν
2439 2308 2453 2320 ·
2486 2293 2551 2343 τὰ
2580 2288 2633 2343 δ’
2662 2291 2806 2351 ἄλλα,
2858 2290 3098 2353 σπουδὴν
3128 2296 3232 2367 ὁρῶ
3262 2290 3461 2347 παιδία
3507 2292 3848 2367 σπενδομένην,

2277 2382 2366 2430 καὶ
2421 2384 2701 2452 κατήφειαν
2747 2380 2951 2453 γε’λωτι,
3004 2387 3095 2435 καὶ
3168 2387 3401 2455 κωμικὸν
3464 2388 3630 2460 χορόν
3681 2381 3848 2455 ᾅδοντα

2277 2463 2503 2541 δάκρυα.
2552 2473 2623 2521 Τό
2660 2473 2751 2541 μὲν
2792 2473 2894 2542 γὰρ
2943 2468 3318 2547 ὀδύρεσθαιτά
3357 2472 3742 2545 συμϐεϐηκότα,
3777 2477 3849 2523 καὶ

2276 2560 2405 2631 πρὸς
2450 2559 2593 2616 πάθη
2643 2564 2734 2612 καὶ
2784 2566 2971 2622 νόσους
3024 2566 3114 2614 καὶ
3168 2564 3339 2634 τύχας
3384 2565 3740 2636 καταφεύγειν,
3766 2560 3847 2631 φν-

2274 2654 2383 2717 χῆς
2421 2646 2561 2700 ἔστιν
2600 2648 2998 2723 ὀλοφυρομένης,
3043 2655 3133 2703 καὶ
3184 2649 3603 2714 σπουδαζούσης
3639 2651 3841 2711 ἀληθῶς·

2274 2737 2398 2787 εἴτι
2449 2742 2539 2788 καὶ
2582 2737 2895 2811 προσεῦιηφε
2944 2747 3043 2792 τῶν
3088 2736 3321 2797 κηλίδων
3378 2740 3755 2812 ἀπονίψασθαι.
3787 2740 3841 2792 Τό

2273 2821 2323 2877 δ’
2378 2824 2528 2878 ἄλλον
2571 2829 2660 2899 μὲν
2713 2827 2873 2899 λέγειν
2912 2832 2998 2881 τόν
3047 2829 3413 2902 ἀμαρτηκότα,
3468 2832 3633 2904 ἕτερον
3679 2826 3733 2882 δι
3772 2833 3841 2881 τόν

2269 2915 2396 2988 ύπερ
2454 2914 2648 2968 ἐκείνου
2711 2916 2942 2987 λέγοντα,
3016 2920 3099 2970 ἶνα
3152 2923 3224 2990 μὴ
3278 2918 3413 2991 λέγω
3472 2922 3613 2980 τέως.
3663 2924 3721 2972 Τί
3767 2913 3840 2969 ούν

508 3004 883 3066 contumeliis
930 3002 1128 3061 affecit
1161 3019 1174 3057 :
1206 3018 1281 3058 ne
1310 3001 1533 3075 aliquid
1566 3003 1917 3075 hujusmodi
1970 3005 2161 3076 profe-

2277 3004 2393 3076 ὓπερ
2452 3004 2627 3079 ἐτέρου
2677 3010 2885 3069 κόπτεις
2926 3012 3138 3060 σεαυτόν
3185 3024 3199 3074 ;
3244 3012 3296 3060 τί
3348 3005 3413 3062 δέ
3467 3028 3553 3062 σοι
3596 3008 3725 3080 μέλει
3764 3012 3838 3057 τού

505 3114 637 3156 ram
678 3096 763 3171 (in
802 3094 1046 3152 ludicris
1087 3093 1242 3149 serio
1282 3092 1582 3162 agendum
1623 3109 1746 3149 non
1785 3094 1915 3167 est),
1957 3100 2156 3151 tamen

506 3201 844 3257 congruum
874 3187 985 3249 est,
1017 3189 1081 3238 ut
1106 3181 1163 3237 id
1194 3197 1404 3237 omnes
1451 3179 1767 3252 atﬁrment,
1798 3184 2155 3255 sapientiam

506 3275 670 3333 illam
693 3275 929 3341 decere,
953 3272 1100 3329 tales
1121 3270 1422 3327 admittere
1444 3270 1935 3345 apologias,quas
1958 3274 2161 3329 suavis

508 3366 604 3423 ille
624 3362 1047 3434 Aristophanes
1073 3364 1138 3417 ut
1164 3358 1523 3431 coryphaeus
1555 3363 1732 3415 texat.
1757 3362 1826 3414 At
1852 3360 2013 3416 enim
2038 3377 2160 3417 non

510 3460 599 3512 est
622 3455 736 3510 hoc
761 3450 1126 3523 jucundum,
1151 3452 1454 3519 utcunque
1480 3449 1763 3521 peripsas
1789 3451 2008 3522 gratias
2032 3451 2163 3507 Phi-

510 3543 809 3600 listionem
838 3540 1056 3595 referat
1085 3554 1099 3593 :
1132 3536 1281 3592 illud
1311 3542 1513 3593 autem
1543 3553 1776 3593 summe
1815 3539 2163 3597 delectabile

510 3631 811 3688 ludentem
823 3629 1137 3683 contexere
1151 3625 1808 3699 apologiam,tanquam
1835 3629 1893 3683 in
1916 3644 1977 3684 re
1992 3630 2162 3687 valde

513 3719 668 3776 seria
691 3722 748 3773 et
770 3714 1081 3791 splendide
1105 3713 1268 3784 justa
1292 3728 1303 3768 :
1332 3714 1479 3787 quin
1503 3712 1714 3770 offerre
1724 3716 2160 3788 juramentum,

514 3813 572 3867 et
600 3805 997 3869 sciscitari,an
1012 3802 1230 3876 aliquis
1245 3802 1449 3875 sit,qui
1474 3820 1608 3859 cum
1639 3821 1795 3860 unus
1816 3810 2162 3878 captaverit,

513 3898 698 3956 alium
731 3895 909 3968 culpa
937 3892 1123 3949 teneri
1149 3893 1378 3964 justum
1422 3899 1606 3964 putet.
1647 3895 1810 3951 Certe
1850 3900 2019 3951 tuum
2051 3897 2166 3953 hoc

511 3984 929 4062 philosophice
942 3985 1295 4056 usurpatum
1308 4026 1321 4052 ,
1334 3997 1456 4037 non
1470 3982 1641 4038 modo
1655 3984 1999 4056 sapientiam
2015 3986 2166 4041 Aris-

509 4077 901 4150 tophaneam,
951 4076 1008 4129 et
1053 4071 1313 4127 universi
1360 4072 1575 4142 poetici
1621 4072 1872 4144 generis,
1919 4082 2071 4130 artes
2109 4079 2168 4130 et

514 4166 831 4225 methodos
857 4163 1116 4221 novitate
1145 4178 1255 4218 sua
1284 4161 1563 4234 obscurat
1596 4178 1608 4217 ε
1636 4162 1796 4235 quod
1824 4163 1872 4218 si
1897 4164 2166 4221 oblatum

513 4273 639 4315 non
668 4258 829 4312 esset
843 4254 1277 4327 juramentum,
1303 4267 1396 4307 me
1417 4250 1475 4306 in
1504 4251 1900 4309 admiratione
1922 4256 2167 4311 comicae

2265 3095 2398 3145 κατὰ
2448 3090 2616 3165 μηδέν
2668 3114 2753 3148 σοι
2790 3102 3142 3168 προσήκοντος
3171 3114 3185 3164 ;
3218 3097 3305 3152 Ἐα
3362 3106 3546 3151 τοῦτον
3592 3100 3638 3150 ἓν
3679 3095 3841 3154 αἰτίαις

2268 3179 2416 3247 εἶναι,
2447 3187 2537 3235 καὶ
2568 3179 2697 3236 εἰδέ
2738 3203 2821 3236 σοι
2874 3184 3272 3249 στρεϐλοῦσθαι,
3329 3191 3420 3238 καὶ
3456 3186 3835 3259 μαστιγοῦσθαι,

2267 3276 2357 3324 καὶ
2386 3273 2634 3343 πάσχειν,
2674 3272 2709 3325 ἂ
2737 3276 2968 3346 πάσχειν
2997 3275 3159 3338 ἄξιος,
3189 3279 3347 3327 κακόν
3377 3281 3500 3350 περὶ
3541 3279 3597 3328 σε
3634 3277 3838 3347 φανέντα,

2268 3366 2357 3413 καὶ
2412 3369 2602 3435 μικροῦ
2655 3368 2747 3420 τήν
2795 3360 2980 3436 ἀρετὴν
3025 3362 3347 3438 ἕνυϐρίσντα.
3407 3372 3521 3419 ’Ίνα
3572 3361 3657 3418 οὖν
3699 3359 3838 3436 μηδὲν

2268 3458 2370 3503 τῶν
2420 3453 2666 3503 τοιούτων
2712 3450 2844 3522 λέγω
2878 3455 3030 3519 (Em;
3082 3456 3183 3527 γὰρ
3248 3450 3374 3507 ούδε
3420 3451 3508 3507 δεῖ
3553 3450 3837 3512 σπουδάζειν

2270 3538 2321 3592 ἐν
2359 3540 2639 3611 παικτοῖς),
2693 3540 2799 3593 ἀλλ’
2843 3540 3002 3595 ἕκεῐνο
3051 3546 3255 3606 πάντως
3299 3542 3461 3597 εἰπεῖν
3506 3538 3837 3619 πρεπωδέστα-

2270 3648 2376 3695 τον,
2420 3632 2487 3691 ὡς
2524 3630 2717 3690 ἐκείνης
2756 3629 2868 3683 ἐστὶ
2899 3638 2990 3692 τῆς
3034 3638 3237 3704 σοφίας,
3282 3637 3535 3696 τοιαύτας
3585 3638 3734 3706 φέρειν
3768 3630 3838 3688 τὰς

2273 3716 2570 3789 ἀπολογίας,
2664 3718 2728 3781 ἧς
2793 3718 3180 3794 ’Δριστοφάνης
3258 3722 3282 3773 ό
3338 3721 3501 3785 καλός
3594 3726 3837 3794 κορυφαίθς

2271 3808 2609 3867 καθέστηκεν.
2643 3808 2781 3863 Ἀλλ’
2811 3809 2954 3881 ούπῳ
3002 3817 3154 3863 τοῦτο
3183 3817 3391 3886 χαρίεν,
3425 3816 3519 3865 καὶ
3544 3830 3622 3865 τοι
3659 3815 3712 3868 νὴ
3760 3812 3836 3864 τὴν

2273 3898 2457 3969 χάριν,
2488 3897 2844 3951 Φιλιστιώνιον
2871 3903 2924 3951 ὄν
2958 3916 2969 3928 ’
3017 3897 3124 3951 ἀλλ’
3177 3899 3337 3954 ἐκεῖνο
3387 3905 3748 3976 χαριέστατον,
3787 3899 3834 3947 τὸ

2272 3985 2531 4048 παίξαντα
2580 3991 2672 4045 τὴν
2720 3985 3024 4059 ἀπολογίαν,
3077 3992 3146 4050 ὡς
3205 3988 3288 4042 ἐπὶ
3342 3988 3461 4043 λίαν
3513 3984 3834 4057 ἐσπουδασμέ-

2273 4094 2395 4136 νοις,
2441 4080 2529 4127 καὶ
2576 4079 2634 4127 τὸ
2684 4072 2892 4129 δίκαιον
2931 4076 3166 4153 λαμπρόν
3209 4075 3671 4151 ἐπιδεδειγμένοις,
3714 4078 3836 4148 ὅρκον

2273 4183 2326 4217 τε
2373 4163 2600 4236 ἐπάγειν,
2651 4169 2740 4216 καὶ
2791 4161 3256 4236 διαπυνθάνεσθαι,
3291 4169 3361 4230 ὡς
3401 4168 3490 4241 ἄρ’
3533 4167 3641 4220 ἔστι
3675 4184 3746 4225 τις
3770 4160 3836 4212 ἆν-

2278 4255 2513 4327 θρώπων,
2562 4252 2716 4306 ἄλλον
2760 4259 3098 4320 πταίσαντος,
3147 4256 3315 4329 ἕτερον
3363 4260 3461 4316 τὴν
3518 4253 3667 4314 δίκην
3709 4252 3837 4315 ἀξιῶν

513 4344 766 4405 lusionis
784 4349 842 4400 et
861 4342 1204 4399 dramatum
1235 4340 1438 4395 sistere
1468 4340 1812 4398 voluissem.
1836 4342 1981 4399 Cum
2003 4359 2164 4416 vero,

2277 4344 2621 4415 πράττεσθαι.
2681 4343 2757 4395 Ού
2809 4346 2908 4417 γὰρ
2980 4349 3073 4403 τὴν
3117 4345 3526 4418 Ἀριστοφάνους
3587 4350 3726 4419 μόνον
3765 4359 3839 4392 σο-

515 4433 684 4510 quod
714 4448 835 4491 non
865 4429 1123 4505 oportuit
1149 4428 1295 4495 ﬁeri,
1320 4429 1476 4484 Deus
1492 4429 1649 4500 jocis
1668 4430 2056 4489 intermedius
2076 4449 2170 4491 ve-

516 4526 664 4595 niat,
697 4526 854 4580 certe
878 4520 980 4595 qui
1011 4516 1312 4575 veritatem
1356 4532 1476 4573 non
1504 4517 1629 4575 vult
1658 4518 1871 4587 dicere,
1905 4536 2074 4578 reum
2114 4527 2170 4579 te

519 4614 712 4688 culpae
752 4614 1002 4686 peractae
1039 4622 1164 4666 non
1203 4610 1467 4681 peraget,
1509 4606 1614 4663 sed
1657 4623 1766 4663 nec
1797 4610 1961 4665 omni
1991 4610 2171 4684 culpa

520 4708 739 4761 eximet
766 4718 780 4770 ;
811 4699 1150 4774 usquedum
1170 4697 1483 4771 perspicue
1512 4697 1705 4768 magis
1727 4704 1989 4756 mentem
2008 4704 2171 4757 tuam

522 4807 624 4864 per
651 4790 834 4848 verba
858 4795 962 4848 tua
982 4787 1347 4846 intellexerit.
1372 4786 1681 4844 Neminem
1705 4786 1869 4855 olim,
1893 4788 2171 4856 arbitror,

524 4879 733 4935 similis
738 4878 983 4950 jocandi
997 4877 1137 4934 mod
1147 4894 1214 4932 us
1226 4882 1395 4932 reatu
1408 4874 1635 4942 exemit,
1650 4876 1824 4948 idque
1836 4882 2176 4936 constanter

526 4982 638 5039 ego
665 4966 921 5035 afﬁrmo,
952 4967 1036 5023 uti
1060 4971 1116 5023 et
1143 4966 1449 5023 neminem
1478 4980 1606 5021 esse
1633 4964 1825 5040 culpae
1850 4965 2173 5024 obnoxium

524 5061 765 5129 propter
792 5056 1039 5130 jocandi
1069 5071 1267 5122 usum,
1300 5054 1425 5128 qui,
1461 5070 1597 5111 cum
1631 5054 1784 5112 alius
1802 5070 2009 5111 revera
2045 5072 2176 5128 pec-

529 5144 774 5213 caverit,
817 5149 1114 5201 mereatur
1141 5160 1353 5217 poenas
1396 5144 1620 5209 subire,
1654 5148 1757 5201 aut
1799 5146 2013 5201 rationi
2049 5145 2173 5201 red-

432 5226 439 5233 ’
527 5233 744 5293 dandae
788 5232 1119 5305 subjacere.
1157 5233 1275 5291 Nec
1310 5233 1462 5290 inter
1482 5233 1720 5305 judices
1760 5241 2028 5307 repertus
2070 5240 2178 5301 est,

2279 4436 2413 4505 φίαν,
2483 4430 2609 4483 ἀλλὰ
2664 4437 2753 4486 καὶ
2812 4436 3003 4496 παντὸς
3050 4431 3241 4486 ἐκείνου
3297 4442 3387 4487 τοῦ
3446 4441 3636 4507 γένους,
3684 4434 3839 4501 τέχνας

2280 4523 2473 4585 πάσας,
2508 4540 2597 4573 και
2644 4523 2814 4583 πάσας
2856 4519 3128 4595 μεθόδους,
3183 4530 3245 4596 τῇ
3301 4528 3680 4599 καινοπρεπείᾳ,
3714 4525 3836 4570 τοῦτο

2283 4606 2350 4668 δὴ
2383 4613 2440 4661 τό
2476 4614 2564 4662 σὸν
2610 4608 2996 4686 ἀποκρύπτεται
3045 4611 3378 4684 φιλοσόφημα
3410 4634 3423 4646 ·
3478 4612 3583 4664 ἀλλ’
3609 4611 3648 4663 εὶ
3686 4610 3765 4681 μὲν
3790 4600 3836 4660 ἦν

2282 4703 2351 4771 μὴ
2414 4699 2793 4771 προτεθειμένος
2844 4699 3009 4773 ὅρκος,
3067 4704 3231 4775 μέχρι
3301 4708 3391 4755 τοῦ
3445 4700 3713 4772 θαυμάζειν
3759 4696 3835 4749 τήν

2282 4792 2518 4859 κωμικὴν
2573 4785 2813 4851 παιδιὰν,
2868 4788 3088 4862 ἐμαυτὸν
3141 4787 3352 4843 ἐδίδουν
3401 4789 3463 4843 ἂν
3510 4795 3596 4842 καὶ
3630 4790 3690 4840 τὰ
3732 4779 3835 4855 δράο

2284 4896 2427 4950 ματα
2475 4878 2615 4930 Ἐπεὶ
2647 4873 2706 4929 δὲ
2747 4882 2836 4930 καὶ
2867 4881 3011 4944 Θεὸς,
3045 4878 3103 4931 ού
3145 4875 3261 4931 δέον
3306 4884 3448 4952 μέσῳ
3483 4874 3688 4937 παιδιάς
3727 4888 3812 4941 avg:

2286 4969 2630 5039 προτίθειται,
2736 4964 2933 5038 ἀνάγκη
3010 4973 3099 5020 καὶ
3177 4973 3249 5040 μὴ
3335 4968 3638 5042 βουλόμενον
3703 4961 3832 5029 λέγειν

2287 5055 2513 5119 τάληθῆ,
2563 5054 2744 5127 ἔνοχον
2794 5060 2884 5126 μὲν
2941 5052 3028 5109 οὖν
3074 5062 3517 5131 προηγησαμένης
3571 5055 3726 5112 αἰτίας
3761 5044 3832 5099 εὗκ

2288 5146 2348 5198 ἄν
2411 5163 2469 5197 σε
2523 5150 2700 5217 φαίην,
2760 5142 2877 5197 οὐδ’
2932 5143 2993 5196 ἂν
3045 5146 3200 5198 πάλιν
3246 5146 3504 5208 παντελῶς
3555 5142 3830 5195 ἀνυπαίτιονι

2290 5234 2385 5296 ἕως
2413 5233 2474 5286 ἂν
2507 5239 2594 5292 τὴν
2645 5239 2742 5293 σὴν
2797 5230 3053 5303 διάνοιαν,
3104 5232 3199 5288 διὰ
3242 5244 3343 5287 τῶν
3393 5244 3494 5288 σῶν
3540 5238 3717 5306 φωνῶν,
3748 5224 3834 5276 λεν·

1869 5359 2110 5417 νΑιιιίΕ
2149 5359 2440 5419 LECTlON
2449 5358 2550 5417 ES.

601 5507 637 5559 y
687 5496 772 5556 ἶσ.
809 5497 884 5572 μὴ
925 5489 1306 5549 ἓπαιτίαισθαι.
