  <div class='ocr_page' id='page_1' title='image "/cluster/home/n/w/nwhite01/storage/ocr_20150623/102/hvd.32044073502155/462.png"; bbox 0 0 4072 6232; ppageno 0'>
   <div class='ocr_carea' id='block_1_1' title="bbox 281 253 388 309">
    <p class='ocr_par' dir='ltr' id='par_1_1' title="bbox 281 253 388 309">
     <span class='ocr_line' id='line_1_1' title="bbox 281 253 388 309; baseline -0.019 0"><span class='ocrx_word' id='word_1_1' title='bbox 281 253 388 309; x_wconf 77' lang='grc'>857</span> 
     </span>
    </p>
   </div>
   <div class='ocr_carea' id='block_1_2' title="bbox 1549 255 2420 316">
    <p class='ocr_par' dir='ltr' id='par_1_2' title="bbox 1549 255 2420 316">
     <span class='ocr_line' id='line_1_2' title="bbox 1549 255 2420 316; baseline -0.007 0"><span class='ocrx_word' id='word_1_2' title='bbox 1549 257 2062 316; x_wconf 79' lang='lat' dir='ltr'>EPISTOLARUM</span> <span class='ocrx_word' id='word_1_3' title='bbox 2102 255 2314 312; x_wconf 80' lang='lat' dir='ltr'>LIBER</span> <span class='ocrx_word' id='word_1_4' title='bbox 2353 255 2420 311; x_wconf 94' lang='lat' dir='ltr'>II.</span> 
     </span>
    </p>
   </div>
   <div class='ocr_carea' id='block_1_3' title="bbox 3545 251 3648 309">
    <p class='ocr_par' dir='ltr' id='par_1_3' title="bbox 3545 251 3648 309">
     <span class='ocr_line' id='line_1_3' title="bbox 3545 251 3648 309; baseline 0.019 -2"><span class='ocrx_word' id='word_1_5' title='bbox 3545 251 3648 309; x_wconf 75' lang='lat'>858</span> 
     </span>
    </p>
   </div>
   <div class='ocr_carea' id='block_1_4' title="bbox 282 374 1848 456">
    <p class='ocr_par' dir='ltr' id='par_1_4' title="bbox 282 379 1848 455">
     <span class='ocr_line' id='line_1_4' title="bbox 282 379 1848 455; baseline 0.003 -25"><span class='ocrx_word' id='word_1_6' title='bbox 282 383 489 454; x_wconf 76' lang='grc' dir='ltr'>κότερον</span> <span class='ocrx_word' id='word_1_7' title='bbox 540 379 902 455; x_wconf 85' lang='grc' dir='ltr'>ἁναμάθωμεν.</span> <span class='ocrx_word' id='word_1_8' title='bbox 950 382 1071 436; x_wconf 79' lang='grc' dir='ltr'>Ὀτι</span> <span class='ocrx_word' id='word_1_9' title='bbox 1125 379 1183 436; x_wconf 64' lang='grc' dir='ltr'>δι</span> <span class='ocrx_word' id='word_1_10' title='bbox 1239 379 1427 436; x_wconf 83' lang='grc' dir='ltr'>ούδένα</span> <span class='ocrx_word' id='word_1_11' title='bbox 1483 387 1605 437; x_wconf 73' lang='grc' dir='ltr'>ποτε</span> <span class='ocrx_word' id='word_1_12' title='bbox 1656 393 1755 436; x_wconf 86' lang='grc' dir='ltr'>τῶν</span> <span class='ocrx_word' id='word_1_13' title='bbox 1782 390 1848 437; x_wconf 75' lang='grc' dir='ltr'>ποί</span> 
     </span>
    </p>
   </div>
   <div class='ocr_carea' id='block_1_5' title="bbox 1962 374 3648 456">
    <p class='ocr_par' dir='ltr' id='par_1_5' title="bbox 1962 374 3648 456">
     <span class='ocr_line' id='line_1_5' title="bbox 1962 374 3648 456; baseline -0.001 -20"><span class='ocrx_word' id='word_1_14' title='bbox 1962 433 1963 436; x_wconf 44' lang='grc' dir='ltr'><strong>η</strong></span> <span class='ocrx_word' id='word_1_15' title='bbox 1997 382 2100 456; x_wconf 86' lang='lat' dir='ltr'>qui</span> <span class='ocrx_word' id='word_1_16' title='bbox 2133 381 2452 438; x_wconf 88' lang='lat' dir='ltr'><strong>absolverit</strong></span> <span class='ocrx_word' id='word_1_17' title='bbox 2499 396 2638 436; x_wconf 91' lang='lat' dir='ltr'>eum</span> <span class='ocrx_word' id='word_1_18' title='bbox 2688 379 2780 434; x_wconf 90' lang='lat' dir='ltr'>cui</span> <span class='ocrx_word' id='word_1_19' title='bbox 2818 377 2951 434; x_wconf 89' lang='lat' dir='ltr'><strong>talis</strong></span> <span class='ocrx_word' id='word_1_20' title='bbox 3007 389 3187 433; x_wconf 85' lang='lat' dir='ltr'>scena</span> <span class='ocrx_word' id='word_1_21' title='bbox 3217 374 3481 442; x_wconf 84' lang='lat' dir='ltr'>obvenit,</span> <span class='ocrx_word' id='word_1_22' title='bbox 3512 393 3648 451; x_wconf 86' lang='lat' dir='ltr'><strong>pro-</strong></span> 
     </span>
    </p>
   </div>
   <div class='ocr_carea' id='block_1_6' title="bbox 280 468 1881 549">
    <p class='ocr_par' dir='ltr' id='par_1_6' title="bbox 280 468 1881 549">
     <span class='ocr_line' id='line_1_6' title="bbox 280 468 1881 549; baseline 0.002 -28"><span class='ocrx_word' id='word_1_23' title='bbox 280 488 406 522; x_wconf 87' lang='grc' dir='ltr'>ποτε</span> <span class='ocrx_word' id='word_1_24' title='bbox 465 468 745 542; x_wconf 82' lang='grc' dir='ltr'>ἀνθρώπων</span> <span class='ocrx_word' id='word_1_25' title='bbox 804 474 832 531; x_wconf 79' lang='grc' dir='ltr'>ἡ</span> <span class='ocrx_word' id='word_1_26' title='bbox 881 476 1094 531; x_wconf 78' lang='grc' dir='ltr'>τοιαύτη</span> <span class='ocrx_word' id='word_1_27' title='bbox 1127 495 1138 506; x_wconf 90' lang='grc'><strong>·</strong></span> <span class='ocrx_word' id='word_1_28' title='bbox 1181 470 1374 525; x_wconf 84' lang='grc' dir='ltr'>παιδιά</span> <span class='ocrx_word' id='word_1_29' title='bbox 1421 471 1577 536; x_wconf 89' lang='grc' dir='ltr'>δίκης</span> <span class='ocrx_word' id='word_1_30' title='bbox 1607 473 1881 549; x_wconf 78' lang='grc' dir='ltr'>ἐρρύσατο,</span> 
     </span>
    </p>
   </div>
   <div class='ocr_carea' id='block_1_7' title="bbox 278 558 1882 634">
    <p class='ocr_par' dir='ltr' id='par_1_7' title="bbox 278 558 1882 634">
     <span class='ocr_line' id='line_1_7' title="bbox 278 558 1882 634; baseline 0.003 -25"><span class='ocrx_word' id='word_1_31' title='bbox 278 563 370 610; x_wconf 85' lang='grc' dir='ltr'>καὶ</span> <span class='ocrx_word' id='word_1_32' title='bbox 403 558 637 630; x_wconf 81' lang='grc' dir='ltr'>μάλιστα</span> <span class='ocrx_word' id='word_1_33' title='bbox 685 561 744 612; x_wconf 79' lang='grc' dir='ltr'>ἂν</span> <span class='ocrx_word' id='word_1_34' title='bbox 805 558 1323 634; x_wconf 79' lang='grc' dir='ltr'>διαϐεϐαιωσαίμην·</span> <span class='ocrx_word' id='word_1_35' title='bbox 1371 569 1460 614; x_wconf 85' lang='grc' dir='ltr'>καὶ</span> <span class='ocrx_word' id='word_1_36' title='bbox 1492 567 1556 624; x_wconf 84' lang='grc' dir='ltr'>ὡς</span> <span class='ocrx_word' id='word_1_37' title='bbox 1611 566 1703 615; x_wconf 84' lang='grc' dir='ltr'>ούκ</span> <span class='ocrx_word' id='word_1_38' title='bbox 1744 566 1882 616; x_wconf 82' lang='grc' dir='ltr'>ἐστὶν</span> 
     </span>
    </p>
   </div>
   <div class='ocr_carea' id='block_1_8' title="bbox 275 643 1882 725">
    <p class='ocr_par' dir='ltr' id='par_1_8' title="bbox 275 643 1882 725">
     <span class='ocr_line' id='line_1_8' title="bbox 275 643 1882 725; baseline 0.004 -27"><span class='ocrx_word' id='word_1_39' title='bbox 275 643 458 709; x_wconf 65' lang='grc' dir='ltr'>οὐδεὶς</span> <span class='ocrx_word' id='word_1_40' title='bbox 511 657 609 700; x_wconf 90' lang='grc' dir='ltr'>τῶν</span> <span class='ocrx_word' id='word_1_41' title='bbox 662 651 1057 725; x_wconf 74' lang='grc' dir='ltr'>ἡμαρτηκότων,</span> <span class='ocrx_word' id='word_1_42' title='bbox 1108 651 1162 704; x_wconf 73' lang='grc' dir='ltr'>ἐκ</span> <span class='ocrx_word' id='word_1_43' title='bbox 1202 660 1292 704; x_wconf 84' lang='grc' dir='ltr'>του</span> <span class='ocrx_word' id='word_1_44' title='bbox 1339 653 1566 716; x_wconf 78' lang='grc' dir='ltr'>παίζειν,</span> <span class='ocrx_word' id='word_1_45' title='bbox 1616 655 1685 714; x_wconf 82' lang='grc' dir='ltr'>ὡς</span> <span class='ocrx_word' id='word_1_46' title='bbox 1727 652 1882 714; x_wconf 77' lang='grc' dir='ltr'>ἄλλος</span> 
     </span>
    </p>
   </div>
   <div class='ocr_carea' id='block_1_9' title="bbox 271 738 1880 809">
    <p class='ocr_par' dir='ltr' id='par_1_9' title="bbox 271 738 1880 809">
     <span class='ocr_line' id='line_1_9' title="bbox 271 738 1880 809; baseline 0.002 -21"><span class='ocrx_word' id='word_1_47' title='bbox 271 739 366 806; x_wconf 76' lang='grc' dir='ltr'>μεν</span> <span class='ocrx_word' id='word_1_48' title='bbox 402 738 651 809; x_wconf 78' lang='grc' dir='ltr'>ἥμαρτεν,</span> <span class='ocrx_word' id='word_1_49' title='bbox 701 740 851 802; x_wconf 86' lang='grc' dir='ltr'>οἰλλος</span> <span class='ocrx_word' id='word_1_50' title='bbox 894 738 952 793; x_wconf 69' lang='grc' dir='ltr'>δὲ</span> <span class='ocrx_word' id='word_1_51' title='bbox 1005 744 1096 802; x_wconf 84' lang='grc' dir='ltr'>τὰς</span> <span class='ocrx_word' id='word_1_52' title='bbox 1133 745 1316 802; x_wconf 79' lang='grc' dir='ltr'>ποινὰς</span> <span class='ocrx_word' id='word_1_53' title='bbox 1368 741 1461 793; x_wconf 83' lang='grc' dir='ltr'>ούκ</span> <span class='ocrx_word' id='word_1_54' title='bbox 1510 743 1622 793; x_wconf 82' lang='grc' dir='ltr'>ἔστι</span> <span class='ocrx_word' id='word_1_55' title='bbox 1672 738 1880 802; x_wconf 88' lang='grc' dir='ltr'>δίκαιος</span> 
     </span>
    </p>
   </div>
   <div class='ocr_carea' id='block_1_10' title="bbox 271 825 1877 903">
    <p class='ocr_par' dir='ltr' id='par_1_10' title="bbox 271 825 1877 903">
     <span class='ocr_line' id='line_1_10' title="bbox 271 825 1877 903; baseline 0.003 -27"><span class='ocrx_word' id='word_1_56' title='bbox 271 826 513 897; x_wconf 74' lang='grc' dir='ltr'>ὑπέχειν,</span> <span class='ocrx_word' id='word_1_57' title='bbox 569 833 640 899; x_wconf 80' lang='grc' dir='ltr'>μὴ</span> <span class='ocrx_word' id='word_1_58' title='bbox 705 825 972 899; x_wconf 80' lang='grc' dir='ltr'>δεδωκὼς,</span> <span class='ocrx_word' id='word_1_59' title='bbox 1032 830 1091 892; x_wconf 86' lang='grc' dir='ltr'>ἂς</span> <span class='ocrx_word' id='word_1_60' title='bbox 1146 828 1323 903; x_wconf 69' lang='grc' dir='ltr'>ὦφλεν,</span> <span class='ocrx_word' id='word_1_61' title='bbox 1383 830 1598 891; x_wconf 77' lang='grc' dir='ltr'>εὐθύνας</span> <span class='ocrx_word' id='word_1_62' title='bbox 1631 851 1642 863; x_wconf 90' lang='grc'><strong>·</strong></span> <span class='ocrx_word' id='word_1_63' title='bbox 1687 830 1744 882; x_wconf 85' lang='grc' dir='ltr'>ού</span> <span class='ocrx_word' id='word_1_64' title='bbox 1774 834 1877 902; x_wconf 77' lang='grc' dir='ltr'>μὴν</span> 
     </span>
    </p>
   </div>
   <div class='ocr_carea' id='block_1_11' title="bbox 269 913 1878 992">
    <p class='ocr_par' dir='ltr' id='par_1_11' title="bbox 269 913 1878 992">
     <span class='ocr_line' id='line_1_11' title="bbox 269 913 1878 992; baseline 0.014 -28"><span class='ocrx_word' id='word_1_65' title='bbox 269 913 380 965; x_wconf 82' lang='grc' dir='ltr'>ἀλλ’</span> <span class='ocrx_word' id='word_1_66' title='bbox 424 913 548 968; x_wconf 67' lang='grc' dir='ltr'>οὐδὲ</span> <span class='ocrx_word' id='word_1_67' title='bbox 600 925 697 968; x_wconf 87' lang='grc' dir='ltr'>τῶν</span> <span class='ocrx_word' id='word_1_68' title='bbox 747 924 1019 992; x_wconf 80' lang='grc' dir='ltr'>κρινόντων</span> <span class='ocrx_word' id='word_1_69' title='bbox 1075 923 1153 978; x_wconf 83' lang='grc' dir='ltr'>εἴη</span> <span class='ocrx_word' id='word_1_70' title='bbox 1208 922 1268 972; x_wconf 85' lang='grc' dir='ltr'>οἶν</span> <span class='ocrx_word' id='word_1_71' title='bbox 1320 940 1392 980; x_wconf 87' lang='grc' dir='ltr'>τις</span> <span class='ocrx_word' id='word_1_72' title='bbox 1423 919 1568 985; x_wconf 73' lang='grc' dir='ltr'>ὅλως,</span> <span class='ocrx_word' id='word_1_73' title='bbox 1612 920 1666 982; x_wconf 84' lang='grc' dir='ltr'>ὃς</span> <span class='ocrx_word' id='word_1_74' title='bbox 1713 919 1878 992; x_wconf 66' lang='grc' dir='ltr'>ἀφῆκε</span> 
     </span>
    </p>
   </div>
   <div class='ocr_carea' id='block_1_12' title="bbox 264 1007 1870 1082">
    <p class='ocr_par' dir='ltr' id='par_1_12' title="bbox 264 1007 1870 1082">
     <span class='ocr_line' id='line_1_12' title="bbox 264 1007 1870 1082; baseline 0.005 -28"><span class='ocrx_word' id='word_1_75' title='bbox 264 1007 357 1055; x_wconf 87' lang='grc' dir='ltr'>τὸν</span> <span class='ocrx_word' id='word_1_76' title='bbox 390 1008 636 1062; x_wconf 88' lang='grc' dir='ltr'>τοιαύτην</span> <span class='ocrx_word' id='word_1_77' title='bbox 678 1012 874 1066; x_wconf 77' lang='grc' dir='ltr'>σκηνὴν</span> <span class='ocrx_word' id='word_1_78' title='bbox 917 1007 1026 1061; x_wconf 77' lang='grc' dir='ltr'>ἀντὶ</span> <span class='ocrx_word' id='word_1_79' title='bbox 1060 1017 1150 1060; x_wconf 81' lang='grc' dir='ltr'>τού</span> <span class='ocrx_word' id='word_1_80' title='bbox 1202 1015 1391 1061; x_wconf 83' lang='grc' dir='ltr'>στένειν</span> <span class='ocrx_word' id='word_1_81' title='bbox 1431 1009 1506 1080; x_wconf 76' lang='grc' dir='ltr'>ἐφ’</span> <span class='ocrx_word' id='word_1_82' title='bbox 1538 1010 1610 1070; x_wconf 81' lang='grc' dir='ltr'>οἷς</span> <span class='ocrx_word' id='word_1_83' title='bbox 1655 1013 1870 1082; x_wconf 77' lang='grc' dir='ltr'>ἦμαρτε,</span> 
     </span>
    </p>
   </div>
   <div class='ocr_carea' id='block_1_13' title="bbox 263 1093 1874 1170">
    <p class='ocr_par' dir='ltr' id='par_1_13' title="bbox 263 1093 1874 1170">
     <span class='ocr_line' id='line_1_13' title="bbox 263 1093 1874 1170; baseline 0.004 -26"><span class='ocrx_word' id='word_1_84' title='bbox 263 1093 680 1165; x_wconf 74' lang='grc' dir='ltr'>προϐεϐληκότα.</span> <span class='ocrx_word' id='word_1_85' title='bbox 743 1102 840 1149; x_wconf 84' lang='grc' dir='ltr'>Καὶ</span> <span class='ocrx_word' id='word_1_86' title='bbox 892 1116 1004 1169; x_wconf 88' lang='grc' dir='ltr'>μοι,</span> <span class='ocrx_word' id='word_1_87' title='bbox 1063 1103 1190 1170; x_wconf 83' lang='grc' dir='ltr'>πρὸς</span> <span class='ocrx_word' id='word_1_88' title='bbox 1239 1099 1396 1158; x_wconf 70' lang='grc' dir='ltr'>αὐτῆς</span> <span class='ocrx_word' id='word_1_89' title='bbox 1455 1095 1632 1163; x_wconf 89' lang='grc' dir='ltr'>δίκης,</span> <span class='ocrx_word' id='word_1_90' title='bbox 1686 1104 1775 1150; x_wconf 87' lang='grc' dir='ltr'>καὶ</span> <span class='ocrx_word' id='word_1_91' title='bbox 1810 1100 1874 1151; x_wconf 74' lang='lat' dir='ltr'>ic-</span> 
     </span>
    </p>
   </div>
   <div class='ocr_carea' id='block_1_14' title="bbox 260 1181 1875 1261">
    <p class='ocr_par' dir='ltr' id='par_1_14' title="bbox 260 1181 1875 1261">
     <span class='ocr_line' id='line_1_14' title="bbox 260 1181 1875 1261; baseline 0.003 -28"><span class='ocrx_word' id='word_1_92' title='bbox 260 1190 370 1253; x_wconf 86' lang='grc' dir='ltr'>ρῶν</span> <span class='ocrx_word' id='word_1_93' title='bbox 403 1181 642 1243; x_wconf 79' lang='grc' dir='ltr'>ἀληθείας</span> <span class='ocrx_word' id='word_1_94' title='bbox 675 1183 882 1258; x_wconf 83' lang='grc' dir='ltr'>ὀργίων,</span> <span class='ocrx_word' id='word_1_95' title='bbox 921 1185 1079 1261; x_wconf 77' lang='grc' dir='ltr'>ῥίψας</span> <span class='ocrx_word' id='word_1_96' title='bbox 1131 1192 1219 1245; x_wconf 78' lang='grc' dir='ltr'>τὴν</span> <span class='ocrx_word' id='word_1_97' title='bbox 1269 1192 1485 1250; x_wconf 79' lang='grc' dir='ltr'>σκηνὴν,</span> <span class='ocrx_word' id='word_1_98' title='bbox 1519 1192 1608 1238; x_wconf 89' lang='grc' dir='ltr'>καὶ</span> <span class='ocrx_word' id='word_1_99' title='bbox 1661 1190 1722 1238; x_wconf 81' lang='grc' dir='ltr'>τά</span> <span class='ocrx_word' id='word_1_100' title='bbox 1753 1186 1875 1238; x_wconf 82' lang='grc' dir='ltr'>ὄντα</span> 
     </span>
    </p>
   </div>
   <div class='ocr_carea' id='block_1_15' title="bbox 259 1268 1873 1349">
    <p class='ocr_par' dir='ltr' id='par_1_15' title="bbox 259 1268 1873 1349">
     <span class='ocr_line' id='line_1_15' title="bbox 259 1268 1873 1349; baseline 0.004 -30"><span class='ocrx_word' id='word_1_101' title='bbox 259 1268 425 1340; x_wconf 80' lang='grc' dir='ltr'>λέγων</span> <span class='ocrx_word' id='word_1_102' title='bbox 483 1271 622 1343; x_wconf 78' lang='grc' dir='ltr'>(ἐμοὶ</span> <span class='ocrx_word' id='word_1_103' title='bbox 672 1275 774 1347; x_wconf 85' lang='grc' dir='ltr'>γάρ</span> <span class='ocrx_word' id='word_1_104' title='bbox 851 1274 1040 1339; x_wconf 82' lang='grc' dir='ltr'>μᾶλλον</span> <span class='ocrx_word' id='word_1_105' title='bbox 1121 1275 1423 1349; x_wconf 85' lang='grc' dir='ltr'>οἰκειότερον</span> <span class='ocrx_word' id='word_1_106' title='bbox 1507 1280 1635 1349; x_wconf 78' lang='grc' dir='ltr'>ἤπερ</span> <span class='ocrx_word' id='word_1_107' title='bbox 1707 1275 1873 1335; x_wconf 78' lang='grc' dir='ltr'>ἄλλοις</span> 
     </span>
    </p>
   </div>
   <div class='ocr_carea' id='block_1_16' title="bbox 259 1362 1872 1437">
    <p class='ocr_par' dir='ltr' id='par_1_16' title="bbox 259 1362 1872 1437">
     <span class='ocr_line' id='line_1_16' title="bbox 259 1362 1872 1437; baseline 0.004 -27"><span class='ocrx_word' id='word_1_108' title='bbox 259 1368 488 1412; x_wconf 83' lang='grc' dir='ltr'>τοιαῦτα</span> <span class='ocrx_word' id='word_1_109' title='bbox 538 1362 866 1435; x_wconf 76' lang='grc' dir='ltr'>προτείνειν),</span> <span class='ocrx_word' id='word_1_110' title='bbox 909 1365 1012 1437; x_wconf 80' lang='grc' dir='ltr'>ἄρα</span> <span class='ocrx_word' id='word_1_111' title='bbox 1066 1369 1255 1435; x_wconf 73' lang='grc' dir='ltr'>φήσαις</span> <span class='ocrx_word' id='word_1_112' title='bbox 1312 1363 1392 1429; x_wconf 82' lang='grc' dir='ltr'>ἂν,</span> <span class='ocrx_word' id='word_1_113' title='bbox 1427 1364 1614 1435; x_wconf 77' lang='grc' dir='ltr'>ἔνοχῆς</span> <span class='ocrx_word' id='word_1_114' title='bbox 1645 1368 1751 1416; x_wconf 83' lang='grc' dir='ltr'>εἶπε</span> <span class='ocrx_word' id='word_1_115' title='bbox 1791 1362 1872 1416; x_wconf 85' lang='grc' dir='ltr'>δι-</span> 
     </span>
    </p>
   </div>
   <div class='ocr_carea' id='block_1_17' title="bbox 256 1450 1870 1527">
    <p class='ocr_par' dir='ltr' id='par_1_17' title="bbox 256 1450 1870 1527">
     <span class='ocr_line' id='line_1_17' title="bbox 256 1450 1870 1527; baseline 0.004 -28"><span class='ocrx_word' id='word_1_116' title='bbox 256 1453 414 1510; x_wconf 88' lang='grc' dir='ltr'>καίας</span> <span class='ocrx_word' id='word_1_117' title='bbox 446 1450 616 1516; x_wconf 70' lang='grc' dir='ltr'>αὐτὸς,</span> <span class='ocrx_word' id='word_1_118' title='bbox 655 1462 718 1517; x_wconf 69' lang='grc' dir='ltr'>ει,</span> <span class='ocrx_word' id='word_1_119' title='bbox 752 1455 858 1516; x_wconf 86' lang='grc' dir='ltr'>τόν,</span> <span class='ocrx_word' id='word_1_120' title='bbox 911 1452 953 1504; x_wconf 82' lang='grc' dir='ltr'>εί</span> <span class='ocrx_word' id='word_1_121' title='bbox 979 1472 1074 1516; x_wconf 90' lang='grc' dir='ltr'>τις,</span> <span class='ocrx_word' id='word_1_122' title='bbox 1116 1455 1240 1526; x_wconf 70' lang='grc' dir='ltr'>ὑπὲρ</span> <span class='ocrx_word' id='word_1_123' title='bbox 1286 1454 1352 1504; x_wconf 87' lang='grc' dir='ltr'>ὧν</span> <span class='ocrx_word' id='word_1_124' title='bbox 1411 1454 1694 1527; x_wconf 81' lang='grc' dir='ltr'>ἑξυϐρίσοι,</span> <span class='ocrx_word' id='word_1_125' title='bbox 1749 1456 1870 1505; x_wconf 84' lang='grc' dir='ltr'>ταύ-</span> 
     </span>
    </p>
   </div>
   <div class='ocr_carea' id='block_1_18' title="bbox 254 1540 1869 1614">
    <p class='ocr_par' dir='ltr' id='par_1_18' title="bbox 254 1540 1869 1614">
     <span class='ocr_line' id='line_1_18' title="bbox 254 1540 1869 1614; baseline 0.003 -25"><span class='ocrx_word' id='word_1_126' title='bbox 254 1557 356 1594; x_wconf 89' lang='grc' dir='ltr'>την</span> <span class='ocrx_word' id='word_1_127' title='bbox 406 1545 498 1595; x_wconf 78' lang='grc' dir='ltr'>τὴν</span> <span class='ocrx_word' id='word_1_128' title='bbox 559 1545 650 1598; x_wconf 80' lang='grc' dir='ltr'>σὴν</span> <span class='ocrx_word' id='word_1_129' title='bbox 707 1540 1113 1614; x_wconf 83' lang='grc' dir='ltr'>προϐαλλόμενον</span> <span class='ocrx_word' id='word_1_130' title='bbox 1166 1540 1570 1614; x_wconf 83' lang='grc' dir='ltr'>δικαιολογίαν;</span> <span class='ocrx_word' id='word_1_131' title='bbox 1628 1542 1737 1594; x_wconf 80' lang='grc' dir='ltr'>ἀλλ’</span> <span class='ocrx_word' id='word_1_132' title='bbox 1775 1543 1869 1594; x_wconf 82' lang='grc' dir='ltr'>ούκ</span> 
     </span>
    </p>
   </div>
   <div class='ocr_carea' id='block_1_19' title="bbox 253 1625 1867 1704">
    <p class='ocr_par' dir='ltr' id='par_1_19' title="bbox 253 1625 1867 1704">
     <span class='ocr_line' id='line_1_19' title="bbox 253 1625 1867 1704; baseline 0.004 -26"><span class='ocrx_word' id='word_1_133' title='bbox 253 1625 318 1677; x_wconf 82' lang='grc' dir='ltr'>ἆν</span> <span class='ocrx_word' id='word_1_134' title='bbox 353 1634 530 1699; x_wconf 78' lang='grc' dir='ltr'>φαίης,</span> <span class='ocrx_word' id='word_1_135' title='bbox 580 1627 695 1681; x_wconf 65' lang='grc' dir='ltr'>οὐδ’</span> <span class='ocrx_word' id='word_1_136' title='bbox 747 1630 808 1681; x_wconf 82' lang='grc' dir='ltr'>ἀν</span> <span class='ocrx_word' id='word_1_137' title='bbox 861 1639 1037 1702; x_wconf 74' lang='grc' dir='ltr'>φαίης.</span> <span class='ocrx_word' id='word_1_138' title='bbox 1092 1632 1250 1685; x_wconf 84' lang='grc' dir='ltr'>Ἀλλά</span> <span class='ocrx_word' id='word_1_139' title='bbox 1301 1642 1466 1684; x_wconf 82' lang='grc' dir='ltr'>ταυτα</span> <span class='ocrx_word' id='word_1_140' title='bbox 1518 1636 1628 1704; x_wconf 71' lang='grc' dir='ltr'>μὲν,</span> <span class='ocrx_word' id='word_1_141' title='bbox 1686 1634 1768 1683; x_wconf 82' lang='grc' dir='ltr'>ἱνα</span> <span class='ocrx_word' id='word_1_142' title='bbox 1815 1652 1867 1685; x_wconf 75' lang='grc' dir='ltr'>τε</span> 
     </span>
    </p>
   </div>
   <div class='ocr_carea' id='block_1_20' title="bbox 1996 468 3646 545">
    <p class='ocr_par' dir='ltr' id='par_1_20' title="bbox 1996 468 3646 545">
     <span class='ocr_line' id='line_1_20' title="bbox 1996 468 3646 545; baseline -0.003 -17"><span class='ocrx_word' id='word_1_143' title='bbox 1996 477 2196 545; x_wconf 91' lang='lat' dir='ltr'><strong>pterea</strong></span> <span class='ocrx_word' id='word_1_144' title='bbox 2216 472 2378 543; x_wconf 91' lang='lat' dir='ltr'><strong>quod</strong></span> <span class='ocrx_word' id='word_1_145' title='bbox 2417 470 2619 525; x_wconf 79' lang='lat' dir='ltr'>doleat</span> <span class='ocrx_word' id='word_1_146' title='bbox 2648 484 2709 523; x_wconf 91' lang='lat' dir='ltr'>se</span> <span class='ocrx_word' id='word_1_147' title='bbox 2741 483 3026 541; x_wconf 84' lang='lat' dir='ltr'>peccasse</span> <span class='ocrx_word' id='word_1_148' title='bbox 3051 485 3063 522; x_wconf 91' lang='lat'><strong>:</strong></span> <span class='ocrx_word' id='word_1_149' title='bbox 3092 468 3237 540; x_wconf 91' lang='lat' dir='ltr'><strong>quin</strong></span> <span class='ocrx_word' id='word_1_150' title='bbox 3271 472 3324 522; x_wconf 92' lang='lat' dir='ltr'>te</span> <span class='ocrx_word' id='word_1_151' title='bbox 3348 483 3492 537; x_wconf 91' lang='lat' dir='ltr'><strong>rogo</strong></span> <span class='ocrx_word' id='word_1_152' title='bbox 3546 485 3646 537; x_wconf 90' lang='lat' dir='ltr'>per</span> 
     </span>
    </p>
   </div>
   <div class='ocr_carea' id='block_1_21' title="bbox 1987 557 3642 634">
    <p class='ocr_par' dir='ltr' id='par_1_21' title="bbox 1987 557 3642 634">
     <span class='ocr_line' id='line_1_21' title="bbox 1987 557 3642 634; baseline -0.002 -19"><span class='ocrx_word' id='word_1_153' title='bbox 1987 561 2281 634; x_wconf 73' lang='lat' dir='ltr'>justitiam</span> <span class='ocrx_word' id='word_1_154' title='bbox 2309 561 2522 632; x_wconf 84' lang='lat' dir='ltr'>ipsam,</span> <span class='ocrx_word' id='word_1_155' title='bbox 2556 575 2661 632; x_wconf 89' lang='lat' dir='ltr'>per</span> <span class='ocrx_word' id='word_1_156' title='bbox 2689 573 2859 613; x_wconf 89' lang='lat' dir='ltr'><strong>sacra</strong></span> <span class='ocrx_word' id='word_1_157' title='bbox 2887 558 3152 612; x_wconf 73' lang='lat' dir='ltr'>veritatis</span> <span class='ocrx_word' id='word_1_158' title='bbox 3184 557 3371 626; x_wconf 83' lang='lat' dir='ltr'>orgia,</span> <span class='ocrx_word' id='word_1_159' title='bbox 3396 557 3642 612; x_wconf 82' lang='lat' dir='ltr'>detrahe</span> 
     </span>
    </p>
   </div>
   <div class='ocr_carea' id='block_1_22' title="bbox 1990 646 3640 716">
    <p class='ocr_par' dir='ltr' id='par_1_22' title="bbox 1990 646 3640 716">
     <span class='ocr_line' id='line_1_22' title="bbox 1990 646 3640 716; baseline -0.004 -9"><span class='ocrx_word' id='word_1_160' title='bbox 1990 653 2146 707; x_wconf 89' lang='lat' dir='ltr'><strong>hanc</strong></span> <span class='ocrx_word' id='word_1_161' title='bbox 2169 666 2433 715; x_wconf 87' lang='lat' dir='ltr'>scenam,</span> <span class='ocrx_word' id='word_1_162' title='bbox 2465 666 2590 705; x_wconf 88' lang='lat' dir='ltr'>rem</span> <span class='ocrx_word' id='word_1_163' title='bbox 2615 652 2672 703; x_wconf 90' lang='lat' dir='ltr'>ut</span> <span class='ocrx_word' id='word_1_164' title='bbox 2711 654 2797 702; x_wconf 91' lang='lat' dir='ltr'>est</span> <span class='ocrx_word' id='word_1_165' title='bbox 2822 648 3067 702; x_wconf 88' lang='lat' dir='ltr'><strong>enuntia</strong></span> <span class='ocrx_word' id='word_1_166' title='bbox 3100 647 3277 716; x_wconf 90' lang='lat' dir='ltr'><strong>(certe</strong></span> <span class='ocrx_word' id='word_1_167' title='bbox 3306 646 3496 714; x_wconf 85' lang='lat' dir='ltr'><strong>magis</strong></span> <span class='ocrx_word' id='word_1_168' title='bbox 3521 646 3640 701; x_wconf 89' lang='lat' dir='ltr'>mei</span> 
     </span>
    </p>
   </div>
   <div class='ocr_carea' id='block_1_23' title="bbox 1990 735 3636 812">
    <p class='ocr_par' dir='ltr' id='par_1_23' title="bbox 1990 735 3636 812">
     <span class='ocr_line' id='line_1_23' title="bbox 1990 735 3636 812; baseline -0.004 -16"><span class='ocrx_word' id='word_1_169' title='bbox 1990 742 2227 797; x_wconf 74' lang='lat' dir='ltr'>interest</span> <span class='ocrx_word' id='word_1_170' title='bbox 2257 757 2438 812; x_wconf 88' lang='lat' dir='ltr'><strong>quam</strong></span> <span class='ocrx_word' id='word_1_171' title='bbox 2481 740 2733 794; x_wconf 90' lang='lat' dir='ltr'><strong>aliorum</strong></span> <span class='ocrx_word' id='word_1_172' title='bbox 2765 737 2921 792; x_wconf 89' lang='lat' dir='ltr'><strong>hanc</strong></span> <span class='ocrx_word' id='word_1_173' title='bbox 2942 737 3346 791; x_wconf 84' lang='lat' dir='ltr'>conditionem</span> <span class='ocrx_word' id='word_1_174' title='bbox 3379 735 3636 807; x_wconf 77' lang='lat' dir='ltr'><strong>offerre),</strong></span> 
     </span>
    </p>
   </div>
   <div class='ocr_carea' id='block_1_24' title="bbox 1988 824 3639 901">
    <p class='ocr_par' dir='ltr' id='par_1_24' title="bbox 1988 824 3639 901">
     <span class='ocr_line' id='line_1_24' title="bbox 1988 824 3639 901; baseline -0.004 -15"><span class='ocrx_word' id='word_1_175' title='bbox 1988 831 2165 901; x_wconf 80' lang='lat' dir='ltr'><strong>igitur</strong></span> <span class='ocrx_word' id='word_1_176' title='bbox 2185 830 2347 885; x_wconf 91' lang='lat' dir='ltr'><strong>dices</strong></span> <span class='ocrx_word' id='word_1_177' title='bbox 2371 830 2523 900; x_wconf 89' lang='lat' dir='ltr'><strong>juste</strong></span> <span class='ocrx_word' id='word_1_178' title='bbox 2543 832 2711 884; x_wconf 86' lang='lat' dir='ltr'><strong>reatu</strong></span> <span class='ocrx_word' id='word_1_179' title='bbox 2735 826 2916 881; x_wconf 86' lang='lat' dir='ltr'><strong>teneri</strong></span> <span class='ocrx_word' id='word_1_180' title='bbox 2941 825 3104 880; x_wconf 88' lang='lat' dir='ltr'><strong>illum</strong></span> <span class='ocrx_word' id='word_1_181' title='bbox 3129 824 3251 896; x_wconf 88' lang='lat' dir='ltr'><strong>qui,</strong></span> <span class='ocrx_word' id='word_1_182' title='bbox 3277 841 3382 897; x_wconf 92' lang='lat' dir='ltr'>pro</span> <span class='ocrx_word' id='word_1_183' title='bbox 3410 826 3639 880; x_wconf 91' lang='lat' dir='ltr'><strong>calum-</strong></span> 
     </span>
    </p>
   </div>
   <div class='ocr_carea' id='block_1_25' title="bbox 1987 913 3637 985">
    <p class='ocr_par' dir='ltr' id='par_1_25' title="bbox 1987 913 3637 985">
     <span class='ocr_line' id='line_1_25' title="bbox 1987 913 3637 985; baseline -0.002 -11"><span class='ocrx_word' id='word_1_184' title='bbox 1987 920 2098 974; x_wconf 84' lang='lat' dir='ltr'><strong>niis</strong></span> <span class='ocrx_word' id='word_1_185' title='bbox 2131 936 2167 974; x_wconf 89' lang='lat' dir='ltr'>a</span> <span class='ocrx_word' id='word_1_186' title='bbox 2198 935 2261 974; x_wconf 93' lang='lat' dir='ltr'>se</span> <span class='ocrx_word' id='word_1_187' title='bbox 2287 917 2548 982; x_wconf 81' lang='lat' dir='ltr'><strong>inﬂictis,</strong></span> <span class='ocrx_word' id='word_1_188' title='bbox 2583 923 2746 972; x_wconf 89' lang='lat' dir='ltr'><strong>tuam</strong></span> <span class='ocrx_word' id='word_1_189' title='bbox 2773 915 2928 970; x_wconf 88' lang='lat' dir='ltr'><strong>hanc</strong></span> <span class='ocrx_word' id='word_1_190' title='bbox 2957 913 3016 968; x_wconf 91' lang='lat' dir='ltr'>in</span> <span class='ocrx_word' id='word_1_191' title='bbox 3051 914 3318 968; x_wconf 90' lang='lat' dir='ltr'><strong>medium</strong></span> <span class='ocrx_word' id='word_1_192' title='bbox 3376 913 3637 985; x_wconf 84' lang='lat' dir='ltr'><strong>proferet</strong></span> 
     </span>
    </p>
   </div>
   <div class='ocr_carea' id='block_1_26' title="bbox 1987 1003 3631 1072">
    <p class='ocr_par' dir='ltr' id='par_1_26' title="bbox 1987 1003 3631 1072">
     <span class='ocr_line' id='line_1_26' title="bbox 1987 1003 3631 1072; baseline -0.004 -8"><span class='ocrx_word' id='word_1_193' title='bbox 1987 1009 2424 1064; x_wconf 86' lang='lat' dir='ltr'><strong>accusationem</strong></span> <span class='ocrx_word' id='word_1_194' title='bbox 2453 1028 2466 1072; x_wconf 87' lang='lat'><strong>;</strong></span> <span class='ocrx_word' id='word_1_195' title='bbox 2503 1007 2606 1061; x_wconf 92' lang='lat' dir='ltr'>sed</span> <span class='ocrx_word' id='word_1_196' title='bbox 2641 1022 2712 1060; x_wconf 88' lang='lat' dir='ltr'>ne</span> <span class='ocrx_word' id='word_1_197' title='bbox 2744 1003 2964 1059; x_wconf 79' lang='lat' dir='ltr'><strong>dixeris</strong></span> <span class='ocrx_word' id='word_1_198' title='bbox 2995 1003 3095 1072; x_wconf 84' lang='lat' dir='ltr'><strong>ita,</strong></span> <span class='ocrx_word' id='word_1_199' title='bbox 3129 1003 3262 1057; x_wconf 87' lang='lat' dir='ltr'><strong>licet</strong></span> <span class='ocrx_word' id='word_1_200' title='bbox 3291 1003 3365 1058; x_wconf 88' lang='lat' dir='ltr'>ita</span> <span class='ocrx_word' id='word_1_201' title='bbox 3391 1003 3631 1059; x_wconf 84' lang='lat' dir='ltr'><strong>dixeris.</strong></span> 
     </span>
    </p>
   </div>
   <div class='ocr_carea' id='block_1_27' title="bbox 1986 1092 3633 1163">
    <p class='ocr_par' dir='ltr' id='par_1_27' title="bbox 1986 1092 3633 1163">
     <span class='ocr_line' id='line_1_27' title="bbox 1986 1092 3633 1163; baseline -0.004 -9"><span class='ocrx_word' id='word_1_202' title='bbox 1986 1101 2114 1154; x_wconf 68' lang='lat' dir='ltr'><strong>Haec</strong></span> <span class='ocrx_word' id='word_1_203' title='bbox 2145 1104 2343 1154; x_wconf 88' lang='lat' dir='ltr'><strong>autem</strong></span> <span class='ocrx_word' id='word_1_204' title='bbox 2371 1098 2679 1161; x_wconf 87' lang='lat' dir='ltr'><strong>hactenus,</strong></span> <span class='ocrx_word' id='word_1_205' title='bbox 2710 1110 2784 1149; x_wconf 91' lang='lat' dir='ltr'>ne</span> <span class='ocrx_word' id='word_1_206' title='bbox 2815 1093 3013 1148; x_wconf 88' lang='lat' dir='ltr'><strong>videar</strong></span> <span class='ocrx_word' id='word_1_207' title='bbox 3044 1092 3350 1163; x_wconf 88' lang='lat' dir='ltr'><strong>adjuratus</strong></span> <span class='ocrx_word' id='word_1_208' title='bbox 3381 1092 3633 1158; x_wconf 89' lang='lat' dir='ltr'><strong>siluisse,</strong></span> 
     </span>
    </p>
   </div>
   <div class='ocr_carea' id='block_1_28' title="bbox 1984 1181 3634 1258">
    <p class='ocr_par' dir='ltr' id='par_1_28' title="bbox 1984 1181 3634 1258">
     <span class='ocr_line' id='line_1_28' title="bbox 1984 1181 3634 1258; baseline -0.004 -15"><span class='ocrx_word' id='word_1_209' title='bbox 1984 1192 2038 1243; x_wconf 92' lang='lat' dir='ltr'>et</span> <span class='ocrx_word' id='word_1_210' title='bbox 2057 1187 2438 1243; x_wconf 84' lang='lat' dir='ltr'><strong>mendacium</strong></span> <span class='ocrx_word' id='word_1_211' title='bbox 2463 1184 2796 1258; x_wconf 67' lang='lat' dir='ltr'><strong>praetulisse</strong></span> <span class='ocrx_word' id='word_1_212' title='bbox 2819 1183 3130 1247; x_wconf 87' lang='lat' dir='ltr'><strong>veritati,et</strong></span> <span class='ocrx_word' id='word_1_213' title='bbox 3149 1181 3422 1237; x_wconf 89' lang='lat' dir='ltr'><strong>utadhuc</strong></span> <span class='ocrx_word' id='word_1_214' title='bbox 3441 1181 3634 1250; x_wconf 88' lang='lat' dir='ltr'><strong>magis</strong></span> 
     </span>
    </p>
   </div>
   <div class='ocr_carea' id='block_1_29' title="bbox 1983 1270 3632 1348">
    <p class='ocr_par' dir='ltr' id='par_1_29' title="bbox 1983 1270 3632 1348">
     <span class='ocr_line' id='line_1_29' title="bbox 1983 1270 3632 1348; baseline -0.004 -17"><span class='ocrx_word' id='word_1_215' title='bbox 1983 1292 2276 1347; x_wconf 85' lang='lat' dir='ltr'><strong>agnoscas</strong></span> <span class='ocrx_word' id='word_1_216' title='bbox 2288 1292 2472 1348; x_wconf 80' lang='lat' dir='ltr'><strong>quam</strong></span> <span class='ocrx_word' id='word_1_217' title='bbox 2482 1274 2748 1345; x_wconf 88' lang='lat' dir='ltr'><strong>jucunde</strong></span> <span class='ocrx_word' id='word_1_218' title='bbox 2775 1288 2883 1329; x_wconf 90' lang='lat' dir='ltr'>nec</span> <span class='ocrx_word' id='word_1_219' title='bbox 2902 1271 3296 1344; x_wconf 86' lang='lat' dir='ltr'><strong>perfunctorie</strong></span> <span class='ocrx_word' id='word_1_220' title='bbox 3318 1270 3632 1342; x_wconf 89' lang='lat' dir='ltr'><strong>epistolam</strong></span> 
     </span>
    </p>
   </div>
   <div class='ocr_carea' id='block_1_30' title="bbox 1985 1361 3627 1436">
    <p class='ocr_par' dir='ltr' id='par_1_30' title="bbox 1985 1361 3627 1436">
     <span class='ocr_line' id='line_1_30' title="bbox 1985 1361 3627 1436; baseline -0.004 -16"><span class='ocrx_word' id='word_1_221' title='bbox 1985 1361 3160 1436; x_wconf 86' lang='lat' dir='ltr'><strong>tuamlegerim,inquagrammaticalem</strong></span> <span class='ocrx_word' id='word_1_222' title='bbox 3189 1365 3353 1415; x_wconf 89' lang='lat' dir='ltr'><strong>tuam</strong></span> <span class='ocrx_word' id='word_1_223' title='bbox 3385 1375 3627 1415; x_wconf 83' lang='lat' dir='ltr'><strong>accura-</strong></span> 
     </span>
    </p>
   </div>
   <div class='ocr_carea' id='block_1_31' title="bbox 1981 1449 3632 1525">
    <p class='ocr_par' dir='ltr' id='par_1_31' title="bbox 1981 1449 3632 1525">
     <span class='ocr_line' id='line_1_31' title="bbox 1981 1449 3632 1525; baseline -0.004 -15"><span class='ocrx_word' id='word_1_224' title='bbox 1981 1456 2202 1510; x_wconf 90' lang='lat' dir='ltr'><strong>tionem</strong></span> <span class='ocrx_word' id='word_1_225' title='bbox 2220 1454 2778 1525; x_wconf 87' lang='lat' dir='ltr'><strong>laudo,neutiquam</strong></span> <span class='ocrx_word' id='word_1_226' title='bbox 2791 1452 2906 1507; x_wconf 93' lang='lat' dir='ltr'>hoc</span> <span class='ocrx_word' id='word_1_227' title='bbox 2918 1451 3156 1506; x_wconf 88' lang='lat' dir='ltr'><strong>verbum</strong></span> <span class='ocrx_word' id='word_1_228' title='bbox 3171 1450 3370 1505; x_wconf 86' lang='lat' dir='ltr'><strong>dativo</strong></span> <span class='ocrx_word' id='word_1_229' title='bbox 3383 1449 3632 1519; x_wconf 90' lang='lat' dir='ltr'><strong>conjun-</strong></span> 
     </span>
    </p>
   </div>
   <div class='ocr_carea' id='block_1_32' title="bbox 1980 1538 3628 1614">
    <p class='ocr_par' dir='ltr' id='par_1_32' title="bbox 1980 1538 3628 1614">
     <span class='ocr_line' id='line_1_32' title="bbox 1980 1538 3628 1614; baseline -0.004 -16"><span class='ocrx_word' id='word_1_230' title='bbox 1980 1544 2266 1614; x_wconf 90' lang='lat' dir='ltr'><strong>gendum,</strong></span> <span class='ocrx_word' id='word_1_231' title='bbox 2300 1544 2415 1598; x_wconf 91' lang='lat' dir='ltr'><strong>nisi</strong></span> <span class='ocrx_word' id='word_1_232' title='bbox 2444 1541 2539 1597; x_wconf 91' lang='lat' dir='ltr'>ubi</span> <span class='ocrx_word' id='word_1_233' title='bbox 2573 1558 2785 1596; x_wconf 90' lang='lat' dir='ltr'><strong>sensus</strong></span> <span class='ocrx_word' id='word_1_234' title='bbox 2801 1541 3076 1612; x_wconf 84' lang='lat' dir='ltr'><strong>syntaxin</strong></span> <span class='ocrx_word' id='word_1_235' title='bbox 3091 1541 3352 1610; x_wconf 87' lang='lat' dir='ltr'><strong>requirat</strong></span> <span class='ocrx_word' id='word_1_236' title='bbox 3378 1538 3628 1594; x_wconf 87' lang='lat' dir='ltr'><strong>circum-</strong></span> 
     </span>
    </p>
   </div>
   <div class='ocr_carea' id='block_1_33' title="bbox 1980 1629 3626 1698">
    <p class='ocr_par' dir='ltr' id='par_1_33' title="bbox 1980 1629 3626 1698">
     <span class='ocr_line' id='line_1_33' title="bbox 1980 1629 3626 1698; baseline -0.002 -13"><span class='ocrx_word' id='word_1_237' title='bbox 1980 1632 2313 1688; x_wconf 88' lang='lat' dir='ltr'><strong>locutionis.</strong></span> <span class='ocrx_word' id='word_1_238' title='bbox 2371 1632 2589 1687; x_wconf 83' lang='lat' dir='ltr'><strong>Licebit</strong></span> <span class='ocrx_word' id='word_1_239' title='bbox 2634 1633 2714 1685; x_wconf 87' lang='lat' dir='ltr'>ita</span> <span class='ocrx_word' id='word_1_240' title='bbox 2749 1646 2890 1685; x_wconf 94' lang='lat' dir='ltr'>cum</span> <span class='ocrx_word' id='word_1_241' title='bbox 2939 1630 3136 1685; x_wconf 87' lang='lat' dir='ltr'><strong>dativo</strong></span> <span class='ocrx_word' id='word_1_242' title='bbox 3181 1629 3451 1698; x_wconf 87' lang='lat' dir='ltr'><strong>jungere,</strong></span> <span class='ocrx_word' id='word_1_243' title='bbox 3507 1643 3626 1682; x_wconf 90' lang='lat' dir='ltr'><strong>ser-</strong></span> 
     </span>
    </p>
   </div>
   <div class='ocr_carea' id='block_1_34' title="bbox 251 1715 1848 1796">
    <p class='ocr_par' dir='ltr' id='par_1_34' title="bbox 251 1715 1848 1794">
     <span class='ocr_line' id='line_1_34' title="bbox 251 1715 1848 1794; baseline 0.001 -24"><span class='ocrx_word' id='word_1_244' title='bbox 251 1722 330 1787; x_wconf 81' lang='grc' dir='ltr'>μὴ</span> <span class='ocrx_word' id='word_1_245' title='bbox 391 1715 635 1790; x_wconf 81' lang='grc' dir='ltr'>δώξωμεν</span> <span class='ocrx_word' id='word_1_246' title='bbox 691 1721 1002 1794; x_wconf 83' lang='grc' dir='ltr'>ὁρκωθέντες</span> <span class='ocrx_word' id='word_1_247' title='bbox 1061 1728 1238 1792; x_wconf 79' lang='grc' dir='ltr'>σιγᾷν,</span> <span class='ocrx_word' id='word_1_248' title='bbox 1285 1727 1370 1774; x_wconf 85' lang='grc' dir='ltr'>καὶ</span> <span class='ocrx_word' id='word_1_249' title='bbox 1421 1725 1485 1773; x_wconf 90' lang='grc' dir='ltr'>τά</span> <span class='ocrx_word' id='word_1_250' title='bbox 1537 1720 1709 1793; x_wconf 67' lang='grc' dir='ltr'>ψεύδη</span> <span class='ocrx_word' id='word_1_251' title='bbox 1766 1742 1848 1794; x_wconf 77' lang='grc' dir='ltr'>πρε</span> 
     </span>
    </p>
   </div>
   <div class='ocr_carea' id='block_1_35' title="bbox 1962 1715 3625 1796">
    <p class='ocr_par' dir='ltr' id='par_1_35' title="bbox 1980 1716 3625 1793">
     <span class='ocr_line' id='line_1_35' title="bbox 1980 1716 3625 1793; baseline -0.004 -17"><span class='ocrx_word' id='word_1_252' title='bbox 1980 1737 2156 1777; x_wconf 88' lang='lat' dir='ltr'><strong>mone</strong></span> <span class='ocrx_word' id='word_1_253' title='bbox 2181 1721 2428 1789; x_wconf 89' lang='lat' dir='ltr'><strong>docens,</strong></span> <span class='ocrx_word' id='word_1_254' title='bbox 2451 1721 2616 1793; x_wconf 89' lang='lat' dir='ltr'><strong>quod</strong></span> <span class='ocrx_word' id='word_1_255' title='bbox 2643 1735 2761 1775; x_wconf 90' lang='lat' dir='ltr'>non</span> <span class='ocrx_word' id='word_1_256' title='bbox 2796 1724 2859 1774; x_wconf 90' lang='lat' dir='ltr'>ut</span> <span class='ocrx_word' id='word_1_257' title='bbox 2885 1718 3212 1784; x_wconf 88' lang='lat' dir='ltr'><strong>telaudem,</strong></span> <span class='ocrx_word' id='word_1_258' title='bbox 3232 1717 3333 1772; x_wconf 91' lang='lat' dir='ltr'>sed</span> <span class='ocrx_word' id='word_1_259' title='bbox 3360 1721 3420 1771; x_wconf 90' lang='lat' dir='ltr'>ut</span> <span class='ocrx_word' id='word_1_260' title='bbox 3441 1716 3625 1772; x_wconf 88' lang='lat' dir='ltr'><strong>alium</strong></span> 
     </span>
    </p>
   </div>
   <div class='ocr_carea' id='block_1_36' title="bbox 247 1806 1863 1883">
    <p class='ocr_par' dir='ltr' id='par_1_36' title="bbox 247 1806 1863 1883">
     <span class='ocr_line' id='line_1_36' title="bbox 247 1806 1863 1883; baseline 0.028 -26"><span class='ocrx_word' id='word_1_261' title='bbox 247 1815 352 1868; x_wconf 77' lang='grc' dir='ltr'>τῆς</span> <span class='ocrx_word' id='word_1_262' title='bbox 411 1806 652 1868; x_wconf 80' lang='grc' dir='ltr'>ἀληθείας</span> <span class='ocrx_word' id='word_1_263' title='bbox 716 1816 871 1882; x_wconf 71' lang='grc' dir='ltr'>τιμᾴν</span> <span class='ocrx_word' id='word_1_264' title='bbox 901 1828 912 1839; x_wconf 83' lang='grc'><strong>’</strong></span> <span class='ocrx_word' id='word_1_265' title='bbox 989 1816 1077 1862; x_wconf 69' lang='grc' dir='ltr'>καὶ</span> <span class='ocrx_word' id='word_1_266' title='bbox 1121 1812 1203 1862; x_wconf 70' lang='grc' dir='ltr'>ἵνα</span> <span class='ocrx_word' id='word_1_267' title='bbox 1254 1811 1444 1882; x_wconf 66' lang='grc' dir='ltr'>μᾶλλον</span> <span class='ocrx_word' id='word_1_268' title='bbox 1503 1811 1738 1883; x_wconf 35' lang='lat' dir='ltr'>inqu?“</span> <span class='ocrx_word' id='word_1_269' title='bbox 1799 1816 1863 1872; x_wconf 65' lang='grc' dir='ltr'>ὡς</span> 
     </span>
    </p>
   </div>
   <div class='ocr_carea' id='block_1_37' title="bbox 248 1897 1860 1973">
    <p class='ocr_par' dir='ltr' id='par_1_37' title="bbox 248 1897 1860 1973">
     <span class='ocr_line' id='line_1_37' title="bbox 248 1897 1860 1973; baseline 0.002 -25"><span class='ocrx_word' id='word_1_270' title='bbox 248 1897 425 1957; x_wconf 76' lang='grc' dir='ltr'>ἡδέως</span> <span class='ocrx_word' id='word_1_271' title='bbox 469 1917 540 1964; x_wconf 83' lang='grc' dir='ltr'>τε,</span> <span class='ocrx_word' id='word_1_272' title='bbox 594 1904 682 1950; x_wconf 81' lang='grc' dir='ltr'>καὶ</span> <span class='ocrx_word' id='word_1_273' title='bbox 766 1900 823 1951; x_wconf 66' lang='grc' dir='ltr'>οὗ</span> <span class='ocrx_word' id='word_1_274' title='bbox 883 1905 1174 1973; x_wconf 78' lang='grc' dir='ltr'>παρέργως,</span> <span class='ocrx_word' id='word_1_275' title='bbox 1231 1905 1323 1958; x_wconf 83' lang='grc' dir='ltr'>τὴν</span> <span class='ocrx_word' id='word_1_276' title='bbox 1393 1906 1488 1958; x_wconf 75' lang='grc' dir='ltr'>σὴν</span> <span class='ocrx_word' id='word_1_277' title='bbox 1550 1900 1860 1973; x_wconf 81' lang='grc' dir='ltr'>ἀνελεξάμην</span> 
     </span>
    </p>
   </div>
   <div class='ocr_carea' id='block_1_38' title="bbox 247 1984 1858 2063">
    <p class='ocr_par' dir='ltr' id='par_1_38' title="bbox 247 1984 1858 2063">
     <span class='ocr_line' id='line_1_38' title="bbox 247 1984 1858 2063; baseline 0.004 -27"><span class='ocrx_word' id='word_1_278' title='bbox 247 1985 534 2045; x_wconf 79' lang='grc' dir='ltr'>ἐπιστολὴν</span> <span class='ocrx_word' id='word_1_279' title='bbox 565 2005 576 2016; x_wconf 92' lang='grc'><strong>·</strong></span> <span class='ocrx_word' id='word_1_280' title='bbox 629 1984 704 2039; x_wconf 87' lang='grc' dir='ltr'>δι’</span> <span class='ocrx_word' id='word_1_281' title='bbox 736 1989 873 2040; x_wconf 82' lang='grc' dir='ltr'>ὁκαὶ</span> <span class='ocrx_word' id='word_1_282' title='bbox 914 1993 1006 2046; x_wconf 80' lang='grc' dir='ltr'>τὴν</span> <span class='ocrx_word' id='word_1_283' title='bbox 1048 1994 1144 2048; x_wconf 76' lang='grc' dir='ltr'>σὴν</span> <span class='ocrx_word' id='word_1_284' title='bbox 1171 1994 1543 2063; x_wconf 82' lang='grc' dir='ltr'>γραμματικὴν</span> <span class='ocrx_word' id='word_1_285' title='bbox 1595 1989 1858 2063; x_wconf 77' lang='grc' dir='ltr'>ἀκρίϐειαν</span> 
     </span>
    </p>
   </div>
   <div class='ocr_carea' id='block_1_39' title="bbox 245 2076 1858 2151">
    <p class='ocr_par' dir='ltr' id='par_1_39' title="bbox 245 2076 1858 2151">
     <span class='ocr_line' id='line_1_39' title="bbox 245 2076 1858 2151; baseline 0.003 -25"><span class='ocrx_word' id='word_1_286' title='bbox 245 2085 512 2149; x_wconf 84' lang='grc' dir='ltr'>παραινῶ,</span> <span class='ocrx_word' id='word_1_287' title='bbox 571 2081 756 2148; x_wconf 77' lang='grc' dir='ltr'>μηκέτι</span> <span class='ocrx_word' id='word_1_288' title='bbox 811 2080 869 2128; x_wconf 88' lang='grc' dir='ltr'>τό</span> <span class='ocrx_word' id='word_1_289' title='bbox 947 2079 1092 2151; x_wconf 77' lang='grc' dir='ltr'>ῥῆμα</span> <span class='ocrx_word' id='word_1_290' title='bbox 1171 2087 1321 2130; x_wconf 84' lang='grc' dir='ltr'>τούτο</span> <span class='ocrx_word' id='word_1_291' title='bbox 1394 2076 1573 2150; x_wconf 75' lang='grc' dir='ltr'>δοτικῇ</span> <span class='ocrx_word' id='word_1_292' title='bbox 1638 2081 1858 2132; x_wconf 86' lang='grc' dir='ltr'>συντάσ-</span> 
     </span>
    </p>
   </div>
   <div class='ocr_carea' id='block_1_40' title="bbox 247 2164 1857 2240">
    <p class='ocr_par' dir='ltr' id='par_1_40' title="bbox 247 2164 1857 2240">
     <span class='ocr_line' id='line_1_40' title="bbox 247 2164 1857 2240; baseline 0.002 -24"><span class='ocrx_word' id='word_1_293' title='bbox 247 2183 385 2230; x_wconf 85' lang='grc' dir='ltr'>σειν,</span> <span class='ocrx_word' id='word_1_294' title='bbox 415 2164 546 2223; x_wconf 76' lang='grc' dir='ltr'>πλὴν</span> <span class='ocrx_word' id='word_1_295' title='bbox 604 2166 648 2217; x_wconf 89' lang='grc' dir='ltr'>εἰ</span> <span class='ocrx_word' id='word_1_296' title='bbox 697 2170 768 2238; x_wconf 83' lang='grc' dir='ltr'><em>μή</em></span> <span class='ocrx_word' id='word_1_297' title='bbox 803 2186 881 2217; x_wconf 91' lang='grc' dir='ltr'>πω</span> <span class='ocrx_word' id='word_1_298' title='bbox 937 2172 1404 2240; x_wconf 78' lang='grc' dir='ltr'>περιπεποιημένην</span> <span class='ocrx_word' id='word_1_299' title='bbox 1456 2171 1484 2226; x_wconf 82' lang='grc' dir='ltr'>ἡ</span> <span class='ocrx_word' id='word_1_300' title='bbox 1534 2172 1699 2220; x_wconf 83' lang='grc' dir='ltr'>ἔννοια</span> <span class='ocrx_word' id='word_1_301' title='bbox 1738 2172 1857 2221; x_wconf 88' lang='grc' dir='ltr'>σύν-</span> 
     </span>
    </p>
   </div>
   <div class='ocr_carea' id='block_1_41' title="bbox 243 2253 1854 2330">
    <p class='ocr_par' dir='ltr' id='par_1_41' title="bbox 243 2253 1854 2330">
     <span class='ocr_line' id='line_1_41' title="bbox 243 2253 1854 2330; baseline 0.003 -26"><span class='ocrx_word' id='word_1_302' title='bbox 243 2253 398 2315; x_wconf 82' lang='grc' dir='ltr'>ταξιν</span> <span class='ocrx_word' id='word_1_303' title='bbox 445 2253 694 2312; x_wconf 88' lang='grc' dir='ltr'>ἀπαιτοίη</span> <span class='ocrx_word' id='word_1_304' title='bbox 727 2272 738 2284; x_wconf 86' lang='grc'><strong>·</strong></span> <span class='ocrx_word' id='word_1_305' title='bbox 782 2259 896 2307; x_wconf 92' lang='grc' dir='ltr'>τότε</span> <span class='ocrx_word' id='word_1_306' title='bbox 937 2257 1038 2330; x_wconf 80' lang='grc' dir='ltr'>γὰρ</span> <span class='ocrx_word' id='word_1_307' title='bbox 1093 2257 1261 2318; x_wconf 77' lang='grc' dir='ltr'>ἔξεστι</span> <span class='ocrx_word' id='word_1_308' title='bbox 1312 2262 1401 2308; x_wconf 88' lang='grc' dir='ltr'>καὶ</span> <span class='ocrx_word' id='word_1_309' title='bbox 1450 2260 1579 2330; x_wconf 86' lang='grc' dir='ltr'>πρὸς</span> <span class='ocrx_word' id='word_1_310' title='bbox 1639 2254 1854 2316; x_wconf 79' lang='grc' dir='ltr'>δοτικὴν</span> 
     </span>
    </p>
   </div>
   <div class='ocr_carea' id='block_1_42' title="bbox 241 2339 1850 2418">
    <p class='ocr_par' dir='ltr' id='par_1_42' title="bbox 241 2339 1850 2418">
     <span class='ocr_line' id='line_1_42' title="bbox 241 2339 1850 2418; baseline 0.002 -26"><span class='ocrx_word' id='word_1_311' title='bbox 241 2339 590 2406; x_wconf 80' lang='grc' dir='ltr'>ἀποδιδόναι,</span> <span class='ocrx_word' id='word_1_312' title='bbox 621 2340 880 2400; x_wconf 74' lang='grc' dir='ltr'>δηλοῦντα</span> <span class='ocrx_word' id='word_1_313' title='bbox 910 2353 981 2414; x_wconf 83' lang='grc' dir='ltr'>τῷ</span> <span class='ocrx_word' id='word_1_314' title='bbox 1031 2345 1184 2417; x_wconf 84' lang='grc' dir='ltr'>λόγῳ,</span> <span class='ocrx_word' id='word_1_315' title='bbox 1227 2348 1291 2406; x_wconf 85' lang='grc' dir='ltr'>ὡς</span> <span class='ocrx_word' id='word_1_316' title='bbox 1321 2346 1448 2416; x_wconf 85' lang='grc' dir='ltr'>ούχί</span> <span class='ocrx_word' id='word_1_317' title='bbox 1477 2365 1533 2398; x_wconf 89' lang='grc' dir='ltr'>σε</span> <span class='ocrx_word' id='word_1_318' title='bbox 1563 2357 1850 2418; x_wconf 80' lang='grc' dir='ltr'>παραινεὶν,</span> 
     </span>
    </p>
   </div>
   <div class='ocr_carea' id='block_1_43' title="bbox 239 2418 1852 2507">
    <p class='ocr_par' dir='ltr' id='par_1_43' title="bbox 239 2429 1852 2507">
     <span class='ocr_line' id='line_1_43' title="bbox 239 2429 1852 2507; baseline 0.002 -23"><span class='ocrx_word' id='word_1_319' title='bbox 239 2433 412 2505; x_wconf 77' lang='grc' dir='ltr'>ἕτερον</span> <span class='ocrx_word' id='word_1_320' title='bbox 467 2429 525 2485; x_wconf 79' lang='grc' dir='ltr'>δὲ</span> <span class='ocrx_word' id='word_1_321' title='bbox 574 2429 666 2485; x_wconf 69' lang='grc' dir='ltr'>διὰ</span> <span class='ocrx_word' id='word_1_322' title='bbox 722 2440 812 2495; x_wconf 84' lang='grc' dir='ltr'>τῆς</span> <span class='ocrx_word' id='word_1_323' title='bbox 855 2437 1222 2504; x_wconf 81' lang='grc' dir='ltr'>παραινέσεως,</span> <span class='ocrx_word' id='word_1_324' title='bbox 1269 2442 1325 2486; x_wconf 76' lang='grc' dir='ltr'>τό</span> <span class='ocrx_word' id='word_1_325' title='bbox 1373 2454 1456 2486; x_wconf 90' lang='grc' dir='ltr'>σοι</span> <span class='ocrx_word' id='word_1_326' title='bbox 1493 2444 1652 2486; x_wconf 83' lang='grc' dir='ltr'>ποιῶν</span> <span class='ocrx_word' id='word_1_327' title='bbox 1692 2455 1852 2507; x_wconf 82' lang='grc' dir='ltr'>κεχα-</span> 
     </span>
    </p>
   </div>
   <div class='ocr_carea' id='block_1_44' title="bbox 239 2520 1849 2594">
    <p class='ocr_par' dir='ltr' id='par_1_44' title="bbox 239 2520 1849 2594">
     <span class='ocr_line' id='line_1_44' title="bbox 239 2520 1849 2594; baseline 0.002 -22"><span class='ocrx_word' id='word_1_328' title='bbox 239 2526 510 2594; x_wconf 67' lang='grc' dir='ltr'>ρισμένον,</span> <span class='ocrx_word' id='word_1_329' title='bbox 569 2529 838 2594; x_wconf 83' lang='grc' dir='ltr'>προῆγμαι</span> <span class='ocrx_word' id='word_1_330' title='bbox 881 2521 1118 2594; x_wconf 80' lang='grc' dir='ltr'>βελτιούν</span> <span class='ocrx_word' id='word_1_331' title='bbox 1153 2541 1164 2552; x_wconf 81' lang='lat'>&#39;</span> <span class='ocrx_word' id='word_1_332' title='bbox 1195 2530 1284 2576; x_wconf 81' lang='grc' dir='ltr'>καὶ</span> <span class='ocrx_word' id='word_1_333' title='bbox 1337 2520 1405 2582; x_wconf 84' lang='grc' dir='ltr'>δὴ</span> <span class='ocrx_word' id='word_1_334' title='bbox 1456 2529 1632 2577; x_wconf 79' lang='grc' dir='ltr'>καὶτὸ</span> <span class='ocrx_word' id='word_1_335' title='bbox 1694 2521 1849 2583; x_wconf 82' lang='grc' dir='ltr'>δίκην</span> 
     </span>
    </p>
   </div>
   <div class='ocr_carea' id='block_1_45' title="bbox 239 2610 1844 2688">
    <p class='ocr_par' dir='ltr' id='par_1_45' title="bbox 239 2610 1844 2688">
     <span class='ocr_line' id='line_1_45' title="bbox 239 2610 1844 2688; baseline 0.003 -27"><span class='ocrx_word' id='word_1_336' title='bbox 239 2611 325 2682; x_wconf 72' lang='grc' dir='ltr'>ὑφ’</span> <span class='ocrx_word' id='word_1_337' title='bbox 385 2610 558 2684; x_wconf 85' lang='grc' dir='ltr'>ἐτέρου</span> <span class='ocrx_word' id='word_1_338' title='bbox 635 2611 1024 2685; x_wconf 80' lang='grc' dir='ltr'>εἰσπράττεται,</span> <span class='ocrx_word' id='word_1_339' title='bbox 1103 2611 1216 2664; x_wconf 87' lang='grc' dir='ltr'>ἀντὶ</span> <span class='ocrx_word' id='word_1_340' title='bbox 1294 2621 1385 2665; x_wconf 77' lang='grc' dir='ltr'>τοῦ</span> <span class='ocrx_word' id='word_1_341' title='bbox 1460 2615 1584 2685; x_wconf 84' lang='grc' dir='ltr'>παρ’</span> <span class='ocrx_word' id='word_1_342' title='bbox 1649 2614 1844 2688; x_wconf 82' lang='grc' dir='ltr'>ἐτέρου,</span> 
     </span>
    </p>
   </div>
   <div class='ocr_carea' id='block_1_46' title="bbox 237 2699 1847 2776">
    <p class='ocr_par' dir='ltr' id='par_1_46' title="bbox 237 2699 1847 2776">
     <span class='ocr_line' id='line_1_46' title="bbox 237 2699 1847 2776; baseline 0.004 -26"><span class='ocrx_word' id='word_1_343' title='bbox 237 2699 687 2774; x_wconf 81' lang='grc' dir='ltr'>παραφυλακτέον.</span> <span class='ocrx_word' id='word_1_344' title='bbox 739 2700 980 2774; x_wconf 82' lang='grc' dir='ltr'>Βάρϐαρα</span> <span class='ocrx_word' id='word_1_345' title='bbox 1031 2705 1120 2772; x_wconf 72' lang='grc' dir='ltr'>μὲν</span> <span class='ocrx_word' id='word_1_346' title='bbox 1177 2704 1275 2776; x_wconf 79' lang='grc' dir='ltr'>γάρ</span> <span class='ocrx_word' id='word_1_347' title='bbox 1340 2703 1397 2755; x_wconf 87' lang='grc' dir='ltr'>ού</span> <span class='ocrx_word' id='word_1_348' title='bbox 1452 2703 1582 2774; x_wconf 74' lang='grc' dir='ltr'>λέγω</span> <span class='ocrx_word' id='word_1_349' title='bbox 1626 2706 1692 2756; x_wconf 81' lang='grc' dir='ltr'>τὰ</span> <span class='ocrx_word' id='word_1_350' title='bbox 1742 2723 1847 2756; x_wconf 83' lang='grc' dir='ltr'>τοι·</span> 
     </span>
    </p>
   </div>
   <div class='ocr_carea' id='block_1_47' title="bbox 239 2786 1838 2864">
    <p class='ocr_par' dir='ltr' id='par_1_47' title="bbox 239 2786 1838 2864">
     <span class='ocr_line' id='line_1_47' title="bbox 239 2786 1838 2864; baseline 0.004 -25"><span class='ocrx_word' id='word_1_351' title='bbox 239 2796 371 2840; x_wconf 73' lang='grc' dir='ltr'>αὐτα</span> <span class='ocrx_word' id='word_1_352' title='bbox 399 2806 412 2817; x_wconf 84' lang='lat'>&#39;</span> <span class='ocrx_word' id='word_1_353' title='bbox 452 2787 756 2864; x_wconf 86' lang='grc' dir='ltr'>βαρϐαρικά</span> <span class='ocrx_word' id='word_1_354' title='bbox 785 2786 864 2855; x_wconf 69' lang='grc' dir='ltr'>δε,</span> <span class='ocrx_word' id='word_1_355' title='bbox 919 2796 1010 2842; x_wconf 85' lang='grc' dir='ltr'>καὶ</span> <span class='ocrx_word' id='word_1_356' title='bbox 1036 2791 1185 2851; x_wconf 65' lang='grc' dir='ltr'>αὐτὸς</span> <span class='ocrx_word' id='word_1_357' title='bbox 1213 2798 1454 2853; x_wconf 81' lang='grc' dir='ltr'>συνήσεις</span> <span class='ocrx_word' id='word_1_358' title='bbox 1502 2792 1796 2854; x_wconf 79' lang='grc' dir='ltr'>ἐπιστήσας</span> <span class='ocrx_word' id='word_1_359' title='bbox 1827 2833 1838 2845; x_wconf 93' lang='grc'><strong>.</strong></span> 
     </span>
    </p>
   </div>
   <div class='ocr_carea' id='block_1_48' title="bbox 232 2876 1841 2952">
    <p class='ocr_par' dir='ltr' id='par_1_48' title="bbox 232 2876 1841 2952">
     <span class='ocr_line' id='line_1_48' title="bbox 232 2876 1841 2952; baseline 0.004 -24"><span class='ocrx_word' id='word_1_360' title='bbox 232 2876 266 2928; x_wconf 81' lang='grc' dir='ltr'><em>ἃ</em></span> <span class='ocrx_word' id='word_1_361' title='bbox 296 2883 390 2929; x_wconf 84' lang='grc' dir='ltr'>καὶ</span> <span class='ocrx_word' id='word_1_362' title='bbox 438 2883 529 2936; x_wconf 80' lang='grc' dir='ltr'>τὴν</span> <span class='ocrx_word' id='word_1_363' title='bbox 578 2878 856 2936; x_wconf 76' lang='grc' dir='ltr'>ἐπιστολὴν</span> <span class='ocrx_word' id='word_1_364' title='bbox 908 2879 1380 2952; x_wconf 76' lang='grc' dir='ltr'>κεκαλλιεπημὲνην</span> <span class='ocrx_word' id='word_1_365' title='bbox 1435 2878 1614 2945; x_wconf 78' lang='grc' dir='ltr'>οὖσαν,</span> <span class='ocrx_word' id='word_1_366' title='bbox 1664 2884 1841 2934; x_wconf 74' lang='grc' dir='ltr'>ὑπενό-</span> 
     </span>
    </p>
   </div>
   <div class='ocr_carea' id='block_1_49' title="bbox 229 2967 1839 3041">
    <p class='ocr_par' dir='ltr' id='par_1_49' title="bbox 229 2967 1839 3041">
     <span class='ocr_line' id='line_1_49' title="bbox 229 2967 1839 3041; baseline 0.002 -22"><span class='ocrx_word' id='word_1_367' title='bbox 229 2969 398 3019; x_wconf 83' lang='grc' dir='ltr'>Θευεν.</span> <span class='ocrx_word' id='word_1_368' title='bbox 443 2967 581 3021; x_wconf 81' lang='grc' dir='ltr'>Ἀλλ’</span> <span class='ocrx_word' id='word_1_369' title='bbox 633 2970 713 3020; x_wconf 74' lang='grc' dir='ltr'>ἐπὶ</span> <span class='ocrx_word' id='word_1_370' title='bbox 774 2975 1021 3020; x_wconf 80' lang='grc' dir='ltr'>τοσοῦτον</span> <span class='ocrx_word' id='word_1_371' title='bbox 1068 2971 1158 3040; x_wconf 68' lang='grc' dir='ltr'>μὲν</span> <span class='ocrx_word' id='word_1_372' title='bbox 1210 2989 1391 3024; x_wconf 80' lang='grc' dir='ltr'>ταυτα.</span> <span class='ocrx_word' id='word_1_373' title='bbox 1450 2970 1580 3041; x_wconf 81' lang='grc' dir='ltr'>Ἐγὼ</span> <span class='ocrx_word' id='word_1_374' title='bbox 1635 2967 1694 3023; x_wconf 71' lang='grc' dir='ltr'>δὲ</span> <span class='ocrx_word' id='word_1_375' title='bbox 1741 2979 1839 3023; x_wconf 86' lang='grc' dir='ltr'>Ζα-</span> 
     </span>
    </p>
   </div>
   <div class='ocr_carea' id='block_1_50' title="bbox 1977 1803 3626 1875">
    <p class='ocr_par' dir='ltr' id='par_1_50' title="bbox 1977 1803 3626 1875">
     <span class='ocr_line' id='line_1_50' title="bbox 1977 1803 3626 1875; baseline -0.007 -10"><span class='ocrx_word' id='word_1_376' title='bbox 1977 1816 2075 1865; x_wconf 90' lang='lat' dir='ltr'>tua</span> <span class='ocrx_word' id='word_1_377' title='bbox 2104 1811 2613 1867; x_wconf 89' lang='lat' dir='ltr'><strong>causameliorem</strong></span> <span class='ocrx_word' id='word_1_378' title='bbox 2665 1810 2936 1875; x_wconf 90' lang='lat' dir='ltr'><strong>reddam,</strong></span> <span class='ocrx_word' id='word_1_379' title='bbox 2984 1811 3047 1863; x_wconf 87' lang='lat' dir='ltr'><strong>Et</strong></span> <span class='ocrx_word' id='word_1_380' title='bbox 3077 1813 3231 1862; x_wconf 91' lang='lat' dir='ltr'><strong>certe</strong></span> <span class='ocrx_word' id='word_1_381' title='bbox 3279 1806 3422 1862; x_wconf 91' lang='lat' dir='ltr'><strong>illud</strong></span> <span class='ocrx_word' id='word_1_382' title='bbox 3470 1803 3626 1863; x_wconf 82' lang='grc' dir='ltr'>δίκην</span> 
     </span>
    </p>
   </div>
   <div class='ocr_carea' id='block_1_51' title="bbox 1971 1895 3626 1974">
    <p class='ocr_par' dir='ltr' id='par_1_51' title="bbox 1971 1895 3626 1974">
     <span class='ocr_line' id='line_1_51' title="bbox 1971 1895 3626 1974; baseline -0.001 -23"><span class='ocrx_word' id='word_1_383' title='bbox 1971 1899 2258 1974; x_wconf 79' lang='grc' dir='ltr'>ύφέτέρου</span> <span class='ocrx_word' id='word_1_384' title='bbox 2301 1903 2668 1973; x_wconf 77' lang='grc' dir='ltr'>εἰσπράττεται</span> <span class='ocrx_word' id='word_1_385' title='bbox 2720 1915 2830 1972; x_wconf 88' lang='lat' dir='ltr'>pro</span> <span class='ocrx_word' id='word_1_386' title='bbox 2882 1900 3004 1969; x_wconf 86' lang='grc' dir='ltr'>παρ’</span> <span class='ocrx_word' id='word_1_387' title='bbox 3058 1898 3252 1970; x_wconf 79' lang='grc' dir='ltr'>ἐτέρου,</span> <span class='ocrx_word' id='word_1_388' title='bbox 3287 1895 3626 1951; x_wconf 88' lang='lat' dir='ltr'><strong>cavendum</strong></span> 
     </span>
    </p>
   </div>
   <div class='ocr_carea' id='block_1_52' title="bbox 1968 1984 3627 2058">
    <p class='ocr_par' dir='ltr' id='par_1_52' title="bbox 1968 1984 3627 2058">
     <span class='ocr_line' id='line_1_52' title="bbox 1968 1984 3627 2058; baseline -0.004 -14"><span class='ocrx_word' id='word_1_389' title='bbox 1968 1989 2582 2058; x_wconf 83' lang='lat' dir='ltr'><strong>estdicere;barbara</strong></span> <span class='ocrx_word' id='word_1_390' title='bbox 2609 2005 2730 2044; x_wconf 90' lang='lat' dir='ltr'>non</span> <span class='ocrx_word' id='word_1_391' title='bbox 2743 1989 2946 2044; x_wconf 85' lang='lat' dir='ltr'><strong>dixero</strong></span> <span class='ocrx_word' id='word_1_392' title='bbox 2965 1986 3304 2056; x_wconf 86' lang='lat' dir='ltr'><strong>hujusmodi</strong></span> <span class='ocrx_word' id='word_1_393' title='bbox 3334 1984 3627 2040; x_wconf 81' lang='lat' dir='ltr'><strong>atbarba-</strong></span> 
     </span>
    </p>
   </div>
   <div class='ocr_carea' id='block_1_53' title="bbox 1966 2072 3625 2150">
    <p class='ocr_par' dir='ltr' id='par_1_53' title="bbox 1966 2072 3625 2150">
     <span class='ocr_line' id='line_1_53' title="bbox 1966 2072 3625 2150; baseline -0.004 -17"><span class='ocrx_word' id='word_1_394' title='bbox 1966 2079 2106 2143; x_wconf 86' lang='lat' dir='ltr'><strong>rica,</strong></span> <span class='ocrx_word' id='word_1_395' title='bbox 2139 2095 2276 2150; x_wconf 66' lang='lat' dir='ltr'><strong>quas</strong></span> <span class='ocrx_word' id='word_1_396' title='bbox 2301 2078 2638 2150; x_wconf 88' lang='lat' dir='ltr'><strong>epistolam,</strong></span> <span class='ocrx_word' id='word_1_397' title='bbox 2669 2078 2832 2150; x_wconf 91' lang='lat' dir='ltr'><strong>quod</strong></span> <span class='ocrx_word' id='word_1_398' title='bbox 2892 2075 3217 2143; x_wconf 83' lang='lat' dir='ltr'><strong>intelligere</strong></span> <span class='ocrx_word' id='word_1_399' title='bbox 3257 2079 3446 2145; x_wconf 88' lang='lat' dir='ltr'><strong>potes,</strong></span> <span class='ocrx_word' id='word_1_400' title='bbox 3478 2072 3625 2128; x_wconf 89' lang='lat' dir='ltr'><strong>alias</strong></span> 
     </span>
    </p>
   </div>
   <div class='ocr_carea' id='block_1_54' title="bbox 1969 2166 3621 2233">
    <p class='ocr_par' dir='ltr' id='par_1_54' title="bbox 1969 2166 3621 2233">
     <span class='ocr_line' id='line_1_54' title="bbox 1969 2166 3621 2233; baseline -0.003 -12"><span class='ocrx_word' id='word_1_401' title='bbox 1969 2168 2245 2224; x_wconf 86' lang='lat' dir='ltr'><strong>scitulam</strong></span> <span class='ocrx_word' id='word_1_402' title='bbox 2259 2168 2693 2223; x_wconf 88' lang='lat' dir='ltr'><strong>adulterarunt.</strong></span> <span class='ocrx_word' id='word_1_403' title='bbox 2715 2167 2832 2222; x_wconf 89' lang='lat' dir='ltr'><strong>Sed</strong></span> <span class='ocrx_word' id='word_1_404' title='bbox 2859 2167 2985 2221; x_wconf 68' lang='lat' dir='ltr'><strong>haec</strong></span> <span class='ocrx_word' id='word_1_405' title='bbox 3005 2166 3442 2233; x_wconf 87' lang='lat' dir='ltr'><strong>hactenus.Ego</strong></span> <span class='ocrx_word' id='word_1_406' title='bbox 3465 2167 3621 2217; x_wconf 89' lang='lat' dir='ltr'><strong>certe</strong></span> 
     </span>
    </p>
   </div>
   <div class='ocr_carea' id='block_1_55' title="bbox 1966 2253 3615 2326">
    <p class='ocr_par' dir='ltr' id='par_1_55' title="bbox 1966 2253 3615 2326">
     <span class='ocr_line' id='line_1_55' title="bbox 1966 2253 3615 2326; baseline -0.005 -14"><span class='ocrx_word' id='word_1_407' title='bbox 1966 2273 2170 2312; x_wconf 92' lang='lat' dir='ltr'><strong>meum</strong></span> <span class='ocrx_word' id='word_1_408' title='bbox 2197 2257 2545 2313; x_wconf 85' lang='lat' dir='ltr'><strong>Zachariam</strong></span> <span class='ocrx_word' id='word_1_409' title='bbox 2571 2273 2688 2312; x_wconf 89' lang='lat' dir='ltr'>non</span> <span class='ocrx_word' id='word_1_410' title='bbox 2709 2272 2868 2310; x_wconf 90' lang='lat' dir='ltr'><strong>nunc</strong></span> <span class='ocrx_word' id='word_1_411' title='bbox 2895 2253 3160 2326; x_wconf 91' lang='lat' dir='ltr'><strong>primum</strong></span> <span class='ocrx_word' id='word_1_412' title='bbox 3192 2253 3433 2323; x_wconf 89' lang='lat' dir='ltr'><strong>incipio,</strong></span> <span class='ocrx_word' id='word_1_413' title='bbox 3463 2253 3615 2306; x_wconf 92' lang='lat' dir='ltr'><strong>Deus</strong></span> 
     </span>
    </p>
   </div>
   <div class='ocr_carea' id='block_1_56' title="bbox 1965 2341 3616 2418">
    <p class='ocr_par' dir='ltr' id='par_1_56' title="bbox 1965 2341 3616 2418">
     <span class='ocr_line' id='line_1_56' title="bbox 1965 2341 3616 2418; baseline -0.002 -18"><span class='ocrx_word' id='word_1_414' title='bbox 1965 2346 2237 2411; x_wconf 86' lang='lat' dir='ltr'><strong>meliora,</strong></span> <span class='ocrx_word' id='word_1_415' title='bbox 2265 2346 2355 2402; x_wconf 88' lang='lat' dir='ltr'>vel</span> <span class='ocrx_word' id='word_1_416' title='bbox 2377 2345 2736 2418; x_wconf 82' lang='lat' dir='ltr'><strong>parcere,vel</strong></span> <span class='ocrx_word' id='word_1_417' title='bbox 2754 2361 2872 2400; x_wconf 89' lang='lat' dir='ltr'>non</span> <span class='ocrx_word' id='word_1_418' title='bbox 2891 2341 3136 2398; x_wconf 89' lang='lat' dir='ltr'><strong>ulterius</strong></span> <span class='ocrx_word' id='word_1_419' title='bbox 3155 2342 3362 2413; x_wconf 88' lang='lat' dir='ltr'><strong>punire</strong></span> <span class='ocrx_word' id='word_1_420' title='bbox 3381 2341 3616 2410; x_wconf 86' lang='lat' dir='ltr'><strong>desino,</strong></span> 
     </span>
    </p>
   </div>
   <div class='ocr_carea' id='block_1_57' title="bbox 1963 2432 3613 2508">
    <p class='ocr_par' dir='ltr' id='par_1_57' title="bbox 1963 2432 3613 2508">
     <span class='ocr_line' id='line_1_57' title="bbox 1963 2432 3613 2508; baseline -0.004 -18"><span class='ocrx_word' id='word_1_421' title='bbox 1963 2451 2071 2491; x_wconf 90' lang='lat' dir='ltr'>nec</span> <span class='ocrx_word' id='word_1_422' title='bbox 2101 2438 2259 2508; x_wconf 87' lang='lat' dir='ltr'><strong>quod</strong></span> <span class='ocrx_word' id='word_1_423' title='bbox 2286 2437 2528 2492; x_wconf 86' lang='lat' dir='ltr'><strong>morbos</strong></span> <span class='ocrx_word' id='word_1_424' title='bbox 2545 2442 2602 2491; x_wconf 89' lang='lat' dir='ltr'>et</span> <span class='ocrx_word' id='word_1_425' title='bbox 2626 2436 2937 2507; x_wconf 87' lang='lat' dir='ltr'><strong>passiones</strong></span> <span class='ocrx_word' id='word_1_426' title='bbox 2966 2432 3613 2497; x_wconf 87' lang='lat' dir='ltr'><strong>declinem,fortunam,</strong></span> 
     </span>
    </p>
   </div>
   <div class='ocr_carea' id='block_1_58' title="bbox 1960 2518 3610 2595">
    <p class='ocr_par' dir='ltr' id='par_1_58' title="bbox 1960 2518 3610 2595">
     <span class='ocr_line' id='line_1_58' title="bbox 1960 2518 3610 2595; baseline -0.004 -16"><span class='ocrx_word' id='word_1_427' title='bbox 1960 2529 2016 2580; x_wconf 87' lang='lat' dir='ltr'>et</span> <span class='ocrx_word' id='word_1_428' title='bbox 2041 2526 2427 2594; x_wconf 89' lang='lat' dir='ltr'><strong>calamitates,</strong></span> <span class='ocrx_word' id='word_1_429' title='bbox 2450 2525 2700 2581; x_wconf 84' lang='lat' dir='ltr'><strong>insidias</strong></span> <span class='ocrx_word' id='word_1_430' title='bbox 2724 2529 2778 2579; x_wconf 92' lang='lat' dir='ltr'>et</span> <span class='ocrx_word' id='word_1_431' title='bbox 2810 2523 3105 2595; x_wconf 83' lang='lat' dir='ltr'><strong>nequitias</strong></span> <span class='ocrx_word' id='word_1_432' title='bbox 3140 2519 3470 2576; x_wconf 88' lang='lat' dir='ltr'><strong>Phalaridis</strong></span> <span class='ocrx_word' id='word_1_433' title='bbox 3496 2518 3610 2574; x_wconf 90' lang='lat' dir='ltr'><strong>illis</strong></span> 
     </span>
    </p>
   </div>
   <div class='ocr_carea' id='block_1_59' title="bbox 1961 2610 3608 2679">
    <p class='ocr_par' dir='ltr' id='par_1_59' title="bbox 1961 2610 3608 2679">
     <span class='ocr_line' id='line_1_59' title="bbox 1961 2610 3608 2679; baseline -0.004 -10"><span class='ocrx_word' id='word_1_434' title='bbox 1961 2630 2082 2670; x_wconf 88' lang='lat' dir='ltr'>non</span> <span class='ocrx_word' id='word_1_435' title='bbox 2107 2617 2308 2670; x_wconf 91' lang='lat' dir='ltr'><strong>minus</strong></span> <span class='ocrx_word' id='word_1_436' title='bbox 2338 2615 2787 2679; x_wconf 89' lang='lat' dir='ltr'><strong>tolerabiliores,</strong></span> <span class='ocrx_word' id='word_1_437' title='bbox 2815 2613 2920 2668; x_wconf 89' lang='lat' dir='ltr'>sed</span> <span class='ocrx_word' id='word_1_438' title='bbox 2943 2613 3224 2668; x_wconf 87' lang='lat' dir='ltr'><strong>animitus</strong></span> <span class='ocrx_word' id='word_1_439' title='bbox 3251 2610 3608 2665; x_wconf 90' lang='lat' dir='ltr'><strong>insidentem</strong></span> 
     </span>
    </p>
   </div>
   <div class='ocr_carea' id='block_1_60' title="bbox 1957 2700 3608 2776">
    <p class='ocr_par' dir='ltr' id='par_1_60' title="bbox 1957 2700 3608 2776">
     <span class='ocr_line' id='line_1_60' title="bbox 1957 2700 3608 2776; baseline -0.004 -17"><span class='ocrx_word' id='word_1_440' title='bbox 1957 2711 2014 2759; x_wconf 92' lang='lat' dir='ltr'>et</span> <span class='ocrx_word' id='word_1_441' title='bbox 2034 2705 2348 2776; x_wconf 89' lang='lat' dir='ltr'><strong>antiquum</strong></span> <span class='ocrx_word' id='word_1_442' title='bbox 2364 2704 2642 2760; x_wconf 74' lang='lat' dir='ltr'><strong>affectum</strong></span> <span class='ocrx_word' id='word_1_443' title='bbox 2662 2700 3450 2771; x_wconf 74' lang='lat' dir='ltr'><strong>conservans,amicitiaeque</strong></span> <span class='ocrx_word' id='word_1_444' title='bbox 3467 2714 3608 2769; x_wconf 89' lang='lat' dir='ltr'><strong>ergo</strong></span> 
     </span>
    </p>
   </div>
   <div class='ocr_carea' id='block_1_61' title="bbox 1957 2791 3608 2866">
    <p class='ocr_par' dir='ltr' id='par_1_61' title="bbox 1957 2791 3608 2866">
     <span class='ocr_line' id='line_1_61' title="bbox 1957 2791 3608 2866; baseline -0.004 -18"><span class='ocrx_word' id='word_1_445' title='bbox 1957 2809 2100 2848; x_wconf 66' lang='lat' dir='ltr'><strong>mea;</strong></span> <span class='ocrx_word' id='word_1_446' title='bbox 2131 2795 2374 2849; x_wconf 66' lang='lat' dir='ltr'><strong>sinceras</strong></span> <span class='ocrx_word' id='word_1_447' title='bbox 2396 2800 2450 2848; x_wconf 93' lang='lat' dir='ltr'>et</span> <span class='ocrx_word' id='word_1_448' title='bbox 2483 2810 2646 2866; x_wconf 74' lang='lat' dir='ltr'><strong>purre</strong></span> <span class='ocrx_word' id='word_1_449' title='bbox 2668 2808 2782 2848; x_wconf 90' lang='lat' dir='ltr'>non</span> <span class='ocrx_word' id='word_1_450' title='bbox 2810 2791 3050 2855; x_wconf 89' lang='lat' dir='ltr'><strong>oblitus,</strong></span> <span class='ocrx_word' id='word_1_451' title='bbox 3086 2793 3146 2848; x_wconf 86' lang='lat' dir='ltr'>et</span> <span class='ocrx_word' id='word_1_452' title='bbox 3176 2793 3426 2861; x_wconf 87' lang='lat' dir='ltr'><strong>paterno</strong></span> <span class='ocrx_word' id='word_1_453' title='bbox 3446 2803 3608 2842; x_wconf 92' lang='lat' dir='ltr'><strong>more</strong></span> 
     </span>
    </p>
   </div>
   <div class='ocr_carea' id='block_1_62' title="bbox 1954 2876 3608 2953">
    <p class='ocr_par' dir='ltr' id='par_1_62' title="bbox 1954 2876 3608 2953">
     <span class='ocr_line' id='line_1_62' title="bbox 1954 2876 3608 2953; baseline -0.003 -17"><span class='ocrx_word' id='word_1_454' title='bbox 1954 2881 2305 2953; x_wconf 89' lang='lat' dir='ltr'><strong>amplector,</strong></span> <span class='ocrx_word' id='word_1_455' title='bbox 2335 2887 2390 2938; x_wconf 93' lang='lat' dir='ltr'>et</span> <span class='ocrx_word' id='word_1_456' title='bbox 2424 2899 2596 2938; x_wconf 90' lang='lat' dir='ltr'><strong>sacro</strong></span> <span class='ocrx_word' id='word_1_457' title='bbox 2623 2887 2902 2937; x_wconf 88' lang='lat' dir='ltr'><strong>veneratu</strong></span> <span class='ocrx_word' id='word_1_458' title='bbox 2950 2880 3141 2934; x_wconf 90' lang='lat' dir='ltr'><strong>foveo.</strong></span> <span class='ocrx_word' id='word_1_459' title='bbox 3193 2881 3317 2932; x_wconf 88' lang='lat' dir='ltr'><strong>Non</strong></span> <span class='ocrx_word' id='word_1_460' title='bbox 3349 2876 3514 2948; x_wconf 90' lang='lat' dir='ltr'><strong>quod</strong></span> <span class='ocrx_word' id='word_1_461' title='bbox 3546 2881 3608 2931; x_wconf 85' lang='lat' dir='ltr'>tu</span> 
     </span>
    </p>
   </div>
   <div class='ocr_carea' id='block_1_63' title="bbox 1952 2967 3608 3042">
    <p class='ocr_par' dir='ltr' id='par_1_63' title="bbox 1952 2967 3608 3042">
     <span class='ocr_line' id='line_1_63' title="bbox 1952 2967 3608 3042; baseline -0.002 -16"><span class='ocrx_word' id='word_1_462' title='bbox 1952 2973 2377 3037; x_wconf 87' lang='lat' dir='ltr'><strong>scribis,errori</strong></span> <span class='ocrx_word' id='word_1_463' title='bbox 2405 2971 2982 3042; x_wconf 80' lang='lat' dir='ltr'><strong>pristinoinsultans,</strong></span> <span class='ocrx_word' id='word_1_464' title='bbox 3011 2985 3210 3024; x_wconf 79' lang='lat' dir='ltr'><strong>verum</strong></span> <span class='ocrx_word' id='word_1_465' title='bbox 3240 2984 3375 3022; x_wconf 88' lang='lat' dir='ltr'>cum</span> <span class='ocrx_word' id='word_1_466' title='bbox 3399 2967 3608 3022; x_wconf 89' lang='lat' dir='ltr'><strong>immo-</strong></span> 
     </span>
    </p>
   </div>
   <div class='ocr_carea' id='block_1_64' title="bbox 224 3054 1848 3144">
    <p class='ocr_par' dir='ltr' id='par_1_64' title="bbox 224 3057 1839 3133">
     <span class='ocr_line' id='line_1_64' title="bbox 224 3057 1839 3133; baseline 0.002 -24"><span class='ocrx_word' id='word_1_467' title='bbox 224 3063 433 3131; x_wconf 81' lang='grc' dir='ltr'>χαρίαν</span> <span class='ocrx_word' id='word_1_468' title='bbox 490 3063 575 3110; x_wconf 83' lang='grc' dir='ltr'>τόν</span> <span class='ocrx_word' id='word_1_469' title='bbox 619 3057 737 3129; x_wconf 82' lang='grc' dir='ltr'>ἐμὸν</span> <span class='ocrx_word' id='word_1_470' title='bbox 791 3058 883 3110; x_wconf 80' lang='grc' dir='ltr'>ούκ</span> <span class='ocrx_word' id='word_1_471' title='bbox 937 3058 1227 3131; x_wconf 73' lang='grc' dir='ltr'>ἀρχόμενος</span> <span class='ocrx_word' id='word_1_472' title='bbox 1280 3068 1387 3125; x_wconf 75' lang='grc' dir='ltr'>νῦν,</span> <span class='ocrx_word' id='word_1_473' title='bbox 1423 3062 1611 3130; x_wconf 76' lang='grc' dir='ltr'>ἄπαγε,</span> <span class='ocrx_word' id='word_1_474' title='bbox 1661 3058 1839 3133; x_wconf 73' lang='grc' dir='ltr'>φείδε-</span> 
     </span>
    </p>
   </div>
   <div class='ocr_carea' id='block_1_65' title="bbox 1962 3054 3606 3144">
    <p class='ocr_par' dir='ltr' id='par_1_65' title="bbox 1962 3054 3606 3134">
     <span class='ocr_line' id='line_1_65' title="bbox 1962 3054 3606 3134; baseline -0.005 -16"><span class='ocrx_word' id='word_1_475' title='bbox 1962 3071 2079 3118; x_wconf 72' lang='lat' dir='ltr'><strong>Lum</strong></span> <span class='ocrx_word' id='word_1_476' title='bbox 2112 3067 2562 3134; x_wconf 88' lang='lat' dir='ltr'><strong>permanentem</strong></span> <span class='ocrx_word' id='word_1_477' title='bbox 2595 3060 2840 3130; x_wconf 82' lang='lat' dir='ltr'><strong>diligam</strong></span> <span class='ocrx_word' id='word_1_478' title='bbox 2869 3065 2926 3114; x_wconf 90' lang='lat' dir='ltr'>et</span> <span class='ocrx_word' id='word_1_479' title='bbox 2951 3059 3007 3114; x_wconf 88' lang='lat' dir='ltr'>in</span> <span class='ocrx_word' id='word_1_480' title='bbox 3048 3056 3370 3112; x_wconf 86' lang='lat' dir='ltr'><strong>visceribus</strong></span> <span class='ocrx_word' id='word_1_481' title='bbox 3394 3054 3606 3111; x_wconf 88' lang='lat' dir='ltr'><strong>Christi</strong></span> 
     </span>
    </p>
   </div>
   <div class='ocr_carea' id='block_1_66' title="bbox 225 3144 1836 3221">
    <p class='ocr_par' dir='ltr' id='par_1_66' title="bbox 225 3144 1836 3221">
     <span class='ocr_line' id='line_1_66' title="bbox 225 3144 1836 3221; baseline 0.002 -23"><span class='ocrx_word' id='word_1_482' title='bbox 225 3149 380 3210; x_wconf 89' lang='grc' dir='ltr'>σθαι,</span> <span class='ocrx_word' id='word_1_483' title='bbox 432 3144 554 3199; x_wconf 67' lang='grc' dir='ltr'>οὐδὲ</span> <span class='ocrx_word' id='word_1_484' title='bbox 615 3156 704 3200; x_wconf 81' lang='grc' dir='ltr'>τού</span> <span class='ocrx_word' id='word_1_485' title='bbox 753 3149 988 3208; x_wconf 78' lang='grc' dir='ltr'>κολάζειν</span> <span class='ocrx_word' id='word_1_486' title='bbox 1047 3153 1387 3221; x_wconf 83' lang='grc' dir='ltr'>πεπαυμένος,</span> <span class='ocrx_word' id='word_1_487' title='bbox 1437 3147 1559 3203; x_wconf 63' lang='grc' dir='ltr'>οὐδὲ</span> <span class='ocrx_word' id='word_1_488' title='bbox 1585 3148 1836 3209; x_wconf 85' lang='grc' dir='ltr'>δυσωπη-</span> 
     </span>
    </p>
   </div>
   <div class='ocr_carea' id='block_1_67' title="bbox 223 3239 1829 3312">
    <p class='ocr_par' dir='ltr' id='par_1_67' title="bbox 223 3239 1829 3312">
     <span class='ocr_line' id='line_1_67' title="bbox 223 3239 1829 3312; baseline 0.002 -23"><span class='ocrx_word' id='word_1_489' title='bbox 223 3239 340 3298; x_wconf 84' lang='grc' dir='ltr'>θεὶς</span> <span class='ocrx_word' id='word_1_490' title='bbox 390 3242 575 3298; x_wconf 83' lang='grc' dir='ltr'>νόσους</span> <span class='ocrx_word' id='word_1_491' title='bbox 631 3242 721 3289; x_wconf 84' lang='grc' dir='ltr'>καὶ</span> <span class='ocrx_word' id='word_1_492' title='bbox 775 3240 911 3296; x_wconf 85' lang='grc' dir='ltr'>πάθη</span> <span class='ocrx_word' id='word_1_493' title='bbox 971 3244 1057 3288; x_wconf 87' lang='grc' dir='ltr'>καὶ</span> <span class='ocrx_word' id='word_1_494' title='bbox 1113 3242 1279 3310; x_wconf 80' lang='grc' dir='ltr'>τύχας</span> <span class='ocrx_word' id='word_1_495' title='bbox 1335 3245 1423 3291; x_wconf 83' lang='grc' dir='ltr'>καὶ</span> <span class='ocrx_word' id='word_1_496' title='bbox 1458 3242 1829 3312; x_wconf 75' lang='grc' dir='ltr'>περιστάσεις,</span> 
     </span>
    </p>
   </div>
   <div class='ocr_carea' id='block_1_68' title="bbox 220 3322 1832 3404">
    <p class='ocr_par' dir='ltr' id='par_1_68' title="bbox 220 3322 1832 3404">
     <span class='ocr_line' id='line_1_68' title="bbox 220 3322 1832 3404; baseline 0.004 -28"><span class='ocrx_word' id='word_1_497' title='bbox 220 3322 346 3378; x_wconf 75' lang='grc' dir='ltr'>οὐδ’</span> <span class='ocrx_word' id='word_1_498' title='bbox 377 3325 650 3387; x_wconf 83' lang='grc' dir='ltr'>ἐπιϐουλάς</span> <span class='ocrx_word' id='word_1_499' title='bbox 705 3345 756 3378; x_wconf 87' lang='grc' dir='ltr'>τε</span> <span class='ocrx_word' id='word_1_500' title='bbox 811 3332 899 3378; x_wconf 87' lang='grc' dir='ltr'>καὶ</span> <span class='ocrx_word' id='word_1_501' title='bbox 930 3333 1183 3387; x_wconf 73' lang='grc' dir='ltr'>κακώσεις</span> <span class='ocrx_word' id='word_1_502' title='bbox 1239 3337 1428 3401; x_wconf 77' lang='grc' dir='ltr'>μικροῦ</span> <span class='ocrx_word' id='word_1_503' title='bbox 1475 3332 1566 3391; x_wconf 86' lang='grc' dir='ltr'>τάς</span> <span class='ocrx_word' id='word_1_504' title='bbox 1613 3329 1832 3404; x_wconf 80' lang='grc' dir='ltr'>Φαλάρι-</span> 
     </span>
    </p>
   </div>
   <div class='ocr_carea' id='block_1_69' title="bbox 221 3410 1828 3490">
    <p class='ocr_par' dir='ltr' id='par_1_69' title="bbox 221 3410 1828 3490">
     <span class='ocr_line' id='line_1_69' title="bbox 221 3410 1828 3490; baseline 0.003 -25"><span class='ocrx_word' id='word_1_505' title='bbox 221 3410 316 3473; x_wconf 81' lang='grc' dir='ltr'>δος</span> <span class='ocrx_word' id='word_1_506' title='bbox 375 3413 707 3488; x_wconf 75' lang='grc' dir='ltr'>ἀνεκτότερας</span> <span class='ocrx_word' id='word_1_507' title='bbox 753 3411 1047 3480; x_wconf 80' lang='grc' dir='ltr'>δεικνύσας,</span> <span class='ocrx_word' id='word_1_508' title='bbox 1106 3415 1233 3466; x_wconf 82' lang='grc' dir='ltr'>ἀλλά</span> <span class='ocrx_word' id='word_1_509' title='bbox 1289 3421 1378 3474; x_wconf 83' lang='grc' dir='ltr'>τὴν</span> <span class='ocrx_word' id='word_1_510' title='bbox 1438 3420 1658 3488; x_wconf 77' lang='grc' dir='ltr'>ἔμφυτον</span> <span class='ocrx_word' id='word_1_511' title='bbox 1716 3417 1828 3490; x_wconf 82' lang='grc' dir='ltr'>ἐμοὶ</span> 
     </span>
    </p>
   </div>
   <div class='ocr_carea' id='block_1_70' title="bbox 217 3500 1827 3579">
    <p class='ocr_par' dir='ltr' id='par_1_70' title="bbox 217 3500 1827 3579">
     <span class='ocr_line' id='line_1_70' title="bbox 217 3500 1827 3579; baseline 0.003 -25"><span class='ocrx_word' id='word_1_512' title='bbox 217 3507 314 3554; x_wconf 80' lang='grc' dir='ltr'>καὶ</span> <span class='ocrx_word' id='word_1_513' title='bbox 346 3501 577 3576; x_wconf 87' lang='grc' dir='ltr'>ἀρχαίαν</span> <span class='ocrx_word' id='word_1_514' title='bbox 634 3500 912 3564; x_wconf 78' lang='grc' dir='ltr'>διασωζων</span> <span class='ocrx_word' id='word_1_515' title='bbox 964 3511 1195 3575; x_wconf 75' lang='grc' dir='ltr'>γνώμην,</span> <span class='ocrx_word' id='word_1_516' title='bbox 1241 3511 1329 3556; x_wconf 84' lang='grc' dir='ltr'>καὶ</span> <span class='ocrx_word' id='word_1_517' title='bbox 1370 3509 1425 3557; x_wconf 87' lang='grc' dir='ltr'>τό</span> <span class='ocrx_word' id='word_1_518' title='bbox 1479 3509 1703 3579; x_wconf 83' lang='grc' dir='ltr'>καθαρόν</span> <span class='ocrx_word' id='word_1_519' title='bbox 1738 3513 1827 3560; x_wconf 85' lang='grc' dir='ltr'>καὶ</span> 
     </span>
    </p>
   </div>
   <div class='ocr_carea' id='block_1_71' title="bbox 219 3592 1829 3668">
    <p class='ocr_par' dir='ltr' id='par_1_71' title="bbox 219 3592 1829 3668">
     <span class='ocr_line' id='line_1_71' title="bbox 219 3592 1829 3668; baseline 0.004 -26"><span class='ocrx_word' id='word_1_520' title='bbox 219 3595 484 3663; x_wconf 79' lang='grc' dir='ltr'>ἀκήρατον</span> <span class='ocrx_word' id='word_1_521' title='bbox 546 3599 662 3665; x_wconf 88' lang='grc' dir='ltr'>περὶ</span> <span class='ocrx_word' id='word_1_522' title='bbox 719 3597 837 3654; x_wconf 83' lang='grc' dir='ltr'>τούς</span> <span class='ocrx_word' id='word_1_523' title='bbox 903 3592 1057 3664; x_wconf 76' lang='grc' dir='ltr'>ἐμούς</span> <span class='ocrx_word' id='word_1_524' title='bbox 1109 3594 1201 3645; x_wconf 68' lang='grc' dir='ltr'>οὐκ</span> <span class='ocrx_word' id='word_1_525' title='bbox 1273 3595 1667 3666; x_wconf 81' lang='grc' dir='ltr'>ἐπιλελησμένος</span> <span class='ocrx_word' id='word_1_526' title='bbox 1721 3597 1829 3668; x_wconf 79' lang='grc' dir='ltr'>φίλ-</span> 
     </span>
    </p>
   </div>
   <div class='ocr_carea' id='block_1_72' title="bbox 219 3683 1831 3756">
    <p class='ocr_par' dir='ltr' id='par_1_72' title="bbox 219 3683 1831 3756">
     <span class='ocr_line' id='line_1_72' title="bbox 219 3683 1831 3756; baseline 0.004 -25"><span class='ocrx_word' id='word_1_527' title='bbox 219 3699 370 3754; x_wconf 85' lang='grc' dir='ltr'>τρον,</span> <span class='ocrx_word' id='word_1_528' title='bbox 411 3685 496 3731; x_wconf 77' lang='grc' dir='ltr'>καὶ</span> <span class='ocrx_word' id='word_1_529' title='bbox 551 3685 970 3753; x_wconf 86' lang='grc' dir='ltr'>περιπτύσσομαι</span> <span class='ocrx_word' id='word_1_530' title='bbox 1006 3693 1289 3756; x_wconf 77' lang='grc' dir='ltr'>πατρικῶς,</span> <span class='ocrx_word' id='word_1_531' title='bbox 1351 3690 1436 3734; x_wconf 67' lang='grc' dir='ltr'>καὶ</span> <span class='ocrx_word' id='word_1_532' title='bbox 1499 3683 1831 3755; x_wconf 78' lang='grc' dir='ltr'>ἐναγκαλίζο-</span> 
     </span>
    </p>
   </div>
   <div class='ocr_carea' id='block_1_73' title="bbox 219 3769 2160 3846">
    <p class='ocr_par' dir='ltr' id='par_1_73' title="bbox 219 3769 2160 3846">
     <span class='ocr_line' id='line_1_73' title="bbox 219 3769 2160 3846; baseline 0.003 -26"><span class='ocrx_word' id='word_1_533' title='bbox 219 3790 320 3841; x_wconf 84' lang='grc' dir='ltr'>μαι</span> <span class='ocrx_word' id='word_1_534' title='bbox 383 3771 739 3841; x_wconf 82' lang='grc' dir='ltr'>ἱεροπρεπῶς·</span> <span class='ocrx_word' id='word_1_535' title='bbox 802 3769 917 3822; x_wconf 74' lang='grc' dir='ltr'>οὒτε</span> <span class='ocrx_word' id='word_1_536' title='bbox 981 3781 1052 3842; x_wconf 81' lang='grc' dir='ltr'>τῷ</span> <span class='ocrx_word' id='word_1_537' title='bbox 1120 3772 1281 3822; x_wconf 86' lang='grc' dir='ltr'>πάλαι</span> <span class='ocrx_word' id='word_1_538' title='bbox 1355 3772 1614 3835; x_wconf 75' lang='grc' dir='ltr'>σφαλέντι,</span> <span class='ocrx_word' id='word_1_539' title='bbox 1671 3776 1741 3834; x_wconf 76' lang='grc' dir='ltr'>ὡς</span> <span class='ocrx_word' id='word_1_540' title='bbox 1813 3779 1878 3826; x_wconf 80' lang='grc' dir='ltr'>σὺ</span> <span class='ocrx_word' id='word_1_541' title='bbox 1925 3778 2160 3846; x_wconf 75' lang='grc' dir='ltr'>γράφεις,</span> 
     </span>
    </p>
   </div>
   <div class='ocr_carea' id='block_1_74' title="bbox 1948 3145 3604 3220">
    <p class='ocr_par' dir='ltr' id='par_1_74' title="bbox 1948 3145 3604 3220">
     <span class='ocr_line' id='line_1_74' title="bbox 1948 3145 3604 3220; baseline -0.004 -14"><span class='ocrx_word' id='word_1_542' title='bbox 1948 3151 2228 3219; x_wconf 87' lang='lat' dir='ltr'><strong>recipiam</strong></span> <span class='ocrx_word' id='word_1_543' title='bbox 2260 3167 2398 3205; x_wconf 90' lang='lat' dir='ltr'>cum</span> <span class='ocrx_word' id='word_1_544' title='bbox 2430 3149 2653 3220; x_wconf 86' lang='lat' dir='ltr'><strong>gaudio</strong></span> <span class='ocrx_word' id='word_1_545' title='bbox 2683 3149 3089 3212; x_wconf 89' lang='lat' dir='ltr'><strong>accedentem,</strong></span> <span class='ocrx_word' id='word_1_546' title='bbox 3111 3147 3190 3201; x_wconf 91' lang='lat' dir='ltr'>ita</span> <span class='ocrx_word' id='word_1_547' title='bbox 3219 3147 3425 3201; x_wconf 89' lang='lat' dir='ltr'><strong>omnia</strong></span> <span class='ocrx_word' id='word_1_548' title='bbox 3457 3145 3604 3217; x_wconf 86' lang='lat' dir='ltr'><strong>peri-</strong></span> 
     </span>
    </p>
   </div>
   <div class='ocr_carea' id='block_1_75' title="bbox 1946 3234 3604 3310">
    <p class='ocr_par' dir='ltr' id='par_1_75' title="bbox 1946 3234 3604 3310">
     <span class='ocr_line' id='line_1_75' title="bbox 1946 3234 3604 3310; baseline -0.004 -15"><span class='ocrx_word' id='word_1_549' title='bbox 1946 3240 2080 3296; x_wconf 91' lang='lat' dir='ltr'><strong>cula</strong></span> <span class='ocrx_word' id='word_1_550' title='bbox 2112 3241 2185 3294; x_wconf 93' lang='lat' dir='ltr'>de</span> <span class='ocrx_word' id='word_1_551' title='bbox 2213 3240 2454 3295; x_wconf 86' lang='lat' dir='ltr'><strong>sublimi</strong></span> <span class='ocrx_word' id='word_1_552' title='bbox 2479 3239 2764 3310; x_wconf 90' lang='lat' dir='ltr'><strong>despicio,</strong></span> <span class='ocrx_word' id='word_1_553' title='bbox 2807 3253 2913 3293; x_wconf 87' lang='lat' dir='ltr'>nec</span> <span class='ocrx_word' id='word_1_554' title='bbox 2937 3237 3293 3306; x_wconf 89' lang='lat' dir='ltr'><strong>tragicarum</strong></span> <span class='ocrx_word' id='word_1_555' title='bbox 3319 3234 3604 3289; x_wconf 89' lang='lat' dir='ltr'><strong>narratio-</strong></span> 
     </span>
    </p>
   </div>
   <div class='ocr_carea' id='block_1_76' title="bbox 1941 3325 3604 3396">
    <p class='ocr_par' dir='ltr' id='par_1_76' title="bbox 1941 3325 3604 3396">
     <span class='ocr_line' id='line_1_76' title="bbox 1941 3325 3604 3396; baseline -0.004 -12"><span class='ocrx_word' id='word_1_556' title='bbox 1941 3346 2089 3384; x_wconf 87' lang='lat' dir='ltr'>num</span> <span class='ocrx_word' id='word_1_557' title='bbox 2117 3346 2271 3385; x_wconf 90' lang='lat' dir='ltr'><strong>onus</strong></span> <span class='ocrx_word' id='word_1_558' title='bbox 2301 3334 2610 3392; x_wconf 85' lang='lat' dir='ltr'><strong>onustum,</strong></span> <span class='ocrx_word' id='word_1_559' title='bbox 2645 3343 2853 3382; x_wconf 88' lang='lat' dir='ltr'><strong>verum</strong></span> <span class='ocrx_word' id='word_1_560' title='bbox 2890 3333 3149 3380; x_wconf 88' lang='lat' dir='ltr'><strong>mentem</strong></span> <span class='ocrx_word' id='word_1_561' title='bbox 3185 3325 3513 3396; x_wconf 90' lang='lat' dir='ltr'><strong>propriam,</strong></span> <span class='ocrx_word' id='word_1_562' title='bbox 3547 3327 3604 3378; x_wconf 85' lang='lat' dir='ltr'>et</span> 
     </span>
    </p>
   </div>
   <div class='ocr_carea' id='block_1_77' title="bbox 1940 3411 3603 3479">
    <p class='ocr_par' dir='ltr' id='par_1_77' title="bbox 1940 3411 3603 3479">
     <span class='ocr_line' id='line_1_77' title="bbox 1940 3411 3603 3479; baseline -0.005 -3"><span class='ocrx_word' id='word_1_563' title='bbox 1940 3419 2207 3476; x_wconf 90' lang='lat' dir='ltr'><strong>animam</strong></span> <span class='ocrx_word' id='word_1_564' title='bbox 2233 3419 2614 3474; x_wconf 89' lang='lat' dir='ltr'><strong>tenebrarum</strong></span> <span class='ocrx_word' id='word_1_565' title='bbox 2657 3416 2919 3472; x_wconf 65' lang='lat' dir='ltr'><strong>materiae</strong></span> <span class='ocrx_word' id='word_1_566' title='bbox 2952 3416 3318 3479; x_wconf 86' lang='lat' dir='ltr'><strong>immersam,</strong></span> <span class='ocrx_word' id='word_1_567' title='bbox 3356 3411 3603 3468; x_wconf 67' lang='lat' dir='ltr'><strong>defaeca-</strong></span> 
     </span>
    </p>
   </div>
   <div class='ocr_carea' id='block_1_78' title="bbox 1941 3502 3594 3579">
    <p class='ocr_par' dir='ltr' id='par_1_78' title="bbox 1941 3502 3594 3579">
     <span class='ocr_line' id='line_1_78' title="bbox 1941 3502 3594 3579; baseline -0.005 -14"><span class='ocrx_word' id='word_1_568' title='bbox 1941 3513 2083 3574; x_wconf 89' lang='lat' dir='ltr'><strong>tam,</strong></span> <span class='ocrx_word' id='word_1_569' title='bbox 2114 3508 2172 3563; x_wconf 89' lang='lat' dir='ltr'><strong>in</strong></span> <span class='ocrx_word' id='word_1_570' title='bbox 2226 3524 2343 3579; x_wconf 90' lang='lat' dir='ltr'>quo</span> <span class='ocrx_word' id='word_1_571' title='bbox 2386 3505 2676 3562; x_wconf 88' lang='lat' dir='ltr'><strong>stabilitas</strong></span> <span class='ocrx_word' id='word_1_572' title='bbox 2715 3505 2848 3559; x_wconf 66' lang='lat' dir='ltr'><strong>vitae</strong></span> <span class='ocrx_word' id='word_1_573' title='bbox 2899 3502 3227 3558; x_wconf 89' lang='lat' dir='ltr'><strong>immobilis</strong></span> <span class='ocrx_word' id='word_1_574' title='bbox 3281 3502 3594 3567; x_wconf 87' lang='lat' dir='ltr'><strong>consistat,</strong></span> 
     </span>
    </p>
   </div>
   <div class='ocr_carea' id='block_1_79' title="bbox 1942 3591 3601 3669">
    <p class='ocr_par' dir='ltr' id='par_1_79' title="bbox 1942 3591 3601 3669">
     <span class='ocr_line' id='line_1_79' title="bbox 1942 3591 3601 3669; baseline -0.001 -20"><span class='ocrx_word' id='word_1_575' title='bbox 1942 3597 2265 3669; x_wconf 86' lang='lat' dir='ltr'><strong>splendido</strong></span> <span class='ocrx_word' id='word_1_576' title='bbox 2292 3614 2428 3652; x_wconf 90' lang='lat' dir='ltr'>cum</span> <span class='ocrx_word' id='word_1_577' title='bbox 2461 3601 2755 3668; x_wconf 87' lang='lat' dir='ltr'><strong>apparatu</strong></span> <span class='ocrx_word' id='word_1_578' title='bbox 2788 3595 2924 3649; x_wconf 85' lang='lat' dir='ltr'><strong>hinc</strong></span> <span class='ocrx_word' id='word_1_579' title='bbox 2959 3591 3476 3648; x_wconf 85' lang='lat' dir='ltr'><strong>transmittendam</strong></span> <span class='ocrx_word' id='word_1_580' title='bbox 3497 3606 3601 3662; x_wconf 86' lang='lat' dir='ltr'>op-</span> 
     </span>
    </p>
   </div>
   <div class='ocr_carea' id='block_1_80' title="bbox 1944 3682 3286 3755">
    <p class='ocr_par' dir='ltr' id='par_1_80' title="bbox 1944 3682 3286 3755">
     <span class='ocr_line' id='line_1_80' title="bbox 1944 3682 3286 3755; baseline -0.006 -13"><span class='ocrx_word' id='word_1_581' title='bbox 1944 3693 2078 3750; x_wconf 88' lang='lat' dir='ltr'><strong>tem.</strong></span> <span class='ocrx_word' id='word_1_582' title='bbox 2109 3686 2184 3742; x_wconf 85' lang='lat' dir='ltr'>ad</span> <span class='ocrx_word' id='word_1_583' title='bbox 2213 3686 2513 3743; x_wconf 65' lang='lat' dir='ltr'><strong>caelestem</strong></span> <span class='ocrx_word' id='word_1_584' title='bbox 2545 3700 2828 3741; x_wconf 88' lang='lat' dir='ltr'><strong>coronam</strong></span> <span class='ocrx_word' id='word_1_585' title='bbox 2863 3682 3286 3755; x_wconf 87' lang='lat' dir='ltr'><strong>recipiendam.</strong></span> 
     </span>
    </p>
   </div>
   <div class='ocr_carea' id='block_1_81' title="bbox 2240 3766 3601 3846">
    <p class='ocr_par' dir='ltr' id='par_1_81' title="bbox 2240 3766 3601 3846">
     <span class='ocr_line' id='line_1_81' title="bbox 2240 3766 3601 3846; baseline -0.003 -20"><span class='ocrx_word' id='word_1_586' title='bbox 2240 3774 2577 3846; x_wconf 84' lang='grc' dir='ltr'>ἐπεμϐαίνων,</span> <span class='ocrx_word' id='word_1_587' title='bbox 2660 3779 2749 3825; x_wconf 83' lang='grc' dir='ltr'>καὶ</span> <span class='ocrx_word' id='word_1_588' title='bbox 2819 3776 2904 3825; x_wconf 88' lang='grc' dir='ltr'>τὸν</span> <span class='ocrx_word' id='word_1_589' title='bbox 2976 3771 3219 3824; x_wconf 79' lang='grc' dir='ltr'>ἄσειστον</span> <span class='ocrx_word' id='word_1_590' title='bbox 3289 3766 3601 3843; x_wconf 84' lang='grc' dir='ltr'>διαμεμενη-</span> 
     </span>
    </p>
   </div>
   <div class='ocr_carea' id='block_1_82' title="bbox 218 3860 3601 3935">
    <p class='ocr_par' dir='ltr' id='par_1_82' title="bbox 218 3860 3601 3935">
     <span class='ocr_line' id='line_1_82' title="bbox 218 3860 3601 3935; baseline 0 -25"><span class='ocrx_word' id='word_1_591' title='bbox 218 3863 354 3910; x_wconf 87' lang='grc' dir='ltr'>κότα</span> <span class='ocrx_word' id='word_1_592' title='bbox 420 3865 646 3932; x_wconf 81' lang='grc' dir='ltr'>στέργων</span> <span class='ocrx_word' id='word_1_593' title='bbox 715 3864 804 3911; x_wconf 86' lang='grc' dir='ltr'>καὶ</span> <span class='ocrx_word' id='word_1_594' title='bbox 883 3862 1346 3933; x_wconf 78' lang='grc' dir='ltr'>κατασπαζόμενος</span> <span class='ocrx_word' id='word_1_595' title='bbox 1403 3860 1449 3911; x_wconf 82' lang='grc' dir='ltr'>ἐν</span> <span class='ocrx_word' id='word_1_596' title='bbox 1502 3861 1826 3932; x_wconf 81' lang='grc' dir='ltr'>σπλάγχνοις</span> <span class='ocrx_word' id='word_1_597' title='bbox 1877 3871 2112 3934; x_wconf 71' lang='grc' dir='ltr'>Χριστοῦ</span> <span class='ocrx_word' id='word_1_598' title='bbox 2171 3869 2261 3915; x_wconf 87' lang='grc' dir='ltr'>καὶ</span> <span class='ocrx_word' id='word_1_599' title='bbox 2323 3861 2557 3934; x_wconf 81' lang='grc' dir='ltr'>δέχομαι</span> <span class='ocrx_word' id='word_1_600' title='bbox 2625 3868 2907 3935; x_wconf 83' lang='grc' dir='ltr'>προσίοντα</span> <span class='ocrx_word' id='word_1_601' title='bbox 2964 3866 3190 3932; x_wconf 85' lang='grc' dir='ltr'>χαίρων,</span> <span class='ocrx_word' id='word_1_602' title='bbox 3259 3865 3348 3910; x_wconf 83' lang='grc' dir='ltr'>καὶ</span> <span class='ocrx_word' id='word_1_603' title='bbox 3406 3861 3601 3919; x_wconf 87' lang='grc' dir='ltr'>πάντας</span> 
     </span>
    </p>
   </div>
   <div class='ocr_carea' id='block_1_83' title="bbox 220 3945 3598 4024">
    <p class='ocr_par' dir='ltr' id='par_1_83' title="bbox 220 3945 3598 4024">
     <span class='ocr_line' id='line_1_83' title="bbox 220 3945 3598 4024; baseline -0 -25"><span class='ocrx_word' id='word_1_604' title='bbox 220 3945 499 4009; x_wconf 76' lang='grc' dir='ltr'>κινδύνους</span> <span class='ocrx_word' id='word_1_605' title='bbox 541 3949 822 4021; x_wconf 77' lang='grc' dir='ltr'>ὑπερορῶν,</span> <span class='ocrx_word' id='word_1_606' title='bbox 878 3949 936 4001; x_wconf 70' lang='grc' dir='ltr'>οὗ</span> <span class='ocrx_word' id='word_1_607' title='bbox 1000 3959 1258 4021; x_wconf 76' lang='grc' dir='ltr'>τραγικῶν</span> <span class='ocrx_word' id='word_1_608' title='bbox 1305 3953 1428 4021; x_wconf 77' lang='grc' dir='ltr'>ἡμῖν</span> <span class='ocrx_word' id='word_1_609' title='bbox 1490 3947 1832 4021; x_wconf 78' lang='grc' dir='ltr'>διηγημάτων</span> <span class='ocrx_word' id='word_1_610' title='bbox 1881 3954 2075 4023; x_wconf 82' lang='grc' dir='ltr'>οἱγοντα</span> <span class='ocrx_word' id='word_1_611' title='bbox 2123 3956 2331 4024; x_wconf 72' lang='grc' dir='ltr'>φόρτον,</span> <span class='ocrx_word' id='word_1_612' title='bbox 2380 3951 2508 4003; x_wconf 87' lang='grc' dir='ltr'>ἀλλά</span> <span class='ocrx_word' id='word_1_613' title='bbox 2577 3955 2663 4002; x_wconf 88' lang='grc' dir='ltr'>τὸν</span> <span class='ocrx_word' id='word_1_614' title='bbox 2739 3950 2925 4001; x_wconf 81' lang='grc' dir='ltr'>οἰκεῖον</span> <span class='ocrx_word' id='word_1_615' title='bbox 3003 3957 3140 4010; x_wconf 79' lang='grc' dir='ltr'>νοῦν,</span> <span class='ocrx_word' id='word_1_616' title='bbox 3207 3952 3296 3999; x_wconf 87' lang='grc' dir='ltr'>καὶ</span> <span class='ocrx_word' id='word_1_617' title='bbox 3347 3952 3439 4004; x_wconf 78' lang='grc' dir='ltr'>τὴν</span> <span class='ocrx_word' id='word_1_618' title='bbox 3488 3948 3598 4000; x_wconf 74' lang='grc' dir='ltr'>ἔαυ-</span> 
     </span>
    </p>
   </div>
   <div class='ocr_carea' id='block_1_84' title="bbox 219 4037 2020 4114">
    <p class='ocr_par' dir='ltr' id='par_1_84' title="bbox 219 4037 2020 4114">
     <span class='ocr_line' id='line_1_84' title="bbox 219 4037 2020 4114; baseline 0.002 -25"><span class='ocrx_word' id='word_1_619' title='bbox 219 4046 317 4089; x_wconf 63' lang='grc' dir='ltr'>ττιῡ</span> <span class='ocrx_word' id='word_1_620' title='bbox 359 4037 566 4108; x_wconf 69' lang='grc' dir='ltr'>ψυχὴν,</span> <span class='ocrx_word' id='word_1_621' title='bbox 615 4037 908 4111; x_wconf 81' lang='grc' dir='ltr'>προστύλου</span> <span class='ocrx_word' id='word_1_622' title='bbox 968 4041 1140 4098; x_wconf 86' lang='grc' dir='ltr'>πάσης</span> <span class='ocrx_word' id='word_1_623' title='bbox 1190 4039 1388 4110; x_wconf 80' lang='grc' dir='ltr'>ἀχλύος</span> <span class='ocrx_word' id='word_1_624' title='bbox 1451 4044 1667 4114; x_wconf 77' lang='grc' dir='ltr'>φέροντα</span> <span class='ocrx_word' id='word_1_625' title='bbox 1731 4043 1963 4113; x_wconf 86' lang='grc' dir='ltr'>καθαράν</span> <span class='ocrx_word' id='word_1_626' title='bbox 2010 4059 2020 4070; x_wconf 85' lang='grc'><strong>”</strong></span> 
     </span>
    </p>
   </div>
   <div class='ocr_carea' id='block_1_85' title="bbox 2079 4031 3597 4114">
    <p class='ocr_par' dir='ltr' id='par_1_85' title="bbox 2079 4031 3597 4114">
     <span class='ocr_line' id='line_1_85' title="bbox 2079 4031 3597 4114; baseline -0.004 -22"><span class='ocrx_word' id='word_1_627' title='bbox 2079 4040 2125 4092; x_wconf 84' lang='grc' dir='ltr'>ἐν</span> <span class='ocrx_word' id='word_1_628' title='bbox 2283 4044 2340 4092; x_wconf 84' lang='grc' dir='ltr'>τό</span> <span class='ocrx_word' id='word_1_629' title='bbox 2387 4039 2598 4113; x_wconf 77' lang='grc' dir='ltr'>βέϐαιόν</span> <span class='ocrx_word' id='word_1_630' title='bbox 2651 4057 2704 4091; x_wconf 88' lang='grc' dir='ltr'>τε</span> <span class='ocrx_word' id='word_1_631' title='bbox 2756 4043 2844 4090; x_wconf 86' lang='grc' dir='ltr'>καὶ</span> <span class='ocrx_word' id='word_1_632' title='bbox 2900 4036 3272 4108; x_wconf 86' lang='grc' dir='ltr'>ἀμετακίνητον</span> <span class='ocrx_word' id='word_1_633' title='bbox 3329 4031 3421 4086; x_wconf 88' lang='grc' dir='ltr'>διά</span> <span class='ocrx_word' id='word_1_634' title='bbox 3475 4033 3597 4106; x_wconf 81' lang='grc' dir='ltr'>βίου</span> 
     </span>
    </p>
   </div>
   <div class='ocr_carea' id='block_1_86' title="bbox 217 4123 2962 4206">
    <p class='ocr_par' dir='ltr' id='par_1_86' title="bbox 217 4123 2962 4206">
     <span class='ocr_line' id='line_1_86' title="bbox 217 4123 2962 4206; baseline 0.001 -28"><span class='ocrx_word' id='word_1_635' title='bbox 217 4127 414 4197; x_wconf 81' lang='grc' dir='ltr'>ἔχοντά</span> <span class='ocrx_word' id='word_1_636' title='bbox 447 4145 500 4178; x_wconf 90' lang='grc' dir='ltr'>τε</span> <span class='ocrx_word' id='word_1_637' title='bbox 525 4131 613 4178; x_wconf 86' lang='grc' dir='ltr'>καὶ</span> <span class='ocrx_word' id='word_1_638' title='bbox 647 4123 1014 4198; x_wconf 80' lang='grc' dir='ltr'>ἱδρυσάμενον,</span> <span class='ocrx_word' id='word_1_639' title='bbox 1044 4134 1151 4190; x_wconf 88' lang='grc' dir='ltr'>τοῖς</span> <span class='ocrx_word' id='word_1_640' title='bbox 1182 4126 1368 4180; x_wconf 81' lang='grc' dir='ltr'>ἐκεῖθεν</span> <span class='ocrx_word' id='word_1_641' title='bbox 1396 4129 1666 4200; x_wconf 70' lang='grc' dir='ltr'>στεφάνοις</span> <span class='ocrx_word' id='word_1_642' title='bbox 1690 4129 1945 4206; x_wconf 85' lang='grc' dir='ltr'>λαμπρόν,</span> <span class='ocrx_word' id='word_1_643' title='bbox 1976 4130 2221 4204; x_wconf 85' lang='grc' dir='ltr'>λαμπρῶς</span> <span class='ocrx_word' id='word_1_644' title='bbox 2247 4134 2473 4202; x_wconf 74' lang='grc' dir='ltr'>εὔχομαι</span> <span class='ocrx_word' id='word_1_645' title='bbox 2503 4129 2962 4202; x_wconf 74' lang='grc' dir='ltr'>παραπεμφθηναι.</span> 
     </span>
    </p>
   </div>
   <div class='ocr_carea' id='block_1_87' title="bbox 865 4216 1902 4273">
    <p class='ocr_par' dir='ltr' id='par_1_87' title="bbox 865 4216 1902 4273">
     <span class='ocr_line' id='line_1_87' title="bbox 865 4216 1902 4273; baseline 0.003 -3"><span class='ocrx_word' id='word_1_646' title='bbox 865 4223 1072 4270; x_wconf 86' lang='grc' dir='ltr'>ΕΠΙΣΤ.</span> <span class='ocrx_word' id='word_1_647' title='bbox 1107 4216 1192 4268; x_wconf 78' lang='grc' dir='ltr'>Μ’.</span> <span class='ocrx_word' id='word_1_648' title='bbox 1856 4219 1902 4273; x_wconf 88' lang='lat' dir='ltr'><strong>D</strong></span> 
     </span>
    </p>
   </div>
   <div class='ocr_carea' id='block_1_88' title="bbox 559 4301 1492 4380">
    <p class='ocr_par' dir='ltr' id='par_1_88' title="bbox 559 4301 1492 4380">
     <span class='ocr_line' id='line_1_88' title="bbox 559 4301 1492 4380; baseline 0.004 -24"><span class='ocrx_word' id='word_1_649' title='bbox 559 4304 744 4376; x_wconf 87' lang='grc' dir='ltr'>Παύλῳ</span> <span class='ocrx_word' id='word_1_650' title='bbox 774 4305 1126 4380; x_wconf 75' lang='grc' dir='ltr'>μητροπολίτῃ</span> <span class='ocrx_word' id='word_1_651' title='bbox 1155 4301 1492 4366; x_wconf 85' lang='grc' dir='ltr'>Λαοδικείας.</span> 
     </span>
    </p>
   </div>
   <div class='ocr_carea' id='block_1_89' title="bbox 2594 4219 2945 4273">
    <p class='ocr_par' dir='ltr' id='par_1_89' title="bbox 2594 4219 2945 4273">
     <span class='ocr_line' id='line_1_89' title="bbox 2594 4219 2945 4273; baseline -0.009 0"><span class='ocrx_word' id='word_1_652' title='bbox 2594 4219 2808 4273; x_wconf 84' lang='lat' dir='ltr'>EPIST.</span> <span class='ocrx_word' id='word_1_653' title='bbox 2844 4219 2945 4271; x_wconf 86' lang='lat' dir='ltr'>XL.</span> 
     </span>
    </p>
   </div>
   <div class='ocr_carea' id='block_1_90' title="bbox 2289 4301 3234 4377">
    <p class='ocr_par' dir='ltr' id='par_1_90' title="bbox 2289 4301 3234 4377">
     <span class='ocr_line' id='line_1_90' title="bbox 2289 4301 3234 4377; baseline -0.006 -13"><span class='ocrx_word' id='word_1_654' title='bbox 2289 4309 2479 4366; x_wconf 81' lang='lat' dir='ltr'><strong>Paulo</strong></span> <span class='ocrx_word' id='word_1_655' title='bbox 2506 4307 2891 4377; x_wconf 74' lang='lat' dir='ltr'><strong>metropolitae</strong></span> <span class='ocrx_word' id='word_1_656' title='bbox 2919 4301 3234 4362; x_wconf 61' lang='lat' dir='ltr'><strong>Laodicea.</strong></span> 
     </span>
    </p>
   </div>
   <div class='ocr_carea' id='block_1_91' title="bbox 1495 4413 2294 4479">
    <p class='ocr_par' dir='ltr' id='par_1_91' title="bbox 1495 4413 2294 4479">
     <span class='ocr_line' id='line_1_91' title="bbox 1495 4413 2294 4479; baseline 0.004 -19"><span class='ocrx_word' id='word_1_657' title='bbox 1495 4413 1786 4463; x_wconf 72' lang='lat' dir='ltr'><strong>Montacut.</strong></span> <span class='ocrx_word' id='word_1_658' title='bbox 1820 4415 1928 4479; x_wconf 87' lang='lat' dir='ltr'><strong>(ep.</strong></span> <span class='ocrx_word' id='word_1_659' title='bbox 1965 4415 2076 4471; x_wconf 78' lang='lat'>222,</span> <span class='ocrx_word' id='word_1_660' title='bbox 2097 4417 2294 4479; x_wconf 83' lang='lat' dir='ltr'><strong>p.332).</strong></span> 
     </span>
    </p>
   </div>
   <div class='ocr_carea' id='block_1_92' title="bbox 289 4501 1818 4582">
    <p class='ocr_par' dir='ltr' id='par_1_92' title="bbox 289 4501 1818 4582">
     <span class='ocr_line' id='line_1_92' title="bbox 289 4501 1818 4582; baseline 0.005 -27"><span class='ocrx_word' id='word_1_661' title='bbox 289 4507 355 4556; x_wconf 87' lang='grc' dir='ltr'><strong>Οἱ</strong></span> <span class='ocrx_word' id='word_1_662' title='bbox 397 4501 673 4576; x_wconf 83' lang='grc' dir='ltr'>δράπεται,</span> <span class='ocrx_word' id='word_1_663' title='bbox 729 4511 850 4566; x_wconf 83' lang='grc' dir='ltr'>τούς</span> <span class='ocrx_word' id='word_1_664' title='bbox 898 4525 1020 4560; x_wconf 84' lang='grc' dir='ltr'>ποτε</span> <span class='ocrx_word' id='word_1_665' title='bbox 1092 4511 1183 4564; x_wconf 80' lang='grc' dir='ltr'>τὴν</span> <span class='ocrx_word' id='word_1_666' title='bbox 1241 4508 1427 4580; x_wconf 81' lang='grc' dir='ltr'>πρᾶξιν</span> <span class='ocrx_word' id='word_1_667' title='bbox 1460 4509 1818 4582; x_wconf 82' lang='grc' dir='ltr'>αἰτιωμένους,</span> 
     </span>
    </p>
   </div>
   <div class='ocr_carea' id='block_1_93' title="bbox 212 4591 1819 4667">
    <p class='ocr_par' dir='ltr' id='par_1_93' title="bbox 212 4591 1819 4667">
     <span class='ocr_line' id='line_1_93' title="bbox 212 4591 1819 4667; baseline 0.004 -22"><span class='ocrx_word' id='word_1_668' title='bbox 212 4596 478 4656; x_wconf 86' lang='grc' dir='ltr'>πείθοντες</span> <span class='ocrx_word' id='word_1_669' title='bbox 542 4591 996 4667; x_wconf 83' lang='grc' dir='ltr'>συνδραπετεύειν,</span> <span class='ocrx_word' id='word_1_670' title='bbox 1044 4597 1102 4647; x_wconf 83' lang='grc' dir='ltr'>ού</span> <span class='ocrx_word' id='word_1_671' title='bbox 1151 4603 1302 4667; x_wconf 88' lang='grc' dir='ltr'>μόνον</span> <span class='ocrx_word' id='word_1_672' title='bbox 1352 4595 1578 4663; x_wconf 65' lang='grc' dir='ltr'>οὐδενός,</span> <span class='ocrx_word' id='word_1_673' title='bbox 1631 4601 1697 4651; x_wconf 79' lang='grc' dir='ltr'>ὧν</span> <span class='ocrx_word' id='word_1_674' title='bbox 1736 4601 1819 4652; x_wconf 76' lang='grc' dir='ltr'>αὶ-</span> 
     </span>
    </p>
   </div>
   <div class='ocr_carea' id='block_1_94' title="bbox 214 4683 1822 4757">
    <p class='ocr_par' dir='ltr' id='par_1_94' title="bbox 214 4683 1822 4757">
     <span class='ocr_line' id='line_1_94' title="bbox 214 4683 1822 4757; baseline 0.004 -23"><span class='ocrx_word' id='word_1_675' title='bbox 214 4691 449 4751; x_wconf 88' lang='grc' dir='ltr'>τιῶνται,</span> <span class='ocrx_word' id='word_1_676' title='bbox 483 4683 740 4756; x_wconf 73' lang='grc' dir='ltr'>ἀφίενται,</span> <span class='ocrx_word' id='word_1_677' title='bbox 799 4685 925 4736; x_wconf 86' lang='grc' dir='ltr'>ἀλλά</span> <span class='ocrx_word' id='word_1_678' title='bbox 972 4691 1060 4737; x_wconf 83' lang='grc' dir='ltr'>καὶ</span> <span class='ocrx_word' id='word_1_679' title='bbox 1123 4683 1313 4748; x_wconf 84' lang='grc' dir='ltr'>διπλῆς</span> <span class='ocrx_word' id='word_1_680' title='bbox 1354 4687 1526 4748; x_wconf 89' lang='grc' dir='ltr'>αἰτίας</span> <span class='ocrx_word' id='word_1_681' title='bbox 1574 4696 1701 4757; x_wconf 76' lang='grc' dir='ltr'>σφᾶς</span> <span class='ocrx_word' id='word_1_682' title='bbox 1733 4691 1822 4741; x_wconf 84' lang='grc' dir='ltr'>αύ-</span> 
     </span>
    </p>
   </div>
   <div class='ocr_carea' id='block_1_95' title="bbox 212 4769 1820 4846">
    <p class='ocr_par' dir='ltr' id='par_1_95' title="bbox 212 4769 1820 4846">
     <span class='ocr_line' id='line_1_95' title="bbox 212 4769 1820 4846; baseline 0.004 -22"><span class='ocrx_word' id='word_1_683' title='bbox 212 4777 358 4835; x_wconf 83' lang='grc' dir='ltr'>τούς,</span> <span class='ocrx_word' id='word_1_684' title='bbox 415 4773 607 4844; x_wconf 83' lang='grc' dir='ltr'>μᾶλλον</span> <span class='ocrx_word' id='word_1_685' title='bbox 651 4769 708 4826; x_wconf 76' lang='grc' dir='ltr'>δε</span> <span class='ocrx_word' id='word_1_686' title='bbox 759 4774 1054 4836; x_wconf 87' lang='grc' dir='ltr'>πολλαπλῆς</span> <span class='ocrx_word' id='word_1_687' title='bbox 1112 4778 1323 4846; x_wconf 84' lang='grc' dir='ltr'>ἐνόχους</span> <span class='ocrx_word' id='word_1_688' title='bbox 1357 4773 1710 4832; x_wconf 86' lang='grc' dir='ltr'>δεικνύουσιν.</span> <span class='ocrx_word' id='word_1_689' title='bbox 1745 4779 1820 4831; x_wconf 85' lang='grc' dir='ltr'>Ού</span> 
     </span>
    </p>
   </div>
   <div class='ocr_carea' id='block_1_96' title="bbox 213 4861 1820 4941">
    <p class='ocr_par' dir='ltr' id='par_1_96' title="bbox 213 4861 1820 4941">
     <span class='ocr_line' id='line_1_96' title="bbox 213 4861 1820 4941; baseline 0.004 -28"><span class='ocrx_word' id='word_1_690' title='bbox 213 4864 318 4934; x_wconf 86' lang='grc' dir='ltr'>γάρ</span> <span class='ocrx_word' id='word_1_691' title='bbox 390 4863 417 4919; x_wconf 80' lang='grc' dir='ltr'>ἡ</span> <span class='ocrx_word' id='word_1_692' title='bbox 505 4866 747 4915; x_wconf 88' lang='grc' dir='ltr'>κοινωνία</span> <span class='ocrx_word' id='word_1_693' title='bbox 816 4871 907 4915; x_wconf 79' lang='grc' dir='ltr'>τοῦ</span> <span class='ocrx_word' id='word_1_694' title='bbox 993 4861 1324 4936; x_wconf 80' lang='grc' dir='ltr'>ἀδικήματος</span> <span class='ocrx_word' id='word_1_695' title='bbox 1387 4870 1479 4924; x_wconf 79' lang='grc' dir='ltr'>τὴν</span> <span class='ocrx_word' id='word_1_696' title='bbox 1539 4865 1820 4941; x_wconf 83' lang='grc' dir='ltr'>ἐλευθερίαν</span> 
     </span>
    </p>
   </div>
   <div class='ocr_carea' id='block_1_97' title="bbox 214 4952 1821 5029">
    <p class='ocr_par' dir='ltr' id='par_1_97' title="bbox 214 4952 1821 5029">
     <span class='ocr_line' id='line_1_97' title="bbox 214 4952 1821 5029; baseline 0.003 -27"><span class='ocrx_word' id='word_1_697' title='bbox 214 4955 637 5022; x_wconf 81' lang='grc' dir='ltr'>πραγματεύεται</span> <span class='ocrx_word' id='word_1_698' title='bbox 668 4961 738 5022; x_wconf 76' lang='grc' dir='ltr'>τῷ</span> <span class='ocrx_word' id='word_1_699' title='bbox 791 4955 1134 5026; x_wconf 86' lang='grc' dir='ltr'>κατάρχοντι,</span> <span class='ocrx_word' id='word_1_700' title='bbox 1192 4952 1298 5003; x_wconf 88' lang='grc' dir='ltr'>ἀλλ’</span> <span class='ocrx_word' id='word_1_701' title='bbox 1346 4956 1375 5011; x_wconf 78' lang='grc' dir='ltr'>ἡ</span> <span class='ocrx_word' id='word_1_702' title='bbox 1427 4963 1523 5006; x_wconf 87' lang='grc' dir='ltr'>τῶν</span> <span class='ocrx_word' id='word_1_703' title='bbox 1578 4957 1821 5029; x_wconf 76' lang='grc' dir='ltr'>παραξηο</span> 
     </span>
    </p>
   </div>
   <div class='ocr_carea' id='block_1_98' title="bbox 211 5038 1821 5112">
    <p class='ocr_par' dir='ltr' id='par_1_98' title="bbox 211 5038 1821 5112">
     <span class='ocr_line' id='line_1_98' title="bbox 211 5038 1821 5112; baseline 0.005 -23"><span class='ocrx_word' id='word_1_704' title='bbox 211 5039 439 5091; x_wconf 83' lang='grc' dir='ltr'>λούντων</span> <span class='ocrx_word' id='word_1_705' title='bbox 501 5045 748 5112; x_wconf 89' lang='grc' dir='ltr'>μίμησις,</span> <span class='ocrx_word' id='word_1_706' title='bbox 831 5041 1051 5103; x_wconf 71' lang='grc' dir='ltr'>αὔξησίς</span> <span class='ocrx_word' id='word_1_707' title='bbox 1127 5040 1267 5093; x_wconf 88' lang='grc' dir='ltr'>ἐστιν</span> <span class='ocrx_word' id='word_1_708' title='bbox 1323 5038 1672 5105; x_wconf 84' lang='grc' dir='ltr'>ἀδυσώπητος</span> <span class='ocrx_word' id='word_1_709' title='bbox 1732 5053 1821 5097; x_wconf 80' lang='grc' dir='ltr'>τοῦ</span> 
     </span>
    </p>
   </div>
   <div class='ocr_carea' id='block_1_99' title="bbox 214 5127 1822 5204">
    <p class='ocr_par' dir='ltr' id='par_1_99' title="bbox 214 5127 1822 5204">
     <span class='ocr_line' id='line_1_99' title="bbox 214 5127 1822 5204; baseline 0.004 -25"><span class='ocrx_word' id='word_1_710' title='bbox 214 5127 446 5200; x_wconf 75' lang='grc' dir='ltr'>ἕξαρχῆς</span> <span class='ocrx_word' id='word_1_711' title='bbox 495 5127 846 5201; x_wconf 68' lang='grc' dir='ltr'>ἀδικήματος,</span> <span class='ocrx_word' id='word_1_712' title='bbox 920 5129 1222 5192; x_wconf 87' lang='grc' dir='ltr'>λιποταξίου</span> <span class='ocrx_word' id='word_1_713' title='bbox 1307 5127 1460 5190; x_wconf 82' lang='grc' dir='ltr'>δίκην</span> <span class='ocrx_word' id='word_1_714' title='bbox 1505 5133 1686 5204; x_wconf 67' lang='grc' dir='ltr'>ὄφλω-ι,</span> <span class='ocrx_word' id='word_1_715' title='bbox 1733 5139 1822 5186; x_wconf 81' lang='grc' dir='ltr'>καὶ</span> 
     </span>
    </p>
   </div>
   <div class='ocr_carea' id='block_1_100' title="bbox 216 5219 1818 5294">
    <p class='ocr_par' dir='ltr' id='par_1_100' title="bbox 216 5219 1818 5294">
     <span class='ocr_line' id='line_1_100' title="bbox 216 5219 1818 5294; baseline 0.004 -26"><span class='ocrx_word' id='word_1_716' title='bbox 216 5222 406 5290; x_wconf 76' lang='grc' dir='ltr'>φυγὰς,</span> <span class='ocrx_word' id='word_1_717' title='bbox 438 5224 528 5270; x_wconf 86' lang='grc' dir='ltr'>καὶ</span> <span class='ocrx_word' id='word_1_718' title='bbox 583 5221 844 5293; x_wconf 82' lang='grc' dir='ltr'>ἀρχηγός,</span> <span class='ocrx_word' id='word_1_719' title='bbox 904 5225 994 5270; x_wconf 87' lang='grc' dir='ltr'>καὶ</span> <span class='ocrx_word' id='word_1_720' title='bbox 1047 5220 1231 5270; x_wconf 85' lang='grc' dir='ltr'>πείθων</span> <span class='ocrx_word' id='word_1_721' title='bbox 1282 5219 1467 5282; x_wconf 75' lang='grc' dir='ltr'>ἄλλους</span> <span class='ocrx_word' id='word_1_722' title='bbox 1518 5225 1818 5294; x_wconf 84' lang='grc' dir='ltr'>μιμεῖσθαι,</span> 
     </span>
    </p>
   </div>
   <div class='ocr_carea' id='block_1_101' title="bbox 213 5303 1823 5386">
    <p class='ocr_par' dir='ltr' id='par_1_101' title="bbox 213 5303 1823 5386">
     <span class='ocr_line' id='line_1_101' title="bbox 213 5303 1823 5386; baseline 0.006 -30"><span class='ocrx_word' id='word_1_723' title='bbox 213 5309 302 5357; x_wconf 81' lang='grc' dir='ltr'>καὶ</span> <span class='ocrx_word' id='word_1_724' title='bbox 335 5308 392 5357; x_wconf 90' lang='grc' dir='ltr'><strong>τό</strong></span> <span class='ocrx_word' id='word_1_725' title='bbox 449 5304 753 5382; x_wconf 84' lang='grc' dir='ltr'>βαρύτερον,</span> <span class='ocrx_word' id='word_1_726' title='bbox 807 5314 895 5362; x_wconf 82' lang='grc' dir='ltr'>καὶ</span> <span class='ocrx_word' id='word_1_727' title='bbox 943 5311 1060 5368; x_wconf 80' lang='grc' dir='ltr'>τοὺς</span> <span class='ocrx_word' id='word_1_728' title='bbox 1090 5307 1231 5367; x_wconf 85' lang='grc' dir='ltr'>ὅσοις</span> <span class='ocrx_word' id='word_1_729' title='bbox 1283 5303 1344 5365; x_wconf 79' lang='grc' dir='ltr'>ἦν</span> <span class='ocrx_word' id='word_1_730' title='bbox 1384 5311 1413 5366; x_wconf 85' lang='grc' dir='ltr'>ἡ</span> <span class='ocrx_word' id='word_1_731' title='bbox 1448 5314 1658 5369; x_wconf 85' lang='grc' dir='ltr'>τοιαύτη</span> <span class='ocrx_word' id='word_1_732' title='bbox 1692 5319 1823 5386; x_wconf 81' lang='grc' dir='ltr'>πρᾶ-</span> 
     </span>
    </p>
   </div>
   <div class='ocr_carea' id='block_1_102' title="bbox 2006 4509 3590 4585">
    <p class='ocr_par' dir='ltr' id='par_1_102' title="bbox 2006 4509 3590 4585">
     <span class='ocr_line' id='line_1_102' title="bbox 2006 4509 3590 4585; baseline -0.003 -17"><span class='ocrx_word' id='word_1_733' title='bbox 2006 4513 2269 4583; x_wconf 84' lang='lat' dir='ltr'><strong>Fugitivi,</strong></span> <span class='ocrx_word' id='word_1_734' title='bbox 2295 4515 2593 4571; x_wconf 89' lang='lat' dir='ltr'><strong>actionem</strong></span> <span class='ocrx_word' id='word_1_735' title='bbox 2611 4513 2775 4569; x_wconf 90' lang='lat' dir='ltr'><strong>illam</strong></span> <span class='ocrx_word' id='word_1_736' title='bbox 2792 4509 3119 4585; x_wconf 89' lang='lat' dir='ltr'><strong>aliquando</strong></span> <span class='ocrx_word' id='word_1_737' title='bbox 3164 4509 3590 4582; x_wconf 42' lang='lat' dir='ltr'><strong>vituperantes.</strong></span> 
     </span>
    </p>
   </div>
   <div class='ocr_carea' id='block_1_103' title="bbox 1935 4597 3595 4673">
    <p class='ocr_par' dir='ltr' id='par_1_103' title="bbox 1935 4597 3595 4673">
     <span class='ocr_line' id='line_1_103' title="bbox 1935 4597 3595 4673; baseline 0 -19"><span class='ocrx_word' id='word_1_738' title='bbox 1935 4616 2048 4656; x_wconf 89' lang='lat' dir='ltr'>una</span> <span class='ocrx_word' id='word_1_739' title='bbox 2090 4618 2295 4657; x_wconf 90' lang='lat' dir='ltr'><strong>secum</strong></span> <span class='ocrx_word' id='word_1_740' title='bbox 2322 4619 2450 4658; x_wconf 90' lang='lat' dir='ltr'><strong>esse</strong></span> <span class='ocrx_word' id='word_1_741' title='bbox 2483 4603 2758 4673; x_wconf 82' lang='lat' dir='ltr'><strong>fugitivos</strong></span> <span class='ocrx_word' id='word_1_742' title='bbox 2790 4601 3100 4669; x_wconf 83' lang='lat' dir='ltr'><strong>induxere,</strong></span> <span class='ocrx_word' id='word_1_743' title='bbox 3145 4599 3224 4654; x_wconf 89' lang='lat' dir='ltr'><strong>illi</strong></span> <span class='ocrx_word' id='word_1_744' title='bbox 3257 4613 3376 4654; x_wconf 90' lang='lat' dir='ltr'>non</span> <span class='ocrx_word' id='word_1_745' title='bbox 3420 4597 3595 4654; x_wconf 89' lang='lat' dir='ltr'><strong>modo</strong></span> 
     </span>
    </p>
   </div>
   <div class='ocr_carea' id='block_1_104' title="bbox 1931 4686 3589 4763">
    <p class='ocr_par' dir='ltr' id='par_1_104' title="bbox 1931 4686 3589 4763">
     <span class='ocr_line' id='line_1_104' title="bbox 1931 4686 3589 4763; baseline 0 -20"><span class='ocrx_word' id='word_1_746' title='bbox 1931 4689 2096 4745; x_wconf 90' lang='lat' dir='ltr'><strong>liberi</strong></span> <span class='ocrx_word' id='word_1_747' title='bbox 2130 4698 2261 4746; x_wconf 88' lang='lat' dir='ltr'><strong>sunt</strong></span> <span class='ocrx_word' id='word_1_748' title='bbox 2294 4691 2372 4746; x_wconf 86' lang='lat' dir='ltr'>ab</span> <span class='ocrx_word' id='word_1_749' title='bbox 2399 4691 2496 4748; x_wconf 87' lang='lat' dir='ltr'><strong>illa</strong></span> <span class='ocrx_word' id='word_1_750' title='bbox 2525 4690 2721 4763; x_wconf 89' lang='lat' dir='ltr'><strong>culpa,</strong></span> <span class='ocrx_word' id='word_1_751' title='bbox 2751 4690 2855 4746; x_wconf 87' lang='lat' dir='ltr'>sed</span> <span class='ocrx_word' id='word_1_752' title='bbox 2909 4688 3125 4761; x_wconf 91' lang='lat' dir='ltr'><strong>duplici</strong></span> <span class='ocrx_word' id='word_1_753' title='bbox 3159 4705 3221 4743; x_wconf 92' lang='lat' dir='ltr'>se</span> <span class='ocrx_word' id='word_1_754' title='bbox 3262 4692 3364 4743; x_wconf 90' lang='lat' dir='ltr'>aut</span> <span class='ocrx_word' id='word_1_755' title='bbox 3395 4686 3589 4743; x_wconf 82' lang='lat' dir='ltr'><strong>multi-</strong></span> 
     </span>
    </p>
   </div>
   <div class='ocr_carea' id='block_1_105' title="bbox 1931 4776 3594 4850">
    <p class='ocr_par' dir='ltr' id='par_1_105' title="bbox 1931 4776 3594 4850">
     <span class='ocr_line' id='line_1_105' title="bbox 1931 4776 3594 4850; baseline -0.001 -17"><span class='ocrx_word' id='word_1_756' title='bbox 1931 4779 2066 4850; x_wconf 90' lang='lat' dir='ltr'><strong>plici</strong></span> <span class='ocrx_word' id='word_1_757' title='bbox 2101 4787 2267 4834; x_wconf 88' lang='lat' dir='ltr'><strong>reatu</strong></span> <span class='ocrx_word' id='word_1_758' title='bbox 2297 4781 2625 4850; x_wconf 84' lang='lat' dir='ltr'><strong>praedicant</strong></span> <span class='ocrx_word' id='word_1_759' title='bbox 2648 4779 2827 4835; x_wconf 91' lang='lat' dir='ltr'><strong>teneri</strong></span> <span class='ocrx_word' id='word_1_760' title='bbox 2855 4796 2869 4834; x_wconf 89' lang='lat'><strong>:</strong></span> <span class='ocrx_word' id='word_1_761' title='bbox 2903 4781 3028 4834; x_wconf 90' lang='lat' dir='ltr'><strong>Non</strong></span> <span class='ocrx_word' id='word_1_762' title='bbox 3059 4776 3220 4832; x_wconf 91' lang='lat' dir='ltr'><strong>enim</strong></span> <span class='ocrx_word' id='word_1_763' title='bbox 3253 4776 3594 4833; x_wconf 88' lang='lat' dir='ltr'><strong>communi-</strong></span> 
     </span>
    </p>
   </div>
   <div class='ocr_carea' id='block_1_106' title="bbox 1932 4866 3587 4941">
    <p class='ocr_par' dir='ltr' id='par_1_106' title="bbox 1932 4866 3587 4941">
     <span class='ocr_line' id='line_1_106' title="bbox 1932 4866 3587 4941; baseline -0.001 -17"><span class='ocrx_word' id='word_1_764' title='bbox 1932 4869 2084 4924; x_wconf 84' lang='lat' dir='ltr'><strong>catio</strong></span> <span class='ocrx_word' id='word_1_765' title='bbox 2107 4871 2339 4937; x_wconf 65' lang='lat' dir='ltr'><strong>injuriae</strong></span> <span class='ocrx_word' id='word_1_766' title='bbox 2371 4869 2708 4924; x_wconf 84' lang='lat' dir='ltr'><strong>libertatem</strong></span> <span class='ocrx_word' id='word_1_767' title='bbox 2735 4872 3008 4941; x_wconf 89' lang='lat' dir='ltr'><strong>procurat</strong></span> <span class='ocrx_word' id='word_1_768' title='bbox 3034 4883 3170 4922; x_wconf 88' lang='lat' dir='ltr'>eam</span> <span class='ocrx_word' id='word_1_769' title='bbox 3210 4866 3587 4936; x_wconf 85' lang='lat' dir='ltr'><strong>auspicandi,</strong></span> 
     </span>
    </p>
   </div>
   <div class='ocr_carea' id='block_1_107' title="bbox 1932 4957 3587 5028">
    <p class='ocr_par' dir='ltr' id='par_1_107' title="bbox 1932 4957 3587 5028">
     <span class='ocr_line' id='line_1_107' title="bbox 1932 4957 3587 5028; baseline 0.001 -16"><span class='ocrx_word' id='word_1_770' title='bbox 1932 4958 2032 5013; x_wconf 91' lang='lat' dir='ltr'>sed</span> <span class='ocrx_word' id='word_1_771' title='bbox 2054 4959 2302 5013; x_wconf 89' lang='lat' dir='ltr'><strong>imitatio</strong></span> <span class='ocrx_word' id='word_1_772' title='bbox 2323 4959 2476 5013; x_wconf 88' lang='lat' dir='ltr'><strong>male</strong></span> <span class='ocrx_word' id='word_1_773' title='bbox 2491 4959 2792 5028; x_wconf 89' lang='lat' dir='ltr'><strong>agentium</strong></span> <span class='ocrx_word' id='word_1_774' title='bbox 2815 4957 2870 5010; x_wconf 92' lang='lat' dir='ltr'>in</span> <span class='ocrx_word' id='word_1_775' title='bbox 2893 4959 3587 5028; x_wconf 59' lang='lat' dir='ltr'><strong>immenusmacceptum</strong></span> 
     </span>
    </p>
   </div>
   <div class='ocr_carea' id='block_1_108' title="bbox 1933 5046 3585 5116">
    <p class='ocr_par' dir='ltr' id='par_1_108' title="bbox 1933 5046 3585 5116">
     <span class='ocr_line' id='line_1_108' title="bbox 1933 5046 3585 5116; baseline -0.001 -16"><span class='ocrx_word' id='word_1_776' title='bbox 1933 5047 2194 5116; x_wconf 86' lang='lat' dir='ltr'><strong>crimen;</strong></span> <span class='ocrx_word' id='word_1_777' title='bbox 2229 5063 2372 5102; x_wconf 91' lang='lat' dir='ltr'>nam</span> <span class='ocrx_word' id='word_1_778' title='bbox 2399 5047 2664 5102; x_wconf 87' lang='lat' dir='ltr'><strong>desertor</strong></span> <span class='ocrx_word' id='word_1_779' title='bbox 2683 5047 2928 5112; x_wconf 81' lang='lat' dir='ltr'><strong>ordinis,</strong></span> <span class='ocrx_word' id='word_1_780' title='bbox 2955 5046 3256 5114; x_wconf 82' lang='lat' dir='ltr'><strong>fugitivus,</strong></span> <span class='ocrx_word' id='word_1_781' title='bbox 3283 5047 3585 5116; x_wconf 91' lang='lat' dir='ltr'><strong>princeps,</strong></span> 
     </span>
    </p>
   </div>
   <div class='ocr_carea' id='block_1_109' title="bbox 1932 5135 3586 5208">
    <p class='ocr_par' dir='ltr' id='par_1_109' title="bbox 1932 5135 3586 5208">
     <span class='ocr_line' id='line_1_109' title="bbox 1932 5135 3586 5208; baseline 0 -18"><span class='ocrx_word' id='word_1_782' title='bbox 1932 5143 1984 5190; x_wconf 92' lang='lat' dir='ltr'>et</span> <span class='ocrx_word' id='word_1_783' title='bbox 2007 5136 2296 5190; x_wconf 85' lang='lat' dir='ltr'><strong>inducens</strong></span> <span class='ocrx_word' id='word_1_784' title='bbox 2329 5137 2476 5190; x_wconf 89' lang='lat' dir='ltr'><strong>alios</strong></span> <span class='ocrx_word' id='word_1_785' title='bbox 2506 5141 2612 5202; x_wconf 91' lang='lat' dir='ltr'><strong>est,</strong></span> <span class='ocrx_word' id='word_1_786' title='bbox 2645 5142 2698 5190; x_wconf 90' lang='lat' dir='ltr'>et</span> <span class='ocrx_word' id='word_1_787' title='bbox 2728 5135 2892 5208; x_wconf 88' lang='lat' dir='ltr'><strong>quod</strong></span> <span class='ocrx_word' id='word_1_788' title='bbox 2923 5136 3158 5205; x_wconf 77' lang='lat' dir='ltr'><strong>gravius</strong></span> <span class='ocrx_word' id='word_1_789' title='bbox 3187 5142 3295 5200; x_wconf 83' lang='lat' dir='ltr'><strong>est,</strong></span> <span class='ocrx_word' id='word_1_790' title='bbox 3349 5150 3450 5190; x_wconf 90' lang='lat' dir='ltr'><strong>eos</strong></span> <span class='ocrx_word' id='word_1_791' title='bbox 3481 5136 3586 5208; x_wconf 89' lang='lat' dir='ltr'><strong>qui</strong></span> 
     </span>
    </p>
   </div>
   <div class='ocr_carea' id='block_1_110' title="bbox 1933 5225 3584 5297">
    <p class='ocr_par' dir='ltr' id='par_1_110' title="bbox 1933 5225 3584 5297">
     <span class='ocr_line' id='line_1_110' title="bbox 1933 5225 3584 5297; baseline -0.001 -18"><span class='ocrx_word' id='word_1_792' title='bbox 1933 5225 2030 5280; x_wconf 89' lang='lat' dir='ltr'><strong>illa</strong></span> <span class='ocrx_word' id='word_1_793' title='bbox 2052 5226 2665 5297; x_wconf 83' lang='lat' dir='ltr'><strong>patrare,priusquam</strong></span> <span class='ocrx_word' id='word_1_794' title='bbox 2689 5228 3142 5296; x_wconf 88' lang='lat' dir='ltr'><strong>captivarentur,</strong></span> <span class='ocrx_word' id='word_1_795' title='bbox 3180 5225 3547 5296; x_wconf 82' lang='lat' dir='ltr'><strong>dejerasseut</strong></span> <span class='ocrx_word' id='word_1_796' title='bbox 3573 5246 3584 5277; x_wconf 90' lang='lat'><strong>:</strong></span> 
     </span>
    </p>
   </div>
   <div class='ocr_carea' id='block_1_111' title="bbox 1934 5313 3583 5388">
    <p class='ocr_par' dir='ltr' id='par_1_111' title="bbox 1934 5313 3583 5388">
     <span class='ocr_line' id='line_1_111' title="bbox 1934 5313 3583 5388; baseline 0.001 -20"><span class='ocrx_word' id='word_1_797' title='bbox 1934 5314 2150 5369; x_wconf 88' lang='lat' dir='ltr'><strong>videsis</strong></span> <span class='ocrx_word' id='word_1_798' title='bbox 2171 5313 3062 5388; x_wconf 86' lang='lat' dir='ltr'><strong>autem,videsis,inquam,quiu</strong></span> <span class='ocrx_word' id='word_1_799' title='bbox 3085 5314 3352 5371; x_wconf 86' lang='lat' dir='ltr'><strong>videritis</strong></span> <span class='ocrx_word' id='word_1_800' title='bbox 3384 5314 3583 5386; x_wconf 87' lang='lat' dir='ltr'><strong>potius</strong></span> 
     </span>
    </p>
   </div>
   <div class='ocr_carea' id='block_1_112' title="bbox 1561 5426 2232 5487">
    <p class='ocr_par' dir='ltr' id='par_1_112' title="bbox 1561 5426 2232 5487">
     <span class='ocr_line' id='line_1_112' title="bbox 1561 5426 2232 5487; baseline 0.003 -6"><span class='ocrx_word' id='word_1_801' title='bbox 1561 5426 1795 5483; x_wconf 70' lang='lat' dir='ltr'>VARIE</span> <span class='ocrx_word' id='word_1_802' title='bbox 1832 5427 2232 5487; x_wconf 84' lang='lat' dir='ltr'>LECTlONES.</span> 
     </span>
    </p>
   </div>
   <div class='ocr_carea' id='block_1_113' title="bbox 297 5534 780 5599">
    <p class='ocr_par' dir='ltr' id='par_1_113' title="bbox 297 5534 780 5599">
     <span class='ocr_line' id='line_1_113' title="bbox 297 5534 780 5599; baseline 0.017 -9"><span class='ocrx_word' id='word_1_803' title='bbox 297 5548 324 5581; x_wconf 79' lang='grc' dir='ltr'>ι</span> <span class='ocrx_word' id='word_1_804' title='bbox 347 5539 431 5595; x_wconf 82' lang='grc' dir='ltr'>’ίσο</span> <span class='ocrx_word' id='word_1_805' title='bbox 457 5534 586 5594; x_wconf 81' lang='grc' dir='ltr'>εἶναι</span> <span class='ocrx_word' id='word_1_806' title='bbox 605 5538 780 5599; x_wconf 76' lang='grc' dir='ltr'>αὐτόν.</span> 
     </span>
    </p>
   </div>
  </div>
