4072 6232
528 151 634 209 859

1753 149 1846 206 ΡΗ
1855 149 1999 207 OTll
2045 147 2534 206 PATRIARCHE
2569 149 2680 206 CP.
3742 151 3814 212 860

528 295 738 337 omnes
770 277 1072 351 (comitem
1103 279 1286 344 enim,
1313 277 1561 343 consilii,
1589 276 1746 347 fugas
1773 280 1886 332 tuae
1903 277 2181 332 comitem

2301 275 2397 338 ξις,
2428 280 2549 348 πρὶν
2578 271 3172 349 ύπανδραποδισθῆναι,
3224 281 3359 350 μέγα
3402 279 3592 351 ὅρκιον.
3639 277 3747 349 Ὀρα
3772 277 3816 338 δὴ

529 370 758 425 socium
791 369 884 440 adj
898 385 1056 438 ungo
1076 365 1622 439 discipulum)quid
1649 364 1732 420 sis
1753 361 2185 432 dicturus,cum

529 459 679 514 ratio
707 458 787 514 tui
818 457 1011 513 factia
1039 465 1090 513 te
1121 455 1529 526 exigetur.Sed
1559 454 1683 510 vale
1714 474 1726 513 :
1763 469 1871 509 nec
1901 453 2184 526 deinceps

529 547 760 618 fugitivi
793 547 1064 603 animum
1097 553 1475 615 mentemque
1506 544 1658 610 fove,
1715 559 1824 599 nec
1881 543 2027 600 alios
2065 559 2185 598 una

531 637 734 706 fugere
764 636 980 692 allicito
1011 633 1377 691 :etterribile
1400 633 1696 704 judicium
1723 633 1887 699 illud,
1922 649 1991 688 ac
2021 631 2184 687 inde-

532 725 827 789 clinabile,
853 724 1006 780 ultra
1035 721 1566 780 comminationem
1587 738 1707 778 non
1735 721 2037 794 procedet.

2295 363 2492 434 λοιπὸν,
2544 367 2658 437 ὅρα,
2710 365 2899 437 μᾶλλον
2959 363 3016 418 δὲ
3069 373 3320 438 συνορᾶτε
3368 362 3593 437 (δίδωμι
3638 369 3721 438 γὰρ
3767 387 3822 420 σοι

2294 459 2534 506 κοινωνὸν
2592 463 2684 516 τῆς
2735 452 2931 526 βουλῆς
2990 459 3077 507 τὸν
3133 461 3349 526 γνήσιον
3392 464 3485 516 τῆς
3529 459 3824 527 φυγῆςμαθιι

2295 543 2410 614 τὴν)
2450 549 2566 594 τίνα
2595 543 2794 615 μέλλεις
2825 544 2975 614 λόγον
3030 547 3192 616 ἔχειν,
3243 546 3326 597 ὅτε
3352 564 3407 596 σε
3450 553 3547 596 τῶν
3578 543 3826 602 τηλικούτων

2294 635 2386 694 τὰς
2442 633 2654 693 εὐθύνας
2701 631 2986 704 βουληθείη
3045 638 3134 706 μὲν
3187 633 3584 706 πράττεσθαιδ.
3629 633 3743 685 Ἀλλ’

2291 723 2433 796 ῥωσο
2467 743 2479 755 ·
2522 727 2611 774 καὶ
2652 727 2841 794 μηκέτι
2893 727 3027 794 μήτε
3085 727 3148 775 σύ
3181 719 3444 798 δραπέτην
3494 725 3586 794 ἔχε
3617 721 3830 794 λογισμὸν,

532 821 665 888 μήτε
725 811 1054 889 δραπετεύειν
1109 812 1293 876 ἄλλους
1365 812 1614 885 ύπόθελογε
1647 830 1658 842 ·
1718 817 1804 864 καὶ
1872 814 1937 864 τὰ
1996 820 2092 874 τῆς
2151 809 2381 884 ἀφύκτου
2431 816 2520 864 καὶ
2578 811 2796 888 φοϐερᾶς
2871 808 3027 876 δίκης
3100 813 3172 875 εἰς
3233 817 3388 885 μόνας
3458 811 3662 873 ἀπειλὰς
3699 809 3833 865 διαλέ-

531 903 702 959 λυται.

1168 991 1379 1049 EPIST.
1404 991 1540 1047 XLI.

777 1082 1086 1140 Zachariw
1108 1081 1496 1152 metropolitaz
1522 1079 1934 1138 Chalcedonis.

2894 997 3105 1045 Elllz'r.
3157 989 3294 1046 MA“

2577 1085 2827 1155 Ζαχαρία
2865 1080 3221 1154 μητροπολίτῃ
3254 1075 3607 1141 Χαλκηδόνος.

1811 1178 2101 1228 Montacut.
2130 1179 2234 1242 (ep.
2262 1179 2370 1234 223,
2405 1192 2455 1242 p.
2493 1179 2623 1241 333).

601 1277 826 1342 Inveni,
861 1277 1091 1349 opinor,
1135 1277 1442 1347 sanguinis
1485 1275 1868 1341 ablationem,
1907 1275 2042 1332 licet
2088 1291 2192 1348 per

530 1371 822 1432 aestatem,
851 1368 931 1422 tui
962 1368 1227 1439 corporis
1260 1366 1598 1422 habitudini
1631 1381 1980 1437 congruam.
2017 1365 2187 1431 Quod

533 1457 812 1528 quamvis
828 1459 900 1512 sit
927 1463 1133 1512 contra
1145 1457 1490 1529 opinionem
1521 1455 1884 1510 medicorum
1914 1455 2016 1526 qui
2033 1471 2192 1510 nunc

2376 1275 2554 1348 Εὗρον,
2599 1274 2765 1347 οἶμαι.
2825 1280 2916 1335 τὴν
2977 1283 3068 1328 τοῦ
3150 1277 3371 1342 αἳματος
3451 1273 3725 1346 ἀφαίρεσιν,
3775 1278 3841 1326 καὶ

2305 1367 2477 1438 θερίας
2520 1369 2700 1428 οὔσης,
2751 1373 2812 1438 τῇ
2869 1373 2960 1418 τοῦ
3002 1370 3245 1437 σώματός
3284 1384 3378 1416 σου
3429 1361 3656 1416 διαθέσει
3691 1367 3844 1435 συμφέ-

2302 1474 2516 1527 ρουσαν.
2568 1455 2624 1507 Εἰ
2660 1451 2718 1507 δε
2775 1457 2917 1526 παρὰ
2976 1451 3132 1517 δοξαν
3181 1457 3294 1506 ἑστὶ
3325 1462 3422 1505 τῶν
3453 1461 3540 1504 νῦν
3571 1451 3844 1512 ἐπιπολαζον-

529 1545 753 1618 ubique
792 1547 1122 1612 abundant,
1141 1562 1259 1600 non
1291 1553 1377 1600 est
1396 1545 1776 1617 paradoxum
1797 1550 2021 1599 tamen.
2037 1547 2185 1599 Nam

2303 1563 2401 1596 των
2436 1544 2639 1616 ἰατρῶν,
2693 1541 2990 1616 παράδοξον
3048 1539 3219 1597 οὐδέν.
3273 1545 3362 1603 Οἱς
3420 1545 3523 1614 γὰρ
3564 1542 3640 1593 ἱνα
3681 1546 3739 1612 μὴ
3783 1549 3845 1592 νῦν

532 1650 605 1689 ne
646 1635 1081 1707 aliosipsorum
1096 1650 1322 1689 errores
1349 1649 1693 1706 persequar,
1738 1632 1961 1704 quibus
1983 1633 2194 1704 hippa-

531 1723 611 1778 ris
645 1723 899 1778 habetur
935 1724 1343 1794 polygonum;
1377 1723 1594 1786 seselis,
1633 1721 1977 1778 herculeum
2013 1737 2194 1792 pana-

533 1813 759 1885 ces,qui
789 1812 1150 1868 batrachion
1178 1828 1430 1884 parvum
1447 1811 1846 1867 chelidonium
1869 1816 2112 1882 putant;
2137 1816 2196 1867 et

534 1917 638 1972 pro
665 1902 851 1972 peplio
877 1902 1227 1973 tithymallus
1259 1901 1524 1971 habetur;
1554 1901 1764 1973 quibus
1796 1901 2194 1972 potamogiton

534 1990 1067 2056 estleimonium;et
1097 1992 1266 2060 niger
1283 1991 1650 2046 chammleon
1675 1996 1964 2062 tanquam
1985 1988 2190 2058 albus;

533 2080 638 2150 qui
659 2095 762 2150 pro
780 2095 1075 2135 anemone
1095 2080 1794 2151 proferuntargemonem
1819 2095 1832 2144 ;
1861 2077 2024 2146 apud
2037 2093 2190 2149 quos

531 2167 778 2224 inﬁnitae
804 2169 1129 2224 herbarum
1152 2169 1378 2240 species
1397 2175 1448 2223 et
1464 2173 1694 2224 natura;
1712 2167 2040 2240 peregrinis
2057 2167 2192 2221 sub-

533 2257 791 2313 serviunt
821 2257 1207 2329 temporibus,
1229 2259 1454 2322 usibus,
1484 2256 1828 2313 nominibus
1853 2273 1865 2312 :
1893 2272 2028 2311 nam
2057 2271 2192 2328 quas

528 2346 655 2418 jam
687 2347 829 2411 dixi,
859 2363 976 2417 prae
1023 2347 1304 2402 manibus
1333 2351 1494 2416 sunt,
1524 2363 1660 2418 quae
1702 2347 1835 2400 sine
1865 2345 2191 2416 quaestione

536 2441 696 2490 certa
717 2435 1021 2490 debebant
1043 2451 1168 2491 esse
1201 2436 1287 2491 vel
1315 2436 1403 2500 iis,
1423 2435 1525 2507 qui
1555 2452 1589 2490 ε
1618 2440 1790 2506 portu
1826 2434 2189 2490 medicinam

535 2524 892 2580 salutarunt.
924 2523 1076 2589 Quid
1110 2524 1351 2589 mirum,
1378 2524 1427 2578 si
1476 2523 1880 2595 phlebotomia
1913 2522 2014 2578 tibi
2052 2539 2186 2577 con-

535 2612 761 2668 ducens
791 2611 868 2667 ab
900 2613 1014 2668 illis
1044 2611 1365 2682 deputetur
1395 2611 1589 2667 aliena
1618 2611 1646 2666 ?
1675 2613 1758 2666 Tu
1789 2613 1837 2666 si
1876 2612 2188 2668 consilium

535 2718 735 2758 meum
763 2703 1100 2763 admiseris,
1136 2718 1269 2756 cum
1304 2703 1456 2758 bono
1495 2703 1635 2766 Deo,
1668 2702 1908 2758 illorum
1944 2703 2185 2772 pudore,

532 2792 895 2862 experientia
935 2791 1312 2863 profuturum
1347 2791 1633 2846 invenies.

1156 3061 1372 3118 EPIST.
1409 3060 1564 3116 XLII.

817 3151 1100 3209 Michaeli
1143 3152 1458 3222 Mitylenes
1496 3150 1904 3220 metropolitz.

2303 1636 2396 1694 τὰς
2452 1633 2606 1694 ἄλλας
2656 1633 2822 1684 αὐτῶν
2883 1637 3001 1706 περὶ
3093 1636 3180 1690 τὴν
3235 1636 3426 1702 τέχνην
3478 1628 3774 1704 ἁμαρτάδας,
3809 1633 3845 1680 οῖ

2302 1742 2392 1794 μοι
2441 1722 2587 1793 λέγω,
2656 1720 2760 1773 ἀλλ’
2804 1725 3047 1794 ἱππουρὶς
3103 1727 3193 1794 μὲν
3251 1723 3522 1792 νομίζεται
3573 1725 3628 1772 τὸ
3677 1720 3846 1790 πολύγο-

2301 1831 2384 1863 νον
2409 1831 2420 1842 ·
2477 1810 2670 1872 σέσελις
2727 1808 2784 1862 δὲ
2818 1813 2876 1863 τὸ
2934 1811 3206 1883 ἠράκλειον
3263 1813 3488 1872 πάνακες
3517 1832 3529 1843 ο
3569 1815 3654 1862 καὶ
3691 1811 3760 1862 οἵα
3793 1805 3840 1865 δὴ

2304 1898 2602 1975 βατράχων
2655 1903 2712 1952 τὸ
2743 1904 2946 1975 μικρὸν,
3001 1905 3232 1974 κρίνεται
3277 1897 3573 1972 χελιδόνιον
3610 1915 3621 1924 ·
3657 1903 3732 1950 καὶ
3761 1897 3843 1948 ἀντὶ

2304 1993 2391 2046 μὲν
2449 1990 2685 2055 πεπλίου,
2735 1990 3041 2060 τιθύμαλλος
3069 2012 3080 2023 ·
3139 1993 3208 2052 ὡς
3263 1994 3644 2060 ποταμογείτων
3692 1984 3757 2050 δε,
3804 1990 3843 2036 τὸ

2301 2079 2564 2151 λειμώνιον
2597 2100 2607 2112 ’
2661 2084 2750 2131 καὶ
2802 2081 2827 2131 ὁ
2871 2083 2961 2151 μὲν
3015 2080 3172 2151 μέλας
3223 2079 3550 2151 χαμαιλέων,
3607 2080 3671 2139 ὡς
3709 2077 3845 2135 λευκὸς

2300 2167 2760 2241 παραλαμϐάνεται
2793 2187 2805 2200 ’
2889 2166 3001 2220 ἀντὶ
3068 2165 3128 2220 δι
3202 2175 3299 2229 τῆς
3352 2165 3628 2239 ἀνεμώνης,
3673 2164 3845 2238 ἡὰργι-

2301 2263 2444 2329 μὼνη
2481 2274 2493 2287 ·
2554 2262 2644 2309 καὶ
2704 2262 2903 2330 μυρίων
2973 2256 3136 2308 ἄλλων
3210 2259 3386 2328 φύσεις
3462 2255 3682 2328 βοτανῶν
3727 2254 3846 2316 ξένοις

2302 2347 2623 2420 ὑπηρετοῦσι
2678 2350 2768 2398 καὶ
2823 2353 3046 2420 καιροῖς,
3104 2349 3194 2397 καὶ
3237 2349 3468 2417 χρείαις,
3525 2349 3610 2396 καὶ
3654 2342 3844 2415 ὀνόμασι.

2301 2436 2504 2504 (Ταύτα
2557 2431 2621 2492 δὴ
2665 2442 2832 2486 ταῦτα
2875 2437 2940 2486 τὰ
2979 2439 3259 2509 πρόχειρα,
3310 2438 3400 2485 καὶ
3451 2432 3486 2485 ἆ
3536 2429 3664 2505 μηδι
3709 2432 3847 2491 τοῖςὲν

2301 2524 2578 2597 προθύροις
2636 2523 2871 2596 ἰατρικῆς
2950 2532 3217 2595 προσῆκον
3285 2519 3345 2580 ἧν
3405 2521 3456 2574 ἐν
3522 2519 3848 2594 ἀμφισϐητήσει

2299 2614 2704 2684 καθίστασθαι.)
2780 2617 2842 2666 Τί
2925 2615 3228 2685 θαυμαστὸν
3298 2611 3394 2664 κᾶν
3474 2614 3504 2671 ἠ
3575 2609 3844 2684 φλεϐοτομία,

2299 2699 2570 2774 χρειώδης
2622 2697 2756 2754 οὖσά
2811 2721 2916 2772 σοι,
2985 2706 3194 2764 τούτοις
3262 2703 3538 2771 νομισθείη
3604 2699 3845 2765 ξενίζουσα,

2300 2791 2452 2851 αὐτὸς
2502 2787 2560 2844 δε
2616 2795 2709 2848 τὴν
2765 2790 3064 2862 συμϐουλὴν
3105 2787 3408 2862 δεχόμενος,
3445 2795 3537 2843 σύν
3567 2799 3671 2859 Θεῷ
3693 2795 3848 2856 Σωτῆρι

2222 2908 2261 2962 C
2301 2883 2476 2951 φάναι,
2519 2884 2608 2932 καὶ
2657 2883 2742 2932 τὸν
2791 2881 3006 2951 ἔλεγχον
3078 2879 3300 2944 ἐκείνων,
3354 2888 3422 2953 τῇ
3478 2885 3645 2952 πείρᾳ,
3692 2883 3765 2928 καὶ
3807 2877 3846 2925 τό

2304 2973 2394 3020 σὸν
2435 2970 2554 3043 εύρή
2566 2987 2669 3030 σεις
2708 2964 2914 3044 κέρδος.

2909 3064 3119 3112 ΕΠΙΣΤ.
3169 3057 3297 3111 ΜΒ’.

2624 3147 2845 3219 Μιχαὴλ
2873 3147 3230 3220 μητροπολίτῃ
3269 3147 3584 3206 Μιτυλήνης.

1812 3275 2117 3324 Montacut.
2156 3273 2258 3336 (ep.
2297 3273 2408 3327 225,
2433 3272 2618 3334 p.334).

608 3375 749 3438 Quae
780 3377 844 3428 tu
870 3388 1087 3444 passus
1120 3388 1182 3426 es
1213 3389 1247 3428 a
1267 3372 1764 3445 persecutoribus,
1798 3371 1889 3426 alii
1925 3371 2068 3425 forte
2099 3387 2193 3426 ex-

535 3461 745 3517 cedere
777 3461 1053 3516 solatium
1080 3463 1295 3526 dicent,
1327 3476 1437 3530 ego
1486 3477 1621 3516 cum
1655 3467 1757 3516 tua
1810 3461 1969 3516 bona
2021 3459 2194 3515 venia

536 3549 782 3605 dixerim
805 3549 982 3604 laude
1009 3551 1171 3604 omni
1207 3551 1435 3620 majora
1460 3565 1624 3604 esse:
1668 3554 2004 3622 Opportune
2051 3565 2192 3620 ergo

538 3638 1041 3694 considerandum
1076 3642 1164 3694 est
1195 3644 1385 3694 utrum
1437 3639 1586 3694 inter
1615 3654 1716 3694 eos
1748 3637 1885 3693 velis
1917 3655 2050 3693 esse
2089 3639 2192 3710 qui

539 3727 941 3791 miseratione,
967 3743 1042 3782 an
1067 3726 1336 3785 felicitate
1360 3727 1815 3800 excipiuntur.Si
1848 3744 1984 3783 cum
2026 3733 2193 3799 grato

539 3815 741 3873 animo
755 3816 1152 3888 patiaris(scio
1168 3815 1328 3889 quod
1348 3817 1432 3872 sic
1449 3817 2194 3889 patieris),optarimadhuc

539 3904 732 3974 magis
762 3910 1000 3960 tuarum
1035 3904 1382 3976 passionum
1411 3912 1465 3962 et
1495 3921 1854 3962 coronarum
1898 3906 2194 3978 particeps

537 3993 663 4050 ﬁeri
699 4009 712 4051 :
747 3995 857 4054 sin,
890 3994 1055 4066 quod
1106 3995 1414 4066 deprecor,
1447 4011 1556 4050 nec
1601 3994 1879 4066 efferam;
1925 3995 2070 4066 quia
2103 4011 2196 4049 me

537 4083 788 4154 ineptire
806 4099 1154 4154 persuasum
1181 4083 1401 4152 habeo;
1422 4084 1620 4140 dicam
1638 4083 1988 4140 communia
2002 4084 2195 4138 denuo

539 4172 655 4226 sint
709 4177 809 4228 tua
850 4188 1086 4228 mecum
1148 4173 1496 4237 certamina,
1539 4171 2191 4244 remunerationesque.

540 4259 696 4317 Vale.

1145 4349 1357 4405 EPIST.
1410 4350 1588 4406 XLIII.

822 4435 1108 4494 Michaeh'
1144 4439 1530 4508 metropolitae
1577 4438 1908 4508 Mitylenes.

2374 3373 2450 3422 Τὰ
2504 3373 2590 3425 μεν
2631 3370 2702 3431 εἰς
2748 3373 2805 3423 σε
2859 3379 2958 3422 τῶν
3014 3367 3306 3423 διωκόντων
3357 3373 3524 3435 πάθη,
3556 3367 3852 3429 ἄλλοςοῖντιῖ

2306 3462 2440 3511 εἴποι
2499 3459 2663 3530 μείζω
2729 3461 3108 3531 παραμυθίαςο
3161 3459 3260 3530 ἐγὼ
3327 3457 3388 3513 δὲ
3449 3466 3542 3511 σοῦ
3593 3455 3850 3529 βουλομένου

2306 3554 2461 3620 φαίην
2515 3547 2575 3598 ἂν
2622 3548 2786 3619 μείζω
2839 3549 3112 3622 εὐφημίας.
3163 3548 3300 3621 Ὦρα
3354 3545 3443 3601 οὖν
3496 3548 3762 3600 ἐπισκοπεῖν
3794 3558 3850 3600 σιν

2304 3643 2516 3711 πότερον
2570 3637 2629 3688 ἂν
2701 3637 2834 3690 ﬂow
2905 3647 3005 3690 τῶν
3076 3634 3284 3711 σφόδρα
3357 3638 3669 3709 ἐλεουμένων,
3717 3634 3740 3691 ἦ
3783 3637 3852 3681 τῶν

2307 3724 2514 3798 σφόδρα
2561 3728 3008 3800 μακαριζομένων,
3065 3725 3214 3780 εἶναι.
3253 3726 3350 3780 ’Ἂν
3408 3731 3497 3799 μὲν
3547 3728 3640 3799 γὰρ
3687 3722 3853 3792 εὐχαρίθ

2309 3835 2442 3876 στως
2487 3821 2652 3887 φέρεις
2695 3813 2842 3887 (οῖδα
2883 3812 2934 3868 δ’
2983 3818 3064 3868 ὅτι
3126 3820 3339 3889 φέροις),
3409 3818 3630 3888 εὔχομαί
3677 3830 3756 3863 σου
3780 3813 3851 3858 τῶν

2310 3907 2588 3976 στεφάνων,
2652 3908 2736 3956 καὶ
2797 3913 2896 3956 τῶν
2951 3907 3150 3970 παθῶν,
3204 3905 3288 3957 ἐπὶ
3344 3906 3496 3958 πλέον
3549 3908 3852 3957 κοινωνῆσαι·

3665 3993 3739 4041 καὶ
3777 3987 3852 4055 γὰρ

2306 4087 2592 4155 πέπεισμαι
2658 4084 3090 4154 ματαιολογήσειν
3135 4105 3147 4117 ο
3229 4080 3315 4136 διὸ
3389 4103 3480 4156 μοι
3532 4081 3672 4134 πάλιν
3713 4079 3852 4133 εἴησαν

2306 4174 2473 4235 κοινὰ,
2507 4177 2594 4224 καὶ
2621 4174 2669 4224 οἱ
2689 4167 2856 4242 ἆθλοι,
2890 4178 2979 4225 καὶ
3011 4175 3076 4224 τὰ
3101 4172 3316 4228 ἔπαθλα.
3342 4173 3596 4248 Ἔρρωσο.

2307 3992 2366 4044 ἂν
2400 3991 2449 4046 δ’
2492 3995 2611 4068 ὅπερ
2669 3993 2993 4066 ἀπεύχομαι,
3055 3993 3163 4046 ἁλλ’
3215 3995 3308 4046 οὐκ
3365 3993 3428 4046 ἂν
3477 3996 3571 4066 ἐρῶ
3603 4014 3614 4025 ·

2914 4356 3124 4404 ΕΠΙΣΤ.
3177 4348 3306 4403 MI".

2621 4438 2844 4510 Μιχαὴλ
2871 4440 3228 4515 μητροπολίτη
3271 4438 3584 4499 Μιτυλήνης.

1824 4547 2114 4598 Montacut.
2149 4551 2254 4614 (ep.
2286 4547 2396 4603 227,
2429 4546 2629 4610 p.334).

610 4653 772 4710 Alius
788 4657 1274 4726 optarettuarum
1301 4668 1652 4710 coronarum
1687 4655 2039 4727 participare
2060 4673 2077 4728 ;
2097 4657 2202 4713 sed

540 4758 662 4798 non
695 4750 827 4800 tuas
845 4745 1250 4816 passiones,ac
1264 4759 1379 4814 pro
1396 4743 1611 4814 pietate
1633 4745 1954 4800 certamina
1970 4746 2196 4802 subire:

545 4830 689 4885 mihi
731 4833 1094 4889 honorandae
1142 4838 1276 4888 sunt
1323 4833 1637 4905 passiones
1673 4838 1806 4903 tum,
1841 4833 1976 4889 licet
2023 4850 2200 4890 nemo

546 4935 729 4975 manu
759 4926 999 4976 extenta
1025 4923 1202 4994 capiti
1229 4938 1361 4978 meo
1384 4939 1670 4978 coronam
1699 4922 2200 4994 imponat.Virum

551 5012 856 5079 tantopere
887 5011 1296 5067 aemulandum
1329 5017 1385 5067 et
1414 5011 1804 5076 felicem,tam
1835 5011 2123 5069 illustrem
2147 5018 2202 5069 et

546 5096 939 5168 conspicuum
979 5099 1038 5153 in
1070 5100 1211 5172 ipsis
1264 5101 1600 5171 pathemasi
1653 5101 2026 5173 despondere
2081 5119 2199 5159 non

547 5186 714 5243 decet
732 5186 1253 5245 animum.Rerum
1275 5191 1434 5246 enim
1450 5191 1858 5263 praesentium,
1874 5191 2008 5248 licet
2030 5192 2199 5262 legis-

2387 4653 2576 4714 ’Ἄλλος
2632 4652 2692 4704 ἂν
2751 4672 2832 4714 τις
2871 4653 3089 4716 ηὖξαιτο
3144 4661 3328 4725 τυχεῖν
3363 4653 3614 4724 στεφάνων
3640 4655 3726 4699 τῶν
3760 4647 3852 4698 σῶν,

2317 4751 2434 4804 ἆνευ
2478 4759 2567 4804 τοῦ
2627 4755 2690 4804 τα
2724 4754 2793 4803 σὰ
2821 4752 2988 4815 πάθη,
3038 4757 3127 4803 καὶ
3172 4755 3294 4813 τοὺς
3341 4755 3468 4813 σούς
3496 4751 3615 4822 ὑπερ
3644 4738 3853 4797 εὐσεϐείας

2315 4841 2525 4907 ἄθλους,
2585 4839 2838 4894 ὑπελθεῖν.
2893 4841 3041 4911 Ἐμοὶ
3087 4837 3145 4893 δὲ
3193 4845 3344 4912 τίμια
3392 4843 3456 4892 τὰ
3514 4839 3643 4892 πάθη
3693 4833 3747 4883 τὰ
3786 4827 3852 4891 cui

2314 4927 2409 4980 κᾶν
2449 4935 2607 5001 μήπω
2656 4949 2733 4993 τις
2778 4929 3007 4981 ἐκτείνων
3050 4934 3141 4987 τὴν
3186 4937 3364 5002 χεῖρα,
3419 4928 3682 4999 στεφάνους
3703 4926 3752 4990 τῇ
3780 4919 3850 4984 ⁸μῇ

2692 5017 2904 5091 κεφλαῇ.
3002 5017 3077 5071 Ού
3152 5016 3251 5084 δεῖ,
3328 5023 3618 5090 τοιγαροῦν,
3688 5007 3853 5076 “Vim”

2316 5107 2452 5158 οὕτω
2501 5106 2732 5168 ζηλωτὸν
2785 5111 2874 5158 καὶ
2924 5111 3200 5180 μακάριον,
3249 5113 3336 5159 καὶ
3370 5106 3419 5158 ἓν
3449 5106 3620 5164 αὐτοῖς
3645 5106 3732 5156 τοῖς
3771 5111 3855 5143 δείν’

2316 5021 2594 5092 προσάπτῃ

2318 5192 2514 5258 δύνοις,
2581 5202 2669 5248 καὶ
2726 5204 2834 5257 τοῖς
2882 5199 3182 5268 παθήμασι,
3267 5195 3598 5268 ἁναφανέντα,
3659 5191 3734 5239 καὶ
3767 5180 3854 5232 ἀνα·

1910 5298 2148 5356 νΑΒιιλΕ
2187 5301 2592 5360 LECTIONES.

641 5399 672 5445 ι)
723 5405 804 5458 lu.
831 5403 856 5455 ό
889 5403 1015 5464 Θεὸς
1043 5401 1474 5478 εἰσπράττεσθαι·
