4072 6232
255 243 366 302 861

255 372 558 444 λάμψαντα.
600 377 677 427 Tu
721 377 812 448 μὶν
839 379 941 452 γὰρ
987 376 1229 442 ἐνταῦθα,
1269 377 1363 430 κάν
1405 380 1713 450 νομοθετῶν,
1771 379 1866 431 κᾶν
1899 393 1942 446 Α

256 471 559 535 προφητῶν,
629 464 723 516 κᾶν
779 465 1001 519 εὐσεϐῶν
1061 465 1340 540 βασιλέων,
1397 466 1491 518 κᾶν
1561 467 1727 528 ἄλλως
1785 467 1868 519 ἀν-

259 549 404 626 δρῶν
467 551 709 616 ἀληθείας
763 555 938 627 φίλων,
997 564 1178 628 σιγῷεν
1245 556 1450 608 ἅπαντα
1490 559 1553 608 τὰ
1607 561 1864 630 στόματα,

259 645 358 700 τὴν
407 644 456 694 ἐν
503 642 680 706 αὐτοῖς
730 641 1164 718 ἇκτραγῳδοῦντα
1216 649 1544 718 ματαιότητος
1579 667 1591 679 ·
1627 645 1734 698 ἀλλ’
1779 642 1866 698 οὖν

257 732 406 804 ὁρᾷς,
481 733 621 795 ὅπως
674 741 736 806 τῇ
808 731 1034 793 διηνεκεῖ
1074 736 1248 809 ῥεύσει
1295 739 1383 787 καὶ
1438 734 1716 808 μεταϐολῇ,
1773 735 1868 788 ούκ

255 820 443 893 ἠρέμει
499 820 832 895 ἀλλοιούμενα
882 844 896 858 ο
961 823 1069 876 ἀλλ’
1144 825 1250 876 ἄνω
1306 829 1397 876 καὶ
1453 826 1596 877 κάτω
1662 829 1867 899 φέρεται

260 905 398 972 δόξα
439 915 605 979 πᾶσα,
640 915 729 963 καὶ
789 911 1025 976 πλοῦτος,
1067 917 1157 965 xui
1209 915 1397 984 τύχαι,
1429 917 1514 965 xui
1565 912 1868 986 λαμπρότη-

257 1017 365 1063 τες,
394 1003 483 1051 καὶ
519 995 670 1052 οὐδέν
722 999 834 1053 ἐστι
883 1009 980 1053 τῶν
1016 1007 1304 1074 παρόντων,
1337 1003 1458 1073 ὅπερ
1491 1005 1577 1054 τὸν
1622 1007 1868 1077 ,σώφρονα

257 1095 380 1139 νοῦν
430 1087 848 1162 ἐπισπασάμενον
901 1090 1210 1153 ὑποθέλξειε.
1261 1097 1371 1146 Τῶν
1440 1087 1500 1144 δε
1563 1092 1746 1156 ἐκεῖθε,
1802 1093 1867 1144 τά

257 1196 316 1229 τε
359 1177 490 1229 ἄλλα
541 1179 666 1253 ὑπὲρ
727 1175 981 1251 διήγησιν
1043 1184 1219 1246 ὄντων,
1283 1186 1372 1233 καὶ
1419 1187 1490 1251 τῷ
1544 1179 1867 1252 ἀναλλοιὼτῳ

257 1271 353 1318 καὶ
407 1265 672 1341 ἀῤῥεύστῳ
715 1273 808 1327 τὴν
854 1277 952 1321 τῶν
997 1267 1203 1340 ἀγαθῶν
1236 1269 1524 1324 ἀπόλαυσιν
1549 1277 1660 1331 τοῖς
1700 1269 1868 1332 ἀξίοις

259 1359 633 1428 παρεχομένων
667 1376 680 1388 ·
723 1359 800 1416 τίς
856 1360 1079 1428 πρὸςτά
1122 1355 1282 1410 ἐκείθε
1329 1360 1423 1422 τάς
1466 1355 1680 1420 ἐλπίδας
1730 1361 1866 1430 ἔχων

262 1445 566 1516 ἱσταμένας,
633 1449 722 1497 xui
780 1449 900 1507 τοὺς
961 1445 1254 1519 ὀφθαλμοὺς
1323 1448 1687 1518 ἠνεῳγμένους,
1758 1453 1868 1508 τοῖς

259 1541 494 1607 παροῦσι
536 1542 718 1595 κακοῖς
769 1544 1110 1606 συμπεσεῖτα,
1165 1535 1381 1610 ὀνείροις
1450 1539 1544 1588 ἶσα
1616 1536 1862 1602 λυποῦσι,

258 1628 354 1674 καὶ
428 1621 744 1695 ἐξαθυμήσει
801 1631 926 1692 τοῖς,
1003 1621 1076 1677 δι’
1139 1625 1206 1676 ὧν
1271 1628 1385 1678 ἔστι
1449 1625 1863 1698 λαμπρύνεσθαι,

262 1711 666 1783 ἀγωνίσμασιν;
707 1711 950 1783 Ἄμεινον
995 1709 1104 1776 οὖν,
1145 1709 1313 1786 οἶμαι,
1363 1719 1454 1766 καὶ
1505 1722 1733 1788 κρεῖττον
1785 1713 1866 1766 λό-
1900 1758 1945 1812 Β

260 1821 363 1872 γου
393 1805 599 1867 παντὸς,
651 1800 698 1854 ἐν
753 1802 968 1876 ὀνείροις
1016 1806 1208 1874 ἔχοντα
1257 1806 1324 1855 τὰ
1371 1809 1560 1878 χείρω,
1601 1812 1701 1855 τῶν
1749 1805 1864 1856 καθ’

263 1891 405 1962 ὕπαρ
455 1889 683 1962 ἀγαθῶν,
724 1897 812 1944 καὶ
867 1891 1241 1958 ἀνεκλαλήτων,
1293 1895 1339 1944 ἐν
1395 1893 1678 1945 ἀπολαύσει
1732 1898 1866 1963 γενέ-

265 1982 391 2032 σθαι
449 1985 520 2051 μὴ
575 1979 810 2054 ληγούση
853 1981 882 2040 ἦ
934 1981 1145 2056 ὀνείροις
1201 1985 1363 2054 μικρά
1423 1987 1512 2034 καὶ
1568 1987 1867 2055 πρόσκαιρα

261 2069 603 2136 πλανηθέντα,
671 2075 762 2122 καὶ
821 2070 1096 2137 παίξαντα,
1152 2080 1248 2124 τῶν
1322 2068 1633 2143 ἀδιαδόχων
1687 2077 1865 2146 πειρᾶ-

261 2160 389 2210 σθαι
415 2166 607 2213 κακῶν.

881 2290 1092 2338 ΕΠΙΣΤ.
1121 2285 1248 2340 ΜΔ’.

548 2408 882 2483 Ἀμφιλοχίῳ
931 2409 1282 2484 μητροπολίτῃ
1329 2409 1580 2471 Κυζίκου.

1516 249 2029 309 EPISTOLARUM
2067 250 2283 308 LIBER
2322 250 2393 308 ll.

3525 252 3630 310 862

1976 378 2255 442 latorum,
2274 377 2940 450 prophetarum,regum
2959 379 3219 452 piorum,
3243 377 3512 435 vivorum
3532 396 3627 436 ve-

1976 468 2163 524 ritatis
2182 467 2516 522 amantium
2531 473 2683 530 acta,
2697 469 2901 524 omnia
2918 469 3165 525 omnino
3179 485 3285 526 ora
3298 469 3624 534 reticerent,

1976 572 2044 614 ea
2076 563 2162 612 est
2200 555 2484 620 conditio,
2527 562 2590 612 ut
2629 573 2798 612 suam
2835 558 3167 615 futilitatem
3203 561 3421 631 tragice
3451 575 3631 630 expo-

1977 651 2122 702 nant
2154 661 2167 700 :
2193 660 2397 701 annon
2423 645 2593 699 vides
2627 649 2689 700 ut
2717 645 2884 701 ﬂuxu
2903 648 3186 704 continuo
3213 653 3268 704 et
3303 648 3629 703 mutatione

1977 735 2298 791 alterantur
2324 733 2453 789 sine
2488 749 2690 803 sensu,
2725 751 2946 807 susque
2985 737 3180 809 deque
3219 737 3404 792 fertur
3443 736 3632 806 gloria

1975 824 2192 889 omnis,
2209 821 2451 888 divitiae,
2477 821 2750 887 fortunae,
2771 823 3140 894 splendores,
3165 840 3273 880 nec
3295 824 3632 898 quidquam

1974 911 2035 967 in
2066 911 2244 967 rebus
2275 910 2688 983 praesentibus,
2721 912 2885 983 quod
2917 917 3176 970 mentem
3209 913 3471 969 sobriam
3499 913 3632 969 alli-

1976 1003 2092 1058 ciat
2119 1006 2218 1058 aut
2251 1001 2327 1057 ad
2351 1017 2412 1056 se
2435 1001 2628 1057 trahat
2651 1001 2678 1054 ?
2701 1001 2841 1069 Qum
2867 1003 2926 1057 in
2954 1003 3118 1058 cmlis
3150 1007 3306 1070 sunt,
3336 1019 3476 1058 cum
3501 1019 3632 1058 om-

1975 1106 2113 1146 nem
2162 1090 2452 1146 excedant
2507 1090 2984 1162 explicationem,
3043 1092 3460 1158 inalterabitia,
3522 1107 3632 1148 nec

1976 1179 2139 1236 ﬂuxa
2165 1185 2302 1235 sunt
2335 1196 2348 1246 ;
2373 1185 2550 1251 atque
2580 1181 2662 1236 ita
2691 1185 2974 1237 aeternam
3017 1186 3303 1254 praestant
3332 1182 3633 1238 bonorum

1976 1268 2317 1324 fruitionem
2343 1268 2415 1324 iis
2442 1269 2545 1342 qui
2578 1277 2876 1326 merentur
2909 1288 2922 1325 :
2951 1273 3155 1343 ecquis
3212 1276 3318 1340 est,
3351 1271 3445 1326 cui
3475 1270 3632 1326 oculi

1977 1365 2113 1414 sunt
2142 1359 2326 1430 aperti
2355 1364 2626 1430 respectu
2653 1359 2955 1415 stabilium
2973 1361 3209 1417 illorum
3230 1377 3364 1432 qua;
3389 1375 3632 1432 speran-

1977 1452 2070 1503 tur
2099 1447 2354 1512 ibi,cum
2379 1447 2550 1503 malis
2565 1447 2961 1521 praesentibus
2976 1450 3444 1521 coincidet,quae
3472 1449 3632 1505 simi-

1977 1535 2057 1592 lia
2097 1541 2234 1591 sunt
2273 1537 2586 1592 insomniis
2626 1537 2893 1593 dolorem
2927 1537 3312 1594 inferentibus
3338 1539 3365 1594 ?
3400 1539 3541 1604 Quis
3570 1538 3631 1592 in

1977 1626 2175 1680 medio
2214 1627 2606 1682 certaminum
2651 1627 3110 1693 contristabitur,
3164 1630 3322 1682 unde
3380 1644 3490 1698 par
3543 1631 3635 1682 est

1976 1731 2114 1770 eum
2141 1714 2514 1784 magnificari
2551 1713 2579 1768 ?
2614 1716 2922 1781 Quocirca,
2957 1723 3215 1788 praestat,
3265 1717 3533 1780 arbitror,
3577 1720 3634 1772 et

1977 1803 2189 1874 majori
2231 1820 2368 1859 cum
2413 1805 2641 1859 ratione
2683 1805 3072 1875 conjunctum
3122 1810 3231 1872 est,
3280 1805 3487 1875 pejora
3524 1818 3633 1875 pro

1975 1892 2297 1948 insomniis
2322 1893 2540 1948 habere
2560 1893 2926 1962 vigilantem,
2953 1912 3090 1950 vero
3119 1895 3280 1950 bona
3310 1893 3634 1950 ineffabilia

1975 1988 2032 2038 et
2052 1997 2172 2037 non
2199 1981 2593 2037 diﬂ‘undenda
2621 1999 2724 2054 per
2753 1982 3090 2038 fruitionem
3112 1983 3420 2055 consequi,
3444 1998 3633 2054 quam

1976 2071 2369 2134 somniorum,
2390 2071 2626 2139 exigua,
2673 2071 3046 2141 temporalia,
3069 2072 3346 2136 errantia,
3367 2071 3634 2128 ludentia

1977 2159 2138 2216 bona
2154 2160 2489 2230 eligentem,
2513 2159 2684 2215 malis
2700 2160 3240 2216 interminabilibus
3259 2165 3594 2232 permutare
3608 2203 3620 2217 .

2601 2284 2819 2342 EPIST.
2853 2285 3025 2340 XLIV.

2263 2408 2682 2480 Amphilochia
2709 2409 2908 2481 σφ’ίοὶ
2936 2407 3344 2480 ηιεινοροιίιιε.

1541 2551 1835 2601 Montacut.
1871 2552 1978 2615 (ep.
2008 2551 2117 2610 207,
2151 2565 2207 2615 p.
2241 2552 2370 2615 304).

331 2685 398 2736 Οἱ
446 2685 534 2756 μὲν
583 2683 728 2736 ἄλλοι
775 2693 866 2737 τοῦ
928 2685 1197 2748 Πλάτωνος
1247 2684 1393 2756 λόγοι
1449 2692 1542 2737 τοῦ
1598 2685 1864 2738 πολιτικοῦ

252 2772 412 2844 λόγου
462 2775 725 2845 πεφύκασι
775 2780 1047 2846 γνώμονες,
1104 2773 1236 2833 πλὴν
1286 2777 1330 2826 εἷ
1380 2793 1432 2826 τι
1478 2777 1590 2826 κατ’
1650 2773 1865 2845 ἐκλογὴν

255 2861 520 2933 ὀνομάτων
549 2859 762 2932 ἐνιαχοῦ
792 2862 1160 2936 παρημέληται
1194 2883 1206 2896 ο
1259 2864 1315 2914 αἱ
1356 2859 1414 2914 δὲ
1444 2865 1629 2915 τούτου
1661 2861 1866 2914 ἕπιστο-
1901 2903 1954 2958 C.

255 2950 345 3002 λαὶ
386 2952 498 3001 ῖσον
542 2969 597 3002 τε
635 2957 729 3012 τῆς
777 2949 969 3004 ἐκείνου
1022 2951 1346 3021 λογιότητος,
1389 2956 1478 3003 καὶ
1517 2959 1608 3003 τοῦ
1655 2954 1867 3003 ἐπιστο-

255 3039 468 3110 λιμαίου
497 3041 662 3091 τύπου
712 3038 1098 3092 ἀπολείπονται.
1152 3042 1221 3094 Αἱ
1278 3037 1337 3092 δέ
1387 3059 1446 3111 γε
1493 3047 1584 3092 τοῦ
1631 3040 1865 3112 Ἀριστο-

256 3126 454 3195 τέλους,
511 3134 608 3178 τῶν
659 3130 748 3198 μὲν
814 3128 976 3180 ἄλλων
1013 3129 1173 3180 αὑτοῦ
1239 3131 1561 3202 γραμμάτων
1605 3129 1709 3181 εἰσί
1758 3149 1869 3191 πως

257 3213 647 3289 λογωδέστεραι
681 3237 693 3248 ·
745 3216 876 3274 πλὴν
949 3213 1073 3269 οὐδὲ
1120 3224 1236 3278 ταῖς
1289 3217 1643 3278 Πλατωνικαῖς
1695 3217 1867 3280 ίξισά-

260 3306 438 3366 ζουσι.
483 3307 836 3378 Δημοσθένους
878 3302 936 3359 δὲ
979 3309 1028 3358 οἱ
1068 3309 1158 3378 μὲν
1205 3306 1370 3372 ἄλλοι,
1399 3312 1568 3372 πόνοι,
1599 3313 1687 3360 καὶ
1714 3308 1868 3381 ῥητό-

258 3414 363 3467 ρων
416 3399 504 3446 καὶ
551 3403 800 3466 κριτικῶν
854 3394 1134 3466 ἐγκωμίοις
1181 3395 1442 3469 πληροῦσι
1487 3400 1554 3448 τὰ
1607 3403 1866 3468 στόματα.

259 3487 368 3543 Τὰς
417 3481 693 3544 ἐπιστολὰς
770 3481 849 3548 δὲ,
916 3481 1066 3537 οὐδὲν
1145 3485 1383 3556 ἀμείνους
1456 3487 1695 3557 εὑρήσεις
1772 3495 1869 3538 τῶν

263 3573 554 3635 Πλάτωνος.
602 3578 754 3626 Τίσιν
812 3573 898 3625 οὖν
938 3573 1232 3634 ἐπιστολαῖς
1281 3575 1571 3646 ὁμιλητέον,
1621 3580 1710 3627 καὶ
1760 3579 1870 3626 τίσι

257 3665 349 3714 τὸν
395 3661 779 3731 ἐπιγνωσθέντα
829 3663 952 3734 ἡμῖν
1009 3659 1102 3715 διὰ
1163 3671 1257 3725 τῆς
1308 3667 1496 3734 τέχνης
1552 3648 1873 3735 χαρακτῆρα

261 3751 636 3824 ἐφαρμόζοντες
719 3755 812 3808 τὴν
890 3756 1182 3823 γυμνασίαν
1270 3751 1650 3822 συλλεξόμεθα;
1715 3751 1872 3805 Ἔστι

259 3843 356 3913 μεν
406 3844 493 3891 καὶ
559 3839 679 3891 οὒ.λο
737 3838 938 3902 πλῆθος
994 3842 1242 3912 οῖπειρονι
1303 3844 1440 3911 ἔχεις
1489 3837 1560 3903 δ’,
1620 3840 1702 3891 ἵνα
1730 3836 1872 3912 μηδὲ

260 3931 466 4002 μακρόν
609 3947 693 3981 σοι
753 3932 812 3980 τό
866 3937 958 3989 τῆς
1000 3935 1291 4002 γυμνασίας
1347 3926 1586 3994 στάδιον,
1638 3931 1731 3991 τὰς
1801 3928 1871 3990 εἰς

260 4018 489 4089 Φάλαριν
539 4017 746 4082 ἐκεῖνον,
809 4014 976 4090 οἶμαι,
1036 4023 1122 4070 τόν
1175 4021 1575 4091 Ἀκραγαντῖνον
1627 4021 1871 4092 τύραννον

260 4107 641 4181 ἀναφερομένας
709 4106 1005 4172 ἐπιστολὰς,
1056 4114 1145 4161 καὶ
1216 4109 1298 4170 αἷς
1371 4115 1614 4182 Βροῦτος,
1668 4107 1734 4160 6'
1768 4116 1872 4162 Ρω-

258 4203 432 4270 μαίων
465 4199 778 4269 στρατηγὸς,
810 4196 1147 4270 ἐπιγράφεται
1183 4219 1194 4230 ·
1246 4202 1334 4250 καὶ
1380 4201 1464 4249 τὸν
1511 4197 1560 4249 ἐν
1589 4195 1872 4269 βασιλεῦσι.

260 4286 561 4359 φιλόσοφον,
595 4292 683 4338 καὶ
723 4289 809 4338 τόν
843 4291 1099 4359 σοφιστὴν
1131 4286 1178 4338 ἐν
1233 4295 1349 4349 ταῖς
1390 4287 1656 4349 πλείσταις
1703 4286 1865 4341 Λιϐά-

257 4395 388 4428 νιον.
439 4375 498 4426 Εἰ
552 4371 611 4428 δὲ
663 4374 840 4448 βούλει
900 4380 993 4428 σὺν
1039 4385 1110 4447 τῷ
1163 4386 1486 4450 χαρακτῆρι,
1528 4382 1617 4429 καὶ
1673 4377 1868 4430 πολλῶν

259 4464 429 4518 ἄλλων
493 4469 583 4516 καὶ
664 4465 899 4536 μεγάλων
973 4465 1214 4529 συλλέξαι
1293 4466 1554 4538 ὠφέλειαν,

1904 4260 1946 4312 D

1643 4465 1775 4542 ἀρκή
1786 4486 1868 4519 σει

263 4573 353 4606 σοι
395 4552 659 4615 Βασίλειος
697 4555 723 4606 ό
761 4554 977 4626 γλυκὺς,
1030 4560 1120 4607 καὶ
1150 4556 1175 4606 ό
1224 4555 1457 4621 κάλλους,
1491 4559 1534 4608 εἰ
1578 4575 1652 4616 τις
1696 4555 1868 4623 ἄλλος,

260 4643 486 4717 ἐργάτης
519 4647 823 4717 Γρηγόριος,
847 4647 936 4695 καὶ
963 4645 991 4701 ἡ
1043 4643 1252 4701 ποικίλη
1293 4648 1382 4696 καὶ
1420 4651 1514 4705 τῆς
1546 4647 1797 4719 ἡμετέρας
1847 4658 1872 4688 ο

261 4730 431 4792 αὐλῆς
472 4738 648 4802 μοῦσα
693 4728 1006 4806 Ἰσιδωροςο
1050 4732 1106 4794 ὃς
1163 4735 1335 4806 ὥσπερ
1385 4731 1568 4803 λόγων,
1626 4733 1760 4784 οὕτω
1813 4729 1873 4784 δε

260 4824 356 4872 καὶ
428 4821 687 4892 ἱερατικῆς
735 4826 825 4873 καὶ
881 4822 1174 4882 ἀσκητικῆς
1225 4821 1484 4883 πολιτείας
1529 4829 1694 4873 κανών
1761 4820 1873 4874 ἑστι

257 4913 616 4982 χρηματίζειν
649 4909 974 4984 ἀξιόχρεως·
1009 4916 1098 4963 xui
1153 4914 1196 4963 εἰ
1245 4931 1325 4972 τις
1384 4913 1550 4984 ἕτερος
1603 4915 1731 4984 μετά
1783 4920 1872 4972 τῆς

260 5001 452 5071 ὁμοίας
506 5005 872 5072 προαιρέσεως,
935 5004 1028 5057 τὴν
1077 4998 1275 5052 ἐκείνων
1336 4996 1478 5052 ἰδέαν
1533 5009 1649 5062 ταῖς
1714 4997 1873 5061 ἰδίαις

258 5087 562 5150 ἐπιστολαῖς
583 5085 942 5162 ἐνεδυναμώθη
971 5091 1374 5163 μορφώσασθαι.

2045 2685 2247 2741 Caeteri
2302 2685 2559 2742 Platonis
2621 2700 2930 2740 sermones
2989 2699 3324 2755 gnomones
3380 2685 3631 2758 quidam

1976 2780 2115 2830 sunt
2144 2775 2362 2846 politici
2389 2776 2704 2838 sermonis,
2733 2775 2842 2831 nisi
2873 2775 3040 2846 quod
3073 2775 3394 2830 verborum
3425 2774 3631 2830 electio

1977 2877 2418 2936 nonnunquam
2445 2863 2784 2934 negligitur.
2808 2863 3158 2934 Atepistolas
3183 2865 3314 2934 ejus
3357 2879 3429 2918 ex
3460 2879 3636 2935 asquo

1975 2952 2239 3008 fortassis
2271 2953 2576 3022 deﬁciunt,
2612 2969 2746 3009 cum
2781 2952 2859 3008 ab
2891 2952 3084 3024 ipsius
3115 2953 3476 3020 conditione,
3505 2957 3632 3008 tum

1975 3056 2012 3096 a
2042 3040 2236 3096 forma
2261 3041 2585 3112 epistolari.
2621 3040 2945 3097 Aristotelis
2971 3046 3172 3096 autem
3206 3040 3324 3095 fere
3352 3044 3494 3095 sunt
3525 3055 3636 3096 caa-

1977 3131 2112 3186 teris
2160 3131 2289 3201 ejus
2315 3130 2599 3202 operibus
2638 3131 3036 3186 accuratiores
3076 3147 3089 3186 :
3124 3135 3180 3185 et
3217 3136 3416 3186 tamen
3449 3129 3636 3185 Plato-

1975 3221 2140 3276 nicas
2171 3235 2293 3276 non
2315 3224 2651 3292 exaequant.
2679 3219 3089 3286 Demosthenis
3120 3235 3306 3290 opera
3336 3225 3552 3274 caetera
3579 3222 3636 3275 et

1975 3309 2282 3364 rhetorum
2299 3315 2354 3363 et
2383 3308 2722 3364 criticorum
2737 3323 2845 3364 ora
2864 3306 3115 3380 implent
3139 3324 3152 3374 ;
3181 3307 3286 3380 sed
3319 3305 3501 3362 nihilo
3518 3321 3640 3362 me-

1974 3397 2150 3454 liores
2173 3413 2358 3469 quam
2387 3396 2644 3452 Platonis
2673 3397 2805 3469 ejus
2836 3395 3120 3467 epistolas
3151 3395 3433 3467 reperies.
3463 3393 3637 3462 Quae-

1976 3503 2118 3543 nam
2152 3487 2327 3557 igitur
2357 3485 2970 3557 epistolmlectitandm
2999 3503 3011 3540 :
3043 3489 3099 3540 et
3125 3501 3160 3540 a
3185 3484 3405 3557 quibus
3419 3483 3640 3539 exerci-

1979 3577 2128 3632 tium
2143 3575 2590 3640 adhibebimus,
2612 3573 3281 3646 utartiﬁciosum,quem
3295 3573 3636 3640 didicimus,

1978 3667 2322 3721 charactera
2350 3665 2760 3736 exprimamus
2790 3663 2818 3718 ?
2845 3665 3007 3720 Certe
3048 3664 3257 3733 ingens
3302 3668 3392 3718 est
3429 3677 3638 3717 earum

1978 3754 2291 3808 numerus:
2325 3753 2512 3808 habes
2527 3757 2746 3816 autem,
2773 3768 2846 3807 ne
2877 3751 3210 3824 elongatius
3237 3752 3340 3807 tibi
3374 3750 3639 3807 stadium

1978 3841 2152 3911 ﬁgas,
2182 3839 2462 3912 epistolas
2495 3856 2631 3911 quas
2650 3839 2980 3894 Phalaridis
2994 3857 3125 3895 esse
3156 3841 3436 3895 dicuntur
3465 3841 3640 3894 Acra-

1979 3929 2206 4000 gantini
2241 3927 2500 4001 Tyranni
2533 3933 2588 3982 et
2631 3927 2852 3999 quibus
2895 3927 3051 3982 Bruti
3094 3931 3501 3982 Romanorum
3534 3929 3642 3982 du-

1979 4022 2062 4077 cis
2091 4035 2316 4076 nomen
2349 4017 2744 4090 praescribitur
2776 4032 2787 4070 :
2823 4021 2878 4071 et
2906 4017 3010 4088 qui
3053 4016 3216 4087 apud
3247 4015 3640 4087 imperatores

1980 4108 2374 4182 philosophus
2390 4111 2536 4173 erat,
2554 4104 2824 4178 sophista
2865 4104 3024 4176 apud
3051 4103 3637 4172 vulgus,Libanium.

1980 4198 2152 4264 Quod
2181 4199 2226 4252 si
2245 4213 2362 4252 una
2384 4212 2522 4252 cum
2540 4193 2842 4268 epistolari
2874 4194 3234 4259 charactere,
3266 4208 3463 4248 rerum
3489 4191 3638 4247 mul-

1981 4292 2172 4343 tarum
2201 4291 2257 4341 et
2313 4300 2672 4355 magnarum
2718 4285 3026 4340 utilitatem
3058 4283 3359 4355 acquirere
3408 4282 3638 4354 cupias,

1980 4375 2237 4432 sufﬁciat
2266 4375 2468 4430 suavis
2507 4374 2619 4438 ille,
2666 4374 2714 4428 si
2755 4372 2890 4446 quis
2929 4373 3104 4437 alius,
3139 4372 3384 4428 Basilius
3417 4387 3430 4426 :
3472 4375 3529 4427 et
3557 4371 3642 4426 in-

1980 4470 2067 4521 ter
2095 4481 2306 4520 omnes
2339 4465 2672 4536 praecipuus
2701 4461 3160 4534 pulchritudinis
3193 4461 3402 4516 artifex
3428 4460 3645 4530 Grego-

1981 4555 2102 4610 rius
2128 4571 2139 4608 :
2167 4559 2223 4610 et
2245 4555 2471 4610 variata
2501 4553 2598 4608 illa
2629 4551 2839 4608 lsidori
2881 4567 3074 4617 musa,
3103 4550 3225 4623 qui,
3257 4555 3318 4605 ut
3347 4564 3474 4613 nos,
3510 4563 3643 4604 mo-

1983 4644 2210 4700 nachus
2244 4643 2368 4698 fuit.
2415 4643 2511 4698 llle
2541 4647 2602 4697 ut
2641 4641 2942 4709 orationis,
2980 4640 3061 4696 ita
3091 4655 3334 4711 quoque
3366 4637 3640 4693 sacerdo-

1983 4734 2116 4789 talis
2145 4739 2201 4790 et
2229 4733 2496 4790 ascetica:
2514 4733 2643 4788 vita
2662 4747 2857 4788 canon
2883 4729 3235 4800 dignissime
3262 4729 3601 4786 inscribitur
3629 4745 3642 4786 :

1983 4824 2074 4878 his
2123 4823 2442 4893 adjungas,
2489 4821 2539 4877 si
2577 4822 2682 4894 qui
2715 4820 2815 4877 alii
2854 4820 2993 4886 sint,
3031 4819 3133 4892 qui
3165 4819 3376 4874 eodem
3414 4819 3637 4886 animo,

1983 4929 2190 4968 eorum
2259 4912 2480 4976 ideam,
2553 4910 2805 4982 propriis
2872 4907 2996 4964 suis
3061 4907 3327 4980 epistolis
3409 4925 3644 4981 expres-

1985 5007 2207 5056 serunt.

1686 5304 1920 5360 VABl/E
1963 5303 2255 5360 LEC’I‘ION
2260 5303 2357 5359 ES.

343 5531 370 5562 ο
395 5520 477 5574 id.
511 5517 785 5593 ὑμετέρας·
