4072 6232
475 163 580 223 863

1106 297 1315 352 EPIST.
1341 295 1492 351 XLV.

818 385 1040 442 Joanm'
1066 387 1446 456 metropolitw
1477 384 1789 442 Heracleae.

1701 167 1936 228 PHOTII
1977 168 2433 228 PATRIARCH/E
2468 169 2553 227 (ΖΡ
2568 212 2580 226 .

3732 171 3816 228 864

2787 345 2789 348 ι
2864 299 3083 348 ΕΠΙΣΤ.
3119 292 3247 348 ME'.

2563 383 2770 456 Ἰωάννη
2815 383 3168 458 μητροπολίτῃ
3215 383 3275 436 Ἦ
3279 402 3308 456 ρ
3317 381 3540 443 ακλεῐας.

2170 296 2211 349 Α

1759 483 2055 532 Montacut.
2090 489 2203 545 (ep.
2235 483 2347 539 218,
2381 497 2438 540 ι).
2477 484 2607 544 324).

553 571 792 627 Videtur
823 573 965 628 mihi
1000 571 1258 628 Christus
1314 574 1466 627 Deus
1499 578 1554 628 et
1595 575 1713 627 Rex
1753 577 1951 627 noster
1999 588 2134 627 cum

485 660 649 723 sit,et
667 661 1158 716 Dominusrerum
1185 661 1617 726 exsistentium,
1655 668 1891 732 propter
1924 660 2138 716 multas

485 750 632 806 alias
657 750 1096 821 inexplicabiles
1115 766 1352 812 causas,
1377 757 1428 805 et
1450 751 1662 805 mentis
1682 749 1958 814 intuitum
1985 754 2139 804 tran-

486 839 855 907 scendentes,
889 856 992 911 per
1019 839 1380 896 voluntatem
1407 840 1601 911 potius
1625 839 1971 910 passionem
2000 838 2138 894 sub-

486 928 646 992 iisse,
675 933 865 983 etnon
881 945 984 1000 per
998 929 1321 1000 potentiam
1352 929 1692 984 absolutam
1725 927 1908 984 totius
1928 926 2136 983 mundi

487 1017 735 1072 salutem
765 1024 1060 1089 operatus.
1097 1019 1397 1090 Imprimis
1428 1019 1506 1074 ob
1547 1018 1656 1073 hoc
1696 1017 1914 1089 ipsum,
1957 1023 2021 1072 ut
2059 1017 2141 1073 ita

487 1121 796 1175 magnum,
831 1108 1114 1163 eximium
1144 1114 1200 1162 et
1228 1125 1525 1179 apparens
1553 1106 1829 1163 solatium
1860 1107 1929 1160 iis
1959 1105 2138 1178 quiin

487 1195 595 1249 hac
645 1195 762 1250 vita
802 1195 1164 1264 alIliguntur,
1197 1203 1253 1252 et
1285 1203 1551 1252 extrema
1581 1196 1787 1251 omnia
1819 1197 2139 1268 patiuntur,

486 1284 845 1356 relinqueret
874 1303 1008 1340 suas
1041 1287 1223 1358 ipsius
1258 1286 1584 1358 passiones.
1630 1291 1684 1339 et
1723 1292 1972 1340 mortem
2005 1300 2143 1340 con-

489 1373 890 1430 tumeliosam.
915 1375 1050 1430 Haec
1071 1381 1128 1430 tu
1152 1376 1421 1441 intuitus,
1448 1375 1641 1430 laetare
1659 1374 2140 1446 potius,eoquod

489 1461 733 1530 habeas,
753 1479 961 1517 servus
985 1480 1121 1519 cum
1155 1465 1254 1529 sis,
1281 1463 1338 1518 in
1363 1464 1579 1536 quibUs
1602 1464 1954 1531 magistrum
1975 1469 2138 1517 tuum

490 1551 736 1607 imiteris
771 1569 783 1607 :
813 1552 929 1606 noli
963 1569 1357 1621 murmurare,
1392 1554 1470 1608 ob
1503 1553 1601 1607 illa
1633 1569 1768 1624 quas
1799 1552 2007 1606 cedent
2039 1553 2140 1607 tibi

490 1640 548 1694 in
578 1649 998 1710 argumentum
1032 1659 1410 1706 coronarum,
1435 1642 1536 1698 sia
1569 1641 1822 1697 veritatis
1850 1642 2139 1706 hostibus,

490 1727 624 1786 licet
653 1730 851 1785 invitis
882 1731 1312 1787 contribuleris.

2324 572 2468 644 Ἐμοὶ
2519 575 2608 644 μὲν
2670 578 2824 636 οοκεί,
2877 575 2968 622 καὶ
3027 567 3098 622 δι’
3154 570 3310 632 ἄλλοις
3363 569 3555 630 πολλὰς
3604 569 3820 644 ἀρρήτους

2247 678 2318 724 τε,
2377 665 2465 712 καὶ
2494 662 2620 733 ὑπὲρ
2673 667 2810 729 νοῦν,
2870 661 3101 734 θεωρίας,
3163 662 3248 711 τόν
3307 662 3532 731 Χριστόν
3598 664 3682 711 καὶ
3724 664 3818 712 Θεὸν

2251 751 2412 820 ἡμῶν,
2473 749 2715 814 Βασιλέα,
2765 753 2980 801 καὶτοῦ
3025 752 3218 810 παντὸς
3274 750 3592 821 ὑπάρχοντα
3642 751 3814 823 Κύριον,

2250 835 2322 891 δι’
2362 839 2603 892 ἑκουσίου
2658 837 2847 912 μᾶλλον
2900 839 3229 910 παθήματος,
3265 837 3390 890 ἀλλά
3441 842 3516 909 μὴ
3567 835 3816 910 δεσποτικῇ

2248 933 2336 980 καὶ
2393 929 2739 1002 αὐτοκράτορι
2785 927 3015 1000 ἐξουσίᾳ,
3070 932 3164 986 τήν
3213 933 3548 998 παγκοσμιον
3593 932 3820 1000 σωτηρίαν

2251 1017 2655 1090 ἀπεργάσασθαι
2679 1037 2690 1050 ·
2726 1013 2876 1069 οὐδὲν
2921 1012 2980 1068 δι
3028 1017 3204 1076 ἧττον,
3236 1017 3402 1088 οἶμαι,
3437 1021 3531 1069 καὶ
3560 1012 3650 1067 διὰ
3695 1025 3820 1068 τοῦτο

2249 1110 2316 1168 ὡς
2347 1105 2405 1158 ἂν
2465 1106 2694 1177 μάλιστα
2739 1110 2874 1178 μέγα
2919 1110 3008 1156 καὶ
3063 1109 3221 1176 σαφὲς
3267 1107 3600 1178 παραμύθιον
3656 1113 3753 1164 τοῖς
3785 1104 3821 1156 ἐν

2252 1199 2354 1268 βίῳ
2399 1195 2810 1268 ταλαιπωροῦσι,
2852 1199 2940 1247 καὶ
2972 1197 3038 1246 τὰ
3085 1197 3292 1266 ἔσχατα
3348 1198 3650 1264 πάσχουσι,
3686 1215 3819 1246 κατα-

2249 1284 2415 1337 λείποι
2459 1286 2528 1344 τὰ
2581 1284 2750 1336 οἰκεῖα
2787 1286 2950 1353 πάθη,
3001 1289 3090 1335 καὶ
3141 1287 3225 1335 τὸν
3286 1279 3641 1335 ἐπονείδιστον
3689 1284 3822 1334 αὐτοῦ

2254 1376 2490 1426 θάνατον.
2549 1376 2680 1447 Πρὸς
2730 1372 2764 1424 ἂ
2813 1377 2903 1424 καὶ
2951 1376 3014 1424 σὺ
3071 1371 3294 1445 ἀφορῶν,
3319 1380 3482 1444 χαῖρε
3533 1371 3728 1443 μᾶλλον,
3763 1373 3820 1432 οἷς

2251 1465 2408 1534 ἔχεις,
2459 1464 2484 1513 ὁ
2539 1459 2746 1523 διουλος
2810 1463 3087 1533 μιμεῖσθαι
3130 1464 3215 1512 τὸν
3261 1457 3524 1518 δεσπότην
3555 1480 3566 1492 ·
3619 1459 3732 1511 ἀλλὰ
3763 1467 3818 1530 μή

2253 1550 2504 1626 δυσφόρει
2543 1555 2667 1624 πρὸς
2714 1553 2808 1612 τὰς
2850 1559 2947 1602 τῶν
2994 1552 3254 1622 στεφάνων
3285 1551 3581 1617 ὑποθέσεις,
3621 1550 3711 1601 ὑπὸ
3747 1557 3822 1600 τῶν

2249 1648 2342 1702 τῆς
2419 1640 2657 1700 ἀληθείας
2719 1639 2942 1712 ἐχθρῶν,
3017 1644 3106 1690 καὶ
3178 1637 3422 1703 ἀκόντων,
3493 1635 3823 1710 παιδοτριϐούι

2252 1748 2416 1803 μενος.

1519 1929 1803 1986 SERIES
1828 1928 2215 1985 SECUNDA.
2254 1959 2321 1967 —
2362 1928 2470 1982 AD
2500 1928 2712 1982 ABBA
2729 1927 2890 1983 TES.

1110 2027 1323 2082 EPIST.
1353 2029 1526 2082 XLVI.

841 2116 1018 2173 Sabw
1045 2116 1420 2172 Pissadorum
1451 2117 1796 2188 hegumeno.

2181 2029 2220 2082 Β
2857 2029 3068 2076 ΕΠΙΣΤ.
3103 2021 3252 2106 Μς.

2599 2111 2739 2185 Σάϐᾳ
2769 2114 3038 2185 ἡγουμένῳ
3077 2121 3176 2164 τῶν
3211 2108 3524 2166 Πισσάδων.

1769 2214 2060 2264 Montacut.
2084 2214 2187 2277 (ep.
2215 2214 2292 2269 15,
2322 2225 2442 2275 pag.
2471 2213 2576 2273 76).

571 2303 648 2357 De
673 2308 767 2357 tua
798 2303 1186 2374 dispositione
1212 2311 1267 2360 et
1289 2310 1500 2361 natura
1524 2305 1667 2376 quid
1692 2305 1890 2360 dicam
1923 2304 2142 2358 nescio.

497 2388 628 2446 Vidi
659 2391 901 2462 quidem
926 2408 1036 2462 ego
1069 2399 1120 2449 te
1148 2393 1484 2466 pelliculam
1519 2394 1794 2448 indutum
1826 2393 2064 2456 ovilem,
2093 2396 2148 2446 et

497 2480 764 2550 perinde,
797 2482 960 2552 quod
1003 2482 1099 2536 illa
1135 2482 1462 2553 tegebatur,
1505 2482 1754 2553 simplex
1789 2480 2143 2545 arbitrabar,

499 2569 622 2622 sine
652 2567 896 2634 malitia,
927 2570 1136 2625 Christi
1188 2587 1364 2640 grege
1390 2573 1660 2644 dignum.
1711 2569 1898 2639 Vulgo
1947 2575 2146 2625 autem

497 2655 681 2719 aiunt,
714 2657 925 2727 pellem
952 2658 1107 2714 illam
1135 2660 1373 2731 vulpem
1397 2663 1672 2732 obtegere
1703 2677 1715 2726 ;
1746 2676 1880 2731 qua:
1915 2663 2150 2714 mortua

499 2750 554 2799 et
575 2745 794 2800 olentia
813 2747 990 2802 nutrit
1012 2764 1283 2820 corpora,
1313 2749 1650 2819 cujusmodi
1671 2764 1886 2820 nempe
1905 2748 1964 2802 in
1992 2752 2146 2802 cmtu

497 2835 826 2905 putrefacta
841 2837 1645 2901 ecclesiastico,dtemonibus
1661 2837 1950 2909 pabulum
1971 2841 2148 2908 atque

497 2939 706 2979 eorum
730 2925 1012 2980 ministris
1044 2926 1212 2982 fiunt.
1249 2929 1368 2995 Ego
1399 2932 1555 2981 certe
1589 2930 1641 2980 te
1673 2925 1875 2981 audivi
1901 2925 2148 2996 longum

496 3027 752 3068 errorem
784 3016 1226 3085 praedicantem,
1260 3015 1660 3071 frustraneum
1693 3030 1952 3070 errorem
1982 3021 2148 3069 tuum

494 3101 927 3174 deplorantem,
984 3105 1296 3176 antiquum
1356 3104 1573 3160 scilicet
1628 3120 1888 3160 errorem
1957 3109 2147 3160 tuum.

493 3192 672 3247 Aiunt
700 3199 920 3260 autem,
973 3195 1254 3250 eumdem
1288 3200 1340 3250 te
1370 3193 1568 3250 adhuc
1609 3210 1804 3249 errare
1843 3209 2102 3249 errorem
2136 3208 2148 3258 ;

494 3294 689 3353 neque
717 3281 885 3337 aliter
909 3282 1189 3339 affectum
1221 3299 1406 3356 quam
1433 3283 1634 3338 insani
1665 3283 2056 3354 Corybantes.
2088 3282 2152 3336 In

495 3367 706 3424 faciem
725 3377 785 3424 tu
809 3386 918 3425 nos
943 3370 1312 3435 benedixisti,
1336 3377 1668 3426 servatores
1691 3369 2026 3441 appellasti,
2049 3370 2151 3440 qui

497 3462 550 3511 te
597 3457 670 3512 de
717 3463 897 3529 puteo
934 3459 1281 3528 perditionis
1327 3459 1814 3530 deceptionisque
1855 3457 2013 3512 illius
2059 3474 2155 3513 ex-

495 3546 785 3601 traximus
804 3563 816 3601 :
833 3554 924 3602 ast
937 3548 996 3602 in
1011 3546 1289 3602 absentes
1307 3549 1471 3603 aiunt
1486 3553 1536 3602 te
1552 3563 1660 3603 nos
1672 3547 2154 3614 obmurmurare,

499 3638 555 3688 et
594 3649 714 3690 non
763 3652 933 3690 secus
959 3651 1146 3708 quam
1188 3636 1247 3690 in
1281 3652 1460 3692 scena
1491 3637 1683 3691 solent
1718 3636 2008 3692 lascivire.
2053 3639 2158 3692 Re-

498 3722 746 3778 cordare
805 3740 882 3780 an
935 3725 1062 3780 haec
1121 3725 1370 3781 omnino
1437 3725 1857 3792 Christianum,
1932 3725 2155 3781 nedum

497 3813 863 3868 monachum
893 3814 1164 3869 deceant.
1195 3813 1365 3880 Quod
1383 3813 1432 3869 si
1458 3815 1585 3870 haec
1601 3831 1731 3870 com
1742 3815 2004 3870 mentitia
2020 3815 2157 3880 sint,

499 3900 810 3973 deplorare
853 3919 948 3958 me
1000 3908 1231 3976 oportet
1264 3906 1718 3973 oggannientes,
1761 3905 1917 3976 quod
1962 3905 2158 3972 deﬁcit

500 3994 1178 4062 sanctus,depauperala
1205 4001 1286 4050 est
1313 3996 1532 4050 veritas
1563 4009 1598 4049 a
1617 3994 1759 4062 ﬁliis
1793 3993 2118 4049 hominum6
2142 4027 2154 4066 ε

499 4082 594 4136 sin
614 4095 751 4152 quas
769 4083 1204 4138 reniuntiantur
1221 4099 1361 4138 vera
1383 4082 1806 4149 sunt,deﬂendi
1828 4083 2003 4153 plane
2025 4087 2163 4138 sunt

499 4176 866 4241 peccatores,
901 4187 971 4226 eo
996 4173 1161 4244 quod
1210 4171 1390 4227 stulta
1447 4172 1729 4243 loquatur
1758 4171 1956 4227 omnis
2003 4172 2160 4243 apud

503 4259 846 4330 proximum
879 4276 1072 4325 suum,
1107 4267 1160 4314 et
1181 4260 1353 4315 labiis
1386 4259 1610 4315 dolosis
1642 4259 1965 4316 osculatur.
1989 4260 2160 4315 Omni

505 4352 704 4403 autem
741 4348 922 4403 modo
953 4348 1278 4403 dolendum
1299 4348 1548 4404 estmihi
1577 4349 1685 4403 :ad
1712 4365 1912 4404 meum
1942 4350 2161 4405 etenim

505 4441 561 4492 et
610 4436 816 4492 Christi
859 4452 1098 4505 gregem
1143 4441 1436 4508 spectant,
1491 4437 1672 4491 velint
1711 4437 1918 4505 nolint,
1963 4438 2162 4493 infecti

501 4524 688 4598 lepra,
739 4532 960 4581 etcum
993 4525 1172 4580 Paulo
1221 4526 1295 4580 de
1340 4524 1488 4597 ipsis
1529 4526 1826 4594 angimur,
1861 4531 2162 4598 utcunque

509 4615 686 4671 simul
711 4631 891 4672 sensu
910 4614 1073 4685 tangi
1097 4615 1304 4672 nolint.

1110 4706 1321 4760 EPIST.
1350 4702 1556 4760 XLVII.

1006 4792 1337 4852 Theoctisto
1365 4791 1698 4862 hegumeno.

2329 2301 2440 2353 Οὔκ
2473 2299 2577 2354 οἶδ’
2609 2303 2634 2354 ὅ
2666 2321 2716 2356 τι
2747 2305 2834 2353 καὶ
2886 2304 3011 2353 εἴπω
3039 2305 3156 2375 περὶ
3200 2309 3297 2363 τῆς
3344 2303 3489 2372 ὑμῶν
3541 2297 3818 2359 διαθέσιως·

2257 2389 2394 2460 Ἐγὼ
2448 2394 2537 2462 μὲν
2587 2392 2688 2464 γὰρ
2742 2387 2883 2442 εἶδον
2935 2389 3198 2464 προϐάτου
3252 2409 3308 2441 σε
3370 2387 3533 2464 δορὰν
3582 2393 3821 2459 περικείμε-

2255 2499 2357 2543 νον,
2408 2483 2496 2530 καὶ
2549 2477 2763 2532 ἐδόκουν
2821 2479 3013 2531 ἁπλοῦν
3065 2483 3154 2530 καὶ
3202 2480 3421 2544 ἄκακον,
3479 2488 3566 2538 τῆς
3628 2483 3822 2551 Χριστοῦ

2257 2566 2438 2638 ἀγέλης
2469 2567 2612 2630 οἶξιον
2655 2564 2783 2620 εἶναι
2840 2571 2897 2619 τὸ
2951 2567 3354 2639 καλυπτόμενον.
3392 2563 3549 2619 Οἰδέ
3600 2569 3820 2637 φθισικήν

2259 2652 2418 2729 δορὰν
2500 2656 2738 2708 ἀλώπεκα
2793 2660 3084 2729 κρύπτεινο
3151 2659 3180 2714 ἡ
3250 2658 3407 2730 νεκρά
3465 2660 3553 2706 καὶ
3620 2649 3822 2706 ὀδωδοτα

2256 2751 2424 2817 τρέφει
2463 2746 2487 2786 (1
2549 2751 2784 2817 σώματα,
2831 2748 2931 2798 ὃσα
2993 2753 3084 2797 τοῦ
3157 2744 3598 2803 ἓκκλησιαστικοῦ
3669 2740 3818 2794 διασα-

2259 2839 2415 2886 πέντα
2480 2835 2825 2908 πληρώματος
2882 2832 3105 2906 δαίμοσι
3158 2839 3320 2908 τροφὴ
3392 2840 3483 2886 καὶ
3542 2841 3645 2893 τοῖς
3686 2831 3820 2882 αὐτῶν

2263 2925 2546 2996 θεράπουσι
2597 2929 2816 2994 γίνεται.
2870 2929 2968 2976 Καὶ
3017 2923 3115 2995 ἐγὼ
3172 2927 3263 2995 μὲν
3317 2927 3511 2981 ἤκουόν
3555 2942 3610 2974 σε
3660 2920 3816 2976 πλάνην

2257 3011 2472 3082 λέγοντα
2532 3015 2756 3085 μακρὰν,
2807 3017 2895 3064 καὶ
2954 3017 3180 3084 ματαίαν
3234 3012 3436 3070 πλάνην
3486 3011 3818 3082 ἀπολοφυρόμε-

2259 3120 2362 3166 νον,
2413 3105 2507 3158 τὴν
2555 3101 2716 3152 πάλαι
2768 3121 2860 3154 σου
2893 3101 3106 3160 πλάνην.
3142 3103 3208 3152 Οἱ
3235 3097 3292 3153 δι
3355 3105 3417 3152 σέ
3461 3119 3612 3172 φασιν
3662 3097 3817 3153 ἐκείνην

2261 3191 2336 3241 ἔτι
2384 3189 2818 3261 περιπλανᾶσθαι,
2864 3187 3029 3261 μηδὲν
3079 3190 3282 3241 ὒαττον
3343 3198 3446 3242 τῶν
3488 3187 3816 3262 κορυϐαντιῶν-

2261 3297 2360 3328 των
2413 3275 2757 3350 διακείμενον.
2811 3283 2910 3332 Καὶ
2969 3283 3033 3331 σὺ
3083 3282 3173 3351 μὲν
3229 3281 3366 3330 κατά
3413 3283 3675 3352 πρόσωπον
3715 3276 3820 3344 ἡμᾶς

2237 3369 2517 3439 minor/sig,
2577 3373 2665 3420 xui
2717 3377 2954 3441 σωτῆρας
2999 3370 3137 3440 ἡμᾶς
3184 3367 3491 3439 ὡμολόγεις,
3543 3369 3618 3418 ὃτι
3671 3368 3719 3415 σε
3749 3367 3818 3413 τοῦ

2265 3457 2459 3530 βόθρου
2512 3466 2602 3516 τῆς
2633 3465 2969 3530 παρατροπῆς
3019 3458 3209 3516 ἐκείνης
3239 3461 3328 3508 xui
3382 3458 3582 3517 ἀπάτης
3632 3451 3820 3504 ἀνειλκυ-

2193 3581 2235 3636 C
2267 3566 2426 3618 σαμεν
2461 3567 2472 3578 ·
2508 3548 2556 3598 oi
2608 3542 2666 3598 δέ
2723 3551 2780 3598 σέ
2833 3565 3010 3617 φασιν,
3056 3545 3285 3598 ἀπόντων
3332 3549 3504 3617 ἡμῶν,
3534 3541 3818 3613 καταῬΉύ.

2268 3640 2369 3699 ζειν
2426 3637 2582 3707 ὃμοια
2639 3641 2743 3695 τοῖς
2809 3634 2892 3688 ἐπὶ
2948 3644 3141 3695 σκηνῆς
3215 3634 3605 3706 ἀσελγαίνοντα.
3673 3630 3820 3682 Ἐννοιι

2267 3721 2334 3782 δὴ
2361 3732 2526 3775 ταῦτα
2555 3723 2597 3774 εἰ
2627 3723 2753 3785 ὅλως
2811 3731 3160 3795 Χριστιανῶν,
3211 3728 3282 3796 μή
3341 3744 3394 3775 τι
3438 3743 3496 3796 γε
3521 3723 3817 3794 μοναζοντων,

2269 3810 2491 3865 δύναται
2557 3809 2708 3865 εἶναι.
2754 3811 2893 3865 Ἀλλ’
2941 3812 2982 3864 εἰ
3031 3817 3119 3883 μὲν
3170 3812 3462 3864 ἐπλάσαντο
3527 3819 3696 3870 ταῦτα,
3725 3801 3818 3856 ὀδύ-

2267 3904 2452 3974 ρεσθαί
2538 3920 2600 3972 με
2655 3897 2738 3953 δεῖ
2809 3909 2908 3952 τῶν
2989 3902 3350 3966 κατειπόντων,
3440 3903 3515 3952 ὃτι
3587 3896 3818 3949 ὶκλέλοιπεν

2269 3993 2429 4052 ὅσιος,
2482 3992 2561 4041 ὃτι
2609 3989 2949 4061 ὠλιγώθησαν
3008 3992 3062 4041 αἱ
3127 3989 3363 4047 ἀλήθειαι
3404 3989 3534 4059 κάπὸ
3587 3995 3675 4038 τῶν
3723 3982 3818 4032 υἱῶν

2843 4078 2886 4130 εἰ
2962 4075 3011 4130 δ’
3089 4077 3182 4135 ἀλη
3193 4081 3252 4136 θῆ

2273 4169 2472 4242 θρηνεῖν
2559 4175 2789 4241 προσῆκε
2863 4170 2984 4229 τοὺς
3058 4169 3451 4240 ἡμαρτηκότας,
3519 4167 3588 4216 ὅτι
3661 4162 3819 4232 μάταια

2269 4087 2368 4131 τῶν
2445 4079 2762 4152 ἀνθρώπων·
2843 4078 2886 4130 εἰ
2962 4075 3011 4130 δ’
3089 4077 3252 4136 ἀληθῆ
3346 4082 3416 4130 τὰ
3488 4072 3816 4146 ἀπηγγελμένα,

2269 4257 2407 4309 λαλεί
2455 4257 2668 4316 ἕκαστος
2707 4259 2832 4328 πρὸς
2895 4259 2981 4307 τόν
3030 4255 3250 4312 πλησίον
3307 4255 3493 4322 αὐτοῦ,
3547 4257 3626 4304 καὶ
3668 4245 3817 4300 δολίοις

2270 4349 2678 4420 περιπτύσσεται
2734 4344 2958 4416 χείλεσι.
3013 4346 3223 4406 Πάντως
3256 4341 3314 4396 δὲ
3367 4341 3451 4397 δεῖ
3477 4361 3537 4415 με
3582 4337 3814 4391 ἀνιᾶσθαι”

2270 4443 2365 4497 τῆς
2396 4435 2521 4507 ἐμῆς
2551 4438 2651 4507 γὰρ
2693 4440 2782 4486 καὶ
2831 4441 3066 4506 Χριστοῦ
3114 4438 3354 4505 ποίμνης,
3407 4432 3500 4484 κᾶν
3530 4434 3595 4502 μὴ
3632 4423 3817 4500 βούλων·

2269 4545 2378 4590 ται,
2412 4529 2500 4576 καὶ
2531 4527 2592 4576 τά
2623 4525 2966 4595 λεπρωθέντα,
2999 4529 3090 4575 καὶ
3135 4528 3252 4598 περὶ
3279 4522 3448 4574 αὐτῶν
3488 4523 3606 4593 μετὰ
3645 4510 3814 4568 Παύλου

2274 4611 2708 4689 διαμεριμνῶμεν,
2734 4612 2827 4664 κᾶν
2848 4616 2919 4685 μὴ
2944 4611 3127 4664 θέλωσι
3163 4611 3612 4664 συναισθάνεσθαι.

2875 4703 3102 4756 ἘΠΙΣΤ.
3139 4701 3270 4757 ΜΖ’.

2733 4795 3034 4862 Θεοκτίστῳ
3069 4793 3360 4861 ἡγουμένῳ.

1806 4891 2096 4942 Montacut.
2131 4900 2230 4957 (ep.
2268 4893 2346 4948 32,
2381 4907 2428 4955 p.
2461 4891 2559 4952 94).

573 4977 1025 5036 Virtuteslauda
1050 4997 1062 5047 ;
1093 4997 1293 5038 coram
1319 4996 1460 5036 vero
1490 4986 1546 5037 et
1567 4979 1625 5035 in
1655 4979 1801 5036 facie
1827 4981 2151 5053 discipulos

501 5080 574 5121 ne
629 5066 859 5132 laudes,
919 5071 1019 5140 qui
1069 5076 1400 5142 sequuntur
1421 5087 1522 5125 eas
1553 5088 1565 5136 ;
1601 5070 1901 5140 instigare,
1945 5077 1999 5125 et
2046 5070 2149 5126 ad-

500 5154 746 5219 hortari,
787 5157 930 5211 boni
961 5159 1156 5228 Operis
1184 5175 1324 5232 pars
1355 5165 1442 5215 est
1477 5177 1490 5228 ;
1522 5158 1768 5215 laudare
1799 5175 2023 5223 coram,
2044 5175 2153 5215 nec

578 5255 598 5289 ⁸
631 5252 782 5310 Psal.
811 5269 893 5320 xx,
936 5258 989 5308 2.

2333 4981 2559 5033 Ἐπαίνει
2611 4982 2700 5039 τὰς
2753 4978 2972 5050 ἀρετάς·
3031 4981 3102 5050 μὴ
3173 4975 3408 5048 θαύμαζε
3439 4971 3496 5026 δι
3537 4971 3658 5024 κατὰ
3688 4966 3812 5034 πρόσ-

2263 5089 2399 5124 ωπον
2467 5073 2588 5129 τοὺς
2641 5072 2764 5128 σους
2833 5069 3070 5136 μαθητὰς
3121 5071 3392 5139 μετιόντας
3436 5058 3688 5119 αὐτάς.Τό
3742 5065 3808 5139 μιν

2261 5161 2384 5231 γὰρ,
2436 5162 2703 5231 προτροπὴ
2769 5161 2858 5209 καὶ
2914 5138 3267 5228 παράκλησις,
3324 5152 3646 5224 ἀγαθοεργίας
3703 5138 3807 5200 εστι,

1843 5355 2076 5413 νΑΒυΕ
2113 5352 2407 5412 LECTION
2413 5355 2518 5411 ES.

576 5452 603 5495 ἀ
632 5454 711 5508 ἵσ.
755 5453 953 5506 σκέπει.
