4072 6232
221 359 328 418 865

1479 349 1983 413 EPISTOLARUM
2023 352 2228 410 LIBER
2267 351 2339 410 ll.

3482 365 3588 420 866

222 491 280 540 τὸ
334 484 412 552 δὲ,
463 489 554 538 καὶ
603 487 663 537 σε
721 483 989 544 κολακείας
1044 482 1149 555 οὐχ
1211 484 1396 541 ἵστησι
1451 487 1673 558 μακρὰν,
1730 488 1818 535 καὶ

1954 499 1984 537 e
2025 481 2344 537 submovet
2373 480 2544 549 longe
2579 481 2652 537 ab
2674 481 3038 551 adulatione,
3072 491 3127 542 et
3161 501 3299 543 cum
3331 489 3593 548 admira-

220 581 347 650 πρὸς
379 578 552 632 οἴησιν
581 579 700 635 τοὺς
745 574 1133 646 Θαυμασθέντας
1164 572 1193 630 ἢ
1240 571 1493 644 μαλακίαν
1538 581 1627 624 τοῦ
1671 577 1817 624 τόνου

218 673 311 726 τῆς
359 664 546 739 ἀρετῆς
609 665 780 716 εἰωθεν
816 663 1090 734 νῦποχαλᾴν
1124 683 1136 694 ·
1173 659 1246 714 δι’
1303 662 1370 712 ὧν
1420 666 1476 714 τό
1523 661 1690 733 γλυκὺ
1721 669 1821 713 τῶν

217 757 357 807 κατά
409 756 538 807 Θεὸν
569 757 734 805 πόνων
781 755 1000 824 πέφυκεν
1049 749 1428 826 ἑπικαταῤῥείν,
1483 757 1572 804 καὶ
1621 754 1676 803 αἱ
1727 758 1822 811 τῆς

221 848 420 918 σαρκός
450 842 913 915 ἀναζωπυροῦνται
939 837 1144 900 ἡδοναί.

831 1023 1040 1071 ΕΠΙΣΤ.
1071 1015 1213 1074 MH'.

742 1103 992 1181 Θεοδώρῳ
1024 1108 1315 1178 ἡγουμένῳ.

1931 571 2086 627 tione
2113 570 2407 634 laudatos,
2439 569 2526 624 vel
2555 570 2632 626 ad
2653 573 2745 626 sui
2777 574 3118 644 opinionem
3140 578 3478 648 perducere,
3503 582 3593 636 vel

1933 660 2155 714 virtutis
2183 664 2390 714 tonum
2438 659 2496 714 in
2529 659 2833 716 mollitiem
2872 664 3056 719 animi
3085 666 3352 723 relaxare
3403 670 3590 736 solet;

1931 749 2071 804 hinc
2102 749 2165 804 ﬁt
2194 753 2255 804 ut
2284 748 2562 804 laborum
2594 750 2928 806 secundum
2957 753 3140 809 Deum
3170 761 3591 828 susceptorum

1934 836 2190 893 dulcedo
2239 836 2481 900 deﬂuat,
2525 843 2580 892 et
2626 838 2820 893 carnis
2878 843 3224 908 excitentur,
3248 845 3408 902 velut
3457 846 3593 917 igne

1935 926 2157 992 afﬂato,
2192 925 2546 998 voluptates.

2519 1016 2726 1070 EPIST.
2772 1019 3006 1075 XLVIII.

2423 1104 2720 1161 Theodoro
2753 1106 3094 1177 hegumeno.

1499 1221 1791 1272 Montacut.
1820 1221 1924 1285 (ep.
1957 1222 2066 1278 142,
2099 1235 2151 1284 p.
2177 1222 2305 1278 199).

296 1333 422 1404 Οὐχ
469 1333 494 1384 ὁ
533 1334 592 1384 τό
621 1331 788 1406 ῥεῦμα
843 1339 942 1382 τῶν
985 1329 1150 1400 λόγων
1197 1329 1246 1381 ἐν
1303 1328 1519 1402 γλώσσῃ
1576 1332 1828 1400 πηγάζων

221 1418 358 1484 ἤδη,
409 1425 498 1473 καὶ
560 1428 720 1495 χεῖρα
777 1415 1133 1492 δραστήριος·
1182 1419 1356 1490 ὥσπερ
1413 1415 1527 1470 οὐδ’
1565 1419 1590 1469 6
1648 1417 1831 1490 πράξει

222 1519 449 1582 κρατῶν,
484 1515 572 1562 καὶ
632 1514 725 1568 τὴν
756 1517 854 1561 τῶν
906 1509 1154 1582 ῥημάτων
1202 1509 1365 1559 πειθὼ
1421 1506 1830 1582 σοϐαρευομένην

224 1602 343 1670 ἔχει
381 1606 484 1659 τοῖς
541 1597 762 1670 χείλεσι.
823 1603 922 1650 Καὶ
977 1596 1138 1648 πολλά
1167 1598 1257 1667 μὲν
1297 1596 1464 1656 ἄλλοις
1514 1596 1668 1648 εἰπεῖν
1723 1598 1832 1667 ἔχω

222 1694 319 1741 καὶ
407 1683 720 1740 παντοδαπά
771 1682 1216 1758 παραδείγματα·
1275 1688 1405 1760 πρός
1434 1688 1489 1736 σὲ
1536 1681 1593 1737 δὲ
1621 1687 1832 1758 γράφων

223 1782 314 1832 τόν
344 1778 685 1851 όμηρίζοντα,
741 1776 790 1829 ἓν
849 1775 1132 1837 ὑποδείξας
1161 1773 1334 1846 ἀρκεῖν
1381 1778 1632 1846 ἠγοῦμαι,
1669 1777 1834 1846 Λιμὸς

226 1867 400 1920 ἐπόνει
441 1870 498 1918 τό
554 1869 950 1940 στρατιωτικόν,
1007 1866 1056 1916 οἱ
1101 1869 1194 1922 τὴν
1246 1868 1342 1921 σὴν
1393 1869 1582 1938 Τροίαν
1632 1863 1835 1936 πολιορ-

225 1964 435 2017 κοῡντες
481 1975 572 2028 περ
581 1956 844 2012 ιεκάθηντο
880 1975 892 1987 ·

761 2043 938 2098 ’Ἄνιον
1020 2041 1394 2094 ἀπεστέλλετο·
1469 2040 1670 2116 ἐθάῤῥει
1735 2043 1835 2114 γὰρ

943 1959 1032 2005 καὶ
1089 1954 1114 2004 6
1171 1955 1260 2023 μὲν
1328 1949 1626 2014 Ὀδυσσεὺς
1694 1957 1836 2004 σίτον

228 2047 354 2106 αἱ.τὴ
366 2066 490 2114 σων,
555 2048 681 2120 πρὸς

225 2136 396 2189 αὐτοῦ
421 2145 482 2209 τῇ
518 2135 734 2207 γλώσσῃ
789 2137 845 2186 τὸ
893 2133 1170 2204 Ἀχαιικόν.
1223 2131 1280 2183 Ὀ
1334 2127 1392 2184 δὲ
1446 2135 1834 2204 παραγεγονώς,

227 2228 362 2278 ἔπεα
405 2222 717 2298 νιφάδεσσιν
770 2222 977 2276 ἐοικότα
1015 2225 1357 2294 χειμερίοισι,
1419 2219 1638 2272 πλεῖστα
1677 2218 1842 2291 ἕπομ-

226 2313 459 2386 6ρὴσας,
517 2318 605 2366 καὶ
657 2315 857 2372 τούτοις
911 2310 1242 2370 κατακλύσας
1299 2313 1386 2360 τόν
1433 2310 1723 2382 ἄνθρωπον,
1782 2307 1840 2359 οὐ

229 2410 410 2477 μόνον,
481 2405 549 2454 ὧν
611 2402 850 2465 ἤλπισεν,
928 2396 1081 2452 οὐδὲν
1139 2397 1481 2472 ἐγεώργησεν,
1564 2396 1690 2448 ἀλλά
1754 2402 1843 2448 καὶ

229 2492 472 2567 ὀχληρός
496 2489 625 2545 εἶναι
657 2488 835 2557 δόξας,
890 2487 1207 2561 ὑπέστρεψεν
1241 2507 1252 2518 ·
1290 2489 1481 2556 ἄπορον
1512 2495 1536 2524 θ
1563 2491 1654 2544 τὴν
1705 2487 1843 2546 ζωὴν

230 2589 347 2642 τοῖς
378 2583 450 2644 εἰς
479 2581 633 2633 αὐτόν
685 2583 941 2652 κεχηνόσι
984 2579 1354 2647 ποιησάμενος.
1416 2572 1741 2648 Παλαμήδης
1785 2572 1844 2627 δὲ

233 2670 437 2732 ἐκεῖνος
493 2667 668 2738 (οἶδας
715 2673 802 2720 τόν
851 2668 1140 2738 ἄνθρωπον,
1192 2666 1312 2717 ὅσον
1373 2661 1679 2722 Ὀδυσσέως
1711 2662 1844 2734 ἀφω-

231 2760 467 2834 νότερος)
568 2764 661 2817 τὴν
731 2755 1005 2830 πρεσϐείαν
1073 2758 1201 2827 μετά
1281 2757 1367 2805 τόν
1437 2752 1585 2823 λιγὺν
1659 2754 1843 2804 ἐκεῖνον

232 2848 502 2921 ἀγορητὴν
556 2846 841 2922 ἑθάρρησεν
898 2840 1312 2896 ὑττοὸύσασθαι⁸
1366 2847 1455 2894 καὶ
1540 2837 1843 2892 καταλαϐὼν

228 2944 322 2991 τὸν
370 2937 564 3007 Ἃνιον,
621 2935 982 3008 ἐργαζόμενον,
1037 2930 1142 2984 εἶπε
1191 2935 1280 3004 μὲν
1329 2927 1478 2983 οὐδὲν
1514 2951 1525 2962 ·
1574 2927 1842 2981 ἀποϐαλὼν

229 3024 295 3080 δὲ
379 3031 436 3078 τό
487 3027 713 3096 ἱμάτιον,
773 3025 1015 3082 κοινωνός
1075 3028 1166 3073 τοῦ
1219 3023 1368 3094 ἔργου
1429 3018 1636 3090 ἐγίνετο.
1705 3017 1843 3070 Ἐπεὶ

227 3115 294 3170 δὲ
326 3118 461 3188 μετά
500 3119 612 3175 τοὺς
653 3119 852 3176 πόνους,
895 3115 952 3164 τὸ
993 3109 1199 3163 δεῖπνον
1251 3109 1440 3174 ἐκάλει,
1465 3116 1534 3178 τῷ
1589 3106 1840 3181 ἀνθρώπῳ

227 3209 599 3279 συνηρίστησε
644 3221 655 3232 ·
707 3207 795 3254 καὶ
832 3205 944 3253 τότε
989 3198 1173 3274 βραχὺ
1224 3192 1376 3272 ’ῥῆμα
1426 3202 1725 3272 προήνεγκεν
1765 3192 1787 3234 τ
1821 3235 1837 3259 ,

226 3299 302 3357 ὡς
332 3294 430 3352 ἧκε
471 3289 612 3346 σῖτον
657 3290 889 3349 αἰτήσων
930 3297 1152 3364 στρατῷ,
1207 3287 1335 3360 φίλῳ
1364 3291 1454 3338 καὶ
1492 3287 1796 3358 λιμώττοντι
1824 3305 1836 3316 ·

228 3391 325 3437 καὶ
361 3387 538 3455 τυχὼν
566 3381 723 3454 ἀπῄει
773 3385 998 3452 χαίρων,
1049 3383 1138 3429 καὶ
1179 3381 1340 3448 φέρων
1390 3382 1495 3436 τοῖς
1543 3373 1839 3446 ὁμοφύλοις,

231 3473 360 3527 ἀντὶ
402 3471 586 3544 λόγων,
640 3475 733 3526 τὴν
764 3467 1022 3541 ὠφέλειαν.
1071 3467 1174 3520 Καὶ
1219 3470 1284 3517 σὺ
1333 3470 1503 3518 τοίνυν
1554 3469 1623 3536 μὴ
1676 3465 1845 3515 πάντα

236 3562 426 3637 Θάῤῥει
447 3568 551 3621 τοίς
587 3560 794 3631 λόγοις”
848 3555 1031 3632 βραχὺ
1078 3559 1178 3630 γὰρ
1243 3558 1385 3626 ἔργον
1441 3563 1690 3625 σιγῶντος
1719 3555 1848 3624 μετά

241 3655 526 3720 συνέσεως,
619 3652 846 3721 μακροὺς
927 3645 1250 3717 ἐπιστομίζει
1334 3644 1514 3716 λόγους
1588 3642 1847 3706 πολλάκις,

239 3747 338 3794 καὶ
379 3736 529 3792 οὐδὲν
569 3747 666 3791 τῶν
703 3738 903 3809 ψόφων,
942 3739 1030 3787 καὶ
1069 3744 1167 3787 τῶν
1218 3733 1434 3806 ἀσήμων
1486 3741 1659 3804 φωνῶν
1704 3731 1850 3784 πλέον

240 3831 414 3903 ἔχειν,
443 3824 818 3882 ἐπιδείκνυσιν.

871 4095 1082 4144 ΕΠΙΣΤ.
1114 4089 1252 4143 ΜΘ’.

917 4187 1000 4251 Τῷ
1032 4179 1192 4250 αὐτῷ.

2011 1331 2136 1384 Non
2158 1332 2243 1383 est
2265 1327 2359 1383 ille
2377 1328 2576 1384 statim
2606 1345 2785 1384 manu
2808 1338 3123 1404 promptus
3153 1334 3600 1413 habendus,qui

1941 1422 2226 1473 torrentes
2259 1417 2602 1483 verborum,
2635 1418 2840 1491 lingua
2873 1422 3050 1477 veluti
3097 1422 3258 1480 fonte
3290 1425 3596 1486 immittit:

1943 1507 2022 1560 ita
2059 1521 2166 1562 nec
2213 1509 2393 1560 rebus
2437 1507 2620 1576 gestis
2667 1508 2881 1574 clarus,
2918 1512 3239 1568 verborum
3289 1517 3597 1574 suadelam

1865 1583 1906 1637 Β
1939 1594 2114 1649 labiis
2141 1611 2278 1650 cum
2311 1611 2538 1667 pompa
2565 1595 2922 1653 insidentem
2949 1615 3185 1672 semper
3200 1602 3402 1661 habet.
3427 1608 3602 1678 Apud

1941 1683 2108 1749 alios,
2141 1699 2253 1752 ego
2288 1684 2489 1741 multis
2532 1685 2646 1740 hoc
2677 1685 2922 1742 effatum
2957 1695 3012 1744 et
3041 1691 3446 1761 mutiplicibus
3471 1711 3604 1767 pro-

1943 1775 2080 1828 bare
2111 1788 2345 1844 possem
2369 1773 2657 1845 exemplis
2681 1789 2694 1828 :
2716 1775 2821 1830 sed
2853 1792 2990 1831 cum
3024 1779 3100 1832 ad
3130 1783 3185 1833 te
3213 1782 3606 1855 scribam,qui

1944 1861 2446 1917 Homerizantium
2480 1879 2633 1916 unus
2659 1880 2742 1929 es,
2779 1866 3018 1920 unicum
3045 1867 3090 1920 si
3120 1883 3464 1938 suggeram,
3489 1873 3608 1928 suf-

1945 1945 2234 2004 fecturum
2250 1950 2522 2005 arbitror.
2539 1951 2718 2006 Fame
2736 1951 3050 2009 laborabat
3069 1957 3354 2012 exercitus
3371 1961 3603 2031 Trojam

1945 2038 2580 2095 circumobsidentium
2613 2058 2624 2096 :
2663 2040 2919 2112 Ulysses,
2939 2043 3307 2101 frumentum
3327 2047 3608 2120 impetra-

1947 2135 2137 2193 turus,
2179 2127 2257 2184 ad
2297 2129 2512 2183 Anium
2545 2129 2808 2186 mittitur.
2845 2130 3079 2203 Linguae
3112 2134 3272 2189 enim
3300 2136 3427 2208 ejus
3460 2154 3608 2194 con-

1947 2216 2216 2272 ﬁdebant
2265 2217 2478 2273 Graaci.
2541 2217 2640 2272 Ille
2694 2217 2795 2272 ubi
2835 2220 3056 2275 Anium
3113 2223 3372 2292 advenit,
3427 2227 3608 2283 verba

1948 2305 2259 2375 grandinis
2286 2311 2386 2361 aut
2408 2306 2560 2361 nivis
2583 2307 2770 2362 instar
2796 2307 3136 2381 depluebat,
3164 2317 3342 2384 atque
3365 2314 3479 2369 illis
3503 2317 3607 2372 ho-

1953 2395 2172 2450 minem
2201 2394 2540 2451 inundabat
2565 2396 2699 2461 ;sed
2717 2412 2835 2452 non
2867 2398 3042 2454 modo
3065 2399 3213 2455 nihil
3236 2419 3444 2460 eorum
3467 2422 3606 2478 quae

1951 2483 2230 2555 sperabat
2253 2483 2522 2550 obtinuit,
2560 2500 2767 2540 verum
2800 2488 3086 2542 molestus
3114 2489 3166 2544 ei
3209 2491 3370 2547 visus
3408 2494 3606 2550 inanis

1950 2589 2220 2628 reversus
2247 2578 2335 2628 est
2365 2591 2378 2640 ;
2408 2578 2462 2630 et
2489 2573 2668 2629 vitam
2708 2575 2834 2630 sine
2874 2576 3085 2642 fructu,
3130 2578 3255 2636 sine
3286 2581 3442 2639 victu
3473 2585 3608 2639 red-

1949 2662 2099 2717 didit
2128 2662 2342 2718 Graacis
2374 2663 2477 2734 qui
2517 2661 2577 2717 in
2616 2663 2783 2718 illum
2815 2665 3145 2722 inhiabant.
3189 2669 3405 2727 Verum
3445 2672 3608 2730 Pala-

1953 2751 2158 2806 medes
2179 2752 2275 2822 (de
2291 2766 2412 2824 quo
2437 2751 2620 2807 fando
2641 2753 2883 2818 audisti,
2906 2755 3102 2810 minus
3119 2758 3413 2816 exstitisse
3438 2761 3606 2818 illum

1876 2889 1914 2942 Ο
1951 2855 2136 2942 quam
2176 2838 2430 2942 ‘Ulysses
2470 2847 2612 2942 erat,
2638 2841 3006 2942 doquacem)
3055 2845 3430 2919 legationem,
3475 2859 3608 2922 post

1952 2929 2119 2983 illum
2148 2929 2504 2984 rhetoricum
2523 2929 3009 2998 declamatorem,
3036 2934 3200 2990 obire
3223 2955 3438 3008 ausus;
3469 2957 3608 2998 cum

1949 3017 2118 3088 operi
2169 3016 2462 3072 intentum
2515 3020 2734 3075 rustico
2788 3021 3111 3078 invenisset
3166 3025 3405 3093 Anium,
3461 3029 3609 3085 nihil

1949 3121 2195 3177 prorsus
2245 3105 2412 3172 dixit,
2455 3106 2562 3162 sed
2597 3114 2775 3164 exuta
2818 3116 2999 3177 veste,
3051 3113 3217 3184 operi
3252 3131 3312 3170 se
3359 3119 3611 3176 accinxit

1946 3195 2169 3262 laboris
2187 3195 2412 3250 socium
2429 3239 2442 3252 .
2475 3197 2618 3251 Cum
2632 3196 2802 3253 linito
2818 3213 2992 3269 Opere
3016 3201 3093 3256 ad
3121 3217 3356 3260 caenam
3374 3222 3610 3264 vocare-

1951 3291 2062 3349 tur,
2108 3284 2367 3340 ctenavit
2404 3300 2524 3340 una
2565 3297 2578 3338 :
2633 3291 2690 3341 et
2739 3285 2890 3342 inter
2937 3291 3300 3348 ccenandum
3352 3294 3612 3354 breviter

1951 3373 2220 3444 exposuit
2275 3372 2567 3428 adventus
2627 3374 2720 3429 sui
2786 3393 3054 3443 causam,
3119 3384 3181 3435 ut
3238 3380 3612 3443 frumentum

1953 3461 2229 3518 exercitui
2259 3463 2617 3534 impetraret,
2654 3463 2811 3520 fame
2851 3465 3027 3521 nimis
3067 3483 3251 3540 quam
3291 3471 3609 3531 laboranti.

1957 3553 2086 3617 Quo
2115 3550 2450 3622 impetrato,
2480 3550 2650 3607 laetus
2689 3554 2996 3609 revertitur
3038 3571 3052 3622 ;
3083 3572 3190 3627 pro
3220 3560 3438 3629 verbis,
3467 3579 3613 3620 con-

1960 3639 2273 3697 tribulibus
2317 3640 2438 3696 suis
2471 3641 2777 3698 utilitatem
2807 3641 3026 3700 ferens.
3059 3645 3186 3702 Noli
3232 3664 3373 3720 ergo
3415 3656 3474 3707 tu
3514 3654 3612 3710 ni-

1962 3729 2150 3785 mium
2190 3728 2383 3786 verbis
2431 3730 2611 3786 ﬁdere
2649 3747 2661 3786 :
2707 3747 2850 3787 nam
2893 3734 3256 3791 taciturnitas
3307 3741 3616 3810 prudentis

1964 3818 2067 3872 viri
2095 3816 2265 3886 logos
2290 3816 2503 3887 longos
2543 3834 2698 3890 saepe
2737 3820 2975 3876 obturat
3006 3839 3018 3875 :
3051 3839 3284 3880 necnon
3333 3831 3616 3887 omnibus

1964 3904 2349 3960 manifestum
2397 3905 2555 3973 facit,
2609 3923 2738 3962 esse
2788 3907 2918 3962 illos
2965 3910 3175 3965 inanes
3224 3918 3523 3986 strepitus,
3561 3926 3618 3974 et

1963 3998 2176 4067 printer
2207 4008 2382 4049 voces
2418 3992 2584 4048 nihil.

2579 4082 2796 4138 EPIST.
2831 4084 3004 4142 XLIX.

2676 4172 2906 4230 Eidem.

1507 4273 1798 4323 Montacut.
1831 4272 1938 4336 (ep.
1965 4270 2072 4326 143,
2110 4283 2162 4334 p.
2198 4269 2330 4324 200).

319 4393 432 4446 Τὴν
482 4387 731 4442 Αἰσώπου
788 4403 1017 4458 γνωμην,
1080 4383 1140 4440 ἣν
1193 4378 1449 4444 ἀπέδωκε,
1502 4377 1843 4454 διερωτήσαν·

2033 4376 2231 4447 Esopi
2262 4376 2638 4443 sententiam,
2671 4394 2848 4450 quam
2874 4378 3098 4436 Chiloni
3127 4382 3420 4455 Spartano
3449 4387 3623 4445 inter-

245 4498 336 4539 τος
381 4484 474 4530 τοῦ
535 4472 950 4547 Λακεδαιμονίου
1001 4473 1252 4533 Χείλωνος
1308 4469 1382 4542 (ἐξ
1425 4469 1492 4521 ὧν
1530 4472 1631 4543 γὰρ
1685 4471 1856 4528 ποθεῖς

245 4568 519 4639 ναμάτων,
552 4571 638 4616 τόν
687 4572 780 4626 τῆς
823 4565 1168 4636 παραινέσεως
1221 4579 1304 4613 σοι
1355 4567 1516 4632 κιρνώ
1572 4562 1854 4633 κρατῆρα),

247 4661 326 4729 μὴ
393 4661 544 4726 μόνον
601 4654 868 4724 εὐστόχως
915 4655 1006 4702 καὶ
1052 4658 1222 4722 σοφῶς
1269 4649 1560 4721 εἰρημένην,
1605 4647 1730 4698 ἀλλά
1768 4651 1858 4698 καὶ

248 4745 686 4817 χρησιμωτάτην
755 4741 869 4793 λίαν
935 4739 1134 4812 νόμιζε.
1188 4737 1342 4792 Ἔστι
1389 4740 1511 4811 γὰρ,
1559 4739 1717 4802 ἔστιν,
1777 4734 1856 4787 ἐπ’

249 4835 432 4886 αὐτῶν
482 4841 580 4885 τῶν
640 4831 960 4905 πραγμάτων
1008 4825 1136 4880 ἰδεῖν
1200 4826 1447 4900 ἐναργῶς,
1506 4829 1574 4886 ὡς
1625 4828 1650 4877 6
1693 4824 1860 4900 οῐρῥη-

248 4943 342 4984 τος
407 4932 437 4976 8
491 4928 581 4975 καὶ
642 4919 976 4979 ἀναλλοίωτος
1031 4925 1166 4981 νοῦς,
1237 4916 1436 4990 ἐπαίρει
1487 4919 1577 4988 μὲν
1627 4923 1859 4987 συνεχῶς

250 5015 412 5085 (ὅπερ
457 5013 648 5074 ἐκεῖνος
712 5009 918 5082 ἔφησεν)
964 5007 1029 5068 εἰς
1087 5005 1214 5077 ὕψος
1245 5005 1274 5047 ὶι
1329 5007 1541 5058 ταπεινά
1589 5023 1600 5035 ’
1642 5007 1860 5076 κατάγει

248 5099 315 5155 δε
370 5101 444 5161 εἰς
480 5105 845 5164 ταπεινότητα,
896 5101 958 5150 τὸ
1013 5095 1192 5167 ὑψηλά
1225 5113 1236 5124 ’
1273 5105 1362 5147 καὶ
1403 5103 1555 5147 τοῦτο
1625 5102 1859 5165 συνεχῶς

246 5189 284 5244 δ
293 5190 598 5263 ιαμελετών,
627 5187 722 5241 κᾶν
743 5190 848 5240 ἄνω
892 5184 1055 5247 δοκῆς
1112 5185 1345 5248 ἑστάναι,
1381 5189 1564 5236 σκόπει
1613 5187 1676 5235 τά
1717 5185 1859 5235 κάτω

241 5287 342 5334 καὶ
376 5282 591 5333 ταπεινά
627 5294 639 5307 ·
699 5279 780 5330 ἱνα
827 5281 896 5349 μὴ
933 5277 1138 5348 ἀθρόον,
1193 5279 1283 5325 καὶ
1335 5272 1455 5344 παρ’
1507 5269 1722 5332 ἐλπίδας
1774 5291 1860 5324 πε-

245 5374 385 5438 σὼν,
443 5369 508 5431 εἰς
561 5368 864 5442 ἀμηχανίαν
917 5365 1046 5425 ὅλως
1089 5369 1380 5435 καταστῇς,
1423 5365 1512 5414 καὶ
1571 5361 1856 5432 ἰλιγγιῶντι

1964 4466 2198 4537 roganti
2244 4465 2506 4536 protulit,
2530 4483 2652 4523 non
2685 4468 2870 4524 modo
2899 4472 3173 4542 apposite
3207 4478 3264 4529 et
3301 4477 3623 4546 prudenter

1965 4555 2282 4627 prolatam,
2332 4553 2439 4609 sed
2493 4556 2666 4612 valde
2705 4558 3086 4615 commodam
3131 4560 3416 4618 arbitrare
3449 4566 3538 4636 (ut
3590 4581 3623 4622 e

1967 4644 2187 4712 rivulis,
2227 4643 2449 4716 quibus
2503 4646 2840 4716 oblectaris,
2881 4647 3309 4705 admonitionis
3356 4653 3462 4708 tibi
3521 4671 3625 4727 po-

1967 4737 2169 4790 culum
2196 4733 2563 4805 prOpinam).
2598 4735 2760 4791 Certe
2803 4753 2834 4791 e
2871 4752 2932 4792 re
2976 4739 3109 4808 ipsa
3141 4739 3448 4797 manifeste
3491 4742 3625 4800 licet

1967 4823 2456 4888 animadvertere,
2487 4825 2652 4896 quod
2680 4826 2854 4881 ﬁrma
2880 4833 2935 4882 et
2966 4827 3216 4884 immota
3240 4846 3410 4887 mens
3439 4850 3624 4906 smpe-

1969 4927 2220 4967 numero
2251 4912 2458 4968 attollit
2504 4914 3046 4984 (quemadmodum
3096 4916 3194 4973 ille
3247 4917 3623 4995 loquebatur)

1967 5001 2220 5057 humilia
2239 5000 2299 5055 in
2330 5001 2609 5070 sublime,
2635 5008 2690 5057 et
2711 5003 2993 5074 deprimit
3036 5006 3320 5064 sublimia
3341 5009 3398 5065 in
3431 5011 3623 5068 humi-

1968 5091 2214 5146 litatem.
2259 5091 2374 5145 Hoc
2403 5096 2505 5146 tuo
2535 5090 2739 5146 animo
2770 5092 3034 5148 recolens
3063 5110 3243 5167 saape,
3273 5097 3406 5154 licet
3432 5099 3492 5155 in
3532 5118 3628 5157 ex-

1969 5179 2126 5236 celso
2155 5179 2343 5234 elatus
2365 5179 2642 5234 exsistere
2674 5179 2950 5246 videaris,
2983 5199 3112 5255 quae
3146 5184 3431 5244 deorsum
3464 5197 3622 5256 sunt,

1969 5271 2194 5323 intuere
2220 5285 2233 5335 ;
2263 5283 2335 5321 ne
2365 5274 2570 5338 praeter
2598 5272 3102 5340 exspectationem
3134 5283 3324 5343 tuam,
3353 5279 3550 5335 subito
3572 5286 3629 5335 et

1971 5357 2282 5414 confertim
2331 5357 2684 5413 deturbatus
2734 5359 2994 5428 excidas,
3045 5366 3103 5418 et
3153 5379 3273 5436 quo
3325 5372 3378 5424 te
3429 5375 3626 5427 vertas

1625 5494 1860 5550 νΑΒιιΕ
1898 5489 2305 5548 LECTIONES.

315 5642 347 5673 ο
379 5628 644 5705 ἄσπορον.
719 5624 744 5669 ί
804 5643 963 5703 προσ.
1040 5633 1072 5679 8
1101 5621 1354 5702 ἄρῥητος.
1436 5619 1464 5662 h
1493 5619 1582 5674 τά.
