4072 6232
542 289 646 348 367
1773 263 2007 326 pacm
2043 261 2529 328 PATBIARCHIE
2569 263 2684 323 cp.
3763 266 3840 324 εδδ

542 415 796 479 nescius,
842 412 1053 469 similis
1081 413 1190 469 tias
1216 405 1569 480 vertiginoso
1600 401 1654 454 et
1695 395 2072 459 circumacto,
2115 392 2197 447 ita

2322 395 2394 480 ιαὶ
2467 387 2874 466 περιδινουμένῳ
2931 391 3132 458 ἐοικὼς,
3189 390 3388 463 γέλωτα
3450 391 3538 460 μὲν
3593 392 3791 451 κινήσεις
3834 393 3850 434 f

545 509 611 560 ut
649 504 837 560 risum
870 519 1109 560 moveas
1158 503 1315 572 (quas
1364 499 1451 551 est
1479 485 1847 562 deploranda
1882 482 2194 538 hominum

543 592 828 664 conditio)
852 592 918 647 iis
943 591 1042 664 qui
1064 570 1599 662 per—adulationem
1633 591 1792 632 nunc
1843 578 1900 628 te
1958 570 2196 627 beatum

543 682 875 754 praedicant
913 698 925 736 :
974 659 1146 736 nobis
1185 681 1386 733 autem
1432 670 1701 726 dolorem
1751 677 2054 735 procures,
2093 659 2196 732 qui

544 773 728 830 libere
765 787 925 827 nunc
959 769 1184 841 optima
1224 767 1328 822 tibi
1364 758 1760 832 suggerimus.
1799 755 1863 807 Et
1883 756 2198 820 lutcunque

544 865 723 918 temet
745 866 882 916 tunc
901 859 1279 913 vehementer
1303 856 1564 914 incuses,
1598 845 1742 920 quia
1763 845 2073 912 suspectos
2097 836 2201 892 ali-

544 949 790 1022 quando
819 947 1086 1004 habebas
1107 962 1208 1001 eos
1231 944 1331 1017 qui
1352 944 1502 996 bene
1524 933 1874 994 suadebant,
1901 925 2046 983 nihil
2065 924 2200 980 inde

2305 477 2366 550 (ὦ
2409 483 2561 552 φύσις
2619 479 2899 552 ἀνθρώπων
2953 482 3188 536 τάλαινα)
3241 487 3350 540 τοῖς
3405 497 3458 531 σε
3510 485 3594 529 νῦν
3651 481 3696 530 ἓν
3739 480 3848 532 κολα-

2305 573 2422 641 κείᾳ
2475 570 2882 643 μακαρίζουσιν,
2931 574 3102 646 ὥσπερ
3135 570 3302 627 λύπην
3342 570 3484 641 ἡμῖν,
3538 575 3638 628 τοῖς
3675 567 3716 618 ἐν
3757 570 3851 643 παῤ-

2304 659 2468 732 ῥησίᾳ
2520 658 2936 731 συμϐουλεύουσι
2991 663 3054 712 τά
3097 661 3317 732 χρηστά
3347 673 3360 687 ’
3417 656 3575 710 πολλά
3604 653 3658 709 δὲ
3684 677 3852 729 καταγι·

2305 753 2517 799 νώσκων
2593 748 2774 800 ἑαυτὸν
2855 759 2949 813 τῆς
3022 754 3276 824 προτέρας
3350 755 3446 800 τῶν
3527 751 3854 818 παραινούντων

2307 836 2616 909 ὑπεροψίας,
2669 835 2819 890 οὐδὲν
2869 838 3016 891 πλέον
3069 837 3296 902 ἀνύσεις,
3331 835 3460 894 πλὴν
3501 842 3611 905 τοῦ,
3665 843 3751 886 τῶν
3772 856 3856 888 και-

2309 932 2409 999 ρῶν
2438 924 2606 978 ὀπίσω
2636 933 3061 998 μεταγινώσκειν,
3092 932 3180 979 καὶ
3211 923 3510 998 δυσφορεῖν.

545 1013 762 1095 referes
793 1036 1203 1101 emolumenti,
1235 1013 1468 1088 tantum
1499 1030 1629 1100 post
1657 1021 1919 1079 oblatam
1967 1013 2346 1072 occasionem
2398 1014 2750 1085 neglectam,
2803 1016 3211 1088 paenitentiam
3263 1015 3484 1070 frustra
3514 1028 3672 1083 ages,
3718 1019 3858 1086 atque.

545 1127 695 1184 feres
716 1126 1044 1197 aegerrime.

1229 1211 1453 1268 EPIST.
1497 1209 1555 1262 L.

615 1306 862 1364 Νίσοίαο
893 1306 1213 1377 hegumeno
1239 1297 1586 1358 monasterii
1611 1289 1822 1349 Sancti
1852 1283 2196 1354 Nicephor-i.

2952 1200 3164 1248 ΕΠΙΣΤ.
3193 1193 3274 1246 N'.

2413 1282 2653 1354 Νικολάῳ
2703 1285 2972 1356 ἡγουμένῳ
3001 1291 3158 1356 μονῆς
3185 1290 3278 1334 τοῦ
3313 1281 3464 1353 ἁγίου
3492 1284 3784 1352 Νικηφόρον.

1847 1385 2136 1436 Montacut.
2167 1380 2269 1442 (ep.
2303 1378 2410 1436 159,
2437 1393 2487 1442 p.
2515 1381 2624 1429 213.

619 1493 864 1551 Amicus
913 1498 1003 1550 est
1039 1508 1132 1549 res
1176 1484 1541 1546 necessaria:
1575 1477 1785 1553 quidni
1820 1475 1981 1531 enim
2024 1471 2053 1526 ‘i
2094 1469 2196 1525 sed
2239 1469 2274 1521 Β

547 1584 740 1654 magis
770 1582 1142 1639 necessarius
1168 1592 1363 1634 sermo
1387 1573 1548 1646 justi.
1578 1572 1861 1641 Optaram
1885 1567 2200 1631 utramque

550 1687 902 1728 concurrere
940 1670 1000 1725 in
1040 1685 1110 1725 eo
1160 1683 1269 1740 pro
1323 1679 1444 1736 quo
1491 1656 1825 1720 intercedis,
1872 1648 2196 1708 amicitiam

551 1776 768 1832 nempe
807 1766 864 1816 et
888 1735 1201 1830 justitiam.
1235 1758 1320 1811 lta
1346 1735 1525 1808 enim
1552 1764 1691 1804 cum
1744 1741 1960 1814 gaudio
1983 1735 2202 1811 gratiﬁ-

551 1850 736 1907 cabor
766 1850 979 1906 amico.
1015 1849 1113 1905 Sin
1135 1846 1194 1902 id
1224 1845 1440 1907 minus,
1470 1854 1590 1894 non
1618 1837 1745 1908 jam
1791 1847 1903 1902 ego
1955 1827 2202 1899 culpan-

549 1944 686 2005 dus,
709 1941 882 1995 sedis
902 1938 1002 2011 qui
1035 1933 1356 1992 amicitiam
1374 1919 1968 1998 disjunxitajustitia.
1989 1916 2202 1972 Animo

551 2041 703 2090 certe
717 2030 880 2089 haud
898 2029 1160 2093 feres,me
1178 2027 1465 2078 amantem
1482 2031 1617 2072 cum
1633 2015 1651 2085 j
1665 2009 1942 2074 ustitia,ei
1960 2006 2062 2078 qui
2078 2005 2204 2058 sine

547 2139 618 2180 ea
663 2122 873 2192 diligit,
917 2131 1036 2173 non
1069 2110 1353 2186 praeferri.
1395 2108 1546 2174 Quin
1586 2099 1914 2173 scio,quod
1933 2098 2045 2153 hoc
2068 2099 2204 2150 ante

546 2213 682 2270 illud
701 2211 904 2268 animo
918 2199 1331 2274 recoles,quod
1352 2197 1513 2254 haud
1531 2194 1634 2250 tibi
1653 2192 1880 2248 libitum
1902 2191 2077 2251 est,ut
2096 2199 2203 2274 ego

547 2303 648 2376 qui
663 2299 876 2358 olimin
892 2297 1086 2351 futuro
1105 2272 1330 2364 judicio
1353 2302 1564 2359 poenas
1579 2280 1840 2354 pendam
1867 2272 2206 2350 projudicio

549 2367 860 2462 necmquo,
880 2401 987 2440 nec
1015 2389 1196 2445 recto,
1231 2385 1286 2434 et
1313 2376 1405 2432 ille
1432 2372 1652 2444 duplici
1681 2384 1861 2441 pmna
1891 2367 2203 2438 plectatur.

549 2450 837 2537 Nimirum
891 2471 1056 2546 quod
1109 2471 1324 2540 injuste
1377 2465 1510 2520 fecit
1553 2461 1858 2532 primum;
1918 2450 2204 2516 secundo,

551 2568 715 2641 quod
733 2581 869 2622 cum
892 2540 1183 2633 justitiam
1219 2555 1516 2617 violasset,
1561 2556 1615 2606 et
1641 2547 2044 2604 solutusesset
2094 2540 2210 2596 cri-

553 2657 734 2722 mine,
763 2632 942 2710 aliam
977 2666 1101 2705 rem
1130 2647 1417 2718 injustam
1459 2636 1838 2713 perpetravit,
1862 2632 2022 2706 quod
2069 2645 2208 2686 cum

553 2761 797 2820 poenam
819 2742 979 2797 luere
1005 2737 1313 2799 debuerat,
1346 2733 1422 2788 illi
1452 2745 1572 2786 non
1604 2732 1729 2784 erat
1756 2723 1999 2781 inﬂicta.

1213 2825 1428 2880 EPIST.
1461 2821 1544 2876 LI.

627 2923 910 2980 Dorotheo
943 2919 1264 2988 hegumeno
1297 2907 1642 2968 monasterii
1682 2904 2099 2961 Cedrosiorum.

2381 1468 2696 1540 Ἀναγκαῐος
2747 1473 2839 1541 μεν
2886 1472 2911 1522 ὁ
2971 1469 3118 1543 φίλος
3147 1491 3158 1503 ·
3193 1479 3297 1530 πῶς
3339 1470 3441 1541 γὰρ
3496 1471 3555 1521 οὔ
3591 1485 3604 1536 ;
3634 1466 3859 1537 ἀναγκαιό-

2309 1577 2450 1633 τερος
2501 1555 2560 1610 δε
2621 1559 2646 1610 ό
2704 1567 2796 1612 τοῦ
2851 1556 3062 1612 δικαίου
3109 1560 3283 1630 λόγος.
3341 1557 3588 1629 Εὗχομαι
3647 1555 3861 1628 ἀμφότερα

2314 1644 2630 1720 συνδραμεῖν
2669 1649 2794 1723 ὑπὲρ
2849 1648 2909 1700 οὗ
2963 1647 3282 1723 πρεσϐεύεις,
3331 1651 3422 1699 καὶ
3475 1651 3568 1705 τὴν
3608 1645 3774 1717 φιλίαν,
3794 1651 3860 1695 καὶ

2311 1740 2406 1794 τὴν
2445 1733 2811 1796 δικαιοσύνην,
2853 1739 3004 1790 Ούτω
3033 1741 3131 1811 γὰρ
3173 1736 3232 1789 ἂν
3285 1733 3452 1796 ἡδέως
3500 1734 3624 1808 φίλῳ
3663 1739 3863 1806 χαρισαίο

2313 1844 2434 1897 μην.
2471 1826 2531 1880 Εἰ
2564 1823 2615 1878 δ’
2673 1822 2784 1896 οὖν,
2838 1831 3024 1898 μηκέτι
3078 1829 3238 1898 ἡμᾶς,
3296 1825 3424 1878 ἀλλά
3477 1828 3563 1877 τόν
3614 1820 3862 1894 διχάσαντα

2314 1919 2406 1972 τὴν
2505 1915 2690 1968 ἑαυτοῦ
2752 1916 2922 1988 φιλίαν
3001 1924 3098 1977 τῆς
3169 1914 3536 1976 δικαιοσύνης,
3613 1913 3858 1965 αἰτιαιτέον.

2319 2005 2524 2065 Πάντως
2580 2007 2705 2077 γὰρ,
2761 2002 2876 2057 οὐδ’
2921 2005 3076 2067 αὐτὸς
3129 2003 3300 2076 ἀνέξῃ,
3356 2003 3445 2076 ἐμὲ
3499 2002 3724 2076 φιλοῦντα
3765 2002 3862 2072 μετὰ

2315 2102 2410 2155 τῆς
2467 2090 2833 2156 δικαιοσύνης,
2882 2103 2974 2147 τοῦ
3049 2099 3220 2166 χωρὶς
3289 2097 3488 2154 ταύτης
3537 2092 3858 2162 ἀγαπηθέντος,

2316 2187 2388 2256 μὴ
2453 2186 2844 2257 προκρίνεσθαι.
2903 2184 3100 2239 Ἐκεῖνο
3154 2179 3213 2235 δε
3268 2202 3378 2254 μοι,
3420 2186 3512 2233 καὶ
3555 2184 3649 2253 πρό
3695 2181 3860 2238 τούτου,

2317 2267 2370 2324 εὖ
2403 2268 2634 2338 οἶδ’ὃτι,
2681 2278 2974 2333 σκοπήσαις
3003 2293 3015 2304 ·
3077 2275 3145 2332 ὡς
3185 2270 3279 2322 οὐκ
3327 2269 3388 2322 ἂν
3441 2269 3677 2329 θελήσαις
3722 2265 3793 2336 ἐμέ
3827 2283 3863 2314 τι

2319 2356 2474 2417 δίκην
2539 2360 2752 2432 ὀφείλειν
2807 2360 3014 2426 ἐκεῖθεν,
3082 2367 3177 2420 τῆς
3230 2359 3325 2411 ούκ
3381 2357 3563 2431 ὀρθῆς,
3617 2351 3726 2408 οὐδὲ
3771 2358 3863 2411 ἴσης

2317 2454 2559 2522 κρίσεως,
2617 2451 2804 2503 ἐκεῖνόν
2844 2469 2897 2504 τε
2951 2447 3142 2510 διπλᾶς
3191 2449 3407 2520 ὑπέχειν
3464 2449 3656 2511 ποινὰς,
3697 2451 3772 2496 τοῦ
3825 2459 3864 2492 τι

2319 2543 2520 2612 πρώτου
2558 2535 2884 2611 ἀδικήματος
2920 2561 2933 2573 ·
2971 2544 3060 2592 καὶ
3100 2546 3212 2605 τοῦ,
3260 2535 3331 2610 ἔφ’
3454 2542 3547 2594 τὴν
3605 2532 3742 2590 δίκην
3774 2528 3865 2583 δια-

2321 2629 2552 2700 φθείρας,
2603 2633 2693 2681 καὶ
2770 2633 2962 2701 φυγὼν,
3033 2624 3270 2700 δεύτερον
3327 2623 3594 2699 ἀδίκημα,
3641 2631 3705 2694 τῷ
3748 2618 3863 2676 δίκην

2320 2715 2592 2788 ὀφείλοντι,
2623 2720 2770 2792 παρά
2793 2725 2883 2770 τοῦ
2913 2715 3106 2782 λαϐεῖν,
3136 2719 3365 2787 ἤνεγκεν.

2944 2813 3155 2860 ΕΠΙΣΤ.
3183 2804 3311 2859 NA"

2571 2897 2812 2970 Δωροθέῳ
2856 2897 3123 2969 ἡγουμένῳ
3177 2901 3336 2968 μονῆς
3379 2889 3672 2966 Κεδρὼνων.

1825 2999 2118 3049 Montacut.
2148 2998 2254 3058 (ep.
2285 2994 2396 3052 220,
2429 3009 2480 3058 p.
2511 2995 2640 3056 344).

626 3115 705 3168 Tu
739 3108 983 3183 quidem
1009 3103 1241 3178 plangis
1273 3107 1330 3156 et
1357 3095 1718 3169 lacrymaris,
1745 3107 1815 3147 eo
1843 3089 2002 3162 quod
2039 3103 2073 3141 a
2107 3100 2211 3140 no-

557 3206 679 3259 stro
704 3199 846 3255 olim
873 3199 932 3253 in
962 3175 1190 3250 Christo
1222 3205 1426 3247 amore
1449 3183 1828 3258 separabare;
1852 3184 2004 3234 recte
2036 3175 2210 3232 facis:

556 3305 680 3347 non
740 3289 899 3344 enim
955 3291 1042 3339 est
1091 3283 1286 3337 minus
1339 3293 1476 3333 cum
1537 3278 1744 3328 virtute
1801 3267 2212 3338 conjunctum,

557 3379 778 3436 amoris
803 3378 1098 3447 jacturam
1123 3369 1340 3426 deﬂere
1364 3385 1379 3437 ;
1409 3371 1464 3420 et
1485 3380 1602 3419 non
1629 3362 1810 3416 modo
1843 3356 1988 3411 velle
2017 3367 2214 3408 emenc

560 3469 718 3530 dare,
751 3479 956 3520 verum
990 3459 1202 3516 acerbe
1231 3458 1400 3520 ferre,
1434 3452 1596 3525 quod
1629 3445 1957 3521 aliquando
2005 3442 2214 3512 lapsus

558 3553 823 3611 invaluit.
841 3554 1088 3606 Tantum
1115 3547 1286 3602 abest
1309 3547 1370 3598 ut
1393 3557 1502 3611 ego
1522 3539 1942 3595 alienationem
1957 3531 2214 3604 priorem

558 3643 912 3716 vituperem,
945 3641 1185 3709 prOpter
1211 3631 1512 3704 praesentis
1541 3625 1875 3683 concordiae
1915 3619 2217 3676 sincerita-

562 3738 702 3798 tem,
740 3735 842 3786 aut
893 3734 954 3782 ut
997 3725 1162 3780 tarde
1212 3721 1448 3778 veniam
1489 3714 1838 3778 concedam,
1883 3718 1940 3766 ut
1991 3709 2215 3780 gratias

561 3820 776 3877 divinae
799 3814 1189 3873 Providentiae
1220 3809 1424 3866 omnia
1446 3801 1901 3863 administrandi
1944 3798 2216 3855 ferendas

560 3911 664 3968 tibi
678 3924 967 3966 asseram.
989 3903 1097 3970 Qui
1117 3903 1274 3958 enim
1291 3906 1412 3955 tum
1433 3894 1858 3970 profitebantur
1872 3888 2216 3948 amicitiam,

561 4002 702 4058 satis
754 3993 1153 4054 numerabiles
1201 4003 1556 4061 generosam
1609 3999 1752 4039 sane
1811 3985 2069 4036 mentem
2138 3980 2221 4031 te-

561 4105 744 4147 nuere
777 4106 790 4144 :
819 4092 1064 4142 caeteros
1102 4081 1190 4137 vel
1217 4078 1620 4134 adulationem
1643 4071 1956 4127 simulasse
1982 4073 2219 4137 tempus

563 4179 818 4236 convicit
863 4194 876 4232 :
939 4173 1258 4247 quosdam,
1308 4167 1472 4240 quod
1529 4165 1674 4218 dum
1721 4159 2036 4232 experirer,
2098 4170 2217 4210 non
2253 4148 2296 4201 Ι)

563 4268 927 4330 metuebam,
960 4246 1226 4319 audacia
1264 4255 1599 4313 exarmavit
1640 4251 1697 4306 in
1730 4246 2093 4304 contrarium
2123 4260 2137 4310 ;
2166 4248 2222 4299 et

563 4363 766 4414 tamen
795 4354 1018 4410 factum
1060 4355 1164 4414 est,
1213 4353 1273 4402 ut
1315 4345 1418 4418 qui
1463 4358 1600 4398 cum
1631 4340 1740 4395 illis
1791 4341 1994 4402 staret,
2028 4333 2106 4389 ab
2154 4333 2220 4388 il-

563 4447 756 4505 lorum
811 4441 1148 4514 suspicione
1193 4451 1311 4492 non
1356 4437 1511 4489 esset
1558 4445 1743 4502 purus
1797 4444 1810 4493 ;
1857 4440 2063 4480 verum
2119 4436 2222 4494 per

561 4533 895 4596 istiusmodi
944 4537 1214 4601 tempora
1267 4525 1561 4579 sinceram
1609 4518 1932 4574 amicitiam
1983 4511 2223 4568 viriliter

564 4637 969 4685 conservasse,
1031 4623 1088 4674 et
1142 4609 1552 4686 dispositionis
1623 4607 1864 4663 laudem
1921 4601 2221 4673 egregiam

562 4717 766 4780 habet,
800 4717 854 4768 et
881 4710 1214 4766 futurorum
1251 4701 1377 4758 sine
1406 4698 1592 4755 dubio
1628 4696 1868 4768 pignus,
1896 4697 1952 4748 et
1993 4697 2224 4763 praeter-

563 4806 782 4861 itorum
825 4799 1122 4874 apologia,
1149 4811 1284 4867 quae
1317 4789 1542 4846 nullam
1576 4787 1754 4842 aliam
1786 4782 2048 4855 requirat
2097 4781 2221 4835 exi-

568 4893 852 4962 gentiam,
881 4890 983 4946 sed
1012 4904 1149 4945 cum
1171 4882 1333 4942 omni
1355 4880 1546 4944 venia,
1597 4877 1671 4931 de
1716 4874 1926 4930 inertia
1963 4874 2021 4927 in
2069 4870 2222 4941 judi-

568 4984 724 5037 cium
784 4982 831 5034 si
861 4984 1126 5042 vocetur,
1161 4973 1322 5046 apud
1354 4967 1614 5027 tribunal
1645 4964 1816 5021 nullis
1876 4962 2224 5017 muneribus

569 5069 1076 5141 corrumpendum
1112 5068 1263 5120 recte
1285 5068 1337 5117 et
1358 5059 1590 5131 egregie
1619 5057 1838 5112 factum
1868 5053 1926 5108 in
1953 5051 2222 5123 praesenti

571 5161 766 5232 ipsum
826 5157 928 5228 per
975 5173 1036 5211 se
1085 5155 1373 5210 honorem
1423 5155 1480 5205 et
1519 5145 1961 5202 venerationem
2009 5154 2222 5196 conse-

570 5253 806 5323 quetur.

2396 3088 2462 3136 Σὺ
2509 3088 2598 3156 μὲν
2676 3083 2898 3158 ὀλοφύρη
2958 3087 3048 3134 καὶ
3111 3084 3312 3156 θρηνεῖς
3364 3079 3444 3152 ἐφ’
3506 3081 3581 3140 οἱς
3617 3077 3755 3130 πάλαι
3799 3081 3870 3130 τῆς

2324 3175 2469 3245 ἡμῶν
2518 3171 2566 3224 ἐν
2600 3177 2772 3245 Κυρίῳ
2805 3171 3013 3244 ἀγάπης
3059 3168 3306 3224 διίστασο
3331 3191 3342 3204 ο
3375 3175 3471 3222 καὶ
3521 3167 3674 3228 καλῶς
3700 3169 3864 3222 ποιεῖς’

2325 3258 2448 3314 οὐδὲ
2492 3270 2644 3314 τοῦτο
2695 3265 2796 3336 γὰρ
2849 3261 3056 3314 ἔλαττον
3086 3267 3185 3312 τῶν
3229 3259 3392 3311 ἀλλων
3451 3258 3522 3319 εἰς
3551 3253 3865 3330 ἀρετῆςλάγων

2325 3349 2535 3422 ἀγάπης
2605 3351 2799 3422 ζημίαν
2867 3346 3173 3423 ὀδύρεσθαι,
3228 3353 3317 3400 καὶ
3385 3352 3461 3420 μὴ
3529 3350 3670 3418 μόνον
3727 3339 3866 3392 ἒθέλιιν

2327 3439 2634 3512 ὀρθοῦσθαι,
2685 3439 2812 3492 ἀλλά
2841 3443 2929 3491 καὶ
2960 3447 3155 3511 πικρῶς
3185 3437 3377 3509 ἀλγεῖν,
3412 3439 3497 3488 ὅτι
3542 3440 3631 3492 τὴν
3681 3427 3863 3505 ἀρχήνέ

2977 3529 3111 3599 Ἐγὼ
3162 3524 3220 3579 δε
3271 3533 3524 3578 τοσοῦτον
3598 3521 3759 3592 ἀπέχω
3801 3520 3866 3566 τοῦ

2326 3619 2638 3692 μέμψασθαι
2667 3638 2716 3670 τι
2742 3625 2835 3680 τῆς
2865 3622 2984 3691 πρὶν
3017 3613 3311 3689 διχονοίας,
3346 3611 3446 3667 διὰ
3473 3619 3564 3672 τὴν
3592 3612 3868 3682 καθαρότητα

2326 3539 2522 3590 πτῶσις
2593 3530 2896 3602 ἐκράτησεν.

2327 3717 2422 3770 τῆς
2467 3715 2554 3759 νῦν
2585 3709 2848 3779 ὁμονοίας,
2908 3707 2937 3764 ἣ
2997 3709 3127 3778 πρὸς
3159 3710 3481 3776 συγγνώμην
3530 3696 3721 3776 βραδὺς
3753 3691 3865 3752 εἶναι.

2327 3800 2462 3850 ὥστε
2504 3802 2590 3849 καὶ
2623 3798 2850 3869 χάριτας
2879 3803 2940 3868 τῇ
2978 3798 3146 3848 πάντα
3179 3802 3345 3866 σοφῶς
3395 3795 3705 3867 περιαγούσῃ
3746 3799 3869 3858 προσο

2327 3887 2560 3958 ομολογῶ
2613 3889 2844 3959 προνοίᾳ,
2895 3889 2985 3937 καὶ
3043 3889 3098 3936 σέ
3130 3903 3262 3956 φημι
3321 3879 3458 3935 δεῖν.
3511 3888 3616 3934 Τῶν
3650 3880 3736 3949 γὰρ
3783 3875 3868 3924 τότε

2329 3976 2485 4050 φίλων
2559 3975 2901 4048 εὐαρίθμητοι
2973 3978 3063 4046 μὲν
3113 3969 3443 4026 διεσώσαντο
3493 3974 3546 4024 τό
3601 3976 3685 4027 τῆς
3726 3962 3867 4033 ψυχῆς

2329 4066 2518 4138 εὐγενές
2547 4083 2560 4095 ’
2616 4073 2713 4117 τῶν
2763 4061 2822 4116 δὲ
2863 4063 3076 4126 λοιπῶν,
3127 4065 3246 4123 τοὺς
3309 4064 3398 4134 μεν
3461 4063 3487 4113 ό
3541 4051 3868 4131 ἐπικρεμασθιὶς

2330 4157 2486 4230 φόϐος
2535 4155 2703 4228 aqua!
2762 4159 2855 4213 τὴν
2899 4153 3088 4228 ἀρετὴν
3121 4174 3134 4186 ⁸
3177 4156 3295 4212 τοὺς
3353 4148 3413 4204 δε
3469 4150 3714 4206 κολακείας
3759 4145 3868 4195 ὄντας

2330 4253 2606 4320 πρόσωπον
2646 4244 2852 4315 ἤλεγξεν
2885 4246 2910 4296 ὁ
2967 4247 3152 4316 καιρός
3182 4262 3193 4274 ·
3241 4243 3364 4302 τοὺς
3416 4237 3498 4304 δὲ,
3530 4239 3585 4302 ὦ,
3634 4239 3771 4307 μέχρι
3801 4233 3868 4278 τον

2330 4336 2570 4406 γενέσθαι
2635 4329 2765 4406 μηδ’
2844 4331 3149 4404 ἐλπιζομένη
3230 4329 3396 4401 τόλμα
3470 4332 3558 4380 καὶ
3623 4318 3870 4375 ἀπεναντίας

2334 4427 2680 4497 ἰσταμένους’
2743 4427 2832 4474 καὶ
2891 4420 3202 4483 συνέϐαινεν,
3261 4419 3305 4471 εἰ
3356 4423 3448 4470 καὶ
3499 4413 3752 4479 συνέϐαινε,
3800 4407 3869 4459 τὴν

2331 4516 2442 4587 μετ’
2487 4517 2686 4567 ἐκείνων
2736 4515 2914 4583 ἔχοντι
2956 4511 3124 4578 τάξιν,
3175 4506 3316 4582 μηδὲ
3373 4517 3470 4570 τῆς
3524 4505 3707 4558 ἐκείνων
3748 4495 3870 4548 καθα·

2330 4607 2494 4678 ρεύειν
2547 4601 2815 4673 ὑποψίας·
2879 4604 2936 4652 τὸ
2991 4597 3050 4653 δι
3111 4599 3160 4651 ἐν
3213 4605 3378 4674 καιρῷ
3431 4598 3641 4662 τοιούτῷ
3687 4585 3868 4657 καθαρέο

2333 4697 2476 4745 οὔπω
2506 4697 2594 4744 καὶ
2626 4687 2870 4764 ἀνδρείαν
2911 4686 3277 4752 ἐπιδείξασθαι
3329 4691 3422 4745 τὴν
3474 4685 3654 4758 φιλίαν,
3697 4681 3772 4728 καὶ
3804 4678 3868 4726 τῆς

2331 4779 2745 4857 παρούσηςέστὶ
2813 4775 3098 4838 διαθίσεως
3153 4775 3408 4848 ἐγκώμιον
3455 4779 3585 4848 μέγα
3616 4792 3626 4803 ·
3681 4770 3756 4818 καὶ
3795 4768 3866 4812 τὼν

2333 4871 2612 4945 μελλόντων
2685 4869 2779 4922 ούκ
2836 4871 3042 4940 ἔχουσα
3109 4863 3403 4937 δισταγμὸν
3447 4865 3602 4934 έγγύη
3632 4880 3644 4892 ·
3680 4859 3756 4907 καὶ
3796 4855 3865 4900 τῶν

2333 4935 2759 5033 παρεληλυθότων
2811 4935 3086 5028 ἀπολογία,
3147 4935 3413 5027 μηδεμιᾶς
3467 4956 3554 5024 μεν
3606 4947 3746 5005 ἀλλος
3783 4935 3864 4990 διο-

2335 5054 2458 5122 μὲνη
2505 5051 2877 5122 περιστάσεως,
2933 5045 3062 5098 ἀλλὰ
3116 5050 3207 5096 καὶ
3253 5049 3533 5114 συγγνώμῃ
3585 5040 3715 5106 adsp-
3753 5027 3862 5082 δοιά

2337 5141 2526 5202 ζουσα,
2575 5143 2668 5197 τὴν
2719 5136 2926 5209 ἀργίαν,
2982 5133 3034 5197 ἐξ
3097 5130 3500 5208 ἀδωροφορὴτου
3542 5135 3627 5182 τοῦ
3683 5121 3866 5196 βήματος

2334 5235 2426 5282 τοῦ
2481 5233 2732 5302 παρόντος
2783 5203 3374 5299 κατορθώματος-αύτῇ
3428 5218 3541 5273 καθ’
3608 5214 3767 5269 ἑαυτὴν
3823 5203 3864 5253 τό

2336 5316 2612 5392 αἰδίσιμόν
2641 5335 2696 5370 τε
2718 5320 2807 5370 καὶ
2834 5315 3137 5381 ἀξιόπιστον
3165 5310 3514 5388 χρηματίζει.

1910 5444 2150 5504 νΑΒΙιΕ
2191 5445 2479 5502 LECTION
2487 5444 2588 5500 ES.

635 5574 651 5620 i
690 5576 901 5622 κινησις
971 5568 988 5624 ι
