4072 6232
221 354 328 414 869
1468 348 1829 410 EPlSTOLA]

2023 339 2237 408 LIBER
2276 347 2345 409 ῙΙ.
3487 358 3593 418 870

829 485 1042 532 ΕΠΙΣΤ.
1083 478 1212 534 NB'.
1859 489 1901 542 Α

1859 489 1901 542 Α
2584 482 2794 537 EPIST.
2821 483 2931 541 Lll.

889 574 968 639 Γῷ
999 568 1137 638 αύτῷ
1150 610 1162 622 .

2647 569 2857 627 Eidem
2867 611 2877 624 .

1449 691 1747 740 Montacut.
1785 691 1898 754 (ep.
1935 692 2045 748 230.
2079 705 2137 754 p.
2171 692 2306 754 345).

297 813 369 866 Τό
421 812 512 882 μὲν
552 805 722 881 δῶρον
767 812 990 880 γνησίας
1040 807 1250 879 ἀγάπης
1281 827 1294 840 ·
1354 811 1412 860 τό
1457 804 1515 860 δὲ
1566 806 1614 858 ἐν
1662 815 1829 879 καιρῷ

2011 808 2222 863 Munus
2253 808 2330 864 ab
2361 824 2566 865 amore
2605 814 2692 866 est
2719 811 2980 880 genuino
3027 830 3040 881 ;
3079 819 3139 870 at
3183 815 3294 872 hoc
3329 821 3595 890 tempore

222 903 446 972 τοιούτῳ
477 895 741 972 διαπύρου
773 899 936 950 πόθου
968 915 980 927 '
1026 902 1082 949 τό
1116 895 1175 950 δὲ
1219 902 1310 950 καὶ
1360 897 1677 954 τηλικούτων
1718 895 1830 946 ἐπι-

1986 895 2194 952 iissum
2225 897 2456 954 ardenti
2480 897 2775 956 desiderio
2805 918 2818 956 :
2852 902 2955 958 sed
2977 903 3160 959 tantis
3187 906 3462 976 periculis
3485 908 3594 963 im-

223 994 559 1064 κρεμαμένων
633 983 886 1039 κινδύνοιν
951 993 1274 1060 μαρτυρικοῡ
1337 985 1494 1048 ζήλου
1525 1007 1537 1018 ·
1603 984 1711 1037 ἀνθ’
1764 985 1830 1035 ὧν

1989 985 2343 1042 cudentibus
2383 988 2644 1060 martyrii
2692 989 2834 1046 zelo.
2883 994 2990 1046 Pro
3031 1009 3152 1064 quo
3207 995 3360 1049 Deus
3399 1001 3597 1051 noster

226 1079 510 1153 Χριστόςό
563 1080 682 1137 Θεὸς
728 1077 892 1148 ἡμῶν,
947 1080 1036 1128 καὶ
1088 1077 1233 1148 ἡμῶν
1287 1080 1572 1146 σιγώντων,
1622 1073 1690 1134 εἰς
1746 1077 1832 1125 τὸν

1988 1075 2226 1144 hristus,
2252 1077 2425 1131 nobis
2451 1077 2803 1145 tacentibus,
2854 1081 2910 1134 in
2946 1081 3110 1150 regni
3157 1082 3248 1137 sui
3291 1091 3510 1139 sortem
3543 1091 3596 1140 te

227 1169 392 1222 αύτού
443 1185 500 1220 σε
549 1173 647 1227 τῆς
694 1163 966 1237 βασιλείας
1014 1163 1424 1237 ἐναπογράφεται
1471 1162 1680 1238 κλῆρον.
1734 1165 1829 1220 Εἴη

1986 1163 2297 1220 ’ἃηεωίιιειι
2327 1183 2339 1220 :
2394 1169 2494 1220 tua
2524 1171 2720 1221 autem
2755 1169 3077 1238 praesentia
3101 1169 3299 1227 futura
3328 1177 3416 1227 est
3451 1173 3594 1228 mihi

231 1255 283 1311 δ’
316 1260 444 1330 ἡμῖν
491 1261 580 1308 καὶ
606 1257 636 1314 ἠ
673 1258 738 1313 σὴ
767 1260 1033 1328 παρουσία
1085 1255 1216 1326 μετὰ
1252 1253 1494 1325 λαμπρᾶς
1539 1257 1628 1304 καὶ
1675 1252 1832 1324 μεγάο

1989 1270 2080 1308 am
2119 1251 2325 1309 illustri
2364 1258 2421 1308 et
2458 1254 2703 1311 notabili
2751 1256 2958 1327 salute,
3005 1267 3061 1313 et
3110 1275 3214 1330 spe
3269 1277 3459 1324 sacra,
3503 1262 3597 1316 cui

225 1347 323 1407 λης
368 1355 460 1405 τῆς
496 1347 776 1416 σωτηρίας,
828 1348 916 1395 καὶ
969 1352 1067 1396 τῶν
1093 1345 1236 1416 ἱερῶν
1287 1338 1530 1408 ἐλπίδων,
1565 1343 1647 1402 αἶς
1677 1342 1705 1398 ἠ
1765 1345 1830 1399 σὴ

1987 1342 2145 1398 nima
2175 1347 2278 1398 tua
2320 1349 2526 1401 sancta
2565 1345 2845 1416 afﬁgitur,
2886 1362 3006 1402 non
3054 1364 3159 1420 per
3200 1351 3595 1420 procrastina-

226 1438 470 1508 πανιερός
523 1432 678 1505 ψυχὴ
734 1437 1053 1506 προσανέχει
1086 1453 1098 1465 ·
1151 1427 1318 1504 μηδὲν
1350 1430 1416 1492 εἰς
1460 1429 1706 1491 ἀναϐολὰς
1760 1431 1834 1482 ἔτι

1822 1449 1834 1481 ι
1947 1432 2166 1487 tionem
2190 1435 2428 1505 rejecta,
2459 1434 2563 1490 sed
2589 1435 2787 1508 reipsa
2819 1437 3144 1510 conspicue
3173 1437 3430 1495 ﬁrmata.

223 1527 488 1598 ὡρημένον
517 1521 548 1563 k
579 1520 685 1573 ἀλλ’
757 1520 832 1573 ἐπ’
882 1521 1060 1583 αὐτοῖς
1116 1523 1286 1596 ἔργοις
1325 1523 1382 1572 τὸ
1444 1519 1655 1592 βέϐαιον
1706 1519 1836 1592 λαμ-

225 1622 370 1686 πρῷς
398 1613 778 1686 καθορώμενον.

1040 1870 1327 1926 SERIES
1364 1869 1676 1925 TERTIA.
1707 1897 1774 1910 —
1810 1869 1918 1925 AD
1959 1867 2346 1926 DIVE’RSOS
2373 1869 2782 1928 CLERICOS.

846 2002 1056 2050 ΕΠΙΣΤ.
1099 1994 1218 2050 NI".
1867 1998 1908 2051 Β

1867 1998 1908 2051 Β
2586 1996 2796 2052 EPIST.
2833 1997 2962 2052 Llll.

557 2091 794 2159 Γεωργίῳ
836 2083 1061 2157 διακόνῳ
1099 2091 1190 2137 καὶ
1229 2081 1512 2158 ξενοδόχῳ.

2251 2082 2494 2153 Georgio
2523 2083 2767 2140 diacono
2787 2092 2840 2142 et
2877 2085 3287 2155 hospitalarz'o.

1496 2208 1794 2262 Montacut.
1835 2209 1944 2271 (ep.
1985 2208 2064 2263 45,
2105 2221 2162 2270 p.
2197 2208 2330 2269 100),

301 2329 364 2382 Ὀ
403 2337 504 2381 τῶν
557 2326 861 2402 ἀπόρῥήτων
917 2325 1140 2386 ὶπόπτης
1191 2331 1281 2378 καὶ
1336 2329 1710 2397 μυσταγωγὸς,
1740 2328 1834 2383 τὴν

2018 2326 2230 2379 Rerum
2305 2332 2664 2381 secretarum
2736 2326 3034 2398 inspector
3109 2334 3165 2385 et
3230 2330 3600 2402 propalator,

230 2421 399 2493 μέθην
431 2417 608 2492 πόρρω
659 2423 792 2470 Θεοῦ
827 2414 1102 2488 βασιλείας
1131 2415 1402 2467 ἐθεάσατο.
1455 2414 1512 2468 Εἰ
1556 2411 1642 2466 οὖν
1682 2417 1836 2486 μέθυ-

1996 2413 2292 2468 :»rietatem
2324 2429 2360 2469 a
2402 2428 2584 2483 regno
2626 2415 2722 2470 Dei
2756 2415 3070 2472 submovit
3101 2417 3304 2488 longe.
3345 2421 3516 2486 Quod
3557 2426 3604 2476 si

233 2528 322 2560 σοι
378 2505 649 2580 βασιλείαν
699 2512 834 2559 Θεοῦ
876 2505 935 2556 ού
997 2504 1471 2576 κληρονομήσουσι,
1533 2508 1584 2555 τί
1643 2523 1723 2556 σοι
1779 2507 1836 2556 τὸ

1999 2501 2088 2556 )rii
2122 2501 2219 2558 Dei
2251 2517 2504 2572 regnum
2532 2519 2651 2558 non
2677 2504 3134 2572 haareditabunt,
3164 2507 3312 2580 quid
3341 2509 3444 2564 tibi
3469 2526 3607 2582 pro-

231 2597 432 2670 ὄφελος,
489 2597 570 2648 ὅτι
625 2604 724 2648 τῶν
777 2593 940 2646 ἄλλων
972 2593 1235 2667 ἁμαρτιῶν
1290 2589 1495 2657 δοῦλος,
1537 2596 1606 2654 ὡς
1651 2593 1834 2664 λέγεις,

1999 2595 2097 2657 est,
2126 2592 2172 2646 si
2221 2591 2404 2662 (quod
2451 2591 2648 2664 affers)
2698 2593 2950 2649 aliorum
2987 2602 3367 2668 peccatorum
3403 2615 3607 2654 servus

229 2685 292 2738 ού
318 2690 575 2756 γέγοναςς
623 2689 731 2738 Καὶ
768 2703 851 2736 τοι
894 2691 992 2734 τῶν
1029 2679 1296 2734 ἀδυνάτων
1345 2684 1456 2734 ἐστὶ
1496 2681 1689 2754 τυφλοῦ
1735 2703 1837 2735 κει-

1999 2696 2068 2736 on
2090 2681 2338 2736 exsistas
2361 2678 2390 2734 ἳ
2407 2683 2504 2736 Est
2526 2682 2683 2737 enim
2705 2682 3101 2755 impossibile,
3136 2702 3272 2742 cum
3300 2688 3450 2744 ratio
3477 2688 3607 2761 (vias

230 2778 390 2846 μένου
421 2781 484 2845 τῇ
518 2775 646 2845 μέθη
688 2780 779 2826 τοῦ
819 2769 1242 2843 καθιδηγούντος
1271 2771 1527 2842 λογισμοῦ
1579 2778 1668 2824 καὶ
1708 2771 1836 2845 ἀμύ-

2001 2786 2069 2824 ux
2099 2785 2232 2841 qua:
2263 2785 2390 2824 esse
2416 2770 2626 2826 debuit
2657 2777 2712 2826 et
2750 2773 2998 2845 injurias
3040 2775 3412 2847 propulsare)
3452 2793 3609 2833 caeca

225 2882 423 2930 νοντος,
472 2867 544 2934 μὴ
599 2868 752 2914 παντὶ
806 2865 1146 2935 προσπταίειν
1198 2859 1325 2931 λίθῳ
1392 2863 1478 2911 τὸν
1540 2860 1832 2932 ἄνθρωπον,

1998 2858 2226 2913 {stiterit
2258 2874 2362 2930 per
2391 2858 2765 2920 ebrietatem,
2801 2878 2920 2916 non
2956 2863 3034 2918 ad
3066 2879 3309 2920 omnem
3342 2865 3606 2938 lapidem

226 2958 321 3005 καὶ
352 2957 424 3024 μὴ
458 2955 650 3014 παντὸς
671 2953 869 3013 πάθους
899 2951 1208 3022 προκεῖσθαι
1240 2944 1593 3022 ἀνδράποδον.

1946 2945 2269 3017 offendere,
2311 2963 2432 3004 non
2459 2948 2774 3019 cujuslibet
2800 2967 3037 3006 servum
3068 2969 3130 3007 se
3160 2954 3459 3010 exhibere.

841 3047 1053 3093 ΕΠΙΣΤ.
1097 3038 1228 3092 ΝΛ’.
2587 3036 2806 3094 ΕΡΙΞΤ.
2833 3041 2962 3094 LIV.

904 3135 988 3200 Τῷ
1020 3128 1178 3199 αύτῷ.

2656 3127 2889 3185 Eidem.

1123 3252 1260 3309 Haec
1283 3252 1534 3322 epistola
1556 3266 1714 3307 nunc
1738 3248 1988 3322 quaeatio
2011 3247 2142 3306 CCII
2159 3248 2433 3305 editionis
2463 3257 2706 3308 nostrae.

837 3383 1048 3432 ΕΠΙΣΤ.
1090 3377 1218 3435 ΝΕ’.
1877 3376 1916 3431 C

1877 3376 1916 3431 C
2596 3375 2806 3431 EPIST.
2838 3378 2875 3431 L
2904 3376 2972 3431 V.

519 3469 756 3541 Θεοφάνει
779 3464 1004 3539 διακόνῳ
1026 3471 1115 3518 καὶ
1129 3470 1546 3540 πρωτονοταρίῳ.

2210 3463 2558 3532 Theophani
2568 3465 2818 3521 diacono
2847 3471 2900 3522 et
2923 3469 3347 3537 protonotario.

1507 3590 1807 3642 Montacut.
1852 3589 1960 3652 (ep.
1998 3587 2076 3644 83,
2104 3588 2326 3650 p.129).

307 3707 511 3780 Ἀλγεῐς
556 3707 638 3761 ὃτι
692 3707 896 3760 ἁκούων
945 3707 960 3749 ι
1012 3706 1084 3768 εἰς
1133 3707 1276 3778 ἡμᾶς
1324 3705 1548 3776 ἥμαρτες
1592 3722 1604 3733 '
1649 3703 1838 3776 μᾶλλον

2025 3703 2189 3758 Dolet
2219 3702 2325 3760 tibi
2351 3703 2517 3775 quod
2558 3704 2776 3761 invitus
2824 3705 2883 3761 in
2919 3721 3014 3761 me
3043 3706 3342 3780 deliquisti
3369 3727 3382 3778 ;
3414 3708 3612 3780 potius

233 3798 296 3850 δε
352 3799 432 3850 ὅτι
461 3799 862 3871 τυραννούμενος
891 3801 980 3848 καὶ
1027 3796 1254 3866 πληγαῖς
1285 3802 1355 3856 εἰς
1404 3801 1584 3866 πεῖραν
1637 3798 1841 3866 προκεί-

2005 3791 2116 3846 uod
2152 3792 2456 3862 tyrannice
2495 3793 2870 3864 compulsus,
2921 3800 2978 3850 et
3030 3795 3225 3866 plagis
3261 3797 3496 3854 inﬂictis
3536 3797 3613 3854 ad

233 3906 404 3960 μενος,
455 3892 620 3959 μέχρι
665 3885 908 3957 γλώσσης
962 3889 1114 3957 μόνον
1165 3888 1258 3942 τὴν
1307 3883 1467 3954 ἰσχὺν
1525 3882 1690 3933 αὐτῶν
1749 3891 1841 3942 τῆς

2004 3880 2336 3935 ξηιᾶίὶοηθω
2370 3879 2666 3945 subditus,
2700 3881 2906 3950 lingua
2935 3888 3107 3938 tenus
3143 3891 3392 3953 tantum,
3427 3902 3612 3956 quam

235 3975 367 4049 βίας
405 3973 692 4041 ἐπέδειξας,
744 3975 1000 4027 ἀνάλωτον
1045 3981 1154 4034 ταῖς
1204 3972 1456 4046 βασάνοις
1507 3976 1843 4045 συντηρήσας

2005 3972 2073 4024 Lm
2107 3967 2382 4024 habuerit
2411 3983 2620 4024 eorum
2643 3969 2948 4036 violentia,
2986 3971 3238 4027 docuisti
3267 3975 3613 4039 ;tormentis

229 4070 328 4124 τὴν
361 4061 618 4118 διάνοιαν.
665 4069 764 4117 Καὶ
795 4074 845 4116 τί
875 4063 936 4115 ἂν
977 4063 1096 4115 ἄλλο
1146 4066 1342 4124 ταύτης
1379 4066 1576 4132 γένοιτο
1623 4069 1716 4122 τῆς
1747 4081 1837 4112 πα-

2002 4058 2186 4114 iterim
2205 4057 2472 4113 animum
2496 4073 2615 4113 non
2639 4058 3125 4115 succumbentem
3139 4062 3504 4117 custodiens.
3539 4065 3610 4119 Et

226 4155 506 4230 ραψυχίας
562 4155 914 4228 παραμύθιον,
974 4153 1052 4205 ὃτι
1086 4154 1320 4222 τοσούτῳ
1378 4151 1562 4209 πλήθει
1616 4150 1834 4223 φοϐερῶν

2004 4147 2262 4204 uodnam
2296 4146 2460 4203 aliud
2511 4147 2789 4203 solatium
2840 4147 3046 4206 haberi
3086 4155 3318 4222 poterat
3363 4151 3612 4222 hujusce

227 4242 480 4316 βασάνων
536 4248 624 4301 τὴν
668 4250 759 4294 τοῦ
820 4238 1122 4303 συνειδότος
1173 4245 1350 4315 κρίσιν
1409 4240 1502 4292 οὐκ
1560 4238 1835 4306 ἐθόλωσας,

2001 4237 2262 4292 raasentis
2300 4235 2508 4306 animi,
2541 4236 2702 4309 quod
2731 4249 2807 4292 ne
2849 4253 2952 4308 per
2996 4241 3228 4294 tantam
3259 4240 3609 4299 terribilium

232 4329 363 4386 οὐδὲ
394 4340 486 4394 τῆς
513 4337 696 4392 κακίας
727 4341 826 4384 τῶν
878 4330 1202 4404 βιαζομένων
1251 4334 1465 4404 ὄργανον
1514 4327 1707 4399 ἐγένου,
1752 4332 1840 4379 καί

2001 4341 2245 4381 ιιτοιουω
2276 4325 2715 4381 multitudinem
2759 4327 3134 4384 conscientias
3176 4333 3288 4384 tua:
3315 4327 3609 4400 judicium

235 4442 319 4475 τοι
369 4418 669 4474 πολυειδέσι
709 4427 800 4473 καὶ
856 4421 1200 4496 πολυτρόποις
1254 4420 1466 4483 αἰκίαις,
1517 4416 1626 4468 ἀλλ’
1657 4417 1714 4468 ού
1749 4413 1842 4469 δα-

2005 4415 2293 4480 edaveris,
2327 4430 2436 4470 nec
2465 4415 2912 4486 improbitatum
2945 4417 3064 4472 vim
3098 4417 3488 4474 inserentium
3522 4419 3613 4475 in-

231 4511 464 4575 κτύλοις,
517 4516 843 4586 κρουόμενος.
903 4517 1021 4572 Πῶς
1071 4506 1130 4562 δὲ
1184 4511 1336 4582 ἡμεῖς
1379 4508 1472 4560 ούκ
1515 4505 1574 4558 ἂν
1607 4510 1839 4577 συγγνώ·

2001 4508 2354 4559 :rumentum
2411 4507 2462 4560 te
2531 4506 2870 4576 prmstitisti,
2932 4512 3234 4581 utcunque
3300 4509 3609 4564 tormentis

231 4621 339 4674 μης
369 4605 459 4653 καὶ
489 4603 534 4652 εἶ
568 4620 618 4652 τι
657 4603 850 4660 ταύτης
892 4599 1232 4674 ὑψηλότερον,
1273 4598 1400 4669 ούχὶ
1444 4601 1531 4650 καὶ
1574 4600 1668 4648 σύν
1721 4614 1839 4668 προ-

2005 4593 2276 4650 ιυιίατυιη
2301 4593 2638 4666 specierum
2675 4601 2730 4651 et
2759 4597 3088 4665 variarum,
3119 4613 3239 4652 non
3261 4596 3486 4660 leviter,
3510 4604 3613 4653 aut

237 4693 406 4762 θυμία
459 4709 516 4743 σε
563 4689 708 4752 ἄξιον
751 4688 1109 4761 ψηφιούμεθα,
1159 4689 1236 4740 ὅτι
1278 4689 1474 4762 ῥήματι
1507 4699 1546 4727 ιιι
1598 4689 1686 4738 καὶ
1747 4682 1843 4756 βίᾳ

2003 4683 2140 4752 igito
2164 4689 2335 4738 tenus
2361 4687 2549 4739 tortus
2575 4683 2756 4739 fuisti.
2782 4687 2900 4740 Nos
2920 4691 3118 4741 autem
3150 4685 3459 4758 quomodo
3491 4702 3611 4742 non

231 4783 577 4853 παρασύρεις,
629 4781 696 4840 ὡς
747 4779 819 4841 εἰς
866 4781 924 4830 τὸ
972 4785 1072 4829 πᾶν
1129 4781 1220 4828 καὶ
1269 4776 1396 4828 ἑκὼν
1447 4774 1839 4848 ἐξημαρτηκὼς,

2003 4796 2006 4823 ι
2035 4773 2205 4827 venia
2225 4772 2500 4842 dignum,
2523 4777 2629 4828 aut
2661 4773 2709 4827 si
2741 4773 2886 4845 quid
2918 4774 3088 4829 venia
3113 4774 3492 4830 excellentius
3516 4776 3611 4841 sit,

233 4869 406 4930 οὕτως
458 4867 637 4920 ἑαυτόν
679 4865 1028 4928 ἐταπείνωσας
1079 4882 1092 4932 ;
1147 4871 1237 4918 καὶ
1288 4874 1385 4917 τῶν
1439 4867 1697 4936 ἡμετέρων
1747 4863 1838 4938 ῥηο

2004 4902 2008 4914 ,
2036 4861 2281 4933 quidem
2311 4861 2705 4918 libentissime
2737 4863 3149 4929 decernamus,
3175 4870 3237 4918 ut
3259 4869 3513 4920 torrente
3541 4881 3612 4921 ac

231 4960 415 5040 μάτων
443 4957 536 5010 οὐκ
575 4959 734 5030 ἔχεις,
776 4953 942 5030 οἶμαι,
977 4959 1164 5028 χρείαν
1212 4957 1483 5027 μανθάνειν
1515 4957 1570 5005 τὸ
1605 4950 1836 5025 βέϐαιον.

2009 4950 2227 5007 olentia
2259 4951 2318 5006 in
2352 4956 2755 5007 transversum
2789 4958 2979 5016 actus,
3013 4952 3072 5008 in
3098 4952 3446 5010 offensionis
3477 4970 3614 5026 pec-

247 5053 414 5119 Ημεῖς
476 5047 578 5118 γὰρ
632 5053 880 5098 τοσοῦτον
931 5043 1194 5117 ἀπέχομέν
1247 5063 1297 5096 τι
1354 5051 1453 5095 τῶν
1499 5039 1677 5099 ἀηδῶν
1721 5044 1838 5112 περὶ

2000 5045 2151 5095 itum
2187 5039 2481 5106 incideris,
2526 5040 2628 5096 ubi
2675 5045 2728 5096 te
2770 5040 2956 5097 taliter
2993 5040 3340 5111 humiliasti,
3385 5048 3447 5099 ut
3488 5059 3608 5098 non

233 5142 333 5188 σοῦ
384 5131 744 5200 διανοηθῆναι,
801 5136 880 5187 ὅτι
928 5139 1017 5186 καὶ
1054 5133 1274 5194 πολλοὺς
1317 5131 1502 5192 ἄλλους
1540 5129 1734 5202 ἀφορᾷν
1766 5129 1838 5189 εἰς

2008 5135 2026 5184 t
2054 5129 2177 5194 tibi,
2207 5129 2440 5200 opinor,
2460 5145 2634 5202 opus,
2655 5145 2692 5186 a
2714 5130 2887 5185 nobis
2914 5132 3314 5188 constantiam
3332 5133 3607 5189 edoceri?

231 5229 290 5278 σε
337 5227 751 5298 προτρεπόμεθα.
799 5228 865 5277 Σύ
921 5220 979 5277 δὲ
1027 5222 1244 5299 ἔῤῥωσο,
1276 5226 1366 5274 καὶ
1415 5221 1604 5294 ἀρετῆς
1653 5219 1836 5291 ἐπιμι-

1999 5223 2110 5274 srte
2141 5223 2370 5274 tantum
2399 5218 2566 5274 abest
2596 5225 2659 5274 ut
2687 5235 2798 5274 nos
2829 5219 3057 5293 aliquid
3092 5221 3430 5278 acerbitatis
3462 5224 3521 5278 in
3552 5227 3607 5278 te

223 5313 343 5380 λοῦ,
377 5311 413 5367 δ
419 5313 451 5366 ι’
483 5314 515 5374 ἦ
526 5333 546 5377 ς
573 5314 921 5388 τελειούμεθα,
972 5317 1062 5366 καὶ
1113 5307 1148 5365 δ
1155 5313 1188 5364 ι’
1217 5311 1277 5371 ἣν
1311 5313 1368 5364 σε
1417 5318 1516 5363 τῶν
1566 5308 1722 5382 φίλων
1746 5313 1831 5361 καὶ

2000 5314 2306 5376 .atuamus,
2356 5312 2415 5365 ut
2453 5307 2792 5383 plerosque,
2835 5315 2890 5366 te
2926 5310 3160 5380 intueri,
3203 5314 3491 5384 tanquam
3544 5311 3608 5369 in

1519 5462 1752 5518 νΑιιιΑε
1790 5460 2188 5518 LECTIONES.

299 5638 334 5682 κ
362 5639 440 5693 ἶσ.
471 5635 876 5716 ἁπηωρημένων.
956 5631 970 5676 ¹
995 5635 1155 5692 ἄκων.
1229 5632 1510 5713 ωρύματι.
