4072 6232
607 301 708 357 871
1818 291 2058 349 ΡΗΟΤΙΙ
2097 290 2215 347 ΡΑἹ

2258 289 2581 347 ὶΙΛΗΟΗᾸΞ
2639 288 2750 346 CP.
3800 298 3866 355 θη

603 423 941 497 exemplum
972 421 1296 493 jubeamus
1331 438 1345 487 ;
1379 426 1441 476 tu
1471 425 1670 476 autem
1702 419 1853 486 vale,
1891 424 1948 476 et
1979 419 2211 475 virtute:

2289 416 2337 468 A
2371 424 2469 468 τῶν
2497 420 2728 487 γνησίων
2790 417 3110 487 θεραπόντων
3152 414 3314 467 πάλαι
3360 424 3430 487 τῷ
3476 414 3612 491 χορῷ
3643 422 3871 490 aur/xm);

603 531 749 571 cura
776 529 879 585 per
907 527 1091 584 quam
1106 526 1614 575 consummamur,
1644 514 1701 563 et
1723 515 1962 581 propter
1993 526 2177 582 quam
2206 519 2256 566 te
2369 504 2543 575 ξαμεν.

597 604 726 676 jam
749 603 884 656 olim
908 601 1237 656 amicorum
1261 598 1398 654 albo
1427 603 1481 653 et
1508 599 1764 667 genuino
1793 615 2062 655 meorum
2087 599 2256 656 fami-

601 693 838 749 liarium
853 691 1035 746 choro
1065 688 1468 758 ascripsimus.

1246 776 1456 830 EPIST.
1486 777 1610 830 LVI.

2969 777 3181 827 ΕΠΙΣΤ.
3218 771 3360 855 Νς.

891 866 1134 937 Georgio
1163 866 1429 930 diacono,
1471 870 1524 922 et
1554 866 1966 935 hospitalario.

2683 883 2922 952 Γεωργίῳ
2959 875 3186 951 διακόνῳ
3227 885 3315 932 καὶ
3355 875 3623 951 ξενοδόχῳ.

1879 977 2173 1033 Montacut.
2212 981 2321 1045 (ep.
2354 983 2430 1039 88,
2463 999 2522 1048 ρ,
2549 985 2680 1046 132).

674 1075 1057 1132 Melanthium
1074 1073 1598 1144 ferunt,tragaadiae
1612 1078 2066 1139 auctorem,tam
2088 1093 2256 1133 vora-

2439 1081 2720 1134 Μελάνθιόν
2774 1102 2923 1154 φασι,
2974 1087 3056 1135 τὸν
3117 1079 3413 1155 τραγῳδίας
3459 1085 3734 1158 ὑποκριτὴν,
3785 1089 3876 1136 οὕτω

603 1183 732 1224 cem
766 1166 966 1229 fuisse,
1007 1171 1070 1219 ut
1099 1163 1406 1227 indoleret,
1450 1162 1612 1233 quod
1660 1165 1828 1234 cycni
1875 1163 2090 1219 collum
2134 1182 2211 1221 no

2364 1178 2458 1232 τῆς
2511 1170 2805 1243 όψοφαγίας
2875 1175 3014 1231 ἥττω
3072 1175 3333 1244 γενέσθαι,
3398 1176 3525 1225 ὥστε
3573 1179 3654 1226 καὶ
3701 1172 3875 1244 ἀθυμεῖν,

597 1256 864 1320 haberet,
900 1259 962 1310 ut
989 1271 1166 1325 quam
1205 1252 1486 1306 diuturno
1533 1256 1794 1322 tempore
1836 1253 2108 1310 ciborum
2149 1272 2205 1327 pc

2363 1255 2469 1310 επεὶ
2499 1264 2570 1330 μὴ
2613 1263 2800 1312 κύκνου
2841 1265 2926 1314 τὸν
2974 1263 3236 1335 τράχηλον
3267 1261 3406 1334 εἶχεν
3445 1280 3455 1292 ⁸
3491 1263 3568 1314 ἶνα
3593 1266 3654 1324 ὡς
3697 1263 3877 1315 πλεῖστον

596 1351 798 1416 guttur
823 1342 1313 1398 descendentium
1347 1340 1644 1412 voluptate
1677 1342 1966 1398 frueretur
1997 1360 2010 1398 :
2045 1344 2094 1398 si
2123 1349 2204 1400 tuc

2360 1353 2550 1420 χρόνον
2582 1357 2680 1400 τῶν
2722 1347 2814 1402 διὰ
2842 1359 2932 1403 τοῦ
2985 1352 3173 1422 λαιμοῦ
3204 1353 3441 1426 ῥεόντων,
3490 1359 3574 1404 καὶ
3620 1361 3700 1413 τῆς
3739 1352 3876 1404 ἐκεῖθεν

594 1451 728 1490 rum
761 1434 1052 1504 particeps
1084 1431 1500 1486 conviviorum
1533 1429 1712 1494 fieret,
1746 1432 1960 1502 opinor
1991 1449 2130 1488 eum
2161 1435 2202 1489 ir

2359 1433 2574 1498 ἡδονῆς,
2630 1437 2894 1513 ἀπολαύῃ,
2956 1441 3014 1494 Εἰ
3073 1438 3130 1493 δὲ
3181 1450 3274 1493 σοῦ
3323 1451 3421 1493 τῶν
3473 1438 3673 1494 δείπνων
3710 1440 3875 1512 ἐγεγόνει

595 1523 866 1580 dolentia;
900 1537 1025 1576 suae
1057 1525 1112 1576 et
1143 1519 1435 1575 maestitiae
1459 1519 1788 1574 remedium
1822 1520 1977 1575 illius
2003 1521 2203 1578 habitu

2281 1549 2323 1604 B
2358 1531 2616 1590 κοινωνός,
2647 1525 2794 1600 οἶμαι
2824 1528 2882 1580 ἆν
2932 1530 3087 1582 αὐτὸν
3135 1535 3224 1582 καὶ
3270 1539 3363 1591 τῆς
3410 1529 3621 1602 ἀθυμίας
3649 1536 3759 1601 μέγα
3782 1533 3877 1601 9i?-

593 1628 751 1676 rum,
799 1618 854 1667 et
890 1611 1352 1681 deprecaturum
1392 1625 1464 1662 ne
1506 1613 1707 1676 guttur
1755 1609 1812 1662 in
1854 1611 2102 1674 antiqua
2137 1629 2201 1666 su

2358 1635 2522 1687 μαχον
2560 1617 2800 1692 ἐξευρεῖν,
2833 1624 2921 1671 καὶ
2954 1619 3284 1691 ἀπεύχεσθαι
3335 1617 3472 1693 μηδὲ
3523 1620 3588 1682 εἰς
3629 1623 3677 1672 τὸ
3706 1618 3873 1692 ἀρχαῖον

596 1700 882 1756 subsistat
897 1698 1377 1767 longitudine,ne
1403 1696 1650 1751 multum
1675 1699 1960 1768 temporis
1988 1700 2204 1755 insumt

2357 1712 2520 1775 μῆχος
2568 1711 2654 1758 τὸν
2703 1708 2905 1778 αὐχένα
2952 1706 3233 1780 διαμένειν,
3293 1710 3375 1760 ἵνα
3422 1713 3492 1780 μὴ
3544 1713 3716 1780 συχνόν
3751 1709 3874 1759 ἀναλί-

595 1795 683 1845 ret
713 1805 750 1844 a
771 1794 872 1844 tua
903 1803 1108 1842 mensa
1129 1794 1184 1842 et
1211 1786 1420 1841 eduliis
1450 1785 1559 1840 tuis
1585 1785 1911 1841 abstinens.
1934 1789 2085 1853 Quid
2107 1806 2203 1861 erg

2361 1812 2477 1846 σκοι
2506 1801 2698 1865 χρόνον
2729 1805 2818 1856 τῆς
2865 1805 2963 1859 σῆς
2993 1798 3258 1870 τραπέζης
3310 1803 3400 1850 καὶ
3444 1806 3538 1849 τῶν
3579 1806 3668 1848 σὼν
3709 1793 3874 1867 ἑδεσμά·

598 1878 936 1934 faciendum
961 1878 988 1932 ?
1006 1879 1167 1933 Certe
1190 1891 1430 1946 semper
1454 1880 1510 1929 et
1536 1874 1757 1946 ubique
1778 1875 1870 1930 Ne
1891 1878 2036 1947 quid
2050 1881 2206 1935 nimi:

2357 1902 2456 1933 των
2515 1882 2839 1956 ἀνεχόμενος.
2897 1891 2958 1938 Τί
3015 1882 3102 1938 οὖν
3154 1883 3237 1938 δεῖ
3287 1894 3496 1954 ποιείν;
3545 1893 3784 1957 Πανταχον
3817 1889 3869 1942 τὸ,

597 1967 892 2040 optimum
920 1965 1278 2021 existimare.

2359 1969 2536 2029 Μηδὲν
2571 1975 2719 2045 οἰγαν,
2755 1974 3133 2046 ὑπολαμϐάνειν
3158 1978 3459 2049 κράτιστον.

1215 2053 1429 2110 EPIST.
1462 2053 1622 2108 LVII.

2975 2071 3185 2117 ΕΠΙΣΤ.
3219 2064 3340 2119 ΝΖ’.

1303 2143 1536 2198 Eidem.

3017 2152 3100 2225 Τῷ
3130 2151 3291 2225 αὐτῷ.

1860 2266 2155 2320 Montacut.
2196 2277 2303 2336 (ep.
2346 2275 2422 2331 89,
2457 2290 2513 2338 p.
2559 2277 2691 2332 133).

661 2387 898 2444 Divitias
923 2401 1113 2450 amas,
1147 2385 1368 2439 idcirco
1397 2383 1671 2442 virtutem
1703 2404 1822 2444 non
1860 2407 2054 2447 amas.
2093 2392 2240 2445 Nam

2428 2387 2578 2466 Ἐρᾷς
2629 2395 2921 2465 χρημάτων
2970 2416 2982 2428 ·
3035 2391 3129 2446 διὰ
3177 2403 3352 2463 τοῦτο,
3428 2394 3605 2470 ἀρετῆς
3651 2397 3728 2445 οὐκ
3762 2385 3863 2464 ἐρᾷς.

585 2477 774 2548 impio
825 2490 1049 2541 amore,
1100 2473 1440 2530 laudandus
1478 2492 1649 2530 amor
1691 2479 1890 2534 omnis
1941 2479 2193 2535 bonorui

2353 2479 2539 2553 Ἔρωτι
2567 2485 2668 2553 γὰρ
2713 2488 2916 2544 κακίας,
2955 2485 2980 2534 ό
3034 2493 3131 2535 τῶν
3177 2484 3347 2536 καλῶν
3400 2487 3521 2558 ἔρως
3578 2479 3870 2534 ἑναποσϐἐννυ-

585 2566 997 2634 exstinguitur.
1030 2563 1129 2618 Sin
1178 2564 1439 2618 avaritiae
1470 2563 1782 2622 ﬂammam
1814 2567 2193 2624 exstinxerist

2355 2590 2462 2625 ται.
2489 2572 2548 2624 Εἰ
2598 2568 2657 2623 δέ
2684 2591 2743 2642 γε
2775 2577 2864 2629 τὴν
2923 2571 3087 2644 φλόγα
3138 2582 3230 2635 τῆς
3280 2572 3566 2636 πλεονεξίας
3609 2568 3867 2626 ἀποσϐέσας,

588 2655 792 2728 spinas
831 2653 1173 2725 cupiditatis
1225 2653 1404 2708 simul
1444 2655 1785 2726 combures,
1838 2665 1958 2714 tum
2009 2657 2196 2713 facilia

2353 2663 2444 2710 καὶ
2498 2661 2584 2718 τὰς
2636 2658 2861 2721 ἀκάνθας
2911 2668 2999 2721 τῆς
3053 2660 3401 2735 φιλαργυρίας
3456 2660 3742 2732 συμφλέξεις,
3785 2653 3869 2728 ῥᾷον

587 2747 804 2801 animae
853 2749 968 2799 tum
1002 2742 1170 2798 tellus
1201 2759 1376 2797 suum
1418 2745 1724 2814 proprium
1767 2746 2020 2802 fructum
2073 2747 2195 2802 facit

2356 2751 2384 2805 η
2415 2755 2510 2808 τῆς
2538 2747 2726 2819 ψυχῆς
2765 2751 2963 2822 ἄρουρα
3007 2754 3092 2801 τόν
3132 2751 3316 2802 οἰκεῖον
3370 2755 3580 2824 καρπὸν,
3618 2755 3699 2804 τὴν
3725 2746 3871 2814 ἐλεημο-

590 2834 904 2907 pullulare.
933 2832 1393 2902 eleemosynam,
1441 2839 1498 2888 et
1527 2840 1578 2888 te
1623 2835 1838 2906 alioqui
1871 2852 2008 2890 cum
2058 2835 2190 2890 hted

2277 2847 2316 2899 Ο
2359 2839 2517 2893 σύνην
2567 2835 2953 2895 ἁναϐλαστήσει
2983 2855 2994 2866 ’
3029 2843 3116 2890 καὶ
3151 2841 3206 2890 σε
3261 2841 3380 2890 αντὶ
3434 2846 3522 2890 τοῦ
3551 2839 3669 2908 μετά
3690 2843 3766 2886 τῶν
3801 2836 3873 2902 ἰρί-

588 2923 915 2979 locandum
953 2922 1106 2977 inter
1145 2921 1349 2976 ovium
1394 2937 1604 2993 greges
1649 2924 2000 2980 translatum
2056 2925 2195 2980 dabi

2358 2946 2458 2996 φων
2508 2928 2782 2996 τετάχθαι,
2843 2926 2912 2986 εἰς
2964 2931 3056 2985 τὴν
3101 2935 3199 2978 τῶν
3250 2927 3522 3000 προϐάτῶν
3575 2926 3731 2996 ἀγέλην
3767 2939 3876 2992 μετα-

594 3012 753 3070 Vale.

2361 3019 2455 3072 στή
2468 3033 2566 3066 σει.
2590 3013 2848 3088 Ἔρρωσθ.

1195 3099 1412 3157 EPIST.
1458 3101 1638 3156 LVIII.

2981 3109 3172 3157 ΕΠΙΣΤ
3199 3104 3331 3157 NH'.

893 3190 1136 3262 Georgio
1176 3190 1430 3247 diacono
1461 3194 1512 3247 et
1545 3191 1954 3261 hospitalario.

2697 3197 2933 3264 Γεωργιῳ
2965 3188 3192 3264 διακόνῳ
3223 3198 3308 3245 xui
3349 3190 3620 3265 ξενοδοχῳ.

1860 3289 2153 3342 Montacut.
2187 3289 2300 3352 (ep.
2327 3290 2404 3346 94,
2431 3304 2485 3352 p.
2531 3288 2664 3350 135).

652 3389 761 3454 Qui
788 3387 952 3460 apud
983 3389 1213 3443 Graecos
1245 3385 1518 3440 videntur
1548 3387 1863 3456 sapientes,
1901 3387 2233 3452 materiam,

2417 3391 2520 3444 Τὴν
2554 3385 2700 3451 ὕλην,
2752 3387 2800 3437 οἱ
2849 3385 2969 3459 παρ’
3017 3384 3233 3443 Ἕλλησι
3293 3384 3564 3446 δοκοῦντες
3594 3381 3704 3437 εἶναι
3748 3383 3857 3451 σοφοὶ

579 3476 700 3532 sive
735 3477 960 3546 hylam,
993 3475 1284 3543 impensis
1313 3473 1512 3528 multis
1537 3480 1592 3528 et.
1613 3475 1805 3544 longis
1831 3475 2187 3530 sermonibu:

2347 3474 2560 3534 πολλοὺς
2617 3479 2706 3526 καὶ
2782 3474 3040 3546 μεγάλους
3108 3475 3459 3537 ἀναλώσαντες
3533 3475 3710 3546 λόγους,
3768 3468 3871 3539 μολις

575 3566 673 3619 vix
727 3565 966 3620 tandem
1016 3569 1260 3634 potuere
1309 3563 1397 3630 (ut
1436 3563 1670 3634 ipsimet
1702 3564 1888 3635 aiunt)
1934 3565 2106 3620 tardo
2137 3565 2183 3619 hi

2346 3567 2602 3635 ἴσχυσαν,
2657 3563 2745 3631 (ὡς
2791 3563 2938 3615 αὐτοί
2979 3567 3129 3635 φασι)
3177 3567 3308 3635 νόθῳ
3339 3578 3369 3607 ιι
3397 3571 3485 3617 καί
3537 3564 3712 3616 ἀσθενεῖ
3745 3576 3868 3628 παρα-

574 3652 694 3708 beti
749 3658 804 3707 et
856 3651 1109 3706 inﬁrmae
1167 3651 1379 3706 rationi
1435 3651 1816 3722 persuadere,
1863 3654 2026 3725 quod
2071 3653 2182 3709 aliu

2346 3661 2541 3710 στῆσαι
2598 3653 2852 3724 λογισμῷ,
2911 3656 2974 3712 ως
3027 3653 3148 3705 ἄλλο
3195 3674 3245 3706 τι
3292 3651 3432 3706 οὖσα
3473 3657 3606 3725 παρὰ
3651 3654 3787 3703 πάντα
3824 3647 3868 3696 τὰ

574 3741 675 3798 illa
705 3747 884 3806 esset,
913 3744 971 3795 et
995 3739 1298 3795 diversum
1325 3739 1403 3794 ab
1436 3740 1736 3806 omnibus,
1767 3744 2070 3814 perpetuis
2091 3742 2182 3798 alt:

2343 3747 2482 3806 ἄντα,
2530 3749 2611 3793 xui
2645 3741 2975 3812 ἀλλοιουμενη
3032 3739 3305 3810 διηνεκῶς,
3344 3749 3432 3796 καὶ
3479 3745 3672 3818 ῥέουσα,
3713 3739 3865 3789 πάντων

574 3830 909 3887 rationibus
927 3828 1191 3892 subdita,
1209 3827 1881 3898 ﬂuxa,ﬂuida,omnium
1899 3831 2182 3888 formarun

2265 3873 2308 3926 D
2341 3830 2453 3884 ἐστὶ
2497 3840 2596 3883 τῶν
2641 3836 2792 3883 ὄντων
2827 3827 3066 3889 δεκτική.
3128 3832 3186 3885 Εἰ
3237 3829 3295 3885 δὲ
3330 3837 3389 3886 σὲ
3441 3831 3614 3888 συνέϐη
3661 3823 3868 3880 κατ’ίκεῖ-

571 3921 891 3993 receptiva.
944 3919 1000 3976 Si
1051 3925 1103 3974 te
1153 3925 1277 3974 tum
1332 3919 1620 3990 temporis
1671 3921 1833 3976 nasci
1879 3922 2179 3990 contigera

2265 3916 2303 3926 υ
2339 3940 2455 3982 Vo”;
2507 3922 2746 3992 γενέσθαι
2817 3925 2938 3980 τοὺς
2985 3925 3221 3993 καιροὺς,
3277 3928 3435 3994 μόνον
3503 3921 3664 3978 αὐτοῖς
3705 3916 3865 3983 ἐπιγνω-

574 4013 640 4065 tu
669 4008 1053 4065 solummodo
1102 4009 1161 4062 in
1210 4009 1447 4062 illorum
1497 4009 1768 4064 notitiam
1806 4010 2145 4080 deveniens,

2342 4011 2504 4075 σθεὶς,
2555 4011 2756 4060 πάντων
2810 4007 2869 4059 ἂν
2939 4019 3036 4061 τῶν
3102 4019 3314 4084 μακρῶν
3379 4011 3590 4077 ἐκείνων,
3635 4001 3866 4062 ἀπήλλαξαι

574 4099 779 4155 multis
817 4098 1012 4167 longis
1055 4097 1365 4152 laboribus
1395 4103 1450 4152 et
1478 4097 2006 4169 defatigationibus
2063 4101 2182 4171 ipsc

2339 4098 2529 4158 αὐτοὺς
2559 4104 2724 4150 πόνων
2769 4103 2859 4150 καὶ
2887 4101 3155 4170 καμάτων.
3203 4097 3396 4161 Οὐδεὶς
3441 4103 3558 4174 γὰρ,
3587 4098 3731 4168 οἶμαι,
3756 4084 3865 4142 οὗδῧ

572 4187 742 4245 facile
772 4187 1107 4243 liberasses.
1137 4189 1321 4241 Nemo
1347 4187 1528 4250 enim,
1553 4188 1784 4258 opinor,
1823 4193 1872 4242 te
1899 4187 2180 4260 aliquand

2339 4191 2460 4239 ποτε
2493 4205 2569 4255 σε,
2602 4183 2715 4238 οὐδ’
2764 4185 2814 4238 ἐν
2863 4186 3064 4262 ἀκαρεῖ,
3099 4193 3192 4246 τὴν
3225 4189 3390 4248 αὐτὴν
3441 4193 3621 4259 ἔχοντα
3653 4181 3865 4246 amula?!

573 4277 985 4350 deprehendit,
1011 4291 1082 4330 ne
1109 4291 1210 4346 per
1228 4281 1598 4330 momentum
1623 4275 1681 4330 in
1700 4276 1912 4332 eadem
1936 4280 2181 4334 sententi

2335 4281 2546 4346 γνώμην
2576 4297 2588 4308 ο
2641 4275 2767 4326 ἀλλὰ
2813 4276 2994 4349 ῥέοντα
3044 4296 3099 4329 τε
3131 4275 3228 4342 ἀεὶ,
3285 4283 3374 4331 καὶ
3427 4277 3759 4345 ἀλλοιούμενον,
3799 4267 3863 4315 καὶ

571 4372 947 4429 manentem;
971 4363 1075 4418 sed
1095 4362 1454 4418 deﬂuentem
1476 4380 1730 4435 semper,
1759 4365 2179 4431 immutatum,t

2335 4373 2434 4415 τῶν
2493 4370 3000 4437 παρατυγχανόντων
3057 4372 3344 4437 γινόμενον,
3422 4371 3508 4418 καὶ
3557 4367 3668 4436 πρὸς
3711 4359 3865 4409 ᾶπαντα

568 4454 966 4530 praesentibus
981 4453 1327 4524 implicitum
1345 4457 1401 4507 et
1422 4454 1496 4507 ad
1521 4454 1726 4508 omnia
1750 4439 2176 4525 transfiguratw

2333 4457 2702 4526 μορφούμενον,
2773 4460 2861 4506 καὶ
2929 4457 2998 4515 ὡς
3054 4455 3219 4527 οἰκειᾳ
3272 4464 3444 4529 μορφῇ
3509 4459 3595 4510 τὴν
3664 4447 3863 4519 ἀμορφίτδ

567 4551 623 4602 et
651 4545 913 4602 foeditate
942 4549 1231 4615 tanquam
1265 4540 1507 4613 propria
1555 4542 1989 4613 pulchritudine
2033 4561 2175 4601 excu

1193 4558 1231 4596 n
1265 4540 1507 4613 propria
1555 4542 1989 4613 pulchritudine
2033 4545 2224 4601 excul-
2333 4542 2801 4615 καλλωπιζόμενον.

578 4639 727 4692 tum.

1213 4721 1426 4776 EPIST.
1451 4719 1580 4775 LIX.

2941 4726 3152 4774 ΕΠΙΣΤ.
3195 4719 3328 4776 ΝΘ’.

701 4812 983 4884 Gregorio
1006 4812 1257 4869 diacono
1281 4817 1335 4867 et
1361 4809 1730 4867 chartulario
1756 4813 2098 4872 Amasiano.

2337 4812 2606 4880 Γρηγορίῳ
2696 4806 2922 4880 διακόνῳ
3001 4816 3092 4862 xui.
3164 4810 3529 4884 χαρτουλαρίῳ
3611 4802 3673 4875 τῷ
3735 4801 3860 4868 Ἅμα·

3039 4918 3218 4971 σιανῳ.

1853 4992 2149 5045 Montacut.
2182 4998 2290 5062 (ep.
2327 5001 2405 5058 99,
2437 5017 2492 5065 p.
2520 5003 2654 5066 Hi).

639 5105 828 5160 Audio
862 5105 1159 5178 quosdam
1190 5123 1262 5162 ex
1311 5106 1666 5162 adversariis
1722 5123 1933 5178 pacem
1967 5111 2217 5170 circum-

2402 5117 2603 5173 Ἀκούω
2664 5140 2807 5181 τινας
2877 5128 2976 5173 τῶν
3053 5119 3287 5173 ἐναντίων
3355 5121 3554 5188 εἰρήνην
3613 5103 3855 5188 mpm/731'

569 5193 942 5262 annuntiare,
971 5199 1024 5249 et
1056 5195 1444 5268 simpliciores
1470 5197 1693 5262 conari,
1725 5203 1786 5254 ut
1831 5199 1943 5254 hoc
1974 5203 2177 5258 nomin

2386 5226 2452 5270 ιν,
2486 5213 2575 5260 καὶ
2600 5212 2716 5270 τοὺς
2764 5208 3150 5281 ἁπλουστέρους
3208 5210 3489 5282 ἐπιχειρεῖν
3535 5208 3679 5274 ταύτῃ
3728 5193 3855 5282 δελεά-

566 5282 862 5340 inescatos
919 5282 1161 5356 capiant
1192 5301 1204 5339 :
1241 5291 1675 5354 verumtamen,
1705 5287 1755 5342 si
1793 5303 2006 5362 pacem
2053 5290 2174 5348 illa:

2332 5295 2436 5356 ζειν
2470 5304 2528 5369 τῇ
2579 5303 2932 5373 προσηγορίᾳ.
2983 5279 3119 5351 Ἀλλ’
3151 5299 3194 5352 εἰ
3225 5279 3330 5372 μὲν
3369 5279 3429 5358 ἦν
3462 5299 3486 5350 ό
3520 5297 3686 5369 Κύριος
3729 5279 3856 5340 διδω-

1899 5415 2132 5472 νΑΒΙιΕ
2167 5418 2578 5481 LECTIONES.

639 5545 670 5576 ιι
692 5535 976 5610 ἴσ.νωθρῷ.
