4072 6232
209 296 330 353 873

1483 285 1998 350 EPISTOLARUM
2040 288 2253 351 LIBER
2290 296 2360 350 ΙΙ.

3506 285 3686 367 ενι

223 449 334 496 σιν,
363 428 456 482 οῦκ
484 427 708 492 ἐκείνους
765 425 848 482 δεῖ
885 425 1290 504 περιαγγέλλειν,
1341 423 1470 478 ἀλλὰ
1522 425 1646 501 παρ’
1677 427 1824 498 ἡμῶν

1960 433 2145 491 quam
2175 419 2281 476 dat
2305 421 2596 477 Dominus
2623 421 3002 496 denuntiant,
3025 441 3364 498 congruum
3389 449 3511 490 non
3527 439 3616 492 est

221 522 425 578 ταύτην
477 518 770 592 ὀφείλουσιν
823 517 1177 591 ἐκμανθάνειν.
1265 517 1331 570 Ei
1389 511 1448 567 δὲ
1494 515 1556 574 ἦν
1609 515 1843 568 καθελεῖν

225 608 390 670 αὐτὸς
446 607 685 667 ἐλήλυθεν
715 607 816 680 (Οὐ
862 611 964 680 γὰρ
1024 605 1200 672 ἦλθον,
1253 596 1443 677 φησὶν,
1492 603 1671 678 βαλεῖν
1700 605 1844 678 εἰρή-

227 717 347 762 νην,
396 695 522 749 ἀλλὰ
568 697 886 771 μάχαιραν),
918 700 1153 749 ἴστωσαν
1203 695 1285 747 ὃτι
1341 701 1834 769 χριστομαχοῦσιν,

228 787 336 839 ὑπὸ
375 794 448 857 τῷ
479 793 570 847 τῆς
600 787 806 861 εἰρήνης
835 785 1070 859 ὀνόματι,
1127 788 1222 844 τὴν
1261 783 1378 837 κατ’
1424 783 1584 836 αὐτοῦ
1642 783 1848 857 πολιορ-

229 895 354 929 κιαν
385 893 710 936 ανιστωντες.

885 1058 1099 1106 ΕΠΙΣΤ.
1141 1052 1218 1106 Ξ¹⁸

901 1148 985 1213 Τῷ
1016 1141 1177 1212 αὐτῷ.

1955 511 2017 562 ut
2047 508 2402 564 annuntient
2427 509 2529 575 illi,
2573 511 2679 568 sed
2726 529 2760 569 a
2790 514 2968 571 nobis
2995 515 3153 574 hanc
3182 526 3489 593 acceptam
3515 523 3614 579 de-

1954 595 2100 652 bent
2129 613 2473 668 agnoscere.
2503 599 2622 666 Sin,
2664 617 2849 673 quam
2891 609 2955 660 ut
2984 606 3232 677 tolleret,
3281 609 3409 682 ispe
3438 612 3614 668 adve-

1954 688 2040 742 nit
2072 686 2238 758 (nam
2261 688 2396 744 Non
2443 690 2591 756 veni,
2625 690 2877 758 dicebat,
2909 696 3013 764 qui
3035 711 3232 764 pacem
3261 699 3484 765 darem,
3514 702 3619 758 sed

1955 781 2021 831 ut
2034 776 2305 846 gladium
2317 777 2382 848 ³),
2403 777 2595 835 sciant
2617 785 2742 836 tum
2762 782 2928 853 quod
2943 791 3153 841 contra
3169 787 3464 845 Christum
3484 789 3608 846 bel-

1955 863 2083 920 lum
2129 871 2360 936 gerunt,
2411 871 2487 933 et,
2516 867 2628 924 sub
2657 875 2948 942 praetextu
2978 874 3156 941 pacis,
3190 875 3504 935 obsidione
3529 879 3617 935 in-

1958 953 2210 1010 stituunt
2237 953 2403 1012 illum
2446 956 2702 1028 cingere.

2615 1048 2836 1108 EPIST.
2881 1052 2986 1109 LX.

2673 1138 2905 1196 Eidem.

1516 1266 1799 1316 Montacut.
1832 1265 1939 1329 (ep.
1972 1263 2080 1319 100,
2113 1275 2168 1325 p.
2191 1260 2322 1321 142),

307 1386 371 1435 Εῖ
411 1401 494 1442 τις
564 1377 858 1454 δοξολογία,
925 1384 971 1434 εἴ
1029 1401 1110 1444 τις
1157 1381 1498 1454 εὐχαριστία,
1551 1383 1746 1440 ταύτην
1790 1381 1844 1444 ἐξ

230 1471 353 1532 ὅλης
372 1471 562 1543 ψυχῆς
594 1478 706 1542 Θεῷ
737 1469 1039 1544 ἀνατίθημι,
1092 1473 1172 1524 ὅτι
1223 1491 1286 1544 με
1323 1473 1589 1532 τοιαύταις
1625 1473 1845 1544 ἡμέραις

232 1561 426 1635 ἄρχειν
476 1559 759 1635 ἀνθρώπων
810 1559 869 1612 οὗ
932 1565 1322 1636 συνεχώρησεν,
1380 1556 1494 1612 οὐδ’
1556 1559 1843 1633 ὀφθαλμοῖς

233 1647 438 1703 ἱπιδεῖν
493 1650 660 1710 πάθος
715 1648 1104 1722 ἀπαράκλητον,
1158 1648 1206 1701 ἐν
1261 1649 1343 1711 αἷς
1389 1651 1546 1721 τάφος
1600 1653 1690 1721 μέν
1729 1647 1844 1701 ἀντὶ

232 1739 434 1801 πόλεως
467 1740 496 1796 ἡ
557 1742 971 1804 Κωνσταντίνου,
1023 1741 1204 1812 θρῆνος
1252 1735 1312 1791 δε
1366 1737 1480 1791 ἀντὶ
1507 1734 1842 1810 ψαλμῳδίας,

238 1829 302 1881 οὗ
335 1830 426 1888 τὰς
480 1828 647 1890 οἰκίας
701 1831 874 1900 μόνον,
941 1827 1068 1879 ἀλλά
1105 1833 1195 1880 καὶ
1247 1829 1341 1890 τάς
1378 1826 1653 1888 ἐκκλησίας
1680 1829 1793 1899 ἔχει
1823 1845 1841 1862 ο

234 1927 342 1971 τῶν
397 1919 486 1988 μὲν
537 1916 827 1990 ὁλοκλήρων
876 1916 948 1979 εἰς
993 1913 1180 1989 ἔδαφος
1227 1921 1467 1990 κειμένων
1521 1919 1708 1987 θέαμα,
1751 1935 1846 1988 φα-

238 2011 346 2072 σὶν,
380 2004 606 2073 ἐλεεινόν,
640 2011 730 2059 καὶ
779 2002 1084 2078 διηγεῖσθαι
1136 2009 1314 2080 μεῖζον
1361 2011 1588 2067 πίστεως
1613 2023 1626 2036 ⁵
1659 2013 1758 2058 τῶν
1786 2001 1846 2058 δὲ

233 2104 310 2166 τῷ
359 2099 592 2168 μεγίστῳ
637 2099 780 2170 μέρει
826 2099 1287 2168 κατενηνεγμένων,
1338 2100 1428 2148 καὶ
1479 2091 1705 2168 μηδενός
1752 2101 1846 2147 τοῦ

233 2187 442 2248 πάθους
492 2189 781 2259 κρείττονος
830 2190 1101 2258 γενομένου
1140 2205 1154 2218 ·
1205 2184 1335 2237 ἀλλὰ
1390 2189 1478 2237 καὶ
1538 2183 1701 2247 αὐτῆς
1755 2193 1847 2244 τῆς

233 2283 354 2348 γῆς,
406 2282 480 2346 τῷ
533 2272 776 2348 ἀφορήτῳ
818 2274 958 2346 σάλῳ
1006 2279 1096 2326 καὶ
1153 2274 1337 2346 κλόνῳ,
1379 2274 1448 2335 εἰς
1500 2278 1631 2348 μέρη
1682 2273 1849 2326 πολλά

240 2361 792 2438 πγκαταρῥαγείσης,
862 2367 952 2416 καὶ
1026 2367 1090 2416 τὰ
1155 2362 1208 2426 ἐξ
1267 2363 1451 2425 αἰῶνος
1510 2371 1605 2425 τῆς
1661 2363 1849 2424 πόλεως

238 2454 409 2519 πάθη,
467 2460 540 2516 τῷ
597 2454 801 2525 μεγέθει
853 2460 951 2504 τῶν
1013 2461 1185 2505 κακῶν
1261 2451 1666 2524 ἀποκρυψάσης*
1741 2459 1849 2506 Νῦν

241 2545 336 2616 μὶν
363 2544 466 2615 γὰρ
499 2545 564 2593 τά
611 2539 838 2614 ἐμαυτοῦ
863 2546 1018 2615 μόνον
1061 2550 1258 2608 σκοπῶ,
1309 2548 1398 2595 καὶ
1429 2542 1498 2603 εἰς
1546 2540 1712 2594 ἐκεῖνά
1759 2561 1850 2614 μοι
1890 2585 1893 2587 .

246 2634 316 2685 τὰ
345 2640 436 2691 τῆς
465 2627 740 2706 φροντίδος
778 2635 868 2683 καὶ
923 2639 1015 2693 τῆς
1069 2629 1290 2703 ἀγωνίας
1331 2631 1678 2684 ἀποτείνεται.
1723 2634 1852 2684 Τότε

249 2717 309 2774 δὲ
340 2719 538 2791 ἀνάγκη
565 2722 766 2793 τρέμειν
813 2716 1036 2786 ἦν,καὶ
1066 2721 1191 2794 ὑπὲρ
1241 2729 1340 2772 τῶν
1380 2720 1569 2796 ἑτέροις
1618 2721 1852 2795 ἁμαρτα-

244 2812 488 2882 νομένων,
563 2813 655 2861 καὶ
724 2816 831 2870 τοῖς
908 2807 1110 2862 ἐκείνων
1179 2811 1462 2882 παθήμασι
1545 2815 1848 2883 πικρότερον

245 2895 608 2970 ἀποδύρεσθαι
668 2902 758 2950 καὶ
813 2901 1016 2970 μήποτε
1070 2906 1142 2968 τῷ
1190 2907 1344 2969 κοινῷ
1385 2911 1412 2941 ο
1453 2906 1551 2952 τῶν
1580 2895 1850 2971 ἀδικημά-

240 3009 343 3042 των
375 2983 654 3060 [δεδιέναι]
711 2993 886 3046 κοινήν
916 2995 988 3058 τῷ
1035 2987 1223 3047 πλήθει
1283 2992 1378 3047 τὴν
1425 2993 1704 3064 τιμωρίαν,
1757 2992 1850 3041 καὶ

239 3077 394 3130 αῦτοὶ
425 3073 700 3138 δοκοῦντες
756 3078 1099 3149 προεστάναι,
1161 3073 1539 3149 συνδιενεγκεῖν
1583 3073 1852 3130 καταδικα

242 3168 449 3238 σθῶμεν
482 3183 498 3198 °
524 3165 592 3217 ὧν
624 3165 886 3231 ἁπάντων,
942 3165 1255 3239 ἀνθρώπινοι
1319 3170 1430 3240 μὲν,
1463 3168 1534 3229 ὡς
1580 3165 1846 3239 ἐνόμισαν,

242 3253 534 3322 ἓπιϐονλαὶ,
587 3257 712 3316 Θεὸς
744 3251 823 3321 δὲ,
877 3261 941 3327 τῇ
986 3255 1152 3327 οἰκείᾳ
1205 3257 1395 3328 χάριτι
1446 3259 1536 3308 καὶ
1567 3255 1852 3330 φιλανθρωο

241 3347 360 3418 πίᾳ,
404 3343 679 3420 ἐρρύσατο.

2027 1381 2084 1439 Si
2133 1397 2264 1455 quae
2317 1379 2658 1450 doxologia,
2711 1381 2761 1436 si
2811 1382 3168 1441 eucharistia
3215 1385 3447 1458 aliquid
3511 1387 3608 1454 sit,

1953 1468 2119 1525 illam
2143 1486 2255 1540 ego
2280 1475 2399 1526 toto
2424 1470 2630 1526 animo
2650 1469 2710 1526 in
2741 1472 2929 1526 Deum
2957 1471 3166 1538 refero,
3186 1474 3347 1544 quod
3370 1491 3464 1532 me
3489 1491 3612 1532 non

1955 1563 2043 1614 est
2074 1574 2292 1630 passus
2344 1558 2691 1614 hominibus
2744 1575 3006 1631 praeesse
3049 1578 3188 1617 cum
3229 1563 3481 1634 imperio
3511 1581 3619 1637 per

1954 1647 2098 1703 tales
2113 1649 2258 1715 dies,
2279 1663 2390 1704 nec
2419 1647 2608 1704 oculis
2628 1649 2896 1704 contueri
2907 1649 3341 1707 inconsolabile
3363 1653 3615 1721 malum,

1879 1769 1922 1824 Β
1954 1753 2094 1794 cum
2109 1753 2229 1794 non
2247 1738 2458 1794 civitas
2473 1737 2577 1792 sed
2603 1736 2948 1810 sepulcrum
2973 1739 3219 1796 exsistat
3248 1741 3620 1798 Constantini

1957 1827 2118 1892 urbs,
2149 1826 2498 1883 lamentatio
2526 1842 2666 1881 cum
2690 1841 2799 1897 pro
2838 1826 3217 1900 psalmodiis,
3241 1845 3364 1885 non
3399 1831 3618 1886 domos

1953 1921 2187 1972 tantum
2219 1917 2497 1986 privatas,
2523 1915 2628 1970 sed
2657 1919 2714 1970 et
2734 1916 3013 1972 ecclesias
3042 1922 3330 1989 occupet:
3359 1935 3620 1990 quarum

1951 2006 2248 2062 nonnulla;
2279 2023 2309 2062 e
2337 2005 2746 2062 fundamentis
2776 2005 3044 2062 subruta;
3088 2007 3220 2063 solo
3249 2013 3571 2080 aequantur
3598 2027 3613 2078 ;

1953 2095 2368 2152 miserandum
2397 2094 2581 2150 cuivis
2607 2094 3094 2166 spectaculum,et
3113 2095 3280 2167 quod
3309 2102 3620 2154 narratum

1953 2185 2139 2241 ﬁdem
2175 2200 2298 2240 non
2315 2183 2578 2240 inveniat
2609 2199 2624 2238 :
2649 2181 2780 2239 alim
2806 2187 3010 2240 autem
3037 2185 3304 2242 maxima
3327 2201 3401 2242 ex
3421 2190 3616 2259 parte,

1954 2273 2089 2330 licet
2118 2273 2282 2328 nulla
2310 2271 2508 2328 clades
2538 2271 2916 2335 desolaverit,
2959 2272 3201 2330 ruinam
3232 2277 3456 2331 tamem
3487 2291 3616 2347 spe-

1957 2366 2114 2419 ctent
2145 2378 2157 2416 :
2193 2378 2301 2418 nec
2331 2361 2422 2417 vel
2447 2376 2566 2417 una
2595 2359 2984 2418 ecclesiarum
3009 2366 3177 2420 extra
3209 2363 3619 2422 calamitatem

1955 2452 2113 2508 hanc
2142 2451 2337 2524 posita
2375 2450 2678 2516 subsistat,
2709 2450 2817 2506 sed
2860 2455 2918 2507 et
2947 2451 3084 2524 ipsa
3139 2451 3332 2522 tellus,
3364 2469 3618 2510 concus-

1959 2541 2128 2597 sione
2165 2544 2222 2596 et
2251 2545 2505 2596 tremore
2531 2538 2910 2607 intolerabili,
2937 2538 3002 2595 in
3024 2539 3246 2597 multas
3272 2546 3474 2613 partes
3499 2541 3618 2598 dis-

1958 2629 2111 2686 siluit
2141 2645 2155 2683 :
2190 2628 2350 2684 unde
2393 2627 2496 2684 illa
2541 2643 2785 2701 quoque
2813 2628 3037 2700 quibus
3067 2628 3211 2685 olim
3240 2629 3372 2686 haec
3399 2629 3612 2688 civitas

1960 2717 2133 2772 malis
2161 2716 2620 2774 conﬂictabatur
2651 2733 2760 2789 pro
2811 2716 2986 2772 nullis
3014 2717 3298 2775 habenda
3351 2723 3510 2776 sunt.
3550 2719 3620 2775 In

1957 2807 2233 2878 praesenti
2256 2823 2352 2864 res
2394 2822 2561 2863 meas
2593 2811 2826 2863 tantum
2856 2806 3152 2879 speculor,
3173 2808 3236 2864 in
3257 2823 3358 2865 eas
3385 2824 3533 2866 cura
3559 2812 3618 2865 et

1958 2895 2292 2952 sollicitudo
2320 2911 2456 2952 mea
2484 2895 2682 2952 omnis
2708 2896 2915 2951 fertur.
2960 2895 3133 2962 Quod
3163 2896 3211 2952 si
3241 2901 3444 2955 autem
3474 2913 3617 2953 cum

1957 2988 2211 3060 imperio
2238 3005 2430 3046 essem
2459 3004 2772 3045 necessum
2799 2988 3108 3054 haberem,
3142 2993 3200 3045 et
3228 3005 3337 3062 pro
3394 2989 3525 3046 aliis
3553 2991 3618 3046 ti-

1960 3093 2121 3134 mere
2143 3078 2548 3149 peccantibus,
2583 3082 2641 3135 et
2664 3077 3079 3134 vehementius
3107 3094 3319 3136 eorum
3347 3078 3616 3136 afﬂictio-

1959 3167 2142 3223 nibus
2166 3167 2498 3233 condolere,
2543 3170 2601 3222 et
2654 3172 2923 3223 metuere
2961 3182 3036 3223 ne
3075 3183 3181 3240 per
3232 3173 3618 3240 peccatorum

1962 3255 2328 3319 societatem.
2383 3259 2439 3312 et
2479 3270 2612 3320 nos,
2643 3255 2744 3327 qui
2772 3255 3052 3311 videmur
3080 3255 3307 3312 eisdem
3337 3271 3615 3329 prayesse,

1961 3345 2040 3402 ad
2063 3343 2418 3416 supplicium
2465 3359 2787 3400 commune
2817 3344 3294 3401 condemnemur
3327 3361 3343 3402 :
3386 3345 3466 3402 ab
3489 3345 3617 3402 istis

241 3447 359 3489 nos
387 3431 672 3490 omnibus
702 3433 1039 3499 hominum,
1073 3448 1208 3506 quae
1231 3433 1590 3491 videbantur
1617 3432 2120 3506 conspirationes,
2142 3431 2302 3489 Deus
2333 3434 2532 3490 autem
2559 3447 2785 3501 revera,
2809 3447 2841 3488 e
2871 3449 2986 3491 sua
3037 3433 3232 3504 gratia
3261 3437 3318 3492 et
3343 3433 3615 3492 bonitate

241 3523 546 3580 liberavit.

871 3618 1085 3666 ΕΠΙΣΤ.
1123 3613 1230 3667 ΞΑ.

916 3708 1000 3772 Τῷ
1028 3700 1190 3773 αὐτῷ.

2575 3611 2795 3669 EPIST.
2837 3611 2980 3671 LXI.

2679 3700 2906 3758 Eidem.

1521 3825 1814 3876 Montacut.
1851 3827 1956 3891 (ep.
1983 3827 2092 3884 101,
2124 3841 2182 3891 p.
2229 3825 2365 3889 “2).

315 3942 457 4015 Ἐγὼ
480 3943 572 4014 μὲν
599 3940 690 3994 οῦκ
735 3941 796 3992 ἄν
845 3943 1001 4012 φαίην
1055 3935 1212 4002 δίκας
1257 3943 1476 3993 τίνουσα
1515 3951 1544 3994 Ρ
1581 3944 1674 3999 τήν
1704 3939 1851 3992 πόλιν

239 4040 346 4086 τῶν
376 4031 444 4092 εἰς
487 4032 629 4093 ἡμᾶς
681 4026 1044 4102 ἀδικημάτων,
1103 4029 1216 4082 ἀντὶ
1261 4029 1454 4090 πόλεως
1506 4025 1853 4103 πολυάνδριον

2035 3942 2155 4013 Ego
2186 3943 2344 3996 certe
2373 3937 2540 3995 haud
2569 3936 2844 4008 dixerim,
2873 3939 3086 3996 urbem
3129 3937 3192 3997 in
3214 3941 3618 4014 sepulcretum

1961 4028 2285 4094 redactam,
2317 4028 2380 4084 in
2410 4027 2733 4084 vindictam
2763 4043 2973 4084 eorum
3017 4027 3123 4101 qui
3164 4029 3226 4084 in
3262 4045 3358 4086 me
3398 4029 3618 4101 injuste

239 4122 487 4195 γενέσθαι
520 4137 534 4150 ⁶
567 4128 805 4195 παραινῶ
836 4115 895 4172 δὲ
933 4115 1072 4191 μηδὲ
1102 4123 1196 4178 τὴν
1229 4120 1371 4192 ὑμῶν
1402 4107 1656 4178 ὁσιότητα
1684 4127 1849 4172 ταῦτα

1961 4117 2227 4176 fecerunt
2254 4133 2269 4184 ;
2301 4121 2405 4174 aut
2423 4116 2630 4172 hortor
2655 4119 2824 4174 tuam
2851 4117 3220 4174 sanctitatem
3245 4122 3309 4174 ut
3338 4118 3618 4175 eamdem

241 4210 445 4263 ἐννοεῖν.
506 4213 651 4270 Τίνες
711 4211 814 4284 γὰρ
868 4210 1038 4281 ἡμεῖς,
1103 4208 1146 4261 εἰ
1205 4213 1295 4260 καὶ
1359 4211 1679 4282 πεπόνθαμεν
1732 4205 1852 4262 ἀδιο

241 4306 444 4372 ήγητα,
499 4300 582 4352 ἵνα
649 4298 966 4358 τηλικαύτην
1017 4297 1178 4373 ὀργὴν
1230 4297 1625 4372 ἒκκαλεσὼμεθα
1673 4307 1847 4367 Θεοῦ;

241 4390 410 4452 ἄλλως
466 4407 521 4442 τε
574 4385 633 4441 δὲ
678 4393 768 4441 καὶ
815 4392 948 4459 τότε,
996 4387 1145 4441 πλέον
1174 4390 1474 4460 πάσχοντες
1509 4388 1640 4463 [νῦν]
1675 4387 1723 4441 έν
1773 4389 1852 4451 οἷς

241 4481 429 4532 ἐκεῖνοι
487 4479 787 4550 πάσχουσι,
849 4485 922 4550 τῷ
986 4487 1140 4550 κοινῷ
1188 4482 1326 4550 νόμῳ
1380 4485 1473 4539 τῆς
1527 4480 1851 4552 συμπαθείας

241 4574 335 4621 καὶ
361 4570 578 4640 φύσεως,
620 4571 652 4626 ἦ
683 4565 730 4618 ἄν
761 4566 839 4628 οἶς
893 4565 1061 4619 αὐτῶν
1107 4563 1463 4642 δεδρακότων,
1518 4565 1847 4640 ἐπάσχομεν.

243 4657 307 4711 Εἰ
351 4653 425 4726 δ’,
480 4657 561 4709 ὃτι
607 4665 706 4709 τῶν
763 4655 861 4708 ἀνὰ
902 4660 996 4715 τὴν
1062 4656 1356 4729 Ῥωμαῖκὴν
1415 4656 1590 4732 ἀρχήν
1640 4656 1853 4716 Ἐκκληο

246 4755 377 4799 σιῶν
405 4751 500 4806 τήν
527 4743 685 4809 δόξαν
718 4745 1006 4819 ἀπέκειρον,
1033 4749 1124 4798 καὶ
1175 4745 1248 4808 εἰς
1291 4748 1357 4799 τὰ
1399 4754 1498 4800 τῶν
1520 4753 1851 4822 Χριστιανῶν

241 4839 520 4909 μυστήρια
571 4832 964 4907 ἐξωρχήσαντο,
1037 4838 1126 4887 καὶ
1211 4833 1479 4910 ἀρχιερεῖς
1551 4839 1642 4887 καὶ
1707 4837 1850 4908 ἱερεῖς

243 4930 404 4990 Θεοῦ,
439 4924 627 4998 θρόνων
674 4927 764 4975 καὶ
811 4923 1154 4990 Ἐκκλησιῶν,
1182 4925 1329 4997 πάσῃ
1374 4931 1592 4998 μηχανῇ
1635 4929 1724 4977 καὶ
1754 4926 1852 4976 πά-

245 5031 312 5086 ση
354 5011 467 5086 βίᾳ,
514 5011 771 5076 ἐξήλασαν
802 5029 815 5042 ο
846 5016 933 5065 καὶ
993 5011 1040 5064 ἐν
1080 5021 1246 5086 καιρῷ
1278 5020 1725 5087 Χριστιανισμοῦ,
1757 5015 1851 5075 τὰς

236 5101 488 5160 Ἑλλήνων
568 5101 780 5176 πράξεις
867 5100 1344 5176 παρρησιάσασθαι
1425 5105 1847 5178 παρεσκεύασαν,

241 5199 371 5264 σιγῇ
453 5189 666 5264 βαθείᾳ,
746 5189 936 5263 μᾶλλον
995 5187 1054 5244 δε
1117 5199 1454 5267 καταστροφῇ
1507 5191 1694 5266 τελείᾳ,
1754 5193 1851 5255 τάς

316 5315 339 5351 ⁸
371 5315 576 5372 Matth.
610 5331 670 5380 ι,
701 5315 798 5374 34.

1961 4208 2167 4265 foveas
2182 4223 2419 4264 mecum
2437 4205 2805 4278 opinionem.
2823 4206 3078 4272 Quinam
3097 4206 3257 4263 enim
3280 4222 3392 4264 nos
3405 4223 3617 4263 sumus

1959 4297 2093 4354 licet
2119 4297 2287 4370 passi
2317 4294 2782 4368 inexplicabilia,
2809 4299 2874 4351 ut
2904 4299 3130 4352 tantam
3155 4312 3193 4351 a
3221 4296 3342 4353 Deo
3371 4296 3616 4352 iracun-

1959 4387 2124 4459 piam
2155 4386 2518 4442 devocemus
2543 4401 2557 4440 :
2587 4389 2742 4440 certe
2771 4383 3018 4457 quidem
3049 4384 3112 4440 in
3138 4384 3210 4440 iis
3235 4401 3367 4460 quae
3391 4385 3618 4460 patitur

1961 4475 2185 4546 civitas,
2232 4478 2289 4531 et
2335 4489 2445 4530 nos
2487 4473 2666 4546 plane
2698 4471 3122 4546 compatimur,
3171 4474 3506 4530 secundum
3534 4473 3618 4530 le-

1960 4580 2097 4636 gem
2125 4571 2354 4623 naturae
2381 4570 2435 4619 et
2463 4563 2908 4636 compassionis
2929 4562 3239 4632 naturalis,
3259 4562 3395 4636 plus
3426 4578 3615 4635 quam

1958 4671 2066 4728 per
2077 4655 2178 4711 illa
2199 4653 2600 4728 patiebamur,
2614 4668 2752 4726 quae
2771 4668 2808 4710 a
2827 4651 3060 4708 civibus
3076 4668 3285 4708 sumus
3305 4651 3492 4723 passi.
3510 4651 3614 4709 Sin

1959 4749 2160 4803 autem
2211 4743 2546 4801 facinorum
2599 4757 2809 4799 eorum
2868 4756 3078 4814 poenas
3108 4741 3295 4805 luant,
3328 4756 3438 4812 per
3475 4757 3614 4815 quas

1960 4835 2204 4906 gloriam
2227 4833 2392 4888 Deiet
2413 4831 2812 4888 Ecclesiarum
2842 4830 2904 4886 in
2924 4832 3045 4886 toto
3061 4832 3329 4885 Romano
3356 4829 3611 4903 imperio

1959 4923 2288 4996 positarum
2318 4919 2718 4986 attonderunt,
2753 4924 2809 4976 et
2865 4917 3230 4974 insultarunt
3273 4919 3613 4990 petulanter

1960 5011 2430 5068 Christianorum
2460 5009 2775 5080 mysteriis,
2809 5009 3144 5082 episcopos,
3191 5011 3248 5062 et
3277 5006 3382 5063 Dei
3423 5023 3616 5065 sacer-

1959 5102 2151 5166 dotes,
2185 5099 2267 5154 nil
2295 5113 2416 5155 non
2432 5097 2761 5160 molientes,
2783 5097 3013 5153 nullam
3036 5096 3154 5152 vim
3179 5097 3616 5154 nonintentan-

1957 5195 2064 5260 tes,
2077 5191 2152 5246 de
2182 5187 2412 5245 thronis
2442 5190 2500 5243 et
2532 5185 2810 5242 Ecclesiis
2844 5186 2968 5242 suis
2996 5189 3218 5257 ejectos
3247 5186 3609 5258 abegerunt:

1603 5437 1851 5495 VARIIE
1871 5437 2274 5496 LECTIONES.

327 5567 432 5619 οῖσ
504 5569 594 5618 καὶ
625 5561 855 5620 δεδιέναι
882 5569 1086 5640 μήποτε
1105 5570 1179 5640 τῷ
1209 5570 1432 5639 κοινῷ...

533 5675 774 5732 ΡΑτιιοι..
802 5674 903 5731 Gn.
939 5673 1049 5730 CII.

1519 5572 1549 5618 P
1567 5566 1648 5622 ῖσ.
1677 5567 1943 5618 τίνουσαν.
