4072 6232
626 263 735 327 875

1864 261 2100 322 PHOTII
2137 259 2621 323 PATRIARCH/E
2653 264 2759 325 ΟΡ.
3815 279 3882 340 €73

624 399 682 452 et
715 393 816 450 ubi
843 392 1179 450 Christiana
1197 389 1766 465 professiovigebat,
1794 404 2065 462 paganas
2101 391 2232 447 acti<

2271 391 2354 445 -A
2392 393 2534 455 θιίας
2587 394 2785 456 τελετὰς
2840 401 2929 449 καὶ
2972 397 3040 450 τὰ
3083 399 3273 472 φρικτὰ
3301 394 3706 471 παραδεδωκότες
3747 409 3879 474 δρομι-

627 499 735 539 nes
785 483 1089 540 licentiosa
1143 481 1361 554 patrari
1407 484 1765 536 curaverunt
1809 495 1822 534 :
1865 481 2097 536 silentio
2146 496 2280 552 pro-

630 569 838 637 fundo,
887 572 1090 644 potius
1123 571 1498 626 subversioni
1537 569 1836 642 plenariaa,
1867 571 2158 626 sacriﬁcia
2188 572 2278 626 di-

622 663 785 728 vina,
813 666 870 717 et
897 659 1243 717 veneranda
1269 660 1366 715 illa
1396 659 1562 731 orgia
1588 659 1883 714 tradidere
1910 677 1923 714 :
1957 660 2004 714 si
2037 660 2116 714 ob
2146 660 2274 716 haec

621 751 825 808 omnia
855 765 1066 824 poenas
1106 749 1273 805 luant
1303 748 1595 814 audaciae,
1643 747 1788 804 nihil
1827 754 1914 803 est
1947 749 2112 820 quod
2141 765 2274 822 pro-

619 840 894 896 nuntiare
911 853 1022 910 ego
1037 854 1314 910 possum,
1341 837 1535 893 donec
1565 837 1755 893 multa
1785 837 1876 893 his
1906 839 2142 908 majora
2169 853 2271 895 eos

619 933 988 1001 perpetrasse
1007 927 1301 1000 judicium
1324 925 1470 982 illud
1495 926 1555 982 in
1577 926 1739 982 caalis
1765 933 2156 1000 repraesentet.

1257 1013 1475 1071 EPIST.
1516 1014 1672 1070 LXII.

971 1106 1224 1178 Georgio
1255 1107 1497 1164 diacono
1526 1107 1946 1165 etcubiclusz'o.

1858 1214 2145 1268 Montacut.
2175 1218 2264 1282 (ep

685 1330 975 1388 Denuntio
1013 1330 1140 1399 tibi,
1187 1331 1520 1387 amicorum
1567 1331 1808 1404 optime,
1855 1347 1930 1388 ne
1981 1332 2266 1406 deinceps

607 1421 836 1477 amicus
862 1420 1038 1476 nobis
1091 1419 1439 1476 nomineris.
1484 1423 1653 1477 Nunc
1681 1421 1840 1478 enim
1872 1420 2143 1492 intelligo
2169 1437 2265 1480 me

607 1526 733 1582 pra)
761 1510 991 1566 cunctis
1026 1509 1378 1566 mortalibus
1409 1510 1470 1566 in
1511 1509 1664 1566 veris
1709 1511 1918 1567 amicis
1971 1512 2266 1569 habendis

609 1597 1105 1654 infelicissimum.
1163 1600 1360 1654 Bonus
1417 1597 1512 1654 ille
1563 1603 1620 1655 et
1668 1599 1860 1655 ﬁdelis
1913 1616 2265 1657 (nconomus

609 1687 948 1743 communis
967 1688 1197 1743 amicus
1223 1687 1342 1755 (hei
1366 1688 1510 1743 mihi
1533 1688 1637 1760 qui
1663 1688 1780 1744 hoc
1806 1688 1938 1744 dico
1965 1695 2020 1746 et
2043 1689 2259 1760 scribo,

607 1776 740 1848 ipso
771 1777 1002 1833 interim
1030 1779 1302 1847 tacente),
1339 1793 1432 1832 me
1461 1775 1685 1844 relicto,
1719 1778 2024 1849 temporali
2042 1777 2259 1846 amico,

607 1881 718 1938 pro
751 1881 865 1932 me,
913 1872 974 1922 ut
1003 1865 1259 1932 videtur,
1301 1871 1555 1922 teternos
1605 1865 1834 1923 amicos
1878 1867 2256 1938 permutavit.

608 1957 736 2010 Non
766 1955 925 2011 enim
958 1955 1079 2026 pati
1109 1955 1298 2027 potuit
1325 1960 1555 2012 tantam
1587 1957 1866 2012 virtutem
1899 1955 2000 2012 tali
2034 1961 2259 2028 tempo-

603 2059 740 2100 rum
770 2044 1212 2116 opportunitate
1239 2044 1529 2110 obtinere,
1562 2045 1772 2101 Timon
1802 2044 1897 2101 ille
1922 2044 2086 2117 apud
2110 2046 2258 2103 anti-

603 2133 860 2206 quos,im
868 2133 1160 2205 probitate
1172 2133 1466 2190 hominum
1481 2133 1757 2190 fortassis
1772 2134 2128 2192 intolerabili
2141 2151 2257 2192 mo-

601 2226 716 2290 tus,
757 2222 1084 2294 prudenter
1117 2222 1312 2294 egisse
1362 2221 1609 2295 quidem
1643 2223 1808 2279 visus
1833 2228 1941 2289 est,
1977 2239 2112 2280 cum
2146 2240 2253 2296 pro

597 2311 1022 2381 philanthropo
1033 2311 1477 2381 misanthropus
1487 2310 1691 2368 haberi
1711 2311 2254 2383 volebat.Egomul-

601 2403 662 2456 to
685 2399 937 2472 {quidem
980 2400 1196 2456 rectius
1232 2398 1503 2466 videbor,
1535 2415 1639 2472 pro
1677 2399 1896 2457 atfectu
1937 2417 2060 2473 quo
2092 2415 2249 2470 sum,

599 2488 949 2556 misophilus
998 2488 1404 2545 nominandus
1439 2505 1627 2546 :nam
1665 2505 1805 2546 cum
1837 2489 1988 2546 inter
2025 2489 2254 2548 amicos

601 2576 755 2632 mira
783 2576 1030 2648 quidem
1057 2577 1288 2634 virtutis
1313 2578 1709 2635 admiratione
1745 2579 1858 2635 frui
1897 2578 2148 2647 viderer,
2180 2581 2252 2637 de

597 2664 870 2721 fruitione
903 2666 1268 2736 gaudebam,
1294 2672 1352 2723 et
1377 2667 1574 2724 statim
1606 2683 1746 2724 cum
1779 2667 1984 2725 dolore
2010 2669 2247 2739 acerbo,

597 2753 758 2820 inde,
795 2755 961 2826 quod
999 2771 1094 2813 me
1123 2756 1276 2812 male
1317 2755 1519 2822 habet,
1545 2757 1869 2823 exturbor;
1906 2759 1988 2815 ita
2019 2763 2082 2815 ut
2118 2759 2252 2830 qui-

598 2859 837 2918 cunque
871 2846 968 2902 ille
989 2852 1076 2902 est
1103 2847 1208 2919 qui
1237 2846 1420 2903 telum
1445 2847 1560 2904 hoc
1588 2849 1650 2904 in
1671 2863 1767 2905 me
1781 2850 2250 2915 amentavit,sive

596 2948 669 2990 ex
703 2934 928 2992 invidia
969 2935 1092 2992 sive
1128 2935 1369 2993 aliunde
1412 2941 1628 3002 motus,
1661 2936 1723 2994 id
1757 2936 1876 3006 egit
1914 2943 2143 2995 tantum
2187 2944 2250 2995 ut

2385 483 2448 534 ἆν
2479 482 2566 535 οὖν
2599 480 2693 536 διὰ
2739 492 2908 539 ταῦτα
2956 483 3109 548 δίκας
3157 488 3560 560 εἰσπράττωνται
3586 498 3667 544 τού
3690 492 3879 566 τολμήμαο

2385 591 2489 638 τος,
2530 576 2659 646 πρὸς
2702 583 2855 627 τοῦτο
2886 576 2980 628 ούκ
3026 575 3084 628 ἂν
3115 573 3374 651 δυναίμην
3403 578 3558 640 άλλως
3581 581 3705 651 ἔχειν
3727 578 3880 654 duqu-

2383 666 2660 736 ρίσασθαι,
2714 668 2903 739 μέχρις
2957 668 3018 718 οἷν
3073 671 3130 720 τὸ
3171 670 3284 739 ἔχει
3323 681 3352 723 q
3404 664 3756 745 δικαιωτήριον,
3796 674 3880 726 ἄλλα

2381 755 2499 804 τινα
2545 754 2765 824 μείζονα
2801 764 2897 816 τῆς
2943 755 3260 818 τηλικαύτης
3305 757 3493 830 τόλμης
3544 757 3880 835 ἐξημαρτηκότας

2379 848 2783 916 παραστήσειεν.

2999 941 3210 989 ΕΠΙΣΤ.
3243 937 3336 989 EB"

2643 1027 2881 1097 Γεωργίῳ
2906 1020 3134 1098 διακόνῳ
3163 1029 3254 1079 καὶ
3281 1024 3681 1101 κουϐουκλεισίῳ.

2269 1254 2282 1270 .
2319 1219 2427 1278 ιοι,
2463 1233 2518 1283 ρ.
2549 1220 2680 1282 uo).

2447 1317 2786 1392 Ἀπαγορεύω
2836 1337 2940 1387 σοι,
2992 1319 3146 1392 φίλων
3202 1321 3406 1396 ἄριστε,
3459 1326 3632 1395 μηκέτι
3658 1322 3772 1394 φῡον
3795 1327 3888 1396 ἡρέ-

2374 1426 2516 1481 τερον
2571 1407 2942 1480 ὀνομάζεσθαι.
3026 1415 3133 1462 Νῦν
3207 1412 3309 1484 γὰρ
3365 1412 3516 1482 ἔγνων
3560 1409 3765 1484 ἐμαυτὸν,
3803 1418 3883 1488 περὶ

2374 1501 2495 1561 τούς
2547 1495 2933 1561 ἀληθεστάτους
2971 1498 3172 1571 φίλους,
3229 1501 3429 1552 πάντων
3469 1500 3717 1574 ἀνθρώπων
3741 1499 3882 1555 δυσω-

2371 1592 2648 1659 χέστατον.
2679 1586 2737 1640 Ὀ
2763 1587 2919 1651 καλὸς
2964 1590 3088 1661 ἡμῖν
3139 1593 3227 1641 καὶ
3257 1592 3443 1652 πιστὸς
3467 1589 3722 1664 οἰκονόμος,
3757 1593 3880 1643 6m-

2371 1680 2451 1738 νὸς
2481 1677 2626 1751 φίλος
2673 1677 2748 1750 (οἳ
2779 1697 2869 1749 μοι
2912 1676 3042 1748 λέγω
3085 1683 3177 1731 καὶ
3229 1680 3410 1752 γράφω
3459 1689 3684 1752 σιγῶντος
3726 1680 3881 1746 ἐκείνου)

2369 1764 2530 1822 λιπὼν
2575 1768 2710 1840 ἡμᾶς
2739 1769 2860 1828 τούς
2908 1772 3284 1840 προσκαίρους,
3336 1767 3445 1820 ἀνθ’
3494 1769 3646 1840 ἡμων,
3681 1772 3734 1829 ὡς
3769 1772 3876 1835 ἔοικε,

2369 1858 2488 1917 τούς
2515 1855 2756 1920 αἰωνίους
2779 1856 2958 1930 φίλους
3005 1855 3260 1920 ἠλλάξατο
3287 1878 3300 1892 ο
3351 1860 3517 1932 ὥσπερ
3565 1858 3648 1911 οὐκ
3691 1857 3875 1930 ἀνεχόμε-

2366 1962 2445 2003 νος
2501 1942 2688 2017 ἀρετην
2762 1947 3023 2004 τοσαύτην
3074 1953 3273 2020 καιροῖς
3329 1956 3567 2008 τοιουτοίς
3623 1947 3874 2020 ἐμπολιτιύε-

2367 2034 2512 2088 σθαι.
2545 2034 2607 2086 Ὀ
2636 2037 2726 2106 μεν
2771 2030 2859 2088 οὖν
2911 2033 3127 2096 παλαιὸς
3176 2034 3368 2100 ἐκεῖνος
3420 2041 3599 2109 Τίμων,
3629 2038 3874 2109 μοχθηρίαις

2365 2119 2577 2185 ἀτόποις
2605 2122 2884 2196 ἀνθρώπων
2927 2124 3057 2188 ’ίσως
3086 2129 3406 2200 περιτυχὼν,
3438 2122 3621 2189 ἓδοξέτι
3656 2124 3873 2198 captivis:-

2363 2211 2540 2278 τελεῖν,
2619 2211 2730 2264 ἀντὶ
2794 2211 3176 2286 φιλανθρώπου,
3243 2215 3618 2289 μισάνθρωπος,
3669 2218 3741 2266 καὶ
3784 2209 3873 2266 εἶναι

2363 2306 2452 2354 καὶ
2489 2301 2861 2364 ὀνομάζεσθαι.
2911 2303 3044 2373 Ἐγὼ
3104 2298 3163 2354 δὲ
3203 2303 3375 2375 πολλῷ
3419 2302 3475 2355 ἆν
3519 2309 3699 2376 φανείην
3724 2299 3873 2354 δικαιο-

2361 2409 2502 2466 τερα,
2553 2387 2720 2464 οἶμαι,
2777 2387 3245 2464 διαπραττόμενος,
3303 2390 3414 2444 ἀνθ’
3464 2392 3611 2468 οὗπέρ
3640 2392 3742 2464 εἰμι,
3765 2393 3872 2464 μιοόο

2363 2479 2508 2552 φιλος
2534 2482 2776 2552 γενέσθαι
2832 2477 3215 2556 διανοούμενος.
3268 2489 3369 2543 Τὴς
3420 2484 3518 2556 γὰρ
3544 2481 3586 2534 ἐν
3623 2481 3754 2556 φίλοις
3782 2483 3871 2532 0m-

2361 2576 2566 2642 μαστῆς
2618 2569 2799 2631 ἡλίκης
2869 2569 3058 2643 ἀρετῆς
3129 2569 3406 2624 ἀπολαύειν
3485 2567 3870 2644 ἀρχόμενος,

2361 2660 2451 2729 μὲν
2497 2663 2675 2732 χαίρω
2741 2667 2834 2722 τῆς
2892 2657 3246 2728 ἀπολαύσεως,
3316 2661 3426 2733 ἅμα
3487 2657 3543 2714 δὲ
3588 2661 3685 2712 λίαν
3723 2665 3866 2731 πικρῶς

2361 2745 2656 2820 ἀνιώμενος,
2728 2751 2922 2812 ταύτης
3016 2747 3201 2812 ἀθλίως
3294 2749 3591 2822 ἐλαύνομαι·
3639 2752 3778 2822 ὥσπερ
3812 2746 3869 2796 ἱνα

2357 2840 2512 2906 μόνον
2563 2836 2770 2910 λυπήσῃ
2857 2842 2947 2891 καὶ
3003 2842 3095 2898 τὴν
3159 2840 3508 2897 συναίσθησιν
3557 2846 3645 2890 τῶν
3688 2836 3866 2909 ἀλγεινῶν

2359 2923 2617 2998 ἀφόρητον
2671 2924 2938 3002 ἐπαφήσῃ,
2996 2924 3090 2980 διὰ
3141 2935 3301 2980 τοῦτο
3353 2933 3500 3002 μόνον
3550 2935 3635 2988 τῆς
3679 2928 3865 2984 τοιαύτης

596 3023 904 3089 cruciaret,
929 3029 987 3080 et
1015 3024 1090 3082 de
1120 3024 1425 3098 voluptate
1455 3027 1733 3084 extremis
1761 3027 1938 3099 quasi
1958 3027 2204 3085 labeculi

2286 3009 2325 3064 C
2356 3010 2553 3078 ἡδονῆς
2604 3016 2741 3087 ἡμᾶς
2788 3019 3069 3089 γεύσαντος
3123 3024 3241 3082 τοῦ,
3299 3021 3440 3081 ὅστις
3493 3021 3605 3072 ποτέ
3641 3016 3756 3069 ἐστιν

594 3113 1072 3184 degustaremus.
1105 3118 1280 3171 Extra
1309 3131 1406 3172 me
1439 3115 1640 3188 rapior
1660 3115 1738 3172 ab
1764 3116 1835 3174 iis
1863 3132 2000 3189 quae
2033 3118 2244 3190 patior,

593 3217 704 3259 nec
741 3208 834 3260 est
862 3203 1026 3276 quod
1047 3203 1246 3261 dicam
1267 3203 1453 3269 aliud,
1474 3221 1662 3278 quam
1683 3206 1847 3278 quod
1866 3208 2114 3264 omnino
2129 3207 2246 3264 mei

593 3307 715 3349 non
745 3293 824 3348 sis
849 3295 1160 3362 :misertus,
1194 3309 1306 3350 nec
1347 3310 1486 3350 cum
1512 3293 1576 3350 in
1613 3295 1887 3352 exsilium
1928 3296 2244 3366 relegarer,

591 3396 702 3437 nec
723 3397 863 3437 cum
888 3382 948 3437 in
974 3382 1216 3440 vincula
1240 3383 1589 3453 conjicerer,
1621 3399 1732 3440 nee
1753 3385 1812 3441 in
1846 3384 2051 3458 aliqua
2087 3401 2248 3443 mea-

591 3485 725 3526 rum
747 3470 968 3542 quibus
998 3471 1314 3528 exhaurior
1343 3472 1717 3528 miseriarum
1752 3489 1764 3529 :
1796 3473 1856 3528 in
1887 3473 2052 3529 nullo
2095 3474 2248 3546 ipso-

592 3574 728 3614 rum
755 3559 1074 3625 emollitus,
1103 3575 1327 3631 magno
1361 3561 1589 3632 impetu
1634 3562 1896 3618 amicum
1940 3569 2241 3634 arreptum

592 3662 629 3702 a
682 3663 777 3703 me
824 3649 1120 3716 avulsisti,
1167 3649 1466 3722 quiabiit,
1499 3650 1803 3706 stimulum
1858 3652 2142 3707 acerbum
2189 3659 2245 3708 et

589 3735 975 3793 inﬂexibilem
992 3737 1190 3794 medio
1211 3755 1347 3795 meo
1360 3739 1519 3796 cordi
1542 3739 1817 3810 inﬁgens.
1843 3741 1956 3798 Sed
1976 3741 2242 3798 fortassis

585 3825 749 3881 haud
781 3825 1129 3882 diuturnum
1161 3827 1271 3883 erit
1305 3829 1892 3902 tempus,etpenitus
1917 3829 2032 3886 hoc
2062 3833 2240 3887 conﬁ-

586 3913 694 3970 ciet
723 3914 909 3987 (istud
943 3916 1102 3971 enim
1131 3916 1351 3984 solum,
1382 3921 1582 3990 utpote
1607 3918 1667 3974 in
1695 3920 1872 3974 tantis
1903 3919 2100 3986 malis,
2129 3937 2239 3978 nos

582 4003 914 4076 refrigerat)
944 4009 1000 4062 et
1026 4004 1104 4061 ad
1132 4005 1535 4063 desideratum
1565 4007 1740 4063 nobis
1765 4008 2123 4066 exturbabit.
2152 4011 2238 4067 Tu

582 4099 804 4161 autem,
837 4094 1018 4149 ovitae
1040 4111 1187 4150 meae
1213 4096 1480 4152 solamen
1512 4097 1729 4162 solum,
1752 4097 1883 4154 vale
1917 4114 2042 4154 :me
2073 4115 2232 4169 ama,

579 4184 895 4256 exsequias
928 4199 1062 4239 mea
1105 4183 1230 4238 vice
1261 4186 1498 4258 perﬁce,
1516 4191 1694 4258 prout
1722 4185 1974 4256 dignum
2002 4193 2102 4244 tua
2127 4191 2233 4246 vir-

577 4275 696 4327 tute
719 4277 774 4328 et
815 4272 970 4327 illius
1012 4271 1275 4329 amicitia
1301 4273 1493 4340 fuerit,
1529 4281 1584 4331 et
1622 4291 1758 4332 meo
1796 4277 1930 4334 loco
1962 4280 2232 4352 cognatis

2355 3121 2436 3164 νος
2479 3105 2504 3156 ὁ
2550 3104 2854 3164 τηλικοῦτον
2921 3106 3039 3159 καθ’
3096 3107 3250 3178 ἡμῶν
3311 3106 3469 3183 ῥίψας
3515 3110 3568 3160 τό
3614 3104 3750 3179 βελος,
3793 3104 3864 3154 εἴτε

2357 3195 2557 3267 φθόνος»
2597 3197 2695 3249 εἶτε
2723 3194 2898 3268 ’ψῆφος
2939 3195 3089 3255 ἄλλο.
3141 3196 3417 3270 Ἐξάγοιμι
3440 3200 3536 3272 γὰρ
3583 3197 3669 3248 ὑπὸ
3693 3199 3764 3247 τοῦ
3796 3190 3864 3244 πά-

2360 3283 2501 3346 θους,
2530 3287 2620 3336 καὶ
2670 3283 2764 3336 ούκ
2820 3286 2929 3356 ἔχω
2972 3289 3024 3336 τί
3054 3287 3179 3337 εἴπω
3219 3285 3356 3344 πλὴν
3407 3288 3482 3339 ὅτι
3525 3289 3589 3359 μὴ
3622 3282 3866 3338 κατελέησας

2355 3373 2516 3446 ἡμᾶς,
2563 3378 2696 3445 μήτε
2733 3382 2827 3436 τῆς
2877 3376 3169 3450 ὑπερορίας,
3213 3381 3348 3449 μήτε
3393 3383 3484 3440 τῆς
3530 3373 3862 3447 paludati“

2359 3468 2451 3513 τῶν
2505 3461 2668 3514 ἄλλων
2725 3462 2988 3533 χαλεπῶν,
3031 3464 3107 3525 οἷς
3159 3467 3249 3516 τὸν
3316 3463 3431 3538 βίον
3487 3460 3859 3536 περιαντλούμεθα.

2352 3549 2474 3603 Ὑπὸ
2504 3548 2731 3623 μηδενὸς
2779 3555 2972 3630 τούτων
3007 3549 3368 3622 δυσωπηθεὶς,
3427 3552 3582 3605 λαϐὼν
3617 3549 3767 3622 ἀθρόον
3799 3550 3861 3597 καί

2355 3636 2662 3703 διασπάσας
2721 3640 2806 3714 ἀφ’
2857 3643 3004 3720 ἡμῶν
3053 3646 3139 3696 τὸν
3185 3643 3330 3718 φίλον
3373 3646 3566 3715 οἴχεται
3607 3643 3758 3711 πικρὸν
3798 3638 3860 3684 καὶ

2354 3728 2707 3800 ἀπαραίτητον
2773 3733 2908 3783 κατὰ
2953 3735 3117 3803 μέσης
3163 3732 3325 3794 αὐτῆς
3375 3728 3586 3808 καρδίας
3633 3733 3683 3780 τὸ
3708 3732 3858 3795 κέντρων

2352 3818 2602 3890 ἐμπήξας.
2651 3819 2788 3873 Ἀλλ’
2836 3823 2960 3881 ἴσως
3013 3821 3070 3872 ού
3124 3821 3288 3883 πολύς
3356 3829 3540 3896 χρόνος
3588 3824 3666 3872 καὶ
3708 3815 3857 3869 τελείως

2347 3911 2546 3968 ταύτην
2595 3905 3005 3983 διεργασάμενος
3053 3912 3230 3980 (τοῦτο
3271 3914 3371 3986 γὰρ
3420 3913 3482 3972 ὡς
3516 3910 3562 3963 ἕν
3600 3907 3852 3967 τηλικούτοις

2346 4008 2528 4062 κακοῖς
2565 4001 2705 4072 ἡμᾶς
2762 4005 2915 4072 μόνον
2972 3999 3263 4073 ἀναψύχει)
3321 4005 3446 4076 πρὸς
3487 4003 3566 4053 τὸν
3612 3999 3853 4066 ποθούμενον

2344 4089 2611 4144 ἀπελάσει.
2645 4093 2711 4143 Σύ
2752 4087 2832 4156 δὲ,
2865 4090 2906 4141 ὦ
2943 4109 3035 4161 μοι
3083 4089 3263 4144 λοιπὸν
3293 4098 3385 4144 τοῦ
3414 4089 3529 4162 βίου
3578 4086 3849 4157 παραμύθιον,

2343 4176 2563 4252 ἕρῥωσο,
2605 4184 2696 4232 καὶ
2750 4198 2815 4251 με
2859 4179 2993 4252 φίλει
3017 4196 3029 4210 ⁸
3098 4185 3189 4233 καὶ
3253 4184 3348 4238 τὴν
3404 4181 3546 4233 ὁσίαν
3587 4175 3748 4243 intra,
3774 4167 3851 4222 ἀνθ’

2341 4269 2508 4340 ἡμῶν,
2542 4267 2700 4330 ἀξίως
2740 4277 2834 4330 τῆς
2873 4276 2966 4329 σῆς
3010 4267 3191 4342 ἀρετῆς
3232 4274 3322 4322 καὶ
3363 4277 3455 4330 τῆς
3498 4270 3667 4321 ἑκείνου
3709 4260 3850 4333 φιλίας,

577 4364 633 4416 et
660 4360 941 4418 affinibus
967 4366 1021 4416 et
1052 4362 1396 4434 tibimetipsi
1427 4368 1667 4421 curator
1693 4369 1748 4420 et
1779 4350 2066 4437 patronus
2093 4383 2185 4425 cor

2263 4367 2307 4422 ι)
2339 4355 2572 4426 ἐπιτέλει,
2618 4363 2708 4412 καὶ
2750 4366 2851 4410 τῶν
2900 4367 3162 4430 συγγενῶν
3200 4363 3319 4425 ,καὶ
3383 4357 3571 4411 οἰκείων
3617 4351 3708 4407 ἀνθ’
3745 4350 3852 4419 ἡμῶν

576 4450 1031 4518 stitutus,alleva
1046 4465 1323 4522 magnam
1337 4452 1560 4508 doloris
1575 4460 1804 4524 partem
1816 4457 2037 4528 .Neque
2050 4458 2223 4524 enim,

573 4543 808 4613 opinor,
841 4540 1087 4597 facultas
1109 4544 1216 4608 est,
1249 4539 1530 4596 defuncto
1554 4542 1749 4598 amico
1781 4544 2019 4600 aliunde
2036 4547 2228 4620 opitu-

571 4627 698 4686 lari.
757 4631 919 4687 Certe
970 4629 1142 4704 plura
1174 4646 1270 4687 me
1309 4630 1568 4688 scribere
1599 4631 1884 4688 volentem
1915 4633 2224 4692 inhibuere

569 4715 853 4793 lacrymaa
879 4720 1260 4793 profusiores.

1175 4883 1394 4940 EPIST.
1430 4884 1614 4944 LXIII.

1064 4972 1358 5030 Damiano
1384 4975 1742 5032 xenodocho.

2337 4451 2425 4499 καὶ
2471 4455 2669 4500 σαυτοῦ
2733 4449 3036 4519 προστάτης
3091 4453 3184 4500 καὶ
3237 4445 3476 4520 κηδεμὼν
3528 4441 3850 4510 καθιστάμενος,

2333 4536 2552 4608 κούφιζε
2597 4537 2655 4588 τὸ
2698 4535 2826 4589 πολὺ
2871 4543 2964 4588 τοῦ
3004 4538 3210 4600 πάθους
3238 4558 3253 4572 ο
3294 4536 3415 4590 ἄλλο
3460 4536 3554 4607 γὰρ
3594 4526 3721 4585 οὐδὲν
3750 4525 3851 4578 im

2333 4622 2483 4697 οἶμαι
2510 4634 2584 4698 τῷ
2624 4630 2839 4698 κειμένῳ
2869 4633 3291 4698 συνεισενεγκεῖν.
3347 4625 3408 4679 Εἰ
3448 4621 3496 4677 δ’
3532 4625 3600 4676 ἔτι
3631 4623 3706 4672 καὶ
3740 4613 3849 4668 πλέον

2331 4715 2514 4775 ἤθελον
2563 4717 2797 4789 γράφειν,
2870 4713 2999 4768 ἀ)λὰ
3050 4712 3398 4790 σφοδρότερον
3452 4714 3558 4788 ῥίον
3599 4707 3780 4778 ἕπίσχιν
3805 4701 3847 4752 τὸ

2330 4801 2560 4878 δάκρυον
2589 4809 2684 4864 τὴν
2709 4809 2936 4878 γραφήν.

2946 4899 3159 4949 ΕΠΙΣΤ.
3205 4893 3308 4948 EI"

2844 4989 3086 5058 Δαμεανῷ
3120 4981 3403 5057 ξινοδόχῳ.

1827 5073 2120 5127 Montacut.
2155 5079 2266 5144 (ep.
2301 5082 2411 5140 112,
2447 5097 2506 5147 p.
2544 5083 2680 5146 155).

639 5160 789 5219 Cum
830 5167 986 5223 tacet
1024 5168 1128 5240 qui
1172 5170 1454 5242 injuriam
1495 5172 1738 5243 patitur,
1779 5173 1968 5231 multo
2022 5178 2213 5250 magis

564 5250 922 5310 afﬁcientem
950 5257 1249 5316 convincit
1295 5276 1308 5316 :
1337 5264 1497 5332 patet
1527 5261 1686 5318 enim
1717 5263 1883 5336 quod
1913 5265 2025 5320 nisi
2053 5283 2215 5322 sum-

562 5358 710 5399 mam
731 5345 788 5397 et
808 5341 1286 5416 inexplicabilem
1302 5349 1585 5420 injuriam
1596 5352 1991 5422 irrogantium
2007 5357 2214 5415 crude-

2391 5185 2461 5234 Τὸ
2523 5187 2677 5254 σιγᾷν
2737 5178 3098 5255 ἀδικούμενον,
3157 5182 3370 5254 μείζονα
3427 5186 3522 5230 τῶν
3589 5169 3840 5266 ἀδικούντων

2322 5278 2548 5324 ποιεῖται
2582 5273 2669 5323 τὸν
2715 5271 2930 5344 ἔλεγχον
2959 5291 2974 5306 ο
3017 5267 3173 5331 δῆλον
3221 5272 3324 5344 γὰρ
3374 5269 3441 5331 ὡς
3486 5268 3527 5319 εἰ
3559 5265 3624 5337 μὴ
3663 5266 3839 5332 μυγαλῆν

2321 5361 2438 5414 τινὰ
2482 5363 2574 5416 καὶ
2650 5358 3028 5435 ἀνυπέρϐλητον
3104 5366 3203 5412 τῶν
3283 5353 3590 5410 ἀδικούντων
3653 5347 3840 5418 ὠμότητα

1876 5457 2114 5516 VARI/E
2150 5460 2546 5521 LECTIONES.

642 5547 671 5594 q
691 5538 775 5596 ἶσ.
823 5535 946 5596 ἐκεῖ.
