4072 6232
1156 6 1757 16 _v_—________

153 349 265 410 377
1406 346 1916 410 EPISTOLARUM
1956 347 2172 410 LIBER
2210 344 2277 408 il.
3417 367 3528 433 373

169 481 574 551 κατεγίνωσκεν,
632 475 727 530 οὐκ
758 475 820 530 ἂν
851 476 994 551 ἀφεὶς
1044 482 1105 532 τὸ
1132 476 1290 533 κινεῖν
1336 477 1413 533 ἔπ’
1460 478 1615 545 ἔλεον,
1659 477 1774 531 ἀντὶ

1905 478 2105 535 itatem
2138 478 2398 548 sentiret,
2430 494 2553 537 non
2577 497 2648 540 ea
2676 483 2990 558 omisisset,
3017 505 3153 566 qua;
3183 510 3420 557 movere
3449 504 3527 560 ad

165 571 357 622 τοῦτον
389 586 442 620 τε
480 571 570 619 καὶ
613 575 713 619 τῶν
763 564 983 621 δικαίων
1007 568 1189 641 λόγων,
1221 573 1314 628 τὴν
1348 572 1552 626 σιωπὴν
1596 570 1774 641 ἔστερ-

165 677 256 730 γεν
291 678 305 691 ·
337 655 448 708 ἀλλ’
475 657 501 708 ὁ
550 658 640 728 μεν
677 652 961 728 δυστυχὴς
1019 655 1200 718 έκεῖνος
1243 663 1333 710 καὶ
1373 661 1528 720 πένης
1575 658 1775 730 ἄνθρω-

167 765 292 814 πος,
325 751 445 821 περὶ
502 746 562 799 οὗ
593 749 683 800 καὶ
711 752 831 821 πρὶν
865 746 1088 821 ἔγραψα,
1145 743 1456 807 ἠδικηκέναι
1507 749 1596 819 μεν
1640 747 1778 818 ὑμᾶς

171 836 437 909 ὁμολογεῖ,
511 839 600 889 καὶ
659 843 760 889 τῶν
834 832 1179 908 ἀδικημάτων
1240 836 1335 890 οὐκ
1401 835 1608 900 ἄλλους,
1667 833 1777 886 ἀλλ’

169 926 310 996 ὑμᾶς
359 926 604 1000 έπάγεται
674 927 965 1000 μάρτυρας.
1027 927 1211 1001 Κύριοι
1272 927 1375 999 γὰρ
1423 932 1512 976 νῦν
1575 922 1779 986 ἀξιοῦτε

168 1015 417 1085 γενέσθαι
457 1013 524 1064 ὧν
554 1009 824 1087 τυραννίδι
855 1019 944 1066 καὶ
988 1012 1087 1087 βίᾳ
1115 1018 1210 1073 την
1254 1012 1494 1076 ἐξουσίαν
1536 1010 1778 1084 προειλή-

171 1122 323 1176 φατε.
357 1103 572 1156 ’Δνίατα
622 1098 681 1155 δε
717 1109 905 1168 νοσεῖν,
938 1108 1030 1156 καὶ
1073 1107 1341 1177 κρείττους
1389 1099 1516 1154 εἶναι
1556 1097 1778 1174 διορθώ-

173 1209 308 1252 σεως
357 1197 446 1243 καὶ
494 1191 848 1263 μεταμελείας,
897 1194 1041 1245 οῦπω
1084 1195 1372 1262 κατέγνωκε
1405 1212 1418 1224 ·
1463 1187 1557 1243 διὰ
1599 1196 1773 1253 τοῦτο,

170 1285 265 1332 καὶ
319 1280 493 1352 φίλους
543 1287 854 1354 περινοστεῖ,
910 1285 1001 1332 καὶ
1055 1280 1240 1352 λόγους
1295 1281 1567 1352 φθέγγεται
1631 1277 1778 1330 ἐλεει-

171 1373 314 1434 νοὺς,
365 1373 453 1421 καὶ
494 1371 594 1442 πρὸ
633 1371 847 1433 τούτων,
897 1371 1071 1441 ὧσπερ
1127 1371 1410 1440 ἱκετηρίαν,
1473 1367 1601 1419 αὐτὸ
1649 1386 1776 1441 προ-

174 1460 332 1510 τείνει
383 1461 443 1510 τὸ
496 1454 701 1510 δίκαιον
747 1475 762 1492 σ
823 1456 916 1510 οῦκ
974 1455 1022 1509 ἓν
1082 1463 1192 1518 τοῖς
1235 1455 1416 1520 ἔξωθεν
1463 1460 1776 1530 κριτηρίοις,

177 1546 290 1598 ἀλλ’
315 1547 365 1598 έν
395 1551 571 1618 μέσοις
601 1544 791 1619 φίλοις,
838 1549 928 1599 καὶ
959 1543 1043 1598 ἕπί
1087 1551 1177 1599 τοῦ
1223 1543 1463 1618 βήματος
1515 1549 1610 1606 τῆς
1637 1546 1780 1616 ῦμων

179 1632 556 1698 συνειδήσεως.
599 1634 657 1689 Εἰ
688 1632 738 1688 δ’
788 1637 864 1688 ῖτι
892 1633 1060 1707 μηδεν
1099 1636 1340 1709 χρηστὸν
1386 1629 1525 1706 μηδι
1575 1629 1782 1686 δίκαιόν

176 1730 302 1798 περὶ
353 1724 509 1776 αὐτὸν
553 1722 848 1788 ἐννοήσητε,
921 1720 1053 1796 μην
1102 1727 1302 1776 ἰκείνων
1366 1723 1508 1793 αὐτῷ
1566 1719 1785 1780 ἐκστῆτε

178 1812 218 1865 ἃ
257 1813 567 1886 τυραννίδος
609 1817 765 1884 νόμος
795 1812 952 1865 αὑτοῦ
992 1815 1081 1884 μεν
1123 1815 1372 1886 ἣρπασεν,
1427 1812 1549 1883 ὑμῖν
1603 1806 1663 1863 δὲ
1702 1808 1784 1862 ἐν-

178 1908 462 1975 εχείρισεν,
506 1904 640 1967 ῖστε,
691 1905 755 1962 ὡς
805 1904 928 1975 ὅπερ
974 1900 1157 1962 ἐκεῖνος
1204 1902 1229 1953 ό
1256 1901 1339 1973 ὑφ’
1381 1900 1525 1972 ὑμῶν
1572 1896 1785 1952 ἀδικού-

173 1995 334 2066 μενος
385 1990 540 2044 εἰπεῖν
591 1989 710 2043 καθ’
753 1992 894 2062 ὑμῶν
927 1989 1232 2063 ἐφυλάξατο,
1289 1989 1437 2042 αὐτοὶ
1494 1987 1611 2041 καθ’
1667 1988 1786 2041 ἐαυ-

173 2089 303 2152 τῶν,
353 2075 449 2133 διὰ
495 2086 595 2132 τῶν
639 2081 824 2154 ἔργων,
874 2083 933 2132 τὸ
998 2085 1297 2152 χειρίστους
1341 2077 1621 2152 ἀνθρώπων
1657 2074 1786 2130 εἶναι

175 2173 388 2224 πάντων
417 2166 772 2241 ἕψηγίσασθε.

806 2351 1020 2401 ΕΠΙΣΤ.
1048 2345 1163 2401 ΞΔ¹.

455 2440 725 2513 Γρηγορίῳ
766 2432 993 2508 διακόνῳ
1023 2438 1112 2487 καὶ
1149 2433 1512 2509 χαρτυλαρίῳ.

1430 2547 1720 2599 Montacut.
1758 2546 1864 2613 (ep.

259 2650 674 2726 ’Δναθεμάτισαν
732 2651 867 2722 ἡμᾶς
917 2652 1133 2724 χρόνοις
1187 2655 1424 2724 μακροῖς,
1474 2654 1622 2700 πᾶσα
1671 2649 1790 2700 σύν-

183 2735 314 2802 οδός
343 2742 604 2814 αίρπική,
634 2743 724 2791 καὶ
772 2743 872 2790 πᾶν
918 2735 1291 2811 Εἰκονομάχων
1332 2731 1603 2811 συνέδριον
1638 2757 1651 2770 ·
1684 2736 1790 2809 οὐχ

185 2831 326 2904 ἡμᾶς
379 2825 439 2882 δε
497 2833 672 2902 μόνον,
728 2827 854 2880 ἀλλὰ
899 2831 990 2881 καὶ
1034 2832 1234 2903 πατέρα
1279 2829 1369 2879 καὶ
1434 2827 1565 2879 θεῖον
1613 2827 1789 2898 ἡμέτεο

180 2939 292 2994 ρον,
356 2913 556 2993 ἄνδρας
621 2915 946 2991 ὁμολογητὰς
1005 2924 1260 2994 Χριστοῦ,
1347 2919 1436 2967 καὶ
1503 2913 1788 2988 ἀρχιερέων

183 3005 553 3081 σεμνολόγημα
592 3028 606 3041 ο
668 3003 774 3059 ἀλλ’
828 3003 1312 3080 ἂναθεματίσαντες,
1360 3005 1426 3066 εἰς
1469 3005 1555 3056 τόν
1608 3001 1787 3076 ἀρχιε-

177 3077 421 3174 ρατικὸνν
459 3077 634 3172 θρόνον
691 3097 830 3170 ἡμᾶς
887 3077 1150 3169 ἀνήγαγον
1197 3099 1287 3147 καὶ
1351 3097 1424 3167 μη
1502 3092 1738 3153 θέλοντας
1770 3112 1782 3124 ·
1817 3077 1858 3135 C

181 3183 702 3258 ἆναθεματιζὲτωσαν
757 3192 1034 3260 τοιγαροῦν
1089 3187 1178 3238 καὶ
1251 3189 1338 3236 νῦν
1401 3184 1449 3235 οἱ
1515 3179 1788 3256 τιάροιπλη⁹

182 3281 310 3337 σίως
359 3275 572 3337 ὶκείνοις
618 3283 719 3327 τῶν
769 3281 1090 3328 Δεσποτικῶν
1144 3272 1354 3327 έντολῶν
1414 3271 1784 3343 ἀλογήσαντες,

178 3373 271 3419 καὶ
324 3369 650 3439 παρανομίας
696 3364 910 3427 ἁπάσης
989 3361 1234 3416 πλατεῖαν
1303 3367 1397 3422 τὴν
1470 3361 1634 3420 πύλην
1699 3373 1789 3420 καὶ

182 3455 488 3529 εὐρύχωρον
519 3446 954 3518 ἆναπετάσαντες,
987 3454 1070 3504 ’ίνα
1117 3456 1207 3505 καὶ
1246 3451 1397 3505 αὐτοὶ
1440 3449 1542 3506 διπό
1588 3457 1690 3522 γῆς
1719 3448 1790 3508 εἰς

183 3550 282 3604 τὴν
339 3543 576 3620 οὐράνιον
628 3543 768 3615 ἡμᾶς
815 3540 1088 3615 βασιλείαν
1153 3546 1242 3594 καὶ
1298 3541 1570 3601 ὀκνοῦντας
1615 3535 1792 3591 ἀναϐι-

187 3633 451 3689 Βάσωσιν.

809 3725 1021 3774 ΕΠΙΣΤ.
1048 3719 1163 3774 EE’.

479 3813 720 3884 Γεωργίῳ
750 3805 976 3882 διακόνῳ
1004 3814 1094 3863 καί
1125 3807 1507 3884 ὀργανοτρόφῳ.

1883 567 2357 658 misericordiam
2394 576 2660 641 possent,
2699 589 2811 632 nec
2849 578 3148 641 silentium
3180 589 3532 658 praetulisset

1878 656 2050 728 justie
2078 656 2435 727 injuriarum
2469 659 2883 732 deplorationi.
2917 669 3085 728 Miser
3113 656 3313 733 autem
3351 679 3447 737 ille
3479 687 3535 739 et

1882 761 2133 818 pauper,
2173 745 2234 800 in
2267 748 2442 817 cujus
2469 747 2833 822 jampridem
2876 772 3058 818 causa
3098 764 3177 820 ad
3222 771 3274 822 te
3315 769 3536 828 litteras

1883 830 2044 931 dedi,
2062 833 2276 931 fatetur
2299 841 2350 891 te
2367 835 2452 931 inj
2463 839 2650 931 u‘riam
2667 842 2954 915 intulisse,
2981 849 3062 922 inj
3075 854 3336 913 uriarum
3357 874 3535 931 porro

1883 919 2183 1015 illatarum
2221 923 2388 980 haud
2429 926 2580 984 alios
2635 934 2808 988 testes
2846 919 3328 1015 quam-teipsum
3357 919 3532 1008 .citat.

1885 1011 2208 1068 Dominum
2239 1029 2448 1105 earum
2490 1032 2691 1076 rerum
2732 1022 2942 1082 haberi
2974 1032 3027 1084 te
3059 1011 3531 1105 vis—legitimum,

1883 1115 2038 1171 quas
2067 1116 2172 1172 per
2201 1103 2322 1158 vim
2353 1109 2410 1160 et
2440 1110 2822 1178 tyrannidem
2863 1116 3028 1186 prius
3059 1103 3376 1181 abstulisti.
3407 1103 3536 1186 Non

1885 1193 2085 1281 tamen
2098 1190 2416 1263 desperato
2435 1195 2650 1254 morbo
2667 1201 2850 1258 teneri
2865 1206 2943 1270 te,
2961 1207 3056 1263 vel
3073 1208 3406 1281 incurabili,
3427 1233 3535 1274 nec

1885 1279 2637 1376 pmpitentiacorrigendo,
2679 1289 3015 1351 arbitratur.
3051 1300 3272 1359 Idcirco
3308 1279 3534 1376 passim

1885 1366 2305 1468 amicosadit,
2356 1387 2661 1431 sermones
2713 1380 2854 1436 serit
2909 1366 3326 1460 miserabiles;
3358 1399 3536 1468 atque

1883 1455 2182 1527 imprimis
2206 1458 2306 1529 jus
2327 1460 2523 1532 ipsum
2546 1463 2992 1536 deprecatorem
3027 1475 3198 1535 offert
3226 1496 3238 1534 :
3274 1455 3382 1538 nec
3412 1455 3539 1541 rem

1890 1544 2053 1616 apud
2085 1543 2341 1603 forensia
2375 1549 2695 1611 tribunalia
2733 1560 2965 1627 tractat,
3011 1563 3111 1619 sed
3146 1566 3355 1624 amicis
3387 1572 3546 1629 arbi-

1892 1634 2009 1697 tris,
2043 1638 2097 1689 et
2135 1633 2212 1690 ad
2240 1635 2500 1693 tribunal
2533 1644 2910 1703 conscientia
2950 1653 3082 1708 tuae.
3127 1653 3184 1710 Si
3226 1657 3424 1715 adhuc
3463 1661 3548 1718 nil

1891 1721 2237 1810 immanius,
2271 1725 2417 1781 nihil
2447 1743 2585 1784 cum
2609 1730 2841 1803 justitia
2871 1738 3282 1810 conjunctum,
3318 1751 3548 1806 statuas

1818 1828 1859 1883 Β
1891 1808 1952 1866 in
1990 1812 2102 1868 hac
2126 1811 2255 1883 ejus
2295 1829 2499 1898 causa,
2547 1833 2657 1875 nec
2691 1823 2901 1881 cedere
2929 1808 3073 1884 velis
3104 1808 3550 1903 possessionem

1891 1915 2098 1994 eorum
2122 1917 2258 1994 quae
2281 1895 2386 1975 per
2406 1909 2812 1979 tyrannidem,
2837 1930 2958 1971 non
2984 1895 3196 1990 legem,
3229 1923 3546 1994 abstulisti,

1894 1987 2069 2082 scias,
2097 1991 2262 2082 quod
2289 1997 2590 2082 utcunque
2616 1996 2711 2054 ille
2742 2017 2922 2073 quem
2952 2008 3013 2061 tu
3045 1987 3374 2082 pauperem
3404 1987 3549 2073 effe;

1893 2077 2026 2134 cisti
2055 2077 2292 2150 injuria,
2321 2080 2380 2136 id
2408 2097 2530 2140 non
2556 2091 2764 2145 contra
2804 2093 2856 2146 te
2887 2077 3110 2161 dixerit,
3141 2077 3318 2156 temet
3347 2106 3548 2161 tamen

1894 2170 2104 2268 contra
2143 2171 2198 2224 te
2233 2169 2502 2268 sciscere,
2544 2189 2652 2246 per
2691 2191 2762 2234 ea
2795 2194 2931 2251 quas
2970 2189 3299 2256 perpetras,
3336 2205 3465 2248 esse
3495 2196 3550 2250 te

1895 2259 2182 2313 nimirum
2212 2259 2486 2318 omnium
2521 2262 2839 2324 hominum
2877 2273 3339 2345 nequissimum.

2495 2352 2706 2410 EPIST.
2751 2357 2925 2415 LXIV.

2184 2435 2468 2508 Gregorio
2493 2439 2746 2501 diacono
2771 2451 2828 2502 et
2848 2446 3246 2512 chartuiario.

1897 2547 2004 2606 113,
2036 2563 2087 2614 p.
2121 2551 2249 2613 155).

1969 2648 2362 2741 Anathemate
2379 2667 2490 2741 nos
2505 2657 2887 2727 perculerunt
2895 2661 3262 2734 jamdudum
3281 2671 3555 2741 synodus

1896 2735 2199 2807 haeretica,
2225 2744 2281 2794 et
2298 2740 2609 2800 universus
2627 2747 3165 2812 Iconomachorum
3193 2735 3516 2817 consessus
3536 2778 3550 2831 ;

1898 2840 2008 2882 nec
2047 2842 2156 2882 nos
2189 2832 2442 2918 tantum,
2473 2833 2580 2890 sed
2618 2840 2673 2893 et
2702 2843 2933 2908 patrem
2964 2847 3022 2900 et
3050 2849 3334 2918 patruum
3373 2851 3552 2907 etiam

1897 2918 2189 3011 nostrum,
2213 2917 2376 3011 viros
2400 2921 2608 2979 Christi
2629 2926 3018 2997 confessores,
3044 2937 3102 2990 et
3125 2935 3550 3011 episcoporum

1897 3002 2169 3072 gloriam,
2203 3007 2307 3063 sed
2341 3012 2538 3066 tamen
2570 3015 3140 3079 anathematizatum
3163 3002 3231 3079 in
3262 3002 3550 3084 thronum

1897 3093 2466 3182 archiepiscopalem
2490 3098 2858 3162 intruserunt
2892 3122 3017 3165 non
3047 3111 3342 3171 volentem
3369 3131 3383 3182 ;
3409 3132 3550 3174 ana-

1897 3180 2177 3252 themate,
2244 3199 2404 3242 nunc
2473 3188 2652 3246 etiam
2713 3208 2835 3250 non
2903 3197 3103 3254 minus
3167 3180 3384 3260 feriant
3448 3205 3546 3272 illi,

1899 3271 2132 3366 Domini
2150 3274 2450 3366 mandata
2472 3275 2756 3346 facientes
2779 3283 2970 3354 ﬂocci,
2998 3289 3104 3344 sed
3135 3298 3190 3346 et
3215 3271 3551 3366 transgres-

1899 3359 2050 3456 sioni
2069 3362 2405 3456 cuicunque
2423 3368 2760 3456 spatiosum
2777 3377 2837 3428 et
2856 3376 3127 3456 amplum
3149 3359 3445 3452 portumva
3455 3401 3550 3456 pe-

1897 3448 2133 3514 rientes,
2175 3450 2235 3507 in
2269 3467 2406 3508 eum
2451 3455 2635 3514 ﬁnem
2669 3465 2733 3516 ut
2765 3477 2862 3519 me
2901 3448 2976 3520 de
3011 3448 3169 3526 terra
3210 3469 3273 3526 in
3317 3448 3552 3529 caeleste

1898 3551 2154 3608 regnum
2189 3542 2609 3603 transmittant.

2580 3635 2794 3695 EPIST.
2830 3639 2983 3698 LXV.

2155 3719 2406 3792 Georgio
2435 3723 2683 3783 diacono
2712 3733 2770 3784 et
2797 3729 3306 3806 orrltanotropho.

1439 3914 1729 3964 Montacut.
1761 3912 1865 3975 (ep.
1895 3910 2003 3968 136,
2027 3923 2078 3975 p.
2107 3913 2239 3975 189).

262 4015 326 4072 Ei
363 4016 453 4087 μὶν
497 4012 598 4068 ἀπὸ
626 4021 723 4077 τῆς
769 4017 981 4086 γνώμης
1033 4013 1314 4086 κρίνειςτᾶ
1368 4011 1674 4087 πράγματα,
1705 4011 1796 4061 καὶ

189 4111 404 4166 σκοπεῖς
450 4107 544 4163 τὴν
586 4107 888 4178 προαίρεσιν
919 4101 1076 4171 (οὓτω
1126 4097 1186 4154 δι
1229 4109 1485 4177 προσῆκε,
1516 4103 1606 4153 καὶ
1652 4101 1797 4153 θείων

186 4200 456 4270 χρησμῶν
489 4190 630 4246 ἕστεν
661 4193 691 4252 ἦ
723 4190 938 4265 ψῆφος),
979 4193 1124 4263 ἔχεις
1158 4191 1316 4263 ἡμᾶς,
1354 4189 1398 4244 εἰ
1441 4193 1512 4262 μὴ
1560 4189 1798 4262 φορτικὸν

187 4285 375 4351 εἰπεῖν,
429 4283 679 4358 λαμπρῶς
730 4280 814 4334 ἐπὶ
855 4286 938 4334 σοι
993 4281 1424 4354 στεφανωθέντας.
1481 4277 1540 4334 Εἰ
1597 4276 1656 4333 δι
1695 4285 1800 4340 τοῖς

1981 4009 2284 4082 Siquidem
2309 4013 2386 4068 ab
2409 4013 2733 4073 intentione
2754 4019 2828 4075 de
2852 4019 3032 4078 rebus
3058 4025 3205 4081 actis
3224 4026 3488 4099 judicas,
3506 4037 3564 4088 et

1909 4100 2954 4190 propositumrconsideresmuodpar
2969 4117 3056 4169 est
3071 4112 3566 4190 facere,quando-

1909 4187 2154 4259 quidem
2168 4189 2247 4245 ita
2262 4189 2464 4248 divina
2482 4194 2833 4268 praecipiant
2849 4200 3138 4274 oracula),
3154 4187 3342 4260 habes
3354 4211 3411 4263 et
3427 4223 3560 4274 nos,

1911 4291 1983 4332 ne
2004 4276 2150 4349 quid
2173 4278 2416 4349 gravius
2442 4281 2661 4350 dicam,
2689 4285 3000 4358 splendide
3030 4296 3142 4347 ate
3164 4300 3483 4352 coronatos
3510 4302 3570 4354 et

191 4376 364 4449 ἔργοις
408 4367 578 4433 δίδως
636 4372 724 4424 τὸν
783 4374 1054 4444 στέφανον,
1123 4372 1264 4443 ἡμᾶς
1319 4374 1409 4444 μεν
1463 4365 1579 4423 οὔδ’
1639 4367 1789 4430 οὕτως

1911 4367 2237 4424 honoratos
2257 4371 2368 4425 :sin
2385 4371 2532 4427 actis
2549 4372 2784 4431 dederis
2803 4393 3114 4447 coronam,
3133 4398 3244 4439 nos
3266 4383 3568 4451 nullo,nec

193 4457 351 4516 οῦδέν
397 4461 705 4533 ζημιώσεις.
759 4456 899 4513 οῡδι
936 4461 1057 4536 γὰρ,
1099 4455 1224 4513 οὐδὲ
1260 4467 1437 4527 τοῦτο,
1485 4463 1658 4512 καίτοι
1703 4463 1803 4510 τῶν

193 4559 395 4625 καιρῶν
459 4551 584 4622 ἡμῖν
659 4547 1045 4616 ἁντιπνεόντων,
1105 4547 1414 4621 ένελίπομεν.
1491 4547 1698 4602 Ἐκεῖνο.
1745 4541 1806 4601 δέ

199 4659 260 4693 σε
310 4643 540 4692 συνιέναι
569 4642 703 4713 χρὴ,
737 4639 818 4691 ὅτι
865 4644 1033 4690 ταῦτα
1083 4636 1460 4710 ψηφιζόμενος,
1517 4637 1622 4710 οὐχ
1668 4639 1806 4711 ἡμᾶς

198 4727 397 4803 μᾶλλον
486 4729 702 4803 θατέρου
775 4734 876 4779 τῶν
955 4728 1214 4799 στεφάνων
1289 4725 1613 4802 ἀποστερεῖς,
1682 4726 1810 4781 ἀλλὰ

203 4823 430 4871 σεαυτοῦ
469 4815 707 4891 ἑκάτερον
758 4814 995 4890 ἀφαιρεῖς
1049 4815 1105 4868 ὃν
1155 4833 1212 4869 τε
1263 4815 1495 4890 προξενεί
1541 4819 1607 4869 τὰ
1661 4819 1808 4892 ἔργα,

202 4912 299 4960 καὶ
330 4907 384 4959 ὃν
410 4905 583 4960 πλέκει
613 4907 644 4965 ἠ
678 4909 1002 4980 προαίρεσις.

819 5001 1032 5050 ΕΠΙΣΤ.
1063 4993 1202 5078 Eg”.

388 5085 725 5158 Ἀναστασίῳ
753 5082 1085 5160 πρεσϐυτέρῳ
1122 5089 1213 5138 καὶ
1241 5082 1636 5160 βιϐλοθηκαρίῳ

1913 4455 1995 4512 sic
2020 4457 2285 4528 quidem,
2316 4459 2543 4517 damno
2573 4461 2822 4520 afﬁcies.
2847 4469 3048 4540 Neque
3079 4471 3240 4527 enim
3270 4489 3400 4539 nos,
3433 4474 3570 4530 licet

1913 4547 2182 4617 tempore
2234 4547 2509 4616 adverso,
2563 4551 2891 4611 defecimus
2929 4555 3164 4615 ofﬁcio:
3208 4565 3265 4616 et
3317 4560 3461 4616 illud
3516 4567 3569 4618 te

1915 4641 2149 4707 oportet
2171 4639 2338 4702 scire,
2357 4639 2522 4710 quod
2541 4639 2623 4697 ita
2641 4641 3040 4713 decernendo,
3065 4663 3187 4704 non
3212 4654 3331 4705 tam
3356 4666 3467 4706 nos
3491 4651 3571 4708 al-

1917 4727 2140 4782 terutra.
2154 4743 2516 4784 coronarum
2541 4730 2757 4802 privas,
2782 4749 2970 4806 quam
2987 4740 3301 4810 utramque
3322 4754 3357 4795 a
3379 4740 3571 4812 teipso

1919 4813 2107 4882 tollis;
2133 4832 2349 4888 nempe
2378 4816 2926 4893 quam'largiuntur
2955 4839 3158 4896 opera,
3187 4831 3244 4882 et
3264 4842 3449 4900 quam
3475 4846 3574 4888 vo-

1919 4903 2118 4962 luntas
2148 4905 2346 4978 plectit
2370 4913 2425 4963 et
2455 4903 2851 4981 propositum.

2607 4999 2821 5056 EPIST.
2849 5003 3024 5058 LXVI.

2027 5085 2344 5145 Anastasio
2365 5087 2713 5159 presbytero
2741 5095 2795 5146 et
2824 5089 3270 5151 bibiiothecario
3289 5096 3574 5156 Romano.

4001 427 4008 434 ι

4001 797 4006 808 ι

4009 587 4027 798 Ι

4037 1411 4039 1434 Ι

4035 1483 4039 1502 Ι

4043 1766 4045 1788 Ι

4043 1789 4045 1800 l

4035 1849 4045 1858 4

4045 1886 4047 1903 Ι

906 5161 1062 5244 Ῥώμη
1075 5175 1115 5218 ς.

1457 5263 1750 5316 Montacut.
1787 5269 1891 5334 (ep.
1923 5268 2034 5324 170,
2063 5281 2116 5332 p.
2148 5265 2279 5326 244).

277 5369 394 5447 Ἀφ’
464 5372 603 5447 ἱερᾶς
650 5374 742 5445 μέν
794 5389 898 5440 σοι,
971 5372 1032 5424 τό
1075 5365 1451 5444 παροιμιῶδες,
1521 5372 1548 5424 ὁ
1598 5370 1739 5446 ἀγών

1994 5379 2043 5432 Α
2060 5387 2232 5430 sacra
2252 5370 2426 5436 linea,
2448 5374 2511 5427 ut
2531 5371 2920 5444 proverbium
2935 5374 3134 5443 habet,
3157 5377 3262 5435 tibi
3279 5383 3580 5440 certamen

207 5461 309 5533 ὀψε
359 5457 421 5514 δέ
471 5469 566 5524 τῆς
611 5465 820 5536 χρείας,
869 5465 960 5514 καὶ
1008 5467 1104 5523 τῆς
1161 5456 1366 5533 γνώμης
1413 5459 1473 5513 οὐ
1520 5465 1789 5537 μέμφομαι

1925 5461 2207 5520 sumitur.
2222 5463 2336 5516 Nec
2354 5459 2748 5533 reprehendo,
2765 5464 2928 5536 quod
2946 5471 3082 5538 post
3104 5483 3282 5526 usum
3304 5472 3580 5542 etcogni-

208 5555 313 5605 Τὸν
367 5553 549 5624 καιρόν
607 5547 658 5604 δ’
737 5552 840 5616 ὁρῶ
901 5549 1290 5627 παρελάσαντα,
1352 5554 1444 5603 καὶ
1511 5549 1601 5624 μόι
1673 5547 1789 5607 δοκι

1925 5552 2148 5610 tionem
2169 5549 2673 5622 opportunitatem
2699 5551 2968 5625 elapsam
2999 5556 3198 5614 video.
3227 5561 3343 5616 Nec
3372 5559 3579 5616 inscite

208 5645 396 5695 τοῦτον
459 5639 554 5694 οῦκ
625 5638 878 5715 ἀκόμψως
945 5641 974 5694 ό
1035 5637 1443 5714 αἰνιγματιστὴς
1518 5637 1789 5704 ἀπεικάζω

1925 5639 2073 5698 mihi
2089 5639 2324 5698 videtur
2345 5638 2722 5711 mnigmatica
2741 5643 2931 5702 oratio
2949 5643 3066 5703 hoc
3091 5645 3415 5711 insinuare,
3438 5661 3576 5720 quae
