4072 6232
609 318 715 373 879
1833 308 2068 366 PHOTII
2110 311 2217 367 ΡΑ(

2253 305 2598 366 ΒῙΑΗΕΗᾸΕ
2636 307 2746 364 CP.
3797 311 3861 368 830

607 441 795 498 fronte
809 439 1153 512 capillatam
1165 435 1569 504 occasionem,
1585 449 1624 490 a
1635 433 1867 505 postico
1884 433 2118 492 calvam
2136 435 2215 508 pit

2257 435 2340 488 »Α
2374 432 2544 504 λόγος,
2623 433 2913 506 ἔμπροσθεν
2997 434 3088 504 μὲν
3167 427 3539 504 ἀκερσεκόμην,
3611 435 3780 486 ὄπισθεν
3831 435 3865 490 δι

610 530 712 602 git.
748 532 896 586 Nam
927 544 1066 584 cum
1111 524 1505 599 prmterlapso
1536 527 1804 595 tempore
1831 524 2096 592 advenit,
2130 524 2218 580 1ἱο‹

2259 538 2267 580 ;
2374 527 2589 596 κουρίαν
2656 521 2703 572 ἓν
2753 529 2896 595 χρῷ,
2959 518 3384 597 διαγράψασθαι.
3438 518 3662 574 Ἐπειδὰν
3719 527 3867 598 young

611 618 895 676 omnibus
921 615 1220 674 machinis
1239 617 1656 686 persequatur,
1684 612 1848 668 haud
1870 613 2219 684 compreher

2263 644 2266 654 -
2375 612 2544 664 ὀπίσω
2599 618 2690 663 τοῦ
2732 617 2928 685 χρόνου
2975 614 3208 683 γένηται,
3259 609 3353 662 κᾶν
3395 615 3600 686 μυρίαις
3651 612 3774 664 αὐτόν

611 708 712 764 det
761 712 980 764 tamen.
1025 704 1138 762 Sed
1196 704 1350 759 bene
1403 701 1477 758 sit
1514 701 1900 774 compatienti
1956 702 2219 775 proposit

2261 725 2264 749 I
2374 698 2540 774 διώκῃ
2568 703 2804 772 τέχναις,
2849 700 2941 752 οὐκ
2970 702 3111 752 ἔστιν
3143 700 3304 752 αὐτοῦ
3351 697 3753 774 περιδράξασθαι,
3782 701 3869 758 Ἀλλ’

613 803 736 866 tuo,
769 801 1070 867 utcunque
1101 792 1268 848 tarde
1298 791 1624 848 advenerit.
1649 790 1834 847 Amici
1862 791 2024 847 enim
2045 791 2221 846 debet

2263 808 2266 845 :
2374 785 2487 862 εὖγέ
2535 809 2620 842 σοι
2665 793 2756 842 καὶ
2804 797 2899 851 τῆς
2944 786 3039 842 διὰ
3086 785 3323 863 βράδους
3365 788 3608 851 ἐλθούσης
3650 793 3871 862 συμπαθοῦς

614 886 869 960 gratiam
899 899 1022 940 non
1055 899 1166 938 usu
1196 885 1253 938 et
1281 881 1635 938 necessitate
1667 880 1878 945 metiri,
1914 880 2016 937 sed
2048 878 2222 936 affect

2371 882 2739 952 προαιρέσεως.
2792 879 2955 932 Φίλων
3003 881 3124 953 γὰρ,
3172 878 3302 950 οὐχὶ
3349 886 3408 951 τῇ
3459 883 3609 953 χρείᾳ
3649 884 3729 937 τὴν
3766 882 3873 952 χάριν

613 982 670 1031 et
697 972 1020 1030 voluntate.

2373 975 2591 1041 μετρεῖν,
2625 975 2687 1040 τῇ
2720 968 2926 1041 προθέει
2955 963 3016 1020 δε
3045 972 3234 1042 κρίνειν
3264 973 3358 1026 τὴν
3397 970 3603 1023 εὔνοιαν.

1210 1061 1422 1116 EPIST.
1465 1061 1666 1115 LXVII.

2992 1062 3205 1112 ΕΠΙΣΤ.
3242 1055 3357 1112 ΞΖ’.

1108 1149 1406 1207 Damiano
1431 1147 1798 1205 xenodocho.

2888 1151 3128 1218 Δαμιανῳ
3168 1141 3453 1218 ξενοδόχῳ.

1860 1273 2149 1323 Montacut.
2177 1271 2284 1335 (ep.
2315 1271 2424 1328 195,
2459 1285 2510 1334 p.
2545 1271 2678 1333 293).

681 1380 739 1441 Si
769 1381 1072 1454 graviores
1123 1395 1311 1453 quam
1360 1379 1577 1436 delicta
1608 1381 1914 1436 merentur
1942 1393 2154 1450 poenas
2197 1377 2273 1433 ir-

2451 1381 2535 1435 Μή
2568 1380 2778 1450 μείζους
2831 1375 3062 1430 ἀπαιτῶν
3101 1378 3196 1438 τὰς
3239 1384 3336 1430 τῶν
3374 1379 3693 1449 πταισμάτων
3729 1376 3883 1450 εἰσπρά·

607 1471 933 1543 rogaveris,
966 1469 1088 1526 noli
1114 1469 1402 1526 arbitrare
1429 1472 1483 1525 te
1505 1468 1754 1540 justitiaa
1779 1468 1932 1524 ﬁnes
1963 1482 2086 1523 non
2115 1472 2215 1522 trai

2382 1465 2479 1529 ξεις
2504 1466 2600 1528 ἔξω
2645 1466 2824 1539 νόμιζε
2876 1463 3090 1528 δικαίας
3139 1475 3325 1528 ποινῆς
3371 1469 3605 1540 πράττειν
3640 1481 3652 1493 ⁸
3701 1466 3748 1518 οὗ
3777 1469 3884 1538 μόνον

609 1561 768 1617 silire
800 1579 814 1616 :
847 1575 990 1616 nam
1029 1575 1152 1615 non
1193 1563 1428 1614 tantum
1457 1558 1570 1614 hoc
1609 1557 1826 1613 rationi
1855 1555 2176 1612 reddendae
2216 1573 2217 1580 η

2377 1558 2478 1629 γὰρ
2507 1554 2602 1608 οὐκ
2632 1553 2924 1624 ἀνεύθυνον,
2957 1554 3051 1608 κᾶν
3083 1555 3162 1607 ἐπ’
3204 1555 3421 1628 ὀνόματι
3456 1560 3606 1628 νόμου
3642 1563 3768 1608 τοῦτο
3797 1563 3882 1626 ποιῇ

607 1666 730 1706 non
771 1648 1063 1720 subjiciet,
1097 1647 1232 1703 licet
1268 1645 1417 1717 legis
1457 1650 1749 1718 praetextu
1777 1646 1898 1712 ﬁat,
1940 1645 2046 1701 sed
2077 1643 2215 1716 dupl

2375 1663 2476 1709 τις,
2560 1642 2687 1697 ἀλλά
2754 1650 2844 1697 καὶ
2910 1640 3117 1705 διπλοῖς
3195 1648 3380 1718 ἔνοχον
3447 1641 3743 1718 ἀδικήμασιν
3782 1662 3794 1675 ·
3832 1647 3887 1696 ὁτι

609 1743 754 1794 cata:
772 1736 1074 1809 injustitiaa
1092 1752 1261 1792 reum
1279 1734 1438 1802 facit,
1464 1735 1769 1801 nimirum,
1794 1735 1960 1808 quod
1980 1734 2217 1806 injuria:

2375 1739 2465 1787 καὶ
2517 1730 2733 1796 ἀδικίας
2806 1735 2986 1808 ἄρχει,
3043 1739 3134 1788 καὶ
3188 1740 3374 1808 νόμους
3445 1736 3637 1809 ὑϐρίζει
3707 1754 3720 1768 ·
3772 1737 3888 1805 μέχρι

607 1827 820 1896 intulit,
880 1830 937 1882 et
990 1825 1152 1895 leges
1201 1823 1388 1881 afﬁcit
1441 1823 1846 1880 contumelia:
1898 1823 2018 1879 huc
2074 1839 2215 1895 usqt

2297 1814 2339 1869 Β
2374 1828 2465 1897 μεν
2530 1843 2631 1899 γαρ
2691 1831 2866 1891 τοῦτο,
2942 1828 3056 1877 ἴσον
3126 1826 3270 1900 παρὰ
3341 1832 3435 1878 τοῦ
3501 1821 3779 1886 ἠδικηκότος
3826 1822 3889 1874 λα-

610 1916 812 1972 t‘orsan
854 1931 1097 1988 aequum
1137 1918 1195 1969 et
1230 1911 1566 1984 legitimum
1604 1917 1713 1978 est,
1765 1911 1843 1968 ab
1881 1910 2101 1983 injuria
2138 1909 2218 1967 ait

2375 1913 2479 1967 ϐεῑν
2543 1919 2760 1986 νόμιμον
2821 1917 2950 1976 ἴσως
3005 1920 3113 1977 τοῖς
3172 1914 3382 1976 πολλοῖς
3427 1919 3514 1967 καὶ
3563 1915 3616 1967 οὐ
3677 1912 3889 1986 χαλεπόν·

608 2005 799 2061 ciente
823 2019 1067 2077 poenam
1090 2017 1405 2075 reposcere
1430 2017 1444 2056 :
1469 2006 1532 2058 at
1559 2016 1908 2057 mensuram
1933 2005 2216 2073 transgre<

2374 2002 2763 2077 ὑπερϐεϐηκότα
2817 1999 2876 2056 δι
2921 2007 2977 2056 τό
3020 2008 3227 2076 μέτρον,
3293 2007 3370 2057 ἔτι
3441 2006 3609 2064 ποινὰς
3672 2003 3889 2066 ἐπιζητεῖν,

609 2091 671 2150 in
696 2093 1006 2151 inferendo
1037 2091 1352 2164 supplicio,
1387 2095 1596 2148 contra
1623 2090 1785 2162 leges
1816 2090 2132 2147 manifeste
2160 2106 2217 2162 pi

2374 2094 2669 2166 παράνομον
2695 2100 2918 2168 φανερῶς
2951 2097 3041 2146 καὶ
3082 2098 3336 2166 τιμωρίας
3376 2096 3555 2166 ἔνοχον
3580 2094 3636 2155 ἧς
3665 2092 3889 2164 ἀπῄτησεν,

608 2189 772 2256 gnat,
825 2188 884 2240 et
931 2181 1229 2256 supplicio
1281 2181 1534 2252 dignum
1601 2180 1742 2238 facit
1806 2180 2040 2246 eodem,
2101 2196 2216 2252 quo

2377 2185 2458 2235 ἵνα
2483 2187 2554 2256 μὴ
2596 2182 2728 2255 λέγω
2768 2181 3082 2258 βαρυτέρας,
3119 2187 3242 2244 τέως
3287 2183 3348 2235 οὐ
3392 2187 3751 2258 μετριωτέρας·
3787 2180 3889 2254 ἀρχὴ

609 2273 914 2344 irrogavit,
942 2272 990 2328 si
1017 2287 1139 2328 non
1163 2270 1456 2341 graviore,
1489 2275 1646 2326 certe
1676 2285 1798 2326 non
1825 2269 2217 2326 moderatiore

2373 2274 2475 2346 γάρ
2506 2269 2644 2323 ἔστιν
2697 2268 3026 2344 ἀδικήματος
3071 2271 3228 2324 οἰλλου
3258 2292 3272 2306 ο
3297 2276 3484 2342 καίπερ
3525 2274 3550 2324 6
3603 2269 3739 2330 δίκην
3770 2273 3894 2342 ἕτερον

608 2362 713 2418 dat
740 2362 900 2418 enim
947 2361 1179 2416 initium
1221 2359 1386 2416 alteri
1432 2358 1705 2430 injuriae:
1754 2359 1803 2414 si
1849 2362 2006 2414 certe
2037 2358 2141 2430 qui
2187 2375 2216 2415 a

2375 2361 2502 2433 ὑπερ
2543 2360 2610 2411 ὧν
2655 2357 2933 2434 ἠδίκησεν,
2994 2359 3246 2428 ἀπαιτῶν,
3299 2363 3515 2415 αὐτόθεν
3571 2361 3750 2433 ὤφειλεν
3793 2362 3893 2430 ἔχειν

611 2451 798 2506 altero
837 2465 1052 2522 pmnas
1093 2464 1202 2521 pro
1245 2448 1465 2519 injuria
1502 2447 1778 2519 reposcit,
1818 2463 1887 2503 eo
1919 2447 2052 2520 ipso
2091 2447 2219 2504 debi

2374 2453 2461 2502 τόν
2503 2453 2884 2523 σωφρονισμὸν,
2919 2451 2991 2513 εἰς
3026 2455 3084 2503 τὸ
3110 2456 3182 2524 μὴ
3231 2451 3316 2505 ἐπὶ
3347 2459 3460 2515 τοῖς
3487 2454 3620 2514 ἴσοις
3645 2457 3722 2503 καὶ
3745 2451 3894 2522 ὁμοίοις

608 2539 736 2611 ipse
758 2537 1234 2594 moderationem
1255 2537 1506 2602 discere,
1531 2551 1604 2591 ne
1622 2537 1781 2607 juste
1809 2551 1878 2593 ea
1899 2551 2080 2608 poena
2097 2552 2216 2609 repi

2374 2544 2468 2598 τὴν
2504 2535 2663 2597 δίκην
2713 2539 2949 2612 ὀφείλειν,
3001 2537 3128 2606 ἀλλ’,
3186 2541 3257 2603 ὡς
3303 2543 3486 2607 ἔοικεν,
3518 2540 3608 2593 οὐκ
3641 2542 3757 2592 ἔστιν
3779 2538 3895 2610 ὀργῆς

611 2630 812 2682 scatur
839 2625 918 2682 ab
941 2625 1099 2698 ipso.
1136 2625 1308 2692 Quod
1340 2625 1389 2680 si
1415 2624 1747 2680 debitorem
1779 2625 1989 2680 decem
2010 2625 2219 2681 milliui

2375 2627 2768 2703 ἐμμανέστερον.
2821 2628 2883 2681 Εἰ
2931 2625 2990 2682 δὲ
3033 2635 3122 2681 καὶ
3176 2633 3263 2682 τὸν
3313 2629 3574 2704 ὀφειλέτην
3622 2639 3708 2682 τῶν
3752 2633 3896 2701 μυρίων

612 2714 971 2772 talentorum
1018 2715 1224 2771 animo
1269 2713 1519 2778 recolas,
1551 2717 1609 2769 et
1650 2713 1969 2770 terribilem
2009 2714 2172 2771 illam
2212 2733 2220 2768 t

2373 2717 2634 2771 ταλάντων
2718 2718 2785 2779 εἰς
2865 2726 2982 2771 νοῦν
3052 2717 3350 2786 ἀναλάϐοις,
3424 2725 3540 2773 καὶ
3580 2725 3665 2778 τήν
3737 2717 3897 2791 οόϐερὰν

609 2805 852 2860 horrore
881 2803 1123 2876 plenam
1151 2801 1708 2868 comminationem,
1742 2801 1876 2858 licet
1901 2803 2046 2859 nihil
2077 2810 2217 2861 ext01

2375 2805 2591 2874 ἐκείνην,
2634 2812 2724 2860 καί
2757 2826 2838 2860 τοι
2881 2803 3032 2860 οὐδεν
3063 2808 3183 2860 ἄλ)ο
3237 2810 3266 2868 ἦ
3319 2811 3445 2885 ὅπερ
3501 2809 3796 2886 έχρεὼστητο
3830 2804 3900 2856 ἑπ-

609 2892 834 2965 quebat
853 2907 972 2948 non
993 2891 1282 2959 debitum,
1308 2896 1541 2948 tantum
1563 2890 1724 2963 quod
1751 2890 2004 2948 debitori
2025 2907 2146 2950 non
2169 2909 2217 2966 pl

2374 2901 2487 2968 ῄτει
2515 2900 2604 2948 καὶ
2631 2900 2814 2971 φρίκης
2851 2900 3114 2968 γέμουσαν
3147 2896 3386 2964 ἀπειλὴν,
3435 2900 3515 2951 ὅτι
3540 2903 3606 2971 μὴ
3647 2902 3898 2967 συγγνώμων

609 2980 800 3054 percit
824 2999 843 3038 :
868 2997 1051 3038 scena
1074 2980 1176 3038 illa
1204 2985 1262 3038 et
1291 2984 1634 3053 praetextas,
1667 2985 1720 3037 te
1742 2981 2076 3038 secundum
2102 2982 2217 3053 lege

2374 2984 2568 3056 ἐγίνετο
2613 2993 2684 3056 τῷ
2715 2984 2970 3057 ὀφειλέτη,
3018 2990 3134 3038 τίνα
3162 2984 3222 3038 ἂν
3271 3006 3357 3040 σοι
3385 2989 3416 3046 ἠ
3471 2991 3628 3046 σκηνή
3653 2991 3766 3039 τόῦ·
3803 2985 3901 3034 κατὰ

607 3070 978 3145 facere,quid
999 3069 1306 3144 proderit?
1326 3069 1492 3142 quod
1513 3068 1799 3128 auxilium
1821 3075 1960 3128 tunc
1983 3087 2215 3144 procura

2371 3079 2525 3146 νόμον
2577 3075 2780 3128 οῖεσθαι
2809 3085 2834 3116 ι·
2858 3075 3121 3148 πράττειν,
3151 3080 3240 3129 καὶ
3287 3084 3667 3152 παρανομοῦντι
3710 3073 3901 3148 βοήθειαν

608 3160 698 3218 bit
717 3161 746 3217 ?

2301 3172 2342 3230 C
2373 3166 2630 3241 ἑμπορίσῃ
2677 3180 2693 3232 ς

1145 3252 1249 3306 ΕΡ]
1259 3250 1358 3307 ST.
1386 3251 1610 3306 LXVIII.

2991 3261 3206 3309 ΕΠΙΣΤ.
3232 3253 3356 3312 ΞΗ’.

1001 3339 1194 3396 Paulo
1223 3339 1516 3396 monacho
1548 3339 1737 3409 lapso.

2716 3342 2902 3416 Παύλῷ
2931 3345 3151 3418 μονοιχῷ
3190 3343 3639 3405 ἀποστατήσαντι.

1929 3461 2220 3516 Montacut.
2243 3467 2349 3532 (ep.
2379 3469 2427 3526 7,
2456 3482 2510 3532 p.
2534 3467 2637 3530 71).

683 3570 871 3624 Deum
900 3571 1172 3655 nostrum
1205 3567 1502 3636 Christum
1527 3567 1854 3655 abnegavit
1878 3571 2081 3627 Petrus
2106 3589 2120 3629 :
2153 3573 2264 3630 dif-

2443 3579 2540 3628 Τὸν
2609 3577 2842 3649 Χριστόν
2907 3579 2997 3629 καὶ
3046 3578 3174 3631 Θεὸν
3231 3577 3404 3651 ἡμῶν,
3461 3578 3488 3632 6
3555 3580 3732 3655 Πέτρος
3793 3575 3909 3647 ἠρνή-

610 3655 839 3711 ﬁdebat
876 3654 1071 3712 eidem
1101 3655 1397 3722 Thomas;
1428 3655 1458 3709 J
1468 3653 1615 3711 udas
1647 3661 1844 3712 autem
1872 3657 2154 3730 prodidit.
2181 3663 2218 3718 T

2375 3683 2524 3734 σατο,
2583 3665 2608 3716 ό
2665 3669 2848 3738 Θωμᾶς
2908 3664 3220 3738 ἠπίστησεν,
3293 3668 3320 3720 6
3400 3664 3606 3731 Ἰούδας
3652 3653 3906 3742 προῦδωκε,

611 3748 812 3802 autem
858 3743 907 3800 si
953 3743 1271 3816 resipueris
1318 3743 1396 3800 ab
1443 3743 1514 3799 iis
1559 3759 1696 3816 quae
1743 3749 1953 3803 contra
1991 3763 2123 3816 nos,
2163 3766 2219 3807 at

2376 3756 2442 3805 σὺ
2498 3749 2606 3820 οὖν,
2666 3753 2710 3806 εἰ
2760 3758 2850 3826 μεν
2902 3758 3150 3826 μετέγνως
3208 3754 3284 3828 ἔφ’
3349 3757 3456 3824 οἷς,
3517 3756 3569 3820 ἐξ
3621 3755 3683 3807 ὧν
3740 3751 3826 3808 ἔδει
3867 3767 3909 3802 σε

610 3839 778 3891 tuam
827 3833 1022 3904 potius
1055 3831 1329 3898 salutem,
1366 3832 1564 3890 furore
1603 3834 1860 3906 percitus
1909 3839 2218 3908 patraveri:

2376 3849 2674 3915 σωφρονεῖν,
2723 3843 2842 3895 καθ’
2888 3844 3055 3916 ἡμῶν,
3099 3843 3292 3917 μᾶλλον
3323 3841 3388 3899 δὲ
3419 3854 3509 3908 τῆς
3553 3854 3648 3907 σῆς
3683 3846 3911 3916 σωτηρίας,

609 3939 745 3996 quae
773 3927 825 3979 te
857 3921 936 3979 ad
967 3927 1231 3978 mentem
1259 3938 1473 3979 sanam
1502 3923 1785 3980 reducere
1810 3925 2134 3994 debebant,
2165 3930 2217 3984 dt

2374 3929 2584 4004 ἐμάνης,
2625 3927 2792 4003 μηδὲν
2856 3930 3120 4005 ἀπογνῷς.
3177 3936 3312 3986 Οὔτε
3359 3939 3465 4010 γὰρ
3516 3942 3605 3996 τῆς
3651 3937 3776 4006 ἡμῶν
3819 3931 3911 4004 πρὸς

608 4028 848 4085 sperare
869 4012 1012 4067 noli.
1035 4015 1151 4067 Nos
1168 4012 1350 4078 enim,
1375 4016 1679 4085 utcunque
1698 4017 1816 4068 tute
1836 4013 1962 4087 ipse
1983 4032 2216 4075 emansc

2377 4021 2453 4085 σε,
2517 4019 2612 4072 κᾶν
2665 4021 2816 4084 αὐτὸς
2882 4021 3115 4088 ἐξέστης,
3175 4020 3479 4097 ἀπέστημεν
3532 4022 3801 4085 διαθέσεως,
3845 4021 3910 4069 καὶ

607 4101 808 4168 fueris,
840 4101 918 4157 ab
949 4100 1163 4156 affectu
1191 4101 1252 4156 in
1280 4105 1333 4156 te
1365 4107 1566 4157 nostro
1597 4117 1720 4157 non
1751 4104 2105 4160 excidimus.
2139 4107 2215 4164 Si:

2375 4115 2570 4183 Θωμᾶς
2597 4129 2681 4163 σοι
2709 4118 2804 4172 τῆς
2847 4109 3179 4185 έπιστροφῆς,
3231 4117 3320 4165 καὶ
3375 4118 3591 4188 Πέτρος,
3635 4112 3806 4165 παλαιὰ
3841 4125 3912 4160 πα-

606 4189 866 4246 Thomas
898 4196 954 4246 et
975 4190 1178 4244 Petrus
1211 4190 1461 4262 antiqua
1484 4189 1586 4246 tibi
1613 4190 1892 4262 exempla.
1917 4193 1994 4249 ad
2020 4210 2214 4251 conve:

2371 4196 2738 4274 ραδείγματα·
2772 4205 2960 4263 σώσεις
3001 4197 3053 4252 δ’
3100 4203 3229 4263 ἴσως
3262 4207 3353 4254 καὶ
3410 4203 3570 4267 αὐτὸς
3612 4202 3775 4262 ἄλλους
3813 4215 3913 4267 σφα-

607 4277 839 4334 sionem
869 4295 882 4334 :
912 4277 1016 4332 sed
1046 4281 1103 4333 et
1132 4277 1283 4334 alios
1311 4277 1490 4335 etiam
1525 4277 1825 4351 collapsos
1858 4285 2215 4340 conservabi:

2371 4286 2562 4354 λέντας,
2614 4285 2688 4340 δι’
2731 4288 2798 4340 ὧν
2830 4288 2985 4351 αὐτὸς
3037 4287 3253 4351 ἀνέστης
3302 4298 3478 4345 πεσών
3507 4312 3522 4327 ·
3553 4293 3596 4346 εἰ
3632 4288 3686 4344 δὲ
3734 4292 3795 4362 μὴ
3843 4303 3914 4358 με·

605 4383 745 4424 cum
776 4383 812 4424 a
858 4383 1002 4423 casu
1043 4373 1145 4422 tuo
1183 4367 1569 4423 resuscitatus
1599 4367 1798 4424 fueris.
1853 4371 2024 4436 Quod
2071 4373 2117 4428 si
2162 4390 2213 4429 ni

2371 4386 2592 4451 τάγνῲς,
2641 4376 2738 4430 κᾶν
2815 4376 3106 4452 ἀνιώμενοι,
3149 4378 3385 4455 λέγομεν,
3441 4385 3572 4457 πρὸς
3653 4384 3733 4434 τὸν
3775 4371 3915 4432 ’ἰούδα

603 4472 916 4530 quaquam
967 4455 1383 4528 poenitentiam
1435 4457 1648 4526 egeris,
1703 4462 1755 4514 te
1809 4458 1945 4516 licet
1991 4461 2211 4520 dolenti

1618 4475 1648 4526 ι,
1703 4462 1755 4514 te
1809 4458 1945 4516 licet
1991 4461 2262 4520 dolentes
2290 4484 2337 4541 Ι)
2373 4486 2431 4521 σε
2463 4465 2670 4543 βρόχον
2696 4466 2978 4522 ὑπόλοιπον
3007 4467 3226 4544 ἀφορᾷν.

604 4547 688 4603 sic
736 4545 1018 4612 aﬁ'amur,
1065 4544 1365 4618 reliquum
1410 4551 1500 4602 est
1542 4550 1606 4603 ut
1632 4546 1800 4603 Iudas
1845 4547 2132 4622 laqueum
2173 4568 2262 4610 re-

604 4635 849 4708 spicias.

1174 4723 1385 4782 EPIST.
1420 4726 1599 4782 LXIX.

2984 4743 3097 4793 ΕΠΙ
3101 4743 3198 4795 ΣΤ.
3229 4738 3355 4794 ΞΘ’.

1099 4815 1396 4872 Monac/10
1420 4814 1495 4870 E.
1536 4817 1824 4888 collapsa.

2837 4827 3131 4888 Μονάζοντι
3161 4834 3224 4887 Ε,
3264 4834 3501 4888 πεσόντι.

1925 4942 2219 4996 Montacut.
2245 4947 2349 5012 (ep.
2379 4948 2456 5004 12,
2481 4962 2532 5012 p.
2558 4949 2658 5012 74).

607 5138 616 5145 ⁸
668 5053 928 5145 Peccasti
953 5071 967 5109 :
997 5054 1336 5113 humanum
1366 5059 1476 5114 est.
1529 5057 1643 5113 Sed
1681 5062 1930 5130 peccato
1977 5060 2215 5118 admissi

2427 5063 2690 5139 Ἠμαρτες
2735 5085 2750 5099 ο
2805 5064 3124 5141 ἀνθρώπινον
3172 5075 3347 5124 τοῦτο.
3404 5068 3543 5124 Ἀλλ’
3589 5067 3817 5141 έπιμένεις
3856 5066 3908 5130 τῷ

602 5138 876 5208 inhaeres,
900 5158 1009 5198 nec
1038 5145 1341 5201 reverteris
1365 5163 1378 5201 :
1405 5145 1503 5202 hei
1523 5146 1670 5202 mihi
1696 5147 1708 5203 Ξ
1738 5147 1852 5204 hoc
1878 5149 2210 5206 diabolica:

2358 5160 2522 5224 κακῷ,
2564 5158 2653 5206 καὶ
2697 5153 2788 5206 οὐκ
2833 5153 3114 5231 ἐπιστρέφῃ
3155 5176 3171 5190 ο
3222 5153 3507 5230 δαιμόνων,
3541 5161 3594 5211 οἵ
3617 5177 3722 5231 μοι,
3773 5159 3908 5206 τοῦτο.

597 5233 704 5282 est.
731 5228 1072 5298 Considera,
1087 5247 1399 5303 quaaso,an
1420 5250 1541 5291 non
1560 5235 1864 5307 professus
1883 5252 2020 5293 cum
2038 5254 2205 5295 mone

2359 5246 2542 5294 Σκόπει
2600 5239 2692 5308 δὴ,
2734 5247 2805 5315 μὴ
2835 5241 2948 5296 ἀντὶ
2987 5228 3096 5297 τοῦδ
3132 5228 3484 5318 παραγλγείλαί
3514 5266 3574 5300 σε
3618 5228 3688 5307 εἰς
3727 5247 3804 5300 τὴν
3839 5245 3911 5290 τῶν

596 5317 724 5374 chis
755 5323 996 5387 sortem,
1029 5324 1084 5377 et
1113 5322 1428 5393 stipulatus
1472 5325 1807 5396 angelicam
1843 5329 2204 5386 conversatic

2358 5334 2680 5403 μοναζόντων
2724 5331 3070 5408 κληρουχίαν,
3123 5317 3217 5388 καί
3277 5317 3690 5408 ἐπαγγείλασθαί
3748 5350 3800 5385 σε
3839 5331 3909 5384 τὴν

1945 5455 2184 5512 VARI/E
2223 5456 2621 5518 LECTIONES.

673 5585 697 5616 ι·
725 5575 807 5628 ἵσ.
866 5567 1041 5648 οἶμαι.
