4072 6232
201 277 331 334 881

1508 276 2014 335 EPISTOLARUM
2052 279 2264 337 LIBER
2304 283 2350 338 I.

3498 297 3604 352 882

208 410 331 456 τῶν
403 401 636 474 ἀγγέλων
710 401 992 468 πολιτείαν,
1075 402 1146 466 εἰς
1222 407 1317 462 τήν
1391 410 1490 456 τῶν
1576 399 1803 476 δαιμόνω

1914 451 1917 458 .
1947 403 2110 473 nem,
2141 407 2202 464 in
2229 407 2558 466 infaustum
2587 411 3029 471 dmmoniorum
3051 419 3268 472 statum
3300 419 3599 488 recidens,

204 492 547 563 καταεχθῇς
641 493 968 564 μοχθηρίαν,
1055 497 1145 545 καὶ
1221 495 1353 567 πρὸς

210 579 524 654 ἀπενεχθῇς
597 584 890 654 τιμωρίανο
946 582 1029 636 ὅτε
1107 587 1255 636 πᾶσα
1322 585 1584 658 πρόφασις
1661 579 1832 656 ἀργεῖ,

207 675 316 724 καὶ
343 669 411 732 εἰς
435 672 578 724 κενόν
611 672 638 729 ἡ
671 673 939 744 μετάνοια.

861 765 1073 816 ΕΠΙΣΤ.
1115 758 1196 818 Ο’.

548 849 642 905 Ἀθ
651 853 846 922 ανασίῳ
882 857 1103 923 μοναχῷ
1151 850 1509 924 ἡσυχάζοντι.

1452 496 1547 551 τὴν
1631 491 1836 544 ἕκείνων

1945 495 2024 550 ad
2055 494 2292 552 illorum
2312 512 2525 569 poenas
2545 501 2950 574 pracipitaris,
2987 503 3090 561 ubi
3120 511 3312 563 cessat
3334 511 3604 581 proposi-

1945 585 2093 650 tum,
2123 589 2177 641 et
2217 584 2532 644 frustratur
2555 590 2927 661 pasnitentia.

2547 769 2766 825 EPIST.
2805 769 2959 825 LXX.

2223 855 2557 913 Athanasio
2593 858 2889 916 monacho
2918 861 3308 919 anachoreta.

1527 965 1818 1016 Montacut.
1855 965 1960 1030 (ep.
1995 968 2074 1025 20,
2106 983 2161 1032 p.
2192 970 2292 1031 81).

286 1061 354 1118 ’0
383 1066 475 1137 μεν
525 1071 617 1126 τῆς
664 1065 912 1139 Ἐριστης
953 1074 978 1106 ε
1025 1063 1330 1132 ἐπίσκοπος,
1391 1071 1508 1125 ταῖς
1564 1065 1830 1136 ὑμετέραις

203 1154 405 1226 εὐχαῖς
473 1153 736 1226 ὀρθωθεὶς,
819 1151 1075 1228 ἀνέρρωσε
1144 1160 1237 1206 τοῦ
1300 1154 1544 1216 πάθουςο
1596 1157 1687 1205 καὶ
1735 1159 1828 1213 τῆς

207 1251 592 1315 σχισματικῆς
661 1239 948 1304 σηπεδόνος
999 1241 1326 1314 ἀπαλλαγεὶς,
1372 1250 1431 1315 τῇ
1475 1242 1684 1300 όλότητι
1734 1249 1826 1294 τοῦ

203 1331 665 1391 ἐκκλησιαστικοῦ
740 1337 1002 1404 σώματος,
1065 1332 1250 1404 μίλους
1297 1337 1387 1384 καὶ
1442 1335 1633 1405 μέρους
1682 1330 1826 1393 τάξιν

203 1421 520 1495 ἀνειληφὼς,
584 1424 949 1494 συνηρμόσθη,
1029 1421 1194 1474 πολλά
1270 1424 1360 1494 μεν
1423 1429 1516 1483 τῆς
1571 1423 1824 1493 προτέρας

202 1515 509 1584 καταγνοὺς
579 1510 993 1583 φρενοϐλαϐείας,
1071 1510 1280 1573 πολλοῖς
1338 1507 1397 1564 δε
1471 1507 1704 1584 δάκρυσι
1763 1513 1822 1562 τό

203 1599 410 1674 ἔδαφος
463 1603 674 1676 ῥαίνων,
735 1601 988 1674 οἰμωγαῖς
1037 1597 1096 1654 δὲ
1140 1600 1376 1667 πολλαῖς,
1422 1605 1512 1653 καὶ
1561 1599 1822 1652 ἐλεεινολο-

200 1697 362 1763 γίαις
391 1695 485 1750 τὴν
515 1698 786 1766 παροῦσαν
843 1687 1082 1753 σύνοδον,
1145 1689 1499 1765 ἀπαραίτητον
1547 1689 1624 1742 ἐπ’
1663 1689 1820 1741 αὑτὸν

201 1783 441 1856 ὁρῶσαν,
495 1781 567 1843 εἰς
618 1780 922 1854 οἰκτιρμοὺς
993 1776 1250 1842 διαλύσας
1284 1801 1299 1815 ο
1337 1784 1426 1832 καὶ
1456 1780 1482 1832 ὃ
1531 1799 1589 1852 γε
1634 1778 1799 1853 ἀνὴρι

199 1871 343 1942 οὐχὶ
394 1870 575 1932 πολιᾶς
624 1875 940 1942 συγγνώμην
971 1871 1162 1943 ᾔτησεν
1191 1868 1224 1922 ἀ
1266 1874 1454 1931 κακίας
1484 1889 1499 1904 ⁸
1533 1868 1660 1922 ἀλλὰ
1708 1887 1819 1921 νεα-

195 1964 476 2032 νιευμένην
527 1956 690 2022 ἔδειξε
743 1965 986 2032 μισήσας
1043 1964 1316 2032 πονηρίαν.
1374 1959 1449 2012 Οὑ
1503 1961 1604 2032 γὰρ
1658 1957 1817 2011 ἀπλό..

194 2067 365 2110 τητος
424 2045 484 2106 ἡν
539 2049 564 2100 ὁ
607 2051 792 2122 γέρων,
854 2047 960 2100 ἀλλ’
1025 2047 1230 2109 ἀπάτης
1285 2050 1498 2124 θήραμα
1537 2068 1552 2082 ο
1607 2048 1694 2113 ὧν,
1748 2049 1812 2101 τὸ

193 2141 316 2211 μὲν,
380 2136 628 2211 βοηθείας
684 2143 890 2210 μόνης·
947 2141 1006 2190 τό
1062 2134 1122 2190 δε
1163 2135 1334 2190 δεῖται
1373 2142 1463 2190 καὶ
1513 2139 1812 2210 προκαθάρ-

199 2247 338 2288 σεως
370 2249 384 2262 ο
422 2227 550 2280 ἀλλὰ
594 2229 693 2302 γὰρ
738 2235 850 2289 τοῖς
888 2227 1153 2301 ὑμετέροις
1200 2232 1377 2289 πόνοις
1405 2226 1570 2287 καλῶς
1608 2234 1699 2279 τοῦ
1729 2231 1808 2298 γί-

193 2337 382 2392 ροντος
436 2315 851 2389 ἐξεργασθέντος,
905 2322 995 2369 καὶ
1045 2325 1146 2368 τῶν
1193 2324 1284 2378 τῆς
1325 2318 1600 2378 νουθεσίας
1651 2335 1808 2391 σπερ-

193 2409 380 2480 μάτων
483 2405 1026 2480 προκαταϐληθέντων,
1125 2407 1275 2478 ἡμεῖς
1363 2404 1564 2468 ἀπόνως
1649 2405 1806 2458 αὑτοῦ

194 2501 297 2556 τὴν
333 2501 594 2570 σωτηρίαν
643 2494 1078 2570 ἐκαρπωσάμεθα.
1121 2501 1232 2547 Τῶν
1267 2493 1326 2548 δε
1354 2495 1597 2568 ἰατρικῶν
1629 2491 1800 2561 εἰδῶν,

193 2589 372 2640 πάντα
416 2589 505 2658 μὲν
537 2585 632 2638 οὑκ
685 2581 744 2642 ἧν
788 2586 947 2657 εὑρεῖν
992 2587 1126 2636 κατά
1175 2592 1365 2657 χεῖρας
1397 2605 1411 2618 ⁸
1440 2585 1542 2637 ὅσα
1580 2580 1639 2637 δε
1668 2604 1806 2657 παρ-

193 2685 282 2744 ῆν,
361 2674 649 2733 ἀπεστάλη.
708 2681 819 2726 Τῶν
882 2673 1174 2725 ὑπολοίπων
1222 2676 1251 2732 ἡ
1317 2679 1540 2748 φροντὶς,
1591 2674 1683 2734 ἕως
1741 2674 1802 2724 οἶν

189 2766 542 2840 πορισθῶσιν⁹
633 2762 726 2815 οὑκ
801 2761 1073 2834 ἐπιλείψει.
1146 2770 1268 2826 Τοῖς
1350 2759 1540 2835 δώροις
1609 2759 1667 2814 δε
1705 2770 1801 2824 τῆς

187 2856 440 2928 ὑμετέρας
490 2855 781 2918 ὁσιότητος,
838 2851 922 2904 ἐπὶ
983 2856 1116 2924 μέγα
1169 2851 1645 2924 ἡγαλλιασάμεθα·
1699 2853 1798 2923 μά-

182 2944 346 2996 λιστά
370 2961 431 3015 γε
456 2951 547 3003 τῆς
568 2941 815 3004 ἀληθινῆς
845 2940 1058 3012 ἀγάπης
1111 2948 1277 2994 ταῦτα
1332 2941 1696 3001 πληθυνοὺσης
1744 2953 1793 3006 υ,

181 3037 274 3085 καὶ
331 3032 403 3094 εἰς
464 3034 677 3104 μέγεθος
749 3034 839 3082 καὶ
913 3029 1097 3092 κάλλος
1162 3029 1506 3095 ἆξαπλοὺσης,
1577 3034 1667 3082 καὶ
1720 3025 1794 3082 δι’

182 3123 356 3176 αὑτῶν
402 3117 662 3182 διδούσης
715 3120 980 3181 εἰκονίζειν
1010 3122 1067 3172 τό
1119 3126 1212 3172 τοῦ
1245 3117 1366 3192 βίου
1398 3117 1597 3190 ὑψηλόν
1623 3138 1677 3171 τε
1705 3121 1794 3171 καὶ

180 3213 486 3286 μετάρσιον.
512 3209 766 3285 Ἐρρτυσο.

791 3485 1004 3534 ΕΠΙΣΤ.
1055 3477 1185 3534 OA'.

507 3575 728 3644 Ζωσιμᾲ
757 3569 1037 3644 μονάζοντι
1061 3572 1151 3621 καὶ
1178 3569 1462 3642 ἡσυχαστῇ

2010 1067 2209 1123 Εείεῑω
2265 1068 2610 1143 episcOpus,
2659 1071 2871 1128 vestris
2920 1075 3198 1146 precibus
3256 1083 3506 1146 erectus,
3557 1097 3595 1139 a

1938 1156 2149 1212 morbo
2201 1158 2522 1226 convaluit,
2567 1165 2625 1217 et
2671 1161 2745 1218 de
2778 1163 3087 1234 putredine
3118 1165 3402 1222 liberatus
3435 1171 3595 1225 schi-

1937 1247 2206 1312 smatica,
2251 1249 2436 1320 partis
2479 1249 2611 1322 jam
2664 1256 2720 1306 et
2765 1253 3022 1308 membri
3082 1271 3303 1311 munus
3352 1257 3586 1326 obiens,

1937 1349 2074 1390 cum
2101 1336 2492 1395 ecclesiastico
2516 1343 2634 1395 toto
2656 1344 2807 1396 cestu
2828 1343 3287 1414 compaginatus
3312 1349 3589 1420 est,prio-

1933 1440 2060 1482 rem
2091 1428 2308 1484 mentis
2359 1445 2487 1485 suae
2541 1446 2704 1486 sanas
2757 1431 3122 1488 amotionem
3183 1434 3382 1491 multis
3443 1453 3587 1493 con-

1932 1513 2250 1582 demnans,
2281 1517 2565 1590 lacrymis
2593 1520 3005 1591 pavimentum
3034 1521 3251 1592 rigavit
3275 1525 3502 1592 multis,
3531 1535 3587 1582 et

1930 1610 2286 1676 praesentem
2309 1609 2634 1680 synodum,
2666 1624 2852 1680 quam
2879 1610 2942 1665 in
2961 1626 3027 1666 se
3046 1611 3287 1668 videbat
3312 1613 3584 1672 inexora-

1928 1693 2133 1761 bilem,
2165 1695 2464 1762 lamentis,
2492 1696 2791 1753 ﬂebilibus
2817 1699 3218 1768 sermonibus,
3238 1702 3482 1758 tandem
3503 1704 3582 1761 ad

1926 1786 2406 1858 compassionem
2435 1786 2742 1843 convertit.
2769 1790 2883 1844 Nec
2911 1788 3148 1847 veniam
3181 1790 3352 1862 quasi
3375 1792 3581 1849 insons

1925 1874 2159 1929 canitiei
2181 1874 2638 1948 deprecabatur,
2668 1877 2772 1932 sed
2793 1875 2932 1933 odio
2963 1894 3028 1934 se
3056 1878 3275 1934 habere
3296 1881 3576 1949 ostendit,

1921 1961 2369 2020 insolentiorcm
2405 1964 2669 2035 juventae
2726 1964 3194 2038 improbitatem.
3245 1970 3410 2025 Certe
3451 1985 3576 2027 non

1921 2066 2024 2124 per
2067 2053 2509 2126 simplicitatem
2553 2064 2750 2121 senex,
2796 2054 2904 2110 sed
2948 2055 3087 2110 dolo
3115 2061 3326 2128 captus
3369 2073 3575 2129 pecca-

1920 2146 2118 2207 verat;
2159 2142 2376 2198 horum
2426 2142 2684 2199 duorum
2733 2142 2901 2199 alteri
2943 2159 3095 2215 opus
3140 2150 3230 2200 est
3261 2145 3426 2201 nudo
3469 2163 3574 2203 au-

1917 2230 2070 2299 xilio,
2105 2231 2269 2287 alteri
2313 2236 2513 2287 autem
2559 2232 2933 2303 purgatione.
2967 2235 3114 2289 Cum
3159 2248 3300 2289 vero
3333 2250 3438 2306 per
3466 2251 3568 2292 ve-

1915 2324 2105 2376 strum
2135 2319 2466 2377 exhibitum
2489 2320 2543 2376 ei
2569 2321 2834 2377 studium
2855 2321 3077 2393 Optime
3098 2322 3450 2379 reformetur
3473 2324 3569 2381 ille

1915 2426 2118 2479 senex,
2171 2409 2503 2467 seminibus
2541 2409 2771 2467 consilii
2801 2410 2968 2483 prius
3009 2412 3260 2482 sparsis,
3302 2429 3413 2468 nos
3450 2413 3569 2470 fru-

1913 2507 2072 2558 ctum
2109 2502 2268 2557 illius
2308 2500 2514 2557 salutis
2549 2500 2677 2556 sine
2724 2499 2844 2556 ullo
2883 2505 3088 2556 nostro
3128 2501 3333 2557 labore
3372 2503 3568 2559 retuli-

1913 2608 2068 2647 mus.
2129 2593 2347 2647 Omnes
2398 2606 2578 2663 porro
2627 2589 2854 2661 species
2909 2589 3222 2645 medicinas
3277 2591 3449 2647 nobis
3485 2591 3566 2648 ad

1910 2697 2129 2737 manus
2146 2696 2266 2736 non
2297 2684 2467 2736 erant
2489 2683 2709 2752 praesto
2729 2695 2743 2745 ;
2767 2679 2927 2752 quod
2946 2684 3112 2735 erant
3142 2679 3200 2735 in
3233 2680 3560 2751 procinctu,

1909 2771 2112 2827 missm
2135 2774 2290 2826 sunt.
2330 2771 2482 2826 Cura
2502 2769 2577 2824 de
2605 2767 2882 2833 residuis,
2925 2768 3114 2824 donec
3144 2768 3288 2840 ipsas
3339 2785 3564 2842 suppe-

1907 2860 2187 2926 ditentur,
2246 2875 2354 2915 nec
2410 2874 2532 2915 non
2589 2857 2844 2914 deﬁciet.
2912 2858 3090 2912 Donis
3135 2857 3312 2913 nobis
3365 2874 3402 2914 a
3457 2864 3560 2915 tua

1907 2951 2223 3006 sanctitate
2236 2948 2513 3022 profectis
2531 2947 2931 3020 maximopere
2944 2946 3406 3003 exsultabamus:
3424 2953 3558 3004 sunt

1904 3046 2104 3096 autem
2146 3037 2436 3109 imprimis
2479 3036 2582 3092 illa
2607 3052 2645 3092 a
2687 3035 2886 3092 veraci
2917 3035 3181 3107 profecta
3218 3035 3552 3104 dilectione,

1903 3143 2038 3200 qua:
2057 3127 2117 3183 in
2147 3128 2430 3184 eximiam
2456 3125 2936 3196 magnitudinem
2966 3127 3022 3179 et
3046 3123 3552 3195 pulchritudinem

1903 3217 2214 3287 succrevit,
2242 3232 2377 3288 quas
2408 3230 2697 3280 amorem,
2729 3212 2890 3269 unde
2921 3213 3287 3277 oriebantur,
3319 3213 3556 3270 faciunt

1900 3306 2034 3362 vitae
2115 3304 2515 3362 excelsitatem
2587 3308 2644 3361 et
2714 3301 3146 3359 sublimitatem
3227 3318 3555 3374 repraesen-

1901 3398 2049 3453 tare.

2471 3481 2687 3540 EPIST.
2745 3483 2918 3537 LXXI.

2152 3575 2402 3631 Zosimaa
2440 3570 2734 3629 monacho
2772 3577 2828 3628 et
2875 3570 3276 3628 anachoreta.

1491 3676 1783 3727 Montacut.
1817 3680 1919 3743 (ep.
1954 3681 2033 3737 25,
2065 3695 2115 3744 p.
2146 3680 2246 3742 85).

254 3779 441 3851 Ὀρειά
472 3797 557 3830 σοι
606 3779 673 3829 τὰ
723 3772 889 3850 δῶρα,
941 3775 1180 3826 κάστανα
1221 3777 1310 3825 καὶ
1341 3771 1590 3845 ἀμανίται
1617 3796 1630 3807 ·
1661 3773 1787 3827 ἀλλά

1967 3781 2243 3834 Moutana
2273 3781 2377 3834 tua
2421 3791 2674 3831 munera
2713 3778 2875 3841 sunt,
2905 3779 3204 3830 castaneae
3241 3789 3460 3846 nempe
3500 3777 3558 3830 et

186 3868 472 3944 βασιλικῆς
524 3865 851 3926 πολυτελείας
895 3867 952 3916 τὸ
1004 3863 1197 3924 πλῆθος
1226 3884 1238 3896 ·
1271 3868 1362 3915 καὶ
1415 3870 1486 3932 τῷ
1515 3866 1605 3934 μεν
1637 3863 1786 3936 ὀρείῳ

182 3957 405 4023 ἦδυνας,
433 3961 541 4028 οὑχ
570 3957 762 4028 ὁμοίως
815 3951 874 4007 δὲ
927 3961 1000 4023 τῷ
1056 3951 1321 4005 πολυτελεῖ
1369 3947 1615 4013 διέθηκας
1639 3973 1652 3986 ο
1685 3952 1778 4024 ὂρη

181 4068 238 4102 τε
321 4043 539 4111 ἀδικῶν,
628 4049 719 4096 καὶ
798 4041 1071 4116 βασιλείαν
1167 4041 1391 4093 κλέπτων
1465 4039 1514 4093 ἓν
1588 4046 1780 4114 δοεσιν.

180 4137 425 4211 Ἔγραψα
451 4142 634 4200 ταῦτα,
671 4136 754 4186 ἶνα
781 4137 870 4184 καὶ
920 4130 1198 4204 συστείλης
1230 4133 1289 4181 τὸ
1338 4129 1532 4191 πλῆθος
1570 4135 1661 4183 καὶ
1687 4135 1810 4190 τῆν’

183 4225 352 4281 εἰδίαν
381 4225 644 4298 φυλάς-της
674 4231 769 4275 τῶν
811 4219 990 4296 δώρων
1023 4243 1037 4254 ·
1067 4219 1350 4292 ἐϐουλόμην
1410 4238 1494 4272 σοι
1546 4239 1779 4294 παραγε-

181 4317 382 4380 νέσθαι,
429 4313 556 4366 ἀ)λά
603 4319 699 4374 τῆς
747 4313 909 4384 ὁρμῆς
952 4309 1179 4381 ἑσχέθην
1213 4330 1226 4341 ·
1261 4310 1400 4380 ὅμως
1448 4308 1554 4380 οὑχ
1586 4309 1656 4372 εἰς
1685 4329 1785 4380 μα-

178 4407 326 4477 κρὰν,
361 4402 469 4455 ἀνθ’
505 4404 672 4474 ἡμῶν,
708 4399 985 4464 σταλὴται,
1018 4400 1093 4463 ὃς,
1121 4397 1180 4450 οὑ
1229 4396 1361 4468 λέγω
1413 4396 1780 4470 ἀναπληρώσει

184 4489 332 4566 (οὐδε
358 4495 460 4565 γάρ
492 4491 661 4560 αὑτοὶ,
720 4485 835 4542 οὐδ’
867 4488 1046 4540 ἄλλοτε
1075 4487 1272 4558 ἡμεῖς),
1319 4485 1446 4538 ἀλλὰ
1501 4492 1782 4559 μετριώσει

184 4586 244 4636 τό
291 4583 562 4655 ὑστέρημα
593 4581 758 4652 ἡμῶν.
812 4582 890 4631 Τὰ
946 4573 997 4630 δ’
1035 4575 1184 4642 ἄλλα,
1240 4574 1499 4651 ἐῤῥωσθαί
1544 4595 1640 4628 σου
1690 4580 1784 4634 τὴν

181 4675 439 4745 πατρικὴν
495 4671 751 4726 ὁσιότητα
803 4666 1152 4739 ἓπευχόμεθα,
1208 4669 1294 4718 καὶ
1347 4673 1441 4727 τῆς
1496 4667 1644 4738 ἡμῶν
1705 4670 1776 4729 μὴ

186 4759 518 4819 ἐπιλελῆσθαι
539 4761 895 4832 μετριότητος.

796 4955 1010 5004 ΕΠΙΣΤ.
1043 4949 1163 5005 ΟΒ’.

464 5040 762 5112 ’Δθανασίῳ
781 5047 1002 5114 μοναχῷ
1020 5043 1110 5092 καὶ
1139 5037 1496 5111 ἡσυχάζοντι.

1895 3866 2196 3930 amanitas;
2229 3864 2334 3920 sed
2357 3864 2584 3933 regiam
2616 3861 2905 3932 adimplet
2931 3863 3402 3917 muniﬁcentiam
3459 3879 3556 3917 co-

1894 3955 2027 4027 pia;
2075 3953 2481 4010 montanismo
2531 3949 2853 4013 delectasti,
2905 3964 3024 4004 non
3081 3949 3326 4021 perinde
3361 3949 3553 4005 abun-

1893 4043 2132 4115 dantia;
2194 4044 2428 4097 montes
2475 4039 2661 4104 laedis,
2702 4042 2759 4093 et
2803 4052 3058 4108 regnum
3108 4036 3214 4093 tibi
3239 4037 3299 4092 in
3336 4037 3549 4093 monti-

1892 4133 2007 4190 bus
2028 4131 2358 4188 suﬁ'uraris.
2392 4129 2524 4185 Haec
2560 4127 2698 4184 ideo
2741 4126 2974 4198 scripsi,
3007 4131 3070 4180 ut
3108 4126 3183 4182 de
3226 4125 3401 4198 copia
3451 4125 3553 4181 de-

1892 4240 2044 4289 mas,
2077 4222 2206 4278 etin
2242 4218 2591 4276 muneribus
2619 4231 2951 4286 congruam
2979 4215 3234 4270 retineas
3265 4213 3548 4285 speciem.

1893 4313 2116 4372 Vellem
2145 4311 2248 4368 tibi
2275 4324 2538 4378 praesens
2568 4306 2802 4372 adesse,
2827 4305 2930 4362 sed
2960 4305 3296 4361 retardatur
3325 4302 3419 4358 ille
3445 4303 3554 4358 im-

1893 4408 2068 4476 petus
2119 4421 2133 4470 ;
2191 4404 2602 4457 verumtamen
2653 4411 2777 4452 non
2836 4394 2939 4450 diu
2995 4395 3104 4450 erit
3151 4411 3290 4450 cum
3346 4397 3554 4449 nostra

1892 4493 2020 4548 vice
2045 4490 2417 4562 ablegabitur
2440 4487 2544 4560 qui
2571 4501 2692 4543 non
2711 4485 2911 4541 dicam
2937 4483 3309 4555 adimplebit,
3328 4485 3552 4552 (neque

1895 4582 2053 4640 enim
2084 4581 2198 4636 hoc
2229 4576 2552 4650 aliquando
2591 4574 2684 4630 vel
2728 4573 2843 4646 ipsi
2873 4577 3152 4645 praestare
3201 4571 3550 4642 poterimus)

1895 4673 2000 4729 sed
2027 4666 2482 4728 admensurabit
2504 4665 2804 4722 defectum
2827 4669 3118 4718 nostrum.
3144 4659 3364 4716 Caetera
3385 4659 3554 4732 quod

1893 4763 2123 4820 attinet.
2141 4761 2327 4815 Deum
2342 4770 2612 4820 veneror,
2632 4757 2881 4826 paterna
2902 4767 3012 4806 sua
3032 4749 3314 4805 sanctitas
3335 4748 3550 4820 valeat,

1894 4850 2080 4908 nolito
2110 4853 2325 4904 nostrae
2363 4842 2634 4901 oblivisci
2663 4838 3112 4897 mediocritatis.

2483 4934 2590 4988 EPI
2598 4933 2696 4988 ST.
2738 4929 2951 4986 LXXII.

2139 5022 2474 5084 Athanasio
2503 5019 2795 5078 monacho
2840 5024 2896 5074 et
2925 5016 3326 5075 anachoreta.

1481 5144 1773 5194 Montacut.
1809 5142 1918 5206 (ep.
1951 5139 2032 5195 26,
2058 5150 2111 5201 p.
2143 5135 2242 5196 85).

249 5249 333 5311 Είς
381 5251 478 5307 τήν
540 5255 636 5311 τῆς
686 5248 967 5320 ἡγεμονίας
1013 5243 1203 5302 ίπίστη
1245 5241 1441 5316 ἀρχὴν,
1483 5243 1538 5296 ὃν
1589 5241 1773 5316 ἄρχειν

174 5349 266 5402 τῆς
314 5345 666 5410 πνευματικῆς
705 5335 893 5408 ἀγίλης
941 5335 972 5394 ἡ
1021 5338 1086 5394 σὴ
1139 5334 1350 5393 ὁσιότης
1401 5328 1496 5385 διὰ
1549 5327 1777 5404 δοκιμῆς

1955 5235 2048 5292 Ad
2065 5232 2472 5308 principatum
2496 5231 2554 5284 et
2581 5225 2999 5296 magistratum
3024 5227 3334 5296 promotus
3358 5222 3408 5278 is
3439 5227 3547 5283 est.

1885 5341 2071 5401 quem
2118 5328 2222 5380 tua
2293 5317 2590 5383 sanctitas,
2643 5313 3004 5388 experientia
3065 5317 3551 5386 capta,pra:esse

1523 5456 1755 5513 VARUE
1793 5450 2201 5511 LECTIONES.

785 5591 807 5632 ι
837 5590 914 5643 ῖσ.
949 5583 1062 5642 διὰ.
1148 5596 1179 5627 ιι
1215 5602 1304 5660 γρ.
1335 5581 1696 5643 πληθυούσης.

252 5593 386 5664 εἰσ.
414 5589 685 5664 Ἔριστῆς.
