4072 6232
590 252 696 312 883

1826 260 2066 317 PHOTII
2096 261 2263 320 PATI

2386 265 2582 322 RCHE
2606 266 2716 324 ΟΡ.
3779 270 3849 327 ΒΜ

590 377 756 450 gregi
779 377 914 436 fecit
939 380 1252 451 spirituali.
1284 383 1527 440 Precare
1574 398 1735 455 ergo,
1787 385 1977 452 Pater,
2009 391 2075 444 ut
2125 402 2235 445 nec

2386 396 2647 451 τοιήσατο.
2682 396 2859 468 Εὕχου
2890 390 2999 460 οὖν,
3035 395 3226 465 Πάτερ,
3258 394 3393 466 μήτε
3421 395 3514 451 τὴν
3561 395 3647 452 σὴν
3672 395 3854 468 σφαλῆναι

590 471 691 539 tuo
719 467 947 538 judicio
989 469 1303 543 decipiaris
1327 473 1436 543 (est
1461 473 1622 529 enim
1654 474 1766 531 hoc
1797 475 1889 533 vel
1921 477 2233 549 imprimis,

592 557 638 609 si
673 557 817 627 quid
866 558 1050 624 aliud,
1093 576 1426 629 congruum
1454 578 1587 618 cum
1618 568 1727 619 tuae
1758 565 2075 635 sanctitati,
2109 571 2235 623 tum

592 644 768 700 etiam
810 644 939 715 illi),
971 663 1080 702 nec
1108 666 1400 704 manuum
1432 657 1771 709 nostrarum
1819 654 2126 727 impositio
2158 656 2238 713 ad

590 733 962 791 reddendam
990 742 1228 792 vocetur
1251 741 1561 809 rationem,
1591 742 1696 798 sed
1725 747 1788 798 ut
1818 742 1993 814 plane
2020 744 2239 815 dignus

589 820 685 877 ille
713 821 1154 882 demonstretur
1178 831 1237 883 et
1263 832 1459 885 vestro
1487 829 1793 903 suffragio,
1822 836 1878 889 et
1919 847 2027 905 spe
2066 834 2242 890 nobis

597 916 903 983 concepta.
963 914 1186 971 Caetera
1240 917 1405 987 quod
1459 924 1703 989 spectat,
1760 921 1952 979 valere
2029 928 2242 995 exopto

595 1005 760 1054 tuam
788 1001 1186 1074 sanctitatem,
1228 1010 1284 1061 et
1312 1011 1530 1065 nostra:
1562 1009 1986 1068 mediocritatis
2023 1011 2245 1085 jugiter

596 1103 958 1148 meminisse.

1203 1183 1419 1240 EPIST.
1466 1186 1699 1243 LXXIII.

1307 1273 1528 1333 Eidem.

2344 485 2519 555 κρίσιν
2563 483 2736 555 (τοῦτο
2772 486 2873 558 γὰρ
2922 492 2983 558 τῇ
3030 502 3082 536 τε
3107 492 3172 555 σῇ
3227 484 3481 548 ὁσιότητι,
3515 482 3724 556 κάκείνῳ,
3762 488 3852 560 εἴπερ

2344 589 2397 622 τι
2430 571 2570 637 ἄλλο,
2604 571 3073 645 λυσιτελέστατον),
3124 577 3251 645 μήτε
3435 573 3574 644 ἡμῶν
3609 575 3856 648 χειροθεσίαν

2347 660 2582 724 εὐθύναις
2630 661 2907 735 ἐνορᾶσθαι
2940 684 2953 697 ο
3005 662 3114 715 ἀλλ’
3170 662 3313 726 ἄξιον
3377 664 3462 715 τόν
3521 658 3690 735 ἄνδρα,
3729 672 3795 715 τοῦ
3824 684 3859 717 τε

2347 749 2593 824 ὑμετέρου
2658 751 3019 827 ψηφίσματος,
3096 754 3184 804 καί
3236 757 3334 804 τῶν
3394 753 3639 826 ἡμετέρων
3702 750 3860 804 ἐλπίδων

2349 834 2732 911 ἀναδειχθῆναι
2765 861 2779 875 ·
2807 843 2872 894 τὰ
2903 837 2953 895 δ’
2985 836 3036 893 δ’
3064 839 3193 893 ἄλλα
3221 838 3481 915 ἐῤῥῶσθαί
3534 859 3620 893 σου
3668 845 3744 898 τήν
3768 842 3863 893 66:6-

2350 944 2485 985 τητα
2532 927 2881 1002 ἄπευχόμεθα,
2939 934 3029 983 καὶ
3066 937 3163 991 τῆς
3190 931 3334 1001 ἡμῶν
3388 934 3458 1001 μὴ
3505 928 3791 986 ἐπιλελῆσθαι
3807 948 3864 1000 με-

2351 1020 2644 1090 τριότητος.

2992 1202 3205 1253 ΕΠΙΣΤ.
3240 1195 3363 1251 ΟΓ’.

3017 1293 3102 1357 Τῷ
3132 1286 3295 1357 αὐτῷ.

1899 1386 2185 1439 Montacut.
2221 1388 2325 1453 (ep.
2361 1391 2440 1447 27,
2472 1405 2525 1456 p.
2556 1394 2655 1455 86).

670 1510 760 1566 Ad
808 1526 881 1567 ea
940 1527 1076 1584 quae
1125 1514 1429 1571 attendere
1476 1515 1684 1572 debuit
1742 1517 1811 1583 is,
1878 1519 1980 1591 qui
2037 1525 2247 1577 vestrm
2282 1506 2325 1561 Β

599 1600 930 1656 sanctitatis
954 1601 1173 1657 litteras
1190 1603 1405 1669 attulit,
1437 1604 1789 1663 brevissimo
1811 1612 1867 1663 et
1911 1617 2251 1682 opportuno

601 1691 873 1759 tempore
893 1689 1314 1747 instruebatur.
1362 1694 1628 1749 Praestitit
1661 1694 1756 1750 ille
1783 1710 1847 1751 se
1886 1698 2252 1768 morigerum

603 1776 696 1831 vel
723 1777 1005 1844 maxime,
1027 1783 1082 1835 et
1111 1779 1633 1851 pollicitationibus
1656 1781 1975 1841 declaravit
1997 1786 2253 1843 fructum

608 1881 673 1921 se
703 1865 962 1923 laturum
996 1867 1509 1925 admonitionibus
1534 1870 1646 1926 illis
1675 1871 1942 1944 dignum,
1969 1875 2254 1933 nimirum

607 1954 811 2025 quoad
842 1960 1073 2021 caetera,
1103 1957 1511 2028 complacente
1548 1961 1683 2025 Deo,
1713 1961 1898 2017 vitam
1928 1962 2254 2031 instituere,

608 2058 720 2099 nec
745 2043 837 2100 vel
864 2043 1140 2113 digitum,
1174 2046 1333 2119 quod
1356 2046 1590 2114 dicitur,
1619 2049 1883 2106 attollere
1908 2051 2137 2125 absque
2166 2069 2260 2110 ve-

612 2136 735 2187 stra
768 2132 1128 2200 directione;
1172 2135 1357 2191 Deum
1398 2152 1503 2193 oro
1549 2142 1612 2194 ut
1655 2140 2058 2211 respondeant
2105 2141 2262 2199 facta

614 2220 834 2287 verbis,
868 2237 940 2276 ne
970 2221 1017 2276 si
1049 2222 1194 2279 forte
1224 2222 1285 2279 in
1340 2240 1489 2282 saxa
1538 2225 1927 2297 seminantes,
1979 2229 2262 2288 destituat

613 2324 728 2365 nos
751 2313 982 2382 tempus
1006 2311 1131 2381 agri
1159 2312 1441 2368 metendi.

687 2400 953 2455 Monachi
994 2400 1409 2473 symbolorum
1444 2402 1781 2462 inordinate
1826 2422 1889 2463 se
1930 2412 2262 2480 gesserunt,

619 2488 721 2559 qui
748 2503 1061 2545 censuram
1094 2490 1205 2545 sibi
1235 2498 1592 2562 arrogarunt
1621 2498 1676 2551 et
1700 2500 2052 2568 potestatem
2077 2497 2267 2554 abba-

621 2576 692 2631 tis
718 2576 1079 2648 deponendi.
1109 2578 1269 2636 ldem
1296 2580 1531 2638 facinus
1558 2582 1708 2649 ausi,
1734 2601 1803 2641 ac
1834 2584 1881 2641 si
1909 2587 1969 2641 in
1992 2586 2266 2657 aurigam

622 2665 996 2735 insurgerent
1014 2669 1171 2739 equi,
1228 2685 1437 2740 greges
1486 2672 1546 2727 in
1594 2678 1919 2744 pastorem,
1953 2681 2152 2731 nautae
2206 2676 2267 2733 in

624 2756 972 2812 nauclerum
1001 2775 1013 2813 :
1042 2758 1163 2814 imo
1186 2760 1372 2815 multo
1388 2760 1503 2818 hoc
1532 2764 1723 2833 magis
1751 2770 2048 2821 absonum
2077 2771 2180 2830 est.
2208 2770 2271 2822 ut

624 2844 905 2900 monachi
938 2846 1191 2903 audacia
1221 2856 1424 2905 contra
1448 2850 1855 2921 hegumenum
1890 2853 2269 2923 insolescant,

622 2933 727 3005 qui
752 2934 1041 2990 rationem
1066 2936 1193 2992 aliis
1220 2942 1449 2995 tenetur
1478 2945 1533 2995 et
1580 2956 1699 2997 non
1730 2940 1879 3013 ipsis
1903 2942 2176 2999 reddere.
2215 2943 2273 2999 Si

624 3022 769 3094 quid
796 3022 874 3080 ab
900 3024 997 3080 illo
1027 3024 1308 3083 delictum
1339 3028 1549 3096 fuerat,
1578 3029 1846 3101 judicem
1893 3030 2056 3087 adire
2088 3031 2275 3102 majo-

621 3126 748 3167 rem
788 3112 1109 3182 debebant,
1153 3131 1262 3173 nec
1302 3116 1380 3173 ad
1420 3133 1481 3174 se
1524 3120 1784 3193 arripere
1810 3119 2106 3192 judicium
2148 3119 2275 3192 epi-

621 3202 875 3273 scOpale,
916 3219 1055 3260 cum
1085 3205 1181 3261 vix
1229 3206 1288 3262 in
1328 3224 1575 3264 numero
1631 3210 1961 3266 consistant
1995 3209 2274 3281 judican—

621 3290 858 3347 dorum.
909 3294 1301 3351 Nihilominus
1364 3312 1501 3352 cum
1541 3298 1620 3354 ad
1660 3303 1922 3354 vestram
1980 3298 2275 3354 conﬂuxe-

621 3379 739 3435 rint
768 3382 1164 3450 sanctitatem,
1198 3386 1512 3441 remittitur
1536 3385 1649 3441 illis
1676 3386 1877 3442 audax
1914 3387 2059 3442 illud
2100 3402 2273 3442 anar-

623 3468 769 3523 cbias
839 3469 1091 3537 facinus,
1149 3476 1205 3527 et
1234 3473 1541 3529 seditionis
1573 3479 1766 3540 motae,
1809 3476 1910 3530 sed
1971 3476 2053 3531 ita
2099 3480 2162 3531 ut
2211 3492 2272 3531 se

624 3557 1330 3629 recipiantpromittendo
1369 3561 1442 3617 de
1484 3567 1695 3619 caetero
1736 3564 1965 3619 futuros
1986 3563 2270 3620 obedien-

622 3646 801 3701 tiores
830 3665 845 3714 ;
873 3647 931 3702 id
963 3653 1162 3703 autem
1194 3649 1275 3706 ita
1299 3651 1775 3708 demonstratum
1803 3652 2093 3719 dederint,
2130 3653 2177 3708 si
2209 3652 2269 3710 in

622 3735 906 3792 abbatem
924 3740 1335 3797 consenserint
1353 3756 1390 3796 a
1411 3745 1511 3797 tua
1527 3742 1838 3799 sanctitate
1855 3742 2234 3800 nominatum
2251 3763 2267 3814 ;

621 3836 816 3895 neque
848 3827 1008 3883 enim
1046 3825 1148 3885 illa
1176 3833 1478 3887 versentur
1514 3831 1808 3902 opinione,
1857 3831 2168 3888 toleratum
2201 3832 2272 3889 iri

622 3919 685 3970 ut
729 3915 832 3985 qui
875 3915 953 3972 ad
996 3917 1349 3976 seditionem
1402 3919 1541 3978 elati
1596 3920 2149 3986 commovebantur,
2209 3921 2270 3977 in

618 4002 783 4060 illum
805 4003 1003 4061 denuo
1024 4007 1400 4065 consentiant
1423 4021 1477 4066 et
1504 4009 1848 4081 conspirant
1903 4010 2266 4079 eligendum,

618 4109 821 4164 quem,
855 4094 1101 4151 calculis
1154 4096 1318 4163 prius
1365 4098 1626 4169 scriptis,
1686 4097 1795 4154 sibi
1853 4098 2264 4168 designarent.

620 4182 897 4237 Sufﬁcere
937 4182 1424 4256 delinquentibus
1460 4186 1638 4242 debet
1676 4186 1723 4242 si
1756 4188 1993 4244 veniam
2033 4187 2108 4244 de
2161 4186 2266 4243 ad-

620 4269 819 4325 missis
840 4271 1313 4342 impetraverint;
1332 4289 1722 4348 nequaquam
1754 4291 1893 4332 vero
1915 4275 2263 4347 aspirabunt

2386 4273 2601 4337 ἰξουσιν,
2643 4275 2726 4326 ἱνα
2772 4277 2845 4345 μὴ
2897 4269 3184 4347 ἀδιάφορον
3227 4280 3304 4342 τῷ
3335 4270 3507 4342 ἀγαθῷ
3545 4268 3597 4319 τὸ
3644 4267 3787 4321 κακὸν,

619 4358 698 4415 ad
725 4375 846 4414 non
869 4360 1341 4433 delinquentium
1368 4364 1847 4434 praerogativam,
1874 4370 1935 4421 ut
1958 4380 2032 4421 ne
2061 4381 2155 4421 res
2177 4365 2269 4421 in-

616 4446 975 4516 ditferentes,
1008 4448 1258 4516 bonum,
1296 4452 1547 4517 malum,
1577 4458 1732 4510 recte
1759 4468 1959 4523 agere,
1994 4461 2051 4510 et
2081 4453 2269 4510 delin-

615 4553 799 4610 quere
828 4538 1186 4606 habeantur,
1223 4540 1455 4610 judicio
1480 4541 1556 4598 de
1583 4548 1838 4615 utroque
1861 4541 2270 4600 indifferenter

616 4625 850 4684 affecto.
882 4628 1102 4684 Caetera
1130 4628 1296 4700 quod
1323 4634 1565 4699 spectat,
1616 4645 1828 4703 precor
1876 4635 2041 4688 tuam
2071 4630 2271 4687 valere

619 4717 1017 4785 sanctitatem,
1068 4721 1125 4776 et
1189 4722 1408 4775 nostra;
1465 4718 1891 4778 mediocritatis
1950 4734 2073 4777 non
2125 4718 2272 4777 obli-

621 4817 790 4859 V1801.

1179 4897 1391 4955 EPIST.
1448 4898 1675 4957 LXXIV.

1150 4986 1448 5046 Barnabas
1471 4987 1777 5046 monacho.

2430 1507 2525 1559 Ὧν
2581 1505 2688 1563 ἔδει
2734 1514 2991 1568 κατήκοον
3063 1510 3305 1581 γενέσθαι
3370 1510 3456 1560 τόν
3514 1510 3865 1581 γραμμποοὸρον

2361 1604 2451 1658 τῆς
2481 1598 2621 1670 ὐμῶν
2666 1600 2956 1667 ὁσιότητος,
3004 1600 3073 1659 ὡς
3116 1596 3163 1650 ἕν
3204 1596 3528 1672 βραχυτάτῳ
3561 1595 3868 1667 καιρῷ,πείντα

2361 1689 2648 1760 παρηνέθη,
2726 1693 2816 1742 καὶ
2895 1687 3047 1750 αὐτός
3111 1687 3267 1739 αὐτόν
3328 1686 3553 1751 εὐπειθῆ,
3604 1690 3682 1736 καὶ
3724 1687 3867 1758 καρπόν

2364 1778 2524 1828 οἴσειν
2598 1785 2697 1829 τῶν
2778 1768 3127 1851 παραινέσεων
3185 1776 3351 1843 ἄξιον,
3433 1780 3539 1834 ταῖς
3597 1774 3871 1845 ὑποσχέσεσιν

2362 1860 2548 1929 ἴδειξε,
2605 1858 2689 1917 τάλ
2723 1885 2776 1919 τε
2825 1864 2954 1918 ἄλλα
3004 1872 3118 1937 Θεῷ
3156 1864 3446 1938 εὐαρέστως
3487 1861 3642 1935 βιοῦν,
3678 1856 3868 1933 καὶμηδὶ

2366 1956 2453 2005 τόν
2536 1950 2817 2021 δάκτυλον,
2884 1954 2909 2007 ὁ
2965 1951 3031 2013 δή
3103 1972 3250 2027 φασι,
3324 1960 3478 2005 κινεῖν
3553 1958 3635 2012 τῆς
3696 1951 3874 2022 ὑμετέρας

2368 2048 2534 2117 χωρὶς
2590 2036 2896 2118 έτὶικρίσεως
2929 2066 2941 2078 ·
3003 2043 3271 2116 εὐχόμεθα
3353 2039 3420 2101 δὴ
3494 2048 3592 2103 τοῖς
3619 2042 3757 2113 ἔργοις
3780 2058 3875 2108 eua-

2372 2130 2641 2194 ϐαίνοντας
2700 2128 2829 2186 ἰδεῖν
2877 2135 2996 2195 τοὺς
3048 2131 3255 2204 λόγους,
3298 2128 3401 2182 θῖνα
3450 2133 3518 2201 μὴ
3553 2124 3875 2200 σπείρανταςεὶς

2372 2224 2579 2297 πέτρας⁹
2615 2222 2640 2275 ό
2676 2229 2764 2274 τοῦ
2796 2224 3051 2296 γεωργίου
3081 2223 3266 2294 καιρὸς
3296 2221 3433 2293 ἡμᾶς
3459 2216 3737 2290 ἐξελέγξειεν.

2445 2401 2511 2453 Οἱ
2560 2397 2619 2453 δὲ
2670 2408 2769 2453 τῶν
2807 2398 3079 2472 συμϐόλων
3130 2401 3364 2472 μοναχοὶ
3420 2396 3634 2456 ἀτάκτως
3669 2398 3878 2466 ἐχώρησαν

2376 2488 2577 2553 ἑαυτοῖς
2654 2492 2743 2548 τὴν
2821 2494 2931 2563 περὶ
3002 2496 3094 2542 τοῦ
3168 2497 3312 2561 σφῶν
3386 2488 3653 2558 ἡγουμένου
3700 2482 3874 2545 ἐξουσίαν

2374 2582 2465 2631 καὶ
2510 2585 2685 2652 κρίσιν
2755 2577 3117 2652 ἐπιτρέψαντες
3164 2599 3176 2611 ·
3237 2579 3353 2630 ἴσον
3408 2578 3506 2650 γάρ
3579 2573 3699 2627 ἔστιν
3740 2569 3875 2627 imos;

2377 2668 2605 2740 ἡνιόχων
2648 2666 3143 2731 κατεξανίστασθοιι,
3204 2670 3297 2720 καὶ
3348 2665 3574 2740 πρόϐατα
3618 2668 3695 2714 τοῦ
3739 2659 3874 2727 uorsi-

2376 2776 2480 2823 νος,
2530 2762 2620 2809 καὶ
2664 2760 2851 2818 ναύτας
2900 2764 2992 2810 τοῦ
3039 2755 3357 2830 κυϐερνήτου
3391 2777 3403 2789 -
3450 2752 3623 2826 μᾶλλον
3663 2746 3712 2803 δέ
3759 2743 3874 2812 πολλῷ

2379 2843 2724 2921 ἀτοπώτερον,
2806 2849 3075 2919 μοναχοὺς
3166 2854 3269 2898 τῶν
3340 2844 3876 2935 xorem/cupiam“???

2383 2937 2756 3010 φρυάττεσθαι,
2789 2937 2837 2988 οἱ
2860 2936 3010 3006 λόγον
3041 2937 3257 3008 ὑπέχειν
3299 2934 3464 2987 αὐτῶν
3500 2932 3685 3005 ἑτέροις,
3714 2921 3877 2977 ἀλλόὖκ

2382 3023 2613 3092 ἐκείνοις,
2662 3024 3041 3084 ἐπιστεύθησαν
3072 3046 3084 3058 ο
3154 3023 3197 3077 εἰ
3272 3020 3332 3077 δέ
3398 3043 3448 3075 τι
3510 3016 3768 3090 πλημμελεῖ,
3804 3013 3877 3083 μεί-

2386 3116 2507 3176 ζονα
2557 3117 2743 3186 κριτὴν
2797 3112 3058 3175 ἐπιζητεῖν
3114 3108 3243 3176 ἔδει,
3304 3111 3427 3164 ἀλλά
3471 3114 3538 3183 μὴ
3584 3104 3788 3181 ἁρπάζειν
3816 3100 3879 3154 τὴν
3982 3152 3983 3161 η

2382 3208 2556 3278 κρίσιν
2609 3212 2706 3255 τῶν
2755 3202 3059 3277 ἀρχιερέων,
3130 3205 3249 3262 τοὺς
3309 3200 3356 3253 ἓν
3398 3207 3458 3272 τῇ
3509 3205 3597 3251 τῶν
3646 3194 3876 3290 κρινομέξων

2381 3299 2537 3365 χώρᾳ
2588 3293 2731 3364 μόλις
2774 3292 3163 3364 ἐξεταζομένους
3195 3312 3209 3324 ·
3264 3293 3404 3363 ὅμως
3459 3289 3559 3340 ἐπεὶ
3614 3292 3667 3356 τῇ
3716 3283 3876 3382 ὑμετέρᾳ

2381 3381 2779 3458 προσεῤῥύησαν
2833 3381 3125 3454 ἁγιωσύνῃ,
3194 3379 3402 3456 ἀφίεται
3451 3377 3613 3437 αὐτοῖς
3655 3380 3731 3432 τῆς
3773 3377 3878 3469 άξαρξ

2380 3476 2507 3543 χίας
2563 3474 2621 3523 τό
2668 3470 2931 3544 τόλμημα,
2980 3474 3070 3523 καὶ
3127 3477 3219 3530 τῆς
3289 3469 3533 3533 στάσεως,
3587 3463 3625 3516 εἰ
3668 3464 3739 3512 καὶ
3775 3463 3877 3506 αὐτοὶ

2382 3560 2623 3620 εὐπειθῶς
2670 3566 2763 3612 τοῦ
2808 3558 2990 3612 λοιποῦ
3044 3556 3410 3612 πολιτεύεσθαι
3474 3550 3875 3640 διαϐεϐαιώσαιντν⁸

2383 3646 2622 3712 δείξουσι
2654 3645 2733 3714 δέ,
2767 3651 2852 3700 ἑὰν
2896 3650 2983 3701 ἕνα
3024 3650 3158 3713 τινὰ,
3191 3649 3250 3699 ὅν
3282 3647 3341 3699 ἂν
3387 3644 3603 3719 βουληθῇ
3634 3634 3878 3734 6091356,”:

2380 3757 2496 3801 της,
2547 3738 2620 3800 εἰς
2691 3740 2974 3811 ἡγούμενον
3037 3733 3279 3800 δέξονται
3312 3758 3326 3771 -
3385 3718 3454 3809 μή
3500 3736 3590 3805 γὰρ
3638 3727 3781 3785 αὐτοῖς
3820 3718 3877 3819 ξπὶ

2379 3834 2496 3881 νοῦν
2567 3828 2704 3890 ἣκοι,
2761 3828 2830 3889 ὡς
2890 3828 2939 3879 οἱ
2994 3828 3449 3889 καταστασιάζειν
3510 3820 3775 3892 ἰπαρθίντεςι
3804 3827 3878 3913 ἀν’

2382 3914 2524 3989 δρὸς,
2578 3919 2705 3990 ὑπερ
2757 3914 2817 3969 οὗ
2858 3917 2948 3977 τὰς
2996 3914 3205 3987 ψήφους
3261 3914 3543 3989 ἐγγράφους
3583 3910 3741 3967 ἰθατο,
3778 3910 3879 3952 θῡτθι

2380 4006 2532 4059 πάλιν
2604 4005 2933 4077 ψηφίζεσθαι
3027 4010 3118 4057 καὶ
3207 4009 3485 4080 μαρτυρεῖν
3564 3996 3875 4091 ᾲξιωθήεονταιξ

2376 4096 2555 4169 Ἀρκεί
2604 4097 2703 4169 γὰρ
2750 4101 2859 4156 τοῖς
2903 4092 3300 4166 πλημμελοῦσιν
3347 4094 3377 4151 ἡ
3429 4098 3520 4143 τῶν
3568 4079 3878 4177 ἁμαρτηθέντοιν

2380 4189 2664 4256 συγγνώμη
2702 4204 2716 4218 ο
2749 4187 2807 4237 τό
2841 4181 2902 4237 δε
2947 4187 3225 4255 προνόμιον
3256 4190 3356 4235 τῶν
3409 4176 3773 4249 ἆνεεαμαρτήτων
3803 4178 3878 4262 “it

3814 4266 3879 4303 κει

2377 4370 2452 4433 τῷ
2504 4364 2791 4437 κατορθοῦν
2847 4365 2906 4415 τὸ
2965 4360 3302 4434 ἁμαρτάνειν,
3358 4358 3405 4412 ἂν
3461 4354 3699 4451 idm-pip?
3723 4352 3787 4451 ,τῇ

2380 4452 2618 4524 έκατὶρου
2666 4455 2838 4526 κρίσει
2884 4450 3167 4522 λογίζοιτο.
3216 4454 3296 4503 Τὰ
3329 4447 3379 4502 δ’
3413 4445 3555 4514 ἄλλα,
3576 4438 3787 4531 ίρῥῶοξθίξί
3810 4446 3876 4531 (ἴον

2381 4544 2474 4599 τήν
2515 4516 2768 4599 όσιότητα
2816 4516 3168 4614 ἕπευχόμεθα,
3217 4544 3310 4592 καὶ
3358 4545 3451 4599 τῆς
3492 4516 3623 4605 ἡμῶν
3661 4530 3722 4601 μὴ
3758 4516 3878 4575 ἕπιλδ·

2380 4628 2441 4689 λῆ
2452 4631 2575 4683 σθαι
2604 4633 2960 4703 μετριότητος.

3001 4902 3215 4965 eum.
3246 4894 3367 4954 oa’.

2906 4984 3147 5059 Βαρνάϐᾳ
3168 4987 3458 5059 μονάζοντι.

1917 5091 2208 5147 Montacut.
2244 5092 2352 5157 (ep.
2386 5093 2465 5157 tl,
2500 5106 2552 5158 p.
2584 5093 2685 5155 98).

687 5179 841 5248 Quid
864 5191 1270 5256 paupertatem
1296 5189 1481 5247 deﬂes
1511 5189 1539 5246 i’
1564 5193 1763 5249 Justus
1807 5205 1931 5247 non
1955 5190 2263 5247 deseritur.

616 5269 743 5326 Imo
790 5271 1063 5347 (inquies)
1110 5276 1494 5335 deserebatur
1537 5279 1667 5337 Job.
1720 5279 1835 5337 Sed
1863 5295 1935 5336 eo
2002 5278 2141 5345 ﬁne,
2205 5282 2269 5337 ut

612 5359 859 5431 impium
881 5360 1049 5418 illum
1076 5364 1371 5422 vincendo
1400 5367 1658 5423 vinceret
1687 5369 1791 5440 qui
1822 5383 1927 5440 per
1957 5383 2263 5425 summam

610 5451 1464 5526 impudentiam,purissimam
1482 5456 1672 5528 ipsius
1692 5459 1963 5529 pietatem
1984 5457 2115 5514 Vitas
2132 5471 2265 5530 pro-

614 5557 790 5616 spero
815 5557 996 5599 cursu
1024 5546 1079 5600 et
1120 5540 1393 5601 felicitate
1438 5545 1673 5603 volebat
1712 5547 2055 5621 cauponari,
2083 5551 2265 5621 atque

2446 5194 2510 5244 Τί
2568 5191 2767 5264 θρηνεῖς
2818 5193 3034 5258 minim;
3070 5186 3273 5251 δίκαιος
3322 5185 3411 5240 οὐκ
3446 5171 3875 5257 ἕγκαταλιμπάνετκιι

2377 5277 2515 5334 Ἀλλ’
2564 5276 2678 5333 Ἰὼϐ
2750 5277 3138 5351 ἐγκατελείφθη.
3208 5275 3340 5331 ’Δλλ⁹
3392 5276 3471 5328 ἱνα
3518 5267 3712 5362 καί-τὸν

2374 5370 2461 5442 ρόν
2514 5368 2587 5432 εἰς
2650 5370 2836 5444 κράτος
2882 5373 3073 5442 νικήσῃ
3135 5368 3375 5436 εὐπαθείᾳ
3426 5364 3510 5414 καὶ
3572 5355 3676 5455 ﬂio?
3724 5357 3865 5417 ενρθίᾳν

2374 5461 2468 5516 τὴν
2520 5456 2678 5510 αὐτοῦ
2722 5458 2954 5531 καθαρὰν
3011 5455 3268 5510 εὐσέϐειαν
3312 5449 3596 5510 καπηλεύειν
3641 5448 3861 5531 arata/1""

2372 5550 2649 5606 τήσανταο
2684 5550 2777 5603 καὶ
2820 5529 2913 5602 ἶνα
2956 5545 3105 5603 πλεον
3152 5544 3220 5600 ὧν
3271 5540 3548 5617 ἐγυμνώθη,
3591 5529 3739 5606 ὀγθσίη
3764 5532 3866 5592 παρι-
