4072 6232
559 295 668 352 887

1798 287 2041 344 PHOTII
2079 288 2562 350 PATRIARCH/E
2599 295 2706 352 ΟΡ.
3778 317 3856 374 838

559 415 1011 484 dura,difﬁcilia
1025 420 1081 473 et
1099 413 1481 506 intoleranda
1501 430 1638 487 qum
1659 413 1855 506 statim
1877 415 2045 506 passi
2060 420 2199 473 sunt

2333 437 2453 490 των,
2510 422 2579 473 τὰ
2627 423 2763 475 κατὰ
2817 421 2988 488 πόδας
3043 427 3256 500 χαλεπὰ
3301 435 3392 485 καὶ
3435 430 3682 489 δύσοιστα
3733 442 3857 506 πάθη,

561 509 667 566 sed
684 523 795 564 nec
817 506 896 562 ab
925 505 1208 562 omnibus
1233 505 1465 575 ingesta
1485 503 1833 576 opprobria,
1857 504 1935 560 ad
1968 520 2223 561 conver-

561 600 792 656 sionem
841 601 898 652 et
944 595 1322 651 sobrietatem
1363 593 1444 650 ab
1483 592 1816 650 audacibus
1853 593 2219 650 facinoribus

561 687 761 743 adhuc
786 685 1113 742 excitarunt
1139 702 1152 740 :
1187 699 1394 740 vereor
1417 698 1529 754 ego
1559 689 1733 748 certe,
1765 698 1840 738 ne
1865 683 2212 739 daemonum

558 779 776 831 natura
795 773 1126 830 formamin
1141 777 1191 828 te
1214 771 1948 828 simulaverithumanam.
1980 771 2215 829 Utinam

559 879 875 936 nunquam
917 878 1012 917 me
1043 861 1121 918 ad
1149 862 1261 918 ista
1293 860 1653 933 proferenda
1692 860 2016 930 adegisses.
2052 863 2214 918 Certe

557 952 857 1025 procemia
900 950 1076 1009 nobis
1120 950 1356 1008 venturi
1404 949 1739 1008 Antichristi
1788 949 1848 1005 in
1897 949 2210 1024 temetipso

558 1041 823 1101 exhibes.

1129 1130 1344 1185 EPIST.
1388 1130 1603 1184 LXXIX.

994 1219 1203 1276 Marco
1229 1217 1430 1274 Siculo
1455 1216 1763 1273 monacho.

2330 512 2464 581 μήτε
2491 512 2558 562 τὰ
2606 514 2754 565 κοινὰ
2789 517 2932 588 παρὰ
2979 518 3184 571 πάντων
3220 519 3419 594 ὀνείδη,
3458 529 3584 598 πρὸς
3611 525 3858 603 ἐπιστροφήν

2331 617 2390 650 σε
2458 603 2548 652 καὶ
2626 600 2782 672 νῆψιν
2857 611 2957 656 τῶν
3026 605 3368 680 τολμωμένων
3445 616 3582 664 οὔπω
3637 600 3857 690 διεγείρει·

2328 684 2548 742 δέδοικα
2587 695 2659 763 μὴ
2715 688 2977 766 δαιμόνων
3033 700 3190 768 φύσις
3245 698 3516 776 ἀνθρώπου
3553 684 3730 778 μορφήν
3769 684 3858 760 ύποο

2323 783 2573 852 κρίνεται.
2662 780 2795 836 Ἀλλ’
2871 786 2973 837 εἶϐε
3046 791 3116 858 μὴ
3190 789 3491 854 συνήλασας
3570 796 3695 866 ἡμᾶς
3735 804 3858 848 ταῦτα

2324 868 2500 940 εἰπεῖν,
2561 874 2651 922 καὶ
2704 879 2795 924 τοῦ
2845 872 3223 950 Ἀντιχρίστου
3278 876 3375 932 διὰ
3429 888 3522 934 σοῦ
3573 885 3601 942 ἠ
3655 890 3858 959 παρουσία

2319 960 2719 1032 προοιμιάζεται
2731 1005 2746 1018 .

2923 1141 3136 1192 ΕΠΙΣΤ.
3185 1137 3316 1195 ΟΘ’.

2744 1224 2942 1299 Μάρκῳ
2971 1225 3158 1298 Σικελῷ
3195 1228 3500 1300 μονάζοντι.

1837 1342 2134 1393 Montacut.
2172 1345 2274 1408 (ep.
2305 1344 2382 1402 84,
2415 1359 2467 1408 p.
2491 1346 2622 1416 130).

626 1463 786 1522 Multi
824 1462 1086 1519 historici
1128 1463 1364 1528 docent,
1406 1461 1570 1532 quod
1601 1476 1737 1516 cum
1783 1475 1889 1532 per
1921 1464 2206 1516 terrarum

2393 1465 2526 1531 Τοὺς
2555 1466 2680 1538 πρὸς
2729 1464 2982 1540 Ἐσπέραν
3027 1467 3352 1543 ἀνθρώπους,
3407 1473 3486 1525 ὅτε
3517 1483 3756 1546 πανταχοῦ
3782 1485 3854 1547 γῆς

557 1555 766 1612 orbem
799 1559 988 1609 totum
1035 1551 1314 1623 impietas
1358 1549 1828 1614 diffundebatur,
1864 1551 2209 1613 Saturnum,

556 1647 864 1706 Venerem,
907 1647 959 1696 et
989 1641 1430 1711 Proserpinam,
1466 1639 1870 1694 Occidentales
1904 1637 2064 1694 solos
2102 1654 2210 1710 pro

557 1731 672 1786 diis
701 1730 985 1785 habuisse
1015 1743 1030 1784 :
1059 1734 1113 1783 et
1137 1729 1303 1798 quod
1330 1742 1521 1799 neque
1547 1727 1844 1782 malorum
1875 1727 2211 1783 toleratissi-

555 1838 707 1877 mum
725 1819 1162 1885 Herculem,nec
1181 1818 1502 1874 Vulcanum
1518 1817 1882 1874 laudandum
1902 1818 2208 1886 artiﬁcem,

554 1925 669 1967 nec
695 1909 1154 1966 rhetoricantem
1197 1907 1567 1970 Mercurium,
1605 1922 1716 1963 nec
1745 1907 1930 1963 alium
1960 1908 2209 1980 quemli-

551 2001 654 2057 bet
682 2015 912 2063 eorum,
943 2014 1095 2070 quos
1123 1997 1342 2054 fabulae
1371 2012 1622 2069 operum
1649 1997 2013 2069 optimorum
2035 2003 2090 2054 et
2118 1998 2210 2053 in-

555 2103 890 2160 genuorum
941 2086 1232 2160 praesides
1280 2091 1339 2141 et
1391 2090 1698 2142 curatores
1749 2091 2096 2158 suggerunt,
2146 2087 2207 2143 in

553 2179 806 2235 deorum
838 2177 1046 2234 album
1074 2176 1367 2242 retulisse,
1399 2179 1504 2231 aut
1541 2175 1852 2232 admittere
1897 2177 2154 2233 voluisse
2189 2194 2204 2232 :

554 2267 659 2323 sed
677 2282 786 2323 nec
806 2282 976 2323 aram
991 2266 1254 2338 justitiaa,
1274 2266 1700 2337 temperantiae,
1719 2269 1826 2321 aut
1845 2266 2020 2322 alicui
2040 2267 2206 2324 alteri

550 2356 755 2413 virtuti
773 2355 1122 2424 aediﬁcasse,
1160 2370 1315 2426 quas
1344 2354 1563 2410 multas
1591 2355 1873 2411 mortales
1891 2360 2014 2411 tum
2044 2356 2209 2412 deiﬁ-

554 2445 800 2513 cabant,
831 2450 887 2500 et
905 2443 1320 2514 superstitione
1350 2443 1710 2514 praevalente
1730 2443 2026 2500 colebant.
2051 2445 2200 2511 Quid

555 2541 678 2590 erat
715 2540 916 2589 autem
947 2549 1052 2588 cur
1089 2533 1254 2605 apud
1284 2532 1425 2588 istos
1467 2535 1779 2596 Saturnus,
1827 2535 2040 2600 Venus,
2076 2537 2206 2591 Pro-

555 2623 798 2694 serpina
826 2622 1194 2688 colebantur,
1229 2621 1425 2677 solum
1456 2638 1526 2677 eo
1552 2622 1717 2694 quod
1755 2622 2030 2679 homines
2059 2625 2205 2680 solis

555 2712 774 2788 addicti
806 2717 971 2767 erant
1001 2711 1410 2782 voluptatibus
1438 2711 1674 2775 ventris,
1709 2716 1764 2767 et
1793 2728 1990 2768 rerum
2024 2729 2200 2769 vene-

2322 1550 2587 1614 ἐξηπ).ωτο
2645 1557 2676 1613 ἡ
2725 1554 2956 1623 ἀσέϐεια,
3020 1564 3231 1630 Κρόνον,
3288 1567 3382 1614 καὶ
3431 1561 3736 1636 Ἀφροδίτην,
3786 1573 3853 1619 καὶ

2321 1646 2646 1715 Περσεφόνην
2709 1650 2896 1716 μόνους
2950 1650 3180 1719 νομίζειν
3254 1651 3399 1712 θεοὺς
3453 1660 3546 1714 τῆς
3600 1655 3846 1727 ἱστορίαςή

2317 1738 2473 1803 πεῖρα
2517 1730 2840 1806 παρέδωκεν,
2900 1740 2990 1788 καὶ
3066 1740 3184 1790 οὔτε
3247 1738 3489 1799 τληπαθῆ
3547 1747 3630 1794 καὶ
3671 1763 3853 1819 καρτερι-

2317 1824 2406 1871 κὸν
2479 1819 2754 1893 Ἡρακλέα,
2828 1825 2944 1876 οὔτε
3018 1824 3302 1898 Ἥφαιστον
3388 1828 3729 1904 κλυτοτέχνην,
3771 1833 3849 1885 ἀλλ’

2317 1905 2441 1962 οὐδὲ
2487 1909 2660 1982 λόγιον
2711 1913 2930 1987 Ἑρμῆν,
2984 1912 3102 1968 οὐδ’
3181 1916 3336 1971 ἄλλον
3396 1921 3509 1972 τινὰ
3560 1921 3622 1971 ὧν
3664 1923 3686 1972 ό
3728 1925 3848 1993 μῦθος

2314 2008 2566 2072 χρηστῶν
2613 2006 2701 2053 καὶ
2776 1999 3079 2056 σπουδαίων
3157 2009 3322 2079 ἔργων
3375 2011 3652 2084 προστάτας
3694 2008 3850 2082 καὶέφ-

2315 2092 2465 2159 όρους
2513 2091 2828 2158 ὑποτίθεται,
2874 2089 3065 2146 ούδένα
3107 2099 3305 2148 τούτων
3355 2101 3471 2151 οὔτε
3521 2102 3722 2165 θειᾶσαι,
3758 2103 3847 2151 οὔτε

2314 2175 2734 2252 παραδέξασθαι,
2780 2179 2905 2235 οὐδὲ
2963 2182 3141 2256 βωμόν
3200 2183 3423 2260 ἱδρῦσαι
3461 2185 3844 2253 δικαιοσύνης,ού

2313 2271 2416 2338 μὴν
2472 2265 2597 2321 ούδὲ
2656 2274 3016 2344 σωφροσύνης,
3068 2271 3183 2326 οὐδ’
3237 2275 3398 2339 ἄλλης
3445 2281 3569 2338 τινός
3612 2277 3841 2350 ἀρετῆς,ἑν

2313 2364 2602 2413 τηνικαῦτα
2674 2363 2732 2410 τό
2801 2359 3118 2433 ἀνθρώπινον
3193 2369 3344 2436 γένος
3416 2369 3647 2419 ἐθιοποίει
3699 2386 3742 2418 τε
3779 2371 3842 2416 καὶ

2314 2444 2456 2498 ἓσεϐε
2505 2443 2900 2522 δεισιδαιμονίᾳ
2929 2457 3278 2524 κατεχόμενον
3314 2476 3329 2488 ·
3376 2452 3468 2508 διὰ
3504 2463 3552 2508 τί
3594 2453 3671 2508 οὖν
3711 2456 3842 2530 ’Δφρο-

2316 2531 2460 2601 δίτη,
2504 2542 2594 2590 καὶ
2645 2543 2853 2611 Κρόνος,
2917 2547 3008 2594 καὶ
3056 2550 3354 2618 Περσεφόνη
3414 2549 3598 2607 τούτοις
3647 2546 3844 2615 ἐτιμήθη·

2316 2643 2454 2690 σαν;
2505 2628 2585 2678 ὅτι
2611 2632 2769 2699 μόνης
2804 2626 3000 2692 ἡδονῆς
3046 2638 3132 2684 καὶ
3175 2639 3414 2709 γαστρὸς
3457 2641 3541 2688 καὶ
3589 2632 3843 2707 ἀφροδισίων

2315 2713 2392 2766 ἀεὶ
2436 2721 2711 2787 γεγόνασιν
2763 2719 3046 2788 ἄνθρωποι.
3096 2728 3196 2774 Καὶ
3243 2727 3348 2796 γὰρ
3423 2731 3508 2776 καὶ
3567 2728 3739 2784 τούτοις
3781 2722 3844 2782 οὓς

553 2816 816 2857 rearum.
849 2803 1013 2856 Certe
1044 2800 1204 2855 enim
1247 2800 1376 2855 illos
1406 2815 1560 2872 quos
1603 2800 1880 2856 colebant
1922 2801 2067 2857 deos
2099 2802 2205 2857 mi-

2316 2802 2509 2870 ἔσεϐον,
2566 2808 2831 2876 μιγνύντες
2909 2807 3142 2870 ἀλλήλοις
3212 2817 3306 2864 καὶ
3361 2810 3704 2876 διαπλέκοντες,
3756 2831 3839 2882 rgo-

554 2895 786 2947 scentes
798 2889 1061 2956 invicem,
1077 2896 1132 2945 et
1145 2890 1486 2961 promiscuis
1499 2889 1902 2962 complexibus
1915 2891 2204 2946 inhaeren-

552 2986 660 3046 tes,
689 2980 990 3044 alimenta,
1019 2978 1248 3045 luxum,
1277 2993 1455 3033 omne
1481 2993 1671 3048 genus
1703 2978 2096 3050 voluptatum,
2126 2980 2203 3036 ab

550 3068 668 3126 illis
711 3068 842 3136 diis,
885 3071 951 3123 ut
986 3067 1185 3123 verbis
1224 3067 1512 3133 ferebant,
1554 3067 1826 3134 ﬂuentes,
1869 3069 2203 3125 actionibus

552 3159 676 3214 suis
704 3157 1162 3214 coacervabant.
1194 3159 1321 3212 Non
1352 3161 1439 3212 est
1468 3171 1610 3227 ergo
1639 3157 1880 3222 mirum,
1912 3158 1960 3213 si
1989 3164 2072 3229 tu,
2099 3159 2202 3232 qui

553 3263 744 3319 genus
765 3247 842 3303 ab
860 3246 1340 3304 Occidentalibus
1366 3246 1624 3316 derivas,
1644 3247 1786 3302 nihil
1811 3249 2076 3320 prudens
2102 3253 2204 3304 aut

551 3340 949 3408 temperatum
997 3335 1191 3390 dicere
1240 3333 1327 3390 vel
1378 3334 1572 3390 facere
1611 3336 1852 3406 possis:
1895 3342 2053 3392 certe
2101 3352 2204 3408 pa-

553 3430 735 3482 ternae
755 3424 1222 3479 Consuetudines
1242 3424 1343 3479 vix
1364 3428 1467 3479 aut
1482 3439 1557 3478 ne
1579 3424 1676 3479 vix
1693 3424 1940 3496 quidem
1958 3425 2205 3496 corrigis

555 3517 613 3568 et
635 3513 696 3567 in
721 3513 994 3568 ordinem
1010 3513 1198 3582 redigi
1221 3517 1475 3583 possunt
1496 3513 1760 3569 maxima
1788 3513 2059 3570 adhibita
2077 3515 2206 3570 dili-

556 3601 776 3671 gentia,
810 3616 972 3665 cura,
1001 3604 1058 3656 et
1084 3599 1416 3656 laboribus.

1137 3690 1348 3746 EPIST.
1384 3689 1581 3744 LXXX.

662 3778 838 3836 Saba!
861 3777 1260 3843 anachoreta,
1294 3794 1426 3835 cum
1447 3779 1734 3850 apostatis
1763 3781 2096 3839 immorata.

2314 2895 2407 2964 φάς
2453 2912 2507 2944 τε
2575 2900 2664 2946 καὶ
2722 2898 2918 2970 τρυφὰς
2985 2904 3074 2950 καὶ
3145 2897 3348 2964 ἡδονὰς
3427 2908 3652 2964 παντοίας
3699 2901 3840 2952 ἐκεῖθεν

2313 2980 2484 3042 αύτοίς
2535 2990 2606 3052 τῷ
2664 2982 2800 3056 λόγῳ
2851 2987 3073 3060 ῥεούσας
3123 2985 3157 3040 δ
3164 2992 3216 3041 ιὰ
3276 3000 3376 3043 τῶν
3431 2992 3642 3065 πράξεων
3692 2988 3839 3043 συνελέ-

2310 3089 2482 3141 γοντο.
2562 3069 2729 3124 Οὐδὲν
2796 3071 2884 3126 οὖν
2962 3079 3267 3150 θαυμαστὸν
3324 3081 3367 3133 εἰ
3417 3087 3501 3134 καὶ
3553 3085 3610 3132 σύ
3655 3083 3702 3132 τὸ
3733 3083 3839 3148 γένος

2311 3159 2466 3211 ἕλκων
2505 3158 2554 3222 ἐξ
2607 3160 2873 3236 Ἑσπέρας,
2924 3163 3098 3232 οὐδὲν,
3146 3169 3268 3220 οὔτε
3302 3178 3498 3243 σῶφρον
3545 3170 3682 3240 λέγειν
3713 3171 3833 3238 ἔχεις,

2313 3250 2429 3301 οὔτε
2477 3245 2917 3324 διαπράττεσθαι.
2962 3254 3209 3329 Μεγίστη
3257 3261 3362 3332 γὰρ
3393 3255 3586 3330 σπουδῇ
3611 3263 3686 3309 καὶ
3703 3261 3836 3314 πόνοις

2312 3341 2402 3389 καὶ
2444 3337 2673 3409 μελέταις
2719 3344 2784 3392 τὰ
2828 3341 2882 3404 ἐξ
2934 3345 3082 3405 ἔθους
3127 3349 3217 3398 καὶ
3281 3344 3527 3422 πατρίδος
3577 3347 3706 3419 μόλις
3748 3346 3840 3396 ποτε

2314 3425 2451 3500 φιλεί
2475 3427 3014 3504 μεταρρυθμίζεσθαι·

2943 3703 3158 3751 ΕΠΙΣΤ.
3200 3699 3291 3756 Il'.

2414 3783 2555 3857 Σάϐᾳ
2582 3785 2898 3858 ἠσυχαστῇ,
2933 3789 3064 3858 μετὰ
3095 3795 3194 3839 τῶν
3227 3786 3531 3842 ἀποστατῶν
3557 3789 3772 3860 γεγονότι.

1829 3907 2122 3958 Montacut.
2153 3909 2256 3973 (ep.
2290 3910 2368 3965 90,
2392 3922 2445 3972 p.
2474 3910 2603 3971 133).

627 4011 789 4067 Unde
817 4010 1063 4077 factum,
1088 4013 1152 4067 ut
1179 4026 1316 4066 cum
1341 4010 1418 4066 ad
1448 4012 1654 4068 omnia
1678 4013 1844 4068 tarde
1865 4019 1921 4069 et
1952 4031 2206 4072 onerosa

553 4101 875 4178 movearis,
898 4100 976 4156 ad
1006 4100 1479 4157 machinationes
1505 4107 1712 4158 contra
1737 4119 1830 4158 me
1849 4103 2003 4160 celer
2033 4110 2090 4161 et
2113 4121 2206 4161 ve-

551 4191 806 4272 hemens
845 4189 1139 4246 exstiteris
1168 4190 1196 4245 ?
1227 4189 1435 4262 Liquet
1463 4190 1624 4256 hinc,
1665 4192 1899 4262 opinor,
1932 4194 2098 4266 quod
2142 4194 2203 4250 in

551 4280 774 4352 quibus
804 4279 1139 4335 secundum
1169 4279 1462 4336 rationem
1499 4281 1765 4351 procedit
1793 4282 1963 4346 ratio,
1997 4289 2203 4339 utcun-

552 4385 671 4442 que
699 4367 966 4438 ingenita
984 4367 1098 4440 ipsi
1127 4367 1390 4424 celeritas
1414 4384 1536 4424 non
1557 4370 1629 4425 sit
1657 4370 1734 4425 ad
1761 4376 1895 4426 ante
1919 4372 2204 4428 vertenda

552 4458 739 4523 mala,
771 4462 972 4513 tamen
999 4457 1299 4512 incitatius
1344 4462 1397 4513 et
1429 4459 1733 4524 continuo,
1767 4475 1875 4514 nec
1908 4477 2200 4532 suspenso

553 4553 746 4618 motu,
783 4547 862 4603 ad
899 4546 1061 4603 mala
1093 4545 1228 4603 ferri
1255 4561 1376 4603 non
1406 4546 1552 4604 vult.
1593 4552 1661 4604 At
1691 4564 1827 4603 cum
1869 4548 2007 4606 inde
2043 4552 2204 4606 exci-

552 4639 704 4706 derit
723 4637 890 4711 quod
913 4635 1240 4693 secundum
1269 4641 1548 4692 naturam
1579 4642 1684 4708 est,
1717 4654 1840 4694 una
1865 4639 2042 4694 etiam
2065 4639 2207 4696 effe-

551 4734 786 4794 runtur,
810 4736 867 4784 et
894 4732 1093 4784 motus
1114 4742 1326 4783 omnes
1341 4731 1401 4782 et
1430 4727 1694 4783 actiones
1725 4727 1973 4798 singulae
2003 4728 2063 4784 in
2092 4735 2205 4785 sta-

555 4821 682 4872 tum
729 4815 1138 4873 turbulentum
1189 4821 1243 4872 et
1280 4815 1595 4882 furiosum,
1652 4817 1796 4872 scito
1849 4821 2049 4872 autem
2107 4834 2204 4876 me

553 4905 730 4962 valde
767 4906 997 4978 pudore
1024 4904 1345 4970 suffusum,
1377 4909 1434 4962 et
1473 4921 1727 4962 maerore
1768 4905 1922 4963 ultra
1954 4908 2200 4963 modum

555 4998 881 5065 arreptum,
904 5011 1024 5050 non
1043 4996 1206 5068 quod
1220 5011 1430 5052 omnes
1446 4995 1508 5050 in
1531 4996 1848 5069 praesentia
1868 4995 2011 5052 aleae
2027 4996 2202 5066 jactm

551 5082 668 5138 sint
697 5081 757 5137 in
788 5097 905 5147 me,
939 5083 1047 5139 sed
1071 5084 1237 5158 quod
1257 5084 1402 5142 olim
1429 5091 1493 5142 tu
1522 5101 1593 5142 ex
1623 5085 1694 5142 iis
1722 5084 2020 5141 videbaris
2050 5100 2200 5144 esse.

553 5171 660 5244 qui
684 5185 783 5226 me
809 5171 1116 5229 amabant.

2388 4017 2547 4068 Πόθεν
2593 4017 2622 4073 ἠ
2679 4018 2811 4089 πρὸς
2867 4018 3038 4070 πάντα
3103 4037 3199 4070 σου
3277 4025 3477 4080 κίνησις
3539 4013 3733 4092 βραδεῖα
3777 4015 3841 4062 καὶ

2313 4106 2498 4171 νωθὴς,
2555 4104 2627 4166 εἰς
2678 4109 2773 4163 τὴν
2825 4106 2942 4158 καθ’
2998 4109 3142 4179 ἡμῶν
3195 4113 3416 4167 κατέστη
3470 4110 3700 4163 συσκευην
3738 4101 3840 4164 ὀξεῖα

2313 4198 2403 4246 καὶ
2470 4190 2713 4269 σφοδράς
2766 4195 2794 4253 ἢ
2841 4191 3023 4258 δῆλον,
3065 4198 3132 4258 ὡς
3196 4197 3246 4248 έν
3311 4199 3386 4259 οῖς
3447 4200 3532 4269 μὲν
3592 4189 3833 4267 ἔπραττενό

2313 4281 2562 4355 λογισμὸς
2613 4285 2750 4335 κατὰ
2780 4286 2954 4355 φύσιν,
2999 4285 3092 4336 κᾶν
3140 4289 3236 4338 ούκ
3285 4284 3345 4345 ἦν
3386 4286 3518 4356 αύτῷ
3547 4287 3692 4355 τάχος
3719 4284 3834 4351 ἔμφυ-

2313 4390 2398 4423 τον
2452 4373 2522 4434 εἰς
2577 4371 2850 4443 ἀντίληψιν
2921 4381 3018 4425 τῶν
3065 4383 3257 4442 κακῶν,
3332 4378 3461 4448 ὅμως
3501 4370 3612 4427 οὐδὲ
3660 4371 3840 4441 ἀκρατῶς

2314 4465 2393 4514 εἶα
2440 4465 2620 4536 ῖπρός
2675 4464 2739 4514 τὰ
2783 4462 2950 4534 φαῦλα
3025 4466 3292 4536 φέρεσθαι,
3347 4470 3429 4517 καὶ
3486 4458 3728 4518 ἀνενδότως
3771 4459 3840 4511 τὴν

2315 4552 2500 4623 ὁρμήν.
2556 4550 2694 4604 Ἐπεὶ
2741 4549 2775 4604 δ
2787 4556 2807 4604 ὲ
2861 4557 2951 4604 καὶ
3000 4553 3166 4605 αύτῶν
3207 4552 3407 4616 ἐξέπεσε
3445 4561 3536 4605 τῶν
3561 4553 3676 4603 κατὰ
3701 4549 3840 4630 φύσιν,⁷

2319 4640 2775 4712 συνεξηνέχθησαν
2806 4645 2946 4712 αύτῷ
2999 4647 3088 4694 καὶ
3137 4645 3192 4694 αἱ
3237 4648 3464 4705 κινήσεις
3499 4649 3668 4703 πᾶσαι,
3699 4640 3771 4688 καὶ
3801 4637 3841 4682 αί

2315 4730 2524 4805 πράξεις
2582 4730 2652 4792 εἰς
2699 4733 2758 4782 τὸ
2815 4728 3105 4792 στασιῶδες
3165 4728 3287 4794 ἦθος
3342 4737 3429 4785 καὶ
3482 4727 3838 4803 ἐμμανὲς-ἡμᾶς

2318 4816 2376 4871 δι
2419 4824 2642 4890 γίνωσκε
2689 4820 2801 4872 λίαν
2871 4821 3227 4892 αἰσχύνεσθαι
3276 4827 3363 4874 καὶ
3419 4818 3708 4893 ύπεραὶγεῐν,
3756 4809 3833 4878 οὔχ

2315 4909 2396 4960 ὅτι
2423 4915 2512 4960 νῦν
2562 4911 2759 4970 πάντας
2801 4909 2991 4971 κύϐους
3045 4910 3161 4963 καθ’
3207 4913 3350 4983 ἡμῶν
3398 4908 3710 4985 ἂναρῥίπτεις,
3753 4895 3834 4951 ἀλλ’

2314 4997 2392 5050 ὃτι
2423 5002 2513 5050 καὶ
2564 4997 2717 5060 αὐτὸς
2765 4998 2836 5060 εἷς
2887 4995 3088 5062 ἐδόκεις
3137 4999 3297 5053 παλαι
3340 5007 3434 5052 τῶν
3463 4997 3707 5072 φιλούντων
3730 4992 3834 5060 ἡμᾶς

2314 5087 2463 5139 εἶναι.

1903 5375 2137 5432 VARIE
2167 5377 2569 5436 LECTIONES.

633 5591 669 5638 ἵ
703 5581 782 5638 ἶσ.
813 5581 894 5641 εἴη
906 5621 924 5642 .
