4072 6232
239 286 354 343 889

845 420 958 468 ΕΠΙ
965 421 1060 469 ΣΤ.
1116 412 1242 471 HA'.

499 500 800 575 Ἀθανασίῳ
826 504 1108 576 μονάζοντι
1135 508 1226 558 καὶ
1253 505 1571 578 ἠσυχαστῇ.

1496 287 2007 348 EPISTOLARUM
2047 292 2256 350 LIBER
2297 293 2366 348 II.

1877 421 1924 475 Α

3503 291 3614 347 890

2574 417 2788 475 EPIST.
2816 417 3040 474 LXXXI.

2209 509 2551 568 Athanasio
2579 509 2870 565 monacho
2900 514 2953 565 et
2986 508 3364 566 anachoreta:

1610 629 1902 682 Montacut.
1939 631 2045 696 (ep.
2081 634 2158 691 92,
2198 647 2253 698 p.
2283 635 2417 697 134).

303 746 404 798 Τὸν
443 747 652 815 φοίνικα
685 747 816 815 φασὶ
847 747 904 796 τὸ
953 747 1109 816 φυτὸν
1146 752 1210 818 τῇ
1244 745 1451 822 ἁλμυρᾷ
1498 745 1696 799 θάλλειν
1745 754 1840 820 7a,

229 837 325 885 xui
377 837 467 892 τὴν
525 836 693 906 κόμην
741 832 810 893 εἰς
888 833 1022 904 ὕψος
1077 833 1353 909 ἓκτρέφειν,
1412 840 1502 888 καὶ
1539 839 1739 909 καρπόν
1769 836 1840 899 εἰς

229 921 430 982 πλῆθος
503 926 593 974 καὶ
672 920 862 981 πολλὴν
944 921 1246 994 γλυκύτητα
1297 926 1462 998 φέρειν
1493 943 1509 958 ο
1567 928 1658 977 xui
1713 924 1842 986 ὅλως

232 1014 427 1082 φοίνικι
455 1017 546 1063 καὶ
589 1007 881 1069 ἔπιτήδειον
911 1010 1117 1085 ἁλμυρά
1139 1021 1208 1084 γῆ
1242 1031 1260 1046 ·
1307 1017 1482 1065 καίτοι
1531 1021 1631 1065 τῶν
1675 1013 1838 1066 ἄλλων

234 1102 573 1172 σπερμάτων,
612 1101 714 1152 ὅσα
763 1103 822 1153 τό
859 1099 1024 1172 γλυκὺ
1057 1101 1216 1174 φιλεῖν
1252 1101 1405 1155 ἐθέλει
1459 1107 1549 1155 καὶ
1597 1101 1835 1177 λιπαρόν,

229 1190 562 1261 ὑπάρχουσα
599 1191 882 1262 φθαρτικὴ.
931 1190 1106 1251 Καλῶς
1143 1187 1231 1243 οὖν
1273 1196 1363 1244 καὶ
1427 1192 1602 1258 αὐτὸς,
1653 1193 1699 1245 εἰ
1748 1197 1838 1246 καὶ

228 1282 306 1349 μὴ
340 1277 562 1339 πολλοὺς
621 1281 764 1350 ἔχεις
810 1281 927 1339 τούς
983 1283 1323 1354 συνεραστὰς,
1383 1279 1499 1334 ἀντὶ
1545 1289 1645 1334 τῶν
1688 1282 1834 1335 πολι-

225 1375 389 1419 τικῶν
443 1366 691 1442 θορύϐων,
729 1372 822 1426 τὴν
882 1371 1070 1443 ἔρημον
1119 1369 1276 1422 οἰκεῖν
1320 1371 1562 1443 ᾖρετησω
1590 1383 1615 1413 ι
1645 1409 1660 1423 .
1691 1371 1834 1442 Ῥᾷον

225 1459 332 1531 γὰρ
380 1455 435 1508 ἐκ
465 1459 661 1518 ταύτης
712 1455 846 1525 ἐστὶ,
891 1463 975 1510 σοί
1019 1477 1072 1510 τε
1119 1464 1208 1511 καὶ
1234 1466 1344 1521 τοίς
1370 1459 1672 1533 ὑψικόμοις,
1725 1469 1835 1523 τοῖς

223 1549 365 1599 κατά
397 1549 474 1613 σε,
502 1550 630 1623 πρὸς
659 1548 873 1622 οὐρανόν
899 1555 1014 1610 ταῖς
1045 1546 1252 1624 ἀρεταῖς
1281 1548 1646 1625 ἀναφέρεσθαι.

859 1735 1072 1782 ΕΠΙΣΤ.
1115 1727 1217 1782 ΠΒ¹

469 1817 794 1892 Μητροφάνει
833 1819 1112 1890 μονάζοντι
1140 1817 1588 1878 ἀποστατήσαντι.

2027 749 2207 806 Aiunt
2231 749 2499 822 palmam
2523 748 2804 806 arborem
2835 748 2994 805 salsa
3017 749 3279 819 gaudere
3309 749 3534 816 tellure,
3555 754 3612 808 et

1950 836 2196 894 frondes
2227 837 2287 895 in
2316 841 2502 895 altum
2533 837 2820 904 attollere,
2849 842 2905 894 et
2933 836 3190 894 fructum
3220 839 3610 912 multiplicem

1949 927 2236 999 proferre,
2269 931 2324 984 et
2353 943 2594 984 summa
2622 927 2940 1000 praeditum
2969 927 3286 984 dulcedine
3317 946 3331 984 :
3365 928 3449 985 ita
3478 945 3610 985 om-

1948 1015 2092 1072 nino
2123 1017 2233 1073 soli
2262 1016 2423 1074 salsa
2451 1016 2624 1073 tellus
2651 1015 2869 1088 palma:
2901 1031 3188 1086 congrua,
3225 1033 3356 1089 quae
3399 1023 3611 1075 caetera

1948 1106 2156 1163 omnia
2179 1105 2412 1162 semina
2431 1110 2488 1162 et
2512 1105 2753 1178 plantas
2777 1121 2912 1178 quae
2943 1104 3257 1161 dulcedine
3287 1106 3606 1178 capiuntur

1947 1199 2004 1252 et
2055 1196 2418 1268 pinguedine
2467 1193 2768 1266 salsugine
2816 1198 3046 1252 enecat.
3101 1193 3290 1262 Quare
3341 1198 3495 1250 recte
3538 1199 3604 1251 tu

1945 1284 2216 1358 quidem,
2235 1284 2366 1340 licet
2391 1284 2612 1340 multos
2635 1299 2757 1340 non
2775 1282 3003 1339 habeas
3029 1283 3258 1349 rivales,
3290 1299 3397 1354 pro
3424 1283 3606 1339 civili-

1947 1373 2060 1429 bus
2087 1374 2299 1430 turmis
2326 1378 2382 1428 et
2401 1371 2754 1428 tumultibus
2774 1388 3043 1428 eremum
3064 1372 3321 1428 incolere
3341 1371 3600 1444 elegisti:

1944 1478 2012 1519 ex
2037 1462 2139 1520 illa
2163 1463 2321 1518 enim
2349 1461 2667 1518 solitudine
2697 1460 2866 1517 facile
2891 1461 2996 1516 tibi
3027 1461 3201 1516 fuerit
3228 1465 3286 1516 et
3314 1460 3604 1516 similibus

1944 1552 2179 1609 excelsa
2222 1567 2399 1608 coma
2437 1551 2717 1624 praeditis,
2762 1550 2840 1606 ad
2875 1550 3094 1606 cmlum
3134 1551 3457 1608 ascendere
3493 1567 3603 1624 per

1940 1643 2206 1698 virtutes.

2523 1729 2734 1784 EPIST.
2779 1729 3015 1784 LXXXII.

2258 1817 2632 1888 Metropham'
2657 1818 2944 1874 monacho
2969 1821 3280 1888 apostatae.

1603 1945 1904 1997 Montacut.
1929 1944 2036 2008 (ep.
2057 1944 2165 2002 103,
2186 1957 2244 2006 p.
2273 1943 2405 2006 149).

299 2063 408 2118 Τῆς
435 2060 688 2129 πονηρίας
729 2060 787 2110 τὸ
815 2060 980 2121 πάθος
1021 2060 1208 2125 (πάθος
1257 2062 1359 2132 γὰρ
1406 2062 1564 2132 ἔγωγε
1601 2061 1835 2132 μάλιστα

223 2145 368 2198 καλῶ
423 2152 525 2197 πᾶν
582 2148 703 2221 ὅπερ
755 2147 1055 2220 λυμαίνεται
1101 2157 1209 2211 τοῖς
1256 2152 1392 2202 κατά
1453 2151 1630 2222 φύσιν)
1684 2158 1833 2203 τοῦτο

229 2232 302 2292 δὴ
335 2231 546 2287 ἐπειδὰν
576 2243 806 2309 κρεῖττον
831 2242 1045 2310 γένηται
1072 2247 1161 2299 τῆς
1206 2237 1306 2290 ἀπὸ
1363 2246 1462 2291 τῶν
1520 2242 1830 2312 παραινούν-

225 2343 326 2398 των
356 2323 585 2397 ἰατρείας
612 2341 624 2354 ⁸
659 2325 689 2385 ἣ
745 2323 1068 2398 σφοδρότητι
1115 2332 1386 2402 τιμωρίας,
1437 2328 1466 2387 ἦ
1500 2337 1572 2399 τῷ
1605 2330 1828 2401 θανάτῳ,

224 2417 323 2470 τήν
367 2411 450 2464 ἐπὶ
490 2415 554 2464 τὰ
603 2419 770 2488 χείρω
821 2421 974 2488 νομὴν
1015 2414 1358 2470 ἀνακόπτεται
1386 2433 1400 2446 ⁸
1468 2421 1830 2490 παρηνέσαμεν

225 2500 333 2572 ούχ
364 2499 522 2566 ἅπαξ,
577 2500 704 2554 ἀλλὰ
736 2509 825 2556 καὶ
873 2504 1114 2565 πολλάκις
1147 2524 1160 2537 ο
1215 2513 1407 2578 Κωφῶν
1435 2503 1493 2559 δὲ
1515 2508 1617 2580 ἄρα
1647 2509 1826 2579 θύρας,

221 2593 319 2650 τὴν
372 2597 677 2666 παροιμίαν,
739 2589 1013 2656 ἀπέδειξας
1063 2599 1364 2656 κόπτοντας.
1439 2595 1577 2648 Ἀλλ’
1632 2593 1830 2660 ἔδειξας

219 2683 310 2752 μὲν
353 2685 505 2732 νόσον
551 2680 876 2756 ἀνθρωπίνης
926 2684 1138 2756 μείζονα
1197 2687 1485 2757 θεραπείας,
1536 2685 1594 2737 ού
1646 2682 1830 2749 δείξεις

2012 2058 2412 2130 Improbitatis
2474 2057 2679 2130 passio
2739 2057 3107 2128 (passionem
3169 2072 3280 2127 ego
3340 2058 3603 2129 intelligo

1941 2147 2239 2221 quidquid
2272 2147 2412 2202 illud
2440 2146 2605 2220 quod
2629 2146 2960 2202 secundum
2983 2150 3259 2203 naturam
3287 2151 3375 2203 est
3395 2147 3604 2204 demo-

1943 2237 2099 2310 litur)
2117 2237 2245 2293 haec
2263 2253 2397 2292 cum
2418 2236 2692 2308 superior
2705 2236 2957 2292 evaserit
2973 2237 3141 2292 omni
3158 2236 3602 2292 admonitorum

1943 2327 2273 2396 medecina,
2315 2326 2406 2382 vel
2459 2342 2565 2399 per
2617 2326 2887 2398 supplicii
2943 2325 3314 2396 gravitatem,
3356 2326 3450 2382 vel
3497 2341 3603 2399 per

1941 2421 2194 2472 mortem
2224 2416 2590 2488 intercipitur
2629 2431 2702 2471 ne
2732 2416 2791 2470 in
2824 2415 3083 2470 deterius
3114 2415 3401 2488 procedat
3433 2435 3446 2475 :
3495 2416 3604 2472 ad-

1940 2506 2146 2561 monui
2177 2522 2295 2561 non
2325 2505 2530 2569 semel,
2570 2505 2669 2560 sed
2701 2505 2928 2576 saepius
2967 2522 2986 2569 ,'
3019 2511 3078 2558 at
3105 2510 3190 2570 tu,
3225 2504 3389 2577 quod
3419 2505 3603 2561 habet

1937 2600 2106 2650 vetus
2125 2595 2392 2660 verbum,
2412 2596 2730 2650 Pulsantes
2738 2595 2909 2664 foras
2927 2594 3144 2649 surdus
3157 2609 3275 2648 non
3294 2595 3598 2650 audivisti.

1937 2684 2157 2739 Verum
2199 2683 2412 2739 morbo
2453 2688 2505 2739 te
2545 2683 2817 2739 laborare
2855 2683 2957 2755 qui
2994 2683 3326 2738 humanam
3357 2683 3602 2739 excedat

223 2765 302 2836 δὲ,
337 2768 505 2842 οἶμαι,
533 2776 620 2823 καὶ
653 2779 744 2833 τῆς
776 2770 876 2824 ἀπὸ
907 2780 1004 2824 τῶν
1050 2777 1216 2845 νόμων
1247 2779 1526 2849 τιμωρίας.
1561 2774 1620 2828 Εἰ
1651 2773 1709 2828 δὲ
1739 2781 1827 2828 καὶ

1942 2772 2330 2838 curationem,
2354 2773 2532 2828 doces
2556 2789 2570 2839 ;
2592 2773 3088 2844 sed,opinor,non
3110 2771 3425 2843 praestabis
3449 2771 3600 2827 ultra

219 2863 441 2926 ταύτην,
521 2859 774 2935 ὑπερϐολῇ
862 2863 1088 2935 θράσους
1167 2862 1367 2934 ἐλέγξαι
1434 2863 1824 2936 φιλονεικήσεις,

222 2948 328 3001 ἀλλ’
364 2946 452 3001 οὖν
494 2949 750 3002 ἁλώσεταί
785 2970 845 3022 γε
875 2953 1074 3011 πάντως
1133 2960 1205 3022 τῷ
1261 2954 1462 3024 θανάτῳ
1493 2957 1550 3006 τό
1597 2958 1686 3006 σὸν
1741 2953 1826 3008 ἐπὶ

220 3046 284 3111 τῇ
322 3046 518 3092 σαυτοῦ
544 3048 879 3112 καταστροφῇ
903 3044 1028 3114 πρὸς
1049 3042 1218 3093 πάντα
1248 3041 1550 3114 φιλόνεικον.

831 3220 1054 3268 ΧΠΙΣΤ.
1086 3215 1214 3272 III".

509 3299 777 3376 Θεοδοσίῳ
800 3304 1079 3376 μονάζοντι
1103 3309 1192 3358 καὶ
1220 3307 1535 3380 ἡσυχαστῇ.

1935 2861 2168 2930 legibus
2209 2877 2451 2934 poenam
2482 2861 2886 2930 irrogandam.
2915 2860 3084 2926 Quod
3117 2860 3185 2926 si,
3219 2877 3350 2932 quae
3385 2864 3485 2916 tua
3514 2864 3602 2916 est

1935 2950 2216 3022 improba
2255 2951 2528 3015 audacia,
2571 2955 2626 3005 et
2664 2949 2827 3005 illam
2864 2949 3123 3004 volueris
3167 2949 3338 3004 ﬂocci
3377 2949 3594 3019 facere,

1935 3039 2184 3096 omnino
2215 3038 2430 3094 evitare
2461 3037 2756 3111 nequibis,
2776 3053 2898 3110 quo
2915 3038 3108 3092 minus
3129 3044 3230 3093 tua
3254 3037 3352 3094 illa
3374 3037 3602 3111 impor-

1935 3134 2076 3185 tuna
2112 3128 2410 3184 contentio
2438 3127 2497 3184 in
2523 3128 2653 3199 ipso
2679 3126 2796 3182 ﬁne
2827 3126 2980 3181 male
3007 3126 3381 3183 succumbat.

2505 3216 2716 3272 EPIST.
2763 3216 3029 3271 LXXXIII.

2193 3305 2514 3364 Theodosio
2553 3305 2838 3362 monacho
2867 3310 2922 3361 et
2951 3305 3347 3362 anachoreta.

1606 3432 1896 3483 Montacut.
1914 3432 2025 3497 (ep.
2048 3433 2158 3492 117,
2177 3446 2231 3496 p.
2259 3431 2391 3489 158).

288 3543 354 3596 Τί
407 3543 694 3616 θαυμάζεις
741 3543 785 3597 εἰ
835 3547 1137 3618 προκάθητο
1189 3549 1280 3619 μὲν
1333 3545 1713 3620 ίξοφρυωμένον
1759 3552 1819 3602 τὸ

219 3636 442 3705 ανίερον,
499 3637 795 3706 παρίστατο
835 3630 895 3686 δὲ
946 3643 1044 3686 τῶν
1101 3633 1388 3711 ἀρχιερέων
1431 3643 1565 3688 Θεοῦ
1595 3639 1653 3688 τό
1703 3635 1820 3690 ἐπί-

221 3739 438 3792 σημον;
478 3725 568 3772 καὶ
647 3726 836 3795 κρίνειν
910 3725 999 3795 μὲν
1079 3722 1274 3795 ἐλέγετο
1343 3728 1400 3776 τὸ
1486 3727 1819 3791 κατάκριτον,

217 3805 597 3872 κατεδικάζετο
646 3806 706 3863 δε
763 3810 933 3884 ξίφεσι
988 3815 1526 3885 περιεστοιχισμένον,
1577 3815 1703 3888 ὑπὲρ
1731 3822 1824 3867 τοῦ

219 3894 362 3970 μηδὲ
394 3903 562 3970 φωνὴν
600 3896 820 3970 ἀφεῖναι,
855 3903 914 3952 τό
942 3899 1214 3953 ἀνεύθυνον
1245 3917 1258 3967 ;
1312 3903 1454 3973 ἔχεις
1502 3905 1605 3975 γὰρ
1661 3903 1824 3956 πολλὰ

219 3992 312 4040 καὶ
389 3991 479 4039 νεα
529 3992 619 4039 καὶ
692 3987 890 4041 παλαιά
951 3987 1361 4064 παραδείγματα
1392 4008 1406 4022 ⁸
1487 3991 1678 4056 Ἀννας
1736 3998 1824 4046 καὶ

2004 3549 2302 3614 Quorsum
2334 3546 2569 3603 miraris
2594 3545 2646 3602 si
2678 3545 2908 3620 profani
2933 3561 3073 3601 cum
3100 3544 3418 3617 supercilio
3448 3561 3602 3617 prae-

1930 3637 2143 3703 sident,
2177 3637 2421 3707 gloriosi
2453 3641 2654 3692 autem
2685 3636 2977 3693 antistites
3007 3636 3106 3690 Dei
3145 3638 3339 3691 astent
3363 3635 3392 3688 ?
3430 3634 3600 3706 quid,

1931 3725 2097 3796 quod
2104 3726 2398 3796 judicium
2413 3730 2682 3780 exercent
2691 3725 2919 3795 judicio
2931 3723 3414 3794 damnati,culpa
3427 3724 3603 3780 vacui

1928 3813 2150 3885 judicio
2191 3815 2493 3878 sistantur,
2541 3813 2754 3884 gladiis
2800 3813 3248 3876 circumvallati,
3295 3812 3378 3866 ita
3418 3815 3484 3866 ut
3526 3828 3602 3868 ne

1932 3917 2141 3957 vocem
2171 3902 2438 3957 emittere
2463 3901 2728 3955 audeant
2756 3902 2785 3957 ?
2811 3900 2916 3954 sed
2937 3899 3351 3969 hujuscemodi
3379 3915 3602 3970 suppe-

1933 3994 2062 4046 tunt
2100 3990 2308 4054 multa,
2349 3995 2406 4045 et
2442 3993 2643 4044 vetera
2677 3994 2735 4043 et
2771 3987 2998 4043 novitia
3035 3987 3329 4058 exempla.
3372 3991 3597 4054 Annas,

223 4079 460 4148 Καϊάφας
488 4081 578 4129 καὶ
625 4076 842 4140 Πιλάτος
895 4075 1160 4145 ἐδίκαζον,
1219 4085 1308 4132 καὶ
1360 4081 1583 4146 Ἰησοῦς,
1640 4084 1666 4135 ὁ
1710 4082 1825 4155 ἐμός

1942 4079 2209 4150 Caiphas,
2250 4084 2307 4134 et
2338 4078 2555 4134 Pilatus
2595 4076 2863 4132 sedentes
2902 4091 3010 4148 pro
3049 4074 3330 4131 tribunali
3365 4075 3600 4146 judica-

224 4169 490 4226 Δεσπότης
554 4170 643 4218 xui
718 4170 860 4237 Θεὸς,
919 4173 1009 4220 καὶ
1076 4172 1248 4231 κοινὸς
1303 4169 1542 4222 ἁπάντων
1616 4177 1822 4244 κριτὴς,

223 4260 520 4328 παρίστατο
589 4254 940 4328 ἓταζόμενονς.
999 4262 1243 4331 Στέφανος
1273 4259 1299 4310 6
1351 4258 1657 4325 καλλίνικος,
1733 4267 1823 4314 καὶ

221 4352 432 4419 πρῶτος
485 4351 585 4394 τῶν
634 4352 871 4418 Χριστοῦ
920 4350 1194 4420 μαρτύρων
1242 4352 1559 4422 παρίστατο,
1619 4355 1708 4402 xui
1763 4354 1822 4402 τό

219 4442 320 4495 τῆς
391 4437 690 4504 μιαιφονίας
760 4431 1052 4508 συνέδριον,
1106 4435 1276 4498 λίθοις
1335 4438 1671 4509 θεολογοῦντα
1735 4443 1822 4491 τόν

221 4521 455 4580 ἀθλητὴν
527 4527 906 4593 κατεχώννυον.
991 4523 1227 4585 Ἰάκωϐος
1274 4527 1299 4577 6
1362 4534 1562 4599 πρῶτος
1644 4525 1825 4602 ἀρχιε-

217 4616 372 4684 ρέων,
427 4617 517 4663 xui
545 4617 833 4684 Δεσποτικῇ
880 4617 1025 4686 χειρὶ
1082 4617 1140 4665 τό
1189 4616 1321 4686 ἱερὸν
1350 4619 1563 4690 χρίσμα
1611 4620 1699 4668 xui
1729 4620 1822 4674 τὴν

221 4700 436 4772 ἄφορίαν
504 4699 873 4775 Ἱεροσολύμων
951 4701 1150 4772 λαχὼν,
1255 4707 1642 4777 παρειστήκει.
1733 4710 1821 4757 xui

220 4788 438 4848 ’Δνανος
484 4789 511 4840 6
568 4787 622 4840 ἐκ
689 4785 1080 4857 Σαδδουκαίων,
1138 4791 1335 4866 ἐκρότει
1388 4789 1679 4867 συνέδριον,
1733 4799 1823 4845 xui

224 4879 442 4938 θάνατος
481 4875 543 4936 ἧν
595 4877 746 4942 εὐθύς
801 4886 874 4949 τῷ
922 4875 1111 4951 δικαίῳ
1166 4888 1265 4932 τῶν
1307 4883 1739 4954 παρανομούντων
1764 4886 1820 4934 τό

219 4965 497 5038 ψήφισμα.
549 4966 752 5030 Παῦλος
811 4967 985 5034 πάλιν,
1033 4969 1058 5020 6
1104 4973 1266 5042 μέγας
1323 4975 1412 5024 xui
1450 4970 1685 5044 λαμπρὸς
1732 4978 1824 5032 τῆς

220 5055 526 5127 οἰκουμένης
572 5055 762 5129 κῆρυξ,
811 5061 1123 5130 παρίστατο,
1177 5065 1268 5111 καὶ
1305 5059 1560 5125 Ἀνανίας,
1591 5060 1617 5110 ό
1656 5061 1822 5112 καθά-

217 5163 316 5218 περ
368 5149 474 5204 τοῖς
519 5145 735 5218 χρόνοις
786 5145 1000 5198 ’Δνάνου
1053 5151 1321 5220 πρότερος⁹
1369 5148 1504 5200 ούτω
1560 5151 1652 5200 xui
1714 5155 1824 5210 τοῖς

217 5237 432 5309 τρόποις
485 5232 544 5285 οὐ
601 5229 859 5309 δεύτερος,
914 5238 974 5288 τό
1007 5243 1099 5297 τῆς
1147 5234 1384 5298 ἀληθείας
1428 5239 1601 5310 στόμα
1655 5255 1823 5310 προσ-

218 5320 400 5374 Erum
449 5324 741 5377 τύπτεσθαι
771 5340 785 5354 ·
843 5323 971 5378 ἀλλὰ
1033 5324 1240 5379 Παύλου
1294 5328 1563 5399 μνησθεὶς,
1616 5325 1820 5380 πολλῶν

1931 4168 2098 4235 bant,
2131 4168 2370 4224 astabat
2398 4183 2566 4223 meus
2599 4165 2890 4221 Dominus
2935 4167 3107 4230 Deus,
3154 4169 3210 4220 et
3252 4164 3597 4220 communis

1933 4257 2078 4314 olim
2129 4257 2404 4313 omnium
2443 4256 2676 4312 futurus
2709 4254 2920 4326 judex,
2958 4253 3222 4309 examini
3264 4254 3596 4324 subjectus.

1933 4347 2272 4419 Stephanus
2284 4345 2378 4401 ille
2392 4345 2648 4416 martyrii
2662 4343 2956 4400 lemniscis
2969 4347 3024 4398 et
3036 4345 3257 4399 adorea
3271 4341 3596 4412 gloriosus,

1935 4451 2040 4507 pro
2099 4435 2377 4490 tribunali
2431 4434 2603 4499 stetit,
2653 4439 2710 4490 et
2761 4432 3079 4489 concilium
3132 4431 3595 4498 homicidarum,

1933 4524 2219 4580 athletam
2251 4524 2416 4579 illum
2441 4524 2516 4579 de
2542 4523 2755 4579 Christi
2777 4522 3085 4578 divinitate
3118 4521 3597 4585 concionantem,

1930 4612 2233 4685 lapidibus
2260 4613 2607 4668 obruerunt.
2634 4612 2891 4668 Jacobus
2923 4611 3018 4666 ille
3045 4610 3328 4682 princeps
3359 4609 3600 4679 episco-

1931 4718 2170 4774 porum,
2186 4702 2413 4775 quique
2429 4702 2503 4756 de
2519 4717 2701 4757 manu
2725 4700 2954 4756 Domini
2976 4699 3318 4755 unctionem
3339 4712 3596 4762 sacram,

1932 4796 1988 4848 et
2017 4791 2625 4863 Hierosolymitanum
2657 4788 3046 4862 praesulatum
3079 4787 3328 4858 accepit,
3355 4802 3466 4858 pro
3497 4787 3598 4843 tri-

1931 4879 2137 4935 bunali
2177 4881 2332 4936 stetit
2369 4895 2386 4945 ,'
2427 4883 2483 4936 et
2521 4879 2783 4934 Ananias
2824 4877 3191 4935 Sadducaeus
3247 4890 3599 4934 consessum

1932 4969 2335 5040 congregavit,
2381 4983 2417 5024 a
2455 4983 2579 5041 quo
2621 4981 2784 5024 mors
2831 4965 3265 5022 decernebatur
3312 4965 3596 5022 continuo

1931 5061 2144 5114 contra
2171 5056 2371 5112 virum
2399 5057 2634 5128 justum
2663 5054 2840 5128 quasi
2873 5054 3019 5126 legis
3060 5059 3597 5124 transgressorem.

1931 5146 2154 5203 Paulus
2182 5145 2278 5201 ille
2305 5160 2563 5215 magnus
2601 5149 2658 5200 et
2694 5143 2940 5200 illustris
2977 5143 3158 5200 totius
3195 5143 3360 5200 orbis
3397 5159 3599 5216 prmco

1932 5236 2133 5302 astitit,
2156 5239 2214 5291 et
2233 5235 2513 5301 Ananiae,
2532 5233 2640 5307 qui
2663 5237 2932 5306 tempore
2955 5237 3021 5289 ut
3036 5234 3340 5306 praecessit
3359 5235 3596 5298 Anano,

1931 5325 2018 5383 ita
2041 5323 2309 5382 moribus
2338 5322 2420 5380 illi
2445 5321 2748 5381 secundus
2777 5321 2942 5380 haud
2973 5323 3210 5390 exstitit,
3237 5322 3498 5380 veritatis
3529 5337 3599 5378 os

1573 5459 1813 5517 VARIE
1851 5457 2259 5518 LECTIONES.

288 5591 317 5625 ⁸
345 5581 593 5656 ἦρετίσω,
620 5583 860 5643 Hmsch.
