4072 6232
534 287 634 347 891

1766 291 2001 348 PHOTII
2039 291 2195 348 PATI

2303 288 2507 347 RCH/E
2539 289 2653 349 (ΞΡ.
3755 292 3839 349 δίη

534 411 681 470 illud
711 414 930 487 pugnis
955 416 1103 472 caedi
1120 415 1406 488 jubebat:
1433 415 1597 474 Pauli
1620 419 1820 472 autem
1847 416 1949 472 ubi
1971 416 2187 487 injecta

2303 416 2541 467 τοιούτων
2573 415 2828 486 εὑρήσεις,
2847 409 3132 487 συνεδρίων
3171 412 3555 488 ἀπαρίθμησιν.
3587 416 3646 465 Τί
3689 411 3737 468 δε
3773 412 3838 469 δεῖ

536 509 623 559 est
644 505 885 576 mentio,
908 505 1087 562 simul
1108 507 1296 562 multa
1314 506 1611 577 ejusmodi
1629 506 1882 562 concilia
1901 507 1960 561 in
1983 521 2189 560 nume-

536 599 666 649 rato
694 597 1294 667 reprmsentabantur.
1327 596 1481 661 Quid
1512 595 1728 651 viritim
1761 595 2026 666 singulos
2055 611 2212 667 per-.

537 698 777 739 censere
799 699 952 756 opus
977 685 1004 740 ‘i
1021 685 1338 741 crudelitas
1359 690 1415 740 et
1430 685 1594 740 furor
1613 684 1705 740 ille
1725 678 1974 740 insanus
1994 699 2188 756 perse-

537 778 810 828 cutorum
851 777 904 829 et
957 777 1350 846 tyrannorum
1407 788 1927 846 quorumcunque,
1983 776 2212 829 contra-

539 859 753 917 Christi
814 868 1105 934 martyres
1163 866 1220 920 et
1280 863 1668 928 confessores,
1731 862 2020 919 illustrem
2081 860 2189 919 tibi

538 949 798 1020 praeclari
837 950 1002 1007 istius
1040 952 1274 1008 concilii
1311 951 1900 1026 reprasentationem
1937 949 2188 1010 dabunt.

537 1039 696 1095 Patet
734 1039 893 1094 enim
931 1040 1098 1112 quod
1135 1041 1198 1097 in
1236 1041 1349 1098 illis
1388 1041 1685 1107 homines,
1727 1055 1850 1098 non
1897 1055 2038 1111 una,
2089 1044 2191 1096 aut

539 1127 790 1198 simplici
819 1133 1051 1185 tantum
1082 1135 1271 1187 morte
1301 1130 1489 1200 digni,
1520 1130 1625 1187 sed
1671 1130 2002 1203 multiplici,
2051 1146 2190 1186 cum

536 1217 919 1288 superciliosa
957 1220 1223 1292 quadam
1262 1221 1550 1290 gravitate
1578 1235 1688 1292 pro
1728 1219 2007 1276 tribunali
2045 1233 2192 1274 con-

541 1306 820 1372 sederint,
847 1307 1258 1377 legislatorum
1275 1313 1330 1364 et
1344 1309 1618 1380 judicum
1636 1323 1860 1365 nomen
1881 1308 2070 1364 induti
2099 1324 2113 1375 ;
2138 1311 2194 1364 et

541 1395 642 1461 illi,
686 1397 906 1468 quibus
946 1399 1209 1454 mundus
1248 1399 1408 1455 haud
1457 1399 1677 1469 dignus
1731 1399 1859 1466 fuit,
1912 1397 2196 1455 astiterint

541 1486 779 1558 capitali
809 1489 1100 1544 sententia
1128 1487 1418 1544 damnati.
1448 1487 1572 1545 Noli
1603 1487 1781 1558 igitur
1809 1487 1988 1544 rebus
2017 1487 2194 1557 gestis

541 1575 719 1630 nimis
757 1577 1138 1632 vehementer
1164 1577 1410 1649 percuti,
1445 1577 1550 1633 sed
1576 1592 1684 1633 nec
1716 1578 1815 1634 Dei
1843 1577 2195 1649 patientiam

541 1669 597 1720 et
620 1664 1135 1734 longanimitatem
1158 1666 1218 1721 in
1245 1667 1314 1722 iis
1339 1667 1658 1722 tolerandis
1681 1667 1764 1723 sic
1788 1667 2193 1739 interpretare,

543 1754 717 1825 quasi
745 1769 946 1808 rerum
978 1753 1378 1811 humanarum
1414 1759 1570 1812 esset
1601 1755 1900 1812 derelictio

544 1842 702 1897 enim
744 1859 850 1914 per
884 1843 1010 1898 haec
1049 1848 1319 1916 tempora
1356 1844 1560 1902 divina
1599 1844 1970 1917 providentia
2016 1843 2196 1899 rebus

2296 508 2385 556 xui
2430 503 2544 556 κατ’
2591 499 2764 576 ἄνδρα
2791 503 2996 573 λέγεινς
3050 508 3194 556 πᾶσα
3234 511 3336 556 τῶν
3379 498 3608 554 διωκτῶν
3659 509 3732 556 καὶ
3773 525 3837 556 τν-

2295 595 2511 669 ράννων,
2551 595 2577 651 ὁ
2623 597 2759 645 κατά
2805 601 2906 644 τῶν
2945 593 3274 664 ὀμολογητῶν
3325 599 3558 663 Χριστοῦ
3599 598 3679 643 καὶ
3742 613 3839 668 μαρ-

2296 685 2483 755 τύρων,
2533 681 2738 754 ὠμότης
2791 686 2881 734 καὶ
2935 682 3175 747 ἀπόνοια,
3234 681 3454 754 ὑπάρξει
3497 701 3576 732 σοι
3625 690 3704 734 τοῦ
3735 681 3837 754 λαμ-

2296 779 2432 848 προῦ
2485 774 2670 824 τούτου
2754 767 3032 846 συνεδρίου
3104 767 3533 846 παραδείγματα.
3582 771 3658 824 Ἐν
3709 771 3840 824 ἅπασι

2296 864 2398 934 γὰρ
2437 860 2648 924 ἐκείνοις
2678 858 2854 927 δῆλον,
2890 863 2979 926 ὠς,
3030 861 3079 914 οἱ
3120 863 3206 913 ιιι-ν
3253 860 3363 932 οὐχ
3405 859 3560 927 ἅπαξ,
3613 857 3724 913 ἀλλὰ
3745 860 3842 913 πολ-

2297 951 2447 1012 λάκις
2496 951 2666 1003 θανεῖΰ
2723 950 2864 1013 ἄξιοι
2929 951 3060 1022 μετὰ
3117 948 3349 1024 σοϐαροῦ
3414 956 3503 1002 τοῦ
3577 955 3843 1022 φρονήματος

2299 1041 2675 1113 προεκάθηντο,
2733 1037 3018 1112 νομοθετῶν
3074 1042 3165 1092 καὶ
3217 1046 3410 1112 κριτῶν
3481 1037 3842 1112 περιϐεϐλημένοι

2301 1133 2502 1202 ὄνομαο
2552 1129 2620 1180 ὧν
2687 1125 2738 1182 δ’
2796 1127 2890 1181 ούκ
2942 1125 3003 1187 ἦν
3051 1127 3192 1191 ἄξιος
3238 1124 3358 1181 οὐδ’
3403 1126 3554 1187 αύτὸς
3601 1127 3626 1178 ὁ
3672 1131 3839 1197 κόσμος,

2301 1228 2625 1292 παρεστῶτες
2678 1222 2772 1276 τὴν
2821 1217 2904 1271 bri
2959 1219 3162 1290 θανάτῳ
3230 1221 3607 1290 κατεκρίνοντο.
3685 1221 3844 1275 Μηκέτι

2301 1307 2389 1362 οὖν
2451 1307 2706 1366 ίκπλήτου
2763 1319 2791 1352 ι
2850 1313 2962 1370 τοῖς
3017 1307 3434 1378 τετολμημένοις,
3490 1303 3620 1378 μηδὲ
3663 1311 3743 1364 τὴν
3783 1306 3845 1358 ἐπ’

2304 1397 2478 1458 αὐτοῖς
2507 1396 2716 1469 ἀνοχὴν
2764 1405 2856 1450 τοῦ
2902 1403 3035 1450 Θεοῦ
3075 1401 3164 1449 καὶ
3193 1397 3558 1469 μακροθυμίαν
3610 1393 3844 1466 ἐγκαταλει-

2303 1487 2394 1558 ψιν
2446 1487 2602 1538 αὐτοῦ
2662 1487 2843 1558 νόμιζε
2907 1492 3004 1538 τῶν
3088 1484 3442 1560 ἀνθρωπίνων.
3523 1484 3594 1537 Ού
3644 1489 3728 1560 γὰρ
3791 1485 3844 1544 εἰς

2307 1577 2714 1633 ἀνεπιστάτητον
2764 1580 2852 1628 καὶ
2920 1574 3236 1648 ἀπρονόητον
3291 1581 3383 1626 νῦν
3460 1574 3605 1626 ποθεν
3670 1576 3726 1624 τὰ
3772 1579 3846 1634 τῆς

2303 1670 2544 1736 προνοίας
2593 1669 2860 1741 περιέστη.
2919 1667 3027 1718 Ἀεὶ
3076 1661 3135 1717 δὲ
3186 1666 3252 1716 τὰ
3308 1666 3535 1735 ἡμέτεροι
3592 1670 3704 1734 σοφῇ
3767 1681 3843 1714 τινι

1949 1771 1961 1810 :
2001 1770 2196 1827 neque
2227 1776 2271 1830 Β
2305 1759 2394 1806 καὶ
2433 1753 2706 1829 ἀπορρήτῳ
2745 1760 2832 1807 xui
2888 1756 3014 1826 ὑπὲρ
3056 1760 3195 1819 νοῦν,
3229 1751 3314 1805 ini
3365 1757 3425 1805 τὸ
3465 1753 3666 1827 ἄριστόν
3704 1770 3749 1803 τε
3776 1756 3844 1802 καὶ

2309 1845 2742 1915 θαυμασιώτατον
2774 1839 3108 1915 μεθοδεύεται
3138 1841 3435 1914 οἰκονομίᾳ.

543 1947 814 2002 praeesse,
844 1938 946 1988 aut
975 1949 1076 1988 eas
1105 1949 1421 2004 procurare
1452 1935 1673 1991 destitit
1704 1951 1718 2002 ;
1752 1950 1895 1996 nam
1925 1933 2030 2006 qui
2055 1931 2270 2006 poterit
2309 1931 2453 1988 illud
2491 1931 2617 1988 ﬁeri
2656 1933 2684 1988 Ἰ
2728 1932 2844 1987 Sed
2889 1934 2968 1988 ita
3011 1938 3116 1998 est,
3168 1931 3534 2003 dispensatio
3569 1929 3745 1984 divina
3773 1944 3843 1983 res

542 2025 776 2102 nostras
797 2021 1094 2094 sapienter
1121 2029 1174 2078 et
1190 2023 1476 2079 ineffabili
1499 2024 1702 2091 modo,
1723 2028 2161 2096 supracaptum
2181 2021 2542 2087 humanum,
2569 2023 2863 2094 optimum
2886 2028 2941 2077 et
2959 2020 3303 2076 mirandum
3329 2021 3390 2076 in
3417 2019 3652 2076 modum
3668 2016 3841 2088 dirigit.

1111 2112 1326 2168 EPlST.
1352 2113 1617 2169 LXXXIV.

1250 2201 1482 2259 Eidem.

2910 2115 3134 2181 .EIIIZT.
3161 2109 3285 2162 m’.

2963 2206 3046 2272 Τῷ
3069 2198 3238 2271 αύτῷ.

1911 2299 2206 2350 Montacut.
2241 2299 2345 2362 (ep.
2373 2299 2480 2356 118.
2507 2313 2556 2364 p.
2588 2300 2718 2362 159).

562 2463 566 2466 η
611 2387 948 2459 Enimvero,
980 2388 1115 2446 licet
1141 2389 1454 2463 hucusque
1484 2405 1606 2446 non
1647 2389 1719 2446 sit
1748 2389 2031 2446 audacter
2069 2395 2191 2443 ten-

543 2477 753 2540 tatum,
767 2477 958 2532 etsine
972 2478 1242 2550 exemplo
1255 2478 1345 2544 sit,
1361 2477 1864 2534 utlsmaelitarum
1879 2477 2192 2533 atheorum

541 2562 721 2634 legati
750 2569 807 2620 et
829 2565 1169 2622 administri
1198 2567 1256 2622 in
1290 2567 1773 2638 archiepiscopos
1800 2566 2189 2636 reﬁngantur,

540 2656 599 2708 et
627 2660 690 2708 ut
733 2654 1232 2726 patriarchalibus
1271 2657 1679 2730 praerogativis
1721 2662 2099 2722 exornentur,
2139 2656 2196 2710 et

2373 2387 2528 2441 Ἀλλὰ
2551 2394 2650 2464 γὰρ
2695 2388 2739 2441 εἰ
2799 2391 2887 2440 καὶ
2937 2388 3101 2462 μέχρι
3142 2393 3230 2439 νῦν
3284 2387 3346 2440 ού
3396 2385 3704 2460 τετόλμηται,
3752 2376 3838 2434 οὐδ’

2303 2475 2442 2528 ἐστὶν
2511 2479 2634 2550 ἔχον
2673 2480 2702 2522 b
2753 2473 3115 2552 παράδειγμα,
3171 2475 3516 2548 Ἰσμαηλιτῶν
3567 2473 3707 2527 ἀθέων
3744 2474 3840 2542 πρέ-

2305 2565 2446 2628 σϐεις
2472 2571 2561 2619 καὶ
2591 2568 2873 2641 ὑπηρέτας,
2916 2565 2986 2627 εἰς
3041 2563 3451 2641 ἀρχιερατικοὺς
3493 2559 3673 2637 ἄνδρας
3717 2577 3840 2634 μετα-

2303 2655 2521 2726 πλάσαι,
2555 2661 2645 2707 καὶ
2687 2656 3054 2730 πατριαρχικά
3107 2657 3318 2716 τούτοις
3382 2658 3627 2727 προνόμια
3659 2651 3838 2723 περιθεῖ-

543 2741 882 2800 admirandi
921 2744 1191 2817 ipsorum
1234 2745 1467 2802 concilii
1505 2744 1791 2818 praesides
1829 2745 1978 2802 ﬁant
2018 2761 2032 2812 ;
2074 2742 2194 2799 noli

2303 2766 2408 2809 ναι,
2462 2751 2552 2798 καὶ
2600 2752 2691 2797 τοῦ
2724 2747 3021 2818 θαυμασίου
3057 2744 3225 2796 αύτῶν
3259 2741 3534 2818 συνεδρίου
3580 2743 3838 2816 κορυφαίους

542 2837 742 2889 tamen
784 2838 847 2890 ut
882 2833 1104 2908 hospes
1141 2835 1256 2892 hac
1294 2837 1354 2891 in
1391 2851 1454 2892 re
1494 2837 1715 2893 versari
1757 2835 1980 2891 diutius
2032 2856 2044 2900 ;
2104 2848 2197 2888 re-

541 2921 797 2994 spondet
811 2923 968 2979 enim
987 2925 1209 2981 cmteris
1226 2925 1496 2998 ipsorum
1518 2924 2197 2996 audaciis,sciebantque

544 3012 860 3069 sacerdotii
882 3015 1160 3084 gratiam,
1191 3021 1248 3072 et
1269 3017 1417 3088 ipsis
1443 3022 1502 3072 et
1521 3016 1633 3072 illis
1659 3032 1732 3072 ex
1751 3031 1926 3089 aequo
1953 3014 2192 3079 factam,

542 3109 874 3174 competere
906 3121 922 3160 :
949 3120 1070 3161 non
1093 3112 1260 3162 erant
1283 3105 1452 3162 facile
1477 3105 1710 3178 profani
1733 3106 1812 3162 illi
1835 3102 2194 3168 inveniendi,

540 3192 644 3264 qui
675 3193 916 3250 alterius
954 3195 1183 3251 concilii
1223 3211 1571 3252 consessum
1613 3195 2010 3266 adimplerent
2043 3209 2057 3260 ;
2089 3207 2198 3247 nec

541 3281 653 3346 isti,
683 3299 822 3338 cum
852 3290 1050 3340 essent
1078 3285 1333 3356 apostoli
1359 3301 1566 3342 eorum
1597 3285 1704 3358 qui
1736 3284 2029 3341 Christum
2061 3282 2194 3336 ode-

541 3375 695 3437 rant,
727 3371 859 3429 ﬁeri
886 3377 1159 3444 poterant
1189 3373 1485 3445 principes
1523 3378 1579 3429 et
1607 3373 1904 3445 corypheei
1943 3371 2198 3428 aliorum

543 3460 622 3516 ab
642 3460 792 3532 ipsis
817 3477 1333 3533 quorumcumque.
1363 3463 1543 3534 Ecqui
1569 3461 1728 3517 enim
1762 3461 1859 3517 alii
1889 3461 1966 3517 ad
1987 3475 2193 3516 eorum

542 3552 740 3620 partes
767 3548 1132 3614 accederent,
1165 3554 1374 3606 contra
1405 3555 1505 3614 tot,
1540 3549 1704 3614 tales,
1737 3553 1934 3606 tantos
1961 3549 2063 3605 Dei
2096 3565 2198 3606 an-

541 3635 752 3693 tistites
768 3640 824 3691 et
841 3637 1199 3704 sacerdotes,
1222 3642 1279 3694 et
1297 3652 1504 3694 eorum
1525 3637 1784 3694 furorem
1806 3637 2194 3702 imitarentur.

543 3723 660 3781 nisi
685 3724 1081 3782 barbarorum
1105 3726 1400 3783 Christum
1430 3732 1486 3783 et
1508 3729 1691 3783 Deum
1713 3727 2197 3800 oppugnantium

544 3813 822 3879 ministri,
856 3813 1104 3880 alumni,
1141 3815 1382 3872 soboles
1410 3816 1437 3872 ‘I
1465 3815 1824 3872 Judicialem
1852 3831 2034 3888 porro
2075 3816 2197 3873 sive

544 3902 898 3974 synodalem
921 3918 1272 3961 consessum
1293 3919 1524 3971 eorum,
1549 3904 1822 3961 barbaris
1841 3905 2194 3970 immistum,

543 3991 776 4048 insidiis
793 3992 1163 4049 occultandis
1181 3993 1380 4050 locum
1403 3994 1706 4067 appellare
1721 3994 1854 4050 licet
1877 4011 1891 4061 ;
1912 4010 2049 4050 cum
2075 4009 2196 4051 non

547 4083 721 4136 testes
766 4081 999 4153 injuria
1047 4081 1222 4139 illatas
1279 4098 1388 4139 nec
1436 4088 1814 4140 accusatores
1868 4083 2195 4154 producere

2307 4090 2526 4144 στῆσαι,
2586 4079 2714 4133 ἀλλά
2783 4077 2924 4152 μηδὲ
3001 4083 3326 4152 κατηγορίαν

545 4177 820 4244 pessunt,
864 4174 1157 4243 utcunque
1195 4186 1289 4227 res
1327 4187 1544 4245 susque
1595 4171 1789 4244 deque
1841 4172 2194 4244 agebantur,

545 4260 651 4316 sed
664 4275 772 4316 nec
781 4258 1008 4333 aliquid
1027 4260 1268 4331 culpare
1283 4260 1449 4332 quod
1470 4266 1628 4318 certo
1643 4277 1713 4316 co
1724 4261 1960 4318 astabat
1973 4261 2196 4318 factum

546 4365 698 4405 esse.
729 4349 881 4415 Quid
910 4355 1109 4408 autem
1140 4351 1385 4408 ulterius
1410 4353 1588 4408 ﬁebat
1617 4354 1646 4409 ?
1674 4357 1829 4408 certe
1858 4350 2070 4422 gladiis
2108 4367 2199 4406 ar-

548 4443 747 4496 matus
772 4439 968 4496 stabat
1003 4440 1314 4505 exercitus,
1355 4449 1608 4498 mortem
1644 4442 1944 4498 intentans
1981 4441 2041 4496 in
2079 4440 2195 4496 cir-

548 4530 708 4585 cuitu
739 4528 966 4586 vocatis
995 4529 1056 4586 in
1084 4529 1394 4603 judicium,
1425 4529 1528 4602 qui
1559 4531 1786 4586 interea
1815 4545 1924 4586 nec
1970 4530 2197 4585 hiscere

545 4633 654 4674 nec
675 4634 885 4675 vocem
907 4617 1114 4675 efferre
1141 4619 1442 4675 audebant
1468 4636 1481 4686 ;
1515 4635 1638 4692 quo
1663 4624 1839 4686 statu,
1869 4619 1944 4674 ad
1969 4635 2067 4674 sex
2097 4623 2199 4674 aut

545 4723 764 4766 novem
791 4709 969 4766 etiam
995 4709 1174 4766 horas
1195 4709 1728 4780 circumsepientes,
1751 4708 1916 4764 nulla
1935 4708 2199 4764 satietate

549 4798 902 4855 tenebantur
930 4799 1327 4855 insolescendi
1355 4798 1848 4872 lasciviendique,
1881 4798 2027 4870 quin
2059 4812 2198 4853 con-

550 4884 804 4942 tumeliis
833 4892 1120 4960 perpetuo
1162 4887 1547 4943 incesserent.
1592 4890 1819 4942 Interea
1856 4885 2198 4958 prodigiose

553 4972 738 5029 multa
751 4978 1243 5042 ostendebantur,
1259 4981 1550 5050 tanquam
1567 4977 1627 5033 in
1643 4992 1822 5034 scena
1834 4975 2202 5048 perageban-

551 5068 646 5118 tur
671 5065 859 5128 actus,
889 5063 1156 5122 barbarae
1186 5072 1240 5123 et
1281 5065 1649 5138 blasphemia
1696 5065 2049 5136 legebantur
2077 5064 2202 5136 epi-

552 5149 740 5206 stolae.
773 5150 872 5206 His
901 5152 980 5210 ita
1007 5155 1320 5225 expeditis,
1353 5156 1583 5212 tardius
1613 5155 1857 5212 tandem
1906 5153 2202 5210 theatrum

552 5238 920 5310 dimiserunt,
938 5241 1084 5299 nihil
1098 5242 1469 5313 humanitus,
1493 5245 1628 5303 licet
1647 5245 1705 5302 id
1729 5243 2200 5318 pratendebant,

2306 2833 2587 2907 ἀποφῆναι.
2645 2833 2779 2888 Ἀλλ’
2836 2829 2924 2886 οὖν
2969 2830 3107 2906 μηδὲ
3144 2839 3303 2887 τοῦτό
3350 2853 3408 2885 σε
3455 2831 3705 2895 ξενιζέτω’
3750 2827 3842 2878 ἀιό-

2303 2923 2485 2976 λουθόν
2525 2943 2577 2976 τε
2618 2927 2718 2996 γάρ
2754 2931 2871 2986 ταῖς
2917 2923 3096 2985 ἄλλαις
3140 2922 3312 2974 αὐτῶν
3371 2921 3610 2994 τόλμαις·
3653 2911 3844 2991 καὶᾖδι·

2308 3033 2402 3065 σαν
2454 3021 2545 3073 τῆς
2602 3014 2878 3086 ἱερωσύνης
2931 3016 3024 3071 τὴν
3088 3013 3277 3086 χάριν,
3323 3011 3494 3072 αὐτοῖς
3544 3028 3594 3062 τε
3639 3006 3842 3064 κάκείνοις

2305 3100 2357 3163 ἐξ
2413 3104 2531 3153 ἵσου
2563 3099 2787 3160 ἀνήκειν.
2845 3104 2976 3153 Οὔτε
3014 3097 3102 3152 οὖν
3151 3103 3372 3162 τούτους
3420 3096 3478 3159 ἧν
3533 3100 3693 3172 εὑρεῖν,
3743 3094 3843 3144 5mi-

2304 3209 2428 3264 ρους
2473 3195 2766 3262 γεγονότας,
2841 3189 3013 3264 ἐτέρου
3083 3185 3366 3263 συνεδρίου
3441 3189 3674 3259 πλήρωμα
3736 3183 3841 3253 γενέ·

2309 3282 2433 3332 σθαι
2466 3300 2478 3312 ·
2509 3283 2637 3352 οὔτε,
2679 3277 2898 3341 ἐκείνους
2952 3283 3327 3352 μισοχρίστων
3377 3276 3675 3336 ἀποστόλους
3710 3276 3839 3331 ὄντας,

2306 3368 2467 3420 ἄλλων
2525 3351 2673 3420 τινων
2730 3372 3044 3440 κορυφαίους
3092 3372 3180 3419 καὶ
3238 3365 3519 3442 ἐξάρχους,
3569 3364 3608 3417 εἰ
3653 3367 3712 3435 μή
3753 3359 3842 3412 τού·

2305 3476 2405 3510 των
2465 3456 2842 3532 ἀναρρηθῆναι.
2897 3459 3038 3516 Τίνες
3100 3453 3150 3508 δ’
3217 3454 3281 3507 ἂν
3337 3456 3506 3516 αὐτοῖς
3567 3457 3648 3505 καὶ
3697 3445 3842 3505 συνῆλ-

2309 3549 2412 3611 θον,
2455 3549 2590 3600 κατά
2626 3548 2886 3600 τοσούτων
2915 3550 3004 3598 καὶ
3060 3544 3386 3604 τηλικούτων
3443 3544 3700 3617 ἀρχιερέων
3739 3541 3840 3591 Θεοῦ

2305 3641 2396 3690 καὶ
2449 3637 2618 3710 ἱερέων
2689 3643 3090 3706 συνεκμανῆναι,
3151 3634 3194 3688 εἰ
3242 3639 3321 3706 μὴ
3372 3635 3630 3706 θωμάχων
3679 3625 3841 3701 βαρϐά-

2305 3745 2407 3799 ρων
2448 3729 2538 3779 καὶ
2593 3727 2868 3799 ὑπηρέται,
2913 3728 3003 3776 καὶ
3078 3725 3375 3798 θρέμματα,
3425 3726 3513 3776 xui
3555 3723 3838 3792 γεννήματα;

2305 3818 2363 3868 τὸ
2410 3811 2468 3868 δὲ
2518 3820 2782 3889 κριτήριον
2839 3816 2929 3884 μὶν
2960 3817 3053 3866 καὶ
3108 3809 3336 3866 σύνοδον
3380 3816 3472 3870 τήν
3520 3803 3840 3882 μιξοϐάρϐαρον

2307 3903 2474 3956 αύτῶν
2513 3900 2723 3976 ἐνέδραν
2785 3901 3127 3956 ἀποκαλέσαι.
3185 3898 3318 3955 Εἶτα
3371 3899 3429 3954 δί
3457 3904 3579 3973 μήτε
3623 3897 3840 3969 μάρτυρας

2306 3995 2458 4046 ποθέν
2517 4012 2654 4053 τινος
2726 3987 3076 4063 ἀδικήματος,
3125 3996 3257 4064 μήτε
3315 3995 3671 4061 κατηγόρονςο
3712 3997 3840 4054 παρα·

3404 4080 3515 4132 τινὰ
3575 4073 3836 4148 προενεγκεῖν

2307 4171 2612 4243 ἐξισχῦσαι,
2667 4173 2839 4222 καίτοι
2885 4177 2984 4221 τῶν
3032 4170 3136 4221 ἄνω
3190 4170 3338 4221 κάτω
3411 4169 3698 4240 γινομένων·
3734 4161 3835 4229 μήτε

2305 4265 2408 4333 μὴν
2439 4261 2566 4322 ὅλως
2609 4279 2659 4314 τι
2689 4259 3037 4312 αἰτιάσασθαι
3068 4277 3081 4290 ’
3110 4258 3156 4311 εί
3202 4255 3330 4312 τόδε
3353 4259 3384 4302 (Ι
3411 4261 3463 4310 τί
3511 4258 3711 4326 γέγονεν,
3746 4244 3778 4298 ιῖ
3815 4251 3836 4285 ⁸

2306 4353 2378 4422 μὴ
2439 4346 2598 4420 τόδε;
2668 4348 3029 4421 ξηφιρρηταιί
3094 4351 3322 4423 στρατὸν
3401 4351 3711 4419 περιστῆσαι,
3771 4335 3837 4384 τὸν

2308 4441 2524 4493 θάνατον
2571 4445 2680 4501 τοῖς
2735 4437 2986 4499 ἀθληταῖς
3029 4436 3387 4500 ἀνασείοντας,
3435 4438 3562 4486 ὥστε
3601 4425 3721 4502 μηδὶ
3765 4441 3842 4494 τω·

2305 4534 2396 4588 νήν
2427 4529 2628 4600 ἀφεῖναι
2651 4549 2664 4562 ·
2697 4531 2786 4580 καὶ
2841 4531 2935 4586 τήν
2969 4527 3157 4578 στάσιν
3214 4526 3394 4587 αὐτοῖς
3439 4523 3508 4597 ἔφ’
3552 4520 3678 4578 ὅλαις
3703 4514 3746 4576 ἓξ
3772 4511 3840 4563 καί

2307 4617 2445 4672 ἐννέα
2507 4618 2687 4690 ὥραις,
2743 4617 2828 4668 οἷα
2883 4620 3034 4688 κόρον
3095 4614 3192 4667 οῦκ
3248 4617 3463 4686 ἔχοντας
3525 4605 3838 4674 ένασελγαίνιιν

2307 4712 2396 4760 καὶ
2451 4711 2650 4778 τρυφᾷν
2689 4705 2853 4758 αὐτῶν
2895 4711 3006 4766 ταῖς
3061 4703 3262 4776 ὕϐρεσι,
3318 4709 3642 4776 παρατεῖναι·
3677 4704 3841 4764 μακρας

2305 4795 2463 4858 ἄλλης
2554 4798 2816 4869 τερατείας
2897 4789 3345 4864 έπιδεικνυμένης,
3427 4795 3511 4843 καὶ
3588 4781 3836 4869 δριμέων,

2307 4886 2479 4958 ὥσπερ
2529 4866 2618 4937 ini
2669 4891 2880 4946 σκηνῆς,
2930 4881 3096 4934 ἄλλων
3150 4880 3228 4935 έπ⁹
3276 4881 3449 4942 ἄλλοις
3495 4885 3586 4932 τῶν
3627 4866 3836 4958 βαρδῗφίέ

2308 4982 2410 5026 κῶν
2460 4977 2550 5026 καὶ
2607 4971 2934 5045 βλασφήμων
2992 4973 3315 5044 γραμμάτων
3382 4970 3699 5022 ἐπεισιόντων.
3749 4955 3838 5007 Ἐπι

2311 5058 2369 5114 δε
2423 5064 2644 5127 τούτοις,
2693 5065 2752 5114 τὸ
2803 5062 3012 5134 θέατρον
3059 5059 3276 5123 λύοντας
3322 5059 3416 5131 ὀψε
3451 5062 3536 5109 xui
3571 5051 3720 5125 μόλις,
3759 5047 3836 5094 τῶν

2311 5152 2636 5226 ἀνθρωπίνων
2688 5153 2778 5223 μεν
2830 5150 2958 5213 ὅλως
2995 5146 3166 5213 οὐδέν,
3227 5149 3321 5202 κᾶν
3364 5153 3487 5221 γοῦν
3538 5143 3583 5196 έν
3623 5140 3837 5210 σχήματιν

2310 5247 2442 5315 μήτι
2515 5241 2710 5315 πρᾶξαι
2790 5244 2921 5313 μήτε
2979 5239 3300 5312 φθέγξασθαι
3331 5259 3347 5275 ο
3401 5239 3565 5308 ὥσπερ
3619 5226 3671 5282 δὴ
3722 5237 3842 5294 κορυ-

1891 5418 2120 5478 νΑΒΙΕ
2151 5415 2447 5477 LECTION
2455 5416 2556 5472 ES.

622 5615 650 5651 ι
675 5596 1115 5674 ύπερεκπλήττου.
1190 5597 1220 5641 ὶ)
1247 5599 1408 5672 ἔχείν.
1485 5611 1510 5641 ο
1537 5603 1826 5676 κατήγορον
1902 5600 1929 5643 d
1960 5595 2092 5652 εἶτα.
2167 5609 2193 5638 ο
2223 5599 2279 5656 ἤ.
2354 5591 2378 5634 ἵ
2423 5593 2614 5672 ξιφήρη
2646 5613 2723 5650 τε.
