4072 6232
250 316 360 377 893

252 443 570 508 ϐαντιῶντας
605 449 696 498 καὶ
752 441 1203 518 βεϐακχευμένους
1266 448 1415 521 τορόν
1486 466 1539 499 τι
1593 452 1683 501 καὶ
1734 445 1859 501 διω-
1886 451 1933 505 Α

250 533 432 608 λύγιον
489 534 799 608 ἀνακράξαι,
852 536 922 597 ὡς
971 534 1142 607 Ἡμεῖς
1198 539 1316 588 οὔτε
1352 540 1543 608 κρίνειν
1601 538 1857 597 συνήλθο-

248 606 369 697 μεν,
421 625 538 677 οὔτε
602 606 839 699 κρίνομεν
896 626 1069 697 ὑμᾶς·
1126 622 1235 684 ἤδη
1284 606 1394 699 γὰρ.
1444 632 1858 701 κατεκρίναμεν·

254 718 348 766 καὶ
402 710 517 769 δέον
574 716 809 786 στέργειν
870 718 965 772 τὴν
1020 716 1352 787 κατάκρισιν.
1400 722 1566 769 Τοῦτο
1629 713 1696 775 δὴ
1749 711 1857 781 οὖν,

258 810 414 857 τοῦτο
442 804 525 855 ’τό
574 803 746 871 ἄθεον,
813 808 904 855 καὶ
956 801 1329 875 ἀναίσχυντον,
1379 809 1471 857 καὶ
1522 802 1862 880 ἀνιστόρητον

258 892 527 965 τόλμημα,
587 891 632 945 εἰ
702 896 794 945 καὶ
866 894 1039 955 πάσας
1094 890 1366 947 Ἰουδαίων
1435 893 1645 965 τόλμας,
1733 896 1865 957 ὅσας

258 982 407 1045 ἣλιος
454 978 627 1035 ἐπεῖδε
684 986 777 1035 καὶ
827 981 1013 1041 σελήνη
1079 982 1415 1057 συνέκρυψεν,
1481 983 1816 1058 ἀπεκρύψατο
1844 1002 1863 1020 ο

254 1077 350 1126 καὶ
410 1080 514 1125 τῶν
567 1070 823 1130 ἀθεότητα
861 1076 1213 1130 νενοσηκότων
1263 1072 1509 1132 Ἑλλήνων
1552 1077 1610 1126 τὸ
1653 1070 1867 1137 ἀναιδὲς

255 1162 522 1235 ὑπερέσχε
549 1163 640 1213 καὶ
684 1163 1000 1235 παράνομον,
1026 1166 1112 1215 καὶ
1153 1160 1434 1237 βαρϐάρων
1470 1163 1589 1216 ὅποι
1617 1171 1716 1236 γῆς
1762 1164 1868 1218 εἰσι

254 1254 317 1305 τό
401 1254 618 1324 μανικόν
692 1249 1031 1325 ὑπερεϐάλετο
1113 1256 1203 1304 καὶ
1282 1251 1647 1319 ἐμϐρόντητον.
1723 1250 1864 1308 Ἀλλ’

257 1336 349 1394 οὑν
402 1336 568 1413 μηδὶν
641 1340 804 1412 τούτῳ
854 1339 1349 1412 καταπεπληγμένος
1403 1344 1513 1408 έσο,
1562 1338 1703 1415 μηδὲ
1767 1350 1867 1396 τῶν

261 1432 410 1484 θείων
438 1434 529 1484 καὶ
589 1437 758 1502 σοφῶν
798 1431 1066 1504 κριμάτων
1108 1428 1382 1503 ἀλόγιστός
1433 1451 1515 1495 τις
1557 1438 1667 1493 τοῖς
1723 1431 1867 1505 λογι-

261 1526 419 1592 σμοῖς
476 1515 951 1591 συμπαρεισδυέτω
1005 1527 1187 1591 μῶμος
1220 1541 1232 1553 ·
1285 1523 1353 1581 ὡς
1403 1522 1566 1594 ἔγωγε
1631 1523 1866 1593 τοσούτῳ

262 1605 368 1662 δέω
414 1610 622 1669 τούτοις
680 1606 1066 1679 έκπεπλῆχθαι,
1110 1613 1199 1662 καὶ
1245 1612 1311 1661 σὺ
1363 1610 1473 1682 μετ’
1522 1610 1694 1681 ὀλίγον
1743 1607 1868 1663 οἶδα

262 1701 531 1759 συνήσεις.
588 1695 751 1750 Ὥστε
810 1700 1123 1763 τούναντίον,
1166 1698 1211 1751 εί
1258 1702 1346 1752 καὶ
1402 1696 1701 1775 παράδοξόν
1753 1720 1866 1753 τισι

262 1784 405 1850 δόξω
460 1786 644 1858 λέγειν,
716 1785 771 1839 ix
848 1789 1042 1840 τούτων
1100 1787 1328 1859 μάλιστα
1400 1796 1494 1850 τῆς
1570 1792 1710 1852 θείας
1775 1794 1864 1843 καὶ
1898 1815 1938 1871 Β

260 1877 556 1948 ὑπερφυοῦς
611 1880 854 1950 προνοίας
906 1875 1163 1933 ἀλάθητόν
1220 1896 1274 1929 τε
1339 1882 1424 1930 καὶ
1476 1884 1864 1931 πανεπίσκοπον

262 1963 654 2035 ἐνεργεστάταις
712 1966 814 2039 ὁρῶ
873 1970 1213 2039 μαρτυρίαις.
1281 1974 1397 2028 Πῶς
1448 1964 1513 2025 δὴ
1592 1973 1682 2020 καὶ
1750 1973 1865 2020 τίνα

258 2057 500 2127 τρόπον;
560 2052 681 2105 Ὀτι
741 2061 836 2114 τῆς
891 2056 1211 2125 κρατούσης,
1265 2058 1401 2107 κατά
1463 2063 1562 2107 τῶν
1614 2065 1862 2124 πιεστῶν,

265 2142 452 2217 ὀργῆς,
491 2140 604 2194 ἀνθ’
661 2142 728 2193 ὧν
790 2144 1022 2213 αἱμάτων
1067 2145 1303 2218 καθαρὰς
1352 2148 1442 2197 καὶ
1491 2144 1740 2216 γλώσσας
1775 2151 1865 2199 καὶ

263 2236 481 2305 γνώμας
543 2229 818 2303 έφύλαξαν,
870 2232 1009 2284 οὑτω
1068 2236 1204 2305 μέγα
1265 2237 1356 2285 καὶ
1419 2231 1557 2306 βαρὺ
1613 2236 1862 2301 πνεὺσης,

263 2324 357 2374 καὶ
411 2328 505 2381 τῆς
559 2322 651 2392 μὶν
700 2318 940 2381 ἀληθείας
986 2326 1123 2374 πᾶσι
1178 2327 1390 2395 τρόποις
1432 2320 1863 2396 έπηρεαζομένης,

265 2417 360 2462 τοῦ
388 2404 623 2481 ψεύδους
673 2406 733 2463 δι
766 2409 1014 2484 λαμπρῶς
1058 2410 1555 2486 παρρησιαζομένου
1588 2434 1603 2448 ο
1635 2418 1726 2466 καὶ
1772 2421 1870 2475 τῆς

268 2502 360 2572 μεν
413 2496 612 2573 ἀνιέρου
668 2497 863 2571 τόλμης
917 2506 1093 2552 πᾶσαν
1170 2500 1357 2573 πρᾶξιν
1413 2505 1502 2554 καὶ
1568 2501 1717 2574 λόγον
1778 2507 1870 2556 καὶ

266 2591 470 2660 κίνημα
516 2596 711 2662 πικρῶς
760 2586 1316 2663 πολυπραγμονούσης.
1370 2599 1471 2643 τῶν
1541 2590 1763 2646 εὐσεϐῶν
1813 2588 1871 2645 δι

268 2683 377 2739 τοῖς
460 2678 733 2751 ὁρωμένοις
802 2683 955 2749 μόνον
1027 2678 1533 2751 ὶπεστυγναζόντων,
1598 2687 1689 2734 καὶ
1738 2686 1873 2755 πρὸς

268 2768 355 2820 τὸν
386 2774 477 2828 τῆς
513 2762 670 2829 δίκης
700 2766 960 2839 ὀφθαλμόν
991 2771 1135 2840 ὄμμα
1180 2787 1235 2821 τε
1280 2774 1371 2822 καὶ
1426 2778 1615 2844 χεῖρας
1670 2770 1869 2824 ἀνατει-

267 2860 457 2909 νόντων
490 2872 503 2886 ⁸
570 2860 662 2908 καὶ
728 2864 828 2908 τῶν
907 2859 996 2928 μεν
1086 2860 1409 2930 συκοφάντας
1468 2864 1559 2912 καὶ
1598 2861 1870 2936 μάρτυρας

266 2948 759 3018 περιεργαζομένων,
842 2945 1040 2998 πολλων
1103 2943 1163 3001 δε
1229 2947 1521 3009 ζητούντων
1587 2956 1649 3022 τῇ
1713 2947 1872 3002 δυνα-

269 3038 417 3105 στείᾳ
444 3036 783 3106 χαρίσασθαι
811 3040 901 3087 καὶ
929 3034 1047 3088 καθ’
1080 3032 1276 3095 ἡδονὴν
1315 3038 1664 3112 ὑπηρετῆσαι,
1694 3038 1870 3092 πλείο-

266 3141 355 3185 νος
412 3119 472 3177 δε
521 3126 680 3195 φόϐου
733 3129 824 3177 καὶ
873 3125 1117 3189 θανάτου,
1159 3128 1295 3179 κατὰ
1343 3129 1547 3179 πάντων
1589 3136 1690 3179 τῶν
1740 3130 1866 3200 ὑπερ
1908 3176 1947 3231 C

278 3210 323 3231 ’Ἰ
376 3213 401 3231 Δ
440 3216 451 3230 ⁸
578 3212 597 3231 \
622 3216 632 3228 ι
924 3213 954 3231 n
1022 3214 1041 3231 κ
1137 3218 1147 3231 1
1350 3214 1363 3231 9
1622 3219 1632 3231 ι
1798 3222 1860 3231 -ι

269 3210 513 3274 ἀληθείας
578 3212 740 3284 λέγειν
791 3232 845 3266 τι
919 3213 1265 3287 βουλομένων,
1343 3214 1740 3289 ἔπικεχυμένου.
1798 3222 1868 3270 Τὸ

264 3308 393 3375 γοῦν
440 3303 701 3356 τοσούτων
750 3303 950 3368 αὐτοῖς,
1008 3308 1100 3357 καὶ
1152 3304 1321 3376 πολλῷ
1389 3306 1631 3359 πλειόνων
1698 3307 1870 3360 πλεον-

268 3391 573 3462 εκτημάτων
643 3397 1145 3466 συγκεχωρημένων,
1213 3393 1540 3468 ἕξαπορῆσαι
1594 3399 1684 3467 μεν
1745 3396 1869 3458 ὅλως

266 3479 584 3554 γράψασθαί
646 3501 764 3534 τινα
806 3486 1034 3556 γραφὴν,
1086 3484 1411 3557 ἑξαπορῆσαι
1460 3482 1519 3538 δε
1546 3490 1866 3561 γραφόμενον

267 3577 571 3644 παρασχεῖν
603 3589 617 3604 ·
648 3576 740 3625 καὶ
783 3576 916 3644 μήτε
956 3575 1097 3635 τινὸς
1150 3572 1503 3645 έπικλὴματος
1532 3577 1668 3628 κατά
1707 3573 1870 3648 μηδεο

268 3661 352 3721 νὸς
424 3666 525 3711 τῶν
579 3659 739 3732 ἁγίων
790 3662 1033 3735 μάρτυρα
1096 3670 1459 3736 παραστῆσαι,
1528 3662 1655 3717 ἀλλά
1731 3662 1871 3738 μηδε

271 3747 604 3823 βαρϐαρικοῦ
636 3756 910 3824 κριτηρίου
962 3748 1103 3824 μηδε
1133 3761 1326 3825 σχῆμα
1365 3753 1595 3824 ἰσχῦσαι
1626 3754 1866 3820 φυλάξαι,

271 3836 381 3891 ἀλλ’
411 3838 573 3902 οὕτως
603 3839 844 3914 αἰσχρῶς
878 3860 930 3894 τε
993 3845 1083 3895 καὶ
1115 3841 1536 3913 καταγελάστως,
1567 3848 1651 3894 καὶ
1695 3843 1867 3918 πλήρη

270 3926 656 4001 ἀσχημοσύνης
725 3934 815 3983 καὶ
887 3929 1152 4004 αἰσχύνης
1216 3930 1528 3996 ἀπαλλάξαι,
1595 3940 1708 3994 πῶς
1776 3933 1869 3985 οὑκ

267 4018 409 4069 εστιν
485 4017 890 4094 έναργεστάταις
966 4026 1057 4075 καὶ
1141 4019 1553 4094 ἀναμφηρίστοις
1656 4026 1870 4075 πίστεσι

265 4105 439 4159 λαϐεῖν
519 4114 612 4169 τῆς
652 4110 825 4162 πάντα
872 4118 1043 4181 σοφῶς
1090 4113 1441 4185 περιεπούσης
1486 4115 1727 4186 προνοίας
1780 4114 1875 4186 τὰς

267 4193 580 4266 ἀποδείξεις,
632 4202 721 4251 καὶ
780 4200 861 4252 ὅτι
908 4198 1047 4253 ἐστὶν
1090 4198 1187 4265 ἀεὶ,
1247 4203 1384 4253 καὶκ
1412 4203 1500 4253 τὸν
1555 4198 1874 4275 ἀνθρώπινον

265 4293 385 4339 νοῦν
436 4286 686 4350 πολλάκις
758 4288 1108 4362 ὑπολανθάνη,
1168 4292 1538 4365 συμπροιοῦσά
1592 4309 1671 4352 τις
1739 4290 1870 4363 αὐτῇ

267 4378 495 4450 τιμωρὸς
521 4373 671 4443 δίκη,
728 4377 1029 4439 κολάζουσα
1058 4380 1148 4451 μεν
1175 4382 1298 4439 τοὺς
1338 4375 1673 4444 ἀδικοῦντας,
1710 4399 1874 4451 τιμω-

267 4471 443 4535 ροῦσα
499 4461 559 4518 δε
632 4470 723 4520 καὶ
779 4465 1052 4542 ἇπίκουρος
1108 4475 1213 4530 τοῖς
1269 4465 1629 4541 ἀδικουμένοις
1691 4464 1872 4536 οὖσα;

272 4553 347 4608 Δι’
387 4554 451 4615 ἧς
478 4559 569 4607 καὶ
610 4561 699 4608 νῦν
750 4559 872 4616 τοὺς
913 4559 1004 4628 μὲν
1057 4557 1333 4623 ὑϐριστὰς,
1377 4562 1549 4610 καὶτοι
1605 4554 1875 4625 δόξαντας,

268 4642 540 4716 λαμπροὺς
604 4642 653 4697 έν
720 4652 795 4715 τῷ
846 4653 1109 4719 τυραννεῖν
1170 4649 1260 4698 καὶ
1338 4645 1723 4720 περιϐλέπτους,
1801 4647 1881 4700 αἰ.

273 4733 482 4804 σχύνης
530 4737 622 4786 καὶ
673 4731 890 4807 ἀτιμίας
946 4734 1209 4807 ἐπλήρωσε
1249 4754 1264 4771 ο
1326 4738 1447 4797 τοὺς
1502 4732 1562 4788 δὲ
1626 4734 1876 4805 ἀθλητὰς,

267 4824 456 4894 καίπερ
507 4821 575 4874 τά
615 4823 827 4893 ἔσχατα
876 4824 1107 4894 πάσχειν
1151 4825 1511 4894 νομισθέντας,
1569 4831 1741 4897 χαρᾶς
1787 4827 1880 4877 καὶ

272 4907 590 4982 εὐφροσύνης
642 4908 906 4977 ἐνέπλησε,
954 4916 1043 4963 καὶ
1085 4910 1333 4982 γλώσσης
1387 4910 1600 4973 ἀπάσης
1653 4909 1884 4971 διηνεκέ-

268 5016 353 5050 σιν
394 4996 690 5070 εὐφημίαις,
740 5000 826 5051 οἷα
883 4995 951 5057 δὴ
1005 5001 1276 5071 στεφάνοις
1325 4999 1715 5075 ἀμαραντίνοις,
1768 5001 1881 5054 ἐκό-

267 5105 444 5158 σμησε
494 5107 507 5121 ο
538 5090 656 5148 τοὺς
712 5091 802 5159 μεν
856 5096 955 5140 τῶν
1013 5087 1234 5150 ἀνοσίως
1273 5089 1446 5150 αὑτοῖς
1494 5090 1880 5163 τετολμημένων

267 5174 323 5227 ἑκ
378 5178 573 5229 τούτων
662 5175 1009 5251 ἀπαρχομένη
1090 5182 1179 5239 τὰς
1256 5182 1513 5253 τιμωρίας
1576 5179 1877 5251 εἰσπράττε-

269 5265 415 5328 σθαι,
448 5268 538 5315 καὶ
578 5268 1022 5337 προοιμιαζομένη
1055 5270 1147 5324 τὴν
1194 5265 1382 5319 ἐκεῖθεν
1431 5266 1609 5327 αὑτοῖς
1657 5264 1882 5337 ἀπαραί-

265 5371 420 5410 τητον
486 5351 816 5412 ἀθλιότητα·
867 5361 982 5416 τοῖς
1030 5351 1089 5408 δε
1151 5363 1249 5407 τῶν
1303 5354 1473 5407 ἄθλων
1543 5353 1875 5429 ἀμειϐομένη,

1907 4532 1950 4585 D

1498 319 2007 379 EPISTOLARUM
2050 322 2263 381 LIBER
2300 323 2350 379 II
2363 363 2379 381 .

3518 323 3621 381 894

1963 463 2072 505 nec
2098 452 2235 505 actu
2259 464 2369 506 nec
2390 464 2537 507 voce
2558 449 2840 508 facientes
2863 468 2877 521 ;
2901 465 3011 508 nec
3031 448 3431 522 corybantum
3455 467 3620 509 more

1964 543 2020 595 et
2066 538 2491 595 bacchantium
2543 539 2768 595 fortiter
2816 544 2871 597 et
2917 541 3247 597 inconsone
3297 540 3620 607 eboabant,

1965 626 2203 696 scilicet,
2234 630 2349 685 Nos
2373 629 2491 685 huc
2523 643 2646 684 non
2672 629 3055 696 accessimus,
3090 633 3151 685 ut
3181 631 3338 687 hanc
3374 646 3623 687 causam

1967 731 2495 787 cognosceremus:
2516 718 2621 774 sed
2634 733 2743 774 nec
2755 718 2828 774 de
2840 719 3013 774 vobis
3033 720 3326 790 judicium
3348 719 3619 785 fecimus;

1967 806 2506 863 condemnavimus
2536 808 2694 864 enim
2723 808 3108 880 jampridem,
3141 814 3197 866 et
3240 809 3346 865 illa
3401 810 3625 866 conde—

1968 894 2273 952 mnatione
2304 896 2429 952 sitis
2459 896 2737 953 contenti.
2773 899 2890 952 Hoc
2920 897 3140 970 itaque,
3174 898 3311 965 hoc,
3343 899 3621 971 inquam,

1967 984 2762 1059 impium,impudens,nulla
2780 986 3029 1043 historia
3054 991 3455 1044 memoratum
3478 989 3626 1045 faci-

1970 1089 2109 1139 nus,
2140 1075 2418 1131 Judaioas
2449 1090 2664 1130 omnes
2695 1076 2980 1131 audacter
3008 1080 3378 1149 perpetratas
3410 1077 3625 1150 nequi-

1971 1163 2101 1229 tias,
2130 1179 2282 1236 quas
2305 1163 2392 1220 sol
2422 1164 2514 1220 vel
2547 1164 2711 1230 vidit,
2733 1164 2829 1219 vel
2855 1165 3169 1221 abscondit
3200 1164 3361 1234 luna,
3392 1165 3625 1223 silentio

1971 1253 2257 1310 involvit:
2296 1254 2399 1310 sed
2442 1257 2501 1310 et
2550 1269 2928 1327 paganorum
2961 1254 3285 1311 atheismos
3334 1259 3391 1312 et
3432 1255 3627 1329 impu-

1972 1343 2237 1399 dentiam
2256 1343 2525 1408 excessit,
2542 1344 2819 1414 exlegum
2836 1348 2893 1400 et
2914 1343 3306 1402 barbarorum
3332 1348 3627 1417 quotquot

1973 1432 2197 1505 ubique
2236 1433 2502 1502 gentium
2547 1437 2686 1488 sunt
2726 1432 2952 1489 furores
2982 1436 3039 1489 et
3076 1434 3342 1490 insanias
3384 1437 3524 1507 post
3563 1450 3627 1490 se

1972 1522 2227 1595 reliquit.
2262 1521 2385 1578 Noli
2428 1526 2633 1577 tamen
2672 1521 2797 1578 istis
2829 1524 3220 1592 consternari,
3260 1540 3371 1579 nec
3428 1525 3501 1580 de
3534 1541 3628 1580 sa-

1971 1609 2247 1683 pientibus
2264 1611 2477 1667 divinis
2492 1611 2511 1681 j
2524 1610 2736 1666 udiciis
2751 1612 3001 1667 animum
3019 1618 3177 1667 tuum
3193 1612 3629 1670 irrationabilis

1972 1699 2591 1769 subeatcogitatio,vel
2607 1700 3266 1774 obmurmuratio;longe
3289 1717 3401 1771 ego
3418 1703 3628 1759 absum

1972 1795 2037 1844 ut
2065 1789 2192 1845 istis
2225 1789 2561 1860 percutiar;
2590 1793 2645 1846 et
2671 1793 2756 1855 tu,
2796 1805 2920 1845 non
2952 1790 3183 1858 dubito,
3233 1792 3517 1865 deinceps
3548 1792 3631 1851 ita

1975 1878 2215 1935 affectus
2231 1880 2455 1934 eris.Ex
2471 1879 2867 1949 adverso,ego
2886 1880 3245 1952 potius,licet
3260 1882 3631 1953 paradoxum

1971 1968 2557 2039 videarquibusdam
2574 1968 2790 2033 dicere,
2808 1968 2886 2023 ab
2899 1969 3022 2024 istis
3039 1969 3119 2025 ita
3133 1972 3330 2039 gestis,
3350 1971 3563 2027 divinae
3577 1978 3633 2030 et

1973 2062 2250 2113 naturam
2266 2056 2738 2113 transcendentis
2751 2058 3630 2131 providentiasinexplicabilem

1973 2150 2030 2202 et
2058 2145 2262 2201 omnia
2292 2149 2745 2216 permanentem
2773 2162 3003 2217 curam,
3036 2164 3107 2203 ex
3138 2149 3521 2219 priscissimis
3554 2154 3632 2206 te-

1974 2234 2271 2291 stimoniis
2287 2235 2707 2292 conﬁrmatam
2724 2236 2920 2292 video.
2942 2236 3256 2303 Quomodo
3272 2241 3474 2294 autem
3495 2239 3524 2294 ?
3541 2239 3634 2294 Ni-

1977 2323 2196 2380 mirum
2217 2339 2355 2379 cum
2372 2339 2580 2380 eorum
2593 2325 2697 2396 qui
2720 2339 2859 2381 cum
2876 2325 3124 2396 imperio
3141 2330 3298 2390 sunt,
3315 2326 3632 2384 iracundia

1976 2412 2129 2471 adeo
2160 2413 2416 2482 graviter
2434 2418 2492 2469 et
2515 2414 2576 2469 in
2597 2414 2962 2471 immensum
2987 2413 3396 2472 inﬂammatur
3420 2419 3632 2472 contra

1976 2501 2207 2571 ﬁdeles,
2221 2516 2291 2557 eo
2303 2501 2468 2574 quod
2485 2517 2522 2559 a
2540 2503 2834 2575 sanguine
2857 2504 3290 2574 puraslinguas
3319 2508 3375 2560 et
3400 2509 3632 2560 mentes

1980 2591 2425 2648 conservarint:
2479 2607 2739 2664 cumque
2781 2593 3000 2648 veritas
3044 2596 3130 2649 tot
3167 2593 3364 2649 modis
3412 2593 3634 2663 injuria

1979 2679 2312 2737 afﬁciatur:
2358 2680 2739 2737 mendacium
2791 2681 3107 2754 splendido
3155 2682 3315 2739 cultu
3359 2686 3629 2754 prostat:

1979 2786 2238 2844 cumque
2275 2771 2461 2844 impia
2501 2772 2760 2828 audacia
2805 2787 3050 2829 omnem
3091 2777 3313 2838 actum,
3351 2772 3631 2839 verbum,

1978 2864 2210 2917 motum
2230 2860 2503 2917 acerbius
2524 2876 2630 2916 exa
2642 2861 2782 2930 gitet
2807 2876 2821 2927 ;
2842 2861 3117 2917 homines
3137 2862 3217 2933 pii
3242 2861 3335 2917 his
3357 2862 3501 2917 visis
3524 2862 3634 2919 soli

1977 2951 2396 3020 ingemiscant,
2424 2954 2481 3006 et
2510 2950 2587 3006 ad
2609 2950 2817 3021 judicii
2838 2950 3103 3016 oculum,
3134 2950 3365 3006 lumina
3392 2966 3635 3008 manus-

1978 3056 2095 3114 que
2120 3039 2460 3097 extendant.
2484 3040 2751 3112 Cumque
2772 3040 2870 3096 alii
2892 3040 3298 3112 sycophantas
3320 3041 3543 3096 adeant
3566 3044 3634 3097 ut

1979 3129 2438 3186 accommodent
2453 3129 2863 3185 testimonium
2881 3145 2894 3191 ;
2912 3128 3079 3183 multi
3093 3129 3487 3200 potestatibus
3501 3143 3635 3199 gra-

1977 3217 2187 3276 tiﬁcari
2221 3218 2467 3290 cupiant
2493 3222 2548 3274 et
2573 3218 2649 3274 ad
2671 3217 2955 3290 placitum
2979 3217 3377 3273 obsecundari
3406 3236 3420 3285 ;
3454 3218 3633 3275 timor

1977 3324 2101 3365 non
2134 3307 2367 3375 unicus,
2395 3322 2507 3365 nec
2535 3322 2699 3363 mors
2728 3306 3045 3375 singularis
3075 3306 3397 3362 intentetur
3421 3306 3493 3361 iis
3518 3307 3633 3363 cir-

1978 3398 2308 3469 cumfusus,
2331 3397 2436 3470 qui
2466 3411 2576 3468 pro
2605 3396 2849 3453 veritate
2874 3396 3150 3469 proloqui
3178 3395 3428 3468 cupiunt
3452 3413 3465 3455 :
3491 3410 3631 3453 cum

1977 3493 2063 3546 tot
2090 3492 2153 3544 ut
2182 3486 2261 3543 illi
2300 3486 2582 3555 audeant,
2618 3488 2674 3543 et
2701 3487 2830 3542 htec
2859 3486 3054 3559 plura,
3088 3488 3414 3543 tolerantur
3441 3502 3456 3551 ;
3489 3501 3630 3542 cum

1977 3578 2038 3635 hi
2077 3592 2198 3634 non
2234 3577 2502 3634 habeant
2530 3575 2621 3632 vel
2650 3575 2905 3632 litteram
2944 3576 3245 3632 scribendi
3288 3574 3631 3632 facultatem

1979 3682 2350 3727 concessam,
2375 3666 2535 3723 autsi
2556 3664 2897 3736 scripserint
2913 3663 3230 3721 exhibendi
3253 3682 3266 3734 ;
3291 3679 3429 3721 cum
3453 3680 3635 3721 nemo

1979 3758 2139 3814 testis
2169 3757 2578 3829 cujuscunque
2598 3754 2866 3811 criminis
2896 3755 2956 3810 in
2980 3760 3220 3812 sanctos
3242 3755 3633 3827 producatur,

1979 3861 2118 3901 cum
2138 3860 2251 3900 nec
2274 3843 2567 3900 barbarici
2586 3843 2794 3914 judicii
2814 3843 3008 3899 forma
3024 3850 3078 3900 et
3097 3859 3413 3916 processus
3435 3845 3640 3899 obser-

1977 3938 2169 3999 vetur,
2198 3932 2304 3988 sed
2334 3936 2457 3986 tam
2498 3929 2853 4002 pudendum
2898 3931 2958 3986 in
2991 3932 3239 3987 modum
3273 3938 3329 3988 et
3363 3932 3634 4001 ridicule,

1977 4024 2101 4084 tam
2129 4018 2256 4075 sine
2271 4018 2499 4090 pudore
2520 4022 2576 4072 et
2602 4016 2895 4073 modestia
2916 4017 3294 4073 dissolvatur.
3320 4018 3637 4084 Quomodo

1980 4125 2105 4167 non
2153 4106 2671 4163 manifestissimas
2700 4106 3243 4161 demonstrationes
3272 4106 3411 4161 inde
3450 4106 3639 4162 dedu-

1984 4214 2212 4263 cemus,
2244 4201 2302 4254 et
2329 4195 2864 4267 inexpressissimis
2894 4198 2951 4251 et
2980 4194 3243 4249 indubiis
3278 4195 3632 4250 testimoniis

1984 4288 2337 4360 arripiemus
2350 4286 2835 4341 commendatam
2857 4284 3019 4340 illam
3033 4283 3297 4339 divinam
3323 4284 3640 4355 providen-

1984 4378 2149 4444 tiam,
2189 4392 2325 4449 quaa
2373 4375 2659 4432 universa
2700 4374 3079 4446 amplectitur
3118 4389 3256 4430 cum
3298 4373 3633 4445 sapientia;

1985 4467 2273 4540 quodque
2296 4465 2378 4522 illi
2398 4465 2557 4521 adsit
2577 4479 2834 4537 semper,
2857 4462 2992 4520 licet
3017 4479 3078 4519 se
3104 4464 3354 4520 latenter
3378 4470 3632 4529 exserat,

1985 4560 2043 4613 et
2061 4557 2397 4612 humanam
2424 4561 2684 4611 mentem
2711 4569 2834 4609 non
2860 4553 3099 4621 afﬁciat,
3126 4568 3249 4609 una
3272 4556 3474 4608 tamen
3500 4565 3637 4623 pro-

1986 4644 2203 4701 cedens
2244 4644 2419 4700 ultrix
2459 4643 2706 4715 iustitia,
2752 4658 2888 4714 quas
2932 4641 3289 4713 supplicium
3329 4644 3531 4709 eroget
3574 4640 3635 4696 in

1986 4734 2255 4805 injustos,
2278 4732 2499 4788 vindex
2520 4731 2675 4788 adsit
2697 4736 2751 4786 et
2777 4730 3117 4787 auxiliatrix
3142 4729 3357 4800 injuria
3384 4727 3630 4785 affectis.

1988 4824 2093 4878 Per
2122 4822 2278 4878 hanc
2320 4836 2494 4877 suam
2532 4818 2990 4892 providentiam,
3024 4820 3177 4873 Deus
3220 4817 3399 4873 etiam
3432 4822 3642 4873 contu-

1988 4910 2269 4967 meliosos
2285 4908 2436 4973 illos,
2452 4914 2757 4980 utcunque
2774 4907 3087 4963 videantur
3107 4904 3465 4978 splendidati
3480 4920 3643 4962 exer-

1988 5014 2119 5057 cere
2145 4997 2527 5071 tyrannidem
2558 5002 2613 5053 et
2642 4996 2722 5053 ab
2750 4996 3031 5052 omnibus
3061 4995 3378 5059 observati,
3409 4995 3643 5068 pudore

1991 5088 2289 5160 supplevit
2312 5086 2671 5142 etdedecore
2690 5102 2701 5139 :
2720 5085 3143 5141 certaminibus
3158 5084 3481 5156 expositos,
3509 5084 3647 5141 licet

1988 5177 2194 5233 omnia
2218 5180 2482 5232 extrema
2504 5174 2625 5247 pati
2647 5174 3038 5246 adjudicatos,
3067 5174 3290 5244 gaudio
3313 5175 3561 5248 replevit
3588 5180 3644 5232 et

1988 5264 2406 5327 exsultatione,
2422 5263 2760 5319 etomnium
2783 5263 3124 5334 linguarum
3138 5264 3639 5337 applausionibus

1987 5351 3302 5418 continuis,veluticoronisimmarcescibilibus
3316 5354 3640 5425 exornavit;

1622 5497 1855 5555 VARUE
1887 5496 2171 5553 LECTION
2178 5497 2278 5553 ES.

274 5629 309 5676 Β
409 5624 493 5680 ἶσ.
527 5622 645 5677 κᾶν.
