4072 6232
515 273 620 329 895

1749 271 1992 328 PHOTII
2029 271 2515 329 PATRIARCHE
2552 271 2660 326 ΟΡ.

3740 273 3820 331 896

515 397 693 455 etillis
711 399 952 472 quidem
965 403 1282 474 propterea
1293 415 1429 472 quae
1441 398 1622 470 impie
1639 402 2068 471 perpetrarunt,
2085 397 2164 455 ab

2277 402 2366 450 καὶ
2418 399 2592 472 ὥσπερ
2643 393 2920 471 ἀρῥαϐῶνά
2985 414 3103 447 τινα
3153 396 3527 467 κατατιθεμένη
3590 403 3678 448 τῶν
3725 396 3826 450 έκεί⁹

511 488 636 544 istis
653 489 946 560 primitias
957 489 1257 561 quasdam
1277 493 1532 560 apparat
1549 487 1826 560 supplicii
1848 487 2161 554 inferendi,

515 582 573 633 et
592 577 844 633 miserias
869 577 1196 650 aliquando
1216 576 1722 634 inconsolabiliter
1747 577 2079 633 subeundae
2103 577 2166 634 in

513 664 714 721 futuro
743 666 981 731 saeculo,
1014 667 1188 739 quasi
1218 667 1466 738 praemia
1495 666 1782 738 quaedam
1811 665 2002 722 struit.
2036 665 2166 721 Istis

517 759 720 814 autem
749 755 1089 812 certaminis
1119 760 1292 828 parat
1331 756 1600 828 praemia,
1634 759 1691 812 et
1720 755 1940 828 pignus
1967 756 2168 827 quod-

515 843 661 900 dam
673 843 1134 916 depositumque
1155 843 1417 917 disponit
1436 844 1894 902 retributionum
1915 845 1976 901 in
2002 845 2166 902 caelis

515 933 991 1000 indicendarum,
1010 939 1066 990 et
1090 933 1378 990 felicitatis
1399 939 1633 991 aeternae
1655 949 1726 990 ac
1749 933 2000 991 multum
2016 933 2168 990 desi-

517 1022 757 1078 deratee.
789 1022 985 1078 Habes
1010 1023 1109 1091 ita,
1149 1024 1382 1096 opinor,
1434 1024 1773 1096 perspicue,
1814 1024 1898 1080 ita
1925 1028 1990 1080 ut
2020 1023 2167 1081 nihil

513 1111 717 1168 varius
744 1113 990 1168 omnino
1012 1113 1268 1178 dubites,
1290 1113 1664 1170 admirandae
1685 1117 1742 1169 et
1765 1118 2044 1170 naturam
2069 1129 2168 1169 ex-

515 1199 776 1256 cedentis
804 1202 1192 1274 providentiae
1224 1203 1643 1260 inobliviosum
1671 1206 1729 1258 et
1765 1202 2162 1271 omniscium;

515 1303 650 1358 qua;
672 1289 820 1360 ipsa,
853 1289 1030 1346 etiam
1051 1291 1113 1345 in
1137 1291 1340 1361 rebus,
1366 1291 1444 1348 ab
1467 1289 1634 1347 omni
1661 1291 1890 1346 ratione
1920 1306 2056 1362 quae
2089 1291 2168 1346 vi-

513 1375 730 1432 dentur
755 1378 1162 1444 alienissimae,
1195 1379 1550 1437 abscondita
1573 1379 1842 1452 quadam
1876 1379 1948 1443 vi,
1977 1382 2036 1434 et
2064 1395 2168 1451 po-

513 1470 718 1522 testate
749 1467 1135 1536 ineluctabili,
1170 1470 1473 1541 sapienter
1510 1469 1802 1540 justitiam
1847 1472 1904 1524 et
1944 1468 2168 1524 incom-

2278 489 2359 540 θεν
2425 486 2662 563 ἁρῥήτων
2719 484 2973 550 ἐπάθλων,
3054 489 3146 537 καὶ
3219 494 3314 546 τῆς
3383 484 3711 559 πολυεράστου
3759 493 3823 541 καὶ

2276 573 2456 630 ἁῐδίου
2526 573 2938 648 μακαριότητος.
2997 572 3194 646 Ἐχεις,
3273 569 3441 646 οἶμαι,
3523 583 3701 648 τρανῶς
3758 582 3824 629 καὶ

2273 663 2426 720 οὐδὲν
2495 661 2852 725 ἐπιδιστάζων
2922 672 3015 725 τῆς
3088 666 3389 736 θαυμασίας
3454 667 3540 716 καὶ
3589 664 3824 738 ὑπερφυοῦς

2235 759 2516 832 οπρονοίας
2569 757 2629 808 τὸ
2687 753 2948 812 ἁλάθητόν
3014 773 3069 807 τε
3137 757 3228 806 καὶ
3289 759 3696 807 πανεπίσκοπον·
3758 761 3824 808 καὶ

2274 847 2355 899 ὅτι
2417 843 2513 897 κᾶν
2590 851 2696 905 τοῖς
2761 839 2985 896 δοκοῦσι
3052 842 3531 918 παραλογωτάτοις,
3598 841 3822 918 ἀπορρήτῳ

2273 939 2376 987 τινὶ
2420 937 2510 986 καὶ
2559 929 2962 1008 ἁπειροδυνάμῳ
3007 934 3186 1007 κράτει
3233 936 3328 985 καὶ
3385 937 3540 1005 σοφία
3580 935 3640 984 τὰ
3678 929 3824 985 δίκαια

2275 1024 2439 1086 αὐτῆς
2503 1028 2594 1076 καὶ
2667 1021 2864 1098 ὰῤῥεπῆ
2922 1022 3380 1093 συνεπιζευγνύσα
3430 1021 3654 1094 φυλάττει
3698 1022 3818 1094 ζυγὰ,

2275 1115 2451 1186 εἱρμὸν
2487 1131 2606 1164 τινα
2661 1113 2794 1164 θεῖον
2843 1110 2892 1164 ἐν
2933 1111 3130 1178 αὐτοῖς,
3184 1114 3275 1164 καὶ
3321 1111 3466 1173 τάξιν
3515 1109 3710 1182 ἀρίστην
3754 1115 3820 1163 καὶ

2273 1201 2557 1260 καλλίστην
2614 1199 2828 1267 ένιεῖσα,
2901 1200 2944 1254 εἰ
3021 1205 3112 1253 καὶ
3164 1206 3279 1262 τοῖς
3332 1201 3655 1272 ἀνθρωπίνοις
3711 1198 3820 1270 λογι-

2279 1299 2432 1364 σμοῖς
2461 1288 2558 1343 διὰ
2587 1289 2748 1363 βάθος
2791 1292 3057 1362 χριμάτων
3105 1288 3520 1361 ἀνεξιχνίαστον,
3554 1294 3634 1340 καὶ
3679 1294 3819 1359 σοφίας

2278 1377 2605 1443 ἁδιεξίτητον
2679 1378 2923 1450 πέλαγος,
3025 1378 3122 1431 οὐκ
3198 1377 3282 1431 ἀεὶ
3354 1381 3542 1449 πέφυκε
3629 1379 3818 1448 γίνεσθαι

2280 1468 2482 1542 ἐφικτὰ.

512 1555 970 1612 mutabilitatem
989 1574 1162 1614 suam
1189 1559 1447 1630 copulat,
1467 1565 1522 1614 et
1540 1558 1706 1613 librae
1730 1557 2001 1629 pondera
2013 1558 2177 1628 justa
2197 1559 2565 1623 statuminat,
2591 1561 2646 1613 et
2676 1557 2942 1613 divinam
2963 1557 3300 1629 quamdam
3331 1557 3556 1621 seriem,
3580 1561 3632 1610 et
3652 1569 3816 1610 conca-

507 1645 860 1702 tinationcm
886 1645 949 1700 in
975 1647 1154 1703 rebus
1183 1649 1496 1719 optimam,
1523 1647 1795 1702 ordinem
1820 1651 1876 1702 et
1897 1646 2366 1718 pulcherrimum
2395 1647 2739 1714 immittens,
2766 1646 2902 1703 licet
2926 1646 3245 1703 hominum
3276 1643 3591 1702 ratiociniis
3619 1647 3815 1716 propter

505 1733 868 1803 judiciorum
907 1736 1376 1807 profunditatem
1409 1735 2040 1808 impervestigabilem,
2070 1743 2127 1794 et
2167 1737 2247 1794 ob
2291 1736 2542 1809 pelagus
2585 1752 2708 1792 non
2751 1735 3124 1800 adeundum,
3157 1751 3285 1792 non
3317 1749 3546 1806 semper
3585 1737 3642 1789 ut
3678 1731 3815 1788 obvia

519 1823 880 1896 arripienda.

1086 1917 1300 1973 EPIST.
1334 1919 1575 1974 LXXXV.

872 2005 1096 2061 Acacio
1133 2007 1424 2064 monacho
1463 2013 1516 2064 et
1554 2008 1796 2066 medico.

2901 1920 3114 1968 ΕΠΙΣΤ.
3148 1914 3276 1969 HE’.

2666 2004 2898 2077 Ἀκακίῳ
2927 2012 3147 2077 μοναχῷ
3184 2008 3279 2057 καὶ
3316 2003 3488 2078 ἰατρῷ.

2201 1915 2247 1971 Β

1789 2108 2082 2158 Montacut.
2121 2109 2224 2170 (ep.
2250 2106 2357 2162 119,
2384 2119 2438 2168 p.
2471 2105 2600 2166 162).

589 2193 1008 2265 Sineutiquam
1021 2193 1693 2270 aliquandoabimpuris
1707 2196 2166 2268 cogitationibus

515 2297 705 2354 purus
737 2284 1034 2348 exstitisti,
1068 2299 1314 2356 prorsus
1343 2302 1569 2342 novum
1600 2292 1687 2342 est
1712 2287 1878 2358 quod
1913 2285 2023 2351 ais,
2058 2300 2166 2340 nec

515 2370 800 2444 lacrymae
817 2373 1222 2446 exprimenda:
1235 2391 1370 2447 quae
1385 2376 1723 2448 adaequent.
1743 2375 1912 2441 Quod
1926 2374 1974 2429 si
1988 2374 2167 2430 fueris

518 2461 846 2534 aliquando
879 2463 1141 2520 mundus
1172 2464 1253 2534 (et
1293 2469 1447 2520 certe
1495 2465 1716 2536 fuisti);
1765 2480 1960 2536 neque
2006 2463 2166 2518 enim

519 2549 856 2606 caelestibus
875 2551 1155 2607 convenit
1169 2568 1482 2625 nunquam
1502 2553 1826 2624 mundari),
1850 2552 1954 2608 sed
1973 2568 2083 2607 nec
2108 2552 2166 2607 in

517 2640 797 2710 praesenti
829 2641 947 2696 ullo
987 2642 1263 2713 puritatis
1295 2657 1500 2698 amore
1531 2646 1813 2707 tenerere,
1853 2642 1906 2696 si
1942 2656 2064 2697 non
2095 2641 2168 2695 il-

517 2727 632 2785 lius
669 2728 996 2802 aliquando
1035 2732 1462 2802 experientiam
1494 2731 1789 2800 haberes;
1833 2736 1890 2788 et
1931 2735 2086 2786 certe
2119 2731 2166 2786 si

518 2832 640 2873 non
671 2817 985 2889 expeditus
1015 2818 1252 2887 fuisses,
1285 2821 1500 2877 saltem
1530 2821 1732 2893 aliqua
1764 2836 1837 2876 ex
1869 2824 2055 2892 parte,
2088 2819 2167 2875 ab

515 2907 632 2962 illis
662 2908 958 2974 sordibus,
992 2909 1156 2966 haud
1195 2909 1724 2982 circumspexisses
1754 2909 2064 2982 quomodo
2104 2925 2166 2966 se

517 3011 736 3068 purum
767 2998 901 3070 quis
940 3004 1360 3068 conservaret;
1393 3007 1452 3057 at
1490 3016 1628 3056 cum
1661 3000 1928 3055 mundus
1967 2997 2164 3056 factus

515 3084 716 3152 fueris,
759 3102 831 3143 eo
868 3088 1054 3145 modo
1094 3104 1216 3161 quo
1257 3089 1338 3145 ita
1377 3089 1567 3146 factus
1611 3090 1861 3155 exsistis,
1901 3106 1971 3146 eo
2003 3095 2058 3146 te
2104 3094 2168 3145 ut

517 3190 833 3232 conserves
865 3178 1162 3234 mundum
1195 3194 1442 3251 operam
1474 3178 1635 3236 dato.
1682 3179 1880 3237 Oratio
1909 3179 2024 3236 hoc
2061 3177 2166 3236 tibi

517 3264 1018 3332 subministrabit,
1044 3267 1226 3324 modo
1249 3268 1412 3324 illam
1438 3269 1516 3324 ad
1539 3276 1775 3341 tempus
1805 3268 2052 3342 aliquod
2071 3283 2169 3324 ex-

515 3355 798 3410 tenderis.
826 3356 1042 3411 Paulus
1067 3356 1162 3412 ille
1193 3358 1450 3422 divinus,
1483 3375 1580 3414 me
1609 3359 1790 3430 prior,
1823 3359 1930 3414 tibi
1956 3357 2168 3414 exhor-

515 3443 802 3499 tationem
819 3450 1121 3514 suggerat,
1141 3445 1240 3501 ubi
1256 3447 1366 3502 ait:
1387 3447 2020 3504 Indesinenterorate’.
2052 3446 2167 3502 Sed

517 3536 573 3586 et
597 3531 971 3588 abstinentiae
992 3533 1222 3590 donum
1245 3549 1383 3590 cum
1402 3551 1642 3592 summa
1661 3535 1960 3592 custodito
1981 3551 2124 3592 cura
2147 3553 2161 3592 :

515 3619 864 3675 naturaliter
882 3621 1042 3676 enim
1065 3622 1394 3678 acceditvis
1419 3628 1476 3680 et
1497 3624 1760 3695 potentia
1781 3623 2166 3680 irresistibilis

515 3708 594 3765 ad
607 3708 907 3780 ejusmodi
930 3712 1238 3782 passiones
1251 3712 1678 3769 retundendus.
1696 3713 1812 3772 Sed
1827 3718 1883 3771 et
1898 3714 1977 3770 ad
1997 3714 2168 3771 mise-

512 3797 834 3856 ricordiam
853 3815 996 3870 erga
1015 3800 1350 3870 indigentes
1368 3801 1655 3870 accedito,
1675 3819 1785 3859 nec
1803 3803 1882 3859 ab
1902 3801 2004 3858 illa
2019 3801 2165 3858 velis

513 3888 774 3948 resilire:
825 3905 1063 3946 sacrum
1102 3891 1327 3963 quippe
1369 3891 1568 3948 oleum
1619 3891 1780 3948 istud
1831 3892 2022 3948 facem
2066 3907 2167 3947 ac-

514 3978 712 4034 cendit
756 3979 1146 4048 luculentam,
1187 3980 1566 4052 operationes
1619 3999 1759 4038 suas
1799 3982 2123 4039 dividendo
2148 3994 2184 4050 ;’.-

512 4083 657 4123 nam
671 4084 776 4140 per
791 4069 1090 4140 quasdam
1104 4071 1379 4127 incensas
1395 4072 1694 4127 consumit
1709 4073 2167 4144 passiones;per

513 4155 662 4212 alias
688 4157 986 4214 illuminat
1015 4165 1070 4216 et
1095 4159 1295 4230 dirigit
1321 4159 1381 4215 in
1411 4160 1640 4216 virtutis
1664 4177 1874 4217 currus
1900 4177 2162 4232 gressus.

516 4248 664 4318 Erga
704 4247 856 4314 illos,
892 4249 996 4319 qui
1033 4248 1310 4305 videntur
1339 4248 1400 4305 in
1433 4253 1488 4305 te
1519 4249 1858 4321 deliquisse,
1891 4253 1939 4307 si
1970 4257 2165 4324 potes,

513 4335 636 4394 noli
663 4337 1030 4394 commoveri
1063 4355 1075 4394 :
1107 4337 1200 4394 sin
1231 4339 1290 4393 in
1321 4338 1468 4394 iram
1501 4340 1835 4412 prolabaris
1863 4341 2169 4398 nihilomi-

511 4441 628 4482 nus
653 4431 789 4482 ante
809 4427 952 4482 solis
970 4443 1252 4484 occasum
1271 4428 1332 4482 in
1355 4435 1406 4483 te
1423 4445 1712 4495 reversus,
1730 4430 2003 4486 absolute
2024 4447 2168 4487 eon-

510 4515 653 4572 cede
679 4518 915 4573 veniam
935 4519 999 4572 ut
1015 4516 1362 4589 simpliciter
1381 4517 1601 4583 dicam,
1628 4518 1786 4574 unde
1805 4518 1908 4574 tibi
1927 4520 2164 4589 accidit,

513 4608 575 4659 ut
615 4621 800 4677 quam
846 4606 1122 4680 expedite
1175 4607 1503 4664 mundatus
1551 4607 1756 4674 fueris,
1813 4608 1952 4664 inde
1999 4607 2161 4666 omni

514 4697 697 4753 modo
735 4697 905 4754 decet
949 4697 1258 4767 indagare,
1291 4711 1399 4752 nec
1441 4697 1725 4754 absistere
1755 4714 1792 4755 a
1839 4698 1976 4754 vita:
2006 4700 2165 4771 puri-

515 4791 670 4842 tate:
741 4787 1004 4860 alioquin
1061 4803 1184 4844 non
1235 4786 1535 4856 continget
1591 4787 1760 4844 facile
1797 4787 2059 4861 quietem
2125 4806 2163 4847 a

513 4874 796 4932 molestiis
822 4877 1093 4950 adipisci,
1143 4877 1249 4934 sed
1292 4880 1396 4934 aut
1430 4891 1537 4949 per
1568 4875 1795 4950 aliquid
1821 4893 1853 4933 e
1883 4878 2162 4951 supradi-

515 4961 646 5031 ctis,
695 4969 799 5020 aut
843 4966 1024 5023 etiam
1052 4965 1276 5039 aliqua,
1327 4967 1376 5022 si
1425 4981 1548 5024 non
1595 4982 1702 5039 per
1743 4967 1949 5024 omnia
1978 4969 2156 5026 simul

513 5049 852 5121 conjuncta.

585 5230 607 5264 ⁹
647 5230 666 5284 1
707 5227 911 5285 Thess.
953 5246 1033 5296 iu,
1073 5236 1160 5290 t7.

2198 4384 2244 4438 D

2346 2195 2406 2249 Εἰ
2481 2197 2570 2266 μεν
2643 2191 2906 2266 μηδέποτε
2977 2197 3194 2265 γέγονας
3297 2193 3516 2266 καθαρὸς
3599 2188 3809 2261 λογισμῶν

2276 2283 2604 2356 ἀκαθάρτων,
2631 2288 2806 2335 καινόν
2853 2303 2905 2335 τι
2951 2282 3131 2354 λέγεις,
3161 2285 3258 2334 καὶ
3313 2281 3371 2333 οὗ
3419 2285 3484 2352 μὴ
3527 2281 3652 2332 ἔστιν
3685 2278 3806 2349 εὑρεῖν

2277 2372 2505 2448 δάκρυον
2542 2373 2812 2437 ἐξισῶσαι.
2841 2372 2902 2426 Εἰ
2927 2369 2961 2426 δ
2965 2375 2986 2425 ὲ
3031 2375 3248 2443 γέγονας
3277 2371 3509 2442 (γέγονας
3537 2364 3590 2421 δε
3612 2367 3804 2425 πάντωςο

2276 2465 2334 2518 οὗ
2363 2466 2465 2538 γὰρ
2524 2463 2760 2536 οὐράνιον
2807 2466 2866 2515 τὸ
2911 2458 3178 2535 μηδέποτε
3227 2458 3582 2533 καθαρεῦσαι),
3624 2459 3699 2507 καὶ
3736 2453 3804 2504 οὐκ

2275 2553 2336 2606 ἂν
2381 2549 2496 2607 οὐδ’
2541 2553 2612 2615 εἰς
2652 2555 2813 2626 ἔρωτα
2849 2558 2937 2602 νῦν
2985 2558 3082 2611 τῆς
3123 2551 3498 2624 καθαρότητος,
3537 2546 3576 2598 εἰ
3615 2547 3675 2618 μὴ
3711 2543 3804 2594 rari-

2276 2664 2366 2705 της
2393 2651 2574 2717 πεῖραν
2627 2641 2818 2711 ἔλαϐες,
2865 2638 3011 2701 ἦλθες
3038 2657 3062 2676 ο
3101 2635 3221 2692 οὐδ’
3251 2637 3311 2690 ἂν
3342 2639 3385 2690 εἰ
3431 2641 3500 2709 μὴ
3546 2633 3803 2703 ἀπηλλάγης,

2273 2734 2370 2786 κᾶν
2422 2733 2508 2786 ἐπὶ
2587 2735 2770 2797 ποσὸν,
2831 2730 3021 2782 έκείνου
3073 2735 3168 2781 τοῦ
3221 2730 3410 2803 ῥύπου,
3483 2722 3721 2793 διέϐλεψας
3763 2719 3806 2769 ἂν

2276 2822 2598 2884 ἐπιζητῆσαι
2643 2821 2670 2863 δ
2704 2817 2776 2874 δι’
2808 2822 2928 2873 ὅτου
2968 2821 3028 2872 ἄν
3061 2839 3140 2880 τις
3182 2820 3408 2890 καθαρὸν
3453 2814 3614 2868 ἑαυτὸν
3660 2828 3808 2864 συντη-

2274 2917 2437 2985 ρὴσῃ.
2490 2911 2632 2964 Ἐπεὶ
2684 2906 2744 2962 δέ
2793 2929 2919 2962 ποτε
2969 2912 3206 2979 γέγονας,
3362 2904 3527 2980 τρόπῳ
3565 2905 3806 2973 γεγένησαι,

2205 3026 2244 3081 C
2273 3009 2343 3072 τῷ
2376 3001 2516 3072 αὐτῷ
2543 3003 2708 3071 τούτῳ
2764 3003 2855 3052 καὶ
2906 2995 3176 3070 διατηρεῖν
3229 2997 3442 3050 σεαυτὸν
3489 2992 3533 3044 ἐν
3579 2999 3634 3062 τῇ
3681 2989 3802 3039 καθα-

2271 3096 2477 3166 ρότητι,
2525 3087 2866 3146 διανάστηθι.
2922 3093 3207 3163 Προσευχή
3258 3105 3342 3139 σοι
3383 3085 3554 3136 τούτου
3599 3078 3806 3151 πρόξενος,

2273 3179 2367 3232 κᾶν
2397 3178 2474 3232 ἐπ’
2505 3179 2676 3250 ὀλίγον
2702 3182 2927 3236 κατέστη
2975 3181 3300 3252 παρατείνων
3354 3175 3538 3230 ταύτην
3567 3191 3580 3203 ο
3607 3164 3801 3224 Παῦλοςά

2275 3272 2410 3331 θεῖος
2457 3271 2559 3341 πρὸ
2615 3270 2762 3340 ἡμῶν
2849 3285 2934 3319 σοι
3005 3270 3100 3324 τὴν
3177 3269 3475 3338 παραίνεσιν
3549 3258 3796 3327 εἰσηγεῖται,

2274 3355 2671 3424 Ἀδιαλείπτως,
2737 3356 2916 3428 λέγων,
2992 3355 3378 3427 προσεύχεσθε.
3466 3347 3588 3404 ’Δλλ’
3652 3344 3801 3417 ἐγκρα-

2272 3453 2408 3509 τείας
2431 3450 2490 3501 τό
2523 3443 2688 3520 δῶρον
2708 3448 2838 3518 ἔχου
2872 3442 3112 3518 [ταύτης]
3143 3442 3518 3516 ἐπιμελέστερον
3539 3459 3553 3471 ·
3580 3437 3706 3508 φύσει
3726 3433 3800 3502 γὰρ

2274 3537 2404 3611 αὐτῇ
2437 3540 2528 3589 καὶ
2569 3537 2762 3610 κράτος
2811 3535 3025 3606 ἄμαχον
3072 3538 3330 3605 πρόσεστι
3383 3532 3506 3604 πρὸς
3550 3527 3608 3578 τὰ
3631 3527 3802 3616 totatuta

2271 3634 2371 3678 τῶν
2455 3627 2799 3697 παθημάτων.
2860 3622 2996 3675 Ἀλλ’
3071 3622 3150 3674 ἐπ’
3235 3621 3352 3692 ἐλέῳ
3429 3617 3677 3686 πενομένων
3734 3610 3798 3678 αφ’

2275 3719 2431 3778 ίκετο,
2487 3719 2558 3786 μὴ
2614 3713 2869 3786 ἀφίστατο
2917 3721 3008 3772 τῆς
3045 3709 3436 3784 ἓλεημοσὺνης⁶
3487 3701 3684 3778 μεγάλην
3719 3697 3794 3769 γὰρ

2273 3802 2486 3857 ἀνάπτει
2524 3800 2780 3874 λαμπάδα
2806 3804 2863 3854 τὸ
2922 3803 3054 3876 ἱερὸν
3091 3800 3266 3853 ἔλεονί
3311 3805 3476 3861 τοῦτο,
3525 3795 3606 3844 καὶ
3641 3789 3796 3861 μερίζει

2271 3896 2361 3954 τὰς
2408 3892 2677 3968 ἐνεργείας,
2726 3897 2816 3944 καὶ
2864 3897 2975 3952 ταῖς
3049 3894 3138 3962 μεν
3189 3890 3356 3962 φλέγει
3404 3887 3464 3940 τὰ
3530 3881 3670 3947 πάθη,
3713 3880 3796 3968 ταῖς

2274 3979 2334 4036 δὲ
2383 3959 2595 4055 φωτίζει
2623 3986 2713 4034 καὶ
2741 3982 3038 4034 κατευθύνει
3068 3983 3202 4054 πρὸς
3249 3982 3335 4031 τὸν
3374 3985 3461 4036 τῆς
3507 3974 3668 4055 ἀρετῆς
3703 3959 3798 4033 δρό-

2273 4051 2474 4150 μον-τὰ
2533 4069 2858 4143 διαδήματα.
2921 4069 3053 4123 Ἀλλ’
3103 4051 3188 4121 ὅτι
3245 4067 3439 4140 ἀφῆκας
3487 4068 3583 4120 τοῖς
3629 4051 3796 4150 δοξασιν

2275 4135 2343 4222 ri;
2419 4165 2476 4214 σε
2549 4159 3056 4233 πεπλημμεληκέναι,
3159 4159 3207 4211 εἰ
3420 4150 3638 4215 δυνατὸν,
3698 4135 3796 4217 μηδ’

2277 4250 2511 4325 ὄργίζου.
2549 4251 2609 4304 Εἰ
2662 4246 2712 4302 δ’
2762 4249 3022 4313 έξίπεσας,
3079 4247 3192 4300 ἀλλ’
3235 4243 3322 4300 οὖν
3379 4245 3452 4297 ἀεὶ
3495 4245 3584 4318 πρὸ
3630 4237 3793 4306 δυσμῶν

2276 4340 2424 4399 ἡλίου
2462 4340 2535 4402 εἰς
2583 4342 2797 4392 σεαυτὸν
2828 4337 2981 4390 ἀνιὼν
3013 4337 3046 4391 ἰν
3068 4335 3197 4399 ὅλως
3237 4340 3380 4408 γίνου
3421 4341 3505 4394 τῆς
3531 4331 3792 4401 συγγνώμης,

2277 4434 2365 4482 καὶ
2415 4429 2585 4489 ἁπλῶς
2632 4428 2808 4492 εἰπεῖν,
2846 4423 2896 4479 δ’
2962 4426 3024 4479 οὗ
3075 4445 3160 4479 σοι
3209 4425 3258 4477 ἓν
3307 4423 3496 4497 βραχεῖ
3534 4419 3794 4489 καθαρεῦσαι

2275 4523 2631 4592 προσεγένετο,
2688 4515 2783 4570 διὰ
2831 4519 3018 4568 τούτου
3079 4517 3310 4589 θηρεύειν
3365 4512 3439 4564 ἀεὶ
3490 4514 3552 4583 μὴ
3608 4505 3794 4597 ἀποστῇς

2275 4613 2362 4662 καὶ
2406 4613 2500 4667 τὴν
2531 4605 2624 4661 διὰ
2668 4605 2789 4680 βίου
2819 4608 3176 4679 καθαρότητα.
3210 4604 3398 4664 ’Ἄλλως
3423 4603 3537 4672 γὰρ,
3559 4595 3791 4680 illatis-09f

2273 4701 2410 4752 ἔστιν
2456 4699 2585 4760 ὅλως
2635 4699 2809 4750 ἄνεσιν
2868 4697 3030 4769 εὑρεῖν
3093 4703 3195 4747 τῶν
3246 4692 3584 4766 ἐνοχλούντων,
3633 4677 3720 4734 ἀλλ’
3763 4675 3786 4731 ἦ

2273 4785 2368 4841 διὰ
2407 4807 2546 4849 τινος
2582 4795 2682 4841 τῶν
2712 4786 3008 4860 εἰρημένων,
3040 4787 3070 4842 ἣ
3113 4803 3284 4854 τινων,
3324 4783 3352 4842 ἦ
3392 4783 3472 4832 καὶ
3515 4773 3597 4829 διὰ
3631 4769 3788 4823 πάντων

2269 4879 2399 4952 ἅμα.

1864 5389 2098 5445 VARUE
2128 5386 2538 5446 LECTIONES.

582 5566 613 5608 ιι
641 5563 784 5624 add.
817 5566 1021 5640 μαθεῖν.
1096 5563 1112 5607 ἰ
1155 5563 1342 5619 ἔλαιον.
1415 5563 1436 5619 5
1475 5563 1716 5626 ἓπανιὼν.

3981 1273 3983 1358 ι

3981 1613 3983 1722 l

3981 1737 3983 1854 l
