4072 6232
284 323 394 382 897

898 451 1110 500 ΕΠΙΣΤ.
1151 452 1296 528 Πςν.

676 536 908 610 Ἀκακίῳ
931 542 1154 611 μοναχῷ
1193 539 1284 589 καὶ
1316 533 1496 611 ἰατρῷ.

1557 309 2067 375 EPISTOLABUM
2108 308 2319 374 LIBER
2359 310 2402 372 Ῑ.

1924 442 1972 496 Α

3543 324 3652 385 898

2571 443 2782 502 EPIST.
2815 446 3084 502 LXXXVI.

2393 534 2610 590 Acacio
2639 535 2926 592 monacho
2964 542 3020 592 et
3048 538 3288 596 medico.

1471 652 1759 701 Montacut.
1787 652 1895 714 (ep.
1935 648 2043 700 122.
2071 663 2123 712 p.
2157 649 2287 710 163).

359 757 512 826 Μέγα
576 755 737 805 κακόν
792 753 822 810 ἡ
887 747 1111 813 δόκησις

287 850 446 914 ποιεῖ,
477 838 594 896 οὐδ’
645 840 1012 912 ἀπαλλαγῆναι
1061 847 1151 892 τοῦ
1189 841 1389 901 πάθους
1437 839 1515 910 ἐᾷ,
1569 835 1693 892 οὐδὲ
1740 857 1895 912 μετα-

1163 770 1180 785 -
1225 751 1429 823 ἄφρονα
1477 753 1564 802 τόν
1626 751 1893 824 ἄνθρωπον

286 934 474 1006 μαθεῖν
526 934 894 984 τό·συνοί’σον.
949 929 1208 1002 Ἐχθρούς
1275 930 1397 1002 όρᾷν
1447 927 1710 981 ἀναπείθει
1776 929 1894 987 τοὺς

286 1021 550 1095 μεθέλκειν
627 1027 719 1081 τῆς
785 1019 984 1080 πλάνης
1033 1023 1125 1071 καὶ
1188 1016 1403 1092 βοηθεῖν
1445 1016 1845 1092 ἐπιχειροῦντας
1876 1036 1892 1053 ο

286 1114 414 1173 τοὺς
444 1106 504 1163 δε
533 1109 938 1182 φλεγμαίνοντας
967 1111 1062 1167 τὴν
1106 1110 1258 1161 νόσον
1296 1106 1590 1170 κολακείαις
1618 1111 1708 1160 καὶ
1752 1105 1896 1159 ἀνία-

286 1219 376 1253 τον
407 1206 686 1261 ποιοῦντας
721 1197 872 1251 πλέον
915 1197 1213 1258 εἰσοικίςει.
1270 1203 1429 1269 Φεῦγε
1472 1199 1618 1270 πάσῃ
1676 1192 1896 1270 δυνάμει

285 1294 384 1348 τὴν
437 1291 633 1354 οἴησιν,
705 1291 936 1362 κρημνός
999 1285 1114 1340 ἐστι
1180 1285 1321 1360 βαθύ
1394 1292 1570 1340 πᾶσαν
1635 1290 1895 1361 σωτηρίας

286 1374 478 1432 ἄνοδον
508 1380 913 1454 περιηρημένος.

906 1563 1120 1613 ΕΙΙΙΣΤ.
1148 1557 1274 1610 ΠΖ’.

852 1647 1063 1720 Ἰσακίῳ
1087 1644 1330 1720 μοναχῷ.

2077 748 2354 818 Magnum
2379 747 2609 804 malum
2631 753 2721 805 est
2740 750 2946 822 opinio
2969 751 3080 818 sui,
3097 755 3342 812 stultum
3363 758 3522 816 enim
3540 763 3654 817 ho-

2003 835 2228 919 minem
2256 836 2471 904 reddit,
2499 854 2608 894 nec
2636 839 2848 897 morbo
2877 842 3099 913 patitur
3117 843 3377 914 liberari,
3409 853 3656 906 autsero

2002 925 2309 982 addiscere
2339 927 2504 999 quod
2531 928 2588 984 in
2620 945 2749 986 rem
2779 930 2886 986 erit
2909 950 2927 1003 ;
2954 932 3077 989 imo
3107 931 3238 990 loco
3274 934 3656 994 inimicorum

2003 1015 2313 1074 habendos
2342 1019 2630 1089 suggerit,
2679 1020 2784 1092 qui
2813 1036 3062 1094 operam
3093 1023 3453 1096 impendunt
3487 1031 3552 1084 ut
3575 1027 3655 1084 ab

1987 1121 2201 1187 _errore
2228 1107 2533 1166 retrahant
2556 1109 2989 1167 etauxilientur
3019 1126 3034 1167 :
3067 1128 3171 1170 eos
3191 1119 3393 1170 autem
3416 1115 3518 1188 qui
3543 1131 3655 1188 per

2003 1196 2415 1262 adulationem
2444 1197 2725 1267 morbum
2751 1199 3098 1258 exulcerant
3152 1207 3212 1258 et
3254 1202 3656 1261 insanabilem

2002 1286 2282 1354 reddunt,
2315 1286 2642 1345 familiares
2675 1289 2866 1360 magis
2894 1290 3111 1348 reddit.
3139 1292 3313 1348 Omni
3340 1309 3455 1366 ope
3476 1294 3660 1365 igitur

2003 1393 2308 1451 operaque
2319 1377 2666 1450 opinionem
2679 1379 3004 1444 vita,inane
3016 1380 3416 1454 praecipitium
3427 1383 3656 1456 quippe

2003 1473 2112 1532 est,
2142 1482 2510 1540 omnemque
2527 1467 2780 1524 obstruit
2799 1468 3005 1524 salutis
3023 1486 3368 1528 ascensum.

2571 1559 2791 1615 EPIST.
2831 1559 3124 1616 LXXXVII.

2570 1647 2755 1704 Isacio
2775 1649 3086 1705 monacho.

1445 1752 1735 1804 Montacut.
1768 1755 1873 1819 (ep.
1911 1756 2100 1821 128,p.
2137 1757 2268 1818 169).

367 1853 430 1907 Εἰ
471 1856 560 1905 καὶ
601 1853 733 1927 πρὸς
773 1852 1039 1924 θερισμόν,
1082 1849 1157 1924 ἐφ’
1206 1853 1262 1904 όν
1312 1852 1338 1904 ό
1393 1856 1654 1912 Δεσπότης
1694 1852 1898 1925 σπλαγ-

2079 1855 2400 1926 Utcunque
2430 1853 2509 1908 ad
2540 1867 2798 1909 messem
2815 1852 2977 1910 illam
2999 1853 3348 1913 obeundam
3371 1856 3449 1912 ad
3469 1872 3660 1929 quam

297 1941 607 2014 κνιζόμενος
658 1939 977 2014 ἐργάζεσθαι
1051 1943 1242 2013 πέμπει
1293 1943 1415 2002 τούς
1481 1941 1738 2013 μαθητὰς,
1800 1941 1898 1994 ἀω-

292 2035 517 2106 ρότατος
541 2028 589 2083 εἰ
612 2049 628 2064 ο
658 2028 764 2082 ἀλλ’
791 2025 880 2082 οὖν
931 2028 1008 2102 ἔφ’
1039 2030 1093 2082 ὅν
1147 2029 1198 2082 οἰ
1245 2031 1484 2102 θερισταὶ
1521 2035 1897 2104 παραγίνονται

294 2119 529 2193 ἄγγελοι,
581 2123 672 2172 καὶ
713 2117 828 2172 λίαν
872 2115 1170 2178 ἐπιτήδειόν
1221 2137 1279 2171 σε
1318 2115 1586 2172 δείκνυσιν
1613 2118 1640 2170 ὃ
1665 2127 1758 2182 τῆς
1787 2120 1900 2178 ἠλι-

291 2215 406 2271 κίας
447 2213 652 2283 καιρός.
702 2215 816 2270 Πῶς
866 2203 975 2275 οὖν,
1022 2206 1137 2260 ἂντὶ
1187 2210 1277 2280 μὶν
1321 2215 1413 2260 τοῦ
1456 2211 1654 2282 καρπόν
1708 2213 1895 2283 φέρειν,

292 2298 524 2360 ἀκάνθας
556 2297 782 2372 ἐκφέρεις
814 2313 828 2365 ;
861 2298 1078 2359 ζιζάνια
1106 2293 1166 2350 δε
1208 2296 1322 2350 ἀντὶ
1355 2302 1502 2350 σίτου
1534 2314 1548 2365 ;
1602 2302 1702 2352 Καὶ
1746 2296 1898 2351 οὐδὲν

289 2384 521 2462 έργῶδες
562 2387 616 2440 ὃν
654 2390 809 2440 καλὸν
859 2392 950 2439 καὶ
1003 2386 1217 2459 ἀγαθὸν,
1268 2385 1364 2438 κᾶν
1415 2386 1509 2458 ὀψε
1549 2395 1641 2440 τοῦ
1688 2395 1894 2462 καιροῦ,

293 2475 387 2531 διὰ
428 2481 704 2551 μετανοίας
733 2478 992 2548 γενέσθαι.
1028 2480 1096 2528 Σὺ
1149 2473 1208 2528 δε
1239 2479 1432 2528 σαυτόν
1480 2478 1585 2529 ε’ίθε
1621 2478 1898 2550 ἄχρηστον

289 2565 422 2620 ἀλλὰ
468 2562 692 2620 δέδοικα
741 2570 813 2636 μὴ
869 2570 959 2618 καὶ
1004 2564 1364 2639 αὐτοσαπρίας
1422 2563 1629 2638 ἀγγεῖον
1673 2568 1896 2641 ἐργάζῃ.

289 2655 427 2709 Ἀλλ’
477 2655 748 2726 έπίγνωθι,
803 2653 897 2706 κᾶν
926 2661 1013 2706 νῦν
1044 2649 1178 2720 ἤδη,
1233 2656 1321 2706 τὸν
1370 2652 1688 2726 ἀνθρώπινον
1731 2674 1899 2708 κατα-

295 2741 547 2817 δυόμενος
580 2742 717 2817 βίον,
769 2744 850 2796 ὅτι
880 2745 944 2794 τὰ
987 2744 1079 2815 μεν
1127 2744 1411 2814 συνάγεται
1456 2747 1548 2796 καὶ
1592 2741 1898 2800 ἀποθησαυ-

293 2834 502 2910 ρίζεται
547 2833 614 2894 εἰς
663 2831 1021 2894 ἀκαταλύτους
1063 2829 1337 2892 ἀποθήκας
1381 2835 1472 2884 καὶ
1518 2839 1609 2893 τῆς
1647 2831 1896 2906 οὐρανῶν,

299 2921 542 2986 ἀξιοῦται
589 2921 857 2996 βασιλείας
900 2940 916 2956 ο
947 2923 1015 2973 τὰ
1066 2917 1125 2974 δε
1174 2920 1500 2990 έκκόπτεται,
1549 2923 1600 2973 οἶ
1646 2941 1758 2994 μοι,
1807 2926 1898 2975 καὶ

299 3011 623 3077 ἐκϐάλλεται,
696 3016 787 3064 καὶ
857 3014 1194 3064 κατακαίεται
1239 3019 1312 3082 τῷ
1368 3009 1592 3086 έξωτέρῳ
1635 3014 1724 3064 καὶ
1787 3009 1899 3064 ἀτε-

299 3101 530 3175 λευτήτῳ
557 3105 686 3176 πυρὶ
717 3096 1000 3162 διαπαντός
1053 3097 1420 3174 δαπανώμενα.

899 3374 1113 3422 ΕΠΙΣΤ.
1156 3366 1284 3425 ΠΙΪ.

288 3460 626 3535 Μητροφάνει
698 3465 920 3533 μοναχῷ
995 3463 1106 3583 anxii
1170 3460 1460 3534 ἡσυχαστῇ
1537 3466 1610 3533 τῷ
1685 3457 1742 3512 έκ
1815 3466 1896 3512 Σι-

997 3549 1054 3582 κε
1107 3549 1191 3593 ας.

2005 1942 2432 1999 misericordias
2459 1942 2786 1998 visceribus
2806 1943 3097 2000 Dominus
3122 1949 3314 2001 tactus
3329 1946 3524 2002 emisit
3547 1946 3660 2002 dis-

2005 2032 2233 2104 cipulos
2259 2047 2422 2101 suos,
2443 2031 2524 2086 sis
2566 2031 2825 2087 maxime
2854 2033 3255 2100 immaturus;
3290 2036 3366 2090 ad
3389 2035 3553 2092 illam
3579 2040 3662 2092 ta-

2004 2138 2164 2188 men,
2185 2121 2263 2178 ad
2287 2137 2469 2194 quam
2493 2137 2786 2177 messores
2804 2119 3157 2191 delegantur
3188 2123 3408 2194 angeli,
3437 2129 3582 2180 mtas
3604 2129 3658 2181 te

2003 2215 2111 2267 tua
2121 2210 2294 2267 valde
2307 2214 2718 2281 comparatum
2732 2209 2924 2267 docet.
2942 2211 3106 2268 Unde
3118 2227 3278 2282 ergo,
3299 2213 3659 2284 proferendo

2004 2298 2261 2357 fructum
2287 2315 2423 2355 cum
2457 2299 2556 2366 sis,
2588 2298 2795 2372 spinas
2826 2299 3107 2372 producis
3136 2301 3164 2355 ?
3196 2301 3426 2358 zizania
3455 2306 3658 2358 autem

2004 2404 2114 2462 pro
2145 2387 2486 2444 frumento?
2517 2391 2633 2444 Nec
2671 2394 2765 2444 est
2800 2405 3145 2460 operosum,
3189 2391 3385 2448 virum
3424 2391 3654 2448 bonum

2005 2477 2267 2550 probum
2297 2477 2446 2543 ﬁeri,
2473 2477 2608 2534 licet
2651 2478 2860 2547 serius,
2893 2478 3000 2550 per
3025 2479 3460 2552 pcenitentiam.
3493 2481 3580 2536 Tu
3605 2484 3661 2536 te

2005 2572 2228 2635 autem,
2266 2567 2494 2623 utinam
2527 2567 2725 2624 solum
2763 2568 3053 2640 inutilem,
3089 2585 3159 2625 ac
3198 2585 3340 2637 non,
3367 2569 3534 2642 quod
3565 2585 3664 2625 ve-

2003 2672 2158 2724 reor,
2189 2673 2298 2714 vas
2324 2657 2666 2729 depravata:
2691 2658 3094 2730 corruptionis
3119 2663 3174 2716 te
3192 2659 3464 2732 praebeas
3495 2662 3507 2717 l
3547 2658 3662 2716 Sed

2005 2749 2069 2802 tu
2085 2761 2464 2816 recognosce,
2478 2747 2573 2803 vel
2589 2763 2749 2803 nunc
2763 2747 3027 2814 tandem,
3046 2747 3151 2820 qui
3166 2749 3402 2821 penitus
3425 2748 3486 2804 in
3507 2765 3664 2804 mor-

2007 2835 2108 2891 tali
2138 2835 2611 2907 vitaimmerges,
2643 2836 2806 2909 quod
2830 2841 2972 2893 sunt
2995 2853 3131 2910 quas
3154 2843 3594 2908 congregantur
3607 2842 3666 2894 et

2004 2931 2360 2995 reponuntur
2372 2925 2426 2980 in
2445 2926 2766 2997 apothecas
2780 2926 2938 2982 haud
2953 2942 3212 3000 unquam
3229 2927 3408 2982 dissol
3420 2927 3660 2992 vendas,

2005 3017 2064 3068 et
2091 3028 2278 3083 regno
2307 3014 2597 3070 caelorum
2639 3014 2825 3084 digna
2876 3015 3207 3072 habentur:
3242 3021 3398 3082 sunt,
3433 3016 3536 3088 qui
3565 3032 3664 3072 ex-

2005 3101 2376 3170 scinduntur,
2417 3103 2590 3171 eheu,
2632 3109 2686 3160 et
2716 3105 3047 3176 ejiciuntur,
3087 3111 3144 3161 et
3173 3106 3309 3176 igne
3365 3105 3660 3172 exteriori,

1929 3233 1969 3290 C
2004 3193 2434 3265 quinunquam
2459 3194 2887 3266 exstinguetur,
2903 3199 2957 3250 et
2973 3194 3224 3252 ﬂamma
3251 3195 3666 3251 consumenda

2004 3286 2062 3338 et
2088 3283 2504 3340 comburenda
2526 3284 2915 3340 destinantur.

2560 3375 2775 3431 EPIST.
2831 3374 3156 3433 LXXXVIII.

2072 3461 2450 3533 Metropham'
2477 3463 2762 3520 monacho
2792 3469 2847 3520 et
2874 3464 3242 3535 Itesychaslw
3267 3479 3296 3522 e
3323 3463 3556 3521 Sicilia.

1449 3628 1745 3684 Montacut.
1789 3635 1897 3694 (ep.
1935 3631 2045 3691 149,
2073 3646 2124 3696 p.
2151 3635 2283 3698 205).

368 3739 520 3810 Μέγὰ
662 3739 721 3790 τὸ
752 3735 907 3808 ἄλγος
934 3736 1062 3812 ὑπὲρ
1091 3743 1194 3788 τῶν
1237 3735 1560 3794 Ἐκκλησιῶν
1602 3743 1694 3790 τοῦ
1725 3743 1860 3790 Θεοῦ
1881 3756 1896 3771 ο

297 3828 368 3889 εἰς
391 3830 494 3902 γὰρ
525 3831 620 3886 τὴν
667 3825 972 3898 οἰκουμένην
1003 3823 1172 3896 ἐχύθη
1212 3828 1271 3876 τό
1299 3829 1457 3877 κακόν
1492 3843 1508 3860 ο
1538 3827 1728 3897 μείζων
1760 3822 1820 3877 δε
1867 3827 1899 3884 ἠ

295 3919 469 3992 χαρά.
510 3915 592 3970 Ἐν
615 3918 718 3990 γὰρ
749 3922 810 3988 τῇ
853 3913 1054 3987 ὐφηλίῳ
1108 3913 1432 3986 θαυμάζεται
1460 3914 1602 3986 ὑμῶν
1632 3915 1700 3965 τὰ
1749 3907 1902 3982 ἆθλα,

297 4013 391 4060 καὶ
453 4009 484 4066 ἠ
543 4005 698 4080 ἁρετή
761 4024 778 4040 ο
845 4009 937 4057 καὶ
988 4007 1182 4066 παντός
1255 4008 1513 4078 στόματός
1573 4001 1736 4070 ἔστιν,
1789 4002 1904 4056 ἀντὶ

297 4099 492 4156 παντὸς
532 4093 689 4147 ἄλλου
713 4093 746 4136 k
774 4095 824 4146 οί
852 4093 1082 4168 λαμπροὶ
1111 4095 1254 4166 ὑμῶν
1302 4091 1514 4164 ἀγῶνες,
1561 4097 1652 4146 καὶ
1681 4094 1749 4146 τὰ
1787 4096 1902 4168 τρό-

294 4205 454 4252 παια,
499 4193 589 4238 και
640 4185 668 4236 ὀ
721 4182 882 4244 πολὺς
923 4181 1111 4245 ἐκεῖνος
1138 4188 1229 4236 καὶ
1271 4183 1417 4246 ἄξιος
1445 4191 1546 4235 τῶν
1596 4183 1725 4257 ὑπερ
1777 4189 1907 4259 Χρι-

301 4283 432 4329 στοῦ
453 4275 802 4348 παθημάτων,
829 4276 1192 4346 μακαρισμός.

909 4457 1123 4509 ΕΠΙΣΤ.
1167 4450 1301 4506 ΙΙΘ’.

406 4542 652 4619 Ἀρσενίῳ
689 4538 930 4615 μοναχῷ,
971 4540 1304 4618 πρεσϐυτέρῳ
1341 4545 1432 4594 καὶ
1460 4541 1779 4614 ἡσυχαστῇ.

2080 3743 2330 3815 Magnus
2363 3749 2517 3802 certe
2539 3746 2712 3802 dolor
2728 3749 2833 3815 est,
2862 3745 2965 3820 qui
2987 3761 3096 3818 pro
3129 3745 3227 3802 Dei
3250 3743 3511 3801 Ecclesia
3535 3746 3662 3808 est;

2011 3847 2156 3887 nam
2203 3833 2264 3886 in
2311 3833 2520 3889 orbem
2560 3837 2907 3890 universum
2939 3835 3262 3890 effunditur
3303 3835 3528 3890 malum
3563 3849 3576 3888 :
3609 3836 3670 3888 at

2012 3922 2212 3994 majus
2253 3927 2452 3977 tamen
2483 3922 2726 3978 resultat
2775 3922 3086 3991 gaudium.
3130 3921 3252 3978 Sub
3286 3921 3410 3976 sole
3441 3922 3667 3992 quippe

2013 4010 2393 4068 admirationi
2425 4013 2566 4065 sunt
2587 4008 2933 4074 certamina.
2959 4015 3016 4065 et
3032 4010 3280 4065 virtutes
3311 4014 3442 4076 tuae,
3470 4008 3666 4064 omni~

2012 4102 2130 4158 bus
2161 4101 2378 4172 linguis
2397 4104 2736 4162 narrantur,
2761 4112 2870 4155 nec
2899 4099 3061 4155 aliud
3077 4098 3413 4171 quidquam
3441 4113 3668 4169 agones

2013 4192 2118 4248 tui.
2147 4190 2395 4263 Tropaea
2419 4189 2864 4261 tua,multiplex
2894 4188 2996 4244 illa
3034 4187 3282 4244 felicitas
3309 4187 3664 4260 praedicant,

2013 4298 2200 4356 quam
2225 4281 2475 4352 dignum
2494 4285 2547 4336 te
2563 4279 2856 4347 habitum,
2881 4278 2986 4352 qui
3008 4293 3117 4351 pro
3141 4275 3347 4334 Christi
3361 4291 3545 4332 causa
3568 4291 3671 4348 pa-

2015 4371 2205 4430 tiaris.

2565 4442 2786 4498 EPIST.
2830 4441 3093 4498 LXXXIX.

1939 4535 1984 4590 D
2085 4533 2335 4592 Arsenio
2371 4532 2676 4599 monacho,
2708 4536 2759 4587 et
2788 4531 3130 4602 presbytero
3160 4528 3561 4588 anachoreta.

1492 4639 1781 4688 Montacut.
1806 4637 1910 4700 (ep.
1946 4636 2055 4692 182,
2086 4649 2140 4698 p.
2169 4634 2302 4696 271).

373 4745 474 4800 Ἦν
519 4750 704 4822 καιρός
752 4753 845 4799 τοῦ
893 4747 1108 4821 γράφειν
1129 4749 1187 4812 II,
1242 4746 1415 4820 ὥσπερ
1458 4752 1548 4798 νῦν
1594 4752 1687 4798 τοῦ
1731 4749 1908 4816 σιγᾷν,

303 4839 392 4891 ὅτε
442 4843 591 4889 πᾶσα
642 4839 731 4910 μὲν
776 4835 975 4908 γαλήνη
1010 4831 1104 4889 διὰ
1128 4836 1308 4897 πάσης
1353 4834 1573 4907 έκέχυτο
1604 4833 1864 4893 πολιτείας
1893 4851 1909 4868 ·

307 4926 496 5002 ἀρετῆς
575 4922 655 4994 δε,
734 4933 830 4986 τῆς
909 4932 998 4977 νῦν
1066 4924 1376 4998 γελωμένης,
1457 4925 1780 4998 ἐθαυμάζετο
1849 4924 1910 4974 τὸ

303 5022 501 5090 χρῆμα
527 5034 542 5049 ο
591 5018 682 5066 καὶ
733 5012 968 5067 εὐσέϐεια
1008 5016 1098 5086 μεν
1147 5017 1206 5066 τό
1252 5016 1444 5089 κράτος
1482 5009 1660 5085 εἶχεν·
1697 5012 1912 5071 ἆλόθεια

305 5102 368 5158 δε
398 5104 522 5175 (ποῦ
549 5111 639 5155 νῦν
681 5102 873 5179 ἀπῆρες
905 5104 946 5176 ;)
989 5108 1079 5156 καὶ
1108 5103 1327 5176 γλώσσῃ
1375 5107 1464 5154 καὶ
1520 5101 1724 5164 ἁκοιαίς
1756 5101 1911 5176 έπαρ-

298 5194 624 5269 ῥησιάςῖετο,⁴
663 5193 745 5246 ὅτε
795 5195 855 5245 τό
907 5191 1175 5244 πολιτικόν
1225 5191 1275 5244 έν
1333 5191 1603 5264 εὐθυμίαις
1648 5189 1913 5261 έπανηγύ-

298 5284 417 5359 ριζε
472 5286 860 5358 σωφρονούσαις
894 5304 910 5318 ο
960 5283 1100 5334 καὶὸ
1151 5281 1424 5354 φιλόσοφος
1471 5279 1610 5354 βίος,
1664 5284 1789 5355 πρὸς
1818 5283 1912 5338 τὴν

301 5382 409 5426 τῶν
477 5372 638 5446 ἁγίων
699 5369 900 5446 ἀνδρῶν
958 5370 1344 5444 ἀνατεινόμενος
1399 5375 1646 5444 μίμησιν,
1706 5369 1913 5434 ἀξιοζή-

2090 4744 2229 4797 Erat
2265 4744 2502 4812 tempus
2529 4735 2845 4806 scribendi,
2875 4741 2938 4791 ut
2962 4751 3122 4791 nunc
3145 4731 3502 4796 esttacendi,
3533 4747 3672 4787 cum

2018 4845 2139 4903 pax
2170 4835 2225 4886 et
2254 4826 2650 4900 tranquillitas
2677 4840 2784 4898 per
2804 4829 2992 4882 totam
3009 4822 3442 4896 rempublicam
3457 4820 3675 4877 diffun-

2020 4919 2290 4976 deretur:
2330 4917 2536 4983 virtus,
2565 4931 2701 4989 qua:
2732 4928 2894 4970 nunc
2943 4913 3197 4968 ludibrio
3227 4911 3500 4977 habetur,
3533 4925 3674 4965 cum

2020 5014 2174 5066 esset
2209 5005 2630 5066 admirationi:
2665 5009 2722 5060 et
2750 5003 2947 5076 pietas
2991 5003 3114 5058 vim
3149 5017 3320 5058 suam
3359 5000 3672 5058 obtineret.

2019 5099 2247 5155 Veritas
2276 5096 2378 5170 (ob
2403 5096 2416 5152 l
2450 5110 2573 5167 quo
2617 5107 2779 5149 nunc
2807 5091 3118 5164 aufugisti)
3146 5107 3285 5148 cum
3313 5095 3368 5146 et
3398 5089 3587 5146 oculis
3617 5094 3676 5145 et

2017 5187 2240 5258 linguis
2271 5187 2574 5242 liberrima
2620 5182 2944 5239 insideret:
2978 5187 3169 5239 status
3205 5180 3389 5237 civilis
3419 5179 3676 5236 oblecta-

2019 5276 2287 5335 tionibus
2306 5274 2593 5331 modestis
2606 5289 2668 5329 se
2680 5271 2984 5329 reﬁciebat
3007 5287 3020 5327 :
3045 5275 3102 5327 et
3121 5270 3245 5327 vita
3261 5268 3677 5342 philosophica

2020 5367 2097 5425 ad
2138 5365 2531 5424 imitationem
2581 5367 2926 5420 sanctorum
2963 5359 3230 5418 virorum
3279 5358 3673 5420 conformata,

1702 5495 1932 5551 VARIrE
1962 5493 2316 5552 LETIONES.

386 5626 416 5666 ιι
454 5619 718 5698 διήγημα.
