4072 6232
457 291 564 354 899
1685 279 1924 344 PHOTII
1962 283 2444 347 PATRIARCHAS
2481 283 2590 345 ΟΡ.
3713 287 3818 348 ωο

459 419 644 490 digna
677 421 734 474 et
761 417 896 489 ipsa
922 413 1311 488 reputabatur
1327 412 1689 470 imitatione:
1719 410 2106 468 sacerdotalis

2227 413 2380 475 λωτος
2428 411 2710 485 ἐνομίζετο,
2791 414 2852 466 τό
2930 413 3189 486 ἱερατικὸν
3262 418 3352 466 καὶ
3431 411 3837 488 ἁρχιερατικόν,

459 508 609 564 ordo
626 511 682 563 et
697 504 1076 578 episcopalis,
1097 519 1220 560 non
1243 510 1364 560 tam
1388 517 1493 574 per
1508 515 1678 558 sacra
1701 500 2105 570 suainsignia,

459 612 644 668 quam
678 611 783 667 per
815 595 1039 649 virtutis
1070 594 1331 648 actiones
1362 589 1606 644 illustris
1641 593 1816 653 esset,
1841 593 1898 644 et
1918 594 2109 645 secta-

461 691 616 740 tores
636 682 1047 754 agnoscendos
1086 681 1408 735 exhiberet.
1441 682 1511 733 At
1539 693 1699 732 nunc
1720 675 1884 749 quod
1914 675 2108 731 scribo

461 773 655 829 threni
712 775 866 838 sunt,
933 772 993 825 in
1045 770 1265 841 quibus
1315 765 1600 823 Jeremias
1640 782 1749 822 nos
1801 766 2108 838 praevenit.

463 863 611 918 Sunt
651 861 809 916 enim
849 863 1055 916 nostra
1103 857 1162 913 in
1206 855 1505 930 praesenti,
1556 869 1743 927 quam
1781 853 1882 910 illa
1919 859 2108 920 erant,

461 951 934 1022 haudquaquam
965 945 1397 1004 tolerabiliora:
1435 942 1694 1016 suspiria
1725 942 1923 999 scribo
1944 941 1974 997 ‘i
2005 941 2114 998 sed

461 1055 597 1112 quas
627 1039 726 1094 illa
754 1045 810 1093 et
832 1036 1037 1110 qualia
1067 1040 1228 1092 tanto
1251 1033 1544 1090 malorum
1575 1032 1820 1089 torrenti
1839 1035 1977 1088 sunt
1997 1029 2116 1086 su!-

462 1126 735 1186 feotura?
764 1128 1174 1198 lacrymarum
1208 1123 1389 1190 rivos,
1422 1138 1610 1178 unum
1641 1126 1771 1193 post
1797 1119 1961 1178 aliud
1993 1134 2120 1177 ma.

461 1218 590 1274 lum
620 1217 1000 1282 incumbens,
1034 1214 1116 1271 ita
1144 1213 1416 1270 exhausit
1435 1217 1497 1268 ut
1516 1211 1629 1284 ipsi
1653 1210 1850 1266 fontes
1875 1223 2119 1266 exarue-

461 1309 611 1374 rint;
646 1311 852 1364 sancta
878 1304 1292 1377 profanentur,
1323 1317 1496 1359 sacra
1513 1299 1961 1364 conculcantur,
1984 1313 2117 1354 san-

463 1401 592 1453 ctus
618 1397 866 1468 Spiritus
893 1391 1346 1465 (olabiaimpia,
1365 1391 1667 1447 etanimas
1685 1388 1878 1459 magis
1897 1389 2117 1460 impro-

462 1487 618 1557 bas),
653 1494 709 1541 ut
737 1485 884 1556 quid
909 1499 940 1539 e
972 1483 1161 1548 trivio,
1189 1480 1579 1552 blasphemiis
1609 1478 1927 1534 incessitur
1954 1483 2012 1534 et
2029 1476 2116 1532 lu-

464 1577 694 1632 dibriis.
725 1577 979 1636 Deserta,
1011 1577 1265 1638 montes,
1297 1570 1618 1641 speluncis,
1647 1573 1912 1623 extrema
1937 1571 2115 1621 terra-

463 1684 600 1724 rum
632 1665 729 1720 Dei
756 1662 1096 1718 sacerdotes
1119 1666 1175 1714 et
1191 1660 1529 1730 episcopos,
1551 1657 1654 1728 qui
1677 1657 1841 1728 prius
1864 1653 2114 1710 vinculis

2216 503 2321 574 οὐχ
2371 503 2502 554 οὕτω
2533 498 2626 554 διὰ
2664 509 2762 554 τῶν
2805 500 3111 555 τελεστικῶν
3171 502 3461 575 συμϐόλων,
3503 507 3683 576 ὥσπερ
3725 503 3826 556 ἀπὸ

2215 601 2314 644 τῶν
2398 593 2833 665 κατορθωμάτων,
2905 593 2978 652 οἷς
3036 593 3381 665 περιελαμπον
3453 597 3575 654 τοὺς
3634 598 3830 666 μυομέ-

2216 700 2353 746 νους,
2400 679 2757 755 ἕγνωρίζοντο.
2811 688 2916 734 Νῦν
2963 678 3023 734 δε
3051 686 3102 734 τί
3151 686 3333 756 γράφω
3368 699 3382 750 ;
3416 687 3642 760 θρήνους
3677 699 3692 752 ;
3721 682 3829 735 ἀλλ’

2217 770 2242 822 ὁ
2314 772 2749 842 συμπαθεστατος
2816 767 3064 844 Ἱερεμίας
3145 770 3414 845 προλαϐὼν
3489 771 3654 846 ἡμᾶς,
3709 777 3832 832 τούς

2221 861 2438 930 θρήνους
2486 855 2788 911 ἀπέδωκεν·
2845 857 2904 911 ού
2951 861 3053 932 γὰρ
3111 859 3313 914 ἄκείνων
3365 861 3432 914 τὰ
3479 867 3568 914 νῦν
3624 861 3832 914 ἀνεκτό-

2213 967 2361 1040 τερα.
2416 946 2574 1040 ἱΑλλὰ
2606 951 2925 1022 στεναγμούς
2959 964 2972 1014 ;
3003 953 3092 1002 καὶ
3135 954 3262 1012 τίνες
3290 949 3318 1008 ἦ
3349 955 3493 1003 ποῖοι
3531 950 3830 1023 τηλικαυτῃ

2223 1034 2357 1112 φορᾷ
2407 1031 2687 1113 δυσχερῶν
2744 1035 3094 1112 ἕπαρκίσουσι
3122 1053 3136 1106 ;
3168 1045 3269 1091 τῶν
3323 1035 3566 1113 δακρύων
3592 1037 3720 1092 ἄλλο
3752 1037 3834 1093 ἔπ’

2223 1127 2360 1198 ἄλλῳ
2410 1127 2575 1191 πάθος
2647 1127 3061 1200 προκαλούμενον
3105 1131 3163 1181 τό
3221 1129 3446 1204 ῥεῖθρον,
3503 1130 3597 1190 τὰς
3653 1129 3836 1202 πηγὰς

2226 1214 2517 1290 ὼεξόρανε,
2575 1216 2640 1268 τὰ
2669 1213 2797 1286 ἅγια
2844 1214 3180 1296 βεϐηλοῦται,
3212 1219 3278 1270 τὰ
3319 1219 3430 1294 ἱερὰ
3485 1221 3839 1292 συμπεπάτη-

2223 1325 2311 1358 ται
2335 1325 2347 1339 ι
2380 1307 2436 1358 τό
2482 1305 2732 1376 πανάγιον
2793 1311 3002 1377 Πνεῦμα
3041 1305 3104 1377 (ὦ
3139 1305 3354 1378 χειλέων
3410 1304 3710 1372 δυσσεϐῶν,
3744 1312 3836 1360 καὶ

2225 1392 2460 1455 διανοίας
2519 1391 3000 1467 δυσσεϐεστίραςῐ)
3056 1398 3231 1470 ὥσπερ
3262 1416 3312 1448 τι
3351 1403 3450 1448 τῶν
3499 1395 3556 1450 ἐκ
3586 1391 3833 1470 τριόδου,

2225 1482 2581 1557 δυσφημεῖται
2636 1488 2726 1536 καὶ
2781 1480 3108 1559 διασύρεται’
3160 1484 3370 1562 ἐρημία,
3424 1491 3517 1539 καὶ
3565 1491 3687 1560 691:,
3745 1492 3835 1538 καὶ

2224 1575 2478 1640 σπήλαια,
2517 1577 2607 1626 καὶ
2672 1581 2762 1633 τῆς
2816 1569 2917 1644 γῆς
2970 1571 3245 1645 ἐσχατιαί,
3301 1579 3422 1637 τοὺς
3478 1577 3628 1650 ἱερεῖς
3696 1583 3836 1628 Θεοῦ

2221 1668 2311 1715 καὶ
2395 1662 2684 1737 ἀρχιερεῖς,
2763 1663 2924 1723 ὅσους
2999 1665 3073 1733 μὴ
3131 1663 3577 1737 προκατελάϐοντο
3643 1669 3836 1737 πικραὶ

466 1753 894 1816 acerbioribus,
925 1755 980 1805 et
1005 1748 1614 1812 exsiliistenebantur,
1640 1747 1734 1800 vix
1755 1746 2108 1816 salvosprm-

2227 1752 2448 1825 γυλακαὶ
2479 1756 2567 1803 καὶ
2610 1751 2878 1826 ὑπεροριοι
2920 1748 3223 1824 φυγαδείαι,
3253 1752 3403 1824 μόλις
3449 1750 3798 1814 διασώζουσι
3821 1774 3836 1788 ·

465 1849 660 1901 stant:
703 1857 813 1898 nec
851 1837 1097 1895 ulterius
1137 1837 1250 1893 ista
1288 1849 1634 1908 persequor.
1672 1835 1820 1890 Nam
1851 1831 2113 1908 profecto

463 1933 820 2006 impendens
855 1907 1390 1984 comminationum
1435 1929 1628 1979 metus
1666 1923 1830 1979 haud
1861 1907 2116 1993 petietur

454 2023 568 2080 .illa
597 2021 802 2078 omnia
830 2018 1142 2090 deplorare
1171 2015 1388 2086 quibus
1419 2011 1722 2068 consuicti
1753 2010 2119 2082 tenemur(et

469 2120 664 2171 tamen
699 2115 758 2165 ut
774 2108 836 2164 in
866 2107 994 2178 ejus
1013 2104 1173 2160 modi
1190 2103 1370 2159 malis
1389 2101 1668 2158 solatium
1688 2099 2114 2172 quaerebatur),

469 2205 604 2259 HIBO
628 2215 741 2270 ego
760 2197 978 2262 scribo,
999 2211 1132 2268 quae
1154 2199 1217 2250 tu
1239 2193 1393 2250 nosti
1413 2191 1660 2263 optime,
1680 2205 1822 2247 cum
1844 2189 1977 2246 visu
1993 2203 2120 2261 per

467 2295 661 2363 cepta,
698 2294 823 2345 tum
852 2286 1097 2344 auditu:
1124 2284 1232 2339 sed
1258 2297 1372 2352 ego
1401 2281 1614 2337 doctus
1652 2279 1729 2336 ab
1755 2277 2120 2351 experientia

468 2387 527 2439 et
555 2379 779 2437 Christo
816 2374 1200 2448 compatiens,
1234 2371 1350 2428 ista
1387 2368 1892 2427 scribozconsiste
1921 2373 2120 2425 autem

471 2484 576 2542 per
591 2468 778 2524 Deum
797 2463 1100 2537 placatum
1120 2459 1424 2517 redditum
1443 2457 1731 2528 ﬁgmento
1751 2472 1861 2513 suo
1883 2472 1898 2512 :
1921 2455 2121 2513 attolle

457 2562 713 2616 sanctas
746 2561 874 2611 tuas
904 2552 984 2608 ad
1013 2551 1180 2607 illum
1219 2564 1457 2615 manus,
1483 2547 1595 2619 qui
1621 2561 1764 2602 suas
1793 2545 2120 2618 aliquando

470 2649 533 2703 in
548 2649 1038 2714 cruce,tanquam
1050 2637 1490 2711 deprecatorias
1501 2634 1879 2692 extendebat:
1892 2634 2119 2702 clavos,

457 2736 768 2800 lanceam,
788 2731 1164 2802 sanguinem,
1197 2733 1450 2786 mortem
1479 2725 1849 2799 sepulturam
1868 2740 1970 2797 per
1984 2740 2121 2797 quae

474 2825 803 2882 salvamur.
827 2821 1022 2878 Habes
1051 2819 1210 2874 unde
1230 2818 1513 2889 impetres
1531 2831 1568 2872 a
1593 2815 1972 2872 misericorde
1990 2828 2123 2886 per-

474 2915 849 2972 secutionum
881 2910 1371 2975 allevamentum,
1397 2910 1746 2962 vexatorum
1767 2919 1877 2976 pro
1907 2903 2122 2976 pietate

472 3003 896 3066 constantiam,
927 3000 1283 3056 dilaceratos
1321 3010 1553 3067 greges,
1598 3001 1866 3066 pastores
1902 2993 2122 3066 partim

474 3095 578 3153 ubi
598 3101 891 3152 terrarum
913 3086 1611 3158 delitescantincognitos
1634 3101 1648 3141 :
1674 3083 1997 3140 Ecclesiam
2024 3083 2122 3139 Dei

473 3185 535 3242 in
554 3187 756 3257 partes
798 3181 1057 3238 scissam
1096 3184 1153 3235 et
1174 3175 1478 3233 divulsam
1503 3192 1517 3231 :
1546 3173 1757 3230 dividit
1787 3174 1945 3229 enim
1986 3187 2122 3229 eam

477 3275 576 3330 Dei
608 3273 801 3337 timor,
833 3277 888 3326 et
912 3269 1218 3324 humanus
1247 3271 1466 3324 metus.
1503 3263 1779 3320 Divinum
1809 3265 2122 3319 oraculum

474 3359 927 3432 mentirinequit
943 3375 954 3414 :
973 3358 1058 3414 ait
1078 3361 1309 3414 autem:
1344 3353 1605 3424 Spiritus
1625 3351 1857 3422 quidem
1873 3357 2122 3420 paratus

475 3458 580 3518 est,
610 3453 952 3520 inﬁrmatur
981 3454 1179 3504 autem
1195 3445 1413 3502 caro“.
1431 3443 1561 3499 Haec
1586 3457 1710 3513 prae
1727 3441 1962 3509 teferto,
1988 3455 2123 3511 quae

477 3540 690 3596 melius
723 3539 852 3610 ipse
873 3535 1028 3592 nosti
1057 3549 1162 3606 per
1186 3548 1320 3604 quae
1337 3532 1436 3586 illa
1461 3529 1831 3602 impetrabis.
1852 3532 1997 3584 Nam
2023 3543 2126 3599 per

477 3645 612 3702 quae
629 3643 731 3684 cor
747 3642 966 3698 purum
985 3623 1192 3692 (modo
1205 3620 1307 3693 qui
1327 3620 1675 3676 hominibus
1692 3616 1996 3690 possibilia
2015 3619 2125 3688 est)

475 3734 600 3792 quo
630 3717 839 3783 Deum,
873 3710 1430 3784 videntillipropius
1464 3709 1783 3773 intuentes,
1803 3707 1890 3764 ita
1909 3707 2125 3763 rectius

473 3807 812 3876 intelligunt
826 3803 1114 3876 placatior
1136 3800 1232 3857 ille
1243 3797 1527 3856 redditur.
1548 3796 1948 3853 Mediatricem
1966 3811 2126 3852 com-

474 3897 632 3972 pella
663 3891 1100 3968 deprecationis
1131 3891 1302 3947 Verbi
1341 3891 1584 3945 Matrem
1616 3886 1938 3957 Virginem,
1962 3885 2122 3942 illam

473 3990 757 4054 inclama,
782 3988 1010 4042 natura
1024 3982 1103 4038 illi
1114 3983 1503 4054 repraesentes
1523 3976 1990 4032 imbecillitatem
2006 3991 2126 4033 ma-

474 4092 658 4149 gnam
672 4082 728 4134 et
742 4071 1217 4148 inexplicabilem
1234 4086 1247 4124 :
1271 4067 1626 4139 tragoediam
1639 4070 1909 4122 nostram
1923 4064 2126 4122 intelli-

475 4167 590 4238 git;
618 4165 782 4222 novit
809 4166 1080 4235 cognatm
1106 4165 1336 4218 natura
1361 4154 1660 4213 misereri:
1691 4169 1965 4211 assumas
1993 4153 2129 4210 licet

474 4264 788 4328 martyrum
798 4250 1366 4317 choros,libertatem
1379 4246 1599 4320 plenam
1613 4244 1870 4302 adeundi
1883 4243 2123 4314 habent,

476 4362 548 4402 ex
570 4345 782 4400 intuitu
806 4342 1043 4398 illorum
1065 4355 1200 4412 quas
1222 4353 1329 4410 pro
1359 4335 1583 4391 Christo
1611 4336 1886 4401 tulerunt,
1918 4337 2126 4391 subve-

475 4433 602 4491 nire
642 4436 853 4489 volunt
890 4436 942 4488 et
981 4428 1116 4485 aliis
1167 4427 1274 4500 qui
1325 4441 1436 4498 pro
1481 4425 1582 4482 illo
1633 4425 1958 4496 patiuntur.
2013 4423 2126 4482 Sed

476 4521 824 4582 communio
862 4520 1214 4592 passionum
1261 4516 1417 4572 cedit
1445 4529 1551 4588 per
1582 4528 1646 4570 se
1675 4515 1736 4570 in
1767 4513 2126 4571 consolatio-

477 4631 639 4680 nem,
667 4619 724 4668 et
749 4609 1124 4666 estinvitatio
1145 4606 1220 4663 ad
1238 4604 1354 4662 illis
1373 4603 1874 4669 subveniendum,
1900 4603 2002 4675 qui
2023 4618 2127 4674 pa-

475 4705 562 4763 ria
600 4701 944 4778 patiuntur:
985 4697 1192 4754 omnia
1229 4694 1549 4769 expedient
1593 4693 2124 4750 intercessionem:

476 4792 814 4866 deprecatio
840 4787 1221 4862 conjungitur
1239 4800 1380 4843 cum
1402 4800 1510 4858 spe
1536 4783 1719 4850 bona,
1744 4782 2125 4840 solummodo

477 4881 642 4939 deest
685 4885 968 4940 constans
995 4883 1054 4936 et
1092 4875 1438 4936 continuata
1465 4879 1568 4933 tua
1608 4871 1820 4940 oratio,
1853 4876 2032 4948 atque
2061 4871 2125 4929 in

479 4969 854 5043 deprecando
890 4970 1102 5028 fervor.

1115 5057 1332 5116 EPIST.
1374 5056 1483 5113 XC.

620 5151 956 5224 Nicephoro
976 5148 1326 5224 philosopho
1351 5143 1712 5205 monachum
1751 5141 1976 5217 agenti.

2223 1845 2314 1894 καὶ
2341 1844 2484 1893 οὔπω
2513 1839 2647 1911 λίνω
2671 1842 2738 1892 τὰ
2765 1839 2896 1892 ἄλλα
2921 1859 2934 1872 ο
2981 1837 3110 1894 ούδε
3133 1843 3260 1916 γὰρ,
3301 1837 3417 1894 οὐδ’
3465 1839 3841 1914 ἀποδύρεσθαι

2223 1933 2292 1983 τὰ
2335 1932 2626 2001 συνέχοντα
2666 1930 2836 1981 πάντα
2882 1929 2932 2000 (ὃ
2976 1933 3130 2001 μόνον
3161 1926 3244 1995 ἦν,
3294 1931 3368 1993 ὸς
3415 1930 3468 1985 ἂν
3505 1931 3840 1993 τηλικούτοις

2225 2027 2427 2083 κακοῖς,
2485 2028 2588 2071 τῶν
2649 2026 2929 2094 συμφορῶν
2980 2021 3334 2094 παραμύθιον)
3395 2021 3424 2073 ὁ
3477 2019 3846 2095 ἔπορε-,μενος

2226 2115 2327 2162 τῶν
2379 2106 2598 2160 ἀπειλῶν
2646 2106 2801 2180 φόϐος
2853 2103 3106 2161 ἕνδίδωσι
3147 2126 3161 2141 ⁸
3208 2115 3376 2162 ταῦτα
3424 2111 3612 2182 γράφω
3657 2125 3674 2140 ⁸
3727 2109 3848 2164 m’

2228 2200 2371 2270 ἔχεις
2397 2201 2493 2255 τὴν
2517 2199 2709 2249 τούτων
2754 2204 2968 2268 γνῶσιν.
3011 2199 3187 2272 ὥσπερ
3231 2198 3348 2269 ὅψεὶ
3376 2203 3467 2251 καὶ
3511 2197 3666 2272 ἀκοῇ,
3699 2199 3846 2252 οὕτω

2229 2283 2290 2339 δι
2334 2287 2671 2359 συμπάσχων
2701 2291 2938 2360 Χριστῷ,
2985 2291 3074 2340 καὶ
3132 2285 3261 2356 αὐτῇ
3309 2296 3373 2361 τῇ
3431 2292 3608 2360 πείρᾳ,
3641 2289 3754 2360 ἔχω
3787 2292 3841 2340 τί

2225 2374 2416 2449 γράψω
2459 2388 2474 2402 ⁶
2532 2375 2692 2432 στῆθι
2736 2378 2861 2448 πρὸς
2891 2378 3040 2444 Θεὸν,
3089 2375 3423 2449 ἂξευμενίζων
3463 2380 3554 2430 τόν
3587 2376 3840 2437 num:

2227 2473 2300 2536 τῷ
2325 2463 2598 2536 πλάσματι
2628 2484 2642 2499 ο
2675 2466 2893 2518 ἔκτεινον
2940 2467 3120 2529 ὁσίους
3160 2483 3256 2518 σου
3296 2473 3498 2538 χεῖρας,
3541 2468 3638 2529 τὰς
3681 2465 3840 2518 ἕκτα-

2232 2556 2410 2617 θείσας
2452 2553 2612 2607 αὐτοῦ
2659 2553 2904 2626 παλάμας
2951 2556 3000 2608 ίν
3050 2564 3124 2627 τῷ
3167 2564 3395 2629 σταυρῷ,
3447 2559 3518 2617 ὡς
3565 2557 3840 2629 ἱκετηρίαν

2228 2648 2504 2716 προτείνων
2532 2660 2546 2674 ⁸
2601 2647 2720 2704 τοὺς
2775 2644 2950 2710 ἥλους,
3001 2647 3092 2703 τὴν
3146 2643 3374 2717 λόγχην,
3433 2649 3492 2698 τὸ
3547 2647 3702 2718 αἷμα,
3746 2647 3839 2698 τὸν

2233 2735 2471 2802 θάνατον,
2521 2736 2609 2786 τὸν
2636 2736 2815 2807 τάφον,
2851 2730 2923 2786 δι’
2967 2734 3035 2785 ὧν
3076 2735 3388 2806 σεσώσμεθα
3431 2747 3446 2764 ⁶
3475 2735 3621 2806 ἔχεις
3659 2731 3734 2787 δι’
3767 2731 3842 2785 ὧν

2233 2820 2573 2884 δυσωπήσεις
2631 2826 2720 2876 τὸν
2773 2822 3026 2888 εύίλατον,
3076 2827 3172 2882 τὴν
3221 2820 3496 2897 βαρύτητα
3556 2831 3662 2876 τῶν
3713 2819 3846 2876 διω-

2228 2921 2374 2984 γμῶν
2411 2930 2423 2944 ·
2451 2920 2550 2965 τῶν
2582 2909 2910 2985 διωκομένων
2950 2916 3011 2964 τό
3055 2913 3182 2986 ὑπὲρ
3205 2911 3485 2976 ἐὐσεϐείας
3520 2910 3800 2966 ἁνίνδοτον
3828 2934 3842 2947 ·

2227 3006 2294 3056 τὰ
2371 3007 2588 3074 ποίμνια
2644 3006 3059 3074 σπαρασσόμενα
3110 3017 3124 3036 ·
3183 3007 3297 3062 τοὺς
3367 3007 3618 3075 ποιμένας
3695 3003 3845 3055 εστ-ιν

2151 3123 2192 3181 C
2231 3093 2334 3157 οῦς,
2365 3088 2479 3144 οὐδ’
2511 3094 2630 3144 ὅποι
2661 3099 2762 3163 γῆς
2789 3091 2892 3144 εἰσι
2933 3095 3349 3164 γινωσκομένους
3383 3095 3479 3150 τὴν
3522 3091 3846 3150 Ἐκκλησίαν

2232 3189 2365 3235 Θεοῦ
2413 3185 2879 3253 κατατιμνομένην,
2920 3179 3081 3252 οἶμοι,
3147 3186 3237 3233 καὶ
3287 3182 3628 3256 μεριζομένην
3685 3201 3699 3215 ο
3751 3201 3849 3253 με-

2230 3271 2433 3345 ρίζεται
2474 3274 2573 3343 γὰρ
2623 3271 2785 3329 αὐτὴν
2829 3269 2986 3342 φόϐος
3035 3277 3189 3338 Θεοῦ,
3230 3275 3321 3322 καὶ
3377 3270 3531 3343 φόϐος
3580 3270 3846 3344 ἀνθρωπιο

2232 3379 2319 3420 νος
2349 3378 2362 3392 ⁸
2398 3357 2521 3412 ούδε
2548 3362 2672 3432 γὰρ,
2703 3356 2817 3412 οὐδ’
2850 3359 2965 3413 ἔστι
3002 3361 3088 3411 τὸν
3122 3359 3254 3412 θεῖον
3283 3356 3671 3430 διαψεύδεσθαι
3701 3379 3846 3434 χρη-

2233 3454 2386 3521 σμόν.
2413 3452 2483 3501 Τὸ
2529 3452 2619 3520 μέν
2661 3455 2866 3520 πνεῦμα
2905 3449 3195 3522 πρόθυμον,
3232 3449 3264 3508 ἡ
3318 3444 3379 3501 δι
3413 3449 3561 3522 ,σὰρξ
3589 3451 3841 3510 ασθενός.

2231 3545 2410 3591 Ταῦτα
2463 3536 2746 3610 προϐαλοῦ,
2781 3537 2971 3609 μᾶλλον
3014 3533 3075 3590 δι
3119 3537 3290 3604 αὐτὸς,
3348 3534 3421 3590 δι’
3461 3538 3528 3589 ὧν
3580 3534 3843 3596 δυσωπῶ

2235 3645 2363 3694 σεις,
2404 3624 2551 3688 οἶδας
2574 3646 2588 3661 -
2617 3627 2694 3688 οἷς
2715 3629 2816 3702 γὰρ
2845 3629 2874 3685 ἡ
2920 3623 3119 3698 καρδία
3165 3628 3390 3702 καθαρὰ,
3435 3627 3526 3680 οἵτε
3575 3624 3644 3686 δή
3679 3631 3838 3696 Θεὸν,

2228 3720 2303 3779 ὡς
2361 3719 2502 3770 ἔστιν
2549 3714 2802 3790 ἀνθρώπῳ
2863 3712 3084 3770 δυνατόν
3145 3712 3298 3782 ἰδεῖν,
3352 3714 3598 3789 ἔνορῶσιν
3622 3735 3637 3750 ο
3687 3716 3839 3769 οὗτοι

2232 3804 2422 3877 μᾶλλον
2451 3813 2552 3858 τῶν
2597 3805 2762 3859 ἄλλων
2815 3809 3087 3872 συνίσασι,
3134 3809 3227 3858 καὶ
3269 3806 3346 3867 οἶς
3395 3803 3788 3877 ἐκμειλίσσεται
3821 3824 3836 3840 ·

2233 3899 2448 3954 κίνησον
2479 3899 2692 3966 μεσίτην
2745 3902 2836 3956 τῆς
2878 3893 3178 3968 πρεσϐείας,
3209 3898 3302 3953 τὴν
3349 3902 3442 3947 τοῦ
3493 3899 3672 3967 Λόγου
3719 3897 3841 3955 Ιη-

2233 3989 2357 4058 τίρα
2405 3989 2492 4038 καὶ
2528 3985 2784 4057 Παρθένον
2811 4005 2825 4018 ·
2867 3981 3066 4055 βόασον
3106 3988 3233 4057 πρὸς
3279 3983 3439 4043 αὐτὴν
3485 3991 3584 4045 τῆς
3640 3987 3841 4058 γύσοως

2234 4078 2328 4133 τὴν
2375 4071 2642 4127 ἀσθένειαν
2708 4076 2804 4132 τὴν
2872 4075 3076 4145 μακρὰν
3123 4074 3268 4144 ἡμῶν
3341 4075 3432 4125 καὶ
3495 4073 3838 4147 ἀνιστόρητον

2234 4169 2393 4217 πᾶσιν
2443 4158 2745 4235 τραγῳδίαν
2768 4183 2782 4197 ·
2844 4157 2985 4216 οἶδεν
3041 4163 3391 4234 ωμπαθῆσαι
3441 4171 3515 4233 τῷ
3564 4164 3781 4236 ὁμοφυεῖ
3819 4182 3834 4197 ·

2236 4261 2332 4304 τῶν
2406 4253 2683 4324 μαρτύρων
2761 4254 2849 4302 τόν
2929 4254 3093 4323 χορόν
3165 4251 3563 4326 συμπαρέλαϐε.
3619 4255 3836 4324 ἔχουσιν

2234 4339 2552 4415 παρρησίαν,
2611 4341 2686 4402 οἷς
2739 4341 2926 4392 ἔπαθόν
2970 4341 3096 4412 ύπερ
3151 4347 3386 4413 Χριστοῦ
3431 4339 3696 4414 ἐπαμῦναι
3735 4349 3839 4401 τοῖς

2236 4427 2311 4482 δι’
2354 4433 2509 4482 αὐτόν
2556 4431 2836 4501 πάσχουσι
2869 4449 2884 4465 ο
2914 4433 3005 4482 καὶ
3033 4437 3134 4483 τῶν
3177 4431 3355 4482 παθῶν
3385 4431 3416 4489 ἡ
3464 4435 3712 4483 κοινωνία
3739 4450 3839 4482 πα-

2233 4518 2490 4594 ράκλησίς
2518 4521 2660 4571 εστιν
2684 4517 2847 4576 αὐτὴν
2891 4515 3009 4572 καθ’
3035 4519 3220 4586 αὐτὴν,
3261 4521 3394 4592 πρὸς
3437 4523 3535 4578 τὴν
3585 4528 3689 4572 τῶν
3743 4539 3842 4571 παι

2238 4611 2474 4679 σχόντων
2523 4606 2821 4680 ἐπικουρίαν
2853 4626 2866 4640 ·
2915 4608 3245 4678 πανταχόθεν
3272 4605 3440 4682 ῥᾴδια
3490 4609 3554 4659 τὰ
3596 4615 3694 4670 τῆς
3720 4627 3841 4683 πρε-

2239 4695 2410 4759 σϐείας
2443 4716 2455 4730 ·
2509 4697 2710 4758 εὔελπις
2747 4697 2777 4756 ἠ
2822 4697 2996 4750 ἱκεσία
3016 4717 3029 4729 ο
3058 4695 3162 4758 ἐνὸς
3203 4702 3361 4770 μόνου
3393 4693 3585 4766 δεῖται,
3615 4706 3712 4760 τῆς
3742 4706 3841 4760 σῆς

2226 4784 2465 4856 ρκτενοῦς
2494 4793 2828 4863 προσευχῆς,
2858 4789 2950 4840 καὶ
2979 4783 3222 4861 ἕπιμόνου
3249 4781 3498 4850 δεήσεως.

2870 5061 3083 5114 ΕΠΙΣΤ.
3126 5055 3200 5125 ς’.

2554 5149 2834 5224 Νικηφόρῳ
2899 5146 3163 5222 φιλοσόφῳ
3217 5148 3518 5221 μονάζοντι.

1647 5243 1949 5298 Montacut.
1986 5244 2090 5308 (ep.
2119 5244 2229 5303 204.
2259 5259 2316 5310 p.
2343 5244 2473 5309 301).

551 5338 767 5402 Omnia
795 5353 859 5396 se
875 5335 1181 5395 habebant
1200 5337 1444 5409 optime,
1459 5349 1569 5393 nec
1587 5333 1858 5408 syntaxis
1876 5333 2126 5392 omnino

477 5428 706 5506 aliquid
725 5429 784 5485 in
813 5423 1367 5499 grammaticalibus
1392 5423 1686 5482 accuratis
1706 5421 2122 5482 claudicabat:

550 5578 600 5621 ιο
627 5573 828 5634 Matth.
859 5584 1010 5637 xxvi,
1041 5568 1136 5626 41.

2227 5393 2230 5396 ,
2303 5331 2544 5390 ’Δπαντα
2580 5335 2672 5409 μὶν
2701 5331 2874 5399 καλὼς
2917 5328 3052 5407 εἶχε,
3097 5337 3188 5389 καὶ
3236 5329 3387 5388 ούδίν
3441 5340 3560 5398 ταῖς
3609 5333 3847 5398 συντάξε-

2237 5441 2342 5496 σιν,
2381 5423 2412 5486 ἧ
2445 5430 2561 5486 ταῖς
2610 5423 2788 5485 ἄλλαις
2827 5430 3218 5499 γραμματικαῖς
3273 5422 3567 5500 ἀκριϐείαις
3619 5425 3647 5478 ὁ
3689 5424 3840 5496 λόγος
