4072 6232
217 287 336 356 ’θοι
481 269 485 282 ’
1449 331 1452 336 .
1486 289 1825 349 EPISTOLA

2028 289 2244 349 LIBER
2281 287 2347 350 II.
3489 293 3595 356 909

229 419 488 493 ἐχώλευεν
521 439 534 452 ο
564 419 599 472 ἅ
623 415 682 472 δὲ
710 426 811 471 τῶν
851 409 1139 494 ῥητορικῶν
1195 415 1354 472 ἐνέδει
1400 422 1587 491 νόμων,
1621 423 1710 471 καὶ
1745 427 1837 481 τῆς

1993 419 2146 474 ullus
2164 419 2363 491 legum
2385 417 2830 479 rhetoricalium
2854 417 3119 478 defectus
3142 428 3286 489 erat,
3315 424 3406 480 vel
3422 425 3599 483 soler-

231 509 422 562 ἔκεῖθεν
489 511 769 581 περινοίας,
818 505 934 560 οὐδ’
999 507 1048 560 ἓν
1111 510 1316 571 τούτοις
1368 507 1437 568 εἰς
1489 506 1839 578 ἀναίσχυντον

1993 525 2042 564 te
2072 508 2365 580 quiddam
2393 508 2576 564 solitas
2606 508 2877 565 adhiberi
2907 525 2921 565 :
2961 511 3065 565 sed
3097 528 3205 567 nec
3231 513 3312 568 ita
3332 513 3429 570 hic
3457 531 3595 586 pec-

230 599 582 673 ἐκφερομένων
635 606 734 648 τῶν
785 602 1152 670 γεγραμμένων
1191 597 1480 672 ἁμάρτημα
1513 618 1525 631 ο
1559 603 1646 649 καὶ
1675 604 1838 650 ταῦτα

1989 597 2200 655 abatur
2253 603 2314 654 ut
2363 599 2586 670 scripta
2633 614 2696 654 se
2743 599 3150 671 impudentius
3205 602 3597 667 venditarent.

234 685 299 741 δέ
351 707 455 754 σοι,
511 687 684 760 ὥσπερ
739 687 966 759 ᾔτησας,
1025 683 1356 760 διορθώσεως
1406 689 1640 760 τυχόντα
1669 704 1841 761 προσ-

1997 703 2082 743 zec
2107 691 2284 759 prout
2307 687 2610 758 rogaveris
2647 693 2708 742 ut
2733 687 3184 759 corrigerentur,
3217 692 3296 747 ad
3327 695 3383 747 te
3414 694 3602 751 missa

233 775 692 850 αναπεπλήρωται.
728 778 848 836 Είης
899 772 957 828 δὲ
1003 773 1097 827 κὰν
1141 778 1364 841 τούτοις,
1406 777 1579 849 ὥσπερ
1609 774 1702 827 κάν
1734 781 1841 836 τοῖς

1994 774 2188 832 erfeci.
2208 778 2291 832 Tu
2313 782 2511 833 autem
2533 776 2592 832 in
2611 776 2757 844 istis,
2782 779 3300 850 quemadmodum
3323 781 3458 838 etin
3473 783 3602 840 aliis

230 865 432 930 ἄλλοις,
463 865 616 926 αὐτὸς
659 861 755 918 διὰ
799 872 1018 918 σεαυτοῦ
1063 864 1300 939 λαμπρὸν
1329 868 1490 940 φέρων
1539 865 1597 916 τὸ
1628 859 1838 916 εὐδόκι-

1452 886 1490 918 ιν
1539 865 1597 916 τὸ
1628 859 1840 916 εύδόκι-
1949 863 2194 921 illustris
2221 864 2329 920 tias
2353 869 2411 921 et
2430 864 2875 940 praedicandus.
2902 866 3060 924 Vale.

232 974 357 1028 μον.
391 952 654 1032 Ἐῥρωσο.

858 1048 1072 1099 ΕΠΙΣΤ.
1097 1042 1216 1109 ςΑ’.

2582 1047 2792 1103 EPIST.
2837 1049 2964 1104 XCI.

585 1134 869 1206 Νικηφόρῳ
899 1131 1162 1206 φιλοσόφῳ
1195 1131 1493 1206 μονάζοντι.

2232 1132 2564 1206 Nicephoro
2587 1135 2944 1208 philosOpho
2968 1140 3281 1198 monacho.

1516 1238 1809 1289 Montacut.
1833 1237 1936 1301 (ep.
1967 1238 2077 1296 217,
2113 1253 2166 1304 p.
2197 1241 2328 1304 323).

311 1342 410 1393 Τόν
437 1340 528 1412 μιν
584 1344 675 1391 τοῦ
727 1343 967 1410 σώματος
1009 1340 1194 1412 ἔρωτα,
1246 1336 1589 1410 ἕπτερωμίνον
1640 1338 1690 1390 οἱ
1744 1354 1843 1389 σω-

2023 1342 2304 1395 Amorem
2325 1341 2699 1411 corporalem
2727 1343 3066 1414 corporales
3091 1344 3206 1416 ipsi
3227 1345 3454 1403 alatum
3477 1347 3605 1421 pin-

233 1432 456 1502 ματικοὶ
500 1429 766 1503 γράφουσι
797 1449 810 1460 ο
839 1429 1106 1500 γράφουσι
1155 1423 1214 1479 δι
1267 1433 1356 1480 και
1407 1430 1494 1479 τὸν
1539 1428 1691 1491 θεῖον,
1728 1427 1841 1478 ὅσοι

1999 1433 2130 1484 unt:
2151 1427 2404 1498 pingunt
2423 1429 2560 1484 item
2579 1428 2874 1497 divinum,
2901 1439 3194 1506 quotquot
3215 1435 3604 1507 pulchritudi-

235 1524 300 1572 τό
343 1522 514 1592 νοερὸν
565 1517 724 1571 αὐτοῦ
773 1517 959 1581 κάλλος
1004 1517 1213 1589 ψυχαῖς
1261 1519 1516 1592 καθαραῖς
1567 1516 1843 1589 ίνεμορφω-

1997 1532 2092 1572 em
2141 1516 2272 1586 ejus
2311 1515 2740 1587 intelligibilem
2793 1521 3009 1577 animis
3061 1523 3225 1594 puris
3275 1524 3604 1596 eiﬁgiatam

239 1626 399 1661 σαντο
429 1628 441 1640 ·
477 1605 583 1660 ἀλλ’
633 1607 683 1659 οἰ
727 1609 818 1678 μὲν
851 1604 1048 1679 βαφαῖς
1072 1610 1161 1659 καὶ
1190 1607 1485 1680 χρωμάτων
1512 1607 1719 1659 ἄνθεσιν
1752 1627 1764 1639 ο
1797 1607 1846 1658 οὶ

1997 1607 2216 1660 estant:
2241 1603 2322 1660 illi
2341 1605 2610 1663 colorum
2631 1607 2896 1664 tincturis
2909 1613 2966 1665 et
2981 1610 3154 1667 ﬂore:
3181 1611 3273 1668 isti
3287 1612 3603 1670 virtutibus

239 1693 294 1749 δ’
349 1692 414 1748 αὖ
465 1693 670 1770 ἀρεταῖς
721 1699 810 1748 καὶ
866 1694 1242 1768 λαμπροτέροις
1287 1702 1394 1758 τοῖς
1450 1698 1844 1769 κατορθώμασι.

2000 1699 2012 1748 t
2044 1692 2371 1750 illustribus
2401 1695 2587 1752 factis.
2614 1697 2926 1754 Testautur
2953 1699 3206 1770 utrique,
3237 1716 3309 1757 eo
3333 1703 3500 1773 quod
3525 1703 3608 1759 sic

237 1785 508 1859 Ἑκάτεροι
557 1781 607 1836 δ’
639 1780 726 1837 οὖν
765 1784 903 1856 ὅμως
933 1791 1285 1858 μαρτυροῦσι,
1319 1780 1392 1837 δι’
1424 1785 1490 1836 ὧν
1528 1787 1845 1859 γράφουσιν,

2001 1783 2231 1851 ingunt,
2262 1783 2429 1854 quod
2470 1784 2762 1842 celeritate
2793 1788 2944 1844 mira
2975 1789 3259 1859 praeditus
3302 1795 3394 1846 est
3432 1808 3604 1850 amor

242 1875 529 1948 ὡςᾶφατον
577 1875 693 1945 ἔχει
743 1874 931 1946 τάχος,
971 1877 1062 1926 καὶ
1113 1876 1436 1947 προθεσμίας
1491 1874 1726 1946 ὑπάρχει
1763 1875 1850 1925 τύ-

2003 1873 2247 1943 ropositi
2265 1878 2575 1944 tyrannus,
2594 1875 2794 1946 legum
2808 1882 3185 1949 contemptor
3197 1879 3417 1952 quibus
3437 1887 3611 1940 retar-

240 1982 441 2037 ραννος,
503 1968 592 2016 καὶ
649 1963 948 2038 ὑπερόπτης
1003 1967 1192 2034 νόμων,
1233 1964 1312 2024 οἷς
1363 1961 1588 2021 ἀναϐολή
1628 1959 1848 2016 διιθύνε-

2003 1968 2153 2018 atur.
2175 1964 2520 2031 Cognosces
2536 1964 2732 2034 igitur,
2753 1967 2868 2022 Deo
2891 1971 3121 2024 sacrate
3134 1969 3239 2034 vir,
3265 1984 3377 2025 nos
3401 1970 3479 2028 ab
3495 1971 3611 2028 hoc

242 2071 354 2104 ται.
385 2053 527 2106 Ἴσθι
583 2059 881 2127 τοιγαροῦν,
943 2047 983 2103 ὦ
1031 2058 1123 2104 τοῦ
1176 2055 1302 2104 Θεοῦ
1343 2053 1442 2126 ίερὲ
1493 2053 1749 2126 οἱνθρωπε,
1783 2053 1850 2113 ὡς

2000 2065 2218 2116 vranno
2232 2051 2609 2107 vehementer
2619 2055 3419 2127 oppressos,quivoluntatem
3432 2059 3608 2130 cogit,

241 2144 332 2193 καὶ
382 2141 523 2214 ἡμᾶς
575 2140 606 2200 ἡ
665 2144 904 2214 τυραννὶς
951 2139 1085 2200 αῦτη
1135 2143 1272 2194 κατὰ
1310 2143 1500 2213 κράτος
1549 2140 1700 2210 εἷλκε,
1763 2143 1849 2192 καὶ

2001 2143 2172 2196 tante
2194 2144 2430 2212 tempus
2452 2146 2616 2198 tuam
2633 2140 2960 2212 efﬂagitare
2983 2145 3365 2216 presentiam
3385 2147 3609 2206 incitat.

242 2235 335 2289 τὴν
387 2231 710 2303 προθεσμίαν
769 2229 1039 2296 ίϐιάσατο,
1091 2234 1181 2283 καί
1220 2234 1319 2302 πρὸ
1372 2237 1464 2283 τοῦ
1511 2234 1706 2304 χρόνου
1759 2234 1852 2288 τὴν
1961 2228 2118 2286 Vale.

247 2323 344 2378 σὴν
392 2323 690 2395 παρουσίαν
757 2318 1023 2381 ἐπιζητεῖν
1106 2320 1520 2391 κατηνάγκασεν.
1596 2317 1850 2393 Ἐρρωσο.

863 2414 1075 2462 ΕΠΙΣΤ.
1104 2409 1220 2473 ς·Β’.

2587 2409 2796 2466 EPIST.
2841 2412 2989 2468 XCII.

520 2495 816 2570 Ἀθανασίῳ
841 2497 1121 2570 μονάζοντι
1149 2502 1238 2551 καὶ
1259 2499 1573 2570 ἠσκχαστῇ.

2193 2498 2528 2556 Athanasio
2554 2499 2843 2558 monacho
2869 2504 2922 2558 et
2951 2501 3338 2562 anachoreta.

1520 2605 1809 2658 Montacut.
1839 2608 1945 2672 (ep.
1972 2609 2082 2664 ειε,
2110 2621 2161 2670 ρ.
2191 2606 2320 2668 313).

317 2698 557 2771 Ἐπειδὴ,
587 2705 721 2758 κατὰ
750 2705 977 2776 μίμησιν
1005 2709 1264 2776 Χριστοῦ,
1305 2710 1396 2756 τοῦ
1429 2701 1674 2761 ἀληθινοῦ
1720 2713 1854 2759 Θεοῦ

2037 2703 2564 2778 Quandoquidem,
2605 2704 2682 2761 ad
2722 2705 3067 2778 exemplum
3107 2708 3315 2765 Christi
3358 2708 3476 2766 veri
3517 2711 3615 2767 Dei

241 2794 414 2863 ἡμῶν,
476 2795 671 2846 σαυτὸν
701 2791 1039 2866 ἐσταύρωσας
1089 2800 1162 2863 τῷ
1189 2795 1374 2865 κόσμῳ
1431 2797 1615 2864 καὶτῷ
1663 2813 1849 2867 κοσμο-

1987 2793 2172 2862 iostri,
2203 2793 2425 2850 mundo
2457 2798 2512 2849 te
2541 2793 2899 2863 cruciﬁxisti
2941 2799 2996 2852 et
3030 2796 3242 2854 rectori
3281 2798 3595 2856 mundano

241 2883 482 2956 κράτορι,
531 2883 777 2955 πέπομφοί
817 2900 904 2936 σοι
959 2884 1046 2934 τὸν
1102 2885 1326 2957 σταυρὸν
1373 2882 1724 2955 φυλακτήριον
1764 2892 1849 2944 τῆς

1766 2892 1858 2944 τῆς
1965 2883 2098 2940 misi
2129 2882 2207 2940 ad
2237 2888 2291 2939 te
2321 2897 2559 2939 crucem
2589 2883 2925 2941 custodiam
2952 2885 3374 2943 cruciﬁxionis.

247 2975 617 3045 σταυρώσιως.
1195 2981 1204 2990 ’

856 3065 1075 3116 ΕΠΙΣΤ.
1111 3059 1225 3125 ς-ῐν.
1707 3099 1710 3102 .

1707 3099 1710 3102 ~
2590 3061 2799 3118 EPIST.
2835 3063 3010 3118 XCIII.

537 3147 790 3222 Ἀρσενίῳ
814 3151 1093 3222 μονάζοντι
1117 3153 1208 3202 καὶ
1250 3149 1568 3223 ἠσυχαστῇ.
1887 3152 1928 3207 C

1887 3152 1928 3207 C
2284 3151 2539 3207 Arsenio
2567 3151 2858 3208 monacho
2887 3151 3291 3211 anachoreta.

1541 3255 1833 3307 Montacut.
1866 3263 1969 3321 (ep.
2002 3259 2112 3315 231,
2144 3271 2196 3321 p.
2230 3259 2358 3321 345).

320 3357 388 3406 Τί
423 3353 605 3428 γράφω
633 3370 646 3419 ;
677 3356 884 3425 οἴχεται
914 3357 1004 3426 μὶν
1044 3352 1203 3425 εὐχὴ,
1249 3356 1456 3425 οἴχεται
1497 3349 1548 3406 δ’
1575 3353 1855 3428 ἀνθρώπων

2039 3356 2336 3422 Quorsum
2367 3353 2607 3412 scribo?
2635 3355 2784 3412 abiit
2811 3355 3175 3429 deprecatio,
3206 3357 3392 3415 virtus
3423 3358 3617 3415 homi-

249 3441 405 3518 ἀρετή
468 3460 482 3474 ο
542 3441 845 3496 ἐκκέκοπται
896 3441 957 3496 δι
1003 3442 1276 3519 παρρησία
1341 3447 1472 3519 πρὸς
1548 3447 1697 3514 Θεὸν,
1769 3449 1857 3498 καὶ

2012 3462 2114 3502 um
2156 3444 2323 3513 abiit,
2355 3444 2598 3502 libertas
2629 3446 2793 3517 apud
2823 3448 3008 3502 Deum
3035 3445 3320 3516 aufertur,
3352 3447 3619 3504 virorum

248 3528 457 3605 ἀνδρῶν
513 3534 706 3606 ἔρημος
757 3534 782 3584 ὁ
839 3531 951 3606 βίος
1003 3531 1247 3584 ἑλκόντων
1291 3540 1401 3594 τοῖς
1457 3531 1540 3584 ἐπὶ
1609 3541 1710 3604 γῆς
1765 3539 1856 3594 τὴν

2011 3535 2088 3590 ita
2109 3550 2299 3591 vacua
2319 3540 2426 3600 est,
2458 3533 2562 3607 qui
2583 3533 2658 3590 de
2680 3533 2829 3591 caelo
2859 3536 2918 3591 in
2940 3539 3157 3592 terram
3179 3535 3619 3608 providentiam

249 3631 445 3682 ἄνωθεν
487 3635 730 3702 πρόνοιαν
759 3647 771 3659 ⁶
804 3631 834 3688 ἡ
894 3626 1017 3688 δίκη
1072 3630 1209 3702 (πῶς
1269 3632 1396 3681 εῖπω
1432 3645 1445 3694 ;
1496 3629 1554 3681 ού
1584 3634 1686 3703 γὰρ
1718 3630 1857 3684 ἐϐου-

2012 3628 2305 3680 evocant:
2336 3623 2568 3694 justitia
2596 3622 2994 3696 (quid'dicam
3018 3623 3046 3680 ?
3084 3630 3240 3681 certe
3275 3624 3497 3682 nollem
3536 3624 3620 3680 di-

249 3717 418 3789 λόμην
462 3718 638 3790 εἰπεῖν)
693 3721 773 3771 ὅτι
831 3715 1076 3771 καθεύδει
1107 3723 1243 3790 μέγα
1290 3723 1519 3790 φυσᾶται
1585 3723 1642 3771 τὸ
1694 3722 1857 3792 παράτ

2009 3714 2124 3782 ere)
2169 3711 2460 3784 quiescit:
2501 3712 2782 3784 iniquitas
2821 3712 3094 3782 ingentes
3134 3713 3376 3786 spiritus
3415 3713 3617 3780 sumit,

247 3825 409 3879 νόμον
451 3823 466 3838 ο
516 3812 606 3859 καὶ
661 3810 862 3880 θεσμῶν
919 3808 1036 3860 οὔτε
1104 3809 1270 3872 θείων,
1347 3809 1466 3858 οὔτε
1531 3806 1855 3880 ἀνθρωπίνων

2017 3800 2134 3856 ulla
2163 3801 2520 3856 verecundia
2549 3807 2640 3856 est
2668 3801 2870 3871 legum
2899 3801 3241 3859 divinarum
3281 3810 3384 3859 aut
3411 3803 3625 3860 huma-

253 3893 425 3958 αἰδὼς
483 3892 707 3969 οὐδεμία
738 3914 751 3926 °
804 3898 853 3948 οἱ
893 3892 952 3949 δὲ
1008 3903 1104 3956 τῆς
1148 3895 1374 3958 παλαιᾶς
1429 3897 1623 3957 ἐκείνης
1681 3893 1861 3970 ἀρετῆς

2015 3904 2230 3944 arum:
2275 3889 2551 3944 homines
2595 3889 2792 3959 prisca
2837 3890 2936 3946 illa
2975 3891 3187 3946 virtute
3226 3891 3480 3963 praediti,
3517 3891 3623 3963 qui

253 3987 544 4059 ἄνθρωποι,
598 3989 754 4048 ὅσους
804 3991 876 4058 μὴ
930 3985 1373 4061 προκατελάϐοντο
1429 3983 1603 4058 δεσμὰ
1643 3991 1732 4038 καὶ
1773 4007 1861 4059 φυ-

2015 3977 2219 4033 inculis
2239 3983 2291 4033 et
2304 3977 2588 4034 custodiis
2605 3992 2728 4032 non
2743 3979 3317 4050 antevertuntur,qui
3335 3980 3396 4034 in
3413 3979 3623 4035 exsilio

253 4079 412 4128 λακαὶ
461 4080 547 4127 καὶ
600 4077 866 4152 ὑπερόριοι
919 4073 1228 4140 καταδίκαι,
1283 4083 1391 4135 τοῖς
1421 4079 1564 4147 ὄρεσι
1611 4080 1701 4128 καὶ
1748 4083 1861 4138 ταῖς

2015 4083 2094 4123 on
2124 4071 2330 4137 agunt,
2369 4065 2674 4121 montibus
2713 4072 2769 4120 et
2799 4065 3101 4137 speluncis
3134 4084 3198 4122 se
3228 4067 3622 4133 includentes,

249 4168 468 4238 πέτραις
565 4162 1052 4236 ἕγκατακ).είσαντες
1154 4163 1382 4229 ἑαυτοὺς,
1477 4169 1584 4231 καὶ,
1691 4166 1857 4238 ὥσπερ

2017 4157 2075 4212 ui
2103 4162 2391 4228 tanquam
2419 4155 2656 4211 invento
2683 4154 2946 4222 fortuito,
2977 4156 3036 4210 in
3063 4171 3449 4212 communem
3476 4156 3623 4212 inci-

252 4254 474 4329 ἐρμαίῳ,
525 4262 588 4328 τῇ
645 4263 790 4328 κοινῇ
842 4260 1084 4329 συμφορᾷ
1124 4259 1511 4329 περιτυχόντες,
1573 4254 1722 4306 αὐτοὶ
1775 4259 1860 4328 μὲν

2017 4251 2123 4302 unt
2137 4245 2557 4311 calamitatem,
2577 4260 2613 4300 a
2631 4243 2985 4301 turbulentis
2997 4244 3242 4319 quidem
3257 4245 3468 4301 mundi
3489 4261 3624 4316 pro-

254 4347 328 4406 ὡς
377 4342 695 4418 πορρωτάτω
741 4353 834 4406 τῆς
892 4343 940 4395 ἐν
985 4348 1165 4415 κόσμῳ
1220 4342 1380 4406 ζάλης
1407 4344 1668 4410 ἵστανται,
1718 4339 1862 4397 ούδε-

2018 4335 2130 4391 allis
2149 4339 2546 4400 removentur,
2570 4333 2796 4390 nullam
2816 4340 3018 4392 autem
3040 4351 3246 4392 curam
3271 4339 3326 4391 et
3348 4334 3626 4391 sollicitu-

255 4437 384 4506 μίαν
411 4429 470 4485 δέ
493 4441 594 4484 τῶν
625 4431 674 4485 ἓν
704 4433 846 4505 αύτῷ
902 4431 1362 4506 κλυδωνιςομένων
1411 4438 1501 4486 καὶ
1542 4431 1863 4506 βαπτιζομέ-

2018 4425 2174 4481 inem
2193 4424 2414 4479 habent
2431 4423 2689 4490 illorum,
2707 4424 2811 4496 qui
2829 4426 2888 4480 in
2903 4425 3030 4482 salo
3047 4424 3314 4480 immersi
3327 4425 3626 4480 ﬂuctuan-

251 4543 354 4574 νων
401 4523 536 4574 ἔστιν
602 4522 670 4573 ὧν
728 4519 984 4598 φροντίδα
1041 4520 1342 4592 βάλλονται.
1401 4518 1542 4574 Οὗδε
1597 4522 1696 4596 γὰρ
1759 4521 1859 4574 ἱλα-

2017 4529 2176 4587 :sque
2226 4513 2566 4583 agitantur:
2618 4513 3009 4586 propitiantes
3048 4529 3266 4570 manus
3304 4512 3383 4570 ad
3437 4515 3625 4568 Deum

258 4613 510 4684 στηρίους
537 4617 726 4686 χεῖρας
756 4611 979 4663 ἁπλοῦσι
1018 4614 1149 4683 πρὸς
1201 4612 1342 4676 Θεὸν,
1390 4607 1514 4662 οὔδε
1545 4613 1609 4662 τὰ
1637 4613 1865 4672 Μωσέως

2015 4620 2092 4660 οτι
2134 4602 2444 4658 attollunt:
2485 4618 2595 4658 nec
2633 4619 2771 4659 cum
2811 4605 2966 4660 Mose
3018 4604 3204 4672 aiunt,
3243 4602 3306 4659 Si
3345 4602 3623 4670 dimittes,

256 4699 707 4773 φθίγγονται,⁴Δν
754 4704 844 4773 μεν
885 4700 1037 4774 ἀφῇς,
1096 4701 1241 4773 ἄφιςο
1299 4703 1388 4751 καὶ
1439 4703 1533 4758 τὴν
1585 4698 1862 4752 ὑπόλοιπον

2019 4694 2246 4749 imitte:
2285 4697 2342 4748 et
2369 4708 2505 4764 quae
2536 4691 2597 4747 in
2636 4691 2732 4747 illo
2766 4707 3042 4748 sermone
3073 4691 3362 4748 mirabilis
3401 4690 3627 4748 amoris

256 4788 454 4848 ἐκείνην
513 4788 728 4862 φίλτρου
779 4793 1006 4864 γέμουαν
1062 4789 1152 4842 καὶ
1208 4790 1518 4861 θαυμαστῆς
1564 4787 1864 4864 παρρησίας

2021 4787 2333 4855 aquuntur:
2350 4796 2472 4837 non
2486 4780 2898 4837 liberationem
2910 4796 2946 4836 a
2959 4781 3132 4836 malis
3149 4779 3629 4837 ineluctabilibus

258 4884 431 4953 φωνήν
459 4894 473 4909 ·
499 4875 624 4931 οὐδὲ
661 4879 811 4932 λύσιν
838 4887 938 4932 τῶν
996 4877 1287 4952 ἀμηχάνων
1314 4885 1487 4930 κακῶν
1527 4876 1604 4940 οἷς
1635 4881 1693 4930 τὸ
1735 4897 1866 4950 συγ-

2020 4872 2194 4928 uihus
2207 4871 2420 4928 eadem
2431 4875 2644 4926 natura
2656 4870 2885 4942 praaditi
2901 4871 3186 4926 continuo
3198 4870 3626 4942 depascuntur.

255 4969 401 5039 γενὶς
449 4971 729 5040 συνέχεται
783 4965 1169 5041 δαπανώμενον.
1221 4965 1281 5020 Εἰ
1312 4963 1372 5019 δι
1417 4963 1703 5039 ψεύδομαι,
1746 4967 1863 5038 ύμί-

2021 4962 2035 5017 i
2064 4961 2340 5025 mentior,
2370 4963 2489 5015 tute
2519 4964 2717 5032 partes
2745 4965 2884 5014 sunt
2909 4961 3284 5026 convincere,
3317 4974 3467 5016 mea;
3499 4973 3629 5015 mu-

257 5074 404 5130 τερον
452 5060 543 5128 μίν
598 5057 711 5110 ἐστι
761 5057 940 5111 λοιπόν
997 5057 1248 5132 ίλὲγχιιν,
1303 5053 1422 5128 ἐμὸν
1481 5052 1541 5108 δι
1587 5057 1865 5116 πεισθῆναι

2021 5068 2101 5107 ire
2157 5049 2508 5107 sententiam
2552 5053 2609 5104 et
2656 5048 2885 5121 pudore
2925 5047 3189 5104 suﬁ‘undi
3229 5055 3286 5106 et
3332 5049 3629 5121 pudorem

253 5150 346 5197 καὶ
386 5145 696 5219 προσοφλεῖν
751 5148 1036 5221 αἰσχύνην,
1114 5145 1379 5219 ὁμολογεῖν
1462 5149 1640 5219 χαρᾶς
1687 5141 1861 5198 ἆῖδίου

1687 5141 1865 5198 ἁῖδίου
1977 5155 2302 5210 agnoscere
2329 5137 2538 5194 laetitia:
2555 5141 2789 5193 alterum
2812 5136 3278 5196 conciliatorem.

254 5235 525 5310 πρόξενον.

1775 5417 2130 5434 ﬂ
