4072 6232
1745 255 1985 312 ΡΗΟΤΙΙ
2024 255 2512 314 ΡΑΤΒΙΑΒΟΗᾹΞ
2550 255 2660 314 CP.

1121 387 1334 443 EPIST.
1362 382 1538 440 XCIV.
2195 383 2239 436 A

617 478 954 549 Nicephoro
981 476 1353 548 philosopho,
1379 471 1768 528 monasticam
1789 471 2088 540 amplexo.

1775 587 2069 637 Montacut.
2105 591 2208 650 (ep.
2245 588 2356 643 235,
2387 601 2439 650 p.
2471 587 2602 650 356).

509 265 622 322 903

2904 389 3119 439 ΕΠΙΣΤ.
3148 381 3260 449 ςΔ’.

2634 471 2920 547 Νικηφόρῳ
2973 473 3200 547 φιλοσόῳ
3229 474 3530 547 μονάζοντι.

588 714 665 768 De
677 711 896 784 quibus
909 709 1149 766 accedat
1162 721 1482 777 gravamen
1494 749 1508 775 ,
1524 704 1735 774 ignoro
1751 721 1764 758 :
1780 703 1918 760 novi
1936 699 2158 769 autem,

516 804 804 873 tanquam
835 815 942 872 per
965 797 1330 854 insomnium
1357 798 1623 865 rogatus,
1651 792 1972 848 rhetoricas
2000 791 2164 848 exhi-

513 888 653 945 bere
679 889 784 944 tibi
809 886 1172 950 occasiones,
1197 883 1291 940 vel
1308 888 1625 956 prmeepta,
1655 887 1779 937 tum
1799 897 1936 954 quas
1957 880 2166 951 lingua

513 978 856 1047 efferuntur,
910 981 1034 1032 tum
1064 991 1200 1047 qua:
1229 973 1396 1029 libris
1445 976 1965 1044 repraesentantur.
2015 969 2163 1027 Novi

511 1067 688 1123 etiam
718 1072 1008 1139 praeterea
1047 1064 1304 1120 similem
1335 1077 1647 1118 assensum
1680 1060 1982 1128 exhibere,
2015 1064 2071 1116 et
2103 1059 2163 1115 in

511 1155 818 1211 communi
849 1154 1137 1226 positum,
1169 1152 1363 1208 verbis
1395 1149 1738 1221 simpliciter
1768 1153 1823 1204 et
1857 1147 2162 1203 indeﬁnite

509 1243 777 1318 prolatis,
810 1244 1228 1312 interrogatus.
1271 1241 1416 1296 Cum
1447 1255 1589 1295 vero
1621 1244 1673 1294 te
1713 1238 1771 1294 in
1801 1253 1987 1294 causa
2015 1235 2162 1292 nihil

509 1332 818 1404 adjeceris,
869 1348 979 1387 nec
1012 1330 1258 1403 quidem
1312 1327 1478 1400 quod
1523 1328 1580 1382 in
1630 1342 1756 1382 rem
1807 1329 2161 1398 prtesentem

509 1421 720 1478 adesse
733 1436 829 1476 me
855 1423 1142 1492 oporteat,
1161 1419 1242 1472 ita
1258 1423 1321 1472 ut
1337 1415 1900 1485 linguafacultatein
1921 1411 2159 1469 dicendi

508 1509 609 1570 illa
621 1509 862 1576 habeat,
885 1525 1021 1581 qua),
1039 1506 1296 1562 dicenda
1317 1510 1488 1570 sunt;
1511 1518 1704 1577 neque
1720 1502 1944 1575 aliquid
1959 1506 2159 1574 protu-

505 1599 661 1666 leris,
691 1599 857 1671 quod
884 1595 1224 1669 particulari
1249 1598 1559 1664 congruat,
1581 1593 1959 1666 deﬁnitaaque
1978 1591 2156 1648 inter-

505 1687 904 1758 rogationi,ne
916 1685 1162 1758 quidem
1179 1682 1572 1746 communi,et
1585 1681 1934 1754 generatiori
1951 1680 2154 1736 modo:

2347 702 2454 775 Ἐφ’
2481 704 2558 766 οἷς
2582 707 2671 776 μὲν
2703 706 2732 764 ἡ
2777 702 3058 778 ἀχθηδὼν,
3114 706 3282 779 ἁγνοῶ
3311 725 3326 741 ·
3360 703 3485 760 οἶδα
3515 703 3577 760 δὲ
3617 709 3740 760 κατ’
3775 708 3893 779 ἄψιν

2272 791 2530 860 ἀξιωθεὶς,
2587 795 2865 869 ῥητορικὰς
2946 795 3180 871 ἀφορμὰς
3248 804 3569 872 παρασχεῖν,
3657 799 3800 859 ὅσας
3841 818 3892 852 τε

2271 881 2475 953 γλῶττα
2493 887 2798 958 χαρίεζται,
2829 890 2918 938 καὶ
2950 889 2992 938 εἶ
3018 906 3068 938 τι
3113 884 3290 959 βίϐλοι
3319 883 3558 961 προσεκδ
3563 883 3624 939 ιδ
3629 889 3891 940 άσκουσι·

2271 976 2362 1024 καὶ
2414 971 2588 1035 ἁπλῶς
2644 976 2734 1044 μὶν
2813 973 3205 1048 προϐαλλομένῴ
3263 980 3354 1028 καὶ
3437 972 3889 1051 ἁπροσδιορίστῳ

2270 1062 2472 1136 ῥήματι
2494 1065 2588 1121 τήν
2619 1061 2836 1124 ἀξίωσιν
2869 1061 3092 1117 σύνοιδα
3114 1069 3204 1117 καὶ
3259 1065 3418 1126 αύτός
3459 1066 3646 1138 ὁμοίαν
3680 1085 3774 1118 σοι
3802 1071 3893 1119 καὶ

2271 1155 2448 1211 κοινὴν
2495 1157 2838 1224 πεποιημένος
2886 1158 2979 1212 τὴν
3031 1153 3287 1206 έπίνευσιν
3341 1171 3356 1186 ⁸
3408 1161 3503 1206 σοῦ
3552 1151 3636 1220 δε,
3668 1159 3734 1207 τὸ
3790 1155 3895 1206 λοι-

2270 1241 2386 1310 πόν,
2461 1237 2628 1312 μηδὲν
2710 1243 3044 1316 προσθέντος,
3140 1248 3267 1315 μήτε
3339 1244 3420 1295 ὃτι
3493 1246 3897 1318 παραγενέσθαι

2271 1323 2383 1380 δέοι
2410 1348 2425 1363 ·
2454 1329 2538 1382 ἴνα
2561 1333 2650 1382 καὶ
2673 1328 2883 1400 γλῶττα
2935 1329 3097 1402 λέγειν
3128 1333 3268 1403 ἔχοι,
3298 1350 3365 1384 τα
3416 1331 3478 1382 ἆν
3529 1331 3562 1383 οἱ
3597 1338 3691 1384 καὶ
3722 1332 3891 1404 λέγοι,

2268 1421 2400 1487 μήτε
2447 1417 2517 1480 εἰς
2569 1416 2653 1470 ἐπὶ
2711 1422 2902 1494 μέρους
2954 1424 3044 1472 καὶ
3115 1422 3407 1493 ὡρισμένην
3483 1421 3727 1486 ἀξίωσιν,
3793 1426 3889 1479 τήν

2267 1510 2560 1578 κοινοτέραν
2617 1512 2707 1561 καὶ
2755 1507 2996 1583 ἀόριστον
3075 1513 3515 1582 περιενεγκόντσς,
3585 1507 3734 1582 μηδὲ
3798 1530 3894 1563 σα-

2268 1603 2372 1666 φῶς
2409 1592 2789 1661 δεδηλωκότος,
2817 1602 2967 1650 τίνων
3019 1596 3133 1650 ἐστί
3167 1618 3251 1650 σοι
3302 1603 3464 1673 χρεία
3509 1597 3760 1671 βιϐλίων,
3793 1604 3891 1652 καὶ

2265 1688 2415 1745 ποίας
2459 1693 2558 1737 τῶν
2600 1687 2890 1761 ῥητορικῶν
2977 1696 3172 1760 τεχνῶν
3233 1693 3586 1760 πραγματείας
3644 1695 3742 1741 καὶ
3807 1693 3890 1741 τί·

505 1792 618 1832 nec
647 1775 964 1849 perspicue
991 1773 1266 1838 edixeris,
1287 1788 1547 1844 quorum
1575 1771 1679 1826 tibi
1701 1771 1989 1826 librorum
2012 1786 2144 1825 usus

2264 1792 2344 1834 νος
2389 1777 2769 1848 τεχνογράφου.
2825 1783 2937 1836 Πῶς
2989 1775 3049 1828 ἂν
3106 1773 3368 1850 δυναίμην
3415 1776 3591 1848 έγώ,ἣ
3643 1786 3740 1838 τῆς
3791 1800 3894 1850 φω-

506 1871 788 1937 est,quas
806 1864 1110 1920 desideres
1132 1863 1437 1919 rhetorum
1466 1861 1840 1932 scriptiones,
1870 1859 2042 1931 cujus
2068 1875 2158 1914 ar-

503 1955 685 2011 tificis
714 1953 1065 2011 artiﬁciosas
1104 1957 1382 2008 texturas.
1417 1949 1734 2016 Quomodo
1764 1953 1939 2020 putas
1979 1962 2156 2022 posse

501 2060 601 2101 me
625 2045 787 2100 vocis
808 2042 1320 2115 repercussionem
1339 2045 1474 2106 tum,
1504 2055 1640 2095 cum
1660 2041 1824 2094 tanto
1843 2036 2156 2093 intervallo

501 2133 691 2189 simus
711 2131 1126 2196 disterminati,
1151 2130 1230 2186 ad
1251 2133 1382 2186 tuas
1409 2143 1600 2200 usque
1627 2143 1801 2184 aures
1822 2127 2154 2182 derivatam

502 2222 839 2288 extendere,
857 2221 972 2276 nisi
988 2219 1255 2276 fabulam
1278 2219 1352 2275 de
1367 2220 1673 2275 Stentorea
1693 2230 1838 2272 voce
1856 2215 2154 2289 deponere

500 2328 597 2369 me
626 2327 803 2386 posse
833 2310 1045 2384 putes?
1079 2309 1318 2373 Deinde,
1352 2312 1408 2364 et
1437 2307 1713 2362 incusare
1751 2305 1956 2370 debes,
1987 2304 2156 2376 quod

457 2389 460 2392 ’
498 2401 799 2472 ingentem
813 2400 1103 2455 librorum
1121 2412 1403 2454 acervum
1418 2396 1557 2451 hinc
1570 2394 1707 2450 inde
1721 2393 2152 2466 conquisitum,

498 2506 623 2546 non
653 2490 953 2546 incassum
986 2488 1064 2544 ad
1096 2495 1150 2544 te
1182 2485 1471 2543 miserim.
1512 2483 1858 2556 Ignorantia
1887 2488 2040 2539 certe
2070 2482 2153 2539 rei

499 2580 783 2651 quaesitas,
817 2579 932 2634 hoc
961 2582 1068 2643 est,
1110 2593 1250 2632 cum
1279 2576 1465 2648 ipsius
1506 2574 1669 2638 artis,
1707 2578 1833 2630 tum
1862 2572 2154 2628 librorum

498 2667 578 2725 ad
608 2667 768 2723 illam
794 2666 1242 2739 pertinentium,
1271 2665 1332 2719 in
1362 2663 1775 2720 necessitatem
1805 2661 2155 2732 conjecisset

498 2755 893 2829 conquirendi
949 2755 1182 2826 (omnes
1231 2753 1436 2818 libros,
1477 2751 1552 2808 de
1613 2765 1976 2824 quacunque
2029 2755 2152 2806 arte

496 2846 747 2918 scriptos
775 2845 837 2917 :).
859 2844 914 2901 Si
935 2843 1108 2899 dolor
1130 2843 1271 2899 hinc
1297 2845 1432 2898 tuus
1459 2841 1814 2898 sortiebatur
1833 2839 2149 2909 originem,

496 2934 643 2991 nihil
667 2933 761 2991 ille
787 2933 1033 3007 quidem
1061 2933 1140 2988 ad
1169 2948 1266 2988 me
1293 2934 1562 3003 spectat;
1593 2929 1686 2984 sin
1712 2927 1861 3001 quid
1883 2928 1957 2982 sit
1988 2927 2150 2983 aliud

494 3029 558 3082 tu
598 3023 742 3079 mihi
779 3023 1080 3094 ignoscas,
1131 3022 1393 3078 virorum
1432 3020 1680 3092 optime,
1720 3019 1826 3090 qui
1866 3015 2150 3089 temporis

2262 1870 2356 1924 νῆς
2383 1866 2476 1921 τὴν
2514 1862 2793 1936 ἁπὴχησιν
2831 1867 3064 1936 τοσούτῳ
3115 1861 3468 1924 διεστηκότων
3520 1863 3888 1939 διάστῆματι,

3414 1955 3457 2008 εἰ
3510 1961 3583 2028 μή
3673 1975 3741 2028 με
3797 1963 3886 2009 καὶ

2261 2045 2614 2114 Στεντορείους
2671 2044 2888 2114 μύθους,
2950 2045 3029 2096 ὅτι
3103 2049 3171 2117 μὴ
3245 2053 3432 2119 μακρῷ
3507 2047 3886 2118 φθεγγόμενος,

2263 2127 2599 2204 ἀποκρύπτου,
2635 2131 2784 2183 πάλιν
2835 2132 3071 2206 αἰτιάσῃ,
3127 2135 3157 2192 ἣ
3215 2132 3433 2206 βιϐλίων
3484 2133 3688 2196 πλῆθος
3746 2134 3888 2210 ἀόρι-

2262 2238 2402 2286 στον,
2461 2216 2565 2273 ὧδε
2619 2219 2830 2274 κάκεῖσε
2888 2219 3273 2297 διερευνᾶσθαι,
3341 2220 3454 2276 εἶτα
3528 2225 3702 2294 μάτην
3765 2221 3888 2278 δια-

2257 2312 2497 2380 πέμπειν.
2548 2308 2607 2362 Ἡ
2653 2312 2755 2383 γὰρ
2804 2311 2993 2383 ἄγνοια
3069 2319 3160 2366 τοῦ
3235 2313 3575 2385 ζητουμένου,
3651 2322 3748 2375 τῆς
3797 2318 3889 2366 τέ-

2259 2417 2397 2470 χνης
2454 2397 2666 2464 ἁπάσης
2718 2405 2808 2453 καὶ
2858 2410 2958 2453 τῶν
3008 2406 3126 2475 περὶ
3165 2401 3324 2461 αὐτὴν
3381 2405 3474 2464 τὰς
3540 2400 3776 2475 βίϐλους,
3807 2403 3883 2465 εἰς

2261 2485 2490 2559 ἀνάγκην
2517 2487 2576 2539 ἆν
2623 2487 2794 2561 ἀπῆγε
2849 2495 3190 2564 συναγείρειν.
3243 2490 3378 2544 Ἀλλ’
3409 2491 3451 2544 εἰ
3507 2495 3598 2564 μὲν
3649 2491 3700 2544 ἐν
3761 2497 3881 2544 τού-

2259 2595 2369 2638 τοις
2400 2578 2530 2648 ἔσχε
2559 2579 2652 2639 τὰς
2687 2580 2840 2649 γονὰς
2881 2581 2910 2638 ἡ
2967 2576 3246 2652 ἀχθηδὼν,
3296 2577 3469 2646 ούδεν,
3525 2577 3566 2631 ὦ
3599 2579 3874 2652 βέλτιστε,

2259 2667 2390 2737 πρὸς
2436 2667 2572 2738 ἡμᾶς
2604 2683 2618 2697 ·
2651 2666 2694 2719 εἰ
2721 2663 2770 2720 δ’
2801 2667 2925 2720 ἄλλο
2975 2673 3027 2721 τί
3079 2667 3212 2737 έστε,
3242 2673 3309 2722 σύ
3343 2666 3404 2722 δέ
3447 2689 3538 2742 μοι
3571 2672 3872 2742 σύγγνωθι,

2258 2758 2348 2806 καὶ
2377 2759 2555 2827 χρόνῳ
2611 2765 2818 2831 μακρῷ,
2869 2763 2959 2810 καὶ
3015 2762 3150 2829 νόσῳ
3201 2765 3369 2833 πικρᾴ
3409 2763 3468 2811 τὸ
3527 2767 3740 2832 κρατεῖν
3795 2759 3880 2812 λα-

2259 2840 2454 2903 ϐούσης
2495 2842 2658 2904 λήθης
2706 2846 2999 2904 ἡττηθέντι.
3045 2846 3210 2902 Ἀλλά
3262 2867 3354 2920 μοι
3410 2846 3609 2922 ἔρρωσο
3648 2854 3746 2907 τήν
3777 2849 3882 2919 ψυ-

2257 2936 2366 3004 χὴν
2423 2934 2515 2984 σύν
2567 2941 2641 3004 τῷ
2707 2939 2933 3008 σώματι,
2999 2941 3090 2989 καὶ
3147 2941 3280 3008 μήτε
3324 2933 3523 3012 ῥᾳδίως
3551 2938 3688 2989 οὕτω
3720 2944 3881 3000 σκιᾶς

2259 3017 2577 3092 ἀχθηδόνων
2636 3021 2794 3086 αὐτὸς
2872 3021 3224 3098 διαπέμπων,
3311 3027 3506 3087 ταύτας
3579 3028 3872 3099 ύπότρεχε,

2260 1955 2425 2026 μέχρι
2485 1960 2583 2004 τῶν
2642 1961 2745 2004 σῶν
2803 1958 2946 2006 ὤτων
2991 1959 3362 2030 παρατείνειν;

493 3113 898 3178 diuturnitate,
931 3116 987 3168 et
1017 3110 1212 3167 morbi
1242 3111 1490 3183 insuper
1519 3107 1861 3172 acerbitate,
1896 3105 2144 3163 oblivio-

2257 3113 2386 3181 μήτε
2437 3111 2584 3172 ζήτει
2623 3112 2746 3188 παρ’
2801 3113 2957 3167 ἄλλου
3021 3115 3190 3178 λύπης
3268 3114 3486 3189 ἐξευρεῖν
3541 3114 3874 3186 ἀπαλλαγήν³

490 3219 630 3260 nem
647 3203 1033 3274 obrepentem
1047 3199 1330 3272 repellere
1345 3196 1931 3272 nequivi.Sedvaleas
1943 3194 2147 3252 animo

491 3298 670 3368 atque
690 3307 961 3364 corpore,
985 3295 1042 3347 et
1071 3289 1191 3346 noli
1223 3294 1345 3345 tam
1366 3288 1536 3346 facile
1563 3286 1987 3358 gravaminum
2018 3299 2149 3338 um-

488 3383 652 3451 bras,
688 3398 844 3454 quas
873 3381 1001 3453 ipse
1033 3379 1300 3452 projicis,
1334 3378 1555 3445 subire,
1589 3393 1699 3433 nec
1738 3375 1816 3433 ab
1850 3375 1968 3431 alio
1997 3389 2146 3446 quo-

2256 3197 2320 3260 ἧς
2348 3197 2441 3250 ούκ
2471 3201 2585 3252 ἔστι
2628 3205 2720 3260 τὴν
2768 3205 2968 3274 γένεσιν
3025 3204 3186 3277 εὑρεῖν
3235 3200 3494 3277 οὐδαμοῦ,
3529 3201 3640 3256 ἀλλ’
3668 3205 3698 3262 ἣ
3727 3208 3878 3278 παρὰ

2255 3289 2350 3348 τὰς
2383 3289 2479 3351 σὰς
2530 3297 2625 3352 τῆς
2680 3291 2920 3353 ὑπονοίας
2989 3292 3048 3345 ού
3119 3297 3390 3365 γνησίους,
3473 3290 3648 3366 οἶμαι,
3687 3296 3870 3365 γονάς.

2257 3373 2519 3451 Ἐῥρωσο.

488 3487 674 3544 quam
707 3471 1038 3526 allevamen
1063 3469 1334 3540 requiras
1359 3466 1582 3523 doloris
1609 3467 1712 3532 tui,
1741 3463 1847 3536 qui
1873 3463 2101 3519 nullam
2127 3463 2270 3521 alibi
2302 3465 2547 3524 sortitur
2574 3469 2869 3542 originem
2897 3487 3085 3545 quam
3115 3471 3283 3545 apud
3311 3475 3446 3530 tuas
3472 3471 3744 3545 suspicio
3757 3487 3868 3528 nes

489 3574 612 3615 non
637 3558 790 3625 illas,
823 3573 934 3627 ego
956 3556 1230 3622 arbitror,
1261 3555 1522 3626 legitime
1549 3558 1743 3609 natas.
1771 3551 1930 3608 Vale.

1112 3672 1325 3728 EPIST.
1358 3671 1509 3727 XCV.

483 3762 533 3818 A
543 3761 733 3818 rsenio
750 3759 1032 3817 monacho
1043 3765 1097 3816 et
1113 3759 1824 3829 anachoretzmostquam
1836 3755 2060 3812 dimissi
2071 3755 2144 3812 ad

557 3834 730 3889 illum
742 3831 1122 3903 fuerant,qui
1136 3831 1534 3903 de,Bulgaria
1543 3828 2008 3900 profecti,vitam
2021 3844 2143 3884 mo-

554 3906 849 3962 nasticam
875 3902 1112 3974 ingredi
1137 3902 1476 3973 cupiebant.

2873 3681 3089 3730 ΕΠΙΣΤ.
3123 3674 3240 3742 ςἘ’.

2251 3756 2502 3840 Ἀρσενίῳ
2559 3763 2840 3840 μονάζοντι
2881 3771 2972 3840 καῖ
3045 3768 3384 3840 ἡσυχαστῇ,
3454 3767 3585 3840 μετὰ
3608 3769 3670 3840 τό
3726 3765 3862 3820 ἀπο-

2324 3832 2578 3910 σταλῆναι
2678 3839 2805 3910 πρὸς
2901 3837 3056 3891 αὐτὸν
3151 3832 3274 3901 τοὺς
3311 3832 3321 3840 ’
3349 3832 3422 3890 ⁷έκ
3454 3832 3464 3840 ’
3533 3839 3866 3910 Βουλγαρέας

2321 3903 2606 3967 ζητοῦντας
2629 3895 2876 3980 μονάσαι.
3259 3895 3273 3901 ⁷
3676 3895 3693 3910 ’
3740 3895 3750 3914 ⁸

1762 4007 2052 4058 Montacut.
2089 4005 2194 4068 (ep.
2220 4005 2330 4069 236,
2356 4025 2406 4074 p.
2445 4013 2579 4075 357).

558 4110 617 4169 Si
644 4115 783 4167 tunc
803 4124 1046 4183 quoque
1064 4107 1254 4166 oculis
1274 4122 1408 4177 ego,
1431 4105 1650 4180 quibus
1670 4105 1836 4173 olim,
1852 4104 2134 4161 videbam

481 4200 621 4272 (hoc
647 4200 807 4255 enim
837 4199 911 4254 de
942 4213 1038 4254 me
1083 4197 1228 4253 mihi
1258 4200 1374 4252 tum
1403 4194 1608 4251 littera
1638 4194 2047 4258 occinuerunt,
2079 4198 2136 4249 et

479 4288 643 4348 illam
663 4287 914 4358 gratiam
937 4285 1358 4358 praedicarunt,
1377 4300 1562 4356 quam
1587 4282 1854 4355 alioquin
1875 4297 1986 4353 ego
2010 4297 2132 4338 non
2164 4315 2214 4372 Β

478 4377 729 4436 libenter
745 4375 1165 4448 admitterem),
1181 4391 1301 4430 non
1319 4375 1590 4430 obscurae
1609 4388 1757 4428 mea:
1780 4372 2131 4443 ignorantia

479 4466 916 4525 convictionem
956 4464 1161 4522 affero.
1203 4466 1418 4519 Verum
1458 4463 1506 4517 si
1542 4464 1758 4535 quovis
1796 4461 1981 4518 modo
2020 4477 2131 4533 ego

477 4558 685 4614 videns
709 4573 898 4622 eram,
930 4571 1118 4628 quare
1144 4553 1359 4610 ducem
1391 4567 1484 4608 me
1515 4567 1742 4608 caecum
1769 4550 2129 4608 exbibebam

477 4647 571 4716 iis,
598 4646 703 4721 qui
727 4645 802 4703 ad
827 4645 1024 4702 lucem
1044 4642 1306 4699 veritatis
1325 4638 1738 4696 festinabant?
1764 4642 1887 4695 Non
1913 4640 2129 4696 esthoc

476 4736 997 4809 videntis,opinor,
1017 4733 1140 4789 imo
1157 4732 1334 4800 longe
1347 4729 1534 4796 aliud,
1553 4730 1696 4795 imo,
1710 4728 1874 4801 quod
1893 4729 2128 4798 gravius

477 4829 587 4890 est,
616 4825 695 4881 ad
721 4841 857 4881 eum
891 4827 1116 4897 spectat
1142 4821 1243 4894 qui
1274 4824 1532 4877 exerceat
1562 4818 1757 4874 videre
1779 4817 2084 4889 cupientes
2109 4835 2122 4874 :

479 4917 533 4968 et
561 4912 740 4984 longo
767 4914 1002 4971 tramite
1031 4912 1308 4968 aberrare
1339 4908 1480 4965 facit
1509 4925 1544 4965 a
1577 4907 1819 4964 veritate
1840 4906 1993 4974 illos,
2021 4909 2126 4980 qui

477 5000 651 5054 rectis
686 5002 940 5072 pedibus
970 5001 1128 5057 viam
1155 4998 1381 5055 virtutis
1421 5011 1687 5069 premere
1718 4995 2017 5052 volebant.
2067 4998 2125 5054 Si

475 5087 652 5159 igitur
663 5089 926 5160 hymnus
943 5106 1065 5146 non
1084 5089 1332 5146 omnino
1363 5086 1732 5143 insomnium
1749 5085 1842 5151 sit,
1858 5090 1914 5141 et
1935 5087 2125 5142 sceni-

476 5192 612 5232 cum
654 5177 872 5233 videnti
902 5179 1154 5242 donum,
1193 5193 1306 5248 ego
1344 5177 1474 5233 illos
1509 5175 1985 5243 contradicerim,
2018 5179 2122 5250 qui

473 5264 943 5322 manuductione
968 5265 1352 5337 indigebant;
1384 5271 1440 5321 et
1463 5264 1508 5320 si
1543 5264 1835 5320 sententia
1860 5267 2122 5336 processi

472 5355 550 5412 ab
589 5354 934 5426 incorrupto
959 5353 1204 5424 judicio,
1239 5355 1288 5409 si
1335 5354 1608 5410 animum
1637 5352 1929 5424 dirigebat
1957 5339 2122 5412 recti;

472 5443 638 5511 tudo,
662 5447 721 5501 et
746 5458 867 5500 non
890 5457 1080 5507 amor,
1113 5442 1207 5497 cui
1227 5441 1489 5500 ludibrio
1505 5442 1736 5514 justitia
1760 5442 2116 5515 habebatur,

470 5549 580 5592 nec
596 5532 972 5594 avisceribus
983 5531 1530 5605 perindulgentiam
1541 5531 1784 5591 ﬁlialem
1800 5533 1862 5590 in
1876 5535 2117 5596 aﬂectus

2316 4107 2377 4162 Εἰ
2431 4108 2633 4182 βλέπων
2677 4111 2776 4184 ἐγὼ
2824 4117 2914 4166 καὶ
2977 4117 3093 4167 τότε
3145 4112 3446 4188 ὀφθαλμοῖς,
3525 4122 3617 4168 τοῦ
3698 4115 3862 4168 πάλαι

2243 4195 2524 4269 βλέποντος
2555 4201 2729 4273 (τοῦτο
2752 4205 2853 4278 γάρ
2903 4221 2968 4274 με
3017 4206 3074 4256 τὸ
3133 4206 3223 4256 σὸν
3290 4203 3556 4276 ἀνύμνησε
3609 4206 3851 4276 γράμμα,

2242 4291 2332 4340 καὶ
2361 4290 2522 4363 χάριν
2551 4286 2741 4343 ἔδωκεν
2797 4289 2845 4343 έν
2882 4299 3070 4367 καιρῷ,
3134 4292 3159 4344 ὁ
3212 4293 3307 4345 ούκ
3359 4291 3419 4344 ἀν
3472 4293 3634 4352 ἄλλως
3682 4288 3852 4354 ἡδέως

2242 4373 2550 4440 ούδ’ἁπλῶς
2605 4375 2905 4454 ἐδεξάμην),
2966 4385 3035 4453 μὴ
3086 4381 3227 4434 λάθω
3285 4377 3474 4444 διδούς
3512 4381 3730 4453 ἔλεγχον
3755 4391 3854 4443 τῆς

2241 4464 2468 4538 έμαυτοῦ
2510 4467 2742 4539 ἀγνοίας.
2796 4469 2934 4524 ’Δλλ’
2989 4469 3034 4523 εἰ
3077 4472 3168 4542 μὲν
3197 4469 3398 4544 βλέπων
3453 4471 3698 4522 ὁπωσοῦν
3729 4469 3851 4540 ἐγὼ,

2238 4564 2344 4618 πῶς
2386 4557 2573 4631 τυφλὸν
2625 4555 2823 4630 ὁδηγὸν
2873 4565 2978 4620 τοῖς
3023 4563 3149 4634 πρὸς
3190 4562 3246 4612 τὸ
3295 4568 3395 4632 φῶς
3454 4567 3552 4621 τῆς
3599 4558 3850 4620 ἀληθείας

2239 4641 2422 4716 ἐθέμην
2453 4644 2876 4720 έπειγουμένοιςς
2928 4647 3004 4700 Οὐ
3042 4650 3166 4722 γὰρ,
3233 4648 3294 4700 ού
3351 4647 3630 4721 βλέποντος
3689 4656 3843 4700 τοῦτο

2236 4738 2408 4805 μόνον,
2440 4735 2628 4788 πολλοῦ
2671 4755 2732 4808 γε
2773 4741 2862 4789 καὶ
2917 4732 3002 4788 δεῖ
3031 4755 3048 4770 ο
3094 4734 3221 4789 ἀλλά
3249 4741 3340 4790 καὶ
3385 4739 3441 4788 τὸ
3471 4736 3848 4808 χαλεπώτατον

2235 4823 2566 4897 τυφλοῦντος,
2624 4824 2823 4899 ἐτέρους
2898 4825 3104 4898 βλέπειν
3197 4827 3459 4900 ἑλομένους
3506 4847 3524 4862 ο
3584 4833 3676 4879 καὶ
3735 4823 3850 4880 δια-

2234 4913 2520 4976 πλανῶντος
2565 4921 2744 4990 μακρᾷ
2787 4913 2948 4990 τρίϐῳ
2994 4924 3090 4978 τῆς
3147 4915 3365 4982 εὐθείας,
3423 4919 3542 4977 τοὺς
3585 4917 3688 4988 ὅλῳ
3721 4913 3846 4968 ποδὶ

2232 5008 2460 5076 μετιέναι
2506 5007 2701 5063 ταύτην
2753 5003 3121 5068 ἐκζητοῦντας.
3183 5005 3247 5058 Εἰ
3311 5009 3482 5058 τοίνυν
3539 5010 3613 5078 μὴ
3667 5024 3846 5058 παντε-

2231 5091 2382 5155 λῶςό
2443 5093 2596 5166 ὕμνος
2649 5098 2860 5167 ὄνειρος,
2938 5100 3030 5148 καὶ
3110 5090 3276 5168 δῶρον
3326 5103 3526 5156 σκηνῆς
3589 5093 3842 5167 βλέποντι

2233 5185 2526 5258 παρεθέμην
2597 5181 2695 5255 έγὼ
2745 5187 2868 5247 τοὺς
2912 5189 3276 5258 χειραγωγίας
3355 5181 3634 5254 δεομένους
3681 5206 3696 5218 ·
3757 5187 3846 5234 καὶ

2229 5277 2446 5347 κρίσεως
2471 5269 2533 5331 ἦν
2570 5268 2868 5326 ἀδεκάστου
2922 5273 3118 5346 ψῆφος,
3169 5278 3260 5326 καὶ
3320 5279 3536 5345 γνώμης
3591 5273 3837 5334 εύθύτης,

2231 5360 2337 5414 ἀλλ’
2368 5361 2428 5415 ού
2472 5369 2694 5436 στοργῆς
2743 5366 2838 5422 τὴν
2889 5359 3045 5421 δίκην
3081 5359 3429 5435 διαγελώσης,
3484 5358 3614 5415 ούδε
3645 5362 3842 5432 σπλάγ-

2227 5473 2390 5524 χνων,
2449 5459 2520 5522 τῷ
2568 5451 2761 5524 φίλτρῳ
2811 5459 2911 5504 τῶν
2961 5455 3168 5520 τέκνων,
3219 5450 3288 5511 εἰς
3332 5449 3628 5524 παράλογον
3679 5469 3842 5523 προσ-

2227 5543 2445 5596 πάθειαν
2498 5536 2877 5615 διαχεομένων,
2923 5543 2983 5594 τὸ
3033 5548 3094 5615 τῇ
3151 5547 3218 5614 σῇ
3265 5538 3551 5599 τελειότητι
3603 5543 3729 5602 τοὺς
3755 5542 3837 5593 ἇν-
