4072 6232
188 276 303 333 9ίὲἰ
1444 272 1951 334 EPISTOLARUM
1995 271 2214 330 LIBER
2252 275 2321 330 Ii.
3447 271 3554 330 906

194 401 332 480 δρας
380 404 731 477 παραπέμψαι
769 407 805 450 Ῑι
879 403 1079 458 Ούκοῦν
1135 402 1323 480 έρῥέτω
1351 408 1410 458 τὸ
1453 405 1574 480 παρ’
1625 405 1792 470 ἀξίαν,

1946 399 2275 457 rationales
2303 397 2561 464 diffusis,
2591 403 2706 456 tua;
2747 399 3037 456 absolutas
3078 399 3421 472 perfectioni
3450 399 3554 455 ho-

192 500 288 546 καὶ
335 498 392 546 τό
461 497 637 560 θαῦμα
689 499 849 566 φυγὰν
874 499 932 547 τό
987 498 1196 567 θαύμαο
1251 498 1476 566 γινέσθω
1523 504 1622 548 τῶν
1675 515 1800 548 συν-

1949 490 2100 545 iines
2149 490 2562 544 transmittere.
2608 491 2709 544 Eat
2750 489 2927 558 igitur
2968 505 3091 562 quo
3123 489 3256 544 velit
3291 488 3351 544 id
3392 487 3557 560 quod

195 586 340 642 ἡθων
405 588 493 640 τὴν
563 582 611 634 ἐν
691 584 910 656 πράξεσι
977 590 1274 657 πρέπουσαν
1350 587 1800 659 μεθαρμοζομενον

1951 585 2120 634 raeter
2165 579 2514 648 dignitatem
2563 577 2796 644 accidit,
2851 584 2907 634 et
2955 579 3276 634 admiratio
3324 577 3557 647 fugiens

198 673 532 738 ἀκολουθίαν,
597 679 688 726 καὶ
739 675 889 746 ἡμεῖς
949 671 1099 727 οὐδὲν
1157 683 1219 748 τῇ
1292 684 1357 749 σῇ
1435 677 1804 748 κεχαρίσμεθα

1955 667 2388 723 dmirationem.
2421 667 2538 722 Fiat
2577 667 2803 738 aliquid
2851 667 3111 738 solitum,
3146 683 3268 739 quo
3303 667 3563 722 imitetur

197 767 572 835 μακαριότητι,
631 771 730 814 τῶν
783 763 852 825 εἰς
909 763 1156 824 ἔκπληξιν
1202 764 1427 836 ἀγόντων
1461 787 1474 799 ·
1523 766 1631 818 ἀλλ’
1680 761 1805 818 οὐδὲ

1954 758 2213 812 ctionum
2243 770 2510 825 congrua
2536 756 2983 828 consequentia,
3015 762 3130 812 tuae
3165 756 3420 812 beatitati
3451 771 3562 811 nos

198 861 302 904 τῶν
333 851 416 904 ἐπὶ
455 856 512 904 τό
561 856 768 925 μέτριον
827 850 1218 906 διαϐαινόντων.
1280 856 1447 927 Χάριν
1506 851 1564 908 δὲ
1616 855 1805 927 μᾶλλον

1958 845 2058 900 ihil
2101 845 2539 910 condonamus,
2571 845 2735 918 quod
2769 848 2956 916 possit
2999 846 3077 900 ad
3125 851 3428 916 stuporem
3460 845 3566 899 im-

199 947 295 1000 τὴν
343 943 422 993 ὅτι
470 941 700 1014 μάλιστα
746 941 1113 1014 ἀπειλήφαμεν,
1170 943 1219 994 ἐν
1257 945 1331 1004 οἷς
1387 947 1612 1017 ἔσχομεν
1661 943 1807 997 ἀδελ-

1960 933 2151 996 ellere,
2205 938 2306 988 aut
2354 933 2520 1004 quod
2568 933 2813 989 excedat
2845 933 3338 989 moderationem.
3372 933 3568 989 Potius

203 1035 352 1104 φούς,
384 1033 505 1104 οἶρτι
533 1039 627 1094 τῆς
664 1031 714 1084 έν
747 1030 849 1104 βίῳ
894 1033 1058 1095 ζάλης
1099 1035 1525 1107 ὑποχωροῦντας.
1577 1037 1810 1106 ἡσυχίας

1961 1022 2327 1079 ratissimum
2360 1023 2536 1078 nobis
2561 1031 2667 1094 est,
2689 1024 2854 1096 quod
2875 1024 3170 1095 ejusmodi
3189 1023 3431 1079 aﬂ‘ectos
3459 1022 3569 1078 fra-

201 1126 298 1174 καὶ
346 1121 631 1192 φιλοσόφου
701 1125 836 1184 ζωῆς
892 1119 986 1175 διά
1041 1130 1135 1175 σού
1166 1123 1333 1194 λιμένι
1383 1122 1764 1196 έγκαθορμίσαι
1793 1145 1804 1156 ·

1961 1128 2032 1166 'es
2059 1113 2309 1167 habeam
2323 1129 2411 1180 us,
2444 1113 2548 1184 qui
2576 1112 2650 1168 de
2677 1113 2950 1168 ﬂuctibus
2973 1114 3142 1168 istius
3157 1114 3292 1168 vitae
3314 1127 3569 1166 emerse-

205 1211 346 1279 ἡμᾶς
375 1207 434 1262 δὲ
463 1215 614 1272 νόσος
664 1212 820 1282 ἔσχεν
864 1214 986 1282 (είγε
1029 1216 1137 1286 χρὴ
1172 1215 1365 1270 ταύτην
1413 1217 1562 1265 νόσον
1615 1213 1808 1278 καλεῖν,

1962 1204 2074 1265 int,
2109 1205 2164 1256 et
2207 1216 2312 1271 per
2357 1206 2410 1256 te
2450 1202 2699 1272 cupiunt
2738 1201 2799 1256 in
2845 1207 3086 1274 portum
3131 1200 3570 1273 tranquillitatis

206 1297 342 1351 ἀλλὰ
392 1303 463 1369 μὴ
499 1300 720 1352 θανάτου
769 1302 1029 1374 πρόθυρα)
1067 1301 1206 1364 ὀξεῖα
1236 1306 1324 1353 καὶ
1368 1299 1771 1374 ἀπροσδόκητος
1795 1324 1807 1336 ·

1966 1289 2129 1345 tvitaa
2161 1288 2595 1361 philosophicas
2620 1290 2858 1346 deduci.
2892 1293 2974 1347 Me
3001 1292 3245 1347 morbus
3269 1289 3480 1346 habuit
3501 1289 3574 1360 (si

206 1386 340 1439 ἀλλά
382 1394 494 1447 ταῖς
541 1389 683 1459 ὑμῶν
739 1387 926 1460 εὐχαῖς
966 1398 1060 1452 τῆς
1119 1386 1354 1464 σφοδρᾶς
1400 1389 1582 1448 ἀνῆκεν
1647 1391 1814 1444 ἐπιθέ-

1967 1380 2200 1434 Iorbum
2250 1384 2470 1447 tamen,
2517 1384 2574 1434 et
2603 1395 2722 1436 non
2755 1381 2962 1436 mortis
2992 1381 3187 1452 potius
3217 1379 3575 1436 vestibulum

211 1495 366 1541 σεως,
393 1483 526 1529 Θεοῦ
555 1477 708 1529 πάλιν
734 1478 922 1530 ἄνωθεν
953 1481 1077 1550 ἡμῖν
1123 1483 1217 1537 τὴν
1249 1480 1410 1545 ζωὴν,
1443 1479 1527 1533 ἐπὶ
1570 1485 1815 1553 μετανοίᾳ

1971 1469 2121 1524 icere
2148 1467 2429 1540 debeam)
2473 1476 2682 1524 acutus
2734 1476 2788 1525 et
2829 1469 3296 1541 inexspectatus.
3328 1469 3442 1524 Sed
3473 1482 3579 1540 per

208 1569 365 1630 ἴσως,
408 1566 433 1618 ὃ
487 1572 575 1618 καὶ
619 1570 839 1637 γένοιτο,
892 1571 1328 1630 κατανεύσαντος·
1361 1573 1448 1622 καὶ
1497 1569 1676 1622 λοιπὸν
1707 1567 1813 1629 ἤδη

1971 1563 2149 1613 estras
2184 1572 2413 1629 preces,
2453 1557 2528 1613 de
2558 1558 2879 1614 acerbitate
2910 1558 3137 1630 aliquid
3173 1559 3431 1627 remisit;
3461 1560 3579 1614 Deo

216 1655 411 1727 ζῶμεν,
440 1654 485 1708 εἰ
516 1660 605 1708 καὶ
645 1657 712 1708 τά
743 1655 960 1728 λείψανα
1007 1665 1098 1710 τοῦ
1145 1659 1342 1720 πάθους
1396 1661 1472 1710 ἔτι
1527 1659 1821 1732 παραλυπιί

1973 1662 2174 1702 emum
2201 1645 2274 1701 de
2305 1646 2455 1702 caelo
2484 1645 2628 1701 mihi
2653 1647 2834 1702 vitam
2856 1647 2933 1702 ad
2961 1647 3392 1718 paenitentiam,
3416 1647 3581 1718 quod

214 1749 277 1798 τὸ
303 1747 582 1818 σωμάτίον.

1975 1735 2255 1807 ptaverim
2283 1735 2528 1801 factum,
2561 1737 3178 1801 annuente.Quocirca
3195 1737 3447 1792 vivimus
3477 1737 3583 1792 ad-

1927 1825 2066 1890 huc,
2109 1823 2242 1880 licet
2292 1824 2436 1880 mihi
2469 1824 2894 1896 corpusculum
2934 1824 3206 1898 reliquiae
3251 1824 3409 1881 illius
3441 1823 3587 1881 mali

1929 1914 2086 1969 male
2107 1913 2372 1970 habeant
2398 1913 2701 1970 aﬁectum.
2827 1921 2831 1924 ‘

839 2001 1051 2050 ΕΙΙΙΣΤ.
1076 1995 1212 2079 ξς.

2533 2001 2744 2058 EPIST.
2797 2002 2971 2058 XCVI.

610 2090 894 2158 Νικηφόρῳ
921 2084 1184 2158 φιλοσόφῳ
1209 2093 1448 2158 μοναχῷ.

2222 2091 2558 2160 Nicephoro
2579 2091 2932 2161 philosopho
2957 2091 3265 2148 monacho.

1499 2210 1791 2262 Montacut.
1827 2213 1932 2278 (ep.
1963 2215 2073 2272 237,
2096 2228 2148 2278 p.
2178 2215 2308 2278 358).
2685 2207 2689 2212 ί

294 2325 691 2398 Ἀμηχανοῦντί
746 2345 836 2397 μοι
909 2329 999 2378 καὶ
1069 2324 1422 2399 ἀπορουμένῳ,
1474 2332 1564 2380 καὶ
1623 2326 1827 2400 ἀσχάλ-

2007 2329 2262 2386 Haerenti
2307 2330 2448 2387 mihi
2497 2331 2700 2398 dubio,
2747 2336 2804 2388 et
2847 2331 3145 2388 vacillanti
3189 2331 3265 2388 de
3315 2348 3587 2390 mearum

222 2413 365 2468 λοντι
416 2419 536 2487 περὶ
579 2417 645 2466 τὰ
698 2414 814 2466 κατ’
855 2414 1075 2486 ἐμαυτόν
1123 2413 1244 2486 (ἐμὰ
1298 2418 1399 2488 γὰρ
1453 2419 1520 2468 τὰ
1569 2424 1661 2469 τοῦ
1703 2417 1826 2490 ἐμοῦ

1979 2436 2134 2475 arum
2153 2425 2305 2476 statu
2332 2420 2492 2493 (mea
2517 2421 2676 2476 enim
2700 2427 2859 2488 sunt,
2883 2422 3058 2476 velim
3084 2420 3289 2486 nolim,
3313 2437 3447 2494 quae
3471 2421 3587 2478 mei

227 2507 468 2576 αἳματος,
523 2503 618 2556 κᾶν
657 2509 726 2576 μὴ
764 2503 933 2575 θέλω),
971 2509 1060 2556 καὶ
1111 2506 1210 2556 ὅσα
1261 2506 1401 2563 πάθη
1451 2509 1661 2578 συνέχει
1706 2511 1830 2568 τοὺς

1978 2509 2245 2579 anguinis
2275 2511 2460 2580 sunt),
2495 2518 2550 2566 et
2577 2516 2727 2583 quot
2757 2510 2931 2567 malis
2947 2511 3125 2566 amici
3156 2517 3586 2583 premerentur,

228 2591 428 2664 φίλους,
485 2593 812 2664 παραμύθιον
853 2592 973 2650 ἧκεν
1024 2589 1175 2664 (εἶδες
1225 2594 1402 2664 καινά)
1446 2593 1500 2646 ἐκ
1551 2604 1828 2668 συμφορῶν

1981 2597 2097 2653 enit
2124 2598 2402 2655 solatium
2434 2599 2590 2670 (vide
2622 2600 2704 2655 rei
2724 2601 3070 2670 novitatem)
3104 2617 3141 2656 a
3163 2599 3589 2672 multiplicibus

227 2681 569 2755 πολυτρόπων
618 2682 903 2756 ἠρτημένον
965 2680 1132 2753 φίλου.
1182 2679 1324 2734 Ἐλθε
1372 2679 1440 2741 δὴ
1491 2679 1600 2748 οὖν,
1654 2686 1826 2760 ὥσπερ

1982 2687 2053 2744 lis
2085 2687 2258 2743 malis
2300 2689 2520 2760 quibus
2560 2690 2792 2745 amicus
2825 2690 3148 2760 urgebatur
3177 2706 3190 2744 :
3225 2689 3358 2745 veni
3389 2694 3590 2745 autem

231 2775 437 2832 ἤτησας
471 2792 484 2804 ο
515 2769 624 2824 ἐλθὲ
653 2775 746 2829 τὴν
789 2775 1056 2842 ταχίστην
1079 2787 1090 2799 ·
1125 2769 1173 2822 ἒν
1221 2775 1362 2843 μέρει
1409 2775 1498 2844 μὲν
1547 2776 1676 2834 ἶσως
1711 2756 1829 2843 (σύ-ν

1982 2782 2106 2832 ixta
2134 2776 2302 2849 quod
2321 2756 2658 2850 expetebas,
2682 2783 2741 2834 et
2757 2756 3061 2834 celerrime
3087 2778 3334 2850 quidem
3347 2779 3482 2834 veni
3511 2778 3590 2835 ad

231 2868 346 2932 Θεῷ
379 2857 438 2914 δὲ
472 2861 648 2934 φάναι)
675 2865 768 2919 τὴν
825 2859 1127 2931 ἀπαλλαγὴν
1174 2862 1407 2933 εὑρήσων
1451 2871 1551 2914 τῶν
1599 2863 1830 2936 παραλυ-

1979 2871 2129 2922 artes
2156 2866 2519 2934 inventurus,
2547 2867 2774 2926 favente
2803 2871 2939 2932 Deo.
2973 2868 3388 2924 liberationem
3414 2868 3488 2924 ab
3519 2868 3587 2923 iis

229 2953 465 3004 πούντων
499 2971 511 2983 ·
547 2948 610 3001 iv.
641 2953 784 3022 μέρει
836 2946 894 3001 δε
946 2953 1035 3001 καὶ
1087 2951 1227 3021 ἡμᾶς
1265 2958 1326 3024 τῇ
1386 2950 1504 3026 φίλῃ
1563 2957 1830 3026 παρουσίᾳ

1986 2972 2074 3010 uae
2105 2972 2358 3012 maerore
2383 2961 2438 3012 te
2465 2956 2762 3013 afﬁciunt:
2791 2958 2925 3013 veni
2941 2956 3121 3014 etiam
3145 2957 3206 3014 in
3228 2963 3428 3029 partes
3449 2956 3592 3013 alle-

227 3049 324 3103 τῆς
354 3035 694 3093 πολυωδύνου
725 3042 983 3111 κουφίζων
1015 3037 1256 3112 ἀθυμίας.

1982 3043 2138 3100 iandi
2158 3060 2261 3117 per
2281 3046 2539 3103 amicam
2566 3052 2732 3103 tuam
2757 3047 3140 3119 praesentiam
3167 3045 3590 3102 multimodam

1937 3133 2251 3190 tristitiam.

859 3223 1071 3273 ΕΠΙΣΤ.
1109 3217 1223 3283 ς’Ζ’.

2535 3226 2746 3281 EPIST.
2783 3226 2985 3281 XCVII.

889 3313 974 3378 Τῷ
1004 3307 1167 3378 αύτῷ.

2649 3313 2875 3372 Eidem.

1507 3414 1802 3466 Montacut.
1829 3418 1938 3482 (ep.
1961 3417 2070 3474 238,
2099 3433 2151 3482 p.
2183 3419 2314 3481 359).

299 3511 360 3564 Ὀ
416 3513 506 3584 μὶν
563 3516 764 3584 χειμὼν
793 3511 1035 3584 ἐγεγόνει,
1093 3515 1184 3564 καὶ
1230 3515 1322 3570 τὴν
1377 3517 1644 3588 χειμέριον
1675 3517 1832 3588 ὥραν,

2020 3517 2278 3573 Transiit
2306 3517 2520 3587 hiems,
2555 3521 2611 3573 et
2640 3517 2955 3573 hibernam
2985 3520 3393 3589 tempestatem
3427 3515 3591 3572 illam

232 3603 412 3674 ὥσπερ
469 3599 734 3670 ἐπιτηδὲς,
785 3604 875 3662 τάς
907 3604 1005 3662 σάς
1050 3601 1472 3675 προαναστέλλων
1506 3611 1599 3665 τῆς
1632 3602 1836 3678 βραδύ-

1985 3606 2276 3662 dmodum
2301 3622 2561 3676 congrue
2581 3606 2995 3663 tuaetarditatis
3017 3622 3232 3662 causas
3253 3605 3593 3672 discutiens,

232 3710 397 3753 τητος
424 3690 615 3756 αἰτίας,
643 3689 744 3764 ἀὴρ
784 3686 952 3751 εὔδιος
977 3686 1290 3761 ὑπεδέχετο.
1355 3695 1456 3743 Καὶ
1503 3697 1704 3764 χειμὼν
1734 3695 1836 3746 πά-

1989 3697 2168 3751 udum
2217 3696 2424 3751 coelum
2457 3700 2730 3751 secutum
2761 3701 2866 3750 est.
2913 3698 3135 3751 Rursus
3166 3699 3368 3751 tamen
3395 3694 3456 3750 in
3486 3709 3597 3750 nos

233 3781 317 3833 λιν
355 3779 471 3833 καθ’
524 3782 670 3853 ἡμῶν
721 3779 910 3840 πολλὰς
953 3775 1178 3851 νιφάδοις
1231 3778 1493 3850 λογισμῶν
1533 3779 1693 3852 ἀφιεὶς
1721 3800 1835 3834 κατα

1991 3785 2138 3840 iems
2181 3784 2608 3854 cogitationum
2636 3786 2800 3839 nives
2839 3790 2896 3840 et
2927 3785 3149 3839 imbres
3180 3785 3431 3840 immisit
3459 3798 3596 3839 cum

238 3869 539 3945 εῤῥὴγνυτο,
572 3874 636 3922 Τί
667 3866 726 3922 δε
763 3873 976 3940 γέγονε;
1009 3874 1080 3940 μή
1127 3887 1178 3920 τι
1207 3876 1305 3919 τῶν
1349 3865 1624 3926 ἀδοκήτων
1679 3869 1840 3928 ἀπήν-

1991 3887 2206 3940 έδξζοτθ.
2246 3871 2397 3936 Quid
2429 3877 2628 3926 autem
2657 3871 2876 3925 factum
2909 3871 2936 3924 ?
2963 3872 3114 3926 Num
3134 3871 3363 3942 aliquid
3384 3871 3599 3926 accidit

237 3976 407 4024 τησε;
461 3964 589 4030 μήτι
648 3957 834 4016 συνέϐη
876 3967 976 4010 τῶν
1005 3957 1351 4030 μολυσμάτων
1385 3967 1434 4000 ω
1465 3975 1478 4024 ;
1510 3959 1614 4030 ἄρα
1640 3955 1700 4010 δὲ
1731 3960 1840 4031 θερ·

1992 3965 2318 4032 isperatum
2333 3957 3223 4028 ?numimpedimentum?num
3241 3959 3364 4012 sine
3377 3972 3600 4026 magna

238 4053 347 4122 μὴν
378 4047 512 4099 οὕτω
540 4050 672 4120 πρός
701 4051 794 4105 τὴν
820 4042 1006 4099 ἄνοδον
1037 4047 1224 4119 ὁρμὴν,
1254 4046 1372 4097 ἄνευ
1422 4046 1648 4118 μεγάλης
1690 4049 1840 4118 ἀνάγ-

1995 4050 2300 4106 ecessitate
2331 4048 2531 4121 aliqua
2573 4046 2880 4119 quiescere
2906 4047 3096 4117 potuit
3121 4051 3316 4101 tantus
3355 4045 3454 4102 ille
3494 4046 3601 4100 im-

239 4157 362 4201 κης,
397 4135 511 4195 ἐνῆν
562 4137 865 4208 ἡσυχάσαι.
896 4137 1178 4195 Τοιαύτοιις
1221 4135 1370 4206 ἡμεῖς
1401 4137 1449 4186 οἱ
1491 4136 1592 4187 ύπό
1647 4143 1737 4196 τῆς
1764 4136 1844 4188 εύ-

1997 4145 2126 4194 etus
2155 4137 2525 4209 atqueardor
2549 4135 2979 4205 adregressum
3007 4133 3288 4190 ‘?Talibus
3302 4149 3413 4189 nos
3443 4133 3601 4188 curis

244 4222 367 4286 δίας
415 4221 901 4296 ἐκκλυδωνιζόμεθα
957 4227 1241 4296 φροντίσιν.
1273 4229 1330 4276 Ὀ
1359 4225 1458 4298 γὰρ
1501 4229 1706 4296 τρόπος,
1752 4223 1846 4276 ούκ

1995 4235 2011 4284 ι
2037 4227 2464 4297 cogitationum
2495 4224 2966 4298 tempestatibus,
2996 4223 3173 4278 etiam
3218 4239 3352 4277 cum
3385 4221 3603 4276 sudum

244 4311 354 4368 οἶδ’
387 4315 520 4380 ὅθεν,
582 4315 704 4386 ὑμῖν
757 4312 1074 4388 παρακύψας
1099 4324 1147 4364 ιι,
1186 4314 1332 4384 τάχα
1376 4309 1435 4365 δε
1485 4311 1540 4364 ἐκ
1570 4321 1665 4375 τῆς
1694 4332 1851 4372 ποιη-

1995 4323 2104 4386 rat,
2122 4315 2524 4387 jactabamur.
2554 4313 2758 4370 Modus
2775 4312 2957 4378 enim,
2987 4313 3187 4368 nescio
3211 4311 3390 4377 unde,
3420 4327 3484 4366 se
3508 4325 3603 4365 vo-

247 4411 402 4464 τικῆς
432 4401 729 4478 έντρεχείας
757 4420 770 4432 '
802 4401 1096 4474 συνεφείλκε
1145 4404 1244 4475 γὰρ
1298 4401 1439 4472 αύτῷ
1490 4408 1580 4455 καὶ
1625 4408 1853 4474 στίχους

2005 4408 2053 4461 is
2085 4421 2190 4478 per
2213 4403 2579 4475 crepidinem
2602 4403 2934 4467 ostentavit,
2967 4399 3232 4457 fortassis
3258 4399 3336 4456 ab
3361 4398 3608 4456 assidui-

248 4501 350 4556 τῆς
400 4491 586 4545 ἐκεῖθεν
632 4495 1009 4564 πεποιημένους
1055 4487 1258 4556 ἀδείας,
1317 4492 1490 4566 ὥσπερ
1545 4494 1856 4564 ἐπιγαυρού-

2006 4501 2078 4552 ite
2111 4494 2337 4566 poetica
2369 4509 2383 4559 ;
2420 4509 2539 4548 una
2578 4491 2739 4547 enim
2787 4507 2990 4546 secum
3039 4489 3369 4546 attrahebat
3404 4501 3614 4542 versus

251 4602 406 4658 μενος
459 4591 530 4653 τῷ
586 4586 738 4654 γένει,
796 4586 887 4634 καὶ
927 4577 1220 4640 ἐπιδεικνὺς
1265 4582 1391 4652 ἡμῖν
1447 4584 1504 4633 τὸ
1552 4585 1848 4653 αὐτόνομον.

2012 4584 2264 4640 uosdam
2287 4582 2535 4638 licentiae
2563 4580 2724 4653 apud
2748 4586 2954 4651 poetas
2979 4583 3297 4650 usurpatae,
3325 4575 3496 4649 quasi
3523 4590 3618 4645 ge-

255 4671 403 4729 Ἀλλ’
455 4667 543 4724 οὖν
599 4671 748 4734 οὗτος
784 4674 928 4724 οὔπω
979 4679 1086 4732 τοῖς
1129 4669 1487 4743 ἀγροικότερον
1541 4673 1674 4732 ἴσως
1709 4673 1856 4743 ἡμῖν,

2012 4675 2128 4729 eris
2159 4673 2408 4728 elatione
2441 4677 2698 4734 tumens,
2727 4676 2782 4724 et
2825 4668 2998 4723 nobis
3037 4666 3348 4722 ostendere
3389 4664 3618 4728 volens,

259 4767 391 4836 πρὸς
433 4764 500 4814 τὰ
541 4766 760 4814 τοίαῡτα
803 4759 1033 4834 βιοῦσιν,
1079 4756 1322 4831 οὐδαμῶς
1358 4759 1657 4835 παρρησίαν
1705 4762 1861 4832 ἔσχεν

2019 4780 2157 4819 uam
2211 4761 2285 4817 sit
2309 4762 2455 4832 juris
2488 4761 2577 4814 sui
2603 4764 2660 4813 et
2687 4757 3020 4829 potestatis.
3067 4755 3489 4811 Verumtamen
3517 4753 3625 4807 iste

263 4850 548 4904 έπεισιέναι
576 4872 588 4884 ·
649 4858 842 4923 σχῆμα
886 4851 1191 4924 προφάσεως
1237 4850 1542 4923 ὑποτρέχων
1591 4848 1778 4920 μᾶλλον
1831 4848 1861 4906 ἦ

2019 4853 2194 4908 nodus
2230 4850 2497 4904 nondum
2531 4848 2672 4903 satis
2704 4845 2988 4900 libertatis
3020 4849 3231 4900 nactus
3261 4847 3366 4907 est,
3413 4841 3491 4896 ad
3517 4856 3627 4896 nos

264 4939 441 4993 αἰτίαν
484 4942 621 5012 ἔχων
659 4941 812 4993 πόθεν
868 4937 1182 5012 έμφανίζειν.
1232 4941 1331 4990 Καὶ
1361 4940 1504 4990 οὔπω
1545 4937 1697 5008 λέγω,
1724 4940 1794 5000 ὡς
1825 4937 1869 4990 εἰ

2023 4939 2348 5010 ngrediendi
2364 4937 2489 5009 (qui
2508 4936 2704 5006 magis
2717 4933 2918 4989 rustici
2934 4934 3117 4987 moris
3135 4930 3631 5002 sumus)speciem

264 5033 359 5105 μεν
417 5031 444 5082 ὁ
491 5033 692 5102 χειμὼν
741 5028 953 5103 ἀπεῖργε
985 5049 998 5062 ·
1048 5031 1285 5102 περιττόν
1325 5029 1350 5079 ό
1408 5033 1597 5102 τρόπος
1631 5045 1643 5058 ⁸
1673 5025 1797 5081 εἶδ’
1847 5030 1871 5080 ό

2026 5029 2308 5086 uamdam
2341 5031 2658 5098 praetextus
2697 5025 2894 5096 potius
2922 5021 3190 5085 subiens,
3217 5035 3401 5093 quam
3433 5033 3634 5074 veram

262 5128 361 5181 τῆς
411 5116 602 5172 ἀνόδου
640 5123 853 5195 τρόπος,
885 5117 978 5170 οὐκ
1036 5115 1290 5178 οἷδ’ὅπως
1339 5115 1695 5190 ἀγνοούμενος,
1741 5115 1870 5170 ἐπεῖ-

2027 5135 2228 5176 ausam
2253 5118 2506 5182 habens,
2537 5113 2695 5169 unde
2716 5110 3142 5167 manifestetur.
3159 5109 3436 5164 Nondum
3455 5105 3635 5171 addo,

265 5236 358 5289 χε,
393 5215 731 5290 παρέλκουσα
781 5220 1043 5288 πρόφασις
1098 5216 1128 5272 ἡ
1172 5220 1262 5266 τοῦ
1288 5221 1546 5285 χειμῶνος
1583 5211 1680 5285 βία
1707 5234 1719 5246 ·
1759 5208 1873 5265 οὐδ’

2034 5207 2147 5264 uod
2175 5208 2224 5264 si
2255 5205 2558 5278 prohibuit
2581 5201 2798 5270 hiems,
2830 5199 3046 5256 frustra
3071 5203 3158 5255 est
3178 5197 3259 5253 rei
3293 5197 3531 5263 modus;
3551 5195 3642 5249 sin

267 5284 352 5360 an
377 5284 511 5379 μετὰ
559 5305 752 5366 πολλὰς
801 5284 1018 5379 ἧμέρας,
1068 5308 1158 5355 καὶ
1196 5284 1439 5375 περίοδον
1481 5284 1618 5355 οὕτω
1671 5308 1875 5377 μακρᾶς

2036 5305 2296 5370 moratus
2307 5301 2508 5353 autem
2526 5290 2899 5363 regrediendi
2915 5289 3128 5345 modus
3148 5284 3644 5353 inhibuit,hiemis

1641 5426 1882 5482 VARI/E
1914 5422 2315 5482 LECTIONES.

345 5554 363 5600 Ι
420 5559 502 5609 ἶσ.
534 5553 968 5628 παραπέμψαιμι.
1045 5565 1088 5596 m
1115 5555 1196 5606 ἶσ.
1227 5552 1564 5625 κωλυμάτων.
1641 5573 1670 5603 n
1703 5554 1780 5606 ῖσ.
1807 5548 2091 5624 παρέκυψε.

586 5654 828 5710 ΡΑτιιοι..
857 5652 958 5710 Gn.
992 5650 1102 5707 Cll.
3271 5636 3343 5690 29
