4072 6232
578 230 688 286 907
1823 230 2054 286 PHOTll
2093 230 2215 286 ΡΑἸ

2328 231 2581 289 \RCHIE
2619 231 2728 290 CP.
3804 240 3874 295 908

577 353 679 411 illa
703 353 790 409 vis
823 357 1142 424 praeteritus
1168 357 1258 410 est
1283 369 1694 426 supervacuus
1737 371 1750 404 :
1781 370 1901 411 non
1917 355 2082 428 quod
2104 373 2212 428 pos

2349 360 2688 430 προθεσμίας,
2719 359 2750 415 ἦ
2784 364 2875 409 τοῦ
2930 361 3123 432 τρόπου
3174 360 3406 430 μάθησις
3468 366 3554 411 νῦν
3595 359 3874 423 ἐπιζητεῖται.

575 443 802 499 multos
827 443 954 498 dies
983 449 1038 498 et
1054 443 1370 515 periodum
1403 448 1523 499 tam
1553 443 1714 513 longi
1745 444 2031 516 propositi
2075 445 2215 500 mod

2350 447 2445 499 Ἐῶ
2483 450 2570 519 μὲν
2625 443 2731 512 οὖν,
2766 450 2939 519 ὥσπερ
2985 449 3129 519 ἔφην,
3184 457 3366 502 ταῦτα.
3422 449 3575 504 Ἀλλὰ
3623 453 3712 522 γὰρ
3762 455 3874 525 ὀμει

574 532 833 605 cognitio
849 533 977 603 jam
1003 532 1249 588 tandem
1280 531 1617 604 inquiritur.
1652 533 1760 589 Sed
1787 535 1921 604 hoc,
1957 533 2039 588 uti
2071 533 2215 588 dixe-

2344 541 2543 608 χειμὼν
2622 536 2820 608 ἠρέμει,
2869 541 2959 588 καὶ
3011 536 3233 607 γαληνὸν
3290 533 3546 610 μειδίαμα
3594 543 3679 596 τὴν
3733 543 3874 614 ἡμέραν

573 637 700 678 ram
730 623 938 678 omitto
968 637 982 688 ;
1015 638 1152 677 cum
1174 621 1305 694 jam
1335 622 1656 679 cessaverit
1684 623 1897 692 hiems,
1931 628 1989 678 et
2017 623 2215 679 ccelun

2347 622 2554 698 διεγέλα
2577 643 2589 655 ⁸
2615 630 2791 699 παρὼν
2824 623 2876 678 δ’
2902 627 2927 677 ὁ
2971 627 3112 698 φίλος
3147 623 3384 697 οὐδαμοῦ
3439 631 3728 698 σκυθρωπὸν
3760 630 3877 691 αὐτῆς

575 711 797 767 sudum
816 710 975 766 diem
996 710 1246 766 ridendo
1274 712 1633 767 serenaverit
1659 732 1672 779 ;
1711 729 2013 785 nusquam
2035 718 2215 767 tamet

2343 720 2432 767 καὶ
2495 718 2715 786 στυγνὸν
2760 718 2817 766 τὸ
2877 719 3154 786 πρόσωπον
3205 713 3480 768 ὑπεδείκνυ
3512 738 3523 748 ·
3580 716 3699 774 πλὴν
3741 718 3776 770 εἰ
3815 726 3877 771 καὶ

573 806 880 872 comparet
907 801 1156 864 amicus,
1200 805 1255 854 et
1286 799 1422 856 ideo
1453 801 1815 858 obnubilum
1863 807 1921 857 et
1963 801 2215 857 tetricun

2345 813 2537 864 σκηνῆς
2594 809 2910 877 προέκυπτεν
2960 805 2988 862 ἡ
3046 803 3320 877 ἀπολογία,
3361 811 3450 857 καὶ
3494 807 3518 857 ὁ
3560 805 3701 866 καλὸς
3737 814 3876 881 τρόπος

572 905 780 945 rursus
806 889 934 960 ejus
959 887 1185 943 vultum
1213 887 1376 945 facit.
1429 891 1493 945 Et
1523 895 1721 947 tamen
1752 892 1798 946 si
1832 908 1867 947 a
1893 905 2070 946 scena
2101 905 2215 961 pro-

2346 898 2709 966 συγχορευτὴν
2741 893 2921 946 ἑαυτὸν
2951 893 3170 946 ὑπέϐαλε
3219 901 3314 946 τοῦ
3349 903 3599 967 χειμῶνος
3631 912 3642 925 ·
3787 899 3876 968 ἡμῖν

573 977 826 1052 spexerit
844 977 1147 1049 apologia,
1172 983 1227 1033 et
1248 978 1570 1050 praeclarus
1593 980 1689 1037 ille
1717 996 1850 1035 mos
1873 995 1936 1034 se
1953 995 2074 1034 una
2094 993 2215 1033 cur:

2341 1001 2400 1053 γε
2450 987 2538 1034 καὶ
2592 983 2726 1034 οὕτω
2788 985 2964 1056 χαρὰν
3021 982 3316 1041 ἐπέστησαν
3386 986 3669 1056 θεατρίσαι.
3714 988 3877 1046 Πάντως

573 1071 923 1139 tempestate
957 1066 1279 1122 choreuten
1306 1067 1555 1139 prodat;
1583 1068 1730 1124 mihi
1753 1067 2089 1139 jucundum
2123 1071 2211 1122 est

2340 1074 2438 1144 γὰρ
2495 1071 2649 1124 ἄλλου
2702 1072 3150 1145 παραλυποῦντος,
3207 1077 3294 1124 καὶ
3349 1073 3560 1124 κωλύειν
3610 1075 3672 1134 ὡς
3726 1073 3876 1135 ἀληθῶς

572 1154 619 1210 si
648 1155 732 1211 sic
776 1155 868 1210 vel
896 1155 954 1210 in
1001 1171 1185 1212 scena
1230 1162 1430 1225 agant.
1464 1157 1610 1212 Cum
1645 1157 1804 1213 enim
1844 1163 1995 1213 esset
2024 1172 2215 1228 procu.

2343 1165 2434 1218 τὴν
2464 1161 2637 1232 ἄφιξιν
2669 1157 2956 1232 δυναμένου
2988 1169 3051 1233 τῇ
3084 1163 3202 1213 καθ’
3250 1162 3442 1213 ἑαυτῶν
3485 1165 3770 1233 μεταστάσει
3808 1173 3878 1224 τῆς

569 1244 756 1301 dubio
783 1243 968 1312 aliud,
993 1244 1158 1316 quod
1190 1244 1438 1310 doleret,
1467 1251 1521 1301 et
1542 1246 1868 1302 adventum
1905 1251 2106 1318 posset
2136 1246 2215 1299 de

2341 1250 2529 1315 αἰτίας,
2583 1249 2885 1320 ἀπαλλαγὴν
2958 1249 3143 1321 ἐμήνυε
3228 1255 3316 1302 καὶ
3379 1249 3696 1323 ἐλευθερίαν·
3744 1255 3874 1324 χαρὰν

567 1335 772 1403 tinere,
799 1350 903 1406 per
925 1333 1290 1389 amotionem
1321 1351 1357 1390 a
1407 1335 1617 1408 seipsis
1657 1334 1810 1391 illius
1837 1351 2054 1399 causai,
2087 1334 2215 1389 libe-

2338 1343 2511 1410 μέντοι
2561 1358 2620 1410 γε
2671 1341 2904 1413 καθαρὰν
2935 1335 3118 1390 ἐδίδου
3149 1344 3380 1411 χαίρειν,
3413 1339 3466 1390 ἐκ
3515 1348 3603 1390 τοῦ
3629 1343 3875 1411 γράμματος

565 1425 859 1481 rationem
875 1429 926 1479 et
945 1423 1382 1494 exemptionem
1402 1424 1702 1480 indicavit.
1731 1425 2027 1482 Gaudium
2049 1439 2215 1496 porrc

2336 1429 2566 1499 μαθοῦσι
2623 1430 2680 1479 τὸ
2735 1428 2858 1501 ῥᾷον
2921 1447 2976 1480 σε
3015 1437 3113 1479 τῶν
3164 1430 3476 1499 νοσημάτων
3524 1430 3672 1498 ἔχειν,
3701 1433 3772 1478 καὶ
3802 1432 3876 1488 εῖες

567 1515 829 1584 gaudere
853 1511 1150 1568 sincerum
1183 1530 1213 1568 e
1246 1513 1452 1568 litteris
1480 1513 1689 1569 datum
1713 1522 1800 1570 est
1831 1515 1916 1578 iis,
1952 1514 2054 1585 qui
2083 1528 2113 1566 e
2142 1511 2215 1567 lit-

2335 1519 2460 1589 ἡμῖν
2509 1519 2640 1588 μετὰ
2692 1523 2783 1568 τοῦ
2838 1513 3003 1588 μηδὲν
3048 1520 3123 1569 ἔτι
3169 1525 3405 1569 τοιοῦτον
3448 1514 3782 1589 διαμαρτάνειν
3821 1518 3874 1579 εἰς

566 1604 702 1659 teris
725 1604 838 1659 tuis
859 1601 1268 1670 resciscunt,te
1287 1602 1633 1659 meliuscule
1655 1605 1729 1659 de
1749 1604 1958 1659 morbo
1975 1601 2215 1668 habere,

2335 1609 2392 1659 1'0
2424 1607 2608 1659 τέλειον
2636 1605 3043 1677 ἀπηλλαγμένος.

565 1709 603 1748 a
631 1708 753 1766 quo
778 1691 1028 1764 optarim
1056 1696 1109 1746 te
1141 1692 1396 1763 perfecte
1423 1691 1682 1758 liberari,
1713 1694 1828 1748 sub
1877 1689 2220 1748 conditione
2253 1713 2297 1768 Β

564 1798 641 1838 ne
671 1782 952 1853 deinceps
983 1780 1204 1852 aliquid
1234 1780 1344 1836 tale
1375 1781 1742 1838 committas.
1830 1785 1837 1790 ’

1147 1871 1356 1926 EPIST.
1401 1872 1626 1926 XCVIII.
2953 1860 3165 1907 ΕΠΙΣΤ.
3199 1854 3318 1918 ς-ΙΓ.

633 1959 970 2030 Nicephoro
987 1959 1338 2031 philosopho
1359 1961 1821 2017 monachismum
1844 1961 2144 2029 amplexo.

2666 1948 2950 2015 Νικηφόρῳ
2995 1944 3254 2016 φιλοσόφῳ
3285 1944 3580 2016 μονάζοντι.

1831 2077 2123 2126 Montacut.
2159 2075 2263 2135 (ep.
2302 2062 2410 2115 242»
2445 2073 2496 2122 P-
2526 2060 2656 2121 ³6⁵)-

2403 2166 2572 2226 Δειλὸς
2622 2168 2712 2236 μὲν
2758 2165 2825 2225 εἰς
2877 2171 2969 2223 τὴν
3001 2165 3190 2236 φιλίαν,
3227 2162 3518 2240 δειλότερος
3565 2163 3619 2218 δὲ
3658 2169 3755 2236 περὶ
3801 2169 3867 2220 τὴν

2329 2258 2580 2328 ἡμετέραν
2622 2251 2880 2306 διάθεσιν.
2936 2255 3073 2309 Ἀλλ’
3131 2257 3226 2327 ὅρα
3265 2257 3401 2327 ἡμᾶς
3443 2256 3511 2317 εἰς
3553 2258 3660 2307 ὅσον
3710 2273 3775 2305 σοι
3812 2272 3864 2304 τε·

2331 2345 2680 2419 θαρῥὴκαμεν,
2739 2347 2818 2396 ὅτι
2858 2349 2947 2396 καὶ
2999 2341 3296 2406 δειλιῶντος
3347 2345 3408 2396 οὐ
3476 2342 3743 2416 φειδομεθα,
3783 2341 3865 2392 ἀλλ’

2328 2433 2502 2508 ἐτέρας
2548 2433 2700 2484 πάλιν
2754 2429 2950 2493 δειλίας
2987 2436 3116 2494 ἴσως
3155 2433 3581 2505 καταϐαλλομεθα
3633 2437 3860 2505 σπέρματα,

631 2183 892 2240 Pavidus
922 2186 1009 2238 est
1047 2182 1126 2239 ad
1152 2182 1479 2238 amicitiam
1510 2184 1985 2240 contrahendum
2021 2201 2034 2248 ;
2063 2179 2217 2237 timi-

557 2273 689 2329 dior
717 2288 860 2343 erga
901 2288 1100 2327 meam
1141 2270 1620 2342 dispositionem.
1653 2271 1737 2326 Tu
1759 2279 1957 2328 autem
1991 2271 2126 2326 vide
2157 2268 2217 2323 in

557 2368 852 2436 quantum
876 2377 987 2433 ego
1021 2361 1125 2416 tibi
1151 2361 1414 2428 conﬁdo,
1448 2378 1584 2416 cum
1609 2377 1717 2416 nec
1749 2361 2084 2433 pavescenti
2114 2375 2218 2430 pe-

555 2453 868 2525 percerim,
902 2449 1003 2505 sed
1038 2449 1280 2504 ulterius
1302 2449 1502 2505 adhuc
1527 2457 1583 2506 et
1603 2450 1752 2505 alius
1778 2450 2102 2505 timiditatis
2133 2464 2215 2504 se-

556 2539 1020 2612 minajaciam;
1067 2538 1127 2592 in
1174 2555 1296 2611 quo
1349 2539 1728 2594 timiditatem
1778 2538 2214 2611 reprehendam

555 2635 612 2685 et
641 2631 939 2697 exagitem
976 2644 987 2683 :
1021 2626 1124 2683 sed
1158 2634 1220 2682 tu
1258 2627 1499 2683 viriliter
1519 2644 1650 2696 age,
1678 2629 1836 2699 vale,
1859 2633 1916 2683 et
1949 2646 2040 2683 me
2075 2644 2213 2682 eum

556 2725 689 2765 esse
740 2707 1022 2776 intellige,
1057 2722 1236 2779 quem
1286 2723 1408 2762 non
1441 2707 1772 2763 existimas.
1821 2698 1968 2764 Cum
2013 2715 2211 2762 tamen

2328 2701 2433 2761 ζεις
2457 2721 2468 2733 ·
2495 2699 2601 2751 ἀλλ’
2654 2698 2762 2751 ἐπεὶ
2793 2701 2817 2750 ὀ
2849 2705 3024 2771 παρὼν
3063 2703 3247 2773 καιρὸς
3277 2700 3377 2751 οὐκ
3419 2700 3654 2772 ἀποχρῶν
3683 2698 3771 2749 ἐστί
3799 2715 3861 2747 σοι

552 2813 818 2870 praesens
843 2796 957 2852 hoc
992 2800 1228 2867 tempus
1291 2811 1411 2852 non
1443 2796 1547 2852 tibi
1598 2797 1876 2866 sufficiat,
1911 2803 1973 2853 ut
2003 2797 2061 2852 in
2093 2797 2213 2868 opi-

2328 2793 2454 2863 πρὸς
2486 2788 2769 2861 βεϐαίωσιν
2801 2791 2942 2850 οἵους
2969 2791 2993 2840 ὁ
3018 2792 3298 2860 προσέχων
3335 2790 3456 2860 (συν
3506 2797 3610 2858 Θεῷ
3637 2785 3686 2839 δὲ
3729 2785 3861 2858 φάναι)

552 2885 1136 2951 nioneconﬁrmeris,
1163 2900 1347 2957 quam
1372 2885 1476 2956 qui
1501 2885 1711 2953 aderit,
1736 2886 2214 2958 aperiet(utcum

2328 2875 2482 2941 δείξει
2530 2883 2623 2936 τὴν
2678 2882 2774 2936 σὴν
2825 2875 3020 2930 δειλίαν
3070 2881 3240 2952 ἔργοις
3289 2878 3635 2950 ἐλέγχοντας·
3665 2881 3714 2928 τὸ
3745 2873 3861 2931 διεὶς

550 2976 712 3034 bono
731 2979 844 3032 Deo
867 2975 1115 3044 dicam),
1141 2991 1278 3030 cum
1300 2974 1673 3031 timiditatem
1704 2982 1868 3032 tuam
1888 2993 1950 3031 re
1963 2981 2018 3031 et
2039 2992 2212 3048 opere

2328 2972 2416 3025 τὴν
2483 2970 2725 3041 μάρτυρα
2779 2976 2876 3028 τῆς
2926 2968 3066 3038 ὑμῶν
3119 2967 3337 3038 εὖφυίας
3397 2968 3716 3039 φιλοπονημα,
3763 2965 3862 3014 κατὰ

2367 3060 2377 3072 I
2507 3061 2516 3072 ι
2599 3055 2675 3072 ’ν’
2857 3055 2868 3068 ν
2936 3056 3019 3072 ‘A'
3239 3063 3261 3072 ι.
3394 3060 3402 3070 I
3500 3052 3544 3072 ,ι’
3679 3063 3696 3072 ι.
3786 3071 3789 3072 ,
3831 3071 3837 3072 κ

550 3067 870 3136 redarguet
902 3083 916 3118 :
949 3064 1054 3120 sed
1080 3063 1420 3133 diligentem
1451 3079 1698 3136 operam
1731 3081 1766 3121 a
1793 3071 1847 3122 te
1871 3065 2209 3137 impensam

2328 3060 2415 3114 τὴν
2459 3061 2555 3113 σὴν
2590 3055 2804 3118 ἀξίωσιν
2849 3055 3158 3124 ἐπελθόντες,
3200 3063 3296 3119 τῆς
3352 3060 3441 3128 μὲν
3499 3052 3724 3116 Ἀσιανῆς
3769 3071 3861 3103 σπο-

548 3155 609 3211 in
628 3160 895 3210 sanctam
919 3160 1239 3224 martyrem
1263 3152 1589 3218 laudando,
1607 3171 1744 3210 cum
1765 3171 1872 3226 pro
1893 3159 1996 3210 tua
2019 3153 2208 3224 digni-

2328 3150 2412 3215 ρᾶς
2464 3145 2553 3216 (ὡς
2582 3147 2643 3196 ἄν
2677 3165 2752 3206 τις
2785 3148 2919 3197 εἴποι
2966 3142 3105 3217 μηδὲ
3149 3154 3221 3215 τῷ
3253 3153 3480 3198 Μουσῶν
3522 3146 3713 3216 ὀνόματι
3751 3145 3860 3213 χοῶ-

549 3249 667 3300 tate
693 3258 1171 3316 percenseamus,
1207 3241 1440 3296 seminis
1468 3242 1708 3298 Asiatici
1731 3259 1972 3313 germen
2008 3246 2210 3313 genui-

2328 3253 2489 3304 μενος,
2521 3233 2630 3303 ἅμα
2671 3230 2728 3286 δὲ
2757 3239 2846 3286 καὶ
2893 3232 3197 3300 ἀσιανίζων)
3228 3240 3456 3305 γνησίαν
3485 3239 3626 3306 γονὴν
3673 3230 3860 3286 κατειλή·

547 3348 698 3388 num
745 3330 1256 3404 apprehendimus
1289 3331 1378 3401 (ut
1407 3330 1468 3384 id
1525 3330 1608 3386 ita
1641 3348 1951 3403 usurpem,
1984 3333 2209 3404 absque

2328 3342 2480 3394 ραμεν
2523 3361 2534 3372 .
2590 3321 2904 3394 σφαλμάτων
2955 3320 3015 3376 δὲ
3079 3319 3252 3391 οὐδὲν,
3293 3323 3430 3380 πλὴν
3492 3327 3624 3376 εῖπου
3678 3341 3721 3373 τι
3773 3321 3858 3390 περὶ

550 3423 851 3476 Musarum
875 3419 1123 3475 nominis
1151 3417 1587 3484 ursurpatione,
1609 3426 1664 3474 et
1681 3419 1808 3491 ipse
1826 3426 2020 3476 tecum
2045 3424 2209 3476 Asia-

2328 3411 2562 3474 σύνταξιν
2595 3429 2608 3441 ·
2660 3417 2750 3464 καὶ
2788 3419 2940 3464 τοῦτο
2987 3415 3200 3464 σπάνιον
3259 3412 3701 3485 ἔπεσημηνάμεθα.
3729 3409 3780 3462 Εἰ
3815 3404 3858 3458 δέ

549 3509 667 3566 tico
709 3524 870 3564 more
901 3508 1130 3579 agens).
1187 3508 1388 3562 Errata
1431 3507 1596 3563 nulla
1646 3509 1831 3569 video.
1864 3509 1973 3563 nisi
2003 3510 2204 3566 forsan

2328 3518 2364 3550 τι
2418 3505 2546 3574 πρὸς
2601 3505 2694 3559 τὴν
2747 3501 2903 3559 ἄλλην
2960 3501 3207 3560 καλλονὴν
3239 3510 3340 3554 τῶν
3370 3504 3623 3577 ῥημάτων,
3655 3499 3783 3551 καλὸν
3820 3499 3856 3545 ὄν

551 3597 612 3652 in
639 3597 903 3668 syntaxi;
927 3596 1092 3668 quod
1123 3600 1178 3649 et
1204 3595 1406 3664 ipsum
1428 3596 1728 3651 rarissime
1747 3597 2204 3664 indicavi.Quod

2328 3591 2453 3660 Ξμως
2501 3591 2730 3664 ὑστερεῖν
2775 3587 2962 3657 ἐδόκει,
3013 3596 3104 3643 καὶ
3150 3599 3304 3643 τοῦτο
3361 3595 3489 3661 πρὸς
3531 3595 3617 3650 τὴν
3678 3590 3854 3658 συγγοὶ

550 3685 598 3740 si
629 3686 707 3740 ad
736 3685 1028 3741 sermonis
1055 3683 1497 3755 verborumque
1547 3683 2045 3754 pulchritudinem
2095 3689 2205 3746 hoc

2328 3683 2523 3750 μορφὴν
2552 3683 2637 3732 τὸν
2663 3679 2818 3750 λόγου
2843 3679 3030 3742 κάλλος
3060 3682 3460 3753 μεθηρμόσατο.

550 3790 739 3832 unum
767 3773 946 3831 laude
973 3773 1224 3842 dignum
1255 3771 1529 3828 videatur
1557 3773 1788 3840 deesse,
1840 3780 2040 3832 tamen
2063 3783 2118 3835 et
2148 3781 2234 3836 sic
2268 3786 2346 3839 ad
2375 3800 2772 3857 congenerem
2795 3786 2869 3842 de
2897 3791 3109 3844 caetero
3131 3787 3632 3860 pulchritudinem
3658 3784 3850 3840 univer-

552 3879 684 3921 sam
713 3864 910 3936 operis
934 3861 1432 3935 pulchritudinem
1467 3861 1790 3934 copulavit.

1173 3952 1381 4007 EPIST.
1407 3953 1585 4009 XClX.

2929 3971 3139 4020 ΕΠΙΣΤ.
3169 3965 3292 4031 ςΘ’.

1258 4039 1489 4096 Eidem.

2969 4061 3053 4126 Τῷ
3089 4055 3249 4126 αὐτῷ.

1823 4157 2116 4210 Montacut.
2156 4162 2260 4227 (ep.
2293 4166 2402 4223 243,
2429 4181 2480 4230 p.
2509 4167 2639 4229 365).

619 4261 1144 4332 Quemadmodum
1193 4260 1744 4332 pusillanimitatem
1779 4267 1943 4320 tuam
1980 4282 2197 4336 negare

2380 4273 2462 4333 Ὠς
2493 4276 2582 4344 μὲν
2615 4273 2708 4325 οὐχ
2761 4277 2898 4346 ἔχεις
2937 4273 3260 4348 ἐξαρνείσθαι
3313 4282 3410 4336 τὴν
3455 4274 3651 4342 δειλίαν,
3690 4267 3844 4324 οὐδ’ὃιν

544 4371 666 4412 non
699 4357 884 4426 potes,
923 4353 1002 4407 ita
1041 4350 1254 4422 nequis
1281 4349 1530 4405 inficiari
1562 4367 1660 4406 me
1682 4351 1833 4408 bene
1865 4355 2008 4410 satis
2039 4357 2113 4411 de
2147 4360 2199 4411 te

2328 4359 2581 4433 ἱρνηθείης
2616 4367 2704 4414 καὶ
2735 4366 2834 4437 πρὸ
2893 4368 3084 4424 ταύτης
3140 4383 3233 4416 σου
3286 4375 3382 4428 τῆς
3427 4365 3653 4436 γλυκείας
3686 4360 3845 4413 ἐπιστο-

543 4457 920 4517 persuasum,
938 4445 1260 4510 antequam
1283 4455 1530 4494 suavem
1555 4439 1709 4495 hanc
1727 4441 2042 4512 epistolam
2061 4448 2200 4506 mis-

2329 4458 2398 4511 .ῆς
2446 4459 2621 4522 σαφῶς
2665 4450 3000 4524 ἐπεπείσμην.
3051 4460 3153 4505 Τοῦ
3206 4455 3404 4514 πάθους
3444 4457 3538 4527 γὰρ
3587 4455 3635 4503 τὸ
3674 4465 3847 4522 περιφα-

542 4534 752 4589 sitares
785 4548 798 4586 :
832 4528 1032 4602 passio
1061 4528 1191 4599 ipsa
1221 4527 1299 4582 ita
1323 4532 1408 4582 est
1441 4527 1780 4594 manifesta,
1813 4535 1875 4585 ut
1901 4534 2193 4596 volentem

2328 4541 2398 4603 θὲς,
2467 4536 2591 4591 οὐδὲ
2653 4539 2823 4592 λαθεῖν
2879 4538 3171 4601 δυνηθῆναι
3235 4548 3508 4615 συγχωρεῖ
3570 4539 3844 4614 βουληθείη.

540 4620 1016 4678 animadvertere
1037 4615 1216 4672 latere
1248 4631 1368 4670 non
1395 4616 1602 4687 possit.
1631 4618 1701 4672 At
1729 4622 2038 4690 quomodo
2070 4627 2192 4684 fieri

2330 4634 2479 4688 Οπως
2518 4625 2577 4681 δέ
2626 4648 2682 4681 σε
2712 4633 2766 4681 τὸ
2818 4636 2935 4705 περὶ
2981 4635 3074 4689 τὴν
3124 4631 3293 4703 φιλίαν
3330 4629 3516 4695 δειλὸν,
3569 4630 3668 4702 ἅμα
3691 4623 3845 4698 μενεὶς

538 4712 727 4784 possit
769 4715 833 4765 ut
887 4705 1226 4763 inamicitia
1283 4705 1533 4762 colenda
1590 4706 2070 4780 pusillanimitas,
2132 4717 2191 4774 in

2328 4713 2737 4789 inaruxnyairwv
2791 4719 2999 4793 κλῆρον,
3055 4720 3166 4792 ἅμα
3227 4717 3284 4773 δε
3344 4721 3415 4782 εἰς
3456 4721 3600 4791 ἁγίαν
3661 4720 3841 4789 μίμησιν

533 4805 850 4872 utramque
872 4802 1124 4870 partem,
1154 4810 1370 4866 nempe
1389 4794 1636 4850 fortuna
1663 4795 1951 4866 adversae,
1973 4808 2028 4857 et
2055 4821 2188 4861 san.

2328 4811 2558 4878 ιναφέρει,
2602 4815 2754 4859 τοῦτο
2802 4807 3081 4880 συμϐαλεῖν
3129 4809 3298 4862 οὐκέτι
3361 4807 3577 4869 δυνατὸς
3603 4805 3837 4877 ἐγενόμην·

532 4893 639 4943 clas
665 4886 998 4944 imitationis
1027 4884 1225 4940 referri
1255 4884 1837 4955 possit,conjecturis
1867 4888 2065 4947 adhuc
2094 4910 2186 4950 as-

2328 4898 2456 4966 ’ῖμοι
2510 4891 2792 4968 δυστυχὴς
2835 4896 2952 4968 ἐγὼ,
3003 4894 3088 4949 διὸ
3143 4903 3230 4950 καὶ
3275 4903 3393 4971 περὶ
3447 4897 3605 4970 φιλίαν
3657 4890 3833 4949 δειλός·

529 4975 697 5046 sequi
745 4992 993 5048 nequeo.
1033 4975 1305 5030 Miserum
1343 4989 1435 5027 me
1467 4972 1676 5036 fateor,
1710 4975 1995 5046 quocirca
2022 4983 2180 5038 timi-

2330 4983 2422 5035 λλὰ
2467 4989 2555 5036 καὶ
2595 4993 2692 5036 τῶν
2724 4985 2881 5056 ἁγίων
2915 4989 3124 5058 σύμπας
3174 4988 3198 5039 ὁ
3243 4991 3425 5062 χορὸς,
3475 4991 3557 5037 καὶ
3605 4981 3752 5036 δειλία
3773 4975 3835 5050 ἄρ’

525 5063 658 5119 dior
718 5063 777 5118 in
824 5065 1113 5126 amicitia;
1169 5063 1269 5117 sed
1319 5062 1526 5117 eodem
1580 5064 1763 5119 modo
1825 5065 2075 5123 afﬁcitur
2127 5077 2183 5129 et

2328 5073 2350 5124 ὖ
2389 5073 2604 5144 γλυκεῖα
2653 5083 2818 5126 ταῦτα
2859 5071 3053 5136 ἡδονῆς
3108 5077 3309 5142 στάζει,
3369 5080 3458 5127 καὶ
3504 5070 3711 5132 οὐδενός,
3759 5071 3834 5116 ὅσα

523 5156 867 5207 sanctorum
897 5153 1112 5207 cohors
1145 5169 1157 5207 :
1183 5151 1719 5222 apusillanimitatc
1743 5170 1862 5209 non
1893 5155 2182 5218 distillant

2331 5164 2481 5232 s'qwxc
2530 5171 2599 5234 τῷ
2651 5163 2978 5236 ἀνακολούθῳ
3025 5170 3246 5240 τέρπειν,
3321 5164 3393 5227 εἰς
3447 5165 3601 5238 χάριν
3650 5158 3823 5211 ἐλάττω.

519 5239 796 5304 dulcedo,
822 5240 913 5294 vel
942 5240 1238 5311 voluptas,
1269 5256 1377 5295 nec
1395 5240 1651 5313 aliquid,
1686 5244 1848 5314 quod
1873 5261 1977 5314 per
2004 5264 2176 5306 suam

2331 5249 2346 5300 ἰ
2380 5255 2470 5322 μὲν
2501 5255 2598 5326 γὰρ
2651 5249 2962 5325 δυστυχεῖς,
2998 5257 3150 5307 πόθεν
3195 5274 3277 5310 σοι
3316 5263 3415 5306 τῶν
3467 5256 3616 5322 ἁγίων
3645 5250 3670 5306 ἦ
3702 5249 3830 5317 μίμη-

515 5335 794 5386 naturam
821 5327 1078 5384 oblectat
1105 5344 1208 5399 per
1228 5330 1810 5402 inconsequentiam,
1829 5333 2028 5388 minus
2045 5351 2174 5404 gra-

2328 5359 2368 5401 ις
2408 5356 2420 5404 ;
2457 5340 2514 5393 Εἰ
2542 5338 2592 5393 δ’
2619 5340 2692 5413 ἐφ’
2724 5343 2801 5404 οἷς
2859 5340 3052 5414 δειλιᾴς
3105 5349 3192 5396 καὶ
3222 5347 3440 5418 τρέμεις,
3483 5341 3630 5412 ἁγίων
3671 5353 3720 5387 σε
3755 5349 3829 5418 χοξ

514 5419 610 5477 tiae
639 5416 822 5475 habet
851 5435 865 5476 :
903 5415 952 5472 si
986 5415 1147 5472 enim
1169 5417 1420 5474 adversa
1441 5436 1578 5475 cum
1603 5419 1842 5479 fortuna
1869 5423 2163 5497 conﬂigis,

2328 5430 2367 5489 ὃς
2398 5431 2531 5501 ἔχει,
2590 5439 2691 5483 ποῦ
2738 5451 2831 5485 σου
2871 5435 2934 5486 τὰ
2978 5431 3026 5485 ἓν
3069 5436 3172 5487 ἔθει
3217 5415 3642 5503 δυστυχήματας
3688 5417 3826 5476 Καὶιί

511 5515 748 5568 sanctos
779 5523 899 5564 non
934 5505 1151 5580 poteris
1197 5505 1438 5563 imitari.
1490 5511 1558 5564 At
1591 5511 1638 5565 si
1668 5512 1729 5566 in
1764 5513 1986 5587 quibus
2019 5515 2170 5572 timi-

2328 5526 2431 5571 ιϋτο
2478 5516 2920 5596 δυστυχήματος,
2952 5528 3002 5575 τί
3046 5522 3106 5576 ἂν
3150 5526 3226 5581 εἴη
3285 5525 3341 5576 τὸ
3378 5521 3643 5591 εὐτύχημα
3671 5529 3684 5580 ἱ
3715 5513 3822 5563 Παθ⁸

2326 2526 2384 2574 1'0
2441 2519 2607 2574 δειλὸν
2662 2521 2990 2593 ἐπιτιμῶντες
3046 2526 3134 2574 καὶ
3184 2519 3594 2585 ἐξονειδίζοντες,
3644 2520 3756 2576 Ἀλλ’
3797 2518 3863 2568 ἀν-

2327 2608 2514 2684 δρίζου
2555 2616 2642 2662 καὶ
2687 2610 2883 2685 ἔρρωσο
2929 2617 3017 2662 καὶ
3045 2616 3269 2683 γίνωσκε
3311 2614 3449 2683 ἡμᾶς
3480 2613 3578 2682 οὐχ
3609 2612 3726 2669 οἴους
3755 2612 3860 2676 νομί-
