4072 6232
211 265 332 321 909

1470 261 1976 320 EPISTOLARUM
2015 262 2233 322 LIBER
2273 262 2339 318 II.

3482 271 3592 331 910

216 390 332 455 λος,
385 395 564 462 φησὶν,
597 392 624 442 0
677 391 872 452 πτηνὸς
928 390 1016 440 καὶ
1068 385 1346 459 μετάρσιος
1391 385 1658 461 ἅνθρωπος
1687 405 1699 418 ·
1743 391 1829 441 Πέ-

1941 387 2073 444 dior
2115 387 2390 460 trepidas,
2435 393 2781 447 sanctorum
2834 406 3185 448 accenseare
3232 393 3449 460 choris,
3494 396 3589 453 ubi

219 501 348 553 τρος
399 479 473 551 ἐφ’
621 482 688 532 τὰ
735 488 832 541 τῆς
859 483 1085 538 πίστεως
1127 483 1296 526 κεῖται
1333 475 1572 547 θεμέλια’
1608 485 1706 529 τῶν
1746 477 1834 530 οἶλ·

220 569 326 620 λων
371 568 610 620 ἁπάντων
656 568 815 640 ἁγίων
872 569 902 626 ἡ
959 565 1159 626 πληθύς
1201 561 1542 638 παράδειγμά
1591 586 1681 638 μοι
1737 575 1832 628 τῆς

223 653 430 720 δειλίας
493 659 901 716 καθεστήκασιν.
957 654 1110 707 Ἀλλά
1157 659 1246 725 φεῦ
1302 660 1400 704 τῶν
1459 652 1588 726 ἐμῶν
1636 664 1827 720 κακῶν,

221 749 510 807 τοσούτους
551 749 689 818 ἔχων
745 745 1012 808 εἰκονίζειν
1079 742 1154 804 εἰς
1205 743 1326 793 ὅσον
1394 738 1675 815 δυστυχῶ.
1736 748 1831 797 Διά

221 844 385 888 τοῦτο
431 838 532 907 γὰρ
574 840 811 906 καὶπερὶ
858 835 925 885 ὧν
957 833 1050 885 ούκ
1088 834 1269 883 ἴσασιν
1301 829 1444 883 ἄλλοι
1491 837 1584 889 τὴν
1633 829 1830 885 δειλίαν

221 923 327 996 ἐγὼ
359 921 554 978 δειλιῶ.
580 924 604 942 ⁷
633 925 724 995 Αρ’
748 926 792 976 εἰ
825 943 899 983 τις
926 927 1166 994 γρίφους,
1199 920 1228 978 ἦ
1289 921 1354 971 τὰ
1398 925 1621 992 Σφιγγός
1664 923 1828 994 αἰνίγ-

218 1034 371 1084 ματα
413 1012 530 1085 βίον
578 1010 716 1084 εἶχεν
765 1011 1121 1083 ἐκμιμεῖσθαι,
1176 1010 1382 1079 ἄμεινον
1414 1010 1494 1076 ἂν,
1528 1011 1557 1069 ἣ
1615 1012 1828 1064 ὁταῦτα

217 1102 382 1173 λέγων
429 1101 698 1173 ἀπηλλάγη
752 1111 844 1163 τῆς
901 1097 1236 1167 iii-idaliae)“
1295 1101 1517 1166 Παῦλον,
1567 1099 1606 1152 ὦ
1651 1099 1827 1172 βέλτι-

225 1210 338 1258 στε,
393 1195 480 1243 καὶ
529 1194 648 1252 τούς
693 1191 808 1242 κατ’
853 1190 1029 1256 αὐτόν,
1063 1192 1088 1241 0
1145 1193 1273 1264 ἱερός
1305 1189 1478 1261 φόϐος,
1530 1190 1580 1250 ὃς
1641 1189 1828 1264 ἀρετῆς

223 1279 457 1346 ἁπασής,
541 1281 610 1340 ὡς
687 1284 775 1332 καὶ
851 1281 1193 1351 συγγράφεις,
1249 1285 1434 1352 κρητὶς
1492 1278 1821 1343 ύπεϐἐϐλητο,

223 1369 298 1430 εἰς
327 1373 448 1429 τούς
488 1367 865 1441 ἀμαραντίνους
922 1366 1114 1438 ἀπάγει
1146 1371 1425 1440 στεφάνους
1459 1389 1471 1400 ·
1517 1372 1580 1420 σύ
1626 1364 1705 1433 δὲ,
1735 1368 1828 1420 οὐκ

223 1456 351 1510 οἶδα
400 1455 458 1510 δε
494 1460 650 1523 ὅπως,
685 1460 748 1517 ὡς
791 1460 880 1530 μὲν
912 1457 1109 1517 Παῦλος
1139 1455 1292 1529 φοϐῇ,
1323 1459 1390 1518 ὡς
1431 1453 1479 1509 δ’
1509 1454 1826 1522 Ὀδυσσεύς,

224 1548 255 1607 ἦ
293 1550 338 1600 εἶ
364 1567 444 1608 τις
469 1547 615 1608 ἄλλος
665 1543 1109 1620 δυστυχέστερος,
1162 1545 1233 1608 εἰς
1281 1547 1345 1597 τά
1378 1545 1577 1604 σύνήθη
1634 1542 1830 1598 δυστυ-

223 1642 450 1709 χήματα
497 1639 582 1689 τόν
615 1633 768 1708 φόϐον
818 1633 1075 1696 ἀνάπτεις.
1131 1640 1228 1688 Καὶ
1259 1632 1374 1688 δέον
1403 1639 1494 1706 μὲν
1536 1639 1608 1706 μή
1654 1635 1829 1708 παρά-

227 1721 426 1797 δειγμα
453 1725 682 1797 νομίζειν
713 1729 800 1776 τόν
837 1727 967 1777 θεῖον
1015 1723 1212 1776 Παῦλον
1259 1731 1350 1784 τῆς
1393 1727 1640 1785 τοιαύτης
1670 1720 1833 1776 διδα-

229 1813 449 1874 σκαλίας
496 1816 720 1885 νομίζεις
778 1833 790 1845 ·
835 1808 949 1864 δίον
1007 1808 1085 1877 δὲ,
1137 1815 1275 1886 εἴπερ
1335 1811 1525 1864 ἐκείνου
1597 1817 1833 1885 μιμητής

227 1899 392 1967 ἦσθα,
437 1907 668 1974 χαίρειν,
719 1906 808 1952 καὶ
870 1919 992 1974 προς
1041 1903 1156 1960 τούς
1210 1903 1485 1972 στεφάνους
1535 1901 1834 1977 ἐπιστρέφε-

229 1993 374 2054 σθαι,
431 1993 628 2063 θρηνεῖς
672 1995 762 2042 καῖ
817 1985 982 2062 ὀδύρῃ
1036 1995 1129 2047 τήν
1179 1987 1504 2060 δυστυχίαν.
1553 1991 1725 2043 Δειλία
1777 2009 1834 2043 σε

226 2079 435 2156 στροϐεῖ
466 2077 856 2154 προσλαϐοῦσα.
890 2083 952 2130 Τί
985 2097 1068 2130 σοι
1097 2082 1186 2130 καὶ
1228 2078 1414 2150 Παύλῲ
1452 2085 1619 2130 κοινόν
1655 2097 1668 2146 ;
1705 2085 1834 2152 μέμ-

224 2189 321 2242 φου
355 2171 570 2223 σεαύτόν
604 2190 616 2202 ·
660 2169 875 2225 ἓκστηθι
915 2173 1007 2219 τοῦ
1054 2169 1250 2228 πάθους
1283 2187 1296 2200 ο
1332 2166 1459 2219 ἀλλά
1490 2167 1692 2230 Παῦλός
1744 2185 1832 2221 σοι

224 2255 550 2320 διδάσκαλος
597 2258 818 2319 ταύτης.
877 2263 1042 2330 Χαῖρε
1094 2264 1155 2328 τῇ
1215 2260 1460 2327 μιμήσει,
1518 2265 1616 2308 τῶν
1661 2258 1829 2310 ἄθλων

223 2347 500 2420 εύφραίνου
559 2367 572 2380 ·
627 2344 754 2397 ἀλλά
822 2349 892 2416 μή
953 2343 1294 2415 ἀκκιζόμενος
1359 2349 1450 2396 καὶ
1509 2347 1833 2421 ὑποκορίζων

221 2441 317 2494 τὴν
362 2433 689 2508 δυστυχίαν,
736 2436 899 2508 φύρῃς
948 2435 1118 2485 πάντα
1167 2437 1256 2485 καὶ
1297 2437 1538 2506 συγχέῃς
1584 2455 1597 2468 ο
1629 2441 1719 2488 καὶ
1767 2445 1829 2510 τῇ

223 2533 326 2577 τῶν
367 2525 616 2600 ῥημάτων
663 2527 924 2595 κοινωνίᾳ,
958 2525 1022 2574 τά
1067 2522 1305 2574 πλεῖστον
1356 2521 1584 2582 ἀλλήλων
1615 2521 1650 2577 δ
1657 2535 1834 2578 ιεστῶ-

219 2633 286 2666 τα
317 2613 389 2674 εἷς
413 2618 507 2672 τὴν
557 2612 720 2670 αὐτὴν
752 2613 906 2683 φύσιν
954 2609 1118 2684 βιάζῃ
1159 2613 1436 2664 συνάπτειν
1471 2633 1483 2645 ·
1517 2615 1586 2674 ὡς
1626 2613 1686 2666 ἆυ
1712 2615 1834 2667 καλ-

221 2701 506 2765 λωπίζοιτό
556 2721 672 2766 σου,
741 2705 830 2752 καὶ
880 2699 1216 2772 εὐπρόσωπος
1265 2702 1295 2758 ἡ
1349 2697 1520 2754 δειλία
1577 2699 1729 2776 δόξῃ.
1769 2710 1833 2757 Τί

223 2792 326 2865 γὰρ
372 2794 484 2863 ἔχει
531 2793 699 2842 κοινὸν
749 2787 904 2862 φόϐος
943 2791 1128 2853 ἔνθεος,
1181 2793 1272 2842 καὶ
1322 2785 1491 2842 δειλία
1539 2790 1833 2865 ὑϐρίζουσα

225 2881 294 2940 εἰς
324 2880 544 2952 φιλίαν;
591 2880 619 2939 ἣ
677 2875 1111 2951 δυστυχημάτων
1169 2882 1337 2950 ὄγκος,
1389 2885 1477 2932 καὶ
1524 2879 1677 2953 λόγος
1707 2902 1828 2935 κατ-

229 2971 546 3043 ορθωμάτων
581 2987 593 3038 ;
651 2973 775 3034 Ναὶ,
817 2973 976 3041 φησίν
1009 2987 1021 3001 ·
1065 2967 1193 3020 ἀλλά
1233 2968 1440 3032 Παῦλος
1483 2968 1587 3042 βοᾷ
1641 2971 1831 3026 Φοϐοῦ-

1941 477 2249 533 infelicitas
2283 483 2397 533 tua;
2421 478 2552 535 vitae
2571 481 2840 536 consistit
2870 481 2899 537 ?
2918 480 3019 536 Sin
3051 481 3206 538 hanc
3231 483 3590 542 adnumeres

1941 565 2357 632 infelicitatem,
2409 567 2554 640 quid
2594 575 2700 634 est,
2750 570 2909 641 quod
2964 587 3136 627 voces
3190 571 3530 631 felicitatem
3563 575 3592 631 ‘I

1943 655 2176 722 Paulus,
2214 656 2322 720 ais,
2355 655 2449 712 ille
2485 656 2719 713 volucer
2749 663 2804 713 et
2833 657 2890 712 in
2921 659 3158 714 sublimi
3199 668 3406 732 raptus
3441 678 3456 729 ;
3487 665 3591 719 Pe-

1939 748 2083 806 trus,
2112 743 2169 799 in
2201 761 2324 816 quo
2350 747 2612 817 reposita
2635 753 2774 802 sunt
2799 747 2935 802 fidei
2960 746 3356 808 fundamenta
3386 770 3398 819 ;
3426 758 3590 810 caete-

1937 848 2140 888 rorum
2194 840 2536 890 sanctorum
2585 836 2861 891 universa
2893 835 3212 892 multitudo
3261 855 3404 896 mese
3453 847 3594 898 sunt

1936 929 2287 992 argumenta
2339 922 2713 983 timiditatis:
2761 925 2913 980 eheu
2961 941 3094 980 mea
3138 927 3320 992 mala,
3354 929 3456 1000 qui
3509 935 3594 987 tot

1939 1010 2081 1066 mihi
2118 1027 2372 1082 possum
2394 1013 2688 1082 imagines
2713 1019 3141 1085 repraesentare
3174 1032 3321 1072 meae
3351 1017 3592 1075 infelici-

1938 1101 2092 1155 tatis.
2139 1098 2448 1156 linimvero
2485 1103 2694 1156 timore
2742 1104 2920 1158 timeo
2963 1103 3023 1158 in
3082 1104 3262 1160 rebus
3289 1122 3442 1177 quas
3490 1107 3590 1164 alii

1936 1205 2057 1244 non
2089 1189 2353 1259 capiunt.
2384 1190 2716 1262 Quidniqui
2747 1191 3012 1262 griphos,
3034 1201 3135 1248 aut
3159 1193 3438 1266 Sphingis
3454 1198 3592 1253 aani-

1937 1284 2162 1347 gmata,
2177 1279 2360 1334 vitam
2375 1279 2614 1335 vitalem
2627 1280 2842 1336 imitari
2858 1285 3100 1346 statuat,
3115 1283 3297 1337 satius
3311 1285 3592 1342 etmelius

1936 1385 1973 1424 a
2010 1369 2409 1426 declaratione
2437 1385 2646 1426 eorum
2675 1377 3094 1438 semoveretur,
3128 1389 3314 1445 quam
3337 1375 3438 1446 qui
3469 1378 3594 1434 haec

1937 1459 2283 1529 pronuntiat
2319 1459 2347 1515 i’
2378 1461 2628 1515 Sanctus
2661 1459 2856 1524 timor,
2879 1459 2981 1531 qui
3010 1460 3236 1516 virtutis
3261 1464 3591 1534 cujuslibet,

1939 1551 2002 1601 ut
2031 1553 2093 1601 tu
2127 1547 2500 1618 pronuntias,
2533 1546 2758 1603 fundus
2791 1554 2901 1613 est,
2924 1551 3174 1606 Paulum
3209 1556 3264 1606 et
3284 1555 3596 1610 consocios

1941 1635 2068 1706 ejus
2099 1636 2177 1691 ad
2203 1636 2730 1693 immarcescibiles
2761 1653 3013 1694 coronas
3042 1639 3182 1695 hinc
3211 1641 3480 1698 abduxit.
3513 1646 3598 1699 Tu

1865 1739 1910 1795 Β
1942 1730 2162 1788 autem,
2194 1725 2395 1781 nescio
2425 1726 2755 1798 quomodo,
2805 1732 2868 1782 ut
2899 1727 3120 1783 Paulus
3160 1728 3458 1802 quispiam
3485 1747 3597 1788 me-

1943 1814 2055 1870 tuis
2088 1829 2101 1879 ;
2131 1819 2195 1869 ut
2224 1813 2458 1886 Ulysses
2507 1813 2746 1887 aliquis,
2785 1815 2880 1870 vel
2918 1814 3070 1871 alius
3100 1833 3170 1873 eo
3221 1817 3510 1876 infelicior
3539 1820 3598 1876 in

1943 1906 2263 1957 consuetas
2311 1901 2679 1959 infelicitates
2723 1903 2998 1960 timorem
3050 1905 3255 1961 refers.
3312 1907 3602 1965 Arbitrari

1942 1996 2141 2046 autem
2197 1990 2442 2047 minime
2480 1991 2664 2047 debes
2707 2007 2840 2048 esse
2881 2007 3238 2064 congruum,
3269 2000 3329 2051 ut
3359 2003 3602 2054 sanctus

1944 2079 2158 2136 Paulus
2171 2080 2229 2134 in
2243 2079 2584 2151 exemplum
2604 2079 2733 2136 talis
2748 2081 2975 2136 timoris
2991 2081 3354 2152 producatur
3369 2086 3597 2144 doctor.

1944 2169 2055 2226 Par
2077 2175 2276 2225 autem
2305 2169 2432 2234 fuit,
2462 2169 2512 2223 si
2541 2168 2788 2242 quidem
2817 2175 2878 2225 tu
2905 2170 3072 2226 illum
3093 2171 3338 2229 volebas
3360 2175 3599 2244 imitari,

1944 2259 2166 2329 gaudio
2199 2265 2260 2315 ut
2291 2258 2632 2324 afﬁcereris,
2653 2259 3034 2315 converusad
3060 2263 3603 2320 coronarumintui-

1943 2352 2091 2415 tum,
2122 2363 2507 2420 nequaquam
2531 2347 2845 2420 plangeres
2873 2347 3278 2406 infelicitatem
3316 2368 3329 2418 ;
3362 2353 3607 2424 pusilla-

1943 2437 2182 2493 nimitas
2213 2440 2266 2492 te
2319 2442 2622 2508 arreptum
2656 2443 2868 2493 versat.
2916 2437 3068 2503 Quid
3120 2443 3183 2494 tu
3232 2456 3372 2498 cum
3421 2443 3602 2500 Paulo

1943 2541 2264 2582 commune
2295 2524 2472 2580 habes
2501 2525 2529 2578 ‘?
2551 2526 2948 2596 Temetipsum
2977 2527 3208 2600 corripe
3224 2546 3294 2600 ;a
3321 2531 3603 2601 passione

1940 2613 2171 2671 recede.
2204 2614 2348 2677 lmo,
2381 2613 2711 2684 inquis,hic
2724 2612 2976 2670 Paulum
2999 2623 3366 2687 praeeuntem
3385 2619 3599 2676 habeo.

1941 2705 2163 2760 Laetare
2193 2708 2319 2758 tum
2350 2701 2756 2758 deimitatione
2781 2701 2888 2770 ;de
2906 2706 3332 2763 certaminibus
3368 2708 3484 2764 tuis
3513 2725 3598 2766 ex-

1941 2793 2095 2848 sulta
2115 2810 2131 2864 ;
2148 2791 2498 2863 neutiquam
2517 2807 2658 2847 vero
2680 2792 3051 2852 muliebriter
3066 2794 3278 2853 ludens
3294 2797 3604 2855 infelicita-

1939 2886 2059 2937 tem
2106 2886 2260 2938 tuam
2317 2879 2627 2952 palpitare,
2680 2881 2761 2937 ita
2801 2888 2866 2937 ut
2904 2884 3265 2954 permisceas
3297 2886 3505 2942 omnia
3543 2890 3602 2943 et

1938 2969 2297 3034 confundas,
2325 2973 2428 3024 aut
2458 2985 2564 3041 per
2603 2971 2902 3026 sermonis
2934 2974 3440 3040 communionem,
3473 2974 3594 3040 illa,

225 3079 323 3131 μαι
379 3063 452 3131 μή
521 3078 632 3120 πως
679 3057 854 3119 ἄλλοις
911 3056 1161 3132 κηρύξας,
1217 3057 1376 3121 αὐτὸς
1445 3055 1700 3133 ἀδόκιμος
1746 3064 1829 3132 γέ-

1939 3075 2071 3132 quae
2095 3059 2174 3115 ab
2203 3057 2460 3113 invicem
2486 3058 2688 3114 multis
2713 3059 3598 3134 disparanturparasangis,per

221 3167 415 3220 νωμαι.
465 3152 567 3200 Καὶ
614 3151 666 3200 τί
713 3154 864 3199 τοῦτο
898 3163 911 3213 ;
940 3152 1110 3218 χωρὶς
1160 3151 1341 3220 φασὶν,
1389 3149 1455 3200 τά
1499 3151 1692 3203 Μύσων
1738 3153 1829 3203 καὶ

222 3244 438 3310 Φρυγῶν
477 3238 744 3310 ὁρίσματα
769 3257 781 3270 ο
817 3232 937 3288 οὐδὲ
971 3238 1071 3308 γὰρ
1113 3233 1238 3290 ούδε
1281 3242 1400 3311 περὶ
1437 3240 1532 3299 τάς
1576 3244 1830 3292 Δεσποτι-

221 3330 316 3389 κάς
362 3328 704 3399 ὑποσχέσεις,
747 3327 918 3398 ὥσπερ
969 3327 994 3377 ό
1046 3326 1293 3400 ἡμέτερος
1353 3327 1572 3393 Παῦλος,
1633 3329 1826 3400 ἄπαγε,

223 3413 430 3470 δειλιῶν
483 3413 707 3487 ἐφοϐεῖτο
759 3435 772 3448 ·
829 3411 942 3467 οὐδ’
1021 3412 1249 3486 ἀγωνιῶν
1315 3420 1410 3474 τὴν
1463 3416 1656 3489 φιλίαν,
1711 3415 1828 3472 οὐδ’

222 3503 593 3577 εὐλαϐούμενος
644 3509 716 3576 μή
750 3523 830 3566 τις
856 3503 1017 3556 αὐτοῦ
1065 3507 1150 3556 τὸν
1206 3506 1488 3578 ύπέρτιμον
1533 3509 1824 3582 μάργαρον,

223 3593 280 3647 ἐκ
331 3601 640 3669 πειρατικῆς
685 3591 869 3664 τριϐῆς
924 3599 1014 3644 καὶ
1061 3592 1275 3665 μελέτης
1325 3593 1656 3669 ἀφαρπάσας,
1713 3600 1829 3671 ἔρη-

223 3704 319 3756 μον
373 3687 558 3744 παντὸς
606 3681 806 3756 ἀφήση.
856 3685 934 3734 Τὰ
991 3685 1126 3755 σοφά
1176 3691 1344 3736 ταῦτα
1393 3689 1480 3737 καὶ
1531 3688 1690 3757 σεμνὰ
1732 3695 1828 3748 τῆς

226 3771 424 3833 δειλίας
470 3777 864 3846 προσχήματα⁸
913 3771 962 3824 ἓν
1009 3769 1182 3824 οὐδενὶ
1233 3775 1428 3824 τούτων
1480 3771 1666 3836 ἐκεῖνος
1719 3772 1826 3827 ἐδε-

226 3859 332 3915 δίει
385 3879 399 3890 ⁸

226 3955 270 4004 εἶ
317 3971 400 4013 τις
443 3955 668 4015 πώποτε,
719 3955 837 4023 περὶ
887 3952 980 4011 τὰς
1035 3951 1365 4022 θαυμασίους
1421 3949 1613 4012 ἐκείνας
1669 3951 1824 4023 ἐπαγο

221 4040 419 4112 γελίας.
477 4039 686 4099 Βέϐαιος
735 4035 784 4091 δ’
835 4035 896 4097 ἦν
926 4039 1040 4100 ὅλος
1082 4044 1172 4092 καὶ
1218 4037 1468 4100 ἀδόνητος
1513 4045 1603 4098 τήν
1634 4045 1826 4094 Δεσπο-

705 4131 875 4179 κοινόν
931 4124 982 4180 δ’
1030 4126 1264 4180 ἐϐούλετο
1315 4132 1374 4181 τό
1419 4127 1614 4200 ἀγαθόν
1661 4136 1824 4182 πᾶσιν

452 3861 742 3914 τούναντίον
793 3857 871 3928 δὲ,
924 3863 1183 3923 πεποιθὼς
1221 3863 1311 3934 μὲν
1360 3859 1422 3919 ἦν
1468 3867 1557 3914 καὶ
1601 3861 1821 3937 θαρῥῶν,

221 4133 374 4187 τικὴν
427 4129 597 4200 φιλίαν
631 4147 644 4160 ’

220 4219 572 4292 προκεῖσθαι·
609 4212 899 4276 Ἰουδαίους
935 4219 1061 4291 πρὸς
1111 4222 1378 4270 κοινωνίαν
1426 4227 1517 4270 τοῦ
1569 4221 1820 4292 θησαυρί-

224 4325 429 4378 σματος
534 4305 821 4360 συνεκάλει.
899 4303 1142 4367 Ἕλληνας
1242 4306 1429 4372 ἐκάλει,
1525 4306 1826 4382 βαρϐάρους

222 4396 478 4460 ἅπαντας,
535 4396 822 4468 ἄρχοντας,
881 4392 1204 4469 ἀρχομένους
1232 4415 1244 4428 ·
1293 4395 1337 4448 εἰ
1385 4393 1562 4468 βούλει
1611 4393 1690 4462 δὲ,
1736 4401 1825 4448 καὶ

223 4485 427 4558 λῃστὰς
463 4488 554 4536 καὶ
594 4485 862 4556 πειρατὰς,
917 4487 1006 4535 καὶ
1052 4489 1227 4536 πᾶσαν
1266 4483 1440 4546 ἁπλῶς
1487 4489 1581 4544 τὴν
1633 4485 1826 4560 ἀνθρω-

222 4578 381 4631 πίνην
442 4577 714 4646 συνήγειρε
765 4575 919 4645 φύσιν
965 4571 1034 4634 εἰς
1085 4571 1371 4625 ἀπόλαυσιν
1424 4582 1514 4625 τοῦ
1565 4579 1828 4649 μαργαρί-

225 4682 345 4715 του.
395 4666 495 4715 Kal
543 4661 648 4733 οὐχ
700 4660 871 4721 ἁπλῶς
921 4663 1104 4729 όῦτως,
1155 4659 1395 4714 ἀλλὰκαὶ
1445 4659 1687 4714 σπεύδων
1738 4667 1828 4714 καὶ

223 4755 429 4825 τρέχων
471 4754 562 4802 καὶ
592 4752 761 4802 πάντα
787 4751 1036 4820 πάσχων,
1067 4750 1148 4800 ἶνα
1177 4752 1374 4810 πάντως
1420 4753 1536 4803 τινά
1573 4758 1664 4803 τοῦ
1705 4751 1830 4803 ἐκεῖ·

229 4843 315 4892 θεν
367 4838 582 4899 κάλλους
624 4843 714 4890 καὶ
767 4846 862 4898 τῆς
913 4840 1024 4898 θέας
1067 4837 1288 4910 ἀξιώσῃ.
1349 4843 1435 4892 Διό
1491 4844 1581 4891 καὶ
1625 4836 1832 4913 σφόδρα

229 4927 433 5003 θαρρῶν
495 4927 630 5000 ἔλεγε
687 4943 700 4957 ⁸

227 5021 318 5069 τόν
375 5011 571 5090 δρόμον
645 5015 894 5080 τετέλεκα,
945 5020 1038 5073 τὴν
1108 5020 1284 5068 πίστιν
1340 5021 1604 5089 τετήρηκα
1657 5029 1669 5042 ⁸

755 4931 852 4980 Τόν
931 4925 1106 4998 ἀγῶνα
1160 4931 1246 4979 τόν
1303 4928 1454 4979 καλόν
1512 4930 1830 4999 ἠγώνισμαι,

1725 5016 1834 5069 λοι-

225 5108 326 5159 πὸν
400 5103 675 5157 ἀπόκειταί
754 5123 844 5176 μοι
905 5105 930 5156 ό
1005 5113 1102 5166 τῆς
1160 5101 1506 5166 δικαιοσύνης
1566 5109 1829 5178 στέφανος·

227 5194 368 5250 Ἀλλ’
409 5192 458 5246 ἐν
490 5197 579 5266 μὲν
631 5196 834 5256 τούτοις
880 5200 1113 5254 τοιοῦτος
1163 5190 1224 5252 ἧν
1275 5192 1537 5255 ἀπτόητος
1568 5199 1658 5246 καὶ
1692 5193 1835 5268 στερ⁸

226 5285 319 5360 ῥός
371 5299 384 5311 ⁸
444 5281 672 5355 ἐφοϐεῖτο
723 5278 782 5335 δὲ
828 5287 880 5334 τὶ
927 5286 1117 5350 ;Μήτι
1171 5281 1320 5343 αὐτὸς
1375 5281 1612 5335 ἐλλείπων
1658 5281 1835 5354 ὀφθείη

229 5380 326 5427 τοῦ
387 5367 592 5434 δίοντος
647 5373 1112 5444 συνεισενεχθήναι
1151 5378 1262 5432 τοῖς
1318 5369 1698 5444 ἐπαγγέλμασι.
1745 5374 1841 5424 Διά

309 5553 352 5588 η
385 5549 565 5606 ICor.
604 5565 682 5616 Ix,
717 5550 805 5605 27.

1857 4448 1902 4502 D

1940 3148 2055 3203 vim
2085 3147 2198 3202 sub
2245 3147 2456 3202 eadem
2501 3151 2715 3202 natura
2753 3149 3109 3220 compingas
3144 3166 3157 3215 ;
3186 3154 3246 3205 ut
3279 3155 3332 3205 te
3362 3151 3598 3207 excolat

1937 3242 1992 3294 et
2031 3236 2358 3307 gloriosum
2389 3235 2598 3290 reddat
2649 3235 2900 3306 pulchra
2928 3235 3078 3291 facie
3117 3237 3590 3308 pusillanimitas.

1938 3327 2089 3392 Quin
2119 3327 2271 3382 inter
2307 3340 2369 3380 se
2408 3339 2729 3380 commune
2777 3324 3002 3380 habent
3031 3327 3269 3382 divinus
3313 3329 3506 3397 timor,
3540 3335 3595 3388 et

1938 3413 2397 3489 pusillanimitas
2415 3429 2550 3486 quas
2573 3413 2820 3468 offendit
2841 3413 2901 3468 in
2916 3413 3241 3471 amicitiam
3273 3433 3286 3483 ;
3312 3417 3404 3472 vel
3418 3417 3596 3475 infor-

1939 3505 2238 3563 tuniorum
2271 3518 2621 3572 gravamen,
2647 3519 2784 3558 cum
2812 3503 3041 3558 ratione
3067 3510 3222 3560 recte
3249 3505 3534 3563 factorum
3565 3510 3594 3566 ?

1937 3595 2088 3660 Quid
2105 3598 2186 3652 ita
2210 3593 2497 3656 afﬁrmas,
2513 3608 2723 3648 verum
2746 3608 2896 3648 voca
2912 3593 3182 3660 Paulum,
3206 3595 3380 3666 cujus
3409 3601 3550 3653 sunt
3577 3616 3591 3651 :

1947 3686 2160 3742 Vereor
2183 3700 2253 3741 ne
2271 3683 2404 3738 dum
2434 3683 2571 3739 aliis
2600 3683 3026 3752 pradicedpse
3041 3683 3178 3754 ﬁam
3206 3686 3492 3754 reprobus
3519 3688 3592 3745 “.

1935 3774 2086 3838 Quid
2117 3774 2230 3828 hoc
2261 3773 2380 3826 vult
2412 3771 2523 3826 sibi
2555 3773 2582 3827 ?
2625 3772 3009 3842 Separantur,
3057 3773 3244 3841 aiunt,
3285 3774 3591 3845 Mysorum

1935 3862 2166 3920 termini
2191 3866 2368 3932 atque
2395 3859 2942 3930 Phrygum.Neque
2967 3860 3126 3915 enim
3141 3861 3214 3915 de
3242 3863 3591 3931 promissio—

1932 3950 2108 4005 nibus
2131 3947 2477 4010 Dominicis,
2512 3950 2574 4000 ut
2609 3953 2806 4000 noster
2834 3946 2930 4000 ille
2970 3947 3210 4010 Paulus,
3243 3949 3589 4018 expavesci-

1933 4056 2089 4104 mus,
2121 4036 2296 4110 quasi
2326 4035 2420 4090 ille
2461 4050 2582 4106 thB
2613 4033 2811 4087 timore
2841 4034 3244 4105 desponderet
3269 4036 3536 4091 animum
3571 4053 3585 4102 ;

1932 4143 2052 4183 non
2085 4127 2157 4182 de
2189 4123 2448 4180 amicitia
2477 4121 2827 4192 angebatur,
2866 4138 2983 4176 non
3019 4122 3322 4178 metuebat
3349 4139 3423 4179 ne
3454 4125 3589 4196 quis

1931 4214 2402 4272 inaestimabilem
2423 4211 2831 4283 margaritam,
2852 4211 3096 4282 piratica
3121 4211 3384 4282 quadam
3400 4220 3521 4268 arte
3535 4220 3592 4269 et

1933 4307 2266 4378 impostura
2288 4302 2589 4373 abripiens
2611 4300 3001 4372 exspoliatam
3031 4300 3310 4355 omnibus
3342 4300 3592 4380 derelin-

1933 4401 2100 4468 quat.
2143 4393 2278 4448 Haac
2293 4397 2424 4446 sunt
2453 4390 2872 4462 proschemata
2895 4389 2992 4444 illa
3013 4390 3364 4458 gravitatem
3383 4390 3560 4462 praefe
3577 4419 3594 4430 -

1934 4483 2125 4541 rentia
2157 4479 2508 4537 timiditatis.
2543 4481 2620 4534 De
2649 4479 2812 4535 nullo
2840 4479 3091 4534 istorum
3124 4477 3425 4534 metuebat
3455 4479 3548 4534 ille
3577 4494 3592 4544 ;

1935 4590 1966 4630 e
2011 4569 2306 4628 contrario
2363 4568 2674 4624 confidens
2734 4573 2880 4631 erat,
2934 4573 2987 4622 et
3032 4567 3349 4633 resolutus,
3383 4565 3431 4621 si
3460 4567 3597 4640 quis

1937 4662 2110 4725 alius,
2139 4660 2212 4714 de
2241 4658 2548 4730 promissis
2580 4657 2688 4712 illis
2723 4656 3040 4724 mirandis;
3073 4656 3276 4710 ﬁrmus
3317 4662 3441 4710 erat
3470 4654 3601 4726 pla-

1938 4767 2033 4816 ne,
2061 4755 2117 4804 et
2149 4754 2302 4804 totus
2332 4747 2730 4802 inconcussus
2756 4745 2813 4800 in
2835 4743 3065 4798 Domini
3085 4743 3408 4798 amicitiam
3437 4759 3596 4799 reco-

1938 4838 2163 4894 lendo:
2219 4835 2526 4890 utilitatem
2577 4833 2812 4889 volebat
2875 4831 3156 4887 omnibus
3213 4847 3600 4887 communem

1940 4926 2226 4983 exhiberi.
2291 4925 2528 4979 Judteos
2611 4921 2688 4978 ad
2762 4919 3254 4976 communionem
3336 4919 3604 4975 thesauri

1941 5015 2235 5082 vocabat;
2292 5013 2546 5066 vocabat
2573 5015 2796 5078 gentes,
2857 5024 3068 5064 omnes
3109 5007 3416 5074 barbaros,
3446 5009 3606 5081 prin-

1944 5105 2126 5176 cipes,
2159 5100 2444 5166 subditos,
2479 5100 2620 5167 imo,
2655 5101 2700 5152 si
2745 5097 2927 5166 lubet,
2957 5096 3242 5165 latrones,
3279 5097 3518 5167 piratas,
3551 5103 3609 5153 et

1948 5192 2288 5247 universam
2318 5188 2657 5243 mortalium
2681 5191 2950 5243 naturam
2978 5185 3056 5241 ad
3089 5186 3607 5256 participationem

1951 5279 2287 5349 margaritae
2337 5277 2731 5334 convocabat.
2797 5280 2912 5333 Nec
2961 5275 3077 5332 hoc
3109 5275 3466 5347 simpliciter,
3505 5275 3609 5332 sed

1951 5385 2091 5426 cum
2122 5372 2363 5435 conatu,
2389 5382 2584 5434 cursu,
2613 5365 2838 5424 etomni
2855 5365 3191 5434 tolerantia,
3209 5371 3274 5422 ut
3293 5365 3377 5422 sic
3403 5379 3612 5422 omnes
