4072 6232
572 258 670 317 9H
1805 249 2039 308 PHOTlI
2079 250 2222 307 PATI

2330 248 2560 306 .RCH/E
2593 248 2700 308 ΟΡ.
3269 246 3278 248 “
3786 263 3857 319 9:2

570 384 666 443 vel
690 383 948 457 aliquem
987 381 1198 439 saltem
1226 377 1681 453 pulchritudinis
1709 377 1849 432 inde
1879 376 2219 432 resultantis

2330 384 2480 428 τοῦτο
2530 379 2631 452 γὰρ
2683 375 2915 449 ἀγωνιῶν
2973 380 3171 452 ἔλεγενν
3231 381 3408 442 Οὕτως
3456 386 3642 454 τρέχω,
3691 388 3748 448 ὡς
3795 389 3858 439 οὐκ

571 475 752 533 faciat
800 473 1136 546 participes.
1167 472 1559 542 Quapropter,
1600 483 1739 522 cum
1793 466 1972 522 multa
2029 466 2218 523 conﬁ-

571 565 773 622 dentia
793 564 872 620 ait
903 578 917 615 :
945 563 1176 617 Bonum
1198 557 1425 616 certavi
1440 562 1730 613 certamen
1747 569 1768 627 ;
1783 556 2005 613 absolvi
2028 571 2219 612 meum

573 667 811 709 cursum
848 666 862 717 ;
885 651 1057 722 ﬁdem
1085 647 1431 706 conservavi
1462 662 1477 712 ;
1502 645 1576 702 de
1594 652 1824 710 uetera,
1856 643 2114 713 reposita
2135 648 2220 698 est

571 742 721 799 mihi
733 742 990 812 justitiar
1016 738 1321 795 corona“.
1348 738 1562 792 Verum
1584 739 1708 790 erat
1737 734 1832 790 ille
1861 735 1921 788 in
1942 732 2068 788 istis
2093 736 2216 787 tam

570 828 1002 903 imperterritus
1032 832 1089 883 et
1117 826 1483 892 obﬁrmatus,
1519 829 1582 880 ut
1610 823 1752 880 nihil
1787 827 2072 879 metueret
2102 839 2120 892 ;
2149 836 2223 876 ne

571 919 865 976 videretur
893 917 954 972 in
983 914 1180 988 aliquo
1201 914 1504 980 deﬁciens,
1530 916 1635 969 aut
1655 917 1867 984 praeter
1888 925 2223 980 congruum

568 1007 903 1082 quidquam
952 1004 1248 1060 omisisse.
1301 1004 1494 1069 Quam
1551 1001 1630 1058 ob
1678 1016 1930 1058 causam
1973 1005 2030 1056 et
2085 1013 2223 1054 cum

567 1096 859 1154 anxietate
881 1094 1119 1150 dicebat
1147 1110 1160 1149 :
1186 1094 1282 1149 Ita
1299 1107 1498 1158 curro,
1524 1098 1590 1147 ut
1614 1107 1734 1147 non
1747 1091 1802 1145 in
1819 1090 2058 1146 obscuro
2071 1088 2225 1158 post“

566 1192 661 1242 tus
684 1197 706 1255 ,'
729 1185 815 1240 ita
837 1189 1129 1248 concerta,
1163 1188 1365 1238 utnon
1393 1188 1671 1253 tanquam
1695 1195 1880 1236 aerem
1903 1179 2221 1242 verberem,

561 1275 666 1332 sed
674 1273 870 1346 subigo
885 1273 1166 1330 vibicibus
1182 1288 1393 1342 corpus
1404 1287 1619 1338 meum,
1633 1276 1687 1327 et
1699 1271 1761 1326 in
1777 1269 2118 1326 servitutem
2137 1282 2224 1322 re-

561 1365 721 1435 digo,
752 1379 826 1420 ne
849 1365 1062 1432 forsan
1083 1362 1222 1418 dum
1252 1361 1388 1418 aliis
1411 1361 1682 1429 praedico,
1711 1360 1834 1429 ipse
1858 1361 2002 1429 ﬁam
2025 1372 2224 1426 repro-

563 1453 669 1510 bus
699 1455 766 1509 ‘3.
801 1452 1110 1523 Quocirca,
1136 1452 1209 1506 de
1236 1451 1545 1524 proposito
1567 1467 1686 1506 non
1711 1455 1834 1505 erat
1853 1447 2096 1512 dubius,
2125 1446 2224 1503 de-

563 1544 778 1600 siderio
810 1559 933 1598 non
954 1541 1285 1614 deliquium
1310 1541 1665 1613 patiebatur,
1691 1539 2081 1608 margaritam
2101 1553 2224 1591 non

559 1633 771 1690 metuit
800 1631 1220 1704 abripiendam
1245 1648 1259 1697 ;
1286 1630 1388 1685 sed
1413 1646 1486 1685 ne
1504 1631 1648 1701 quid
1665 1628 1794 1700 ipse
1815 1645 1885 1684 eo
1913 1627 2220 1698 indignum

2330 462 2558 529 ἁδηλῶς,
2631 467 2788 528 οὕτως
2843 475 3102 537 πυκτεύω,
3157 473 3222 532 ὡς
3278 471 3369 523 οὐκ
3425 471 3550 542 ἀέρα
3599 469 3740 544 δέρων
3785 475 3856 527 ἀλλ’

2328 556 2603 617 ύποπιάζω
2658 577 2759 629 μου
2803 563 2862 611 τό
2917 568 3088 631 σῶμα,
3166 567 3254 612 καὶ
3312 556 3641 632 δουλαγωγῶ,
3683 570 3742 634 μή
3785 585 3860 626 πως

2329 643 2498 705 ἄλλοις
2548 646 2798 720 κηρύξας,
2867 648 3024 711 αύτός
3076 646 3330 722 ἀδόκιμος
3389 656 3630 723 γένωμαι.
3682 652 3744 704 Ού
3798 661 3860 725 μὲν

2331 731 2436 798 οὖν,
2501 735 2595 786 ούκ
2649 733 2898 797 ἐδίσταξε
2950 743 3042 796 τὴν
3100 740 3394 810 ὑπόσχεσιν
3440 740 3529 792 ούκ
3585 742 3760 810 ἠγωνία
3799 747 3860 794 τὸν

2332 825 2519 875 πόθον·
2553 824 2611 876 ού
2674 830 2766 884 τὴν
2820 825 3061 900 ἁρπαγὴν
3119 825 3314 880 ἐδειλία
3383 838 3477 880 τού
3547 835 3858 904 μαργαρίτον’

2334 909 2460 963 ἀλλὰ
2488 917 2560 983 μή
2601 933 2652 965 τι
2684 913 2838 976 αύτός
2892 914 3098 978 ἀνάξιον
3152 920 3338 969 τούτου
3370 914 3726 990 διαπράξηται,
3746 925 3802 990 μή
3827 940 3861 970 τι

2334 997 2521 1065 ἐνδέον,
2577 1007 2648 1074 μή
2708 1023 2758 1055 τι
2826 1004 3172 1078 σαλευομένης
3224 1013 3433 1079 γνώμης
3469 1008 3741 1060 ἀκόλουθον.
3767 1007 3865 1062 ’Λὶ-

2333 1089 2419 1151 λος
2449 1091 2597 1153 οὗτος
2627 1089 2823 1155 δειλίας
2867 1100 3076 1168 τρόπος,
3131 1101 3221 1148 καὶ
3255 1095 3405 1158 ἄλλος
3445 1098 3470 1147 ό
3514 1101 3621 1170 περὶ
3649 1100 3730 1158 τὰς
3750 1095 3865 1167 ἀμει-

2334 1177 2443 1239 ϐάς.
2501 1179 2721 1242 Ἐκεῖνος
2778 1181 3054 1249 ἐπαινετὸς,
3111 1185 3254 1245 οὗτος
3309 1184 3536 1255 ψεκτός·
3595 1187 3759 1246 ἐκεῖνος
3798 1205 3863 1237 σα-

2332 1266 2632 1340 λευομένων,
2681 1271 2828 1332 οὗτος
2874 1270 3218 1347 ἠδρασμένων
3274 1295 3286 1308 ·
3346 1276 3528 1334 ἐκεῖνος
3588 1273 3752 1345 ἀπάγει
3792 1284 3862 1326 τῶν

2335 1354 2612 1430 βραϐείων,
2659 1360 2810 1423 οὗτος
2857 1363 3345 1433 συγκατασκευάζει
3394 1367 3461 1415 τὰ
3495 1364 3703 1416 ἔπαθλα’
3751 1364 3864 1424 οὗτος

2335 1447 2563 1512 Παύλου,
2600 1451 2786 1511 ἐκεῖνος
2825 1453 3086 1524 ἡμέτερος.
3139 1451 3294 1506 Ἀλλὰ
3363 1455 3462 1525 γὰρ
3533 1452 3666 1525 φιλῶ,
3725 1457 3860 1525 φησὶν,

2335 1537 2417 1588 ἶνα
2445 1541 2515 1609 μὴ
2546 1541 2610 1598 ὡς
2639 1535 2814 1602 οὐδεὶς
2845 1544 2969 1593 εἴπω
2997 1541 3170 1594 πλέον·
3206 1544 3276 1603 ὡς
3329 1545 3372 1594 εἰ
3401 1562 3480 1604 τις
3520 1543 3658 1604 ἄλλος
3697 1539 3864 1594 δέδοικα

2336 1621 2394 1679 δὲ
2412 1630 2532 1688 τούς
2560 1629 2607 1680 ἐν
2649 1627 2750 1701 βίῳ
2779 1633 3045 1702 πειρατὰς,
3095 1636 3166 1702 μή
3226 1651 3290 1703 με
3321 1631 3588 1689 συλήσωσι
3614 1638 3696 1692 τῆς
3733 1631 3864 1703 φιλίας

561 1728 883 1796 pateretur,
917 1738 990 1776 ne
1029 1737 1212 1792 quem
1243 1719 1564 1788 defectum,
1629 1735 1702 1774 ne
1749 1717 1896 1791 quid
1947 1717 2222 1772 admittat

2336 1713 2631 1768 ἀπόνασθαι
2662 1736 2674 1748 ·
2717 1722 2789 1789 μὴ
2848 1721 2934 1770 τόν
2994 1719 3114 1791 ἐμόν
3159 1726 3489 1796 μαργαρίτην
3517 1720 3780 1790 λοχήσωσι.
3819 1725 3864 1770 Τί

559 1811 726 1886 quod
745 1816 1000 1866 mentem
1026 1816 1314 1865 emoveat.
1332 1809 1500 1864 Alius
1517 1809 1610 1864 hic
1633 1813 1758 1863 erat
1779 1805 2078 1862 metuendi
2103 1821 2224 1860 mo-

560 1902 696 1966 dus,
728 1899 882 1957 alius
913 1899 1014 1972 qui
1042 1899 1357 1970 respiceret
1385 1898 1825 1961 retributiones,
1854 1895 1951 1951 ille
1980 1895 2229 1952 laudan-

563 1991 700 2056 dus,
726 1988 1152 2061 vituperandus
1175 1989 1305 2054 iste,
1334 1986 1426 2042 ille
1455 1985 1875 2042 ﬂuctuantium
1909 1984 2223 2040 conﬁrma-

561 2083 758 2136 torum
772 2078 904 2144 iste,
923 2095 957 2134 a
977 2076 1188 2133 brabio
1207 2075 1450 2132 abducit
1469 2075 1584 2141 ille,
1607 2075 1701 2131 hic
1715 2074 2024 2146 componit
2046 2074 2221 2129 victo-

559 2168 666 2224 τίω
692 2168 964 2240 praemia,
997 2166 1091 2222 ille
1122 2170 1248 2221 erat
1274 2164 1461 2228 Pauli,
1496 2164 1592 2220 hic
1621 2170 1708 2219 est
1739 2169 1957 2220 noster.
1991 2163 2220 2218 Atenim

562 2273 724 2323 amo,
759 2256 1018 2328 inquies,
1049 2270 1121 2310 ne
1151 2255 1294 2326 quid
1316 2253 1515 2308 nullus
1537 2269 1649 2322 ego
1668 2253 1804 2324 plus
1833 2252 2086 2310 edicam.
2113 2255 2226 2308 Me-

561 2351 666 2403 tuo
695 2351 894 2402 autem
924 2343 1010 2400 vel
1041 2344 1300 2399 maxime
1327 2341 1552 2413 (siquis
1574 2341 1746 2410 alius)
1770 2342 2070 2414 piratasin
2105 2342 2222 2396 vita

564 2437 876 2498 obeuntes,
911 2449 983 2490 ne
1016 2448 1110 2488 me
1142 2432 1404 2503 spolient
1431 2431 1707 2486 amicitias
1730 2431 1946 2497 fructu,
1979 2447 2052 2486 ne
2083 2430 2225 2485 insi-

565 2523 696 2579 dias
713 2527 942 2578 struant
961 2522 1299 2590 margaritas
1324 2537 1492 2575 meae.
1512 2520 1685 2586 Quid,
1703 2519 1908 2585 homo,
1935 2525 1994 2576 tu
2019 2519 2225 2574 balbu-

567 2611 640 2668 tis
668 2611 698 2666 ?
736 2611 1037 2666 amicosne
1086 2609 1404 2664 malevolos
1454 2609 1596 2664 facis
1657 2610 1685 2665 ?
1731 2625 1840 2664 nec
1889 2611 1947 2664 in
2000 2609 2222 2663 bonam

567 2705 823 2772 partem,
873 2703 937 2754 ut
984 2703 1359 2754 venustatem
1412 2697 1638 2754 habeas
1687 2698 2102 2765 admiratione,
2163 2702 2226 2752 ut

570 2788 888 2860 splendore
919 2791 1272 2842 coruscante
1303 2802 1372 2841 ex
1395 2786 1654 2843 amicitia
1674 2787 1994 2843 illustratus
2009 2785 2226 2842 afﬁcia-

568 2879 650 2934 ris
679 2877 924 2948 gaudio,
955 2880 1012 2932 et
1043 2891 1148 2948 spe
1196 2875 1428 2930 meliori
1459 2874 1754 2931 luxuriere
1787 2896 1800 2934 :
1835 2877 1942 2932 sed
1976 2877 2059 2931 uti
2090 2891 2224 2947 pro-

570 2967 720 3024 clive
753 2966 858 3022 tibi
895 2966 987 3032 sit,
1010 2970 1300 3037 tanquam
1332 2965 1726 3021 resinanimes
1758 2966 2029 3038 prodere,
2056 2965 2228 3021 latro-

571 3071 720 3114 num
795 3055 1138 3111 incursibus
1209 3059 1266 3110 et
1320 3055 1547 3127 rapinis
1603 3057 1836 3122 cedens,
1896 3056 2109 3128 partim
2165 3061 2229 3111 ut
2261 3087 2300 3142 ρ

571 3147 872 3217 ingestam
918 3145 1340 3201 contumeliam
1389 3145 1681 3200 occultare
1724 3162 1912 3218 queas
1943 3143 2230 3219 perartiﬁ-

573 3237 751 3302 ciose,
807 3240 864 3290 et
905 3238 1280 3307 contemptus
1327 3233 1460 3289 velo
1511 3234 1802 3304 religiosae
1857 3236 2228 3293 verecundiae

574 3324 801 3382 famam
841 3325 1121 3388 veneris;
1177 3322 1359 3378 simul
1396 3323 1570 3378 etiam
1619 3329 1683 3378 ut
1739 3325 1964 3380 amicos
2022 3342 2228 3381 morsu

578 3413 849 3484 graviore
881 3418 936 3468 et
965 3411 1352 3484 profundiore
1373 3412 1678 3484 corripias.
1712 3414 1796 3468 Ita
1820 3419 1898 3477 ut,
1931 3429 2051 3469 non
2079 3431 2232 3486 quo-

578 3500 763 3556 modo
793 3499 981 3554 solent
1011 3498 1307 3562 malevoli,
1341 3499 1421 3554 ita
1451 3507 1507 3554 et
1534 3501 1706 3555 amici
1733 3502 1849 3557 sint
1878 3501 1958 3557 ob
1989 3502 2232 3574 pusilla-

579 3587 911 3642 nimitatem
936 3586 1246 3644 cavillandi
1273 3587 1411 3652 ;sed
1442 3587 1576 3642 ideo
1593 3590 1754 3659 quod
1784 3589 1982 3646 videre
2005 3592 2227 3657 videor,

579 3691 823 3732 omnem
854 3675 911 3730 in
945 3691 1046 3730 eos
1076 3678 1450 3746 potestatem,
1496 3693 1738 3733 omnem
1773 3679 2092 3737 voluntatis
2123 3683 2232 3738 do-

579 3764 1092 3826 minationem,ad
1124 3766 1478 3834 mergendos
1497 3765 1774 3822 ﬂuctibus
1805 3769 2038 3837 abiisse,
2068 3773 2231 3844 quod

579 3853 955 3910 insidiatores
984 3853 1290 3909 observem
1325 3859 1378 3909 et
1414 3855 1745 3926 naufragia.
1781 3860 2115 3927 Enimvero,
2142 3863 2233 3919 vir

575 3942 735 3999 bone
751 3942 1150 4008 etlaudande,
1172 3942 1490 3998 artiﬁciose
1514 3947 1843 4016 procedens
1869 3950 2229 4018 convicium,

574 4030 712 4088 licet
731 4031 878 4088 nihil
909 4031 1024 4088 tale
1054 4031 1392 4094 intenderit,
1435 4034 1695 4104 proderit
1725 4042 1922 4092 tamen
1953 4037 2227 4108 fortasse,

575 4121 720 4178 dum
776 4121 917 4177 foris
969 4121 1202 4178 illatum
1257 4125 1473 4178 mentis
1521 4128 1814 4180 tumorem
1867 4134 2224 4200 compescat,

572 4209 909 4280 frangendo
931 4211 1097 4266 illum
1117 4211 1382 4282 quidem,
1408 4212 1512 4267 sed
1528 4217 1584 4268 et
1605 4213 1915 4270 consilium
1938 4217 2228 4274 adhiben-

572 4297 672 4366 do,
699 4305 755 4354 et
779 4300 1126 4355 sedatiorem
1160 4301 1491 4371 operando.
1539 4303 1605 4355 At
1642 4318 1779 4357 cum
1812 4305 2043 4374 publice
2091 4323 2228 4363 cou-

2333 1804 2521 1874 λαλεῖς,
2563 1807 2799 1878 ἄνθρωπε
2833 1826 2846 1875 ;
2875 1811 3180 1881 μαργάρους
3222 1815 3344 1872 τοὺς
3402 1809 3575 1882 φίλους
3618 1816 3772 1874 ποιεῖς,
3797 1808 3862 1859 οὐκ

2335 1895 2392 1947 ἐκ
2419 1903 2511 1947 τοῦ
2560 1895 2835 1968 βελτίονος,
2888 1899 2969 1950 ἱνα
2999 1903 3056 1950 τό
3107 1899 3292 1960 κάλλος
3351 1902 3632 1972 θαυμάζῃς,
3683 1903 3755 1950 καὶ
3785 1904 3863 1955 ταῖς

2333 1993 2707 2058 μαρμαρυγαῖς
2753 1996 2848 2050 τῆς
2919 1987 2968 2038 ἐν
3033 1996 3095 2060 τῇ
3156 1989 3303 2061 φιλίᾳ
3372 1989 3708 2063 λαμπρότητος
3761 2005 3864 2059 περιι

2335 2081 2757 2147 αστραπτόμενος
2814 2081 3033 2152 χαίρῃς,
3088 2083 3172 2130 καὶ
3205 2084 3406 2152 τρυφᾷς
3428 2087 3535 2138 ταῖς
3563 2077 3789 2149 ἀμείνοσιν
3812 2077 3864 2127 il-

2333 2169 2500 2216 πίσιν.
2527 2164 2664 2216 Ἀλλ’
2721 2167 2802 2217 ἵνα
2832 2165 2916 2238 ἐξῇ
2985 2187 3068 2218 σοι
3117 2175 3268 2219 τοῦτο
3317 2171 3428 2240 μὲν,
3475 2171 3540 2228 ὡς
3565 2171 3669 2238 περὶ
3693 2165 3863 2235 ἀψύχων

2332 2251 2624 2328 προδοσίαν
2672 2254 2931 2320 πλάττειν,
2975 2263 3063 2308 καὶ
3115 2257 3323 2330 ληστῶν
3387 2254 3598 2330 ἐφόδους
3644 2261 3718 2307 καὶ
3742 2255 3863 2327 ἁρπα-

2331 2349 2448 2414 γήν.
2483 2345 2646 2398 Τοῦτο
2685 2341 2764 2409 δὲ,
2824 2348 2893 2406 ὡς
2935 2344 2994 2397 ἂν
3051 2343 3329 2406 δυνηθείης
3381 2350 3467 2398 τόν
3504 2345 3862 2420 προπηλακισμόν

2332 2435 2575 2505 κρύπτειν
2628 2441 2699 2504 τῷ
2757 2439 3088 2507 τεχνάσματι
3145 2457 3156 2468 ·
3191 2440 3281 2487 καὶ
3368 2445 3440 2506 τῷ
3493 2435 3862 2506 ἐσχηματιτμὰῳ

2333 2519 2548 2594 ὕϐρεως,
2603 2523 2712 2595 ἅμα
2736 2527 2826 2595 μὲν
2881 2524 3145 2587 εὐλαϐείας
3200 2521 3361 2587 δοξαν
3425 2527 3658 2598 θηρᾶσαι,
3704 2522 3791 2592 ἅμα
3823 2517 3864 2570 δι

2335 2607 2622 2684 βαθύτερόν
2679 2632 2732 2665 τε
2778 2617 2866 2664 καὶ
2929 2619 3228 2688 πικρότερον
3295 2623 3398 2666 τῶν
3449 2614 3595 2686 φίλων
3668 2613 3861 2663 καθάπτε-

2335 2703 2492 2772 σθαι]
2549 2704 2629 2754 ὅτι
2671 2703 2788 2755 καθ’
2841 2705 2894 2755 ὃν
2948 2709 3157 2778 τρόπον,
3193 2704 3298 2775 οὐχ
3350 2707 3399 2757 οὶ
3462 2707 3720 2776 μάργαροι,
3751 2701 3862 2768 λέγω,

2334 2790 2494 2850 οὕτως
2523 2788 2638 2842 οὐδ’
2669 2793 2718 2844 οἱ
2773 2792 2910 2864 φίλοι
2958 2802 3048 2854 τῆς
3102 2790 3295 2854 δειλίας
3351 2793 3455 2846 εἰσί
3490 2813 3574 2864 μοι
3611 2795 3861 2864 παραίτιον

2337 2877 2443 2930 ἀλλ’
2475 2881 2555 2932 ὃτι
2585 2882 2686 2954 όρῶ
2728 2886 2822 2940 τὴν
2875 2887 2991 2954 περὶ
3036 2882 3226 2944 αύτούς
3277 2882 3536 2947 ἐξουσίαν,
3586 2885 3664 2932 καὶ
3699 2883 3745 2930 τό
3775 2878 3863 2948 κρά-

2336 2988 2418 3029 τος
2466 2975 2558 3020 τοῦ
2616 2968 2958 3043 βουλήματος,
3029 2971 3140 3024 ὅλον
3191 2971 3264 3033 εἰς
3321 2976 3446 3032 τοὺς
3519 2967 3863 3022 καταποντιστὰς

2337 3065 2746 3130 μεταχωρῆσαν,
2795 3065 2884 3112 καὶ
2937 3064 3056 3123 τοὺς
3112 3060 3383 3132 λοχῶντας
3431 3066 3517 3112 καὶ
3566 3062 3623 3111 τα
3671 3058 3859 3124 ναυάγια.

2339 3144 2476 3198 Ἀλλ’
2503 3145 2671 3219 ὕϐρις,
2721 3146 2760 3199 ὦ
2789 3149 2909 3200 καλὲ
2954 3155 3042 3202 καὶ
3091 3148 3268 3221 ἀγαθὲ,
3306 3154 3404 3201 σὺν
3447 3155 3597 3221 τέχνη
3637 3152 3861 3218 προὶοῦσα,

2335 3232 2664 3289 λανθάνουσα
2691 3241 2798 3309 μεν,
2833 3239 2980 3310 τάχα
3029 3259 3080 3292 τι
3114 3243 3202 3290 καὶ
3248 3244 3488 3302 συνήσει,
3537 3244 3622 3297 τῆς
3648 3234 3800 3305 ψυχῆς
3822 3233 3862 3280 τὸ

2337 3322 2567 3377 οἰδαῖνον
2597 3327 2690 3389 ἔξω
2717 3327 2976 3400 ῥηγνῦσα,
3045 3330 3431 3402 παρηγοροῦσά
3476 3345 3525 3379 τε
3555 3331 3636 3377 καὶ
3663 3320 3862 3392 διαπραΰο

2336 3434 2536 3467 νουσα·
2567 3413 2730 3468 ἐπειδ’
2773 3415 2832 3467 ἂν
2883 3413 2942 3469 δι
2993 3420 3294 3490 κατάφωρος
3350 3420 3574 3488 γίνηται,
3627 3415 3686 3473 εἰς
3718 3409 3859 3462 ταύτὸν

2339 3507 2508 3558 ἄτοπα
2566 3506 2727 3558 πολλὰ
2771 3510 3020 3579 συνάγει·
3082 3505 3208 3568 ἦθος
3265 3505 3431 3580 βαρύ,
3479 3506 3629 3578 ψογὸν
3680 3504 3861 3557 ἐπαίνους

2339 3596 2761 3669 ὑποκρινόμενονο
2824 3598 3108 3670 αἰσχύνην,
3191 3598 3266 3669 ἐφ’
3333 3595 3411 3658 οἷς
3467 3598 3490 3648 ὁ
3547 3598 3755 3669 κρύπτων
3796 3588 3862 3640 οὐκ

2339 3684 2530 3736 ἔλαθεν.
2578 3689 2676 3738 Καὶ
2725 3691 3042 3760 παρατρέχω
3092 3689 3158 3739 τὰ
3203 3686 3435 3742 πλείονα.
3491 3689 3675 3746 Καίτοι,
3721 3681 3757 3732 εἰ
3797 3679 3861 3743 μὲν

2341 3771 2570 3845 ὑϐρίζειν
2628 3771 2753 3840 ἔδει»
2815 3781 2893 3837 τίς
2941 3777 2970 3834 ἦ
3016 3780 3232 3848 μηχανή
3303 3785 3399 3829 τοῦ
3445 3777 3704 3848 κρύπτειν;
3753 3767 3788 3820 εἰ
3820 3761 3863 3816 δὲ

2338 3862 2510 3914 λαθεῖν
2536 3863 2720 3936 ἐχρῆν,
2747 3865 2951 3936 ἄμεινον
3001 3862 3061 3924 ἦν
3119 3861 3256 3938 μηδέ
3302 3870 3402 3924 τὴν
3435 3863 3597 3938 ἀρχὴν
3635 3861 3694 3920 εἰς
3735 3855 3863 3928 ὕϐρεις

2341 3951 2517 4005 ἐλθεῖν.
2551 3953 2609 4005 Ὀ
2641 3950 2699 4006 δὲ
2745 3957 2985 4026 κρύπτων
3018 3958 3106 4028 μὲν
3139 3953 3187 4006 ἐν
3216 3963 3290 4026 τῷ
3349 3957 3594 4030 μαργάρῳ
3631 3954 3710 4007 τὴν
3734 3943 3860 4016 ὕϐρίνι

2339 4040 2508 4094 λαθεῖν
2542 4039 2599 4094 δὲ
2631 4042 2724 4095 ούκ
2779 4046 2914 4116 ἔχων
2975 4050 3070 4103 τὴν
3129 4049 3344 4116 τέχνην,
3400 4043 3492 4096 ούκ
3539 4037 3632 4094 οἶδ’
3667 4032 3860 4098 ὅπως,ὧν

2340 4128 2584 4202 βούλεται
2609 4132 2666 4184 ού
2725 4129 3077 4190 διαπεσεῖται.
3131 4137 3263 4186 Οὔτε
3309 4136 3415 4209 γὰρ
3474 4132 3633 4185 ἔλαθεν
3671 4124 3857 4197 ὑϐρίσας,

2337 4225 2426 4272 καὶ
2483 4225 2576 4280 τὴν
2632 4227 2828 4281 σκηνὴν
2897 4224 3003 4294 (ἵνα
3055 4220 3220 4294 μηδὲν
3264 4226 3394 4275 εἴπω
3445 4221 3603 4284 πλέον)
3649 4215 3858 4284 ἐλέγχεται

2335 4312 2506 4382 μάτην
2555 4308 2880 4374 διαπλώσας.
2950 4313 3126 4364 Βούλει
3196 4307 3528 4384 μαργαρίδας
3599 4310 3702 4364 τοὺς
3767 4300 3859 4355 σοὺς

570 4386 819 4476 vicietur
848 4388 1084 4460 aliquis,
1119 4388 1338 4444 multas
1372 4391 1780 4461 superinducit
1806 4393 2222 4466 absurditates,

2335 4398 2658 4472 ἐξονομάζειν
2713 4401 2932 4472 φίλους;
2984 4407 3055 4472 μὴ
3107 4401 3297 4453 σαύτόν
3365 4398 3630 4468 δισταγμῷ
3680 4393 3858 4462 περιτρέ·

568 4475 974 4534 intolerandos
1003 4493 1218 4543 mores,
1253 4478 1597 4548 vituperium
1631 4479 1744 4536 sub
1773 4488 2057 4553 praetextu
2089 4487 2222 4542 lau-

568 4564 676 4631 dis,
713 4565 1191 4638 pudefactionem
1231 4565 1306 4621 de
1333 4566 1401 4620 iis
1431 4582 1566 4638 quae
1600 4567 1804 4634 voluit,
1849 4571 1952 4626 sed
1981 4573 2217 4643 frustra,

564 4655 882 4712 occultare.
935 4654 1196 4710 Plurima
1248 4663 1552 4726 praetereo.
1607 4657 1778 4723 Quod
1810 4660 1857 4714 si
1899 4662 2218 4720 conviciari

562 4744 940 4815 propositum
963 4743 1092 4808 fuit,
1111 4743 1257 4815 quid
1271 4759 1424 4815 opus
1440 4746 1780 4800 occultandi
1798 4749 2045 4806 artificio
2072 4751 2100 4806 ‘I
2127 4752 2216 4808 sin

561 4830 715 4887 clam
763 4847 893 4888 esse
945 4839 1000 4888 et
1049 4831 1249 4899 latere,
1308 4839 1460 4888 certe
1503 4835 1867 4904 praestitisset
1915 4839 1993 4892 ab
2049 4843 2213 4897 omni

559 4931 804 4987 prorsus
834 4921 1195 4978 contumelia
1224 4921 1584 4978 abstinuisse
1615 4924 1673 4978 in
1707 4925 1892 4981 initio.
1931 4929 2042 4992 Qui
2074 4945 2211 4986 vero

558 5009 982 5066 contumeliam
1017 5026 1119 5082 per
1150 5013 1537 5082 margaritam
1568 5013 1844 5080 occultat,
1879 5031 1988 5071 nec
2017 5019 2210 5074 celare

553 5094 718 5150 novit
743 5098 1073 5168 artiﬁciose,
1090 5107 1310 5167 tamen,
1335 5102 1535 5158 nescio
1557 5118 1678 5174 quo
1706 5110 1898 5173 pacto,
1919 5121 2072 5178 aspe
2101 5126 2207 5165 sua

550 5197 674 5238 non
706 5185 926 5241 excidit
955 5194 1011 5242 et
1055 5189 1368 5246 desiderio.
1425 5195 1624 5264 Neque
1655 5194 1815 5248 enim
1849 5193 2019 5251 latuit
2061 5214 2206 5253 con-

551 5271 920 5329 tumeliosius
933 5291 1136 5345 agens,
1161 5287 1215 5334 et
1233 5296 1476 5336 scenam
1492 5282 1677 5348 illam,
1693 5299 1766 5338 ne
1784 5285 1929 5357 quid
1962 5287 2203 5356 gravius

545 5361 764 5429 dicam,
782 5361 998 5420 frustra
1027 5368 1394 5424 convincitur
1416 5371 1762 5429 adornasse.
1799 5373 1970 5432 Visne
1992 5379 2200 5435 amicis

615 5516 660 5555 ¹²
692 5515 738 5572 ll
769 5515 919 5572 Tim.
951 5531 1026 5582 iv,
1058 5517 1110 5572 8.
1219 5521 1265 5555 1³
1299 5522 1319 5575 Ι
1355 5524 1483 5578 Cor.
1514 5540 1584 5588 ix,
1613 5526 1704 5595 26,
1738 5531 1826 5585 27.

2333 4509 2464 4552 ποις,
2525 4493 2592 4552 ὡς
2657 4493 2714 4541 τό
2763 4489 2940 4541 λευκόν
2988 4498 3083 4549 τῆς
3123 4489 3335 4560 ἀγάπης
3389 4495 3476 4541 καὶ
3545 4485 3765 4556 λαμπρὸν,
3807 4474 3861 4531 εἰς

2331 4582 2424 4635 τὴν
2473 4578 2713 4650 μέλαιναν
2767 4575 3107 4650 διαχύσωσιν
3165 4581 3364 4652 ἔχθραν
3391 4600 3402 4612 ’
3436 4572 3568 4650 μηδὲ
3613 4569 3782 4638 δειλιᾲς
3817 4564 3856 4613 τὸ

2329 4674 2419 4727 τῆς
2483 4665 2760 4728 διαθέσεως
2812 4670 3034 4740 ἓντορον,
3095 4673 3184 4719 καὶ
3263 4667 3582 4737 πανταχόθεν
3637 4663 3735 4711 ἴσον
3789 4655 3855 4703 καὶ

2326 4759 2573 4829 καθαρόν,
2623 4761 2691 4819 ὡς
2735 4757 2802 4818 εἰς
2868 4756 3080 4821 ἀνίσους
3127 4762 3316 4827 γωνίας
3367 4757 3590 4812 πλαστῆς
3635 4747 3854 4820 περιθραυ·

2328 4847 2582 4904 σθήσεται
2626 4852 2852 4918 γνώμης.
2901 4848 3058 4900 Ἀλλὰ
3094 4843 3308 4917 δειλιᾴς,
3358 4851 3428 4918 μὴ
3475 4845 3666 4918 ἁρπαγῇ
3698 4855 3774 4888 σου
3811 4833 3851 4880 τὸ

2321 4941 2654 5007 τιμιώτατον.
2711 4937 2819 4988 Οὐκ
2865 4939 3002 4988 ἔστιν
3054 4936 3270 5008 ἄψυχος
3321 4932 3444 4988 οὐδὲ
3492 4931 3709 4987 ἀκίνητος
3749 4921 3850 4990 6?"

2318 5022 2404 5084 λος
2433 5029 2526 5082 τὴν
2553 5027 2707 5095 φύσιν
2759 5046 2772 5059 ο
2832 5024 2886 5076 ἐκ
2934 5033 3026 5078 τοῦ
3069 5031 3308 5097 χείρονος
3355 5027 3384 5082 ἡ
3436 5025 3638 5074 τοιαύτη
3693 5017 3847 5085 χρῆσις

2316 5121 2408 5165 τοῦ
2457 5110 2888 5185 παραδείγματος
2935 5136 2947 5148 ο
2979 5119 3068 5166 καὶ
3101 5117 3126 5166 ό
3155 5119 3247 5172 τὴν
3280 5113 3517 5188 ἁρπαγὴν
3543 5109 3686 5178 λέγων
3716 5093 3845 5152 δεδιέ·

2314 5223 2419 5270 ναι,
2476 5211 2569 5263 τῆς
2613 5205 2804 5264 εἰκόνος
2878 5203 3193 5256 ἐπιϐουλεύει
3248 5208 3303 5256 τό
3400 5205 3668 5274 χρήσιμον.
3728 5185 3847 5240 una

2314 5291 2466 5364 φοϐῇ,
2499 5297 2571 5364 μὴ
2612 5293 2867 5366 ἅρπαγμα
2923 5302 3031 5356 τοῖς
3073 5294 3278 5366 λοχῶσι
3317 5273 3542 5363 γένηται.
3593 5286 3679 5337 Καὶ
3724 5273 3839 5366 τί

2311 5379 2472 5454 λέγεις
2545 5383 2716 5446 ἁπλῶς
2745 5361 2946 5440 {me
2997 5361 3254 5456 φοϐούμαι
3324 5361 3398 5454 μὴ
3453 5378 3599 5435 αὐτὸς
3655 5361 3841 5421 ἀποστάς

3989 971 3991 1056 ψ
