  <div class='ocr_page' id='page_1' title='image "/cluster/home/n/w/nwhite01/storage/ocr_20150623/102/hvd.32044073502155/490.png"; bbox 0 0 4072 6232; ppageno 0'>
   <div class='ocr_carea' id='block_1_1' title="bbox 236 335 350 392">
    <p class='ocr_par' dir='ltr' id='par_1_1' title="bbox 236 335 350 392">
     <span class='ocr_line' id='line_1_1' title="bbox 236 335 350 392; baseline 0 0"><span class='ocrx_word' id='word_1_1' title='bbox 236 335 350 392; x_wconf 74' lang='lat'>9-13</span> 
     </span>
    </p>
   </div>
   <div class='ocr_carea' id='block_1_2' title="bbox 235 464 1362 541">
    <p class='ocr_par' dir='ltr' id='par_1_2' title="bbox 235 464 1362 541">
     <span class='ocr_line' id='line_1_2' title="bbox 235 464 1362 541; baseline 0.008 -27"><span class='ocrx_word' id='word_1_2' title='bbox 235 464 387 536; x_wconf 74' lang='grc' dir='ltr'>ἡμῶν</span> <span class='ocrx_word' id='word_1_3' title='bbox 435 465 566 536; x_wconf 87' lang='grc' dir='ltr'>μετὰ</span> <span class='ocrx_word' id='word_1_4' title='bbox 616 471 717 517; x_wconf 84' lang='grc' dir='ltr'>τῶν</span> <span class='ocrx_word' id='word_1_5' title='bbox 755 465 1030 538; x_wconf 83' lang='grc' dir='ltr'>λοχώντων</span> <span class='ocrx_word' id='word_1_6' title='bbox 1085 473 1298 541; x_wconf 88' lang='grc' dir='ltr'>γένηται</span> <span class='ocrx_word' id='word_1_7' title='bbox 1348 486 1362 501; x_wconf 83' lang='grc'><strong>⁸</strong></span> 
     </span>
    </p>
   </div>
   <div class='ocr_carea' id='block_1_3' title="bbox 234 553 1843 633">
    <p class='ocr_par' dir='ltr' id='par_1_3' title="bbox 234 553 1843 633">
     <span class='ocr_line' id='line_1_3' title="bbox 234 553 1843 633; baseline 0.004 -28"><span class='ocrx_word' id='word_1_8' title='bbox 234 553 433 625; x_wconf 77' lang='grc' dir='ltr'>φιλίας,</span> <span class='ocrx_word' id='word_1_9' title='bbox 461 558 649 620; x_wconf 85' lang='grc' dir='ltr'>πόνων,</span> <span class='ocrx_word' id='word_1_10' title='bbox 705 555 895 621; x_wconf 82' lang='grc' dir='ltr'>ἄθλων,</span> <span class='ocrx_word' id='word_1_11' title='bbox 943 557 1026 618; x_wconf 79' lang='grc' dir='ltr'>οὓς</span> <span class='ocrx_word' id='word_1_12' title='bbox 1084 555 1175 610; x_wconf 81' lang='grc' dir='ltr'>διὰ</span> <span class='ocrx_word' id='word_1_13' title='bbox 1225 563 1454 633; x_wconf 79' lang='grc' dir='ltr'>Χριστὸν</span> <span class='ocrx_word' id='word_1_14' title='bbox 1501 563 1591 612; x_wconf 81' lang='grc' dir='ltr'>καὶ</span> <span class='ocrx_word' id='word_1_15' title='bbox 1631 564 1725 618; x_wconf 81' lang='grc' dir='ltr'>τὴν</span> <span class='ocrx_word' id='word_1_16' title='bbox 1751 561 1843 612; x_wconf 75' lang='grc' dir='ltr'>αύ-</span> 
     </span>
    </p>
   </div>
   <div class='ocr_carea' id='block_1_4' title="bbox 233 643 1842 720">
    <p class='ocr_par' dir='ltr' id='par_1_4' title="bbox 233 643 1842 720">
     <span class='ocr_line' id='line_1_4' title="bbox 233 643 1842 720; baseline 0.005 -26"><span class='ocrx_word' id='word_1_17' title='bbox 233 651 331 695; x_wconf 87' lang='grc' dir='ltr'>τοῦ</span> <span class='ocrx_word' id='word_1_18' title='bbox 367 643 678 701; x_wconf 77' lang='grc' dir='ltr'>Ἐκκλησίαν</span> <span class='ocrx_word' id='word_1_19' title='bbox 734 646 1037 718; x_wconf 77' lang='grc' dir='ltr'>ἠνέγκαμεν.</span> <span class='ocrx_word' id='word_1_20' title='bbox 1093 649 1270 711; x_wconf 76' lang='grc' dir='ltr'>Οὕτως</span> <span class='ocrx_word' id='word_1_21' title='bbox 1307 650 1332 700; x_wconf 89' lang='grc' dir='ltr'>ό</span> <span class='ocrx_word' id='word_1_22' title='bbox 1388 649 1544 720; x_wconf 79' lang='grc' dir='ltr'>λέγων</span> <span class='ocrx_word' id='word_1_23' title='bbox 1569 654 1660 700; x_wconf 83' lang='grc' dir='ltr'>καὶ</span> <span class='ocrx_word' id='word_1_24' title='bbox 1717 648 1842 702; x_wconf 80' lang='grc' dir='ltr'>ἀπο-</span> 
     </span>
    </p>
   </div>
   <div class='ocr_carea' id='block_1_5' title="bbox 233 733 1842 810">
    <p class='ocr_par' dir='ltr' id='par_1_5' title="bbox 233 733 1842 810">
     <span class='ocr_line' id='line_1_5' title="bbox 233 733 1842 810; baseline 0.004 -26"><span class='ocrx_word' id='word_1_25' title='bbox 233 733 509 785; x_wconf 75' lang='grc' dir='ltr'>καλύπτων</span> <span class='ocrx_word' id='word_1_26' title='bbox 556 741 650 794; x_wconf 88' lang='grc' dir='ltr'>τῆς</span> <span class='ocrx_word' id='word_1_27' title='bbox 702 733 929 806; x_wconf 78' lang='grc' dir='ltr'>ἀγωνίας</span> <span class='ocrx_word' id='word_1_28' title='bbox 959 739 1016 788; x_wconf 89' lang='grc' dir='ltr'>τό</span> <span class='ocrx_word' id='word_1_29' title='bbox 1047 739 1231 802; x_wconf 82' lang='grc' dir='ltr'>αἴτιον,</span> <span class='ocrx_word' id='word_1_30' title='bbox 1273 743 1362 790; x_wconf 81' lang='grc' dir='ltr'>καὶ</span> <span class='ocrx_word' id='word_1_31' title='bbox 1392 740 1456 790; x_wconf 83' lang='grc' dir='ltr'>τὰ</span> <span class='ocrx_word' id='word_1_32' title='bbox 1508 737 1692 790; x_wconf 83' lang='grc' dir='ltr'>ἑαυτοῦ</span> <span class='ocrx_word' id='word_1_33' title='bbox 1730 759 1842 810; x_wconf 83' lang='grc' dir='ltr'>χω-</span> 
     </span>
    </p>
   </div>
   <div class='ocr_carea' id='block_1_6' title="bbox 232 823 1840 901">
    <p class='ocr_par' dir='ltr' id='par_1_6' title="bbox 232 823 1840 901">
     <span class='ocr_line' id='line_1_6' title="bbox 232 823 1840 901; baseline 0.002 -25"><span class='ocrx_word' id='word_1_34' title='bbox 232 828 324 896; x_wconf 80' lang='grc' dir='ltr'>ρὶς</span> <span class='ocrx_word' id='word_1_35' title='bbox 353 831 604 894; x_wconf 80' lang='grc' dir='ltr'>μηχανῆς</span> <span class='ocrx_word' id='word_1_36' title='bbox 636 825 865 896; x_wconf 82' lang='grc' dir='ltr'>πράττει,</span> <span class='ocrx_word' id='word_1_37' title='bbox 904 829 994 877; x_wconf 81' lang='grc' dir='ltr'>καὶ</span> <span class='ocrx_word' id='word_1_38' title='bbox 1039 829 1126 878; x_wconf 90' lang='grc' dir='ltr'>τὸν</span> <span class='ocrx_word' id='word_1_39' title='bbox 1179 829 1346 878; x_wconf 84' lang='grc' dir='ltr'>αἴτιον</span> <span class='ocrx_word' id='word_1_40' title='bbox 1393 828 1568 901; x_wconf 82' lang='grc' dir='ltr'>ῥᾷστα</span> <span class='ocrx_word' id='word_1_41' title='bbox 1598 823 1840 900; x_wconf 82' lang='grc' dir='ltr'>διορθοῦ-</span> 
     </span>
    </p>
   </div>
   <div class='ocr_carea' id='block_1_7' title="bbox 233 909 1838 988">
    <p class='ocr_par' dir='ltr' id='par_1_7' title="bbox 233 909 1838 988">
     <span class='ocr_line' id='line_1_7' title="bbox 233 909 1838 988; baseline 0.004 -25"><span class='ocrx_word' id='word_1_42' title='bbox 233 932 345 979; x_wconf 85' lang='grc' dir='ltr'>ται,</span> <span class='ocrx_word' id='word_1_43' title='bbox 396 917 486 964; x_wconf 81' lang='grc' dir='ltr'>καὶ</span> <span class='ocrx_word' id='word_1_44' title='bbox 540 909 763 965; x_wconf 78' lang='grc' dir='ltr'>δεικνύει</span> <span class='ocrx_word' id='word_1_45' title='bbox 831 913 1034 988; x_wconf 81' lang='grc' dir='ltr'>θαρῥεῖν</span> <span class='ocrx_word' id='word_1_46' title='bbox 1099 915 1299 981; x_wconf 75' lang='grc' dir='ltr'>ἑαυτὸν,</span> <span class='ocrx_word' id='word_1_47' title='bbox 1368 917 1443 978; x_wconf 84' lang='grc' dir='ltr'>οἷς</span> <span class='ocrx_word' id='word_1_48' title='bbox 1483 915 1732 969; x_wconf 80' lang='grc' dir='ltr'>ἐπικαλεί.</span> <span class='ocrx_word' id='word_1_49' title='bbox 1780 916 1838 969; x_wconf 77' lang='grc' dir='ltr'><strong>Ὀ</strong></span> 
     </span>
    </p>
   </div>
   <div class='ocr_carea' id='block_1_8' title="bbox 236 998 1840 1078">
    <p class='ocr_par' dir='ltr' id='par_1_8' title="bbox 236 998 1840 1078">
     <span class='ocr_line' id='line_1_8' title="bbox 236 998 1840 1078; baseline 0.002 -24"><span class='ocrx_word' id='word_1_50' title='bbox 236 998 301 1054; x_wconf 69' lang='grc' dir='ltr'><strong>δί</strong></span> <span class='ocrx_word' id='word_1_51' title='bbox 326 1006 523 1060; x_wconf 81' lang='grc' dir='ltr'>σκηνὴν</span> <span class='ocrx_word' id='word_1_52' title='bbox 553 1005 769 1072; x_wconf 82' lang='grc' dir='ltr'>πηγνύς,</span> <span class='ocrx_word' id='word_1_53' title='bbox 803 999 910 1055; x_wconf 83' lang='grc' dir='ltr'>εἶτα</span> <span class='ocrx_word' id='word_1_54' title='bbox 966 1000 1379 1078; x_wconf 72' lang='grc' dir='ltr'>δραματουργῶν</span> <span class='ocrx_word' id='word_1_55' title='bbox 1426 1003 1474 1056; x_wconf 77' lang='grc' dir='ltr'>ἐν</span> <span class='ocrx_word' id='word_1_56' title='bbox 1518 1005 1671 1078; x_wconf 74' lang='grc' dir='ltr'>αὐτῇ,</span> <span class='ocrx_word' id='word_1_57' title='bbox 1712 1007 1840 1078; x_wconf 80' lang='grc' dir='ltr'>μετὰ</span> 
     </span>
    </p>
   </div>
   <div class='ocr_carea' id='block_1_9' title="bbox 233 1089 1838 1166">
    <p class='ocr_par' dir='ltr' id='par_1_9' title="bbox 233 1089 1838 1166">
     <span class='ocr_line' id='line_1_9' title="bbox 233 1089 1838 1166; baseline 0.002 -23"><span class='ocrx_word' id='word_1_58' title='bbox 233 1095 570 1164; x_wconf 81' lang='grc' dir='ltr'>προσωπείου</span> <span class='ocrx_word' id='word_1_59' title='bbox 620 1095 678 1142; x_wconf 90' lang='lat'>1&#39;6</span> <span class='ocrx_word' id='word_1_60' title='bbox 735 1089 1067 1164; x_wconf 71' lang='grc' dir='ltr'>βλασφῆμον,</span> <span class='ocrx_word' id='word_1_61' title='bbox 1137 1093 1248 1145; x_wconf 77' lang='grc' dir='ltr'>ἀντὶ</span> <span class='ocrx_word' id='word_1_62' title='bbox 1291 1101 1382 1146; x_wconf 75' lang='grc' dir='ltr'>τοῦ</span> <span class='ocrx_word' id='word_1_63' title='bbox 1423 1099 1618 1152; x_wconf 84' lang='grc' dir='ltr'>σκηνὴν</span> <span class='ocrx_word' id='word_1_64' title='bbox 1653 1093 1838 1166; x_wconf 79' lang='grc' dir='ltr'>ἑτέροις</span> 
     </span>
    </p>
   </div>
   <div class='ocr_carea' id='block_1_10' title="bbox 233 1177 1832 1256">
    <p class='ocr_par' dir='ltr' id='par_1_10' title="bbox 233 1177 1832 1256">
     <span class='ocr_line' id='line_1_10' title="bbox 233 1177 1832 1256; baseline 0.003 -25"><span class='ocrx_word' id='word_1_65' title='bbox 233 1179 534 1252; x_wconf 82' lang='grc' dir='ltr'>προϐαλεῖν,</span> <span class='ocrx_word' id='word_1_66' title='bbox 603 1177 908 1253; x_wconf 88' lang='grc' dir='ltr'>λαϐύρινθον</span> <span class='ocrx_word' id='word_1_67' title='bbox 985 1181 1148 1252; x_wconf 83' lang='grc' dir='ltr'>ἐαυτῷ</span> <span class='ocrx_word' id='word_1_68' title='bbox 1211 1181 1446 1234; x_wconf 72' lang='grc' dir='ltr'>λανθάνει</span> <span class='ocrx_word' id='word_1_69' title='bbox 1515 1185 1788 1256; x_wconf 87' lang='grc' dir='ltr'>περιτιθείς</span> <span class='ocrx_word' id='word_1_70' title='bbox 1820 1204 1832 1216; x_wconf 90' lang='grc'><strong>·</strong></span> 
     </span>
    </p>
   </div>
   <div class='ocr_carea' id='block_1_11' title="bbox 235 1269 1836 1339">
    <p class='ocr_par' dir='ltr' id='par_1_11' title="bbox 235 1269 1836 1339">
     <span class='ocr_line' id='line_1_11' title="bbox 235 1269 1836 1339; baseline 0.002 -21"><span class='ocrx_word' id='word_1_71' title='bbox 235 1269 310 1329; x_wconf 82' lang='grc' dir='ltr'>ὡς</span> <span class='ocrx_word' id='word_1_72' title='bbox 355 1273 445 1320; x_wconf 85' lang='grc' dir='ltr'>καὶ</span> <span class='ocrx_word' id='word_1_73' title='bbox 499 1274 586 1319; x_wconf 85' lang='grc' dir='ltr'>νῦν</span> <span class='ocrx_word' id='word_1_74' title='bbox 631 1269 751 1339; x_wconf 79' lang='grc' dir='ltr'>όρᾲς</span> <span class='ocrx_word' id='word_1_75' title='bbox 794 1269 888 1320; x_wconf 76' lang='grc' dir='ltr'>οὐκ</span> <span class='ocrx_word' id='word_1_76' title='bbox 942 1271 1082 1322; x_wconf 83' lang='grc' dir='ltr'>ἔστιν</span> <span class='ocrx_word' id='word_1_77' title='bbox 1132 1269 1368 1332; x_wconf 72' lang='grc' dir='ltr'>ἐξελθεῖν.</span> <span class='ocrx_word' id='word_1_78' title='bbox 1433 1269 1567 1324; x_wconf 82' lang='grc' dir='ltr'>Ἀλλ’</span> <span class='ocrx_word' id='word_1_79' title='bbox 1622 1273 1733 1324; x_wconf 82' lang='grc' dir='ltr'>ὅθεν</span> <span class='ocrx_word' id='word_1_80' title='bbox 1776 1273 1836 1324; x_wconf 82' lang='grc' dir='ltr'>οἶν</span> 
     </span>
    </p>
   </div>
   <div class='ocr_carea' id='block_1_12' title="bbox 233 1355 1835 1432">
    <p class='ocr_par' dir='ltr' id='par_1_12' title="bbox 233 1355 1835 1432">
     <span class='ocr_line' id='line_1_12' title="bbox 233 1355 1835 1432; baseline 0.003 -24"><span class='ocrx_word' id='word_1_81' title='bbox 233 1376 320 1418; x_wconf 90' lang='grc' dir='ltr'>τις</span> <span class='ocrx_word' id='word_1_82' title='bbox 358 1355 627 1430; x_wconf 74' lang='grc' dir='ltr'>προκύψαι</span> <span class='ocrx_word' id='word_1_83' title='bbox 677 1359 965 1429; x_wconf 78' lang='grc' dir='ltr'>πειραθείη,</span> <span class='ocrx_word' id='word_1_84' title='bbox 1023 1356 1334 1411; x_wconf 78' lang='grc' dir='ltr'>ἀπαντῶσαν</span> <span class='ocrx_word' id='word_1_85' title='bbox 1369 1363 1482 1431; x_wconf 78' lang='grc' dir='ltr'>ἔχει</span> <span class='ocrx_word' id='word_1_86' title='bbox 1507 1363 1835 1432; x_wconf 81' lang='grc' dir='ltr'>πανταχόθεν</span> 
     </span>
    </p>
   </div>
   <div class='ocr_carea' id='block_1_13' title="bbox 231 1445 1836 1524">
    <p class='ocr_par' dir='ltr' id='par_1_13' title="bbox 231 1445 1836 1524">
     <span class='ocr_line' id='line_1_13' title="bbox 231 1445 1836 1524; baseline 0.002 -26"><span class='ocrx_word' id='word_1_87' title='bbox 231 1453 330 1498; x_wconf 86' lang='grc' dir='ltr'>τοῦ</span> <span class='ocrx_word' id='word_1_88' title='bbox 396 1445 706 1518; x_wconf 83' lang='grc' dir='ltr'>λαϐυρίνθου</span> <span class='ocrx_word' id='word_1_89' title='bbox 785 1451 878 1504; x_wconf 80' lang='grc' dir='ltr'>τὴν</span> <span class='ocrx_word' id='word_1_90' title='bbox 940 1453 1290 1507; x_wconf 77' lang='grc' dir='ltr'>κατασκευήν.</span> <span class='ocrx_word' id='word_1_91' title='bbox 1338 1454 1514 1521; x_wconf 82' lang='grc' dir='ltr'>Χωρὶς</span> <span class='ocrx_word' id='word_1_92' title='bbox 1582 1453 1683 1524; x_wconf 82' lang='grc' dir='ltr'>γὰρ</span> <span class='ocrx_word' id='word_1_93' title='bbox 1737 1458 1836 1503; x_wconf 85' lang='grc' dir='ltr'>τῶν</span> 
     </span>
    </p>
   </div>
   <div class='ocr_carea' id='block_1_14' title="bbox 233 1533 1838 1613">
    <p class='ocr_par' dir='ltr' id='par_1_14' title="bbox 233 1533 1838 1613">
     <span class='ocr_line' id='line_1_14' title="bbox 233 1533 1838 1613; baseline 0.002 -26"><span class='ocrx_word' id='word_1_94' title='bbox 233 1535 534 1608; x_wconf 80' lang='grc' dir='ltr'>εἰρημένων,</span> <span class='ocrx_word' id='word_1_95' title='bbox 589 1534 633 1587; x_wconf 85' lang='grc' dir='ltr'>εἰ</span> <span class='ocrx_word' id='word_1_96' title='bbox 689 1538 776 1605; x_wconf 70' lang='grc' dir='ltr'>μὲν</span> <span class='ocrx_word' id='word_1_97' title='bbox 824 1543 910 1586; x_wconf 85' lang='grc' dir='ltr'>νῦν</span> <span class='ocrx_word' id='word_1_98' title='bbox 960 1533 1155 1607; x_wconf 81' lang='grc' dir='ltr'>δειλιᾷς</span> <span class='ocrx_word' id='word_1_99' title='bbox 1207 1543 1300 1595; x_wconf 74' lang='grc' dir='ltr'>τὴν</span> <span class='ocrx_word' id='word_1_100' title='bbox 1350 1537 1541 1610; x_wconf 75' lang='grc' dir='ltr'>φιλίαν,</span> <span class='ocrx_word' id='word_1_101' title='bbox 1584 1543 1730 1610; x_wconf 81' lang='grc' dir='ltr'>τίμὴ</span> <span class='ocrx_word' id='word_1_102' title='bbox 1758 1539 1838 1613; x_wconf 80' lang='grc' dir='ltr'>ῥί-</span> 
     </span>
    </p>
   </div>
   <div class='ocr_carea' id='block_1_15' title="bbox 231 1621 1834 1703">
    <p class='ocr_par' dir='ltr' id='par_1_15' title="bbox 231 1621 1834 1703">
     <span class='ocr_line' id='line_1_15' title="bbox 231 1621 1834 1703; baseline 0.002 -28"><span class='ocrx_word' id='word_1_103' title='bbox 231 1627 429 1696; x_wconf 76' lang='grc' dir='ltr'>πτηςο,</span> <span class='ocrx_word' id='word_1_104' title='bbox 464 1627 492 1682; x_wconf 82' lang='grc' dir='ltr'>ἧ</span> <span class='ocrx_word' id='word_1_105' title='bbox 525 1643 582 1676; x_wconf 79' lang='grc' dir='ltr'>σε</span> <span class='ocrx_word' id='word_1_106' title='bbox 608 1621 700 1676; x_wconf 72' lang='grc' dir='ltr'>διὰ</span> <span class='ocrx_word' id='word_1_107' title='bbox 731 1622 852 1696; x_wconf 85' lang='grc' dir='ltr'>βίου</span> <span class='ocrx_word' id='word_1_108' title='bbox 900 1625 1192 1678; x_wconf 80' lang='grc' dir='ltr'>σαλεύουσα</span> <span class='ocrx_word' id='word_1_109' title='bbox 1248 1627 1456 1694; x_wconf 78' lang='grc' dir='ltr'>παίζει;</span> <span class='ocrx_word' id='word_1_110' title='bbox 1493 1628 1551 1679; x_wconf 82' lang='grc' dir='ltr'>Εἰ</span> <span class='ocrx_word' id='word_1_111' title='bbox 1597 1624 1656 1680; x_wconf 75' lang='grc' dir='ltr'>δε</span> <span class='ocrx_word' id='word_1_112' title='bbox 1686 1627 1834 1703; x_wconf 81' lang='grc' dir='ltr'>ἐθάρ-</span> 
     </span>
    </p>
   </div>
   <div class='ocr_carea' id='block_1_16' title="bbox 231 1713 1835 1790">
    <p class='ocr_par' dir='ltr' id='par_1_16' title="bbox 231 1713 1835 1790">
     <span class='ocr_line' id='line_1_16' title="bbox 231 1713 1835 1790; baseline 0.004 -26"><span class='ocrx_word' id='word_1_113' title='bbox 231 1714 420 1788; x_wconf 79' lang='grc' dir='ltr'>ῥηκας,</span> <span class='ocrx_word' id='word_1_114' title='bbox 460 1723 565 1774; x_wconf 84' lang='grc' dir='ltr'>πῶς</span> <span class='ocrx_word' id='word_1_115' title='bbox 618 1713 672 1765; x_wconf 80' lang='grc' dir='ltr'>ἐκ</span> <span class='ocrx_word' id='word_1_116' title='bbox 716 1721 808 1766; x_wconf 83' lang='grc' dir='ltr'>τοῦ</span> <span class='ocrx_word' id='word_1_117' title='bbox 851 1721 1122 1788; x_wconf 77' lang='grc' dir='ltr'>παρόντος,</span> <span class='ocrx_word' id='word_1_118' title='bbox 1174 1721 1261 1768; x_wconf 79' lang='grc' dir='ltr'>καὶ</span> <span class='ocrx_word' id='word_1_119' title='bbox 1320 1721 1432 1790; x_wconf 84' lang='grc' dir='ltr'>περὶ</span> <span class='ocrx_word' id='word_1_120' title='bbox 1483 1726 1581 1768; x_wconf 85' lang='grc' dir='ltr'>τῶν</span> <span class='ocrx_word' id='word_1_121' title='bbox 1633 1718 1835 1790; x_wconf 86' lang='grc' dir='ltr'>μελλόν-</span> 
     </span>
    </p>
   </div>
   <div class='ocr_carea' id='block_1_17' title="bbox 230 1802 1910 1880">
    <p class='ocr_par' dir='ltr' id='par_1_17' title="bbox 230 1802 1910 1880">
     <span class='ocr_line' id='line_1_17' title="bbox 230 1802 1910 1880; baseline 0.003 -26"><span class='ocrx_word' id='word_1_122' title='bbox 230 1821 336 1854; x_wconf 87' lang='grc' dir='ltr'>των</span> <span class='ocrx_word' id='word_1_123' title='bbox 365 1803 423 1854; x_wconf 69' lang='grc' dir='ltr'>οὗ</span> <span class='ocrx_word' id='word_1_124' title='bbox 453 1802 724 1875; x_wconf 72' lang='grc' dir='ltr'>λαμϐάνεις</span> <span class='ocrx_word' id='word_1_125' title='bbox 777 1808 863 1861; x_wconf 77' lang='grc' dir='ltr'>τὴν</span> <span class='ocrx_word' id='word_1_126' title='bbox 917 1803 1196 1876; x_wconf 74' lang='grc' dir='ltr'>ἀσφάλειαν</span> <span class='ocrx_word' id='word_1_127' title='bbox 1229 1821 1243 1872; x_wconf 89' lang='grc'>;</span> <span class='ocrx_word' id='word_1_128' title='bbox 1298 1805 1406 1857; x_wconf 81' lang='grc' dir='ltr'>ἀλλ’</span> <span class='ocrx_word' id='word_1_129' title='bbox 1454 1807 1527 1866; x_wconf 82' lang='grc' dir='ltr'>οἷς</span> <span class='ocrx_word' id='word_1_130' title='bbox 1554 1811 1644 1878; x_wconf 75' lang='grc' dir='ltr'>μὲν</span> <span class='ocrx_word' id='word_1_131' title='bbox 1671 1810 1831 1880; x_wconf 70' lang='grc' dir='ltr'>ἔχεις,</span> <span class='ocrx_word' id='word_1_132' title='bbox 1873 1827 1910 1880; x_wconf 78' lang='grc' dir='ltr'><strong><em>Β</em></strong></span> 
     </span>
    </p>
   </div>
   <div class='ocr_carea' id='block_1_18' title="bbox 231 1889 1836 1969">
    <p class='ocr_par' dir='ltr' id='par_1_18' title="bbox 231 1889 1836 1969">
     <span class='ocr_line' id='line_1_18' title="bbox 231 1889 1836 1969; baseline 0.003 -26"><span class='ocrx_word' id='word_1_133' title='bbox 231 1892 294 1944; x_wconf 76' lang='grc' dir='ltr'>ού</span> <span class='ocrx_word' id='word_1_134' title='bbox 324 1897 573 1966; x_wconf 77' lang='grc' dir='ltr'>χαίρεις·</span> <span class='ocrx_word' id='word_1_135' title='bbox 602 1891 638 1944; x_wconf 83' lang='grc' dir='ltr'><em>ἃ</em></span> <span class='ocrx_word' id='word_1_136' title='bbox 687 1889 739 1945; x_wconf 89' lang='grc' dir='ltr'>δ’</span> <span class='ocrx_word' id='word_1_137' title='bbox 765 1895 1016 1960; x_wconf 79' lang='grc' dir='ltr'>ὑπονοεῖς,</span> <span class='ocrx_word' id='word_1_138' title='bbox 1070 1897 1135 1954; x_wconf 84' lang='grc' dir='ltr'>ὡς</span> <span class='ocrx_word' id='word_1_139' title='bbox 1187 1895 1273 1946; x_wconf 76' lang='grc' dir='ltr'>ὑπ’</span> <span class='ocrx_word' id='word_1_140' title='bbox 1331 1895 1498 1946; x_wconf 73' lang='grc' dir='ltr'>αὐτῶν</span> <span class='ocrx_word' id='word_1_141' title='bbox 1552 1897 1836 1969; x_wconf 85' lang='grc' dir='ltr'>κατειλημ-</span> 
     </span>
    </p>
   </div>
   <div class='ocr_carea' id='block_1_19' title="bbox 230 1979 1834 2059">
    <p class='ocr_par' dir='ltr' id='par_1_19' title="bbox 230 1979 1834 2059">
     <span class='ocr_line' id='line_1_19' title="bbox 230 1979 1834 2059; baseline 0.001 -25"><span class='ocrx_word' id='word_1_142' title='bbox 230 1985 404 2054; x_wconf 79' lang='grc' dir='ltr'>μένος,</span> <span class='ocrx_word' id='word_1_143' title='bbox 439 1987 630 2044; x_wconf 82' lang='grc' dir='ltr'>στένεις</span> <span class='ocrx_word' id='word_1_144' title='bbox 663 2003 676 2015; x_wconf 76' lang='grc' dir='ltr'><strong><em>ο</em></strong></span> <span class='ocrx_word' id='word_1_145' title='bbox 720 1981 909 2053; x_wconf 76' lang='grc' dir='ltr'>μᾶλλον</span> <span class='ocrx_word' id='word_1_146' title='bbox 963 1979 1012 2034; x_wconf 86' lang='grc' dir='ltr'>δ’</span> <span class='ocrx_word' id='word_1_147' title='bbox 1065 1984 1126 2035; x_wconf 82' lang='grc' dir='ltr'>οἶν</span> <span class='ocrx_word' id='word_1_148' title='bbox 1179 2003 1258 2046; x_wconf 91' lang='grc' dir='ltr'>τις</span> <span class='ocrx_word' id='word_1_149' title='bbox 1300 1985 1463 2059; x_wconf 80' lang='grc' dir='ltr'>ἔτερος</span> <span class='ocrx_word' id='word_1_150' title='bbox 1521 1984 1752 2036; x_wconf 77' lang='grc' dir='ltr'>αἰτιάσοι</span> <span class='ocrx_word' id='word_1_151' title='bbox 1775 1989 1834 2036; x_wconf 89' lang='grc' dir='ltr'>τό</span> 
     </span>
    </p>
   </div>
   <div class='ocr_carea' id='block_1_20' title="bbox 231 2071 1832 2145">
    <p class='ocr_par' dir='ltr' id='par_1_20' title="bbox 231 2071 1832 2145">
     <span class='ocr_line' id='line_1_20' title="bbox 231 2071 1832 2145; baseline 0.001 -23"><span class='ocrx_word' id='word_1_152' title='bbox 231 2071 316 2139; x_wconf 75' lang='grc' dir='ltr'>(οὐ</span> <span class='ocrx_word' id='word_1_153' title='bbox 342 2074 444 2143; x_wconf 72' lang='grc' dir='ltr'>γὰρ</span> <span class='ocrx_word' id='word_1_154' title='bbox 471 2075 631 2142; x_wconf 81' lang='grc' dir='ltr'>ἔγωγε</span> <span class='ocrx_word' id='word_1_155' title='bbox 674 2071 734 2122; x_wconf 77' lang='grc' dir='ltr'>ἂν</span> <span class='ocrx_word' id='word_1_156' title='bbox 765 2073 943 2143; x_wconf 76' lang='grc' dir='ltr'>φαίην)</span> <span class='ocrx_word' id='word_1_157' title='bbox 993 2075 1058 2133; x_wconf 86' lang='grc' dir='ltr'>ὡς</span> <span class='ocrx_word' id='word_1_158' title='bbox 1088 2072 1140 2136; x_wconf 84' lang='grc' dir='ltr'>ἐξ</span> <span class='ocrx_word' id='word_1_159' title='bbox 1196 2074 1264 2124; x_wconf 88' lang='grc' dir='ltr'>ὧν</span> <span class='ocrx_word' id='word_1_160' title='bbox 1311 2079 1426 2145; x_wconf 81' lang='grc' dir='ltr'>περὶ</span> <span class='ocrx_word' id='word_1_161' title='bbox 1477 2081 1577 2125; x_wconf 86' lang='grc' dir='ltr'>τῶν</span> <span class='ocrx_word' id='word_1_162' title='bbox 1629 2073 1832 2145; x_wconf 82' lang='grc' dir='ltr'>μελλόν-</span> 
     </span>
    </p>
   </div>
   <div class='ocr_carea' id='block_1_21' title="bbox 229 2159 1834 2234">
    <p class='ocr_par' dir='ltr' id='par_1_21' title="bbox 229 2159 1834 2234">
     <span class='ocr_line' id='line_1_21' title="bbox 229 2159 1834 2234; baseline 0.001 -22"><span class='ocrx_word' id='word_1_163' title='bbox 229 2179 333 2212; x_wconf 88' lang='grc' dir='ltr'>των</span> <span class='ocrx_word' id='word_1_164' title='bbox 378 2159 743 2232; x_wconf 82' lang='grc' dir='ltr'>τεθορύϐησαι,</span> <span class='ocrx_word' id='word_1_165' title='bbox 790 2164 923 2234; x_wconf 81' lang='grc' dir='ltr'>ἔργῳ</span> <span class='ocrx_word' id='word_1_166' title='bbox 975 2160 1068 2213; x_wconf 80' lang='grc' dir='ltr'>κᾶν</span> <span class='ocrx_word' id='word_1_167' title='bbox 1120 2167 1189 2234; x_wconf 80' lang='grc' dir='ltr'>μὴ</span> <span class='ocrx_word' id='word_1_168' title='bbox 1241 2163 1375 2233; x_wconf 84' lang='grc' dir='ltr'>λόγῳ</span> <span class='ocrx_word' id='word_1_169' title='bbox 1407 2159 1740 2234; x_wconf 76' lang='grc' dir='ltr'>διομολογῇς,</span> <span class='ocrx_word' id='word_1_170' title='bbox 1768 2166 1834 2224; x_wconf 85' lang='grc' dir='ltr'>ὡς</span> 
     </span>
    </p>
   </div>
   <div class='ocr_carea' id='block_1_22' title="bbox 229 2246 1832 2324">
    <p class='ocr_par' dir='ltr' id='par_1_22' title="bbox 229 2246 1832 2324">
     <span class='ocr_line' id='line_1_22' title="bbox 229 2246 1832 2324; baseline 0.002 -23"><span class='ocrx_word' id='word_1_171' title='bbox 229 2246 358 2302; x_wconf 63' lang='grc' dir='ltr'>οὐδὲ</span> <span class='ocrx_word' id='word_1_172' title='bbox 387 2256 452 2302; x_wconf 82' lang='grc' dir='ltr'>τα</span> <span class='ocrx_word' id='word_1_173' title='bbox 508 2255 740 2324; x_wconf 84' lang='grc' dir='ltr'>παρόντα</span> <span class='ocrx_word' id='word_1_174' title='bbox 787 2270 872 2303; x_wconf 90' lang='grc' dir='ltr'>σοι</span> <span class='ocrx_word' id='word_1_175' title='bbox 922 2256 1145 2323; x_wconf 84' lang='grc' dir='ltr'>πέπηγεν</span> <span class='ocrx_word' id='word_1_176' title='bbox 1180 2273 1192 2286; x_wconf 81' lang='grc' dir='ltr'><strong>ο</strong></span> <span class='ocrx_word' id='word_1_177' title='bbox 1238 2251 1345 2302; x_wconf 80' lang='grc' dir='ltr'>ἀλλ’</span> <span class='ocrx_word' id='word_1_178' title='bbox 1375 2254 1524 2324; x_wconf 79' lang='grc' dir='ltr'>ἡμεῖς</span> <span class='ocrx_word' id='word_1_179' title='bbox 1585 2249 1624 2302; x_wconf 84' lang='grc' dir='ltr'>ὦ</span> <span class='ocrx_word' id='word_1_180' title='bbox 1673 2253 1832 2324; x_wconf 73' lang='grc' dir='ltr'>φίλος,</span> 
     </span>
    </p>
   </div>
   <div class='ocr_carea' id='block_1_23' title="bbox 229 2338 1836 2413">
    <p class='ocr_par' dir='ltr' id='par_1_23' title="bbox 229 2338 1836 2413">
     <span class='ocr_line' id='line_1_23' title="bbox 229 2338 1836 2413; baseline 0.001 -23"><span class='ocrx_word' id='word_1_181' title='bbox 229 2341 319 2391; x_wconf 83' lang='grc' dir='ltr'>οἶα</span> <span class='ocrx_word' id='word_1_182' title='bbox 364 2339 596 2411; x_wconf 82' lang='grc' dir='ltr'>λέγομεν,</span> <span class='ocrx_word' id='word_1_183' title='bbox 666 2338 806 2392; x_wconf 84' lang='grc' dir='ltr'>ἁπλᾶ</span> <span class='ocrx_word' id='word_1_184' title='bbox 905 2346 994 2393; x_wconf 85' lang='grc' dir='ltr'>καὶ</span> <span class='ocrx_word' id='word_1_185' title='bbox 1061 2349 1199 2413; x_wconf 81' lang='grc' dir='ltr'>σαφῆ</span> <span class='ocrx_word' id='word_1_186' title='bbox 1267 2347 1656 2395; x_wconf 81' lang='grc' dir='ltr'>συνεπισκόπει.</span> <span class='ocrx_word' id='word_1_187' title='bbox 1726 2341 1836 2393; x_wconf 76' lang='grc' dir='ltr'>Οὐκ</span> 
     </span>
    </p>
   </div>
   <div class='ocr_carea' id='block_1_24' title="bbox 1708 2431 1838 2482">
    <p class='ocr_par' dir='ltr' id='par_1_24' title="bbox 1708 2431 1838 2482">
     <span class='ocr_line' id='line_1_24' title="bbox 1708 2431 1838 2482; baseline 0 0"><span class='ocrx_word' id='word_1_188' title='bbox 1708 2431 1838 2482; x_wconf 76' lang='grc' dir='ltr'>ἀλλὰ</span> 
     </span>
    </p>
   </div>
   <div class='ocr_carea' id='block_1_25' title="bbox 228 2513 1836 2592">
    <p class='ocr_par' dir='ltr' id='par_1_25' title="bbox 228 2513 1836 2592">
     <span class='ocr_line' id='line_1_25' title="bbox 228 2513 1836 2592; baseline 0.001 -22"><span class='ocrx_word' id='word_1_189' title='bbox 228 2513 362 2590; x_wconf 84' lang='grc' dir='ltr'>μηδ’</span> <span class='ocrx_word' id='word_1_190' title='bbox 411 2513 725 2592; x_wconf 80' lang='grc' dir='ltr'>εύπρόδοτον</span> <span class='ocrx_word' id='word_1_191' title='bbox 780 2518 1010 2588; x_wconf 77' lang='grc' dir='ltr'>λογίζου·</span> <span class='ocrx_word' id='word_1_192' title='bbox 1079 2527 1226 2571; x_wconf 76' lang='grc' dir='ltr'>τοῦτο</span> <span class='ocrx_word' id='word_1_193' title='bbox 1264 2522 1365 2592; x_wconf 78' lang='grc' dir='ltr'>γὰρ</span> <span class='ocrx_word' id='word_1_194' title='bbox 1399 2523 1499 2592; x_wconf 87' lang='grc' dir='ltr'>πρὸ</span> <span class='ocrx_word' id='word_1_195' title='bbox 1526 2518 1716 2572; x_wconf 71' lang='grc' dir='ltr'>ἐκείνου</span> <span class='ocrx_word' id='word_1_196' title='bbox 1753 2539 1836 2573; x_wconf 90' lang='grc' dir='ltr'>πι-</span> 
     </span>
    </p>
   </div>
   <div class='ocr_carea' id='block_1_26' title="bbox 230 2426 1647 2504">
    <p class='ocr_par' dir='ltr' id='par_1_26' title="bbox 230 2426 1647 2504">
     <span class='ocr_line' id='line_1_26' title="bbox 230 2426 1647 2504; baseline 0.001 -24"><span class='ocrx_word' id='word_1_197' title='bbox 230 2427 490 2501; x_wconf 81' lang='grc' dir='ltr'>ἐπιτρέπω</span> <span class='ocrx_word' id='word_1_198' title='bbox 517 2432 606 2500; x_wconf 80' lang='grc' dir='ltr'>μέν</span> <span class='ocrx_word' id='word_1_199' title='bbox 662 2447 745 2480; x_wconf 93' lang='grc' dir='ltr'>σοι</span> <span class='ocrx_word' id='word_1_200' title='bbox 800 2426 1088 2501; x_wconf 83' lang='grc' dir='ltr'>προδοῦναι</span> <span class='ocrx_word' id='word_1_201' title='bbox 1128 2434 1215 2482; x_wconf 87' lang='grc' dir='ltr'>τόν</span> <span class='ocrx_word' id='word_1_202' title='bbox 1275 2436 1604 2504; x_wconf 75' lang='grc' dir='ltr'>μαργαρίτην</span> <span class='ocrx_word' id='word_1_203' title='bbox 1634 2451 1647 2464; x_wconf 72' lang='grc' dir='ltr'><strong>ο</strong></span> 
     </span>
    </p>
   </div>
   <div class='ocr_carea' id='block_1_27' title="bbox 230 2605 1837 2683">
    <p class='ocr_par' dir='ltr' id='par_1_27' title="bbox 230 2605 1837 2683">
     <span class='ocr_line' id='line_1_27' title="bbox 230 2605 1837 2683; baseline 0.001 -25"><span class='ocrx_word' id='word_1_204' title='bbox 230 2610 451 2681; x_wconf 80' lang='grc' dir='ltr'>κροτέρα</span> <span class='ocrx_word' id='word_1_205' title='bbox 498 2606 686 2677; x_wconf 78' lang='grc' dir='ltr'>μᾶλλον</span> <span class='ocrx_word' id='word_1_206' title='bbox 744 2613 834 2658; x_wconf 84' lang='grc' dir='ltr'>καὶ</span> <span class='ocrx_word' id='word_1_207' title='bbox 885 2606 1152 2680; x_wconf 84' lang='grc' dir='ltr'>βαθυτέρα</span> <span class='ocrx_word' id='word_1_208' title='bbox 1199 2605 1481 2683; x_wconf 81' lang='grc' dir='ltr'>προδοσία.</span> <span class='ocrx_word' id='word_1_209' title='bbox 1517 2614 1601 2666; x_wconf 79' lang='grc' dir='ltr'>Μὴ</span> <span class='ocrx_word' id='word_1_210' title='bbox 1625 2605 1837 2680; x_wconf 80' lang='grc' dir='ltr'>προδῷς</span> 
     </span>
    </p>
   </div>
   <div class='ocr_carea' id='block_1_28' title="bbox 227 2694 1834 2771">
    <p class='ocr_par' dir='ltr' id='par_1_28' title="bbox 227 2694 1834 2771">
     <span class='ocr_line' id='line_1_28' title="bbox 227 2694 1834 2771; baseline 0.001 -22"><span class='ocrx_word' id='word_1_211' title='bbox 227 2699 317 2749; x_wconf 87' lang='grc' dir='ltr'>τόν</span> <span class='ocrx_word' id='word_1_212' title='bbox 372 2701 462 2748; x_wconf 89' lang='grc' dir='ltr'>σόν</span> <span class='ocrx_word' id='word_1_213' title='bbox 510 2701 858 2771; x_wconf 77' lang='grc' dir='ltr'>μαργαρίτην,</span> <span class='ocrx_word' id='word_1_214' title='bbox 928 2697 1053 2749; x_wconf 74' lang='grc' dir='ltr'>ἀλλὰ</span> <span class='ocrx_word' id='word_1_215' title='bbox 1099 2694 1230 2769; x_wconf 85' lang='grc' dir='ltr'>μηδ’</span> <span class='ocrx_word' id='word_1_216' title='bbox 1265 2696 1573 2755; x_wconf 81' lang='grc' dir='ltr'>ἀναίσθητον</span> <span class='ocrx_word' id='word_1_217' title='bbox 1604 2703 1692 2750; x_wconf 85' lang='grc' dir='ltr'>καὶ</span> <span class='ocrx_word' id='word_1_218' title='bbox 1725 2697 1834 2751; x_wconf 80' lang='grc' dir='ltr'>ἀκί-</span> 
     </span>
    </p>
   </div>
   <div class='ocr_carea' id='block_1_29' title="bbox 227 2783 1838 2860">
    <p class='ocr_par' dir='ltr' id='par_1_29' title="bbox 227 2783 1838 2860">
     <span class='ocr_line' id='line_1_29' title="bbox 227 2783 1838 2860; baseline 0.002 -24"><span class='ocrx_word' id='word_1_219' title='bbox 227 2805 382 2844; x_wconf 90' lang='grc' dir='ltr'>νητον</span> <span class='ocrx_word' id='word_1_220' title='bbox 411 2787 634 2848; x_wconf 80' lang='grc' dir='ltr'>ὑπονόει,</span> <span class='ocrx_word' id='word_1_221' title='bbox 666 2783 804 2856; x_wconf 75' lang='grc' dir='ltr'>μηδὲ</span> <span class='ocrx_word' id='word_1_222' title='bbox 854 2794 959 2848; x_wconf 88' lang='grc' dir='ltr'>τοῖς</span> <span class='ocrx_word' id='word_1_223' title='bbox 1002 2786 1210 2858; x_wconf 77' lang='grc' dir='ltr'>ἐχθροῖς</span> <span class='ocrx_word' id='word_1_224' title='bbox 1265 2786 1338 2848; x_wconf 83' lang='grc' dir='ltr'>εἰς</span> <span class='ocrx_word' id='word_1_225' title='bbox 1384 2787 1576 2842; x_wconf 79' lang='grc' dir='ltr'>ἅλωσιν</span> <span class='ocrx_word' id='word_1_226' title='bbox 1624 2792 1838 2860; x_wconf 83' lang='grc' dir='ltr'>πρόχει-</span> 
     </span>
    </p>
   </div>
   <div class='ocr_carea' id='block_1_30' title="bbox 225 2872 1836 2950">
    <p class='ocr_par' dir='ltr' id='par_1_30' title="bbox 225 2872 1836 2950">
     <span class='ocr_line' id='line_1_30' title="bbox 225 2872 1836 2950; baseline 0.002 -23"><span class='ocrx_word' id='word_1_227' title='bbox 225 2896 315 2949; x_wconf 91' lang='grc' dir='ltr'>ρον</span> <span class='ocrx_word' id='word_1_228' title='bbox 349 2897 362 2909; x_wconf 77' lang='grc' dir='ltr'><strong><em>ο</em></strong></span> <span class='ocrx_word' id='word_1_229' title='bbox 396 2879 466 2947; x_wconf 79' lang='grc' dir='ltr'>μὴ</span> <span class='ocrx_word' id='word_1_230' title='bbox 501 2872 670 2928; x_wconf 77' lang='grc' dir='ltr'>δειλία</span> <span class='ocrx_word' id='word_1_231' title='bbox 699 2881 792 2934; x_wconf 78' lang='grc' dir='ltr'>τὴν</span> <span class='ocrx_word' id='word_1_232' title='bbox 839 2876 1028 2948; x_wconf 82' lang='grc' dir='ltr'>φιλίαν·</span> <span class='ocrx_word' id='word_1_233' title='bbox 1083 2875 1226 2950; x_wconf 77' lang='grc' dir='ltr'>ὕϐρις</span> <span class='ocrx_word' id='word_1_234' title='bbox 1275 2875 1388 2928; x_wconf 83' lang='grc' dir='ltr'>ἐστὶ</span> <span class='ocrx_word' id='word_1_235' title='bbox 1437 2878 1638 2937; x_wconf 79' lang='grc' dir='ltr'>πάντως</span> <span class='ocrx_word' id='word_1_236' title='bbox 1683 2877 1711 2936; x_wconf 78' lang='grc' dir='ltr'><strong>ἣ</strong></span> <span class='ocrx_word' id='word_1_237' title='bbox 1745 2885 1836 2930; x_wconf 83' lang='grc' dir='ltr'>τοῦ</span> 
     </span>
    </p>
   </div>
   <div class='ocr_carea' id='block_1_31' title="bbox 229 2962 1835 3042">
    <p class='ocr_par' dir='ltr' id='par_1_31' title="bbox 229 2962 1835 3042">
     <span class='ocr_line' id='line_1_31' title="bbox 229 2962 1835 3042; baseline 0.001 -24"><span class='ocrx_word' id='word_1_238' title='bbox 229 2962 545 3026; x_wconf 80' lang='grc' dir='ltr'>δειλιῶντος,</span> <span class='ocrx_word' id='word_1_239' title='bbox 604 2965 632 3023; x_wconf 74' lang='grc' dir='ltr'><strong><em>ἦ</em></strong></span> <span class='ocrx_word' id='word_1_240' title='bbox 693 2971 812 3040; x_wconf 86' lang='grc' dir='ltr'>περὶ</span> <span class='ocrx_word' id='word_1_241' title='bbox 865 2965 932 3016; x_wconf 87' lang='grc' dir='ltr'>ὧν</span> <span class='ocrx_word' id='word_1_242' title='bbox 1000 2962 1380 3036; x_wconf 81' lang='grc' dir='ltr'>δειλαινόμεθα.</span> <span class='ocrx_word' id='word_1_243' title='bbox 1437 2969 1535 3018; x_wconf 84' lang='grc' dir='ltr'>Τόν</span> <span class='ocrx_word' id='word_1_244' title='bbox 1593 2969 1683 3036; x_wconf 73' lang='grc' dir='ltr'>μὲν</span> <span class='ocrx_word' id='word_1_245' title='bbox 1734 2969 1835 3042; x_wconf 81' lang='grc' dir='ltr'>γὰρ</span> 
     </span>
    </p>
   </div>
   <div class='ocr_carea' id='block_1_32' title="bbox 225 3053 1839 3128">
    <p class='ocr_par' dir='ltr' id='par_1_32' title="bbox 225 3053 1839 3128">
     <span class='ocr_line' id='line_1_32' title="bbox 225 3053 1839 3128; baseline 0 -22"><span class='ocrx_word' id='word_1_246' title='bbox 225 3059 560 3126; x_wconf 69' lang='grc' dir='ltr'>μαργαρίτην</span> <span class='ocrx_word' id='word_1_247' title='bbox 614 3053 805 3128; x_wconf 76' lang='grc' dir='ltr'>ἐξαίρει</span> <span class='ocrx_word' id='word_1_248' title='bbox 857 3063 952 3114; x_wconf 85' lang='grc' dir='ltr'>τῆς</span> <span class='ocrx_word' id='word_1_249' title='bbox 1005 3055 1177 3116; x_wconf 86' lang='grc' dir='ltr'>αἰτίας</span> <span class='ocrx_word' id='word_1_250' title='bbox 1227 3057 1284 3105; x_wconf 89' lang='grc' dir='ltr'>τό</span> <span class='ocrx_word' id='word_1_251' title='bbox 1313 3054 1525 3125; x_wconf 76' lang='grc' dir='ltr'>οἰψυχον</span> <span class='ocrx_word' id='word_1_252' title='bbox 1564 3075 1576 3087; x_wconf 72' lang='grc' dir='ltr'><strong>ο</strong></span> <span class='ocrx_word' id='word_1_253' title='bbox 1610 3058 1696 3106; x_wconf 84' lang='grc' dir='ltr'>τόν</span> <span class='ocrx_word' id='word_1_254' title='bbox 1749 3057 1839 3107; x_wconf 78' lang='grc' dir='ltr'>ἄν’</span> 
     </span>
    </p>
   </div>
   <div class='ocr_carea' id='block_1_33' title="bbox 228 3113 1909 3216">
    <p class='ocr_par' dir='ltr' id='par_1_33' title="bbox 228 3113 1909 3216">
     <span class='ocr_line' id='line_1_33' title="bbox 228 3113 1909 3216; baseline 0.002 -20"><span class='ocrx_word' id='word_1_255' title='bbox 228 3146 434 3216; x_wconf 75' lang='grc' dir='ltr'>θρωπον</span> <span class='ocrx_word' id='word_1_256' title='bbox 466 3140 524 3196; x_wconf 75' lang='grc' dir='ltr'>δὲ</span> <span class='ocrx_word' id='word_1_257' title='bbox 550 3141 700 3196; x_wconf 73' lang='grc' dir='ltr'>οὐδὲν</span> <span class='ocrx_word' id='word_1_258' title='bbox 745 3144 839 3204; x_wconf 83' lang='grc' dir='ltr'>ἕως</span> <span class='ocrx_word' id='word_1_259' title='bbox 867 3143 927 3194; x_wconf 78' lang='grc' dir='ltr'>ἂν</span> <span class='ocrx_word' id='word_1_260' title='bbox 989 3145 1260 3216; x_wconf 76' lang='grc' dir='ltr'>ἄνθρωπος</span> <span class='ocrx_word' id='word_1_261' title='bbox 1297 3148 1444 3215; x_wconf 74' lang='grc' dir='ltr'>μένῃ,</span> <span class='ocrx_word' id='word_1_262' title='bbox 1489 3149 1578 3195; x_wconf 85' lang='grc' dir='ltr'>καὶ</span> <span class='ocrx_word' id='word_1_263' title='bbox 1609 3152 1700 3204; x_wconf 82' lang='grc' dir='ltr'>τῆς</span> <span class='ocrx_word' id='word_1_264' title='bbox 1728 3143 1790 3196; x_wconf 78' lang='grc' dir='ltr'>ὶπ</span> <span class='ocrx_word' id='word_1_265' title='bbox 1819 3161 1830 3200; x_wconf 89' lang='lat'>:</span> <span class='ocrx_word' id='word_1_266' title='bbox 1870 3113 1909 3168; x_wconf 64' lang='grc' dir='ltr'>Ο</span> 
     </span>
    </p>
   </div>
   <div class='ocr_carea' id='block_1_34' title="bbox 226 3232 1833 3308">
    <p class='ocr_par' dir='ltr' id='par_1_34' title="bbox 226 3232 1833 3308">
     <span class='ocr_line' id='line_1_34' title="bbox 226 3232 1833 3308; baseline 0 -22"><span class='ocrx_word' id='word_1_267' title='bbox 226 3235 384 3306; x_wconf 74' lang='grc' dir='ltr'>ἄμφω</span> <span class='ocrx_word' id='word_1_268' title='bbox 435 3235 602 3308; x_wconf 79' lang='grc' dir='ltr'>ῥοπῆς</span> <span class='ocrx_word' id='word_1_269' title='bbox 687 3235 890 3304; x_wconf 81' lang='grc' dir='ltr'>Κύριος.</span> <span class='ocrx_word' id='word_1_270' title='bbox 971 3239 1034 3285; x_wconf 93' lang='grc' dir='ltr'>Τί</span> <span class='ocrx_word' id='word_1_271' title='bbox 1088 3232 1254 3298; x_wconf 77' lang='grc' dir='ltr'>ἄλλος</span> <span class='ocrx_word' id='word_1_272' title='bbox 1322 3236 1403 3291; x_wconf 77' lang='grc' dir='ltr'>Μὴ</span> <span class='ocrx_word' id='word_1_273' title='bbox 1487 3237 1664 3305; x_wconf 85' lang='grc' dir='ltr'>νόμιζε</span> <span class='ocrx_word' id='word_1_274' title='bbox 1715 3237 1833 3296; x_wconf 84' lang='grc' dir='ltr'>τοὺς</span> 
     </span>
    </p>
   </div>
   <div class='ocr_carea' id='block_1_35' title="bbox 223 3318 1834 3395">
    <p class='ocr_par' dir='ltr' id='par_1_35' title="bbox 223 3318 1834 3395">
     <span class='ocr_line' id='line_1_35' title="bbox 223 3318 1834 3395; baseline -0.001 -20"><span class='ocrx_word' id='word_1_275' title='bbox 223 3322 404 3394; x_wconf 78' lang='grc' dir='ltr'>ἁγίους</span> <span class='ocrx_word' id='word_1_276' title='bbox 435 3325 627 3379; x_wconf 80' lang='grc' dir='ltr'>ταύτην</span> <span class='ocrx_word' id='word_1_277' title='bbox 655 3326 746 3380; x_wconf 81' lang='grc' dir='ltr'>τὴν</span> <span class='ocrx_word' id='word_1_278' title='bbox 775 3318 974 3373; x_wconf 77' lang='grc' dir='ltr'>δειλίαν</span> <span class='ocrx_word' id='word_1_279' title='bbox 1009 3330 1199 3380; x_wconf 85' lang='grc' dir='ltr'>νοῆσαι</span> <span class='ocrx_word' id='word_1_280' title='bbox 1234 3339 1245 3350; x_wconf 91' lang='grc'><strong>·</strong></span> <span class='ocrx_word' id='word_1_281' title='bbox 1301 3325 1372 3392; x_wconf 82' lang='grc' dir='ltr'>μὴ</span> <span class='ocrx_word' id='word_1_282' title='bbox 1418 3324 1482 3373; x_wconf 88' lang='grc' dir='ltr'>σύ</span> <span class='ocrx_word' id='word_1_283' title='bbox 1512 3341 1592 3393; x_wconf 82' lang='grc' dir='ltr'>γε,</span> <span class='ocrx_word' id='word_1_284' title='bbox 1647 3321 1686 3374; x_wconf 84' lang='grc' dir='ltr'>ὦ</span> <span class='ocrx_word' id='word_1_285' title='bbox 1718 3321 1834 3395; x_wconf 82' lang='grc' dir='ltr'>βέλ-</span> 
     </span>
    </p>
   </div>
   <div class='ocr_carea' id='block_1_36' title="bbox 1711 3417 1828 3485">
    <p class='ocr_par' dir='ltr' id='par_1_36' title="bbox 1711 3417 1828 3485">
     <span class='ocr_line' id='line_1_36' title="bbox 1711 3417 1828 3485; baseline 0 -38"><span class='ocrx_word' id='word_1_286' title='bbox 1711 3417 1828 3485; x_wconf 67' lang='grc' dir='ltr'>,μὴ</span> 
     </span>
    </p>
   </div>
   <div class='ocr_carea' id='block_1_37' title="bbox 225 3500 1830 3574">
    <p class='ocr_par' dir='ltr' id='par_1_37' title="bbox 225 3500 1830 3574">
     <span class='ocr_line' id='line_1_37' title="bbox 225 3500 1830 3574; baseline 0 -20"><span class='ocrx_word' id='word_1_287' title='bbox 225 3504 306 3554; x_wconf 84' lang='grc' dir='ltr'>ὅτι</span> <span class='ocrx_word' id='word_1_288' title='bbox 345 3521 404 3572; x_wconf 85' lang='grc' dir='ltr'>γε</span> <span class='ocrx_word' id='word_1_289' title='bbox 427 3503 686 3573; x_wconf 71' lang='grc' dir='ltr'>στεφάνων</span> <span class='ocrx_word' id='word_1_290' title='bbox 743 3503 836 3552; x_wconf 82' lang='grc' dir='ltr'>σὺν</span> <span class='ocrx_word' id='word_1_291' title='bbox 891 3500 1066 3562; x_wconf 72' lang='grc' dir='ltr'>αὐτοῖς</span> <span class='ocrx_word' id='word_1_292' title='bbox 1113 3500 1403 3562; x_wconf 82' lang='grc' dir='ltr'>τεύξεσθαι.</span> <span class='ocrx_word' id='word_1_293' title='bbox 1467 3502 1642 3562; x_wconf 75' lang='grc' dir='ltr'>Οὕτως</span> <span class='ocrx_word' id='word_1_294' title='bbox 1681 3504 1830 3574; x_wconf 78' lang='grc' dir='ltr'>ἡμεῖς</span> 
     </span>
    </p>
   </div>
   <div class='ocr_carea' id='block_1_38' title="bbox 225 3408 1662 3484">
    <p class='ocr_par' dir='ltr' id='par_1_38' title="bbox 225 3408 1662 3484">
     <span class='ocr_line' id='line_1_38' title="bbox 225 3408 1662 3484; baseline -0.001 -20"><span class='ocrx_word' id='word_1_295' title='bbox 225 3431 393 3480; x_wconf 82' lang='grc' dir='ltr'>τιστε,</span> <span class='ocrx_word' id='word_1_296' title='bbox 420 3408 554 3484; x_wconf 80' lang='grc' dir='ltr'>μηδ’</span> <span class='ocrx_word' id='word_1_297' title='bbox 581 3411 666 3463; x_wconf 80' lang='grc' dir='ltr'>ἐπὶ</span> <span class='ocrx_word' id='word_1_298' title='bbox 717 3415 880 3484; x_wconf 73' lang='grc' dir='ltr'>ταύτῃ</span> <span class='ocrx_word' id='word_1_299' title='bbox 933 3413 1157 3484; x_wconf 82' lang='grc' dir='ltr'>καθαρός</span> <span class='ocrx_word' id='word_1_300' title='bbox 1212 3411 1419 3464; x_wconf 76' lang='grc' dir='ltr'>ἀπιέναι</span> <span class='ocrx_word' id='word_1_301' title='bbox 1471 3417 1662 3484; x_wconf 83' lang='grc' dir='ltr'>μώμων</span> 
     </span>
    </p>
   </div>
   <div class='ocr_carea' id='block_1_39' title="bbox 226 3589 1830 3665">
    <p class='ocr_par' dir='ltr' id='par_1_39' title="bbox 226 3589 1830 3665">
     <span class='ocr_line' id='line_1_39' title="bbox 226 3589 1830 3665; baseline 0.001 -23"><span class='ocrx_word' id='word_1_302' title='bbox 226 3611 315 3643; x_wconf 91' lang='grc' dir='ltr'>σοι</span> <span class='ocrx_word' id='word_1_303' title='bbox 341 3591 738 3664; x_wconf 74' lang='grc' dir='ltr'>προσφερόμεθα</span> <span class='ocrx_word' id='word_1_304' title='bbox 771 3611 784 3623; x_wconf 76' lang='grc' dir='ltr'>ο</span> <span class='ocrx_word' id='word_1_305' title='bbox 820 3589 955 3642; x_wconf 76' lang='grc' dir='ltr'>οὕτω</span> <span class='ocrx_word' id='word_1_306' title='bbox 1022 3595 1111 3642; x_wconf 87' lang='grc' dir='ltr'>καί</span> <span class='ocrx_word' id='word_1_307' title='bbox 1169 3609 1225 3642; x_wconf 85' lang='grc' dir='ltr'>σε</span> <span class='ocrx_word' id='word_1_308' title='bbox 1278 3594 1472 3660; x_wconf 84' lang='grc' dir='ltr'>πρέπον</span> <span class='ocrx_word' id='word_1_309' title='bbox 1505 3593 1627 3662; x_wconf 84' lang='grc' dir='ltr'>ἡμῖν</span> <span class='ocrx_word' id='word_1_310' title='bbox 1667 3611 1830 3665; x_wconf 89' lang='grc' dir='ltr'>προσ-</span> 
     </span>
    </p>
   </div>
   <div class='ocr_carea' id='block_1_40' title="bbox 225 3676 1828 3754">
    <p class='ocr_par' dir='ltr' id='par_1_40' title="bbox 225 3676 1828 3754">
     <span class='ocr_line' id='line_1_40' title="bbox 225 3676 1828 3754; baseline 0 -22"><span class='ocrx_word' id='word_1_311' title='bbox 225 3683 514 3754; x_wconf 77' lang='grc' dir='ltr'>φέρεσθαι·</span> <span class='ocrx_word' id='word_1_312' title='bbox 581 3678 954 3752; x_wconf 81' lang='grc' dir='ltr'>ἔπιτιμηθῆναι</span> <span class='ocrx_word' id='word_1_313' title='bbox 1025 3676 1154 3746; x_wconf 66' lang='lat' dir='ltr'>dri;</span> <span class='ocrx_word' id='word_1_314' title='bbox 1219 3681 1459 3752; x_wconf 79' lang='grc' dir='ltr'>καθαρῶς</span> <span class='ocrx_word' id='word_1_315' title='bbox 1520 3678 1828 3752; x_wconf 70' lang='grc' dir='ltr'>ἐπιτίμησον</span> 
     </span>
    </p>
   </div>
   <div class='ocr_carea' id='block_1_41' title="bbox 225 3765 1831 3841">
    <p class='ocr_par' dir='ltr' id='par_1_41' title="bbox 225 3765 1831 3841">
     <span class='ocr_line' id='line_1_41' title="bbox 225 3765 1831 3841; baseline 0 -20"><span class='ocrx_word' id='word_1_316' title='bbox 225 3766 399 3822; x_wconf 63' lang='grc' dir='ltr'>Οὐδὲν</span> <span class='ocrx_word' id='word_1_317' title='bbox 462 3767 690 3834; x_wconf 80' lang='grc' dir='ltr'>ἀπαίτει,</span> <span class='ocrx_word' id='word_1_318' title='bbox 750 3765 888 3840; x_wconf 70' lang='grc' dir='ltr'>μηδε</span> <span class='ocrx_word' id='word_1_319' title='bbox 919 3773 1050 3840; x_wconf 86' lang='grc' dir='ltr'>μετὰ</span> <span class='ocrx_word' id='word_1_320' title='bbox 1103 3773 1289 3840; x_wconf 80' lang='grc' dir='ltr'>τέχνης</span> <span class='ocrx_word' id='word_1_321' title='bbox 1345 3767 1582 3821; x_wconf 72' lang='grc' dir='ltr'>ἐπίϐαλλε</span> <span class='ocrx_word' id='word_1_322' title='bbox 1629 3787 1640 3799; x_wconf 91' lang='grc'><strong>·</strong></span> <span class='ocrx_word' id='word_1_323' title='bbox 1675 3769 1831 3841; x_wconf 74' lang='grc' dir='ltr'>ἀφορ-</span> 
     </span>
    </p>
   </div>
   <div class='ocr_carea' id='block_1_42' title="bbox 223 3853 1830 3930">
    <p class='ocr_par' dir='ltr' id='par_1_42' title="bbox 223 3853 1830 3930">
     <span class='ocr_line' id='line_1_42' title="bbox 223 3853 1830 3930; baseline 0 -20"><span class='ocrx_word' id='word_1_324' title='bbox 223 3862 331 3929; x_wconf 83' lang='grc' dir='ltr'>μὰς</span> <span class='ocrx_word' id='word_1_325' title='bbox 379 3856 677 3930; x_wconf 77' lang='grc' dir='ltr'>δεδώκαμεν</span> <span class='ocrx_word' id='word_1_326' title='bbox 707 3855 902 3920; x_wconf 84' lang='grc' dir='ltr'>δειλίας</span> <span class='ocrx_word' id='word_1_327' title='bbox 936 3875 950 3923; x_wconf 91' lang='grc'>;</span> <span class='ocrx_word' id='word_1_328' title='bbox 1018 3861 1214 3918; x_wconf 84' lang='grc' dir='ltr'>ταύτας</span> <span class='ocrx_word' id='word_1_329' title='bbox 1245 3853 1496 3918; x_wconf 82' lang='grc' dir='ltr'>ἐπιδείξον</span> <span class='ocrx_word' id='word_1_330' title='bbox 1527 3878 1540 3890; x_wconf 76' lang='grc' dir='ltr'><strong>ο</strong></span> <span class='ocrx_word' id='word_1_331' title='bbox 1574 3858 1668 3909; x_wconf 74' lang='grc' dir='ltr'>οὐκ</span> <span class='ocrx_word' id='word_1_332' title='bbox 1695 3861 1830 3929; x_wconf 85' lang='grc' dir='ltr'>ἔχεις</span> 
     </span>
    </p>
   </div>
   <div class='ocr_carea' id='block_1_43' title="bbox 224 3944 1825 4020">
    <p class='ocr_par' dir='ltr' id='par_1_43' title="bbox 224 3944 1825 4020">
     <span class='ocr_line' id='line_1_43' title="bbox 224 3944 1825 4020; baseline -0.001 -20"><span class='ocrx_word' id='word_1_333' title='bbox 224 3948 386 4000; x_wconf 84' lang='grc' dir='ltr'>εἰπεῖν</span> <span class='ocrx_word' id='word_1_334' title='bbox 417 3969 430 3980; x_wconf 91' lang='grc'><strong>·</strong></span> <span class='ocrx_word' id='word_1_335' title='bbox 476 3944 614 4020; x_wconf 69' lang='grc' dir='ltr'>μηδὲ</span> <span class='ocrx_word' id='word_1_336' title='bbox 641 3947 688 3998; x_wconf 72' lang='grc' dir='ltr'>ἓν</span> <span class='ocrx_word' id='word_1_337' title='bbox 721 3946 923 4019; x_wconf 76' lang='grc' dir='ltr'>ἐχθρῶν</span> <span class='ocrx_word' id='word_1_338' title='bbox 973 3952 1257 4019; x_wconf 84' lang='grc' dir='ltr'>προσώπῳ,</span> <span class='ocrx_word' id='word_1_339' title='bbox 1333 3947 1451 3997; x_wconf 89' lang='grc' dir='ltr'>καθ’</span> <span class='ocrx_word' id='word_1_340' title='bbox 1478 3947 1623 4017; x_wconf 83' lang='grc' dir='ltr'>ἡμῶν</span> <span class='ocrx_word' id='word_1_341' title='bbox 1667 3947 1825 4020; x_wconf 76' lang='grc' dir='ltr'>ῥίπτῃ</span> 
     </span>
    </p>
   </div>
   <div class='ocr_carea' id='block_1_44' title="bbox 221 4033 1829 4110">
    <p class='ocr_par' dir='ltr' id='par_1_44' title="bbox 221 4033 1829 4110">
     <span class='ocr_line' id='line_1_44' title="bbox 221 4033 1829 4110; baseline -0.001 -20"><span class='ocrx_word' id='word_1_342' title='bbox 221 4041 314 4090; x_wconf 82' lang='grc' dir='ltr'>τὸν</span> <span class='ocrx_word' id='word_1_343' title='bbox 361 4034 557 4090; x_wconf 81' lang='grc' dir='ltr'>ἅνειδον</span> <span class='ocrx_word' id='word_1_344' title='bbox 591 4059 602 4071; x_wconf 88' lang='grc'>·</span> <span class='ocrx_word' id='word_1_345' title='bbox 648 4042 739 4088; x_wconf 80' lang='grc' dir='ltr'>καὶ</span> <span class='ocrx_word' id='word_1_346' title='bbox 767 4042 931 4110; x_wconf 85' lang='grc' dir='ltr'>μυρία</span> <span class='ocrx_word' id='word_1_347' title='bbox 995 4033 1044 4088; x_wconf 82' lang='grc' dir='ltr'>δ’</span> <span class='ocrx_word' id='word_1_348' title='bbox 1077 4035 1136 4086; x_wconf 81' lang='grc' dir='ltr'>ἆν</span> <span class='ocrx_word' id='word_1_349' title='bbox 1194 4033 1472 4106; x_wconf 70' lang='grc' dir='ltr'>κατόψαιτ’</span> <span class='ocrx_word' id='word_1_350' title='bbox 1503 4037 1564 4087; x_wconf 79' lang='grc' dir='ltr'>ἄν</span> <span class='ocrx_word' id='word_1_351' title='bbox 1595 4056 1696 4101; x_wconf 90' lang='grc' dir='ltr'>τις,</span> <span class='ocrx_word' id='word_1_352' title='bbox 1730 4035 1829 4089; x_wconf 80' lang='grc' dir='ltr'>ἀπό</span> 
     </span>
    </p>
   </div>
   <div class='ocr_carea' id='block_1_45' title="bbox 221 4123 1832 4201">
    <p class='ocr_par' dir='ltr' id='par_1_45' title="bbox 221 4123 1832 4201">
     <span class='ocr_line' id='line_1_45' title="bbox 221 4123 1832 4201; baseline -0.001 -23"><span class='ocrx_word' id='word_1_353' title='bbox 221 4134 327 4179; x_wconf 85' lang='grc' dir='ltr'>τῶν</span> <span class='ocrx_word' id='word_1_354' title='bbox 376 4128 628 4198; x_wconf 80' lang='grc' dir='ltr'>ὑμετέρων</span> <span class='ocrx_word' id='word_1_355' title='bbox 703 4128 1025 4201; x_wconf 74' lang='grc' dir='ltr'>γραμμάτων</span> <span class='ocrx_word' id='word_1_356' title='bbox 1095 4127 1462 4198; x_wconf 72' lang='grc' dir='ltr'>προκόπτοντα</span> <span class='ocrx_word' id='word_1_357' title='bbox 1548 4123 1653 4176; x_wconf 80' lang='grc' dir='ltr'>ἀλλ’</span> <span class='ocrx_word' id='word_1_358' title='bbox 1703 4128 1832 4189; x_wconf 81' lang='grc' dir='ltr'>ἴσως</span> 
     </span>
    </p>
   </div>
   <div class='ocr_carea' id='block_1_46' title="bbox 219 4213 1830 4284">
    <p class='ocr_par' dir='ltr' id='par_1_46' title="bbox 219 4213 1830 4284">
     <span class='ocr_line' id='line_1_46' title="bbox 219 4213 1830 4284; baseline 0 -18"><span class='ocrx_word' id='word_1_359' title='bbox 219 4221 315 4267; x_wconf 78' lang='grc' dir='ltr'>καὶ</span> <span class='ocrx_word' id='word_1_360' title='bbox 345 4222 512 4267; x_wconf 84' lang='grc' dir='ltr'>ταῦτα</span> <span class='ocrx_word' id='word_1_361' title='bbox 539 4215 706 4278; x_wconf 84' lang='grc' dir='ltr'>πλέον,</span> <span class='ocrx_word' id='word_1_362' title='bbox 735 4216 765 4274; x_wconf 81' lang='grc' dir='ltr'><em>ἣ</em></span> <span class='ocrx_word' id='word_1_363' title='bbox 825 4215 938 4266; x_wconf 87' lang='grc' dir='ltr'>κατ’</span> <span class='ocrx_word' id='word_1_364' title='bbox 1006 4213 1282 4273; x_wconf 82' lang='grc' dir='ltr'>ἐπιστολῆς</span> <span class='ocrx_word' id='word_1_365' title='bbox 1310 4217 1514 4284; x_wconf 84' lang='grc' dir='ltr'>νόμους.</span> <span class='ocrx_word' id='word_1_366' title='bbox 1561 4218 1630 4266; x_wconf 94' lang='grc' dir='ltr'>Τό</span> <span class='ocrx_word' id='word_1_367' title='bbox 1655 4213 1830 4266; x_wconf 85' lang='grc' dir='ltr'>λοιπόν</span> 
     </span>
    </p>
   </div>
   <div class='ocr_carea' id='block_1_47' title="bbox 224 4299 1828 4378">
    <p class='ocr_par' dir='ltr' id='par_1_47' title="bbox 224 4299 1828 4378">
     <span class='ocr_line' id='line_1_47' title="bbox 224 4299 1828 4378; baseline 0 -22"><span class='ocrx_word' id='word_1_368' title='bbox 224 4301 482 4378; x_wconf 78' lang='grc' dir='ltr'>ἁνδρίζου</span> <span class='ocrx_word' id='word_1_369' title='bbox 537 4308 628 4362; x_wconf 79' lang='grc' dir='ltr'>τὴν</span> <span class='ocrx_word' id='word_1_370' title='bbox 685 4303 872 4376; x_wconf 80' lang='grc' dir='ltr'>φιλίαν,</span> <span class='ocrx_word' id='word_1_371' title='bbox 943 4308 1033 4355; x_wconf 84' lang='grc' dir='ltr'>καὶ</span> <span class='ocrx_word' id='word_1_372' title='bbox 1084 4305 1291 4366; x_wconf 79' lang='grc' dir='ltr'>ἔκτεινε,</span> <span class='ocrx_word' id='word_1_373' title='bbox 1346 4306 1432 4352; x_wconf 73' lang='grc' dir='ltr'>καί</span> <span class='ocrx_word' id='word_1_374' title='bbox 1487 4299 1774 4356; x_wconf 85' lang='grc' dir='ltr'>κατευοδοῡ</span> <span class='ocrx_word' id='word_1_375' title='bbox 1815 4325 1828 4337; x_wconf 92' lang='grc'><strong>·</strong></span> 
     </span>
    </p>
   </div>
   <div class='ocr_carea' id='block_1_48' title="bbox 221 4391 1834 4466">
    <p class='ocr_par' dir='ltr' id='par_1_48' title="bbox 221 4391 1834 4466">
     <span class='ocr_line' id='line_1_48' title="bbox 221 4391 1834 4466; baseline 0 -22"><span class='ocrx_word' id='word_1_376' title='bbox 221 4398 351 4454; x_wconf 82' lang='grc' dir='ltr'>τοὺς</span> <span class='ocrx_word' id='word_1_377' title='bbox 381 4397 627 4465; x_wconf 80' lang='grc' dir='ltr'>πειρατὰς</span> <span class='ocrx_word' id='word_1_378' title='bbox 648 4397 736 4444; x_wconf 86' lang='grc' dir='ltr'>καὶ</span> <span class='ocrx_word' id='word_1_379' title='bbox 786 4393 1075 4464; x_wconf 81' lang='grc' dir='ltr'>λοχῶντας,</span> <span class='ocrx_word' id='word_1_380' title='bbox 1135 4395 1224 4442; x_wconf 80' lang='grc' dir='ltr'>καὶ</span> <span class='ocrx_word' id='word_1_381' title='bbox 1269 4394 1312 4442; x_wconf 85' lang='grc' dir='ltr'>εἰ</span> <span class='ocrx_word' id='word_1_382' title='bbox 1364 4410 1417 4442; x_wconf 90' lang='grc' dir='ltr'>τι</span> <span class='ocrx_word' id='word_1_383' title='bbox 1453 4391 1573 4442; x_wconf 82' lang='grc' dir='ltr'>ἄλλο</span> <span class='ocrx_word' id='word_1_384' title='bbox 1604 4411 1834 4466; x_wconf 84' lang='grc' dir='ltr'>κακουρ-</span> 
     </span>
    </p>
   </div>
   <div class='ocr_carea' id='block_1_49' title="bbox 221 4473 1908 4554">
    <p class='ocr_par' dir='ltr' id='par_1_49' title="bbox 221 4473 1908 4554">
     <span class='ocr_line' id='line_1_49' title="bbox 221 4473 1908 4554; baseline 0 -21"><span class='ocrx_word' id='word_1_385' title='bbox 221 4486 319 4554; x_wconf 84' lang='grc' dir='ltr'>γόν</span> <span class='ocrx_word' id='word_1_386' title='bbox 339 4487 506 4552; x_wconf 79' lang='grc' dir='ltr'>γένος,</span> <span class='ocrx_word' id='word_1_387' title='bbox 535 4482 602 4542; x_wconf 83' lang='grc' dir='ltr'>εἰς</span> <span class='ocrx_word' id='word_1_388' title='bbox 635 4487 728 4540; x_wconf 78' lang='grc' dir='ltr'>τὴν</span> <span class='ocrx_word' id='word_1_389' title='bbox 755 4489 848 4544; x_wconf 80' lang='grc' dir='ltr'>τῆς</span> <span class='ocrx_word' id='word_1_390' title='bbox 880 4482 1148 4552; x_wconf 84' lang='grc' dir='ltr'>αἰσχύνης</span> <span class='ocrx_word' id='word_1_391' title='bbox 1198 4479 1416 4532; x_wconf 79' lang='grc' dir='ltr'>ἁπωθῶν</span> <span class='ocrx_word' id='word_1_392' title='bbox 1471 4486 1560 4532; x_wconf 82' lang='grc' dir='ltr'>καὶ</span> <span class='ocrx_word' id='word_1_393' title='bbox 1601 4479 1833 4553; x_wconf 81' lang='grc' dir='ltr'>βυθίζων</span> <span class='ocrx_word' id='word_1_394' title='bbox 1865 4473 1908 4526; x_wconf 84' lang='lat' dir='ltr'>D</span> 
     </span>
    </p>
   </div>
   <div class='ocr_carea' id='block_1_50' title="bbox 227 4568 1835 4645">
    <p class='ocr_par' dir='ltr' id='par_1_50' title="bbox 227 4568 1835 4645">
     <span class='ocr_line' id='line_1_50' title="bbox 227 4568 1835 4645; baseline 0 -22"><span class='ocrx_word' id='word_1_395' title='bbox 227 4571 499 4624; x_wconf 78' lang='grc' dir='ltr'>θάλασσαν</span> <span class='ocrx_word' id='word_1_396' title='bbox 534 4593 546 4604; x_wconf 90' lang='grc'><strong>·</strong></span> <span class='ocrx_word' id='word_1_397' title='bbox 611 4575 802 4623; x_wconf 88' lang='grc' dir='ltr'>σαυτόν</span> <span class='ocrx_word' id='word_1_398' title='bbox 854 4568 902 4623; x_wconf 88' lang='grc' dir='ltr'>δ’</span> <span class='ocrx_word' id='word_1_399' title='bbox 963 4572 1152 4622; x_wconf 84' lang='grc' dir='ltr'>ἐκεῖθεν</span> <span class='ocrx_word' id='word_1_400' title='bbox 1204 4568 1425 4638; x_wconf 80' lang='grc' dir='ltr'>ἀνάγων,</span> <span class='ocrx_word' id='word_1_401' title='bbox 1475 4572 1562 4621; x_wconf 86' lang='grc' dir='ltr'>τόν</span> <span class='ocrx_word' id='word_1_402' title='bbox 1605 4571 1835 4645; x_wconf 86' lang='grc' dir='ltr'>λαμπρό-</span> 
     </span>
    </p>
   </div>
   <div class='ocr_carea' id='block_1_51' title="bbox 222 4658 1835 4732">
    <p class='ocr_par' dir='ltr' id='par_1_51' title="bbox 222 4658 1835 4732">
     <span class='ocr_line' id='line_1_51' title="bbox 222 4658 1835 4732; baseline 0 -21"><span class='ocrx_word' id='word_1_403' title='bbox 222 4664 382 4712; x_wconf 85' lang='grc' dir='ltr'>τατόν</span> <span class='ocrx_word' id='word_1_404' title='bbox 424 4678 517 4711; x_wconf 87' lang='grc' dir='ltr'>σου</span> <span class='ocrx_word' id='word_1_405' title='bbox 565 4659 810 4732; x_wconf 82' lang='grc' dir='ltr'>λαμπρῶς</span> <span class='ocrx_word' id='word_1_406' title='bbox 860 4663 1144 4732; x_wconf 77' lang='grc' dir='ltr'>περιφέρων</span> <span class='ocrx_word' id='word_1_407' title='bbox 1207 4661 1538 4730; x_wconf 87' lang='grc' dir='ltr'>μαργαρίτην</span> <span class='ocrx_word' id='word_1_408' title='bbox 1568 4675 1580 4687; x_wconf 77' lang='grc' dir='ltr'>ο</span> <span class='ocrx_word' id='word_1_409' title='bbox 1609 4658 1703 4710; x_wconf 77' lang='grc' dir='ltr'>κᾶν</span> <span class='ocrx_word' id='word_1_410' title='bbox 1733 4666 1835 4720; x_wconf 84' lang='grc' dir='ltr'>πᾶς</span> 
     </span>
    </p>
   </div>
   <div class='ocr_carea' id='block_1_52' title="bbox 226 4744 1831 4823">
    <p class='ocr_par' dir='ltr' id='par_1_52' title="bbox 226 4744 1831 4823">
     <span class='ocr_line' id='line_1_52' title="bbox 226 4744 1831 4823; baseline -0.002 -21"><span class='ocrx_word' id='word_1_411' title='bbox 226 4749 496 4821; x_wconf 74' lang='grc' dir='ltr'>ὀφθαλμός</span> <span class='ocrx_word' id='word_1_412' title='bbox 549 4753 675 4823; x_wconf 83' lang='grc' dir='ltr'>πρὸς</span> <span class='ocrx_word' id='word_1_413' title='bbox 734 4749 891 4801; x_wconf 75' lang='grc' dir='ltr'>αὐτόν</span> <span class='ocrx_word' id='word_1_414' title='bbox 943 4745 1343 4820; x_wconf 70' lang='grc' dir='ltr'>ἑπιστρέψηται,</span> <span class='ocrx_word' id='word_1_415' title='bbox 1380 4744 1409 4803; x_wconf 74' lang='grc' dir='ltr'>ἦ</span> <span class='ocrx_word' id='word_1_416' title='bbox 1452 4744 1831 4818; x_wconf 80' lang='grc' dir='ltr'>ἐποφθαλμιῶν,</span> 
     </span>
    </p>
   </div>
   <div class='ocr_carea' id='block_1_53' title="bbox 227 4835 1837 4908">
    <p class='ocr_par' dir='ltr' id='par_1_53' title="bbox 227 4835 1837 4908">
     <span class='ocr_line' id='line_1_53' title="bbox 227 4835 1837 4908; baseline -0.001 -19"><span class='ocrx_word' id='word_1_417' title='bbox 227 4840 258 4898; x_wconf 77' lang='grc' dir='ltr'>ἦ</span> <span class='ocrx_word' id='word_1_418' title='bbox 297 4836 568 4889; x_wconf 78' lang='grc' dir='ltr'>ἀπολαύων</span> <span class='ocrx_word' id='word_1_419' title='bbox 611 4843 702 4890; x_wconf 81' lang='grc' dir='ltr'>τοῦ</span> <span class='ocrx_word' id='word_1_420' title='bbox 760 4837 993 4902; x_wconf 85' lang='grc' dir='ltr'>κάλλους,</span> <span class='ocrx_word' id='word_1_421' title='bbox 1046 4835 1158 4887; x_wconf 82' lang='grc' dir='ltr'>ὅλον</span> <span class='ocrx_word' id='word_1_422' title='bbox 1201 4837 1339 4904; x_wconf 81' lang='grc' dir='ltr'>ἔχειν</span> <span class='ocrx_word' id='word_1_423' title='bbox 1405 4837 1550 4908; x_wconf 79' lang='grc' dir='ltr'>παρὰ</span> <span class='ocrx_word' id='word_1_424' title='bbox 1590 4841 1673 4887; x_wconf 81' lang='grc' dir='ltr'>σοὶ</span> <span class='ocrx_word' id='word_1_425' title='bbox 1732 4841 1837 4888; x_wconf 86' lang='grc' dir='ltr'>κεί-</span> 
     </span>
    </p>
   </div>
   <div class='ocr_carea' id='block_1_54' title="bbox 225 4921 1837 4999">
    <p class='ocr_par' dir='ltr' id='par_1_54' title="bbox 225 4921 1837 4999">
     <span class='ocr_line' id='line_1_54' title="bbox 225 4921 1837 4999; baseline -0.002 -19"><span class='ocrx_word' id='word_1_426' title='bbox 225 4947 378 4996; x_wconf 81' lang='grc' dir='ltr'>μενον</span> <span class='ocrx_word' id='word_1_427' title='bbox 436 4930 632 4999; x_wconf 84' lang='grc' dir='ltr'>νόμιζε.</span> <span class='ocrx_word' id='word_1_428' title='bbox 693 4932 871 4978; x_wconf 73' lang='grc' dir='ltr'>Ταῦτα</span> <span class='ocrx_word' id='word_1_429' title='bbox 952 4929 1148 4988; x_wconf 84' lang='grc' dir='ltr'>παίζων</span> <span class='ocrx_word' id='word_1_430' title='bbox 1204 4924 1316 4994; x_wconf 83' lang='grc' dir='ltr'>οἶμα</span> <span class='ocrx_word' id='word_1_431' title='bbox 1379 4929 1468 4976; x_wconf 81' lang='grc' dir='ltr'>καὶ</span> <span class='ocrx_word' id='word_1_432' title='bbox 1523 4921 1837 4988; x_wconf 83' lang='grc' dir='ltr'>σπουδάζων</span> 
     </span>
    </p>
   </div>
   <div class='ocr_carea' id='block_1_55' title="bbox 227 5013 1838 5089">
    <p class='ocr_par' dir='ltr' id='par_1_55' title="bbox 227 5013 1838 5089">
     <span class='ocr_line' id='line_1_55' title="bbox 227 5013 1838 5089; baseline -0.001 -20"><span class='ocrx_word' id='word_1_433' title='bbox 227 5014 442 5089; x_wconf 75' lang='grc' dir='ltr'>ἔγραψα</span> <span class='ocrx_word' id='word_1_434' title='bbox 499 5016 714 5076; x_wconf 79' lang='grc' dir='ltr'>’παίζω</span> <span class='ocrx_word' id='word_1_435' title='bbox 767 5019 876 5088; x_wconf 74' lang='grc' dir='ltr'>μὲν,</span> <span class='ocrx_word' id='word_1_436' title='bbox 943 5019 1024 5067; x_wconf 86' lang='grc' dir='ltr'>ἱνα</span> <span class='ocrx_word' id='word_1_437' title='bbox 1071 5021 1222 5085; x_wconf 83' lang='grc' dir='ltr'>γνῷς,</span> <span class='ocrx_word' id='word_1_438' title='bbox 1284 5014 1348 5072; x_wconf 83' lang='grc' dir='ltr'>ὡς</span> <span class='ocrx_word' id='word_1_439' title='bbox 1399 5013 1513 5065; x_wconf 74' lang='grc' dir='ltr'>ἔστί</span> <span class='ocrx_word' id='word_1_440' title='bbox 1570 5019 1657 5066; x_wconf 79' lang='grc' dir='ltr'>καὶ</span> <span class='ocrx_word' id='word_1_441' title='bbox 1713 5017 1838 5087; x_wconf 79' lang='grc' dir='ltr'>ἡμῖν</span> 
     </span>
    </p>
   </div>
   <div class='ocr_carea' id='block_1_56' title="bbox 228 5105 1842 5180">
    <p class='ocr_par' dir='ltr' id='par_1_56' title="bbox 228 5105 1842 5180">
     <span class='ocr_line' id='line_1_56' title="bbox 228 5105 1842 5180; baseline -0.001 -24"><span class='ocrx_word' id='word_1_442' title='bbox 228 5105 827 5180; x_wconf 77' lang='grc' dir='ltr'>καταῤῥητορευομένοις</span> <span class='ocrx_word' id='word_1_443' title='bbox 866 5108 966 5158; x_wconf 83' lang='grc' dir='ltr'>ύπό</span> <span class='ocrx_word' id='word_1_444' title='bbox 1029 5113 1128 5156; x_wconf 85' lang='grc' dir='ltr'>τῶν</span> <span class='ocrx_word' id='word_1_445' title='bbox 1184 5106 1515 5174; x_wconf 78' lang='grc' dir='ltr'>σφριγώντων</span> <span class='ocrx_word' id='word_1_446' title='bbox 1591 5109 1683 5162; x_wconf 81' lang='grc' dir='ltr'>τὴν</span> <span class='ocrx_word' id='word_1_447' title='bbox 1749 5105 1842 5179; x_wconf 86' lang='grc' dir='ltr'>ῥη-</span> 
     </span>
    </p>
   </div>
   <div class='ocr_carea' id='block_1_57' title="bbox 227 5191 1837 5268">
    <p class='ocr_par' dir='ltr' id='par_1_57' title="bbox 227 5191 1837 5268">
     <span class='ocr_line' id='line_1_57' title="bbox 227 5191 1837 5268; baseline -0.001 -20"><span class='ocrx_word' id='word_1_448' title='bbox 227 5199 410 5267; x_wconf 85' lang='grc' dir='ltr'>τορίαν</span> <span class='ocrx_word' id='word_1_449' title='bbox 459 5195 655 5267; x_wconf 79' lang='grc' dir='ltr'>ἀμύνης</span> <span class='ocrx_word' id='word_1_450' title='bbox 715 5195 878 5268; x_wconf 79' lang='grc' dir='ltr'>ἀκμὴ,</span> <span class='ocrx_word' id='word_1_451' title='bbox 937 5201 1028 5246; x_wconf 81' lang='grc' dir='ltr'>καὶ</span> <span class='ocrx_word' id='word_1_452' title='bbox 1063 5194 1215 5262; x_wconf 86' lang='grc' dir='ltr'>λόγος</span> <span class='ocrx_word' id='word_1_453' title='bbox 1257 5191 1388 5242; x_wconf 90' lang='grc' dir='ltr'>λύων</span> <span class='ocrx_word' id='word_1_454' title='bbox 1467 5197 1772 5266; x_wconf 68' lang='grc' dir='ltr'>σοφίσματα</span> <span class='ocrx_word' id='word_1_455' title='bbox 1825 5215 1837 5227; x_wconf 91' lang='grc'><strong>·</strong></span> 
     </span>
    </p>
   </div>
   <div class='ocr_carea' id='block_1_58' title="bbox 231 5278 1840 5357">
    <p class='ocr_par' dir='ltr' id='par_1_58' title="bbox 231 5278 1840 5357">
     <span class='ocr_line' id='line_1_58' title="bbox 231 5278 1840 5357; baseline -0.002 -19"><span class='ocrx_word' id='word_1_456' title='bbox 231 5280 556 5346; x_wconf 77' lang='grc' dir='ltr'>σπουδάζων</span> <span class='ocrx_word' id='word_1_457' title='bbox 607 5282 686 5353; x_wconf 77' lang='grc' dir='ltr'>δὲ,</span> <span class='ocrx_word' id='word_1_458' title='bbox 744 5287 825 5337; x_wconf 80' lang='grc' dir='ltr'>ἵνα</span> <span class='ocrx_word' id='word_1_459' title='bbox 871 5287 1059 5357; x_wconf 67' lang='grc' dir='ltr'>μηκέτι</span> <span class='ocrx_word' id='word_1_460' title='bbox 1105 5280 1270 5340; x_wconf 82' lang='grc' dir='ltr'>δειλὸς</span> <span class='ocrx_word' id='word_1_461' title='bbox 1321 5278 1400 5352; x_wconf 80' lang='grc' dir='ltr'>ᾖς,</span> <span class='ocrx_word' id='word_1_462' title='bbox 1435 5287 1551 5355; x_wconf 80' lang='grc' dir='ltr'>περὶ</span> <span class='ocrx_word' id='word_1_463' title='bbox 1582 5283 1648 5334; x_wconf 84' lang='grc' dir='ltr'>ὧν</span> <span class='ocrx_word' id='word_1_464' title='bbox 1679 5302 1840 5356; x_wconf 88' lang='grc' dir='ltr'>προσ-</span> 
     </span>
    </p>
   </div>
   <div class='ocr_carea' id='block_1_59' title="bbox 1490 305 2356 404">
    <p class='ocr_par' dir='ltr' id='par_1_59' title="bbox 1490 305 2356 404">
     <span class='ocr_line' id='line_1_59' title="bbox 1490 305 2356 404; baseline 0.005 -6"><span class='ocrx_word' id='word_1_465' title='bbox 1490 305 1996 404; x_wconf 81' lang='lat' dir='ltr'>EPISTOLARUM</span> <span class='ocrx_word' id='word_1_466' title='bbox 2040 347 2249 404; x_wconf 82' lang='lat' dir='ltr'>LIBER</span> <span class='ocrx_word' id='word_1_467' title='bbox 2289 348 2356 402; x_wconf 84' lang='lat' dir='ltr'>n.</span> 
     </span>
    </p>
   </div>
   <div class='ocr_carea' id='block_1_60' title="bbox 1415 469 1839 550">
    <p class='ocr_par' dir='ltr' id='par_1_60' title="bbox 1415 469 1839 543">
     <span class='ocr_line' id='line_1_60' title="bbox 1415 469 1839 543; baseline 0.002 -21"><span class='ocrx_word' id='word_1_468' title='bbox 1415 475 1486 543; x_wconf 83' lang='grc' dir='ltr'>μὴ</span> <span class='ocrx_word' id='word_1_469' title='bbox 1529 469 1674 529; x_wconf 74' lang='grc' dir='ltr'>ἕπιλή</span> <span class='ocrx_word' id='word_1_470' title='bbox 1685 490 1839 529; x_wconf 87' lang='grc' dir='ltr'>σηται</span> 
     </span>
    </p>
   </div>
   <div class='ocr_carea' id='block_1_61' title="bbox 1944 469 3602 550">
    <p class='ocr_par' dir='ltr' id='par_1_61' title="bbox 1951 472 3602 550">
     <span class='ocr_line' id='line_1_61' title="bbox 1951 472 3602 550; baseline 0.005 -22"><span class='ocrx_word' id='word_1_471' title='bbox 1951 472 2139 530; x_wconf 91' lang='lat' dir='ltr'>simos</span> <span class='ocrx_word' id='word_1_472' title='bbox 2185 478 2316 529; x_wconf 89' lang='lat' dir='ltr'>tuos</span> <span class='ocrx_word' id='word_1_473' title='bbox 2367 473 2566 546; x_wconf 82' lang='lat' dir='ltr'><strong>palam</strong></span> <span class='ocrx_word' id='word_1_474' title='bbox 2615 474 2926 531; x_wconf 90' lang='lat' dir='ltr'>nominare</span> <span class='ocrx_word' id='word_1_475' title='bbox 2956 475 2984 531; x_wconf 75' lang='lat' dir='ltr'>‘I</span> <span class='ocrx_word' id='word_1_476' title='bbox 3040 475 3167 532; x_wconf 86' lang='lat' dir='ltr'>Noli</span> <span class='ocrx_word' id='word_1_477' title='bbox 3219 477 3602 550; x_wconf 76' lang='lat' dir='ltr'>temetipsum</span> 
     </span>
    </p>
   </div>
   <div class='ocr_carea' id='block_1_62' title="bbox 3498 351 3606 408">
    <p class='ocr_par' dir='ltr' id='par_1_62' title="bbox 3498 351 3606 408">
     <span class='ocr_line' id='line_1_62' title="bbox 3498 351 3606 408; baseline 0 -1"><span class='ocrx_word' id='word_1_478' title='bbox 3498 351 3606 408; x_wconf 69' lang='grc'>914</span> 
     </span>
    </p>
   </div>
   <div class='ocr_carea' id='block_1_63' title="bbox 1948 562 3601 635">
    <p class='ocr_par' dir='ltr' id='par_1_63' title="bbox 1948 562 3601 635">
     <span class='ocr_line' id='line_1_63' title="bbox 1948 562 3601 635; baseline 0.004 -17"><span class='ocrx_word' id='word_1_479' title='bbox 1948 562 2318 619; x_wconf 91' lang='lat' dir='ltr'>distractioni</span> <span class='ocrx_word' id='word_1_480' title='bbox 2351 562 2668 635; x_wconf 81' lang='lat' dir='ltr'>subjicere,</span> <span class='ocrx_word' id='word_1_481' title='bbox 2696 563 2778 619; x_wconf 88' lang='lat' dir='ltr'>ita</span> <span class='ocrx_word' id='word_1_482' title='bbox 2810 569 2873 620; x_wconf 90' lang='lat' dir='ltr'>ut</span> <span class='ocrx_word' id='word_1_483' title='bbox 2910 565 3240 622; x_wconf 85' lang='lat' dir='ltr'>candorem</span> <span class='ocrx_word' id='word_1_484' title='bbox 3288 568 3513 623; x_wconf 88' lang='lat' dir='ltr'>amoris</span> <span class='ocrx_word' id='word_1_485' title='bbox 3545 573 3601 624; x_wconf 89' lang='lat' dir='ltr'>et</span> 
     </span>
    </p>
   </div>
   <div class='ocr_carea' id='block_1_64' title="bbox 1949 651 3604 723">
    <p class='ocr_par' dir='ltr' id='par_1_64' title="bbox 1949 651 3604 723">
     <span class='ocr_line' id='line_1_64' title="bbox 1949 651 3604 723; baseline 0.005 -19"><span class='ocrx_word' id='word_1_486' title='bbox 1949 651 2329 723; x_wconf 88' lang='lat' dir='ltr'>splendorem</span> <span class='ocrx_word' id='word_1_487' title='bbox 2388 651 2447 706; x_wconf 88' lang='lat' dir='ltr'>in</span> <span class='ocrx_word' id='word_1_488' title='bbox 2486 651 2860 720; x_wconf 90' lang='lat' dir='ltr'>nigredinem</span> <span class='ocrx_word' id='word_1_489' title='bbox 2919 660 3231 711; x_wconf 80' lang='lat' dir='ltr'>convertas</span> <span class='ocrx_word' id='word_1_490' title='bbox 3271 655 3604 713; x_wconf 87' lang='lat' dir='ltr'>inimicitia-</span> 
     </span>
    </p>
   </div>
   <div class='ocr_carea' id='block_1_65' title="bbox 1948 739 3604 808">
    <p class='ocr_par' dir='ltr' id='par_1_65' title="bbox 1948 739 3604 808">
     <span class='ocr_line' id='line_1_65' title="bbox 1948 739 3604 808; baseline 0.004 -12"><span class='ocrx_word' id='word_1_491' title='bbox 1948 756 2102 796; x_wconf 91' lang='lat' dir='ltr'>rum.</span> <span class='ocrx_word' id='word_1_492' title='bbox 2129 739 2248 796; x_wconf 86' lang='lat' dir='ltr'>Noli</span> <span class='ocrx_word' id='word_1_493' title='bbox 2281 739 2361 796; x_wconf 90' lang='lat' dir='ltr'>ita</span> <span class='ocrx_word' id='word_1_494' title='bbox 2387 739 2778 796; x_wconf 89' lang='lat' dir='ltr'>meticulosus</span> <span class='ocrx_word' id='word_1_495' title='bbox 2807 756 2960 808; x_wconf 91' lang='lat' dir='ltr'>esse,</span> <span class='ocrx_word' id='word_1_496' title='bbox 2987 747 3048 798; x_wconf 92' lang='lat' dir='ltr'>ut</span> <span class='ocrx_word' id='word_1_497' title='bbox 3078 744 3162 798; x_wconf 89' lang='lat' dir='ltr'>tui</span> <span class='ocrx_word' id='word_1_498' title='bbox 3192 743 3444 801; x_wconf 79' lang='lat' dir='ltr'>instituti</span> <span class='ocrx_word' id='word_1_499' title='bbox 3471 745 3604 802; x_wconf 90' lang='lat' dir='ltr'>soli-</span> 
     </span>
    </p>
   </div>
   <div class='ocr_carea' id='block_1_66' title="bbox 1946 829 3604 907">
    <p class='ocr_par' dir='ltr' id='par_1_66' title="bbox 1946 829 3604 907">
     <span class='ocr_line' id='line_1_66' title="bbox 1946 829 3604 907; baseline 0.004 -22"><span class='ocrx_word' id='word_1_500' title='bbox 1946 829 2293 896; x_wconf 87' lang='lat' dir='ltr'>ditatem,et</span> <span class='ocrx_word' id='word_1_501' title='bbox 2342 833 2564 885; x_wconf 87' lang='lat' dir='ltr'>statum</span> <span class='ocrx_word' id='word_1_502' title='bbox 2608 830 3012 904; x_wconf 88' lang='lat' dir='ltr'>undequaque</span> <span class='ocrx_word' id='word_1_503' title='bbox 3059 833 3375 904; x_wconf 67' lang='lat' dir='ltr'>aequalem,</span> <span class='ocrx_word' id='word_1_504' title='bbox 3423 840 3604 907; x_wconf 90' lang='lat' dir='ltr'>atque</span> 
     </span>
    </p>
   </div>
   <div class='ocr_carea' id='block_1_67' title="bbox 1946 919 3602 993">
    <p class='ocr_par' dir='ltr' id='par_1_67' title="bbox 1946 919 3602 993">
     <span class='ocr_line' id='line_1_67' title="bbox 1946 919 3602 993; baseline 0.005 -21"><span class='ocrx_word' id='word_1_505' title='bbox 1946 919 2082 974; x_wconf 87' lang='lat' dir='ltr'>labe</span> <span class='ocrx_word' id='word_1_506' title='bbox 2097 919 2260 973; x_wconf 91' lang='lat' dir='ltr'>omni</span> <span class='ocrx_word' id='word_1_507' title='bbox 2274 919 2629 987; x_wconf 86' lang='lat' dir='ltr'>immunem,</span> <span class='ocrx_word' id='word_1_508' title='bbox 2645 919 2700 973; x_wconf 91' lang='lat' dir='ltr'>in</span> <span class='ocrx_word' id='word_1_509' title='bbox 2722 920 3316 993; x_wconf 74' lang='lat' dir='ltr'>angulosinaequales</span> <span class='ocrx_word' id='word_1_510' title='bbox 3334 923 3602 981; x_wconf 63' lang='lat' dir='ltr'>conﬁcta</span> 
     </span>
    </p>
   </div>
   <div class='ocr_carea' id='block_1_68' title="bbox 1945 1007 3602 1081">
    <p class='ocr_par' dir='ltr' id='par_1_68' title="bbox 1945 1007 3602 1081">
     <span class='ocr_line' id='line_1_68' title="bbox 1945 1007 3602 1081; baseline 0.005 -19"><span class='ocrx_word' id='word_1_511' title='bbox 1945 1007 2244 1079; x_wconf 87' lang='lat' dir='ltr'>opinionis</span> <span class='ocrx_word' id='word_1_512' title='bbox 2268 1007 2566 1062; x_wconf 81' lang='lat' dir='ltr'>collidere.</span> <span class='ocrx_word' id='word_1_513' title='bbox 2616 1007 2736 1063; x_wconf 86' lang='lat' dir='ltr'>Sed</span> <span class='ocrx_word' id='word_1_514' title='bbox 2761 1023 2967 1064; x_wconf 89' lang='lat' dir='ltr'>curam</span> <span class='ocrx_word' id='word_1_515' title='bbox 3018 1009 3317 1081; x_wconf 88' lang='lat' dir='ltr'>dejiceris,</span> <span class='ocrx_word' id='word_1_516' title='bbox 3351 1026 3426 1067; x_wconf 89' lang='lat' dir='ltr'>ne</span> <span class='ocrx_word' id='word_1_517' title='bbox 3454 1011 3602 1070; x_wconf 87' lang='lat' dir='ltr'>forte</span> 
     </span>
    </p>
   </div>
   <div class='ocr_carea' id='block_1_69' title="bbox 1945 1095 3598 1172">
    <p class='ocr_par' dir='ltr' id='par_1_69' title="bbox 1945 1095 3598 1172">
     <span class='ocr_line' id='line_1_69' title="bbox 1945 1095 3598 1172; baseline 0.004 -22"><span class='ocrx_word' id='word_1_518' title='bbox 1945 1096 2111 1167; x_wconf 88' lang='lat' dir='ltr'>quod</span> <span class='ocrx_word' id='word_1_519' title='bbox 2149 1095 2648 1168; x_wconf 89' lang='lat' dir='ltr'>pretiosissimum</span> <span class='ocrx_word' id='word_1_520' title='bbox 2705 1101 2794 1152; x_wconf 89' lang='lat' dir='ltr'>est</span> <span class='ocrx_word' id='word_1_521' title='bbox 2843 1097 3128 1154; x_wconf 78' lang='lat' dir='ltr'>violenter</span> <span class='ocrx_word' id='word_1_522' title='bbox 3152 1115 3188 1154; x_wconf 88' lang='lat' dir='ltr'>a</span> <span class='ocrx_word' id='word_1_523' title='bbox 3219 1104 3274 1155; x_wconf 90' lang='lat' dir='ltr'>te</span> <span class='ocrx_word' id='word_1_524' title='bbox 3311 1100 3598 1172; x_wconf 83' lang='lat' dir='ltr'>rapiatur.</span> 
     </span>
    </p>
   </div>
   <div class='ocr_carea' id='block_1_70' title="bbox 1945 1185 3601 1252">
    <p class='ocr_par' dir='ltr' id='par_1_70' title="bbox 1945 1185 3601 1252">
     <span class='ocr_line' id='line_1_70' title="bbox 1945 1185 3601 1252; baseline 0.004 -12"><span class='ocrx_word' id='word_1_525' title='bbox 1945 1186 2184 1241; x_wconf 86' lang='lat' dir='ltr'>Amicus</span> <span class='ocrx_word' id='word_1_526' title='bbox 2205 1201 2327 1241; x_wconf 91' lang='lat' dir='ltr'>non</span> <span class='ocrx_word' id='word_1_527' title='bbox 2357 1190 2442 1240; x_wconf 89' lang='lat' dir='ltr'>est</span> <span class='ocrx_word' id='word_1_528' title='bbox 2482 1185 2607 1240; x_wconf 89' lang='lat' dir='ltr'>sine</span> <span class='ocrx_word' id='word_1_529' title='bbox 2638 1185 2860 1252; x_wconf 89' lang='lat' dir='ltr'>anima,</span> <span class='ocrx_word' id='word_1_530' title='bbox 2895 1201 3004 1242; x_wconf 89' lang='lat' dir='ltr'>nec</span> <span class='ocrx_word' id='word_1_531' title='bbox 3030 1186 3361 1244; x_wconf 86' lang='lat' dir='ltr'>immobilis</span> <span class='ocrx_word' id='word_1_532' title='bbox 3385 1193 3601 1247; x_wconf 88' lang='lat' dir='ltr'>natura</span> 
     </span>
    </p>
   </div>
   <div class='ocr_carea' id='block_1_71' title="bbox 1945 1274 3600 1350">
    <p class='ocr_par' dir='ltr' id='par_1_71' title="bbox 1945 1274 3600 1350">
     <span class='ocr_line' id='line_1_71' title="bbox 1945 1274 3600 1350; baseline 0.004 -22"><span class='ocrx_word' id='word_1_533' title='bbox 1945 1290 2054 1329; x_wconf 89' lang='lat' dir='ltr'>sua</span> <span class='ocrx_word' id='word_1_534' title='bbox 2087 1291 2100 1341; x_wconf 88' lang='lat'>;</span> <span class='ocrx_word' id='word_1_535' title='bbox 2130 1291 2165 1329; x_wconf 92' lang='lat' dir='ltr'>a</span> <span class='ocrx_word' id='word_1_536' title='bbox 2196 1280 2360 1346; x_wconf 88' lang='lat' dir='ltr'>parte</span> <span class='ocrx_word' id='word_1_537' title='bbox 2411 1274 2699 1330; x_wconf 87' lang='lat' dir='ltr'>deteriore</span> <span class='ocrx_word' id='word_1_538' title='bbox 2753 1274 3068 1331; x_wconf 88' lang='lat' dir='ltr'>deducitur</span> <span class='ocrx_word' id='word_1_539' title='bbox 3113 1275 3295 1347; x_wconf 89' lang='lat' dir='ltr'>hujus</span> <span class='ocrx_word' id='word_1_540' title='bbox 3341 1277 3600 1350; x_wconf 87' lang='lat' dir='ltr'>exempli</span> 
     </span>
    </p>
   </div>
   <div class='ocr_carea' id='block_1_72' title="bbox 1945 1363 3600 1438">
    <p class='ocr_par' dir='ltr' id='par_1_72' title="bbox 1945 1363 3600 1438">
     <span class='ocr_line' id='line_1_72' title="bbox 1945 1363 3600 1438; baseline 0.003 -20"><span class='ocrx_word' id='word_1_541' title='bbox 1945 1380 2111 1419; x_wconf 88' lang='lat' dir='ltr'>usus.</span> <span class='ocrx_word' id='word_1_542' title='bbox 2133 1364 2188 1418; x_wconf 90' lang='lat' dir='ltr'>Is</span> <span class='ocrx_word' id='word_1_543' title='bbox 2211 1363 2314 1436; x_wconf 91' lang='lat' dir='ltr'>qui</span> <span class='ocrx_word' id='word_1_544' title='bbox 2338 1379 2401 1420; x_wconf 90' lang='lat' dir='ltr'>se</span> <span class='ocrx_word' id='word_1_545' title='bbox 2427 1363 2565 1418; x_wconf 90' lang='lat' dir='ltr'>dicit</span> <span class='ocrx_word' id='word_1_546' title='bbox 2585 1363 2861 1436; x_wconf 87' lang='lat' dir='ltr'>rapinam</span> <span class='ocrx_word' id='word_1_547' title='bbox 2889 1369 3172 1430; x_wconf 84' lang='lat' dir='ltr'>metuere,</span> <span class='ocrx_word' id='word_1_548' title='bbox 3192 1365 3359 1438; x_wconf 91' lang='lat' dir='ltr'>quod</span> <span class='ocrx_word' id='word_1_549' title='bbox 3386 1367 3446 1422; x_wconf 91' lang='lat' dir='ltr'>in</span> <span class='ocrx_word' id='word_1_550' title='bbox 3467 1367 3600 1438; x_wconf 88' lang='lat' dir='ltr'>ipsa</span> 
     </span>
    </p>
   </div>
   <div class='ocr_carea' id='block_1_73' title="bbox 1944 1452 3596 1526">
    <p class='ocr_par' dir='ltr' id='par_1_73' title="bbox 1944 1452 3596 1526">
     <span class='ocr_line' id='line_1_73' title="bbox 1944 1452 3596 1526; baseline 0.003 -19"><span class='ocrx_word' id='word_1_551' title='bbox 1944 1453 2205 1523; x_wconf 87' lang='lat' dir='ltr'>imagine</span> <span class='ocrx_word' id='word_1_552' title='bbox 2245 1453 2382 1508; x_wconf 90' lang='lat' dir='ltr'>utile</span> <span class='ocrx_word' id='word_1_553' title='bbox 2413 1452 2686 1517; x_wconf 88' lang='lat' dir='ltr'>habetur,</span> <span class='ocrx_word' id='word_1_554' title='bbox 2709 1452 2870 1508; x_wconf 88' lang='lat' dir='ltr'>idem</span> <span class='ocrx_word' id='word_1_555' title='bbox 2901 1459 3212 1526; x_wconf 85' lang='lat' dir='ltr'>oppugnat</span> <span class='ocrx_word' id='word_1_556' title='bbox 3243 1470 3312 1510; x_wconf 89' lang='lat' dir='ltr'>ex</span> <span class='ocrx_word' id='word_1_557' title='bbox 3343 1455 3596 1512; x_wconf 85' lang='lat' dir='ltr'>insidiis.</span> 
     </span>
    </p>
   </div>
   <div class='ocr_carea' id='block_1_74' title="bbox 1944 1541 3599 1617">
    <p class='ocr_par' dir='ltr' id='par_1_74' title="bbox 1944 1541 3599 1617">
     <span class='ocr_line' id='line_1_74' title="bbox 1944 1541 3599 1617; baseline 0.002 -19"><span class='ocrx_word' id='word_1_558' title='bbox 1944 1544 2142 1598; x_wconf 84' lang='lat' dir='ltr'>Metuis</span> <span class='ocrx_word' id='word_1_559' title='bbox 2175 1558 2368 1614; x_wconf 88' lang='lat' dir='ltr'>porro,</span> <span class='ocrx_word' id='word_1_560' title='bbox 2402 1557 2477 1597; x_wconf 87' lang='lat' dir='ltr'>ne</span> <span class='ocrx_word' id='word_1_561' title='bbox 2507 1541 2926 1597; x_wconf 84' lang='lat' dir='ltr'>insidiantibus</span> <span class='ocrx_word' id='word_1_562' title='bbox 2979 1545 3182 1614; x_wconf 63' lang='lat' dir='ltr'>praeda</span> <span class='ocrx_word' id='word_1_563' title='bbox 3211 1543 3314 1599; x_wconf 85' lang='lat' dir='ltr'>ﬁat</span> <span class='ocrx_word' id='word_1_564' title='bbox 3341 1560 3356 1610; x_wconf 87' lang='lat'><strong>;</strong></span> <span class='ocrx_word' id='word_1_565' title='bbox 3387 1545 3599 1617; x_wconf 88' lang='lat' dir='ltr'>quidni</span> 
     </span>
    </p>
   </div>
   <div class='ocr_carea' id='block_1_75' title="bbox 1945 1629 3600 1690">
    <p class='ocr_par' dir='ltr' id='par_1_75' title="bbox 1945 1629 3600 1690">
     <span class='ocr_line' id='line_1_75' title="bbox 1945 1629 3600 1690; baseline 0.002 -3"><span class='ocrx_word' id='word_1_566' title='bbox 1945 1636 2143 1688; x_wconf 89' lang='lat' dir='ltr'>autem</span> <span class='ocrx_word' id='word_1_567' title='bbox 2173 1631 2437 1686; x_wconf 85' lang='lat' dir='ltr'>disertim</span> <span class='ocrx_word' id='word_1_568' title='bbox 2465 1629 2731 1686; x_wconf 89' lang='lat' dir='ltr'>afﬁrmas</span> <span class='ocrx_word' id='word_1_569' title='bbox 2755 1631 2786 1683; x_wconf 74' lang='lat' dir='ltr'>‘I</span> <span class='ocrx_word' id='word_1_570' title='bbox 2813 1646 3017 1686; x_wconf 89' lang='lat' dir='ltr'>vereor</span> <span class='ocrx_word' id='word_1_571' title='bbox 3030 1647 3103 1688; x_wconf 89' lang='lat' dir='ltr'>ne</span> <span class='ocrx_word' id='word_1_572' title='bbox 3130 1631 3394 1688; x_wconf 80' lang='lat' dir='ltr'>desertor</span> <span class='ocrx_word' id='word_1_573' title='bbox 3413 1635 3600 1690; x_wconf 83' lang='lat' dir='ltr'>nostri</span> 
     </span>
    </p>
   </div>
   <div class='ocr_carea' id='block_1_76' title="bbox 1943 1717 3600 1791">
    <p class='ocr_par' dir='ltr' id='par_1_76' title="bbox 1943 1717 3600 1791">
     <span class='ocr_line' id='line_1_76' title="bbox 1943 1717 3600 1791; baseline 0.002 -17"><span class='ocrx_word' id='word_1_574' title='bbox 1943 1719 2020 1774; x_wconf 90' lang='lat' dir='ltr'>ad</span> <span class='ocrx_word' id='word_1_575' title='bbox 2047 1723 2245 1791; x_wconf 90' lang='lat' dir='ltr'>partes</span> <span class='ocrx_word' id='word_1_576' title='bbox 2277 1733 2340 1774; x_wconf 88' lang='lat' dir='ltr'>se</span> <span class='ocrx_word' id='word_1_577' title='bbox 2400 1717 2716 1774; x_wconf 83' lang='lat' dir='ltr'>transferat</span> <span class='ocrx_word' id='word_1_578' title='bbox 2753 1717 3170 1774; x_wconf 85' lang='lat' dir='ltr'>insidiatorum</span> <span class='ocrx_word' id='word_1_579' title='bbox 3204 1735 3218 1785; x_wconf 89' lang='lat'><strong>;</strong></span> <span class='ocrx_word' id='word_1_580' title='bbox 3276 1735 3482 1776; x_wconf 90' lang='lat' dir='ltr'>vereor</span> <span class='ocrx_word' id='word_1_581' title='bbox 3523 1737 3600 1777; x_wconf 88' lang='lat' dir='ltr'>ne</span> 
     </span>
    </p>
   </div>
   <div class='ocr_carea' id='block_1_77' title="bbox 1943 1806 3601 1881">
    <p class='ocr_par' dir='ltr' id='par_1_77' title="bbox 1943 1806 3601 1881">
     <span class='ocr_line' id='line_1_77' title="bbox 1943 1806 3601 1881; baseline 0.001 -17"><span class='ocrx_word' id='word_1_582' title='bbox 1943 1808 2329 1864; x_wconf 84' lang='lat' dir='ltr'>obliviscatur</span> <span class='ocrx_word' id='word_1_583' title='bbox 2365 1806 2659 1870; x_wconf 67' lang='lat' dir='ltr'>amicitias,</span> <span class='ocrx_word' id='word_1_584' title='bbox 2694 1806 2993 1873; x_wconf 88' lang='lat' dir='ltr'>laborum,</span> <span class='ocrx_word' id='word_1_585' title='bbox 3021 1809 3441 1875; x_wconf 83' lang='lat' dir='ltr'>certaminum,</span> <span class='ocrx_word' id='word_1_586' title='bbox 3469 1825 3601 1881; x_wconf 67' lang='lat' dir='ltr'>quae</span> 
     </span>
    </p>
   </div>
   <div class='ocr_carea' id='block_1_78' title="bbox 1943 1895 3600 1971">
    <p class='ocr_par' dir='ltr' id='par_1_78' title="bbox 1943 1895 3600 1971">
     <span class='ocr_line' id='line_1_78' title="bbox 1943 1895 3600 1971; baseline 0 -17"><span class='ocrx_word' id='word_1_587' title='bbox 1943 1914 2051 1971; x_wconf 87' lang='lat' dir='ltr'>pro</span> <span class='ocrx_word' id='word_1_588' title='bbox 2083 1898 2312 1954; x_wconf 87' lang='lat' dir='ltr'>Christo</span> <span class='ocrx_word' id='word_1_589' title='bbox 2343 1895 2703 1951; x_wconf 89' lang='lat' dir='ltr'>sustinemus</span> <span class='ocrx_word' id='word_1_590' title='bbox 2734 1902 2790 1952; x_wconf 89' lang='lat' dir='ltr'>et</span> <span class='ocrx_word' id='word_1_591' title='bbox 2837 1896 3115 1952; x_wconf 87' lang='lat' dir='ltr'>Ecclesia.</span> <span class='ocrx_word' id='word_1_592' title='bbox 3159 1900 3290 1952; x_wconf 65' lang='lat' dir='ltr'>Haec</span> <span class='ocrx_word' id='word_1_593' title='bbox 3334 1899 3440 1971; x_wconf 90' lang='lat' dir='ltr'>qui</span> <span class='ocrx_word' id='word_1_594' title='bbox 3469 1915 3600 1970; x_wconf 91' lang='lat' dir='ltr'>pro-</span> 
     </span>
    </p>
   </div>
   <div class='ocr_carea' id='block_1_79' title="bbox 1944 1984 3601 2051">
    <p class='ocr_par' dir='ltr' id='par_1_79' title="bbox 1944 1984 3601 2051">
     <span class='ocr_line' id='line_1_79' title="bbox 1944 1984 3601 2051; baseline 0.001 -9"><span class='ocrx_word' id='word_1_595' title='bbox 1944 1987 2193 2050; x_wconf 88' lang='lat' dir='ltr'>nuntiat,</span> <span class='ocrx_word' id='word_1_596' title='bbox 2223 1990 2277 2040; x_wconf 91' lang='lat' dir='ltr'>et</span> <span class='ocrx_word' id='word_1_597' title='bbox 2303 1987 2502 2040; x_wconf 89' lang='lat' dir='ltr'>metus</span> <span class='ocrx_word' id='word_1_598' title='bbox 2521 1984 2612 2038; x_wconf 84' lang='lat' dir='ltr'>sui</span> <span class='ocrx_word' id='word_1_599' title='bbox 2637 2000 2882 2041; x_wconf 86' lang='lat' dir='ltr'>causam</span> <span class='ocrx_word' id='word_1_600' title='bbox 2909 1986 2992 2041; x_wconf 88' lang='lat' dir='ltr'>sic</span> <span class='ocrx_word' id='word_1_601' title='bbox 3008 1984 3250 2051; x_wconf 82' lang='lat' dir='ltr'>revelat,</span> <span class='ocrx_word' id='word_1_602' title='bbox 3270 2003 3394 2041; x_wconf 90' lang='lat' dir='ltr'>rem</span> <span class='ocrx_word' id='word_1_603' title='bbox 3425 2003 3601 2044; x_wconf 89' lang='lat' dir='ltr'>suam</span> 
     </span>
    </p>
   </div>
   <div class='ocr_carea' id='block_1_80' title="bbox 1943 2072 3602 2142">
    <p class='ocr_par' dir='ltr' id='par_1_80' title="bbox 1943 2072 3602 2142">
     <span class='ocr_line' id='line_1_80' title="bbox 1943 2072 3602 2142; baseline 0 -10"><span class='ocrx_word' id='word_1_604' title='bbox 1943 2077 2064 2142; x_wconf 79' lang='lat' dir='ltr'>agit</span> <span class='ocrx_word' id='word_1_605' title='bbox 2096 2075 2223 2130; x_wconf 92' lang='lat' dir='ltr'>sine</span> <span class='ocrx_word' id='word_1_606' title='bbox 2251 2072 2554 2139; x_wconf 88' lang='lat' dir='ltr'>machina,</span> <span class='ocrx_word' id='word_1_607' title='bbox 2588 2080 2644 2130; x_wconf 88' lang='lat' dir='ltr'>et</span> <span class='ocrx_word' id='word_1_608' title='bbox 2698 2088 2835 2128; x_wconf 91' lang='lat' dir='ltr'>eum</span> <span class='ocrx_word' id='word_1_609' title='bbox 2867 2073 3038 2130; x_wconf 89' lang='lat' dir='ltr'>facile</span> <span class='ocrx_word' id='word_1_610' title='bbox 3081 2074 3308 2130; x_wconf 86' lang='lat' dir='ltr'>reducit</span> <span class='ocrx_word' id='word_1_611' title='bbox 3345 2075 3406 2130; x_wconf 93' lang='lat' dir='ltr'>in</span> <span class='ocrx_word' id='word_1_612' title='bbox 3438 2076 3602 2132; x_wconf 89' lang='lat' dir='ltr'>viam</span> 
     </span>
    </p>
   </div>
   <div class='ocr_carea' id='block_1_81' title="bbox 1944 2161 3602 2236">
    <p class='ocr_par' dir='ltr' id='par_1_81' title="bbox 1944 2161 3602 2236">
     <span class='ocr_line' id='line_1_81' title="bbox 1944 2161 3602 2236; baseline 0.001 -16"><span class='ocrx_word' id='word_1_613' title='bbox 1944 2169 2166 2221; x_wconf 88' lang='lat' dir='ltr'>rectam</span> <span class='ocrx_word' id='word_1_614' title='bbox 2196 2165 2300 2236; x_wconf 87' lang='lat' dir='ltr'>qui</span> <span class='ocrx_word' id='word_1_615' title='bbox 2325 2167 2413 2217; x_wconf 90' lang='lat' dir='ltr'>est</span> <span class='ocrx_word' id='word_1_616' title='bbox 2432 2163 2494 2216; x_wconf 92' lang='lat' dir='ltr'>in</span> <span class='ocrx_word' id='word_1_617' title='bbox 2524 2163 2719 2236; x_wconf 88' lang='lat' dir='ltr'>culpa,</span> <span class='ocrx_word' id='word_1_618' title='bbox 2749 2167 2804 2216; x_wconf 91' lang='lat' dir='ltr'>et</span> <span class='ocrx_word' id='word_1_619' title='bbox 2834 2178 2896 2217; x_wconf 88' lang='lat' dir='ltr'>se</span> <span class='ocrx_word' id='word_1_620' title='bbox 2912 2161 2972 2217; x_wconf 93' lang='lat' dir='ltr'>in</span> <span class='ocrx_word' id='word_1_621' title='bbox 2999 2163 3068 2217; x_wconf 91' lang='lat' dir='ltr'>iis</span> <span class='ocrx_word' id='word_1_622' title='bbox 3099 2177 3268 2234; x_wconf 90' lang='lat' dir='ltr'>spem</span> <span class='ocrx_word' id='word_1_623' title='bbox 3293 2179 3467 2220; x_wconf 90' lang='lat' dir='ltr'>suam</span> <span class='ocrx_word' id='word_1_624' title='bbox 3498 2180 3602 2236; x_wconf 89' lang='lat' dir='ltr'>po-</span> 
     </span>
    </p>
   </div>
   <div class='ocr_carea' id='block_1_82' title="bbox 1945 2251 3602 2326">
    <p class='ocr_par' dir='ltr' id='par_1_82' title="bbox 1945 2251 3602 2326">
     <span class='ocr_line' id='line_1_82' title="bbox 1945 2251 3602 2326; baseline 0.001 -18"><span class='ocrx_word' id='word_1_625' title='bbox 1945 2269 2084 2308; x_wconf 88' lang='lat' dir='ltr'>nere</span> <span class='ocrx_word' id='word_1_626' title='bbox 2113 2251 2401 2322; x_wconf 85' lang='lat' dir='ltr'>agnoscit,</span> <span class='ocrx_word' id='word_1_627' title='bbox 2456 2267 2610 2324; x_wconf 91' lang='lat' dir='ltr'>quos</span> <span class='ocrx_word' id='word_1_628' title='bbox 2650 2251 2904 2306; x_wconf 89' lang='lat' dir='ltr'>advocat</span> <span class='ocrx_word' id='word_1_629' title='bbox 2942 2251 3002 2306; x_wconf 90' lang='lat' dir='ltr'>in</span> <span class='ocrx_word' id='word_1_630' title='bbox 3025 2251 3332 2306; x_wconf 84' lang='lat' dir='ltr'>auxilium.</span> <span class='ocrx_word' id='word_1_631' title='bbox 3393 2253 3460 2309; x_wconf 80' lang='lat' dir='ltr'>At</span> <span class='ocrx_word' id='word_1_632' title='bbox 3497 2253 3602 2326; x_wconf 86' lang='lat' dir='ltr'>qui</span> 
     </span>
    </p>
   </div>
   <div class='ocr_carea' id='block_1_83' title="bbox 1944 2340 3602 2412">
    <p class='ocr_par' dir='ltr' id='par_1_83' title="bbox 1944 2340 3602 2412">
     <span class='ocr_line' id='line_1_83' title="bbox 1944 2340 3602 2412; baseline -0.001 -14"><span class='ocrx_word' id='word_1_633' title='bbox 1944 2358 2188 2398; x_wconf 89' lang='lat' dir='ltr'>scenam</span> <span class='ocrx_word' id='word_1_634' title='bbox 2215 2342 2435 2406; x_wconf 87' lang='lat' dir='ltr'>statuit,</span> <span class='ocrx_word' id='word_1_635' title='bbox 2465 2346 2521 2397; x_wconf 89' lang='lat' dir='ltr'>et</span> <span class='ocrx_word' id='word_1_636' title='bbox 2553 2341 2612 2396; x_wconf 91' lang='lat' dir='ltr'>in</span> <span class='ocrx_word' id='word_1_637' title='bbox 2659 2340 2822 2397; x_wconf 88' lang='lat' dir='ltr'>illam</span> <span class='ocrx_word' id='word_1_638' title='bbox 2855 2340 3178 2396; x_wconf 86' lang='lat' dir='ltr'>introducit</span> <span class='ocrx_word' id='word_1_639' title='bbox 3207 2347 3464 2407; x_wconf 77' lang='lat' dir='ltr'>actores,</span> <span class='ocrx_word' id='word_1_640' title='bbox 3497 2341 3602 2412; x_wconf 89' lang='lat' dir='ltr'>qui</span> 
     </span>
    </p>
   </div>
   <div class='ocr_carea' id='block_1_84' title="bbox 1943 2429 3603 2504">
    <p class='ocr_par' dir='ltr' id='par_1_84' title="bbox 1943 2429 3603 2504">
     <span class='ocr_line' id='line_1_84' title="bbox 1943 2429 3603 2504; baseline -0.002 -16"><span class='ocrx_word' id='word_1_641' title='bbox 1943 2447 2232 2504; x_wconf 88' lang='lat' dir='ltr'>personas</span> <span class='ocrx_word' id='word_1_642' title='bbox 2251 2430 2581 2486; x_wconf 87' lang='lat' dir='ltr'>maledictis</span> <span class='ocrx_word' id='word_1_643' title='bbox 2597 2430 2917 2493; x_wconf 89' lang='lat' dir='ltr'>incessant,</span> <span class='ocrx_word' id='word_1_644' title='bbox 2941 2445 3048 2500; x_wconf 91' lang='lat' dir='ltr'>pro</span> <span class='ocrx_word' id='word_1_645' title='bbox 3074 2443 3254 2484; x_wconf 87' lang='lat' dir='ltr'>scena</span> <span class='ocrx_word' id='word_1_646' title='bbox 3267 2444 3451 2500; x_wconf 89' lang='lat' dir='ltr'>quam</span> <span class='ocrx_word' id='word_1_647' title='bbox 3471 2429 3603 2485; x_wconf 85' lang='lat' dir='ltr'>aliis</span> 
     </span>
    </p>
   </div>
   <div class='ocr_carea' id='block_1_85' title="bbox 1944 2517 3606 2590">
    <p class='ocr_par' dir='ltr' id='par_1_85' title="bbox 1944 2517 3606 2590">
     <span class='ocr_line' id='line_1_85' title="bbox 1944 2517 3606 2590; baseline -0.001 -14"><span class='ocrx_word' id='word_1_648' title='bbox 1944 2521 2278 2584; x_wconf 85' lang='lat' dir='ltr'>adornavit,</span> <span class='ocrx_word' id='word_1_649' title='bbox 2303 2535 2430 2574; x_wconf 88' lang='lat' dir='ltr'>sese</span> <span class='ocrx_word' id='word_1_650' title='bbox 2458 2519 2648 2574; x_wconf 89' lang='lat' dir='ltr'>induit</span> <span class='ocrx_word' id='word_1_651' title='bbox 2677 2518 2737 2573; x_wconf 94' lang='lat' dir='ltr'>in</span> <span class='ocrx_word' id='word_1_652' title='bbox 2768 2517 3200 2589; x_wconf 87' lang='lat' dir='ltr'>labyrinthum,</span> <span class='ocrx_word' id='word_1_653' title='bbox 3232 2517 3411 2582; x_wconf 90' lang='lat' dir='ltr'>unde,</span> <span class='ocrx_word' id='word_1_654' title='bbox 3440 2518 3606 2590; x_wconf 90' lang='lat' dir='ltr'>quod</span> 
     </span>
    </p>
   </div>
   <div class='ocr_carea' id='block_1_86' title="bbox 1944 2605 3605 2680">
    <p class='ocr_par' dir='ltr' id='par_1_86' title="bbox 1944 2605 3605 2680">
     <span class='ocr_line' id='line_1_86' title="bbox 1944 2605 3605 2680; baseline -0.001 -16"><span class='ocrx_word' id='word_1_655' title='bbox 1944 2608 2116 2664; x_wconf 87' lang='lat' dir='ltr'>facile</span> <span class='ocrx_word' id='word_1_656' title='bbox 2141 2611 2409 2680; x_wconf 89' lang='lat' dir='ltr'>apparet,</span> <span class='ocrx_word' id='word_1_657' title='bbox 2451 2622 2572 2662; x_wconf 91' lang='lat' dir='ltr'>non</span> <span class='ocrx_word' id='word_1_658' title='bbox 2603 2606 2734 2662; x_wconf 87' lang='lat' dir='ltr'>licet</span> <span class='ocrx_word' id='word_1_659' title='bbox 2764 2605 3073 2676; x_wconf 86' lang='lat' dir='ltr'>extricari;</span> <span class='ocrx_word' id='word_1_660' title='bbox 3107 2605 3212 2661; x_wconf 89' lang='lat' dir='ltr'>sed</span> <span class='ocrx_word' id='word_1_661' title='bbox 3238 2621 3275 2661; x_wconf 88' lang='lat' dir='ltr'>a</span> <span class='ocrx_word' id='word_1_662' title='bbox 3302 2613 3605 2679; x_wconf 89' lang='lat' dir='ltr'>quaparte</span> 
     </span>
    </p>
   </div>
   <div class='ocr_carea' id='block_1_87' title="bbox 1944 2694 3607 2770">
    <p class='ocr_par' dir='ltr' id='par_1_87' title="bbox 1944 2694 3607 2770">
     <span class='ocr_line' id='line_1_87' title="bbox 1944 2694 3607 2770; baseline -0.002 -17"><span class='ocrx_word' id='word_1_663' title='bbox 1944 2699 2079 2770; x_wconf 89' lang='lat' dir='ltr'>quis</span> <span class='ocrx_word' id='word_1_664' title='bbox 2131 2697 2474 2769; x_wconf 88' lang='lat' dir='ltr'>prospicere</span> <span class='ocrx_word' id='word_1_665' title='bbox 2515 2695 2845 2760; x_wconf 87' lang='lat' dir='ltr'>tentaverit,</span> <span class='ocrx_word' id='word_1_666' title='bbox 2878 2699 3152 2750; x_wconf 88' lang='lat' dir='ltr'>occursat</span> <span class='ocrx_word' id='word_1_667' title='bbox 3183 2694 3236 2750; x_wconf 90' lang='lat' dir='ltr'>ei</span> <span class='ocrx_word' id='word_1_668' title='bbox 3284 2694 3607 2766; x_wconf 84' lang='lat' dir='ltr'>labyrinthi</span> 
     </span>
    </p>
   </div>
   <div class='ocr_carea' id='block_1_88' title="bbox 1948 2784 3602 2860">
    <p class='ocr_par' dir='ltr' id='par_1_88' title="bbox 1948 2784 3602 2860">
     <span class='ocr_line' id='line_1_88' title="bbox 1948 2784 3602 2860; baseline -0.002 -18"><span class='ocrx_word' id='word_1_669' title='bbox 1948 2793 2228 2860; x_wconf 87' lang='lat' dir='ltr'>paratura</span> <span class='ocrx_word' id='word_1_670' title='bbox 2256 2805 2268 2854; x_wconf 91' lang='lat'><strong>;</strong></span> <span class='ocrx_word' id='word_1_671' title='bbox 2303 2791 2368 2840; x_wconf 88' lang='lat' dir='ltr'>ut</span> <span class='ocrx_word' id='word_1_672' title='bbox 2388 2784 2464 2840; x_wconf 88' lang='lat' dir='ltr'>ad</span> <span class='ocrx_word' id='word_1_673' title='bbox 2497 2800 2587 2850; x_wconf 90' lang='lat' dir='ltr'>ea,</span> <span class='ocrx_word' id='word_1_674' title='bbox 2615 2800 2751 2856; x_wconf 66' lang='lat' dir='ltr'>quas</span> <span class='ocrx_word' id='word_1_675' title='bbox 2773 2784 2955 2840; x_wconf 87' lang='lat' dir='ltr'>allata</span> <span class='ocrx_word' id='word_1_676' title='bbox 2975 2789 3132 2848; x_wconf 90' lang='lat' dir='ltr'>sunt,</span> <span class='ocrx_word' id='word_1_677' title='bbox 3165 2799 3285 2838; x_wconf 89' lang='lat' dir='ltr'>non</span> <span class='ocrx_word' id='word_1_678' title='bbox 3309 2784 3602 2850; x_wconf 87' lang='lat' dir='ltr'>attendas,</span> 
     </span>
    </p>
   </div>
   <div class='ocr_carea' id='block_1_89' title="bbox 1945 2871 3602 2943">
    <p class='ocr_par' dir='ltr' id='par_1_89' title="bbox 1945 2871 3602 2943">
     <span class='ocr_line' id='line_1_89' title="bbox 1945 2871 3602 2943; baseline -0.001 -13"><span class='ocrx_word' id='word_1_679' title='bbox 1945 2877 1994 2930; x_wconf 90' lang='lat' dir='ltr'>si</span> <span class='ocrx_word' id='word_1_680' title='bbox 2007 2876 2206 2931; x_wconf 90' lang='lat' dir='ltr'>adhuc</span> <span class='ocrx_word' id='word_1_681' title='bbox 2227 2890 2386 2930; x_wconf 93' lang='lat' dir='ltr'>nunc</span> <span class='ocrx_word' id='word_1_682' title='bbox 2401 2873 2724 2930; x_wconf 87' lang='lat' dir='ltr'>amicitiam</span> <span class='ocrx_word' id='word_1_683' title='bbox 2737 2872 3114 2938; x_wconf 84' lang='lat' dir='ltr'>reformides,</span> <span class='ocrx_word' id='word_1_684' title='bbox 3137 2871 3283 2943; x_wconf 90' lang='lat' dir='ltr'>quid</span> <span class='ocrx_word' id='word_1_685' title='bbox 3303 2888 3422 2929; x_wconf 91' lang='lat' dir='ltr'>non</span> <span class='ocrx_word' id='word_1_686' title='bbox 3438 2873 3602 2928; x_wconf 89' lang='lat' dir='ltr'>illam</span> 
     </span>
    </p>
   </div>
   <div class='ocr_carea' id='block_1_90' title="bbox 1945 2961 3605 3038">
    <p class='ocr_par' dir='ltr' id='par_1_90' title="bbox 1945 2961 3605 3038">
     <span class='ocr_line' id='line_1_90' title="bbox 1945 2961 3605 3038; baseline -0.002 -18"><span class='ocrx_word' id='word_1_687' title='bbox 1945 2966 2178 3038; x_wconf 88' lang='lat' dir='ltr'>abjicis,</span> <span class='ocrx_word' id='word_1_688' title='bbox 2206 2979 2340 3036; x_wconf 68' lang='lat' dir='ltr'>qum</span> <span class='ocrx_word' id='word_1_689' title='bbox 2366 2964 2448 3018; x_wconf 91' lang='lat' dir='ltr'>sic</span> <span class='ocrx_word' id='word_1_690' title='bbox 2473 2968 2524 3018; x_wconf 91' lang='lat' dir='ltr'>te</span> <span class='ocrx_word' id='word_1_691' title='bbox 2547 2967 2847 3034; x_wconf 89' lang='lat' dir='ltr'>pertotam</span> <span class='ocrx_word' id='word_1_692' title='bbox 2868 2966 3032 3016; x_wconf 89' lang='lat' dir='ltr'>tuam</span> <span class='ocrx_word' id='word_1_693' title='bbox 3048 2961 3228 3016; x_wconf 89' lang='lat' dir='ltr'>vitam</span> <span class='ocrx_word' id='word_1_694' title='bbox 3248 2961 3605 3031; x_wconf 78' lang='lat' dir='ltr'>exagitanda</span> 
     </span>
    </p>
   </div>
   <div class='ocr_carea' id='block_1_91' title="bbox 1945 3049 3604 3122">
    <p class='ocr_par' dir='ltr' id='par_1_91' title="bbox 1945 3049 3604 3122">
     <span class='ocr_line' id='line_1_91' title="bbox 1945 3049 3604 3122; baseline -0.002 -12"><span class='ocrx_word' id='word_1_695' title='bbox 1945 3053 2173 3110; x_wconf 89' lang='lat' dir='ltr'>deludit</span> <span class='ocrx_word' id='word_1_696' title='bbox 2197 3051 2404 3120; x_wconf 66' lang='lat' dir='ltr'>iQuod</span> <span class='ocrx_word' id='word_1_697' title='bbox 2440 3051 2486 3106; x_wconf 89' lang='lat' dir='ltr'>si</span> <span class='ocrx_word' id='word_1_698' title='bbox 2514 3050 2842 3122; x_wconf 89' lang='lat' dir='ltr'>aliquando</span> <span class='ocrx_word' id='word_1_699' title='bbox 2869 3049 3242 3116; x_wconf 84' lang='lat' dir='ltr'>conﬁdebas,</span> <span class='ocrx_word' id='word_1_700' title='bbox 3272 3066 3377 3104; x_wconf 90' lang='lat' dir='ltr'>cur</span> <span class='ocrx_word' id='word_1_701' title='bbox 3401 3065 3522 3106; x_wconf 89' lang='lat' dir='ltr'>non</span> <span class='ocrx_word' id='word_1_702' title='bbox 3546 3053 3604 3106; x_wconf 85' lang='lat' dir='ltr'>te</span> 
     </span>
    </p>
   </div>
   <div class='ocr_carea' id='block_1_92' title="bbox 1946 3137 3605 3214">
    <p class='ocr_par' dir='ltr' id='par_1_92' title="bbox 1946 3137 3605 3214">
     <span class='ocr_line' id='line_1_92' title="bbox 1946 3137 3605 3214; baseline -0.002 -16"><span class='ocrx_word' id='word_1_703' title='bbox 1946 3144 2006 3198; x_wconf 91' lang='lat' dir='ltr'>in</span> <span class='ocrx_word' id='word_1_704' title='bbox 2039 3139 2340 3214; x_wconf 76' lang='lat' dir='ltr'>praesenti,</span> <span class='ocrx_word' id='word_1_705' title='bbox 2376 3156 2482 3212; x_wconf 92' lang='lat' dir='ltr'>per</span> <span class='ocrx_word' id='word_1_706' title='bbox 2512 3145 2733 3194; x_wconf 90' lang='lat' dir='ltr'>statum</span> <span class='ocrx_word' id='word_1_707' title='bbox 2775 3155 2916 3194; x_wconf 91' lang='lat' dir='ltr'>eum</span> <span class='ocrx_word' id='word_1_708' title='bbox 2955 3139 3058 3210; x_wconf 90' lang='lat' dir='ltr'>qui</span> <span class='ocrx_word' id='word_1_709' title='bbox 3088 3143 3180 3194; x_wconf 90' lang='lat' dir='ltr'>est</span> <span class='ocrx_word' id='word_1_710' title='bbox 3203 3143 3260 3193; x_wconf 90' lang='lat' dir='ltr'>et</span> <span class='ocrx_word' id='word_1_711' title='bbox 3299 3139 3373 3193; x_wconf 93' lang='lat' dir='ltr'>de</span> <span class='ocrx_word' id='word_1_712' title='bbox 3405 3137 3605 3195; x_wconf 85' lang='lat' dir='ltr'>futuro</span> 
     </span>
    </p>
   </div>
   <div class='ocr_carea' id='block_1_93' title="bbox 1947 3227 3602 3302">
    <p class='ocr_par' dir='ltr' id='par_1_93' title="bbox 1947 3227 3602 3302">
     <span class='ocr_line' id='line_1_93' title="bbox 1947 3227 3602 3302; baseline -0.002 -15"><span class='ocrx_word' id='word_1_713' title='bbox 1947 3232 2048 3287; x_wconf 90' lang='lat' dir='ltr'>tibi</span> <span class='ocrx_word' id='word_1_714' title='bbox 2077 3229 2334 3302; x_wconf 88' lang='lat' dir='ltr'>acquiris</span> <span class='ocrx_word' id='word_1_715' title='bbox 2354 3229 2773 3285; x_wconf 83' lang='lat' dir='ltr'>securitatem?</span> <span class='ocrx_word' id='word_1_716' title='bbox 2793 3227 2905 3284; x_wconf 88' lang='lat' dir='ltr'>Sed</span> <span class='ocrx_word' id='word_1_717' title='bbox 2922 3229 2996 3282; x_wconf 88' lang='lat' dir='ltr'>de</span> <span class='ocrx_word' id='word_1_718' title='bbox 3009 3228 3188 3282; x_wconf 89' lang='lat' dir='ltr'>rebus</span> <span class='ocrx_word' id='word_1_719' title='bbox 3214 3228 3602 3299; x_wconf 68' lang='lat' dir='ltr'>prmsentibus</span> 
     </span>
    </p>
   </div>
   <div class='ocr_carea' id='block_1_94' title="bbox 1948 3315 3604 3391">
    <p class='ocr_par' dir='ltr' id='par_1_94' title="bbox 1948 3315 3604 3391">
     <span class='ocr_line' id='line_1_94' title="bbox 1948 3315 3604 3391; baseline -0.002 -15"><span class='ocrx_word' id='word_1_720' title='bbox 1948 3322 2190 3376; x_wconf 91' lang='lat' dir='ltr'>minime</span> <span class='ocrx_word' id='word_1_721' title='bbox 2216 3319 2459 3388; x_wconf 69' lang='lat' dir='ltr'>laetaris,</span> <span class='ocrx_word' id='word_1_722' title='bbox 2487 3335 2622 3391; x_wconf 64' lang='lat' dir='ltr'>quas</span> <span class='ocrx_word' id='word_1_723' title='bbox 2655 3319 2978 3390; x_wconf 87' lang='lat' dir='ltr'>suspicaris</span> <span class='ocrx_word' id='word_1_724' title='bbox 3032 3316 3254 3382; x_wconf 84' lang='lat' dir='ltr'>futura,</span> <span class='ocrx_word' id='word_1_725' title='bbox 3288 3332 3407 3372; x_wconf 90' lang='lat' dir='ltr'>non</span> <span class='ocrx_word' id='word_1_726' title='bbox 3439 3315 3604 3373; x_wconf 85' lang='lat' dir='ltr'>aliter</span> 
     </span>
    </p>
   </div>
   <div class='ocr_carea' id='block_1_95' title="bbox 1944 3405 3604 3483">
    <p class='ocr_par' dir='ltr' id='par_1_95' title="bbox 1944 3405 3604 3483">
     <span class='ocr_line' id='line_1_95' title="bbox 1944 3405 3604 3483; baseline -0.001 -18"><span class='ocrx_word' id='word_1_727' title='bbox 1944 3411 2356 3483; x_wconf 83' lang='lat' dir='ltr'>gemis,quam</span> <span class='ocrx_word' id='word_1_728' title='bbox 2383 3409 2429 3464; x_wconf 91' lang='lat' dir='ltr'>si</span> <span class='ocrx_word' id='word_1_729' title='bbox 2461 3409 2673 3464; x_wconf 90' lang='lat' dir='ltr'>iisdem</span> <span class='ocrx_word' id='word_1_730' title='bbox 2688 3407 3040 3463; x_wconf 88' lang='lat' dir='ltr'>constrictus</span> <span class='ocrx_word' id='word_1_731' title='bbox 3056 3405 3359 3462; x_wconf 87' lang='lat' dir='ltr'>tenereris.</span> <span class='ocrx_word' id='word_1_732' title='bbox 3392 3405 3604 3463; x_wconf 80' lang='lat' dir='ltr'>Adhuc</span> 
     </span>
    </p>
   </div>
   <div class='ocr_carea' id='block_1_96' title="bbox 1944 3497 3604 3570">
    <p class='ocr_par' dir='ltr' id='par_1_96' title="bbox 1944 3497 3604 3570">
     <span class='ocr_line' id='line_1_96' title="bbox 1944 3497 3604 3570; baseline -0.004 -14"><span class='ocrx_word' id='word_1_733' title='bbox 1944 3500 2137 3570; x_wconf 88' lang='lat' dir='ltr'>magis</span> <span class='ocrx_word' id='word_1_734' title='bbox 2169 3505 2220 3554; x_wconf 92' lang='lat' dir='ltr'>te</span> <span class='ocrx_word' id='word_1_735' title='bbox 2251 3502 2488 3554; x_wconf 87' lang='lat' dir='ltr'>accuset</span> <span class='ocrx_word' id='word_1_736' title='bbox 2517 3497 2730 3569; x_wconf 85' lang='lat' dir='ltr'>aliquis</span> <span class='ocrx_word' id='word_1_737' title='bbox 2752 3497 2825 3568; x_wconf 92' lang='lat' dir='ltr'>(is</span> <span class='ocrx_word' id='word_1_738' title='bbox 2851 3497 3011 3551; x_wconf 91' lang='lat' dir='ltr'>enim</span> <span class='ocrx_word' id='word_1_739' title='bbox 3045 3499 3281 3564; x_wconf 88' lang='lat' dir='ltr'>egomet</span> <span class='ocrx_word' id='word_1_740' title='bbox 3321 3509 3441 3550; x_wconf 90' lang='lat' dir='ltr'>non</span> <span class='ocrx_word' id='word_1_741' title='bbox 3469 3511 3604 3566; x_wconf 89' lang='lat' dir='ltr'>pro-</span> 
     </span>
    </p>
   </div>
   <div class='ocr_carea' id='block_1_97' title="bbox 1939 3584 3605 3659">
    <p class='ocr_par' dir='ltr' id='par_1_97' title="bbox 1939 3584 3605 3659">
     <span class='ocr_line' id='line_1_97' title="bbox 1939 3584 3605 3659; baseline -0.004 -14"><span class='ocrx_word' id='word_1_742' title='bbox 1939 3592 2111 3646; x_wconf 88' lang='lat' dir='ltr'>ﬁteor</span> <span class='ocrx_word' id='word_1_743' title='bbox 2139 3588 2290 3656; x_wconf 88' lang='lat' dir='ltr'>esse)</span> <span class='ocrx_word' id='word_1_744' title='bbox 2339 3587 2500 3659; x_wconf 92' lang='lat' dir='ltr'>quod</span> <span class='ocrx_word' id='word_1_745' title='bbox 2570 3592 2874 3656; x_wconf 88' lang='lat' dir='ltr'>utcunque</span> <span class='ocrx_word' id='word_1_746' title='bbox 2923 3599 3046 3639; x_wconf 93' lang='lat' dir='ltr'>non</span> <span class='ocrx_word' id='word_1_747' title='bbox 3075 3584 3257 3639; x_wconf 87' lang='lat' dir='ltr'>verbo</span> <span class='ocrx_word' id='word_1_748' title='bbox 3288 3599 3350 3639; x_wconf 89' lang='lat' dir='ltr'>re</span> <span class='ocrx_word' id='word_1_749' title='bbox 3400 3588 3605 3639; x_wconf 86' lang='lat' dir='ltr'>tamen</span> 
     </span>
    </p>
   </div>
   <div class='ocr_carea' id='block_1_98' title="bbox 1939 3672 3607 3750">
    <p class='ocr_par' dir='ltr' id='par_1_98' title="bbox 1939 3672 3607 3750">
     <span class='ocr_line' id='line_1_98' title="bbox 1939 3672 3607 3750; baseline -0.002 -17"><span class='ocrx_word' id='word_1_750' title='bbox 1939 3680 2071 3750; x_wconf 88' lang='lat' dir='ltr'>ipsa</span> <span class='ocrx_word' id='word_1_751' title='bbox 2106 3676 2420 3749; x_wconf 88' lang='lat' dir='ltr'>proﬁteris,</span> <span class='ocrx_word' id='word_1_752' title='bbox 2448 3691 2518 3730; x_wconf 87' lang='lat' dir='ltr'>ex</span> <span class='ocrx_word' id='word_1_753' title='bbox 2550 3675 2622 3730; x_wconf 90' lang='lat' dir='ltr'>iis</span> <span class='ocrx_word' id='word_1_754' title='bbox 2653 3689 2788 3747; x_wconf 70' lang='lat' dir='ltr'>quas</span> <span class='ocrx_word' id='word_1_755' title='bbox 2820 3679 3072 3728; x_wconf 90' lang='lat' dir='ltr'>ventura</span> <span class='ocrx_word' id='word_1_756' title='bbox 3130 3678 3290 3737; x_wconf 91' lang='lat' dir='ltr'>sunt,</span> <span class='ocrx_word' id='word_1_757' title='bbox 3343 3672 3507 3746; x_wconf 92' lang='lat' dir='ltr'>quod</span> <span class='ocrx_word' id='word_1_758' title='bbox 3549 3677 3607 3729; x_wconf 90' lang='lat' dir='ltr'>et</span> 
     </span>
    </p>
   </div>
   <div class='ocr_carea' id='block_1_99' title="bbox 1939 3761 3604 3836">
    <p class='ocr_par' dir='ltr' id='par_1_99' title="bbox 1939 3761 3604 3836">
     <span class='ocr_line' id='line_1_99' title="bbox 1939 3761 3604 3836; baseline -0.004 -12"><span class='ocrx_word' id='word_1_759' title='bbox 1939 3767 2318 3830; x_wconf 87' lang='lat' dir='ltr'>conturbant,</span> <span class='ocrx_word' id='word_1_760' title='bbox 2343 3771 2397 3820; x_wconf 91' lang='lat' dir='ltr'>te</span> <span class='ocrx_word' id='word_1_761' title='bbox 2427 3781 2502 3819; x_wconf 89' lang='lat' dir='ltr'>ne</span> <span class='ocrx_word' id='word_1_762' title='bbox 2532 3763 2776 3836; x_wconf 88' lang='lat' dir='ltr'>quidem</span> <span class='ocrx_word' id='word_1_763' title='bbox 2809 3762 3206 3835; x_wconf 63' lang='lat' dir='ltr'>praesentibus</span> <span class='ocrx_word' id='word_1_764' title='bbox 3229 3761 3511 3818; x_wconf 87' lang='lat' dir='ltr'>adhibere</span> <span class='ocrx_word' id='word_1_765' title='bbox 3531 3763 3604 3818; x_wconf 87' lang='lat' dir='ltr'>ﬁ-</span> 
     </span>
    </p>
   </div>
   <div class='ocr_carea' id='block_1_100' title="bbox 1940 3851 3591 3921">
    <p class='ocr_par' dir='ltr' id='par_1_100' title="bbox 1940 3851 3591 3921">
     <span class='ocr_line' id='line_1_100' title="bbox 1940 3851 3591 3921; baseline -0.002 -11"><span class='ocrx_word' id='word_1_766' title='bbox 1940 3857 2098 3910; x_wconf 91' lang='lat' dir='ltr'>dem.</span> <span class='ocrx_word' id='word_1_767' title='bbox 2131 3857 2212 3909; x_wconf 83' lang='lat' dir='ltr'>Tu</span> <span class='ocrx_word' id='word_1_768' title='bbox 2233 3859 2452 3919; x_wconf 90' lang='lat' dir='ltr'>autem,</span> <span class='ocrx_word' id='word_1_769' title='bbox 2470 3853 2660 3908; x_wconf 86' lang='lat' dir='ltr'>amice</span> <span class='ocrx_word' id='word_1_770' title='bbox 2691 3851 2790 3915; x_wconf 91' lang='lat' dir='ltr'>mi,</span> <span class='ocrx_word' id='word_1_771' title='bbox 2823 3867 2958 3921; x_wconf 65' lang='lat' dir='ltr'>quas</span> <span class='ocrx_word' id='word_1_772' title='bbox 2976 3867 3118 3905; x_wconf 90' lang='lat' dir='ltr'>ame</span> <span class='ocrx_word' id='word_1_773' title='bbox 3137 3851 3434 3916; x_wconf 89' lang='lat' dir='ltr'>dicuntur,</span> <span class='ocrx_word' id='word_1_774' title='bbox 3453 3851 3591 3908; x_wconf 88' lang='lat' dir='ltr'>sim-</span> 
     </span>
    </p>
   </div>
   <div class='ocr_carea' id='block_1_101' title="bbox 1941 3938 3597 4017">
    <p class='ocr_par' dir='ltr' id='par_1_101' title="bbox 1941 3938 3597 4017">
     <span class='ocr_line' id='line_1_101' title="bbox 1941 3938 3597 4017; baseline -0.004 -18"><span class='ocrx_word' id='word_1_775' title='bbox 1941 3943 2170 4017; x_wconf 90' lang='lat' dir='ltr'>pliciter</span> <span class='ocrx_word' id='word_1_776' title='bbox 2198 3947 2257 3996; x_wconf 89' lang='lat' dir='ltr'>et</span> <span class='ocrx_word' id='word_1_777' title='bbox 2286 3946 2486 4012; x_wconf 88' lang='lat' dir='ltr'>aperte</span> <span class='ocrx_word' id='word_1_778' title='bbox 2516 3939 2690 3994; x_wconf 89' lang='lat' dir='ltr'>velim</span> <span class='ocrx_word' id='word_1_779' title='bbox 2726 3938 3065 3992; x_wconf 84' lang='lat' dir='ltr'>consideres</span> <span class='ocrx_word' id='word_1_780' title='bbox 3096 3953 3110 4002; x_wconf 89' lang='lat'><strong>;</strong></span> <span class='ocrx_word' id='word_1_781' title='bbox 3168 3953 3289 3992; x_wconf 92' lang='lat' dir='ltr'>non</span> <span class='ocrx_word' id='word_1_782' title='bbox 3320 3939 3597 4008; x_wconf 84' lang='lat' dir='ltr'>permitto</span> 
     </span>
    </p>
   </div>
   <div class='ocr_carea' id='block_1_102' title="bbox 1940 4024 3594 4102">
    <p class='ocr_par' dir='ltr' id='par_1_102' title="bbox 1940 4024 3594 4102">
     <span class='ocr_line' id='line_1_102' title="bbox 1940 4024 3594 4102; baseline -0.005 -13"><span class='ocrx_word' id='word_1_783' title='bbox 1940 4040 1994 4090; x_wconf 88' lang='lat' dir='ltr'>te</span> <span class='ocrx_word' id='word_1_784' title='bbox 2022 4039 2184 4087; x_wconf 89' lang='lat' dir='ltr'>tuam</span> <span class='ocrx_word' id='word_1_785' title='bbox 2200 4029 2450 4102; x_wconf 90' lang='lat' dir='ltr'>prodere</span> <span class='ocrx_word' id='word_1_786' title='bbox 2471 4027 2881 4098; x_wconf 87' lang='lat' dir='ltr'>margaritam,</span> <span class='ocrx_word' id='word_1_787' title='bbox 2906 4041 3042 4096; x_wconf 68' lang='lat' dir='ltr'>quae</span> <span class='ocrx_word' id='word_1_788' title='bbox 3060 4028 3262 4080; x_wconf 90' lang='lat' dir='ltr'>tamen</span> <span class='ocrx_word' id='word_1_789' title='bbox 3279 4024 3448 4080; x_wconf 85' lang='lat' dir='ltr'>facile</span> <span class='ocrx_word' id='word_1_790' title='bbox 3465 4041 3594 4097; x_wconf 91' lang='lat' dir='ltr'>pro-</span> 
     </span>
    </p>
   </div>
   <div class='ocr_carea' id='block_1_103' title="bbox 1939 4113 3574 4192">
    <p class='ocr_par' dir='ltr' id='par_1_103' title="bbox 1939 4113 3574 4192">
     <span class='ocr_line' id='line_1_103' title="bbox 1939 4113 3574 4192; baseline -0.004 -15"><span class='ocrx_word' id='word_1_791' title='bbox 1939 4122 2000 4177; x_wconf 92' lang='lat' dir='ltr'>di</span> <span class='ocrx_word' id='word_1_792' title='bbox 2031 4136 2152 4176; x_wconf 94' lang='lat' dir='ltr'>non</span> <span class='ocrx_word' id='word_1_793' title='bbox 2183 4122 2379 4192; x_wconf 88' lang='lat' dir='ltr'>potest</span> <span class='ocrx_word' id='word_1_794' title='bbox 2412 4134 2425 4184; x_wconf 91' lang='lat'>;</span> <span class='ocrx_word' id='word_1_795' title='bbox 2454 4121 2544 4173; x_wconf 92' lang='lat' dir='ltr'>est</span> <span class='ocrx_word' id='word_1_796' title='bbox 2572 4117 2700 4172; x_wconf 69' lang='lat' dir='ltr'>haec</span> <span class='ocrx_word' id='word_1_797' title='bbox 2731 4119 2866 4170; x_wconf 89' lang='lat' dir='ltr'>ante</span> <span class='ocrx_word' id='word_1_798' title='bbox 2891 4113 3053 4169; x_wconf 87' lang='lat' dir='ltr'>illam</span> <span class='ocrx_word' id='word_1_799' title='bbox 3075 4113 3340 4168; x_wconf 88' lang='lat' dir='ltr'>acerbior</span> <span class='ocrx_word' id='word_1_800' title='bbox 3368 4119 3426 4169; x_wconf 88' lang='lat' dir='ltr'>et</span> <span class='ocrx_word' id='word_1_801' title='bbox 3464 4129 3574 4186; x_wconf 90' lang='lat' dir='ltr'>pro</span> 
     </span>
    </p>
   </div>
   <div class='ocr_carea' id='block_1_104' title="bbox 1941 4201 3602 4280">
    <p class='ocr_par' dir='ltr' id='par_1_104' title="bbox 1941 4201 3602 4280">
     <span class='ocr_line' id='line_1_104' title="bbox 1941 4201 3602 4280; baseline -0.005 -13"><span class='ocrx_word' id='word_1_802' title='bbox 1941 4211 2128 4267; x_wconf 88' lang='lat' dir='ltr'>funda</span> <span class='ocrx_word' id='word_1_803' title='bbox 2142 4208 2332 4278; x_wconf 91' lang='lat' dir='ltr'>magis</span> <span class='ocrx_word' id='word_1_804' title='bbox 2353 4207 2628 4280; x_wconf 90' lang='lat' dir='ltr'>proditio.</span> <span class='ocrx_word' id='word_1_805' title='bbox 2651 4208 2729 4260; x_wconf 90' lang='lat' dir='ltr'>Ne</span> <span class='ocrx_word' id='word_1_806' title='bbox 2748 4208 2912 4260; x_wconf 91' lang='lat' dir='ltr'>tuam</span> <span class='ocrx_word' id='word_1_807' title='bbox 2931 4202 3155 4276; x_wconf 79' lang='lat' dir='ltr'>prodas</span> <span class='ocrx_word' id='word_1_808' title='bbox 3169 4201 3554 4275; x_wconf 84' lang='lat' dir='ltr'>margaritam</span> <span class='ocrx_word' id='word_1_809' title='bbox 3585 4218 3602 4269; x_wconf 89' lang='lat'>;</span> 
     </span>
    </p>
   </div>
   <div class='ocr_carea' id='block_1_105' title="bbox 1943 4291 3603 4357">
    <p class='ocr_par' dir='ltr' id='par_1_105' title="bbox 1943 4291 3603 4357">
     <span class='ocr_line' id='line_1_105' title="bbox 1943 4291 3603 4357; baseline -0.006 -1"><span class='ocrx_word' id='word_1_810' title='bbox 1943 4301 2050 4356; x_wconf 87' lang='lat' dir='ltr'>sed</span> <span class='ocrx_word' id='word_1_811' title='bbox 2073 4315 2181 4355; x_wconf 91' lang='lat' dir='ltr'>nec</span> <span class='ocrx_word' id='word_1_812' title='bbox 2202 4299 2566 4353; x_wconf 89' lang='lat' dir='ltr'>insensatam</span> <span class='ocrx_word' id='word_1_813' title='bbox 2591 4294 2764 4350; x_wconf 91' lang='lat' dir='ltr'>crede</span> <span class='ocrx_word' id='word_1_814' title='bbox 2781 4293 2870 4348; x_wconf 90' lang='lat' dir='ltr'>vel</span> <span class='ocrx_word' id='word_1_815' title='bbox 2888 4291 3400 4357; x_wconf 89' lang='lat' dir='ltr'>immobilem,nec</span> <span class='ocrx_word' id='word_1_816' title='bbox 3419 4292 3603 4348; x_wconf 87' lang='lat' dir='ltr'>hosti-</span> 
     </span>
    </p>
   </div>
   <div class='ocr_carea' id='block_1_106' title="bbox 1941 4381 3608 4461">
    <p class='ocr_par' dir='ltr' id='par_1_106' title="bbox 1941 4381 3608 4461">
     <span class='ocr_line' id='line_1_106' title="bbox 1941 4381 3608 4461; baseline -0.005 -15"><span class='ocrx_word' id='word_1_817' title='bbox 1941 4390 1979 4446; x_wconf 92' lang='lat' dir='ltr'>li</span> <span class='ocrx_word' id='word_1_818' title='bbox 2013 4387 2330 4461; x_wconf 88' lang='lat' dir='ltr'>direptioni</span> <span class='ocrx_word' id='word_1_819' title='bbox 2349 4387 2681 4458; x_wconf 85' lang='lat' dir='ltr'>expositam</span> <span class='ocrx_word' id='word_1_820' title='bbox 2715 4383 3076 4438; x_wconf 88' lang='lat' dir='ltr'>:amicitiam</span> <span class='ocrx_word' id='word_1_821' title='bbox 3101 4397 3173 4438; x_wconf 92' lang='lat' dir='ltr'>ne</span> <span class='ocrx_word' id='word_1_822' title='bbox 3196 4381 3482 4449; x_wconf 86' lang='lat' dir='ltr'>metuito;</span> <span class='ocrx_word' id='word_1_823' title='bbox 3516 4384 3608 4437; x_wconf 81' lang='lat' dir='ltr'>est</span> 
     </span>
    </p>
   </div>
   <div class='ocr_carea' id='block_1_107' title="bbox 1943 4469 3607 4550">
    <p class='ocr_par' dir='ltr' id='par_1_107' title="bbox 1943 4469 3607 4550">
     <span class='ocr_line' id='line_1_107' title="bbox 1943 4469 3607 4550; baseline -0.006 -15"><span class='ocrx_word' id='word_1_824' title='bbox 1943 4480 2098 4535; x_wconf 92' lang='lat' dir='ltr'>enim</span> <span class='ocrx_word' id='word_1_825' title='bbox 2133 4477 2308 4550; x_wconf 91' lang='lat' dir='ltr'>plane</span> <span class='ocrx_word' id='word_1_826' title='bbox 2349 4473 2495 4529; x_wconf 91' lang='lat' dir='ltr'>illud</span> <span class='ocrx_word' id='word_1_827' title='bbox 2515 4473 2732 4545; x_wconf 89' lang='lat' dir='ltr'>injuria</span> <span class='ocrx_word' id='word_1_828' title='bbox 2756 4470 2852 4528; x_wconf 86' lang='lat' dir='ltr'>vel</span> <span class='ocrx_word' id='word_1_829' title='bbox 2881 4471 3220 4536; x_wconf 87' lang='lat' dir='ltr'>metuentis,</span> <span class='ocrx_word' id='word_1_830' title='bbox 3244 4469 3338 4526; x_wconf 92' lang='lat' dir='ltr'>vel</span> <span class='ocrx_word' id='word_1_831' title='bbox 3359 4470 3441 4542; x_wconf 87' lang='lat' dir='ltr'>de</span> <span class='ocrx_word' id='word_1_832' title='bbox 3471 4469 3607 4543; x_wconf 89' lang='lat' dir='ltr'>qui-</span> 
     </span>
    </p>
   </div>
   <div class='ocr_carea' id='block_1_108' title="bbox 1941 4557 3608 4633">
    <p class='ocr_par' dir='ltr' id='par_1_108' title="bbox 1941 4557 3608 4633">
     <span class='ocr_line' id='line_1_108' title="bbox 1941 4557 3608 4633; baseline -0.007 -8"><span class='ocrx_word' id='word_1_833' title='bbox 1941 4569 2055 4625; x_wconf 91' lang='lat' dir='ltr'>bus</span> <span class='ocrx_word' id='word_1_834' title='bbox 2085 4566 2428 4622; x_wconf 88' lang='lat' dir='ltr'>metuimus.</span> <span class='ocrx_word' id='word_1_835' title='bbox 2463 4562 2845 4633; x_wconf 87' lang='lat' dir='ltr'>Margaritam</span> <span class='ocrx_word' id='word_1_836' title='bbox 2878 4561 3057 4633; x_wconf 90' lang='lat' dir='ltr'>culpa</span> <span class='ocrx_word' id='word_1_837' title='bbox 3079 4559 3301 4626; x_wconf 85' lang='lat' dir='ltr'>eximit,</span> <span class='ocrx_word' id='word_1_838' title='bbox 3333 4559 3499 4632; x_wconf 92' lang='lat' dir='ltr'>quod</span> <span class='ocrx_word' id='word_1_839' title='bbox 3531 4557 3608 4614; x_wconf 88' lang='lat' dir='ltr'>sit</span> 
     </span>
    </p>
   </div>
   <div class='ocr_carea' id='block_1_109' title="bbox 1943 4645 3608 4726">
    <p class='ocr_par' dir='ltr' id='par_1_109' title="bbox 1943 4645 3608 4726">
     <span class='ocr_line' id='line_1_109' title="bbox 1943 4645 3608 4726; baseline -0.007 -12"><span class='ocrx_word' id='word_1_840' title='bbox 1943 4657 2340 4714; x_wconf 87' lang='lat' dir='ltr'>inanimatum</span> <span class='ocrx_word' id='word_1_841' title='bbox 2370 4652 2550 4726; x_wconf 90' lang='lat' dir='ltr'>quid;</span> <span class='ocrx_word' id='word_1_842' title='bbox 2578 4652 2888 4707; x_wconf 84' lang='lat' dir='ltr'>hominem</span> <span class='ocrx_word' id='word_1_843' title='bbox 2920 4649 3064 4704; x_wconf 91' lang='lat' dir='ltr'>nihil</span> <span class='ocrx_word' id='word_1_844' title='bbox 3092 4647 3310 4704; x_wconf 86' lang='lat' dir='ltr'>eximet</span> <span class='ocrx_word' id='word_1_845' title='bbox 3335 4645 3608 4719; x_wconf 87' lang='lat' dir='ltr'>quandiu</span> 
     </span>
    </p>
   </div>
   <div class='ocr_carea' id='block_1_110' title="bbox 1947 4735 3608 4810">
    <p class='ocr_par' dir='ltr' id='par_1_110' title="bbox 1947 4735 3608 4810">
     <span class='ocr_line' id='line_1_110' title="bbox 1947 4735 3608 4810; baseline -0.007 -9"><span class='ocrx_word' id='word_1_846' title='bbox 1947 4750 2148 4802; x_wconf 90' lang='lat' dir='ltr'>manet</span> <span class='ocrx_word' id='word_1_847' title='bbox 2185 4745 2390 4810; x_wconf 89' lang='lat' dir='ltr'>homo,</span> <span class='ocrx_word' id='word_1_848' title='bbox 2417 4747 2473 4797; x_wconf 87' lang='lat' dir='ltr'>et</span> <span class='ocrx_word' id='word_1_849' title='bbox 2501 4740 2784 4796; x_wconf 90' lang='lat' dir='ltr'>dominus</span> <span class='ocrx_word' id='word_1_850' title='bbox 2815 4743 2905 4795; x_wconf 88' lang='lat' dir='ltr'>est</span> <span class='ocrx_word' id='word_1_851' title='bbox 2939 4737 3344 4793; x_wconf 88' lang='lat' dir='ltr'>inclinationis</span> <span class='ocrx_word' id='word_1_852' title='bbox 3377 4751 3500 4791; x_wconf 66' lang='lat' dir='ltr'>sum</span> <span class='ocrx_word' id='word_1_853' title='bbox 3547 4735 3608 4790; x_wconf 90' lang='lat' dir='ltr'>in</span> 
     </span>
    </p>
   </div>
   <div class='ocr_carea' id='block_1_111' title="bbox 1949 4824 3611 4906">
    <p class='ocr_par' dir='ltr' id='par_1_111' title="bbox 1949 4824 3611 4906">
     <span class='ocr_line' id='line_1_111' title="bbox 1949 4824 3611 4906; baseline -0.006 -16"><span class='ocrx_word' id='word_1_854' title='bbox 1949 4842 2265 4906; x_wconf 88' lang='lat' dir='ltr'>utramque</span> <span class='ocrx_word' id='word_1_855' title='bbox 2294 4837 2548 4903; x_wconf 89' lang='lat' dir='ltr'>partem.</span> <span class='ocrx_word' id='word_1_856' title='bbox 2577 4829 2801 4902; x_wconf 88' lang='lat' dir='ltr'>Ecquid</span> <span class='ocrx_word' id='word_1_857' title='bbox 2831 4827 2994 4883; x_wconf 90' lang='lat' dir='ltr'>aliud</span> <span class='ocrx_word' id='word_1_858' title='bbox 3021 4832 3203 4883; x_wconf 86' lang='lat' dir='ltr'>restat</span> <span class='ocrx_word' id='word_1_859' title='bbox 3231 4826 3259 4880; x_wconf 85' lang='lat'><strong>?</strong></span> <span class='ocrx_word' id='word_1_860' title='bbox 3288 4824 3413 4882; x_wconf 87' lang='lat' dir='ltr'>Noli</span> <span class='ocrx_word' id='word_1_861' title='bbox 3444 4839 3611 4880; x_wconf 89' lang='lat' dir='ltr'>acce-</span> 
     </span>
    </p>
   </div>
   <div class='ocr_carea' id='block_1_112' title="bbox 1947 4913 3612 4986">
    <p class='ocr_par' dir='ltr' id='par_1_112' title="bbox 1947 4913 3612 4986">
     <span class='ocr_line' id='line_1_112' title="bbox 1947 4913 3612 4986; baseline -0.006 -6"><span class='ocrx_word' id='word_1_862' title='bbox 1947 4925 2087 4980; x_wconf 89' lang='lat' dir='ltr'>dere</span> <span class='ocrx_word' id='word_1_863' title='bbox 2105 4927 2346 4977; x_wconf 89' lang='lat' dir='ltr'>sanctos</span> <span class='ocrx_word' id='word_1_864' title='bbox 2367 4919 2527 4974; x_wconf 91' lang='lat' dir='ltr'>hunc</span> <span class='ocrx_word' id='word_1_865' title='bbox 2546 4919 2813 4974; x_wconf 89' lang='lat' dir='ltr'>timorem</span> <span class='ocrx_word' id='word_1_866' title='bbox 2831 4915 3210 4971; x_wconf 85' lang='lat' dir='ltr'>intellexisse.</span> <span class='ocrx_word' id='word_1_867' title='bbox 3236 4917 3434 4986; x_wconf 88' lang='lat' dir='ltr'>Nequc</span> <span class='ocrx_word' id='word_1_868' title='bbox 3450 4913 3612 4970; x_wconf 88' lang='lat' dir='ltr'>enim</span> 
     </span>
    </p>
   </div>
   <div class='ocr_carea' id='block_1_113' title="bbox 1947 5001 3610 5079">
    <p class='ocr_par' dir='ltr' id='par_1_113' title="bbox 1947 5001 3610 5079">
     <span class='ocr_line' id='line_1_113' title="bbox 1947 5001 3610 5079; baseline -0.007 -11"><span class='ocrx_word' id='word_1_869' title='bbox 1947 5018 2013 5068; x_wconf 87' lang='lat' dir='ltr'>tu</span> <span class='ocrx_word' id='word_1_870' title='bbox 2045 5012 2157 5066; x_wconf 90' lang='lat' dir='ltr'>hoc</span> <span class='ocrx_word' id='word_1_871' title='bbox 2188 5009 2373 5066; x_wconf 92' lang='lat' dir='ltr'>modo</span> <span class='ocrx_word' id='word_1_872' title='bbox 2403 5025 2440 5064; x_wconf 86' lang='lat' dir='ltr'>a</span> <span class='ocrx_word' id='word_1_873' title='bbox 2482 5005 2940 5079; x_wconf 87' lang='lat' dir='ltr'>reprehensione</span> <span class='ocrx_word' id='word_1_874' title='bbox 2993 5004 3280 5059; x_wconf 89' lang='lat' dir='ltr'>immunis</span> <span class='ocrx_word' id='word_1_875' title='bbox 3310 5001 3610 5068; x_wconf 87' lang='lat' dir='ltr'>abiveris;</span> 
     </span>
    </p>
   </div>
   <div class='ocr_carea' id='block_1_114' title="bbox 1951 5093 3612 5166">
    <p class='ocr_par' dir='ltr' id='par_1_114' title="bbox 1951 5093 3612 5166">
     <span class='ocr_line' id='line_1_114' title="bbox 1951 5093 3612 5166; baseline -0.006 -8"><span class='ocrx_word' id='word_1_876' title='bbox 1951 5117 2060 5158; x_wconf 90' lang='lat' dir='ltr'>nec</span> <span class='ocrx_word' id='word_1_877' title='bbox 2099 5114 2352 5155; x_wconf 86' lang='lat' dir='ltr'>coronas</span> <span class='ocrx_word' id='word_1_878' title='bbox 2383 5113 2522 5153; x_wconf 91' lang='lat' dir='ltr'>cum</span> <span class='ocrx_word' id='word_1_879' title='bbox 2553 5095 2661 5150; x_wconf 91' lang='lat' dir='ltr'>illis</span> <span class='ocrx_word' id='word_1_880' title='bbox 2677 5109 3032 5150; x_wconf 90' lang='lat' dir='ltr'>communes</span> <span class='ocrx_word' id='word_1_881' title='bbox 3056 5093 3448 5166; x_wconf 80' lang='lat' dir='ltr'>consequeris</span> <span class='ocrx_word' id='word_1_882' title='bbox 3477 5107 3492 5144; x_wconf 89' lang='lat'><strong>:</strong></span> <span class='ocrx_word' id='word_1_883' title='bbox 3525 5095 3612 5148; x_wconf 87' lang='lat' dir='ltr'>at-</span> 
     </span>
    </p>
   </div>
   <div class='ocr_carea' id='block_1_115' title="bbox 1951 5182 3615 5264">
    <p class='ocr_par' dir='ltr' id='par_1_115' title="bbox 1951 5182 3615 5264">
     <span class='ocr_line' id='line_1_115' title="bbox 1951 5182 3615 5264; baseline -0.007 -18"><span class='ocrx_word' id='word_1_884' title='bbox 1951 5207 2069 5264; x_wconf 89' lang='lat' dir='ltr'>que</span> <span class='ocrx_word' id='word_1_885' title='bbox 2101 5191 2214 5245; x_wconf 92' lang='lat' dir='ltr'>hoc</span> <span class='ocrx_word' id='word_1_886' title='bbox 2244 5187 2424 5243; x_wconf 91' lang='lat' dir='ltr'>modo</span> <span class='ocrx_word' id='word_1_887' title='bbox 2450 5200 2562 5256; x_wconf 91' lang='lat' dir='ltr'>ego</span> <span class='ocrx_word' id='word_1_888' title='bbox 2595 5190 2650 5241; x_wconf 86' lang='lat' dir='ltr'>te</span> <span class='ocrx_word' id='word_1_889' title='bbox 2671 5183 2965 5240; x_wconf 89' lang='lat' dir='ltr'>allocutus</span> <span class='ocrx_word' id='word_1_890' title='bbox 2992 5198 3126 5238; x_wconf 90' lang='lat' dir='ltr'>sum</span> <span class='ocrx_word' id='word_1_891' title='bbox 3157 5198 3170 5250; x_wconf 91' lang='lat'><strong>;</strong></span> <span class='ocrx_word' id='word_1_892' title='bbox 3198 5182 3280 5238; x_wconf 89' lang='lat' dir='ltr'>ita</span> <span class='ocrx_word' id='word_1_893' title='bbox 3317 5185 3375 5238; x_wconf 90' lang='lat' dir='ltr'>et</span> <span class='ocrx_word' id='word_1_894' title='bbox 3413 5185 3470 5237; x_wconf 85' lang='lat' dir='ltr'>te</span> <span class='ocrx_word' id='word_1_895' title='bbox 3517 5195 3615 5237; x_wconf 86' lang='lat' dir='ltr'>me</span> 
     </span>
    </p>
   </div>
   <div class='ocr_carea' id='block_1_116' title="bbox 1958 5270 3618 5352">
    <p class='ocr_par' dir='ltr' id='par_1_116' title="bbox 1958 5270 3618 5352">
     <span class='ocr_line' id='line_1_116' title="bbox 1958 5270 3618 5352; baseline -0.006 -16"><span class='ocrx_word' id='word_1_896' title='bbox 1958 5278 2185 5352; x_wconf 90' lang='lat' dir='ltr'>alloqui</span> <span class='ocrx_word' id='word_1_897' title='bbox 2223 5292 2332 5349; x_wconf 89' lang='lat' dir='ltr'>par</span> <span class='ocrx_word' id='word_1_898' title='bbox 2389 5280 2522 5342; x_wconf 85' lang='lat' dir='ltr'>est;</span> <span class='ocrx_word' id='word_1_899' title='bbox 2553 5273 2602 5330; x_wconf 89' lang='lat' dir='ltr'>si</span> <span class='ocrx_word' id='word_1_900' title='bbox 2657 5272 3028 5346; x_wconf 89' lang='lat' dir='ltr'>correptione</span> <span class='ocrx_word' id='word_1_901' title='bbox 3081 5287 3234 5344; x_wconf 89' lang='lat' dir='ltr'>opus</span> <span class='ocrx_word' id='word_1_902' title='bbox 3264 5271 3359 5338; x_wconf 89' lang='lat' dir='ltr'>sit,</span> <span class='ocrx_word' id='word_1_903' title='bbox 3391 5270 3618 5327; x_wconf 88' lang='lat' dir='ltr'>sincere</span> 
     </span>
    </p>
   </div>
   <div class='ocr_carea' id='block_1_117' title="bbox 1591 5457 2266 5518">
    <p class='ocr_par' dir='ltr' id='par_1_117' title="bbox 1591 5457 2266 5518">
     <span class='ocr_line' id='line_1_117' title="bbox 1591 5457 2266 5518; baseline -0.006 -2"><span class='ocrx_word' id='word_1_904' title='bbox 1591 5459 1830 5518; x_wconf 79' lang='lat' dir='ltr'><strong>VABLE</strong></span> <span class='ocrx_word' id='word_1_905' title='bbox 1865 5457 2266 5517; x_wconf 83' lang='lat' dir='ltr'>LECTIONES.</span> 
     </span>
    </p>
   </div>
   <div class='ocr_carea' id='block_1_118' title="bbox 305 5644 686 5719">
    <p class='ocr_par' dir='ltr' id='par_1_118' title="bbox 305 5644 686 5719">
     <span class='ocr_line' id='line_1_118' title="bbox 305 5644 686 5719; baseline 0.003 -21"><span class='ocrx_word' id='word_1_906' title='bbox 305 5656 334 5690; x_wconf 93' lang='lat'><strong>0</strong></span> <span class='ocrx_word' id='word_1_907' title='bbox 364 5647 444 5699; x_wconf 78' lang='lat' dir='ltr'>io&#39;.</span> <span class='ocrx_word' id='word_1_908' title='bbox 467 5644 686 5719; x_wconf 87' lang='grc' dir='ltr'>ῥίπτεις.</span> 
     </span>
    </p>
   </div>
  </div>
