4072 6232
575 323 684 379 915

579 446 868 519 corripias
893 445 1074 502 velim
1105 465 1121 518 ;
1144 445 1260 502 noli
1279 443 1500 517 aliquid
1517 443 1843 513 efflagitare
1873 444 2028 514 ;noli
2057 444 2231 517 quid-

580 553 766 608 quam
789 536 1107 592 artiﬁciose
1138 536 1392 605 adjicere
1417 534 1799 600 ;occasiones
1816 534 2232 590 metieulosita-

1817 318 2051 375 PHOTII
2091 320 2242 376 PATl

2354 317 2560 375 RCH/E
2593 318 2704 376 ΟΡ.
3805 327 3875 380 916

2340 451 2460 504 ἧκεν
2497 440 2866 516 ἀνδρίζεσθαι.
2913 442 2980 498 Ἦ
3032 440 3092 496 δε
3145 447 3560 516 παρακαταθήκη
3588 447 3674 518 (σὺ
3703 442 3753 500 δε
3775 449 3875 500 πάλιν

2344 531 2556 602 δειλία),
2598 538 2688 585 καὶ
2722 533 2945 594 σώζεται
2985 537 3075 585 καὶ
3105 536 3418 592 σωθήσεται.

582 627 659 682 tis
687 625 965 681 dedimus
987 626 1014 682 ?
1045 625 1220 679 hasce
1258 623 1476 686 revela,
1509 623 1613 677 sed
1662 623 1924 694 proferre
1957 625 2186 696 nequis.
2219 622 2344 679 Noli
2383 623 2562 692 igitur
2601 628 2953 694 personatus
2993 622 3181 677 hostis
3208 623 3266 678 in
3301 639 3394 678 me
3425 623 3880 695 exprobrationem

583 714 914 788 projicere:
945 729 1204 785 quorum
1231 712 1374 767 satis
1406 716 1634 767 tantam
1678 712 2102 783 supellectilem
2135 728 2166 764 e
2189 714 2301 768 tuis
2335 711 2542 768 litteris
2573 710 3051 784 proreptantium
3110 711 3312 768 videre
3350 712 3488 768 licet
3520 729 3534 778 ;
3568 719 3622 768 et
3649 713 3882 770 hactorte

586 803 859 876 pluribus
876 818 1060 874 quam
1087 802 1414 856 secundum
1439 801 1600 869 leges
1636 801 1990 872 epistolicas.
2019 801 2188 867 Quod
2221 806 2420 867 restat,
2455 801 2682 857 fortiter
2710 804 2874 856 tuere
2915 799 3246 856 amicitiam
3278 819 3290 868 ;
3327 817 3457 857 eam
3495 802 3746 869 extende,
3769 810 3885 860 recta

586 892 794 949 incede
827 908 840 958 ;
866 892 1104 963 piratas,
1131 890 1529 955 insidiatores,
1558 895 1610 946 et
1635 893 1883 946 ceteros
1914 891 2216 947 maleﬁcos
2246 891 2307 946 in
2339 891 2588 962 pudoris
2618 889 2870 962 pelagus
2900 889 3184 962 propelle,
3217 896 3273 947 et
3303 892 3578 962 demerge
3623 892 3883 964 profundo.

587 982 883 1054 Expedite
911 981 1068 1042 inde.
1096 984 1153 1036 et
1180 979 1556 1052 splendidam
1591 980 1752 1035 illam
1785 981 2168 1050 margaritam
2225 985 2390 1035 tuam
2439 979 2745 1052 splendide
2792 979 3193 1047 circumferto,
3251 980 3459 1036 oculus
3515 982 3827 1054 quicunque
3845 983 3886 1037 in

563 1087 722 1128 eam
748 1075 1141 1134 convertetur,
1174 1069 1267 1124 vel
1296 1069 1668 1142 lippitudine,
1699 1069 1785 1123 vel
1809 1085 1918 1124 sua
1946 1069 2382 1142 pulchritudine
2427 1068 2740 1136 fruisceus,
2764 1073 2827 1124 tu
2867 1074 3067 1125 tamen
3098 1069 3263 1140 apud
3289 1076 3342 1125 te
3373 1069 3699 1142 depositam
3737 1077 3888 1127 custo-

587 1160 713 1216 dito
755 1177 768 1214 :
801 1160 929 1215 haec
962 1159 1180 1231 partim
1215 1159 1391 1225 serio,
1426 1158 1643 1230 partim
1686 1160 1816 1228 joco
1851 1159 2080 1230 scripsi.
2113 1161 2180 1214 Et
2232 1158 2363 1214 ideo
2414 1157 2662 1230 quidem
2683 1159 2872 1228 jocor,
2915 1165 2979 1215 ut
3015 1157 3309 1228 intelligas
3372 1159 3538 1231 apud
3585 1175 3673 1216 me
3701 1160 3891 1215 rhetori-

588 1252 824 1304 eautem
853 1263 985 1304 esse
1015 1254 1070 1303 et
1103 1247 1291 1319 vigere
1323 1247 1560 1302 ultionis
1590 1249 1802 1312 aciem,
1845 1253 1898 1303 et
1943 1247 2210 1303 solvendi
2239 1246 2614 1318 sophismata
2666 1247 2947 1302 scientem
2975 1248 3262 1304 orationis
3292 1249 3433 1314 vim,
3468 1248 3547 1304 ab
3573 1247 3638 1304 iis
3675 1248 3890 1305 edoclam

588 1337 690 1409 qui
722 1336 1130 1392 valentissime
1160 1337 1593 1392 rhetoricantur
1628 1354 1640 1391 :
1673 1337 1823 1391 serio
1847 1343 2040 1392 autem
2058 1336 2274 1401 scribo,
2299 1351 2371 1390 ne
2403 1335 2684 1408 deinceps
2707 1337 2784 1392 sis
2812 1335 3218 1402 meticulosus,
3251 1337 3352 1394 ubi
3379 1339 3572 1394 virum
3595 1343 3754 1395 temet
3781 1354 3892 1410 pris-

591 1431 748 1483 stare
777 1430 1027 1499 oportet.
1063 1425 1410 1499 Depositum
1433 1442 1574 1482 vero
1603 1426 1766 1498 apud
1797 1442 1888 1483 me
1918 1430 2110 1491 tuum,
2140 1432 2196 1482 et
2227 1430 2498 1481 servatur
2528 1430 2602 1493 et,
2637 1425 2757 1484 noli
2784 1429 3066 1492 metuere,
3098 1427 3454 1484 servabitur.

1259 1541 1478 1597 EPIST.
1514 1543 1574 1598 C.

1296 1630 1524 1686 Eidem.

2990 1548 3204 1596 ΕΠΙΣΤ.
3233 1543 3308 1596 Ρ¹⁶

3013 1638 3096 1702 Τῷ
3122 1631 3283 1703 αὐτῷ.

1848 1756 2140 1806 Montacut.
2169 1763 2275 1819 (ep.
2310 1755 2420 1814 244,
2458 1769 2514 1820 p.
2551 1754 2683 1816 371).

659 1866 776 1920 Nec
803 1877 1048 1918 scenam
1077 1876 1188 1932 ego
1218 1876 1328 1918 nec
1359 1862 1656 1918 theatrum
1683 1864 1790 1918 sub
1824 1863 1932 1918 alis
1971 1863 2118 1919 meis
2149 1878 2244 1932 ge-

590 1957 754 2008 stans
783 1951 1126 2024 prodigiose
1157 1967 1288 2006 sum
1317 1951 1553 2007 locutus
1588 1967 1602 2018 ;
1631 1952 1909 2024 sedquod
1922 1968 2163 2025 aequum
2187 1956 2243 2007 et

583 2042 815 2114 justum
842 2041 976 2107 fuit,
1012 2040 1196 2096 libere
1227 2057 1336 2112 pro
1375 2041 1613 2096 veritate
1664 2042 1896 2096 constiti
1929 2059 1942 2108 ;
1980 2057 2090 2112 ego
2121 2056 2241 2096 non

587 2137 797 2188 contra
823 2131 1070 2197 amicos,
1088 2131 1192 2186 sed
1219 2136 1406 2186 etnec
1427 2134 1636 2186 contra
1657 2131 1857 2186 hostes
1891 2131 2028 2194 tela,
2047 2146 2240 2198 arcus,

583 2220 724 2278 belli
753 2220 992 2276 ordines
1020 2220 1264 2285 institui,
1295 2218 1492 2274 nullos
1520 2220 1742 2286 hostes,
1775 2220 2020 2292 clypeos
2048 2219 2242 2275 nullos

585 2309 881 2366 somniavi
915 2325 928 2376 ;
964 2315 1023 2364 ut
1044 2307 1235 2364 solent
1262 2307 1490 2380 illi,qui
1520 2323 1658 2364 cum
1689 2324 1824 2363 aere
1854 2308 2240 2380 depugnant;

586 2400 689 2455 sed
711 2399 891 2455 libere
923 2399 1157 2455 locutus
1186 2415 1321 2454 sum
1348 2414 1457 2470 pro
1482 2399 1717 2454 amicis.
1739 2398 1906 2464 Quod
1939 2398 1988 2453 si
2017 2398 2124 2453 tibi
2155 2413 2245 2453 ar-

583 2488 753 2554 ridet,
771 2493 833 2544 ut
853 2487 931 2543 ab
955 2487 1247 2543 ulceribus
1271 2487 1394 2542 suis
1421 2489 1673 2542 Lazarus
1699 2487 1996 2558 liberetur,
2021 2487 2242 2560 quibus

585 2576 976 2641 conﬂictatur,
1005 2591 1114 2631 nec
1139 2576 1419 2647 deinceps
1458 2575 1536 2632 ab
1568 2576 1636 2630 iis
1676 2576 2005 2632 molestiam
2051 2575 2246 2648 patia-

584 2669 680 2721 tur
710 2681 724 2732 ;
758 2665 807 2719 si
828 2680 1071 2720 omnem
1097 2664 1387 2720 ﬂuctuum
1417 2665 1819 2734 ingruentium
1837 2665 1950 2719 vim
1985 2665 2044 2720 in
2065 2671 2245 2737 caput

583 2754 914 2826 piratarum
946 2758 1276 2822 convertas,
1299 2757 1426 2809 tum
1458 2753 1703 2809 demum
1731 2769 1890 2808 mare
1920 2754 2051 2810 vitae
2077 2754 2245 2810 istius

589 2842 716 2898 sine
749 2847 909 2898 metu
942 2843 1074 2898 licet
1095 2843 1557 2913 navigare.Vide
1584 2843 1981 2915 autem,quod
2009 2858 2120 2913 ego
2142 2843 2244 2898 mi-

586 2931 748 2986 nime
778 2931 881 2987 tibi
903 2931 1153 2986 insidias
1185 2936 1410 2986 struam
1441 2947 1546 3003 per
1569 2931 1684 2987 hoc
1719 2932 2057 3003 exemplum
2089 2948 2102 2999 ;
2137 2947 2245 2987 nec

585 3019 907 3091 indigentis
929 3021 1296 3076 voluntatem
1327 3021 1628 3086 subverto,
1659 3037 1794 3076 cum
1819 3021 2138 3090 gemitibus
2161 3021 2246 3077 di-

585 3110 758 3166 vitem
777 3126 1126 3183 prosequor,
1143 3116 1198 3164 et
1213 3110 1361 3165 sitim
1380 3109 2247 3180 inexstinguibilem,etchasma
2277 3149 2317 3204 C

588 3198 757 3265 illud,
789 3204 844 3254 et
875 3199 1099 3268 ignem,
1147 3204 1201 3256 et
1253 3203 1568 3254 tormenta.
1616 3202 1742 3256 Non
1788 3200 1945 3254 enim
1994 3216 2030 3256 a
2077 3206 2245 3272 parte

586 3287 876 3344 deteriore
908 3289 1281 3360 (quanquam
1307 3293 1462 3344 recte
1494 3293 1558 3343 tu
1586 3288 1733 3343 illud
1759 3289 1818 3343 in
1843 3305 2056 3344 manus
2089 3305 2247 3343 sum-

588 3377 821 3449 pseris),
857 3377 961 3431 sed
993 3377 1050 3432 in
1083 3377 1323 3432 meliore
1371 3378 1624 3432 sumitur
1658 3395 1671 3444 ;
1701 3378 1952 3433 arbitror
2001 3393 2093 3432 me
2125 3394 2244 3434 non

590 3466 811 3522 frustra
836 3480 1082 3535 operam
1115 3465 1351 3520 dedisse
1399 3465 1654 3521 libertati
1702 3466 1921 3534 linguae
1952 3484 1965 3530 ;
1998 3467 2160 3536 quod
2193 3467 2244 3522 si

593 3553 738 3608 mihi
770 3553 962 3608 virum
1013 3553 1444 3608 amicissimum
1473 3554 1737 3609 nancisci
1770 3556 2013 3623 contigit
2062 3557 2246 3627 (quod

593 3657 629 3698 a
654 3645 710 3697 te
737 3641 1023 3711 scriptum
1047 3642 1266 3711 gaudio
1289 3657 1383 3696 me
1416 3641 1663 3713 replevit
1693 3649 1750 3696 et
1773 3642 2020 3713 latitia),
2055 3644 2152 3715 qui
2185 3645 2247 3700 ti-

593 3730 920 3786 miditatem
953 3745 1076 3802 qua
1107 3729 1261 3785 male
1292 3731 1676 3800 premebatur
1703 3732 1875 3801 longe
1906 3747 1942 3788 a
1968 3750 2028 3787 se
2050 3748 2244 3788 remo-

591 3819 691 3885 vit,
720 3819 850 3892 ejus
873 3823 1071 3874 autem
1093 3818 1226 3874 loco
1242 3818 1418 3888 elegit
1440 3819 1552 3875 sibi
1575 3820 1844 3876 moribus
1863 3821 1986 3875 suis
2015 3827 2071 3877 et
2091 3828 2246 3878 recte

591 3909 757 3967 factis
779 3923 1111 3978 congruam
1130 3913 1186 3963 et
1206 3923 1598 3978 congenerem
1630 3909 2040 3966 fortitudinem
2075 3930 2088 3978 ;
2119 3912 2247 3984 qui-

591 4015 710 4072 que
739 3997 967 4070 piratas
985 3995 1114 4052 illos
1140 4013 1277 4052 cum
1305 3997 1420 4052 suis
1443 3998 1702 4054 artiﬁciis
1721 4002 1775 4054 et
1803 3999 2246 4055 machinamen-

591 4089 666 4145 tis
685 4086 987 4161 profundo
1009 4086 1313 4142 demersos
1347 4086 1563 4153 obruit,
1585 4087 1708 4159 ipse
1735 4092 1932 4143 autem
1963 4089 2246 4144 omnibus

594 4177 894 4234 malorum
955 4179 1273 4231 ventorum
1344 4175 1584 4231 ﬂatibus
1643 4181 1698 4232 et
1762 4175 2038 4232 ﬂuctibus
2069 4193 2248 4248 super

592 4271 856 4333 exstans,
887 4280 992 4336 spe
1020 4280 1082 4318 se
1109 4263 1274 4319 fulcit
1299 4269 1351 4318 et
1383 4264 1668 4321 sublimat
1699 4265 1875 4321 bona.
1902 4266 2036 4320 Hinc
2068 4282 2246 4336 porro

591 4353 869 4426 exempla
899 4369 1270 4424 nequaquam
1298 4353 1452 4409 mala
1509 4361 1704 4410 mente
1737 4372 1771 4410 a
1805 4370 1897 4409 ine
1942 4355 2246 4426 proferun-

593 4449 706 4510 tur,
739 4449 796 4499 et
860 4458 934 4497 ne
993 4441 1147 4497 male
1201 4442 1472 4508 multem,
1549 4444 1839 4501 rationem
1893 4447 2039 4502 inivi
2084 4463 2096 4502 :
2151 4446 2245 4502 illa

593 4538 792 4592 autem
823 4547 1103 4606 quaenam
1133 4531 1263 4586 est?
1283 4532 1365 4586 Ne
1391 4532 1527 4602 quis
1543 4532 1780 4598 scilicet,
1811 4535 2034 4591 fontem
2063 4541 2117 4590 et
2137 4534 2244 4590 ﬂu-

589 4623 754 4680 vium
786 4639 822 4680 a
850 4626 1063 4678 natura
1088 4620 1319 4676 sincera
1367 4620 1426 4675 in
1456 4621 1788 4692 exemplum
1833 4625 2070 4679 trahens
2103 4625 2246 4696 (quo

593 4717 760 4770 tuum
794 4717 846 4769 te
869 4711 1106 4785 lapsum
1158 4710 1450 4764 sustinere
1494 4725 1668 4779 posse
1717 4713 1986 4784 exemplo
2021 4715 2242 4785 putas),

591 4802 802 4858 deinde
826 4806 1070 4865 metuat,
1094 4815 1168 4854 ne
1196 4799 1309 4854 sibi
1334 4800 1636 4855 veneratio
1668 4802 1992 4870 dilabatur,
2026 4811 2126 4858 aut
2146 4804 2245 4859 de-

590 4891 780 4961 ploret
799 4897 1086 4963 tanquam
1108 4889 1184 4944 ab
1211 4888 1339 4944 aliis
1360 4905 1464 4960 per
1486 4889 1705 4945 rivulos
1724 4891 1834 4945 ded
1846 4893 2243 4965 ucta,dispar-

557 4987 563 4994 '
591 4983 688 5034 eat
718 4996 730 5034 :
767 4996 874 5036 nec
908 4979 1112 5036 metuit
1141 4996 1215 5034 ne
1263 4978 1591 5050 aliquando
1617 4995 1826 5034 ansam
1863 4980 1975 5034 illis
2007 4981 2108 5036 det
2129 4983 2240 5037 sibi

592 5066 997 5138 applaudendi
1019 5069 1094 5124 de
1119 5068 1296 5132 furto,
1320 5068 1424 5140 qui
1464 5073 1524 5123 ut
1555 5067 1828 5123 auferant
1855 5069 2237 5138 insidiantur,

588 5160 691 5211 aut
721 5155 977 5225 negligat
1016 5156 1411 5222 insidiatores,
1442 5157 1667 5228 quibus
1689 5157 1746 5212 id
1777 5158 1834 5213 in
1862 5161 2012 5214 votis
2043 5165 2152 5225 est,
2180 5166 2241 5216 ut

589 5247 887 5300 amatores
906 5245 1070 5313 justa
1096 5245 1368 5302 fruitione
1391 5245 1763 5302 defraudent.
1787 5247 1918 5303 Haec
1940 5263 2048 5304 nos
2069 5249 2236 5306 senili

588 5329 833 5388 consilio
861 5333 1192 5388 secundum
1225 5335 1533 5391 veritatem
1564 5335 1850 5404 diximus,
1882 5353 2002 5392 non
2035 5344 2236 5394 autem

584 5419 920 5479 ostentandi
953 5435 1062 5475 nos
1077 5422 1283 5493 gratia,
1312 5428 1415 5479 aut
1446 5428 1506 5479 ut
1541 5423 1790 5492 juvenes
1816 5425 2026 5494 solent,
2050 5427 2237 5485 disse-

581 5510 836 5568 ruimus.
860 5509 1166 5575 Quocirca,
1201 5526 1320 5566 non
1351 5512 1567 5568 hortati
1591 5530 1799 5570 sumus
1840 5520 1903 5572 ut
1935 5515 2233 5573 abrenun-

582 5602 694 5660 ties
725 5598 998 5660 amicitias
1017 5597 1216 5673 (absit,
1264 5605 1329 5658 ut
1374 5600 1575 5674 aliqua
1604 5603 1912 5662 rhetoricae
1969 5608 2229 5679 gravitas

2428 1866 2559 1914 Οὔτε
2590 1867 2785 1921 σκηνὴν
2833 1868 2919 1916 καὶ
2971 1865 3182 1937 θέατρον
3243 1865 3344 1916 ὑπὸ
3397 1864 3570 1936 μάλης
3592 1869 3794 1937 φέροντες
3817 1861 3882 1915 ἔτι

2353 1954 2739 2027 ροιτευσάμεθα⁶
2794 1949 2982 2025 δικαίᾳ
3036 1951 3096 2006 δὲ
3142 1953 3307 2026 λόγων
3363 1952 3620 2026 ἐλευθερίᾳ
3669 1963 3751 2012 τῆς
3802 1951 3890 2008 ἁλι·

2355 2043 2494 2102 θείας
2525 2045 2890 2115 προίστημεν·
2947 2046 3061 2094 οὔτε
3124 2045 3259 2094 κατὰ
3315 2041 3494 2115 φίλων,
3531 2041 3631 2094 ἀλλ’
3684 2037 3788 2093 οὐδὲ
3809 2039 3888 2091 κατ’

2353 2129 2557 2204 ἐχθρῶν
2588 2130 2928 2202 ὡπλισάμεθα
2976 2129 3102 2202 βέλη
3147 2137 3238 2184 καὶ
3298 2131 3424 2194 τόξα
3463 2136 3552 2184 καὶ
3592 2129 3887 2202 παρατάξεις·

2352 2223 2441 2271 καὶ
2469 2218 2744 2290 πολεμίους
2781 2225 2872 2271 καὶ
2923 2218 3156 2282 ἀσπίδας
3225 2219 3631 2295 ὀνειρώττοντες,
3673 2221 3816 2289 ὥσπερ
3857 2219 3889 2268 ei

2351 2311 2477 2381 πρὸς
2556 2307 2681 2381 ἀέρα
2737 2311 3072 2371 πυκτεύοντες
3107 2328 3119 2340 ’
3177 2308 3281 2362 ἀλλ’
3342 2311 3473 2382 ὑπίρ
3531 2309 3677 2381 Ψᾶων
3724 2306 3891 2380 ints”.

2353 2399 2672 2469 σιασάμεθα.
2709 2397 2766 2450 Εἰ
2796 2396 2970 2469 βούλει
3022 2395 3101 2464 δε,
3134 2404 3222 2450 καὶ
3275 2399 3358 2451 ἶνα
3384 2401 3410 2451 ὁ
3443 2400 3676 2472 Λάζαρος
3717 2395 3891 2448 ἀπαλλα-

2350 2493 2418 2557 γῇ
2472 2493 2564 2538 τοῦ
2639 2487 3064 2560 παραλυποῦντος
3135 2488 3328 2552 ἕλκους,
3404 2493 3493 2541 καὶ
3563 2487 3778 2558 ἀνωτερός
3828 2491 3889 2536 τοῦ

2355 2570 2690 2645 διοχλοῦντος
2743 2579 2977 2647 γένηται,
3037 2583 3212 2629 πᾶσαν
3267 2579 3516 2648 κυμάτων
3593 2576 3804 2648 ἐπιφορὰν
3844 2573 3890 2631 εἰς

2351 2665 2446 2724 τὰς
2492 2671 2590 2716 τῶν
2652 2674 2906 2737 πειρατῶν
2961 2667 3183 2738 κεφαλὰς
3240 2665 3650 2740 ἔπαναστρέφων,
3700 2669 3774 2716 καὶ
3809 2663 3889 2714 λοι-

2351 2755 2447 2802 πὸν
2502 2749 2668 2813 ἀδεῶς
2709 2749 2948 2806 διαπλέοι
3003 2763 3094 2807 τοῦ
3127 2754 3250 2827 βίον
3293 2761 3390 2813 την
3422 2756 3695 2808 θάλασσαν.
3727 2753 3890 2822 Καὶὸρε

2353 2842 2420 2901 ὡς
2459 2839 2564 2912 οὐχ
2614 2840 2920 2895 ἐπιϐουλεύω
2967 2852 3038 2915 τῷ
3083 2841 3502 2918 παραδείγματι,
3533 2841 3650 2896 οὐδὲ
3667 2845 3889 2916 περιτρέπει

2352 2935 2444 2981 τοῦ
2475 2934 2806 3002 κεχρημένου
2838 2935 2896 2984 τὸ
2930 2931 3194 3004 βούλημα,
3228 2936 3314 2986 τὸν
3363 2934 3609 2986 πλούσιον
3658 2934 3890 2989 ἐπιστένων,

2353 3023 2442 3070 καὶ
2467 3023 2562 3076 τὴν
2593 3021 2855 3078 ἄστηκτον
2887 3018 3070 3091 δίψαν,
3133 3027 3223 3075 καὶ
3251 3025 3307 3074 τὸ
3334 3025 3550 3096 χάσμα,
3578 3027 3659 3073 καὶ
3715 3024 3762 3072 τό
3799 3026 3890 3089 πῦρ,

2353 3110 2442 3158 καὶ
2474 3112 2565 3166 τὴν
2625 3107 2878 3180 βάσανον.
2923 3111 2999 3162 Οὐ
3029 3113 3130 3186 γὰρ
3173 3111 3228 3163 ἐκ
3291 3119 3386 3164 τοῦ
3425 3116 3654 3185 χείρονος
3681 3103 3893 3180 (ἀλλ’ὡρ

2359 3215 2447 3248 σοι
2472 3198 2952 3270 μεταχειριζομένῳ
3017 3203 3153 3252 κατὰ
3175 3203 3234 3252 τὸ
3267 3198 3472 3273 βέλτιον
3503 3201 3758 3263 εἴληπται),
3783 3194 3890 3266 οἶμαι

2356 3280 2496 3345 δ’ὡς
2534 3283 2658 3338 οὐδὲ
2689 3289 2858 3358 μάτην
2913 3290 2942 3346 ἡ
2995 3288 3286 3363 παρῥησία,
3337 3296 3432 3342 καὶ
3481 3293 3538 3342 τὸ
3587 3289 3604 3340 ὲ

2353 3372 2593 3444 γλώττης
2621 3395 2712 3447 μοι
2751 3374 3200 3434 διεσπούδασται.
3270 3382 3330 3432 Εἴ
3356 3398 3420 3450 ’γε
3458 3382 3542 3431 τὸν
3567 3377 3775 3450 φίλτατον
3799 3376 3891 3443 ἕχο-

2353 3481 2442 3534 μεν
2471 3463 2556 3532 (ὡς
2603 3468 2694 3516 καὶ
2754 3469 2819 3517 σὺ
2865 3467 3082 3538 γράφεις
3116 3473 3288 3541 χαρᾶς
3338 3469 3481 3539 ἡμᾶς
3536 3472 3621 3518 καὶ
3645 3465 3891 3536 εὐφροσύνης

2353 3549 2588 3624 πληρῶν)
2660 3555 3029 3624 παρωσάμενον
3114 3557 3204 3626 μὲν
3279 3559 3375 3613 την
3458 3553 3727 3626 οὐδαμόθεν
3789 3549 3889 3614 αὐτῷ

2354 3645 2727 3712 προσήκουσαν
2781 3638 3000 3712 δειλίαν,
3064 3642 3392 3716 ἁνθελόμενον
3455 3641 3512 3697 δε
3583 3647 3669 3700 τὴν
3717 3643 3886 3709 συγγενῆ

2353 3737 2453 3780 τῶν
2511 3729 2672 3780 ἄλλων
2750 3735 2952 3804 τρόπων
3008 3737 3097 3784 καὶ
3182 3735 3597 3807 κατορθωμάτων
3665 3725 3888 3802 ἀνδρείαν·

3481 3309 3510 3324 φ

3513 3309 3538 3342 ο

3587 3307 3606 3340 ε

3607 3289 3632 3339 λ

3659 3291 3684 3338 ὑ

3691 3289 3712 3339 θ

3716 3306 3744 3359 ει

3763 3305 3783 3337 ο

3788 3307 3804 3335 ν

3879 3301 3894 3342 ἶ

2354 3822 2442 3869 καὶ
2477 3816 2626 3890 βυθῷ
2678 3822 2768 3891 μὶν
2822 3823 2946 3882 τοὺς
2994 3823 3266 3895 πειρατὰς,
3319 3822 3508 3884 αὐταῖς
3556 3824 3788 3892 μηχαναῖς
3829 3817 3891 3863 καί

2354 3910 2564 3977 τέχναις
2620 3915 2710 3968 τῆς
2744 3917 2892 3980 σφῶν
2926 3905 3231 3982 βδελυρίας,
3288 3909 3637 3963 ἒπικλύσαντα
3666 3926 3676 3937 ·
3706 3905 3828 3958 αὐτόν
3851 3897 3891 3951 δε

2353 3997 2525 4057 πάσης
2586 4003 2874 4069 τρικυμίας
2952 4007 3189 4073 πονηρῶν
3265 4001 3684 4074 ὑπερανασχόντα
3724 3989 3893 4062 πνευμά-

2354 4105 2473 4148 των,
2506 4090 2596 4138 καὶ
2627 4093 2740 4147 ταῖς
2788 4086 2974 4148 καλαῖς
3029 4087 3226 4140 ἐλπίσιν
3272 4093 3605 4160 γεγενημένον
3659 4084 3891 4156 μετάρσιον.

2353 4176 2430 4226 Τὰ
2459 4177 2548 4246 μέν
2592 4194 2670 4227 τοι
2730 4173 3146 4248 παραδείγματα
3197 4177 3254 4229 οὐ
3305 4181 3396 4249 μὲν
3455 4174 3540 4230 οὖν
3593 4175 3644 4228 οὐ
3670 4170 3892 4237 mmo?-

2353 4283 2511 4334 ’γηται
2543 4265 2666 4337 παρ’
2730 4267 2896 4336 ἡμῶν,
2951 4265 3057 4318 ἀλλ’
3113 4268 3196 4318 ἴνα
3247 4271 3318 4337 μὴ
3388 4273 3738 4339 κακουργῆται,
3777 4257 3893 4325 λόγον

2356 4349 2646 4424 ἀπείληφεν.
2679 4359 2741 4406 Τί
2769 4373 2828 4426 γε
2876 4355 3044 4424 λέγω;
3104 4357 3185 4407 ἱνα
3219 4361 3289 4427 μή
3338 4375 3420 4417 τις
3452 4359 3616 4426 πηγήν
3666 4354 3739 4402 καὶ
3774 4362 3892 4399 ποτα·

2355 4446 2469 4514 μὸν,
2524 4441 2606 4495 ἐπὶ
2652 4451 2741 4503 τῆς
2790 4441 3067 4517 ἀκηράτου
3127 4447 3327 4516 φύσεως
3385 4441 3669 4514 ὑπόδειγμα
3692 4435 3827 4490 λαϐὼν
3857 4431 3889 4486 t5

2355 4537 2441 4584 καὶ
2488 4535 2544 4584 τὸ
2601 4536 2688 4584 σόν
2753 4531 2957 4604 ἀνέχειν
3006 4534 3292 4604 ὑπείληφας
3323 4530 3719 4607 παρολίσθημα),
3759 4528 3889 4578 ἔπειτα

2353 4625 2410 4673 τὸ
2450 4625 2521 4693 μὴ
2552 4617 2865 4695 διαρρυῆναι
2895 4622 3031 4692 αὐτῷ
3056 4626 3112 4674 τὸ
3148 4621 3301 4682 σέϐας
3353 4621 3522 4692 δειλιᾲ
3553 4644 3563 4654 ·
3594 4615 3708 4692 μηδ’
3735 4618 3789 4675 ὡς
3828 4609 3886 4678 ὑφ’

2353 4709 2531 4781 ἑτέρων
2581 4714 3030 4783 παροχετούμενον
3079 4709 3441 4786 κατοδύρηται
3478 4733 3491 4745 ·
3539 4706 3660 4782 μηδ’
3705 4703 3884 4776 51”?"

2353 4797 2458 4864 ϐον,
2488 4801 2556 4860 ὡς
2581 4807 2690 4861 τοῖς
2721 4796 3049 4873 ἐνεδρεύουσί
3077 4820 3202 4853 ποτε
3229 4798 3350 4858 δοίη
3376 4809 3622 4874 κροτῆσαί
3664 4800 3742 4851 τὴν
3786 4789 3878 4840 θίν’

2354 4907 2435 4938 σιν
2469 4904 2480 4916 ’
2516 4889 2545 4946 ἢ
2580 4891 2696 4948 τοὺς
2747 4888 3013 4958 λοχῶντας
3071 4889 3408 4960 περιόψεται,
3487 4886 3758 4956 ἀποστερεῖν
3801 4876 3880 4926 ἔτι·

2349 4985 2658 5050 χειροῦντας
2697 4979 2786 5037 τὰς
2834 4977 3057 5050 ἐραστὰς
3118 4977 3277 5029 αὐτοῦ
3331 4985 3424 5040 τῆς
3470 4973 3668 5032 δικαίας
3717 4962 3881 5020 ἀπολαύ-

2352 5085 2494 5126 σεως.
2545 5065 2728 5126 Οὕτως
2785 5069 2933 5138 ἡμεῖς
2985 5066 3350 5140 πρεσϐυτικῶς
3409 5085 3462 5119 τε
3507 5070 3591 5116 καὶ
3636 5055 3879 5133 φιλαλήθως,

2349 5153 2454 5206 ἀλλ’
2511 5155 2606 5207 οὐκ
2657 5151 3038 5220 ἐπιδεικτικῶς,
3103 5152 3227 5208 οὐδὲ
3279 5159 3415 5208 κατὰ
3461 5159 3748 5208 νεανίσκους.
3794 5155 3878 5212 περὶ

2345 5243 2412 5294 ὧν
2444 5243 2625 5315 ἐχρῆν,
2663 5240 3016 5316 διεξήλθομεν.
3055 5250 3239 5318 Διόπερ
3293 5242 3417 5298 οὐδὲ
3447 5247 3537 5301 τὴν
3576 5239 3725 5313 φιλίαν
3763 5228 3878 5318 ῥίψαι

2343 5331 2732 5406 προύτρέψαμεν
2793 5334 2884 5406 (μή
2931 5353 3021 5406 μοι
3071 5337 3270 5405 γένοιτο
3308 5338 3380 5406 μὴ
3431 5333 3561 5385 οὕτω
3609 5336 3692 5387 τῆς
3737 5317 3880 5374 πολλὶς

2343 5423 2490 5494 ἡμῶν
2537 5421 2823 5484 ἁπλότητος
2886 5426 2943 5476 τό
2993 5419 3161 5476 δεινὸν
3215 5431 3310 5486 τῆς
3361 5423 3605 5497 ῥητορίας
3666 5423 3878 5478 narrver-

2343 5512 2531 5583 φάτω),
2589 5509 2697 5562 ἀλλ’
2751 5515 2866 5574 ἣτις
2905 5511 3018 5565 ἔστὶ
3069 5516 3191 5575 τοὺς
3242 5512 3420 5584 φίλους
3479 5511 3736 5572 παίζουσα,
3791 5498 3876 5584 ἣτις

2343 5599 2656 5669 σαλεύουσα,
2715 5599 2912 5660 ίκείνην
2959 5600 3366 5670 ἀποσείσασθαι,
3413 5599 3600 5657 ἐκείνην
3639 5591 3770 5670 ῥίψαι
3803 5604 3813 5619 ⁰
3848 5581 3868 5636 ἦ
