4072 6232
285 359 401 418 91⁸1

1541 354 1626 411 ΕΡ
1636 352 2046 413 ISTOLARUM
2084 353 2303 412 LIBER
2339 354 2407 413 Π.

3554 362 3666 419 918

282 491 345 541 τό
401 505 462 559 γε
515 484 706 548 εαυτῆς
749 487 906 559 με’ρος
945 485 1272 560 προαπέστη,
1329 486 1419 535 καὶ
1477 479 1875 535 καταλέλοιπενι

2002 480 2089 536 sic
2111 480 2474 553 simplicitati
2503 499 2652 542 meae
2684 484 2970 556 insultet),
3013 485 3120 544 sed
3143 484 3226 543 illi
3260 486 3537 544 nuntium
3567 502 3663 546 re-

282 575 487 635 ἰκείνην
516 579 588 649 μὴ
632 579 798 649 φέρειν
864 575 1037 647 ἄχθος
1091 574 1331 646 μάταιον,
1379 575 1472 630 τήν
1512 569 1683 643 λόγοις
1738 574 1889 643 μόνον

280 662 666 738 ἐπιμειδιῶσαν
695 682 707 694 ’
758 666 893 737 ἔργῳ
945 659 1004 715 δὲ
1045 667 1103 715 τό
1164 663 1474 729 σκυθρωπόν
1520 664 1611 712 καὶ
1641 663 1891 718 τῆν’κατ-

278 760 467 829 ἠφειαν
497 756 630 827 μετά
675 761 775 806 τῶν
812 751 1016 827 ἐχθρῶν
1049 753 1502 815 συσκευάζουσαν.
1549 750 1628 803 Τά
1657 744 1708 801 δ’
1737 747 1887 817 ἄλλα,

279 847 458 919 ὥσπερ
515 848 734 919 ᾔτησας,
782 846 1030 918 πτέρυγες
1084 839 1253 914 φιλίας
1308 842 1572 916 ἦρπασαν,
1626 841 1715 890 καὶ
1759 856 1888 911 προ-

275 938 426 997 νοίας
470 937 781 1009 περιέπουσι
835 930 1074 1004 θάλαμοι,
1130 934 1221 983 καὶ
1281 929 1571 1001 οἰκειοῠμαι
1636 929 1702 980 τὰ
1746 928 1844 1000 ἐμά
1871 943 1884 957 ⁶

276 1027 373 1076 καὶ
434 1022 605 1075 οὐκέτι
652 1017 840 1094 δέομαι
886 1020 1190 1094 φαρμάκων,
1246 1014 1371 1071 οὐδὲ
1419 1019 1707 1091 θεραπείας,
1756 1011 1888 1087 μηδ’

280 1109 563 1178 ἰλεοῦντος,
627 1110 783 1173 αὐτός
837 1128 916 1180 γε,
975 1104 1115 1181 μηδέ
1153 1105 1549 1180 πρεσϐεύοντος.
1588 1103 1746 1177 Ἐχω
1782 1106 1884 1180 γὰρ

274 1203 369 1253 τόν
417 1202 732 1272 ποθούμενον
787 1201 962 1260 πάσης
1010 1196 1304 1273 ἆρῥωστίας
1358 1194 1649 1269 ἀνώτερονο
1683 1198 1773 1246 καὶ
1827 1196 1885 1246 τὸ

276 1290 435 1360 ἴχνος
463 1288 589 1341 αὐτό
634 1295 726 1341 τοῦ
751 1291 1069 1360 νοσήματος,
1111 1290 1204 1345 τὴν
1243 1286 1434 1360 μικρὰν
1475 1280 1693 1347 δειλίαν,
1745 1281 1885 1354 εὖγε-

270 1386 374 1441 νῶς
402 1397 454 1431 τε
482 1384 571 1431 καὶ
601 1380 775 1452 ὥσπερ
803 1376 1074 1449 ηὐχόμην,
1105 1373 1489 1451 ἀπορρίψαντα.

1997 570 2379 640 mittendum,
2419 588 2558 644 quas
2597 573 2791 632 illudlt
2841 576 3091 641 amicos,
3124 590 3263 648 quas
3315 575 3562 633 ﬂuctuat
3606 581 3664 637 et

1997 659 2233 717 vacillat
2269 677 2283 727 ;
2314 660 2477 718 illam
2505 663 2891 735 rejiciendam
2918 680 3072 729 esse,
3103 681 3240 738 quae
3270 665 3436 739 quod
3463 665 3662 739 ipsam

1998 754 2245 822 spectat,
2282 750 2412 821 jam
2456 753 2696 809 recessit
2731 759 2789 809 et
2830 753 3071 827 reliquit
3100 753 3324 825 sedem,
3369 771 3509 811 cum
3539 771 3662 813 non

1998 842 2152 894 esset
2178 838 2345 894 oneri
2369 840 2722 898 sustinendo
2746 857 2879 914 par,
2901 857 3040 915 quas
3067 841 3260 899 verbis
3294 847 3469 899 tenus
3519 843 3663 903 arri-

1996 924 2096 981 det
2123 930 2376 994 tantum,
2422 943 2483 984 re
2509 933 2713 986 autem
2752 930 2890 1002 ipsa
2936 946 3043 1003 per
3072 930 3443 988 tetricitatem
3468 935 3524 989 et
3549 933 3660 990 de-

1992 1015 2217 1086 jectum
2251 1016 2480 1074 vultum
2507 1033 2544 1074 a
2565 1018 2838 1090 partibus
2865 1019 3132 1076 consistit
3157 1020 3443 1077 hostium.
3485 1022 3659 1088 Quod

1994 1103 2289 1177 reliquum
2312 1106 2499 1173 est,id
2526 1107 2694 1180 quod
2725 1108 2992 1175 volebas,
3023 1109 3133 1164 ales
3155 1108 3477 1166 amicitiam
3499 1109 3657 1166 abri-

1996 1207 2198 1265 puere,
2240 1194 2706 1266 etprovidentim
2738 1195 3068 1254 refocillant
3100 1196 3344 1254 thalami
3378 1215 3392 1254 :
3422 1213 3534 1270 ego
3562 1215 3658 1257 res

1994 1297 2163 1338 meas
2185 1281 2332 1338 mihi
2356 1284 2545 1340 reddo
2570 1283 2895 1342 familiares
2919 1302 2934 1353 ;
2962 1301 3073 1342 nec
3090 1286 3286 1343 adhuc
3300 1286 3444 1343 mihi
3471 1288 3657 1345 medi-

1995 1369 2131 1426 cina
2162 1385 2317 1444 opus
2342 1377 2445 1438 est,
2489 1376 2594 1429 aut
2632 1374 2940 1431 curatione
2972 1374 3113 1440 ulla,
3141 1373 3231 1431 vel
3270 1391 3306 1431 a
3344 1391 3656 1450 quoquam

274 1466 679 1533 miseratione,
708 1466 932 1522 nedum
955 1464 1208 1537 alicujus
1239 1460 1680 1519 intercessione.
1709 1459 1896 1528 Quem
1937 1458 2096 1514 enim
2127 1459 2418 1527 desidero,
2458 1460 2621 1518 hunc
2645 1462 2948 1535 possideo,
2970 1462 3137 1520 omni
3167 1463 3382 1521 morbo
3401 1470 3457 1522 et
3482 1466 3646 1523 vale-

271 1555 482 1611 tudine
512 1555 906 1627 superiorem,
937 1553 1168 1627 quique
1210 1550 1524 1623 vestigium
1564 1549 1760 1606 omnis
1791 1547 2162 1619 aegritudinis
2194 1554 2423 1606 metum
2470 1550 2564 1609 vel
2616 1551 2937 1609 minimum
2998 1567 3302 1624 generose,
3360 1557 3426 1610 ut
3476 1558 3649 1627 opta-

278 1643 494 1711 verim,
522 1643 765 1715 rejiciat.

897 1739 1108 1787 ΕΠῙΣΤ.
1141 1730 1263 1786 PA'.

271 1821 531 1896 Εὐσεϐείᾳ
587 1821 907 1896 μοναςξούσῂΔ
938 1826 1039 1896 ,καὶ
1115 1822 1372 1896 ᾖγουμένῃ
1446 1816 1884 1894 παραμυθητικὴ,

710 1893 793 1947 ἐπὶ
842 1890 1036 1967 ἀδελφῇ
1071 1890 1275 1951 τελευτὴ
1285 1890 1448 1964 σάση.

2658 1728 2873 1788 EPIST.
2903 1731 2989 1787 CI.

1993 1813 2269 1874 Eusebia
2289 1816 2614 1888 monachos,
2646 1823 2699 1875 et
2732 1817 3066 1947 Ιιιὶἕρηνιῗηω
3097 1816 3170 1876 de
3209 1819 3432 1877 sororis
3461 1819 3652 1887 obitu,

2597 1905 2772 1947 conso
2869 1905 2901 1947 ο
2962 1905 3019 1947 α.

2597 1905 3019 1947 εοηεοιαῑονια.

1547 1986 1839 2037 Montacut.
1873 1987 1982 2044 (ep.
2011 1984 2122 2042 245,
2154 1999 2213 2050 p.
2239 1987 2372 2050 372).

345 2081 406 2135 Εἰ
455 2084 544 2153 μὲν
594 2080 679 2155 ἀφ’
723 2083 868 2154 ἡμῶν
906 2082 932 2134 ό
991 2082 1208 2144 θάνατος
1256 2083 1475 2152 ἤρχετο,
1536 2082 1626 2129 καὶ
1677 2082 1875 2150 πρῶτοι

2059 2072 2119 2129 Si
2149 2091 2185 2132 a
2212 2075 2390 2134 nobis
2420 2093 2584 2133 mors
2614 2076 2923 2151 inciperet,
2952 2080 3007 2133 et
3029 2076 3301 2135 omnium
3331 2077 3393 2134 in
3434 2093 3651 2147 genere

270 2166 370 2224 διὰ
414 2178 507 2224 τοῦ
562 2175 742 2243 γένους
791 2170 865 2233 εἰς
900 2178 1081 2245 πεῖραν
1112 2169 1271 2222 αὐτοῦ
1316 2167 1700 2240 καθιστάμεθα,
1743 2163 1879 2216 εἰκό-

265 2279 367 2320 τως
419 2258 480 2311 ἄν
551 2262 618 2322 ὡς
678 2256 1056 2334 ἀπροσδοκήτῳ
1107 2263 1197 2312 καὶ
1270 2265 1430 2327 καινῷ
1516 2257 1879 2329 περιπεσόντες

267 2348 657 2425 ἑθορυϐούμεθα
681 2356 754 2420 τῷ
808 2354 1161 2420 συμπτώματι
1194 2368 1206 2381 ο
1241 2346 1350 2399 ἐπεὶ
1393 2342 1472 2411 δε,
1525 2343 1608 2417 ἀφ’
1640 2342 1701 2396 οὗ
1730 2343 1881 2414 γεγό-

266 2458 421 2491 νασιν
487 2440 771 2513 ἅνθρωποι,
828 2439 935 2511 ζωῇ
991 2442 1082 2490 καὶ
1142 2439 1343 2508 θανάτῳ
1399 2435 1737 2511 μεριζόμεθα,
1791 2433 1878 2482 καὶ

268 2531 580 2601 προγονικόν
628 2529 861 2600 ὑπάρχει
908 2530 966 2579 τὸ
1016 2525 1275 2598 ἐπιτίμιον
1307 2546 1320 2559 -
1376 2533 1466 2577 καὶ
1504 2524 1598 2577 οὐκ
1640 2524 1781 2575 ἔστιν
1827 2521 1879 2582 ὅς

270 2622 511 2685 ζήσεται,
543 2620 633 2669 καὶ
664 2617 758 2669 οὐκ
796 2615 981 2687 ὄψεται
1012 2617 1228 2668 θάνατον
1259 2632 1270 2645 ⁸
1298 2619 1349 2667 τί
1403 2617 1460 2667 τό
1510 2614 1679 2665 κοινόν
1722 2612 1879 2683 χρεός

268 2703 415 2761 ἰδίαν
440 2708 637 2778 ζημίαν
672 2705 1027 2778 λογιζόμεθας
1069 2709 1179 2768 καὶ,
1222 2706 1291 2766 ὡς
1339 2707 1520 2761 καινὴν
1562 2699 1879 2758 ἀπαιτηθέν-

265 2816 350 2858 τες
380 2794 652 2868 εἴσπραξιν
694 2793 1126 2868 ἀπολοφυρόμεθα
1148 2809 1161 2859 ;
1186 2797 1276 2845 καὶ
1316 2791 1341 2843 ὃ
1374 2788 1517 2864 [οὐκ]
1545 2788 1684 2842 ἔστὶν
1711 2788 1878 2851 ἄλλως

263 2886 529 2957 γενέσθαι,
575 2880 690 2937 οὐδ’
742 2885 773 2942 ἡ
803 2887 958 2956 φύσις
1006 2882 1156 2934 ἄλλον
1204 2885 1358 2954 νόμον
1413 2879 1714 2944 ἐπίσταται,
1739 2886 1804 2939 ῶς
1824 2882 1876 2930 τὶ

264 2982 367 3027 τῶν
424 2969 737 3046 παραδόξων
810 2970 1381 3046 ὑπερεκπληττόμεθα;
1452 2972 1543 3021 καὶ
1622 2964 1874 3040 διδόαμεν

266 3062 486 3123 ἑαυτοὺς
534 3061 629 3115 οὐκ
682 3060 893 3132 εὖαγῶς,
962 3056 1086 3113 οὐδὲ
1150 3061 1287 3111 κατὰ
1362 3061 1484 3120 τοὺς
1539 3061 1726 3130 νόμους
1782 3062 1873 3108 τοῦ

263 3154 581 3225 πνεύματος,
624 3149 774 3212 ὅλους
802 3157 861 3223 τῇ
911 3149 1048 3206 λύπη
1097 3146 1500 3222 βαπτίζεσθαι;
1544 3151 1633 3198 καὶ
1684 3146 1874 3198 λανθά-

260 3260 434 3314 νομεν,
504 3242 720 3293 θάνατον
796 3247 1055 3311 συγγενῶν
1132 3234 1459 3313 ὀδυρόμενοι,
1540 3236 1741 3296 ἕαυτοῖς
1801 3242 1871 3305 τῷ

264 3332 442 3403 θρήνῳ
466 3332 553 3382 τόν
603 3331 824 3381 θάνατον
876 3327 1506 3400 συγκατασκευάζοντες;
1568 3329 1772 3390 Καὶτοι,
1825 3322 1871 3375 εἰ

1988 2168 2197 2221 nostro
2228 2166 2403 2236 primi
2430 2181 2541 2221 nos
2570 2165 2733 2222 illam
2781 2167 3211 2238 experiremur,
3266 2168 3478 2224 merito
3515 2167 3650 2241 qui-

1988 2252 2148 2319 dem,
2170 2258 2233 2310 ut
2261 2253 2336 2310 de
2349 2270 2411 2310 re
2432 2254 2837 2328 inexspectata
2857 2258 3209 2313 etinusitato
3233 2272 3380 2312 casu
3411 2263 3649 2314 contur-

1986 2341 2290 2400 baremur.
2313 2346 2385 2401 At
2404 2360 2542 2401 cum
2563 2351 2697 2418 post
2718 2345 2995 2403 homines
3014 2347 3275 2419 primum
3298 2352 3472 2403 natos
3496 2347 3649 2403 inter

1988 2430 2170 2488 vitam
2201 2439 2255 2488 et
2289 2440 2541 2490 mortem
2576 2434 2941 2504 dividemur,
2993 2450 3253 2509 cumque
3311 2435 3646 2508 majoribus

1987 2521 2208 2578 nostris
2232 2521 2522 2580 inﬂictum
2552 2525 2625 2580 sit
2654 2525 3039 2598 supplicium,
3075 2540 3186 2581 nee
3223 2524 3298 2582 sit
3342 2524 3448 2598 qui
3476 2525 3641 2597 vivit,

1987 2611 2131 2684 quin
2146 2612 2407 2682 gustabit
2425 2617 2676 2670 mortem
2697 2631 2710 2670 :
2726 2630 3049 2671 commune
3070 2614 3338 2671 debitum
3351 2629 3646 2687 quorsum

1985 2714 2098 2755 nos
2131 2706 2192 2756 ut
2216 2702 2512 2772 peculiare
2541 2703 2834 2759 damnum
2867 2708 3238 2775 reputamus,
3263 2708 3320 2760 et
3351 2707 3646 2777 tanquam

1987 2788 2063 2844 ad
2094 2790 2325 2846 noviter
2354 2791 2848 2863 superinductam
2873 2792 3230 2850 solutionem
3247 2792 3444 2849 adacti
3464 2791 3649 2864 gemi-

1983 2894 2122 2934 mus
2152 2880 2183 2937 ?
2219 2884 2276 2935 et
2329 2896 2468 2937 cum
2502 2880 2669 2937 aliter
2715 2881 2845 2937 ﬁeri
2880 2897 3002 2938 non
3046 2882 3256 2955 possit,
3303 2897 3413 2938 nec
3450 2881 3645 2954 legem

1983 2966 2260 3025 admittat
2285 2974 2498 3026 natura
2519 2969 2721 3040 aliam,
2740 2985 2846 3026 cur
2868 2975 3157 3044 tanquam
3180 2978 3388 3043 praeter
3412 2970 3647 3042 opinio-

1982 3071 2122 3112 nem
2146 3058 2590 3127 contingentem
2619 3058 2695 3114 ad
2719 3074 2854 3114 eam
2885 3058 3342 3124 conturbamur,
3368 3064 3427 3116 et
3455 3058 3639 3115 tradiv

1983 3161 2118 3201 mus
2139 3162 2249 3202 nos
2280 3147 2521 3203 maerori
2546 3147 3015 3219 immergendos,
3048 3164 3169 3204 non
3208 3151 3414 3204 sancto
3440 3147 3644 3220 aliquo

1982 3250 2166 3301 more,
2191 3241 2296 3292 aut
2337 3236 2670 3294 secundum
2717 3237 2879 3308 leges
2935 3237 3176 3311 spiritus
3203 3238 3233 3295 ?
3272 3238 3472 3295 Nosne
3500 3236 3645 3295 latet

1979 3325 2126 3380 dum
2155 3330 2404 3381 mortem
2430 3326 2605 3382 nobis
2626 3325 2894 3383 afﬁnium
2917 3326 3215 3396 lugemus,
3245 3342 3357 3383 nos
3383 3332 3643 3385 mortem

259 3422 354 3494 μὲν
383 3418 615 3491 χαλεπὸν
648 3418 674 3470 ὁ
729 3419 962 3482 θάνατος,
1007 3421 1059 3469 τί
1088 3424 1267 3468 τοῦτον
1313 3415 1514 3476 ἑαυτοῖς
1556 3413 1871 3484 ἐπιταχύνο-

1984 3414 2157 3471 nobis
2185 3415 2332 3487 ipsis
2362 3431 2469 3488 per
2494 3415 2723 3473 luctum
2745 3415 3042 3474 adornare
3066 3417 3095 3473 ?
3120 3416 3291 3482 Quod
3311 3417 3361 3473 si
3376 3432 3470 3473 res
3488 3417 3643 3473 adeo

259 3528 353 3582 μιν
383 3512 509 3575 ;καὶ
538 3511 625 3560 τὸν
660 3509 777 3582 ὅρον
806 3513 898 3559 τοῦ
928 3505 1169 3559 Πλάστου
1208 3507 1408 3577 φθάσαι
1439 3501 1473 3557 δ
1479 3504 1821 3575 ιανιστάμεθα
1852 3518 1867 3567 ;

263 3599 324 3651 Εἰ
383 3593 433 3650 δ’
480 3596 673 3670 ἀγαθον
716 3601 806 3648 καὶ
858 3600 1134 3670 σωτήριον,
1178 3599 1230 3646 τί
1284 3597 1402 3655 τοὺς
1450 3592 1870 3664 ἀποικουμένους,

257 3691 352 3740 καὶ
409 3690 524 3739 τότε
567 3690 737 3759 κρίσει
778 3691 871 3737 τοῦ
925 3688 1209 3748 Δεσπότου,
1260 3687 1392 3758 πέρα
1421 3690 1511 3734 τοῦ
1552 3686 1763 3757 μετρίου
1787 3700 1872 3734 κο-

261 3776 546 3843 πτόμεθα;
589 3771 812 3843 Ἀδελφὴ
881 3793 966 3847 με,
1020 3779 1199 3845 φησὶν,
1251 3771 1597 3844 ἐγκατέλιπεν,
1647 3773 1678 3829 ἡ
1739 3775 1867 3843 μόνη

258 3867 395 3939 μετά
440 3867 568 3918 Θεὸν
617 3862 939 3938 παραψυχὴ,
995 3871 1096 3916 τῶν
1141 3862 1385 3937 λυπηρῶν
1438 3862 1468 3920 ἡ
1516 3858 1869 3933 παράκλησις,

254 3963 356 4009 τῶν
405 3951 645 4025 ἀλγεινῶν
674 3955 705 4012 ἡ
760 3948 1026 4018 διάλυσις,
1057 3954 1087 4011 ἡ
1131 3956 1306 4025 πρώτη
1347 3959 1447 4003 τῶν
1498 3949 1870 4025 εὖφραινόντων

257 4044 529 4105 ὑπόθεσις.
593 4046 693 4096 Καὶ
746 4046 797 4094 τί
845 4048 1043 4107 reare;
1098 4045 1189 4093 καὶ
1228 4045 1402 4113 πατήρ
1454 4059 1512 4093 σε
1558 4043 1649 4091 καὶ
1696 4042 1871 4112 μήτηρ

258 4130 611 4204 προλέλοιπεν,
692 4134 782 4183 καὶ
850 4136 1116 4202 συγγενεῖς
1174 4128 1339 4194 ἄλλοι,
1400 4134 1489 4181 καὶ
1544 4130 1601 4181 τό
1681 4131 1874 4202 μέχρις

260 4217 442 4293 Ἀδάμ
486 4223 627 4292 γένος
668 4217 1063 4294 ἀναφερόμενον.
1111 4220 1178 4271 Σὺ
1239 4214 1300 4271 δὲ
1352 4218 1506 4270 πάλιν
1552 4216 1734 4277 ἄλλους
1781 4235 1873 4269 κα-

257 4308 543 4380 ταλείψεις,
572 4313 661 4360 καὶ
692 4307 787 4361 οὐκ
816 4311 957 4360 ἔστιν
987 4308 1170 4381 εὑρεῖν,
1228 4306 1283 4359 ὃν
1323 4306 1382 4358 οὗ
1434 4306 1671 4359 πλεῖστοι
1715 4325 1875 4358 κατα-

257 4397 629 4471 λιμπάνουσιν.
663 4392 890 4468 Ἀδελφή
923 4396 1193 4448 κατέλιπεν
1245 4392 1471 4468 ἀδελφῆν
1505 4417 1518 4429 ο
1571 4393 1679 4447 ἀλλ’
1732 4394 1872 4469 εὗρεν

259 4491 383 4550 τοὺς
457 4484 810 4559 προλαϐόντας
866 4490 1178 4557 γεννήτορας
1209 4506 1221 4519 ·
1279 4484 1542 4538 κατέλιπεν
1621 4480 1868 4558 ἀδελφὴν,

262 4575 372 4628 ἀλλ’
422 4574 494 4637 εἰς
540 4579 626 4627 τόν
675 4577 847 4627 κοινόν
908 4578 1172 4631 Δεσπότην
1214 4578 1305 4627 καὶ
1336 4578 1542 4646 Πατέρα
1597 4570 1871 4647 ἀπεδήμη-

263 4683 350 4717 σεν
377 4684 390 4696 ·
432 4661 562 4715 ἀλλὰ
608 4666 737 4737 πρός
786 4661 982 4721 ἐκείνην
1039 4666 1134 4721 τὴν
1193 4661 1476 4728 πολιτείαν,
1525 4665 1650 4736 πρὸς
1682 4662 1741 4721 ἢν
1780 4667 1869 4715 καὶ

1979 3504 2132 3560 dura
2163 3520 2325 3561 mors
2349 3509 2459 3573 est,
2499 3520 2606 3561 cur
2629 3520 2764 3562 eam
2788 3505 2869 3562 ita
2899 3504 3073 3561 nobis
3096 3504 3502 3561 acceleramus
3526 3506 3556 3563 7
3587 3508 3642 3563 et

1980 3599 2186 3651 contra
2222 3593 2415 3664 legem
2447 3592 2738 3650 Creatoris
2776 3594 2964 3651 nostri
2995 3594 3387 3664 insurgimus,
3412 3599 3479 3650 ut
3506 3609 3642 3651 eam

1980 3684 2422 3755 praeveniamus
2443 3682 2584 3739 ?Sin
2608 3699 2639 3739 e
2668 3682 2847 3740 bonis
2877 3685 2951 3739 sit
2967 3687 3026 3739 et
3047 3682 3433 3749 salutaribus,
3454 3699 3642 3756 quor-

1981 3788 2117 3826 sum
2149 3771 2464 3828 defunctos
2509 3778 2584 3828 de
2626 3773 2860 3829 Domini
2894 3772 3185 3829 sententia
3215 3771 3368 3829 ultra
3394 3787 3642 3829 omnem

1978 3859 2230 3915 modum
2249 3859 2637 3930 deploramus
2652 3861 2682 3917 7
2705 3863 2882 3917 Soror
2895 3877 2988 3917 me
3002 3860 3259 3933 reliquit,
3272 3860 3531 3931 inquies,
3547 3877 3643 3919 so-

1979 3949 2104 4003 lum
2126 3952 2262 4021 post
2292 3950 2477 4003 Deum
2505 3946 2775 4003 solamen
2824 3963 3050 4013 meum,
3086 3947 3310 4004 doloris
3355 3947 3637 4014 lenimen,

1981 4035 2315 4093 acerbitatis
2343 4035 2713 4107 dissipatrix,
2735 4035 3064 4108 principale
3090 4036 3305 4092 laetitiae
3326 4052 3477 4092 meae
3500 4036 3636 4093 sub-

1973 4123 2218 4197 jectum.
2248 4127 2314 4181 Et
2337 4124 2481 4197 quid
2516 4130 2641 4181 tum
2673 4130 2881 4197 postea
2908 4123 2938 4181 7
2968 4124 3139 4181 Pater
3169 4130 3219 4182 te
3250 4130 3307 4181 et
3336 4130 3529 4181 mater
3558 4139 3639 4182 an

1980 4230 2102 4271 non
2114 4213 2579 4287 dereliquerunt,
2593 4213 2830 4285 cognati
2845 4229 3088 4288 quoque
3102 4213 3222 4284 alii,
3240 4219 3298 4270 et
3312 4213 3391 4269 ab
3403 4213 3637 4271 Adamo

1979 4304 2227 4374 longum
2266 4318 2456 4375 genus
2485 4303 2515 4360 ‘I
2563 4308 2618 4360 et
2650 4308 2710 4360 tu
2752 4308 2890 4377 post
2914 4308 2970 4359 te
2994 4302 3296 4376 relinques
3328 4301 3497 4366 alios,
3526 4317 3638 4360 nec

1980 4393 2245 4449 invenies
2278 4392 2472 4448 virum
2500 4408 2681 4465 quem
2700 4407 2822 4448 non
2839 4390 3079 4464 plurimi
3100 4391 3434 4448 deseruere.
3458 4392 3638 4449 Soror

1978 4481 2236 4539 deseruit
2266 4495 2554 4548 sororem,
2587 4480 2693 4537 sed
2722 4484 3003 4554 parentes
3046 4480 3270 4537 invenit
3298 4480 3638 4553 praeceden-

1979 4577 2064 4629 tes
2094 4589 2109 4639 ;
2136 4571 2395 4627 deseruit
2428 4586 2715 4639 sororem,
2749 4572 2851 4626 sed
2890 4570 2967 4626 ad
2988 4569 3311 4626 Dominum
3341 4574 3398 4627 et
3424 4584 3639 4642 paren-

1977 4666 2096 4718 tem
2117 4675 2503 4717 communem
2535 4659 2680 4716 abiit
2707 4675 2722 4727 ;
2746 4659 2807 4716 in
2832 4659 2996 4716 illam
3022 4656 3639 4730 migravitrempubli-

260 4754 415 4825 ἠμεῖς
472 4753 815 4823 πορευόμεθα.
876 4748 1000 4805 Εἶτα
1047 4753 1129 4804 ὅτι
1159 4755 1249 4823 μέν
1300 4771 1358 4805 σε
1418 4751 1730 4818 κατέλειπεν,
1787 4750 1868 4804 λο-

1984 4766 2131 4816 cam,
2164 4750 2242 4807 ad
2270 4764 2458 4823 quam
2488 4764 2600 4805 nos
2627 4763 2871 4822 quoque
2898 4746 3225 4821 pergimus.
3253 4746 3357 4813 Tu,
3384 4746 3552 4820 quod
3581 4751 3636 4806 te

259 4842 392 4915 γίζῃ
426 4862 439 4875 ·
497 4842 638 4903 οἴους
670 4837 728 4894 δι
766 4839 1040 4893 κατέλαϐεν
1092 4841 1185 4892 οὐκ
1239 4838 1464 4905 ἒννοεῖςς
1529 4844 1628 4893 Καὶ
1666 4843 1724 4892 τό
1777 4843 1867 4912 μὲν

265 4939 425 5002 σῶμα
453 4934 645 4990 στένεις
682 4930 763 4981 ὅτι
810 4929 916 5001 οὐχ
968 4930 1089 5002 ὁρᾷς
1114 4950 1128 4963 ο
1194 4930 1224 4987 ἡ
1289 4925 1349 4982 δι
1381 4927 1536 5000 ψυχὴ
1568 4930 1649 4981 ὅτι
1679 4927 1867 5001 μᾶλλον

262 5017 526 5071 ἀκώλυτον
566 5019 706 5091 εὗρεν
751 5022 844 5075 τὴν
893 5020 1025 5092 πρὸς
1085 5020 1142 5070 σε
1197 5020 1498 5089 συνάφειαν,
1548 5018 1607 5070 οὗ
1659 5023 1869 5094 χαίρεις

265 5113 490 5179 συνορᾷν
524 5127 536 5140 ·
592 5112 683 5158 καὶ
750 5107 829 5158 ὅτι
882 5108 972 5177 μεν
1047 5107 1285 5179 φθαρτῶν
1358 5104 1653 5179 ἀπηλλάγη,
1724 5103 1870 5161 δεινά

261 5203 431 5259 ποιεῖς
457 5217 470 5230 ·
503 5197 582 5249 ὃτι
622 5192 682 5249 δι
710 5203 809 5248 τῶν
853 5193 1128 5268 ἀφθάρτων
1157 5193 1425 5260 ἀπολαύει,
1462 5194 1520 5248 οὗ
1550 5200 1687 5268 μέγα
1738 5197 1864 5270 ἡγῇ.

264 5292 382 5347 Πῶς
407 5280 500 5338 δαὶ
529 5290 619 5337 καὶ
646 5284 912 5337 κατέλιπεν
946 5303 961 5349 ;
991 5284 1034 5336 εἰ
1085 5286 1174 5354 μεν
1217 5283 1290 5345 εἰς
1336 5287 1394 5336 τὸ
1443 5288 1514 5357 μὴ
1572 5284 1625 5337 ὃν
1659 5285 1868 5357 ὑπεχώ-

260 5393 444 5449 ρησεν,
479 5373 523 5426 εἰ
570 5373 657 5426 ὑπ’
711 5372 867 5432 ἄλλην
912 5371 1150 5435 ἐξουσίαν
1194 5377 1282 5424 καὶ
1329 5378 1614 5445 κυριότητα
1641 5378 1867 5445 γέγονεν,

261 5468 382 5517 τότε
433 5461 494 5514 ἀν
550 5463 686 5536 ἡμᾶς
739 5465 808 5525 ὡς
860 5460 1066 5524 ἀληθῶς
1108 5459 1479 5534 ἐγκατέλειπεν·
1550 5462 1612 5516 Εἰ
1689 5458 1749 5516 δε
1803 5471 1867 5536 τῇ

263 5552 401 5625 αὐτῇ
461 5551 675 5625 παλάμῃ
734 5558 1035 5626 φρουρεῖται
1095 5558 1187 5604 τοῦ
1248 5549 1566 5617 Πλάσαντος,
1635 5555 1726 5604 καὶ
1782 5554 1870 5604 τόν

264 5641 428 5696 αὐτὸν
463 5640 658 5716 Κύριον
708 5636 1037 5703 δεσπόζοντά
1089 5658 1144 5694 τε
1181 5645 1272 5694 καὶ⁵
1319 5641 1692 5717 προνοούμενον
1743 5642 1871 5714 ἑχο-

1977 4838 2258 4905 deseruit,
2287 4852 2730 4895 commemoras
2756 4853 2771 4904 ;
2796 4841 2857 4893 at
2879 4852 3032 4910 quos
3053 4834 3299 4906 invenit,
3321 4850 3446 4893 non
3474 4851 3636 4894 reco-

1975 4927 2048 4985 lis
2082 4945 2097 4996 ;
2129 4927 2296 5002 quod
2342 4942 2562 5000 corpus
2594 4942 2716 4983 non
2746 4926 3054 4994 intuearis,
3087 4924 3280 4998 gemis
3314 4940 3330 4994 ;
3361 4928 3425 4982 at
3468 4925 3638 5000 quod

1977 5017 2182 5075 anima
2201 5031 2323 5074 non
2343 5016 2792 5089 impediendam
2822 5020 3018 5072 tecum
3049 5014 3531 5088 conjunctionem
3550 5015 3639 5073 in-

1978 5107 2159 5172 venit,
2202 5106 2315 5163 hoc
2345 5121 2467 5162 non
2492 5120 2956 5171 commemoras,
2997 5120 3135 5162 cum
3166 5103 3391 5176 gaudio
3420 5104 3639 5164 intueri

1977 5210 2101 5253 non
2126 5210 2318 5251 curas.
2351 5194 2517 5261 Quod
2548 5211 2585 5251 a
2607 5194 2987 5266 corruptione
3013 5194 3291 5267 expedita
3312 5194 3407 5259 sit,
3430 5208 3639 5266 grava-

1978 5286 2086 5342 tim
2120 5284 2233 5340 fers
2267 5284 2476 5357 ;quod
2500 5282 2732 5340 fruatur
2773 5282 3219 5355 incorruptione
3276 5296 3399 5339 non
3429 5283 3636 5355 magni

1980 5373 2147 5430 facis.
2181 5375 2394 5428 Verum
2442 5376 2497 5428 te
2542 5370 2853 5445 quomodo
2890 5369 3243 5444 dereliquit?
3285 5373 3449 5429 Certe
3488 5372 3540 5428 si
3575 5371 3640 5428 in

1980 5478 2104 5520 non
2134 5476 2241 5518 ens
2282 5461 2574 5528 reciderit,
2616 5461 2665 5518 si
2705 5460 2767 5517 in
2799 5458 3046 5518 alienam
3068 5457 3543 5532 jurisdictionem
3582 5462 3641 5516 et

1983 5555 2336 5624 potestatem
2367 5549 2533 5622 abiit,
2554 5554 2685 5608 tum
2706 5548 2936 5607 fatebor
2950 5563 3084 5606 eam
3098 5563 3206 5605 nos
3226 5547 3636 5622 dereliquisse.

1987 5639 2156 5709 Quod
2186 5639 2235 5697 si
2264 5640 2479 5699 eadem
2498 5639 2832 5699 Conditoris
2858 5638 2951 5697 sui
2977 5636 3259 5697 manibus
3275 5636 3634 5706 custoditur;
