  <div class='ocr_page' id='page_1' title='image "/cluster/home/n/w/nwhite01/storage/ocr_20150623/102/hvd.32044073502155/493.png"; bbox 0 0 4072 6232; ppageno 0'>
   <div class='ocr_carea' id='block_1_1' title="bbox 556 293 3856 355">
    <p class='ocr_par' dir='ltr' id='par_1_1' title="bbox 556 293 3856 355">
     <span class='ocr_line' id='line_1_1' title="bbox 556 293 3856 355; baseline 0 -1"><span class='ocrx_word' id='word_1_1' title='bbox 556 297 665 355; x_wconf 80' lang='grc'><strong>919</strong></span> <span class='ocrx_word' id='word_1_2' title='bbox 1785 294 2022 351; x_wconf 82' lang='lat' dir='ltr'><strong>PHOTll</strong></span> <span class='ocrx_word' id='word_1_3' title='bbox 2063 294 2542 352; x_wconf 69' lang='lat' dir='ltr'><strong>PATRIARCHA‘Z</strong></span> <span class='ocrx_word' id='word_1_4' title='bbox 2581 293 2690 350; x_wconf 90' lang='lat' dir='ltr'><strong>CP.</strong></span> <span class='ocrx_word' id='word_1_5' title='bbox 3783 301 3856 354; x_wconf 74' lang='lat'><strong>920</strong></span> 
     </span>
    </p>
   </div>
   <div class='ocr_carea' id='block_1_2' title="bbox 554 414 2201 493">
    <p class='ocr_par' dir='ltr' id='par_1_2' title="bbox 554 419 2201 493">
     <span class='ocr_line' id='line_1_2' title="bbox 554 419 2201 493; baseline -0.001 -15"><span class='ocrx_word' id='word_1_6' title='bbox 554 424 600 478; x_wconf 91' lang='lat' dir='ltr'><strong>si</strong></span> <span class='ocrx_word' id='word_1_7' title='bbox 633 422 914 478; x_wconf 91' lang='lat' dir='ltr'><strong>eumdem</strong></span> <span class='ocrx_word' id='word_1_8' title='bbox 962 437 1075 477; x_wconf 91' lang='lat' dir='ltr'><strong>nos</strong></span> <span class='ocrx_word' id='word_1_9' title='bbox 1109 425 1166 478; x_wconf 93' lang='lat' dir='ltr'><strong>et</strong></span> <span class='ocrx_word' id='word_1_10' title='bbox 1197 419 1295 477; x_wconf 91' lang='lat' dir='ltr'><strong>illa</strong></span> <span class='ocrx_word' id='word_1_11' title='bbox 1327 421 1645 477; x_wconf 89' lang='lat' dir='ltr'><strong>Dominum</strong></span> <span class='ocrx_word' id='word_1_12' title='bbox 1703 421 2104 493; x_wconf 83' lang='lat' dir='ltr'><strong>imperantem</strong></span> <span class='ocrx_word' id='word_1_13' title='bbox 2154 423 2201 476; x_wconf 91' lang='lat' dir='ltr'><strong>el</strong></span> 
     </span>
    </p>
   </div>
   <div class='ocr_carea' id='block_1_3' title="bbox 2312 414 3862 493">
    <p class='ocr_par' dir='ltr' id='par_1_3' title="bbox 2321 414 3862 493">
     <span class='ocr_line' id='line_1_3' title="bbox 2321 414 3862 493; baseline -0.003 -21"><span class='ocrx_word' id='word_1_14' title='bbox 2321 438 2430 491; x_wconf 83' lang='grc' dir='ltr'>μεν,</span> <span class='ocrx_word' id='word_1_15' title='bbox 2461 422 2552 471; x_wconf 84' lang='grc' dir='ltr'>καὶ</span> <span class='ocrx_word' id='word_1_16' title='bbox 2593 419 2624 476; x_wconf 79' lang='grc' dir='ltr'><strong>ἠ</strong></span> <span class='ocrx_word' id='word_1_17' title='bbox 2667 417 2798 476; x_wconf 82' lang='grc' dir='ltr'><strong>αύτή</strong></span> <span class='ocrx_word' id='word_1_18' title='bbox 2841 416 3100 493; x_wconf 75' lang='grc' dir='ltr'>ἔκατέροις</span> <span class='ocrx_word' id='word_1_19' title='bbox 3140 414 3382 493; x_wconf 76' lang='grc' dir='ltr'>διατριϐή</span> <span class='ocrx_word' id='word_1_20' title='bbox 3413 437 3470 472; x_wconf 89' lang='grc' dir='ltr'><strong>τε</strong></span> <span class='ocrx_word' id='word_1_21' title='bbox 3531 423 3620 471; x_wconf 82' lang='grc' dir='ltr'>καὶ</span> <span class='ocrx_word' id='word_1_22' title='bbox 3654 428 3862 480; x_wconf 70' lang='grc' dir='ltr'>κατασκή.</span> 
     </span>
    </p>
   </div>
   <div class='ocr_carea' id='block_1_4' title="bbox 555 509 2212 585">
    <p class='ocr_par' dir='ltr' id='par_1_4' title="bbox 555 509 2212 585">
     <span class='ocr_line' id='line_1_4' title="bbox 555 509 2212 585; baseline -0.002 -18"><span class='ocrx_word' id='word_1_23' title='bbox 555 518 970 585; x_wconf 81' lang='lat' dir='ltr'><strong>procurantem</strong></span> <span class='ocrx_word' id='word_1_24' title='bbox 1003 511 1330 580; x_wconf 85' lang='lat' dir='ltr'><strong>habemus;</strong></span> <span class='ocrx_word' id='word_1_25' title='bbox 1365 511 1412 564; x_wconf 88' lang='lat' dir='ltr'><strong>si</strong></span> <span class='ocrx_word' id='word_1_26' title='bbox 1443 510 1651 565; x_wconf 89' lang='lat' dir='ltr'><strong>eadem</strong></span> <span class='ocrx_word' id='word_1_27' title='bbox 1682 509 1971 566; x_wconf 75' lang='lat' dir='ltr'><strong>habitatio</strong></span> <span class='ocrx_word' id='word_1_28' title='bbox 1995 515 2052 564; x_wconf 90' lang='lat' dir='ltr'><strong>et</strong></span> <span class='ocrx_word' id='word_1_29' title='bbox 2073 525 2212 564; x_wconf 90' lang='lat' dir='ltr'><strong>con-</strong></span> 
     </span>
    </p>
   </div>
   <div class='ocr_carea' id='block_1_5' title="bbox 553 598 2210 672">
    <p class='ocr_par' dir='ltr' id='par_1_5' title="bbox 553 598 2210 672">
     <span class='ocr_line' id='line_1_5' title="bbox 553 598 2210 672; baseline -0.001 -16"><span class='ocrx_word' id='word_1_30' title='bbox 553 603 814 656; x_wconf 78' lang='lat' dir='ltr'><strong>versatio</strong></span> <span class='ocrx_word' id='word_1_31' title='bbox 867 600 1131 672; x_wconf 90' lang='lat' dir='ltr'><strong>utrisque</strong></span> <span class='ocrx_word' id='word_1_32' title='bbox 1177 603 1522 670; x_wconf 80' lang='lat' dir='ltr'><strong>apparatur,</strong></span> <span class='ocrx_word' id='word_1_33' title='bbox 1555 599 1600 653; x_wconf 91' lang='lat' dir='ltr'><strong>si</strong></span> <span class='ocrx_word' id='word_1_34' title='bbox 1642 598 1803 654; x_wconf 83' lang='lat' dir='ltr'><strong>illam</strong></span> <span class='ocrx_word' id='word_1_35' title='bbox 1864 598 2046 654; x_wconf 87' lang='lat' dir='ltr'><strong>habet</strong></span> <span class='ocrx_word' id='word_1_36' title='bbox 2093 598 2210 654; x_wconf 85' lang='lat' dir='ltr'><strong>vita</strong></span> 
     </span>
    </p>
   </div>
   <div class='ocr_carea' id='block_1_6' title="bbox 556 688 2210 759">
    <p class='ocr_par' dir='ltr' id='par_1_6' title="bbox 556 688 2210 759">
     <span class='ocr_line' id='line_1_6' title="bbox 556 688 2210 759; baseline -0.002 -14"><span class='ocrx_word' id='word_1_37' title='bbox 556 689 920 745; x_wconf 89' lang='lat' dir='ltr'><strong>tumultuum</strong></span> <span class='ocrx_word' id='word_1_38' title='bbox 964 704 1198 759; x_wconf 86' lang='lat' dir='ltr'><strong>expers,</strong></span> <span class='ocrx_word' id='word_1_39' title='bbox 1257 703 1366 742; x_wconf 92' lang='lat' dir='ltr'><strong>nos</strong></span> <span class='ocrx_word' id='word_1_40' title='bbox 1422 692 1620 743; x_wconf 91' lang='lat' dir='ltr'><strong>autem</strong></span> <span class='ocrx_word' id='word_1_41' title='bbox 1665 688 1941 743; x_wconf 87' lang='lat' dir='ltr'><strong>ﬂuctibus</strong></span> <span class='ocrx_word' id='word_1_42' title='bbox 2000 689 2210 743; x_wconf 88' lang='lat' dir='ltr'><strong>etiam-</strong></span> 
     </span>
    </p>
   </div>
   <div class='ocr_carea' id='block_1_7' title="bbox 556 775 2207 851">
    <p class='ocr_par' dir='ltr' id='par_1_7' title="bbox 556 775 2207 851">
     <span class='ocr_line' id='line_1_7' title="bbox 556 775 2207 851; baseline -0.001 -17"><span class='ocrx_word' id='word_1_43' title='bbox 556 795 701 834; x_wconf 88' lang='lat' dir='ltr'><strong>num</strong></span> <span class='ocrx_word' id='word_1_44' title='bbox 726 779 934 851; x_wconf 86' lang='lat' dir='ltr'><strong>jactati</strong></span> <span class='ocrx_word' id='word_1_45' title='bbox 963 775 1437 832; x_wconf 89' lang='lat' dir='ltr'><strong>circumferimur</strong></span> <span class='ocrx_word' id='word_1_46' title='bbox 1469 795 1482 832; x_wconf 87' lang='lat'><strong>:</strong></span> <span class='ocrx_word' id='word_1_47' title='bbox 1512 793 1699 848; x_wconf 91' lang='lat' dir='ltr'><strong>quare</strong></span> <span class='ocrx_word' id='word_1_48' title='bbox 1721 777 1973 834; x_wconf 88' lang='lat' dir='ltr'><strong>dicenda</strong></span> <span class='ocrx_word' id='word_1_49' title='bbox 1997 782 2084 832; x_wconf 89' lang='lat' dir='ltr'><strong>est</strong></span> <span class='ocrx_word' id='word_1_50' title='bbox 2109 776 2207 833; x_wconf 90' lang='lat' dir='ltr'><strong>illa</strong></span> 
     </span>
    </p>
   </div>
   <div class='ocr_carea' id='block_1_8' title="bbox 557 866 2204 938">
    <p class='ocr_par' dir='ltr' id='par_1_8' title="bbox 557 866 2204 938">
     <span class='ocr_line' id='line_1_8' title="bbox 557 866 2204 938; baseline -0.001 -16"><span class='ocrx_word' id='word_1_51' title='bbox 557 883 668 924; x_wconf 90' lang='lat' dir='ltr'><strong>nos</strong></span> <span class='ocrx_word' id='word_1_52' title='bbox 687 866 1073 938; x_wconf 90' lang='lat' dir='ltr'><strong>dereliquisse</strong></span> <span class='ocrx_word' id='word_1_53' title='bbox 1105 867 1133 922; x_wconf 75' lang='grc'><strong>7</strong></span> <span class='ocrx_word' id='word_1_54' title='bbox 1161 866 1216 922; x_wconf 89' lang='lat' dir='ltr'><strong>Si</strong></span> <span class='ocrx_word' id='word_1_55' title='bbox 1247 881 1367 920; x_wconf 94' lang='lat' dir='ltr'><strong>non</strong></span> <span class='ocrx_word' id='word_1_56' title='bbox 1401 866 1475 921; x_wconf 90' lang='lat' dir='ltr'><strong>ad</strong></span> <span class='ocrx_word' id='word_1_57' title='bbox 1504 867 1784 921; x_wconf 89' lang='lat' dir='ltr'><strong>eumdem</strong></span> <span class='ocrx_word' id='word_1_58' title='bbox 1816 867 2032 938; x_wconf 81' lang='lat' dir='ltr'><strong>quietis</strong></span> <span class='ocrx_word' id='word_1_59' title='bbox 2075 881 2204 937; x_wconf 78' lang='grc' dir='ltr'><strong>ροτ⁶</strong></span> 
     </span>
    </p>
   </div>
   <div class='ocr_carea' id='block_1_9' title="bbox 557 955 2208 1012">
    <p class='ocr_par' dir='ltr' id='par_1_9' title="bbox 557 955 2208 1012">
     <span class='ocr_line' id='line_1_9' title="bbox 557 955 2208 1012; baseline 0 -2"><span class='ocrx_word' id='word_1_60' title='bbox 557 961 685 1012; x_wconf 92' lang='lat' dir='ltr'><strong>tum</strong></span> <span class='ocrx_word' id='word_1_61' title='bbox 713 973 892 1011; x_wconf 88' lang='lat' dir='ltr'><strong>cursu</strong></span> <span class='ocrx_word' id='word_1_62' title='bbox 922 955 1125 1011; x_wconf 84' lang='lat' dir='ltr'><strong>directi</strong></span> <span class='ocrx_word' id='word_1_63' title='bbox 1157 955 1419 1010; x_wconf 83' lang='lat' dir='ltr'><strong>feramur</strong></span> <span class='ocrx_word' id='word_1_64' title='bbox 1459 971 1471 1008; x_wconf 89' lang='lat'>:</span> <span class='ocrx_word' id='word_1_65' title='bbox 1503 955 1549 1010; x_wconf 89' lang='lat' dir='ltr'><strong>si</strong></span> <span class='ocrx_word' id='word_1_66' title='bbox 1582 971 1701 1010; x_wconf 92' lang='lat' dir='ltr'><strong>non</strong></span> <span class='ocrx_word' id='word_1_67' title='bbox 1729 955 1939 1010; x_wconf 90' lang='lat' dir='ltr'><strong>eadem</strong></span> <span class='ocrx_word' id='word_1_68' title='bbox 1972 955 2208 1010; x_wconf 85' lang='lat' dir='ltr'><strong>insista-</strong></span> 
     </span>
    </p>
   </div>
   <div class='ocr_carea' id='block_1_10' title="bbox 558 1043 2204 1116">
    <p class='ocr_par' dir='ltr' id='par_1_10' title="bbox 558 1043 2204 1116">
     <span class='ocr_line' id='line_1_10' title="bbox 558 1043 2204 1116; baseline -0.001 -15"><span class='ocrx_word' id='word_1_69' title='bbox 558 1062 692 1101; x_wconf 92' lang='lat' dir='ltr'><strong>mus</strong></span> <span class='ocrx_word' id='word_1_70' title='bbox 724 1045 818 1099; x_wconf 90' lang='lat' dir='ltr'><strong>via</strong></span> <span class='ocrx_word' id='word_1_71' title='bbox 844 1064 855 1103; x_wconf 92' lang='lat'>:</span> <span class='ocrx_word' id='word_1_72' title='bbox 879 1044 924 1098; x_wconf 90' lang='lat' dir='ltr'><strong>si</strong></span> <span class='ocrx_word' id='word_1_73' title='bbox 941 1060 1060 1100; x_wconf 92' lang='lat' dir='ltr'><strong>non</strong></span> <span class='ocrx_word' id='word_1_74' title='bbox 1078 1048 1132 1099; x_wconf 93' lang='lat' dir='ltr'><strong>et</strong></span> <span class='ocrx_word' id='word_1_75' title='bbox 1147 1060 1256 1099; x_wconf 92' lang='lat' dir='ltr'><strong>nos</strong></span> <span class='ocrx_word' id='word_1_76' title='bbox 1277 1060 1518 1116; x_wconf 87' lang='lat' dir='ltr'><strong>quoque</strong></span> <span class='ocrx_word' id='word_1_77' title='bbox 1535 1043 1672 1098; x_wconf 85' lang='lat' dir='ltr'><strong>ﬁnis</strong></span> <span class='ocrx_word' id='word_1_78' title='bbox 1694 1044 1855 1100; x_wconf 91' lang='lat' dir='ltr'><strong>idem</strong></span> <span class='ocrx_word' id='word_1_79' title='bbox 1871 1049 2204 1116; x_wconf 79' lang='lat' dir='ltr'><strong>exspectet;</strong></span> 
     </span>
    </p>
   </div>
   <div class='ocr_carea' id='block_1_11' title="bbox 558 1133 2206 1204">
    <p class='ocr_par' dir='ltr' id='par_1_11' title="bbox 558 1133 2206 1204">
     <span class='ocr_line' id='line_1_11' title="bbox 558 1133 2206 1204; baseline -0.001 -15"><span class='ocrx_word' id='word_1_80' title='bbox 558 1140 683 1190; x_wconf 91' lang='lat' dir='ltr'><strong>tum</strong></span> <span class='ocrx_word' id='word_1_81' title='bbox 713 1133 1192 1188; x_wconf 84' lang='lat' dir='ltr'><strong>ratiocinandum</strong></span> <span class='ocrx_word' id='word_1_82' title='bbox 1219 1133 1330 1188; x_wconf 88' lang='lat' dir='ltr'><strong>fuit</strong></span> <span class='ocrx_word' id='word_1_83' title='bbox 1359 1149 1488 1189; x_wconf 84' lang='lat' dir='ltr'><strong>eam</strong></span> <span class='ocrx_word' id='word_1_84' title='bbox 1517 1133 1898 1204; x_wconf 90' lang='lat' dir='ltr'><strong>dereliquisse</strong></span> <span class='ocrx_word' id='word_1_85' title='bbox 1929 1151 1942 1199; x_wconf 92' lang='lat'><strong>;</strong></span> <span class='ocrx_word' id='word_1_86' title='bbox 1971 1139 2091 1187; x_wconf 86' lang='lat' dir='ltr'><strong>tum</strong></span> <span class='ocrx_word' id='word_1_87' title='bbox 2123 1133 2206 1188; x_wconf 92' lang='lat' dir='ltr'><strong>di-</strong></span> 
     </span>
    </p>
   </div>
   <div class='ocr_carea' id='block_1_12' title="bbox 554 1221 2210 1293">
    <p class='ocr_par' dir='ltr' id='par_1_12' title="bbox 554 1221 2210 1293">
     <span class='ocr_line' id='line_1_12' title="bbox 554 1221 2210 1293; baseline 0 -16"><span class='ocrx_word' id='word_1_88' title='bbox 554 1223 814 1278; x_wconf 79' lang='lat' dir='ltr'><strong>vortium</strong></span> <span class='ocrx_word' id='word_1_89' title='bbox 848 1222 1071 1277; x_wconf 88' lang='lat' dir='ltr'><strong>factum</strong></span> <span class='ocrx_word' id='word_1_90' title='bbox 1099 1221 1539 1292; x_wconf 90' lang='lat' dir='ltr'><strong>deplorandum</strong></span> <span class='ocrx_word' id='word_1_91' title='bbox 1569 1222 1695 1277; x_wconf 91' lang='lat' dir='ltr'><strong>fuit.</strong></span> <span class='ocrx_word' id='word_1_92' title='bbox 1721 1223 1818 1279; x_wconf 90' lang='lat' dir='ltr'><strong>Sin</strong></span> <span class='ocrx_word' id='word_1_93' title='bbox 1854 1238 1991 1277; x_wconf 86' lang='lat' dir='ltr'><strong>vero</strong></span> <span class='ocrx_word' id='word_1_94' title='bbox 2023 1222 2210 1293; x_wconf 88' lang='lat' dir='ltr'><strong>quod-</strong></span> 
     </span>
    </p>
   </div>
   <div class='ocr_carea' id='block_1_13' title="bbox 555 1311 2209 1385">
    <p class='ocr_par' dir='ltr' id='par_1_13' title="bbox 555 1311 2209 1385">
     <span class='ocr_line' id='line_1_13' title="bbox 555 1311 2209 1385; baseline 0 -19"><span class='ocrx_word' id='word_1_95' title='bbox 555 1327 815 1385; x_wconf 90' lang='lat' dir='ltr'><strong>cumque</strong></span> <span class='ocrx_word' id='word_1_96' title='bbox 841 1311 969 1383; x_wconf 86' lang='lat' dir='ltr'><strong>quis</strong></span> <span class='ocrx_word' id='word_1_97' title='bbox 999 1311 1244 1365; x_wconf 90' lang='lat' dir='ltr'><strong>consilio</strong></span> <span class='ocrx_word' id='word_1_98' title='bbox 1274 1312 1472 1382; x_wconf 78' lang='lat' dir='ltr'><strong>agitet,</strong></span> <span class='ocrx_word' id='word_1_99' title='bbox 1501 1315 1803 1380; x_wconf 88' lang='lat' dir='ltr'><strong>etagendo</strong></span> <span class='ocrx_word' id='word_1_100' title='bbox 1833 1311 2115 1382; x_wconf 83' lang='lat' dir='ltr'><strong>perficiat,</strong></span> <span class='ocrx_word' id='word_1_101' title='bbox 2139 1326 2209 1366; x_wconf 93' lang='lat' dir='ltr'><strong>eo</strong></span> 
     </span>
    </p>
   </div>
   <div class='ocr_carea' id='block_1_14' title="bbox 556 1399 2209 1472">
    <p class='ocr_par' dir='ltr' id='par_1_14' title="bbox 556 1399 2209 1472">
     <span class='ocr_line' id='line_1_14' title="bbox 556 1399 2209 1472; baseline -0.001 -17"><span class='ocrx_word' id='word_1_102' title='bbox 556 1405 788 1455; x_wconf 89' lang='lat' dir='ltr'><strong>tantum</strong></span> <span class='ocrx_word' id='word_1_103' title='bbox 816 1400 1132 1455; x_wconf 81' lang='lat' dir='ltr'><strong>contendat</strong></span> <span class='ocrx_word' id='word_1_104' title='bbox 1163 1418 1175 1452; x_wconf 89' lang='lat'><strong>:</strong></span> <span class='ocrx_word' id='word_1_105' title='bbox 1201 1399 1345 1472; x_wconf 91' lang='lat' dir='ltr'><strong>quid</strong></span> <span class='ocrx_word' id='word_1_106' title='bbox 1381 1400 1597 1455; x_wconf 83' lang='lat' dir='ltr'><strong>frustra</strong></span> <span class='ocrx_word' id='word_1_107' title='bbox 1630 1399 1972 1471; x_wconf 86' lang='lat' dir='ltr'><strong>plangimus</strong></span> <span class='ocrx_word' id='word_1_108' title='bbox 1998 1399 2026 1455; x_wconf 80' lang='lat'><strong>?</strong></span> <span class='ocrx_word' id='word_1_109' title='bbox 2058 1399 2209 1466; x_wconf 91' lang='lat' dir='ltr'><strong>Quid</strong></span> 
     </span>
    </p>
   </div>
   <div class='ocr_carea' id='block_1_15' title="bbox 556 1487 2208 1561">
    <p class='ocr_par' dir='ltr' id='par_1_15' title="bbox 556 1487 2208 1561">
     <span class='ocr_line' id='line_1_15' title="bbox 556 1487 2208 1561; baseline 0.001 -18"><span class='ocrx_word' id='word_1_110' title='bbox 556 1487 669 1560; x_wconf 83' lang='lat' dir='ltr'><strong>legi</strong></span> <span class='ocrx_word' id='word_1_111' title='bbox 689 1495 916 1545; x_wconf 68' lang='lat' dir='ltr'><strong>naturm</strong></span> <span class='ocrx_word' id='word_1_112' title='bbox 930 1489 1480 1554; x_wconf 85' lang='lat' dir='ltr'><strong>obmurmuramus,</strong></span> <span class='ocrx_word' id='word_1_113' title='bbox 1496 1504 1566 1544; x_wconf 92' lang='lat' dir='ltr'><strong>eo</strong></span> <span class='ocrx_word' id='word_1_114' title='bbox 1588 1489 1769 1561; x_wconf 87' lang='lat' dir='ltr'><strong>quod,</strong></span> <span class='ocrx_word' id='word_1_115' title='bbox 1793 1506 1927 1544; x_wconf 88' lang='lat' dir='ltr'><strong>cum</strong></span> <span class='ocrx_word' id='word_1_116' title='bbox 1946 1489 2208 1544; x_wconf 84' lang='lat' dir='ltr'><strong>mortalis</strong></span> 
     </span>
    </p>
   </div>
   <div class='ocr_carea' id='block_1_16' title="bbox 558 1577 2210 1650">
    <p class='ocr_par' dir='ltr' id='par_1_16' title="bbox 558 1577 2210 1650">
     <span class='ocr_line' id='line_1_16' title="bbox 558 1577 2210 1650; baseline 0 -16"><span class='ocrx_word' id='word_1_117' title='bbox 558 1579 882 1644; x_wconf 84' lang='lat' dir='ltr'><strong>exsisteret,</strong></span> <span class='ocrx_word' id='word_1_118' title='bbox 919 1577 1092 1633; x_wconf 88' lang='lat' dir='ltr'><strong>morti</strong></span> <span class='ocrx_word' id='word_1_119' title='bbox 1121 1578 1467 1633; x_wconf 79' lang='lat' dir='ltr'><strong>subservivit</strong></span> <span class='ocrx_word' id='word_1_120' title='bbox 1494 1595 1506 1642; x_wconf 92' lang='lat'><strong>;</strong></span> <span class='ocrx_word' id='word_1_121' title='bbox 1537 1580 1700 1650; x_wconf 93' lang='lat' dir='ltr'><strong>quod</strong></span> <span class='ocrx_word' id='word_1_122' title='bbox 1730 1578 2061 1650; x_wconf 65' lang='lat' dir='ltr'><strong>aaqualibus</strong></span> <span class='ocrx_word' id='word_1_123' title='bbox 2079 1594 2210 1650; x_wconf 87' lang='lat' dir='ltr'><strong>spa-</strong></span> 
     </span>
    </p>
   </div>
   <div class='ocr_carea' id='block_1_17' title="bbox 564 1667 2210 1739">
    <p class='ocr_par' dir='ltr' id='par_1_17' title="bbox 564 1667 2210 1739">
     <span class='ocr_line' id='line_1_17' title="bbox 564 1667 2210 1739; baseline 0 -17"><span class='ocrx_word' id='word_1_124' title='bbox 564 1668 654 1723; x_wconf 90' lang='lat' dir='ltr'><strong>tiis</strong></span> <span class='ocrx_word' id='word_1_125' title='bbox 683 1684 819 1723; x_wconf 90' lang='lat' dir='ltr'><strong>cum</strong></span> <span class='ocrx_word' id='word_1_126' title='bbox 844 1673 1025 1739; x_wconf 88' lang='lat' dir='ltr'><strong>patre,</strong></span> <span class='ocrx_word' id='word_1_127' title='bbox 1060 1671 1272 1734; x_wconf 88' lang='lat' dir='ltr'><strong>matre,</strong></span> <span class='ocrx_word' id='word_1_128' title='bbox 1299 1668 1574 1722; x_wconf 86' lang='lat' dir='ltr'><strong>universo</strong></span> <span class='ocrx_word' id='word_1_129' title='bbox 1596 1682 1810 1734; x_wconf 81' lang='lat' dir='ltr'><strong>genere</strong></span> <span class='ocrx_word' id='word_1_130' title='bbox 1840 1669 2019 1723; x_wconf 88' lang='lat' dir='ltr'><strong>vitam</strong></span> <span class='ocrx_word' id='word_1_131' title='bbox 2053 1667 2210 1723; x_wconf 92' lang='lat' dir='ltr'><strong>hanc</strong></span> 
     </span>
    </p>
   </div>
   <div class='ocr_carea' id='block_1_18' title="bbox 2319 507 3860 584">
    <p class='ocr_par' dir='ltr' id='par_1_18' title="bbox 2319 507 3860 584">
     <span class='ocr_line' id='line_1_18' title="bbox 2319 507 3860 584; baseline 0 -24"><span class='ocrx_word' id='word_1_132' title='bbox 2319 528 2474 569; x_wconf 90' lang='grc' dir='ltr'>νωσις</span> <span class='ocrx_word' id='word_1_133' title='bbox 2529 508 2858 576; x_wconf 72' lang='grc' dir='ltr'>ἐτοιμάζεται</span> <span class='ocrx_word' id='word_1_134' title='bbox 2893 529 2906 542; x_wconf 83' lang='lat'><strong>&#39;</strong></span> <span class='ocrx_word' id='word_1_135' title='bbox 2963 507 3058 560; x_wconf 76' lang='grc' dir='ltr'>κᾶν</span> <span class='ocrx_word' id='word_1_136' title='bbox 3117 513 3211 567; x_wconf 82' lang='grc' dir='ltr'>τὴν</span> <span class='ocrx_word' id='word_1_137' title='bbox 3255 512 3342 580; x_wconf 75' lang='grc' dir='ltr'>μὲν</span> <span class='ocrx_word' id='word_1_138' title='bbox 3400 507 3513 567; x_wconf 81' lang='grc' dir='ltr'><strong>ἤδη</strong></span> <span class='ocrx_word' id='word_1_139' title='bbox 3565 508 3768 581; x_wconf 75' lang='grc' dir='ltr'>θορύϐων</span> <span class='ocrx_word' id='word_1_140' title='bbox 3793 516 3860 584; x_wconf 56' lang='grc' dir='ltr'><strong>ἔχῃ</strong></span> 
     </span>
    </p>
   </div>
   <div class='ocr_carea' id='block_1_19' title="bbox 2322 595 3868 674">
    <p class='ocr_par' dir='ltr' id='par_1_19' title="bbox 2322 595 3868 674">
     <span class='ocr_line' id='line_1_19' title="bbox 2322 595 3868 674; baseline 0.002 -24"><span class='ocrx_word' id='word_1_141' title='bbox 2322 597 2438 670; x_wconf 86' lang='grc' dir='ltr'>βίος</span> <span class='ocrx_word' id='word_1_142' title='bbox 2489 597 2764 672; x_wconf 73' lang='grc' dir='ltr'>ἐλεύθερος,</span> <span class='ocrx_word' id='word_1_143' title='bbox 2818 599 2971 669; x_wconf 56' lang='lat' dir='ltr'><strong>ipsi;</strong></span> <span class='ocrx_word' id='word_1_144' title='bbox 3010 595 3068 650; x_wconf 72' lang='lat' dir='ltr'><strong>di</strong></span> <span class='ocrx_word' id='word_1_145' title='bbox 3125 600 3202 650; x_wconf 80' lang='grc' dir='ltr'>ἔτι</span> <span class='ocrx_word' id='word_1_146' title='bbox 3241 605 3311 668; x_wconf 83' lang='grc' dir='ltr'>τῷ</span> <span class='ocrx_word' id='word_1_147' title='bbox 3355 603 3657 670; x_wconf 75' lang='grc' dir='ltr'><strong>κυμαίνοντι</strong></span> <span class='ocrx_word' id='word_1_148' title='bbox 3708 619 3868 674; x_wconf 61' lang='grc' dir='ltr'>περιφε-</span> 
     </span>
    </p>
   </div>
   <div class='ocr_carea' id='block_1_20' title="bbox 2316 684 3864 760">
    <p class='ocr_par' dir='ltr' id='par_1_20' title="bbox 2316 684 3864 760">
     <span class='ocr_line' id='line_1_20' title="bbox 2316 684 3864 760; baseline 0.002 -22"><span class='ocrx_word' id='word_1_149' title='bbox 2316 687 2514 758; x_wconf 87' lang='grc' dir='ltr'>ρόμεθα</span> <span class='ocrx_word' id='word_1_150' title='bbox 2544 700 2561 718; x_wconf 83' lang='grc'>⁶</span> <span class='ocrx_word' id='word_1_151' title='bbox 2615 694 2720 746; x_wconf 86' lang='grc' dir='ltr'><strong>πῶς</strong></span> <span class='ocrx_word' id='word_1_152' title='bbox 2770 687 2907 758; x_wconf 83' lang='grc' dir='ltr'>ἡμᾶς</span> <span class='ocrx_word' id='word_1_153' title='bbox 2964 684 3362 757; x_wconf 78' lang='grc' dir='ltr'>ἐγκατελειπεν;</span> <span class='ocrx_word' id='word_1_154' title='bbox 3416 686 3479 738; x_wconf 87' lang='grc' dir='ltr'><strong>Εἰ</strong></span> <span class='ocrx_word' id='word_1_155' title='bbox 3531 692 3602 758; x_wconf 71' lang='grc' dir='ltr'>μὴ</span> <span class='ocrx_word' id='word_1_156' title='bbox 3651 691 3762 760; x_wconf 87' lang='grc' dir='ltr'>πρὸς</span> <span class='ocrx_word' id='word_1_157' title='bbox 3804 694 3864 741; x_wconf 69' lang='grc' dir='ltr'>τὸν</span> 
     </span>
    </p>
   </div>
   <div class='ocr_carea' id='block_1_21' title="bbox 2317 773 3870 848">
    <p class='ocr_par' dir='ltr' id='par_1_21' title="bbox 2317 773 3870 848">
     <span class='ocr_line' id='line_1_21' title="bbox 2317 773 3870 848; baseline 0.002 -22"><span class='ocrx_word' id='word_1_158' title='bbox 2317 773 2470 826; x_wconf 81' lang='grc' dir='ltr'>αὐτὸν</span> <span class='ocrx_word' id='word_1_159' title='bbox 2524 779 2614 827; x_wconf 86' lang='lat' dir='ltr'><strong>xui</strong></span> <span class='ocrx_word' id='word_1_160' title='bbox 2661 776 2812 846; x_wconf 74' lang='grc' dir='ltr'>ἡμεῖς</span> <span class='ocrx_word' id='word_1_161' title='bbox 2854 773 3213 848; x_wconf 77' lang='grc' dir='ltr'>κνϐερνώμεθα</span> <span class='ocrx_word' id='word_1_162' title='bbox 3262 782 3353 835; x_wconf 87' lang='grc' dir='ltr'>τῆς</span> <span class='ocrx_word' id='word_1_163' title='bbox 3416 778 3770 837; x_wconf 82' lang='grc' dir='ltr'>καταπαύσεως</span> <span class='ocrx_word' id='word_1_164' title='bbox 3810 777 3870 830; x_wconf 88' lang='grc' dir='ltr'>λι-</span> 
     </span>
    </p>
   </div>
   <div class='ocr_carea' id='block_1_22' title="bbox 2317 861 3867 936">
    <p class='ocr_par' dir='ltr' id='par_1_22' title="bbox 2317 861 3867 936">
     <span class='ocr_line' id='line_1_22' title="bbox 2317 861 3867 936; baseline 0.003 -21"><span class='ocrx_word' id='word_1_165' title='bbox 2317 867 2444 935; x_wconf 83' lang='grc' dir='ltr'>μένα</span> <span class='ocrx_word' id='word_1_166' title='bbox 2465 881 2477 893; x_wconf 85' lang='lat'><strong>&#39;</strong></span> <span class='ocrx_word' id='word_1_167' title='bbox 2508 868 2552 916; x_wconf 87' lang='grc' dir='ltr'><strong>εί</strong></span> <span class='ocrx_word' id='word_1_168' title='bbox 2577 868 2649 935; x_wconf 75' lang='grc' dir='ltr'>μὴ</span> <span class='ocrx_word' id='word_1_169' title='bbox 2684 868 2771 922; x_wconf 80' lang='grc' dir='ltr'>τὴν</span> <span class='ocrx_word' id='word_1_170' title='bbox 2797 863 2957 922; x_wconf 72' lang='grc' dir='ltr'>αὐτὴν</span> <span class='ocrx_word' id='word_1_171' title='bbox 2983 861 3107 916; x_wconf 87' lang='grc' dir='ltr'>ὁδὸν</span> <span class='ocrx_word' id='word_1_172' title='bbox 3166 861 3201 916; x_wconf 91' lang='grc' dir='ltr'><strong>δ</strong></span> <span class='ocrx_word' id='word_1_173' title='bbox 3208 866 3457 936; x_wconf 90' lang='grc' dir='ltr'>ιανύωμεν</span> <span class='ocrx_word' id='word_1_174' title='bbox 3491 881 3504 894; x_wconf 87' lang='grc'><strong>·</strong></span> <span class='ocrx_word' id='word_1_175' title='bbox 3534 863 3576 916; x_wconf 82' lang='grc' dir='ltr'>εἰ</span> <span class='ocrx_word' id='word_1_176' title='bbox 3606 869 3671 936; x_wconf 75' lang='grc' dir='ltr'>μὴ</span> <span class='ocrx_word' id='word_1_177' title='bbox 3702 868 3750 917; x_wconf 80' lang='grc' dir='ltr'>τὸ</span> <span class='ocrx_word' id='word_1_178' title='bbox 3773 867 3867 919; x_wconf 69' lang='grc' dir='ltr'>αὐτὸ</span> 
     </span>
    </p>
   </div>
   <div class='ocr_carea' id='block_1_23' title="bbox 2317 950 3870 1026">
    <p class='ocr_par' dir='ltr' id='par_1_23' title="bbox 2317 950 3870 1026">
     <span class='ocr_line' id='line_1_23' title="bbox 2317 950 3870 1026; baseline -0.002 -16"><span class='ocrx_word' id='word_1_179' title='bbox 2317 955 2456 1024; x_wconf 79' lang='grc' dir='ltr'>ἡμᾶς</span> <span class='ocrx_word' id='word_1_180' title='bbox 2507 950 2784 1025; x_wconf 68' lang='grc' dir='ltr'>ἐκδέχεται</span> <span class='ocrx_word' id='word_1_181' title='bbox 2823 953 2964 1015; x_wconf 73' lang='grc' dir='ltr'>τέλος</span> <span class='ocrx_word' id='word_1_182' title='bbox 2988 974 3001 987; x_wconf 92' lang='grc'><strong>·</strong></span> <span class='ocrx_word' id='word_1_183' title='bbox 3041 951 3148 1007; x_wconf 77' lang='grc' dir='ltr'>ἔδει</span> <span class='ocrx_word' id='word_1_184' title='bbox 3179 957 3294 1006; x_wconf 80' lang='grc' dir='ltr'>τότε</span> <span class='ocrx_word' id='word_1_185' title='bbox 3347 953 3650 1024; x_wconf 75' lang='grc' dir='ltr'>λογίζεσθαι</span> <span class='ocrx_word' id='word_1_186' title='bbox 3689 959 3769 1013; x_wconf 75' lang='grc' dir='ltr'>τὴν</span> <span class='ocrx_word' id='word_1_187' title='bbox 3806 955 3870 1026; x_wconf 73' lang='grc' dir='ltr'><strong>ἔγ-</strong></span> 
     </span>
    </p>
   </div>
   <div class='ocr_carea' id='block_1_24' title="bbox 2316 1039 3870 1114">
    <p class='ocr_par' dir='ltr' id='par_1_24' title="bbox 2316 1039 3870 1114">
     <span class='ocr_line' id='line_1_24' title="bbox 2316 1039 3870 1114; baseline 0.001 -20"><span class='ocrx_word' id='word_1_188' title='bbox 2316 1042 2641 1114; x_wconf 75' lang='grc' dir='ltr'>κατάλειψιν,</span> <span class='ocrx_word' id='word_1_189' title='bbox 2692 1039 2799 1096; x_wconf 79' lang='grc' dir='ltr'>ἔδει</span> <span class='ocrx_word' id='word_1_190' title='bbox 2850 1048 2966 1096; x_wconf 89' lang='grc' dir='ltr'>τότε</span> <span class='ocrx_word' id='word_1_191' title='bbox 3012 1044 3211 1096; x_wconf 89' lang='grc' dir='ltr'>πενθεῖν</span> <span class='ocrx_word' id='word_1_192' title='bbox 3240 1046 3331 1100; x_wconf 83' lang='grc' dir='ltr'>τὴν</span> <span class='ocrx_word' id='word_1_193' title='bbox 3383 1039 3689 1099; x_wconf 89' lang='grc' dir='ltr'>διάστασιν.</span> <span class='ocrx_word' id='word_1_194' title='bbox 3744 1044 3794 1096; x_wconf 82' lang='grc' dir='ltr'>Εἰ</span> <span class='ocrx_word' id='word_1_195' title='bbox 3827 1041 3870 1098; x_wconf 77' lang='grc' dir='ltr'>δὶ</span> 
     </span>
    </p>
   </div>
   <div class='ocr_carea' id='block_1_25' title="bbox 2317 1130 3871 1205">
    <p class='ocr_par' dir='ltr' id='par_1_25' title="bbox 2317 1130 3871 1205">
     <span class='ocr_line' id='line_1_25' title="bbox 2317 1130 3871 1205; baseline 0.001 -21"><span class='ocrx_word' id='word_1_196' title='bbox 2317 1133 2416 1184; x_wconf 86' lang='grc' dir='ltr'>ὅσα</span> <span class='ocrx_word' id='word_1_197' title='bbox 2460 1133 2521 1183; x_wconf 79' lang='grc' dir='ltr'>ἄν</span> <span class='ocrx_word' id='word_1_198' title='bbox 2577 1151 2653 1192; x_wconf 89' lang='grc' dir='ltr'><strong>τις</strong></span> <span class='ocrx_word' id='word_1_199' title='bbox 2707 1136 2794 1184; x_wconf 82' lang='grc' dir='ltr'><strong>καὶ</strong></span> <span class='ocrx_word' id='word_1_200' title='bbox 2833 1130 3094 1205; x_wconf 76' lang='grc' dir='ltr'><strong>βουλεύσῃ</strong></span> <span class='ocrx_word' id='word_1_201' title='bbox 3129 1150 3183 1184; x_wconf 87' lang='grc' dir='ltr'><strong>τε</strong></span> <span class='ocrx_word' id='word_1_202' title='bbox 3228 1137 3318 1183; x_wconf 97' lang='lat' dir='ltr'><strong>xui</strong></span> <span class='ocrx_word' id='word_1_203' title='bbox 3351 1131 3551 1205; x_wconf 71' lang='grc' dir='ltr'>πράξῃ,</span> <span class='ocrx_word' id='word_1_204' title='bbox 3592 1133 3747 1184; x_wconf 84' lang='grc' dir='ltr'>πάντα</span> <span class='ocrx_word' id='word_1_205' title='bbox 3771 1137 3871 1204; x_wconf 81' lang='grc' dir='ltr'>πρὸς</span> 
     </span>
    </p>
   </div>
   <div class='ocr_carea' id='block_1_26' title="bbox 2319 1210 3873 1294">
    <p class='ocr_par' dir='ltr' id='par_1_26' title="bbox 2319 1210 3873 1294">
     <span class='ocr_line' id='line_1_26' title="bbox 2319 1210 3873 1294; baseline 0 -19"><span class='ocrx_word' id='word_1_206' title='bbox 2319 1210 2512 1280; x_wconf 67' lang='grc' dir='ltr'>εκείνην</span> <span class='ocrx_word' id='word_1_207' title='bbox 2561 1226 2652 1280; x_wconf 77' lang='grc' dir='ltr'>τὴν</span> <span class='ocrx_word' id='word_1_208' title='bbox 2708 1225 2868 1294; x_wconf 77' lang='grc' dir='ltr'>μονὴν</span> <span class='ocrx_word' id='word_1_209' title='bbox 2927 1221 3120 1293; x_wconf 81' lang='grc' dir='ltr'>ἀπάγει</span> <span class='ocrx_word' id='word_1_210' title='bbox 3150 1243 3162 1255; x_wconf 88' lang='grc'><strong>·</strong></span> <span class='ocrx_word' id='word_1_211' title='bbox 3196 1225 3247 1274; x_wconf 89' lang='grc' dir='ltr'><strong>τί</strong></span> <span class='ocrx_word' id='word_1_212' title='bbox 3298 1224 3468 1294; x_wconf 86' lang='grc' dir='ltr'>μάτην</span> <span class='ocrx_word' id='word_1_213' title='bbox 3505 1223 3873 1293; x_wconf 79' lang='grc' dir='ltr'>κοπτόμεθα;τί</span> 
     </span>
    </p>
   </div>
   <div class='ocr_carea' id='block_1_27' title="bbox 2321 1310 3873 1384">
    <p class='ocr_par' dir='ltr' id='par_1_27' title="bbox 2321 1310 3873 1384">
     <span class='ocr_line' id='line_1_27' title="bbox 2321 1310 3873 1384; baseline -0.001 -20"><span class='ocrx_word' id='word_1_214' title='bbox 2321 1310 2379 1364; x_wconf 77' lang='grc' dir='ltr'><strong>δε</strong></span> <span class='ocrx_word' id='word_1_215' title='bbox 2432 1313 2566 1363; x_wconf 83' lang='grc' dir='ltr'>κατὰ</span> <span class='ocrx_word' id='word_1_216' title='bbox 2610 1318 2703 1364; x_wconf 83' lang='grc' dir='ltr'>τοῦ</span> <span class='ocrx_word' id='word_1_217' title='bbox 2763 1316 2922 1382; x_wconf 88' lang='grc' dir='ltr'>νόμου</span> <span class='ocrx_word' id='word_1_218' title='bbox 2978 1319 3071 1374; x_wconf 82' lang='grc' dir='ltr'>τῆς</span> <span class='ocrx_word' id='word_1_219' title='bbox 3124 1313 3327 1384; x_wconf 71' lang='grc' dir='ltr'>φύσεως</span> <span class='ocrx_word' id='word_1_220' title='bbox 3382 1310 3766 1383; x_wconf 67' lang='grc' dir='ltr'><strong>χαλεπαίνομεν,</strong></span> <span class='ocrx_word' id='word_1_221' title='bbox 3811 1314 3873 1364; x_wconf 80' lang='grc' dir='ltr'>ὅτι</span> 
     </span>
    </p>
   </div>
   <div class='ocr_carea' id='block_1_28' title="bbox 2323 1399 3874 1476">
    <p class='ocr_par' dir='ltr' id='par_1_28' title="bbox 2323 1399 3874 1476">
     <span class='ocr_line' id='line_1_28' title="bbox 2323 1399 3874 1476; baseline -0.001 -23"><span class='ocrx_word' id='word_1_222' title='bbox 2323 1403 2506 1462; x_wconf 87' lang='grc' dir='ltr'>θνητός</span> <span class='ocrx_word' id='word_1_223' title='bbox 2552 1401 2619 1452; x_wconf 84' lang='grc' dir='ltr'>ὤν</span> <span class='ocrx_word' id='word_1_224' title='bbox 2657 1404 2751 1460; x_wconf 81' lang='grc' dir='ltr'>τὴν</span> <span class='ocrx_word' id='word_1_225' title='bbox 2785 1403 2940 1472; x_wconf 74' lang='grc' dir='ltr'>φύσιν</span> <span class='ocrx_word' id='word_1_226' title='bbox 2992 1402 3262 1474; x_wconf 79' lang='grc' dir='ltr'>ἄνθρωπος</span> <span class='ocrx_word' id='word_1_227' title='bbox 3311 1407 3385 1470; x_wconf 84' lang='grc' dir='ltr'>τῷ</span> <span class='ocrx_word' id='word_1_228' title='bbox 3439 1401 3640 1471; x_wconf 88' lang='grc' dir='ltr'>θανάτῳ</span> <span class='ocrx_word' id='word_1_229' title='bbox 3665 1399 3874 1476; x_wconf 71' lang='grc' dir='ltr'>ἐλειτούρ-</span> 
     </span>
    </p>
   </div>
   <div class='ocr_carea' id='block_1_29' title="bbox 2318 1491 3870 1564">
    <p class='ocr_par' dir='ltr' id='par_1_29' title="bbox 2318 1491 3870 1564">
     <span class='ocr_line' id='line_1_29' title="bbox 2318 1491 3870 1564; baseline 0 -22"><span class='ocrx_word' id='word_1_230' title='bbox 2318 1509 2480 1561; x_wconf 84' lang='grc' dir='ltr'>γησεν</span> <span class='ocrx_word' id='word_1_231' title='bbox 2514 1506 2526 1556; x_wconf 89' lang='grc'>;</span> <span class='ocrx_word' id='word_1_232' title='bbox 2562 1491 2638 1542; x_wconf 88' lang='grc' dir='ltr'>ὃτι</span> <span class='ocrx_word' id='word_1_233' title='bbox 2669 1491 2735 1542; x_wconf 84' lang='grc' dir='ltr'>τὰ</span> <span class='ocrx_word' id='word_1_234' title='bbox 2763 1493 2857 1542; x_wconf 85' lang='grc' dir='ltr'>ἶσα</span> <span class='ocrx_word' id='word_1_235' title='bbox 2883 1495 2969 1542; x_wconf 87' lang='lat' dir='ltr'><strong>xui</strong></span> <span class='ocrx_word' id='word_1_236' title='bbox 3003 1492 3157 1561; x_wconf 86' lang='grc' dir='ltr'>ὃμοια</span> <span class='ocrx_word' id='word_1_237' title='bbox 3181 1494 3343 1564; x_wconf 82' lang='grc' dir='ltr'>πατρὶ</span> <span class='ocrx_word' id='word_1_238' title='bbox 3372 1495 3464 1542; x_wconf 78' lang='grc' dir='ltr'>καὶ</span> <span class='ocrx_word' id='word_1_239' title='bbox 3515 1494 3672 1564; x_wconf 85' lang='grc' dir='ltr'>μητρὶ</span> <span class='ocrx_word' id='word_1_240' title='bbox 3719 1495 3870 1560; x_wconf 76' lang='grc' dir='ltr'>καὶτῷ</span> 
     </span>
    </p>
   </div>
   <div class='ocr_carea' id='block_1_30' title="bbox 2319 1575 3872 1654">
    <p class='ocr_par' dir='ltr' id='par_1_30' title="bbox 2319 1575 3872 1654">
     <span class='ocr_line' id='line_1_30' title="bbox 2319 1575 3872 1654; baseline -0.001 -22"><span class='ocrx_word' id='word_1_241' title='bbox 2319 1580 2481 1650; x_wconf 85' lang='grc' dir='ltr'>λοιπῷ</span> <span class='ocrx_word' id='word_1_242' title='bbox 2529 1582 2661 1652; x_wconf 78' lang='grc' dir='ltr'>γένει</span> <span class='ocrx_word' id='word_1_243' title='bbox 2727 1584 2814 1632; x_wconf 88' lang='grc' dir='ltr'><strong>τόν</strong></span> <span class='ocrx_word' id='word_1_244' title='bbox 2879 1585 3109 1654; x_wconf 89' lang='grc' dir='ltr'>παρόντα</span> <span class='ocrx_word' id='word_1_245' title='bbox 3161 1578 3277 1652; x_wconf 80' lang='grc' dir='ltr'>βίον</span> <span class='ocrx_word' id='word_1_246' title='bbox 3341 1575 3642 1652; x_wconf 75' lang='grc' dir='ltr'>διεπέρασεν</span> <span class='ocrx_word' id='word_1_247' title='bbox 3675 1595 3688 1643; x_wconf 86' lang='grc'>;</span> <span class='ocrx_word' id='word_1_248' title='bbox 3726 1584 3780 1632; x_wconf 85' lang='grc' dir='ltr'>Τί</span> <span class='ocrx_word' id='word_1_249' title='bbox 3833 1577 3872 1630; x_wconf 82' lang='grc' dir='ltr'>δ’</span> 
     </span>
    </p>
   </div>
   <div class='ocr_carea' id='block_1_31' title="bbox 2319 1667 3870 1744">
    <p class='ocr_par' dir='ltr' id='par_1_31' title="bbox 2319 1667 3870 1744">
     <span class='ocr_line' id='line_1_31' title="bbox 2319 1667 3870 1744; baseline -0.001 -23"><span class='ocrx_word' id='word_1_250' title='bbox 2319 1668 2483 1744; x_wconf 78' lang='grc' dir='ltr'>ἰχρῆν</span> <span class='ocrx_word' id='word_1_251' title='bbox 2518 1669 2592 1741; x_wconf 74' lang='grc' dir='ltr'><strong>ἐφ’</strong></span> <span class='ocrx_word' id='word_1_252' title='bbox 2644 1670 2788 1740; x_wconf 78' lang='grc' dir='ltr'>ἡμῶν</span> <span class='ocrx_word' id='word_1_253' title='bbox 2840 1674 2992 1740; x_wconf 90' lang='grc' dir='ltr'>μόνον</span> <span class='ocrx_word' id='word_1_254' title='bbox 3057 1667 3416 1740; x_wconf 76' lang='grc' dir='ltr'>ἀνατραπῆναι</span> <span class='ocrx_word' id='word_1_255' title='bbox 3476 1672 3569 1726; x_wconf 79' lang='grc' dir='ltr'>τήν</span> <span class='ocrx_word' id='word_1_256' title='bbox 3623 1671 3776 1740; x_wconf 74' lang='grc' dir='ltr'>φύσιν,</span> <span class='ocrx_word' id='word_1_257' title='bbox 3803 1673 3870 1720; x_wconf 80' lang='grc' dir='ltr'>καὶ</span> 
     </span>
    </p>
   </div>
   <div class='ocr_carea' id='block_1_32' title="bbox 559 1757 2201 1830">
    <p class='ocr_par' dir='ltr' id='par_1_32' title="bbox 559 1757 2201 1829">
     <span class='ocr_line' id='line_1_32' title="bbox 559 1757 2201 1829; baseline -0.001 -16"><span class='ocrx_word' id='word_1_258' title='bbox 559 1758 828 1813; x_wconf 85' lang='lat' dir='ltr'><strong>transivit</strong></span> <span class='ocrx_word' id='word_1_259' title='bbox 855 1758 882 1812; x_wconf 84' lang='lat'><strong>?</strong></span> <span class='ocrx_word' id='word_1_260' title='bbox 912 1759 997 1812; x_wconf 83' lang='lat' dir='ltr'><strong>An</strong></span> <span class='ocrx_word' id='word_1_261' title='bbox 1020 1762 1144 1814; x_wconf 89' lang='lat' dir='ltr'><strong>erat</strong></span> <span class='ocrx_word' id='word_1_262' title='bbox 1163 1773 1405 1829; x_wconf 78' lang='lat' dir='ltr'><strong>aequum</strong></span> <span class='ocrx_word' id='word_1_263' title='bbox 1433 1764 1495 1812; x_wconf 91' lang='lat' dir='ltr'><strong>ut</strong></span> <span class='ocrx_word' id='word_1_264' title='bbox 1524 1764 1726 1814; x_wconf 83' lang='lat' dir='ltr'><strong>nostra</strong></span> <span class='ocrx_word' id='word_1_265' title='bbox 1755 1775 1940 1814; x_wconf 89' lang='lat' dir='ltr'><strong>causa</strong></span> <span class='ocrx_word' id='word_1_266' title='bbox 1965 1757 2201 1813; x_wconf 90' lang='lat' dir='ltr'><strong>subrue-</strong></span> 
     </span>
    </p>
   </div>
   <div class='ocr_carea' id='block_1_33' title="bbox 2312 1757 3871 1830">
    <p class='ocr_par' dir='ltr' id='par_1_33' title="bbox 2321 1758 3871 1830">
     <span class='ocr_line' id='line_1_33' title="bbox 2321 1758 3871 1830; baseline -0.003 -20"><span class='ocrx_word' id='word_1_267' title='bbox 2321 1761 2660 1829; x_wconf 75' lang='grc' dir='ltr'>συγχυθῆναι</span> <span class='ocrx_word' id='word_1_268' title='bbox 2688 1761 2806 1820; x_wconf 81' lang='grc' dir='ltr'>τοὺς</span> <span class='ocrx_word' id='word_1_269' title='bbox 2853 1760 3004 1830; x_wconf 83' lang='grc' dir='ltr'>ὅρους</span> <span class='ocrx_word' id='word_1_270' title='bbox 3055 1765 3148 1820; x_wconf 82' lang='grc' dir='ltr'>τῆς</span> <span class='ocrx_word' id='word_1_271' title='bbox 3179 1763 3440 1822; x_wconf 88' lang='grc' dir='ltr'>κτίσεως;</span> <span class='ocrx_word' id='word_1_272' title='bbox 3486 1761 3539 1809; x_wconf 89' lang='grc' dir='ltr'><strong>τί</strong></span> <span class='ocrx_word' id='word_1_273' title='bbox 3589 1758 3685 1829; x_wconf 81' lang='grc' dir='ltr'><strong>γὰρ</strong></span> <span class='ocrx_word' id='word_1_274' title='bbox 3720 1758 3871 1830; x_wconf 80' lang='grc' dir='ltr'>προκύ-</span> 
     </span>
    </p>
   </div>
   <div class='ocr_carea' id='block_1_34' title="bbox 556 1846 2210 1910">
    <p class='ocr_par' dir='ltr' id='par_1_34' title="bbox 556 1846 2210 1910">
     <span class='ocr_line' id='line_1_34' title="bbox 556 1846 2210 1910; baseline 0.001 -9"><span class='ocrx_word' id='word_1_275' title='bbox 556 1851 717 1901; x_wconf 90' lang='lat' dir='ltr'><strong>retur</strong></span> <span class='ocrx_word' id='word_1_276' title='bbox 742 1849 1051 1910; x_wconf 91' lang='lat' dir='ltr'><strong>natura,et</strong></span> <span class='ocrx_word' id='word_1_277' title='bbox 1081 1852 1140 1901; x_wconf 91' lang='lat' dir='ltr'><strong>ut</strong></span> <span class='ocrx_word' id='word_1_278' title='bbox 1170 1846 1484 1901; x_wconf 90' lang='lat' dir='ltr'><strong>creationis</strong></span> <span class='ocrx_word' id='word_1_279' title='bbox 1519 1847 1748 1902; x_wconf 88' lang='lat' dir='ltr'><strong>termini</strong></span> <span class='ocrx_word' id='word_1_280' title='bbox 1779 1847 2210 1902; x_wconf 87' lang='lat' dir='ltr'><strong>confunderen-</strong></span> 
     </span>
    </p>
   </div>
   <div class='ocr_carea' id='block_1_35' title="bbox 555 1934 2206 2006">
    <p class='ocr_par' dir='ltr' id='par_1_35' title="bbox 555 1934 2206 2006">
     <span class='ocr_line' id='line_1_35' title="bbox 555 1934 2206 2006; baseline 0 -16"><span class='ocrx_word' id='word_1_281' title='bbox 555 1939 652 1990; x_wconf 88' lang='lat' dir='ltr'><strong>tur</strong></span> <span class='ocrx_word' id='word_1_282' title='bbox 672 1936 699 1991; x_wconf 71' lang='lat'><strong>7</strong></span> <span class='ocrx_word' id='word_1_283' title='bbox 734 1935 880 1990; x_wconf 90' lang='lat' dir='ltr'><strong>Nam</strong></span> <span class='ocrx_word' id='word_1_284' title='bbox 912 1935 1055 2006; x_wconf 92' lang='lat' dir='ltr'><strong>quid</strong></span> <span class='ocrx_word' id='word_1_285' title='bbox 1083 1951 1350 2006; x_wconf 91' lang='lat' dir='ltr'><strong>unquam</strong></span> <span class='ocrx_word' id='word_1_286' title='bbox 1373 1934 1581 2006; x_wconf 90' lang='lat' dir='ltr'><strong>prodiit</strong></span> <span class='ocrx_word' id='word_1_287' title='bbox 1613 1951 1714 2006; x_wconf 89' lang='lat' dir='ltr'><strong>per</strong></span> <span class='ocrx_word' id='word_1_288' title='bbox 1742 1936 2206 2005; x_wconf 79' lang='lat' dir='ltr'><strong>generationem,</strong></span> 
     </span>
    </p>
   </div>
   <div class='ocr_carea' id='block_1_36' title="bbox 553 2010 2210 2096">
    <p class='ocr_par' dir='ltr' id='par_1_36' title="bbox 553 2010 2210 2096">
     <span class='ocr_line' id='line_1_36' title="bbox 553 2010 2210 2096; baseline 0.001 -18"><span class='ocrx_word' id='word_1_289' title='bbox 553 2024 718 2096; x_wconf 90' lang='lat' dir='ltr'><strong>quod</strong></span> <span class='ocrx_word' id='word_1_290' title='bbox 743 2039 860 2078; x_wconf 93' lang='lat' dir='ltr'><strong>non</strong></span> <span class='ocrx_word' id='word_1_291' title='bbox 875 2024 1120 2080; x_wconf 90' lang='lat' dir='ltr'><strong>demum</strong></span> <span class='ocrx_word' id='word_1_292' title='bbox 1154 2038 1259 2095; x_wconf 89' lang='lat' dir='ltr'><strong>per</strong></span> <span class='ocrx_word' id='word_1_293' title='bbox 1275 2010 1735 2079; x_wconf 83' lang='lat' dir='ltr'><strong>dissolutionem</strong></span> <span class='ocrx_word' id='word_1_294' title='bbox 1767 2031 1820 2079; x_wconf 89' lang='lat' dir='ltr'><strong>et</strong></span> <span class='ocrx_word' id='word_1_295' title='bbox 1849 2030 2097 2079; x_wconf 90' lang='lat' dir='ltr'><strong>mortem</strong></span> <span class='ocrx_word' id='word_1_296' title='bbox 2124 2041 2210 2080; x_wconf 91' lang='lat' dir='ltr'><strong>re-</strong></span> 
     </span>
    </p>
   </div>
   <div class='ocr_carea' id='block_1_37' title="bbox 553 2111 2209 2186">
    <p class='ocr_par' dir='ltr' id='par_1_37' title="bbox 553 2111 2209 2186">
     <span class='ocr_line' id='line_1_37' title="bbox 553 2111 2209 2186; baseline 0.001 -19"><span class='ocrx_word' id='word_1_297' title='bbox 553 2113 840 2182; x_wconf 89' lang='lat' dir='ltr'><strong>mergitur</strong></span> <span class='ocrx_word' id='word_1_298' title='bbox 867 2113 895 2168; x_wconf 72' lang='grc' dir='ltr'><strong>ἱ)</strong></span> <span class='ocrx_word' id='word_1_299' title='bbox 921 2113 1138 2169; x_wconf 87' lang='lat' dir='ltr'><strong>Omitto</strong></span> <span class='ocrx_word' id='word_1_300' title='bbox 1169 2112 1386 2168; x_wconf 88' lang='lat' dir='ltr'><strong>herbas</strong></span> <span class='ocrx_word' id='word_1_301' title='bbox 1411 2111 1713 2180; x_wconf 87' lang='lat' dir='ltr'><strong>ﬂorentes,</strong></span> <span class='ocrx_word' id='word_1_302' title='bbox 1746 2113 2048 2186; x_wconf 89' lang='lat' dir='ltr'><strong>pulchras,</strong></span> <span class='ocrx_word' id='word_1_303' title='bbox 2081 2114 2209 2186; x_wconf 87' lang='lat' dir='ltr'><strong>qui-</strong></span> 
     </span>
    </p>
   </div>
   <div class='ocr_carea' id='block_1_38' title="bbox 550 2201 2204 2266">
    <p class='ocr_par' dir='ltr' id='par_1_38' title="bbox 550 2201 2204 2266">
     <span class='ocr_line' id='line_1_38' title="bbox 550 2201 2204 2266; baseline -0.001 -8"><span class='ocrx_word' id='word_1_304' title='bbox 550 2201 667 2258; x_wconf 90' lang='lat' dir='ltr'><strong>bus</strong></span> <span class='ocrx_word' id='word_1_305' title='bbox 682 2217 799 2258; x_wconf 91' lang='lat' dir='ltr'><strong>non</strong></span> <span class='ocrx_word' id='word_1_306' title='bbox 817 2201 998 2258; x_wconf 93' lang='lat' dir='ltr'><strong>modo</strong></span> <span class='ocrx_word' id='word_1_307' title='bbox 1011 2201 1187 2266; x_wconf 90' lang='lat' dir='ltr'><strong>oculi,</strong></span> <span class='ocrx_word' id='word_1_308' title='bbox 1202 2201 1303 2256; x_wconf 92' lang='lat' dir='ltr'><strong>sed</strong></span> <span class='ocrx_word' id='word_1_309' title='bbox 1319 2208 1372 2257; x_wconf 91' lang='lat' dir='ltr'><strong>et</strong></span> <span class='ocrx_word' id='word_1_310' title='bbox 1385 2218 1594 2257; x_wconf 90' lang='lat' dir='ltr'><strong>sensus</strong></span> <span class='ocrx_word' id='word_1_311' title='bbox 1611 2204 1801 2259; x_wconf 62' lang='lat' dir='ltr'><strong>caeteri</strong></span> <span class='ocrx_word' id='word_1_312' title='bbox 1816 2203 2204 2259; x_wconf 89' lang='lat' dir='ltr'><strong>oblectantur:</strong></span> 
     </span>
    </p>
   </div>
   <div class='ocr_carea' id='block_1_39' title="bbox 549 2291 2206 2364">
    <p class='ocr_par' dir='ltr' id='par_1_39' title="bbox 549 2291 2206 2364">
     <span class='ocr_line' id='line_1_39' title="bbox 549 2291 2206 2364; baseline 0.002 -18"><span class='ocrx_word' id='word_1_313' title='bbox 549 2291 893 2364; x_wconf 82' lang='lat' dir='ltr'><strong>plantarum</strong></span> <span class='ocrx_word' id='word_1_314' title='bbox 949 2298 1189 2347; x_wconf 89' lang='lat' dir='ltr'><strong>transeo</strong></span> <span class='ocrx_word' id='word_1_315' title='bbox 1219 2291 1518 2356; x_wconf 88' lang='lat' dir='ltr'><strong>decorem,</strong></span> <span class='ocrx_word' id='word_1_316' title='bbox 1552 2297 1608 2348; x_wconf 90' lang='lat' dir='ltr'><strong>et</strong></span> <span class='ocrx_word' id='word_1_317' title='bbox 1641 2294 2052 2348; x_wconf 81' lang='lat' dir='ltr'><strong>universorum</strong></span> <span class='ocrx_word' id='word_1_318' title='bbox 2083 2294 2206 2350; x_wconf 82' lang='lat' dir='ltr'><strong>ani-</strong></span> 
     </span>
    </p>
   </div>
   <div class='ocr_carea' id='block_1_40' title="bbox 549 2380 2202 2453">
    <p class='ocr_par' dir='ltr' id='par_1_40' title="bbox 549 2380 2202 2453">
     <span class='ocr_line' id='line_1_40' title="bbox 549 2380 2202 2453; baseline 0.001 -17"><span class='ocrx_word' id='word_1_319' title='bbox 549 2381 799 2436; x_wconf 91' lang='lat' dir='ltr'><strong>malium</strong></span> <span class='ocrx_word' id='word_1_320' title='bbox 830 2396 1058 2451; x_wconf 81' lang='lat' dir='ltr'><strong>greges,</strong></span> <span class='ocrx_word' id='word_1_321' title='bbox 1093 2397 1226 2453; x_wconf 67' lang='lat' dir='ltr'><strong>quae</strong></span> <span class='ocrx_word' id='word_1_322' title='bbox 1264 2380 1470 2436; x_wconf 88' lang='lat' dir='ltr'><strong>omnia</strong></span> <span class='ocrx_word' id='word_1_323' title='bbox 1501 2381 1871 2452; x_wconf 90' lang='lat' dir='ltr'><strong>temporibus</strong></span> <span class='ocrx_word' id='word_1_324' title='bbox 1903 2387 2202 2450; x_wconf 88' lang='lat' dir='ltr'><strong>tanseunt,</strong></span> 
     </span>
    </p>
   </div>
   <div class='ocr_carea' id='block_1_41' title="bbox 547 2469 2201 2542">
    <p class='ocr_par' dir='ltr' id='par_1_41' title="bbox 547 2469 2201 2542">
     <span class='ocr_line' id='line_1_41' title="bbox 547 2469 2201 2542; baseline 0.001 -17"><span class='ocrx_word' id='word_1_325' title='bbox 547 2473 605 2525; x_wconf 92' lang='lat' dir='ltr'><strong>et</strong></span> <span class='ocrx_word' id='word_1_326' title='bbox 634 2469 963 2525; x_wconf 87' lang='lat' dir='ltr'><strong>sortiuntur</strong></span> <span class='ocrx_word' id='word_1_327' title='bbox 988 2469 1430 2539; x_wconf 81' lang='lat' dir='ltr'><strong>generationem</strong></span> <span class='ocrx_word' id='word_1_328' title='bbox 1471 2485 1624 2535; x_wconf 90' lang='lat' dir='ltr'><strong>eam,</strong></span> <span class='ocrx_word' id='word_1_329' title='bbox 1659 2487 1793 2542; x_wconf 69' lang='lat' dir='ltr'><strong>quae</strong></span> <span class='ocrx_word' id='word_1_330' title='bbox 1845 2472 2201 2542; x_wconf 71' lang='lat' dir='ltr'><strong>prommium</strong></span> 
     </span>
    </p>
   </div>
   <div class='ocr_carea' id='block_1_42' title="bbox 548 2557 2202 2634">
    <p class='ocr_par' dir='ltr' id='par_1_42' title="bbox 548 2557 2202 2634">
     <span class='ocr_line' id='line_1_42' title="bbox 548 2557 2202 2634; baseline 0.002 -22"><span class='ocrx_word' id='word_1_331' title='bbox 548 2557 760 2630; x_wconf 84' lang='lat' dir='ltr'><strong>pangit</strong></span> <span class='ocrx_word' id='word_1_332' title='bbox 785 2557 1178 2614; x_wconf 85' lang='lat' dir='ltr'><strong>dissolutioni.</strong></span> <span class='ocrx_word' id='word_1_333' title='bbox 1212 2558 1328 2613; x_wconf 91' lang='lat' dir='ltr'><strong>Sed</strong></span> <span class='ocrx_word' id='word_1_334' title='bbox 1381 2558 1573 2615; x_wconf 89' lang='lat' dir='ltr'><strong>recole</strong></span> <span class='ocrx_word' id='word_1_335' title='bbox 1614 2567 1904 2634; x_wconf 77' lang='lat' dir='ltr'><strong>astrorum</strong></span> <span class='ocrx_word' id='word_1_336' title='bbox 1949 2561 2202 2615; x_wconf 89' lang='lat' dir='ltr'><strong>chorum</strong></span> 
     </span>
    </p>
   </div>
   <div class='ocr_carea' id='block_1_43' title="bbox 547 2645 2204 2718">
    <p class='ocr_par' dir='ltr' id='par_1_43' title="bbox 547 2645 2204 2718">
     <span class='ocr_line' id='line_1_43' title="bbox 547 2645 2204 2718; baseline 0.002 -17"><span class='ocrx_word' id='word_1_337' title='bbox 547 2645 701 2701; x_wconf 89' lang='lat' dir='ltr'><strong>bene</strong></span> <span class='ocrx_word' id='word_1_338' title='bbox 717 2646 1392 2718; x_wconf 89' lang='lat' dir='ltr'><strong>dispositorum,quanta</strong></span> <span class='ocrx_word' id='word_1_339' title='bbox 1410 2647 1686 2704; x_wconf 87' lang='lat' dir='ltr'><strong>ﬁrmitate</strong></span> <span class='ocrx_word' id='word_1_340' title='bbox 1703 2655 1993 2704; x_wconf 82' lang='lat' dir='ltr'><strong>exornant</strong></span> <span class='ocrx_word' id='word_1_341' title='bbox 2009 2649 2204 2705; x_wconf 85' lang='lat' dir='ltr'><strong>ﬁrma-</strong></span> 
     </span>
    </p>
   </div>
   <div class='ocr_carea' id='block_1_44' title="bbox 548 2734 2200 2802">
    <p class='ocr_par' dir='ltr' id='par_1_44' title="bbox 548 2734 2200 2802">
     <span class='ocr_line' id='line_1_44' title="bbox 548 2734 2200 2802; baseline 0.002 -12"><span class='ocrx_word' id='word_1_342' title='bbox 548 2740 839 2802; x_wconf 92' lang='lat' dir='ltr'><strong>mentum,</strong></span> <span class='ocrx_word' id='word_1_343' title='bbox 871 2734 1286 2791; x_wconf 84' lang='lat' dir='ltr'><strong>illustrioribus</strong></span> <span class='ocrx_word' id='word_1_344' title='bbox 1323 2751 1522 2792; x_wconf 91' lang='lat' dir='ltr'><strong>aerem</strong></span> <span class='ocrx_word' id='word_1_345' title='bbox 1549 2737 1845 2793; x_wconf 91' lang='lat' dir='ltr'><strong>coloribus</strong></span> <span class='ocrx_word' id='word_1_346' title='bbox 1875 2737 2091 2794; x_wconf 88' lang='lat' dir='ltr'><strong>ﬂorum</strong></span> <span class='ocrx_word' id='word_1_347' title='bbox 2141 2739 2200 2794; x_wconf 88' lang='lat' dir='ltr'><strong>in</strong></span> 
     </span>
    </p>
   </div>
   <div class='ocr_carea' id='block_1_45' title="bbox 548 2823 2200 2897">
    <p class='ocr_par' dir='ltr' id='par_1_45' title="bbox 548 2823 2200 2897">
     <span class='ocr_line' id='line_1_45' title="bbox 548 2823 2200 2897; baseline 0.002 -19"><span class='ocrx_word' id='word_1_348' title='bbox 548 2839 777 2879; x_wconf 90' lang='lat' dir='ltr'><strong>morem</strong></span> <span class='ocrx_word' id='word_1_349' title='bbox 830 2823 1280 2890; x_wconf 89' lang='lat' dir='ltr'><strong>illuminantes;</strong></span> <span class='ocrx_word' id='word_1_350' title='bbox 1314 2829 1548 2880; x_wconf 89' lang='lat' dir='ltr'><strong>noctem</strong></span> <span class='ocrx_word' id='word_1_351' title='bbox 1592 2825 1845 2897; x_wconf 87' lang='lat' dir='ltr'><strong>qualiter</strong></span> <span class='ocrx_word' id='word_1_352' title='bbox 1894 2826 2200 2882; x_wconf 84' lang='lat' dir='ltr'><strong>funalibus</strong></span> 
     </span>
    </p>
   </div>
   <div class='ocr_carea' id='block_1_46' title="bbox 545 2913 2201 2979">
    <p class='ocr_par' dir='ltr' id='par_1_46' title="bbox 545 2913 2201 2979">
     <span class='ocr_line' id='line_1_46' title="bbox 545 2913 2201 2979; baseline 0.002 -11"><span class='ocrx_word' id='word_1_353' title='bbox 545 2917 855 2979; x_wconf 85' lang='lat' dir='ltr'><strong>exornant,</strong></span> <span class='ocrx_word' id='word_1_354' title='bbox 910 2913 1056 2968; x_wconf 91' lang='lat' dir='ltr'><strong>dum</strong></span> <span class='ocrx_word' id='word_1_355' title='bbox 1092 2913 1504 2970; x_wconf 89' lang='lat' dir='ltr'><strong>horriditatem</strong></span> <span class='ocrx_word' id='word_1_356' title='bbox 1542 2915 1695 2970; x_wconf 91' lang='lat' dir='ltr'><strong>illius</strong></span> <span class='ocrx_word' id='word_1_357' title='bbox 1741 2915 1922 2970; x_wconf 87' lang='lat' dir='ltr'><strong>radiis</strong></span> <span class='ocrx_word' id='word_1_358' title='bbox 1968 2917 2201 2972; x_wconf 79' lang='lat' dir='ltr'><strong>emissis</strong></span> 
     </span>
    </p>
   </div>
   <div class='ocr_carea' id='block_1_47' title="bbox 545 3002 2200 3076">
    <p class='ocr_par' dir='ltr' id='par_1_47' title="bbox 545 3002 2200 3076">
     <span class='ocr_line' id='line_1_47' title="bbox 545 3002 2200 3076; baseline 0.001 -16"><span class='ocrx_word' id='word_1_359' title='bbox 545 3008 899 3074; x_wconf 89' lang='lat' dir='ltr'><strong>temperant,</strong></span> <span class='ocrx_word' id='word_1_360' title='bbox 915 3002 992 3057; x_wconf 92' lang='lat' dir='ltr'><strong>ita</strong></span> <span class='ocrx_word' id='word_1_361' title='bbox 1007 3008 1242 3072; x_wconf 90' lang='lat' dir='ltr'><strong>gratum</strong></span> <span class='ocrx_word' id='word_1_362' title='bbox 1263 3003 1600 3059; x_wconf 87' lang='lat' dir='ltr'><strong>hominibus</strong></span> <span class='ocrx_word' id='word_1_363' title='bbox 1618 3005 2020 3076; x_wconf 88' lang='lat' dir='ltr'><strong>spectaculum</strong></span> <span class='ocrx_word' id='word_1_364' title='bbox 2041 3006 2200 3062; x_wconf 85' lang='lat' dir='ltr'><strong>exhi-</strong></span> 
     </span>
    </p>
   </div>
   <div class='ocr_carea' id='block_1_48' title="bbox 2317 1844 3867 1918">
    <p class='ocr_par' dir='ltr' id='par_1_48' title="bbox 2317 1844 3867 1918">
     <span class='ocr_line' id='line_1_48' title="bbox 2317 1844 3867 1918; baseline -0.003 -18"><span class='ocrx_word' id='word_1_365' title='bbox 2317 1847 2422 1918; x_wconf 76' lang='grc' dir='ltr'><strong>ψαν</strong></span> <span class='ocrx_word' id='word_1_366' title='bbox 2449 1844 2542 1900; x_wconf 82' lang='grc' dir='ltr'><strong>διὰ</strong></span> <span class='ocrx_word' id='word_1_367' title='bbox 2588 1852 2854 1918; x_wconf 82' lang='grc' dir='ltr'>γενέσεως,</span> <span class='ocrx_word' id='word_1_368' title='bbox 2888 1847 2946 1899; x_wconf 87' lang='grc' dir='ltr'><strong>ού</strong></span> <span class='ocrx_word' id='word_1_369' title='bbox 2980 1844 3073 1900; x_wconf 79' lang='grc' dir='ltr'>διὰ</span> <span class='ocrx_word' id='word_1_370' title='bbox 3123 1847 3319 1908; x_wconf 89' lang='grc' dir='ltr'>λύσεως</span> <span class='ocrx_word' id='word_1_371' title='bbox 3370 1845 3524 1898; x_wconf 86' lang='grc' dir='ltr'>πάλιν</span> <span class='ocrx_word' id='word_1_372' title='bbox 3563 1851 3649 1898; x_wconf 86' lang='lat' dir='ltr'><strong>xui</strong></span> <span class='ocrx_word' id='word_1_373' title='bbox 3690 1847 3867 1898; x_wconf 76' lang='grc' dir='ltr'>θανάτου</span> 
     </span>
    </p>
   </div>
   <div class='ocr_carea' id='block_1_49' title="bbox 2317 1933 3867 2012">
    <p class='ocr_par' dir='ltr' id='par_1_49' title="bbox 2317 1933 3867 2012">
     <span class='ocr_line' id='line_1_49' title="bbox 2317 1933 3867 2012; baseline -0.003 -24"><span class='ocrx_word' id='word_1_374' title='bbox 2317 1933 2635 1989; x_wconf 79' lang='grc' dir='ltr'>καταδύεται</span> <span class='ocrx_word' id='word_1_375' title='bbox 2668 1953 2682 2002; x_wconf 88' lang='grc'><strong>;</strong></span> <span class='ocrx_word' id='word_1_376' title='bbox 2722 1936 3030 2012; x_wconf 84' lang='grc' dir='ltr'>Παραλείπω</span> <span class='ocrx_word' id='word_1_377' title='bbox 3065 1935 3297 2009; x_wconf 82' lang='grc' dir='ltr'>βοτανῶν</span> <span class='ocrx_word' id='word_1_378' title='bbox 3325 1937 3457 1994; x_wconf 76' lang='grc' dir='ltr'>ἄνθη</span> <span class='ocrx_word' id='word_1_379' title='bbox 3504 1939 3590 1987; x_wconf 88' lang='lat' dir='ltr'><strong>xui</strong></span> <span class='ocrx_word' id='word_1_380' title='bbox 3640 1933 3801 1998; x_wconf 78' lang='grc' dir='ltr'>κάλλη,</span> <span class='ocrx_word' id='word_1_381' title='bbox 3827 1935 3867 1984; x_wconf 82' lang='grc' dir='ltr'><strong>ού</strong></span> 
     </span>
    </p>
   </div>
   <div class='ocr_carea' id='block_1_50' title="bbox 2319 2024 3868 2098">
    <p class='ocr_par' dir='ltr' id='par_1_50' title="bbox 2319 2024 3868 2098">
     <span class='ocr_line' id='line_1_50' title="bbox 2319 2024 3868 2098; baseline -0.001 -20"><span class='ocrx_word' id='word_1_382' title='bbox 2319 2030 2410 2084; x_wconf 78' lang='grc' dir='ltr'>τὴν</span> <span class='ocrx_word' id='word_1_383' title='bbox 2461 2026 2579 2097; x_wconf 72' lang='grc' dir='ltr'>ὄψιν</span> <span class='ocrx_word' id='word_1_384' title='bbox 2635 2031 2807 2098; x_wconf 86' lang='grc' dir='ltr'>μόνον,</span> <span class='ocrx_word' id='word_1_385' title='bbox 2843 2025 2970 2077; x_wconf 81' lang='grc' dir='ltr'>ἀλλὰ</span> <span class='ocrx_word' id='word_1_386' title='bbox 3025 2031 3112 2078; x_wconf 81' lang='grc' dir='ltr'><strong>καὶ</strong></span> <span class='ocrx_word' id='word_1_387' title='bbox 3153 2028 3239 2085; x_wconf 80' lang='grc' dir='ltr'>τὰς</span> <span class='ocrx_word' id='word_1_388' title='bbox 3297 2024 3458 2086; x_wconf 77' lang='grc' dir='ltr'>ἄλλας</span> <span class='ocrx_word' id='word_1_389' title='bbox 3502 2024 3755 2084; x_wconf 72' lang='grc' dir='ltr'>αἰσθήσεις</span> <span class='ocrx_word' id='word_1_390' title='bbox 3785 2027 3868 2095; x_wconf 75' lang='grc' dir='ltr'>τέρ-</span> 
     </span>
    </p>
   </div>
   <div class='ocr_carea' id='block_1_51' title="bbox 2317 2111 3871 2190">
    <p class='ocr_par' dir='ltr' id='par_1_51' title="bbox 2317 2111 3871 2190">
     <span class='ocr_line' id='line_1_51' title="bbox 2317 2111 3871 2190; baseline -0.003 -23"><span class='ocrx_word' id='word_1_391' title='bbox 2317 2134 2500 2168; x_wconf 86' lang='grc' dir='ltr'>ποντα.</span> <span class='ocrx_word' id='word_1_392' title='bbox 2561 2120 2888 2190; x_wconf 74' lang='grc' dir='ltr'>ΙΙαρατρέχω</span> <span class='ocrx_word' id='word_1_393' title='bbox 2959 2123 3127 2186; x_wconf 75' lang='grc' dir='ltr'>φυτῶν</span> <span class='ocrx_word' id='word_1_394' title='bbox 3207 2116 3549 2188; x_wconf 85' lang='grc' dir='ltr'>ὡραιότητας,</span> <span class='ocrx_word' id='word_1_395' title='bbox 3617 2111 3783 2183; x_wconf 79' lang='grc' dir='ltr'>ἀγέλας</span> <span class='ocrx_word' id='word_1_396' title='bbox 3831 2131 3871 2163; x_wconf 82' lang='grc' dir='ltr'><strong>τι</strong></span> 
     </span>
    </p>
   </div>
   <div class='ocr_carea' id='block_1_52' title="bbox 2316 2201 3868 2277">
    <p class='ocr_par' dir='ltr' id='par_1_52' title="bbox 2316 2201 3868 2277">
     <span class='ocr_line' id='line_1_52' title="bbox 2316 2201 3868 2277; baseline -0.003 -21"><span class='ocrx_word' id='word_1_397' title='bbox 2316 2201 2664 2257; x_wconf 82' lang='grc' dir='ltr'>παντοδαπῶν</span> <span class='ocrx_word' id='word_1_398' title='bbox 2704 2208 2871 2268; x_wconf 81' lang='grc' dir='ltr'>ζώων.</span> <span class='ocrx_word' id='word_1_399' title='bbox 2939 2203 3180 2258; x_wconf 79' lang='grc' dir='ltr'>Ἀπαντα</span> <span class='ocrx_word' id='word_1_400' title='bbox 3226 2213 3299 2275; x_wconf 84' lang='grc' dir='ltr'>τῷ</span> <span class='ocrx_word' id='word_1_401' title='bbox 3345 2209 3526 2276; x_wconf 80' lang='grc' dir='ltr'>χρόνῳ</span> <span class='ocrx_word' id='word_1_402' title='bbox 3577 2207 3868 2277; x_wconf 77' lang='grc' dir='ltr'>παρέρχεται,</span> 
     </span>
    </p>
   </div>
   <div class='ocr_carea' id='block_1_53' title="bbox 2316 2288 3870 2367">
    <p class='ocr_par' dir='ltr' id='par_1_53' title="bbox 2316 2288 3870 2367">
     <span class='ocr_line' id='line_1_53' title="bbox 2316 2288 3870 2367; baseline -0.003 -23"><span class='ocrx_word' id='word_1_403' title='bbox 2316 2299 2404 2345; x_wconf 85' lang='grc' dir='ltr'>καὶ</span> <span class='ocrx_word' id='word_1_404' title='bbox 2447 2298 2540 2352; x_wconf 76' lang='grc' dir='ltr'>τὴν</span> <span class='ocrx_word' id='word_1_405' title='bbox 2586 2299 2784 2365; x_wconf 78' lang='grc' dir='ltr'>γένεσιν</span> <span class='ocrx_word' id='word_1_406' title='bbox 2843 2294 3069 2365; x_wconf 74' lang='grc' dir='ltr'>εὑρίσκει</span> <span class='ocrx_word' id='word_1_407' title='bbox 3119 2293 3573 2367; x_wconf 79' lang='grc' dir='ltr'>προοιμιάζουσαν</span> <span class='ocrx_word' id='word_1_408' title='bbox 3602 2295 3689 2349; x_wconf 78' lang='grc' dir='ltr'>τήν</span> <span class='ocrx_word' id='word_1_409' title='bbox 3729 2288 3870 2342; x_wconf 77' lang='grc' dir='ltr'>διᾶλν·</span> 
     </span>
    </p>
   </div>
   <div class='ocr_carea' id='block_1_54' title="bbox 2317 2377 3868 2455">
    <p class='ocr_par' dir='ltr' id='par_1_54' title="bbox 2317 2377 3868 2455">
     <span class='ocr_line' id='line_1_54' title="bbox 2317 2377 3868 2455; baseline -0.004 -20"><span class='ocrx_word' id='word_1_410' title='bbox 2317 2401 2424 2439; x_wconf 90' lang='grc' dir='ltr'>σιν.</span> <span class='ocrx_word' id='word_1_411' title='bbox 2496 2383 2631 2436; x_wconf 81' lang='grc' dir='ltr'>Ἀλλ’</span> <span class='ocrx_word' id='word_1_412' title='bbox 2683 2381 2836 2435; x_wconf 74' lang='grc' dir='ltr'>ἐννόει</span> <span class='ocrx_word' id='word_1_413' title='bbox 2878 2402 2968 2455; x_wconf 90' lang='grc' dir='ltr'><strong>μοι</strong></span> <span class='ocrx_word' id='word_1_414' title='bbox 3011 2386 3097 2434; x_wconf 88' lang='grc' dir='ltr'>τὸν</span> <span class='ocrx_word' id='word_1_415' title='bbox 3146 2386 3393 2435; x_wconf 73' lang='grc' dir='ltr'>εὔτακτον</span> <span class='ocrx_word' id='word_1_416' title='bbox 3432 2385 3595 2454; x_wconf 87' lang='grc' dir='ltr'>χορὸν</span> <span class='ocrx_word' id='word_1_417' title='bbox 3625 2388 3715 2432; x_wconf 80' lang='grc' dir='ltr'><strong>τῶν</strong></span> <span class='ocrx_word' id='word_1_418' title='bbox 3753 2377 3868 2430; x_wconf 76' lang='grc' dir='ltr'>ἀστέ-</span> 
     </span>
    </p>
   </div>
   <div class='ocr_carea' id='block_1_55' title="bbox 2312 2468 3866 2546">
    <p class='ocr_par' dir='ltr' id='par_1_55' title="bbox 2312 2468 3866 2546">
     <span class='ocr_line' id='line_1_55' title="bbox 2312 2468 3866 2546; baseline -0.003 -21"><span class='ocrx_word' id='word_1_419' title='bbox 2312 2491 2436 2546; x_wconf 89' lang='grc' dir='ltr'>ρων,</span> <span class='ocrx_word' id='word_1_420' title='bbox 2485 2474 2618 2534; x_wconf 89' lang='grc' dir='ltr'>ὃπως</span> <span class='ocrx_word' id='word_1_421' title='bbox 2669 2492 2724 2525; x_wconf 90' lang='grc' dir='ltr'><strong>τε</strong></span> <span class='ocrx_word' id='word_1_422' title='bbox 2753 2471 3080 2525; x_wconf 80' lang='grc' dir='ltr'>ποικίλλουσι</span> <span class='ocrx_word' id='word_1_423' title='bbox 3110 2476 3168 2524; x_wconf 86' lang='grc' dir='ltr'><strong>τό</strong></span> <span class='ocrx_word' id='word_1_424' title='bbox 3223 2477 3511 2546; x_wconf 77' lang='grc' dir='ltr'>στερέωμα,</span> <span class='ocrx_word' id='word_1_425' title='bbox 3546 2470 3724 2543; x_wconf 70' lang='grc' dir='ltr'>βαφαῖς</span> <span class='ocrx_word' id='word_1_426' title='bbox 3760 2468 3866 2528; x_wconf 79' lang='grc' dir='ltr'>λαμ-</span> 
     </span>
    </p>
   </div>
   <div class='ocr_carea' id='block_1_56' title="bbox 2312 2552 3868 2637">
    <p class='ocr_par' dir='ltr' id='par_1_56' title="bbox 2312 2552 3868 2637">
     <span class='ocr_line' id='line_1_56' title="bbox 2312 2552 3868 2637; baseline -0.004 -23"><span class='ocrx_word' id='word_1_427' title='bbox 2312 2566 2584 2637; x_wconf 77' lang='grc' dir='ltr'>προτέραις</span> <span class='ocrx_word' id='word_1_428' title='bbox 2636 2563 3050 2636; x_wconf 76' lang='grc' dir='ltr'>περιανθίζοντες</span> <span class='ocrx_word' id='word_1_429' title='bbox 3083 2563 3149 2614; x_wconf 83' lang='grc' dir='ltr'><strong>τὰ</strong></span> <span class='ocrx_word' id='word_1_430' title='bbox 3200 2561 3438 2636; x_wconf 82' lang='grc' dir='ltr'>ούράνια.</span> <span class='ocrx_word' id='word_1_431' title='bbox 3484 2565 3583 2614; x_wconf 81' lang='grc' dir='ltr'><strong>Καὶ</strong></span> <span class='ocrx_word' id='word_1_432' title='bbox 3632 2561 3750 2617; x_wconf 83' lang='grc' dir='ltr'>ὅπως</span> <span class='ocrx_word' id='word_1_433' title='bbox 3796 2552 3868 2627; x_wconf 76' lang='grc' dir='ltr'>δᾳ·</span> 
     </span>
    </p>
   </div>
   <div class='ocr_carea' id='block_1_57' title="bbox 2313 2649 3863 2722">
    <p class='ocr_par' dir='ltr' id='par_1_57' title="bbox 2313 2649 3863 2722">
     <span class='ocr_line' id='line_1_57' title="bbox 2313 2649 3863 2722; baseline -0.005 -19"><span class='ocrx_word' id='word_1_434' title='bbox 2313 2649 2576 2722; x_wconf 83' lang='grc' dir='ltr'>δουχοῡσι</span> <span class='ocrx_word' id='word_1_435' title='bbox 2610 2655 2704 2709; x_wconf 77' lang='grc' dir='ltr'>τὴν</span> <span class='ocrx_word' id='word_1_436' title='bbox 2754 2653 2935 2716; x_wconf 89' lang='grc' dir='ltr'>νύκτα,</span> <span class='ocrx_word' id='word_1_437' title='bbox 2967 2654 3022 2702; x_wconf 89' lang='lat'><strong>1&#39;6</strong></span> <span class='ocrx_word' id='word_1_438' title='bbox 3052 2653 3271 2721; x_wconf 83' lang='grc' dir='ltr'>στυγνόν</span> <span class='ocrx_word' id='word_1_439' title='bbox 3302 2649 3468 2710; x_wconf 78' lang='grc' dir='ltr'>αὐτῆς</span> <span class='ocrx_word' id='word_1_440' title='bbox 3511 2649 3863 2718; x_wconf 77' lang='grc' dir='ltr'>ύπαυγάζοντις,</span> 
     </span>
    </p>
   </div>
   <div class='ocr_carea' id='block_1_58' title="bbox 2310 2738 3864 2811">
    <p class='ocr_par' dir='ltr' id='par_1_58' title="bbox 2310 2738 3864 2811">
     <span class='ocr_line' id='line_1_58' title="bbox 2310 2738 3864 2811; baseline -0.001 -19"><span class='ocrx_word' id='word_1_441' title='bbox 2310 2745 2400 2792; x_wconf 82' lang='grc' dir='ltr'>καὶ</span> <span class='ocrx_word' id='word_1_442' title='bbox 2456 2744 2549 2798; x_wconf 81' lang='grc' dir='ltr'>τὴν</span> <span class='ocrx_word' id='word_1_443' title='bbox 2617 2741 2732 2792; x_wconf 81' lang='grc' dir='ltr'>θέαν</span> <span class='ocrx_word' id='word_1_444' title='bbox 2789 2739 2984 2792; x_wconf 82' lang='grc' dir='ltr'>ἄλυπον</span> <span class='ocrx_word' id='word_1_445' title='bbox 3035 2747 3143 2800; x_wconf 90' lang='grc' dir='ltr'>τοῖς</span> <span class='ocrx_word' id='word_1_446' title='bbox 3184 2741 3346 2811; x_wconf 86' lang='grc' dir='ltr'>ὁρῶσι</span> <span class='ocrx_word' id='word_1_447' title='bbox 3397 2743 3763 2811; x_wconf 65' lang='grc' dir='ltr'>παρεχόμενον</span> <span class='ocrx_word' id='word_1_448' title='bbox 3795 2738 3864 2790; x_wconf 66' lang='grc' dir='ltr'>τὴν</span> 
     </span>
    </p>
   </div>
   <div class='ocr_carea' id='block_1_59' title="bbox 2311 2820 3864 2894">
    <p class='ocr_par' dir='ltr' id='par_1_59' title="bbox 2311 2820 3864 2894">
     <span class='ocr_line' id='line_1_59' title="bbox 2311 2820 3864 2894; baseline -0.005 -14"><span class='ocrx_word' id='word_1_449' title='bbox 2311 2828 2528 2886; x_wconf 80' lang='grc' dir='ltr'>σελήνην</span> <span class='ocrx_word' id='word_1_450' title='bbox 2557 2827 2711 2879; x_wconf 89' lang='grc' dir='ltr'>πάλιν</span> <span class='ocrx_word' id='word_1_451' title='bbox 2758 2827 3050 2894; x_wconf 80' lang='grc' dir='ltr'>ἐπισκόπει,</span> <span class='ocrx_word' id='word_1_452' title='bbox 3083 2829 3216 2888; x_wconf 85' lang='grc' dir='ltr'>ὅπως</span> <span class='ocrx_word' id='word_1_453' title='bbox 3260 2829 3313 2878; x_wconf 84' lang='lat' dir='ltr'><strong>ix</strong></span> <span class='ocrx_word' id='word_1_454' title='bbox 3361 2834 3457 2878; x_wconf 86' lang='grc' dir='ltr'>τοῦ</span> <span class='ocrx_word' id='word_1_455' title='bbox 3489 2827 3631 2884; x_wconf 76' lang='grc' dir='ltr'>ἡλίου</span> <span class='ocrx_word' id='word_1_456' title='bbox 3676 2820 3864 2885; x_wconf 81' lang='grc' dir='ltr'>δανειζο-</span> 
     </span>
    </p>
   </div>
   <div class='ocr_carea' id='block_1_60' title="bbox 2309 2911 3866 2989">
    <p class='ocr_par' dir='ltr' id='par_1_60' title="bbox 2309 2911 3866 2989">
     <span class='ocr_line' id='line_1_60' title="bbox 2309 2911 3866 2989; baseline -0.008 -17"><span class='ocrx_word' id='word_1_457' title='bbox 2309 2919 2433 2988; x_wconf 77' lang='grc' dir='ltr'>μένη</span> <span class='ocrx_word' id='word_1_458' title='bbox 2468 2919 2524 2968; x_wconf 93' lang='lat'><strong>1&#39;6</strong></span> <span class='ocrx_word' id='word_1_459' title='bbox 2579 2925 2703 2988; x_wconf 79' lang='grc' dir='ltr'>φῶς,</span> <span class='ocrx_word' id='word_1_460' title='bbox 2738 2921 2931 2988; x_wconf 85' lang='grc' dir='ltr'>προίκα</span> <span class='ocrx_word' id='word_1_461' title='bbox 2969 2920 3055 2968; x_wconf 90' lang='grc' dir='ltr'>τὸν</span> <span class='ocrx_word' id='word_1_462' title='bbox 3110 2918 3236 2986; x_wconf 74' lang='grc' dir='ltr'>άέρα</span> <span class='ocrx_word' id='word_1_463' title='bbox 3293 2918 3562 2989; x_wconf 83' lang='grc' dir='ltr'>πυρσεύει,</span> <span class='ocrx_word' id='word_1_464' title='bbox 3603 2918 3683 2965; x_wconf 81' lang='grc' dir='ltr'>καὶ</span> <span class='ocrx_word' id='word_1_465' title='bbox 3709 2911 3866 2983; x_wconf 68' lang='grc' dir='ltr'>φιλοτι-</span> 
     </span>
    </p>
   </div>
   <div class='ocr_carea' id='block_1_61' title="bbox 2309 2998 3864 3079">
    <p class='ocr_par' dir='ltr' id='par_1_61' title="bbox 2309 2998 3864 3079">
     <span class='ocr_line' id='line_1_61' title="bbox 2309 2998 3864 3079; baseline -0.005 -23"><span class='ocrx_word' id='word_1_466' title='bbox 2309 3012 2483 3076; x_wconf 82' lang='grc' dir='ltr'>μεῖται</span> <span class='ocrx_word' id='word_1_467' title='bbox 2512 3009 2570 3057; x_wconf 90' lang='grc' dir='ltr'>τὸ</span> <span class='ocrx_word' id='word_1_468' title='bbox 2630 3002 2818 3077; x_wconf 86' lang='grc' dir='ltr'>δῶρον,</span> <span class='ocrx_word' id='word_1_469' title='bbox 2851 3009 2941 3057; x_wconf 83' lang='grc' dir='ltr'>καὶ</span> <span class='ocrx_word' id='word_1_470' title='bbox 2987 3009 3082 3079; x_wconf 86' lang='grc' dir='ltr'>πρὸ</span> <span class='ocrx_word' id='word_1_471' title='bbox 3130 3007 3326 3079; x_wconf 75' lang='grc' dir='ltr'>ἡμέρας</span> <span class='ocrx_word' id='word_1_472' title='bbox 3363 3004 3526 3062; x_wconf 80' lang='grc' dir='ltr'>ἄλλην</span> <span class='ocrx_word' id='word_1_473' title='bbox 3556 3005 3734 3076; x_wconf 73' lang='grc' dir='ltr'>ἡμέραν</span> <span class='ocrx_word' id='word_1_474' title='bbox 3759 2998 3864 3072; x_wconf 65' lang='grc' dir='ltr'>φιλο-</span> 
     </span>
    </p>
   </div>
   <div class='ocr_carea' id='block_1_62' title="bbox 541 3080 2201 3166">
    <p class='ocr_par' dir='ltr' id='par_1_62' title="bbox 541 3092 2198 3166">
     <span class='ocr_line' id='line_1_62' title="bbox 541 3092 2198 3166; baseline 0.001 -17"><span class='ocrx_word' id='word_1_475' title='bbox 541 3092 774 3149; x_wconf 85' lang='lat' dir='ltr'><strong>bentia:</strong></span> <span class='ocrx_word' id='word_1_476' title='bbox 794 3093 1000 3149; x_wconf 91' lang='lat' dir='ltr'><strong>lunam</strong></span> <span class='ocrx_word' id='word_1_477' title='bbox 1024 3092 1307 3166; x_wconf 90' lang='lat' dir='ltr'><strong>deinceps</strong></span> <span class='ocrx_word' id='word_1_478' title='bbox 1323 3096 1564 3162; x_wconf 85' lang='lat' dir='ltr'><strong>intuere,</strong></span> <span class='ocrx_word' id='word_1_479' title='bbox 1579 3110 1715 3166; x_wconf 66' lang='lat' dir='ltr'><strong>quae</strong></span> <span class='ocrx_word' id='word_1_480' title='bbox 1734 3099 2001 3150; x_wconf 72' lang='lat' dir='ltr'><strong>mutu-tua</strong></span> <span class='ocrx_word' id='word_1_481' title='bbox 2021 3111 2056 3150; x_wconf 92' lang='lat' dir='ltr'><strong>a</strong></span> <span class='ocrx_word' id='word_1_482' title='bbox 2077 3095 2198 3151; x_wconf 91' lang='lat' dir='ltr'><strong>sole</strong></span> 
     </span>
    </p>
   </div>
   <div class='ocr_carea' id='block_1_63' title="bbox 2312 3080 3865 3166">
    <p class='ocr_par' dir='ltr' id='par_1_63' title="bbox 2312 3091 3865 3166">
     <span class='ocr_line' id='line_1_63' title="bbox 2312 3091 3865 3166; baseline -0.002 -22"><span class='ocrx_word' id='word_1_483' title='bbox 2312 3100 2464 3146; x_wconf 86' lang='grc' dir='ltr'>νεικεῖ</span> <span class='ocrx_word' id='word_1_484' title='bbox 2491 3095 2906 3166; x_wconf 85' lang='grc' dir='ltr'>οῖπεργάςεσθαι.</span> <span class='ocrx_word' id='word_1_485' title='bbox 2942 3093 3102 3148; x_wconf 81' lang='grc' dir='ltr'><strong>Ἀλλὰ</strong></span> <span class='ocrx_word' id='word_1_486' title='bbox 3129 3099 3219 3145; x_wconf 85' lang='grc' dir='ltr'>καὶ</span> <span class='ocrx_word' id='word_1_487' title='bbox 3251 3101 3419 3145; x_wconf 80' lang='grc' dir='ltr'>ταῦτα</span> <span class='ocrx_word' id='word_1_488' title='bbox 3445 3095 3610 3146; x_wconf 86' lang='grc' dir='ltr'>πάντα</span> <span class='ocrx_word' id='word_1_489' title='bbox 3657 3093 3768 3160; x_wconf 79' lang='grc' dir='ltr'>πρὸς</span> <span class='ocrx_word' id='word_1_490' title='bbox 3807 3091 3865 3138; x_wconf 77' lang='grc' dir='ltr'><strong>τὲ·</strong></span> 
     </span>
    </p>
   </div>
   <div class='ocr_carea' id='block_1_64' title="bbox 542 3181 2200 3252">
    <p class='ocr_par' dir='ltr' id='par_1_64' title="bbox 542 3181 2200 3252">
     <span class='ocr_line' id='line_1_64' title="bbox 542 3181 2200 3252; baseline 0.001 -14"><span class='ocrx_word' id='word_1_491' title='bbox 542 3181 738 3239; x_wconf 89' lang='lat' dir='ltr'><strong>lucem</strong></span> <span class='ocrx_word' id='word_1_492' title='bbox 766 3199 962 3248; x_wconf 91' lang='lat' dir='ltr'><strong>suam,</strong></span> <span class='ocrx_word' id='word_1_493' title='bbox 998 3183 1126 3237; x_wconf 91' lang='lat' dir='ltr'><strong>sine</strong></span> <span class='ocrx_word' id='word_1_494' title='bbox 1147 3183 1285 3238; x_wconf 89' lang='lat' dir='ltr'><strong>dote</strong></span> <span class='ocrx_word' id='word_1_495' title='bbox 1312 3183 1702 3252; x_wconf 88' lang='lat' dir='ltr'><strong>gratisaerem</strong></span> <span class='ocrx_word' id='word_1_496' title='bbox 1733 3183 2002 3250; x_wconf 90' lang='lat' dir='ltr'><strong>illustrat,</strong></span> <span class='ocrx_word' id='word_1_497' title='bbox 2027 3190 2081 3240; x_wconf 92' lang='lat' dir='ltr'><strong>et</strong></span> <span class='ocrx_word' id='word_1_498' title='bbox 2101 3185 2200 3239; x_wconf 86' lang='lat' dir='ltr'><strong>do-</strong></span> 
     </span>
    </p>
   </div>
   <div class='ocr_carea' id='block_1_65' title="bbox 542 3271 2199 3344">
    <p class='ocr_par' dir='ltr' id='par_1_65' title="bbox 542 3271 2199 3344">
     <span class='ocr_line' id='line_1_65' title="bbox 542 3271 2199 3344; baseline 0.001 -16"><span class='ocrx_word' id='word_1_499' title='bbox 542 3287 689 3328; x_wconf 91' lang='lat' dir='ltr'><strong>num</strong></span> <span class='ocrx_word' id='word_1_500' title='bbox 713 3280 1021 3343; x_wconf 90' lang='lat' dir='ltr'><strong>acceptum</strong></span> <span class='ocrx_word' id='word_1_501' title='bbox 1051 3271 1509 3343; x_wconf 89' lang='lat' dir='ltr'><strong>impertitlonge</strong></span> <span class='ocrx_word' id='word_1_502' title='bbox 1539 3271 1797 3344; x_wconf 88' lang='lat' dir='ltr'><strong>lateque,</strong></span> <span class='ocrx_word' id='word_1_503' title='bbox 1839 3273 1919 3329; x_wconf 90' lang='lat' dir='ltr'><strong>ita</strong></span> <span class='ocrx_word' id='word_1_504' title='bbox 1954 3279 2015 3328; x_wconf 91' lang='lat' dir='ltr'><strong>ut</strong></span> <span class='ocrx_word' id='word_1_505' title='bbox 2039 3274 2199 3329; x_wconf 90' lang='lat' dir='ltr'><strong>diem</strong></span> 
     </span>
    </p>
   </div>
   <div class='ocr_carea' id='block_1_66' title="bbox 543 3360 2202 3418">
    <p class='ocr_par' dir='ltr' id='par_1_66' title="bbox 543 3360 2202 3418">
     <span class='ocr_line' id='line_1_66' title="bbox 543 3360 2202 3418; baseline 0 -2"><span class='ocrx_word' id='word_1_506' title='bbox 543 3361 656 3418; x_wconf 90' lang='lat' dir='ltr'><strong>diei</strong></span> <span class='ocrx_word' id='word_1_507' title='bbox 687 3360 1154 3418; x_wconf 90' lang='lat' dir='ltr'><strong>antecedaneum</strong></span> <span class='ocrx_word' id='word_1_508' title='bbox 1186 3361 1545 3418; x_wconf 89' lang='lat' dir='ltr'><strong>constituere</strong></span> <span class='ocrx_word' id='word_1_509' title='bbox 1584 3362 1822 3418; x_wconf 87' lang='lat' dir='ltr'><strong>nitatur.</strong></span> <span class='ocrx_word' id='word_1_510' title='bbox 1858 3364 1971 3418; x_wconf 88' lang='lat' dir='ltr'><strong>Sed</strong></span> <span class='ocrx_word' id='word_1_511' title='bbox 2009 3364 2202 3418; x_wconf 84' lang='lat' dir='ltr'><strong>termi-</strong></span> 
     </span>
    </p>
   </div>
   <div class='ocr_carea' id='block_1_67' title="bbox 545 3450 2200 3522">
    <p class='ocr_par' dir='ltr' id='par_1_67' title="bbox 545 3450 2200 3522">
     <span class='ocr_line' id='line_1_67' title="bbox 545 3450 2200 3522; baseline 0.001 -17"><span class='ocrx_word' id='word_1_512' title='bbox 545 3466 689 3505; x_wconf 91' lang='lat' dir='ltr'><strong>num</strong></span> <span class='ocrx_word' id='word_1_513' title='bbox 723 3451 835 3505; x_wconf 89' lang='lat' dir='ltr'><strong>ista</strong></span> <span class='ocrx_word' id='word_1_514' title='bbox 872 3450 1079 3505; x_wconf 89' lang='lat' dir='ltr'><strong>omnia</strong></span> <span class='ocrx_word' id='word_1_515' title='bbox 1111 3452 1651 3521; x_wconf 90' lang='lat' dir='ltr'><strong>respiciuntsuum,</strong></span> <span class='ocrx_word' id='word_1_516' title='bbox 1700 3451 1968 3507; x_wconf 89' lang='lat' dir='ltr'><strong>debitum</strong></span> <span class='ocrx_word' id='word_1_517' title='bbox 2019 3468 2200 3522; x_wconf 91' lang='lat' dir='ltr'><strong>agno-</strong></span> 
     </span>
    </p>
   </div>
   <div class='ocr_carea' id='block_1_68' title="bbox 546 3537 2197 3603">
    <p class='ocr_par' dir='ltr' id='par_1_68' title="bbox 546 3537 2197 3603">
     <span class='ocr_line' id='line_1_68' title="bbox 546 3537 2197 3603; baseline 0.002 -11"><span class='ocrx_word' id='word_1_518' title='bbox 546 3544 720 3593; x_wconf 84' lang='lat' dir='ltr'><strong>scunt</strong></span> <span class='ocrx_word' id='word_1_519' title='bbox 738 3555 934 3603; x_wconf 86' lang='lat' dir='ltr'><strong>suum,</strong></span> <span class='ocrx_word' id='word_1_520' title='bbox 963 3544 1019 3593; x_wconf 89' lang='lat' dir='ltr'><strong>et</strong></span> <span class='ocrx_word' id='word_1_521' title='bbox 1041 3539 1116 3592; x_wconf 93' lang='lat' dir='ltr'><strong>ad</strong></span> <span class='ocrx_word' id='word_1_522' title='bbox 1131 3537 1465 3594; x_wconf 81' lang='lat' dir='ltr'><strong>faciendam</strong></span> <span class='ocrx_word' id='word_1_523' title='bbox 1490 3538 1844 3594; x_wconf 86' lang='lat' dir='ltr'><strong>solutionem</strong></span> <span class='ocrx_word' id='word_1_524' title='bbox 1880 3546 2197 3596; x_wconf 88' lang='lat' dir='ltr'><strong>maturant.</strong></span> 
     </span>
    </p>
   </div>
   <div class='ocr_carea' id='block_1_69' title="bbox 549 3626 2199 3699">
    <p class='ocr_par' dir='ltr' id='par_1_69' title="bbox 549 3626 2199 3699">
     <span class='ocr_line' id='line_1_69' title="bbox 549 3626 2199 3699; baseline 0.002 -18"><span class='ocrx_word' id='word_1_525' title='bbox 549 3626 640 3681; x_wconf 89' lang='lat' dir='ltr'><strong>Sol</strong></span> <span class='ocrx_word' id='word_1_526' title='bbox 665 3626 795 3697; x_wconf 90' lang='lat' dir='ltr'><strong>ipse</strong></span> <span class='ocrx_word' id='word_1_527' title='bbox 819 3641 1015 3680; x_wconf 89' lang='lat' dir='ltr'><strong>nonne</strong></span> <span class='ocrx_word' id='word_1_528' title='bbox 1049 3626 1334 3681; x_wconf 91' lang='lat' dir='ltr'><strong>mirabilis</strong></span> <span class='ocrx_word' id='word_1_529' title='bbox 1360 3632 1448 3682; x_wconf 90' lang='lat' dir='ltr'><strong>est</strong></span> <span class='ocrx_word' id='word_1_530' title='bbox 1467 3635 1730 3698; x_wconf 89' lang='lat' dir='ltr'><strong>aspectu,</strong></span> <span class='ocrx_word' id='word_1_531' title='bbox 1761 3627 2199 3699; x_wconf 87' lang='lat' dir='ltr'><strong>pulchritudine</strong></span> 
     </span>
    </p>
   </div>
   <div class='ocr_carea' id='block_1_70' title="bbox 548 3713 2194 3787">
    <p class='ocr_par' dir='ltr' id='par_1_70' title="bbox 548 3713 2194 3787">
     <span class='ocr_line' id='line_1_70' title="bbox 548 3713 2194 3787; baseline 0.003 -19"><span class='ocrx_word' id='word_1_532' title='bbox 548 3714 726 3787; x_wconf 90' lang='lat' dir='ltr'><strong>plane</strong></span> <span class='ocrx_word' id='word_1_533' title='bbox 779 3713 1195 3770; x_wconf 87' lang='lat' dir='ltr'><strong>admirabilis?</strong></span> <span class='ocrx_word' id='word_1_534' title='bbox 1244 3713 1318 3768; x_wconf 90' lang='lat' dir='ltr'><strong>de</strong></span> <span class='ocrx_word' id='word_1_535' title='bbox 1370 3730 1492 3786; x_wconf 92' lang='lat' dir='ltr'><strong>quo</strong></span> <span class='ocrx_word' id='word_1_536' title='bbox 1543 3731 1656 3770; x_wconf 89' lang='lat' dir='ltr'><strong>non</strong></span> <span class='ocrx_word' id='word_1_537' title='bbox 1709 3716 1872 3772; x_wconf 86' lang='lat' dir='ltr'><strong>aliud</strong></span> <span class='ocrx_word' id='word_1_538' title='bbox 1922 3718 2194 3785; x_wconf 85' lang='lat' dir='ltr'><strong>edixeris,</strong></span> 
     </span>
    </p>
   </div>
   <div class='ocr_carea' id='block_1_71' title="bbox 548 3804 2196 3875">
    <p class='ocr_par' dir='ltr' id='par_1_71' title="bbox 548 3804 2196 3875">
     <span class='ocr_line' id='line_1_71' title="bbox 548 3804 2196 3875; baseline 0.004 -18"><span class='ocrx_word' id='word_1_539' title='bbox 548 3817 731 3874; x_wconf 91' lang='lat' dir='ltr'><strong>quam</strong></span> <span class='ocrx_word' id='word_1_540' title='bbox 751 3806 910 3875; x_wconf 92' lang='lat' dir='ltr'><strong>quod</strong></span> <span class='ocrx_word' id='word_1_541' title='bbox 929 3808 992 3857; x_wconf 79' lang='lat' dir='ltr'><strong>ut</strong></span> <span class='ocrx_word' id='word_1_542' title='bbox 1003 3804 1168 3874; x_wconf 81' lang='lat' dir='ltr'><strong>gigas</strong></span> <span class='ocrx_word' id='word_1_543' title='bbox 1181 3804 1444 3860; x_wconf 77' lang='lat' dir='ltr'><strong>exsultat</strong></span> <span class='ocrx_word' id='word_1_544' title='bbox 1459 3806 1741 3874; x_wconf 77' lang='lat' dir='ltr'><strong>conﬁcere</strong></span> <span class='ocrx_word' id='word_1_545' title='bbox 1753 3821 1990 3862; x_wconf 82' lang='lat' dir='ltr'><strong>cursum</strong></span> <span class='ocrx_word' id='word_1_546' title='bbox 2009 3823 2196 3874; x_wconf 83' lang='lat' dir='ltr'><strong>suum,</strong></span> 
     </span>
    </p>
   </div>
   <div class='ocr_carea' id='block_1_72' title="bbox 547 3893 2200 3967">
    <p class='ocr_par' dir='ltr' id='par_1_72' title="bbox 547 3893 2200 3967">
     <span class='ocr_line' id='line_1_72' title="bbox 547 3893 2200 3967; baseline 0.002 -19"><span class='ocrx_word' id='word_1_547' title='bbox 547 3893 624 3948; x_wconf 87' lang='lat' dir='ltr'><strong>ab</strong></span> <span class='ocrx_word' id='word_1_548' title='bbox 637 3908 752 3948; x_wconf 85' lang='lat' dir='ltr'><strong>una</strong></span> <span class='ocrx_word' id='word_1_549' title='bbox 764 3893 1638 3950; x_wconf 67' lang='lat' dir='ltr'><strong>caeliextremitateadalteram</strong></span> <span class='ocrx_word' id='word_1_550' title='bbox 1658 3896 1724 3962; x_wconf 62' lang='lat' dir='ltr'><strong>‘t,</strong></span> <span class='ocrx_word' id='word_1_551' title='bbox 1741 3911 1918 3950; x_wconf 89' lang='lat' dir='ltr'><strong>cursu</strong></span> <span class='ocrx_word' id='word_1_552' title='bbox 1931 3896 2200 3967; x_wconf 86' lang='lat' dir='ltr'><strong>quodam</strong></span> 
     </span>
    </p>
   </div>
   <div class='ocr_carea' id='block_1_73' title="bbox 547 3981 2200 4054">
    <p class='ocr_par' dir='ltr' id='par_1_73' title="bbox 547 3981 2200 4054">
     <span class='ocr_line' id='line_1_73' title="bbox 547 3981 2200 4054; baseline 0.002 -17"><span class='ocrx_word' id='word_1_553' title='bbox 547 3982 840 4046; x_wconf 91' lang='lat' dir='ltr'><strong>ordinato,</strong></span> <span class='ocrx_word' id='word_1_554' title='bbox 887 3981 1019 4038; x_wconf 91' lang='lat' dir='ltr'><strong>licet</strong></span> <span class='ocrx_word' id='word_1_555' title='bbox 1077 3983 1533 4054; x_wconf 86' lang='lat' dir='ltr'><strong>supernaturali,</strong></span> <span class='ocrx_word' id='word_1_556' title='bbox 1585 3983 1642 4039; x_wconf 90' lang='lat' dir='ltr'><strong>in</strong></span> <span class='ocrx_word' id='word_1_557' title='bbox 1689 3985 1848 4040; x_wconf 87' lang='lat' dir='ltr'><strong>orbis</strong></span> <span class='ocrx_word' id='word_1_558' title='bbox 1895 3985 2092 4040; x_wconf 88' lang='lat' dir='ltr'><strong>medio</strong></span> <span class='ocrx_word' id='word_1_559' title='bbox 2137 4003 2200 4041; x_wconf 87' lang='lat' dir='ltr'><strong>se</strong></span> 
     </span>
    </p>
   </div>
   <div class='ocr_carea' id='block_1_74' title="bbox 548 4070 2200 4143">
    <p class='ocr_par' dir='ltr' id='par_1_74' title="bbox 548 4070 2200 4143">
     <span class='ocr_line' id='line_1_74' title="bbox 548 4070 2200 4143; baseline 0.003 -18"><span class='ocrx_word' id='word_1_560' title='bbox 548 4070 868 4142; x_wconf 84' lang='lat' dir='ltr'><strong>explicans,</strong></span> <span class='ocrx_word' id='word_1_561' title='bbox 894 4075 1184 4143; x_wconf 88' lang='lat' dir='ltr'><strong>tanquam</strong></span> <span class='ocrx_word' id='word_1_562' title='bbox 1218 4075 1275 4126; x_wconf 90' lang='lat' dir='ltr'><strong>in</strong></span> <span class='ocrx_word' id='word_1_563' title='bbox 1312 4071 1540 4128; x_wconf 89' lang='lat' dir='ltr'><strong>theatro</strong></span> <span class='ocrx_word' id='word_1_564' title='bbox 1565 4074 2000 4140; x_wconf 85' lang='lat' dir='ltr'><strong>manifestatur,</strong></span> <span class='ocrx_word' id='word_1_565' title='bbox 2033 4079 2088 4130; x_wconf 91' lang='lat' dir='ltr'><strong>et</strong></span> <span class='ocrx_word' id='word_1_566' title='bbox 2114 4091 2200 4130; x_wconf 90' lang='lat' dir='ltr'><strong>ra-</strong></span> 
     </span>
    </p>
   </div>
   <div class='ocr_carea' id='block_1_75' title="bbox 547 4158 2197 4232">
    <p class='ocr_par' dir='ltr' id='par_1_75' title="bbox 547 4158 2197 4232">
     <span class='ocr_line' id='line_1_75' title="bbox 547 4158 2197 4232; baseline 0.002 -18"><span class='ocrx_word' id='word_1_567' title='bbox 547 4158 659 4214; x_wconf 90' lang='lat' dir='ltr'><strong>diis</strong></span> <span class='ocrx_word' id='word_1_568' title='bbox 681 4160 885 4215; x_wconf 89' lang='lat' dir='ltr'><strong>omnia</strong></span> <span class='ocrx_word' id='word_1_569' title='bbox 914 4163 1266 4232; x_wconf 90' lang='lat' dir='ltr'><strong>percutiens,</strong></span> <span class='ocrx_word' id='word_1_570' title='bbox 1302 4161 1520 4231; x_wconf 89' lang='lat' dir='ltr'><strong>partim</strong></span> <span class='ocrx_word' id='word_1_571' title='bbox 1575 4163 1693 4217; x_wconf 86' lang='lat' dir='ltr'><strong>vita</strong></span> <span class='ocrx_word' id='word_1_572' title='bbox 1717 4163 1922 4218; x_wconf 88' lang='lat' dir='ltr'><strong>dotata</strong></span> <span class='ocrx_word' id='word_1_573' title='bbox 1969 4163 2197 4229; x_wconf 90' lang='lat' dir='ltr'><strong>imbuit,</strong></span> 
     </span>
    </p>
   </div>
   <div class='ocr_carea' id='block_1_76' title="bbox 549 4247 2202 4324">
    <p class='ocr_par' dir='ltr' id='par_1_76' title="bbox 549 4247 2202 4324">
     <span class='ocr_line' id='line_1_76' title="bbox 549 4247 2202 4324; baseline 0.002 -20"><span class='ocrx_word' id='word_1_574' title='bbox 549 4247 768 4320; x_wconf 89' lang='lat' dir='ltr'><strong>partim</strong></span> <span class='ocrx_word' id='word_1_575' title='bbox 791 4247 947 4303; x_wconf 89' lang='lat' dir='ltr'><strong>fovet</strong></span> <span class='ocrx_word' id='word_1_576' title='bbox 976 4254 1067 4315; x_wconf 89' lang='lat' dir='ltr'><strong>;et</strong></span> <span class='ocrx_word' id='word_1_577' title='bbox 1089 4249 1418 4320; x_wconf 83' lang='lat' dir='ltr'><strong>compingit</strong></span> <span class='ocrx_word' id='word_1_578' title='bbox 1447 4250 1505 4304; x_wconf 91' lang='lat' dir='ltr'><strong>in</strong></span> <span class='ocrx_word' id='word_1_579' title='bbox 1539 4266 1620 4314; x_wconf 91' lang='lat' dir='ltr'><strong>se,</strong></span> <span class='ocrx_word' id='word_1_580' title='bbox 1657 4267 2032 4324; x_wconf 75' lang='lat' dir='ltr'><strong>quaecunque</strong></span> <span class='ocrx_word' id='word_1_581' title='bbox 2065 4253 2202 4307; x_wconf 87' lang='lat' dir='ltr'><strong>sub-</strong></span> 
     </span>
    </p>
   </div>
   <div class='ocr_carea' id='block_1_77' title="bbox 545 4336 2202 4396">
    <p class='ocr_par' dir='ltr' id='par_1_77' title="bbox 545 4336 2202 4396">
     <span class='ocr_line' id='line_1_77' title="bbox 545 4336 2202 4396; baseline 0.002 -3"><span class='ocrx_word' id='word_1_582' title='bbox 545 4336 779 4393; x_wconf 87' lang='lat' dir='ltr'><strong>lunaria</strong></span> <span class='ocrx_word' id='word_1_583' title='bbox 812 4337 1146 4392; x_wconf 88' lang='lat' dir='ltr'><strong>secundum</strong></span> <span class='ocrx_word' id='word_1_584' title='bbox 1189 4338 1446 4392; x_wconf 89' lang='lat' dir='ltr'><strong>edictum</strong></span> <span class='ocrx_word' id='word_1_585' title='bbox 1487 4340 1842 4395; x_wconf 79' lang='lat' dir='ltr'><strong>conditionis</strong></span> <span class='ocrx_word' id='word_1_586' title='bbox 1889 4357 2047 4395; x_wconf 76' lang='lat' dir='ltr'><strong>sum:</strong></span> <span class='ocrx_word' id='word_1_587' title='bbox 2104 4357 2202 4396; x_wconf 90' lang='lat' dir='ltr'><strong>ne-</strong></span> 
     </span>
    </p>
   </div>
   <div class='ocr_carea' id='block_1_78' title="bbox 2309 3177 3864 3256">
    <p class='ocr_par' dir='ltr' id='par_1_78' title="bbox 2309 3177 3864 3256">
     <span class='ocr_line' id='line_1_78' title="bbox 2309 3177 3864 3256; baseline -0.001 -23"><span class='ocrx_word' id='word_1_588' title='bbox 2309 3181 2393 3245; x_wconf 88' lang='grc' dir='ltr'>λος</span> <span class='ocrx_word' id='word_1_589' title='bbox 2424 3184 2538 3256; x_wconf 82' lang='grc' dir='ltr'>ὁρᾷ,</span> <span class='ocrx_word' id='word_1_590' title='bbox 2567 3187 2656 3234; x_wconf 86' lang='grc' dir='ltr'>καὶ</span> <span class='ocrx_word' id='word_1_591' title='bbox 2685 3186 2742 3234; x_wconf 78' lang='grc' dir='ltr'><strong>τό</strong></span> <span class='ocrx_word' id='word_1_592' title='bbox 2777 3186 2936 3254; x_wconf 80' lang='grc' dir='ltr'>χρέος</span> <span class='ocrx_word' id='word_1_593' title='bbox 2956 3179 3087 3247; x_wconf 87' lang='grc' dir='ltr'>οῖδε,</span> <span class='ocrx_word' id='word_1_594' title='bbox 3112 3187 3199 3234; x_wconf 85' lang='grc' dir='ltr'>καὶ</span> <span class='ocrx_word' id='word_1_595' title='bbox 3221 3186 3400 3256; x_wconf 76' lang='grc' dir='ltr'>τρέχει</span> <span class='ocrx_word' id='word_1_596' title='bbox 3429 3185 3559 3255; x_wconf 85' lang='grc' dir='ltr'>πρὸς</span> <span class='ocrx_word' id='word_1_597' title='bbox 3583 3185 3668 3238; x_wconf 80' lang='grc' dir='ltr'>τὴν</span> <span class='ocrx_word' id='word_1_598' title='bbox 3687 3177 3864 3232; x_wconf 64' lang='grc' dir='ltr'>ἀπαίτη-</span> 
     </span>
    </p>
   </div>
   <div class='ocr_carea' id='block_1_79' title="bbox 2313 3256 3864 3340">
    <p class='ocr_par' dir='ltr' id='par_1_79' title="bbox 2313 3256 3864 3340">
     <span class='ocr_line' id='line_1_79' title="bbox 2313 3256 3864 3340; baseline -0.006 -20"><span class='ocrx_word' id='word_1_599' title='bbox 2313 3287 2416 3320; x_wconf 88' lang='grc' dir='ltr'>σιν.</span> <span class='ocrx_word' id='word_1_600' title='bbox 2449 3269 2620 3327; x_wconf 86' lang='grc' dir='ltr'>Αύτός</span> <span class='ocrx_word' id='word_1_601' title='bbox 2650 3269 2675 3318; x_wconf 86' lang='grc' dir='ltr'><em>ὁ</em></span> <span class='ocrx_word' id='word_1_602' title='bbox 2707 3267 2847 3328; x_wconf 78' lang='grc' dir='ltr'>ἣλιος</span> <span class='ocrx_word' id='word_1_603' title='bbox 2869 3267 2927 3319; x_wconf 84' lang='grc' dir='ltr'><strong>ού</strong></span> <span class='ocrx_word' id='word_1_604' title='bbox 2958 3267 3306 3340; x_wconf 76' lang='grc' dir='ltr'>λαμπρὸςμεν</span> <span class='ocrx_word' id='word_1_605' title='bbox 3340 3263 3498 3330; x_wconf 81' lang='grc' dir='ltr'>ἰδεῖν,</span> <span class='ocrx_word' id='word_1_606' title='bbox 3540 3266 3798 3336; x_wconf 85' lang='grc' dir='ltr'>θαυμάσιος</span> <span class='ocrx_word' id='word_1_607' title='bbox 3819 3256 3864 3310; x_wconf 65' lang='grc' dir='ltr'>δι</span> 
     </span>
    </p>
   </div>
   <div class='ocr_carea' id='block_1_80' title="bbox 2310 3354 3863 3427">
    <p class='ocr_par' dir='ltr' id='par_1_80' title="bbox 2310 3354 3863 3427">
     <span class='ocr_line' id='line_1_80' title="bbox 2310 3354 3863 3427; baseline 0 -19"><span class='ocrx_word' id='word_1_608' title='bbox 2310 3359 2368 3408; x_wconf 85' lang='grc' dir='ltr'>τὸ</span> <span class='ocrx_word' id='word_1_609' title='bbox 2407 3356 2624 3424; x_wconf 90' lang='grc' dir='ltr'>κάλλος;</span> <span class='ocrx_word' id='word_1_610' title='bbox 2671 3362 2760 3408; x_wconf 85' lang='grc' dir='ltr'>καὶ</span> <span class='ocrx_word' id='word_1_611' title='bbox 2807 3361 2858 3408; x_wconf 86' lang='grc' dir='ltr'><strong>τί</strong></span> <span class='ocrx_word' id='word_1_612' title='bbox 2909 3358 3009 3427; x_wconf 77' lang='grc' dir='ltr'>γὰρ</span> <span class='ocrx_word' id='word_1_613' title='bbox 3043 3356 3163 3408; x_wconf 70' lang='grc' dir='ltr'>ἄλλο</span> <span class='ocrx_word' id='word_1_614' title='bbox 3209 3356 3388 3421; x_wconf 81' lang='grc' dir='ltr'>εἰπεῖν,</span> <span class='ocrx_word' id='word_1_615' title='bbox 3420 3355 3450 3414; x_wconf 75' lang='grc' dir='ltr'><strong><em>ἦ</em></strong></span> <span class='ocrx_word' id='word_1_616' title='bbox 3509 3356 3585 3408; x_wconf 83' lang='grc' dir='ltr'>ὅτι</span> <span class='ocrx_word' id='word_1_617' title='bbox 3637 3355 3696 3413; x_wconf 78' lang='grc' dir='ltr'>ὡς</span> <span class='ocrx_word' id='word_1_618' title='bbox 3742 3354 3863 3422; x_wconf 70' lang='grc' dir='ltr'>γίγας</span> 
     </span>
    </p>
   </div>
   <div class='ocr_carea' id='block_1_81' title="bbox 2312 3441 3862 3519">
    <p class='ocr_par' dir='ltr' id='par_1_81' title="bbox 2312 3441 3862 3519">
     <span class='ocr_line' id='line_1_81' title="bbox 2312 3441 3862 3519; baseline -0.006 -23"><span class='ocrx_word' id='word_1_619' title='bbox 2312 3443 2688 3517; x_wconf 80' lang='grc' dir='ltr'>ἀγαλλιώμενος</span> <span class='ocrx_word' id='word_1_620' title='bbox 2768 3441 2985 3519; x_wconf 85' lang='grc' dir='ltr'>δραμεῖν</span> <span class='ocrx_word' id='word_1_621' title='bbox 3040 3441 3164 3497; x_wconf 86' lang='grc' dir='ltr'>ὁδὸν</span> <span class='ocrx_word' id='word_1_622' title='bbox 3219 3445 3401 3510; x_wconf 81' lang='grc' dir='ltr'>αὐτοῦ,</span> <span class='ocrx_word' id='word_1_623' title='bbox 3454 3443 3540 3496; x_wconf 81' lang='grc' dir='ltr'><strong>ἀπ’</strong></span> <span class='ocrx_word' id='word_1_624' title='bbox 3600 3444 3746 3514; x_wconf 79' lang='grc' dir='ltr'>ἄκρου</span> <span class='ocrx_word' id='word_1_625' title='bbox 3792 3444 3862 3488; x_wconf 80' lang='grc' dir='ltr'>τοῦ</span> 
     </span>
    </p>
   </div>
   <div class='ocr_carea' id='block_1_82' title="bbox 2310 3528 3862 3609">
    <p class='ocr_par' dir='ltr' id='par_1_82' title="bbox 2310 3528 3862 3609">
     <span class='ocr_line' id='line_1_82' title="bbox 2310 3528 3862 3609; baseline -0.007 -22"><span class='ocrx_word' id='word_1_626' title='bbox 2310 3535 2550 3609; x_wconf 81' lang='grc' dir='ltr'>ούρανοῦ,</span> <span class='ocrx_word' id='word_1_627' title='bbox 2607 3534 2700 3595; x_wconf 82' lang='grc' dir='ltr'>ἕως</span> <span class='ocrx_word' id='word_1_628' title='bbox 2751 3535 2913 3607; x_wconf 85' lang='grc' dir='ltr'>οῖκρου</span> <span class='ocrx_word' id='word_1_629' title='bbox 2964 3542 3054 3586; x_wconf 80' lang='grc' dir='ltr'>τοῦ</span> <span class='ocrx_word' id='word_1_630' title='bbox 3112 3533 3354 3608; x_wconf 83' lang='grc' dir='ltr'>ούρανοῦ,</span> <span class='ocrx_word' id='word_1_631' title='bbox 3395 3531 3581 3586; x_wconf 73' lang='grc' dir='ltr'>ἐκεῖνον</span> <span class='ocrx_word' id='word_1_632' title='bbox 3615 3534 3695 3583; x_wconf 85' lang='grc' dir='ltr'>τὸν</span> <span class='ocrx_word' id='word_1_633' title='bbox 3743 3528 3862 3598; x_wconf 78' lang='grc' dir='ltr'>ὑπερ·</span> 
     </span>
    </p>
   </div>
   <div class='ocr_carea' id='block_1_83' title="bbox 2310 3620 3860 3698">
    <p class='ocr_par' dir='ltr' id='par_1_83' title="bbox 2310 3620 3860 3698">
     <span class='ocr_line' id='line_1_83' title="bbox 2310 3620 3860 3698; baseline -0.006 -22"><span class='ocrx_word' id='word_1_634' title='bbox 2310 3632 2410 3697; x_wconf 74' lang='grc' dir='ltr'><strong>φυῆ</strong></span> <span class='ocrx_word' id='word_1_635' title='bbox 2455 3620 2648 3698; x_wconf 87' lang='grc' dir='ltr'>δρόμον</span> <span class='ocrx_word' id='word_1_636' title='bbox 2700 3627 2789 3675; x_wconf 82' lang='grc' dir='ltr'>καὶ</span> <span class='ocrx_word' id='word_1_637' title='bbox 2845 3627 3090 3676; x_wconf 79' lang='grc' dir='ltr'>εὔτακτον</span> <span class='ocrx_word' id='word_1_638' title='bbox 3143 3621 3200 3692; x_wconf 18' lang='grc' dir='ltr'>ἐν,</span> <span class='ocrx_word' id='word_1_639' title='bbox 3236 3623 3375 3674; x_wconf 85' lang='grc' dir='ltr'>αύτῶ</span> <span class='ocrx_word' id='word_1_640' title='bbox 3424 3627 3566 3695; x_wconf 71' lang='grc' dir='ltr'>μέσῳ</span> <span class='ocrx_word' id='word_1_641' title='bbox 3612 3628 3677 3691; x_wconf 81' lang='grc' dir='ltr'>τῷ</span> <span class='ocrx_word' id='word_1_642' title='bbox 3715 3622 3860 3685; x_wconf 79' lang='grc' dir='ltr'>κόσμῳ</span> 
     </span>
    </p>
   </div>
   <div class='ocr_carea' id='block_1_84' title="bbox 2310 3706 3857 3787">
    <p class='ocr_par' dir='ltr' id='par_1_84' title="bbox 2310 3706 3857 3787">
     <span class='ocr_line' id='line_1_84' title="bbox 2310 3706 3857 3787; baseline -0.006 -21"><span class='ocrx_word' id='word_1_643' title='bbox 2310 3713 2597 3779; x_wconf 85' lang='grc' dir='ltr'>άνελίττων,</span> <span class='ocrx_word' id='word_1_644' title='bbox 2629 3712 2884 3787; x_wconf 77' lang='grc' dir='ltr'>θεατρίζει</span> <span class='ocrx_word' id='word_1_645' title='bbox 2913 3731 2966 3764; x_wconf 91' lang='grc' dir='ltr'><strong>τε</strong></span> <span class='ocrx_word' id='word_1_646' title='bbox 3003 3718 3094 3764; x_wconf 81' lang='grc' dir='ltr'>καὶ</span> <span class='ocrx_word' id='word_1_647' title='bbox 3131 3708 3490 3764; x_wconf 74' lang='grc' dir='ltr'>ἐπιδείκνυται</span> <span class='ocrx_word' id='word_1_648' title='bbox 3524 3733 3536 3744; x_wconf 89' lang='grc'><strong>·</strong></span> <span class='ocrx_word' id='word_1_649' title='bbox 3576 3710 3732 3762; x_wconf 83' lang='grc' dir='ltr'>καὶτὰ</span> <span class='ocrx_word' id='word_1_650' title='bbox 3755 3706 3857 3773; x_wconf 59' lang='lat' dir='ltr'><strong>trip-</strong></span> 
     </span>
    </p>
   </div>
   <div class='ocr_carea' id='block_1_85' title="bbox 2309 3799 3857 3874">
    <p class='ocr_par' dir='ltr' id='par_1_85' title="bbox 2309 3799 3857 3874">
     <span class='ocr_line' id='line_1_85' title="bbox 2309 3799 3857 3874; baseline -0.009 -19"><span class='ocrx_word' id='word_1_651' title='bbox 2309 3821 2479 3856; x_wconf 84' lang='grc' dir='ltr'>παντα</span> <span class='ocrx_word' id='word_1_652' title='bbox 2505 3809 2620 3864; x_wconf 89' lang='grc' dir='ltr'>ταῖς</span> <span class='ocrx_word' id='word_1_653' title='bbox 2671 3800 2850 3853; x_wconf 76' lang='grc' dir='ltr'>ἀκτῖσι</span> <span class='ocrx_word' id='word_1_654' title='bbox 2899 3799 3237 3874; x_wconf 82' lang='grc' dir='ltr'>βάλλων,καὶ</span> <span class='ocrx_word' id='word_1_655' title='bbox 3291 3809 3449 3853; x_wconf 79' lang='grc' dir='ltr'>τοῦτο</span> <span class='ocrx_word' id='word_1_656' title='bbox 3493 3804 3579 3874; x_wconf 77' lang='grc' dir='ltr'><strong>μεν</strong></span> <span class='ocrx_word' id='word_1_657' title='bbox 3617 3800 3857 3868; x_wconf 76' lang='grc' dir='ltr'>ζῳογονῶν,</span> 
     </span>
    </p>
   </div>
   <div class='ocr_carea' id='block_1_86' title="bbox 2308 3884 3858 3962">
    <p class='ocr_par' dir='ltr' id='par_1_86' title="bbox 2308 3884 3858 3962">
     <span class='ocr_line' id='line_1_86' title="bbox 2308 3884 3858 3962; baseline -0.005 -18"><span class='ocrx_word' id='word_1_658' title='bbox 2308 3901 2459 3945; x_wconf 82' lang='grc' dir='ltr'>τοῦτο</span> <span class='ocrx_word' id='word_1_659' title='bbox 2500 3888 2558 3944; x_wconf 77' lang='grc' dir='ltr'><strong>δε</strong></span> <span class='ocrx_word' id='word_1_660' title='bbox 2589 3890 2813 3956; x_wconf 85' lang='grc' dir='ltr'>θάλπων,</span> <span class='ocrx_word' id='word_1_661' title='bbox 2846 3896 2934 3942; x_wconf 84' lang='grc' dir='ltr'>καὶ</span> <span class='ocrx_word' id='word_1_662' title='bbox 2991 3895 3224 3962; x_wconf 86' lang='grc' dir='ltr'>συνέχων</span> <span class='ocrx_word' id='word_1_663' title='bbox 3255 3893 3318 3942; x_wconf 91' lang='grc' dir='ltr'><strong>τά</strong></span> <span class='ocrx_word' id='word_1_664' title='bbox 3365 3897 3600 3961; x_wconf 81' lang='grc' dir='ltr'>περίγεια</span> <span class='ocrx_word' id='word_1_665' title='bbox 3650 3886 3767 3956; x_wconf 82' lang='grc' dir='ltr'>λόγῳ</span> <span class='ocrx_word' id='word_1_666' title='bbox 3791 3884 3858 3932; x_wconf 80' lang='grc' dir='ltr'>καὶ</span> 
     </span>
    </p>
   </div>
   <div class='ocr_carea' id='block_1_87' title="bbox 2308 3978 3857 4052">
    <p class='ocr_par' dir='ltr' id='par_1_87' title="bbox 2308 3978 3857 4052">
     <span class='ocr_line' id='line_1_87' title="bbox 2308 3978 3857 4052; baseline -0.005 -18"><span class='ocrx_word' id='word_1_667' title='bbox 2308 3987 2446 4052; x_wconf 86' lang='grc' dir='ltr'>νόμῳ</span> <span class='ocrx_word' id='word_1_668' title='bbox 2499 3988 2590 4032; x_wconf 82' lang='grc' dir='ltr'><strong>τού</strong></span> <span class='ocrx_word' id='word_1_669' title='bbox 2642 3983 2947 4042; x_wconf 73' lang='grc' dir='ltr'>κτίσαντος,</span> <span class='ocrx_word' id='word_1_670' title='bbox 3004 3979 3133 4051; x_wconf 82' lang='grc' dir='ltr'>ούχὶ</span> <span class='ocrx_word' id='word_1_671' title='bbox 3192 3981 3427 4050; x_wconf 83' lang='grc' dir='ltr'>τοσούτῳ</span> <span class='ocrx_word' id='word_1_672' title='bbox 3475 3982 3683 4051; x_wconf 82' lang='grc' dir='ltr'>μακροῖς</span> <span class='ocrx_word' id='word_1_673' title='bbox 3724 3978 3857 4024; x_wconf 72' lang='grc' dir='ltr'>ταῦτα</span> 
     </span>
    </p>
   </div>
   <div class='ocr_carea' id='block_1_88' title="bbox 2309 4057 3857 4146">
    <p class='ocr_par' dir='ltr' id='par_1_88' title="bbox 2309 4057 3857 4146">
     <span class='ocr_line' id='line_1_88' title="bbox 2309 4057 3857 4146; baseline -0.01 -22"><span class='ocrx_word' id='word_1_674' title='bbox 2309 4073 2550 4146; x_wconf 84' lang='grc' dir='ltr'>πράττων</span> <span class='ocrx_word' id='word_1_675' title='bbox 2579 4071 2636 4122; x_wconf 87' lang='grc' dir='ltr'><strong>ού</strong></span> <span class='ocrx_word' id='word_1_676' title='bbox 2662 4072 2920 4141; x_wconf 84' lang='grc' dir='ltr'>γηράσκει</span> <span class='ocrx_word' id='word_1_677' title='bbox 2949 4075 3182 4142; x_wconf 75' lang='grc' dir='ltr'>χρόνοις,</span> <span class='ocrx_word' id='word_1_678' title='bbox 3233 4065 3348 4121; x_wconf 75' lang='grc' dir='ltr'>οὐδ’</span> <span class='ocrx_word' id='word_1_679' title='bbox 3381 4069 3664 4121; x_wconf 80' lang='grc' dir='ltr'>ἀλλοιοῦται</span> <span class='ocrx_word' id='word_1_680' title='bbox 3691 4066 3738 4115; x_wconf 87' lang='grc' dir='ltr'>τὸ</span> <span class='ocrx_word' id='word_1_681' title='bbox 3764 4057 3857 4111; x_wconf 77' lang='grc' dir='ltr'>καλ·</span> 
     </span>
    </p>
   </div>
   <div class='ocr_carea' id='block_1_89' title="bbox 2309 4142 3856 4231">
    <p class='ocr_par' dir='ltr' id='par_1_89' title="bbox 2309 4142 3856 4231">
     <span class='ocr_line' id='line_1_89' title="bbox 2309 4142 3856 4231; baseline -0.005 -19"><span class='ocrx_word' id='word_1_682' title='bbox 2309 4142 2414 4221; x_wconf 78' lang='grc' dir='ltr'>λος,</span> <span class='ocrx_word' id='word_1_683' title='bbox 2448 4156 2572 4212; x_wconf 70' lang='grc' dir='ltr'>ούδε</span> <span class='ocrx_word' id='word_1_684' title='bbox 2622 4163 2708 4211; x_wconf 88' lang='grc' dir='ltr'>τὸν</span> <span class='ocrx_word' id='word_1_685' title='bbox 2765 4155 2958 4231; x_wconf 84' lang='grc' dir='ltr'>δρόμον</span> <span class='ocrx_word' id='word_1_686' title='bbox 3005 4159 3234 4226; x_wconf 78' lang='grc' dir='ltr'>ὀκλάζει,</span> <span class='ocrx_word' id='word_1_687' title='bbox 3267 4154 3382 4210; x_wconf 77' lang='grc' dir='ltr'>οὐδ’</span> <span class='ocrx_word' id='word_1_688' title='bbox 3438 4161 3552 4230; x_wconf 81' lang='grc' dir='ltr'>ἔχει</span> <span class='ocrx_word' id='word_1_689' title='bbox 3599 4152 3775 4218; x_wconf 77' lang='grc' dir='ltr'>πρᾶξιν,</span> <span class='ocrx_word' id='word_1_690' title='bbox 3812 4142 3856 4198; x_wconf 76' lang='grc' dir='ltr'><strong>δί</strong></span> 
     </span>
    </p>
   </div>
   <div class='ocr_carea' id='block_1_90' title="bbox 2311 4244 3848 4316">
    <p class='ocr_par' dir='ltr' id='par_1_90' title="bbox 2311 4244 3848 4316">
     <span class='ocr_line' id='line_1_90' title="bbox 2311 4244 3848 4316; baseline -0.002 -6"><span class='ocrx_word' id='word_1_691' title='bbox 2311 4257 2371 4310; x_wconf 82' lang='grc' dir='ltr'>οὗ</span> <span class='ocrx_word' id='word_1_692' title='bbox 2423 4261 2516 4316; x_wconf 76' lang='grc' dir='ltr'>τὴν</span> <span class='ocrx_word' id='word_1_693' title='bbox 2572 4257 2720 4308; x_wconf 87' lang='grc' dir='ltr'>λύσιν</span> <span class='ocrx_word' id='word_1_694' title='bbox 2793 4256 3233 4314; x_wconf 77' lang='grc' dir='ltr'>ἀπαιτηθήσεται.</span> <span class='ocrx_word' id='word_1_695' title='bbox 3284 4257 3448 4311; x_wconf 78' lang='grc' dir='ltr'>Ἀλλὰ</span> <span class='ocrx_word' id='word_1_696' title='bbox 3513 4261 3598 4307; x_wconf 85' lang='grc' dir='ltr'>καὶ</span> <span class='ocrx_word' id='word_1_697' title='bbox 3664 4251 3786 4307; x_wconf 75' lang='grc' dir='ltr'>οὗτος</span> <span class='ocrx_word' id='word_1_698' title='bbox 3829 4244 3848 4292; x_wconf 65' lang='grc' dir='ltr'>δ</span> 
     </span>
    </p>
   </div>
   <div class='ocr_carea' id='block_1_91' title="bbox 2312 4330 3854 4418">
    <p class='ocr_par' dir='ltr' id='par_1_91' title="bbox 2312 4330 3854 4418">
     <span class='ocr_line' id='line_1_91' title="bbox 2312 4330 3854 4418; baseline -0.012 -18"><span class='ocrx_word' id='word_1_699' title='bbox 2312 4355 2561 4408; x_wconf 82' lang='grc' dir='ltr'>τοσοῦτος</span> <span class='ocrx_word' id='word_1_700' title='bbox 2587 4351 2677 4399; x_wconf 83' lang='grc' dir='ltr'>καὶ</span> <span class='ocrx_word' id='word_1_701' title='bbox 2730 4344 3030 4406; x_wconf 82' lang='grc' dir='ltr'>τηλικοῦτος</span> <span class='ocrx_word' id='word_1_702' title='bbox 3061 4347 3120 4397; x_wconf 82' lang='grc' dir='ltr'><strong>ού</strong></span> <span class='ocrx_word' id='word_1_703' title='bbox 3161 4343 3431 4418; x_wconf 66' lang='grc' dir='ltr'>διαφεύγει</span> <span class='ocrx_word' id='word_1_704' title='bbox 3487 4349 3542 4398; x_wconf 88' lang='grc' dir='ltr'>τὸ</span> <span class='ocrx_word' id='word_1_705' title='bbox 3591 4341 3732 4404; x_wconf 83' lang='grc' dir='ltr'>τέλος,</span> <span class='ocrx_word' id='word_1_706' title='bbox 3771 4330 3854 4385; x_wconf 80' lang='grc' dir='ltr'>ἀλλ’</span> 
     </span>
    </p>
   </div>
   <div class='ocr_carea' id='block_1_92' title="bbox 546 4427 2201 4507">
    <p class='ocr_par' dir='ltr' id='par_1_92' title="bbox 546 4427 2201 4501">
     <span class='ocr_line' id='line_1_92' title="bbox 546 4427 2201 4501; baseline 0.003 -20"><span class='ocrx_word' id='word_1_707' title='bbox 546 4443 663 4500; x_wconf 92' lang='lat' dir='ltr'><strong>que</strong></span> <span class='ocrx_word' id='word_1_708' title='bbox 695 4427 938 4493; x_wconf 86' lang='lat' dir='ltr'><strong>interea,</strong></span> <span class='ocrx_word' id='word_1_709' title='bbox 964 4427 1109 4482; x_wconf 93' lang='lat' dir='ltr'><strong>dum</strong></span> <span class='ocrx_word' id='word_1_710' title='bbox 1142 4428 1255 4482; x_wconf 90' lang='lat' dir='ltr'><strong>hoc</strong></span> <span class='ocrx_word' id='word_1_711' title='bbox 1281 4429 1510 4498; x_wconf 87' lang='lat' dir='ltr'><strong>peragit</strong></span> <span class='ocrx_word' id='word_1_712' title='bbox 1539 4428 1716 4483; x_wconf 87' lang='lat' dir='ltr'><strong>tantis</strong></span> <span class='ocrx_word' id='word_1_713' title='bbox 1746 4435 1802 4485; x_wconf 90' lang='lat' dir='ltr'><strong>et</strong></span> <span class='ocrx_word' id='word_1_714' title='bbox 1835 4433 1953 4484; x_wconf 92' lang='lat' dir='ltr'><strong>tam</strong></span> <span class='ocrx_word' id='word_1_715' title='bbox 1983 4431 2201 4501; x_wconf 89' lang='lat' dir='ltr'><strong>produ-</strong></span> 
     </span>
    </p>
   </div>
   <div class='ocr_carea' id='block_1_93' title="bbox 2312 4427 3856 4507">
    <p class='ocr_par' dir='ltr' id='par_1_93' title="bbox 2312 4434 3856 4507">
     <span class='ocr_line' id='line_1_93' title="bbox 2312 4434 3856 4507; baseline -0.01 -19"><span class='ocrx_word' id='word_1_716' title='bbox 2312 4437 2597 4488; x_wconf 87' lang='grc' dir='ltr'>ύποκύπτει</span> <span class='ocrx_word' id='word_1_717' title='bbox 2626 4442 2733 4496; x_wconf 90' lang='grc' dir='ltr'>τοῖς</span> <span class='ocrx_word' id='word_1_718' title='bbox 2773 4441 2952 4506; x_wconf 89' lang='grc' dir='ltr'>νόμοις</span> <span class='ocrx_word' id='word_1_719' title='bbox 3004 4443 3093 4496; x_wconf 80' lang='grc' dir='ltr'>τῆς</span> <span class='ocrx_word' id='word_1_720' title='bbox 3137 4438 3356 4507; x_wconf 72' lang='grc' dir='ltr'>φύσεως.</span> <span class='ocrx_word' id='word_1_721' title='bbox 3411 4437 3586 4487; x_wconf 80' lang='grc' dir='ltr'>Πάντα</span> <span class='ocrx_word' id='word_1_722' title='bbox 3621 4434 3709 4502; x_wconf 78' lang='grc' dir='ltr'><strong>γὰρ</strong></span> <span class='ocrx_word' id='word_1_723' title='bbox 3735 4441 3856 4498; x_wconf 82' lang='grc' dir='ltr'>μετα-</span> 
     </span>
    </p>
   </div>
   <div class='ocr_carea' id='block_1_94' title="bbox 544 4517 2200 4592">
    <p class='ocr_par' dir='ltr' id='par_1_94' title="bbox 544 4517 2200 4592">
     <span class='ocr_line' id='line_1_94' title="bbox 544 4517 2200 4592; baseline 0.001 -18"><span class='ocrx_word' id='word_1_724' title='bbox 544 4517 654 4574; x_wconf 90' lang='lat' dir='ltr'><strong>ctis</strong></span> <span class='ocrx_word' id='word_1_725' title='bbox 669 4519 872 4590; x_wconf 88' lang='lat' dir='ltr'><strong>spatiis</strong></span> <span class='ocrx_word' id='word_1_726' title='bbox 886 4518 1277 4582; x_wconf 84' lang='lat' dir='ltr'><strong>consenescit,</strong></span> <span class='ocrx_word' id='word_1_727' title='bbox 1295 4533 1488 4589; x_wconf 90' lang='lat' dir='ltr'><strong>neque</strong></span> <span class='ocrx_word' id='word_1_728' title='bbox 1505 4517 1738 4573; x_wconf 85' lang='lat' dir='ltr'><strong>decoris</strong></span> <span class='ocrx_word' id='word_1_729' title='bbox 1760 4537 1784 4571; x_wconf 89' lang='lat' dir='ltr'><strong>s</strong></span> <span class='ocrx_word' id='word_1_730' title='bbox 1796 4521 1848 4574; x_wconf 94' lang='lat' dir='ltr'><strong>ui</strong></span> <span class='ocrx_word' id='word_1_731' title='bbox 1869 4520 2200 4592; x_wconf 87' lang='lat' dir='ltr'><strong>deliquium</strong></span> 
     </span>
    </p>
   </div>
   <div class='ocr_carea' id='block_1_95' title="bbox 545 4608 2197 4680">
    <p class='ocr_par' dir='ltr' id='par_1_95' title="bbox 545 4608 2197 4680">
     <span class='ocr_line' id='line_1_95' title="bbox 545 4608 2197 4680; baseline 0.002 -16"><span class='ocrx_word' id='word_1_732' title='bbox 545 4610 636 4665; x_wconf 85' lang='lat' dir='ltr'><strong>vel</strong></span> <span class='ocrx_word' id='word_1_733' title='bbox 664 4609 1122 4666; x_wconf 90' lang='lat' dir='ltr'><strong>diminutionem</strong></span> <span class='ocrx_word' id='word_1_734' title='bbox 1173 4609 1412 4680; x_wconf 90' lang='lat' dir='ltr'><strong>patitur,</strong></span> <span class='ocrx_word' id='word_1_735' title='bbox 1460 4624 1576 4663; x_wconf 93' lang='lat' dir='ltr'><strong>non</strong></span> <span class='ocrx_word' id='word_1_736' title='bbox 1637 4608 1694 4662; x_wconf 88' lang='lat' dir='ltr'><strong>in</strong></span> <span class='ocrx_word' id='word_1_737' title='bbox 1737 4626 1910 4664; x_wconf 85' lang='lat' dir='ltr'><strong>cursu</strong></span> <span class='ocrx_word' id='word_1_738' title='bbox 1959 4611 2197 4672; x_wconf 77' lang='lat' dir='ltr'><strong>fatiscit,</strong></span> 
     </span>
    </p>
   </div>
   <div class='ocr_carea' id='block_1_96' title="bbox 543 4698 2196 4771">
    <p class='ocr_par' dir='ltr' id='par_1_96' title="bbox 543 4698 2196 4771">
     <span class='ocr_line' id='line_1_96' title="bbox 543 4698 2196 4771; baseline 0.001 -16"><span class='ocrx_word' id='word_1_739' title='bbox 543 4700 688 4756; x_wconf 88' lang='lat' dir='ltr'><strong>nihil</strong></span> <span class='ocrx_word' id='word_1_740' title='bbox 720 4699 860 4771; x_wconf 88' lang='lat' dir='ltr'><strong>agit,</strong></span> <span class='ocrx_word' id='word_1_741' title='bbox 899 4699 1054 4755; x_wconf 91' lang='lat' dir='ltr'><strong>unde</strong></span> <span class='ocrx_word' id='word_1_742' title='bbox 1089 4699 1164 4755; x_wconf 91' lang='lat' dir='ltr'><strong>de</strong></span> <span class='ocrx_word' id='word_1_743' title='bbox 1193 4698 1586 4753; x_wconf 90' lang='lat' dir='ltr'><strong>dissolutione</strong></span> <span class='ocrx_word' id='word_1_744' title='bbox 1619 4699 1980 4770; x_wconf 86' lang='lat' dir='ltr'><strong>postuletur;</strong></span> <span class='ocrx_word' id='word_1_745' title='bbox 2012 4707 2068 4756; x_wconf 91' lang='lat' dir='ltr'><strong>et</strong></span> <span class='ocrx_word' id='word_1_746' title='bbox 2110 4707 2196 4757; x_wconf 87' lang='lat' dir='ltr'><strong>ta-</strong></span> 
     </span>
    </p>
   </div>
   <div class='ocr_carea' id='block_1_97' title="bbox 545 4789 2196 4860">
    <p class='ocr_par' dir='ltr' id='par_1_97' title="bbox 545 4789 2196 4860">
     <span class='ocr_line' id='line_1_97' title="bbox 545 4789 2196 4860; baseline 0.002 -16"><span class='ocrx_word' id='word_1_747' title='bbox 545 4805 682 4844; x_wconf 89' lang='lat' dir='ltr'><strong>men</strong></span> <span class='ocrx_word' id='word_1_748' title='bbox 712 4789 806 4845; x_wconf 93' lang='lat' dir='ltr'><strong>ille</strong></span> <span class='ocrx_word' id='word_1_749' title='bbox 831 4789 966 4846; x_wconf 87' lang='lat' dir='ltr'><strong>talis</strong></span> <span class='ocrx_word' id='word_1_750' title='bbox 989 4794 1303 4860; x_wconf 91' lang='lat' dir='ltr'><strong>tantusque</strong></span> <span class='ocrx_word' id='word_1_751' title='bbox 1327 4789 1509 4843; x_wconf 87' lang='lat' dir='ltr'><strong>tinem</strong></span> <span class='ocrx_word' id='word_1_752' title='bbox 1539 4804 1715 4842; x_wconf 91' lang='lat' dir='ltr'><strong>suum</strong></span> <span class='ocrx_word' id='word_1_753' title='bbox 1739 4793 1794 4842; x_wconf 93' lang='lat' dir='ltr'><strong>et</strong></span> <span class='ocrx_word' id='word_1_754' title='bbox 1814 4803 2196 4848; x_wconf 82' lang='lat' dir='ltr'><strong>consumma-</strong></span> 
     </span>
    </p>
   </div>
   <div class='ocr_carea' id='block_1_98' title="bbox 544 4877 2192 4948">
    <p class='ocr_par' dir='ltr' id='par_1_98' title="bbox 544 4877 2192 4948">
     <span class='ocr_line' id='line_1_98' title="bbox 544 4877 2192 4948; baseline 0.002 -17"><span class='ocrx_word' id='word_1_755' title='bbox 544 4877 763 4932; x_wconf 88' lang='lat' dir='ltr'><strong>tionem</strong></span> <span class='ocrx_word' id='word_1_756' title='bbox 791 4894 912 4934; x_wconf 92' lang='lat' dir='ltr'><strong>non</strong></span> <span class='ocrx_word' id='word_1_757' title='bbox 943 4878 1195 4948; x_wconf 77' lang='lat' dir='ltr'><strong>diffugit.</strong></span> <span class='ocrx_word' id='word_1_758' title='bbox 1222 4878 1326 4933; x_wconf 91' lang='lat' dir='ltr'><strong>sed</strong></span> <span class='ocrx_word' id='word_1_759' title='bbox 1366 4877 1615 4932; x_wconf 89' lang='lat' dir='ltr'><strong>decretis</strong></span> <span class='ocrx_word' id='word_1_760' title='bbox 1657 4878 1992 4934; x_wconf 90' lang='lat' dir='ltr'><strong>succumbit</strong></span> <span class='ocrx_word' id='word_1_761' title='bbox 2023 4885 2192 4934; x_wconf 88' lang='lat' dir='ltr'><strong>natu-</strong></span> 
     </span>
    </p>
   </div>
   <div class='ocr_carea' id='block_1_99' title="bbox 541 4964 2190 5040">
    <p class='ocr_par' dir='ltr' id='par_1_99' title="bbox 541 4964 2190 5040">
     <span class='ocr_line' id='line_1_99' title="bbox 541 4964 2190 5040; baseline 0.002 -20"><span class='ocrx_word' id='word_1_762' title='bbox 541 4964 788 5020; x_wconf 83' lang='lat' dir='ltr'><strong>ralibus.</strong></span> <span class='ocrx_word' id='word_1_763' title='bbox 809 4967 1024 5023; x_wconf 90' lang='lat' dir='ltr'><strong>Omnia</strong></span> <span class='ocrx_word' id='word_1_764' title='bbox 1043 4968 1262 5040; x_wconf 88' lang='lat' dir='ltr'><strong>quippe</strong></span> <span class='ocrx_word' id='word_1_765' title='bbox 1291 4967 1702 5031; x_wconf 90' lang='lat' dir='ltr'><strong>immutantur,</strong></span> <span class='ocrx_word' id='word_1_766' title='bbox 1729 4982 1835 5020; x_wconf 84' lang='lat' dir='ltr'><strong>nec</strong></span> <span class='ocrx_word' id='word_1_767' title='bbox 1858 4967 2190 5038; x_wconf 87' lang='lat' dir='ltr'><strong>quidquam</strong></span> 
     </span>
    </p>
   </div>
   <div class='ocr_carea' id='block_1_100' title="bbox 542 5055 2191 5128">
    <p class='ocr_par' dir='ltr' id='par_1_100' title="bbox 542 5055 2191 5128">
     <span class='ocr_line' id='line_1_100' title="bbox 542 5055 2191 5128; baseline 0.003 -20"><span class='ocrx_word' id='word_1_768' title='bbox 542 5058 650 5116; x_wconf 89' lang='lat' dir='ltr'><strong>est,</strong></span> <span class='ocrx_word' id='word_1_769' title='bbox 700 5055 860 5124; x_wconf 87' lang='lat' dir='ltr'><strong>quod</strong></span> <span class='ocrx_word' id='word_1_770' title='bbox 903 5073 1005 5126; x_wconf 88' lang='lat' dir='ltr'><strong>per</strong></span> <span class='ocrx_word' id='word_1_771' title='bbox 1044 5056 1488 5126; x_wconf 90' lang='lat' dir='ltr'><strong>generationem</strong></span> <span class='ocrx_word' id='word_1_772' title='bbox 1535 5055 1985 5121; x_wconf 80' lang='lat' dir='ltr'><strong>substantiatur,</strong></span> <span class='ocrx_word' id='word_1_773' title='bbox 2045 5058 2191 5128; x_wconf 93' lang='lat' dir='ltr'><strong>quin</strong></span> 
     </span>
    </p>
   </div>
   <div class='ocr_carea' id='block_1_101' title="bbox 541 5144 2191 5216">
    <p class='ocr_par' dir='ltr' id='par_1_101' title="bbox 541 5144 2191 5216">
     <span class='ocr_line' id='line_1_101' title="bbox 541 5144 2191 5216; baseline 0.004 -20"><span class='ocrx_word' id='word_1_774' title='bbox 541 5147 678 5197; x_wconf 89' lang='lat' dir='ltr'><strong>ante</strong></span> <span class='ocrx_word' id='word_1_775' title='bbox 711 5149 959 5198; x_wconf 87' lang='lat' dir='ltr'><strong>mortem</strong></span> <span class='ocrx_word' id='word_1_776' title='bbox 990 5148 1207 5216; x_wconf 82' lang='lat' dir='ltr'><strong>aspiret</strong></span> <span class='ocrx_word' id='word_1_777' title='bbox 1231 5144 1760 5202; x_wconf 87' lang='lat' dir='ltr'><strong>immortalitatem.</strong></span> <span class='ocrx_word' id='word_1_778' title='bbox 1805 5145 1957 5210; x_wconf 86' lang='lat' dir='ltr'><strong>Quid</strong></span> <span class='ocrx_word' id='word_1_779' title='bbox 1999 5162 2141 5216; x_wconf 87' lang='lat' dir='ltr'><strong>ergo</strong></span> <span class='ocrx_word' id='word_1_780' title='bbox 2163 5147 2191 5202; x_wconf 83' lang='lat'><strong><em>?</em></strong></span> 
     </span>
    </p>
   </div>
   <div class='ocr_carea' id='block_1_102' title="bbox 540 5232 2189 5304">
    <p class='ocr_par' dir='ltr' id='par_1_102' title="bbox 540 5232 2189 5304">
     <span class='ocr_line' id='line_1_102' title="bbox 540 5232 2189 5304; baseline 0.002 -17"><span class='ocrx_word' id='word_1_781' title='bbox 540 5233 674 5287; x_wconf 74' lang='lat' dir='ltr'><strong>Haec</strong></span> <span class='ocrx_word' id='word_1_782' title='bbox 700 5232 904 5286; x_wconf 90' lang='lat' dir='ltr'><strong>omnia</strong></span> <span class='ocrx_word' id='word_1_783' title='bbox 948 5233 1336 5304; x_wconf 84' lang='lat' dir='ltr'><strong>reﬁnguntur,</strong></span> <span class='ocrx_word' id='word_1_784' title='bbox 1382 5241 1438 5290; x_wconf 90' lang='lat' dir='ltr'><strong>et</strong></span> <span class='ocrx_word' id='word_1_785' title='bbox 1490 5251 1551 5290; x_wconf 90' lang='lat' dir='ltr'><strong>se</strong></span> <span class='ocrx_word' id='word_1_786' title='bbox 1591 5233 1934 5296; x_wconf 84' lang='lat' dir='ltr'><strong>immutant,</strong></span> <span class='ocrx_word' id='word_1_787' title='bbox 1977 5251 2086 5290; x_wconf 91' lang='lat' dir='ltr'><strong>nec</strong></span> <span class='ocrx_word' id='word_1_788' title='bbox 2117 5236 2189 5291; x_wconf 91' lang='lat' dir='ltr'><strong>de</strong></span> 
     </span>
    </p>
   </div>
   <div class='ocr_carea' id='block_1_103' title="bbox 535 5319 2189 5396">
    <p class='ocr_par' dir='ltr' id='par_1_103' title="bbox 535 5319 2189 5396">
     <span class='ocr_line' id='line_1_103' title="bbox 535 5319 2189 5396; baseline 0.002 -18"><span class='ocrx_word' id='word_1_789' title='bbox 535 5320 654 5378; x_wconf 86' lang='lat' dir='ltr'><strong>ﬁne</strong></span> <span class='ocrx_word' id='word_1_790' title='bbox 678 5319 1038 5376; x_wconf 87' lang='lat' dir='ltr'><strong>conditionis</strong></span> <span class='ocrx_word' id='word_1_791' title='bbox 1083 5339 1206 5378; x_wconf 73' lang='lat' dir='ltr'><strong>suae</strong></span> <span class='ocrx_word' id='word_1_792' title='bbox 1237 5329 1632 5389; x_wconf 89' lang='lat' dir='ltr'><strong>murmurant,</strong></span> <span class='ocrx_word' id='word_1_793' title='bbox 1668 5324 1768 5380; x_wconf 89' lang='lat' dir='ltr'><strong>sed</strong></span> <span class='ocrx_word' id='word_1_794' title='bbox 1804 5324 2042 5396; x_wconf 80' lang='lat' dir='ltr'><strong>Opificis</strong></span> <span class='ocrx_word' id='word_1_795' title='bbox 2099 5327 2189 5381; x_wconf 91' lang='lat' dir='ltr'><strong>sui</strong></span> 
     </span>
    </p>
   </div>
   <div class='ocr_carea' id='block_1_104' title="bbox 535 5408 2188 5488">
    <p class='ocr_par' dir='ltr' id='par_1_104' title="bbox 535 5408 2188 5488">
     <span class='ocr_line' id='line_1_104' title="bbox 535 5408 2188 5488; baseline 0.001 -19"><span class='ocrx_word' id='word_1_796' title='bbox 535 5408 978 5483; x_wconf 88' lang='lat' dir='ltr'><strong>beneplacitum</strong></span> <span class='ocrx_word' id='word_1_797' title='bbox 1022 5423 1196 5482; x_wconf 70' lang='lat' dir='ltr'><strong>aequo</strong></span> <span class='ocrx_word' id='word_1_798' title='bbox 1253 5413 1456 5470; x_wconf 91' lang='lat' dir='ltr'><strong>animo</strong></span> <span class='ocrx_word' id='word_1_799' title='bbox 1513 5412 1756 5470; x_wconf 81' lang='lat' dir='ltr'><strong>ferunt:</strong></span> <span class='ocrx_word' id='word_1_800' title='bbox 1799 5419 1860 5470; x_wconf 91' lang='lat' dir='ltr'><strong>at</strong></span> <span class='ocrx_word' id='word_1_801' title='bbox 1898 5429 2028 5480; x_wconf 91' lang='lat' dir='ltr'><strong>nos,</strong></span> <span class='ocrx_word' id='word_1_802' title='bbox 2081 5415 2188 5488; x_wconf 91' lang='lat' dir='ltr'><strong>qui</strong></span> 
     </span>
    </p>
   </div>
   <div class='ocr_carea' id='block_1_105' title="bbox 603 5578 1131 5645">
    <p class='ocr_par' dir='ltr' id='par_1_105' title="bbox 603 5578 1131 5645">
     <span class='ocr_line' id='line_1_105' title="bbox 603 5578 1131 5645; baseline -0.004 -9"><span class='ocrx_word' id='word_1_803' title='bbox 603 5583 649 5619; x_wconf 66' lang='grc' dir='ltr'><strong>ιδ</strong></span> <span class='ocrx_word' id='word_1_804' title='bbox 690 5578 846 5638; x_wconf 87' lang='lat' dir='ltr'><strong>Psal.</strong></span> <span class='ocrx_word' id='word_1_805' title='bbox 877 5594 1044 5645; x_wconf 79' lang='lat' dir='ltr'><strong>xvm,</strong></span> <span class='ocrx_word' id='word_1_806' title='bbox 1079 5579 1131 5635; x_wconf 88' lang='lat'><strong>6.</strong></span> 
     </span>
    </p>
   </div>
   <div class='ocr_carea' id='block_1_106' title="bbox 2311 4511 3856 4593">
    <p class='ocr_par' dir='ltr' id='par_1_106' title="bbox 2311 4511 3856 4593">
     <span class='ocr_line' id='line_1_106' title="bbox 2311 4511 3856 4593; baseline 0 -17"><span class='ocrx_word' id='word_1_807' title='bbox 2311 4523 2570 4590; x_wconf 74' lang='grc' dir='ltr'>ϐάλλεται,</span> <span class='ocrx_word' id='word_1_808' title='bbox 2625 4529 2715 4576; x_wconf 90' lang='lat' dir='ltr'><strong>xui</strong></span> <span class='ocrx_word' id='word_1_809' title='bbox 2761 4519 2931 4588; x_wconf 75' lang='grc' dir='ltr'>ούδεν,</span> <span class='ocrx_word' id='word_1_810' title='bbox 2978 4523 3003 4575; x_wconf 88' lang='grc' dir='ltr'><strong>ὃ</strong></span> <span class='ocrx_word' id='word_1_811' title='bbox 3058 4519 3152 4575; x_wconf 84' lang='grc' dir='ltr'><strong>διὰ</strong></span> <span class='ocrx_word' id='word_1_812' title='bbox 3199 4527 3447 4593; x_wconf 75' lang='grc' dir='ltr'>γενέσεως</span> <span class='ocrx_word' id='word_1_813' title='bbox 3494 4521 3726 4580; x_wconf 78' lang='grc' dir='ltr'>ούσιὼθη,</span> <span class='ocrx_word' id='word_1_814' title='bbox 3773 4511 3856 4564; x_wconf 67' lang='grc' dir='ltr'>ἐπί·</span> 
     </span>
    </p>
   </div>
   <div class='ocr_carea' id='block_1_107' title="bbox 2311 4598 3852 4685">
    <p class='ocr_par' dir='ltr' id='par_1_107' title="bbox 2311 4598 3852 4685">
     <span class='ocr_line' id='line_1_107' title="bbox 2311 4598 3852 4685; baseline -0.005 -18"><span class='ocrx_word' id='word_1_815' title='bbox 2311 4615 2459 4675; x_wconf 78' lang='grc' dir='ltr'>ζητεῖ</span> <span class='ocrx_word' id='word_1_816' title='bbox 2487 4617 2586 4685; x_wconf 85' lang='grc' dir='ltr'>πρὸ</span> <span class='ocrx_word' id='word_1_817' title='bbox 2627 4619 2716 4664; x_wconf 82' lang='grc' dir='ltr'>τοῦ</span> <span class='ocrx_word' id='word_1_818' title='bbox 2773 4614 2992 4664; x_wconf 81' lang='grc' dir='ltr'>θανάτου</span> <span class='ocrx_word' id='word_1_819' title='bbox 3035 4614 3217 4684; x_wconf 88' lang='grc' dir='ltr'>μαθεῖν</span> <span class='ocrx_word' id='word_1_820' title='bbox 3269 4617 3327 4664; x_wconf 88' lang='grc' dir='ltr'><strong>τό</strong></span> <span class='ocrx_word' id='word_1_821' title='bbox 3381 4611 3642 4664; x_wconf 75' lang='grc' dir='ltr'>ἀθάνατον.</span> <span class='ocrx_word' id='word_1_822' title='bbox 3665 4611 3720 4659; x_wconf 85' lang='grc' dir='ltr'>Τί</span> <span class='ocrx_word' id='word_1_823' title='bbox 3745 4598 3852 4660; x_wconf 71' lang='grc' dir='ltr'><strong>οὖνῖ</strong></span> 
     </span>
    </p>
   </div>
   <div class='ocr_carea' id='block_1_108' title="bbox 2307 4694 3850 4774">
    <p class='ocr_par' dir='ltr' id='par_1_108' title="bbox 2307 4694 3850 4774">
     <span class='ocr_line' id='line_1_108' title="bbox 2307 4694 3850 4774; baseline -0.005 -20"><span class='ocrx_word' id='word_1_824' title='bbox 2307 4710 2473 4754; x_wconf 80' lang='grc' dir='ltr'>ταῦτα</span> <span class='ocrx_word' id='word_1_825' title='bbox 2514 4703 2683 4754; x_wconf 87' lang='grc' dir='ltr'>πάντα</span> <span class='ocrx_word' id='word_1_826' title='bbox 2717 4701 3129 4773; x_wconf 82' lang='grc' dir='ltr'>μεταπλάττεται</span> <span class='ocrx_word' id='word_1_827' title='bbox 3169 4706 3260 4754; x_wconf 88' lang='lat' dir='ltr'><strong>xui</strong></span> <span class='ocrx_word' id='word_1_828' title='bbox 3299 4700 3599 4774; x_wconf 77' lang='grc' dir='ltr'>μεταϐάλλει</span> <span class='ocrx_word' id='word_1_829' title='bbox 3639 4694 3850 4764; x_wconf 79' lang='grc' dir='ltr'>καὶπρὸς</span> 
     </span>
    </p>
   </div>
   <div class='ocr_carea' id='block_1_109' title="bbox 2307 4783 3848 4866">
    <p class='ocr_par' dir='ltr' id='par_1_109' title="bbox 2307 4783 3848 4866">
     <span class='ocr_line' id='line_1_109' title="bbox 2307 4783 3848 4866; baseline -0.003 -22"><span class='ocrx_word' id='word_1_830' title='bbox 2307 4796 2390 4844; x_wconf 87' lang='grc' dir='ltr'>τὸν</span> <span class='ocrx_word' id='word_1_831' title='bbox 2422 4793 2537 4866; x_wconf 87' lang='grc' dir='ltr'>ὅρον</span> <span class='ocrx_word' id='word_1_832' title='bbox 2591 4790 2684 4843; x_wconf 83' lang='grc' dir='ltr'><strong>ούκ</strong></span> <span class='ocrx_word' id='word_1_833' title='bbox 2727 4790 3007 4861; x_wconf 79' lang='grc' dir='ltr'>ἀγανακτεῖ</span> <span class='ocrx_word' id='word_1_834' title='bbox 3061 4800 3157 4852; x_wconf 83' lang='grc' dir='ltr'>τῆς</span> <span class='ocrx_word' id='word_1_835' title='bbox 3205 4790 3462 4858; x_wconf 68' lang='grc' dir='ltr'>πλάσεως,</span> <span class='ocrx_word' id='word_1_836' title='bbox 3504 4789 3604 4841; x_wconf 73' lang='grc' dir='ltr'>ἀλλ’</span> <span class='ocrx_word' id='word_1_837' title='bbox 3647 4783 3848 4838; x_wconf 67' lang='grc' dir='ltr'>εὐπειθῶς</span> 
     </span>
    </p>
   </div>
   <div class='ocr_carea' id='block_1_110' title="bbox 2303 4868 3848 4955">
    <p class='ocr_par' dir='ltr' id='par_1_110' title="bbox 2303 4868 3848 4955">
     <span class='ocr_line' id='line_1_110' title="bbox 2303 4868 3848 4955; baseline -0.003 -22"><span class='ocrx_word' id='word_1_838' title='bbox 2303 4885 2441 4955; x_wconf 74' lang='grc' dir='ltr'>φέρει</span> <span class='ocrx_word' id='word_1_839' title='bbox 2471 4889 2561 4933; x_wconf 82' lang='grc' dir='ltr'>τοῦ</span> <span class='ocrx_word' id='word_1_840' title='bbox 2593 4884 2834 4951; x_wconf 83' lang='grc' dir='ltr'>τεχνίτου</span> <span class='ocrx_word' id='word_1_841' title='bbox 2879 4884 2936 4932; x_wconf 90' lang='grc' dir='ltr'>τὸ</span> <span class='ocrx_word' id='word_1_842' title='bbox 2969 4878 3214 4953; x_wconf 85' lang='grc' dir='ltr'>βούλημα</span> <span class='ocrx_word' id='word_1_843' title='bbox 3246 4901 3259 4913; x_wconf 79' lang='grc' dir='ltr'><strong>ο</strong></span> <span class='ocrx_word' id='word_1_844' title='bbox 3303 4882 3453 4952; x_wconf 78' lang='grc' dir='ltr'>ἡμεῖς</span> <span class='ocrx_word' id='word_1_845' title='bbox 3484 4877 3541 4932; x_wconf 75' lang='grc' dir='ltr'><strong>δε</strong></span> <span class='ocrx_word' id='word_1_846' title='bbox 3586 4875 3652 4930; x_wconf 86' lang='grc' dir='ltr'>δι’</span> <span class='ocrx_word' id='word_1_847' title='bbox 3683 4873 3739 4923; x_wconf 74' lang='grc' dir='ltr'><strong>ὧν</strong></span> <span class='ocrx_word' id='word_1_848' title='bbox 3772 4868 3848 4941; x_wconf 59' lang='lat' dir='ltr'><strong>tu&quot;</strong></span> 
     </span>
    </p>
   </div>
   <div class='ocr_carea' id='block_1_111' title="bbox 2301 4957 3844 5043">
    <p class='ocr_par' dir='ltr' id='par_1_111' title="bbox 2301 4957 3844 5043">
     <span class='ocr_line' id='line_1_111' title="bbox 2301 4957 3844 5043; baseline -0.006 -21"><span class='ocrx_word' id='word_1_849' title='bbox 2301 4989 2393 5028; x_wconf 88' lang='grc' dir='ltr'><strong>την</strong></span> <span class='ocrx_word' id='word_1_850' title='bbox 2433 4972 2768 5042; x_wconf 83' lang='grc' dir='ltr'>κοπτόμεθα;</span> <span class='ocrx_word' id='word_1_851' title='bbox 2823 4970 2939 5021; x_wconf 88' lang='grc' dir='ltr'>καθ’</span> <span class='ocrx_word' id='word_1_852' title='bbox 2973 4973 3117 5041; x_wconf 75' lang='grc' dir='ltr'>ἡμῶν</span> <span class='ocrx_word' id='word_1_853' title='bbox 3165 4975 3220 5022; x_wconf 88' lang='grc' dir='ltr'><strong>τό</strong></span> <span class='ocrx_word' id='word_1_854' title='bbox 3253 4977 3402 5023; x_wconf 88' lang='grc' dir='ltr'><strong>Θείον</strong></span> <span class='ocrx_word' id='word_1_855' title='bbox 3433 4966 3744 5043; x_wconf 79' lang='grc' dir='ltr'>παροργίςειν</span> <span class='ocrx_word' id='word_1_856' title='bbox 3775 4957 3844 5010; x_wconf 63' lang='grc' dir='ltr'><strong>οὒκ</strong></span> 
     </span>
    </p>
   </div>
   <div class='ocr_carea' id='block_1_112' title="bbox 2303 5058 3844 5132">
    <p class='ocr_par' dir='ltr' id='par_1_112' title="bbox 2303 5058 3844 5132">
     <span class='ocr_line' id='line_1_112' title="bbox 2303 5058 3844 5132; baseline 0.002 -21"><span class='ocrx_word' id='word_1_857' title='bbox 2303 5058 2586 5132; x_wconf 79' lang='grc' dir='ltr'>ὀκνήσομεν</span> <span class='ocrx_word' id='word_1_858' title='bbox 2613 5078 2629 5129; x_wconf 66' lang='grc' dir='ltr'><strong>ς</strong></span> <span class='ocrx_word' id='word_1_859' title='bbox 2663 5064 2752 5111; x_wconf 88' lang='grc' dir='ltr'>καὶ</span> <span class='ocrx_word' id='word_1_860' title='bbox 2799 5067 3032 5110; x_wconf 80' lang='grc' dir='ltr'>τοσαῦτα</span> <span class='ocrx_word' id='word_1_861' title='bbox 3063 5062 3160 5132; x_wconf 89' lang='grc' dir='ltr'><strong>πρό</strong></span> <span class='ocrx_word' id='word_1_862' title='bbox 3189 5058 3462 5131; x_wconf 71' lang='grc' dir='ltr'>ὀφθαλμῶν</span> <span class='ocrx_word' id='word_1_863' title='bbox 3493 5062 3684 5129; x_wconf 74' lang='grc' dir='ltr'>ἔχοντες</span> <span class='ocrx_word' id='word_1_864' title='bbox 3709 5065 3844 5120; x_wconf 74' lang='grc' dir='ltr'>καρα-</span> 
     </span>
    </p>
   </div>
   <div class='ocr_carea' id='block_1_113' title="bbox 2303 5139 3844 5220">
    <p class='ocr_par' dir='ltr' id='par_1_113' title="bbox 2303 5139 3844 5220">
     <span class='ocr_line' id='line_1_113' title="bbox 2303 5139 3844 5220; baseline 0.006 -23"><span class='ocrx_word' id='word_1_865' title='bbox 2303 5145 2583 5220; x_wconf 81' lang='grc' dir='ltr'>δείγματα,</span> <span class='ocrx_word' id='word_1_866' title='bbox 2633 5149 2732 5200; x_wconf 81' lang='grc' dir='ltr'>ὑπὸ</span> <span class='ocrx_word' id='word_1_867' title='bbox 2763 5150 2955 5200; x_wconf 89' lang='grc' dir='ltr'>τούτων</span> <span class='ocrx_word' id='word_1_868' title='bbox 3009 5150 3097 5217; x_wconf 78' lang='grc' dir='ltr'><strong>μεν</strong></span> <span class='ocrx_word' id='word_1_869' title='bbox 3140 5144 3346 5207; x_wconf 86' lang='grc' dir='ltr'>ούδενός</span> <span class='ocrx_word' id='word_1_870' title='bbox 3396 5145 3699 5216; x_wconf 70' lang='grc' dir='ltr'>ἀνανήψομιν</span> <span class='ocrx_word' id='word_1_871' title='bbox 3727 5158 3738 5204; x_wconf 79' lang='grc' dir='ltr'>ς</span> <span class='ocrx_word' id='word_1_872' title='bbox 3767 5139 3844 5188; x_wconf 64' lang='grc' dir='ltr'><strong>ὅσα</strong></span> 
     </span>
    </p>
   </div>
   <div class='ocr_carea' id='block_1_114' title="bbox 2303 5224 3844 5309">
    <p class='ocr_par' dir='ltr' id='par_1_114' title="bbox 2303 5224 3844 5309">
     <span class='ocr_line' id='line_1_114' title="bbox 2303 5224 3844 5309; baseline -0.006 -20"><span class='ocrx_word' id='word_1_873' title='bbox 2303 5233 2361 5289; x_wconf 71' lang='grc' dir='ltr'>δὲ</span> <span class='ocrx_word' id='word_1_874' title='bbox 2391 5241 2448 5289; x_wconf 84' lang='grc' dir='ltr'>τὸ</span> <span class='ocrx_word' id='word_1_875' title='bbox 2494 5239 2655 5299; x_wconf 87' lang='grc' dir='ltr'>πάθος</span> <span class='ocrx_word' id='word_1_876' title='bbox 2699 5241 2789 5288; x_wconf 82' lang='grc' dir='ltr'>καὶ</span> <span class='ocrx_word' id='word_1_877' title='bbox 2828 5237 2852 5288; x_wconf 87' lang='grc' dir='ltr'><strong><em>ὁ</em></strong></span> <span class='ocrx_word' id='word_1_878' title='bbox 2885 5239 3106 5308; x_wconf 84' lang='grc' dir='ltr'>πονηρός</span> <span class='ocrx_word' id='word_1_879' title='bbox 3156 5237 3486 5309; x_wconf 81' lang='grc' dir='ltr'>ὑπαγορεύει,</span> <span class='ocrx_word' id='word_1_880' title='bbox 3519 5236 3704 5290; x_wconf 86' lang='grc' dir='ltr'>τούτοις</span> <span class='ocrx_word' id='word_1_881' title='bbox 3752 5224 3844 5276; x_wconf 69' lang='grc' dir='ltr'><strong>ἔπυ-</strong></span> 
     </span>
    </p>
   </div>
   <div class='ocr_carea' id='block_1_115' title="bbox 2302 5315 3839 5400">
    <p class='ocr_par' dir='ltr' id='par_1_115' title="bbox 2302 5315 3839 5400">
     <span class='ocr_line' id='line_1_115' title="bbox 2302 5315 3839 5400; baseline -0.008 -22"><span class='ocrx_word' id='word_1_882' title='bbox 2302 5330 2418 5387; x_wconf 88' lang='grc' dir='ltr'>τούς</span> <span class='ocrx_word' id='word_1_883' title='bbox 2467 5323 2850 5400; x_wconf 81' lang='grc' dir='ltr'>παραδώσομεν</span> <span class='ocrx_word' id='word_1_884' title='bbox 2879 5343 2896 5390; x_wconf 90' lang='grc'><em>;</em></span> <span class='ocrx_word' id='word_1_885' title='bbox 2937 5323 3155 5380; x_wconf 81' lang='grc' dir='ltr'>Ἔλαϐεν</span> <span class='ocrx_word' id='word_1_886' title='bbox 3192 5326 3219 5377; x_wconf 89' lang='grc' dir='ltr'><strong>ό</strong></span> <span class='ocrx_word' id='word_1_887' title='bbox 3255 5325 3502 5386; x_wconf 87' lang='grc' dir='ltr'>Πλάστης</span> <span class='ocrx_word' id='word_1_888' title='bbox 3545 5326 3659 5398; x_wconf 87' lang='grc' dir='ltr'>πρός</span> <span class='ocrx_word' id='word_1_889' title='bbox 3695 5315 3839 5371; x_wconf 73' lang='grc' dir='ltr'>ἑαυτὸν</span> 
     </span>
    </p>
   </div>
   <div class='ocr_carea' id='block_1_116' title="bbox 2305 5409 3840 5490">
    <p class='ocr_par' dir='ltr' id='par_1_116' title="bbox 2305 5409 3840 5490">
     <span class='ocr_line' id='line_1_116' title="bbox 2305 5409 3840 5490; baseline -0.008 -22"><span class='ocrx_word' id='word_1_890' title='bbox 2305 5418 2364 5468; x_wconf 91' lang='grc' dir='ltr'>τὸ</span> <span class='ocrx_word' id='word_1_891' title='bbox 2394 5415 2811 5490; x_wconf 85' lang='grc' dir='ltr'>πλαστούργημα</span> <span class='ocrx_word' id='word_1_892' title='bbox 2840 5435 2852 5448; x_wconf 88' lang='grc'><strong>·</strong></span> <span class='ocrx_word' id='word_1_893' title='bbox 2885 5419 2973 5466; x_wconf 81' lang='grc' dir='ltr'>καὶ</span> <span class='ocrx_word' id='word_1_894' title='bbox 3003 5417 3068 5466; x_wconf 87' lang='grc' dir='ltr'><strong>σύ</strong></span> <span class='ocrx_word' id='word_1_895' title='bbox 3100 5414 3194 5466; x_wconf 87' lang='grc' dir='ltr'><strong>ούκ</strong></span> <span class='ocrx_word' id='word_1_896' title='bbox 3237 5411 3399 5488; x_wconf 75' lang='grc' dir='ltr'>ἀνέχῃ</span> <span class='ocrx_word' id='word_1_897' title='bbox 3441 5415 3522 5466; x_wconf 83' lang='grc' dir='ltr'>ἶνα</span> <span class='ocrx_word' id='word_1_898' title='bbox 3560 5412 3680 5483; x_wconf 70' lang='grc' dir='ltr'>λύσῃ</span> <span class='ocrx_word' id='word_1_899' title='bbox 3709 5409 3840 5458; x_wconf 76' lang='grc' dir='ltr'>πόνων</span> 
     </span>
    </p>
   </div>
  </div>
