4072 6232
237 315 336 369 921
1487 314 1995 372 EPISTOLARUM
2038 313 2250 370 LIBER
2291 315 2358 369 II.
3499 317 3606 375 9‘22

235 443 329 492 xui
382 436 691 512 φροντίδων,
736 438 771 494 ἃ
833 450 906 514 τῷ
963 441 1066 516 βίῳ
1096 444 1301 506 πάντως
1319 445 1842 496 συνανακύπτουσιν·

2000 445 2174 496 'ustra
2187 439 2546 512 plangimur,
2563 456 2669 513 per
2694 447 2961 499 nostram
2990 443 3143 500 illam
3157 443 3460 516 querelam
3489 448 3608 502 Nu-

234 531 326 580 xui
357 531 423 580 σύ
452 525 823 602 δυσχεραίνεις
882 533 964 584 ἶνα
1025 533 1292 607 ἀναστήσῃ
1337 550 1349 564 ’
1385 538 1475 585 καὶ
1507 536 1572 585 σύ
1604 537 1696 590 τὴν
1727 550 1842 584 τοσ-

1998 529 2336 586 ienirritare
2353 546 2468 585 non
2500 545 3064 604 gravamurzneque
3097 549 3234 588 cum
3270 537 3351 588 tot
3383 533 3606 590 habea-

230 618 397 674 αὐτην
442 619 606 690 χάριν
673 619 896 694 ὀλοφύρη
933 639 946 688 ;
1001 623 1168 685 Αὐτός
1201 621 1602 689 ἀπαθανατίζει,
1631 625 1722 673 xui
1757 624 1838 686 σὺ,

2000 636 2092 674 ius
2113 635 2235 692 pra;
2260 619 2446 674 oculis
2463 619 2756 690 exempla,
2775 620 2852 676 ad
2875 637 3078 676 eorum
3095 621 3340 692 aliquod
3372 621 3608 679 excitati

232 706 304 768 ὡς
329 710 521 778 μηκέτι
546 711 732 775 οὔσης,
791 710 862 773 εἰς
914 707 1178 784 ὀδυρμοὺς
1209 715 1548 772 καταπίπτεις
1582 732 1594 744 ·
1629 714 1718 762 καὶ
1749 717 1840 761 ποῦ

1999 709 2113 765 elut
2143 709 2216 765 de
2249 708 2489 764 somnio
2516 710 2805 780 sapimus,
2845 711 2952 765 sed
2979 711 3178 782 potius
3199 727 3307 766 nos
3328 711 3399 765 iis
3435 712 3607 767 tradi-

229 802 402 848 ταῦτα
455 804 550 860 τῆς
613 806 711 861 σῆς
769 798 951 874 ἀρετῆς
1006 802 1170 869 ἄξιας
1235 800 1340 853 ἀλλ’
1381 799 1710 873 ἀναλάϐωμεν
1733 799 1837 852 ίαυ-

2002 815 2091 853 Ius
2111 799 2528 868 exagitandos,
2549 815 2680 870 qua:
2707 798 2980 854 diabolus
3003 800 3336 869 suggeritet
3361 800 3610 856 affectus

226 888 368 950 τοὺς,
423 883 708 960 ἒπιγνῶμεν
769 891 914 961 ἡμῶν
1010 896 1102 950 τὴν
1189 893 1368 964 φύσιν,
1420 890 1706 962 ίπιγνῶμεν
1761 892 1834 942 τότ

1999 888 2164 942 ostri.
2193 887 2839 959 Transtulitopiﬁcium
2867 905 3040 943 suum
3062 892 3138 943 ad
3171 889 3441 960 seipsum
3463 888 3607 944 arti-

231 973 500 1041 Πλάστην,
564 978 881 1049 ἐννοήσωμεν
931 984 1025 1038 τήν
1084 979 1320 1033 οἰϐυσσον
1378 989 1470 1042 τῆς
1528 985 1839 1039 Δεσποτικῆς

1996 992 2054 1031 3x
2096 993 2110 1042 ;
2158 981 2217 1032 tu
2262 981 2462 1033 autem
2489 993 2644 1045 aagre
2671 976 2808 1045 fers,
2844 984 2905 1033 ut
2938 994 2973 1033 a
3005 977 3310 1033 laboribus
3349 983 3403 1034 et
3427 979 3604 1046 curis,

229 1062 634 1137 φιλανθρωπίας.
707 1064 934 1121 Ἔδωκεν
978 1069 1048 1132 εἰς
1101 1069 1363 1141 ἐπιτιμίου
1417 1069 1567 1140 λόγον
1619 1071 1705 1120 τόν
1761 1069 1837 1120 θά-

2004 1083 2092 1121 ure
2132 1067 2356 1138 passim
2390 1082 2493 1139 per
2532 1067 2664 1122 vitm
2705 1083 2938 1122 cursum
2969 1075 3308 1134 occurrunt,
3339 1084 3399 1122 se
3430 1083 3612 1140 expe-

223 1171 378 1204 νατον
414 1174 426 1186 ·
457 1153 564 1206 ἀλλ’
618 1153 908 1220 ἀθανασίας
967 1158 1122 1211 αὑτὸν
1175 1159 1339 1217 πύλην
1391 1155 1464 1212 δι’
1527 1155 1668 1210 ἰδίου
1726 1177 1831 1230 μετ·

2001 1157 2099 1210 int.
2134 1157 2253 1212 Pati
2285 1172 2405 1211 non
2438 1162 2607 1228 potes
2639 1161 2701 1210 ut
2731 1163 3002 1227 resurgat
3032 1157 3130 1213 illa
3158 1174 3171 1223 ;
3206 1157 3313 1212 sed
3347 1157 3522 1212 talem
3553 1162 3609 1214 et

225 1245 514 1295 εσκεύασεν
556 1246 801 1298 θανάτου.
867 1247 1065 1321 Ὀργῆς
1130 1254 1220 1301 καὶ
1274 1249 1672 1321 ἀγανακτήσεως
1725 1246 1833 1299 ἀπό·

2004 1251 2183 1302 tutam
2211 1247 2466 1316 gratiam
2497 1245 2779 1302 collatam
2809 1246 2994 1302 doles.
3033 1250 3183 1302 Deus
3218 1247 3382 1302 illam
3412 1247 3612 1302 reddi-

231 1350 397 1402 φασις
455 1329 514 1390 ἧν
549 1354 562 1366 ο
615 1333 742 1386 ἀλλά
787 1341 880 1394 τήν
928 1339 1093 1412 ἄκραν
1145 1337 1449 1410 ἀγαθότητα
1517 1345 1610 1390 τοῦ
1669 1344 1839 1410 κριτοί

2003 1337 2044 1391 it
2072 1334 2494 1404 immortalem,
2533 1341 2588 1389 et
2637 1339 2702 1390 tu
2745 1335 2986 1401 idcirco,
3028 1337 3198 1408 quasi
3244 1352 3364 1391 non
3411 1337 3611 1392 adhuc

229 1423 424 1490 μηνύει
472 1443 484 1455 ·
521 1422 629 1474 ἀλλ’
683 1425 978 1500 ὑπερϐαίνει
1043 1427 1306 1499 λογισμῶν
1361 1424 1616 1499 μεθόδους
1672 1430 1729 1479 τὸ
1779 1426 1837 1478 ἕν-

2001 1430 2213 1481 xstaret
2269 1424 2507 1494 alicubi,
2551 1425 2605 1478 iu
2647 1423 2835 1480 lessus
2881 1431 2936 1479 te
3008 1425 3178 1480 dedis
3231 1431 3285 1480 et
3323 1425 3609 1484 lamenta.

230 1513 423 1581 νόημα.
461 1513 586 1564 Λύει
612 1515 704 1584 μὲν
751 1516 851 1587 γὰρ
886 1517 1089 1586 θανάτῳ
1120 1521 1214 1575 τὴν
1265 1519 1438 1588 φύσιν,
1470 1519 1587 1577 ἣτις
1641 1512 1735 1569 διά
1760 1522 1838 1567 τοί

2009 1516 2226 1572 aeccine
2251 1521 2412 1570 tuam
2443 1531 2521 1570 an
2567 1530 2686 1569 non
2705 1515 2993 1570 dedecent
3019 1516 3294 1570 virtutem
3323 1513 3610 1571 ?Recolli-

222 1609 548 1672 προγονικοῦ
603 1603 882 1678 συνετρίϐη
937 1613 1362 1680 παραπτώματος
1411 1627 1424 1640 ο
1481 1606 1589 1659 ἀλλ’
1636 1609 1666 1666 ἡ
1701 1607 1830 1660 λύσιι

2004 1621 2177 1660 amus
2205 1621 2314 1659 nos
2345 1605 2508 1675 ipsos
2540 1609 2761 1671 autem,
2785 1610 3062 1659 naturam
3092 1609 3363 1659 nostram
3392 1603 3612 1660 recola-

229 1695 506 1760 προοίμιον
553 1700 646 1753 τῆς
701 1691 1034 1757 ἀναπλάσεως
1088 1700 1288 1767 γίνεται
1321 1703 1557 1770 ’Διαιρεῖ
1611 1705 1702 1750 τοῦ
1751 1705 1837 1751 σὼ·

2002 1712 2119 1750 ius.
2153 1694 2530 1750 Conditorem
2571 1709 2996 1762 agnoscamus.
3047 1693 3343 1764 abyssum
3400 1693 3610 1750 divina:

222 1796 391 1848 ματος
437 1783 528 1838 τὴν
554 1779 740 1853 ψυχήν
768 1804 780 1815 ·
831 1789 921 1836 καὶ
971 1786 1000 1842 ἠ
1045 1781 1310 1858 διαίρεσις
1358 1784 1501 1860 ἀρχὴ
1573 1793 1830 1859 συναφείας

2004 1784 2387 1840 iisericordiaa
2418 1783 2770 1852 cogitemus.
2791 1785 3032 1838 Mortem
3053 1783 3146 1838 ille
3161 1783 3466 1838 constituit
3488 1790 3612 1838 tan-

231 1866 596 1942 λαμπροτέρας
648 1890 700 1922 τε
749 1876 840 1924 xui
913 1874 1168 1948 θειοτέρας
1255 1875 1568 1946 εὑρίσκεται.
1645 1880 1839 1949 Σπείρε-

2008 1890 2146 1930 uam
2182 1889 2450 1945 poenam,
2491 1871 2597 1926 sed
2644 1887 2749 1944 per
2783 1873 3089 1944 propriam
3134 1889 3310 1927 suam
3354 1877 3609 1928 mortem

231 1975 324 2008 ται
388 1960 490 2031 γάρ
529 1967 682 2032 σῶμα
736 1960 992 2033 ψυχικόν,
1082 1961 1328 2037 ἆγείρεται
1399 1973 1552 2036 σῶμα
1625 1985 1839 2036 πνευμα·

2005 1978 2207 2017 inuam
2224 1960 2684 2018 immortalitatis
2706 1966 2955 2015 mortem
2972 1961 3301 2016 constituit:
3321 1961 3613 2017 sententia

226 2050 375 2098 τικόν
427 2067 439 2080 ·
522 2054 788 2121 σπείρεται
879 2050 930 2103 ἐν
989 2050 1199 2124 ἀτιμίᾳ,
1264 2051 1513 2127 ἕγείρεται
1581 2051 1628 2106 ἓν
1693 2050 1834 2128 δόξη-

2002 2051 2070 2105 ιὶι
2099 2050 2246 2114 irati.
2277 2058 2334 2106 et
2372 2049 2736 2118 indignantis
2790 2049 2908 2116 Dei,
2945 2049 3049 2104 sed
3083 2055 3282 2104 tamen
3325 2050 3610 2105 eximiam

243 2134 630 2208 Ἀναλαμϐάνει
683 2142 742 2190 τό
793 2138 1150 2212 φιλοτέχνημα
1193 2149 1292 2193 τῶν
1345 2141 1546 2194 οἰκείων
1597 2152 1790 2216 χειρῶν
1822 2145 1848 2196 ὁ

1999 2140 2174 2196 idicis
2217 2140 2541 2195 bonitatem
2580 2139 2803 2194 indicat
2848 2155 2861 2204 ;
2903 2139 3150 2195 rationis
3171 2139 3328 2194 viam
3360 2154 3607 2194 omnem

240 2229 596 2299 Δημιουργὸς,
653 2225 785 2280 ἕλκει
835 2233 959 2301 πρὸς
1015 2229 1194 2283 ἑαυτόν
1253 2252 1266 2264 σ
1321 2232 1545 2305 χωρίζει
1605 2235 1695 2304 μεν
1747 2241 1845 2285 τῶν

1996 2235 2277 2300 xsuperat
2297 2228 2594 2298 cogitatio.
2632 2228 2738 2283 Per
2757 2234 3007 2282 mortem
3028 2232 3242 2284 natura
3255 2227 3498 2283 solvitur
3514 2243 3604 2294 ea,

230 2310 571 2385 ἀνθρωπίνων
646 2314 941 2388 ὀφθαλμῶν,
1027 2317 1133 2370 ἀλλ’
1205 2320 1306 2371 ύπό
1358 2328 1472 2382 ταῖς
1545 2320 1838 2393 ἀγγελικαῖς

2004 2333 2091 2375 ua)
2119 2317 2538 2374 conterebatur
2568 2333 2671 2389 per
2692 2315 2855 2388 primi
2884 2317 3150 2388 parentis
3180 2317 3608 2387 transgressio-

228 2399 538 2476 ἀστραπαῖς
565 2409 655 2458 καὶ
679 2405 1044 2482 λαμπρότησιν
1090 2407 1460 2479 ἕγκατοικίζει.
1520 2417 1627 2463 Ποῦ
1679 2419 1836 2464 ταῦτα

2006 2423 2093 2463 em
2133 2424 2146 2473 ;
2181 2407 2284 2462 sed
2323 2405 2421 2462 illa
2450 2405 2760 2461 dissolutio
2787 2405 2850 2460 ﬁt
2879 2406 3233 2477 prooemium
3272 2411 3490 2461 nostra
3521 2421 3614 2461 re-

220 2492 452 2562 θρήνων,
490 2501 590 2546 ποῦ
645 2491 704 2548 δι
759 2493 1043 2569 δακρύων;
1088 2503 1250 2550 πόσον
1304 2497 1492 2570 ἀπέχει
1540 2503 1733 2552 τούτων
1785 2521 1828 2553 τι

2004 2497 2291 2552 reationis.
2335 2496 2564 2567 Corpus
2595 2501 2650 2550 et
2681 2497 2951 2549 animam
2981 2500 3219 2566 separat
3251 2511 3407 2549 mors
3456 2512 3470 2562 ;
3511 2494 3612 2551 illa

226 2582 419 2642 πένθος
452 2598 466 2649 ;
501 2589 682 2636 Ταῦτα
725 2581 1066 2658 διανοουμένη
1117 2592 1207 2640 καὶ
1254 2588 1465 2660 μελέτην
1496 2591 1722 2661 ἔχουσα,
1753 2597 1834 2645 xui

1997 2591 2156 2642 utem
2178 2585 2620 2656 conjunctionis
2647 2583 2888 2640 alterius
2925 2589 2980 2639 et
3009 2583 3344 2638 illustrioris
3371 2591 3425 2639 et
3451 2583 3603 2639 divi-

217 2674 326 2744 τερό
368 2690 428 2742 γε
474 2675 667 2724 τούτων
727 2673 961 2727 ἁπάντων
1009 2674 1165 2728 ἐκεῖνο
1202 2675 1438 2729 λαϐοῦσα
1473 2687 1568 2740 τῆς
1606 2683 1818 2750 μνήμης

1997 2674 2134 2729 ioris
2164 2674 2395 2728 initium
2433 2672 2722 2744 reperitur
2769 2687 2782 2724 :
2825 2671 3162 2728 Seminatur
3196 2672 3352 2727 enim
3389 2687 3603 2741 corpus

220 2760 308 2811 ὅτι
337 2759 392 2812 ἐκ
436 2759 656 2834 βρέφους
713 2771 826 2834 Θεῷ
884 2762 1187 2830 ίκολλήθης,
1237 2771 1325 2818 καὶ
1356 2775 1427 2836 τῷ
1473 2765 1718 2842 ἀφθάρτῳ
1749 2774 1828 2821 xui

1999 2764 2232 2827 nimale,
2251 2762 2436 2833 surgit
2449 2777 2660 2829 corpus
2672 2761 2989 2831 spirituale
3004 2780 3016 2828 ;
3031 2761 3364 2817 seminatur
3390 2777 3607 2830 corpus

216 2849 467 2922 ἀθανάτῳ
517 2857 719 2924 νυμφίῳ
799 2861 1014 2928 Χριστῷ
1081 2857 1476 2929 συνηρμόσθης,
1531 2863 1824 2932 γεννήτορας

1997 2869 2012 2908 ι
2041 2852 2344 2918 dedecore,
2363 2852 2550 2921 surgit
2567 2851 2626 2906 in
2649 2851 2847 2921 gloria
2868 2849 3106 2923 “.Opus
3130 2852 3288 2905 enim
3315 2865 3605 2905 manuum

219 2942 319 3012 μεν
371 2943 456 2991 καὶ
495 2939 748 3012 ἀδελφούς
778 2947 864 2994 καὶ
901 2947 1201 3013 συγγένειαν
1257 2951 1429 2996 πᾶσαν
1477 2947 1827 3018 ἀρνησαμένη,

1998 2958 2187 2998 larum
2207 2942 2444 2996 assumit
2479 2938 2706 3011 Opifex,
2736 2939 2811 2995 ad
2844 2955 2905 2994 se
2927 2939 3202 2995 transfert
3231 2956 3244 3007 ;
3280 2939 3606 3010 seponilab

218 3027 372 3098 αύτῷ
401 3025 460 3082 δε
489 3035 628 3102 μόνῳ
659 3035 744 3082 τόν
775 3033 892 3101 βίον
925 3031 1038 3084 ὅλον
1067 3037 1158 3085 καὶ
1189 3037 1282 3091 τὴν
1321 3034 1459 3094 ζωὴν
1489 3037 1826 3108 καθυποσχο-

1996 3030 2228 3086 umanis
2259 3029 2467 3095 oculis,
2512 3028 2618 3083 sed
2654 3028 2925 3084 habitare
2965 3028 3103 3083 facit
3146 3028 3206 3082 in
3251 3031 3604 3082 coruscante

217 3121 353 3190 μένη
391 3139 403 3152 ·
453 3123 523 3189 μή
561 3118 848 3192 καθύϐριζε
912 3128 1018 3182 τοῖς
1068 3118 1322 3194 ὀδυρμοῖς
1379 3128 1467 3182 τὴν
1535 3124 1825 3196 ὁμολογίαν¹

1999 3120 2376 3176 luminatioue
2389 3117 2762 3189 angelorum.
2777 3122 2864 3174 An
2886 3117 3170 3189 lacrymaa
3191 3116 3286 3171 hic
3306 3115 3436 3187 jam
3458 3130 3607 3170 con-

215 3202 365 3278 μηδέ
396 3214 467 3277 τῷ
499 3209 668 3260 πένθει
698 3213 791 3267 τὴν
835 3211 998 3284 χάριν
1052 3210 1247 3268 ἕκείνην
1302 3209 1646 3285 ἀμαυρὼσης,
1697 3211 1823 3286 μηδι

1997 3211 2210 3266 ruunt?
2241 3225 2318 3263 an
2348 3208 2611 3264 lamenta
2635 3209 2662 3263 ?
2682 3223 2867 3278 quam
2897 3206 3072 3275 longe
3093 3205 3230 3260 hinc
3264 3209 3605 3260 removetur

214 3303 285 3367 τῇ
343 3303 433 3347 νύν
483 3299 886 3370 σκυθρωπότητι
916 3304 1010 3357 τὴν
1063 3308 1160 3352 τῶν
1205 3299 1431 3372 ἀγγέλων
1490 3306 1607 3354 τότε
1663 3307 1822 3378 χαράι

1998 3301 2220 3354 lanctus
2239 3296 2268 3352 7
2291 3299 2423 3353 Htec
2449 3304 2510 3351 tu
2539 3296 2870 3361 revolvens,
2891 3295 3112 3367 etapud
3135 3294 3404 3348 animum
3438 3299 3606 3347 tuum

213 3383 535 3459 ἁνταλλάξη.
582 3385 679 3440 “Av
735 3391 835 3462 γὰρ
868 3389 942 3450 οἷς
993 3388 1172 3441 ἐκεῖνοι
1224 3395 1334 3442 νυνὶ
1363 3395 1653 3464 χαίρουσιν
1708 3412 1821 3456 παρέ

1995 3388 2311 3458 agitans,et
2329 3392 2538 3458 praater
2552 3385 2682 3440 haec
2705 3385 2914 3440 omnia
2937 3383 3092 3438 illius
3113 3381 3406 3455 imprimis
3429 3381 3603 3436 remi-

217 3475 365 3526 θένον
413 3474 598 3546 ψυχὴν
638 3482 725 3529 xui
769 3486 866 3529 τῶν
922 3481 1099 3530 παθῶν
1159 3477 1434 3551 ἀνωτέραν,
1483 3480 1552 3541 εἰς
1614 3479 1825 3541 ἀναπλή·

1996 3478 2208 3542 iscens,
2242 3475 2406 3548 quod
2437 3475 2555 3529 Deo
2587 3474 2664 3530 ab
2696 3472 3071 3528 incunabulis
3102 3472 3343 3527 addicta
3383 3471 3604 3540 fueras,

212 3583 386 3637 ρωσιν
443 3573 543 3616 τῶν
602 3564 954 3640 ἀπορρυέντων
1008 3564 1292 3639 δαιμονιων
1352 3567 1727 3641 εἰσδεξάμενοι,
1770 3575 1820 3623 σί

1998 3565 2385 3638 Icorruptibili
2416 3569 2472 3620 et
2497 3563 2818 3619 immortali
2851 3578 3076 3635 sponso
3111 3561 3341 3616 Christo
3363 3559 3606 3632 copula-

215 3661 390 3705 ταῦτα
435 3656 651 3718 πένθους
715 3657 1128 3719 κατασκευάζεις
1175 3659 1445 3715 ὑπόθεσιν,
1512 3658 1649 3731 ’Ὅρα
1697 3661 1823 3721 ὅπως

1998 3673 2032 3720 ι,
2064 3660 2361 3726 parentes,
2389 3653 2616 3722 fratres,
2644 3652 3130 3722 consanguineos
3147 3651 3473 3720 abnegans,
3491 3649 3606 3721 ipsi

217 3749 335 3804 τοῖς
361 3738 615 3818 δευτέροις
660 3753 857 3819 πικρῶς
909 3745 1196 3821 ἐξυϐρίζεις
1227 3750 1291 3798 τά
1343 3753 1588 3821 πρότερα,
1646 3745 1825 3809 Οὐδεὶς

1995 3744 2066 3800 oli
2087 3744 2262 3799 vitam
2286 3744 2620 3798 universam
2643 3748 2699 3798 et
2727 3740 3269 3796 vivendirationem
3295 3739 3603 3811 stipulata.

217 3829 477 3902 ἀκμάζων
526 3841 597 3903 τῷ
648 3837 779 3906 πρὸς
825 3838 912 3887 τόν
959 3840 1174 3907 νυμφίον
1214 3837 1386 3908 ἔρωτι,
1418 3835 1579 3888 λείπει
1625 3840 1716 3907 μεν
1747 3842 1825 3888 τόν

1993 3832 2078 3887 ὀιὶ
2107 3830 2680 3900 igiturlamentando
2700 3830 2860 3885 illam
2878 3835 3036 3884 tuam
3055 3828 3482 3900 professionem
3502 3827 3601 3882 de-

219 3923 403 3985 πόθον,
441 3925 640 3992 γίνεται
694 3920 753 3975 δὲ
805 3932 895 3976 τοῦ
947 3927 1182 3986 πένθους.
1241 3930 1337 3978 Καὶ
1385 3927 1465 3977 ὃτι
1506 3928 1596 3996 μὲν
1650 3924 1827 3978 ἐκεῖνον

1997 3937 2236 3976 ecorare
2259 3937 2274 3987 ;
2301 3920 2417 3974 noli
2445 3919 2605 3974 luctu
2622 3919 2777 3972 illam
2797 3919 3049 3985 gratiam
3068 3917 3466 3980 oﬂuscare,ne
3491 3931 3599 3986 pro

214 4009 358 4081 ἔχει,
415 4009 842 4064 ἐπιλανθάνεταιο
909 4014 1161 4076 θανάτους
1227 4011 1287 4066 δε
1361 4022 1670 4086 περισκοπεῖ
1747 4026 1822 4070 xui

1995 4010 2223 4066 rtesenti
2241 4008 2541 4064 tetricitate
2557 4005 2847 4075 gaudium
2867 4012 3199 4060 commutes
3226 4004 3600 4072 angelorum.

217 4102 624 4171 περιεργάζεται
681 4107 767 4154 καὶ
819 4104 1021 4164 τούτοις
1079 4099 1464 4174 περιοδυνεῖται
1496 4125 1507 4137 ·
1555 4112 1626 4174 τῷ
1681 4106 1825 4157 πάθει

1996 4100 2012 4155 i
2039 4101 2218 4165 enim,
2242 4097 2459 4170 quibus
2488 4096 2566 4152 illi
2607 4111 2766 4150 nunc
2791 4095 3087 4157 laetantur,
3118 4093 3387 4147 animam
3421 4091 3600 4160 virgi-

217 4191 310 4240 τόν
366 4191 525 4241 πόθον
575 4188 868 4262 βαπτίζων,
923 4197 1012 4244 xui
1061 4197 1155 4250 τὴν
1205 4194 1381 4264 χαράν
1438 4189 1724 4266 προδιδούς
1771 4201 1825 4266 τῇ

1995 4206 2128 4246 eam
2143 4187 2527 4262 passionibus
2543 4185 2906 4258 superiorem
2921 4181 3305 4246 humanis,ad
3321 4181 3600 4252 supplen-

219 4278 362 4350 λύπῃ
416 4279 773 4350 αἰχμάλωτον.
835 4280 896 4332 Εἰ
933 4284 1024 4350 μὲν
1064 4277 1151 4332 οὖν
1183 4282 1208 4332 ό
1265 4281 1599 4348 τελευτήσας,
1647 4282 1827 4354 μᾶλλοι

1997 4296 2097 4335 um
2147 4281 2343 4334 locum
2386 4282 2441 4332 et
2486 4281 2703 4330 statum
2743 4273 3204 4336 daemoniorum,
3251 4270 3354 4342 qui
3395 4269 3470 4324 de
3499 4269 3597 4326 illo

225 4364 288 4420 δὲ
329 4369 463 4439 ἡμᾶς
505 4370 534 4426 ἡ
582 4367 918 4440 προλαϐοῦσα
946 4379 1044 4422 τῶν
1091 4368 1290 4442 ἀμελῶς
1331 4378 1419 4423 xui
1471 4371 1564 4422 ούκ
1621 4371 1833 4431 εὐσεϐῶς

1992 4369 2314 4433 xciderunt,
2335 4365 2743 4436 suscipientes,
2769 4368 2828 4419 tu
2852 4363 2912 4418 in
2938 4365 3359 4430 argumentum
3375 4358 3600 4415 doloris

223 4455 554 4530 βεϐιωκότων
590 4460 872 4529 ἐτύγχανεν
907 4478 918 4491 ⁸
977 4462 1126 4530 τάχα
1189 4458 1249 4510 ἃν
1303 4467 1616 4532 συγγνώμην
1652 4462 1831 4532 εἶχενά

1985 4457 2341 4524 'anstuleris,
2367 4455 2498 4510 vide
2525 4471 2603 4510 an
2635 4469 2754 4509 non
2779 4453 2978 4524 priora
3009 4456 3110 4506 tua
3131 4456 3282 4505 recte
3302 4447 3593 4520 facta,per

224 4549 513 4617 στεναγμός
565 4551 655 4598 xui
705 4549 769 4598 τά
812 4544 1040 4620 δάκρυα,
1085 4553 1258 4600 καίτοι
1297 4568 1353 4620 γε
1405 4550 1651 4622 όΚύριος
1695 4552 1832 4622 ἡμῶν

1988 4554 2058 4602 ita
2105 4546 2432 4619 posteriora
2499 4543 2686 4600 vities.
2744 4545 2927 4598 Nemo
2980 4555 3186 4595 amore
3240 4539 3331 4593 sui
3398 4536 3596 4609 sponsi

222 4640 316 4687 xui
343 4641 541 4708 Σωτὴρ,
598 4637 626 4694 ἠ
661 4644 751 4695 τῆς
781 4636 1167 4708 φιλανθρωπίας
1209 4643 1370 4708 πηγὴ,
1402 4635 1524 4690 οὐδὲ
1553 4643 1682 4713 πρός
1722 4642 1830 4692 τού-

1987 4636 2354 4692 iﬂammatus
2384 4633 2576 4690 amori
2608 4633 2884 4687 nuntium
2913 4629 3170 4684 remittet
3200 4633 3263 4682 ut
3315 4643 3378 4682 se
3412 4625 3595 4680 dedat

222 4745 348 4786 τους
395 4724 798 4798 ἐπιστρέφεσθαι
846 4732 956 4783 τοῖς
1013 4725 1308 4778 ἀκολουθεῖν
1357 4728 1497 4798 αύτῷ
1555 4748 1830 4802 προαιρου-

1986 4727 2125 4782 ictui
2155 4741 2167 4781 :
2192 4725 2406 4781 oblitus
2433 4721 2594 4795 quod
2622 4721 2788 4776 illum
2810 4718 3218 4789 amplectatur,
3253 4720 3470 4770 mortes
3488 4714 3594 4769 cir-

225 4819 402 4886 μένοις
454 4819 606 4885 νόμον
663 4817 822 4867 ἔθετο.
892 4809 1040 4886 Ἄφες
1089 4819 1210 4890 γάρ,
1267 4819 1381 4888 ἐφη,
1449 4820 1571 4878 τούς
1627 4823 1833 4889 νεκρούς

1981 4814 2281 4886 umspicit,
2297 4821 2352 4868 et
2364 4814 2596 4868 curiose
2611 4808 2888 4881 inquirat,
2903 4811 2958 4862 et
2973 4806 3051 4862 ob
3067 4805 3192 4860 illas
3209 4805 3589 4860 vehementer

223 4904 394 4975 θάψαι
481 4908 598 4966 τούς
679 4904 869 4957 ἑαυτῶν
943 4909 1188 4977 νεκρούςο
1263 4909 1328 4957 σύ
1405 4902 1464 4958 δὲ
1558 4905 1827 4960 ἀκολούθει

1983 4901 2637 4974 aafﬂiget,passionibus
2651 4902 3003 4966 immergens
3018 4893 3385 4950 desiderium
3403 4909 3591 4958 suum,

218 5014 332 5066 μοι.
384 4995 526 5046 Ἐπεὶ
576 4990 635 5046 δε
683 5001 784 5045 τῶν
815 4995 970 5055 ὁσίως
998 5000 1087 5046 καὶ
1143 4994 1388 5067 θεοφιλῶς
1436 4992 1824 5060 διαζησάντων,

1977 4993 2304 5063 tgaudium
2337 4993 2396 5046 in
2427 4988 2676 5045 vinculis
2704 4985 3089 5042 constrictum
3119 4983 3302 5038 luctui
3324 4981 3585 5038 dedens:

218 5089 311 5135 xui
345 5091 459 5153 Θεῷ
489 5087 582 5141 τὴν
647 5087 824 5135 πίστιν
881 5086 1115 5158 καθαρὰν
1166 5089 1550 5157 τετηρηκότων,
1608 5088 1664 5138 τό
1695 5105 1826 5161 παρ-

1987 5131 1989 5137 ι
2016 5088 2217 5138 autem
2247 5081 2344 5136 illa
2373 5094 2483 5134 suo
2506 5078 2624 5133 fato
2655 5075 2878 5140 functa,
2912 5073 3002 5128 vel
3035 5079 3096 5127 ut
3136 5072 3334 5128 verius
3375 5070 3595 5138 dicam,

220 5174 421 5225 θενικόν
474 5171 632 5225 ἐκεῖνο
669 5177 758 5224 xui
810 5175 1064 5247 μακάριον
1117 5181 1295 5233 σκεῦος
1351 5172 1666 5244 ἐτύγχανενο
1722 5182 1825 5235 πῶς

1981 5189 2068 5226 uas
2099 5187 2210 5226 nos
2230 5167 2562 5231 antecessit,
2585 5167 2644 5221 in
2671 5180 2878 5220 earum
2916 5162 3120 5218 fuisset
3147 5178 3422 5227 numero,
3450 5178 3584 5235 qua

216 5265 314 5319 τὴν
370 5265 687 5320 Δεσποτικὴν
742 5267 910 5333 φωνὴν
961 5262 1019 5314 ού
1073 5258 1509 5334 δυσωπούμεθα;
1560 5271 1665 5324 πῶς
1718 5264 1823 5335 ούχ

1973 5277 2152 5318 εοιιτεε
2243 5258 2356 5322 sui,
2431 5273 2542 5314 nec
2631 5254 2961 5310 secundum
3045 5255 3233 5308 Deum
3298 5253 3581 5316 vixerant,

215 5352 526 5423 εὑρίσκομεν
553 5350 603 5403 ἐν
635 5351 765 5424 αύτῇ
800 5358 972 5404 πᾶσαν
1023 5355 1304 5424 κατηφείας
1335 5348 1578 5404 διάλυσιν
1603 5369 1617 5418 ;
1649 5351 1708 5406 Ὀ
1737 5373 1820 5405 πι-

1976 5369 2059 5408 im
2129 5355 2285 5406 certe
2355 5345 2670 5419 gemitibus
2740 5341 3179 5414 indulgendum
3242 5342 3349 5397 tibi
3413 5339 3584 5398 foret.

219 5442 419 5494 στεύων
467 5440 538 5502 εἰς
576 5439 681 5514 ἔμε,
733 5439 827 5494 κᾶν
884 5440 1139 5516 ἀποθάνῃ,
1194 5441 1415 5502 ζήσεται
1449 5462 1462 5476 ·
1511 5437 1605 5496 δ’ιά
1661 5443 1820 5496 θανά-

1978 5457 2078 5498 am
2110 5439 2396 5496 Dominus
2435 5441 2492 5495 et
2517 5439 2792 5494 Servator
2816 5436 3018 5490 noster
3041 5431 3136 5488 ille
3166 5430 3298 5488 fons
3328 5433 3386 5486 et
3411 5428 3581 5499 origo

289 5613 336 5650 1'
364 5614 387 5669 Ι
420 5612 530 5671 Cor
565 5628 667 5683 xv,
701 5615 788 5670 44.
