4072 6232
503 240 611 297 923

1741 236 1981 294 PHOTII
2012 234 2497 294 PATRIARCHE
2523 235 2631 293 GP.
3738 238 3816 296 924

502 364 757 423 humani
772 366 998 424 amoris
1012 381 1302 440 sequaces
1315 380 1458 421 suos
1474 378 1861 437 nequaquam
1882 363 2152 436 permisit
2181 412 2187 423 .

2272 383 2356 417 του
2389 363 2528 426 ζωὴν
2560 361 2814 416 ἀθάνατον
2850 362 3034 437 εὕρατο
3072 384 3085 399 ·
3132 359 3227 416 διὰ
3256 361 3454 424 λύσεως
3505 363 3602 421 τὴν
3652 359 3819 418 iiii)».

504 454 727 511 talibus
769 455 1185 513 aﬂectionibus
1215 454 1434 511 abduci
1465 470 1478 509 :
1514 454 1817 520 Permitte,
1849 453 2150 526 inquiens,

504 550 766 601 mortuos
794 561 928 602 suos
953 553 1206 603 mortuos
1247 542 1484 615 sepelire
1515 560 1529 599 :
1578 549 1642 598 lu
1697 548 1891 599 autem
1922 556 2156 614 sequere

504 650 598 691 me
625 635 693 689 1⁸.
729 635 874 690 Cum
914 650 1053 690 vero
1078 633 1232 690 inter
1259 648 1362 689 eos
1391 633 1496 706 qui
1522 632 1854 689 secundum
1889 632 1987 688 Dei
2013 628 2155 686 dile-

507 724 757 781 ctionem
792 725 1076 789 vixerunt,
1110 729 1166 779 et
1196 723 1314 779 Deo
1342 721 1527 778 ﬁdem
1556 722 1853 778 sinceram
1881 726 1939 777 et
1962 719 2157 777 illiba-

506 818 631 871 tam
677 816 1080 879 servaverunt,
1120 812 1457 881 virgineum
1488 810 1633 868 illud
1677 815 1734 867 et
1761 810 2006 868 beatum
2051 824 2156 865 vas

508 900 697 966 fuerit,
713 902 873 958 unde
895 906 1001 970 est,
1016 902 1181 974 quod
1202 901 1573 958 Dominicam
1592 917 1800 958 vocem
1822 916 1941 956 non
1959 913 2161 955 verea-

508 1006 645 1047 mur
671 989 701 1046 ?
730 992 844 1047 Cur
868 1006 990 1047 non
1018 991 1079 1047 in
1100 1007 1172 1047 eo
1205 1006 1344 1047 vase
1362 990 1818 1063 dissipationem
1838 987 2159 1046 obnubila-

506 1080 680 1137 tionis
707 1066 1071 1153 requirimus
1101 1079 1298 1151 potius
1321 1080 1350 1136 ?
1401 1080 1514 1149 Qui
1558 1078 1739 1137 credit
1783 1081 1847 1135 in
1873 1095 1981 1143 me,
2029 1078 2161 1134 licet

505 1169 800 1226 moriatur
810 1170 966 1226 vivet
978 1171 1021 1206 1⁷
1032 1185 1159 1242 ,per
1171 1172 1413 1225 mortem
1426 1184 1641 1242 nempe
1653 1169 1908 1241 adeptus
1921 1167 2164 1223 immor-

509 1258 923 1331 talitatem,per
934 1258 1281 1314 solutionem
1299 1263 1506 1314 nactus
1522 1256 1942 1314 indissolubile
1970 1256 2163 1313 taber-

506 1347 813 1404 naculum.
863 1348 1011 1405 Dixit
1052 1348 1270 1405 iterum
1314 1349 1655 1405 communis
1695 1348 1793 1403 ille
1842 1346 2163 1403 hominum

509 1438 802 1504 Servator,
836 1443 891 1493 et
917 1437 1349 1495 salvandorum
1372 1453 1636 1509 sponsus
1666 1453 1680 1494 :
1708 1437 1856 1495 Filii
1880 1436 2164 1509 sponsalis

513 1526 759 1583 thalami
778 1528 971 1595 lugere
981 1542 1098 1583 non
1113 1532 1378 1598 possunt,
1402 1527 1669 1598 quandiu
1682 1543 1815 1583 cum
1829 1528 1952 1583 illis
1965 1531 2163 1583 manet

511 1630 756 1687 sponsus
780 1616 849 1671 η.
872 1615 1067 1671 Audin
1087 1616 1233 1688 quid
1260 1615 1452 1672 dicit?
1473 1615 1600 1673 Noli
1620 1620 1671 1672 te
1694 1619 2165 1672 tuametsenten-

2261 472 2349 506 τον
2399 457 2803 512 κατασκήνωσιν
2845 450 3200 527 ἐκληρώσατο.
3260 450 3390 525 Ἔφη
3445 450 3654 504 πάλινὸ
3694 457 3823 515 κοινὸς

2262 540 2546 615 ἀνθρώπων
2589 546 2788 615 Σωτὴρ,
2820 546 2910 594 καὶ
2961 550 3062 595 τῶν
3112 541 3418 614 σωζομένων
3477 545 3689 614 νυμφίος
3718 562 3731 575 ·
3768 543 3823 596 05

2266 626 2516 684 δύνανται
2596 632 2794 684 πενθεῖν
2877 633 2927 684 οἱ
3001 633 3105 684 υἱοὶ
3161 638 3252 683 τοῦ
3301 639 3590 703 νυμφῶνος,
3644 629 3825 703 ἓᾷὃσετ

2264 725 2455 793 χρόνον
2479 718 2589 793 μετ’
2629 720 2797 772 αὐτῶν
2853 721 2993 773 ἑστιν
3039 721 3285 794 ὁνυμφὶος
3305 740 3318 753 ·
3367 722 3580 782 ἀκούεις
3608 719 3826 791 τίλέγεις

2265 813 2338 884 μὴ
2384 805 2752 871 καταδικήσης
2801 817 3016 884 σεαυτῇ,
3059 806 3152 863 διὰ
3203 816 3294 862 τοῦ
3325 809 3566 872 πένθους,
3610 816 3695 861 τοῦ
3719 809 3830 867 τελι-

2266 900 2455 951 κοὺτου
2514 902 2739 971 νυμφίου
2791 902 2886 958 τὴν
2940 895 3247 965 διάστασιν,
3304 894 3444 969 μηδὲ
3520 896 3688 969 ψῆφον
3729 900 3833 949 κατὰ

2269 995 2495 1050 σεαυτῆς
2545 986 2830 1061 ἄξενέγκῃς,
2886 986 2912 1040 ὃ
2966 993 3057 1041 καὶ
3114 986 3268 1041 ἄλλου
3326 987 3617 1059 τολμῶντος
3665 987 3749 1038 οὐκ
3789 986 3833 1038 ειν

2270 1076 2399 1137 αὐτὴ
2430 1082 2523 1136 τὴν
2554 1077 2797 1151 ἐπήρειαν
2827 1065 3050 1149 ἤνεγκας
3075 1097 3088 1110 ·
3141 1076 3249 1129 ἀλλ’
3293 1075 3511 1152 ἐχθρὸν,
3539 1075 3663 1128 ἀλλὰ
3712 1075 3829 1127 πολέα

2269 1187 2407 1241 μιον,
2435 1166 2565 1220 ἀλλὰ
2607 1170 2773 1221 πάντα
2816 1172 2974 1220 κακὸν
3004 1166 3336 1241 ἀπεκήρυξας
3368 1186 3381 1199 '
3405 1162 3550 1239 μηδὲ
3579 1169 3666 1224 τήν
3707 1161 3837 1228 δόξης

2273 1255 2637 1310 ἆπολαύουσαν
2687 1258 2953 1330 θρηνοῦσα
2984 1260 3208 1315 σαυτὴν
3266 1258 3445 1329 ἔνοχον
3495 1256 3688 1328 θρήνων
3732 1252 3840 1304 ἄπο-

2273 1342 2454 1420 δείξῃς
2484 1363 2498 1378 ·
2554 1345 2630 1399 Οὐ
2680 1343 2929 1399 δύνανται
2987 1347 3183 1399 πενθεῖν
3229 1347 3280 1398 οἱ
3332 1350 3570 1405 συνόντες
3628 1350 3694 1415 τῷ
3740 1362 3841 1415 νυμ-

2273 1440 2391 1510 φίῳ.
2419 1435 2487 1491 Τί
2511 1438 2703 1498 ταύτης
2729 1444 2824 1498 τῆς
2849 1443 3039 1509 φωνῆς,
3087 1434 3276 1507 μᾶλλον
3320 1431 3379 1488 δί
3428 1441 3531 1496 τῆς
3559 1439 3840 1493 Memmii;

2274 1520 2684 1599 διαμαρτυρίας,
2736 1522 3123 1599 φοϐερώτερονς
3175 1525 3419 1591 Πενθείςς
3485 1521 3708 1582 ἀπέστης
3765 1526 3837 1572 τοῦ

2269 1618 2512 1686 νυμφίου.
2569 1610 2819 1687 Ὀδύρῃ;
2873 1615 2960 1666 τὸν
3020 1612 3248 1685 θάλαμον
3318 1610 3570 1685 ὑϐρίξεις.
3644 1612 3716 1663 Τὰ
3759 1617 3837 1660 τῶν

512 1703 596 1761 tia
644 1703 955 1775 damnare,
1012 1704 1091 1761 ad
1133 1704 1571 1776 separationem
1623 1705 1755 1761 talis
1804 1705 2015 1777 Sponsi
2056 1719 2162 1777 per

2272 1701 2466 1755 πολλῶν
2495 1707 2585 1755 καὶ
2636 1699 2880 1774 χυδαίων
2926 1704 3185 1776 πράττεις,
3232 1699 3500 1763 ﬁniunt;
3537 1708 3629 1761 τῆς
3672 1699 3836 1750 παστά-

510 1793 776 1850 lamenta
804 1812 820 1865 ;
855 1809 963 1851 nec
991 1793 1137 1851 illud
1162 1794 1223 1849 in
1265 1795 1525 1867 teipsum
1567 1795 1867 1851 decretum
1899 1793 2159 1861 saucias,

512 1883 680 1955 quod
698 1881 893 1955 siquis
910 1882 1062 1939 alius
1084 1883 1327 1949 tulisset,
1358 1884 1440 1955 inj
1451 1883 1644 1940 uriam
1669 1898 1789 1939 non
1816 1882 2159 1939 ferresirro-

515 1976 738 2042 gatam,
772 1971 872 2027 sed
895 1972 955 2027 in
976 1971 1314 2029 locohostis
1344 1976 1403 2028 et
1433 1972 1658 2029 malum
1683 1971 1789 2029 tibi
1816 1973 2162 2029 machinan-

514 2060 590 2117 tis
616 2059 837 2117 habere
850 2061 1050 2127 velles,
1075 2066 1129 2118 et
1146 2062 1499 2118 omnimodo
1521 2068 1631 2118 ate
1659 2062 2049 2133 relegandum
2077 2063 2164 2118 di-

514 2165 697 2206 ceres.
735 2149 865 2206 Noli
894 2154 958 2206 tu
984 2150 1248 2220 lugendo
1291 2151 1546 2223 gloriam
1577 2151 1764 2218 illam,
1796 2167 1915 2224 qua
1950 2151 2165 2208 fruitur

511 2237 635 2302 illa,
662 2242 719 2294 te
748 2238 943 2310 ipsam
962 2239 1247 2313 laerymis
1265 2241 1515 2313 dignam
1542 2239 1735 2297 facere
1766 2256 1779 2296 :
1808 2242 2031 2310 Lugere
2051 2257 2163 2297 non

511 2332 772 2399 possunt,
802 2328 899 2400 qui
922 2329 1206 2385 assistunt
1235 2344 1448 2398 sponso
1479 2330 1547 2382 ι’.
1582 2328 1704 2384 Hoc
1734 2328 1979 2386 effatum
2019 2330 2164 2403 quid

515 2416 626 2472 sibi
656 2416 778 2472 vult
806 2419 835 2474 ?
867 2417 1019 2484 Quid
1048 2417 1315 2474 vocehac
1332 2418 1638 2475 Dominica
1660 2417 1979 2474 terribilius
2000 2418 2030 2474 ?
2064 2422 2165 2476 De-

515 2504 716 2576 ploras
746 2505 996 2578 ?itaque
1037 2507 1331 2579 disjungis
1370 2522 1407 2564 a
1449 2522 1672 2580 sponso
1715 2506 2104 2574 ;lamentaris
2136 2510 2165 2566 ?

519 2600 698 2667 atque
727 2595 809 2651 ita
830 2596 1123 2664 genialem
1147 2596 1482 2653 thalamum
1495 2596 1857 2654 contumelia
1869 2596 2078 2665 efﬁcis,
2102 2598 2164 2655 id

517 2683 681 2755 quod
694 2682 969 2740 homines
987 2684 1254 2758 plerique
1266 2690 1322 2742 et
1336 2685 1470 2741 vilis
1485 2685 1798 2742 multitudo
1821 2686 1979 2749 facit.
2004 2703 2166 2744 nem-

519 2787 595 2844 pe
623 2771 941 2830 ethalamo
985 2774 1275 2830 excidisti.
1319 2774 1607 2841 Quocirca
1650 2790 1724 2831 ne
1758 2772 1818 2830 ut
1864 2781 2164 2833 mortuam

516 2859 900 2933 deploremus
927 2877 1082 2928 eam,
1113 2878 1250 2935 quae
1280 2879 1420 2918 cum
1465 2863 1718 2920 Domino
1750 2864 1928 2931 vivit;
1961 2880 2034 2920 ne
2060 2882 2167 2939 per

518 2949 764 3007 eaillam
780 2950 855 3006 de
867 2950 1500 3025 honestemus,quibus
1518 2968 1650 3007 eam
1665 2968 1869 3009 amore
1888 2956 2167 3028 prosequi

2272 1788 2363 1853 δος
2390 1808 2403 1822 ⁸
2435 1790 2563 1844 ἀλλὰ
2594 1795 2782 1864 μηκέτι
2805 1796 2899 1850 τὴν
2948 1790 2998 1843 ἐν
3028 1795 3135 1862 Θεῷ
3171 1794 3343 1854 ζῶσαν
3402 1791 3474 1852 ὥς
3518 1792 3692 1864 νεκρὰν
3736 1789 3836 1860 θρη-

2268 1889 2469 1954 νῶμεν’
2528 1878 2667 1955 μηδὲ
2711 1877 2783 1933 δι’
2840 1880 2909 1932 ὧν
2954 1884 3184 1953 στέργειν
3234 1879 3388 1938 αὐτὴν
3436 1882 3725 1952 νομίζομεν,
3767 1881 3836 1927 καὶ

2272 1971 2434 2031 αὐτὴν
2472 1970 2666 2030 ἐκείνην
2714 1969 3062 2043 ἀτιμάζωμεν.
3107 1968 3287 2044 ’Υϐρις
3324 1969 3442 2022 ἐστὶ
3490 1976 3595 2029 τοῖς
3656 1970 3732 2019 τὸν
3770 1965 3834 2017 οἱ·

2271 2065 2423 2135 ρανὸν
2471 2060 2926 2133 θαλαμηπολοῦσιν
2978 2061 3003 2111 ὁ
3034 2055 3267 2133 ὀδυρμὸς
3322 2080 3335 2093 ο
3393 2063 3490 2111 καὶ
3541 2060 3604 2110 τὰ
3658 2053 3833 2128 δάκρυα

2274 2147 2689 2224 δυσφημούντων
2718 2147 2858 2202 ἔστὶν
2888 2148 3056 2202 αὐτῶν
3094 2151 3152 2201 τὸ
3183 2150 3467 2223 μακάριον,
3521 2142 3835 2208 δισταζόντων

2273 2244 2366 2299 τὴν
2396 2239 2706 2304 ἀπόλαυσιν,
2758 2236 3173 2311 ἀμφιϐαλλόντων
3230 2238 3336 2309 (ἵνα
3384 2241 3459 2309 μὴ
3522 2234 3834 2288 ἀπιστούντων

2271 2328 2421 2401 λέγω)
2459 2332 2552 2387 τὴν
2597 2327 2888 2381 ἀνάστασιν
2919 2349 2933 2361 ·
2966 2325 3001 2379 ἃ
3040 2329 3211 2380 πάντα
3266 2326 3609 2398 λογισαμένη,
3648 2326 3724 2375 καὶ
3763 2341 3834 2379 νη-

2275 2417 2441 2493 φούσὴ
2481 2422 2654 2491 κρίσει
2709 2416 3139 2486 ἑπισκοπὴσασοι,
3193 2414 3349 2490 ῥίψον
3380 2418 3440 2467 τὸ
3494 2415 3686 2476 πένθος,
3734 2409 3834 2462 ἀπὸ·

2276 2510 2368 2562 θου
2396 2512 2455 2561 τὸ
2477 2509 2658 2575 πάθος,
2685 2510 2808 2570 τοὺς
2834 2510 3166 2579 στεναγμοὺς,
3198 2512 3289 2558 καὶ
3318 2507 3386 2557 τὰ
3414 2501 3553 2577 eide
3566 2522 3648 2555 υα.
3678 2500 3833 2556 Ἔσται

2276 2595 2336 2652 δὲ
2385 2605 2539 2651 τοῦτο
2567 2604 2670 2658 τοῖς
2717 2616 2770 2650 τε
2812 2595 3005 2661 ἄλλοις,
3046 2592 3118 2656 οἷς
3167 2599 3503 2669 προείπομεν,
3550 2597 3637 2645 καὶ
3683 2593 3829 2660 ἐάνπερ

2276 2687 2458 2745 ἇάυτὴν
2495 2689 2697 2739 πάντων
2749 2695 2849 2738 τῶν
2885 2684 3074 2737 λοιπῶν
3125 2682 3512 2748 ἀποσπάσασα,
3564 2686 3706 2756 μόνον
3763 2683 3833 2729 τοῦ

2274 2779 2506 2848 καθαροῦ
2544 2781 2634 2828 καὶ
2690 2775 2958 2848 ἀχράντου
3010 2778 3233 2846 νυμφίου
3288 2779 3529 2847 Χριστοῦ
3573 2775 3655 2824 τὸν
3699 2767 3832 2841 pasci-

2274 2885 2385 2941 ριον
2448 2869 2538 2917 καὶ
2594 2862 2876 2937 ἀνώλεθρον
2923 2865 3105 2936 ἔρωτα,
3159 2861 3271 2914 ὅλον
3322 2861 3447 2913 καθ’
3494 2860 3611 2917 ὃλην
3652 2859 3835 2911 σεαυτὴν

2277 2952 2630 3017 ἀναλαϐοῦσα,
2688 2956 2813 3025 πρὸς
2865 2952 3052 3005 ἐκεῖνον
3122 2951 3180 3004 οὐ
3239 2949 3419 3021 λήγεις
3479 2948 3831 3023 ἐπιστρεφομένη

517 3039 707 3096 videri
730 3039 1008 3096 volumus
1040 3057 1053 3095 :
1087 3039 1362 3113 planctus
1384 3041 1720 3097 convicium
1746 3041 1858 3097 illis
1878 3042 2036 3110 facit,
2059 3046 2160 3118 qui

2276 3048 2365 3096 καὶ
2401 3042 2636 3103 ἀτενίςου
2646 3060 2733 3096 σα.

519 3128 786 3186 cmlestes
809 3128 1106 3185 thalamos
1133 3130 1391 3186 incolunt
1415 3147 1429 3197 ;
1450 3130 1736 3204 lacrymee
1758 3132 2157 3189 convitiantur
2187 3133 2364 3190 beato
2387 3131 2623 3188 illorum
2656 3130 2837 3186 statui
2863 3128 2973 3199 ;de
2998 3128 3274 3185 fruitione
3304 3128 3601 3193 dubitant,
3631 3123 3723 3197 qui
3744 3121 3831 3177 due

514 3217 710 3275 bitant
733 3217 807 3274 de
837 3219 1278 3284 resurrectione,
1312 3235 1385 3275 ne
1414 3219 1613 3276 dicam
1644 3220 1745 3292 qui
1771 3220 1999 3278 tollunt.
2029 3225 2145 3278 Hoc
2174 3227 2238 3278 tu
2265 3221 2600 3285 ruminans,
2632 3226 2689 3276 et
2715 3219 2916 3276 sobrio
2945 3224 3121 3291 atque
3133 3219 3447 3290 jejunante
3484 3215 3636 3273 velut
3663 3211 3830 3269 animo

518 3306 914 3380 perpendens,
955 3324 1170 3365 amove
1201 3308 1448 3374 luctum,
1482 3308 1745 3365 laetitiam
1775 3311 2060 3382 exprime,
2098 3312 2442 3383 passionem
2472 3309 2629 3366 hanc
2666 3309 2904 3375 abdica,
2940 3308 3151 3377 lessus,
3175 3308 3463 3372 lamenta,
3508 3304 3747 3366 dolores,
3773 3298 3833 3355 la-

520 3411 778 3467 crymas.
810 3398 927 3451 Hoc
948 3397 1336 3462 efﬁcies,cum
1358 3398 1435 3454 ad
1465 3413 1535 3452 ea
1559 3413 1695 3470 quas
1726 3398 1990 3454 diximus
2016 3400 2398 3464 attendendo,
2419 3406 2474 3455 et
2494 3398 2787 3471 imprimis
2801 3397 2847 3453 si
2876 3402 2928 3453 te
2953 3396 3223 3453 abducas
3246 3395 3484 3469 penitus
3506 3394 3582 3451 ab
3605 3389 3833 3449 omnibus

523 3483 1057 3540 aliis.solummodo
1071 3487 1145 3541 ad
1160 3486 1403 3541 beatum
1418 3484 1583 3540 illum
1597 3493 1650 3540 et
1664 3485 2018 3545 duraturum
2033 3506 2269 3562 semper
2281 3504 2550 3546 amorem
2570 3486 3283 3559 Christi,purissimiillius
3297 3484 3635 3557 etimpoluti
3646 3476 3829 3554 sponsi,

522 3570 825 3645 integrum
850 3572 1076 3645 integre
1118 3580 1499 3647 assumptum
1527 3580 1856 3643 convertas,
1885 3582 1942 3633 et
1965 3593 2347 3651 nequaquam
2375 3578 2614 3634 desinas
2646 3576 2731 3633 sic
2755 3591 3045 3632 conversa
3086 3573 3252 3631 illum
3284 3574 3589 3632 anhelare.

1217 3910 1901 4005 FRANCISCI
2019 3913 2470 4007 SCORSI
2568 3912 3187 4006 MONITUM

1709 4120 1777 4176 IN
1812 4121 2233 4188 SEQUENTEM
2274 4120 2682 4190 EPISTOLAM.

1410 4243 1517 4317 (Ex
1548 4243 1901 4318 praefatione
1930 4245 2009 4303 ad
2047 4261 2233 4318 opera
2261 4245 2642 4319 Theophanis
2665 4243 2976 4318 Ceramei).

597 4366 799 4420 Habeo
811 4363 871 4442 in_
886 4363 1034 4420 meis
1055 4366 1461 4442 monumentis
1479 4384 1515 4423 a
1528 4368 1848 4442 _P.Octavio
1861 4367 2123 4442 Caetauo
2140 4367 2400 4442 collectis
2423 4367 2736 4442 epistolam
2752 4365 2936 4442 Photii
2952 4366 3199 4421 missam
3221 4363 3568 4442 Theophani
3582 4354 3827 4442 monacho

530 4438 726 4519 graece
758 4437 1044 4519 scriptam
1074 4437 1350 4519 manui).
1380 4439 1585 4519 Jacobi
1617 4439 1915 4519 Sirmondi
1946 4449 2002 4497 et
2034 4441 2232 4498 Latine
2253 4440 2332 4497 ab
2362 4456 2433 4498 eo
2457 4428 3238 4512 i‘edditam,depromptam,
3258 4443 3323 4494 ut
3340 4428 3568 4509 judico,
3587 4450 3649 4491 ex
3662 4428 3827 4488 Biblio-

526 4508 696 4566 theca
728 4507 1052 4566 cardinalis
1083 4508 1316 4581 Sirletti,
1348 4525 1510 4567 nunc
1539 4510 1709 4567 ducis
1722 4510 2006 4584 Altemps.

1128 4661 1346 4720 EPIST.
1396 4661 1515 4722 CII.
2200 4662 2246 4716 D

990 4750 1340 4822 Theophani
1393 4750 1706 4809 monacho.

2918 4666 3132 4714 ΕΠΙΣΤ.
3162 4658 3253 4714 PB'

2831 4752 3060 4825 Θεοφάνῂ
3089 4749 3387 4824 μονάζοντι.

834 4877 989 4929 Edita
1017 4890 1051 4928 a
1078 4876 1361 4929 Francisco
1391 4876 1576 4928 Scorso
1601 4878 1655 4927 in
1686 4875 1999 4928 Praefatione
2023 4876 2095 4928 ad
2122 4875 2294 4942 Opera
2315 4876 2655 4941 Theophanis
2676 4876 2915 4928 Ceramei
2943 4876 3131 4940 (in-fol.
3168 4877 3336 4940 Paris,
3353 4874 3517 4939 1644).

599 4988 663 5046 Si
712 4994 766 5047 te
800 4990 1150 5050 humilitatis
1198 4997 1416 5050 nostrae
1455 4991 1659 5049 litterae
1690 4991 2007 5059 delectant,
2046 5007 2172 5048 rur-

528 5092 663 5134 sum
687 5079 909 5152 accipe,
931 5081 1453 5148 desideratissime,
1475 5097 1613 5154 qua
1634 5081 1783 5138 nihil
1803 5081 2049 5155 quidem
2060 5081 2171 5138 ele-

532 5166 774 5240 gantias,
807 5167 1217 5244 facundiaque
1243 5171 1524 5238 habeant,
1547 5173 1613 5227 ut
1642 5176 1705 5227 tu
1733 5170 1955 5228 blande
1984 5170 2169 5240 dicis;

2354 4992 2418 5047 Εἰ
2462 4996 2546 5045 σοὶ
2580 4990 2721 5065 φίλον
2773 4995 2832 5044 τὸ
2884 4995 3015 5067 πρὸς
3061 4995 3209 5066 ἡμῶν
3235 5003 3333 5047 τῶν
3382 4993 3591 5048 εὐτελῶν
3630 4987 3819 5062 γράμμα,

2283 5078 2467 5153 δέχοιο
2497 5085 2587 5134 καὶ
2618 5081 2790 5146 αὖθις,
2817 5081 2858 5133 ὦ
2884 5084 3187 5156 τριπόθητε,
3220 5080 3371 5138 οὐδὲν
3398 5087 3489 5155 μὲν
3520 5085 3632 5155 ἔχον
3659 5076 3812 5146 εὖπρν

2279 5175 2369 5232 πές
2414 5189 2471 5224 τε
2526 5176 2617 5224 καὶ
2666 5167 2932 5244 εὐφραδες,
2989 5174 3057 5235 ὡς
3103 5174 3293 5245 χάριτι
3337 5178 3454 5246 φὴς,
3505 5176 3562 5225 τὸ
3601 5164 3738 5222 δὀὗν
3756 5164 3825 5216 τῆς

2282 5258 2491 5333 ἀγάπης
2559 5259 2816 5334 σύμϐολον
2894 5260 3336 5335 ὁμολογουμένως.
3400 5267 3502 5315 Καὶ
3554 5278 3606 5332 γε
3663 5246 3819 5308 ὅσονῆ

2282 5345 2559 5413 ἀντίδοσις
2610 5358 2712 5402 τῶν
2752 5352 3074 5426 γραμμάτων
3119 5354 3339 5424 γένοιτο,
3406 5357 3645 5404 τοσοῦτον
3681 5344 3708 5401 ἦ
3752 5344 3824 5394 τῆς

528 5257 831 5345 charitatis
852 5273 989 5314 vero
1006 5259 1353 5332 symbolum
1365 5266 1502 5317 sunt
1517 5259 1924 5334 proculdubio
1948 5276 1961 5316 :
1980 5275 2172 5334 quan-

528 5352 727 5423 taque
766 5346 982 5404 fuerint
1007 5345 1333 5405 litterarum
1363 5350 1545 5416 vices,
1580 5354 1742 5407 tanto
1770 5355 1828 5408 et
1865 5348 2171 5408 charitatis

597 5502 647 5540 ίο
677 5499 885 5559 Matth.
927 5513 1044 5568 vin,
1075 5502 1164 5557 22.
1234 5499 1281 5537 ίτ
1310 5501 1482 5558 Joan.
1513 5516 1590 5571 Vl,
1621 5505 1710 5559 47.
1786 5503 1834 5540 1⁸
1868 5504 2041 5561 Marc.
2074 5518 2134 5569 ιι,
2174 5507 2187 5559 l

2335 5503 2383 5539 “
2418 5501 2614 5560 Matth.
2643 5516 2723 5569 1x,
2760 5505 2844 5558 15.
