4072 6232
303 272 407 328 925

1555 266 2054 325 EPISTOLARUM
2099 267 2310 323 LIBER
2351 267 2395 323 Il
2411 307 2426 323 .

3562 266 3668 321 926

305 399 509 471 ἀγάπης
567 393 805 460 διαθεσις
859 398 1088 462 αὔξοιτο.
1135 397 1212 450 Οὔ
1255 401 1305 450 τί
1355 393 1413 449 ἃν
1444 398 1521 454 ε’ίη
1558 391 1902 448 σπουδαιότε-

2015 399 2240 448 crescat
2264 392 2533 449 affectus.
2564 393 2691 458 Quo
2721 393 2968 466 quidem
2993 391 3319 464 optabilius
3351 407 3482 447 esse
3516 391 3664 463 quid

300 504 433 563 ρον;
491 486 620 539 ἀλλά
684 495 836 540 τοῦτο
889 495 976 539 νῦν
1017 490 1209 540 κείσθω
1249 486 1486 540 ἐνταῦθα.
1547 488 1679 558 Πρὸς
1738 481 1797 536 δε
1845 487 1902 536 τό

303 573 733 649 ἐξῆςβαδιστέον
785 579 810 629 ό
866 577 1038 648 λόγος.
1088 582 1150 630 Τὶ
1203 581 1259 628 τὸ
1312 580 1398 628 νύν
1454 576 1824 646 καινοτομηθεν
1856 573 1906 625 ἐν

299 673 408 726 τοίς
438 666 623 718 αὗτόθι
655 683 669 732 ;
719 671 818 718 Καὶ
848 671 979 728 τίνες
1010 668 1058 719 οἱ
1087 673 1336 738 νεοφανῶς
1390 661 1663 737 δράκοντες
1703 661 1906 736 χαρυϐ-

303 751 474 812 δηδόν
549 758 915 817 καταπίνοντες
981 754 1169 826 ψυχὰς
1239 759 1310 826 μὴ
1389 753 1764 826 ἐστηριγμένας
1834 758 1906 821 τῷ

299 842 436 914 λόγῳ
489 851 579 904 τῆς
632 841 914 910 ἀληθείας;
965 843 1130 905 Αὐτός
1171 845 1260 916 μεν
1315 842 1403 894 οὖν
1451 841 1545 893 ούκ
1598 839 1908 911 ἱξωνομάτι-

301 950 419 1000 σας,
477 933 624 1003 ἡμεῖς
679 928 737 984 δε
796 937 888 984 καὶ
940 935 1041 1004 πρὸ
1102 940 1194 994 τῆς
1247 928 1523 992 δηλώσεως
1581 937 1681 982 τῶν
1737 947 1909 1001 γραμ-

298 1023 477 1093 μάτων
530 1020 990 1092 κατεστςνάξαμεν,
1047 1023 1128 1074 ὅτι
1184 1021 1417 1093 μάλιστα
1468 1019 1541 1092 ἐφ’
1614 1019 1685 1072 ἐνὶ
1753 1015 1908 1092 ἀνδρὶ

299 1111 565 1183 αἱρετικῷ,
624 1109 812 1182 μᾶλλον
866 1105 925 1163 δὲ
973 1109 1270 1182 βλασφήμῳ
1317 1119 1389 1181 τῷ
1441 1111 1549 1162 όντι
1596 1109 1670 1171 εἰς
1735 1113 1902 1161 Θεόνο

296 1198 521 1270 λαχόντι
575 1197 623 1250 ἐν
674 1207 779 1260 τοῖς
828 1199 1012 1252 αύτόθι
1062 1205 1205 1272 παρά
1257 1206 1348 1252 τοῦ
1404 1200 1624 1272 κράτους
1675 1217 1906 1270 χαρτου-

297 1287 562 1358 λαρεῦσιν,
623 1289 784 1340 ἐκεῖνο
853 1289 1094 1354 εἰπόντες,
1156 1291 1234 1342 ὅτι
1280 1309 1338 1360 γε
1416 1297 1512 1350 τῆς
1591 1287 1903 1363 περιϐοήτου

300 1377 554 1442 Σικελίας,
609 1379 827 1449 ἔφθασεν
876 1378 1107 1454 ὄλεθρος,
1168 1374 1302 1432 Τόδε
1348 1380 1404 1430 τό
1457 1385 1629 1449 πῆμα,
1691 1377 1784 1429 οὐκ
1850 1375 1904 1428 ἐκ

300 1463 635 1538 δόγματικῆς
698 1472 880 1542 πείρας
945 1471 1357 1540 τετεχνωμένονο
1412 1467 1622 1542 ἄπειρον
1677 1469 1778 1539 γὰρ
1845 1468 1903 1518 τό

302 1552 703 1629 ἀνδριαντάριον
737 1577 750 1590 ·
825 1556 953 1610 ἀλλά
1021 1557 1074 1621 ἐξ
1152 1555 1368 1618 ἀσεϐοῦς
1427 1561 1635 1628 γνώμης
1707 1555 1906 1612 πεπλη-

299 1649 548 1720 ρωμένον,
599 1651 689 1698 καὶ
743 1646 826 1698 ἵνα
871 1645 1246 1721 τάληθέστερον
1287 1647 1496 1721 ῥηθείη,
1553 1647 1779 1721 πρόσθεν
1820 1644 1904 1697 ἐπὶ

2013 483 2246 554 possit?
2273 482 2493 537 Verum
2522 481 2649 536 hac
2673 483 2860 537 missa
2891 482 3178 537 faciamus
3205 502 3216 533 :
3251 480 3325 534 ad
3352 479 3666 552 sequentia

2015 577 2224 642 pergat
2253 571 2462 626 oratio.
2498 570 2651 636 Quid
2681 571 2796 625 hoc
2834 575 2943 636 est,
2977 571 3140 642 quod
3171 585 3332 625 nunc
3363 569 3526 640 apud
3559 584 3664 623 vos

2014 661 2364 716 innovatum
2404 659 2642 716 audio?
2677 662 2739 715 Et
2777 660 3027 731 quinam
3067 659 3127 714 hi
3167 659 3306 714 novi
3346 658 3663 722 dracones,

2017 749 2341 822 charybdis
2364 749 2550 806 instar
2569 749 2803 806 animas
2825 748 3218 804 absorbentes
3242 765 3376 819 qua
3406 745 3664 802 veritatis

2015 839 2201 896 verbo
2248 840 2499 895 ﬁrmata
2531 854 2650 894 non
2681 838 2866 893 sunt?
2895 841 2976 893 Tu
3009 838 3247 910 quidem
3280 837 3445 892 haud
3479 835 3669 891 nomi-

2017 929 2173 984 nasti
2198 948 2210 988 :
2242 944 2352 984 nos
2377 944 2517 984 vero
2548 930 2726 986 etiam
2749 935 3076 1000 antequam
3102 927 3306 981 littera
3340 931 3453 980 tua
3481 924 3666 993 signi-

2016 1017 2284 1083 ficarent,
2346 1018 2724 1073 vehementer
2773 1016 3136 1090 planximus,
3189 1015 3365 1070 unius
3403 1013 3666 1068 hominis

2017 1122 2202 1162 causa
2241 1107 2516 1173 haretici,
2560 1107 2667 1161 sed
2715 1106 2916 1178 potius
2954 1121 3158 1160 revera
3215 1102 3550 1175 blasphemi
3604 1102 3664 1157 in

2017 1197 2220 1261 Deum,
2255 1196 2356 1268 qui
2388 1195 2730 1251 chartularii
2765 1211 2983 1249 munus
3027 1193 3155 1248 istic
3199 1193 3276 1248 ab
3311 1193 3663 1261 imperatore

2014 1285 2265 1358 adeptus
2284 1287 2514 1349 est,hoc
2527 1287 2787 1340 dicentes
2802 1283 3191 1340 celeberrima
3208 1282 3414 1337 Sicilia
3428 1281 3662 1336 exitium

2014 1375 2322 1444 obtigisse.
2357 1375 2642 1430 Pernicies
2674 1380 2872 1430 autem
2907 1375 3033 1429 hac
3062 1389 3185 1427 non
3216 1389 3286 1426 ex
3317 1371 3664 1440 dogmatica

2013 1463 2287 1520 doctrina
2307 1463 2567 1520 conﬂata
2583 1469 2706 1520 est:
2731 1463 3019 1519 doctrina
3042 1463 3203 1518 enim
3220 1476 3430 1532 expers
3453 1460 3664 1528 ingens

2013 1553 2142 1609 hac
2167 1558 2363 1610 statua
2391 1570 2404 1608 :
2439 1554 2544 1609 sed
2576 1553 2653 1609 ab
2685 1553 2874 1624 impia
2906 1559 3101 1607 mente
3132 1549 3416 1623 proiecta,
3459 1553 3660 1619 atque,

2013 1647 2080 1698 ut
2115 1642 2280 1716 quod
2316 1642 2514 1698 verius
2553 1647 2643 1698 est
2680 1642 2930 1707 dicatur,
2974 1644 3051 1696 ad
3091 1640 3458 1712 impietatem
3497 1636 3663 1709 prius

299 1737 360 1787 τὸ
414 1733 636 1788 ἀσεϐοῦν
691 1735 913 1807 ἠγμένον
947 1757 960 1770 ο
993 1744 1083 1789 καὶ
1125 1756 1184 1808 γε
1229 1731 1480 1789 συνδόσιν
1535 1735 1704 1795 ἄλλοις
1758 1736 1902 1808 ὁμαί-

2015 1736 2157 1788 nata
2184 1750 2196 1788 :
2227 1735 2286 1786 et
2313 1731 2558 1804 quidem
2589 1748 2727 1787 cum
2758 1731 2997 1786 duabus
3019 1729 3150 1785 aliis
3176 1725 3662 1796 consanguineis.

301 1842 480 1895 μοσιν.
523 1824 682 1880 Ἀλλά
732 1828 937 1888 τούτοις
986 1829 1076 1897 μὲν
1107 1827 1137 1883 ἡ
1192 1828 1348 1900 Τριάς
1397 1823 1596 1885 ἐνθέους
1645 1828 1902 1895 στόμασιν

301 1909 407 1964 οἶδ’
466 1914 547 1965 ὃτι
601 1913 945 1989 ἀποῤῥαπίσει
1028 1917 1171 1987 ὑμῶν
1233 1933 1285 1966 τε
1354 1919 1444 1967 καὶ
1501 1922 1600 1966 τῶν
1684 1912 1904 1965 ἐνταῦθα

301 2002 746 2074 ὑπερμαχούντων
785 2013 872 2064 τῆς
913 2004 1174 2064 ἀληθείας.
1208 2007 1266 2056 Eii
1297 1999 1374 2069 δὲ,
1409 2007 1497 2055 καὶ
1545 2005 1631 2054 τόν
1676 2003 1783 2062 οἷος
1813 2005 1898 2067 σύ,

303 2087 471 2162 μηδεν
503 2091 760 2159 ξπιζέτω,
793 2093 822 2150 ἡ
885 2095 960 2144 ἔτι
1005 2092 1271 2145 λυττοῦσα
1316 2095 1535 2165 αἵρεσις.
1590 2094 1749 2143 Οὔπω
1800 2093 1901 2163 γὰρ

303 2177 633 2254 ἐκτέτριπται
689 2183 745 2233 τὸ
824 2184 981 2233 κακὸν
1051 2185 1168 2233 οὔτε
1240 2177 1646 2253 δεδοικίμασται
1718 2183 1903 2241 ἱκανῶς

300 2277 398 2320 τῶν
447 2278 645 2322 πιστῶν
684 2274 740 2322 τό
782 2270 1015 2342 φιλόθεον
1047 2291 1059 2304 ο
1116 2275 1204 2323 καὶ
1233 2275 1425 2345 τρίτον,
1459 2271 1564 2341 οὐχ
1606 2267 1704 2321 οἷοί
1753 2268 1903 2341 ἐσμεν

303 2356 597 2430 ἐμϐατεύειν
663 2359 734 2421 εἰς
810 2359 1045 2412 ἄϐυσσον
1109 2361 1376 2432 κριμάτων
1434 2367 1588 2425 Θεοῦ,
1649 2357 1764 2411 καθ’
1815 2357 1905 2418 οὓς

302 2452 529 2522 τρόπους
592 2446 836 2520 ἀνέχεται
909 2448 1082 2521 ἀκμὴν
1144 2445 1564 2511 κλύδωνίζεσθαι
1616 2456 1688 2518 τῷ
1763 2447 1903 2518 σάλῳ

302 2544 398 2598 τῆς
420 2537 667 2600 ἀπιστίας
693 2541 780 2590 τόν
803 2538 924 2590 λαὸν
946 2539 1126 2590 αὑτοῦ.

378 2626 516 2685 Πλὴν
575 2635 957 2700 συμπερασμοῦ
1020 2635 1114 2680 τοῦ
1186 2627 1364 2698 λόγου,

299 2720 564 2787 γίγνοιντο
616 2723 842 2790 φανεροὶ,
892 2721 955 2778 ὡς
1002 2719 1027 2769 ό
1089 2725 1182 2779 τῆς
1242 2721 1429 2789 σοφίας
1479 2721 1668 2788 ταμίας
1708 2716 1904 2778 Παῦλος

303 2803 530 2876 λέλεχεν.
612 2808 698 2857 Διό
761 2805 1161 2879 παρακαλοῦμεν
1228 2810 1318 2857 καὶ
1381 2803 1766 2877 ἀντιϐολοῦμεν,
1828 2808 1899 2875 μὴ

303 2891 538 2946 ἕκκακεῖν
582 2890 1009 2967 διακατελέγχειν
1054 2914 1112 2947 σε
1162 2903 1271 2955 τοῖς
1327 2896 1643 2955 ὑπεναντίοις
1693 2893 1748 2946 ἐκ
1803 2901 1903 2946 τῶν

1442 2628 1524 2679 ἱνα
1588 2628 1638 2678 οἱ
1691 2623 1904 2698 δόκιμοι

303 2979 513 3034 ἀδύτων
579 2988 800 3056 ταμείων
853 2992 944 3044 τῆς
1011 2981 1233 3057 καρδίας
1287 3003 1403 3048 σου,
1469 2988 1787 3058 προφέροντα
1838 2985 1903 3034 τά

2014 1821 2127 1877 Sed
2146 1821 2255 1876 hos
2275 1821 2522 1878 Trinitas
2543 1821 2759 1877 divinis
2779 1821 2984 1877 oribus
3007 1818 3370 1892 proﬂigabit,
3390 1822 3447 1872 et
3469 1820 3662 1871 vestro

2015 1916 2069 1965 et
2100 1909 2375 1975 aliorum,
2411 1927 2545 1982 qua
2585 1912 2893 1966 veritatem
2925 1909 3005 1964 ibi
3037 1907 3383 1963 defendunt.
3417 1908 3490 1961 Te
3521 1919 3662 1960 vero

2013 2003 2069 2053 et
2099 1998 2178 2052 tui
2211 1997 2430 2053 similes
2454 1999 2697 2053 minime
2720 1998 2912 2054 turbet
2942 1997 3142 2053 adhuc
3170 1995 3371 2050 furens
3396 1993 3658 2048 haresis.

2013 2087 2287 2143 Nondum
2320 2088 2478 2143 enim
2510 2104 2824 2142 excussum
2856 2092 2908 2143 et
2939 2092 3260 2142 contusum
3284 2088 3374 2138 est
3406 2081 3659 2147 malum,

2013 2191 2122 2231 nec
2149 2177 2293 2232 satis
2320 2176 2518 2232 adhuc
2544 2177 2830 2248 probatus
2857 2175 3122 2230 ﬁdelium
3152 2175 3209 2229 in
3247 2176 3430 2228 Deum
3461 2187 3658 2236 amor;

2013 2282 2082 2322 ac
2111 2265 2299 2332 tertio,
2330 2281 2448 2320 non
2480 2281 2802 2337 possumus
2832 2265 3061 2333 ingredi
3095 2263 3153 2318 in
3184 2262 3479 2334 abyssum
3506 2259 3664 2330 judi-

2013 2356 2238 2411 ciorum
2271 2355 2388 2419 Dei,
2422 2354 2731 2426 quomodo
2764 2353 3054 2426 populum
3088 2368 3266 2406 suum
3298 2349 3660 2406 inﬁdelitatis

2012 2443 2272 2515 procella
2298 2459 2489 2516 usque
2515 2444 2667 2499 adeo
2693 2442 2905 2513 agitari
2936 2441 3110 2497 sinat.

2083 2631 2371 2685 Caterum
2438 2626 2731 2683 sermonis
2790 2624 3096 2682 conclusio
3125 2627 3214 2679 est
3261 2626 3325 2678 ut
3363 2617 3663 2675 manifesti

2011 2719 2155 2774 ﬁant
2181 2719 2369 2782 electi,
2395 2718 2544 2772 sicut
2573 2715 2882 2788 sapientia
2909 2716 3285 2786 dispensator
3310 2710 3528 2766 Paulus
3559 2709 3662 2766 ait.

2012 2810 2385 2880 Quapropter
2407 2807 2720 2862 hortamur
2744 2812 2800 2862 et
2828 2805 3239 2871 obsecramus,
3271 2818 3343 2856 ne
3374 2799 3658 2869 fatiget-is,

2010 2913 2206 2969 neque
2233 2913 2426 2952 cesses
2448 2894 2827 2951 adversarios
2854 2908 3176 2963 coarguere
3198 2907 3270 2946 ex
3295 2891 3504 2945 intimo
3536 2901 3664 2942 cor-

2010 2986 2103 3041 dis
2125 2987 2208 3041 tui
2223 3001 2381 3059 penu
2396 2985 2596 3040 divina
2614 2999 2898 3057 promens
2921 2983 3302 3044 documenta,
3327 2985 3505 3051 atque
3523 2977 3660 3032 hinc

304 3073 420 3124 θεῖα
487 3067 818 3144 διδάγματα,
871 3078 959 3125 καὶ
1029 3070 1438 3125 ύποδεικνύοντα
1491 3074 1718 3124 ἐντεῦθεν
1791 3071 1902 3145 ἀρι-

2014 3077 2323 3148 perspicue
2353 3076 2794 3139 demonstrans,
2841 3073 3135 3130 Christum
3175 3086 3296 3126 non
3337 3084 3464 3124 esse
3496 3067 3661 3122 Chri-

303 3157 497 3224 δήλως,
526 3163 602 3213 ὅτι
649 3165 875 3235 Χριστὸς
915 3163 974 3214 ού
1021 3164 1264 3238 Χριστός,
1323 3163 1366 3214 εἰ
1408 3167 1479 3234 μὴ
1523 3163 1899 3237 περιγράφοντο

299 3257 362 3322 τῇ
394 3249 514 3302 καθ’
534 3253 670 3322 ἡμᾶς
724 3251 858 3324 ἰδίᾳ·
901 3256 1052 3327 Εἴπερ
1107 3255 1208 3324 γὰρ
1256 3252 1390 3326 σάρξ
1429 3253 1668 3324 ἐγεγόνει,
1702 3254 1902 3313 πάντως

298 3344 392 3392 καὶ
445 3342 512 3402 ὡς
563 3340 694 3413 σάρξ
737 3343 1127 3415 περιγράφοιτο.
1157 3341 1222 3392 ⁸0
1268 3338 1326 3394 δε
1374 3346 1446 3414 μὴ
1505 3344 1897 3417 περιγράφοιτο,

299 3436 458 3481 τοῦτο
510 3429 605 3480 οὐκ
664 3433 788 3482 εἰσω
850 3429 1268 3504 ἀνθρωπότητος,
1323 3430 1432 3482 ἀλλ’
1501 3431 1596 3494 ἔξω
1661 3429 1902 3490 δηλονότι

298 3522 390 3570 καὶ
422 3524 582 3570 τόπου
637 3523 728 3571 καὶ
766 3524 984 3594 χρόνου,
1047 3524 1171 3581 Θεὸς
1217 3525 1413 3592 γυμνός
1465 3527 1526 3592 τῇ
1583 3519 1904 3595 ἀπεριληψίᾳ

299 3626 356 3660 τε
405 3613 495 3660 καὶ
566 3607 829 3681 ἀοριστίᾳ,
915 3615 1005 3661 καὶ
1066 3609 1336 3681 λεγόμενος
1415 3615 1505 3661 καὶ
1582 3613 1900 3682 νοούμενος’

299 3701 391 3749 καὶ
465 3704 619 3750 τοῦτο
685 3697 951 3774 ἀραρότως
1034 3698 1108 3760 είς
1196 3697 1568 3770 ἀναμφίλεκτον
1637 3697 1906 3763 ἀπόδειξιν

298 3794 398 3848 τῆς
500 3785 738 3848 ἀληθείας
853 3795 1082 3860 φυσικῆς
1182 3787 1493 3848 άκολουθίας

298 3893 450 3947 μενον
547 3878 960 3950 περιγράφεσθαι
1061 3879 1287 3950 Χριστόν
1382 3875 1476 3927 κᾶν
1585 3884 1648 3948 τῇ

300 3967 772 4036 προσκυνούμενον,
851 3963 1054 4038 ἐπείπερ
1132 3963 1180 4016 ἐν
1257 3965 1386 4038 αὐτῇ
1459 3968 1516 4016 τὸ
1613 3964 1904 4039 ἀρχίτνπον

725 4055 897 4125 ὧσπερ
1002 4057 1132 4124 φησὶ
1235 4055 1506 4124 θεόφαντος
1611 4058 1900 4120 Διονύσιος,

299 4146 391 4193 καὶ
443 4139 699 4213 ἀλλαχοῦ,
767 4142 1002 4215 ἑκάτερον
1076 4140 1125 4193 ἐν
1197 4141 1418 4214 ἑκατέρῳ
1478 4146 1621 4217 παρὰ
1689 4147 1744 4196 τό
1813 4151 1904 4204 τῆς

1717 4251 1902 4305 ⁸Ὑ7Ρα·

301 4322 492 4392 φεσθαι
555 4324 784 4394 Χριστόν
840 4325 1065 4394 ἤρνηται
1116 4322 1385 4393 ἄνθρωπον
1455 4327 1738 4392 γεγονέναι.
1803 4327 1900 4374 Καὶ

1611 3787 1904 3858 ἀναγκαζό-

1749 3881 1906 3928 εἰκόνι

299 4051 632 4124 ἐκπέφανται,
725 4055 897 4124 ὧσπερ
1002 4057 1132 4124 φησὶ
1235 4055 1506 4124 θεόφαντος

301 4230 487 4292 ούσίας
552 4228 822 4304 διάφορον,
899 4230 1060 4284 Ὠστε
1129 4232 1154 4282 ὀ
1238 4230 1634 4303 ἀπαναινόμενος

2011 3172 2189 3230 stum,
2214 3164 2330 3220 nisi
2346 3165 2516 3236 juxta
2537 3164 2789 3233 ﬁguram
2821 3167 3085 3218 nostram
3115 3157 3658 3215 circumscribatur.

2010 3259 2158 3312 Nam
2190 3254 2242 3310 si
2272 3270 2411 3310 caro
2442 3253 2632 3310 factus
2657 3258 2767 3316 est,
2802 3253 3003 3323 utique
3035 3249 3213 3305 veluti
3245 3263 3383 3302 caro
3409 3247 3658 3302 circum-

2011 3345 2316 3400 scribetur.
2352 3342 2523 3408 Quod
2555 3357 2694 3397 vero
2724 3357 2844 3396 non
2876 3337 3408 3402 circumscribitur,
3444 3335 3504 3390 id
3536 3348 3659 3389 non

2011 3438 2166 3493 intra
2204 3434 2642 3489 humanitatem
2677 3436 2784 3496 est,
2825 3429 2929 3485 sed
2969 3436 3134 3484 extra
3173 3425 3339 3482 haud
3377 3425 3558 3480 dubie
3605 3427 3662 3479 et

2013 3524 2210 3578 locum
2243 3528 2298 3578 et
2328 3527 2580 3594 tempus,
2619 3523 2770 3576 Deus
2821 3519 3043 3584 nudus,
3096 3533 3276 3589 quem
3331 3517 3664 3584 incompre-

2013 3611 2320 3667 hensibilis
2351 3617 2406 3666 et
2434 3609 2758 3666 indeﬁnita
2795 3614 3024 3665 natura
3057 3606 3316 3662 dicimus
3355 3608 3412 3659 et
3444 3602 3660 3672 cogita-

2017 3716 2170 3754 mus.
2196 3705 2382 3771 Atque
2403 3699 2517 3755 hoc
2533 3705 2928 3770 congruenter
2943 3697 3020 3753 ad
3038 3701 3260 3751 certam
3282 3693 3664 3748 demonstra-

2015 3788 2236 3842 tionem
2267 3787 2529 3842 veritatis
2557 3793 2784 3840 natura
2807 3786 2978 3856 sequi
3005 3801 3248 3839 necesse
3276 3788 3382 3846 est,
3413 3783 3663 3836 circum-

2015 3875 2193 3930 scribi
2235 3874 2553 3938 Christum,
2586 3879 2642 3929 et
2671 3873 2730 3927 in
2763 3872 3026 3941 imagine
3059 3872 3318 3935 adorari,
3362 3869 3662 3938 siquidem

2012 3965 2072 4020 in
2103 3981 2174 4021 ea
2203 3963 2596 4036 archetypum
2630 3965 3106 4033 reprasentatur,
3139 3956 3661 4030 quemadmodum

2013 4054 2422 4125 diviniloquus
2478 4052 2558 4108 ait
2605 4051 2940 4122 Dionysius,
2986 4055 3041 4104 et
3087 4047 3246 4110 alibi,
3293 4045 3545 4101 alterum
3600 4044 3660 4100 in

2013 4144 2214 4208 altero,
2257 4148 2470 4214 prater
2500 4140 2847 4197 substantia
2879 4136 3302 4193 differentiam.
3335 4135 3526 4199 Quare
3556 4131 3659 4204 qui

2011 4237 2192 4302 negat
2222 4231 2463 4302 depingi
2495 4230 2812 4292 Christum,
2859 4228 2906 4281 is
2935 4232 3143 4283 natum
3190 4223 3502 4281 hominem
3530 4236 3660 4276 esse

2011 4321 2252 4390 negavit
2276 4337 2289 4387 ;
2313 4321 2480 4392 etqui
2497 4320 2620 4391 ejus
2639 4317 2958 4389 imaginem
2975 4333 3095 4372 non
3115 4315 3346 4378 adorat,
3367 4328 3439 4368 ne
3461 4313 3660 4381 ipsum

301 4411 327 4460 ὁ
368 4414 440 4480 μὴ
499 4419 802 4481 προσκυνῶν
848 4409 1007 4462 αὐτοῦ
1059 4413 1154 4468 τὴν
1209 4410 1398 4474 εἰκόνα,
1446 4410 1504 4462 ού
1537 4414 1694 4463 τύπον
1735 4431 1896 4485 προσ-

2014 4411 2255 4483 quidem
2306 4426 2551 4482 prorsus
2594 4408 2824 4477 adorat,
2864 4407 2998 4462 licet
3043 4407 3296 4462 adorare
3346 4419 3408 4456 se
3451 4406 3655 4474 putet:

299 4507 446 4551 κυνεί
501 4499 656 4552 αὐτόν
701 4503 758 4551 τὸ
835 4499 1080 4567 καθόλου,
1131 4497 1226 4550 κᾶν
1305 4500 1493 4572 νομίζῃ
1567 4509 1895 4573 προσκυνεῖν,

300 4589 412 4640 ἐπεί
466 4608 624 4660 φησιν
688 4591 714 4641 ό
763 4591 898 4661 ἱερός
947 4588 1120 4659 λόγος,
1175 4590 1240 4640 Oi
1297 4589 1514 4641 ἄπιστοι
1583 4590 1899 4662 ὁμολογοῦσι

302 4681 434 4730 Θεὸν
477 4674 692 4742 εἰδέναι,
736 4686 840 4738 τοῖς
894 4674 953 4730 δε
1000 4680 1176 4751 ἓργονς
1232 4677 1527 4750 ἀρνοῦνται.
1577 4686 1758 4731 Ταῦτα
1794 4681 1900 4751 οὐχ

300 4769 369 4828 ὡς
399 4765 662 4839 ἀγνοούσῃ
704 4775 765 4840 τῇ
817 4772 1082 4840 τιμιότητί
1128 4787 1222 4820 σου
1269 4763 1607 4832 ὑπεδήλωσα,
1662 4767 1771 4820 ἀλλ’
1830 4773 1899 4832 ὡς

301 4874 603 4928 συνομογνω
645 4859 897 4929 μονούση,
951 4862 1040 4908 καὶ
1094 4859 1265 4929 ὥσπερ
1313 4854 1506 4931 ῥανίδα
1552 4855 1606 4909 ἐκ
1645 4857 1901 4930 πελάγους

300 4940 582 5016 δογμάτων
632 4943 934 5012 ἀνελκύσας,
1002 4949 1128 5018 πρός
1185 4949 1241 4998 τό
1290 4951 1378 4998 καὶ
1457 4948 1667 5019 ἄπειρον
1743 4947 1898 5020 ἐσμὸν

297 5028 431 5085 εἶναι
465 5040 756 5108 Πατρικῶν,
811 5037 942 5107 μετὰ
969 5040 1058 5087 καὶ
1087 5044 1181 5097 τῆς
1235 5034 1590 5107 ἀρχαιολόγου
1641 5039 1896 5109 ἱστορίας,

297 5120 391 5174 ἀπ’
439 5121 599 5184 αὐτῆς
652 5120 910 5195 βαλϐίδος
961 5131 1052 5175 τοῦ
1113 5126 1453 5196 κηρύγματος
1505 5124 1572 5186 εἰς
1639 5129 1897 5180 σύστασιν

297 5217 394 5272 τῆς
408 5211 694 5283 ἀμωμήτου
716 5214 862 5286 ἡμῶν
892 5221 990 5266 τῶν
1023 5214 1346 5287 Χριστιανῶν
1374 5217 1611 5274 πίστεως.

2009 4500 2255 4573 quando
2271 4500 2538 4572 quidem,
2567 4503 2628 4553 ut
2649 4513 2846 4553 sermo
2871 4512 3039 4552 sacer
3065 4497 3166 4563 ait,
3190 4489 3662 4548 intidelesconﬁ-

2012 4596 2204 4645 tentur
2242 4605 2304 4644 se
2339 4592 2522 4644 Deum
2553 4603 2746 4652 nosse,
2799 4586 2968 4642 factis
2998 4591 3198 4640 autem
3246 4586 3486 4651 negant.
3531 4582 3662 4634 Hac

2009 4695 2121 4749 ego
2139 4695 2258 4734 non
2277 4683 2567 4750 tanquam
2590 4677 2883 4746 ignoranti
2901 4673 3243 4731 reverentia
3263 4679 3379 4728 tua
3393 4668 3662 4742 exposui,

2011 4769 2116 4824 sed
2159 4773 2448 4839 tanquam
2490 4781 2612 4820 una
2650 4765 2941 4830 sentienti,
2986 4780 3056 4819 ac
3097 4762 3274 4818 veluti
3316 4767 3547 4832 guttam
3591 4775 3662 4816 ex

2008 4858 2362 4928 dogmatum
2385 4856 2599 4928 pelago
2625 4855 2924 4918 hauriens,
2955 4869 3092 4908 cum
3112 4852 3355 4907 inﬁnita
3376 4855 3663 4923 praterea

2011 4949 2127 5003 sint
2154 4950 2388 5002 Patrum
2418 4945 2740 5012 sententia,
2770 4959 2889 4999 una
2910 4959 3047 4999 cum
3074 4948 3268 4998 vetere
3289 4941 3554 5006 historia,
3583 4941 3661 4996 ab

2009 5036 2253 5092 exordio
2280 5037 2410 5106 ipso
2440 5033 2799 5105 evangelica
2829 5031 3268 5104 pradicationis
3302 5032 3379 5088 ad
3420 5031 3662 5088 illibata

2009 5125 2151 5182 fidei
2179 5131 2395 5181 nostra
2426 5123 2771 5180 Christiana
2797 5121 3338 5178 confirmationem.
