4072 6232
482 232 586 288 927
1727 218 1965 274 PHOTII
2006 215 2488 273 PATBIARCHAE
2527 217 2632 272 CP.
2971 277 2976 280 _
3735 227 3809 281 923

489 353 3812 378 MM

881 442 1324 534 PHOTII
1403 432 2320 530 EPISTOLABUM
2381 437 2759 526 LIBER
2831 441 3440 535 TERTIUS.

989 596 1338 652 EPISTOL/E
1377 595 1469 647 AD
1513 591 1915 649 OFFlClALES
1957 588 2199 646 LAICOS
2242 589 2325 643 ET
2356 587 2841 646 MAGISTRATUS
2883 593 3328 651 SA‘ICULARES.

1148 791 1358 846 EPIST.
1403 792 1444 845 Ι.
2163 784 2211 838 Α

2163 784 2211 838 Α
2885 793 3096 842 ΕΙΙΙΣΤ.
3122 789 3202 844 Λ¹.

663 885 890 940 Joanm’
916 882 1268 952 aspathario
1298 887 1352 937 et
1385 877 1765 948 Philoponesi
1792 875 1956 932 duci.

2346 873 2555 947 Ἰωάννη
2591 873 2906 951 ἀσπαθαρίῳ
2931 883 3020 930 καὶ
3058 887 3341 953 στρατηγῷ
3370 877 3746 934 Φιλοπονήσου.

1795 975 2082 1024 Montacut.
2109 973 2213 1035 (ep.
2244 973 2288 1028 5,
2322 987 2375 1035 p.
2407 973 2504 1034 69).

558 1071 821 1128 Adverso
834 1070 1102 1134 ﬂumine,
1125 1067 1288 1141 quod
1311 1066 1631 1140 proverbio
1653 1065 1884 1131 dicitur,
1908 1064 1967 1119 in
1989 1078 2137 1134 pras-

2319 1061 2460 1115 ”Ανω
2503 1071 2769 1134 ποταμῶν,
2807 1065 2836 1122 ἠ
2883 1070 3159 1139 παροιμία,
3215 1064 3298 1118 ἐπὶ
3354 1071 3548 1136 καιροῦ
3613 1063 3671 1114 ἂν
3719 1068 3821 1134 sui:

492 1162 642 1217 senti
684 1161 926 1232 negotia
965 1160 1098 1215 ferri
1153 1159 1464 1213 videntur:
1521 1159 1779 1211 Joannes
1826 1154 1985 1208 enim
2042 1151 2100 1206 ill

2245 1153 2310 1203 τὰ
2365 1154 2651 1224 πράγματα
2681 1172 2698 1189 ο
2754 1152 2996 1216 Ἰωάννης
3048 1156 3072 1206 ὁ
3127 1159 3282 1217 καλός
3343 1174 3395 1207 τε
3476 1158 3568 1205 καὶ
3633 1151 3821 1222 ἀγαθός,

487 1251 798 1323 quondam
825 1249 1106 1305 laudatus
1135 1247 1450 1318 bonusque
1476 1245 1673 1300 subito
1703 1259 1822 1300 non
1851 1249 1936 1299 est
1960 1243 2009 1296 is
2033 1256 2095 1313 ql

2245 1240 2482 1313 ἐξαίφνης
2523 1243 2620 1313 (ἔτι
2649 1245 2750 1316 γὰρ
2800 1243 3118 1316 εὐλαϐοῦμαι
3163 1244 3288 1296 αύτό
3341 1247 3644 1296 τούναντίον
3669 1243 3823 1309 εἰπεῖν)

489 1341 595 1396 fuit
622 1345 757 1395 ante
777 1339 1006 1408 (religio
1027 1337 1186 1393 enim
1210 1336 1353 1391 mihi
1374 1341 1462 1391 est
1488 1335 1685 1390 adhuc
1705 1334 1900 1391 dicere
1926 1336 2097 1404 aliter)

2245 1331 2340 1383 οὐκ
2381 1334 2516 1384 ἔστιν
2547 1333 2758 1407 οἷόσπερ
2814 1329 2895 1399 ἦν,
2929 1330 3043 1386 οὐδ’
3097 1332 3203 1385 οἷον
3262 1333 3419 1386 αὑτὸν
3482 1337 3648 1405 μένειν
3696 1328 3822 1402 5516-

488 1445 608 1486 non
636 1437 726 1484 est
745 1430 848 1502 qui
872 1429 1082 1492 fuerat,
1098 1443 1206 1482 nec
1227 1425 1466 1499 qualem
1486 1441 1727 1481 manere
1749 1442 1883 1480 eum
1911 1426 1968 1480 in
1988 1427 2096 1481 voti

2244 1423 2377 1493 μεθα
2408 1443 2420 1454 ·
2457 1420 2560 1473 ἀλλ’
2617 1420 2836 1474 ἐνταῦθα
2865 1422 3068 1483 ἡλικίας
3116 1422 3292 1488 ἐλθὼν,
3329 1427 3420 1474 καὶ
3473 1426 3603 1494 πρὸς
3643 1417 3826 1491 δυσμὰς

488 1520 634 1575 mihi
665 1524 808 1585 erat,
840 1520 942 1573 sed
976 1534 1110 1572 cum
1143 1517 1256 1571 hac
1287 1520 1456 1570 aetate
1488 1515 1576 1579 sit,
1616 1519 1672 1570 et
1697 1515 1773 1571 ad
1801 1515 1933 1570 vita:
1961 1531 2096 1571 occa

2245 1509 2462 1562 ἐλαύνων
2535 1508 2675 1581 βίον,
2753 1510 3149 1582 μεταϐέϐληται.
3213 1510 3353 1585 Ἐρει
3421 1523 3452 1565 P
3524 1512 3591 1561 τὰ
3649 1507 3821 1560 καλὰς

489 1619 626 1658 sum
666 1603 922 1674 jamjam
961 1604 1265 1669 devergat.
1294 1600 1661 1654 iminutatur.
1701 1599 2002 1654 Deﬂuxere
2044 1615 2097 1654 re

2243 1602 2455 1657 τέθνηκε
2507 1595 2557 1652 δ’
2625 1598 2802 1666 ἀρετὴ,
2854 1606 2942 1652 καὶ
2989 1599 3151 1660 λήθης
3203 1601 3349 1672 τάφῳ
3401 1599 3554 1670 φιλία
3609 1597 3825 1648 sal-Iams-

487 1692 813 1764 praeclarae,
851 1695 1084 1745 mortua
1105 1694 1192 1744 est
1219 1689 1416 1757 virtus,
1442 1687 1759 1742 oblivionis
1785 1687 2010 1742 tumulo
2041 1703 2095 1742 ο(

2245 1706 2364 1740 ται·
2395 1694 2484 1740 καὶ
2511 1687 2651 1760 φίλος
2700 1687 2907 1751 ἐκεῖνος,
2959 1688 3063 1759 ούχ
3119 1690 3267 1748 ὅστις
3311 1688 3365 1750 ἐξ
3403 1689 3528 1740 ὅλου
3581 1687 3710 1757 λέγει
3749 1693 3822 1737 τοῦ

488 1778 1264 1836 cultaturamicitiazamicus
1281 1775 1568 1832 communi
1591 1775 1819 1831 calculo
1836 1782 2096 1832 censetur

2243 1784 2354 1844 νοῦ,
2400 1783 2489 1830 καὶ
2547 1774 2744 1838 ἀδόλως
2796 1775 2889 1830 διὰ
2921 1777 3042 1850 βίου
3087 1781 3225 1849 μένει
3278 1777 3462 1849 φιλῶν,
3513 1776 3651 1827 ἀλλκ⁹
3702 1777 3821 1834 ὅστις

490 1884 611 1924 non
641 1869 733 1923 ille
760 1868 864 1940 qui
892 1868 1053 1940 quod
1076 1867 1337 1938 loquitur
1366 1881 1438 1920 ex
1463 1870 1584 1920 tota
1623 1865 1827 1920 anima
1849 1863 2098 1937 loquitur

2243 1864 2418 1937 ὑφάλῳ
2480 1873 2682 1939 γνώμη,
2741 1870 2876 1918 κατά
2928 1871 3206 1938 πρόσωπον
3254 1869 3343 1937 μεν
3377 1863 3547 1925 ἡδέως
3600 1863 3823 1934 γαληνιών

491 1962 547 2014 et
585 1957 708 2012 sine
740 1957 880 2012 dolo
909 1956 1098 2026 diligit
1126 1972 1230 2026 per
1261 1956 1437 2010 totius
1476 1955 1608 2009 vitae
1639 1969 1904 2019 cursum,
1941 1955 2046 2009 sed
2083 1955 2098 2008 i

2243 1953 2427 2026 ὁμιλεῖ,
2484 1955 2576 2017 ἔξω
2626 1952 2684 2008 δε
2729 1961 2993 2027 γενόμενος
3050 1954 3342 2027 ὀφθαλμῶν,
3385 1973 3662 2028 τρικυμιας
3713 1952 3821 2004 ἁπά-

489 2047 591 2119 qui
620 2046 875 2102 subdola
902 2051 958 2101 et
980 2045 1242 2100 sublesta
1279 2049 1496 2112 mente,
1523 2059 1728 2098 coram
1755 2049 1808 2098 et
1833 2045 1891 2097 in
1919 2043 2097 2098 faciem

1241 2092 1242 2096 η
1279 2049 1496 2112 mente,
1523 2059 1728 2098 coram
1755 2049 1808 2098 et
1833 2045 1891 2097 in
1919 2043 2128 2098 faciem
2248 2063 2340 2104 σας
2358 2042 2542 2118 ἐγείρει
2573 2053 2849 2118 πονηριῶν.

491 2135 889 2207 tranquilliter
919 2139 973 2191 et
993 2133 1263 2206 jucunde
1310 2139 1720 2200 conversatur,
1753 2138 1813 2188 at
1843 2149 1980 2188 cum
2011 2140 2174 2189 extra
2203 2131 2379 2188 fuerit
2406 2133 2720 2190 oculorum
2751 2138 3161 2205 conspectum,
3211 2131 3602 2188 omnimodos
3640 2128 3820 2185 ﬂuctus

491 2225 717 2282 malum
741 2224 1090 2280 intentando
1121 2225 1395 2279 concitat.

1167 2313 1380 2368 EPIST.
1397 2314 1460 2366 ll.

2890 2318 3108 2368 ΕΠΙΣΤ.
3151 2310 3217 2365 Β’.

701 2402 908 2474 Sergio
945 2402 1249 2473 magistro,
1285 2408 1337 2457 et
1379 2400 1586 2456 Dromi
1624 2401 1956 2470 (agat/tem.

2421 2406 2612 2477 Σεργίῳ
2639 2405 2916 2474 μαγίστρῲ
2948 2407 3035 2454 καὶ
3090 2400 3335 2474 λογοθέτη
3364 2409 3457 2454 τοῦ
3505 2402 3711 2471 Δρόμον.

1795 2499 2087 2548 Montacut.
2112 2504 2216 2564 (ep.
2246 2501 2321 2556 to,
2356 2515 2406 2563 p.
2439 2502 2538 2562 73).

564 2594 690 2647 Non
717 2590 962 2662 quidem
994 2594 1202 2646 contra
1231 2605 1362 2656 nos,
1397 2593 1460 2645 ut
1485 2593 1603 2644 tute
1633 2587 1865 2653 scribis,
1895 2589 1998 2644 sed
2031 2604 2138 2660 pro

2321 2589 2396 2642 Ού
2427 2591 2546 2642 καθ’
2599 2591 2762 2662 ἡμῶν,
2815 2591 2987 2662 ὥσπερ
3046 2589 3300 2661 ἔγραψας,
3362 2587 3493 2640 ἀλλὰ
3532 2588 3650 2659 ὑπὲρ
3679 2585 3815 2654 ἡμῶν,

493 2680 672 2736 nobis
685 2679 862 2744 dicta,
887 2678 1388 2752 quasdicebantur
1405 2683 1533 2743 ate,
1555 2684 1829 2749 reputam
1841 2695 1935 2742 us;
1961 2685 2099 2750 atqu

2251 2682 2314 2732 τὰ
2358 2679 2642 2737 λαληθέντα
2693 2699 2775 2730 σοι
2824 2679 3138 2749 λογιζόμεθα
3171 2700 3182 2712 ο
3226 2679 3414 2730 ούκοὺν
3460 2672 3584 2728 οὐδὲ
3624 2677 3816 2743 συγγνὼο

389 2787 396 2792 “
489 2769 630 2825 ideo
649 2769 884 2824 veniam
909 2768 1082 2824 dictis
1106 2767 1472 2840 precarinon
1487 2773 1610 2822 erat
1627 2783 1799 2838 opus.
1817 2767 1872 2823 Si
1894 2768 1992 2838 qui

2249 2789 2372 2841 μην,
2448 2771 2528 2830 οἶς
2584 2768 2854 2834 ἐλάλησας,
2913 2775 3174 2841 προσῆκεν
3251 2767 3434 2820 αἰτεῖν.
3497 2764 3556 2818 Εἰ
3607 2767 3690 2834 μὲν
3735 2763 3813 2831 γὰρ

490 2874 627 2932 quae
644 2857 936 2930 protulisti
950 2873 1085 2913 vera
1100 2856 1736 2925 sunt,commodo,non
1751 2856 2098 2912 incommod

2251 2858 2415 2917 ἀληθῆ
2482 2861 2547 2910 τὰ
2628 2858 2872 2931 ῥηθέντα,
2923 2855 3214 2928 ὠφέλησας,
3275 2856 3382 2907 ἀλλ’
3443 2855 3537 2908 ούκ
3607 2849 3814 2919 ἔϐλαψας,

491 2963 586 3004 me
619 2946 884 3016 aﬂ'ecisti,
917 2948 1063 3003 dum
1096 2945 1406 3018 culparum
1450 2946 1704 3001 instituis
1734 2946 2099 3017 reprehensic

2248 2947 2462 3019 ἔλεγχον
2505 2955 2604 2998 τῶν
2648 2949 3023 3018 ἡμαρτημένων
3062 2947 3439 3017 ποιησάμενος,
3501 2942 3553 3006 ἐξ
3589 2942 3649 2992 ὧν
3702 2939 3815 2991 εἴωθε

491 3053 652 3104 nem,
705 3053 840 3108 quas
890 3037 1038 3092 solet
1093 3051 1414 3108 procurare
1459 3035 1988 3100 emendationem;
2049 3035 2095 3090 si

2251 3033 2532 3111 διόρθωσις
2587 3037 2940 3108 περιγίνεσθαι
2977 3056 2988 3068 -
3031 3031 3174 3087 εἰδὲ
3225 3031 3426 3106 ψευδῆ,
3487 3031 3611 3085 πολύ
3661 3027 3817 3100 μᾶλλον

491 3125 641 3182 falsa
658 3125 993 3198 protuleris,
1018 3125 1210 3194 magis
1233 3124 1474 3197 quidem
1494 3127 1805 3196 magisque
1825 3124 2099 3196 profueris

2205 3125 2538 3198 ἰὼφέλησας,
2593 3127 2759 3197 μάτην
2819 3123 3207 3194 αἰτιασάμενος.
3273 3127 3562 3194 Προσέχειν
3629 3137 3678 3170 τε
3736 3118 3813 3186 γὰρ

494 3231 564 3270 eo
595 3219 760 3288 quod
786 3215 933 3271 falso
964 3214 1297 3286 culpaveris
1325 3231 1339 3282 ;
1365 3231 1454 3269 res
1477 3215 1632 3269 enim
1664 3215 1854 3285 magis
1882 3215 2102 3270 attende

2250 3215 2385 3267 οὕτω
2414 3214 2622 3286 μᾶλλον,
2669 3219 2756 3266 καὶ
2802 3212 3143 3286 περιστέλλειν
3195 3212 3434 3276 ἑαυτοὺς,
3473 3211 3530 3262 ού
3556 3216 3648 3260 τῶν
3685 3207 3813 3276 ἔργων

490 3319 574 3374 re,
603 3310 658 3360 et
686 3306 744 3359 in
769 3305 1159 3376 praecinctura
1184 3309 1337 3358 stare
1359 3318 1469 3358 nos
1497 3302 1680 3358 fecisti
1705 3320 1719 3371 ;
1753 3318 1872 3358 non
1907 3310 2098 3358 tantur

2249 3310 2422 3378 μόνον,
2484 3305 2585 3355 ὅσα
2629 3307 2700 3374 μὴ
2762 3299 2862 3367 δεῖ,
2919 3298 3292 3370 διανέστησαις⁹
3337 3299 3446 3352 ἀλλ’
3507 3295 3650 3351 οὐδὲν
3692 3293 3813 3350 ἧττον

490 3398 553 3447 ut
576 3393 654 3448 ab
671 3393 1039 3464 operibusiis
1061 3393 1476 3447 abstineamus
1500 3408 1635 3462 quas
1655 3393 1924 3460 retulisti,
1949 3392 2054 3447 sed
2080 3411 2098 3447 ι

2253 3389 2493 3445 σπεύδειν
2542 3391 2834 3464 ἀναχωρεῖν
2884 3396 2974 3442 καὶ
3017 3398 3118 3448 τῶν
3169 3393 3240 3461 μὴ
3303 3389 3476 3440 καλῶν
3528 3382 3811 3453 ὑπολήψεων·

492 3485 548 3536 et
577 3497 614 3536 a
642 3481 845 3552 pravis
871 3479 1334 3550 cogitationibus
1364 3479 1720 3550 quantocius
1751 3497 1936 3553 quam
1963 3481 2100 3550 long

2249 3480 2452 3542 Ἀλλως
2502 3500 2556 3533 τε
2587 3477 2665 3544 δε,
2721 3481 2803 3532 ὅτι
2836 3485 2924 3532 καὶ
2973 3474 3400 3550 μισθαποδοσίαι
3441 3484 3551 3538 τοῖς
3600 3473 3676 3525 ἐπὶ
3712 3470 3809 3540 ψεύ-

491 3569 883 3634 recedamus;
911 3584 980 3624 eo
1003 3567 1169 3639 quod
1192 3568 1500 3623 retributio
1523 3585 1556 3623 a
1583 3569 1746 3624 caelis
1772 3571 2033 3640 reposita
2055 3587 2099 3624 es

2252 3569 2371 3625 δεσι
2420 3572 2566 3645 ῥῆμα
2617 3572 2839 3642 πονηρὸν
2910 3570 3299 3640 ὑφισταμένοις,
3351 3567 3542 3619 ἐκεῖθεν
3615 3562 3811 3614 ἀπόκεινο

490 3657 583 3725 iis,
610 3658 711 3730 qui
733 3673 868 3712 cum
893 3657 1198 3729 proposito
1227 3658 1549 3712 mentiendi
1581 3658 1761 3714 verba
1789 3659 1977 3730 impia
2006 3676 2098 3730 ρι’(

2249 3681 2357 3716 ται.
2417 3663 2617 3717 Μηκέτι
2689 3659 2777 3711 οὖν
2839 3660 3152 3732 ὲπερυθριῶν
3204 3664 3310 3718 τοῖς
3387 3676 3477 3710 σοι
3556 3651 3810 3708 λαληθείσιν

491 3746 698 3802 tulere.
743 3745 865 3802 Noli
910 3746 1086 3817 igitur
1121 3745 1195 3800 de
1246 3745 1417 3801 dictis
1466 3747 1852 3814 erubescere;
1906 3754 2099 3804 tantur

2250 3747 2582 3803 ἐπιδείκνυσο
2616 3768 2628 3782 ·
2706 3749 2858 3819 ἡμεῖς
2911 3750 3012 3822 γὰρ
3089 3754 3335 3799 τοσοῦτον
3409 3745 3662 3817 ἀπέχομεν
3719 3739 3807 3809 περὶ

492 3833 662 3890 abest
686 3840 748 3890 ut
777 3839 830 3891 te
860 3851 970 3891 nos
995 3835 1075 3890 ob
1102 3835 1200 3891 illa
1227 3835 1592 3904 incusemus,
1622 3842 1685 3894 ut
1713 3839 1890 3894 etiam
1919 3839 2100 3910 script

2249 3843 2440 3893 τούτων
2499 3836 2776 3902 ἐπικαλεῖν,
2829 3838 2959 3889 ὥστε
3041 3855 3126 3888 σοι
3178 3841 3268 3888 καὶ
3341 3837 3507 3908 χάριν
3585 3828 3809 3903 ὁμολογεῖν

490 3925 872 3996 consignatas
895 3925 1231 3981 habeamus
1254 3926 1497 3993 gratias.

1436 3944 1497 3981 .s.
2251 3928 2523 4004 ἐγγράφως
2547 3924 2654 3985 ἤδη
2685 3928 3044 3998 συντιθέμεθα.

1132 4015 1340 4070 EI‘IST.
1384 4017 1474 4070 lll.

2895 4021 3106 4068 ΕΠΙΣΤ.
3143 4013 3211 4068 Γ’.

773 4103 1006 4160 Basilio
1031 4104 1291 4172 patricio
1325 4103 1488 4159 urbis
1521 4105 1825 4175 prce/lecto.

2466 4104 2716 4177 Βασιλειῳ
2756 4109 3016 4179 πατρικίῳ
3045 4109 3135 4157 καὶ
3176 4102 3391 4176 ἐπάρχῳ
3423 4101 3625 4162 πόλεως.

1792 4205 2090 4256 Montacut.
2116 4210 2221 4270 (ep.
2245 4206 2321 4264 13,
2354 4218 2404 4266 p.
2437 4205 2535 4266 74).

569 4288 828 4346 Difﬂuxit
856 4290 1062 4356 virtus,
1096 4289 1241 4346 abiit
1271 4291 1402 4361 ejus
1434 4293 1642 4362 gratia,
1679 4294 1907 4351 obtinet
1935 4295 2142 4368 impie-

2196 4298 2216 4350 )
2317 4293 2498 4368 ’Ἑρῥει
2529 4295 2595 4346 τὰ
2637 4291 2790 4356 καλὰ,
2841 4297 2931 4345 καὶ
2973 4299 3069 4353 τῆς
3112 4290 3294 4364 ἀρετῆς
3324 4291 3354 4349 ἡ
3417 4291 3578 4362 χάρις
3619 4287 3804 4356 οἴχεται.

493 4383 604 4445 tas,
639 4385 695 4435 et
729 4378 1110 4435 mendacium
1141 4379 1250 4434 alis
1277 4380 1710 4452 pullulautibus
1735 4385 1965 4451 crescit,
1997 4401 2101 4440 ver

2247 4388 2408 4436 κακία
2456 4379 2515 4435 δε
2549 4381 2869 4434 πολιτεύεται
2898 4402 2911 4415 ο
2944 4385 3032 4434 καὶ
3061 4384 3117 4433 τὸ
3149 4384 3238 4451 μὲν
3265 4375 3459 4451 ψεῦδος
3485 4379 3762 4450 napo?sz
3787 4406 3797 4431 ι

491 4469 632 4525 tatis
652 4468 761 4524 alae
779 4467 1075 4538 ﬂoresque
1092 4466 1396 4523 decidunt.
1420 4468 1584 4524 Unde
1601 4476 1797 4526 autem
1821 4471 1950 4528 haec
1977 4473 2099 4530 inv:

2248 4471 2545 4546 φυλλοϐολεῖ
2609 4467 2667 4524 δὲ
2735 4474 2801 4523 τὰ
2854 4474 3019 4544 πτέρα
3069 4471 3100 4529 ἡ
3173 4468 3408 4528 ἀλήθεια.
3464 4470 3614 4521 Πόθεν
3659 4456 3733 4514 οὖν
3781 4455 3802 4511 ἦ

489 4558 598 4614 luit
642 4558 938 4613 malorum
977 4557 1109 4612 Ilias
1133 4558 1162 4612 ‘I
1209 4557 1500 4613 Nimirum
1545 4559 1712 4615 aiunt
1744 4561 1910 4632 quod
1953 4567 2014 4617 tu
2058 4564 2097 4618 si

2248 4563 2478 4618 τοσαύτη
2509 4568 2607 4612 τῶν
2665 4567 2837 4612 κακῶν
2883 4559 3040 4620 Ἰλίας
3069 4575 3082 4624 ;
3113 4557 3235 4610 Ὀτι
3267 4561 3331 4610 σὺ
3370 4561 3462 4630 μὲν
3492 4574 3507 4625 ;
3553 4557 3612 4613 ὥς
3662 4565 3802 4621 φασιν,

491 4663 632 4703 cum
667 4646 940 4720 imperio,
974 4651 1030 4702 et
1059 4646 1161 4719 qui
1193 4646 1379 4702 multo
1417 4647 1720 4717 digniores
1763 4655 1901 4706 sunt
1932 4658 1992 4706 ut
2033 4652 2099 4707 tit

2247 4653 2437 4725 ἄρχεις
2467 4669 2481 4683 ο
2537 4652 2584 4701 οἱ
2636 4646 2695 4702 δέ
2749 4668 2843 4701 σου
2899 4648 3026 4700 πολύ
3075 4653 3354 4722 κρείσσους
3382 4648 3586 4719 ἄρχειν,
3635 4643 3708 4694 τὸν
3736 4637 3802 4687 σὸν

495 4735 810 4808 imperent,
843 4742 1015 4794 tuum
1045 4736 1295 4792 tolerare
1325 4741 1382 4790 et
1410 4737 1639 4793 trahere
1667 4739 1886 4810 jugum
1916 4756 2103 4811 cogan

2249 4740 2416 4815 βαρὺν
2467 4741 2625 4792 ἕλκειν
2689 4740 2847 4810 ζυγὸν
2905 4737 3291 4809 ἀναγκάζονται
3321 4758 3332 4770 ·
3376 4741 3465 4788 καὶ
3495 4736 3666 4808 μετρία
3709 4725 3801 4778 τοῦ-

493 4825 609 4877 tur.
642 4826 937 4883 Moderata
968 4830 1123 4882 certe
1151 4825 1380 4881 videtur
1409 4825 1763 4898 improbitas
1794 4844 1929 4900 quas
1955 4829 2101 4884 vita:

2245 4849 2354 4892 τοις
2412 4831 2667 4890 κάκωσις.
2725 4829 2754 4886 ἡ
2807 4832 2878 4899 μὴ
2932 4833 3108 4879 πᾶσαν
3159 4827 3326 4878 αὐτῶν
3378 4830 3474 4883 τὴν
3524 4825 3648 4884 ζωὴν
3692 4831 3801 4886 περι-

493 4911 646 4981 ipsis
677 4915 913 4985 penitus
943 4932 1065 4971 non
1105 4915 1462 4982 absciderit;
1503 4916 1618 4971 hoc
1656 4922 1744 4972 est
1777 4898 1942 4990 quod
1981 4918 2101 4975 fure

2247 4924 2518 4972 κόπτουσα
2557 4937 2568 4950 ·
2633 4922 2785 4968 τοῦτό
2844 4915 2985 4968 ἐστιν
3047 4918 3072 4968 ὁ
3131 4914 3179 4967 ἐν
3223 4915 3368 4967 πόλει
3421 4913 3631 4986 λῃστὴς,
3676 4908 3748 4956 καὶ
3779 4917 3797 4948 ο

495 5000 723 5072 passim
764 5008 818 5058 et
847 5003 1154 5061 carniﬁces
1193 5019 1299 5076 per
1337 5005 1547 5061 urbem
1579 5010 1822 5062 scatent.
1861 5009 1990 5064 Haec
2029 5024 2103 5079 eg

2246 5004 2526 5080 πάνδημος
2581 5003 2792 5078 δήμοις.
2849 5007 2987 5077 Ἐγὼ
3045 5008 3133 5075 μὲν
3211 5004 3269 5056 ού
3321 5004 3450 5075 λέγω
3517 5007 3667 5054 ταῦτα
3711 4990 3798 5060 περὶ

497 5087 572 5144 de
601 5092 657 5143 te
681 5089 874 5146 nullus
905 5094 1203 5163 praedico;
1233 5095 1280 5150 is
1303 5101 1500 5151 autem
1532 5095 1710 5168 quiin
1735 5098 2013 5168 praesenti
2041 5114 2105 5171 pa

2251 5106 2346 5151 σοῦ
2372 5119 2384 5130 ·
2437 5096 2546 5148 ἀλλ’
2607 5097 2819 5148 ὀποιῶν
2879 5097 2944 5147 τὰ
2999 5099 3109 5146 νυνὶ
3155 5096 3300 5165 πάσῃ
3357 5093 3567 5164 γλώσσῃ
3597 5089 3674 5138 καὶ
3699 5081 3793 5146 ἁκοῇ

495 5181 615 5235 trat
643 5194 714 5234 ea
739 5194 876 5251 quae
902 5196 1005 5251 per
1029 5184 1300 5238 omnium
1333 5199 1436 5240 ora
1461 5190 1518 5240 et
1543 5201 1718 5242 aures
1745 5186 2103 5244 celebrantui

2249 5189 2395 5260 πάσῃ
2446 5183 2819 5260 περιᾳδόμενα,
2879 5183 3068 5244 ἐκεῖνός
3119 5181 3231 5235 ἔστι
3276 5182 3396 5251 (κᾶν
3450 5182 3548 5253 ἐγὼ
3574 5175 3799 5230 σιωπήσω·

493 5268 624 5342 ipse
677 5272 764 5324 est
807 5268 910 5340 qui
962 5268 1119 5341 (licet
1176 5287 1288 5341 ego
1339 5273 1761 5350 conticescam)
1804 5276 2101 5334 istiusmoc

2250 5277 2366 5351 μαι)
2400 5278 2425 5329 ὁ
2482 5278 2675 5329 τούτων
2743 5282 2842 5327 τῶν
2884 5273 3147 5346 ὀνομάτων
3197 5271 3367 5334 ἄξιος.
3421 5274 3486 5323 Σύ
3541 5264 3610 5331 δὴ,
3655 5260 3691 5314 εί
3731 5257 3797 5351 μή

501 5357 689 5417 titulis
722 5357 944 5428 dignus
981 5363 1088 5414 est.
1114 5361 1198 5414 Tu
1227 5377 1426 5432 porro,
1459 5363 1509 5418 si
1540 5365 1706 5437 quod
1734 5345 2015 5432 referunt,
2043 5365 2105 5422 ill

2250 5345 2499 5439 πράττεις
2551 5365 2585 5416 ἆ
2634 5383 2810 5438 φασιν,
2866 5345 3096 5435 μίσησον
3145 5359 3336 5433 μᾶλλον
3369 5364 3463 5418 τὴν
3510 5352 3692 5439 πρᾶξιντ
3731 5345 3798 5395 καὶ

497 5449 648 5521 agis,
675 5447 816 5505 odio
835 5446 1028 5520 potius
1043 5446 1264 5505 habeto
1286 5436 1581 5509 actionem
1602 5453 1818 5526 ipsam,
1842 5457 1917 5512 de
1937 5471 2105 5528 perpe

2253 5463 2360 5516 τοῖς
2424 5457 2799 5528 πραττομένοις
2873 5451 3220 5524 αἰσχύνθητι,
3275 5449 3306 5510 ἣ
3369 5455 3479 5511 τοῖς
3539 5436 3795 5514 ὀνομάζονσί

1839 5553 2078 5612 VARUE
2118 5554 2513 5613 LECTIONES.

571 5633 601 5677 P
628 5622 710 5680 ἵσ.
751 5618 906 5699 ἔρῥεί.
982 5629 1013 5674 q
1039 5621 1118 5673 ἶσ.
1144 5627 1435 5696 πτερορυεῖ.
