4072 6232
511 236 609 292 931

1737 229 1973 286 ΡΗΟΤΙΙ
2013 230 2156 285 ΡΑΤη

2264 229 2500 286 ιΡιΟΗιλΕ
2539 229 2644 288 CP.
3754 236 3834 290 932

511 382 621 424 nec
655 363 799 420 mihi
833 364 989 418 certe
1019 357 1397 416 tolerandum
1429 356 1660 413 videtur
1701 355 1778 411 ab
1817 354 2156 426 hujusmodi

2279 375 2363 416 νος
2405 355 2752 427 συκοφάντης,
2797 353 2987 417 ἐκεῖνος
3034 358 3203 410 πάντα
3255 360 3430 424 κακὸς,
3479 359 3508 411 ό
3557 357 3833 418 τηλικαύτην

512 455 850 528 suspicione
884 466 977 506 me
1005 448 1275 520 expedire
1305 464 1316 501 :
1351 462 1555 502 verum
1583 445 1678 500 ille
1707 445 1912 510 hostis,
1946 444 2038 500 ille
2069 461 2166 515 sy-

508 547 810 618 cophanta
839 539 1164 608 omnigena
1182 537 1404 592 malitia
1432 535 1687 607 repletus
1711 539 1817 600 est,
1843 534 1944 606 qui
1965 533 2163 600 talem,

507 641 734 694 tantam
755 628 1256 687 machinationem
1276 626 1574 689 instruxit,
1592 631 1651 680 ut
1686 631 1738 680 te
1755 625 1992 696 penitus
2033 639 2168 696 spo-

511 728 716 784 liatum
748 721 954 777 amicis
984 717 1275 780 redderet,
1303 720 1362 770 et
1389 731 1499 770 nos
1529 721 1654 770 tum
1687 714 1863 769 etiam
1896 715 1955 769 in
1983 713 2163 769 male-

511 815 762 870 ficorum
776 814 1034 865 extrema
1045 806 1284 875 regione
1299 804 1492 858 locare
1510 802 1855 867 destinarat,
1881 801 2165 857 nimirum

513 910 575 960 ut
621 898 980 975 principium
1023 910 1144 950 non
1187 892 1474 948 violenter
1513 907 1806 946 manuum
1843 891 2161 956 illatarum,

513 994 614 1050 sed
643 988 900 1061 improbi
922 983 1126 1049 animi,
1151 998 1185 1037 a
1210 982 1384 1037 nobis
1407 981 1754 1052 procederet
1777 981 1958 1051 (unde
1979 980 2165 1036 multo

510 1083 804 1152 majorum
839 1075 1135 1132 malorum
1166 1073 1333 1140 origo
1363 1087 1548 1142 quam
1581 1086 1616 1124 a
1647 1070 1924 1125 manibus
1956 1085 2166 1140 proce-

511 1172 660 1226 dunt
697 1167 1012 1235 violentis),
1065 1169 1127 1219 ut
1179 1177 1287 1233 pro
1342 1159 1653 1214 dilectione
1710 1158 1917 1213 odium
1967 1160 2167 1229 potius

509 1264 1009 1332 exspectaremus,
1039 1257 1091 1306 et
1109 1249 1280 1305 dolos
1299 1247 1592 1319 refugium
1615 1247 1861 1303 nobisin
1881 1248 2164 1304 omnibus

512 1355 929 1406 statueremus.
966 1340 1175 1396 Omnia
1204 1338 1262 1392 in
1291 1353 1400 1392 nos
1426 1352 1530 1408 per
1559 1337 1672 1392 hoc
1697 1336 1894 1408 ipsum
1919 1337 2160 1407 ingerit;

508 1438 850 1496 coincidunt
874 1431 1090 1488 etenim
1119 1430 1177 1483 in
1211 1445 1271 1484 se
1303 1429 1435 1497 ista,
1460 1443 1598 1481 cum
1625 1426 1849 1482 malum
1875 1442 1985 1481 nos
2013 1427 2166 1482 ami-

509 1531 591 1585 cis
631 1523 962 1582 machinari
1002 1520 1223 1583 statuit,
1267 1522 1322 1572 et
1361 1523 1559 1572 tamen
1598 1515 1725 1571 haac
1765 1515 1895 1587 ipsa
1936 1515 2164 1572 effutire

510 1634 631 1674 non
667 1614 892 1671 horruit
915 1610 1077 1683 apud
1105 1625 1208 1664 eos
1239 1606 1461 1679 quibus
1507 1606 1732 1676 optime
1759 1605 1938 1659 nostri
1966 1621 2162 1660 mores

507 1707 632 1764 noti
672 1708 860 1768 erant,
909 1710 1209 1768 utcunque
1250 1696 1323 1750 de
1354 1693 1604 1749 ridiculo
1634 1693 1988 1748 habebatur.
2023 1695 2163 1760 Quis
2195 1719 2239 1777 B

507 1797 995 1861 demumcunque
1043 1786 1234 1850 fuerit,
1285 1782 1672 1838 manifestum
1721 1781 1886 1837 illum
1926 1782 2102 1839 facito
2146 1800 2159 1838 :

508 1885 592 1940 sic
623 1889 774 1939 certe
803 1887 856 1936 te
888 1896 923 1934 a
954 1876 1113 1932 mala
1143 1873 1334 1930 bestia
1359 1870 1729 1943 expediveris
1754 1887 1888 1943 qua;
1921 1871 2164 1927 clancu-

506 1974 633 2030 lum
675 1987 811 2026 cum
853 1967 1105 2038 teipsum
1148 1971 1270 2019 tum
1305 1961 1484 2016 etiam
1513 1960 1740 2015 amicos
1781 1959 2162 2031 depraedatur

506 2068 565 2118 et
593 2058 927 2118 admordet,
968 2059 1022 2109 et
1049 2054 1159 2108 sub
1190 2057 1478 2124 praetextu
1507 2048 1928 2104 benevolentia
1961 2047 2162 2103 multi-

506 2153 688 2224 plices
719 2145 1048 2204 instimulat
1076 2140 1435 2197 inimicitias.
1472 2139 1568 2194 Sin
1597 2138 1932 2193 abscondes
1967 2136 2156 2204 illum,

506 2257 614 2313 ego
635 2245 924 2309 tanquam
944 2234 1002 2288 in
1021 2234 1343 2301 conspectu
1369 2228 1486 2292 Dei,
1512 2225 1854 2297 apologiam
1882 2226 2039 2291 dedi,
2065 2241 2158 2280 me

506 2329 743 2387 credere
795 2325 1040 2398 quidem
1095 2328 1150 2376 et
1190 2318 1452 2391 proﬁteri
1493 2317 1753 2372 amicum
1795 2321 1848 2371 te
1886 2322 2158 2372 nostrum

506 2421 645 2484 Deo,
674 2423 729 2472 et
755 2412 1040 2488 piissimis
1066 2407 1530 2481 imperatoribus
1558 2406 1864 2468 devotum,
1897 2421 2018 2460 non
2049 2405 2161 2460 mi-

503 2525 620 2564 nus
651 2507 710 2560 in
749 2501 1025 2576 praesenti
1065 2514 1249 2571 quam
1282 2497 1360 2552 ab
1399 2495 1558 2551 olim.
1602 2494 1918 2566 Improbus
1957 2500 2158 2550 autem

503 2597 599 2652 ille
621 2596 805 2651 homo
832 2591 992 2646 haud
1015 2587 1302 2660 quadam,
1338 2584 1480 2639 mihi
1512 2583 1706 2650 crede,
1737 2583 1960 2638 malitia
1985 2583 2161 2638 desti-

2276 445 2484 506 πλάσας
2525 449 2798 515 συσκευήν,
2832 450 2921 497 καὶ
2956 465 3012 498 σε
3046 446 3204 518 φίλων
3233 453 3321 499 καὶ
3371 455 3470 500 τῶν
3511 450 3596 500 ὅτι
3643 448 3838 520 μάλιστα

2280 531 2587 594 σπουδάσας
2639 537 2827 608 ἔρημον
2883 543 3072 603 πονεῖν,
3105 541 3195 588 καὶ
3241 538 3372 608 ἡμᾶς
3409 538 3480 599 εἰς
3526 541 3612 589 τὸν
3648 541 3838 609 ἔσχατον

2275 632 2374 674 τῶν
2457 632 2757 694 κακουργῶν
2837 629 3020 696 χώραν
3096 628 3298 677 τάττειν
3377 625 3592 692 οἰηθεὶς,
3686 628 3841 698 ἄρχειν

2277 709 2494 778 ἀδίκων,
2529 712 2586 764 ού
2646 722 2857 783 χειρῶν,
2922 711 3049 765 ἀλλὰ
3087 720 3298 786 γνώμης
3351 715 3398 785 (ὁ
3445 715 3686 768 πλειόνων
3725 717 3842 768 αἰτία

2274 810 2463 867 κακῶν,
2515 803 2545 861 ἦ
2596 807 2783 876 χερσὶν
2809 801 3084 876 ὑϐρίζειν),
3130 811 3283 875 μῖσος
3337 801 3395 857 δε
3424 807 3526 876 πρὸ
3556 813 3643 864 τῆς
3673 805 3843 876 ἀγάπης

2274 897 2448 962 τιμᾷν,
2499 895 2588 942 καὶ
2643 893 2729 942 τόν
2785 888 2938 944 δόλον
3002 895 3142 963 ἔχειν
3223 893 3290 954 εἰς
3370 892 3646 965 ἀποφυγήν
3679 915 3691 926 ο
3755 893 3844 963 ἅμα

2273 981 2442 1032 πάντα
2491 983 2652 1052 φέρων
2709 980 2825 1032 καθ’
2877 982 3024 1053 ήμῶν
3073 984 3373 1057 (συντρέχει
3418 987 3523 1054 γὰρ
3585 990 3740 1034 ταῦτα
3787 983 3844 1042 εἰς

2273 1069 2400 1121 αύτό
2435 1078 2506 1139 τῷ
2548 1073 2706 1120 κακόν
2752 1088 2804 1121 τι
2851 1077 2958 1131 τοῖς
3008 1070 3168 1142 φίλοις
3220 1072 3402 1124 ἐθέλειν
3444 1079 3633 1137 ποιεῖν,
3664 1069 3698 1122 ἃ
3735 1071 3844 1141 λέγει

2274 1156 2504 1229 ἐκεῖνος),

2274 1244 2466 1312 εἰδόσι,
2508 1250 2708 1299 καὶτὸν
2756 1249 3001 1322 ἡμέτερον
3034 1254 3244 1323 τρόπον,
3297 1252 3430 1321 ὅμως
3477 1249 3574 1302 οὐκ
3628 1248 3844 1320 ὲνάρκτσε

2274 1336 2484 1409 τολμᾷν,
2531 1336 2696 1394 Δήλου
2775 1345 2952 1390 τοῦτον
3023 1340 3171 1400 ὅστις
3217 1338 3277 1389 ἂν
3411 1352 3473 1389 ι’.

2272 1429 2374 1499 γὰρ
2414 1425 2473 1477 ἆν
2521 1427 2655 1478 ούτω
2709 1428 2896 1498 θηρίου
2941 1436 3125 1493 κακοῦ,
3165 1433 3256 1480 καὶ⁵
3302 1431 3357 1480 σε
3400 1433 3491 1480 καὶ
3539 1431 3660 1488 τοὺς
3697 1428 3845 1499 φίλους

2580 1163 2668 1209 καὶ
2751 1177 2833 1210 τοι
2905 1159 3105 1230 γέλωτα
3162 1159 3504 1232 ὀφλισκάνων,
3575 1167 3679 1220 τοῖς
3731 1163 3846 1230 ἡμᾶς

3527 1337 3843 1408 ἀπαλλαγείης

2272 1515 2440 1587 λάθρα
2494 1515 2867 1587 λυμαινομένου
2941 1520 3031 1567 καὶ
3105 1513 3399 1583 δάκνοντος,
3451 1523 3542 1569 καὶ
3598 1516 3644 1568 ἐν
3702 1535 3843 1590 προσ-

2273 1609 2486 1662 ποιήσει
2544 1604 2742 1666 εὐνοίας
2810 1603 3000 1662 πολλὴν
3081 1604 3402 1666 ἐκκενοῦντας
3438 1617 3463 1647 ι
3499 1611 3594 1663 τήν
3673 1602 3846 1678 δυσμέ-

2272 1713 2428 1748 νειαν.
2480 1694 2538 1745 Εἰ
2609 1690 2667 1746 δε
2735 1693 2951 1766 κρύψεις
3025 1703 3226 1762 τοῦτον,
3283 1697 3431 1766 ἡμεῖς
3481 1699 3594 1767 μὲν,
3658 1698 3724 1757 ὡς
3775 1695 3842 1747 ἐπὶ

2276 1788 2492 1856 Κυρίου,
2567 1781 3007 1854 ἀπολελογήμεθα,
3089 1788 3179 1836 καὶ
3255 1784 3395 1856 φίλον
3461 1803 3520 1836 σε
3576 1789 3663 1836 καὶ
3738 1788 3844 1839 Θεοῦ

2273 1873 2440 1944 ήμῶν,
2493 1877 2582 1925 καὶ
2654 1880 2752 1923 τῶν
2807 1871 3187 1926 εὐσεϐεστάτων
3258 1871 3516 1946 βασιλέων
3593 1874 3743 1926 πάλαι
3799 1893 3844 1925 τε

2270 1967 2359 2014 καὶ
2431 1969 2538 2027 νῦν,
2591 1967 2681 2013 καὶ
2754 1965 3086 2034 πιστεύομεν,
3145 1968 3234 2014 καὶ
3294 1965 3650 2036 κηρύσσομεν.
3698 1961 3749 2014 Ὀ
3796 1958 3842 2014 δε

2269 2053 2429 2113 κακὸς
2477 2049 2663 2112 ἐκεῖνος
2708 2049 2858 2122 ἀνὴρ,
2906 2049 2958 2103 εὖ
3017 2053 3149 2116 ἴσθι,
3213 2054 3282 2111 ὡς
3324 2053 3419 2103 οὐκ
3470 2050 3721 2124 ἀπορήσει
3769 2072 3842 2102 κα-

2269 2145 2405 2204 κίας,
2455 2136 2526 2191 δι’
2567 2140 2634 2190 ὧν
2687 2141 2754 2190 τὰ
2803 2143 2870 2191 σὰ
2921 2145 3086 2213 χείρω
3117 2141 3386 2198 διαθήσει.
3413 2140 3549 2212 Ἐγώ
3592 2136 3650 2192 δέ
3681 2159 3754 2192 σοι
3781 2141 3842 2191 ἔτι

2271 2227 2722 2300 συμϐουλεύσαιμι
2775 2227 2833 2279 ἂν
2881 2233 2952 2299 μή
3007 2232 3252 2300 κρύπτειν
3283 2232 3368 2281 τόν
3421 2233 3592 2281 κοινὸν
3631 2228 3836 2302 ἐχθρόν·

2268 2323 2358 2369 καὶ
2408 2318 2451 2369 εἰ
2480 2321 2569 2388 μεν
2612 2316 2869 2385 ἀπιστεῖς,
2907 2318 2972 2368 ὧν
3013 2318 3237 2389 ἔγραψα,
3273 2313 3325 2369 εὖ
3354 2315 3459 2370 οἶδ’
3501 2322 3578 2370 ὅτι
3607 2319 3800 2390 κρύψεις
3826 2339 3836 2350 ·

2270 2406 2410 2478 φίλον
2463 2409 2562 2480 γὰρ
2621 2411 2851 2478 νομὶσεις
2894 2423 2906 2435 ·
2950 2405 3038 2478 ἐμὲ
3065 2403 3123 2458 δε
3160 2409 3338 2481 μακρὰ
3366 2407 3540 2480 ληρεῖν
3579 2411 3666 2458 καὶ
3711 2406 3839 2478 φλυα-

2268 2503 2372 2568 ρεῖν
2428 2497 2618 2566 μάτην.
2677 2495 2736 2548 Εἰ
2797 2491 2856 2547 δὲ
2912 2493 3297 2567 θριαμϐεύσας,

2271 2587 2499 2655 εὔχομαί
2528 2603 2600 2648 τε,
2635 2589 2724 2636 καὶ
2756 2582 2942 2656 ἀμφοῖν
2980 2584 3333 2642 λυσιτελήσει.

3377 2494 3690 2557 ἐπίστευσας
3738 2498 3836 2567 ὅπερ

503 2690 719 2749 tuetur,
760 2696 882 2753 qua
919 2694 1012 2734 res
1053 2683 1182 2732 tuas
1221 2673 1485 2746 pessimo
1526 2673 1659 2726 loco
1699 2676 1935 2727 statuat.
1975 2672 2360 2728 Consulerem
2403 2689 2514 2743 ego
2554 2673 2657 2728 tibi
2696 2679 2873 2736 certe,
2925 2688 2998 2727 ne
3048 2673 3193 2728 velis
3251 2689 3644 2730 communem
3696 2673 3835 2728 illum

505 2775 739 2830 hostem
770 2767 1088 2826 occultare.
1114 2766 1276 2821 Certe
1302 2767 1502 2817 autem
1542 2761 1587 2814 si
1620 2759 1857 2815 difﬁdas
1889 2761 1958 2815 iis
1989 2777 2122 2832 quae
2162 2761 2323 2817 dicta
2363 2767 2501 2817 sunt
2541 2777 2645 2832 per
2689 2776 2804 2827 me,
2848 2761 2972 2816 scio
3015 2768 3066 2816 te
3106 2760 3271 2816 illum
3312 2763 3762 2830 occultaturum,
3795 2766 3840 2816 et

503 2864 564 2920 in
592 2860 768 2918 amici
795 2873 980 2914 censu
1006 2854 1346 2910 habiturum
1377 2869 1388 2918 ;
1421 2866 1633 2920 passus
1656 2849 1889 2904 interim
1908 2865 2001 2903 me
2025 2848 2240 2918 longas
2272 2851 2522 2922 ineptias
2553 2866 2728 2920 agere
2754 2854 2809 2904 et
2834 2849 3102 2921 desipere
3130 2849 3352 2906 frustra
3384 2867 3397 2906 :
3429 2851 3526 2906 sin
3558 2850 3834 2924 propalam

502 2951 730 3018 feceris,
760 2945 1058 3004 credidisti
1079 2941 1226 2999 mihi
1256 2959 1269 3008 ;
1294 2939 1450 3012 quod
1479 2940 1538 2994 in
1563 2937 1733 2993 vobis
1764 2942 1872 3002 est,
1907 2938 2141 3010 utrique
2173 2944 2326 2994 certe
2354 2945 2624 2994 nostrum
2655 2937 3117 2995 conducturum.

1141 3029 1358 3087 EPIST.
1398 3029 1518 3083 Vll.

871 3121 1251 3182 Pantoleonti
1285 3117 1792 3191 protospathario.

2922 3033 3131 3082 ΕΠΙΣΤ.
3165 3027 3218 3080 Z'

2651 3115 2981 3169 Πανταλέοντι
3005 3119 3484 3191 πρωτοσπαθαρίῳ.

1805 3241 2096 3291 Montacut.
2129 3245 2230 3303 (ep.
2264 3241 2340 3298 ξε,
2371 3255 2423 3305 p.
2459 3241 2556 3299 83).

575 3371 686 3438 Qui
711 3367 906 3438 vergis
937 3364 1015 3421 ad
1044 3377 1330 3419 occasum
1354 3359 1487 3414 vita;
1526 3362 1664 3422 tuae,
1699 3356 1982 3429 propellis
2013 3361 2066 3412 te
2095 3357 2155 3412 in
2188 3358 2228 3414 C

500 3461 739 3516 illorum
771 3455 1091 3512 insolentes
1123 3450 1406 3506 audacias
1435 3448 1656 3518 quibus
1687 3447 1931 3514 sanguis
1963 3445 2151 3501 bullit.

503 3549 655 3614 Quin
685 3544 850 3618 quod
880 3542 1073 3595 verius
1101 3545 1187 3593 est
1216 3543 1280 3592 ut
1308 3536 1634 3608 proferam,
1674 3535 1970 3590 latronum
2012 3533 2153 3588 faci-

499 3653 651 3692 nora
704 3638 766 3688 ut
810 3630 1035 3686 leviora
1087 3627 1420 3682 habeantur
1459 3630 1729 3694 praastas.
1770 3622 1944 3678 Totos
1991 3625 2152 3678 enim

497 3726 649 3793 dies,
671 3727 873 3779 noctes
901 3720 1186 3788 integras,
1205 3716 1261 3770 in
1281 3712 1579 3770 caedendis
1601 3711 1947 3768 hominibus
1966 3717 2150 3768 trans-

497 3814 680 3871 mittis
710 3829 723 3880 ;
755 3827 864 3867 nec
885 3808 980 3863 vel
1007 3805 1304 3863 tantillum
1326 3803 1612 3874 temporis
1636 3802 1853 3856 omittis
1875 3801 2149 3872 improbe

490 3901 730 3975 gloriari
770 3901 844 3956 de
884 3897 1122 3953 illorum
1163 3894 1350 3966 pcenis
1389 3907 1540 3964 quos
1580 3891 1920 3964 puniendos
1963 3896 2144 3946 tenes.

484 3993 746 4050 Phalaris
759 3990 907 4046 forte
922 3985 1270 4059 aliquis,aut
1285 3982 1731 4054 Dionysius,aut
1745 3980 1791 4034 si
1808 3981 1910 4052 qui
1925 3980 2003 4035 ob
2017 3995 2145 4034 cru-

483 4083 786 4139 delitatem
826 4077 1151 4134 barbaram
1192 4071 1481 4128 celebrius
1523 4085 1740 4125 nomen
1780 4068 2024 4133 habent,
2081 4068 2141 4123 in

483 4178 786 4228 certamen
817 4166 1056 4240 prodire
1087 4161 1461 4218 ambitiosius
1491 4164 1703 4215 tentas.
1737 4157 1851 4212 Nec
1886 4156 1990 4212 tibi
2024 4156 2144 4214 vita

480 4260 680 4318 vitalis
718 4257 992 4324 habetur,
1035 4253 1081 4307 si
1123 4256 1175 4306 te
1214 4249 1508 4321 aequalem
1548 4247 1660 4303 illis
1700 4253 1966 4319 praestes,
2024 4245 2144 4301 nisi

482 4348 686 4405 multis
715 4343 972 4402 excedas
1008 4337 1381 4413 parasangis.
1417 4339 1517 4392 Ast
1547 4340 1702 4390 certe
1734 4351 1872 4389 cum
1906 4335 2049 4390 viris
2081 4335 2142 4390 in

481 4445 783 4494 certamen
816 4428 1126 4488 descendit
1155 4443 1322 4500 puer.
1355 4429 1503 4482 Nam
1535 4426 1661 4480 sine
1691 4423 1803 4479 illis
1835 4441 1970 4494 quae
2015 4439 2142 4479 ma-

482 4527 698 4598 gniﬁce
730 4520 996 4594 alioquin
1045 4517 1405 4588 gerebantur
1437 4514 1516 4569 ab
1559 4513 1669 4568 illis
1715 4514 2003 4584 tyrannis,
2036 4512 2138 4569 tibi

483 4615 754 4689 tyrannis
803 4609 966 4668 haud
1011 4607 1262 4671 videtur,
1306 4604 1442 4659 licet
1471 4602 1637 4658 omni
1667 4617 1845 4674 opere
1875 4602 1934 4656 in
1966 4601 2028 4656 id
2057 4604 2142 4658 in-

2333 3361 2449 3409 Ἐπὶ
2497 3355 2618 3429 βίου
2679 3353 2885 3428 δυσμὰς
2929 3359 3089 3422 ήκων,
3145 3356 3215 3419 εἰς
3260 3359 3323 3409 τὰ
3373 3365 3475 3410 τῶν
3534 3362 3830 3430 σφριγῶντων

2261 3445 2484 3508 ἐλαύνεις
2539 3448 2896 3516 νεανιεύματαν
2943 3445 3136 3518 μᾶλλον
3179 3442 3237 3498 δὲ
3295 3445 3634 3521 ἀληθέστερον
3680 3446 3828 3508 εἰπεῖν,

2259 3535 2412 3592 ἧττον
2457 3533 2646 3607 φοϐερά
2687 3537 2751 3587 τὰ
2792 3543 2891 3586 τῶν
2944 3535 3150 3607 λῃστῶν
3203 3532 3457 3597 δεικνύεις
3507 3537 3827 3609 τολμήματα’

2259 3623 2372 3684 ὅλος
2431 3627 2618 3684 νύκτας
2666 3628 2754 3675 καὶ
2801 3624 2915 3684 ὅλας
2976 3626 3175 3696 ἡμέρας
3213 3621 3459 3677 δαπανῶν
3494 3626 3565 3687 εἰς
3619 3628 3706 3685 τὰς
3748 3630 3828 3674 τῶν

2259 3711 2538 3786 ἀνθρώπων
2589 3714 2892 3784 μάστιγας·
2945 3717 3035 3765 καὶ
3090 3722 3279 3788 μικροῦ
3339 3711 3482 3786 μηδὲ
3530 3715 3702 3777 λιπὼν,
3756 3710 3828 3768 οὓς

2258 3805 2332 3854 ἔτι
2362 3801 2594 3862 κολάζων
2640 3804 2801 3872 ἔχεις,
2847 3807 3007 3863 κακός
3057 3798 3186 3854 εἶναι
3219 3806 3584 3874 σεμνύνεσθαι.
3637 3800 3829 3872 Φαλαρις

2257 3895 2381 3951 ἴσως
2415 3910 2518 3954 σοι,
2552 3895 2641 3942 καὶ
2679 3894 2960 3956 Διονύσιος,
3005 3895 3094 3943 καὶ
3138 3888 3214 3954 οῖς
3262 3891 3346 3945 ἐπὶ
3404 3893 3636 3965 ὠμότητι
3677 3889 3826 3962 μεῖζον
3902 3945 3907 3949 ,

2256 3982 2430 4050 ὄνομα,
2520 3980 2589 4040 εἰς
2661 3977 2837 4050 ἀγῶνα
2890 3982 3200 4054 προκεῖσθαι
3260 3980 3666 4054 πεφιλοτίμησαι
3696 3999 3706 4011 ·
3753 3979 3824 4026 καὶ

2253 4068 2358 4139 οὐχ
2409 4069 2488 4119 ὃτι
2539 4069 2744 4129 τούτοις
2792 4072 3008 4120 σεαυτόν
3063 4068 3347 4142 ἐνάμιλλον,
3381 4069 3490 4121 ἀλλ’
3547 4070 3587 4122 εἰ
3634 4072 3698 4140 μὴ
3745 4083 3823 4138 μα-

2253 4165 2360 4230 κρῷ
2420 4153 2785 4229 παραδράμοις
2853 4161 3088 4228 τούτους,
3153 4161 3240 4210 τόν
3295 4157 3412 4230 βίον
3493 4179 3576 4212 σοι
3632 4155 3818 4208 ἀϐίωτον

2252 4247 2494 4318 νομίζεις.
2562 4245 2723 4299 Ἀλλὰ
2793 4254 2917 4307 παῖς
2976 4251 3108 4320 πρός
3172 4243 3342 4320 ἄνδρα
3394 4251 3412 4289 ί
3501 4246 3813 4320 ἂγωνίξεταν

2251 4339 2416 4408 χωρὶς
2464 4337 2562 4408 ’γὰρ
2594 4343 2712 4402 τῶν,
2770 4334 2897 4409 άπερ
2954 4337 3163 4398 ἐκείνοις
3228 4336 3393 4398 ἄλλως
3443 4356 3500 4390 τε
3557 4340 3642 4388 καὶ
3687 4349 3820 4405 μιγα-

2249 4423 2395 4484 λείως
2442 4421 2852 4499 διαπέπρακται,
2913 4421 3029 4477 οὐδ’
3075 4427 3104 4484 ἠ
3164 4431 3419 4500 τυραννὶς,
3477 4432 3564 4480 σοὶ
3613 4425 3820 4496 τυραννὶς

2249 4512 2343 4564 κᾶν
2375 4513 2486 4565 λίαν
2515 4512 2752 4586 ἐκϐιάζη,
2787 4519 2875 4566 καὶ
2904 4521 2994 4566 τοῦ
3032 4517 3213 4567 παθεῖν
3261 4517 3286 4568 ό
3329 4521 3544 4590 χρόνος,
3593 4515 3654 4565 ὧν
3683 4512 3818 4584 πράτ-

2249 4621 2372 4666 τεις,
2416 4604 2482 4654 τὰ
2533 4604 2689 4673 ὃμοια
2742 4601 2801 4654 ού
2843 4605 3046 4674 μακράν
3081 4624 3094 4636 ο
3129 4606 3244 4656 οὔτε
3291 4608 3389 4678 γὰρ
3437 4604 3488 4657 οἰ
3527 4609 3684 4676 νόμοι,
3720 4596 3817 4650 καθ’

483 4685 657 4762 nixus
696 4702 897 4767 fueris,
937 4705 996 4755 et
1035 4703 1273 4768 tempus
1313 4691 1534 4748 similia
1586 4691 1966 4764 perpetrandi
2019 4706 2139 4746 non

2264 4691 2337 4753 r3;
2391 4693 2445 4742 αἱ
2497 4691 2749 4743 πολιτεῖαι
2798 4695 2945 4756 ζῶσι,
3001 4693 3299 4755 τεθνήκασι,
3343 4698 3433 4745 καὶ
3477 4695 3503 4745 ὁ
3548 4702 3637 4754 τῆς
3688 4685 3819 4744 δίκης

481 4793 658 4864 longe
687 4793 863 4850 absit.
900 4790 1083 4859 Leges
1114 4784 1402 4856 profecto,
1434 4798 1691 4854 quarum
1735 4779 2024 4835 beneficio
2055 4780 2142 4835 vi-

480 4889 629 4937 vunt
658 4880 1026 4954 respublicze,
1063 4874 1228 4932 haud
1258 4872 1455 4929 adhuc
1501 4874 1787 4925 emortuae
1832 4873 1988 4934 sunt,
2031 4882 2139 4924 nec

479 4969 701 5025 diutius
723 4968 993 5024 tolerabit
1014 4967 1141 5020 hch
1164 4963 1403 5034 justitiaa
1426 4959 1660 5016 oculus.
1686 4959 1832 5014 Cum
1847 4958 2006 5012 enim
2033 4957 2137 5028 qui

479 5073 586 5130 per
605 5065 832 5112 montes
847 5055 1280 5112 latrocinantur
1303 5051 1480 5114 fures,
1509 5063 1616 5120 pro
1636 5046 1857 5102 meritis
1883 5046 2133 5115 dignum

2250 4780 2342 4832 ούκ
2394 4778 2610 4842 ἁνεξοιτ⁹
2658 4779 2717 4831 ἂν
2751 4783 2826 4832 ἔτι
2873 4779 3150 4853 ὀφθαλμὸς,
3184 4784 3319 4834 ὥστε
3347 4791 3445 4834 τῶν
3476 4781 3528 4834 ἕν
3561 4787 3664 4842 τοῖς
3697 4782 3815 4850 ὄρεσι

2247 4869 2468 4942 λῄστών,
2529 4873 2622 4927 τήν
2683 4868 2829 4932 ἀξίαν
2888 4865 3142 4922 διδόντων
3201 4871 3568 4936 ποινηλασὶαν,
3622 4872 3729 4928 τόὺς
3777 4862 3814 4914 ἓν

2248 4965 2362 5019 ταῖς
2419 4957 2628 5010 πόλεσιν
2684 4955 3049 5031 ἀναιδέστερον
3109 4969 3530 5032 μιαῳονοὺντας,
3575 4960 3637 5010 ὧν
3675 4957 3812 5029 χείρω

2248 5047 2649 5119 τελολμήκασιν,
2684 5044 2985 5122 ἀδεέστερον
3017 5047 3333 5121 βιώσεσθαι.

477 5144 834 5217 supplicium
868 5143 1173 5207 sufferant,
1207 5139 1370 5196 haud
1401 5155 1643 5211 (equum
1675 5141 1780 5202 est,
1818 5140 1879 5190 ut
1909 5135 2011 5207 qui
2042 5151 2147 5208 per
2176 5136 2437 5192 civitates
2473 5136 2662 5193 multo
2695 5137 3106 5208 impudentius
3144 5137 3488 5194 homicidiis
3524 5137 3660 5194 dant
3694 5145 3810 5201 ope-

477 5252 632 5305 ram,
675 5249 813 5289 cum
853 5232 1185 5304 improbius
1223 5229 1596 5301 deliquerint,
1643 5224 2021 5298 tranquillius
2059 5229 2261 5295 agant.

1823 5376 2064 5433 VARIIE
2107 5377 2393 5434 LECTION
2401 5377 2504 5434 ES.

551 5529 574 5559 ι-
600 5517 681 5570 ῖσ,
708 5515 813 5571 εἴη,
889 5524 912 5555 s
941 5527 1008 5580 γο
1042 5505 1415 5567 ἐκκεντοῡντος.
1516 5509 1532 5547 ι
1568 5503 1598 5561 ἣ
1631 5501 1844 5577 ἄνδρας.
