4072 6232
185 239 311 297 933
1457 229 1963 289 EPISTOLABUM
2002 228 2217 286 LIBER
2254 231 2350 287 ιιι.
3461 238 3571 295 934

840 364 1051 416 ΕΠΙΣΤ.
1078 358 1158 415 Η’.
1832 358 1881 415 Α

1832 358 1881 415 Α
2536 356 2755 417 EPIST.
2797 358 2939 418 VIII.

377 456 561 506 Λέοντι
593 450 870 524 σπαθαρίῳ
895 458 967 522 τῷ
994 449 1331 523 ἐπιλεγομένῳ
1362 448 1614 524 Δράκοντι

2078 444 2283 502 Leonti
2308 445 2640 517 spathario,
2674 450 3090 520 cognominata
3121 452 3398 511 Draconi.

1512 571 1802 622 Montacut.
1831 569 1943 634 (ep.
1970 568 2050 627 29,
2082 582 2138 633 p.
2167 570 2266 631 87).

276 691 465 746 Πολλοὶ
494 692 619 764 πρὸς
663 690 804 762 ἡμᾶς
848 689 998 742 λύκοι
1044 694 1138 748 τὴν
1179 694 1391 762 γνώμην
1443 689 1802 759 παρεγένοντο,

1990 683 2150 741 Multi
2199 685 2277 742 ad
2315 701 2427 743 nos
2458 685 2739 744 animitus
2771 686 2897 762 lupi
2933 697 3335 761 accesserunt,
3367 695 3571 755 ovium

196 780 479 856 προϐάτων
511 775 779 852 ἐνδύματα
817 786 1101 853 φοροῦντες,
1156 783 1247 831 καὶ
1295 785 1366 850 τῷ
1418 777 1598 840 ἔξωθεν
1662 794 1804 846 σχη-

1964 771 2267 830 tdumenta
2281 780 2597 845 gestantes,
2614 776 2837 849 quique
2854 794 2959 851 per
2970 785 3280 839 externum
3299 781 3572 843 habitum

197 877 457 944 ματισμῷ
515 872 608 927 τὴν
684 870 871 921 ἔσωθεν
928 867 1338 943 περιστέλλοντες
1378 871 1566 919 κακίαν
1608 886 1621 898 ’
1681 863 1805 916 ἀλλὰ

1968 867 2215 920 tternam
2277 866 2603 922 vestierunt
2652 866 3121 940 improbitatem.
3181 872 3292 929 Sed
3354 874 3576 934 horum

197 964 403 1014 τούτων
462 961 515 1011 οἱ
554 957 758 1019 πλείους
808 958 902 1011 οὐκ
952 957 1131 1011 ἔλαθον
1180 955 1417 1022 ἐπιπολὺ,
1468 962 1559 1008 τοῦ
1610 958 1805 1028 χρόνον

1967 950 2181 1026 lerique
2210 952 2317 1010 diu
2345 970 2468 1011 non
2498 954 2849 1013 celabantur
2881 975 2894 1014 :
2925 960 3206 1017 revelavit
3234 961 3395 1018 enim
3424 969 3575 1021 tem-

196 1051 540 1123 φωράσαντος
592 1047 760 1100 αὐτῶν
813 1051 904 1107 τὴν
988 1051 1198 1118 τέχνην,
1254 1050 1344 1098 καὶ
1411 1048 1472 1103 τὴ
1532 1041 1804 1118 περιϐολὴν

1969 1058 2032 1097 us
2065 1041 2379 1100 artiﬁcium
2405 1043 2699 1116 ipsorum,
2727 1050 2785 1102 et
2821 1048 3105 1107 amictum
3140 1050 3427 1122 pelliculae
3454 1069 3577 1111 non

193 1148 293 1201 τῆς
349 1136 530 1213 δορᾶς,
579 1137 674 1189 οὐκ
718 1135 789 1198 είς
833 1138 1003 1208 μάτην
1047 1141 1200 1208 μόνον
1257 1134 1638 1202 ἔπινοηθεῖσαν,
1680 1130 1801 1183 ἀλλὰ

1971 1136 2150 1187 .utum
2173 1131 2233 1187 in
2266 1148 2491 1190 vanum
2519 1135 2914 1205 excogitatum
2949 1141 3318 1211 monstravit,
3351 1141 3457 1198 sed
3485 1143 3579 1199 in-

192 1233 292 1281 καὶ
320 1225 515 1286 διπλὴν
557 1222 959 1288 ἑπιδεικνύντος,
1006 1224 1300 1278 τούναντίον
1363 1228 1489 1296 ἤπερ
1520 1220 1800 1292 ἐϐούλοντο,

1968 1236 2116 1292 iper,
2148 1221 2314 1294 quod
2366 1222 2612 1279 minime
2654 1224 2938 1283 volebant
2978 1226 3219 1293 factum.
3274 1229 3576 1303 duplicem

192 1322 295 1376 τὴν
346 1315 650 1389 προσοῦσαν
694 1314 870 1376 αὐτοῖς
917 1318 1167 1387 πονηρίαν
1228 1317 1321 1373 τήν
1369 1331 1421 1365 τε
1450 1314 1800 1385 κρυπτομένην

1971 1308 2060 1364 isis
2084 1309 2298 1367 adesse
2327 1309 2725 1385 iniquitatem,
2757 1313 3175 1373 absconditam
3205 1318 3494 1376 nimirum
3524 1326 3579 1378 et

195 1410 342 1480 φημὶ
389 1409 480 1457 καὶ
520 1408 612 1462 τὴν
668 1405 1026 1475 κρύπτουσαν.
1092 1402 1150 1455 Ἠ
1209 1399 1267 1455 δὲ
1322 1406 1387 1459 σὴ
1446 1399 1802 1473 μεγαλειότης,

1969 1398 2410 1457 bscondentem.
2462 1401 2583 1459 Tua
2637 1409 2841 1460 autem
2891 1406 3357 1475 magniﬁcentia,
3412 1410 3577 1482 quod

194 1499 272 1558 ὡς
316 1497 500 1563 ἔοικεν,
555 1491 608 1544 ἐκ
650 1491 840 1545 πολλοῦ
904 1499 1059 1544 τοῦτο
1106 1496 1196 1544 καὶ
1229 1490 1560 1563 μελετήσασα
1605 1493 1696 1541 καὶ
1727 1506 1802 1540 τε-

1967 1503 2028 1544 ar
2056 1494 2146 1545 est
2174 1489 2434 1558 credere,
2475 1506 2613 1547 cum
2661 1508 2696 1549 a
2732 1492 2914 1564 longo
2953 1499 3222 1568 tempore
3270 1498 3575 1566 meditata,

192 1590 487 1659 χνώσασα,
547 1587 679 1654 σοφὴ
730 1588 821 1634 τοῦ
888 1581 1166 1634 καλύπτειν
1219 1578 1411 1652 ἐγένετο
1462 1582 1519 1632 τὸ
1607 1579 1800 1651 θηρίον,

1973 1596 1976 1633 μ
2029 1577 2345 1635 artiﬁciose
2388 1586 2744 1638 construens
2799 1581 2980 1639 fueris
3027 1583 3210 1652 istud,
3257 1588 3581 1659 prudenter

194 1679 294 1728 καὶ
324 1677 522 1746 μέχρις
554 1670 613 1724 ἃν
666 1670 825 1745 ἀρνίῳ
880 1674 1172 1744 περιέτυχε,
1211 1675 1305 1728 τὴν
1373 1666 1532 1742 δορὰν
1570 1667 1664 1720 οὐκ
1717 1666 1802 1719 ἀπ-

1976 1668 2177 1723 estiam
2203 1667 2515 1726 occultavit
2542 1686 2558 1737 ;
2584 1686 2780 1743 neque
2805 1671 3020 1744 pellem
3036 1673 3365 1746 deposuisti
3393 1677 3584 1750 prius-

201 1764 356 1816 ἔθετο
384 1783 397 1795 ·
431 1760 765 1833 ἓπιτυχοῡσα
796 1756 875 1825 δε,
906 1765 996 1813 καὶ
1027 1756 1347 1824 ἀπεδύσατο,
1401 1763 1493 1812 καὶ
1539 1761 1626 1811 τὸν
1677 1763 1809 1833 θῆρα

1972 1775 2101 1815 nam
2132 1757 2194 1814 in
2234 1773 2461 1829 agnum
2491 1766 2794 1834 arreptum
2833 1762 3094 1821 incidisti
3126 1779 3139 1820 :
3185 1765 3286 1822 illo
3332 1767 3580 1839 potitus,

202 1848 380 1914 ἔδειξε
412 1872 425 1884 ο
444 1855 535 1903 καὶ
563 1856 833 1914 τοσοῦτον,
884 1854 944 1901 τό
993 1868 1050 1920 γε
1081 1847 1243 1910 αὐτῆς
1289 1852 1465 1924 μέρος,
1494 1853 1560 1901 τὰ
1589 1869 1810 1920 προστυ-

1974 1856 1984 1904 t
2012 1847 2247 1917 exuisti,
2278 1853 2335 1905 et
2387 1854 2442 1905 te
2471 1849 2729 1907 bestiam
2778 1852 3087 1923 professus
3116 1870 3199 1910 es.
3253 1856 3320 1911 In
3350 1860 3582 1913 tantum

205 1944 388 2013 χόντα
443 1935 749 2014 διέφθειρεν,
817 1939 937 1991 ὅσον
985 1935 1110 1990 οὐδὲ
1159 1940 1224 1990 τὰ
1274 1942 1673 2010 προφανέστατα
1717 1947 1813 1992 τῶν

1975 1954 2068 1995 ero
2079 1936 2303 2005 oblata,
2318 1938 2485 2011 quod
2498 1943 2633 1996 tuas
2651 1945 2846 2011 partes
2861 1942 3170 2010 attinebat,
3190 1943 3583 2018 discerpsisti,

207 2028 556 2103 ἀγριωτάτων
603 2030 772 2102 θηρῶν
851 2027 1135 2100 ἐλυμήνατο
1212 2027 1294 2079 οἷν.
1353 2026 1508 2081 Ἀλλὰ
1561 2033 1815 2102 χαίρομεν

1972 2032 1994 2082 t
2037 2042 2150 2083 nec
2186 2026 2615 2085 crudelissimas
2666 2027 2870 2086 bestiae
2917 2030 3162 2101 publica
3208 2033 3580 2091 devorarent.

206 2119 314 2171 κάν
360 2120 549 2191 τούτῳ,
593 2120 676 2170 ὅτι
732 2117 968 2171 λαθοῦσα
1018 2115 1292 2189 προελαϐεν
1344 2118 1484 2189 ἡμᾶς
1530 2121 1814 2193 κρυπτομέ·

1978 2120 2226 2173 metamur
2254 2115 2369 2173 hoc
2398 2116 2531 2189 ipso
2576 2123 2796 2183 tamen,
2824 2119 2991 2191 quod
3020 2119 3212 2179 celata
3231 2122 3586 2195 improbitas

204 2228 277 2267 νη
327 2211 509 2273 κακία,
566 2207 597 2267 ἦ
660 2205 1105 2281 προκατελάϐομεν
1172 2208 1320 2278 ἡμεῖς
1395 2207 1618 2259 κολάσαι
1691 2208 1812 2260 ὑπο-

1978 2207 2095 2262 rius
2124 2221 2232 2261 nos
2251 2208 2588 2279 occupavit,
2614 2222 2797 2279 quam
2820 2207 2899 2264 ad
2924 2209 3320 2267 coercendam
3347 2228 3586 2285 suspec-

202 2301 496 2369 νοουμίνην
544 2298 866 2369 μοχθηρίανο
900 2299 959 2348 τὸ
989 2299 1078 2367 μὲν
1117 2298 1217 2368 γὰρ
1244 2301 1333 2348 καὶ
1380 2296 1566 2369 σφάλοι
1595 2294 1655 2349 ἂν
1702 2296 1810 2350 πολε

1980 2313 2054 2353 ιω
2093 2302 2324 2353 tantum
2356 2296 2806 2368 accingeremur
2838 2314 2854 2365 ;
2883 2297 3030 2356 illud
3055 2299 3214 2357 enim
3247 2300 3381 2358 licet
3402 2317 3588 2375 saepe-

206 2386 368 2448 λάκις
400 2385 495 2438 οὐκ
535 2384 613 2438 ἄπ’
643 2384 814 2456 ὀλίγον
863 2402 877 2415 ’
910 2388 969 2437 τὸ
1027 2384 1088 2438 δε
1137 2391 1226 2437 καὶ
1257 2384 1433 2453 λαθὸν,
1471 2390 1559 2446 τὴν
1590 2387 1814 2448 ὑστάτην

1980 2402 2184 2443 umero
2227 2385 2480 2453 aberret,
2525 2402 2647 2444 non
2678 2394 2872 2445 tamen
2919 2388 2981 2445 in
3010 2389 3276 2446 minimis
3309 2407 3325 2458 ;
3355 2391 3494 2462 hoc,
3537 2392 3588 2448 si

211 2475 318 2528 οὐκ
344 2473 404 2526 ἆν
435 2477 588 2547 φύγοι
619 2471 773 2532 δίκην
817 2495 829 2507 -
874 2473 1001 2527 ἀλλὰ
1053 2482 1219 2527 ταῦτα
1267 2477 1548 2550 γράφομεν,
1606 2476 1711 2549 οὐχ
1743 2477 1819 2530 ἶνα

1981 2475 2188 2540 ttuerit,
2243 2481 2538 2548 postremo
2600 2477 2926 2534 vindictam
2972 2494 3096 2535 non
3146 2479 3472 2551 elongabit.
3522 2483 3589 2538 Et

210 2563 550 2637 ἔπιστραφῇς
596 2562 987 2638 (ἐπιστραφήσῃ
1036 2565 1138 2636 γὰρ
1191 2568 1282 2616 καὶ
1335 2569 1406 2636 μὴ
1472 2564 1670 2638 θίλών),
1716 2556 1818 2619 ἀλλ’

1980 2580 2053 2620 sec
2091 2564 2338 2637 quidem
2367 2564 2583 2630 scribo,
2613 2580 2732 2622 non
2776 2572 2838 2622 ut
2872 2569 3236 2625 converteris
3262 2571 3428 2640 (nam
3456 2568 3588 2627 licet

210 2654 305 2706 ἵνα
335 2662 472 2725 γνῷς
524 2655 593 2716 ὡς
658 2649 783 2706 οὖδέ
837 2656 932 2711 τὴν
987 2651 1162 2726 ἀρχὴν
1192 2653 1365 2716 ἔλαθες
1397 2652 1458 2705 ἂν
1492 2656 1649 2727 ἡμᾶς,
1678 2655 1723 2708 εἰ
1750 2659 1818 2728 μὴ

1977 2654 2152 2711 ivitus
2177 2653 2322 2710 olim
2377 2656 2777 2728 converteris),
2813 2657 2921 2713 sed
2959 2661 3023 2713 ut
3065 2657 3243 2729 plane
3272 2659 3585 2730 intelligas,

211 2747 468 2815 συνεργὸν
520 2742 659 2815 εὗρες
722 2747 816 2801 τὴν
871 2744 1121 2816 ἡμετέραν
1178 2742 1586 2818 φιλανθρωπίαν.
1644 2747 1722 2797 Τὰ
1774 2741 1819 2798 δ¹

1980 2743 2098 2799 uod
2126 2758 2200 2799 ne
2230 2743 2477 2815 quidem
2506 2742 2585 2800 ab
2613 2744 2778 2802 initio
2806 2761 2920 2803 nos
2949 2745 3211 2812 latueris,
3244 2748 3347 2804 sed
3369 2764 3587 2821 coope-

209 2832 351 2887 ἄλλα
375 2831 635 2908 ὶρῥῶσθαί
667 2850 725 2885 σε
749 2835 837 2891 τὴν
878 2831 1066 2904 ψυχὴν
1096 2831 1285 2904 μᾶλλον
1316 2833 1345 2892 ἣ
1378 2835 1436 2885 τό
1478 2841 1631 2905 σῶμα
1682 2836 1817 2887 ἕπευ·

1980 2836 2171 2888 iutem
2186 2837 2455 2889 nostram
2477 2838 2753 2906 expertus
2777 2834 2858 2891 eis
2877 2834 3277 2892 clementiam.
3298 2838 3588 2894 Cmterum

211 2923 474 2996 χὸμεθα’
532 2926 619 2974 καὶ
673 2929 773 2974 τῶν
846 2920 1231 2993 τετολμημένων
1304 2918 1398 2974 διὰ
1439 2927 1712 2994 μετανοίας
1763 2925 1819 2976 τὰ

1984 2940 1990 2974 ι
2012 2921 2217 2978 animo
2242 2922 2437 2993 magis
2452 2937 2637 2993 quam
2662 2938 2910 2994 corpore
2931 2924 3129 2981 valere
3149 2925 3411 2997 cupiam,
3444 2929 3501 2982 et
3527 2929 3592 2983 ut

216 3016 494 3084 στίγματα
522 3009 897 3082 ἀπαλείψαντα,
954 3015 1042 3062 καὶ
1096 3010 1155 3063 οὐ
1206 3014 1265 3062 τό
1307 3010 1584 3084 πρόϐατον,
1618 3010 1748 3065 ἀλλὰ
1769 3016 1824 3065 τὸ

1983 3010 2459 3083 erpcenitentiam
2471 3010 2755 3081 stigmata
2773 3012 3066 3084 impressa
3088 3013 3278 3081 etuas,
3305 3028 3416 3070 nec
3444 3012 3591 3069 velis

216 3082 409 3174 θηρίον
466 3100 538 3162 εἰς
589 3103 677 3152 τὸν
721 3098 959 3161 παντελὲς
1036 3096 1483 3172 ἀπεκδυσάμενον,
1566 3106 1698 3174 μήτε
1751 3100 1824 3155 ἕν·

1983 3082 2128 3167 vem,
2160 3099 2263 3155 sed
2288 3098 2543 3156 bestiam
2564 3099 2803 3171 penitus
2828 3082 3148 3174 deponere,
3177 3103 3259 3158 ita
3286 3106 3370 3170 ut,
3397 3117 3509 3158 nec
3530 3101 3591 3158 in

213 3192 413 3261 ταῦθα,
435 3192 570 3262 μήτε
594 3187 782 3243 ἄκεῑθεν
803 3189 1014 3251 εὐθύνας
1039 3188 1257 3262 ὑφέξειν.

1984 3204 2071 3256 oc.
2103 3203 2216 3244 nec
2243 3187 2443 3245 futuro
2464 3187 2685 3245 saeculo
2707 3187 2790 3245 ad
2824 3188 3086 3248 calculos
3114 3191 3347 3249 voceris
3373 3196 3433 3249 et
3461 3189 3592 3248 red-

1935 3277 2202 3337 dendam
2224 3277 2540 3335 rationem.

854 3372 1065 3422 ΕΠΙΣΤ.
1096 3365 1175 3422 ϐ’.

2595 3367 2805 3424 EPIST.
2833 3367 2930 3423 IX.

529 3454 734 3527 ’Ῑὼαννς
765 3457 1040 3531 σπαθαρίῳ
1070 3463 1142 3528 τῷ
1167 3460 1505 3531 χρυσοχέρη.

2271 3457 2496 3515 Joanni
2520 3457 2851 3529 spathart'o,
2875 3457 3280 3530 chrysocheri.

1525 3581 1817 3637 Montacut.
1837 3590 1942 3651 (ep.
1973 3585 2053 3642 39.
2072 3597 2132 3648 p-
2169 3582 2269 3646 98)·

298 3697 413 3752 Οὔκ
456 3693 752 3772 ἐγράψαμεν
780 3695 863 3748 ἶνα
908 3698 1205 3769 θαυμάζῃς,
1235 3693 1345 3748 ἀλλ’
1392 3696 1474 3749 ἶνα
1523 3702 1828 3774 στηριχθῇς

2008 3702 2403 3773 Nequaquam
2429 3713 2500 3754 eo
2530 3697 2649 3755 ﬁne
2671 3697 3024 3771 scripsimus
3051 3702 3115 3756 ut
3135 3698 3460 3769 mirareris,
3491 3698 3598 3757 sed

220 3785 274 3839 ἓν
325 3786 403 3848 οἷς
458 3790 544 3838 τὸν
594 3785 748 3838 σάλον
802 3786 1091 3858 ὑπέμεινας.
1173 3785 1235 3840 Εἰ
1284 3781 1333 3837 δ’
1416 3783 1689 3860 ἆρραϐὠνα
1734 3796 1828 3841 τοῦ

1985 3786 2296 3845 tstabilem
2327 3792 2381 3843 te
2406 3786 2719 3843 redderem
2750 3787 2812 3843 in
2831 3787 2902 3842 iis
2923 3787 3144 3860 quibus
3169 3787 3593 3858 ﬂuctuabaris;

223 3877 592 3950 στηριχθῆναι
617 3878 674 3928 τὸ
706 3877 882 3948 θαῦμα
910 3880 1176 3948 παρέχεις,
1223 3870 1393 3936 ἡδέως
1432 3872 1825 3949 ἀποδεχόμεθα.

1989 3927 1991 3929 ,
2031 3875 2091 3930 in
2114 3876 2331 3947 pignus
2372 3874 2844 3930 conﬁrmationis
2876 3880 2991 3931 tuas
3040 3875 3220 3931 aﬁers
3252 3876 3597 3933 admiratio-

222 3962 373 4018 Οὗδί
401 3966 502 4038 γὰρ
534 3962 587 4027 ἐξ
638 3964 830 4017 ἑαυτῶν
886 3968 1202 4039 προφέρομεν
1254 3963 1382 4039 ἅπερ
1432 3963 1663 4038 λέγομεν,
1720 3964 1826 4020 ἀλλ’

1990 3980 2098 4032 em,
2130 3963 2402 4019 lubenter
2436 3960 2708 4018 admitto.
2736 3964 2886 4018 Nam
2927 3976 3048 4019 non
3073 3978 3111 4019 a
3142 3962 3319 4020 nobis
3350 3962 3598 4036 proferi-

221 4054 281 4117 ἕξ
319 4053 389 4105 ὧν
415 4060 511 4116 τῆς
541 4054 813 4129 ζωηφόρου
844 4062 1016 4125 πηγῆς
1067 4051 1465 4126 ἀπηντλήσαμεν
1495 4074 1509 4087 θ
1535 4055 1649 4118 ἣτις
1697 4058 1829 4128 μετὰ

1990 4069 2074 4108 ius
2116 4068 2252 4125 quae
2298 4050 2576 4118 dicimus,
2622 4049 2729 4106 sed
2771 4049 2954 4108 abiis
3010 4052 3172 4107 unde
3220 4051 3296 4108 de
3352 4050 3510 4109 fonte
3535 4051 3598 4108 in

220 4150 323 4204 τῆς
374 4139 424 4193 ἕν
472 4146 650 4195 πίστει
708 4139 871 4213 δίψης
926 4149 1037 4203 τοῖς
1082 4148 1395 4215 προσιοῦσιν
1446 4142 1646 4214 ἄφθονα
1701 4162 1825 4220 προσ

1991 4148 2122 4199 tam
2140 4140 2369 4198 salienti
2390 4140 2706 4197 hausimus
2736 4161 2751 4196 :
2784 4139 2891 4214 qui
2912 4156 3035 4213 pre
3066 4156 3131 4196 se
3152 4138 3259 4198 fert
3287 4144 3343 4197 et
3363 4138 3599 4213 proﬁte-

221 4235 373 4305 χέειν
394 4233 463 4285 τὰ
485 4239 579 4294 τῆς
620 4236 884 4305 σωτηρίας
909 4229 1251 4303 ἐπηγγείλατο
1287 4231 1512 4302 νάματα.

1992 4248 2052 4302 ιιι,
2083 4230 2153 4287 iis
2208 4229 2307 4299 qui
2352 4228 2537 4286 ﬁdem
2590 4228 2815 4297 sitiunt,
2866 4234 3046 4302 atque
3075 4229 3210 4286 ideo
3256 4229 3483 4287 adeunt
3535 4233 3600 4286 ut

1858 4345 1906 4399 ο
1939 4335 2074 4378 eam
2147 4316 2446 4390 expleant,
2512 4316 3066 4376 abundantissimos
3120 4316 3330 4377 salutis
3394 4318 3600 4377 latices

1939 4407 2414 4464 subministrare.

859 4499 1070 4550 ΕΠΙΣΤ.
1113 4492 1196 4550 ϐ’.

2612 4496 2820 4554 EPIST.
2858 4497 2917 4554 X.

521 4588 706 4639 Λέοντι
732 4588 965 4658 γεγονότι
991 4583 1238 4659 λογοθότῃ
1262 4592 1334 4657 τῷ
1370 4581 1615 4659 Μαδιάμ.

1602 4624 1615 4638 .
2330 4586 2541 4643 Leonti
2569 4586 2878 4658 (agat/icta:
2913 4585 3206 4644 Madiam.

1527 4700 1818 4755 Montacut.
1836 4703 1942 4767 (ep.
1965 4703 2044 4760 46,
2064 4716 2125 4766 p.
2162 4702 2293 4766 101).

304 4814 602 4890 Εὖτύχημα
806 4819 896 4869 καὶ
971 4818 1030 4869 τὸ
1118 4814 1296 4890 φίλους
1378 4817 1517 4887 ἔχειν
1560 4814 1608 4869 ἓν
1666 4826 1832 4893 καιρῷ

2014 4817 2279 4875 Felicitas
2294 4822 2383 4873 est
2402 4817 2630 4873 amicos
2647 4815 2958 4889 possidere
2970 4814 3316 4872 temtationis
3335 4820 3603 4889 tempore

226 4913 560 4980 πειρασμῶν,
616 4910 707 4958 καὶ
744 4909 961 4978 χρείαςα
1007 4907 1063 4957 τὸ
1114 4914 1211 4967 τῆς
1265 4902 1439 4978 φιλίας
1504 4908 1833 4979 παρέχοντας

1997 4923 2120 4963 sum
2148 4912 2328 4979 atque
2345 4906 2614 4962 debitum
2627 4904 2897 4963 amicitiae
2924 4904 3063 4962 utile
3084 4904 3436 4962 exhibentes
3464 4921 3477 4961 :
3498 4906 3605 4962 sed

227 4999 511 5069 χρησιμόν
541 4996 628 5048 ὀἱ
671 4990 733 5047 δε
774 4997 846 5066 μὴ
896 5000 1120 5046 τοιοῦτοι
1173 4997 1426 5065 φανέντες,
1504 4990 1629 5047 οὐδε
1685 4994 1830 5049 οὗτοι

1995 5012 2050 5053 ac
2079 4995 2306 5053 amanti
2358 4994 2538 5068 plane
2590 4998 2733 5050 sunt
2788 4993 3029 5050 inutiles
3061 4994 3168 5066 qui
3198 4992 3350 5051 tales
3392 5009 3455 5051 se
3486 5009 3603 5051 non

226 5092 302 5156 τῷ
333 5082 672 5155 ἀγαπήσαντι
722 5084 1014 5157 ἄχρηστοι,
1064 5081 1170 5134 ἀλλ’
1219 5083 1341 5135 ὅσον
1397 5081 1547 5136 αὐτοὶ
1584 5093 1678 5147 τῆς
1743 5104 1828 5155 φι-

1996 5090 2248 5143 rasstant.
2296 5086 2446 5143 Nam
2476 5084 2539 5140 in
2592 5088 2885 5157 quantum
2937 5082 3214 5139 amicitiae
3265 5084 3509 5151 deerint,
3542 5084 3604 5141 in

222 5172 348 5236 λίας
391 5170 793 5245 ἀπελείφθησαν,
847 5179 1098 5225 τοσοῦτον
1160 5175 1255 5230 τήν
1321 5170 1507 5247 ἀρετὴν
1545 5179 1638 5225 τοῦ
1694 5173 1830 5245 ἠγα-

2001 5191 2037 5230 n
2047 5180 2169 5230 tum
2187 5173 2490 5244 diligentis
2503 5173 2781 5230 virtutem
2796 5171 2964 5229 valde
2977 5176 3264 5245 praestant
3277 5173 3605 5230 admirabi-

222 5266 461 5326 πηκὸτος
532 5269 865 5336 παρεστῶσιν
937 5262 1368 5335 ὑπερθαύμαστον
1439 5262 1520 5315 ὅτι
1570 5266 1690 5327 καί,
1724 5280 1830 5315 τοι·

1996 5280 2092 5320 m:
2127 5278 2200 5320 eo
2253 5262 2415 5336 quod
2466 5263 2648 5322 etiam
2697 5261 2847 5319 tales
2877 5260 3271 5320 nihilominus
3305 5262 3599 5333 dilexerit,

1569 5386 1802 5444 VARIE
1842 5389 2255 5448 LECTIONES.

303 5523 333 5557 ει
360 5531 448 5587 γρ·
481 5514 666 5588 χρέοςο
