4072 6232
553 248 660 305 935
1772 234 2006 291 PHOTII
2045 232 2532 290 PATRIARCHAZ
2571 236 2676 292 (ΣΡ.
3796 243 3872 302 936

557 371 722 445 quod
761 385 882 426 non
922 367 1128 425 omnia
1165 382 1237 422 ex
1286 365 1499 421 intuitu
1545 361 1951 418 retributionis
1983 358 2208 432 praesti-

557 461 708 532 terit,
743 460 848 516 sed
889 458 1071 530 gratis
1123 471 1327 512 amare
1379 453 1560 518 novit,
1605 457 1661 507 et
1706 451 1962 513 Patrem,
2011 448 2114 520 qui
2145 447 2206 502 in

558 550 724 607 ccelis
752 555 856 613 est,
911 546 1123 603 imitari
1168 545 1228 600 in
1281 561 1372 610 eo,
1431 542 1595 615 quod
1639 557 1748 596 nec
1791 538 1886 594 vel
1937 538 2207 594 inimicos

558 643 876 696 aversetur.
898 637 1178 702 Quocirca
1197 649 1310 689 nec
1334 633 1555 688 amoris
1577 630 1761 686 nostri
1779 630 1968 698 legem
1986 626 2209 682 solvere

557 727 798 800 poteris,
854 729 1151 794 utcunque
1201 721 1381 793 (quod
1423 735 1630 775 rumor
1658 719 1768 789 est)
1819 718 2086 787 ingratus
2113 731 2208 770 ex-

556 816 792 884 stiteris,
813 819 868 870 et
895 811 1235 869 ementiaris
1261 809 1610 865 amicitiam.
1635 808 1862 863 Etenim
1883 809 2212 879 quantum-

561 905 644 959 vis
672 905 940 974 ingratus
969 899 1280 964 exstiteris,
1315 915 1424 954 nos
1453 905 1670 961 tamen,
1703 902 1763 951 ut
1790 895 1988 950 videre
2020 899 2208 966 potes,

560 995 894 1051 occasiones
953 989 1403 1062 nobismetipsis
1469 986 1958 1049 ministravimus,
2017 988 2079 1038 ut
2135 1000 2210 1039 ne

560 1083 650 1139 vel
681 1084 761 1138 sic
791 1081 1036 1154 quidem
1068 1080 1208 1134 odio
1264 1084 1316 1134 te
1348 1078 1700 1133 habeamus.
1736 1074 1822 1130 'I‘u
1875 1073 2020 1146 quid
2052 1074 2122 1128 de
2153 1078 2209 1128 te

557 1172 830 1228 homines
871 1169 1188 1241 opinentur
1237 1166 1549 1222 considera
1579 1183 1596 1220 :
1625 1169 1682 1220 et
1713 1170 1846 1219 ante
1874 1162 2010 1228 alia,
2046 1167 2209 1217 tuam

557 1261 747 1333 ipsius
822 1259 1268 1326 conscientiam,
1297 1261 1354 1311 et
1401 1255 1666 1312 futurum
1719 1252 1856 1308 olim
1919 1251 2212 1322 judicium

553 1349 815 1406 recolito.

1212 1432 1428 1490 EPIST.
1462 1432 1555 1487 XI.

1088 1522 1442 1581 Alexandro
1455 1521 1674 1578 comiti.

2241 359 2287 412 Α
2317 361 2499 421 ούτους
2537 363 2705 427 ὄντας,
2763 363 2897 434 ὅμως
2946 361 3178 436 ἐφίλησε,
3229 370 3317 418 καί
3390 365 3446 418 ού
3531 368 3701 420 πάντα
3749 373 3874 443 χάριν

2318 447 2537 520 ἀμοιϐῆς
2590 453 2852 524 ἔπραττεν,
2911 450 3019 504 ἀλλ’
3063 451 3183 527 ᾔδει
3235 459 3324 508 καὶ
3376 463 3570 529 προῖκα
3608 457 3774 529 φιλεῖν,
3811 467 3878 514 καὶ

2316 542 2401 590 τόν
2434 538 2484 590 ἐν
2536 539 2772 614 οὐρανοῖς
2823 545 3102 614 μιμεῖσθαι
3160 549 3385 617 Πατέρα,
3431 547 3512 607 οἷς
3570 544 3744 598 vividi
3784 554 3879 610 τοὺς

2316 626 2544 701 ἐχθρούς
2591 629 2933 704 ἀπεστρέφετο
2967 671 2979 683 .
3015 633 3126 685 Οὐκ
3178 632 3238 686 ἆν
3303 631 3389 686 οὖν
3439 635 3607 708 λύσῃς
3659 635 3880 697 «arma

2318 719 2562 792 ἡμέτερον
2610 728 2699 780 τῆς
2765 718 2975 791 ἀγάπης
3019 727 3195 795 νόμον,
3253 721 3348 774 κᾶν
3399 722 3668 796 ἀγνώμων,
3719 728 3783 786 ὡς
3806 746 3880 797 φης

2319 805 2555 875 μίξουσι,
2591 815 2768 881 φανῇς,
2801 815 2887 862 καί
2938 815 3032 870 τὴν
3086 811 3256 884 φιλίαν
3303 810 3646 885 ψευδόμενος.
3677 820 3770 866 Καὶ
3800 819 3881 886 γὰρ

2317 900 2407 947 καὶ
2452 892 2525 948 δι’
2579 897 2646 948 ὧν
2701 897 3105 970 ἀγνωμονήσεις,
3170 899 3422 974 ἀφορμὰς,
3472 905 3545 963 ὡς
3598 905 3732 977 όρᾷς,
3781 906 3882 976 ἡμῖν

2319 983 2524 1046 ἑαυτοῖς
2573 989 2953 1060 πεπορίσμεθα,
3011 985 3084 1040 δι’
3143 989 3204 1052 ἃς
3278 987 3402 1044 οὐδὲ
3450 990 3590 1043 οὕτω
3644 1011 3699 1044 σε
3740 1001 3883 1062 μισεῖν

2318 1073 2761 1147 ὑπαχθησόμεθα.
2818 1080 2884 1129 Σύ
2933 1073 2989 1130 δὲ
3040 1083 3134 1136 τὴν
3188 1085 3303 1154 περὶ
3365 1084 3422 1132 σε
3483 1088 3586 1132 τῶν
3640 1079 3882 1152 ἀνθρώπων

2320 1158 2479 1224 δόξαν
2509 1161 2780 1218 ἐπισκόπει
2835 1187 2848 1199 ο
2882 1165 3071 1237 μᾶλλον
3117 1164 3176 1220 δὲ
3223 1173 3323 1243 πρὸ
3349 1172 3545 1232 ταύτης
3598 1173 3655 1221 τὸ
3683 1174 3764 1222 σον
3788 1189 3884 1221 συν-

2320 1248 2456 1313 ειδός
2480 1258 2569 1305 καὶ
2602 1257 2659 1306 τὸ
2690 1253 2877 1308 ἐκεῖθεν
2893 1261 3183 1330 κριτήριον.

2950 1439 3162 1488 ΕΠΙΣΤ.
3205 1433 3310 1488 ΙΑ’.

2844 1519 3166 1596 Ἀλεξάνδρῳ
3187 1528 3400 1596 κόμητι.

1844 1645 2133 1694 Montacut.
2157 1643 2265 1708 (ep.
2287 1645 2366 1700 46,
2394 1658 2446 1707 p.
2470 1645 2599 1707 100).

633 1764 962 1822 Alexander
979 1763 1236 1826 Macedo,
1259 1762 1434 1834 quiin
1450 1776 1752 1816 summam
1776 1759 2205 1815 sublimitatem

2387 1755 2730 1833 Ἀλέξανδρος
2776 1761 2801 1812 ό
2853 1757 3129 1828 Μακεδὼν,
3199 1768 3289 1815 καὶ
3339 1761 3656 1817 Μακεδόνων
3685 1768 3798 1839 ἄρας
3833 1767 3886 1827 εἰς

555 1857 750 1912 evexit
802 1852 1157 1909 Macedoniae
1229 1867 1505 1920 regnum,
1557 1865 1628 1906 eo
1680 1849 1775 1904 die
1808 1848 2202 1920 principatum

559 1944 878 2001 abdicasse
895 1940 1232 2007 videbatur,
1247 1955 1368 2011 quo
1381 1938 1654 1994 neminem
1674 1937 1955 1993 beneﬁcio
1967 1953 2207 1993 ornasse

557 2034 878 2089 dicebatur.
931 2029 1246 2085 Rarissime
1276 2028 1390 2083 hoc
1422 2027 1503 2082 illi
1543 2027 1624 2082 ita
1653 2025 2038 2098 contingebat
2069 2041 2083 2092 ;
2119 2031 2210 2081 ut-

555 2127 692 2196 pote
722 2121 826 2193 qui
856 2120 915 2174 in
943 2117 1087 2173 illud
1117 2117 1281 2173 omni
1304 2115 1923 2181 studioincumbebat,
1947 2121 2009 2171 ut
2033 2115 2209 2171 bene-

555 2213 775 2269 faceret
789 2208 1158 2264 hominibus.
1177 2206 1345 2272 Quod
1365 2206 1410 2260 si
1424 2205 1720 2260 interdum
1737 2205 1816 2260 ita
1831 2204 2212 2274 contingebat

557 2307 618 2358 ut
651 2299 792 2356 nihil
825 2303 1152 2370 praestaret,
1179 2295 1389 2351 dolens
1429 2294 1663 2350 dicebat
1693 2312 1706 2350 :
1744 2295 1934 2350 Hodie
1961 2310 2079 2350 non
2123 2308 2211 2349 re-

556 2389 755 2463 gnavi.
792 2389 904 2444 Sed
940 2402 1212 2460 paganus
1244 2385 1336 2440 ille
1367 2385 1473 2440 fuit
1515 2391 1569 2440 et
1613 2383 1762 2439 inter
1796 2399 2064 2456 paganos
2087 2399 2208 2449 rex,

559 2487 612 2536 et
643 2477 932 2548 voluptati
963 2480 1140 2548 atque
1183 2474 1346 2529 luxui
1378 2473 1636 2533 deditus.
1679 2479 1734 2528 et
1763 2472 1842 2528 ob
1873 2472 2206 2528 felicitatem

559 2568 782 2633 ebrius,
810 2565 1032 2637 quique
1065 2563 1174 2618 sibi
1201 2561 1544 2618 consimiles
1575 2562 1718 2617 deos
1749 2577 1994 2616 suarum
2027 2561 2212 2616 actio-

558 2672 702 2712 num
719 2657 1081 2726 inspectores
1102 2651 1338 2706 fecerat.
1361 2653 1443 2706 Tu
1462 2656 1661 2705 autem
1680 2650 2047 2705 Christianus
2073 2665 2208 2704 cum

561 2741 908 2800 Christianis
962 2741 1190 2805 vivens,
1219 2745 1276 2795 et
1321 2742 1411 2811 (ut
1449 2739 1780 2794 secundum
1830 2741 1990 2808 leges
2039 2742 2209 2810 agas)

560 2849 688 2890 cum
708 2829 957 2903 imperio
971 2831 1277 2895 exsistens,
1301 2829 1518 2899 saepius
1533 2828 1586 2882 in
1604 2827 1734 2883 vitae
1747 2843 1918 2882 cursu
1935 2827 2211 2882 ﬂuctibus

557 2922 818 2991 agitatus
848 2918 1136 2983 obrueris,
1167 2917 1226 2972 in
1257 2916 1406 2988 ipsis
1438 2917 1639 2984 sacris,
1669 2917 1818 2971 inter
1848 2915 2208 2982 sacerdotes,

556 3010 736 3083 idque
778 3025 917 3064 cum
947 3005 1405 3080 temperantiam
1437 3009 1491 3061 et
1537 3005 1810 3060 virtutem
1837 3005 2132 3060 honorare
2159 3010 2212 3060 te

555 3115 680 3157 non
710 3115 913 3170 neges,
945 3097 1051 3153 sed
1083 3101 1138 3151 et
1171 3111 1358 3151 unum
1389 3094 1556 3150 illum
1587 3110 1790 3150 verum
1822 3094 2010 3150 Deum
2037 3093 2214 3150 actio-

557 3205 706 3246 num
737 3186 1011 3245 omnium
1041 3187 1436 3259 inspectorem
1464 3183 1664 3240 fallere
1680 3199 1802 3239 non
1826 3199 2006 3256 posse
2025 3188 2212 3254 putes.

559 3279 716 3345 Quid
736 3278 878 3334 hinc
900 3282 1198 3349 sequatur,
1224 3290 1442 3344 gravor
1461 3289 1573 3343 ego
1595 3273 1812 3328 dicere.
1841 3273 1990 3328 Illud
2014 3279 2215 3329 autem

557 3369 818 3434 afﬁrmo,
843 3367 1136 3422 neminem
1158 3381 1188 3420 e
1207 3369 1310 3420 tuo
1323 3364 1576 3420 subditis
1596 3363 1871 3433 regimini
1896 3379 2044 3428 esse,
2069 3362 2214 3434 quin

557 3458 691 3514 loco
721 3457 974 3528 alicujus
1003 3454 1269 3511 beneficii
1302 3460 1405 3509 aut
1423 3452 1804 3521 benignitatis
1827 3468 2011 3524 quam
2034 3467 2216 3520 agno-

561 3562 728 3601 scere
743 3545 935 3609 vellet,
955 3560 1065 3598 non
1083 3541 1366 3613 supplicia
1383 3541 1650 3612 deplorat
1663 3541 1921 3595 inaudita
1934 3541 2212 3609 irrogata,

563 3639 668 3689 aut
696 3633 990 3689 damnum
1034 3630 1261 3686 illatum
1295 3630 1791 3700 inexspectatum.
1837 3628 1998 3683 Alius
2049 3627 2214 3684 aliud

558 3721 790 3791 insigne
805 3720 1034 3775 facinus
1051 3719 1272 3773 dextrae
1291 3723 1404 3772 tuae
1421 3717 1640 3788 tragico
1655 3717 1944 3772 cothurno
1961 3717 2213 3786 dignum

561 3810 881 3883 deplorans
895 3807 1084 3864 refert.
1103 3808 1249 3862 Cum
1264 3806 1596 3862 Alexander
1608 3823 1742 3862 cum
1759 3805 1963 3862 dolore
1987 3806 2211 3878 profes-

558 3917 660 3956 sus
692 3900 865 3956 fuerit
898 3915 913 3955 ε
942 3897 1127 3953 Hodie
1171 3896 1401 3968 quidem
1446 3911 1555 3952 rex
1597 3913 1711 3951 non
1742 3897 1842 3966 fui
1868 3913 1880 3951 :
1925 3900 2011 3964 tu,
2051 3896 2214 3968 quod

559 3990 814 4056 videtur,
849 4004 968 4043 non
1001 3985 1332 4060 praeterlabi
1367 3985 1468 4040 tibi
1493 3985 1651 4040 diem
1684 3985 1945 4056 patieris,
1987 3985 2046 4040 in
2091 4001 2214 4057 quo

558 4095 682 4136 non
717 4078 971 4134 verearis
1001 4076 1196 4132 dicere
1236 4092 1250 4130 :
1284 4075 1473 4130 Hodie
1498 4080 1796 4144 tyrannus
1822 4089 1939 4130 non
1969 4073 2077 4144 fui.

1201 4163 1416 4219 EPIST.
1454 4163 1570 4217 XII.

1129 4252 1351 4310 Basilio
1381 4252 1662 4324 quaestori

2317 1847 2451 1920 ὕψος
2481 1853 2573 1908 τὴν
2628 1848 2921 1922 βασιλείαν,
2980 1850 3094 1903 κατ’
3127 1850 3317 1910 ἐκείνην
3358 1858 3452 1912 τὴν
3502 1857 3694 1930 ἡμέραν
3743 1853 3881 1908 ἐδόκει

2316 1941 2578 1992 παύεσθαι
2641 1947 2734 2001 τῆς
2793 1938 2990 2012 ἀρχῆς,
3044 1943 3161 1993 καθ’
3215 1941 3276 2001 ἣν
3341 1943 3681 2016 εὐεργετήσας
3728 1941 3885 1997 οὐδένα

2319 2023 2602 2084 ἐδείκνυτο.
2651 2030 2866 2080 Σπάνιον
2925 2025 2984 2082 δε
3035 2030 3176 2100 αύτῷ
3225 2035 3284 2083 τό
3336 2041 3540 2086 τοιοῦτο
3594 2037 3880 2102 συνέπιπτεν,

2318 2116 2408 2169 ἅτε
2485 2117 2698 2188 μελέτην
2757 2119 2939 2188 ἄγοντι
2990 2117 3280 2193 ἀνθρώποις
3321 2120 3567 2176 εύποιεῖν.
3599 2123 3658 2175 Εἰ
3693 2119 3746 2174 δέ
3785 2141 3884 2174 ποτε

2317 2211 2408 2258 καὶ
2456 2211 2784 2278 συμπέσειεν,
2844 2205 3118 2279 ἀνιώμενος
3210 2209 3347 2281 ἔλεγε
3389 2229 3400 2243 ·
3511 2216 3729 2284 Σήμερον
3807 2211 3881 2263 οὐκ

2319 2294 2650 2350 ἐϐασίλευσα.
2712 2295 2846 2350 Ἀλλ’
2899 2298 2923 2348 ὁ
3001 2299 3091 2369 μὲν
3146 2297 3350 2364 Ἕλλην,
3423 2305 3514 2352 καὶ
3584 2300 3631 2352 ἐν
3702 2300 3881 2358 Ἕλλησι

2317 2389 2407 2437 καὶ
2434 2383 2682 2457 βασιλεύς
2716 2406 2728 2418 ·
2752 2390 2842 2438 καὶ
2888 2381 3108 2452 ἡδονῶν,
3159 2391 3249 2440 καὶ
3301 2397 3499 2462 τρυφῆς
3527 2395 3617 2442 καὶ
3671 2389 3880 2460 εὐτυχίαν

2319 2475 2518 2545 μεθύων
2576 2475 2866 2545 ἄνθρωπος,
2906 2480 2995 2527 καὶ
3055 2477 3199 2538 θεοὺς
3270 2481 3547 2540 τοιούτους
3594 2486 3684 2538 τῆς
3723 2479 3880 2538 οἰκείας

2317 2562 2576 2622 πολιτείας
2619 2565 2827 2635 ἐφόρους
2878 2566 3199 2636 ποιούμενος.
3261 2569 3327 2617 Σύ
3377 2561 3436 2618 δὲ
3499 2571 3702 2629 πιστὸς,
3749 2564 3881 2618 καὶέν

2318 2659 2525 2712 πιστοῖς
2553 2658 2643 2704 καὶ
2686 2655 2818 2724 μετά
2864 2661 2964 2704 τῶν
3008 2659 3175 2726 νόμων
3219 2656 3405 2727 ἄρχειν
3461 2662 3772 2729 τεταγμένος,
3811 2661 3878 2706 καὶ

2320 2740 2480 2794 πολλὰ
2505 2747 2842 2815 προσπταίων
2881 2749 2972 2794 τοῦ
3004 2741 3126 2815 βίου
3141 2751 3250 2806 τοῖς
3273 2749 3479 2818 κύμασι
3513 2768 3526 2780 ·
3559 2751 3644 2798 καὶ
3665 2745 3710 2798 ἓν
3735 2751 3881 2817 μέσοις

2321 2831 2498 2891 αὐτοῖς
2529 2833 2682 2904 ἱεροῖς
2725 2836 2814 2883 καὶ
2863 2833 3075 2904 ἱερεῦσι,
3121 2839 3210 2886 καὶ
3264 2833 3570 2909 ἐγκράτειαν
3618 2840 3700 2888 καὶ
3731 2834 3877 2908 ἀρετὴν

2320 2925 2474 2991 τιμᾴν
2505 2919 2598 2970 οὐκ
2629 2919 2933 2994 ἀρνούμενος
2985 2939 2998 2950 ’
3027 2926 3110 2974 ναὶ
3145 2919 3212 2980 δὴ
3244 2927 3334 2976 καὶ
3366 2927 3452 2976 τόν
3486 2930 3634 2997 μόνον
3681 2923 3879 2996 ἀλῃθινόν

2323 3013 2450 3062 Θεὸν
2505 3007 2731 3067 ἐπόπτην
2781 3017 2882 3062 τῶν
2925 3016 3210 3082 πρακτέων,
3264 3012 3322 3064 οὐ
3351 3016 3444 3085 μὲν
3487 3011 3574 3067 οὖν
3598 3015 3686 3067 οὐκ
3727 3009 3875 3065 ἆνδυ-

2249 3101 2534 3169 ανάμενος
2626 3098 3101 3173 παραγράψασθαι.
3176 3100 3336 3156 Ἀλλὰ
3395 3108 3449 3155 τί
3539 3107 3596 3156 τό
3650 3103 3874 3163 ἑντεῦθενς

2320 3189 2460 3260 Ἐγὼ
2507 3191 2596 3260 μὲν
2641 3187 2797 3241 εἰπεῖν
2857 3187 3083 3248 ἀποκνῶ.
3144 3190 3284 3249 Πλὴν
3340 3191 3434 3244 ούκ
3487 3195 3624 3246 ἔστιν
3675 3188 3788 3244 ἰδεῖν
3811 3189 3876 3242 οὗ·

2324 3273 2447 3329 δένα
2477 3285 2575 3329 τῶν
2606 3278 2706 3329 ύπό
2738 3281 2814 3343 σε,
2843 3277 2894 3338 ὃς
2938 3277 3051 3331 ἀντὶ
3099 3287 3191 3331 τοῦ
3243 3282 3405 3354 χάριν
3459 3283 3743 3358 εὐεργεσίας
3765 3283 3790 3337 ἦ
3812 3299 3876 3330 τι-

2321 3385 2402 3426 νος
2453 3365 2608 3426 α’λλης
2667 3365 3049 3439 φιλανθρωπίας
3125 3367 3410 3441 ὁμολογεῖν,
3473 3372 3601 3443 ούχὶ
3661 3371 3873 3444 τιμωρίαν

2323 3455 2417 3507 οὐκ
2445 3451 2689 3529 ὀδύρεται
2746 3457 2956 3528 ἄκριτον
3008 3458 3038 3516 ἡ
3097 3458 3291 3530 ζημίαν
3332 3457 3742 3533 ἀπροφάσιστον.
3797 3460 3872 3510 Καὶ

2323 3543 2468 3604 ἄλλος
2511 3543 2632 3596 ἄλλο
2660 3564 2711 3596 τι
2740 3547 2887 3619 ἔργον
2943 3553 3036 3604 τῆν
3077 3554 3171 3607 σῆς
3220 3544 3396 3611 δεξιᾶς
3439 3557 3690 3623 τραγικῆς
3716 3554 3873 3605 σκηνῆς

2325 3633 2490 3703 θέαμα
2545 3631 3012 3705 κατολοφυρόμενος
3088 3631 3416 3708 διεξέρχεται
3471 3655 3485 3668 '
3546 3637 3646 3690 ἀλλ’
3679 3634 3871 3696 Ἀλέξανο

2323 3717 2449 3794 δρος
2477 3724 2566 3792 μεν
2621 3719 2889 3793 ἀνιώμενος
2918 3722 3056 3794 ἔλεγέ
3106 3743 3247 3776 ποτε·
3301 3731 3530 3800 Σήμερον
3593 3725 3681 3778 οὐκ
3728 3722 3872 3774 ἐϐασί-

2320 3808 2500 3862 λευσα·
2529 3813 2593 3862 σὺ
2617 3807 2690 3878 δ’,
2718 3813 2785 3872 ὡς
2815 3814 2992 3864 ἔοικεν·
3041 3812 3099 3864 ού
3148 3814 3466 3889 περιλείψεις
3519 3819 3702 3888 ἡμέραν
3731 3817 3872 3879 σαυτῷ

2323 3897 2371 3950 ἐν
2515 3898 2794 3974 θαρῥῄσεις
2851 3901 3006 3953 εἰπεῖν
3079 3922 3092 3934 ·
3149 3907 3374 3978 Σήμερον
3421 3905 3521 3956 οὐκ
3577 3904 3869 3976 ἐτυράννησε(-

2949 4173 3160 4222 ΕΠΙΣΤ.
3193 4170 3290 4222 ΙΒ¹.

2821 4255 3070 4329 Βασιλείῳ
3094 4263 3410 4334 κοιαίστορι.

1852 4367 2143 4418 Montacut.
2165 4369 2274 4432 (ep.
2307 4369 2390 4428 47,
2413 4383 2468 4433 p.
2495 4369 2623 4430 101).

635 4488 692 4546 Si
713 4487 879 4562 justa
893 4501 1030 4541 cum
1048 4498 1326 4539 mensura
1341 4481 1768 4538 contendentes
1788 4483 2043 4539 invicem
2064 4483 2208 4554 judi-

2398 4484 2457 4538 Εἰ
2504 4492 2574 4555 τῷ
2633 4480 2824 4557 δικαίῳ
2880 4490 3046 4559 μέτρῳ
3093 4494 3362 4562 χρώμενος
3432 4493 3554 4552 τοὺς
3596 4483 3869 4559 διαμφισϐη·

559 4577 812 4643 caveris,
835 4574 998 4631 haud
1027 4579 1080 4630 te
1111 4573 1238 4628 auri
1267 4571 1457 4643 pallor
1483 4571 1709 4641 majore
1739 4571 1966 4642 pudore
1995 4572 2216 4627 suffun-

560 4667 746 4734 deret,
782 4665 1167 4736 temetipsum
1191 4677 1374 4734 quam
1406 4659 1537 4715 illos
1570 4660 1673 4732 qui
1700 4659 1804 4715 tibi
1830 4659 2106 4717 offerunt.

1193 4839 1410 4895 EPIST.
1446 4837 1582 4892 XIII.

934 4931 1160 4990 Joanm'
1185 4929 1431 5001 patricio
1462 4934 1516 4984 et
1537 4927 1855 4983 sacellano.

2323 4579 2535 4635 τούντας
2564 4571 2796 4634 ἀλλήλοις
2852 4571 3112 4641 ἕδίκαζες,
3165 4576 3258 4628 οὐκ
3314 4579 3374 4629 ἄν
3407 4597 3464 4630 σε
3519 4581 3547 4636 ἡ
3580 4585 3663 4630 τοῦ
3698 4577 3868 4648 χρυσοῦ

2326 4663 2571 4734 ὠχρότης
2600 4662 2749 4715 πλέον
2804 4664 3152 4736 αἰσχύνεσθαι
3197 4671 3314 4728 τούς
3365 4667 3516 4720 πλέον
3554 4667 3695 4720 αὐτόν
3739 4679 3868 4736 χορη-

2324 4754 2544 4823 γούντάς
2584 4771 2685 4820 σοι,
2735 4756 3139 4830 παρεσκεύαζεν.

2951 4849 3164 4897 ΕΠΙΣΤ.
3198 4844 3294 4900 ΙΓ.

2609 4929 2816 5005 Ἰωάννῃ
2867 4938 3127 5006 πατρικίῳ
3166 4939 3255 4987 καὶ
3299 4934 3629 5009 σακελλαρίῳ.

1850 5049 2142 5100 Montacut.
2169 5051 2278 5115 (ep.
2307 5052 2384 5110 48,
2417 5067 2473 5115 p.
2500 5053 2628 5115 102),

633 5169 842 5226 Illustri
870 5171 1118 5226 laudum
1135 5167 1434 5241 praeconio
1447 5166 1526 5222 ob
1551 5182 1620 5222 ea
1634 5183 1770 5239 quae
1783 5166 1936 5236 geris
1951 5166 2114 5238 apud
2139 5167 2216 5222 vi-

557 5277 656 5317 ros
679 5258 902 5331 probos
925 5266 981 5314 et
997 5260 1278 5314 honestos
1291 5257 1509 5329 dignus
1531 5272 1619 5314 es.
1646 5255 2138 5329 Nequeignorare
2162 5261 2215 5312 te

2403 5175 2668 5240 Λαμπρῶν
2725 5167 2964 5236 ἐπαίνων,
3042 5168 3116 5224 δι’
3185 5173 3253 5224 ὧν
3308 5175 3565 5246 πράττεις,
3614 5171 3737 5244 παρά
3782 5168 3864 5221 τοῖς

2334 5254 2645 5321 σπουδαίοις
2672 5262 2951 5332 τυγχάνων
2980 5271 3006 5302 8
3056 5257 3265 5325 δίκαιος
3292 5261 3352 5314 ἆν
3378 5265 3488 5324 εἴης
3527 5284 3539 5296 ·
3569 5256 3695 5334 μηδὲ
3717 5256 3863 5308 τούτου

1899 5383 1986 5436 VA
1996 5382 2143 5437 ΒΙΛΕ
2185 5381 2476 5439 LECTION
2482 5384 2584 5440 ES.

630 5524 661 5555 v
689 5527 778 5584 γρ,
813 5509 887 5570 ὃς,
967 5519 995 5548 ι
1027 5507 1106 5563 ἶσ.
1129 5508 1431 5577 τυγχάνειν.
