4072 6232
211 233 343 292 937
1485 237 1830 301 EPISTOLA

1943 236 2012 297 lM
2053 240 2270 302 LIBER
2310 245 2403 302 III.
3489 267 3594 325 933

205 359 273 413 ἐν
307 364 490 434 ἀγνοίᾳ
540 368 689 426 εῖναι,
762 364 842 415 ὅτι
899 363 1020 416 ὅσον
1066 362 1264 435 ὑψηλὸν
1303 369 1392 418 καὶ
1455 367 1747 438 θαυμάσιον
1772 369 1830 420 τό

1943 375 2118 440 paret
2145 387 2387 443 aequum
2410 375 2521 440 est,
2548 375 2714 446 quod
2743 383 2973 449 quanto
2999 382 3313 443 sublimior
3327 393 3383 446 et
3396 393 3598 448 admi-

206 450 273 501 ἰν
335 453 534 512 τούτοις
588 450 748 518 κλέος,
807 456 1069 515 τοσαύτης
1115 459 1206 506 καὶ
1255 461 1349 516 τῆς
1409 451 1693 528 ἀσφαλείας
1745 460 1834 509 καὶ

207 537 523 611 ἐπιμελείας
554 536 744 593 δεῖται.
809 541 978 594 Πολλὰ
1033 546 1122 614 μεν
1153 545 1254 616 γὰρ
1312 546 1449 596 κατά
1504 552 1603 596 τῶν
1631 541 1837 598 εὐδοκι-

206 631 477 699 μούντων,
511 627 614 682 ἀπὸ
635 637 732 692 τῆς
760 639 858 682 τῶν
904 628 1164 703 δαιμόνων
1231 631 1508 694 ἐπιϐουλῆς
1544 631 1749 705 ἀφίεται
1777 646 1809 689 Υ

215 715 396 789 βέλη·
451 714 602 772 οὐδὲν
656 715 716 772 δε
772 719 1000 788 ἔλαττον,
1057 726 1147 774 καὶ
1196 723 1222 774 6
1280 721 1334 784 ἔξ
1359 720 1640 795 ἀνθρώπων
1670 721 1836 799 ἀνερε-

218 807 500 878 θιζόμενος
531 809 730 880 φθόνος,
765 813 849 861 τόν
881 809 954 862 ἰόν
1001 809 1194 882 ἐκχέει.
1250 810 1409 864 Ἀλλά
1443 814 1507 864 σύ
1537 831 1597 883 γε
1626 817 1711 864 τὸν
1741 820 1834 875 τῆς

215 893 418 970 ἀρετῆς
447 896 542 948 οὐκ
593 893 835 959 ἐνδιδοὺς
890 903 1053 964 τόνον,
1095 904 1184 952 καὶ
1216 899 1288 961 εἰς
1340 902 1428 951 τόν
1460 899 1618 952 αὐτόν
1647 897 1706 953 δὲ
1732 907 1837 962 τοῖς

211 989 500 1059 προτέροις
537 984 711 1057 ἀγῶνα
756 990 849 1039 σὺν
904 993 1098 1061 μετρίῳ
1135 993 1225 1041 καὶ
1278 997 1499 1060 ταπεινῷ
1558 987 1838 1042 ἐναποδυό-

218 1094 389 1146 μενος
432 1083 505 1145 τῷ
531 1079 843 1150 φρονήματι,
866 1085 964 1128 τῶν
996 1081 1087 1149 μὲν
1151 1081 1298 1150 κωφά
1334 1080 1521 1130 θᾶττον
1571 1075 1838 1150 διελέγξας

213 1166 293 1215 τὰ
319 1163 496 1235 με’ληι⁸
528 1163 596 1226 εἰς
641 1164 874 1236 ἐσχάτην
928 1166 1191 1237 αἰσχύνην
1243 1171 1333 1220 καὶ
1378 1165 1599 1240 ἀπορίαν
1644 1167 1836 1239 μᾶλλον

213 1251 422 1314 αὐτοὺς
447 1257 818 1326 περιστήσειςι
878 1257 964 1306 τόν
1009 1251 1088 1322 δε,
1128 1255 1199 1318 εἰς
1225 1259 1341 1316 τοὺς
1397 1262 1656 1322 τεκόντας,
1707 1261 1837 1329 μετά

213 1340 456 1402 πλείονος
503 1347 718 1414 πικρίας
783 1342 1176 1418 ἐπαναστρέψαι
1235 1347 1687 1419 παρασκευάσας·
1746 1351 1835 1400 καὶ

208 1433 314 1483 τὸν
344 1439 444 1493 τῆς
495 1428 716 1502 ἐχίδνης
770 1435 933 1504 μῦθον
971 1433 1023 1486 ἕν
1074 1433 1250 1496 αὐτοῖς
1316 1433 1668 1509 ἐνεργούμενον
1723 1435 1831 1489 ἔπι·

211 1515 449 1583 δείξειςο
507 1516 705 1587 δείξας,
761 1521 865 1594 οὐχ
927 1521 1149 1595 ἑτέρους,
1203 1522 1310 1576 ἀλλ’
1365 1524 1550 1584 αύτούς
1615 1543 1672 1596 γε
1713 1529 1833 1586 τοὺς

205 1614 636 1682 γεννησαμένους
687 1614 1115 1684 κατεσθιομένους
1163 1613 1353 1684 μᾶλλον
1430 1619 1520 1667 καὶ
1595 1611 1836 1686 διαφθει-

1942 459 2171 514 ratione
2201 459 2439 530 dignior
2468 462 2547 518 ab
2590 464 2716 519 istis
2739 465 2929 536 gloria
2977 481 3380 544 comparatur,
3428 485 3592 538 tanto

1943 547 2154 620 majori
2181 547 2285 604 illa
2311 566 2454 606 cura
2483 556 2539 607 et
2569 553 2880 610 sedulitate
2921 561 3329 630 custodienda,
3359 572 3413 623 et
3436 576 3597 630 sarta

1945 640 2217 709 tectaque
2249 641 2590 710 praestanda
2630 647 2738 698 est.
2775 643 3028 703 Plurima
3066 650 3362 722 siquidem
3396 659 3458 713 in
3489 676 3592 716 eos

1943 726 2046 798 qui
2063 729 2436 799 prosperiore
2451 728 2604 786 fama
2615 730 2828 788 ﬂorent
2841 737 3303 805 perinsidiantes
3318 745 3594 806 diabolos

1946 815 2345 872 immittuntur
2372 819 2484 876 tela
2513 836 2527 886 ;
2556 836 2752 894 neque
2776 824 3030 880 multum
3057 827 3341 889 deficiunt
3370 835 3464 892 his
3492 838 3598 895 ho-

1945 905 2162 969 mines,
2193 906 2296 978 qui
2325 906 2562 964 invidite
2603 926 2727 966 suae
2767 911 2926 968 virus
2972 918 3276 987 prurigine
3323 925 3592 995 quadam

1946 996 2267 1051 excitatum
2313 994 2645 1054 effundunt.
2692 1001 2772 1055 Tu
2812 1006 3011 1059 autem
3055 1007 3200 1062 nihil
3239 1009 3314 1064 de
3347 994 3592 1071 ivirtutis

1946 1100 2120 1139 cursu
2143 1085 2416 1151 remittis,
2432 1093 2487 1142 et
2512 1086 2590 1142 ad
2610 1089 2946 1149 eademmet
2965 1093 3114 1165 ipsa,
3148 1113 3278 1168 quae
3295 1100 3423 1171 jam
3447 1104 3593 1162 olim

1943 1171 2118 1229 adisti
2147 1175 2498 1242 certamina,
2531 1181 2582 1232 te
2612 1193 2870 1250 apparas
2897 1196 3033 1238 cum
3066 1187 3377 1246 moderata
3405 1196 3462 1248 et
3489 1193 3593 1250 hu-

1944 1261 2066 1317 mili
2087 1260 2399 1319 aﬂectione
2425 1264 2608 1321 animi
2633 1282 2648 1332 ;
2675 1267 2792 1323 tela
2817 1267 2980 1325 irrita
3001 1273 3328 1344 reddidisti,
3353 1285 3409 1336 et
3433 1282 3594 1338 insu-

1943 1365 2048 1422 per
2080 1349 2244 1421 ipsos
2275 1351 2332 1407 in
2360 1357 2690 1410 extremam
2721 1355 3205 1428 desperationem
3227 1371 3406 1438 atque
3428 1385 3594 1428 vere-

1943 1438 2227 1494 cundiam
2266 1439 2563 1496 adduxisti
2597 1460 2610 1510 ;
2645 1443 2932 1500 invidiam
2983 1455 3181 1507 autem
3227 1453 3286 1508 in
3319 1462 3594 1517 auctores

1941 1527 2109 1598 ipsos
2123 1544 2252 1583 cum
2269 1529 2470 1601 majori
2485 1532 2874 1589 amaritudine
2888 1542 3339 1610 retorquendam
3354 1549 3590 1605 curasti.

1943 1617 2105 1708 certe
2148 1616 2415 1708 fabulam
2452 1635 2586 1692 quas
2631 1621 2706 1676 de
2739 1623 2944 1694 vipera
2988 1625 3186 1696 fertur,
3221 1633 3384 1704 apud
3433 1636 3595 1708 ipsos

203 1704 489 1773 ρομένους,
547 1701 647 1752 ὑπὸ
724 1709 816 1752 τοῦ
885 1701 1043 1754 καλοῦ
1130 1708 1443 1774 γεννήματος
1507 1703 1677 1764 αὐτοῖς
1740 1711 1830 1756 τοῦ

1943 1706 2062 1761 vim
2110 1705 2378 1762 obtinere
2421 1725 2594 1764 suam
2641 1711 3022 1782 declarabis;
3072 1716 3220 1775 dum
3261 1701 3596 1782 ostenderis

209 1789 435 1859 φθόνου,
483 1785 556 1842 δι’
610 1789 679 1840 ὧν
737 1794 953 1843 σεαυτόν
1008 1789 1362 1868 λαμπροτέρας
1430 1793 1683 1865 εὐφημίας
1742 1798 1832 1845 καὶ

211 1874 556 1952 ἀναρρήσεως
581 1879 812 1951 μάλιστα
833 1879 1090 1943 ἀξιώσεις.

1939 1794 2416 1867 haudquaquam
2430 1796 2594 1852 illam
2608 1797 2756 1855 alios
2768 1801 3047 1874 sedipsos
3060 1814 3334 1877 parentes
3347 1814 3596 1871 exedere

1940 1889 1997 1938 et
2027 1883 2392 1956 disperdere,
2425 1885 2506 1940 ita
2538 1886 2784 1958 pulchra
2816 1907 3088 1962 propago
3123 1903 3209 1950 est
3241 1899 3484 1958 invidia.
3511 1905 3595 1960 Tu

213 1970 431 2022 tamen
460 1967 616 2024 hanc
642 1968 721 2024 ob
753 1985 997 2025 causam
1032 1969 1329 2026 illustriori
1368 1971 1635 2043 quadam
1661 1971 2163 2044 deprzedicatione
2203 1973 2727 2048 publicationeque
2759 1983 2811 2033 te
2842 1979 3092 2051 dignum
3115 1984 3410 2058 imprimis
3440 1991 3596 2048 arbi-

212 2054 421 2110 traris.

858 2152 1066 2200 ΕΠΙΣΤ.
1110 2147 1206 2201 IA'.

2561 2153 2774 2210 EPIST.
2813 2157 2961 2214 XIV.

206 2233 435 2307 Ἰωάννῃ
538 2239 798 2310 πατρικίῳ
834 2306 846 2325 ’
895 2240 985 2288 καὶ
1063 2236 1383 2310 σακελλαρίῳ
1475 2239 1612 2290 κατά
1706 2239 1828 2299 τοὺς

867 2309 882 2325 .
1076 2313 1086 2324 .

2075 2239 2292 2297 Joanm'
2313 2241 2566 2310 patricio
2596 2249 2649 2300 et
2678 2245 2970 2304 sacellano
2991 2263 3103 2318 per
3128 2253 3445 2325 Angurios.

834 2306 1198 2383 Ἀγγουρίους.

1497 2398 1790 2448 Montacut.
1821 2397 1927 2460 (ep.
1963 2395 2043 2452 49,
2078 2410 2131 2460 p.
2168 2398 2296 2454 102).

277 2480 362 2544 Τῷ
390 2471 606 2528 Ἀττιδι
637 2479 726 2547 μέν
777 2495 834 2528 σε
884 2473 1218 2552 ἀναφέρουσι,
1269 2477 1457 2530 Γάλλον
1509 2478 1803 2542 καλοῦντες,

1992 2477 2140 2533 Sunt
2169 2477 2273 2550 qui
2305 2483 2355 2534 te
2370 2486 2726 2551 comparant
2747 2484 2884 2552 Atti,
2910 2486 3140 2544 Gallum
3161 2493 3540 2554 nominantes
3567 2513 3581 2554 :

193 2565 250 2616 οἱ
274 2565 398 2638 παρ’
453 2561 675 2622 Ἕλλησι
711 2570 999 2636 σοφισταί·
1051 2573 1112 2638 τῇ
1168 2564 1560 2638 γυναικωνίτιδί
1613 2586 1670 2620 σε
1715 2587 1806 2620 κα-

1943 2565 2203 2622 iimirum
2255 2567 2576 2626 Graecanici
2626 2573 2932 2642 sophistas.
2986 2579 3178 2634 Nostri
3228 2586 3580 2654 nasutiores,

193 2652 554 2721 τακλείουσιν,
583 2649 898 2726 ἀνδρόγυνον
927 2659 1016 2708 καὶ
1066 2652 1260 2718 εἰδότες
1317 2661 1401 2709 καὶ
1451 2655 1802 2730 ὀνομάζοντες,

1943 2655 2748 2745 [uietsciuntAndrogynom
2772 2663 2923 2720 etita
2941 2667 3278 2736 nominant,
3303 2649 3583 2745 Gynaacio

191 2744 248 2795 οἱ
308 2744 553 2815 ἡμέτεροι
629 2748 798 2815 σοφοί.
855 2745 1016 2797 Πόθεν
1064 2741 1152 2796 οὖν
1203 2750 1268 2798 σὺ
1329 2750 1445 2808 τοὺς
1501 2745 1807 2820 ἑκατέρωθεν

1943 2741 2352 2799 ncludendum
2369 2745 2628 2802 tradunt.
2648 2747 2812 2804 Unde
2825 2765 2966 2821 ergo
2985 2752 3210 2810 factum
3229 2763 3290 2815 ut
3302 2741 3580 2836 utrinque

192 2834 351 2906 ὅρους
403 2830 629 2906 ὑπερϐὰς
675 2831 742 2892 εἰς
792 2834 858 2884 τὰ
908 2840 1002 2896 τῆς
1039 2833 1345 2897 Ἐκκλησίας
1374 2843 1509 2889 Θεοῦ
1537 2840 1810 2908 μυστήρια

1943 2832 2205 2888 ηθτωὶηοε
2254 2835 2734 2909 circumscriptos
2781 2841 3140 2910 transiliens,
3192 2847 3252 2902 in
3305 2830 3578 2909 Ecclesia;

193 2924 654 2996 παρεισίφρησας,
717 2921 822 2973 ἄνω
890 2926 980 2974 καὶ
1053 2925 1194 2976 κάτω
1264 2927 1432 2977 πάντα
1476 2933 1663 2978 ποιῶν·
1719 2929 1810 2976 καὶ

1945 2938 1975 2976 e
2007 2924 2266 2979 sacraria
2295 2923 2549 2995 injecisti
2576 2927 2604 2984 ?
2633 2929 2838 2986 omnia
2865 2946 3091 3004 susque
3129 2935 3324 3009 deque
3360 2940 3570 3001 habes.

193 3015 262 3064 τὸ
294 3010 347 3062 ἓν
377 3018 440 3083 τῇ
481 3017 546 3082 σῇ
579 3013 898 3084 παραφθόρῳ
947 3012 1098 3083 φύσει
1145 3014 1378 3087 ἄκαρπόν
1411 3033 1466 3066 τε
1515 3018 1605 3065 καὶ
1629 3015 1806 3085 ἄχρηο

1943 3010 2152 3066 laturas
2197 3015 2398 3100 autem
2446 3019 2558 3070 tua;
2603 3018 3067 3089 corruptissima;
3114 3025 3412 3100 quidquid
3443 3031 3574 3088 sine

196 3119 330 3154 στον
361 3101 410 3152 ἓν
439 3107 501 3171 τῇ
561 3106 652 3151 τοῦ
701 3105 936 3174 Χριστοῦ
990 3104 1319 3175 γονιμωτάτῃ
1374 3107 1464 3155 καὶ
1513 3102 1804 3173 πολυτέχνῳ

1943 3104 2104 3153 ructu
2135 3099 2408 3155 etiuutile
2427 3102 2786 3170 adhaarebat,
2821 3107 2877 3161 in
2901 3097 3334 3172 fecundissima
3361 3117 3571 3176 Christi

189 3187 510 3260 Ἐκκλησίᾳ,
579 3186 873 3259 φιλονεικεῖς
954 3191 1438 3265 καταπράξασθαι;
1515 3190 1621 3243 ἀλλ’
1689 3192 1804 3243 ἴσθι

1943 3187 2174 3244 Ecclesia
2199 3188 2473 3245 etliberis
2493 3192 2956 3264 quamplurimis
2979 3197 3115 3265 feta,
3141 3219 3442 3262 summam
3466 3225 3570 3280 per

192 3286 398 3350 σαφῶς,
427 3278 508 3330 ὅτι
556 3271 690 3346 ᾅδου
736 3279 826 3348 μὲν
870 3282 960 3330 καὶ
1012 3287 1110 3330 τῶν
1161 3279 1321 3333 αὐτοῦ
1375 3279 1568 3346 πυλῶν,
1629 3277 1703 3332 δι’
1733 3279 1800 3330 ὧν

1943 3276 2351 3347 mpudentiam
2372 3277 2629 3336 inserere
2646 3281 2896 3338 voluisti.
2918 3287 3030 3341 Sed
3045 3288 3370 3350 clarissime
3399 3271 3566 3354 intel-

183 3369 444 3443 πράττεις
497 3361 884 3440 ἀναιδέστερον,
930 3371 1146 3420 σεαυτὸν
1204 3381 1232 3416 ει
1257 3368 1632 3431 ἔστηλίτευσας
1651 3390 1662 3402 ⁸
1719 3370 1798 3421 δτι
1909 3363 2058 3434 Ῐίϐαε
2087 3371 2337 3436 oportet:
2369 3367 2534 3438 (ἰυοά
2566 3385 2671 3440 Per
2699 3387 2771 3426 ea
2791 3387 2925 3444 quaa
2950 3379 3219 3446 operaris
3248 3380 3566 3454 ίωρυάθη-

183 3454 252 3510 δέ
280 3460 373 3508 καὶ
425 3453 792 3528 ἀσθενέστερος
867 3451 1030 3522 ἦσθα,
1079 3459 1225 3529 ἡμεῖς
1267 3463 1356 3511 καὶ
1386 3460 1412 3511 6
1442 3467 1535 3512 τοῦ
1562 3464 1797 3533 Χριστοῦ

1943 3455 2153 3521 issime,
2197 3461 2248 3511 te
2287 3455 2492 3527 palam
2529 3457 2845 3516 declarasti
2876 3465 3040 3534 quod
3071 3467 3149 3523 ad
3173 3451 3472 3530 infernum
3499 3481 3558 3535 et

185 3549 288 3600 σὺν
316 3546 443 3617 ἡμῖν
467 3543 867 3615 πολυάνθρωπος
919 3549 1008 3596 καὶ
1063 3545 1214 3616 ἅγιος
1269 3552 1453 3620 χορός,
1509 3547 1602 3600 κᾶν
1633 3548 1799 3604 λυπή-

1943 3543 2120 3599 :iferni
2151 3551 2355 3616 portas
2394 3553 2644 3616 spectes.
2695 3549 2868 3614 Quod
2899 3567 3078 3622 porro
3118 3557 3196 3611 sis
3226 3574 3411 3631 quam
3444 3563 3558 3622 illas

185 3653 386 3706 σωμεν,
433 3629 776 3703 διελέγξομεν.
843 3633 905 3685 Εἰ
962 3630 1012 3686 δ’
1063 3633 1250 3688 ἐκεῖνον
1305 3641 1392 3688 τόν
1451 3635 1799 3710 ἀρχιτέκτονα

1943 3648 2062 3688 ares
2093 3633 2547 3704 infirmior,,nos
2572 3639 2627 3691 et
2658 3637 2968 3696 nobiscum
2989 3659 3110 3700 una
3141 3629 3558 3711 numerosissi-

184 3732 296 3777 τῶν
355 3723 778 3795 πονηρευμάτων,
833 3726 964 3793 μετά
994 3731 1094 3775 τῶν
1126 3725 1286 3777 αὐτοῦ
1341 3726 1512 3778 πυλῶν
1569 3727 1658 3797 (ὧν
1701 3731 1800 3798 μία

1943 3739 2043 3776 aus
2069 3721 2280 3777 Christi
2307 3737 2470 3791 grex,
2499 3725 2628 3780 licet
2651 3733 2851 3784 nostro
2881 3745 3018 3786 cum
3049 3732 3271 3804 dolore,
3306 3742 3558 3800 manife-

184 3815 344 3885 τάχα
396 3813 682 3883 τυγχάνεις
736 3811 913 3876 αὐτὸς,
968 3811 1080 3865 ὅλον
1127 3812 1299 3886 ἐκείνῳ
1379 3817 1436 3867 τό
1490 3819 1660 3886 στόμα
1707 3819 1797 3866 καὶ

1943 3818 2065 3865 tum
2084 3809 2355 3865 facimus.
2373 3811 2518 3866 Cum
2547 3829 2687 3869 vero
2709 3816 3005 3875 malorum
3023 3825 3292 3882 omnium
3311 3831 3559 3889 archite-

189 3905 290 3959 τήν
347 3899 590 3971 γλῶσσαν
655 3903 744 3952 καὶ
803 3905 894 3958 τὴν
967 3906 1136 3973 φωνὴν
1200 3905 1604 3978 χαρισάμενος),
1660 3904 1798 3976 ὅμως

1945 3903 2069 3952 tum
2089 3896 2278 3965 illum,
2297 3913 2415 3952 una
2427 3914 2566 3954 cum
2581 3899 2768 3969 ipsius
2794 3905 3270 3978 portis(quarum
3287 3914 3556 3974 fortassis

193 3992 485 4062 σύμπασαν
560 3988 720 4040 αὐτοῦ
802 3993 896 4048 τὴν
966 3991 1254 4064 παράταξιν
1338 3991 1663 4067 ἀνισχύρους
1710 3996 1800 4045 καὶ

1943 4004 1969 4042 u
2003 4001 2124 4041 una
2148 4001 2230 4049 es,
2261 4001 2400 4041 cum
2419 3988 2476 4040 in
2499 3987 2756 4044 solidum
2780 3991 2886 4060 ipsi
2919 4009 3006 4057 os,
3031 3994 3320 4066 linguam,
3346 4021 3556 4064 vocem

197 4079 505 4152 ἀπράκτους
550 4081 687 4132 κατά
730 4103 761 4146 b
791 4085 917 4139 Ετῆς
944 4079 1238 4142 ,Ἀικλησίας
1291 4082 1452 4135 αὐτοῦ
1499 4085 1732 4155 Χριστός
1761 4083 1790 4140 ἡ

1945 4074 2316 4146 oncesseris),
2344 4080 2401 4130 et
2451 4091 2663 4130 omnes
2692 4079 2878 4148 ipsius
2918 4085 3209 4141 exercitus
3239 4089 3555 4163 invalidos,

193 4168 417 4227 ἀλήθεια
476 4169 803 4244 ἀπεφήνατο⁶
859 4176 1023 4245 μέχρι
1051 4175 1188 4232 τίνος
1235 4171 1328 4223 οὐκ
1393 4167 1616 4233 ἑνδίδως
1659 4170 1799 4224 ἀναι-

1945 4164 2144 4220 tnihil
2175 4171 2418 4234 agentes
2466 4169 2674 4222 contra
2716 4167 3058 4237 Ecclesiam,
3115 4175 3371 4234 Christus
3426 4183 3560 4255 ipsa

191 4255 494 4329 δευόμενος,
549 4267 638 4314 καὶ
675 4263 747 4324 εἰς
801 4261 1050 4336 οὐρανούς
1113 4262 1178 4312 τὰ
1227 4269 1323 4322 τῆς
1379 4259 1625 4323 ἀπονοίας
1669 4259 1796 4333 βέλη

1943 4255 2125 4310 'eritas
2149 4253 2320 4309 nobis
2342 4254 2813 4312 confirmaverit:
2847 4274 3162 4336 quousque
3181 4269 3238 4322 tu
3261 4268 3335 4325 de
3365 4253 3561 4345 impu-

188 4351 331 4420 μετά
355 4347 547 4410 πολλῆς
588 4359 678 4411 τῆς
705 4349 1055 4412 ἀναισθησίας
1105 4348 1270 4422 ἀφιείς
1302 4366 1316 4417 ;
1348 4347 1420 4402 δι’
1487 4351 1574 4416 ὧν,
1603 4349 1801 4421 γέλωτα

1943 4345 2111 4400 entia
2138 4350 2235 4399 tua
2263 4342 2342 4398 nil
2365 4343 2612 4398 remittis
2641 4343 2670 4400 7
2699 4362 3017 4420 quousque
3049 4367 3168 4410 non
3190 4358 3424 4416 omittes
3454 4342 3565 4420 im-

189 4440 287 4510 μεν
336 4443 442 4498 τοῖς
502 4441 904 4514 συμπράττουσι
936 4436 1158 4510 δαίμοσι
1195 4446 1370 4503 κινεῖς,
1413 4437 1579 4497 λύπην
1635 4434 1693 4490 δε
1719 4436 1801 4491 ἐπὶ

1943 4433 2212 4488 ιιιόθηῑὶω
2226 4437 2342 4486 tuae
2364 4431 2480 4487 tela
2503 4431 2730 4490 furioso
2750 4451 2914 4491 more
2933 4437 2990 4492 in
3006 4442 3226 4500 coelum
3244 4447 3519 4520 ejaculari
3535 4453 3564 4508 7

193 4535 259 4599 τῇ
298 4533 365 4599 σῇ
400 4525 630 4600 ἀπωλείᾳ
669 4536 774 4589 τοῖς
803 4529 970 4600 ἁγίοις
1031 4527 1302 4600 προξενεῖς,
1363 4531 1588 4600 μισητὸν
1645 4524 1704 4580 δὲ
1743 4531 1802 4580 τὸ

1943 4523 2072 4578 inde
2127 4522 2313 4577 risum
2365 4527 2425 4578 et
2467 4521 2795 4580 ludibrium
2842 4528 3270 4589 auxiliantibus
3309 4538 3568 4597 diabolis

197 4619 294 4668 σόν
323 4617 470 4686 γένος
531 4624 618 4668 νῦν
666 4617 856 4690 μᾶλλον
887 4619 916 4677 ἦ
964 4623 1211 4692 πρότερον
1252 4621 1342 4670 καὶ
1397 4614 1679 4676 διαϐόητον
1721 4615 1803 4669 ἐπὶ

1943 4612 2240 4676 ninistras,
2273 4610 2541 4666 dolorem
2573 4627 2713 4668 vero
2743 4613 2817 4670 de
2845 4621 2948 4672 tua
2981 4620 3314 4688 perditione
3346 4632 3568 4687 sanctis

192 4709 362 4777 κακίᾳ
384 4711 666 4781 παριστᾷς.

1943 4699 2230 4756 .uffundis.
2281 4701 2478 4755 Genus
2529 4715 2708 4771 porro
2755 4707 2945 4771 tuum,
2998 4707 3148 4764 ultra
3197 4727 3382 4784 quam
3424 4718 3568 4776 olim

1921 4789 2133 4855 fuerat,
2189 4788 2328 4844 odio
2375 4788 2578 4844 haberi
2637 4798 2693 4845 et
2749 4791 3126 4853 detestationi
3177 4799 3348 4869 facis,
3398 4812 3453 4864 et
3489 4809 3571 4866 ob

1918 4877 2363 4950 improbitatem
2390 4876 2789 4935 diffamatum.

807 4979 1025 5028 ΕΠΙΣΤ.
1075 4973 1177 5026 IE’.

691 5063 1029 5136 Ἀναστασίῳ
1059 5061 1344 5138 φορολόγῳ.

2564 4969 2774 5024 EPIST.
2807 4969 2925 5026 XV.

2279 5055 2594 5112 Anastasio
2635 5057 2848 5114 tributi
2889 5062 3215 5123 collectori.

1491 5149 1780 5200 Montacut.
1815 5149 1920 5212 (ep.
1957 5147 2036 5202 51,
2075 5159 2126 5208 ρ.
2167 5145 2292 5202 106).

272 5228 386 5283 Οὐκ
417 5231 526 5284 ἔστι
555 5250 640 5284 σοι
669 5228 902 5308 πάροδος
945 5231 1016 5294 εἰς
1067 5235 1156 5289 τὴν
1181 5239 1277 5290 τῆς
1317 5228 1586 5303 βασιλείας
1621 5229 1806 5296 πύλην,

197 5317 347 5374 διότι
379 5338 464 5373 σοι
491 5323 688 5380 ταύτην
745 5321 1074 5395 ἀπετείχισεν
1119 5320 1145 5372 6
1171 5327 1268 5382 τῆς
1297 5318 1642 5393 φιλαργυρίας
1667 5321 1808 5391 ἔρως.

1991 5224 2160 5282 Haud
2187 5223 2292 5280 tibi
2320 5228 2478 5314 patet
2497 5224 2800 5295 ingressus
2833 5243 2940 5300 per
2957 5231 3256 5293 ostiumin
3284 5255 3536 5313 regnum
3561 5261 3576 5301 :

1921 5313 2320 5388 pecuniarum
2349 5313 2573 5386 quippe
2606 5330 2780 5372 amor
2801 5332 2939 5374 eum
2973 5319 3082 5378 tibi
3111 5327 3380 5388 occlusit.
3407 5335 3580 5400 Quod

1559 5425 1798 5483 VARIIE
1837 5421 2247 5482 LECTIONES.

270 5541 302 5586 1
337 5525 554 5603 ἓφιίται.
633 5540 657 5572 ³
683 5548 772 5605 γρ.
813 5527 964 5603 βέλη.
1039 5540 1066 5572 ι
1093 5527 1294 5583 ἔαυτόν.
1371 5525 1402 5570 ι)
1429 5526 1560 5600 μετὰ
1588 5522 1821 5582 Hmsch.

489 5626 734 5686 PATROL.
779 5627 886 5686 Gn.
928 5627 1049 5688 CII.
