4072 6232
614 252 721 315 939
1853 256 2089 315 PHOTII
2129 255 2611 317 PATRIARCHAE
2651 261 2756 318 CP.
3818 273 3884 329 θλιο

614 385 667 444 si
698 400 938 442 murum
967 384 1338 458 interjectum
1371 401 1494 458 quo
1521 384 1866 451 excluderis,
1895 401 2002 459 per
2039 401 2222 460 paupt

2296 391 2344 451 Α
2379 387 2436 441 Εἰ
2464 384 2524 441 δὲ
2569 391 2626 440 τό
2653 392 2968 461 μεσότοιχον
3001 385 3096 442 διὰ
3147 388 3524 463 φιλοπτωχειας
3559 392 3734 464 λύσεις,
3761 398 3884 451 θᾶττον

612 491 746 533 rum
787 492 1054 533 amorem
1096 475 1490 546 submoveris,
1533 473 1893 548 quantocius
1935 479 1991 533 te
2021 475 2220 549 recipit

1990 515 1991 524 η
2021 475 2265 549 recipiet
2375 478 2405 536 ἡ
2439 485 2534 540 τῆς
2563 476 2906 552 ἓλεημοσύνης
2927 475 3234 542 ὑποδέξεταί
3265 499 3323 533 σε
3347 487 3598 534 κατοικία.

613 565 1013 639 eleemosynaa
1053 565 1353 623 destinata
1379 563 1690 622 habitatio.

1230 653 1448 711 EPIST.
1507 655 1638 710 XVI.
3005 659 3218 708 sum.
3253 647 3352 721 ις’

1323 743 1552 801 Eidem.

3029 751 3114 814 Τῷ
3145 745 3305 816 αὐτῷ.

1895 858 2185 909 Montacut.
2225 858 2331 923 (ep.
2365 859 2440 914 52,
2476 872 2528 922 p.
2567 859 2696 922 106).

682 977 916 1036 Nullum
949 976 1268 1034 admittunt
1288 976 1438 1032 inter
1467 987 1539 1030 se
1559 976 1986 1031 commercium
2010 975 2261 1030 avaritia

2441 974 2552 1027 Οὑκ
2580 971 2693 1028 οἵδε
2747 971 2966 1028 σύνοδον
3020 974 3265 1042 ἀλλήλων,
3339 976 3595 1040 πλεονεξία
3640 985 3719 1031 καὶ
3768 981 3893 1052 φιλαν-

609 1072 666 1124 et
692 1066 1052 1122 humanitas.
1085 1067 1282 1136 Longe
1315 1065 1482 1122 abest
1513 1065 1671 1120 enim
1701 1065 1786 1119 vir
1817 1065 2157 1120 misericors
2179 1080 2213 1119 a

2371 1064 2592 1135 θρωπία.
2671 1067 2890 1139 Μακράν
2997 1064 3186 1136 ἀπέχει
3243 1064 3370 1140 ἀνὴρ
3433 1065 3646 1138 ἐλεήμων
3705 1079 3780 1132 τῆς
3825 1091 3892 1122 των

607 1156 751 1214 odio
766 1156 1046 1222 fraterno,
1069 1172 1191 1229 quo
1213 1155 1488 1211 laborant
1504 1155 1736 1210 divites.
1754 1155 2040 1220 Quocirca
2062 1155 2215 1210 hiatu

2365 1152 2720 1205 πλουτούντων
2773 1151 3147 1226 μισαδελφίας.
3205 1159 3298 1208 Διά
3328 1164 3478 1208 τοῦτο
3504 1162 3590 1209 καὶ
3610 1162 3729 1230 μέγα
3750 1162 3893 1230 χάσμα

605 1246 817 1316 ingens
869 1245 1182 1302 constituir
1234 1245 1386 1300 inter
1421 1243 1719 1300 infernum
1765 1250 1820 1298 et
1849 1243 2135 1300 ccelorum
2169 1259 2213 1300 ιιι

1933 1243 2135 1300 :lorum
2169 1259 2256 1300 re-
2365 1240 2669 1316 ἕστὴρικται
2687 1243 2880 1316 μεταξὺ
2902 1249 3106 1316 γεέννης
3135 1249 3224 1297 καὶ
3251 1243 3541 1318 βασιλείας.

605 1351 816 1408 gnum.

1221 1425 1430 1479 EPIST.
1472 1423 1632 1479 XVII.

2985 1429 3196 1478 ΕΠΙΣΤ.
3246 1424 3343 1477 ΙΖ’·

1314 1513 1542 1568 Eidem.
2288 1509 2330 1563 Β

2288 1509 2330 1563 Β
3039 1519 3124 1584 Τῷ
3149 1513 3308 1585 αὐτῷ.

1883 1635 2169 1686 Montacut.
2208 1634 2311 1700 (ep.
2348 1635 2424 1693 53,
2463 1650 2515 1700 p.
2555 1636 2682 1698 107).

677 1753 919 1810 Divitias
949 1769 1226 1819 evacuas,
1275 1757 1333 1810 et
1367 1753 1748 1809 vehementer
1794 1754 2053 1822 gaudeo,
2085 1751 2250 1823 quod

2431 1758 2602 1813 Κενοίς
2654 1754 2740 1805 τὸν
2787 1751 3042 1805 πλοῦτον
3093 1757 3183 1806 καὶ
3213 1757 3349 1826 μέγα
3377 1758 3554 1829 χαίρω
3611 1755 3684 1806 ὅτι
3729 1774 3800 1806 σοι
3825 1753 3892 1824 βα-

601 1842 706 1900 tibi
739 1843 1028 1899 caelorum
1053 1857 1304 1913 regnum
1338 1842 1698 1898 aediﬁcatum
1743 1841 1982 1898 videam
2016 1858 2028 1897 :
2063 1841 2209 1898 sede

2361 1840 2554 1894 σιλείαν
2585 1840 2811 1913 οὐρανῶν
2844 1842 2945 1914 ὁρῶ
3003 1839 3467 1915 οἰκοδομουμένην.
3515 1842 3661 1897 Ἀλλά
3688 1846 3890 1896 κενούσθω

600 1947 722 1989 una
749 1937 1114 1989 evacuentur
1129 1932 1376 1988 affectus
1399 1931 1500 1998 illi,
1524 1931 1628 2003 qui
1647 1930 1886 1987 divitias
1911 1931 2077 2003 prius
2109 1947 2208 2004 pos

2359 1949 2444 1982 σοι
2490 1935 2579 1983 καὶ
2625 1930 2661 1982 ἂ
2706 1938 3025 2003 προκατεῖχι
3074 1935 3160 1984 τόν
3239 1931 3460 1985 πλοῦτον
3515 1935 3675 1990 πάθην
3725 1934 3793 1985 ἱνα
3839 1938 3887 2003 μὴ

597 2021 876 2078 sederunt
905 2037 918 2077 :
955 2028 1016 2077 ut
1047 2038 1166 2077 non
1197 2021 1381 2077 modo
1409 2021 1706 2077 thalamus
1735 2020 1842 2076 tibi
1867 2020 2082 2093 regalis
2108 2037 2205 2076 cor

2355 2024 2507 2091 μόνον
2565 2021 2594 2078 ἡ
2630 2023 2837 2080 παστάς
2879 2021 3098 2096 ὑπάρχῃ
3135 2020 3412 2094 βασιλικὴ,
3461 2020 3584 2074 ἀλλά
3620 2025 3699 2074 καὶ
3741 2022 3762 2074 ὁ
3798 2041 3890 2094 νυμ-

596 2111 804 2181 tingat,
838 2109 938 2168 sed
967 2115 1026 2167 et
1053 2127 1313 2183 sponsus
1335 2110 1513 2168 etiam
1532 2109 1780 2183 prodeat
1805 2109 2051 2182 pulchre
2075 2125 2204 2167 exox

1277 2127 1313 2166 Ls
1335 2110 1513 2168 etiam
1532 2109 1780 2183 prodeat
1805 2109 2051 2182 pulchre
2075 2125 2245 2167 exor-
2356 2114 2469 2181 φίος
2496 2108 2885 2182 ἐξωραῐσμένος.

593 2203 795 2257 natus.

1200 2289 1420 2348 EPIST.
1445 2291 1635 2346 XVIII.

2975 2297 3184 2345 ΕΠΙΣΤ.
3218 2292 3323 2347 ῙΗ’.

1093 2379 1390 2444 Galatoni,
1417 2395 1454 2437 a
1488 2379 1740 2437 secretis.

2849 2379 3112 2432 Γαλάτωνι
3139 2379 3460 2458 ἀσηκρῆτις.

1876 2503 2167 2552 Montacut.
2205 2503 2308 2567 (ep.
2348 2502 2424 2558 55,
2461 2516 2513 2566 p.
2547 2502 2677 2564 110).

665 2618 1044 2691 Archetypon
1067 2619 1332 2692 (opinor)
1359 2623 1464 2686 est,
1483 2634 1593 2674 nec
1605 2619 2081 2676 adimitationem
2100 2618 2242 2674 alio-

2423 2616 2767 2690 Ἀρχέτυπον,
2819 2617 2986 2693 οἶμαι,
3042 2629 3130 2674 καὶ
3190 2621 3248 2675 ού
3299 2625 3433 2698 πρὸς
3490 2628 3700 2695 μίμησιν
3754 2621 3884 2693 ἐτέρων

589 2723 728 2765 rum
771 2707 1125 2774 institutum,
1171 2708 1438 2780 praeclari
1477 2709 1652 2764 amici
1693 2708 1777 2764 tui
1831 2709 2197 2764 mendaciun

2349 2713 2805 2780 μεμηχανημένον,
2885 2719 2976 2764 τοῦ
3021 2713 3180 2765 καλοῦ
3234 2733 3328 2765 σου
3394 2715 3538 2786 φῦου
3589 2715 3807 2784 τυγχάνει
3845 2713 3883 2759 τὸ

589 2797 793 2869 Neque
817 2797 978 2851 enim
1010 2797 1350 2868 persuaderi
1377 2797 1490 2868 ipsi
1530 2797 1738 2868 possit,
1775 2803 1836 2852 ut
1864 2813 2002 2852 cum
2049 2797 2197 2868 poeti

2274 2805 2310 2860 C
2347 2793 2563 2867 ψεῦδος.
2598 2805 2845 2861 Ποιηταῖς
2900 2805 2989 2873 μὲν
3045 2804 3169 2874 γὰρ,
3229 2809 3405 2856 καίτοι
3456 2803 3792 2876 φιλομυθοὺσιν
3830 2797 3882 2866 (οὐ

590 2885 682 2941 vel
707 2884 1139 2941 amantissimis
1165 2885 1500 2951 ﬁctionum,
1531 2901 1605 2940 ne
1636 2885 1833 2941 dicam
1869 2886 2112 2944 comicis
2135 2902 2198 2941 at

2347 2885 2478 2958 λέγω
2507 2896 2772 2959 κωμικοῖς,
2801 2889 2910 2941 ἀλλ’
2965 2887 3088 2944 ούὸὲ
3119 2894 3434 2965 τραγικοῖς),
3488 2894 3578 2944 ούκ
3607 2891 3661 2942 ἂν
3700 2890 3882 2942 πεισθείη

588 2973 1249 3047 tragicis,comparetur
1271 2992 1284 3042 ;
1304 2974 1492 3030 multo
1511 2976 1705 3046 magis
1734 2975 1837 3048 qui
1871 2991 1968 3030 res
1985 2975 2196 3030 heroum

2350 2979 2742 3050 συγκρίνεσθαι.
2800 2979 2975 3048 Πολλῷ
3025 2977 3084 3032 δὲ
3139 2981 3351 3053 μᾶλλον,
3406 2979 3615 3040 οὑδόἶς
3669 2982 3726 3030 τὰ
3747 2979 3883 3048 ἡρώων

587 3070 786 3136 gestas
820 3067 1010 3120 metro
1041 3080 1380 3137 paronymo
1420 3063 1558 3136 (hoc
1593 3068 1698 3131 est,
1748 3064 2010 3131 heroico)
2042 3079 2195 3136 perst

2346 3067 2640 3139 παρωνύμῳ
2685 3071 2856 3140 μέτρῳ
2905 3067 3172 3141 ἐξῄρηται.
3274 3077 3448 3123 Ὅπου
3547 3067 3620 3134 δὲ,
3709 3071 3883 3122 ποιητῶν

587 3153 705 3209 cuti
731 3158 888 3208 sunt.
929 3153 1073 3209 Cum
1104 3169 1242 3209 vero
1274 3160 1482 3225 poetas
1517 3171 1731 3210 omnes
1764 3153 1824 3209 in
1857 3158 2195 3226 extempora

2345 3152 2603 3220 ἀπάντων,
2664 3154 2711 3207 ἐν
2785 3164 2858 3226 τῷ
2939 3155 3270 3229 σχεδιάζειν,
3367 3161 3768 3234 ὑπερωφρύωται,
3829 3156 3885 3210 τίς

585 3241 742 3298 libus
759 3242 1056 3315 ﬁgmentis
1071 3243 1522 3316 transgreditur,
1538 3244 1716 3316 idque
1735 3261 1870 3300 cum
1896 3243 2193 3316 supercilit

2347 3243 2620 3313 ἱστορικῶν
2696 3244 2725 3302 ἢ
2808 3251 3144 3319 συγγραφέων
3220 3247 3288 3308 εἰς
3363 3254 3573 3320 μνήμην
3641 3249 3777 3317 χρεία
3816 3244 3880 3291 καὶ

585 3329 902 3388 historicus
939 3332 1244 3405 quispiam
1287 3335 1389 3388 aut
1418 3349 1595 3404 prosa
1634 3335 1903 3404 scriptor,
1939 3333 2034 3388 hic
2081 3349 2193 3403 0le

2343 3333 2634 3404 παράθεσις
2669 3337 2833 3405 ζπρὸς
2863 3335 2948 3386 ἕνα
3000 3339 3136 3402 τινὰ,
3189 3336 3394 3403 λοιπὸν,
3453 3340 3701 3408 γενναίων,
3753 3330 3879 3401 οἶμαι,

587 3424 694 3486 est,
750 3423 816 3474 ut
843 3420 901 3474 in
934 3421 1278 3476 memoriam
1313 3427 1616 3476 revocetur
1653 3422 1722 3491 ei,
1779 3427 1834 3476 et
1885 3437 1955 3476 ex
1983 3421 2191 3476 advers

2341 3421 2406 3470 τά
2435 3418 2630 3490 ψευδῆ,
2680 3428 2844 3494 μέγας
2917 3424 3058 3495 αὑτῷ
3100 3430 3189 3477 καὶ
3243 3425 3572 3500 ἀμφήριστος
3618 3423 3884 3476 ὑπολείπεται

587 3514 984 3578 componatur
1006 3513 1282 3564 strenuus
1308 3510 1607 3581 quispiam
1643 3510 2090 3565 mendaciorum
2116 3525 2195 3564 sai

2344 3508 2369 3558 ὁ
2397 3507 2554 3579 ἀγών.
2583 3515 2672 3572 Τίς
2725 3508 2812 3564 οὖν
2843 3511 2982 3565 ἐστιν
3031 3514 3174 3575 οὗτος
3209 3531 3223 3581 ;
3275 3515 3392 3567 Οὑκ
3447 3515 3494 3567 ἐν
3520 3514 3758 3572 Ἕλλησιν,
3798 3497 3881 3558 οὑιΓ

589 3599 698 3660 tor,
733 3600 795 3650 ut
823 3594 908 3650 ita
939 3611 1224 3667 magnum
1252 3603 1306 3651 et
1343 3596 1594 3652 dubium
1627 3597 1878 3671 subeant
1909 3604 2197 3653 certamen

2343 3595 2390 3647 ἐν
2448 3598 2731 3673 Βαρϐάροις
2784 3601 2922 3664 ἀξιοῖ
2974 3601 3335 3656 πολιτεύεσθαι
3367 3625 3381 3637 ο
3415 3613 3513 3676 γῆν
3570 3600 3625 3655 δὲ
3672 3603 3880 3671 ἄγνωστον

587 3685 729 3748 Quis
757 3690 953 3740 autem
977 3684 1075 3740 ille
1109 3685 1347 3741 tandem
1379 3687 1482 3741 erit
1508 3687 1536 3742 ‘?
1559 3688 1722 3742 Certe
1754 3702 1860 3743 nec
1903 3687 2054 3742 inter
2084 3690 2195 3743 (ἐι-εξ

2343 3684 2654 3761 ἀνθρώποις,
2723 3689 2911 3762 μᾶλλον
2935 3688 2984 3744 δ’
3042 3691 3371 3764 ἀνύπαρκτον
3439 3694 3578 3754 ὅλως,
3643 3695 3721 3742 καὶ
3773 3691 3880 3757 γένος

585 3787 712 3838 cas,
755 3771 861 3828 sed
897 3788 1089 3846 neque
1119 3773 1410 3830 barbaros
1463 3776 1680 3831 versari
1733 3775 2072 3848 dignabitur
2115 3777 2193 3832 ἱΙΙι

2343 3774 2763 3850 ἀκατονόμαστον
2801 3782 3148 3846 ἐπιζητήσας,
3203 3785 3444 3836 κακείθεν
3496 3777 3764 3853 ἐπιδημῶν,
3800 3780 3881 3832 τοῖς

585 3862 700 3918 Sed
729 3878 881 3934 opus
911 3866 1109 3918 autem
1141 3868 1228 3918 est
1255 3863 1336 3919 uti
1371 3864 1685 3936 investiges
1714 3871 1928 3921 terram
1969 3865 2193 3921 homini

2339 3867 2545 3936 μύθοις,
2605 3877 2704 3919 τῶν
2789 3868 3090 3944 ἀπορρήτων
3158 3871 3456 3944 ὑφηγητὴς,
3528 3873 3652 3943 μετά
3716 3863 3881 3939 φοϐερᾶς

579 3949 696 4007 bus
752 3951 1142 4021 incognitam,
1192 3953 1388 4024 potius
1427 3969 1561 4026 quae
1604 3970 1906 4025 nusquam
1955 3953 2187 4009 habetm

2340 3964 2432 4018 τῆς
2465 3955 2654 4029 ὀφρύος
2705 3961 3054 4033 προκάθηται.
3115 3961 3379 4033 Τιμοκλέα
3433 3965 3574 4027 ποτε,
3631 3956 3792 4030 μᾶλλον
3836 3948 3878 4004 δὶ

581 4045 634 4096 et
665 4044 901 4109 gentem
935 4039 1200 4113 aliquam
1233 4040 1672 4098 innominatam
1703 4059 1718 4109 ;
1756 4042 1896 4098 inde
1921 4043 2038 4098 huc
2063 4059 2189 4114 pere

2339 4044 2751 4100 Χλονθάκονθλον
2782 4051 2869 4100 τὸν
2927 4051 3231 4122 Ὀφιοκανόν
3254 4047 3366 4118 (δεῖ
3408 4055 3528 4124 γὰρ.
3561 4052 3621 4109 ὡς
3661 4051 3788 4104 ἔοικε,
3814 4047 3880 4092 καὶ

579 4130 784 4201 grinus
815 4129 1138 4198 adveniat;
1173 4135 1393 4187 etcum
1439 4131 1677 4187 terribili
1719 4133 1986 4204 quodam
2027 4148 2187 4205 supei

2269 4161 2302 4216 Β
2337 4136 2402 4185 τά
2439 4135 2664 4207 ὀνόματα
2713 4141 3116 4210 τερατεύεσθαι)
3177 4140 3442 4212 κουρίζων
3498 4143 3620 4200 ἰσως
3670 4136 3694 4194 ἧ
3742 4149 3877 4206 μειρα·

576 4217 733 4283 cilio,
801 4222 1164 4274 secretorum
1226 4229 1555 4285 enarrator,
1635 4219 1853 4276 fabulis
1908 4221 2184 4292 praesides

2335 4223 2494 4284 κὶζων
2525 4233 2634 4288 τοῖς
2679 4229 3008 4299 μαθήμασιν,
3055 4231 3303 4294 ἤκουσας,
3369 4230 3674 4301 Ὀφιοκανῶν
3701 4225 3875 4282 ἐκείνων,

574 4305 948 4363 enarrandis.
979 4306 1300 4363 Timoclem
1320 4308 1466 4365 forte
1492 4309 1778 4381 aliquem,
1803 4326 1937 4365 cum
1959 4309 2048 4365 vel
2077 4327 2182 4382 pue

2333 4312 2422 4375 οὒς
2446 4315 2601 4376 αὑτὸς
2645 4317 3002 4382 ὑπεστήσατο,
3056 4322 3222 4388 γένος,
3293 4323 3386 4371 καὶ
3425 4322 3594 4390 φύσιν,
3653 4318 3730 4364 καὶ
3769 4308 3878 4361 πολι-

571 4393 664 4451 vel
698 4395 1044 4452 adolescens
1075 4397 1494 4468 diciplinarum
1527 4398 1762 4454 scholas
1793 4398 2004 4465 adires,
2047 4399 2179 4454 aud:

2329 4407 2486 4472 τιίαν,
2528 4409 2618 4456 καὶ
2669 4407 2866 4476 μάχας,
2899 4410 2987 4457 καὶ
3016 4411 3181 4470 νίκας,
3223 4411 3313 4459 καὶ
3346 4406 3479 4478 βίων
3528 4405 3703 4463 αἰῶνας
3727 4413 3760 4451 εν
3809 4400 3877 4448 καὶ

567 4485 723 4553 visti,
756 4491 858 4542 aut
886 4485 1420 4542 Clonthaconthlon
1448 4488 1834 4558 ophicianum
1860 4489 2023 4558 (nam
2051 4505 2175 4544 mor

2326 4491 2552 4558 ἡλικίας,
2603 4499 2692 4545 καὶ
2747 4491 3115 4566 εὑδαιμονίας’
3167 4496 3262 4548 οὑκ
3294 4495 3573 4571 ἀνθρώπων
3597 4498 3750 4564 μόνον,
3781 4485 3876 4538 ἰωὰ

563 4580 687 4632 stra
699 4574 873 4631 nobis
887 4574 1534 4631 nominumformanda
1553 4577 1712 4649 sunt)
1727 4577 2171 4648 Ophicianorun

2323 4587 2412 4634 καὶ
2443 4590 2632 4654 φυτῶν,
2684 4588 2772 4635 καὶ
2822 4587 2986 4648 ζώων,
3048 4589 3136 4638 καὶ
3173 4593 3289 4656 γῆς,
3354 4591 3446 4637 καὶ
3500 4585 3762 4646 θαλάσσης,
3809 4581 3873 4626 καί

559 4680 712 4737 quos
738 4664 847 4721 sibi
863 4665 1126 4736 conﬁxit,
1159 4665 1418 4720 nationis
1444 4673 1747 4732 naturam,
1779 4666 2068 4738 politiam,
2106 4685 2167 4738 pl

2322 4665 2486 4741 ἀέρος,
2541 4676 2630 4723 καὶ
2700 4671 2986 4743 ὑπερϐολὴν
3063 4672 3380 4745 ψευσμάτων
3464 4670 3868 4746 τερατευσάμειον.

556 4767 730 4821 gnas,
785 4755 1084 4819 victorias,
1141 4754 1272 4810 vitae
1316 4753 1555 4819 saecula,
1612 4759 1828 4820 aetates,
1881 4755 2164 4812 felicitate:

2318 4756 2473 4811 Ἀλλά
2515 4765 2603 4812 καὶ
2647 4764 2777 4834 πρὸς
2836 4769 3034 4826 τοῦτον,
3096 4763 3165 4825 εἰς
3232 4766 3348 4823 τοὺς
3411 4767 3528 4836 περὶ
3579 4767 3664 4813 τοῦ
3691 4750 3871 4828 desim

553 4856 748 4914 neque
777 4843 1092 4900 hominum
1125 4843 1566 4908 tantummodo,
1600 4845 1700 4900 sed
1757 4850 1813 4900 et
1863 4845 2161 4916 plantarut

2315 4845 2536 4918 ἀγῶνας,
2591 4849 2796 4912 ὁκαλός
2836 4870 2930 4902 σου
2980 4851 3125 4922 φίλος
3178 4857 3221 4904 εί
3269 4848 3617 4916 ἀποδύσαιτο,
3667 4848 3732 4908 εἰς
3752 4846 3867 4915 Wi'

550 4931 923 4999 animalium,
949 4933 1152 4996 maris,
1185 4938 1240 4989 et
1263 4937 1452 5001 terras,
1485 4935 1783 5008 aerisque,
1813 4933 2158 5006 hyperbolic

2313 4955 2438 4994 στην
2482 4936 2541 4988 ἂν
2601 4937 2818 5013 ἀπορίαν
2882 4944 3002 5000 τούς
3089 4939 3364 5002 ἀθλοθέτας
3439 4945 3529 4992 καὶ
3599 4937 3759 5009 κριτὰς
3795 4938 3865 4982 τῶν

549 5019 953 5086 mentientem,
979 5027 1035 5077 et
1061 5022 1406 5093 prodigiose
1446 5029 1928 5095 prosequentem.
1965 5025 2157 5078 Certe:

2307 5029 2550 5079 τοιούτων
2607 5026 2983 5100 ἀγωνισμάτων
3046 5036 3426 5102 περιστήσειεν,
3515 5031 3728 5101 ὁποτέρῳ
3793 5026 3865 5070 τῶν

547 5105 867 5176 praeclarus
892 5109 988 5165 ille
1020 5116 1154 5165 tuus
1188 5111 1440 5178 amicus,
1475 5112 1532 5168 in
1582 5119 1882 5169 certamen
1913 5113 1986 5167 de
2033 5129 2155 5169 me:

2307 5111 2404 5176 δύο
2480 5121 2574 5174 τὴν
2633 5125 2860 5170 νικῶσαν
2943 5117 3366 5191 ἐπιψηφίσηται.
3433 5117 3532 5171 Ἕα
3597 5121 3755 5170 τοίνυν
3801 5111 3863 5160 τὸν

542 5195 761 5260 tiendo,
791 5210 926 5252 cum
968 5199 1081 5253 isto
1131 5199 1374 5256 homine
1426 5201 1827 5273 descenderet,
1857 5201 2090 5272 judices
2138 5221 2150 5258 t

2305 5203 2617 5276 ἀνεῳγμένον
2661 5208 2816 5279 τάφον
2874 5215 2973 5259 τῶν
3035 5207 3350 5281 ψευσμάτων
3407 5209 3631 5280 (ἄμεινον
3686 5205 3772 5276 γὰρ
3824 5195 3864 5247 ἐκ

535 5281 922 5354 ρτωωὶοτυω
950 5286 1381 5358 distributores,
1411 5291 1486 5346 ad
1504 5291 1837 5348 istiusmodi
1860 5292 2143 5348 certamin

2299 5303 2392 5356 τῆς
2421 5294 2643 5358 ἀληθοῦς
2691 5300 2873 5368 σοφίας
2911 5295 3220 5360 ἓξεικονίσαι
3271 5297 3380 5371 ἅμα
3437 5301 3525 5350 καὶ
3559 5293 3856 5353 στηλιτεῦσαι

1923 5418 2156 5475 νΑΒΙΑΕ
2189 5418 2590 5478 LECTIONES.

599 5547 624 5578 ο
649 5536 726 5589 ἶσ.
762 5531 989 5608 ἀγωγάς.
