4072 6232
155 300 254 358 941

1404 301 1919 362 EPISTOLARUM
1959 300 2167 360 LIBER
2208 298 2299 355 IlI.

3415 300 3519 360 942

156 414 248 462 τόν
273 408 474 477 οἷθλιον)
503 412 593 461 καὶ
622 415 718 470 τῆς
743 409 928 463 έκιῖθεν
954 405 1244 477 δυσωδίας,
1289 416 1479 464 σαυτόν
1522 411 1756 469 ἀπόστη-

1891 411 2240 471 :onstitutos,
2268 406 2328 461 in
2359 403 2662 474 ambiguis
2683 404 2987 462 sententiis
3008 406 3324 465 distractos
3353 409 3520 466 vide-

167 517 280 551 σον.
315 497 372 551 Εἰ
400 498 499 570 γὰρ
527 493 652 550 οὐδὲ
687 495 860 560 διξιού
893 497 1179 572 ὀφθαλμοῦ,
1226 497 1350 554 οὐδὲ
1395 503 1573 574 χειρὸς
1603 500 1755 574 (οἷπερ

1891 515 2088 564 emus,
2122 496 2217 553 cui
2261 510 2292 550 e
2330 494 2572 549 duobUS
2596 494 2853 550 victorim
2885 495 3187 552 calculum
3223 497 3521 554 ascribere

159 584 381 641 δύναται
413 586 572 658 φίλων
603 583 863 652 δεξιότης,
921 597 1020 640 τῶν
1059 592 1148 660 μὲν
1193 591 1316 663 όρᾷν
1359 593 1416 642 τό
1475 592 1756 662 συμφέρον,

157 685 259 730 τῶν
316 673 375 729 δὲ
437 678 906 751 μεταχειρίζεσθαι
953 681 1334 750 συνεργούντων
1385 684 1474 732 καὶ
1527 698 1760 751 συμπρο-

165 767 517 837 θυμουμένων,
569 770 658 818 κοιὶ
715 764 886 828 ύπλῶς
938 771 1066 840 πρὸς
1116 766 1322 820 ἅπαντα
1384 772 1474 840 μὲν
1544 769 1610 820 τὰ
1670 774 1762 819 τοῦ

166 853 292 927 βίου
348 859 803 928 χρησιμευόντων,
856 853 1020 917 ἄλλως
1070 851 1129 908 δὲ
1158 859 1288 930 πρὸς
1339 861 1524 908 κακίαν
1567 858 1760 908 ύποσυ·

165 943 401 1015 ρόντων),
481 940 606 996 ούδε
682 946 874 995 τούτων
941 941 1216 1016 φιίδεσθαι
1287 945 1761 1019 παρακελευόμεθα,

166 1032 295 1084 ἀλλὰ
347 1029 736 1104 διασχίζεσθοιι
799 1035 983 1086 θᾶττον
1037 1034 1205 1086 αὐτῶν
1251 1040 1342 1088 καὶ
1395 1031 1764 1106 διατέμνεσθαι

161 1124 601 1197 προσταττόμεθα
632 1141 645 1154 ο
677 1126 730 1174 τί
775 1126 885 1193 χρὴ
936 1131 1099 1175 ποιεῖν
1142 1129 1260 1197 περὶ
1305 1131 1398 1176 τοῦ
1448 1128 1760 1187 σεσηπότος,

161 1217 253 1263 καὶ
307 1211 366 1263 ού
409 1218 519 1277 νῦν,
553 1210 680 1263 ἀλλὰ
711 1208 745 1264 δ
752 1215 997 1272 ιαπαντός
1053 1217 1142 1265 καὶ
1174 1213 1448 1287 ἀχρήστου
1479 1217 1565 1264 καὶ
1603 1211 1766 1265 πάλαι

163 1296 540 1371 διαιρεθέντος,
589 1305 681 1352 καὶ
744 1299 802 1352 ού
860 1301 1041 1373 μέλους
1103 1305 1226 1354 ποτε
1294 1305 1584 1375 γεγονότος,
1639 1299 1766 1352 ἀλλὰ

159 1388 330 1441 πολλὰ
358 1398 458 1442 τῶν
489 1389 650 1460 μελῶν
691 1387 945 1464 ἆπαρχῆς
969 1396 1442 1464 τραυματίσαντος.

1869 588 2174 644 deberent.
2229 583 2441 641 Omitte
2484 588 2687 639 autem
2738 589 2799 638 tu
2854 591 3064 656 patens
3120 585 3264 641 illud
3321 586 3524 658 sepul-

1870 693 2038 733 crum
2066 674 2517 732 mendaciorum
2551 673 2759 742 (satius
2791 671 2964 728 fuerit
2997 691 3032 730 a
3063 679 3254 730 veraci
3285 675 3526 747 sapien-

1873 767 1950 822 tia
1999 769 2339 821 mutuantes
2396 767 2842 834 repraesentare,
2885 762 3061 817 simul
3108 768 3164 818 et
3207 765 3526 837 propalare

1873 855 2156 910 miserum
2188 851 2399 920 illum),
2429 856 2484 906 et
2513 851 2591 905 ab
2622 851 2937 906 exhalante
2967 851 3106 906 inde
3137 851 3316 908 fetore
3349 858 3528 910 temet

1871 959 2056 1014 quam
2098 939 2445 1012 longissime
2485 939 2799 994 submove.
2843 939 2900 996 Si
2935 939 3094 994 enim
3133 957 3242 996 nec
3280 941 3526 998 dextero

1873 1031 2070 1098 oculo,
2102 1035 2206 1086 aut
2245 1029 2422 1086 etiam
2463 1028 2669 1084 manui
2710 1044 2952 1100 parcere
2991 1029 3278 1100 jubemur
3308 1033 3373 1095 ιο,
3419 1031 3526 1086 sed

1872 1138 2077 1178 eruere
2104 1125 2160 1176 et
2180 1118 2531 1175 abscindere
2556 1119 2912 1190 quantocius
2941 1123 3257 1190 utrumque
3284 1118 3526 1191 (quibus

1873 1208 2119 1278 intelligi
2161 1206 2390 1262 videtur
2418 1205 2750 1262 amicorum
2797 1205 3134 1272 dexteritas,
3175 1207 3280 1280 qui
3311 1207 3525 1280 partim

1874 1297 2038 1370 quod
2057 1296 2337 1352 conducit
2358 1294 2530 1350 nobis
2551 1310 2791 1350 cernere
2815 1295 3074 1367 possint;
3097 1296 3311 1367 partim
3333 1295 3528 1352 liben-

1877 1393 1966 1443 ter
1994 1391 2052 1442 et
2081 1390 2360 1458 prompto
2391 1384 2594 1440 animo
2625 1385 2932 1456 cooperari
2981 1391 3036 1440 et
3066 1385 3368 1455 adjutores
3398 1400 3527 1440 esse

154 1482 435 1550 possunt,
461 1478 520 1532 in
548 1479 617 1534 iis
644 1495 780 1550 quae
803 1481 1163 1552 accepimus,
1193 1480 1416 1552 quique
1444 1478 1790 1549 simpliciter
1811 1475 1889 1533 ad
1914 1491 2125 1532 omnes
2152 1474 2283 1530 vitm
2310 1477 2508 1545 partes
2538 1472 2711 1528 nobis
2741 1473 2953 1528 utiliter
2973 1473 3320 1542 inserviunt,
3349 1475 3527 1530 etiam

157 1567 263 1622 ubi
311 1567 641 1638 periculum
687 1571 797 1631 est,
839 1583 913 1623 ne
956 1568 1030 1623 ad
1061 1569 1202 1624 vitia
1241 1568 1657 1640 abripiamur),
1690 1565 1835 1638 quid
1869 1570 2044 1638 putas
2086 1563 2431 1620 faciendum
2473 1561 2532 1616 in
2568 1561 2919 1632 putrefacto,
2953 1566 3012 1618 et
3046 1578 3167 1618 non
3209 1579 3370 1618 nunc
3412 1561 3529 1635 pri-

157 1671 354 1722 mum,
378 1655 486 1711 sed
507 1672 747 1728 semper
761 1656 980 1723 inutili,
1001 1656 1138 1713 olim
1162 1657 1416 1728 divulso,
1439 1671 1632 1729 neque
1657 1655 1832 1711 unius
1861 1651 2299 1726 membriquod
2314 1649 2527 1715 fuerat,
2549 1650 2656 1706 sed
2671 1650 2998 1707 multorum
3021 1651 3455 1720 membrorum,
3475 1655 3532 1707 et

159 1744 413 1817 quidem
444 1745 522 1801 ab
553 1745 740 1810 initio,
774 1745 1122 1801 vulneribus
1154 1747 1384 1802 infami.

788 1840 998 1890 ΕΠΙΣΤ.
1035 1834 1143 1888 ΙΘ¹.

693 1923 904 1982 Ἰωάννη
949 1926 1246 2000 σπαθαρίῳ.

2517 1828 2731 1885 EPIST.
2763 1831 2892 1885 XIX.

2416 1919 2642 1975 Joanm‘
2668 1918 3002 1988 spathario.

1476 2055 1770 2106 Montacut.
1803 2063 1906 2119 (ep.
1936 2055 2015 2110 56,
2040 2067 2092 2116 p.
2129 2053 2258 2115 112).

251 2171 504 2245 ⁴Ἀριστον
529 2174 638 2244 μεν,
663 2176 930 2244 κρείττονα
951 2172 1148 2245 φαύλης
1168 2173 1412 2235 ὑπονοίας
1429 2173 1737 2243 νομίζεσθαι
1760 2188 1772 2201 ⁶

174 2263 224 2316 εἰ
271 2259 331 2315 δε
368 2267 458 2334 μὴ,
510 2263 860 2319 ύπονοηθὲντα
911 2267 996 2314 καὶ
1051 2264 1292 2335 κριθέντα
1339 2267 1408 2334 μὴ
1444 2261 1774 2314 ἁλίσκισθαι.

164 2352 240 2406 Ὀ
271 2348 332 2404 δε
365 2356 456 2404 καὶ
485 2353 681 2425 κριθεὶς
721 2356 811 2404 καὶ
841 2351 1011 2416 ἁλούς,
1049 2350 1144 2402 κᾶν
1176 2347 1330 2409 δίκην
1357 2353 1499 2403 οὔπω
1552 2347 1777 2403 δίδωσιν

175 2441 380 2514 έτέραν,
435 2439 543 2492 ἀλλ’
574 2438 664 2493 οὖν
713 2445 807 2499 τὴν
860 2441 1260 2512 χαλεπωτάτην,
1307 2443 1385 2505 τὸ,
1431 2442 1586 2500 κακός
1617 2439 1778 2511 ὀφθῆ-

173 2551 266 2583 ναι
307 2535 397 2583 καὶ
443 2526 599 2588 δίκην
647 2528 879 2602 ὀφείλειν,
931 2525 1149 2582 δέδωκε.
1209 2531 1410 2603 Πράττε
1465 2533 1634 2582 τοίνυν
1682 2528 1778 2580 αύ-

172 2623 282 2684 τός,
336 2618 449 2671 ἐπεὶ
513 2622 699 2691 μηκέτι
751 2638 836 2671 σοι
898 2619 1090 2693 ῥᾷστον
1144 2617 1616 2670 ἀποσκευάσασθαι
1684 2621 1777 2676 τὴν

170 2710 448 2773 ὑπόνοιαν,
482 2707 587 2779 οὐχ
622 2710 758 2770 ὅπως
789 2712 860 2780 μὴ
891 2705 1046 2767 δίκην
1083 2704 1211 2778 δῷς,
1257 2706 1364 2759 ἀλλ’
1395 2708 1540 2769 ὅπως
1569 2711 1637 2778 μὴ
1678 2715 1778 2758 τῶν

174 2793 338 2857 δίκην
370 2797 672 2869 ὀφειλόντων
702 2797 978 2870 ἐλεγχθῆς.

812 3069 1026 3120 eum.
1065 3062 1144 3120 K'.

466 3153 690 3228 Μιχαὴλ
718 3158 976 3228 πατρικίῳ
1015 3157 1104 3206 καὶ
1145 3151 1486 3225 σακελλαρίῳ.

1961 2170 2268 2242 Optimum
2287 2167 2534 2241 quidem
2553 2172 2640 2223 est
2663 2167 2816 2224 ultra
2830 2183 3074 2224 omnem
3093 2168 3237 2225 mali
3253 2170 3542 2243 suspicio-

1887 2273 2024 2314 nem
2057 2258 2261 2313 locari.
2297 2257 2468 2322 Quod
2498 2248 2549 2312 si
2575 2272 2698 2312 non
2723 2256 2870 2313 illud
2894 2256 3224 2328 contigerit,
3254 2264 3314 2315 at
3339 2275 3543 2332 suspe-

1887 2353 2048 2404 ctum
2079 2352 2136 2404 et
2164 2345 2425 2402 examini
2451 2346 2783 2410 subditum,
2814 2361 2936 2402 non
2962 2363 3129 2402 reum
3152 2347 3540 2420 deprehendi.

1889 2437 1997 2502 Qui
2023 2441 2220 2492 autem
2251 2437 2335 2490 sic
2356 2433 2651 2506 judicium
2679 2433 2941 2502 subierit,
2970 2441 3031 2490 ut
3053 2435 3113 2490 in
3141 2437 3318 2509 culpa
3343 2436 3543 2493 inven-

1887 2533 1983 2581 tus
2011 2523 2200 2589 fuerit,
2243 2525 2377 2580 licet
2414 2523 2593 2579 aliam
2627 2539 2869 2595 poenam
2899 2541 3020 2580 non
3049 2525 3264 2594 tulerit,
3289 2532 3346 2582 at
3366 2531 3541 2592 certe,

1887 2631 2023 2688 qua;
2045 2614 2396 2685 gravissima
2426 2617 2533 2683 est,
2563 2612 2765 2680 dedit;
2791 2629 3007 2686 nempe
3036 2614 3204 2686 quod
3229 2615 3545 2688 improbus

1889 2704 2187 2769 inventus,
2225 2710 2281 2758 et
2309 2701 2530 2772 dignos
2561 2703 2664 2774 qui
2696 2703 2990 2775 supplicio
3035 2703 3403 2774 subjiciatur,
3439 2704 3548 2760 ha-

1888 2794 2118 2850 beatur.
2164 2800 2285 2862 Age
2333 2791 2530 2861 igitur,
2571 2791 3071 2864 quandoquidem
3118 2793 3285 2849 haud
3337 2792 3436 2849 tibi
3485 2793 3546 2849 in

1890 2888 2171 2956 promptu
2195 2887 2286 2936 est
2305 2881 2706 2952 suspicionem
2730 2880 2986 2947 amoliri,
3007 2897 3131 2938 non
3154 2887 3217 2938 ut
3237 2896 3311 2938 ne
3334 2897 3547 2954 pmnas

1890 2971 2018 3038 des,
2052 2969 2156 3026 sed
2188 2975 2251 3026 ut
2279 2985 2352 3025 ne
2382 2984 2595 3042 pmnas
2630 2969 2786 3040 juste
2817 2971 3108 3026 meruisse
3139 2969 3542 3028 convincaris.

2531 3059 2741 3114 EPIST.
2777 3060 2883 3114 XX.

2195 3147 2481 3205 Michaeli
2505 3147 2768 3218 patricio
2797 3152 2852 3206 et
2879 3149 3220 3206 sacellario.

1483 3274 1774 3325 Montacut.
1802 3275 1907 3338 (ep.
1939 3273 2018 3330 57,
2045 3287 2098 3336 p.
2129 3273 2258 3332 112).

251 3394 314 3446 Εἰ
343 3395 435 3466 μὶν
465 3392 646 3466 φιλεῖς,
693 3388 894 3456 ἀδικεῖς
929 3413 941 3426 ο
973 3391 1017 3445 εἰ
1049 3388 1107 3445 δὲ
1135 3394 1207 3464 μὴ
1254 3389 1429 3462 φιλεῖς,
1479 3389 1628 3442 πλέον
1660 3385 1780 3442 ἀδι-

171 3491 286 3546 κεῖς
319 3505 333 3518 ·
366 3486 425 3536 τό
477 3486 588 3555 μὶν,
621 3484 699 3536 ότι
747 3491 844 3535 τῶν
897 3481 1209 3554 φιλουμένων
1254 3478 1302 3532 έν
1332 3487 1448 3542 ταῖς
1488 3487 1780 3554 συμφοραῖς

176 3573 451 3648 ὀλιγωρεῖς
484 3589 497 3602 °
529 3575 586 3624 τὸ
639 3568 719 3635 δε,
781 3573 861 3624 ὅτι
927 3567 1052 3624 ούδὶ
1117 3573 1232 3630 τοὺς
1272 3569 1544 3641 φιλοῦντας
1602 3568 1778 3642 φιλεῖς.

172 3664 362 3717 Ταῦτά
411 3681 493 3715 σοι
525 3662 550 3714 ὁ
593 3660 756 3714 πάλαι
784 3663 874 3733 μὶν
917 3663 1027 3725 σός,
1079 3667 1166 3711 νῦν
1198 3654 1257 3711 δε
1281 3663 1370 3710 καὶ
1417 3661 1588 3720 κοινὸς
1613 3657 1778 3730 φίλος,

174 3761 338 3806 τοῦτο
383 3754 472 3824 μεν
517 3750 725 3824 φιλικῶς
767 3749 1014 3822 ἐλέγχων,
1062 3754 1215 3801 τοῦτο
1269 3743 1328 3800 δε
1382 3743 1664 3811 δυσωπῶν,
1707 3742 1780 3798 δι’

173 3843 331 3915 ἡμῶν
359 3839 686 3914 χρηματίζει
714 3843 804 3892 καὶ
832 3834 1266 3912 διαμαρύτριται.

793 4021 1006 4071 ΕΠΙΣΤ.
1051 4013 1174 4070 KA'.

726 4105 976 4181 ’Δρσενίῳ
1005 4111 1245 4178 μοναχῷ.

1963 3388 2020 3444 Si
2036 3387 2253 3456 diligis,
2273 3385 2596 3458 injuriosus
2619 3402 2714 3454 es;
2745 3385 2795 3442 si
2811 3402 2930 3442 non
2952 3386 3372 3458 diligis,magis
3389 3388 3541 3460 inju-

1890 3477 2106 3533 riosus.
2133 3475 2312 3542 Illud;
2345 3476 2509 3548 quod
2534 3481 2767 3532 amatos
2793 3475 3236 3532 calamitatibus
3261 3477 3544 3535 obsessos

1891 3566 2179 3640 negligas.
2206 3567 2357 3631 Hoc;
2380 3565 2544 3637 quod
2559 3571 2832 3621 amantes
2851 3565 3331 3640 haudquaquam
3349 3583 3541 3623 amas.

1892 3659 1979 3712 lta
2017 3655 2263 3728 quidem
2321 3654 2415 3710 ille
2468 3653 2611 3710 olim
2669 3659 2826 3720 tuus,
2878 3653 2938 3710 in
2992 3655 3292 3727 praesenti,
3345 3660 3546 3712 noster

1891 3746 2230 3800 communis
2248 3745 2722 3815 amicus,partim
2740 3748 3014 3800 amanter
3026 3745 3540 3818 reprehendendo,

1890 3831 2110 3905 partim
2127 3849 2222 3887 me
2248 3832 2566 3900 advocato,
2587 3832 3032 3898 intercedendo,
3060 3838 3115 3889 et
3136 3833 3464 3904 proﬁtetur,
3487 3837 3546 3889 et

1890 3919 2232 3978 testimonio
2261 3923 2623 3991 protestetur
2645 3919 2807 3974 dato.

2533 4009 2742 4064 EPIST.
2771 4009 2900 4062 XXI.

2414 4099 2666 4155 Arsem'o
2695 4098 3006 4154 monacho.

1454 4227 1746 4277 Montacut.
1773 4227 1878 4291 (ep.
1911 4227 1987 4283 59,
2020 4239 2072 4289 p.
2106 4226 2234 4287 113).

256 4339 443 4394 Πολλοὶ
497 4343 587 4391 καὶ
651 4345 750 4390 τῶν
801 4336 924 4411 παρ’
989 4334 1233 4394 Ἕλλησιν
1297 4331 1776 4406 εὐδοκιμησάντων,

1963 4332 2116 4390 Multi
2131 4332 2231 4404 qui
2246 4330 2406 4403 apud
2423 4332 2656 4387 Graecos
2676 4347 2804 4387 cum
2818 4329 2982 4386 fama
2994 4329 3349 4396 vixerunt,et
3364 4331 3542 4387 etiam

173 4434 400 4482 καὶτῶν
455 4427 580 4501 παρ’
627 4430 754 4499 ἡμῖν
810 4426 1248 4500 ἁριστευσάντων,
1301 4423 1667 4499 ἐμαρτύρησαν
1709 4420 1782 4476 δι’

175 4520 250 4570 ὧν
304 4516 554 4593 ἔδρασαν,
609 4518 822 4588 ἄμαχον
870 4512 999 4568 εἶναι
1082 4519 1172 4566 καὶ
1223 4519 1635 4587 χρησιμώτατον
1693 4517 1784 4571 τὴν

185 4607 494 4686 ἀρετήν.δεὶ
524 4603 575 4659 δ’
607 4608 633 4658 ό
658 4611 835 4680 παρὼν
879 4607 1056 4676 καιρὸς
1085 4608 1366 4674 μονονουχὶ
1414 4601 1537 4674 βοᾷ,
1586 4605 1656 4664 ὡς
1703 4603 1787 4655 ού-

186 4693 280 4750 δέν
333 4695 695 4770 ἀσθενέστερον
750 4699 841 4746 καὶ
908 4689 1352 4763 ἐπικινδυνότερον
1406 4691 1565 4752 αὐτῆς
1621 4691 1789 4762 (ἂλαύο

184 4803 336 4837 νεται
385 4787 475 4855 μεν
542 4787 642 4858 γὰρ
713 4788 803 4835 καὶ
861 4780 1306 4854 προπηλακίζεται
1364 4785 1512 4831 πᾶσα
1566 4777 1718 4851 ἀριτή
1773 4799 1786 4813 ο

192 4873 528 4944 θαυμάζεται
605 4869 664 4925 δε
738 4875 827 4924 καὶ
877 4872 1289 4945 περιπτύσσεται
1379 4873 1528 4920 πᾶσα
1587 4868 1789 4937 κακία),

187 4959 363 5037 μηδεν
420 4964 715 5036 θαυμάσῃς.
758 4960 943 5034 Ἀρετὴ
994 4961 1094 5030 γὰρ
1149 4960 1218 5020 ὡς
1247 4955 1472 5022 ἀληθῶς,
1532 4961 1622 5008 καὶ
1680 4956 1792 5029 ἀρι-

186 5061 291 5115 τῆς
347 5060 434 5112 τῆς
489 5057 702 5126 πρώτης
752 5048 984 5122 μάλιστα
1022 5049 1194 5110 ἄνθος,
1256 5051 1313 5098 τό
1363 5048 1490 5117 μετὰ
1540 5041 1793 5098 κινδύνων

188 5148 286 5195 καὶ
318 5141 536 5212 θλίψιων
589 5145 679 5192 καὶ
731 5134 1280 5210 παρευδοκιμουμένην
1334 5137 1435 5187 ὑπὸ
1487 5143 1583 5196 τῆς
1610 5139 1796 5197 κακίας

189 5230 533 5292 ἀσπάζεσθαι
584 5234 678 5288 τὴν
727 5227 932 5302 ἀρετήν.
984 5225 1043 5278 Ὀ
1093 5222 1152 5277 δε
1206 5227 1386 5296 καιρός
1433 5222 1570 5296 βοῶν
1608 5223 1796 5276 τάναν-

190 5326 308 5383 τία,
381 5327 478 5380 τῆς
533 5321 623 5390 μεν
708 5314 849 5379 ἰδίας
917 5317 1220 5388 μοχθηρίας
1278 5317 1372 5372 τὴν
1431 5312 1718 5388 ὑπερϐολὴν
1773 5315 1863 5364 καὶ
1931 5310 2175 5364 ἀπόνοιαν
2241 5309 2487 5383 λαμπρῶς
2548 5307 2752 5381 ἐλέγχει
2788 5327 2800 5341 ·

1891 4423 1992 4496 qui
2021 4423 2171 4477 inter
2203 4437 2314 4476 nos
2348 4419 2572 4476 virtutis
2597 4420 2772 4476 laude
2800 4421 3148 4482 ﬂoruerunt,
3182 4435 3288 4492 per
3313 4436 3405 4476 res
3431 4437 3545 4476 ase

1895 4518 2112 4581 gestas,
2160 4509 2564 4565 testimonium
2619 4509 3068 4582 perhibuerunt,
3115 4509 3386 4564 virtutem
3418 4525 3547 4564 esse

1895 4616 2020 4656 rem
2076 4599 2606 4671 inexpugnabilem
2663 4605 2718 4655 et
2768 4599 3187 4654 utilissimam:
3246 4604 3548 4670 utcunque

1897 4688 2280 4762 praesentium
2317 4704 2513 4742 rerum
2547 4693 2752 4750 status,
2796 4694 3026 4742 tantum
3060 4702 3179 4742 non
3211 4685 3374 4742 clara
3405 4703 3551 4744 voce

1899 4778 2265 4851 pronuntiat,
2312 4776 2458 4832 nihil
2507 4776 2596 4831 vel
2641 4775 2956 4841 inﬁrmius,
3013 4774 3105 4830 vel
3158 4775 3551 4846 periculosius

1900 4881 2054 4930 esse,
2085 4882 2270 4939 quam
2307 4865 2437 4936 ipsa
2469 4869 2577 4920 est.
2613 4863 2935 4935 lmpellitur
2975 4864 3132 4918 enim
3166 4868 3225 4918 et
3249 4864 3550 4936 conviciis,

1902 4956 2076 5030 quasi
2108 4955 2228 5010 luto
2277 4955 2514 5025 injecto,
2551 4952 2954 5026 proscinditur
2983 4953 3180 5007 omnis
3229 4954 3435 5008 virtus.
3493 4957 3555 5011 ln

1904 5043 2300 5101 admiratione
2345 5047 2403 5097 et
2453 5042 2672 5097 osculis
2717 5045 2803 5096 est
2852 5040 3133 5112 quaslibet
3177 5041 3556 5113 improbitas.

1907 5132 2032 5190 Noli
2057 5139 2254 5187 autem
2290 5132 2509 5186 mirari.
2538 5131 2630 5185 Est
2656 5129 2813 5184 enim
2843 5130 3029 5184 virtus
3057 5135 3216 5185 certo
3241 5131 3478 5201 certius,
3504 5136 3560 5188 et

1905 5222 2150 5294 quidem
2183 5220 2409 5276 virtutis
2439 5220 2648 5291 primas
2680 5217 2882 5274 ﬂos....

2861 5315 2961 5360 τῶν
2992 5305 3053 5361 δε
3106 5305 3410 5362 σπουδαίων
3435 5309 3564 5383 μᾶλ-

200 5410 293 5464 λον
323 5412 381 5462 τὸ
415 5407 837 5480 ἁξιοθαύμαστον
867 5411 957 5459 καὶ
988 5404 1261 5468 ἀήττητον,
1294 5406 1486 5464 παντὸς
1513 5402 1670 5474 λόγου
1703 5400 2064 5476 ίναργέστερον
2095 5400 2458 5474 ἀνακηρύττιι.

271 5589 314 5626 ²¹
341 5587 543 5646 Matth.
575 5602 677 5654 vn,
703 5589 755 5642 2.
