4072 6232
512 342 533 357 ἢ
597 258 701 322 943
1857 253 2041 314 ΡΗοΤ
2046 257 2092 314 ΙΙ
2133 259 2212 314 ΡΑ

2331 253 2613 316 [ΑΒΟΗᾸέ
2635 259 2746 320 CP.
3817 287 3886 347 9“

1203 369 1416 426 EPIST.
1447 367 1598 424 XXII.

879 459 1107 518 Joanm'
1130 458 1408 530 patricio,
1451 463 1506 514 et
1539 456 1785 515 Grzciz
1813 455 1970 512 duci.

2279 375 2322 426 A
2981 385 3193 435 ΕΠΙΣΤ.
3238 385 3357 439 KB'.

2538 459 2744 534 Ἰωάννῃ
2777 473 3038 540 πατρικίῳ
3065 477 3155 525 καὶ
3187 485 3459 549 στρατηγῷ
3481 477 3730 543 Ἑλλάδος.

1881 572 2171 622 Montacut.
2199 574 2300 637 (ep.
2333 575 2410 630 60,
2448 589 2499 638 ρ.
2534 576 2660 639 113).

668 684 729 743 Si
753 700 942 750 amas,
975 683 1247 739 inﬁrmus
1276 697 1371 737 es:
1403 680 1451 737 si
1482 696 1603 736 non
1636 697 1825 747 amas,
1863 680 2123 752 injustus
2150 697 2236 737 es.

596 773 695 832 Sin
726 790 963 838 amans,
1005 788 1124 828 non
1153 771 1495 835 inﬁrmaris,
1541 776 1695 826 certe
1739 769 1967 826 amicos
2024 769 2238 840 injuria

593 863 837 920 affectos
861 861 1134 932 negligis.
1161 863 1278 929 Ego
1304 860 1550 932 quidem
1578 863 1762 914 Deum
1785 875 1910 924 oro,
1936 875 2007 914 ne
2031 865 2091 913 tu
2115 859 2238 914 tali-

590 953 707 1010 bus
737 952 1174 1008 calamitatibus
1204 954 1262 1004 et
1291 948 1740 1006 necessitatibus
1769 948 2109 1003 distinearis
2134 963 2146 1003 :
2181 952 2237 1004 et

590 1043 638 1097 si
669 1042 728 1097 in
761 1057 862 1098 eas
891 1039 1192 1104 incideris,
1222 1044 1286 1095 ut
1315 1055 1388 1094 ne
1416 1037 1592 1094 talem
1623 1036 2102 1094 benevolentiam
2133 1043 2237 1092 aut

587 1130 877 1188 auxilium
904 1129 1312 1200 consequaris,
1341 1129 1583 1200 qualem
1603 1135 1675 1182 .tu
1707 1126 1820 1182 tuis
1852 1126 2058 1182 amicis
2087 1142 2236 1198 prae-

587 1225 727 1277 stas.
767 1223 851 1276 Tu
899 1224 1098 1275 autem
1151 1223 1472 1288 utrumque
1515 1216 1575 1271 in
1624 1215 1976 1271 memoriam
2021 1230 2236 1271 revoca

586 1310 820 1368 Domini
852 1309 1186 1372 oraculum,
1219 1321 1342 1378 quo
1386 1305 1722 1360 declaratur
1749 1321 1762 1359 :
1800 1304 1927 1370 Qua
1956 1319 2236 1362 mensura

582 1401 720 1458 aliis
748 1398 1004 1457 metiatis
1025 1398 1225 1456 eadem
1248 1402 1304 1454 et
1332 1396 1488 1452 vobis
1509 1396 1784 1452 metiatur
1808 1398 1874 1446 ιι.

1191 1487 1401 1542 EPIST.
1443 1487 1619 1541 XXIII.

810 1578 1034 1636 Barda
1055 1577 1336 1648 patricio,
1364 1583 1418 1632 et
1448 1573 1810 1632 Macedoniae
1838 1571 1997 1628 duci.

2423 682 2485 774 EE
2529 687 2619 755 μὲν
2675 685 2853 758 φιλεῖς,
2889 688 3121 754 ἀσθενεῖς
3155 717 3167 729 ·
3201 697 3244 749 εἰ
3291 695 3350 752 δε
3386 705 3456 772 μή
3511 703 3681 774 φιλεῖς,
3713 703 3888 771 ἀδικεῖς.

2353 770 2412 824 Εἰ
2456 769 2514 825 δὲ
2559 773 2734 846 φίλῶν,
2767 783 2855 830 καὶ
2903 785 2974 852 μὴ
3005 780 3253 852 ἀσθενῶν,
3309 792 3471 852 οὕτως
3523 790 3684 846 ἄδικα
3729 805 3810 847 τῶν
3835 805 3893 868 yi-

2349 860 2446 912 λων
2501 870 2838 935 πασχόντων,
2905 869 3170 945 ὀλιγωρεῖς
3230 897 3242 908 ·
3299 875 3396 949 ἐγὼ
3452 884 3543 952 μὲν
3605 886 3806 955 εὔχομαί
3841 860 3890 940 ,σε

2347 970 2478 1022 μήτε
2526 957 2793 1018 τοιαύταις
2853 957 3100 1030 ἀνάγκαις
3159 975 3470 1039 περιπεσεῖν,
3546 976 3674 1042 μήτε
3727 995 3889 1045 περιπε-

2351 1044 2510 1092 σόντα
2560 1047 2649 1094 καὶ
2707 1041 2976 1115 δεηθέντα,
3038 1056 3282 1115 τοιαύτης
3340 1057 3540 1120 εὐνοίας
3595 1067 3678 1114 καὶ
3725 1041 3888 1117 ἐπικον·

2347 1133 2487 1221 ρίας,
2509 1131 2621 1182 οἵαν
2655 1136 2719 1184 σύ
2772 1143 2880 1198 τοῖς
2911 1138 3078 1210 φίλοις
3124 1162 3393 1216 παρεχεις,
3445 1146 3732 1221 ἐπιτυχεῖν,
3762 1154 3886 1206 Ἀλλὰ

2349 1237 2415 1324 συ
2483 1239 2542 1323 γε
2591 1225 2679 1273 τὸν
2730 1230 3042 1280 Δεσποτικόν
3091 1231 3231 1302 ὅμως
3295 1232 3608 1307 ἀναλογίζου
3663 1246 3890 1315 χρησμὸν,

2364 1312 2429 1403 ξίν
2481 1312 2741 1403 ᾧᾼμέτρῳ
2789 1324 3036 1386 μετρεῖτε,
3092 1323 3479 1395 μετρηθήσεται
3557 1312 3713 1400 ύμῖν,
3748 1312 3894 1403 σαγῶς

2349 1391 2509 1467 διαγγ
2517 1396 2720 1452 ε’λλοντα
2730 1442 2742 1455 .

2950 1502 3166 1556 ΕΠΙΣΤ.
3220 1499 3336 1556 KI".

2489 1573 2668 1651 Βάρδᾳ
2697 1586 2956 1654 πατρικίῳ
2993 1591 3083 1638 καὶ
3124 1598 3404 1662 στρατηγῷ
3437 1591 3778 1659 Μακεδονίας.

1853 1689 2144 1738 Montacut.
2183 1687 2286 1750 (ep.
2309 1687 2386 1745 67,
2420 1703 2470 1752 p.
2505 1692 2632 1754 119).

649 1798 881 1866 impera
907 1793 1104 1866 potius
1134 1809 1272 1850 cum
1299 1791 1553 1848 aliorum
1583 1789 1884 1846 desiderio
1909 1793 1966 1844 et
1985 1786 2224 1856 affectu,
2260 1785 2307 1850 Β

574 1902 759 1960 quam
786 1901 890 1958 per
913 1887 1207 1942 timorem.
1229 1885 1326 1939 Est
1351 1883 1510 1938 enim
1533 1879 1901 1953 impossibile
1929 1885 1988 1932 ut
2009 1894 2130 1934 non
2161 1878 2225 1933 in

571 1974 778 2031 odium
808 1973 983 2030 timor
1007 1974 1101 2028 hic
1129 1977 1408 2028 mutetur.
1433 1970 1578 2026 Illud
1611 1975 1812 2025 autem
1842 1967 2224 2023 subditorum

569 2061 1049 2118 benevolentiam
1080 2061 1364 2117 omnibus
1384 2059 1643 2129 vestigiis
1673 2057 2026 2129 insequitur.
2065 2059 2228 2111 Patet

569 2157 770 2208 autem
801 2152 950 2206 inter
979 2157 1301 2221 utrumque
1322 2147 1678 2212 differentia,
1709 2146 1769 2200 in
1800 2144 1965 2200 omni
1985 2145 2220 2200 actione

567 2247 625 2297 et
655 2257 770 2296 usu
802 2240 1160 2296 necessario.
1195 2237 1363 2304 Quod
1390 2238 1438 2292 si
1466 2237 1740 2292 animum
1772 2242 1939 2290 tuum
1969 2232 2222 2304 subjecit

566 2330 793 2402 opinio,
818 2329 1085 2385 futurum
1108 2334 1173 2383 ut
1196 2327 1334 2382 inde
1363 2325 1588 2382 humile
1608 2325 1778 2397 quid,
1812 2324 2132 2396 abjectum,
2165 2326 2221 2378 et

564 2417 1010 2491 contemptibile
1036 2424 1376 2481 enascatur,
1397 2415 1554 2470 unde
1580 2413 1806 2470 tardius
1827 2421 1882 2469 et
1901 2413 2119 2468 invitus
2143 2412 2219 2466 ad

565 2507 680 2563 hoc
693 2507 996 2562 consilium
1010 2505 1356 2562 accedas:tu
1370 2509 1577 2560 contra
1588 2517 1859 2575 oppones
1873 2517 2060 2557 mores
2075 2515 2186 2556 con
2199 2528 2214 2540 -

564 2597 800 2667 stitutos
824 2601 880 2652 et
901 2595 1161 2663 stabiles,
1181 2593 1534 2650 sententiam
1549 2592 1957 2656 obfirmatam,
1980 2596 2036 2646 et
2051 2589 2217 2662 quod

562 2683 1071 2741 assentationibus
1101 2689 1155 2738 et
1187 2684 1404 2738 scurris
1443 2697 1563 2738 non
1593 2681 1930 2745 attenditur,
1966 2680 2216 2750 gravita-

563 2781 681 2829 tem
707 2773 768 2828 in
798 2772 1024 2828 deliciis
1071 2772 1341 2827 habitam
1371 2769 1754 2842 opponendo.
1787 2772 2002 2824 Notum
2037 2783 2213 2839 porro

562 2862 663 2918 tibi
678 2863 770 2929 sit,
798 2861 964 2934 quod
991 2867 1093 2917 tuo
1112 2860 1332 2916 subditi
1353 2859 1624 2930 imperio.
1644 2858 1936 2930 pudorem
1961 2873 2212 2913 suavem

559 2952 796 3008 militari
820 2951 1031 3022 sagulo
1049 2950 1346 3023 praelaturi
1376 2949 1512 3015 sint,
1537 2955 1592 3004 et
1615 2953 1668 3004 te
1689 2963 1759 3004 eo
1785 2947 2061 3002 indutum
2088 2961 2211 3002 ma-

558 3042 651 3112 gis
690 3040 980 3097 illustrem
1021 3039 1091 3095 iis
1134 3039 1571 3111 appariturum.
1617 3039 1734 3092 Hoc
1778 3041 1840 3091 tu
1888 3033 2204 3099 lenocinio,

2405 1785 2578 1883 Ἀρχε
2617 1794 2934 1883 ποθούμενος
2993 1799 3185 1868 μᾶλλον
3238 1804 3268 1861 ἡ
3333 1809 3427 1856 σύν
3476 1806 3613 1878 φόϐῳ
3666 1831 3678 1842 ο
3723 1813 3774 1862 τὸ

2331 1895 2433 1949 γαρ
2466 1878 2561 1929 οὐκ
2610 1881 2722 1970 ἔστι
2751 1887 2822 1952 μή
2874 1885 3002 1957 οὐχὶ
3041 1888 3107 1948 εἰς
3153 1898 3308 1961 μῖσος
3353 1893 3733 1970 ἀποκριθῆναι·
3774 1904 3822 1952 τὸ
3848 1898 3891 1953 δὲ

2331 1969 2426 2060 ¹τήν
2478 1975 2576 2018 τῶν
2626 1967 2929 2043 ἀρχομένων
2977 1980 3174 2031 εὔνοιαν
3247 1985 3393 2035 εἴωθε
3443 1986 3673 2060 θηρεύειν
3705 2010 3716 2021 ·
3765 1987 3889 2047 δῆλον

2333 2051 2392 2107 δὲ
2430 2060 2486 2108 τό
2519 2055 2566 2108 ἐν
2606 2061 2750 2133 πάσῃ
2803 2068 2890 2115 καὶ
2943 2066 3128 2140 πράξει
3178 2089 3268 2123 και
3316 2078 3480 2147 χρείᾳ
3514 2051 3761 2151 ’διάφορον
3799 2080 3888 2132 ἐκα-

2329 2148 2504 2216 τέρου,
2548 2147 2605 2200 Εἰ
2633 2145 2692 2200 δέ
2735 2169 2786 2202 τι
2824 2160 3062 2207 ταπεινὸν
3109 2163 3198 2210 καὶ
3246 2145 3708 2238 εύκαταῳρὸνητον,
3755 2171 3813 2230 ὡς
3843 2169 3888 2219 ἂν

2329 2231 2538 2300 ἐκεῖθεν,
2595 2234 2904 2309 ἐπιφύεσθαί
2963 2263 3046 2295 σοι
3108 2246 3287 2317 μέλλον
3342 2231 3626 2325 ὑποτρέχει
3681 2261 3784 2317 τοὺς
3827 2257 3890 2310 λο-

2327 2327 2575 2394 γισμούς,
2625 2331 2715 2378 καὶ
2771 2333 2904 2400 πρὸς
2956 2337 3048 2390 τήν
3095 2335 3396 2407 συμϐουλὴν
3449 2341 3770 2416 ὀκνηρότερον
3812 2367 3888 2397 πα-

2327 2413 2642 2482 ρασκευάζει
2677 2436 2689 2449 ·
2737 2415 2866 2470 ἀλλὰ
2905 2424 2970 2472 σύ
2996 2442 3055 2492 γε
3084 2428 3144 2476 τὸ
3200 2424 3429 2496 βεϐηκός
3463 2439 3565 2482 τῶν
3590 2439 3791 2505 τρόπων,
3817 2441 3886 2487 καὶ

2326 2518 2384 2592 το
2437 2501 2808 2592 ἐστηριγμένον
2858 2515 2951 2570 τῆς
3004 2517 3234 2583 γνώμης,
3291 2522 3380 2568 καὶ
3435 2523 3497 2570 τὸ
3537 2526 3609 2592 μὴ
3657 2531 3887 2592 προσανεῖ-

2328 2591 2452 2641 σθαι
2479 2591 2657 2655 κόλαξι
2754 2601 2843 2648 καὶ
2924 2579 3256 2672 βωμολόχοις
3347 2579 3572 2670 τούτοις,
3665 2579 3701 2662 ὃς

2327 2684 2618 2750 σεμνότητα
2650 2681 2801 2754 φίλην
2831 2705 2843 2718 ·
2878 2683 2932 2738 εὖ
2977 2691 3088 2740 ἴσθι
3135 2695 3279 2765 παρὰ
3307 2702 3415 2754 τοίς
3467 2696 3782 2771 ἁργομένοις,
3817 2707 3884 2752 καὶ

2321 2764 2564 2862 γλυκεῖαν
2609 2767 2762 2837 αἰδὼ,
2819 2781 2910 2834 τῆς
2955 2764 3316 2850 στρατηγικῆς
3365 2764 3646 2854 χλανίδος,
3695 2788 3884 2862 λαμπρό-

2320 2873 2462 2929 τερον
2511 2856 2717 2952 ὀφθήση
2767 2862 3198 2938 περιϐεϐλημένος
3226 2888 3239 2899 ·
3271 2877 3361 2924 καὶ
3414 2883 3520 2926 τῶν
3560 2877 3642 2929 ἐπὶ
3693 2856 3880 2952 σοϐαρό-

2319 2963 2436 3003 τητι
2501 2952 2590 2999 καὶ
2647 2949 2786 3007 ήεών
2841 2957 3142 3026 τραχύτητι
3197 2963 3332 3030 μέγα
3389 2969 3680 3036 φρονούτων
3727 2949 3876 3019 εὐστα-

2321 3036 2557 3108 θέστερον
2605 3041 2739 3090 κατὰ
2771 3041 2901 3093 πολύ
2951 3050 3040 3096 καὶ
3072 3043 3402 3122 βεϐαιότερον
3459 3051 3799 3126 ἐπιδειχθήση
3831 3063 3874 3107 τό

3665 2609 3886 2674 ἀντιτάξας

559 3131 834 3187 subditos
857 3129 982 3197 tibi,
1005 3145 1370 3202 quocunque
1388 3127 1662 3190 volueris,
1680 3125 1993 3198 perduces,
2019 3125 2205 3180 multo

2320 3125 2544 3182 ὑπήκοον
2575 3145 2667 3200 περ
2676 3131 2852 3200 ιάγων.

557 3220 856 3276 eﬂicacius
883 3227 940 3276 et
963 3218 1348 3276 constantiori
1377 3223 1597 3286 tenore,
1631 3231 1818 3288 quam
1846 3215 1951 3288 qui
1969 3217 2043 3269 de
2064 3211 2223 3270 fastu
2249 3213 2659 3284 supercilioso,
2687 3224 2744 3272 et
2764 3235 2998 3276 morum
3029 3225 3369 3299 asperitate,
3399 3246 3656 3304 magnos
3681 3235 3778 3290 sibi
3803 3251 3881 3289 su-

558 3315 732 3366 munt
768 3310 1033 3382 spiritus.

1161 3398 1373 3454 EPIST.
1407 3397 1583 3450 XXIV.

659 3487 883 3543 Joanm'
903 3487 1156 3556 patricio
1177 3493 1228 3542 et
1255 3484 1573 3542 sacellario
1599 3482 1765 3552 apud
1788 3482 2115 3552 Angurios.

2937 3405 3147 3455 ΕΠΙΣΤ.
3185 3404 3302 3458 ΚΔ’·

2460 3482 2669 3558 Ἰωάννη
2703 3493 2971 3568 πατρικίῳΔ
2997 3496 3086 3542 καὶ
3131 3493 3453 3568 σακελλαρίῳ
3484 3502 3622 3552 κατὰ
3657 3505 3766 3563 τοὺς

2944 3562 3295 3638 Αγγουρίους.

1841 3654 2130 3706 Montacut.
2160 3657 2263 3720 (ep.
2295 3658 2372 3715 73,
2405 3673 2458 3722 p.
2496 3661 2622 3723 122).

629 3749 886 3809 Omnino
906 3748 1050 3806 mihi
1071 3753 1228 3804 recte
1255 3746 1618 3819 etsapienter
1641 3745 1781 3802 olim
1797 3745 2024 3801 dictum
2041 3746 2207 3802 vide-

553 3844 668 3908 tur,
701 3839 1049 3896 ascendisse
1080 3837 1321 3910 quidem
1357 3835 1574 3892 multos
1615 3836 1672 3890 in
1708 3833 1984 3891 arborem
2016 3835 2200 3902 illam,

467 3917 470 3920 ’
549 3945 685 4002 quas
720 3929 990 4002 tyrannis
1021 3928 1404 3983 nominatur:
1439 3923 1747 3980 descendit
1772 3931 1967 3979 autem
2006 3924 2202 3979 nullus

547 4018 770 4085 denuo,
795 4018 898 4074 sed
919 4015 1316 4087 singuliruina
1337 4013 1804 4086 prmcipitantur.
1823 4014 2024 4085 Itaque
2051 4013 2199 4084 quid

547 4107 701 4164 adeo
722 4107 1068 4163 intumescis
1098 4109 1157 4161 et
1185 4104 1449 4160 exsultas
1476 4107 1536 4158 tu
1559 4101 1588 4157 7
1610 4105 1692 4158 Tu
1722 4102 1992 4157 nondum
2021 4118 2198 4174 super

544 4212 746 4254 ramos
774 4197 956 4267 hujus
987 4193 1240 4260 arboris,
1275 4192 1476 4263 gravis
1511 4197 1812 4263 utcunque
1843 4197 1898 4248 et
1929 4192 2194 4246 tumidus

543 4285 961 4352 conscendisti,
989 4283 1094 4340 sed
1125 4281 1542 4355 insipienterin
1575 4280 1720 4351 ipsis
1745 4279 2006 4338 caulium
2035 4279 2218 4336 foliis.

541 4374 828 4432 eveheris.

1144 4463 1355 4518 EPIST.
1396 4462 1543 4516 XXV.

1121 4551 1366 4610 Tarasz'o
1387 4548 1597 4619 fratri.

2387 3754 2521 3801 Λίαν
2589 3751 2763 3824 ἔμοιγε
2841 3750 2986 3808 δοκεῖ
3038 3758 3208 3820 καλῶς
3253 3764 3343 3813 καὶ
3398 3774 3620 3827 συνετῶς
3673 3768 3698 3818 ὀ
3742 3767 3873 3819 πάλαι

2310 3835 2576 3925 λεγόμενος
2620 3842 2760 3911 ἔχειν
2803 3841 2974 3914 λόγος,
3007 3847 3072 3907 ὡς
3121 3846 3376 3907 ἀνέϐησαν
3420 3858 3518 3925 μὲν
3575 3851 3678 3913 ἤδη
3727 3855 3872 3907 πολλοὶ

2310 3923 2395 3977 ἐπὶ
2435 3930 2491 3978 τὸ
2550 3923 2767 4002 δένδρον
2815 3939 2968 3984 τοῦτο
3016 3933 3042 3985 ὃ
3088 3935 3399 4010 καλούμενόν
3461 3941 3572 3994 ἐστι
3618 3949 3866 4010 τυραννίς·

2307 4015 2498 4074 κατέϐη
2529 4013 2588 4069 δὲ
2644 4015 2815 4081 οὐδεὶς
2856 4021 3028 4088 πάλιν,
3092 4023 3219 4077 ἀλλὰ
3275 3997 3697 4084 καταπίπτουσιν
3736 4034 3870 4085 ἅπαν·

2307 4123 2407 4166 τες.
2439 4106 2496 4158 Εἰ
2546 4103 2602 4158 δὲ
2635 4116 2806 4173 τοῦτο,
2835 4114 2894 4162 τί
2936 4107 3158 4186 γαυριᾷς
3201 4121 3290 4168 καὶ
3341 4114 3561 4192 σκιρτᾷς
3582 4122 3746 4186 αὐτὸς,
3769 4118 3867 4172 οὐδ’

2304 4191 2388 4245 ἐπὶ
2443 4203 2552 4256 τοῖς
2607 4205 2795 4249 τοῦτον
2861 4197 3096 4268 κλάδοις,
3150 4209 3445 4260 καὶταῦτα
3498 4208 3662 4282 βαρὺς
3692 4217 3752 4262 ὦν
3796 4215 3866 4261 καὶ

2304 4279 2523 4369 σοϐαρὸς
2563 4287 2650 4335 καὶ
2704 4284 3040 4357 φλεγμαίνων,
3101 4290 3208 4342 ἀλλ’
3263 4291 3348 4344 ἐπὶ
3388 4304 3501 4358 τοῖς
3553 4279 3650 4349 τῶν
3701 4297 3865 4369 φύλλων

2301 4368 2459 4422 αὐτοῦ
2486 4371 2723 4435 πετάλοις
2754 4372 2983 4438 ἀνοήτως
3021 4377 3315 4451 ὀχούμενος
3344 4400 3357 4450 ;

2909 4471 3122 4522 ΕΠΙΣΤ.
3154 4468 3269 4522 ΚΗ.

2843 4561 3091 4628 Ταρασίῳ
3116 4553 3339 4631 ἀδελφῷ.

1763 4703 1772 4710 ο
1817 4646 2108 4696 Montacut.
2140 4649 2243 4709 (ep.
2276 4645 2352 4702 78,
2377 4660 2428 4709 p.
2460 4647 2589 4708 126).

601 4745 688 4800 Ad
721 4758 962 4800 summa
993 4739 1335 4814 perducitur
1364 4737 1585 4810 passio,
1615 4741 1669 4792 et
1699 4736 2021 4792 intenditur
2052 4751 2174 4791 ma-

524 4832 672 4890 lum.
704 4840 783 4890 Ac
814 4838 1028 4907 praeter
1050 4834 1232 4887 Deum
1259 4835 1314 4884 et
1334 4847 1369 4885 a
1404 4831 1518 4884 Deo
1549 4843 1740 4899 spem,
1775 4826 1936 4881 nulla
1967 4841 2176 4896 super-

525 4928 616 4977 est
663 4923 1030 4988 consolatio;
1068 4920 1320 4982 insidias.
1371 4919 1568 4982 minas,
1614 4923 1884 4986 terrores,
1931 4915 2028 4988 qui
2078 4931 2174 4971 ex-

521 5011 870 5080 perientiam
903 5013 1167 5068 fecerunt
1191 5008 1536 5072 faciliorem,
1569 5007 1832 5077 undique
1855 5009 2167 5076 apparent.

521 5098 662 5163 Quis
678 5097 803 5155 haec
821 5101 1029 5157 sistet?
1053 5100 1340 5156 Fortassis
1358 5098 1456 5154 illa
1473 5097 1607 5169 ipsa
1629 5111 1814 5168 quam
1827 5101 2031 5150 contra
2060 5110 2169 5150 nos

512 5186 851 5260 parturiunt
882 5204 1065 5258 mors,
1084 5189 1176 5244 vel
1200 5188 1335 5245 illos
1354 5188 1440 5260 pri
1453 5187 1614 5244 vabit
1634 5189 1928 5258 potestate
1955 5189 2012 5240 et
2033 5200 2168 5256 sup-

509 5275 687 5350 plicia
715 5275 1046 5347 ingerendi,
1086 5277 1180 5334 vel
1223 5293 1337 5334 nos
1376 5277 1702 5334 liberatura
1730 5279 1818 5332 est
1850 5290 1887 5332 a
1917 5273 2166 5332 tribula-

507 5364 792 5426 tionibus.

570 5521 613 5558 ²¹
651 5515 850 5578 Matth.
873 5518 974 5583 vni,
1005 5521 1059 5574 2.

2359 4735 2610 4808 Ἀκμάζει
2668 4741 2725 4790 τὸ
2768 4741 2949 4806 πάθος,
3005 4747 3094 4795 καὶ
3124 4747 3182 4796 τὸ
3213 4750 3374 4798 κακὸν
3417 4746 3718 4802 ἐπιτείνεται
3746 4766 3757 4779 ⁸
3786 4751 3858 4800 καὶ

2284 4823 2417 4882 πλὴν
2490 4833 2622 4878 Θεού
2696 4833 2785 4880 καὶ
2855 4838 2955 4881 τῶν
3007 4830 3195 4885 ἐκεῖθεν
3253 4833 3498 4904 ἐλπίδων,
3560 4840 3855 4912 παραμύθιον

2283 4909 2434 4966 οὐδὲν
2469 4931 2480 4943 '
2538 4913 2806 4970 ἐπιϐουλαὶ
2855 4914 2933 4982 δὲ,
2999 4925 3088 4973 καὶ
3143 4921 3369 4990 ἀπειλαὶ,
3426 4933 3519 4979 καὶ
3577 4909 3737 4996 φόϐοι,
3773 4933 3852 4978 τῶν

2279 5001 2639 5074 προλαϐόντων
2715 5010 2807 5064 τήν
2861 5016 3042 5080 πεῖραν
3107 5017 3418 5085 κουφοτέραν
3472 5014 3804 5089 ἀποφαίνονσι
3836 5030 3847 5042 ⁸

2279 5096 2358 5154 τίς
2405 5098 2590 5152 στήσει
2646 5103 2812 5147 ταῦτα
2843 5111 2856 5162 ;
2889 5095 2996 5148 ἀλλ’
3047 5101 3191 5164 ἴσως,
3252 5103 3306 5152 ὃν
3364 5103 3514 5156 αὐτοὶ
3568 5106 3681 5157 καθ’
3729 5106 3849 5176 ἡμῶν

2277 5176 2530 5257 ὠδίνρυσι
2559 5183 2795 5251 θάνατον,
2832 5187 2861 5242 ἤ
2893 5192 2983 5236 τοῦ
3032 5195 3276 5262 τιμωρεῖν
3327 5195 3417 5244 καὶ
3467 5191 3700 5257 κολάζειν
3739 5192 3848 5245 ἐκεί-

2273 5288 2411 5336 νους,
2445 5271 2475 5330 ἣ
2513 5273 2646 5344 ἡμᾶς
2678 5270 2893 5345 ἀπάγων
2919 5282 3018 5326 τῶν
3050 5276 3287 5350 θλίψεων.
