4072 6232
211 329 336 386 943

828 438 1039 488 ΕΠΙΣΤ.
1087 430 1230 516 κς.

761 524 976 597 Ἰωάννῃ
1003 525 1299 596 σπαθαρίῳ,

1477 326 1990 386 EPISTOLABUM
2033 327 2246 384 LIBER
2287 327 2384 384 IlI.

1870 429 1916 483 A

2545 430 2760 487 EPIST.
2803 433 3000 491 XXVI.

2462 521 2690 576 Joanm'
2724 521 3059 591 spathario.

1506 644 1804 694 Montacut.
1835 644 1941 706 (ep.
1975 643 2055 699 79,
2087 657 2146 707 p.
2185 644 2313 706 127).

299 763 408 816 Ούκ
471 762 732 827 ἓλυπησας
775 767 854 818 ὃτι
884 767 1160 826 ἠπάτησας
1198 784 1210 797 ·
1245 767 1332 816 καὶ
1365 764 1561 834 συχνός
1587 762 1612 812 ό
1643 765 1832 832 χρόνος

215 851 282 916 ἕξ
329 854 390 905 οὗ
443 859 529 906 τόν
585 859 698 926 ὅφιν
747 856 836 907 ὑπ’
880 854 1151 930 ἀνθρώπου
1193 861 1362 928 μορφῇ
1419 859 1662 922 κατεῖχες
1709 869 1831 917 κρυ·

215 948 480 1015 πτόμενον
507 965 519 977 ·
564 943 670 995 ἀλλ’
716 947 796 996 ὅτι
843 949 1004 1006 κακός
1034 944 1237 1018 ἐφάνης,
1269 948 1358 994 καὶ
1405 941 1563 1014 φίλων
1619 940 1829 1012 ἐχθρός,

216 1040 430 1105 καιροῖς
487 1030 764 1098 δουλεύων,
819 1040 907 1086 καὶ
957 1033 1128 1106 ἀπάτῃ
1189 1029 1592 1104 ἐπερειδόμενος.
1657 1029 1714 1080 Εἰ
1772 1025 1831 1081 δέ

220 1139 286 1173 σε
333 1125 405 1191 μὴ
457 1125 614 1173 κακὸν
666 1125 696 1180 ἡ
754 1124 939 1196 πρᾶξις
971 1120 1192 1186 ἐδείκνυ,
1236 1126 1324 1173 καὶ
1373 1121 1441 1180 εἰς
1494 1119 1647 1180 ςῆλον
1697 1117 1829 1170 εἷλκε

217 1218 320 1262 τοῦ
363 1207 628 1283 προδότου
685 1215 740 1264 τὸ
795 1221 970 1272 κακοῖς
1027 1216 1113 1264 τόν
1168 1212 1434 1285 εὐεργέτην
1494 1207 1824 1282 ἀμείϐεσθαι,

217 1295 279 1351 εὖ
310 1301 448 1366 ἴσθι,
483 1303 547 1361 ὡς
584 1305 673 1352 καὶ
721 1304 967 1374 εὔφρανας
1025 1301 1085 1353 ἂν
1139 1300 1193 1352 ἐκ
1246 1307 1337 1352 τοῦ
1384 1301 1614 1370 πάσχειν
1666 1298 1824 1368 ἡμᾶς,

215 1389 303 1451 οἷς
355 1391 735 1462 καθαιρόμεθα,
799 1390 950 1452 αύτός
996 1411 1048 1444 τι
1106 1399 1204 1443 τῶν
1268 1389 1475 1459 ἀγαθῶν
1542 1387 1828 1460 ἕκκαρπού-

215 1497 396 1552 μενος.

837 1574 1052 1622 ΕΠΙΣΤ.
1098 1568 1217 1624 ΚΖ’.

335 1661 713 1729 Κωνσταντίνῳ
746 1660 1020 1731 σπαθαρίῳ
1049 1663 1228 1730 γένους
1272 1661 1415 1718 ὄντος
1443 1655 1719 1731 Τυρῥηνῶν

719 1735 809 1783 καὶ
841 1727 907 1783 δυ
917 1727 1324 1804 στροπευομὲνῳ.

1861 1725 1902 1780 Β

2013 761 2141 814 Non
2170 759 2372 816 dolore
2404 759 2676 828 effecisti,
2708 762 2874 834 quod
2914 763 3228 831 fraudasti,
3272 772 3328 824 et
3357 773 3595 843 tempus

1943 847 2087 903 satis
2115 847 2362 917 longum
2392 855 2496 915 est,
2532 866 2603 906 ex
2642 867 2764 923 quo
2796 859 3133 923 serpentem
3178 857 3290 911 sub
3323 856 3597 915 humana

1939 934 2133 992 forma
2179 937 2463 994 latentem
2529 939 2828 1007 occultas;
2880 943 3194 1015 improbus
3246 947 3592 1017 apparuisti,

1941 1024 2148 1082 amicis
2166 1026 2467 1092 inimicus,
2485 1030 2848 1100 temporibus
2873 1033 3160 1103 serviens,
3177 1033 3488 1090 fraudibus
3511 1037 3596 1090 in-

1937 1113 2113 1169 nixus
2144 1132 2157 1170 :
2195 1116 2241 1170 si
2279 1121 2330 1170 te
2362 1116 2633 1188 iniquum
2665 1117 2777 1174 ista
2808 1119 2961 1175 actio
3002 1137 3122 1177 non
3170 1121 3591 1190 manifestavit,

1938 1208 1993 1259 et
2022 1203 2100 1259 ad
2121 1202 2512 1261 imitationem
2541 1208 2771 1262 attraxit
2795 1208 3313 1279 proditorisJudae,
3336 1217 3398 1267 ut
3417 1211 3596 1269 bene-

1938 1293 2198 1348 meritum
2216 1293 2376 1349 malis
2390 1301 2689 1366 pensatum
2705 1295 3094 1364 habeas,illud
3107 1299 3260 1355 habe
3274 1302 3591 1370 cognitum,

1935 1383 2102 1454 quod
2133 1383 2180 1438 si
2194 1383 2394 1440 lmtitia
2424 1383 2700 1440 effeceris
2723 1386 2802 1442 ob
2824 1402 2895 1443 ea
2911 1403 3047 1460 quae
3067 1388 3346 1461 patimur,
3367 1389 3593 1464 aliquid

1934 1471 2075 1528 inde
2103 1472 2247 1528 boni
2275 1477 2336 1529 tu
2376 1475 2784 1546 consequeris.

2525 1563 2745 1621 EPIST.
2779 1566 2987 1621 XXVII.

1937 1651 2329 1710 Constantino
2357 1652 2668 1727 spathario
2703 1654 3004 1727 Tyrrheni
3037 1655 3270 1726 generis
3293 1658 3589 1727 perversis

2477 1724 2740 1780 moribus
2765 1726 3044 1795 praedito.

1515 1851 1806 1901 Montacut.
1844 1850 1947 1913 (ep.
1971 1849 2049 1904 80,
2077 1863 2128 1912 p.
2169 1848 2296 1910 127).

296 1971 376 2022 Τά
437 1968 713 2044 Τυρρηνῶν
768 1966 1008 2040 δημόσια
1053 1972 1201 2042 ἔργα,
1249 1973 1339 2021 καὶ
1388 1967 1466 2040 ἐφ’
1506 1964 1584 2029 οἷς
1639 1968 1829 2038 σεμνύ-

217 2077 421 2124 νονται,
456 2057 680 2130 ἀρχαῖος
711 2060 736 2111 ό
789 2059 957 2130 λόγος,
992 2055 1115 2111 ούδέ
1154 2064 1260 2120 τόῖς
1306 2057 1700 2128 ἀσελγεστάτοις
1729 2062 1826 2105 τῶν

219 2147 393 2200 ἄλλων
461 2146 760 2221 ἀνθρώπων,
831 2145 954 2201 οὐδὲ
1005 2154 1176 2222 χωρὶς
1223 2148 1483 2219 αἰσχύνης
1550 2148 1700 2218 ὄργια
1745 2146 1827 2212 Ὑί·

218 2256 387 2291 νεται.
419 2236 556 2309 Ὀρα
586 2235 673 2289 οὖν
726 2239 864 2300 ὅπως
905 2238 1058 2299 αύτός
1095 2246 1183 2289 νύν
1231 2237 1380 2289 πόλιν
1435 2237 1824 2288 Κωνσταντίνου

219 2334 483 2397 μετοικῶν
533 2328 729 2401 ἄριστα
783 2325 1020 2399 βιώσεις.
1054 2325 1146 2379 "Aw
1176 2329 1278 2400 γάρ
1326 2330 1378 2378 τί
1423 2344 1479 2377 σε
1521 2328 1610 2375 καὶ
1640 2325 1825 2396 μικρὸν

219 2423 323 2478 τῆς
395 2414 556 2491 ὀρθῆς
621 2419 1022 2490 παρατραπέντα
1097 2418 1480 2468 συναίσθωνται
1542 2412 1822 2475 πολιτείας,

219 2509 422 2557 καπνόν
493 2504 813 2580 Τυρρηνικὸν
865 2502 1082 2571 ἰδόντες,
1155 2511 1244 2557 καὶ
1287 2525 1344 2558 το
1407 2511 1531 2578 πῦρ,
1587 2501 1682 2554 κᾶν
1734 2500 1826 2554 ούκ

218 2594 464 2668 ἀνάπτης
515 2595 584 2656 εἰς
646 2600 784 2667 μέγα
835 2597 1020 2668 φλογός
1081 2597 1507 2653 ύποτοπήσουσιν
1563 2593 1822 2667 αἴρεσθαι.

214 2683 292 2740 Ἀ
351 2689 461 2758 χρὴ
513 2681 965 2758 διευλαϐούμενον,
1036 2683 1367 2757 ἀπρόσκοπον
1415 2689 1598 2746 πᾶσιν,
1661 2684 1730 2743 ὡς
1777 2682 1826 2732 οἱ

219 2775 357 2826 θεῖοι
389 2776 572 2846 θεσμοὶ
604 2771 1012 2839 διακελεύονται,
1045 2779 1133 2826 καὶ
1161 2771 1289 2826 εἶναι
1335 2777 1425 2825 καὶ
1458 2773 1752 2844 φαίνεσθαι.

831 2958 1039 3006 ΕΠΙΣΤ.
1088 2951 1210 3006 κη’.

215 3043 412 3093 Λέοντι
491 3039 738 3114 λογοθέτῃ
824 3045 1076 3114 γεγονότι,
1163 3045 1251 3114 καὶ
1329 3041 1636 3111 μονάσαντι,

589 3061 738 3114 ουετῃ
824 3061 1076 3113 γεγονότι,
1163 3061 1251 3092 και
1329 3061 1506 3111 parum

549 3061 826 3174 δοκοῦντος
872 3113 1018 3185 φίλου
1063 3112 1506 3185 παραλυπηθέντι.

1725 3039 1826 3090 ὑπὸ

1863 3109 1902 3164 C

2010 1963 2254 2020 Publica
2282 1963 2717 2035 Tyrrhenorum
2745 1981 2950 2038 opera,
2982 1967 3056 2024 de
3086 1968 3306 2040 quibus
3337 1969 3594 2039 glorian-

1937 2058 2048 2118 tur,
2081 2058 2246 2108 vetus
2275 2053 2740 2119 habetverbum,
2769 2055 2935 2124 orgia
2951 2057 3120 2127 fiunt,
3150 2073 3223 2113 ne
3245 2058 3488 2130 quidem
3513 2060 3592 2116 ab

1937 2142 2432 2216 impudicissimis
2446 2143 2752 2200 hominum
2767 2143 2892 2200 sine
2906 2145 3360 2218 pudore.Cogita
3373 2147 3592 2204 idcirco

1873 2282 1884 2294 .
1939 2237 2000 2288 ut
2029 2249 2165 2288 cum
2201 2231 2410 2287 urbem
2438 2231 2737 2290 inhabitas
2758 2233 3128 2291 Constantini
3160 2236 3340 2292 vitam
3365 2236 3591 2308 optime

1937 2323 2232 2387 instituas,
2253 2321 2301 2375 si
2324 2321 2484 2377 enim
2502 2327 2554 2378 te
2573 2321 2963 2380 intellexerint
2983 2323 3164 2389 cives,
3182 2324 3277 2380 vel
3295 2324 3591 2382 tantillum

1937 2427 1972 2468 a
1997 2417 2151 2466 recte
2183 2409 2416 2466 vivendi
2439 2411 2670 2467 ratione
2684 2411 3040 2477 declinasse,
3073 2413 3174 2469 ubi
3195 2413 3430 2472 fumum
3452 2417 3592 2487 Tyr-

1935 2499 2249 2555 rhenorum
2265 2499 3278 2572 animadverterint,suspicabuntur
3289 2509 3345 2559 et
3362 2505 3586 2574 ignem,

1933 2588 2064 2645 licet
2077 2588 2237 2644 haud
2251 2587 2646 2653 succenderis,
2664 2588 2722 2644 in
2738 2605 3005 2658 magnam
3019 2591 3312 2648 ﬂammam
3327 2591 3591 2649 attollen-

1935 2679 2102 2734 dum.
2119 2677 2284 2745 Quod
2301 2678 2445 2733 dum
2463 2677 2671 2733 sedulo
2687 2693 3009 2749 praecaves,
3031 2680 3365 2752 sinelapsu,
3383 2697 3592 2754 quem-

1935 2767 2270 2827 admodum
2308 2767 2508 2823 divina
2531 2767 2746 2838 jubent
2775 2768 3038 2835 oracula,
3073 2785 3278 2826 coram
3315 2769 3588 2826 omnibus

1938 2863 2002 2915 ut
2028 2857 2275 2914 incedas
2302 2855 2615 2913 nitendum
2635 2860 2745 2911 est.

2522 2945 2726 3000 EPIST.
2769 2946 3000 3001 XXVIII.

1936 3035 2162 3100 Leonti,
2190 3035 2298 3107 qui
2315 3050 2446 3090 cum
2473 3040 2618 3107 esset
2641 3035 2938 3105 logotheta
2957 3036 3286 3094 monachus
3303 3036 3505 3106 ﬁebat,
3533 3043 3588 3095 et

2348 3107 2424 3162 ab
2455 3106 2643 3162 amico
2674 3121 2913 3164 maerore
2951 3107 3188 3178 affecto.

1524 3236 1814 3285 Montacut.
1847 3233 1946 3297 (ep.
1974 3233 2052 3288 81,
2079 3245 2130 3296 p.
2167 3232 2296 3294 128).

296 3342 531 3415 Ἀμϐλύς
577 3347 634 3396 τό
685 3341 826 3414 ἦθος,
875 3351 965 3397 καὶ
1016 3345 1247 3417 μαλακός
1295 3348 1412 3406 τοὺς
1459 3349 1667 3406 πόνους,
1699 3347 1828 3414 γνὼ-

215 3450 329 3502 pm
384 3451 438 3484 τε
495 3432 554 3484 ού
600 3431 828 3505 βέϐαιος,
874 3439 963 3486 καὶ
1011 3436 1294 3506 λημμάτων
1351 3436 1536 3498 ἧττων,
1595 3438 1684 3484 καὶ
1737 3439 1828 3491 τῆς

215 3517 420 3581 ἡδονῆς
462 3519 794 3594 ἀνδράποδον
825 3526 1110 3596 ἄνθρωπος.
1146 3523 1252 3575 οὔτ’
1303 3525 1362 3574 οἷν
1392 3543 1444 3575 τι
1492 3531 1590 3574 τῶν
1622 3521 1827 3592 ἀγαθῶν

213 3618 457 3681 ⁶γενναῖον
506 3610 810 3683 ἐργάσαιτο,
870 3618 959 3666 καὶ
1007 3613 1077 3674 εἰς
1129 3616 1289 3664 κακὸν
1343 3612 1437 3664 οὔκ
1485 3613 1546 3663 οἶν
1597 3609 1823 3666 ἀποϐαίη

213 3703 364 3772 μέγα
395 3716 406 3729 ·
453 3701 568 3752 ὅσοι
622 3698 682 3754 δε
731 3704 886 3773 φύσιν
933 3706 1021 3772 μὲν
1071 3701 1222 3767 ὀξεῖς,
1277 3706 1540 3774 καρτερεῖν
1595 3696 1653 3752 δὲ
1699 3702 1826 3772 πρός

215 3791 398 3841 πάντα
447 3785 629 3859 δεινοὶ,
680 3791 966 3865 ὑπερόπται
1016 3787 1074 3843 δι
1104 3796 1192 3843 καὶ
1236 3791 1528 3864 χρημάτων
1580 3784 1826 3844 καὶὴδο-

215 3886 348 3936 νῶν.
397 3883 486 3930 καὶ
540 3884 750 3951 γνώμην
803 3879 1068 3952 ἐξαγαγεῖν
1132 3879 1564 3950 ἀμετάστρεπτοι.
1617 3879 1828 3937 Τούτοις

220 3963 286 4020 δε
313 3968 419 4039 ἄρα
466 3973 552 4020 καὶ
612 3968 804 4040 ἰσχύος
850 3972 1001 4021 ποθὲν
1052 3970 1427 4040 περιτιθείσης,
1470 3972 1560 4020 καὶ
1600 3967 1671 4028 εἰς
1701 3965 1825 4037 ἀγα-

219 4057 314 4108 θόν
371 4057 399 4114 ἡ
470 4058 604 4130 ῥοπὴ
669 4059 732 4109 τά
780 4062 1006 4128 μέγιστα
1080 4056 1359 4120 ἐξανύσειε,
1435 4061 1524 4108 καὶ
1585 4059 1714 4129 πρὸς
1771 4057 1828 4106 τὸ

221 4144 420 4216 φαῦλον
475 4142 684 4197 ἐπειδὰν
740 4145 1084 4198 ἀποκλίνωσιν
1134 4145 1385 4219 ἀφόρητόί
1441 4165 1490 4198 τε
1542 4150 1630 4196 καὶ
1663 4143 1832 4215 ἀπαρ-

223 4238 439 4291 αίτητοι
493 4240 581 4286 καὶ
634 4235 794 4306 φίλοις
849 4241 934 4286 καὶ
978 4236 1188 4298 οἰκείοις
1235 4240 1323 4287 καὶ
1371 4241 1503 4287 πᾶσι
1552 4236 1828 4286 καθίσταν·

221 4343 338 4375 ται.
374 4323 448 4375 Ou’
492 4329 601 4399 χρὴ
641 4300 828 4377 ’τοίνυν
882 4322 1181 4398 δυσφορεῖν,
1217 4328 1298 4378 ὅτι
1349 4331 1420 4397 μὴ
1472 4328 1536 4377 τά
1586 4323 1834 4398 βελτιστα
1868 4300 1913 4355 D

221 4415 376 4485 παρὰ
429 4421 517 4465 τοῦ
573 4432 696 4466 ποτε
751 4419 985 4485 γενναίου
1057 4415 1202 4487 φίλου
1248 4415 1644 4489 ἐκκαρπούμεθα
1677 4430 1689 4442 ·
1725 4412 1830 4464 ἀλλ’

224 4502 588 4576 εὐχαριστεῖν,
660 4504 736 4555 ὅτι
795 4503 924 4575 ούχὶ
981 4509 1132 4576 μόνον
1194 4501 1360 4576 μηδὲν
1417 4504 1667 4576 λυπηρόν,
1727 4486 1833 4555 ἀλλ’

224 4591 308 4663 ἐφ’
339 4592 411 4652 οἷς
439 4587 577 4663 μηδὲ
625 4601 724 4644 τῶν
773 4597 846 4655 εὶς
903 4592 1190 4666 ὑπερϐολὴν
1244 4595 1471 4650 ἡκόντων
1530 4589 1829 4666 δυσχερῶν,

227 4679 422 4732 ἐκεῖθεν
474 4683 782 4754 πειρώμεθα.
823 4681 884 4734 Εἰ
933 4678 982 4733 δ’
1038 4681 1340 4752 ἐπιστρέψει
1398 4685 1535 4746 ποτε,
1587 4685 1833 4754 καὶπρὸς

227 4771 330 4830 τὰς
380 4778 638 4840 συγγενεῖς
714 4773 845 4843 μετά
904 4776 999 4832 τὴς
1056 4771 1222 4843 φιλίας
1281 4767 1574 4844 ἀναδραμοι
1627 4769 1831 4843 ἀρετὰς,

227 4859 364 4917 ἴσως
412 4856 704 4930 ἀποκρύψει
736 4866 845 4920 τοῖς
901 4860 1266 4933 εύφραίνουσιν
1323 4858 1536 4929 ἀγαθοῖς
1587 4862 1676 4910 καὶ
1735 4861 1834 4910 ὅσα

230 4953 336 4998 τῶν
360 4945 650 4998 λυπούντων
683 4947 820 5018 ἠμάς
849 4947 1246 5021 προκατέλαϐεν.

836 5043 1044 5091 ΕΠΙΣΤ.
1091 5036 1224 5094 ΚΘ’.

763 5125 1014 5198 Βασιλείῳ
1040 5129 1316 5201 πράκτορι.

2013 3339 2274 3396 Moribus
2303 3338 2489 3411 piger,
2519 3338 2598 3395 ad
2653 3338 2889 3396 labores
2920 3339 3139 3407 mollis,
3172 3355 3345 3398 mens
3385 3341 3592 3398 incon-

1939 3434 2124 3496 stans,
2151 3428 2553 3484 succumbens
2572 3427 2764 3493 donis,
2797 3429 3163 3500 voluptatem
3195 3431 3592 3504 mancipium,

1939 3536 2049 3576 nec
2076 3519 2296 3592 aliquid
2331 3517 2471 3574 boni
2495 3517 2846 3588 generosive
2869 3517 3043 3574 faciet
3074 3535 3088 3586 ;
3125 3519 3229 3576 sed
3249 3537 3358 3576 nec
3379 3521 3442 3576 in
3469 3537 3594 3578 ma-

1940 3624 2122 3680 gnam
2156 3608 2479 3681 nequitiam
2496 3606 2824 3663 emanabit.
2858 3608 3083 3664 Natura
3104 3608 3343 3674 celeres,
3368 3609 3446 3666 ad
3467 3627 3594 3667 om-

1939 3699 2040 3754 nia
2064 3697 2402 3753 sutl'erenda
2431 3696 2690 3768 impigri,
2719 3696 3064 3753 divitiarum
3095 3697 3592 3771 voluptatumque

1939 3791 2400 3856 contemptores,
2435 3790 2492 3841 et
2524 3787 2626 3857 qui
2685 3785 2855 3842 facile
2910 3803 2942 3842 c
2973 3788 3265 3844 sententia
3303 3787 3590 3844 dimoveri

1939 3874 2151 3928 nolunt
2180 3889 2194 3936 ;
2236 3873 2349 3941 isti,
2391 3873 2710 3928 accedente
2740 3874 3042 3944 aliquanto
3063 3882 3372 3944 potestate,
3394 3877 3489 3932 vel
3513 3877 3588 3933 ad

1939 3962 2211 4018 virtutem
2233 3976 2456 4030 magno
2472 3960 2649 4015 futuri
2665 3966 3145 4028 suntinomento,
3163 3963 3250 4018 vel
3267 3964 3340 4018 ad
3363 3964 3593 4020 malum

1940 4067 2078 4107 cum
2123 4049 2427 4116 inclinent,
2481 4048 2856 4118 intolerandi,
2909 4049 3322 4120 implacabiles
3355 4051 3566 4106 amicis

1941 4139 2355 4204 familiaribus,
2391 4137 2639 4210 singulis
2659 4139 2954 4194 exsistunt
2985 4154 2998 4194 :
3038 4140 3329 4204 Quocirca
3355 4155 3474 4195 non
3506 4147 3594 4197 est

1942 4245 2098 4300 aegre
2128 4227 2459 4292 ferendum,
2483 4226 2646 4298 quod
2669 4227 2894 4299 optima
2908 4243 3164 4300 quaeque
3185 4228 3263 4284 ab
3285 4229 3482 4285 amico
3496 4245 3596 4301 ge-

1943 4335 2162 4375 neroso
2203 4334 2323 4374 non
2365 4332 2603 4388 semper
2631 4317 3044 4388 impetramus,
3074 4317 3181 4372 sed
3212 4319 3416 4387 gratiae
3457 4323 3594 4375 sunt

1945 4408 2216 4477 agendaa,
2257 4423 2328 4463 eo
2353 4405 2516 4479 quod
2541 4421 2662 4461 non
2691 4411 2922 4461 tantum
2957 4405 3101 4462 nihil
3131 4407 3291 4462 triste
3322 4411 3595 4478 reporta-

1944 4514 2098 4562 mus,
2117 4496 2221 4552 sed
2250 4496 2442 4568 potius
2456 4494 2619 4567 quod
2637 4493 2872 4550 nihilab
2898 4510 2968 4549 eo
2994 4494 3412 4566 proficiscatur
3427 4495 3595 4568 quod

1945 4587 2095 4642 inter
2121 4603 2357 4642 summe
2389 4585 2579 4641 tristia
2604 4589 2660 4641 et
2689 4583 2938 4639 molesta
2959 4589 3320 4640 numeretur.
3351 4589 3423 4640 At
3439 4584 3489 4639 si
3507 4600 3596 4640 re-

1946 4681 2208 4732 vertatur
2231 4674 2578 4746 aliquando,
2607 4677 2665 4730 et
2680 4672 2757 4728 ad
2779 4677 3064 4743 cognatas
3091 4689 3226 4727 cum
3251 4673 3459 4728 amicis
3478 4673 3597 4729 vir-

1947 4771 2098 4822 tutes
2136 4770 2414 4830 recurret,
2458 4764 2580 4819 ﬁeri
2622 4765 2817 4835 potest
2845 4767 2906 4818 ut
2946 4762 3108 4818 bona
3137 4778 3268 4835 qua;
3308 4761 3594 4834 deinceps

1944 4855 2262 4918 oblectant,
2283 4854 2487 4908 omnia
2515 4853 2614 4908 illa
2650 4851 2810 4906 mala
2837 4855 2894 4906 et
2925 4851 3109 4906 tristia
3138 4865 3495 4908 evanescere
3513 4850 3597 4909 fa-

1945 4944 2080 5011 ciat,
2120 4943 2342 5015 quibus
2373 4941 2604 5015 pridem
2634 4938 3108 5012 occupabamur.

2559 5031 2765 5086 EPIST.
2802 5030 2978 5086 XXIX.

2495 5119 2719 5176 Basilio
2745 5118 3037 5189 praetori.

1514 5248 1803 5297 Montacut.
1843 5227 1946 5310 (ἐρ.
1979 5245 2056 5302 82,
2091 5261 2148 5310 p.
2189 5245 2316 5305 128).

308 5367 583 5440 Κείρουσιν
640 5365 688 5417 οἱ
745 5365 958 5418 παλαιοὶ
1013 5365 1158 5435 λόγοι
1215 5365 1482 5438 Προμηθεῖ
1537 5367 1596 5415 τό
1664 5363 1828 5436 ἧπαρ,

234 5452 383 5506 ἀετόν
441 5451 741 5525 ἱφιστῶντες
793 5457 878 5506 τόν
929 5457 1166 5526 κείροντα
1226 5474 1237 5486 ·
1291 5457 1378 5504 καὶ
1439 5453 1466 5511 ἡ
1531 5451 1693 5517 αἰτία,
1752 5455 1828 5504 ὅτι

233 5544 409 5595 θεόθεν
462 5547 519 5595 τὸ
576 5549 680 5616 πῦρ
730 5543 994 5616 ἐκκλέψας,
1047 5547 1197 5615 φησὶ,
1251 5546 1417 5594 πόνων
1449 5546 1535 5593 καὶ
1586 5542 1832 5613 καμάτων

239 5629 534 5706 ἀνθρώποις
585 5635 792 5706 ἤνεγκεν
845 5637 1008 5686 αἴτιον
1035 5655 1046 5667 ο
1109 5633 1165 5687 Εἰ
1198 5628 1254 5685 δέ
1284 5651 1340 5685 σε
1371 5631 1502 5685 εἶλον
1533 5633 1580 5684 οἱ
1620 5636 1835 5690 ποιηταὶ

2013 5361 2290 5418 Veterum
2322 5360 2541 5416 fabulae
2572 5359 2891 5433 depastum
2922 5359 3274 5418 Prometheo
3290 5361 3481 5436 hepar
3508 5361 3598 5430 fee

1943 5456 2077 5504 runt
2109 5451 2185 5505 ab
2218 5450 2420 5521 aquila
2441 5450 2801 5506 detondente
2827 5466 2845 5516 ;
2869 5465 3120 5506 causam
3137 5450 3298 5515 dant,
3331 5451 3492 5524 quod
3523 5450 3597 5507 de

1943 5541 2090 5595 coelo
2131 5538 2358 5594 furatus
2405 5539 2623 5609 ignem,
2671 5538 2943 5595 laborum
2991 5543 3048 5595 et
3103 5539 3600 5610 defatigationum

1945 5644 2162 5685 causas
2195 5627 2544 5685 hominibus
2567 5628 2749 5685 dedit.
2772 5629 2948 5696 Quod
2971 5629 3019 5686 si
3041 5635 3092 5686 te
3119 5629 3379 5702 ceperint
3409 5632 3601 5702 poetas

3487 337 3678 412 946,
