4072 6232
533 231 636 291 947

1754 223 1999 281 PHOTll
2043 176 2191 278 PAT.

2302 217 2533 278 ΒΟΗῶ
2575 219 2688 278 CP.
3770 227 3846 284 9&8

535 362 770 417 tantum
791 355 1086 412 malorum
1116 369 1332 428 pyram
1365 354 1423 408 in
1442 351 1696 425 patriam
1720 354 2186 416 construentem,

2302 348 2559 404 τοσαύτην
2611 354 2783 398 κακῶν
2831 350 3001 420 πυρὰν
3049 355 3112 421 τῇ
3159 345 3384 422 πατρίδι
3434 347 3697 420 ἀνάᾷαντα
3727 371 3738 383 ·
3783 353 3850 406 οὐκ

535 463 661 505 non
689 446 773 503 illi
804 444 1165 518 aquilarum,
1199 444 1540 508 milvorum,
1573 440 1924 512 accipitrum
1959 439 2188 510 species

537 535 599 593 in
616 539 670 591 te
696 532 1078 596 concitarent,
1098 546 1234 602 quae
1265 529 1492 584 viscera
1520 528 1912 600 depascerent
1929 531 2028 582 tua
2049 549 2060 591 ;
2083 525 2190 581 sed

539 630 596 682 et
624 623 867 696 pardos,
891 621 1112 684 leones,
1144 625 1198 675 et
1222 624 1465 674 caeteras
1497 617 1722 673 bestias
1753 617 1811 671 in
1836 621 1938 672 tua
1963 614 2190 670 intesti-

541 730 622 770 na
650 710 962 769 immittere
1015 724 1137 764 non
1185 707 1554 764 desisterent.
1587 709 1669 762 Tu
1709 711 1910 762 autem
1967 704 2184 774 cogita,

541 801 705 876 quod
727 801 860 856 licet
886 802 1077 870 poetae
1099 813 1221 853 non
1253 798 1556 863 exsistant,
1583 797 1686 868 qui
1717 796 1845 850 haec
1877 793 2022 850 talia
2051 808 2190 848 con-

543 891 791 960 tingant,
821 887 1082 943 veritatis
1138 891 1338 942 tamen
1384 884 1729 941 Christianae
1785 888 1993 938 exacta
2040 881 2190 936 ratio

474 981 476 983 ’
540 995 662 1036 non
695 976 1260 1048 cessetsupplicium
1296 975 1490 1044 magis
1518 971 1977 1029 formidolosum
2004 972 2193 1026 inten-

543 1074 686 1135 tare,
742 1068 940 1138 ignem
983 1065 1469 1129 indcfectibilem,
1524 1063 1798 1119 tenebras
1849 1061 2188 1126 exteriores,

544 1157 856 1213 stridorem
885 1155 1174 1218 dentium,
1210 1152 1628 1208 multitudinen
1660 1150 1958 1204 vermium
1989 1163 2196 1220 pecca-

543 1246 772 1303 toribus
789 1245 936 1300 dum
960 1243 1296 1299 substernit.
1323 1241 1492 1306 Quod
1517 1241 1562 1295 si
1592 1246 1644 1296 te
1669 1239 1842 1294 timor
1859 1239 2195 1293 futurorum

542 1337 601 1391 iu
632 1335 913 1408 praesenti
947 1349 1066 1388 non
1098 1337 1389 1395 coerceat,
1425 1346 1532 1386 nec
1563 1346 1599 1386 a
1637 1345 1813 1385 cursu
1855 1326 2194 1382 inordinato

543 1430 599 1482 et
627 1422 1010 1480 irrationabili
1042 1422 1298 1487 avertit;
1348 1425 1612 1476 attamen
1661 1419 1934 1474 Sodomae
1987 1421 2043 1472 et
2091 1417 2196 1471 Go-

542 1513 801 1570 morrbaa
816 1528 951 1584 quae
971 1511 1176 1567 litteris
1196 1510 1448 1566 traditur
1471 1506 1778 1579 perpessio
1796 1502 2196 1560 inconsolabi-

541 1603 635 1667 lis,
670 1608 728 1658 et
775 1615 1098 1656 commune
1136 1598 1277 1654 illud
1311 1597 1574 1653 omnium
1605 1597 1919 1652 hominum
1952 1593 2196 1648 naufra-

2299 435 2455 488 ἀετῶν
2502 440 2647 507 γένη,
2693 440 2782 488 καὶ
2833 436 3056 503 ίκτίνων,
3118 443 3208 490 καὶ
3261 440 3483 512 ἱεράκων
3544 447 3651 500 τοῖς
3695 440 3852 513 σπλάγ-

2297 545 2451 597 χνοις
2520 525 2582 577 ἄν
2635 521 2989 582 διεϐόσκησαν
3043 547 3057 560 ο
3118 525 3247 578 ἀλλὰ
3303 531 3397 579 καὶ
3452 523 3740 599 παρδάλεις,
3787 537 3850 583 καὶ

2296 614 2523 678 λέοντας,
2577 618 2664 666 καὶ
2720 616 2879 688 θηρία
2926 617 3096 668 πάντα
3129 615 3224 668 οὐκ
3253 615 3314 667 ἃν
3344 624 3460 679 τοῖς
3509 615 3751 688 ἐγκάτοις,
3783 619 3852 671 ἐπα

2297 707 2526 776 αφιέντες
2575 701 2859 775 ἀπέκαμον,
2910 708 2977 756 Σύ
3027 701 3087 757 δε
3120 709 3302 758 σκόπει
3330 707 3404 766 ὡς
3456 705 3502 758 εί
3528 710 3692 758 καὶτὸ
3732 727 3854 767 notr-

2296 801 2396 844 τῶν
2459 795 2605 863 γένος
2667 800 2832 846 ταῦτα
2898 795 3256 867 σχηματίζειν
3306 793 3640 860 ἐπιλέλοιπεν,
3693 794 3781 848 ἀλλ’
3829 801 3851 856 ἧ

2296 900 2356 953 γε
2396 880 2515 933 καθ’
2566 884 2701 954 ἡμᾶς
2753 891 2847 945 τῆς
2901 881 3142 946 ἀληθείας
3194 882 3460 956 ἀκρίϐεια,
3524 883 3616 936 οὐκ
3671 883 3854 952 ἀπέστη,

2300 970 2647 1046 φοϐερωτέραν
2725 976 2820 1030 τὴν
2909 977 3160 1048 τιμωρίαν
3232 972 3636 1026 ὶπανατείνουσα
3694 995 3706 1008 ·
3775 983 3854 1048 πῦρ

2303 1059 2634 1118 ἀτελεύτητον
2685 1081 2700 1095 ο
2756 1067 2844 1114 καὶ
2909 1067 3090 1124 σκότος
3138 1062 3382 1135 ἐξώτερον
3437 1083 3452 1096 ·
3523 1068 3611 1114 καὶ
3665 1061 3856 1136 ppu-mu

2583 1167 2597 1180 '
2638 1155 2729 1202 καὶ
2774 1151 3049 1210 σκωλήκων
3097 1152 3290 1213 πλῆθος
3334 1153 3736 1227 ὑποστρωννύσα
3777 1160 3857 1214 τοίς

2756 1067 2844 1114 καὶ
2909 1067 3090 1124 σκότος
3138 1062 3382 1135 ἐξώτερον
3437 1083 3452 1096 ·

2304 1147 2528 1202 ὀδόντων

2303 1239 2712 1312 ἁμαρτάνουσιν.
2767 1240 2830 1295 Εἰ
2890 1237 2951 1293 δέ
3002 1261 3060 1294 σε
3103 1245 3192 1294 καὶ
3259 1250 3360 1293 τῶν
3415 1240 3689 1314 μελλόντων
3746 1245 3857 1293 οὔπω

2307 1327 2573 1380 συστέλλει
2597 1329 2623 1380 ό
2654 1327 2824 1400 φόϐος,
2875 1327 3000 1382 οὐδὲ
3042 1339 3136 1392 τῆς
3166 1328 3394 1382 ἀτάκτου
3450 1334 3541 1382 καὶ
3585 1329 3753 1402 ἀλόγου
3793 1349 3858 1403 φοι

2303 1424 2398 1491 ρᾶς
2429 1417 2705 1471 ἀνακόπτει
2739 1435 2752 1447 ⁸
2797 1418 2925 1471 ἀλλὰ
2978 1419 3073 1471 κάν
3120 1427 3246 1492 γοῦν
3277 1423 3335 1472 τὸ
3382 1418 3626 1488 Σοδόμων
3673 1427 3751 1472 καὶ
3790 1426 3859 1471 Γο-

2304 1507 2499 1582 μόρρας
2539 1506 2867 1581 ἀνάγραπτον
2908 1515 2996 1562 καὶ
3046 1508 3418 1582 ἀπαράκλητον
3471 1511 3630 1570 πάθος
3656 1529 3668 1542 ·
3716 1513 3790 1560 καὶ
3812 1513 3855 1560 τό

2303 1599 2474 1647 κοινόν
2503 1605 2600 1647 τῶν
2656 1594 2936 1671 ἀνθρώπων
2981 1601 3227 1670 ναυάγιον
3278 1600 3304 1651 ό
3353 1599 3743 1671 κατακλυσμός⁶
3787 1601 3855 1649 καὶ

543 1691 730 1763 gium,
750 1689 1072 1755 diluvium;
1101 1693 1157 1743 et
1180 1687 1532 1760 quotidiana
1553 1684 1945 1757 providentiae
1984 1698 2190 1754 opera,

2304 1685 2370 1734 τά
2409 1686 2732 1760 καθημερινὰ
2757 1695 2847 1748 τῆς
2891 1693 3126 1762 προνοίος
3180 1691 3326 1762 ἔργα,
3378 1688 3448 1749 εἰς
3504 1693 3728 1763 σώφρονα
3764 1691 3855 1747 τοὺς

541 1781 832 1845 animum,
862 1781 920 1833 et
943 1776 1358 1846 cogitationes,
1391 1775 1467 1830 ad
1496 1773 1759 1830 sobriam
1785 1772 2191 1844 etsapientem

541 1868 965 1938 cogitationem
994 1866 1341 1922 reforment.

1173 1955 1384 2010 EPIST.
1421 1954 1566 2010 XXX.

954 2045 1234 2105 Michaelz'
1258 2042 1767 2114 protospathario.

2302 1771 2587 1846 λογισμούς
2617 1775 3080 1852 μεταρῥυθμιζέτω
3109 1778 3345 1850 μελέτην,

2935 1962 3147 2012 ΕΠΙΣΤ.
3191 1956 3274 2012 Λ’.

2729 2045 2952 2119 Μιχαὴλ
2995 2047 3480 2121 πρωτοσπαθαρίῳ.

1828 2138 2119 2189 Montacut.
2152 2135 2260 2201 (ep.
2284 2137 2363 2198 85,
2395 2154 2449 2204 p.
2481 2142 2611 2204 131).

611 2238 840 2308 Corpus
879 2233 1128 2302 morbis,
1167 2230 1451 2305 patiendo
1499 2231 1724 2298 anima,
1763 2229 1887 2285 vita
1929 2227 2191 2298 denique

535 2329 662 2383 tota
692 2325 770 2381 ab
800 2321 1148 2380 hominibus
1181 2319 1557 2376 contumeliis
1594 2318 1819 2375 afﬂicta
1854 2317 2193 2388 despondet

540 2431 604 2471 se
639 2431 651 2470 ε
686 2412 1014 2469 amicorum
1043 2411 1320 2483 paucitas
1336 2414 1393 2465 et
1421 2409 1713 2472 absentia,
1746 2412 2188 2463 servorumtor-

542 2505 732 2559 tiones
787 2505 844 2558 et
900 2500 1164 2566 vincula,
1223 2499 1460 2569 cognati
1519 2499 1820 2554 minarum
1867 2496 2190 2552 acerbitate

539 2590 776 2656 divulsi,
825 2604 1024 2644 rerum
1077 2587 1554 2644 necessariarum
1611 2585 1853 2649 ablatio,
1899 2583 2189 2638 librorum

540 2677 812 2752 direptio,
846 2692 1151 2733 sacrorum
1190 2677 1408 2731 aedium
1467 2673 1768 2747 expilatio,
1802 2689 1955 2744 quas
1999 2671 2191 2742 expia-

539 2769 693 2826 toria
719 2767 899 2823 nobis
938 2765 1134 2821 futura
1183 2765 1704 2828 constitueramus,
1756 2763 1901 2817 dum
1952 2775 2190 2816 canere-

541 2863 654 2927 tur,
685 2856 994 2926 legeretur,
1026 2854 1242 2910 divinis
1263 2853 1323 2909 in
1351 2853 1575 2909 eisdem
1605 2852 2026 2916 inserviretur;
2053 2864 2191 2905 con-

2302 2863 2618 2923 νωσκόντων,
2695 2857 2744 2910 ἐν
2807 2865 2941 2911 πᾶσι
3017 2861 3173 2920 θείοις
3233 2860 3620 2931 ὑπηρετούντων
3676 2872 3688 2884 ·

539 2953 630 3004 tra
654 2961 867 3002 omnes
898 2945 1202 3001 sententias
1229 2942 1461 2999 acerbae
1506 2947 1647 2998 sunt
1691 2946 1748 2997 et
1773 2941 2011 2996 decreta
2039 2939 2192 2994 dura

540 3036 719 3103 edita,
752 3033 834 3091 ita
851 3040 914 3090 ut
938 3049 1116 3090 nemo
1136 3032 1212 3089 ad
1243 3048 1352 3088 nos
1377 3032 1622 3104 propius
1640 3030 1922 3087 accedere
1947 3028 2188 3084 audeat.

540 3125 696 3192 Quid
748 3140 905 3197 opus
959 3137 1436 3180 commemorare
1504 3119 1892 3194 quotidianas
1985 3133 2194 3174 excus-

542 3214 769 3281 siones,
825 3212 1181 3281 decisiones,
1241 3210 1814 3275 condemnationes;
1897 3208 1957 3264 in
2053 3206 2191 3280 qui-

541 3303 657 3360 bus
705 3317 883 3359 nemo
925 3303 1089 3357 testis
1129 3307 1458 3372 comparet,
1513 3314 1691 3355 nemo
1751 3313 1860 3370 pro
1909 3295 2193 3353 tribunali

539 3393 745 3464 judex,
775 3407 952 3446 nemo
971 3395 1308 3454 accusator;
1343 3405 1462 3444 non
1490 3389 1698 3443 dixero
1725 3391 1930 3442 contra
1951 3389 2190 3449 memet,

544 3481 650 3536 sed
680 3484 888 3536 contra
909 3480 1157 3542 amicos,
1187 3477 1684 3546 consanguineos,
1717 3491 1921 3531 servos
1945 3474 2192 3529 omnino

545 3583 776 3633 omnes,
803 3582 957 3638 quos
987 3566 1190 3638 aliqua
1217 3565 1462 3620 suberat
1491 3565 1792 3635 cogitatio,
1822 3579 1917 3620 me
1943 3563 2192 3618 omnino

544 3673 666 3714 non
697 3655 1016 3728 negligere.
1059 3655 1230 3720 Quod
1261 3654 1311 3710 si
1331 3655 1574 3710 tandem
1602 3660 1931 3719 cessarunt,
1956 3654 2189 3710 investi-

544 3750 752 3820 gantes
802 3744 1188 3818 quaestiones,
1223 3759 1342 3800 non
1393 3744 1455 3800 ﬁt
1504 3744 1566 3799 id
1607 3761 1676 3800 ex
1709 3743 1896 3800 animi
1928 3743 2191 3816 ipsorum

544 3835 856 3901 sententia,
883 3840 985 3890 aut
1005 3839 1246 3906 propter
1267 3833 1533 3906 aliquam
1548 3834 1824 3890 virtutem
1841 3849 2034 3889 meam
2057 3833 2192 3901 ;sed

544 3925 623 3982 ab
635 3924 862 3981 excelsa
873 3923 934 3978 tit
947 3929 1004 3979 et
1015 3922 1314 3996 profunda
1331 3924 1424 3978 Dei
1439 3923 1864 3989 misericordia,
1880 3940 2048 3996 aqua
2065 3923 2192 3982 sola

543 4014 892 4088 pendemus,
910 4018 965 4068 et
985 4013 1098 4068 sub
1112 4029 1232 4084 qua
1245 4012 1302 4068 in
1319 4013 1433 4068 vita
1447 4013 1746 4082 agitamur
1767 4030 1778 4079 ;
1797 4013 1886 4068 his
1913 4019 1991 4068 tot
2013 4014 2190 4068 tantis

546 4103 887 4176 talibusque
917 4101 1191 4158 exhausti
1219 4100 1514 4167 fluctibus,
1544 4117 1652 4173 pro
1670 4103 1940 4170 cognatis
1965 4107 2189 4170 autem,

2377 2234 2446 2284 Τό
2480 2239 2633 2304 σῶμα
2656 2239 2773 2294 ταῖς
2800 2237 2976 2294 νόσοις
3015 2251 3028 2264 ·
3063 2235 3092 2293 ἠ
3128 2229 3188 2286 δι
3215 2233 3375 2306 ψυχή
3409 2238 3522 2294 τοῖς
3549 2233 3814 2302 παθήμασιν
3837 2249 3847 2261 ο

2305 2319 2331 2370 δ
2371 2315 2430 2372 δί
2483 2319 2598 2392 βίος
2649 2321 2762 2384 ὅλος
2813 2329 2922 2383 ταῖς
2975 2321 3026 2385 ἐξ
3085 2323 3368 2395 ἀνθρώπων
3413 2321 3668 2396 ἕπηρείαις
3707 2317 3849 2371 ἀπεῖπε

2303 2407 2807 2484 ταλαιπωρούμενος.
2874 2411 3034 2466 Φίλων
3104 2413 3316 2486 ἠρεμία,
3394 2414 3698 2485 θεραπόντων
3747 2407 3850 2458 αἰκι-

2305 2503 2432 2570 σμοὶ
2495 2505 2585 2553 καὶ
2637 2501 3021 2572 αἰχμαλωσίαι,
3076 2509 3346 2573 συγγενεῖς
3401 2509 3464 2575 τῇ
3533 2509 3626 2552 τῶν
3675 2496 3846 2550 ἀπειλῶν

2304 2586 2570 2661 βαρύτητι
2616 2589 2643 2630 ά
2674 2611 2687 2624 ’
2742 2597 3014 2663 στερήσεις
3059 2597 3149 2644 καὶ
3196 2591 3369 2644 αὐτῶν
3420 2599 3517 2643 τῶν
3564 2589 3842 2659 ἀναγκαίων·

2303 2677 2538 2751 ἁρπαγαὶ
2617 2677 2856 2752 βιϐλίων,
2933 2683 3076 2754 ἱερῶν
3143 2679 3493 2756 ἐκπορθήσας
3570 2682 3723 2744 οἰκων,
3777 2672 3844 2734 οὓς

2304 2767 2604 2842 ἱλαστήριον
2674 2771 2826 2840 ἡμεῖς
2902 2769 3256 2840 ἐστησάμεθα,
3331 2769 3642 2841 ψαλλόντων,
3706 2764 3844 2834 Emm-

3745 2871 3846 2904 κατα

2301 2947 2506 2999 πάντων
2562 2946 2733 3008 ἁπλῶς
2797 2945 3080 3020 ἀποφάσεις
3139 2953 3348 3022 πικραὶ,
3410 2953 3498 3000 καὶ
3555 2946 3840 3018 ψηφίσματα,

2304 3035 2387 3086 ἵνα
2436 3032 2623 3107 μηδεὶς
2650 3032 2789 3107 μηδὲ
2835 3043 2926 3088 τοῦ
2981 3039 3368 3109 παραγενέσθαι
3416 3039 3542 3108 πρὸς
3585 3036 3703 3106 ἡμᾶς
3745 3031 3846 3086 πλη-

2305 3129 2418 3176 σίον
2495 3128 2724 3196 γένηται.
2797 3129 2861 3178 Τί
2932 3122 3015 3178 δεῖ
3071 3127 3166 3187 τάς
3218 3125 3526 3201 ἐφημερίους
3594 3123 3840 3195 ἀνακρίσεις

2301 3213 2485 3285 λέγειν,
2547 3219 2636 3266 καὶ
2701 3218 2916 3289 κρίσεις,
2993 3219 3083 3268 καὶ
3141 3220 3527 3290 κατακρίσεις·
3583 3213 3646 3264 ὧν
3709 3205 3844 3268 οὐδεὶς

2303 3304 2420 3354 οὔτε
2474 3303 2695 3376 μάρτυς,
2750 3306 2864 3356 οὔτε
2914 3308 3119 3377 κριτής,
3180 3303 3284 3355 ἀλλ’
3345 3300 3470 3357 ούδᾶ
3511 3305 3766 3373 κατήγορος
3799 3295 3842 3347 οὗ

2303 3392 2420 3443 καθ’
2470 3392 2616 3463 ἡμῶν
2671 3396 2844 3463 μόνον,
2900 3391 3029 3444 ἀλλά
3075 3398 3165 3445 καὶ
3212 3395 3348 3445 κατά
3393 3393 3563 3465 φίλων,
3615 3395 3693 3441 καὶ
3738 3386 3840 3437 κατὰ

2305 3489 2583 3552 συγγενῶν,
2629 3486 2719 3533 καὶ
2769 3483 3109 3553 θεραπόντων,
3148 3488 3238 3534 καὶ
3289 3485 3430 3534 κατὰ
3475 3483 3662 3534 πάντων
3705 3475 3840 3533 ἁπλῶς

2303 3569 2372 3631 είς
2437 3571 2527 3631 οὕς
2579 3571 2769 3632 αὐτοὺς
2819 3573 2848 3630 ἡ
2904 3579 2994 3623 τοῦ
3050 3571 3260 3643 μελετᾷν
3313 3573 3436 3624 καθ’
3507 3572 3640 3641 ἡμῶν
3687 3565 3838 3618 ἐλαύνει

2302 3659 2521 3714 ἐπίνοια.
2585 3659 2646 3714 Εἰ
2694 3657 2753 3713 δι
2820 3664 2910 3712 καὶ
2967 3659 3191 3722 ἐξέλιπον
3221 3673 3248 3701 θ
3292 3659 3629 3736 ἐξερευνήσας
3684 3654 3838 3726 ἕξιν-’⁸

2300 3757 2500 3812 νῶντες,
2568 3753 2684 3802 οὔτε
2756 3758 2853 3812 τῆς
2911 3748 3111 3802 ἐκείνων
3169 3756 3382 3822 γνώμης
3440 3752 3548 3801 οὔτε
3605 3753 3689 3806 τῆς
3727 3745 3837 3812 ἡμῶν

2302 3838 2508 3911 ἀρετῆς,
2551 3837 2679 3890 ἀλλά
2728 3847 2822 3901 τῆς
2863 3837 3079 3912 βαθείας
3121 3845 3209 3892 καὶ
3263 3839 3469 3910 ὑψηλῆς
3519 3833 3838 3908 φιλανθρωπίας

2301 3934 2395 3980 τόῦ
2445 3935 2579 3981 Θεοῦ
2627 3929 2691 3991 ἧς
2744 3933 2904 4000 μόνης
2956 3929 3247 4002 ἠρτήμεθα,
3304 3933 3399 3980 καὶ
3447 3927 3522 3999 ἐφ’
3566 3925 3704 3996 ᾖτόν
3749 3917 3837 3989 βίον

2306 4017 2582 4089 σαλεύομεν
2635 4038 2649 4051 ο
2711 4021 2980 4079 τοσούτοις
3037 4021 3123 4069 καὶ
3193 4016 3521 4077 τηλικούτοις
3570 4006 3820 4084 περιαντλού

2304 4126 2444 4178 μενοι
2495 4109 2744 4178 κύμασιν,
2805 4105 2919 4158 ἀντὶ
2969 4103 3028 4160 δε
3079 4115 3361 4178 συγγενῶν,
3410 4105 3516 4158 ἀντὶ
3557 4101 3712 4174 φίλων,
3751 4093 3838 4145 ἀντὶ

545 4209 654 4266 pro
685 4191 911 4258 amicis,
940 4207 1048 4263 pro
1079 4190 1339 4257 famulis,
1373 4206 1481 4261 pro
1512 4191 1868 4246 canentibus
1901 4190 2184 4256 Psalmos,

2308 4192 2367 4247 δι
2437 4197 2773 4267 θεραπόντων,
2830 4194 2947 4248 ἀντὶ
3002 4194 3319 4266 ψαλλόντων,
3411 4193 3521 4246 ἀντὶ
3586 4188 3639 4243 δὲ
3700 4187 3838 4241 πάσης

546 4297 655 4353 pro
685 4295 1049 4352 quocunque
1071 4280 1338 4334 humano
1368 4279 1580 4335 solatio
1611 4296 1624 4346 ;
1656 4280 1888 4346 milites,
1922 4280 2189 4336 custodia

545 4369 786 4434 tribuni,
815 4366 1038 4433 vicarii,
1068 4367 1352 4423 militares
1379 4368 1565 4439 copia:
1587 4384 1697 4423 nos
1725 4370 2190 4424 circumsistunt.

547 4458 714 4516 Unde
739 4457 952 4530 poterit
979 4457 1182 4513 anima
1220 4461 1306 4512 tot
1333 4456 1627 4512 malorum
1661 4456 2132 4520 falcibusdivisa,
2158 4474 2195 4515 a

545 4563 788 4621 corpore
809 4562 929 4603 non
961 4545 1179 4618 abripi,
1207 4550 1264 4602 et
1293 4545 1596 4616 aufugere,
1630 4551 1784 4603 certe
1815 4553 1869 4602 et
1897 4547 2012 4603 hoc
2050 4547 2193 4604 mihi

545 4653 850 4695 summam
873 4637 1314 4694 dubitationem
1342 4640 1560 4691 movet.

1161 4817 1374 4873 EPIST.
1412 4817 1590 4872 XXXI.

615 4908 840 4963 Joanm’
861 4909 1120 4980 patricio
1151 4914 1204 4966 et
1251 4909 1557 4965 sacellano
1588 4908 1754 4976 apud
1801 4910 2117 4979 Angurios.

2303 4283 2629 4358 ἀνθρωπίνης
2695 4287 3052 4358 παραμυθίας,
3106 4290 3153 4336 τί
3193 4301 3208 4350 ;
3266 4293 3575 4357 στρατιῶται
3624 4281 3700 4330 καὶ
3745 4291 3834 4324 κου’

2306 4370 2529 4440 στωδία,
2588 4379 2677 4427 καὶ
2724 4373 3003 4447 τριϐοῦνοι,
3058 4379 3146 4427 καὶ
3193 4371 3454 4446 βικάριοι,
3505 4375 3588 4423 καὶ
3637 4381 3834 4439 στρατιω-

2303 4467 2442 4516 τικοὶ
2483 4461 2638 4535 λόχοι
2679 4465 3075 4536 περικάθηνται.
3139 4469 3250 4522 Πῶς
3299 4458 3390 4514 οὖν
3442 4464 3470 4521 ἠ
3502 4460 3640 4531 ψυχή
3687 4449 3830 4506 rostri-

2303 4572 2414 4614 τοις
2458 4560 2628 4604 κακῶν
2674 4550 2944 4624 δρεπάνοις
2988 4548 3326 4625 διαιρουμένη
3383 4559 3471 4604 τοῦ
3517 4555 3724 4619 σώματος
3760 4536 3830 4589 οὐκ

2304 4641 2496 4718 ερῥάγη
2559 4647 2647 4695 καὶ
2703 4641 2926 4715 έξέφυγε,
2985 4648 3138 4694 τοῦτο
3207 4646 3296 4694 καὶ
3367 4643 3501 4714 ἡμᾶς
3550 4636 3610 4698 εἰς
3657 4629 3828 4703 ἀπορίαν

2302 4737 2544 4805 περιίστη
2554 4750 2656 4787 σιν.

2908 4827 3118 4875 ΕΠΙΣΤ.
3163 4819 3293 4876 ΛΜ.

2433 4913 2642 4984 Ἰωάννῃ
2674 4917 2951 4987 πατρικίῳ,
2983 4916 3071 4963 καὶ
3105 4909 3441 4985 σακελλαρίῳ,
3471 4907 3594 4960 κατά
3627 4903 3725 4959 τοὺς

2921 4984 3286 5058 Ἀγγουρίους.

1836 5078 2126 5130 Montacut.
2157 5082 2261 5147 (ep.
2297 5083 2375 5133 86.
2407 5097 2460 5147 p.
2484 5083 2614 5145 131).

615 5163 812 5222 Talem
827 5180 936 5235 ego
954 5168 1226 5224 mihimet
1243 5169 1505 5224 amicum
1519 5168 1882 5239 conjungere
1897 5175 2190 5241 optarem,

544 5272 651 5331 per
670 5269 850 5328 quem
872 5270 1066 5328 neque
1087 5258 1434 5329 superbiens
1452 5258 1656 5330 aliqua
1673 5259 1866 5331 gratia
1885 5259 2192 5318 etexcelsa

2369 5173 2607 5245 Ἐλοίμην
2665 5170 2724 5223 ἄν
2771 5173 2932 5242 ἔγωγε
2985 5169 3126 5243 φίλον
3189 5168 3392 5242 ἐμαυτῷ
3421 5161 3666 5227 συζεῦξαι,
3695 5148 3816 5245 ᾇξ-οὗι

2300 5267 2432 5335 μήτε
2499 5240 2599 5314 τῶν
2655 5240 3000 5336 ὑπερηφάνων⁷
3067 5279 3158 5334 μοι
3213 5240 3446 5332 χαρίτων
3503 5257 3584 5306 καὶ
3653 5240 3817 5315 ὑψηλῶν

1879 5401 2114 5458 VARl/E
2155 5402 2552 5461 LECTIONES.

614 5524 642 5569 ά
667 5521 1036 5597 διαστῶμενοι.
1112 5531 1138 5564 ο
1165 5522 1225 5577 ’ίσ
1251 5519 1392 5579 add.
1420 5540 1566 5580 ποτε.
