4072 6232
210 297 337 357 949

1479 296 1990 356 EPISTOLARUM
2034 298 2249 355 LIBER
2288 299 2382 356 III.

3488 308 3594 364 950

206 423 396 499 μηδὲν
450 428 644 491 ἔσοιτο,
695 429 827 498 μήτε
880 421 1072 486 δεδιὼς
1151 427 1280 493 εἴην,
1349 429 1549 496 μήποτε
1603 427 1814 486 πνεύσας

1936 423 2332 496 impertiatur,
2373 441 2568 498 neque
2598 442 2636 484 a
2673 443 2796 500 quo
2831 427 3100 496 timeam,
3131 443 3206 485 ne
3237 446 3308 486 ex
3335 431 3592 493 adverso

207 514 275 567 ἐκ
327 523 418 568 τοῦ
498 514 726 567 ἐναντίου
760 583 762 585 γ
795 516 1244 588 συγκατασπάσῃ,
1295 519 1384 566 καὶ
1427 514 1461 566 ἃ
1519 510 1658 586 μηδὲ
1703 519 1822 588 ὄναρ

207 603 412 658 ἐκεῖθεν
442 605 662 663 ἤλπισα.
729 607 890 657 Πόθεν
945 601 1032 656 οὖν
1103 606 1168 665 εἰς
1214 607 1410 662 ταύτην
1467 603 1682 666 ἐξέπεσα
1731 609 1823 664 τὴν

209 693 480 767 βούλησιν
515 711 528 761 ;
561 696 616 746 αἱ
648 698 738 747 σαὶ
768 693 1000 767 πράξεις,
1044 702 1135 747 τοῦ
1187 713 1310 748 ποτε
1341 693 1606 766 φιλοῦντος
1664 695 1818 765 ἡμᾶς,

205 782 304 837 ἐπὶ
330 787 522 844 ταύτην
548 787 747 856 ἤγαγον
759 830 772 842 ,

826 959 1038 1013 ΕΠΙΣΤ.
1082 956 1209 1013 ΛΒ’.

543 1049 710 1121 Βαάνῃ
742 1052 1073 1120 πραιποσίτῳ
1102 1054 1191 1100 καὶ
1219 1050 1496 1119 πατρικίῳ.

1935 513 2085 570 mihi
2117 514 2346 588 aliquid
2367 514 2600 572 afﬂetur
2635 516 2792 573 unde
2815 516 3193 589 disjiciantur
3217 535 3311 575 res
3341 537 3508 588 meas,
3537 529 3595 580 et

1932 605 2075 660 eain
2091 620 2185 660 me
2207 605 2806 678 contrahantur,quaa
2828 623 2903 662 ne
2921 623 3025 678 per
3040 623 3324 664 somnum
3347 611 3593 683 quidem

1931 693 2280 763 cogitaram.
2313 695 2417 750 Ast
2446 693 2604 750 unde
2636 695 2779 751 mihi
2832 695 2946 751 hoc
2982 697 3211 753 consilii
3263 699 3534 758 aboritur
3564 701 3594 758 ?

1931 786 2049 838 tuae
2082 797 2177 838 me
2207 783 2472 838 actiones
2512 783 2876 855 impulerunt
2917 784 2974 840 in
3012 783 3169 842 hanc
3209 789 3590 862 sententiam,

1928 871 2032 944 qui
2062 871 2206 928 olim
2233 887 2328 928 me
2358 871 2673 942 diligebas.

2537 961 2752 1018 EPIST.
2779 963 2982 1018 XXXII.

2268 1051 2502 1108 Baamr
2535 1052 2860 1121 praeposito
2889 1057 2942 1109 et
2973 1052 3254 1122 patricio.

1507 1145 1792 1196 Montacut.
1824 1148 1931 1211 (ep.
1973 1148 2052 1205 91,
2083 1162 2136 1211 p.
2169 1148 2299 1210 133).

285 1252 385 1307 Ἦν
442 1273 564 1306 ποτε
619 1255 833 1327 κρύφιος
903 1253 1041 1325 φίλος
1081 1254 1106 1304 ὁ
1152 1252 1366 1324 Ἰωσὴφ,
1398 1256 1490 1304 καὶ
1530 1257 1821 1328 νυκτερινός

201 1345 462 1415 μαθητὴς
487 1350 578 1394 τοῦ
609 1341 734 1414 ἐμοῦ
792 1347 1053 1394 Δεσπότου
1101 1345 1191 1393 καὶ
1225 1349 1358 1394 Θεοῦ
1409 1361 1422 1374 ο
1474 1340 1584 1393 ἀλλ’
1609 1343 1820 1416 ὕστερον

203 1437 337 1495 τοὺς
389 1429 617 1504 δεσμούς
678 1430 974 1507 ἀπορρήξας
1025 1439 1118 1492 τῆς
1167 1427 1380 1492 δειλίας,
1451 1440 1551 1482 τῶν
1618 1431 1688 1493 εἰς
1760 1435 1818 1484 τὸ

203 1524 430 1594 φανερόν
509 1521 783 1593 φιλούντων
883 1523 1180 1594 θερμότερος
1253 1525 1341 1572 καὶ
1412 1519 1820 1594 θαρῥαλεώτερος

198 1615 393 1682 γέγονε
435 1628 447 1640 ·
499 1615 584 1662 καὶ
634 1614 690 1662 τό
771 1613 1084 1662 Δεσποτικὸν
1150 1608 1221 1680 ἐφ’
1301 1608 1448 1680 ὕϐρει
1504 1611 1817 1682 κρεμάμενον

202 1709 371 1771 σῶμα
421 1707 512 1752 τοῦ
563 1699 716 1762 ξύλου
769 1698 1016 1762 καθελὼν,
1113 1706 1208 1760 τῆς
1277 1694 1502 1759 δυνατῆς
1545 1701 1816 1770 θεραπείας

197 1789 308 1840 οὐκ
357 1789 603 1859 ἠμέλησε.
689 1792 863 1860 Μέχρι
927 1793 1066 1847 τίνος
1143 1791 1314 1839 τοίνυν
1368 1792 1457 1839 καὶ
1515 1788 1672 1849 αύτός
1725 1784 1819 1840 διὰ

194 1882 393 1939 νυκτός
451 1881 587 1951 ἡμᾶς
635 1877 934 1948 ἀγαπήσας,
993 1877 1120 1929 ἀλλὰ
1162 1882 1233 1949 μὴ
1294 1881 1458 1949 φωτὸς
1500 1883 1590 1930 καὶ
1621 1879 1817 1951 ἡμέρας

196 1971 324 2030 υἱὸς
356 1972 602 2040 γεγονὼς,
643 1967 814 2042 ῥήξεις
871 1965 1018 2030 ἀξίαν
1073 1971 1242 2038 φωνὴν
1317 1973 1412 2028 τῆς
1453 1969 1645 2038 Ἰωσὴφ
1689 1966 1819 2041 παῤ-

193 2058 423 2133 ῥησίας,
455 2062 544 2108 καὶ
585 2057 809 2116 καθελεῖς
853 2060 946 2108 ούκ
995 2055 1096 2107 ἀπό
1149 2055 1302 2119 ξύλου
1349 2058 1408 2107 τὸ
1457 2063 1628 2126 σῶμα,
1689 2055 1819 2108 ἀλλὰ

196 2151 411 2219 μυρίων
473 2153 778 2218 πειρασμῶν
807 2149 896 2197 καὶ
940 2143 1158 2216 θλίψεων
1210 2149 1299 2196 καὶ
1347 2143 1704 2218 ταλαιπωρίας
1726 2150 1818 2198 xui

195 2243 398 2309 πικροῦ
451 2236 698 2310 ῥυόμενος
761 2239 846 2287 xui
897 2236 1246 2308 καθημερινοῦ
1302 2236 1520 2286 θανάτου
1557 2234 1626 2302 f;
1677 2235 1737 2288 Εἰ
1758 2232 1819 2287 δέ

199 2343 267 2377 σε
297 2327 329 2383 ἠ
359 2332 452 2377 τοῦ
481 2329 683 2396 κόσμου
733 2324 896 2396 φιλία,
949 2329 1038 2376 καὶ
1090 2326 1120 2382 ἠ
1169 2326 1298 2396 πρὸς
1330 2323 1486 2375 αὐτόν
1517 2326 1820 2395 συμπάθεια

198 2414 302 2466 οὐκ
359 2414 434 2484 ἑᾷ,
493 2415 660 2485 μάτην
734 2413 806 2474 εἰς
882 2417 1188 2484 καταφυγήν
1250 2417 1338 2466 καὶ
1403 2409 1745 2486 παράδειγμα
1791 2414 1817 2465 ὁ

197 2503 407 2576 Ἰωσὴφ
437 2503 684 2562 ἐπενοήθη
714 2508 802 2555 xui
833 2504 1228 2576 προκομίζεται.

807 2598 1016 2646 ΕΠΙΣΤ.
1048 2591 1171 2644 ΛΓ’.

405 2683 615 2756 Ἰωάννῃ
639 2686 890 2756 πατρικίῳ
919 2687 1009 2734 καὶ
1042 2689 1321 2757 στρατηγῷ
1351 2677 1537 2735 Ἑλλάδ
1541 2701 1610 2742 ος.

2003 1258 2136 1311 Erat
2167 1255 2496 1327 aliquando
2532 1256 2771 1327 Ioseph,
2810 1256 3064 1312 latenter
3103 1257 3334 1314 amicus
3381 1263 3440 1316 et
3477 1275 3585 1317 no-

1929 1348 2176 1400 cturnus
2205 1344 2535 1416 discipulus
2569 1345 2664 1400 Dei
2697 1351 2752 1401 et
2789 1347 3019 1402 Domini
3047 1348 3160 1402 mei
3195 1364 3209 1414 ;
3242 1348 3346 1404 sed
3387 1350 3578 1421 ruptis

1930 1440 2140 1504 postea
2191 1433 2442 1488 vinculis
2496 1433 2991 1500 meticulositatis,
3045 1434 3476 1493 inﬂammatius
3527 1443 3586 1494 et

1929 1521 2326 1577 conﬁdentius
2367 1539 2427 1578 se
2449 1523 2646 1595 gessit,
2681 1539 2866 1596 quam
2899 1523 3001 1588 illi,
3025 1524 3130 1596 qui
3162 1525 3454 1582 amabant
3483 1543 3586 1600 pa-

1927 1612 2046 1667 lam
2069 1629 2082 1667 :
2113 1612 2484 1668 Dominicum
2509 1629 2726 1684 corpus
2745 1613 3174 1669 contumeliose
3196 1630 3580 1686 suspensum,

1927 1700 2001 1755 de
2053 1700 2218 1769 ligno
2271 1700 2532 1766 sustulit,
2586 1708 2644 1756 et
2683 1717 2806 1774 quo
2849 1701 3046 1774 potuit
3102 1701 3285 1758 modo
3333 1704 3581 1761 curavit.

1927 1791 2247 1861 Quousque
2270 1795 2329 1845 tu
2348 1796 2403 1844 et
2423 1805 2516 1845 me
2539 1805 2644 1862 per
2671 1796 2906 1845 noctem
2931 1789 3252 1846 dilecturus
3277 1808 3363 1860 es,
3385 1798 3441 1848 et
3463 1808 3584 1850 non

1925 1878 2072 1933 lucis
2088 1883 2269 1950 atque
2286 1879 2404 1934 diei
2423 1880 2610 1934 factus
2629 1879 2809 1945 ﬁlius,
2832 1895 3043 1935 vocem
3067 1879 3316 1949 dignam
3341 1897 3585 1954 rumpes

1923 1968 2167 2038 Iosephi
2197 1966 2564 2032 fortitudine,
2597 1972 2653 2022 et
2692 1983 2812 2022 non
2843 1967 3091 2040 quidem
3143 1984 3366 2040 corpus
3415 1971 3490 2026 de
3519 1971 3582 2026 li-

1927 2071 2046 2126 gno
2067 2055 2321 2119 auferes,
2345 2055 2447 2110 sed
2481 2055 2556 2110 de
2581 2055 2738 2112 mille
2771 2057 2967 2112 modis
2994 2057 3409 2122 tentationum,
3434 2057 3583 2114 afﬂi-

1925 2144 2214 2207 ctionum,
2241 2143 2638 2210 miseriarum,
2677 2144 2895 2201 acerba
2923 2151 2978 2200 et
3003 2145 3357 2218 quotidiana
3387 2150 3582 2204 morte

1925 2233 2226 2304 expedies.
2260 2232 2426 2298 Quod
2461 2232 2514 2288 si
2547 2239 2601 2288 te
2632 2233 2924 2304 impediat
2971 2235 3234 2291 amicitia
3282 2235 3494 2292 mundi
3526 2242 3584 2294 et

1925 2321 2173 2377 affectus
2202 2337 2346 2392 erga
2367 2322 2690 2387 mundum,
2727 2323 2944 2379 frustra
2972 2322 3075 2379 tibi
3105 2325 3457 2394 excogitasti
3481 2326 3576 2381 Jo-

1926 2411 2204 2482 sephum,
2237 2417 2292 2466 et
2322 2412 2383 2466 in
2412 2412 2675 2467 medium
2705 2412 2954 2470 adducis
2996 2418 3286 2486 tanquam
3317 2419 3580 2486 recepta-

1925 2501 2127 2556 culum
2162 2506 2217 2557 et
2255 2500 2584 2572 exemplar.

2513 2591 2726 2646 EPIST.
2765 2589 2992 2645 XXXIII.

2211 2677 2433 2734 Joanm'
2467 2679 2739 2748 patricio,
2773 2684 2828 2734 et
2866 2679 3107 2736 Graeciae
3135 2678 3296 2736 duci.

1504 2798 1793 2848 Montacut.
1825 2796 1930 2860 (ep.
1955 2795 2032 2853 93,
2065 2808 2117 2858 p.
2156 2794 2286 2856 134).

280 2910 509 2979 Εὔνομος
588 2902 731 2977 ᾄδων
790 2905 1110 2978 ἓσεμνύτετο,
1163 2910 1314 2978 φασὶ,
1359 2906 1384 2957 ὀ
1428 2910 1648 2980 Λοκρός.
1711 2909 1811 2958 Καὶ

1993 2901 2251 2958 Celebris
2311 2899 2567 2956 habetur
2622 2902 2927 2956 Eunomus
2987 2901 3296 2958 Locrensis
3353 2905 3581 2959 cantor.

201 2993 312 3070 ᾖδε
363 2998 464 3069 γὰρ
508 2995 716 3066 θέλγων,

193 3091 348 3146 Μιᾱς
376 3081 435 3137 δέ
456 3103 578 3137 ποτε
633 3085 884 3159 ῥαγείσης
936 3085 1074 3155 αύτῷ
1120 3082 1357 3156 χορδῶν,
1408 3085 1577 3148 τέττιξ
1620 3083 1702 3137 ἰπὶ
1723 3087 1810 3136 τὸν

192 3181 389 3244 πῆχυν
414 3175 651 3237 καθίσας,
692 3176 776 3224 τόν
830 3175 1056 3244 φθόγγον
1113 3171 1399 3248 ἀνεπλήρου
1439 3181 1535 3236 τῆς
1557 3175 1809 3249 ῥαγείσης

815 2999 900 3047 καὶ
967 2995 1275 3068 κηλούμενος
1365 2998 1480 3056 τοὺς
1530 2994 1807 3068 ἀκροατάς.

195 3259 440 3337 χορδῆς,
468 3267 557 3314 καὶ
582 3261 643 3334 ᾖν
676 3261 888 3334 Εὗνόμῷ
943 3262 1096 3314 πάλιν
1127 3259 1295 3334 ᾅδειν,
1336 3265 1405 3324 ὡς
1452 3267 1508 3316 τό
1539 3267 1806 3338 πρότερον,

194 3351 456 3425 ἐμμελῶς.
506 3351 568 3406 Εἰ
653 3347 711 3403 δέ
762 3370 818 3423 γε
866 3353 1010 3423 ἡμῖν,
1087 3351 1196 3405 ἀντὶ
1244 3357 1469 3425 τέττιγος
1523 3359 1612 3406 xui
1671 3353 1810 3416 ξένης

195 3439 369 3514 ᾠδῆς,
424 3448 512 3501 τῆς
562 3450 656 3502 σῆς
708 3440 878 3513 φιλίας
931 3441 1023 3493 ούκ
1097 3437 1184 3493 οἶδ
1224 3445 1334 3495 ὅθεν
1387 3443 1808 3519 περιρῥαγείσης,

195 3531 674 3596 ἀποκαταστήσας,
724 3531 875 3583 πάλιν
955 3533 1176 3592 ἑντείνεις
1251 3537 1342 3591 τὴν
1421 3537 1622 3604 νευρὰν,
1685 3537 1810 3594 ἴσως

195 3619 266 3672 ἃν
323 3621 395 3680 εἰς
443 3624 536 3678 τὴν
587 3624 838 3694 προτέραν
885 3622 1030 3692 ἡμῶν
1060 3620 1362 3696 ὁλοκληρίαν
1419 3620 1581 3695 όβὶος
1607 3624 1809 3676 ἐπανελ-

201 3713 333 3776 Θὼν,
380 3713 466 3762 καὶ
512 3715 811 3783 συμφωνίαν
898 3709 1118 3785 ἀρίστην
1195 3711 1480 3777 ἀναλαϐὼν,
1521 3714 1706 3782 ᾅσεταί
1759 3733 1809 3767 τι

197 3799 360 3872 μέλος
391 3796 745 3871 εὐδαιμονίας,
789 3798 902 3850 ἀντὶ
934 3809 1024 3860 τῆς
1076 3807 1163 3851 νῦν
1192 3797 1506 3872 τραγῳδίας,
1566 3797 1672 3858 ἡδὺ
1721 3807 1810 3853 καὶ

197 3894 452 3964 τερπνόνο
481 3895 571 3942 καὶ
603 3897 707 3950 τοῖς
755 3891 933 3941 ἔπειτα
980 3898 1078 3940 τῶν
1139 3892 1440 3962 ἀνθρώπων,
1492 3891 1618 3963 οὐχὶ
1658 3895 1811 3944 Εὔνο-

196 3999 302 4052 μος
353 3983 442 4031 xui
496 3974 806 4050 κιθαρῳδὸς,
852 3982 941 4028 xui
992 3977 1161 4040 τέττιξ
1235 3982 1586 4053 μουσουργός,
1640 3981 1808 4052 μύθου

197 4068 425 4139 πλάσμα
477 4068 724 4130 παλαιοῦ,
771 4066 876 4117 ἀλλ’
933 4065 1210 4140 ἀρχιερεύς
1237 4075 1422 4120 Θεοῡεζ
1459 4069 1601 4140 φίλος
1622 4071 1804 4145 ἔνθεος³

195 4163 293 4210 καὶ
353 4157 522 4222 καλός,
579 4158 648 4219 εἰς
727 4152 1067 4228 παράδειγμα
1119 4162 1208 4207 xui
1235 4162 1519 4228 παροιμίαν
1546 4157 1808 4232 ἐξαρκέσει

200 4245 457 4304 ἀληθινήν
472 4291 484 4304 ,

827 4321 1036 4371 ΕῘΙΙΣΤ.
1074 4316 1191 4370 ΔΔ”

351 4411 531 4460 Λέοντι
561 4411 650 4458 καὶ
672 4405 934 4458 Γαλάτωνι
959 4403 1198 4478 ἀδελφοῖς
1229 4411 1317 4458 καὶ
1350 4405 1662 4480 ἁσηκρῆτις.

1918 2993 2064 3048 Cum
2097 2993 2354 3054 caneret,
2387 2987 2727 3044 oblectabat
2758 2989 3091 3056 audientes,
3127 2994 3184 3046 et
3212 2989 3580 3058 deliniebat;

1917 3084 1978 3136 at
2006 3095 2144 3134 cum
2163 3077 2486 3151 aliquando
2505 3092 2626 3133 una
2647 3093 2677 3132 e
2695 3076 2916 3133 ﬁdibus
2944 3085 3340 3152 rumperetur,
3370 3079 3582 3138 cicada

1911 3168 2060 3240 jugo
2085 3167 2329 3223 citharaa
2347 3165 2634 3232 insidens,
2662 3166 2903 3222 chordae
2926 3166 3176 3240 diruptas
3207 3168 3362 3224 vices
3388 3168 3580 3225 adim-

1917 3257 2137 3330 plebat,
2166 3257 2248 3311 ita
2283 3260 2344 3310 ut
2389 3271 2527 3312 cum
2560 3259 2857 3311 concentu
2897 3256 3176 3313 Eumelus
3205 3257 3290 3312 uti
3323 3261 3382 3313 et
3410 3257 3580 3330 prius

1916 3350 2174 3403 caneret.
2211 3344 2385 3414 Quod
2435 3345 2482 3400 si
2513 3349 2575 3401 tu
2619 3344 2752 3401 loco
2784 3345 3006 3402 cicadae
3049 3350 3106 3402 et
3145 3352 3357 3403 cantus
3397 3345 3579 3404 alieni

1917 3439 2034 3492 tua;
2066 3433 2342 3492 amicitiae
2369 3433 2659 3490 chordam
2690 3433 2892 3489 nescio
2918 3450 3039 3506 quo
3072 3440 3248 3506 pacto
3274 3435 3579 3508 diruptam

1916 3525 2226 3592 resarcias,
2260 3529 2313 3579 et
2346 3522 2637 3588 intendas,
2676 3522 2805 3578 ﬁeri
2837 3528 3054 3596 potest,
3091 3528 3153 3580 ut
3184 3523 3304 3580 vita
3343 3531 3575 3594 nostra,

1917 3613 1995 3668 ad
2019 3615 2279 3684 priorem
2301 3613 2703 3682 integritatem
2723 3611 2967 3668 reducta
2993 3612 3284 3684 optimam
3304 3611 3580 3669 conﬁciet

1915 3702 2318 3769 harmoniam,
2375 3706 2432 3756 et
2473 3717 2580 3772 pro
2625 3700 2904 3773 praesenti
2945 3701 3257 3771 tragoedia,
3306 3703 3581 3759 concinet

1916 3790 2274 3844 cantilenam
2308 3789 2597 3844 felicitatis
2631 3789 2905 3860 alicujus,
2939 3806 3074 3862 quin
3099 3790 3320 3856 suavis,
3357 3795 3413 3846 et
3440 3806 3578 3846 cum

1915 3877 2302 3934 delectatione
2333 3878 2405 3932 sit
2451 3896 2462 3936 :
2498 3881 2553 3932 et
2582 3876 2784 3932 futuro
2815 3879 3034 3932 saeculo
3065 3895 3184 3933 non
3221 3879 3436 3950 aliquis
3469 3879 3580 3934 Eu-

1914 3983 2134 4024 nomus
2167 3965 2507 4022 citharedus
2559 3969 2664 4020 aut
2703 3965 2912 4020 cicada
2959 3966 3216 4022 musices
3243 3967 3568 4037 operatrix,

1916 4062 2162 4112 vetustte
2188 4055 2504 4128 cujusdam
2531 4053 2752 4109 fabulae
2769 4053 3146 4123 ﬁgmentum,
3172 4054 3276 4110 sed
3307 4057 3405 4110 Dei
3427 4071 3576 4128 pon-

1915 4146 2054 4203 tifex
2083 4146 2312 4201 amicus
2333 4144 2572 4200 divinus
2603 4151 2658 4198 et
2683 4143 2884 4200 bonus
2914 4142 3184 4209 sufﬁciet,
3213 4143 3317 4217 qui
3340 4145 3398 4200 in
3430 4159 3576 4217 pro-

1840 4253 1884 4307 ι)
1920 4237 2191 4291 verbium
2223 4233 2404 4291 abeat
2433 4250 2641 4288 verum
2669 4239 2725 4289 et
2756 4233 3084 4305 exemplar.

2513 4323 2724 4380 EPIST.
2756 4323 2978 4379 XXXIV.

2061 4411 2269 4468 Leonti
2297 4418 2349 4470 et
2381 4412 2671 4469 Galatom'
2704 4411 3000 4483 fratribus
3033 4417 3087 4468 et
3116 4425 3153 4468 a
3178 4411 3432 4468 secretis.

1509 4515 1802 4566 Montacut.
1824 4520 1928 4584 (ep.
1948 4521 2058 4576 105,
2081 4534 2132 4584 p.
2159 4519 2284 4577 150).

280 4621 341 4674 Εἰ
369 4624 459 4682 τὰς
511 4624 638 4694 πρὸς
689 4622 795 4694 ἔριν
839 4622 1176 4692 παρασκευὰς
1231 4620 1518 4686 ἐξελύσατε,
1567 4625 1656 4684 τὰς
1690 4626 1811 4696 ἠμε-

198 4717 353 4784 τέρας
385 4709 600 4772 ἐντολὰς,
650 4708 744 4761 κᾶν
801 4716 888 4761 νῦν
954 4716 1099 4779 γοῦν,
1145 4707 1252 4761 ἐπεὶ
1300 4715 1370 4780 μὴ
1430 4715 1692 4785 πρότερον,
1731 4712 1812 4764 ἐκ-

201 4801 540 4872 πληρώσατε,
583 4801 755 4851 καὶτὸ
802 4796 1009 4869 βιϐλίον
1047 4795 1412 4870 διορθώσασθε
1456 4821 1466 4833 ·
1504 4801 1814 4872 σφαλμάτων

201 4893 308 4962 γὰρ
340 4889 465 4940 αύτό
524 4887 712 4960 μᾶλλον
769 4888 798 4945 ἡ
855 4889 1198 4960 γραμμάτων,
1252 4890 1374 4961 όρᾴν
1422 4891 1531 4940 ἔστι
1582 4897 1690 4952 τοῖς
1743 4891 1816 4942 ἐν-

204 4981 544 5049 τυγχάνουσι
583 4975 812 5049 [βιϐλίον
849 4997 861 5010 ’
894 4975 1074 5049 ]ούτω
1129 4974 1187 5029 δὲ
1217 4974 1364 5048 οἶμαι
1402 4981 1538 5030 κατὰ
1581 4976 1816 5037 σπουδὴν

205 5067 466 5141 πράξασι,
508 5071 597 5118 xui
635 5068 663 5123 ἡ
710 5065 792 5117 ἐπὶ
831 5073 895 5138 τῇ
930 5070 1157 5138 προτέρᾳ
1205 5075 1442 5139 παρακοῇ
1507 5074 1812 5139 συγγνώμη,

206 5163 282 5227 μὴ
345 5153 491 5206 πλέον
535 5151 669 5206 οὖσα
728 5161 1063 5226 συγγνώμης,
1117 5154 1242 5206 ἀλλὰ
1293 5159 1378 5208 τὸν
1439 5155 1590 5228 ὀρθόν
1623 5156 1818 5228 φυλάτ-

201 5262 376 5298 τουσα
403 5242 570 5316 λόγον,
606 5243 924 5301 ἐπακολουθή
937 5263 1032 5296 σει.

1995 4625 2051 4682 Si
2073 4632 2398 4699 apparatus
2416 4631 2652 4684 vestros
2665 4626 2740 4683 ad
2760 4626 3200 4683 contentionem
3217 4625 3430 4681 missos
3444 4622 3581 4680 feci-

1923 4716 2045 4781 stis,
2081 4721 2142 4771 at
2171 4733 2350 4780 nunc,
2383 4715 2682 4788 siquidem
2724 4731 2843 4770 non
2889 4715 3078 4786 prius,
3112 4717 3412 4786 prmoepta
3443 4727 3580 4768 mea

1923 4803 2252 4868 observate,
2274 4810 2328 4860 et
2348 4803 2567 4860 librum
2587 4804 2877 4872 corrigite.
2900 4806 3046 4858 Nam
3072 4802 3176 4874 qui
3203 4817 3342 4857 eum
3370 4801 3430 4856 in
3449 4817 3582 4858 ma-

1923 4908 2037 4948 nus
2058 4893 2443 4964 sumpserint,
2469 4892 2665 4961 magis
2691 4891 2988 4947 erroribus
3011 4896 3235 4947 scatere
3271 4905 3459 4962 quam
3486 4889 3584 4946 Iit-

1923 4981 2062 5036 teris
2085 4981 2579 5048 videbunt.Quod
2594 4981 2638 5036 si
2667 4978 3011 5050 gnaviterin
3046 4979 3159 5034 hoc
3189 4979 3580 5034 incubueritis

1925 5069 2152 5125 veniam
2169 5068 2596 5141 consequimini
2615 5071 2687 5124 de
2703 5069 2997 5139 praeterita
3009 5070 3258 5140 insuper
3273 5065 3584 5124 habitione

1926 5165 1980 5212 et
2012 5158 2306 5226 neglectu,
2339 5174 2448 5212 nec
2482 5157 2632 5213 ultra
2661 5158 2900 5213 veniam
2931 5157 3076 5228 quid
3117 5156 3578 5229 consequimini,

1928 5261 2071 5302 nam
2087 5246 2407 5302 secundum
2425 5250 2648 5303 rectam
2663 5245 2957 5320 rationem.
2972 5244 3382 5317 indulgebitur
3393 5246 3582 5303 vobis.

1563 5423 1798 5482 VARle
1828 5422 2124 5482 LECTION
2128 5425 2238 5482 ES.

282 5573 306 5616 ί
347 5577 424 5632 ἶσ.
454 5574 590 5632 add.
622 5578 718 5634 τὴν
754 5574 962 5650 ψυχήν.
1036 5583 1069 5630 ε
1097 5578 1206 5628 καί.
