4072 6232
563 321 664 382 951
1798 322 2036 380 ΡΗΟἸἸΙ
2076 323 2171 379 PA'

2261 323 2550 380 IARCH/E
2590 325 2692 381 CP.
3793 325 3866 381 952

1159 450 1370 506 EPIST.
1400 450 1600 506 XXXV.
2239 455 2288 508 Α

2239 455 2288 508 Α
2921 454 3134 504 ΕΠΙΣΤ.
3181 448 3301 504 AE'.

1089 539 1376 596 Damiano
1416 539 1656 609 hospiti.

2840 545 3082 612 Δαμιανῷ
3106 535 3390 612 ξενοδόχῳ.

1847 637 2140 687 Montacut.
2167 637 2270 700 (ep.
2291 637 2400 694 108,
2417 650 2470 700 p.
2496 637 2628 700 153).

624 727 790 784 Venit
836 726 914 783 ad
949 741 1044 781 me
1081 726 1355 782 hesterno
1396 725 1510 791 die,
1553 742 1688 781 cum
1729 727 1856 797 jam
1892 726 2206 782 luminaria

2387 724 2515 778 Ἧχε
2569 727 2721 799 χθὶς,
2789 729 2858 788 ὡς
2909 729 3070 799 ἡμᾶς,
3134 731 3251 801 περὶ
3289 726 3502 800 λύχνων
3551 725 3872 799 ἁφὰς(μείζον

553 817 1020 875 accenderentur
1047 817 1373 885 (urgentior
1399 815 1526 885 ejus
1549 815 1788 871 miseria
1819 815 1896 871 ab
1920 817 2161 888 intempi

2313 816 2414 890 γὰρ
2455 815 2596 887 αύτῷ
2636 819 2726 868 καὶ
2765 825 2860 879 τῆς
2891 815 3086 891 ἀωρίας
3145 821 3202 869 τὸ
3255 817 3420 877 πάθος
3452 815 3725 888 ἐτύγχανεν
3756 817 3773 889 )
3805 819 3875 869 ἄν.

553 908 705 963 stivo
722 921 958 961 accessu
971 905 1324 976 videbatur).
1341 905 1514 960 homo
1529 905 1948 974 indigens,cum
1963 906 2012 975 ej
2026 904 2161 960 ulati

2317 905 2520 978 θρωπος
2567 908 2725 964 πένης
2777 904 2989 972 κλαίων,
3050 910 3138 958 καὶ
3190 907 3357 978 φωνὰς
3421 906 3873 978 ἠφίειπάσαςδὶλδ

553 1001 610 1052 et
639 1011 782 1051 voce
813 994 1211 1049 calamitatem
1243 998 1518 1059 testante,
1555 994 1632 1048 ita
1660 1000 1722 1050 ut
1745 994 2118 1050 mollel’acere
2150 1011 2161 1048 ι

2315 991 2452 1065 ἓλέῳ,
2509 993 2563 1046 αἱ
2601 994 2878 1066 μαλάττειν
2927 1000 3018 1048 καὶ
3083 992 3346 1049 δυσωπεῖν
3415 997 3613 1066 ἴσχυον
3658 999 3739 1047 καὶ
3777 1000 3875 1066 γνώ-

553 1099 797 1140 exorare
821 1088 1020 1156 posset
1041 1082 1300 1137 ferarum
1319 1083 1586 1150 animos;
1611 1083 1805 1138 tunica
1827 1082 1992 1138 illum
2009 1083 2161 1138 lacer

2315 1103 2416 1155 μην
2451 1085 2643 1157 θηρίων
2685 1105 2699 1118 ο
2767 1090 3090 1157 χιτωνίσκος
3161 1082 3222 1145 ἦν
3282 1084 3427 1156 αύτῷ
3478 1083 3873 1158 περιερῥηγμένος.

551 1173 685 1230 vitm
715 1180 998 1244 opertura
1028 1173 1262 1242 tegebat
1293 1194 1304 1235 ;
1333 1172 1528 1226 vultus
1552 1173 1760 1245 plagas
1779 1172 2077 1244 impactas
2104 1173 2159 1228 ht

2314 1173 2562 1245 κάλυμμα
2627 1181 2718 1226 τοῦ
2770 1173 2892 1246 βίου
2927 1196 2940 1208 ·
2996 1180 3084 1227 καὶ
3153 1174 3356 1246 πληγὰς
3403 1175 3501 1236 τὰς
3552 1172 3604 1235 ἐξ
3643 1172 3874 1244 ἀνθρώπων

553 1261 785 1318 minum
815 1276 1020 1333 pugno
1043 1277 1164 1332 prae
1183 1277 1244 1316 se
1278 1260 1524 1326 ferebat,
1551 1277 1688 1332 qua:
1731 1261 2030 1332 imprimis
2063 1277 2161 1316 cor

2315 1263 2483 1335 ἔφερεν
2537 1262 2620 1316 ἐπὶ
2667 1271 2759 1316 τοῦ
2829 1270 3114 1338 προσώπου
3150 1281 3163 1294 °
3216 1264 3251 1316 ἃ
3285 1263 3476 1320 μᾶλλον
3524 1272 3622 1316 τῶν
3659 1262 3799 1315 ἄλλων
3825 1263 3873 1322 εἰς

553 1355 786 1408 tuentes
811 1351 870 1405 in
893 1349 1371 1422 compassionem
1394 1351 1692 1405 etluctum
1727 1351 2034 1422 adigerent
2068 1368 2081 1417 ;
2113 1367 2161 1404 m

2315 1349 2483 1403 οἶκτον
2539 1357 2629 1404 καὶ
2688 1355 2872 1427 θρῆνον
2927 1357 3048 1416 τοὺς
3103 1355 3326 1426 ὁρῶντας
3368 1353 3646 1425 παρεκάλει
3677 1369 3689 1381 °
3741 1355 3811 1423 ἑμὶ
3833 1348 3875 1405 δι

553 1439 848 1512 imprimis
879 1440 960 1495 ita
993 1439 1146 1494 male
1181 1439 1541 1504 habuerunt,
1581 1439 1747 1511 quod
1796 1440 2161 1511 intelligeren

2316 1438 2486 1506 πλέον,
2518 1442 2598 1493 ὃτι
2627 1447 2716 1494 καὶ
2767 1447 3036 1517 γνωρίμων
3084 1445 3209 1516 ἔργα
3259 1445 3325 1495 τά
3367 1443 3381 1484 ί
3424 1443 3568 1500 πάθη
3599 1437 3875 1498 τοῦπὲνητος

555 1530 717 1586 illum
740 1544 1065 1601 pauperem
1086 1529 1202 1584 ista
1223 1544 1488 1600 passum,
1513 1545 1548 1584 a
1575 1529 1721 1584 mihi
1755 1531 1909 1584 notis
1935 1547 1951 1600 ;
1980 1533 2041 1584 at
2072 1544 2163 1584 cal

2318 1527 2674 1603 ἓπυνθανὸμην
2703 1534 2810 1592 ’ὡς
2831 1528 2891 1584 δί
2937 1551 3027 1603 μοι
3071 1536 3160 1584 καὶ
3191 1534 3222 1591 ἡ
3277 1531 3446 1600 αἰτία,
3500 1528 3572 1583 δι’
3618 1531 3674 1589 ἣν
3717 1533 3773 1582 τὰ
3813 1529 3873 1580 ἁν-

559 1634 689 1676 sam
717 1634 852 1673 cum
888 1617 1120 1683 rescivi,
1149 1624 1390 1688 propter
1420 1633 1605 1689 quam
1627 1633 1943 1690 perpessus
1969 1618 2097 1674 haec
2126 1619 2167 1672 ir

2261 1661 2286 1714 Β
2319 1620 2518 1674 ἠκεστα
2546 1622 2725 1687 πάθοι,
2759 1618 2894 1680 δήλη
2927 1620 3170 1692 ἐγεγόνει,
3213 1623 3293 1674 ὃτι
3332 1623 3520 1682 ποινὰς
3547 1623 3679 1674 ἔτισε
3721 1627 3869 1681 ταῦτα,

560 1707 902 1764 sufferenda
939 1707 1048 1762 fuit
1094 1723 1108 1773 ;
1159 1723 1295 1762 cum
1351 1706 1634 1762 nimirum
1669 1707 1799 1761 ideo
1861 1707 1989 1762 haec
2029 1707 2168 1762 luiss

2266 1706 2283 1714 ’
2321 1706 2431 1760 ἀνθ’
2462 1710 2528 1760 ὧν
2554 1715 2626 1782 μὴ
2682 1716 2850 1782 σιγῴη
2896 1708 3035 1782 μηδὲ
3097 1711 3344 1783 ἀγαπῷτο
3373 1707 3573 1782 γήδων
3603 1710 3718 1762 αὐτὸ
3763 1709 3874 1780 έφ’⁴ἶ¹

556 1797 618 1853 in
645 1812 913 1868 corpore,
947 1812 1018 1852 eo
1040 1796 1209 1867 quod
1234 1811 1371 1850 cum
1403 1795 1638 1851 silentio
1668 1801 1724 1850 et
1748 1795 2084 1853 voluntarie
2108 1812 2164 1851 nt

2319 1797 2346 1848 ὃ
2373 1801 2459 1859 τὰς
2503 1807 2593 1851 τοῦ
2660 1800 2756 1872 ζῇς
2803 1799 3038 1853 ἐσάλευεν
3105 1797 3321 1862 ἐλπίδας
3359 1797 3766 1876 προηδικημένος
3790 1815 3802 1826 ⁶
3827 1799 3874 1857 ὡς

551 1885 733 1955 lebat,
769 1890 980 1941 terram
1011 1885 1156 1956 ipsis
1187 1884 1435 1944 tradere.
1467 1900 1602 1956 quae
1633 1884 1768 1940 licet
1797 1886 2159 1941 tluctuanten

2319 1882 2408 1938 οὖν
2464 1892 2552 1939 καὶ
2599 1896 2764 1940 ταῦτα
2800 1896 2905 1948 τοίς
2952 1888 3126 1951 ἄλλοις
3177 1891 3490 1961 προσετέθη,
3558 1888 3666 1950 ὅλος
3709 1882 3874 1959 σφόδρα

550 1976 684 2032 vitae
717 1980 916 2030 tamen
937 1991 1104 2046 spem
1125 1975 1311 2047 ipsius
1341 1974 1579 2029 fovebat
1608 1989 1621 2038 ;
1646 1974 1774 2029 haec
1802 1974 1904 2030 ubi
1931 1975 2092 2032 velut
2112 1992 2158 2030 οι

2322 1978 2639 2048 συνεχύθην,
2686 1982 2775 2029 καὶ
2814 1974 2966 2030 οὐδὲν
3008 1977 3217 2030 ἔλαττον
3261 1986 3352 2030 τοῦ
3422 1982 3638 2038 πένητος
3687 1975 3757 2046 (ού

551 2065 785 2122 mulum
818 2064 1042 2120 caeteris
1070 2064 1306 2134 adjecit,
1339 2063 1623 2118 confusus
1644 2079 1756 2134 ego
1786 2065 2035 2120 omnino
2066 2080 2159 2120 cor

2318 2068 2459 2118 ἔστιν
2513 2067 2692 2130 εἰπεῖν,
2741 2070 2917 2137 μεῖζον
2966 2066 2986 2138 )
3029 2071 3120 2124 τὴν
3171 2067 3359 2138 ψυχὴν
3412 2064 3681 2124 διετέθην·
3711 2064 3870 2121 πλήνεὶ

551 2155 693 2220 stiti,
727 2170 801 2210 ne
839 2154 1079 2226 quidem
1115 2153 1331 2217 minus,
1365 2169 1548 2225 quam
1582 2153 1706 2225 ipse
1739 2153 1832 2208 ille
1863 2171 2116 2226 pauper,
2147 2171 2159 2209 ι

2316 2161 2388 2228 μή
2422 2175 2497 2216 τις
2540 2159 2632 2214 τὴν
2692 2154 2820 2226 ἐμὴν
2861 2152 3128 2226 ἀλγηδόνα
3177 2155 3260 2208 ἐπὶ
3291 2162 3377 2209 σοί
3405 2175 3460 2208 τε
3487 2161 3576 2207 καὶ
3617 2162 3683 2224 τῷ
3718 2150 3870 2212 ἠδίκε-

549 2260 626 2302 ne
664 2244 863 2300 dicam
895 2244 1110 2312 magis,
1157 2247 1212 2298 et
1244 2241 1506 2313 profecto
1555 2242 1656 2314 qui
1691 2259 1892 2299 meum
1937 2243 2157 2300 dolore:

2316 2249 2448 2318 μένῳ
2509 2249 2781 2317 γινομένην
2840 2243 3042 2317 βλέπων
3105 2241 3297 2304 διπλῆν
3385 2245 3662 2318 ἀποφαίνῃ.
3729 2250 3865 2296 Λῡσσι

549 2333 625 2390 de
636 2332 970 2403 homineinj
982 2331 1108 2388 uria
1120 2330 1352 2396 affecto,
1373 2335 1429 2386 et
1443 2337 1495 2386 te
1510 2331 1930 2396 considerabit,
1957 2333 2157 2388 omnin

2316 2336 2553 2407 ἄνθρωπε
2594 2343 2665 2404 τῷ
2731 2340 2912 2392 πένητι
2977 2339 3071 2392 τὴν
3151 2338 3448 2409 συμφορὰν,
3517 2328 3779 2392 ἀποδιδούς
3821 2335 3865 2382 τὸ

549 2422 815 2478 dicturus
837 2425 944 2487 est,
959 2420 1325 2493 duplicatum
1345 2435 1501 2475 esse.
1526 2421 1741 2486 Quare,
1770 2423 1847 2475 mi
1867 2421 2070 2486 homo.
2101 2439 2157 2477 m

2317 2420 2579 2496 ἀδίκημα,
2636 2427 2726 2475 καὶ
2779 2425 2845 2475 τὰ
2931 2426 3207 2498 τραύματα
3273 2425 3565 2497 θεραπεύων
3620 2421 3862 2492 εὐεργεσίας

550 2511 765 2568 seriam
789 2509 1042 2582 pauperi
1058 2509 1354 2574 condona,
1379 2507 1560 2564 redde
1581 2509 1746 2582 quod
1765 2509 1986 2580 injuste
2017 2515 2158 2567 tene:

2316 2511 2474 2584 ίλίῳι
2521 2533 2534 2546 ο
2565 2511 2624 2565 Εἰ
2654 2507 2713 2564 δε
2759 2517 2852 2563 τού
2916 2515 3129 2572 πένητος
3174 2513 3436 2584 ὑπερορᾷς
3495 2533 3506 2545 ·
3542 2509 3644 2563 ἀλλ’
3679 2505 3754 2561 οὖν
3797 2511 3863 2564 τὴν

548 2599 1017 2664 γυιηοεειῖουτοῐο
1034 2597 1441 2654 beneficentiae
1459 2597 1609 2654 oleo.
1627 2599 1798 2664 Quod
1815 2600 1858 2654 si
1881 2615 2156 2672 paupere:

2315 2600 2442 2674 ἐμὴν
2470 2600 2626 2653 λῦσον
2676 2603 2945 2674 συμφοράν
2969 2623 2981 2634 ·
3005 2600 3195 2673 μᾶλλον
3227 2597 3287 2654 δὲ
3335 2606 3431 2660 τὴν
3484 2605 3579 2659 σήν
3602 2621 3614 2633 ·
3645 2601 3671 2658 ἡ
3699 2603 3755 2656 σὴ
3786 2598 3860 2669 γὰρ

549 2687 883 2760 despicatui
905 2687 1116 2752 habes,
1136 2692 1196 2743 at
1217 2703 1420 2742 meum
1433 2686 1699 2743 dolorem
1725 2692 1782 2743 et
1797 2688 2157 2745 calamitate:

2314 2693 2524 2762 μείζων,
2578 2695 2668 2742 καὶ
2716 2700 2806 2750 τῆς
2853 2697 2944 2742 τοῦ
3001 2695 3216 2752 πένητος
3281 2697 3375 2744 καὶ
3429 2695 3592 2763 ἡμῶν,
3636 2687 3721 2740 κάν
3754 2688 3860 2738 οὔπω

549 2776 703 2845 dele,
743 2776 794 2831 si
826 2792 946 2832 non
978 2777 1175 2849 potius
1206 2781 1370 2832 tuam
1404 2795 1418 2844 ;
1453 2781 1626 2844 certe,
1661 2781 1782 2843 tua,
1815 2783 1873 2833 et
1903 2779 2157 2850 pauperi:

1697 2793 1782 2843 ua,
1815 2783 1873 2833 et
1903 2779 2198 2850 pauperis,
2314 2782 2526 2844 ταύτης,
2585 2775 2752 2852 οἶμαι,
2782 2780 3130 2837 συναίσθησιν
3157 2782 3305 2852 ἔχῃς.

549 2871 604 2923 et
620 2882 818 2923 meam
832 2865 1078 2931 excedit,
1102 2865 1234 2921 licet
1253 2865 1546 2932 nondum,
1577 2870 1640 2921 ut
1655 2881 1806 2935 reor,
1832 2883 2203 2924 communen

547 2953 707 3012 illius
738 2970 986 3011 sensum
1008 2953 1254 3011 habeas.

1139 3043 1352 3100 EPIST.
1385 3045 1607 3100 XXXVI.
2241 3017 2281 3071 C
2918 3052 3133 3101 Emz'r.
3165 3039 3310 3114 Ag".

962 3133 1248 3191 Michaeti
1273 3132 1782 3203 protospathario.

2748 3135 2973 3208 Μιχαὴλ
3011 3139 3491 3212 πρωτοσπαθαρίῳ.

1851 3231 2140 3282 Montacut.
2161 3234 2264 3296 (ep.
2291 3233 2398 3289 l09,
2419 3247 2471 3297 p.
2493 3233 2622 3295 153).

617 3329 1010 3386 Institutionis
1056 3328 1382 3400 possessio,
1439 3334 1612 3385 astate
1663 3330 2018 3402 provectiori
2067 3332 2198 3386 vitae

2382 3338 2489 3391 Τῆς
2542 3328 2781 3391 παιδείας
2831 3333 2858 3389 ἡ
2917 3341 3108 3394 κτῆσις
3157 3341 3228 3404 τῇ)
3293 3336 3607 3405 γεγηρακότι
3653 3331 3851 3404 κρατίστη

544 3419 796 3475 baculus
824 3419 1207 3474 ﬁrmissimus
1249 3424 1354 3482 est,
1389 3423 1443 3473 et
1482 3425 1652 3473 aetate
1691 3417 2000 3474 ﬂorentem
2031 3419 2152 3490 juvc

2311 3425 2508 3492 γίνεται
2540 3419 2662 3493 βίου
2717 3419 2984 3496 βακτηρία
3015 3443 3027 3455 ο
3083 3427 3173 3474 καὶ
3227 3426 3313 3475 τόν
3385 3423 3628 3475 ἀνθοῦντα
3668 3423 3747 3476 τὴν
3769 3419 3851 3467 νέαν

547 3507 668 3574 nili,
727 3507 855 3560 sine
901 3506 1127 3561 tristiiia
1178 3505 1254 3561 ad
1307 3506 1539 3561 virtutis
1587 3508 1925 3561 transmittit
1987 3513 2155 3579 templ

2316 3509 2540 3574 ἠλικίαν,
2596 3509 2668 3572 εἰς
2727 3507 2912 3581 ἀρετῆς
2965 3513 3100 3584 ὤραν
3165 3511 3376 3574 ἀλύπως
3436 3506 3851 3569 διαϐιϐάζειπιαί·

549 3599 779 3650 statem.
805 3596 1094 3659 Quocirca
1117 3600 1248 3648 tuos
1270 3593 1490 3649 liberos
1523 3595 1839 3664 prudentia
1860 3595 2116 3652 imbuito
2147 3615 2157 3651 ι

2316 3595 2350 3651 δ
2357 3618 2433 3651 ευε
2452 3602 2620 3651 τοίνυν
2664 3603 2846 3671 σοφίαν
2873 3605 2959 3651 καὶ
3004 3599 3188 3674 ἀρετὴν
3213 3604 3334 3662 τοὺς
3395 3605 3512 3661 σοὺς
3563 3594 3766 3657 παῖδας·
3792 3595 3851 3644 ἱνα

547 3682 762 3738 virtute
794 3699 808 3748 ;
836 3686 899 3736 ut
918 3681 1116 3738 adhuc
1130 3681 1536 3738 adolescentes
1560 3689 1857 3740 maturam
1883 3684 2155 3741 exhibeat

2313 3691 2399 3738 καὶ
2445 3687 2730 3752 νεάζοντες,
2788 3690 2979 3763 ὡραίαν
3028 3692 3199 3761 ἔχωσι
3255 3695 3350 3749 τὴν
3401 3690 3664 3753 πολιτείαν,
3699 3688 3848 3752 xu:in-

549 3770 1084 3840 conversationem,
1115 3778 1171 3826 et
1203 3771 1286 3826 sic
1311 3787 1449 3826 cum
1481 3774 1922 3839 consenuerint,
1947 3774 2157 3830 aliorui

2071 3791 2200 3830 rum
2313 3781 2599 3852 γηραχότες
2636 3781 2706 3850 μὴ
2745 3773 3019 3838 δεήσονται
3046 3781 3076 3822 ιε
3102 3779 3399 3854 τῆςέτέρων
3433 3778 3679 3852 βοηθείας.

550 3860 773 3918 auxilio
799 3875 923 3918 non
954 3859 1332 3931 indigebunt.

1127 3950 1341 4007 EPIST.
1377 3951 1624 4008 XXXVII.

2913 3961 3127 4010 ΕΠΙΣΤ.
3175 3957 3298 4011 AZ'.

992 4039 1217 4097 Niceta:
1239 4040 1748 4110 protospathario.

2778 4051 2986 4120 Νικητα
3005 4049 3481 4123 πρωτοσπαθαρίῳ.

1838 4139 2132 4190 Montacut.
2153 4139 2258 4204 (ep.
2279 4139 2387 4197 114,
2419 4155 2470 4205 p.
2498 4142 2624 4205 154).

2419 4155 2470 4205 p.
2498 4142 2624 4205 154).
3999 4186 4000 4213 η

621 4239 700 4294 De
741 4235 1048 4292 nobilibus
1079 4239 1134 4291 te
1177 4239 1385 4292 natum
1428 4237 1778 4309 parentibus
1820 4237 2113 4308 gloriaris,
2140 4242 2202 4295 at

2233 4239 2276 4293 D
2385 4240 2595 4313 Αὐχεῖςο
2644 4243 2723 4294 ὅτι
2769 4246 2953 4314 γονέων
3005 4245 3121 4316 ἔφυς
3175 4243 3230 4296 εὖ
3258 4249 3538 4316 γεγονότων
3571 4263 3582 4274 ·
3615 4239 3699 4310 ἕγὼ
3716 4233 3762 4288 δέ
3798 4249 3841 4282 σε

548 4341 658 4397 ego
689 4329 746 4382 te
773 4324 972 4397 potius
996 4325 1274 4397 juberem
1298 4341 1555 4396 magnos
1587 4326 1692 4382 tibi
1719 4327 1940 4398 spritus
1966 4343 2156 4382 sume!

2312 4328 2490 4392 ἠξίουν
2517 4329 2706 4402 μᾶλλον
2758 4336 2894 4404 μέγα
2939 4340 3136 4407 φρονεῖν
3179 4332 3224 4385 εἰ
3294 4341 3388 4386 τοῦ
3461 4336 3621 4405 γένους
3665 4325 3841 4396 ἡγεμόνα

549 4414 598 4471 si
624 4415 836 4471 virtute
867 4418 970 4470 tua
991 4429 1273 4481 mereres,
1300 4419 1363 4470 ut
1384 4413 1615 4483 generis
1645 4417 1921 4488 princeps
1951 4415 2157 4472 exsista

2315 4422 2506 4471 σαυτὸν
2538 4416 2610 4472 δι’
2635 4418 2824 4494 ἀρετῆς
2878 4423 3166 4494 προετίθεις
3220 4443 3232 4455 ·
3263 4425 3321 4474 τὸ
3375 4427 3464 4495 μὲν
3503 4423 3615 4492 γὰρ,
3649 4412 3738 4468 ἔσθ’
3761 4412 3836 4471 ὅτε,

544 4504 708 4578 ipse;
741 4503 890 4560 illud
910 4502 1072 4559 enim
1101 4503 1503 4575 nequissimus
1519 4502 1820 4574 allegabit,
1855 4509 1914 4561 at
1938 4505 2052 4562 hoc
2082 4504 2152 4560 ni:

2392 4525 2400 4559 ι
2446 4509 2470 4560 ὁ
2517 4513 2785 4583 χείριστος
2809 4509 2910 4573 ἕξει
2963 4510 3124 4582 λέγειν
3151 4531 3163 4544 ο
3197 4513 3255 4562 τὸ
3288 4507 3366 4577 δὲ,
3411 4514 3559 4583 μόνον
3608 4505 3839 4558 καθέστηκε
3999 4516 4000 4543 ι

544 4595 808 4668 optimus
839 4607 1017 4650 nemo
1046 4592 1219 4648 dicet.

1070 4592 1219 4648 licet.
2311 4604 2403 4648 τοῦ
2441 4595 2678 4672 ἀρίστου.

1117 4682 1324 4738 EPIST.
1360 4682 1629 4738 XXXVIII.

2919 4693 3132 4742 ΕΠΙΣΤ.
3164 4686 3291 4743 AH'.

911 4771 1092 4829 Banz
1117 4772 1437 4842 pravposito
1463 4777 1516 4828 et
1539 4771 1816 4841 patricio.

2629 4778 2798 4850 Βαάνῃ
2833 4782 3161 4852 πραιποσίτῳ
3190 4783 3279 4830 καὶ
3304 4780 3569 4851 πατρικίῳ.

1836 4870 2126 4920 Montacut.
2152 4872 2255 4936 (ep.
2276 4872 2382 4929 l20,
2404 4889 2454 4937 p.
2481 4875 2608 4936 156).

615 4959 748 5014 Erat
776 4959 918 5016 olim
949 4959 1113 5032 apud
1152 4962 1477 5026 Romanos,
1511 4959 1615 5014 sed
1654 4963 1711 5015 et
1752 4962 1984 5015 Graecos
2027 4962 2192 5029 (nam

2374 4961 2470 5015 Ἦν
2523 4983 2645 5016 ποτε
2699 4963 2992 5036 Ῥωμαίοις,
3046 4963 3172 5016 ἀλλὰ
3227 4970 3317 5016 καὶ
3365 4963 3570 5020 Ἕλλησι
3615 4959 3707 5028 (τί
3749 4950 3821 5020 Ὶάθ

541 5045 686 5117 quid
704 5063 856 5117 opus
870 5049 1230 5104 Christianos
1251 5048 1628 5116 nominare?)
1645 5051 1819 5104 etiam
1841 5056 2045 5104 contra
2078 5050 2149 5103 ini

2305 5047 2388 5103 δεῖ
2415 5051 2598 5123 λέγειν,
2642 5058 2980 5126 Χριστιανοῖς
3008 5054 3073 5124 ;),
3110 5059 3196 5106 καὶ
3226 5057 3362 5106 κατά
3386 5062 3480 5106 τῶν
3504 5049 3743 5122 ἐχθίστων»
3765 5038 3816 5108 μὴ

539 5133 926 5201 micissimos,
945 5138 1169 5193 nedum
1203 5138 1350 5194 bene
1375 5138 1614 5194 meritos
1638 5137 2050 5193 malefaciendi
2082 5142 2147 5192 te:

2301 5141 2381 5192 ὅτι
2427 5161 2486 5212 γε
2524 5145 2658 5195 κατὰ
2717 5152 2816 5194 τῶν
2881 5142 3345 5215 εύεργετησάντων,
3399 5144 3509 5216 ὄρος
3561 5139 3814 5188 κακώσεως·

536 5222 759 5290 minus,
793 5227 846 5278 et
870 5225 1082 5281 modus
1121 5230 1391 5284 statutus.
1439 5228 1590 5294 Quin
1629 5232 1685 5284 et
1727 5227 1970 5284 barbari
1999 5227 2144 5283 solet

2299 5225 2412 5282 οἶδε
2465 5236 2554 5284 καὶ
2605 5235 2664 5284 τὸ
2719 5214 2985 5306 βάρϐαρον
3029 5236 3101 5306 μὴ
3153 5214 3469 5306 ὑπερϐαίνειν
3507 5231 3666 5301 νόμους
3702 5214 3815 5270 κολά·

1871 5407 2102 5463 VARUS
2131 5406 2424 5465 LEC’I‘ION
2432 5409 2534 5466 ES.

581 5583 610 5627 ιι
639 5583 847 5660 πικράς.
951 5585 964 5628 i
995 5583 1068 5650 ἶσ,
1106 5601 1187 5645 τις
1207 5579 1267 5642 ἦν
1296 5585 1418 5639 ἔνθα
1442 5586 1527 5642 τά.
1606 5584 1621 5637 1
1667 5584 1842 5663 ἐλαίῳ.
1918 5591 1949 5632 κ
1979 5583 2294 5654 δεήσωνται,
2327 5585 2563 5645 Hmsch.
