4072 6232
277 345 385 404 953

1522 341 1859 398 EPISTOLA
1873 340 2031 402 RUM
2077 341 2289 397 LIBER
2328 341 2424 396 III.

3529 336 3635 392 954

279 491 407 526 σεων
432 491 444 504 ·
477 475 567 524 καὶ
597 469 758 524 πολλὰ
815 466 876 523 δέ
905 490 1034 544 φασι
1080 477 1180 523 τῶν
1241 472 1454 544 θηρίων,
1507 470 1681 542 ὥσπερ
1733 467 1868 521 εύλα-

1984 466 2143 537 leges
2174 467 2608 540 suppliciorum
2641 471 2822 524 statas
2856 481 2982 524 non
3011 465 3296 522 excedere
3325 486 3336 528 ;
3366 461 3491 519 imo
3521 461 3630 518 be-

273 558 482 648 ξεῐσθαι
524 564 614 611 καὶ
664 559 1091 625 ὑποστέλλεσθαι,
1137 561 1262 633 πρὸς
1308 562 1431 620 τοὺς
1479 556 1526 610 ἒν
1581 563 1877 631 συμφοραῖς

271 643 529 722 έσχάταις
589 652 867 720 κειμένους,
921 653 1011 701 καὶ
1047 651 1102 701 τὸ
1144 644 1396 724 θηριῶδες
1447 647 1541 700 ούκ
1590 643 1880 699 ἕπιδείκνυ-

273 743 420 792 σθαι.
480 737 652 810 Ἡμεῖς
702 734 761 790 δι
803 745 913 802 νῦν,
969 736 1009 790 ὦ
1064 737 1573 810 φιλανθρωπότατος,
1627 735 1728 788 ἀπὸ
1780 744 1878 788 τῶν

271 826 439 880 ἄλλων
469 828 626 900 ἔργων
678 827 842 898 ὑμῶν,
875 830 964 878 καὶ
1001 830 1138 897 νόσῳ
1168 828 1381 898 κείμεθα
1417 846 1429 859 ⁸
1480 829 1570 877 καὶ
1638 824 1811 897 ἰατρὸν
1844 825 1874 882 ἠ

272 921 425 979 νόσος
510 914 746 976 ἐπιζητεῖ
774 936 786 949 ·
841 921 930 968 καὶ
1003 917 1195 990 ἡμέραι
1245 924 1304 988 τῇ
1380 919 1517 986 νόσῳ
1601 916 1880 987 τριάκοντα

275 1007 669 1078 παρετάθησαν,
723 1008 813 1057 καὶ
864 1004 1042 1057 πολλοὶ
1095 1005 1336 1066 πολλάκις
1377 1006 1519 1076 ὑμῶν
1564 1000 1876 1066 ἐδεήθησαν,

280 1095 463 1166 ἰατροῦ
518 1101 875 1168 συγχωρῆσαι
921 1099 1215 1169 παρουσίαν
1245 1115 1257 1128 ο
1315 1092 1420 1145 ἀλλ’
1472 1091 1533 1165 (ὦ
1591 1095 1748 1166 φύσις
1797 1091 1879 1143 ἁν-

281 1186 518 1258 θρώπων,
577 1188 668 1236 καὶ
708 1188 992 1256 Ῥωμαίων,
1045 1186 1164 1237 ὅποι
1218 1192 1318 1255 γῆς
1393 1182 1507 1236 ἔστε
1562 1187 1731 1253 νόμοι,
1786 1187 1876 1234 καὶ

277 1273 463 1334 κλῆσις
495 1281 820 1346 Χριστιανῶν
848 1281 887 1340 ;)
940 1274 1034 1326 ούκ
1086 1270 1484 1331 ἑδυσωπήθητε.
1551 1272 1689 1326 Ἀλλ’
1732 1273 1878 1344 ἡμεῖς

276 1367 388 1435 μὲν,
437 1361 739 1436 βαρϐάρους
785 1364 919 1435 ὑμᾶς
980 1365 1008 1422 ἦ
1061 1365 1258 1437 θηρίσα
1315 1363 1564 1435 νομίζειν,
1597 1365 1740 1414 οὔπω
1769 1383 1878 1416 πει-

280 1450 475 1520 θόμεθα
514 1467 528 1480 ·
589 1449 831 1520 ὑμέτερον
902 1445 951 1502 δ’
1005 1447 1145 1501 ἐστὶν
1189 1447 1506 1513 ἐπισκοπεῖν,
1570 1444 1640 1500 δι’
1695 1449 1761 1499 ὧν
1811 1448 1877 1511 εἰς

275 1540 416 1611 ἡμᾶς
495 1540 614 1600 τοὺς
674 1541 965 1602 ταπεινούς,
1016 1541 1110 1601 τὰς
1165 1539 1471 1610 ὑπερορίους
1531 1540 1722 1598 ταύτας
1788 1542 1876 1590 καὶ

272 1630 454 1688 καινὰς
521 1628 622 1680 ὑπό
669 1631 758 1680 τὸν
825 1627 968 1687 ἣλιον
1029 1631 1304 1702 τιμωρίας,
1364 1625 1693 1693 ἐπενοήσατε,
1759 1632 1876 1680 τίνα

271 1721 656 1792 προσηγορίαν,
743 1715 854 1769 ἆντὶ
906 1724 997 1769 τοῦ
1063 1721 1391 1790 Χριστιανοὶ,
1469 1721 1558 1769 καὶ
1605 1715 1869 1789 Ῥωμαῖοι,

1987 558 2128 612 stias
2151 573 2270 612 non
2294 573 2518 630 paucas
2541 563 2802 624 narrant,
2826 556 3074 613 revereri
3103 551 3557 628 quodammodo
3578 554 3635 607 et

1987 646 2329 702 submittere
2360 662 2421 701 se
2461 652 2756 702 extremas
2786 647 2939 702 inter
2965 643 3277 713 angustias
3309 640 3628 706 conclusis,

1987 751 2097 791 nec
2126 735 2417 792 feritatem
2446 739 2505 791 in
2541 741 2870 808 prostratos
2903 750 3195 791 exercere.
3233 735 3353 802 Ego
3393 731 3454 786 in
3485 745 3634 802 prte-

1987 825 2209 891 senti,o
2231 825 2709 891 clementissime,
2737 831 3016 898 pertuam
3039 839 3286 894 operam
3315 821 3464 876 ultra
3493 819 3629 886 alia,

1988 920 2043 970 et
2071 929 2143 970 ex
2169 915 2377 970 morbo
2403 915 2742 985 decumbo;
2771 913 3066 970 medicum
3095 911 3320 981 ﬂagitat
3345 910 3441 966 illa
3471 909 3634 981 aegri-

1987 1006 2134 1060 tudo
2155 1021 2288 1077 qute
2314 1005 2576 1077 diesjam
2601 1005 2839 1077 triginta
2865 1020 2957 1059 me
2977 1000 3203 1068 afﬂixit,
3224 1001 3388 1056 multi
3409 1000 3634 1056 interea

1989 1095 2186 1150 multis
2216 1095 2379 1166 apud
2422 1101 2471 1150 te
2501 1096 2955 1150 intercesserunt
3003 1091 3237 1157 medici,
3287 1095 3345 1145 ut
3378 1105 3631 1160 praesen-

1987 1185 2129 1239 tiam
2157 1184 2455 1239 concedas
2480 1184 2621 1239 mihi
2649 1203 2662 1252 ;
2689 1184 2792 1238 sed
2819 1185 2876 1254 (ο
2903 1197 3285 1237 communem
3314 1177 3630 1233 hominum

1987 1277 2268 1328 naturam
2295 1274 2306 1328 Ι
2333 1289 2368 1328 o
2395 1272 2554 1342 leges
2579 1275 2876 1327 Romanas
2901 1271 2912 1325 l
2938 1287 2974 1326 o
3005 1270 3472 1325 Christianorum
3502 1266 3632 1320 titu-

1985 1362 2106 1418 los!
2131 1363 2230 1418 ubi
2247 1363 2384 1419 estis
2405 1365 2453 1434 ?)
2479 1378 2596 1418 non
2618 1362 3010 1433 impetrarunt
3033 1377 3044 1414 :
3071 1366 3126 1414 et
3143 1365 3340 1414 tamen
3361 1355 3630 1412 nondum

1985 1451 2132 1508 mihi
2164 1451 2344 1507 subiit
2375 1451 2685 1517 sententia,
2721 1456 2773 1506 te
2800 1466 2937 1505 curn
2969 1449 3260 1513 barbaris,
3294 1450 3398 1501 aut
3427 1445 3630 1500 bestiis

1985 1557 2412 1609 annumerare;
2434 1543 2694 1610 cogitare
2721 1545 2921 1596 autem
2945 1544 2998 1594 te
3019 1543 3121 1594 tua
3140 1537 3398 1600 interest,
3424 1550 3631 1606 quam-

1982 1631 2191 1687 obrem
2223 1631 2281 1686 in
2324 1647 2417 1686 me
2461 1631 2635 1687 vilem
2675 1637 2730 1685 et
2768 1629 3094 1700 abjectum,
3127 1626 3443 1698 peregrina
3481 1624 3630 1687 haec,

1981 1736 2158 1788 nova,
2189 1736 2297 1776 nec
2318 1719 2430 1775 sub
2453 1720 2574 1776 sole
2599 1720 2796 1776 adhuc
2810 1719 2934 1773 visa
2951 1715 3242 1788 supplicia
3263 1715 3633 1783 excogitave-

271 1811 365 1858 καὶ
388 1805 645 1872 Ἕλληνες,
700 1811 790 1859 καὶ
821 1804 1102 1880 βάρϐαροι,
1148 1811 1237 1858 καὶ
1285 1807 1462 1879 θηρία,
1496 1805 1867 1876 ὀνομάζεσθαι,

1981 1807 2959 1883 ris,quamtibidenominationem
2978 1806 3158 1860 aliam
3187 1819 3291 1875 pro
3316 1801 3630 1858 Christiani

272 1903 392 1956 ταῖς
445 1897 716 1969 ὑμετέραις
780 1895 1027 1969 πράξεσιν
1105 1895 1460 1970 ἁρμόζουσαν,
1537 1895 1867 1968 ἐξευρήσετε·

272 1986 426 2057 ἡμεῖς
472 1982 550 2048 δὲ,
618 1983 714 2037 κᾶν
769 1993 832 2058 τῇ
883 1991 1019 2056 νόσῳ
1066 1988 1376 2058 νικηθώμεν,
1423 1983 1758 2058 λαμρότερον,
1817 1979 1871 2036 εὑ

271 2077 410 2140 ἴστε,
473 2078 528 2127 τὸ
567 2074 685 2127 καθ’
719 2074 907 2147 ήμῶνΙ
953 2079 1214 2147 στήσομεν
1267 2079 1513 2150 τρόπαιον
1548 2092 1560 2104 ·
1613 2078 1699 2126 τὸν
1748 2075 1872 2145 ἡμέ-

271 2183 419 2237 τερον
487 2163 662 2237 βίαιον
737 2166 971 2228 θάνατον,
1021 2173 1093 2236 τῷ
1141 2169 1293 2217 παντὶ
1359 2163 1479 2237 βίῳ,
1534 2164 1730 2224 στήλην
1777 2172 1874 2226 τῆς

271 2254 416 2326 ὑμῶν
451 2258 750 2327 μιαιφονίας
777 2253 1187 2316 ἕναπολείποντες
1213 2253 1584 2318 ἁνεξάλειπτον.

866 2526 1079 2577 ΕΠΙΣΤ.
1131 2520 1265 2575 ΛΘ’.

773 2609 998 2683 Θεοφίλῳ
1020 2614 1370 2684 πραιποσίτῲ.

1981 1899 2169 1964 titulo,
2212 1899 2480 1969 Romani,
2525 1898 2726 1963 Graeci,
2760 1896 2998 1953 barbari
3039 1893 3320 1955 hominis,
3365 1891 3488 1947 imo
3531 1891 3633 1946 be-

1982 1987 2128 2053 stiae,
2189 2005 2324 2061 quae
2372 1989 2484 2042 tuis
2523 1986 2880 2059 respondeat
2920 1983 3260 2039 actionibus
3301 1980 3632 2051 excogitare

1983 2077 2146 2132 velis.
2177 2079 2297 2146 Ego
2320 2082 2516 2133 autem
2549 2077 2595 2131 si
2627 2074 2838 2129 morbo
2861 2073 3272 2140 succumbam,
3308 2071 3632 2125 exstinctus

1984 2165 2454 2238 splendidiorem
2476 2165 2549 2220 de
2579 2169 2634 2220 te
2662 2164 2813 2219 scias
2835 2163 3008 2218 velim
3036 2159 3406 2230 triumphum
3434 2172 3633 2228 repor-

1982 2261 2212 2312 taturus
2243 2271 2411 2310 sum:
2445 2257 2698 2310 mortem
2731 2253 2890 2308 enim
2928 2250 3074 2306 mihi
3098 2248 3385 2304 violenter
3407 2245 3629 2301 illatam

1985 2343 2280 2401 columna;
2302 2344 2490 2400 vicem
2513 2342 2834 2399 obeuntem
2854 2337 3204 2406 indelebilis,
3229 2341 3438 2392 contra
3463 2340 3629 2390 tuam

1985 2433 2432 2506 sanguinariam
2446 2431 2853 2489 crudelitatem
2868 2434 3125 2485 statuam
3149 2443 3282 2482 sum
3297 2424 3627 2482 relicturus.

2571 2523 2784 2578 EPIST.
2815 2521 3034 2576 XXXIX.

2461 2611 2785 2682 Theophila
2808 2607 3148 2680 preposito.

1557 2727 1848 2781 Montacut.
1880 2737 1986 2796 (ep.
2015 2731 2122 2787 121,
2150 2744 2200 2794 ρ.
2231 2730 2355 2791 163).

335 2835 405 2886 Τὸ
431 2833 543 2905 μεν,
594 2831 801 2905 ἀγαπᾷν
827 2853 946 2895 τους
989 2841 1300 2906 μισοῦντας,
1331 2832 1541 2909 ἀρετῆς,
1569 2841 1659 2888 καί
1689 2839 1822 2891 θεῖον
1853 2859 1866 2873 ο

2051 2838 2199 2895 Odio
2216 2837 2504 2893 habentes
2522 2835 2786 2904 diligere,
2805 2831 3041 2888 virtutis
3057 2847 3231 2902 opus,
3251 2827 3593 2883 etdivinum
3617 2840 3630 2892 ;

264 2927 328 2975 τό
357 2919 437 2989 δι,
501 2925 617 2985 τοὺς
670 2921 1001 2995 ἀγαπῶντας,
1036 2922 1353 2995 ἀνθρώπινον
1405 2929 1496 2977 καὶ
1544 2930 1712 2978 κοινόν
1747 2943 1759 2955 ’
1810 2930 1869 2979 τὸ

266 3008 328 3064 δὲ
394 3019 566 3084 μισεῖν
628 3017 714 3064 καὶ
764 3016 882 3073 τούς
928 3013 1241 3084 ἀγαπῶντας
1289 3010 1414 3066 οὐδὲ
1464 3016 1654 3087 θηρίων
1699 3012 1866 3087 οἶμαι.

260 3099 447 3173 Ἡμεῖς
482 3104 572 3173 μεν
623 3099 710 3154 οὖν
763 3101 971 3173 ἀγαπᾷν
1017 3121 1074 3154 σε
1106 3099 1178 3154 δι’
1236 3104 1396 3176 ἔργων
1447 3100 1766 3177 δεικνύομεν,
1808 3105 1867 3158 ού

266 3197 380 3254 νῦν,
413 3189 540 3243 ἀλλὰ
589 3196 679 3244 καὶ
732 3191 912 3256 πάλαι,
953 3194 1019 3243 τὰ
1045 3211 1098 3244 τε
1143 3191 1273 3244 ἄλλα
1319 3191 1401 3263 (ού
1441 3195 1542 3267 γὰρ
1601 3193 1721 3266 ἐμὸν
1767 3197 1869 3247 ὦσ-

268 3297 366 3352 περ
406 3276 519 3332 οὐδ’
575 3277 866 3345 ὀνειδίζειν,
921 3281 1083 3342 οὕτως
1131 3278 1246 3333 οὐδ’
1306 3281 1541 3355 ἀριθμειν
1595 3285 1861 3357 χάριτας),

268 3367 401 3419 ἀλλὰ
472 3373 561 3422 καὶ
632 3371 934 3443 γράφοντες,
1010 3373 1098 3421 καὶ
1191 3374 1683 3445 προσαγορεύοντες,
1778 3379 1868 3426 καὶ

263 3466 636 3529 παραινοῦντες
687 3460 750 3510 τὰ
821 3454 1023 3512 δέοντα,
1107 3458 1163 3511 Εἰ
1241 3455 1290 3510 δ’
1333 3459 1490 3522 αύτός
1568 3471 1868 3532 αγτπῶντας

261 3545 544 3618 ἐμίσησας,
599 3548 732 3619 ἡμᾶς
775 3550 864 3618 μεν
919 3547 989 3608 εἰς
1035 3548 1251 3620 μείζονα
1315 3547 1541 3620 βαθμὸν,
1591 3553 1660 3613 ὡς
1718 3553 1861 3626 ὁρᾷς,

261 3639 426 3708 φέρων
467 3639 714 3697 ἕστησας.
757 3638 1014 3712 Εὑρήσεις
1067 3633 1125 3689 δὲ
1155 3642 1244 3689 καὶ
1294 3640 1360 3689 σύ
1404 3641 1490 3690 τὸν
1551 3649 1747 3692 σαυτοῦ
1795 3644 1865 3704 ὡς

257 3726 365 3778 εἴθε
392 3729 464 3797 μὴ
494 3725 682 3798 ὄφελες.

907 3819 1118 3868 ΕΠΙΣΤ.
1147 3812 1214 3867 Μ’

722 3901 875 3976 Ἠλίᾳ
916 3903 1394 3978 πρωτοσπαθαρίῳ.

1977 2926 2310 2998 diligentes,
2351 2926 2690 2981 humanum
2721 2930 2778 2979 et
2826 2921 3106 2993 vulgare;
3166 2918 3274 2974 sed
3315 2917 3631 2988 diligentes

1977 3015 2117 3072 odio
2150 3015 2431 3087 prosequi
2453 3013 2617 3070 haud
2639 3016 2750 3079 est,
2775 3013 3008 3083 opinor,
3033 3008 3392 3066 belluarum.
3429 3007 3546 3074 Ego
3569 3019 3632 3060 re

1977 3105 2108 3177 ipsa
2137 3104 2313 3160 docui
2346 3120 2441 3159 me
2473 3107 2528 3158 te
2559 3102 2834 3171 diligere;
2867 3115 2977 3156 nec
3006 3113 3166 3154 nunc
3199 3096 3482 3168 primum,
3525 3091 3630 3148 sed

1971 3193 2356 3264 jamdudum,
2393 3208 2531 3248 cum
2559 3191 2618 3246 in
2649 3190 2874 3246 caeteris
2905 3188 3031 3259 (sed
3061 3203 3177 3242 non
3212 3201 3322 3258 ego
3350 3183 3512 3238 soleo
3545 3179 3631 3236 vel

1977 3282 2358 3355 exprobrare,
2375 3282 2465 3336 vel
2483 3296 2834 3336 enumerare
2853 3277 3095 3348 gratias)
3118 3284 3240 3330 tum
3256 3273 3348 3329 vel
3366 3271 3629 3328 maxime

1976 3371 2314 3441 scribendo,
2331 3369 2714 3442 alloquendo,
2731 3366 3132 3430 adhortando,
3146 3369 3202 3420 et
3216 3379 3349 3436 quas
3375 3361 3476 3416 tibi
3493 3374 3632 3416 con-

1976 3461 2216 3517 veniunt
2237 3459 2634 3530 suggerendo.
2661 3459 2760 3515 Sin
2783 3463 2900 3512 tute
2922 3455 3235 3523 diligentes
3255 3451 3394 3507 odio
3417 3449 3626 3512 habes,

1973 3555 2129 3606 certe
2154 3567 2267 3616 me,
2293 3549 2456 3622 quod
2490 3548 2677 3613 vides,
2709 3547 2766 3602 in
2792 3546 3159 3617 superiorem
3188 3540 3443 3612 gradum
3466 3542 3631 3594 extu-

1973 3640 2118 3706 listi;
2154 3639 2420 3696 invenies
2452 3644 2674 3701 autem,
2709 3635 2874 3708 quod
2914 3632 3196 3700 nolueris,
3231 3636 3286 3686 et
3323 3627 3432 3702 qui
3462 3634 3515 3682 te
3546 3627 3630 3683 ita

1973 3729 2265 3785 tractabit.

2626 3816 2835 3872 EPIST.
2867 3816 2973 3869 XL.

2413 3904 2606 3960 Helias
2629 3898 3140 3970 protospalhan’o.

1537 4021 1828 4072 Montacut.
1863 4029 1965 4087 (ep.
1999 4022 2107 4078 122.
2138 4035 2190 4086 p.
2222 4019 2351 4083 163).

334 4136 402 4186 Οἱ
457 4140 737 4208 πειρασμοὶ
790 4135 1172 4210 πειραζομένων
1228 4156 1458 4208 γινονται
1531 4143 1854 4212 πειρασμοίι

2038 4137 2414 4195 Tentationes
2461 4131 2823 4191 tentantibus
2863 4128 3220 4186 tentationes
3261 4126 3454 4192 ﬁunt;
3503 4139 3625 4181 non

255 4228 334 4296 μὴ
373 4223 753 4298 πειραζομένων
809 4221 889 4289 δε,
931 4228 1190 4298 στεφάνων
1238 4231 1328 4278 καὶ
1377 4224 1636 4298 βραϐείων
1672 4233 1861 4304 παραί-

255 4333 390 4369 τιοι.

876 4409 1084 4456 ΕΠΙΣΤ.
1107 4403 1241 4458 ΜΑ’.

678 4493 910 4565 Θεοφίλῳ
948 4495 1406 4568 πρωτοσπαθαρίῳ
1420 4538 1433 4553 .

1970 4227 2339 4285 tentantibus
2379 4228 2631 4281 causant
2659 4237 2914 4278 coronas
2947 4226 3003 4275 et
3031 4216 3266 4274 brabia.

2613 4402 2825 4458 EPIST.
2853 4401 2980 4455 XLI.

2373 4492 2696 4564 Theophila
2714 4489 3228 4562 protospathario.

1531 4620 1822 4671 Montacut.
1854 4622 1959 4687 (ep.
1993 4622 2101 4679 123,
2133 4636 2186 4687 p.
2221 4622 2354 4685 164).

321 4730 476 4798 Ταχὺ
514 4727 788 4800 μανθάνεις
844 4729 967 4789 τοὺς
1023 4726 1246 4800 φίλους·
1277 4729 1573 4802 ταχύτερον
1631 4724 1682 4780 δ’
1733 4727 1856 4781 ἀπο·

245 4817 523 4889 μανθάνεις
555 4834 566 4847 ·
642 4815 750 4868 ἀλλ’
826 4815 1023 4890 ἒρῥωσο
1058 4837 1070 4850 ·
1153 4820 1284 4889 μήτε
1357 4818 1630 4887 μανθάνων
1709 4818 1855 4892 ῥᾷον,

243 4907 371 4979 μήτ’
426 4904 816 4976 ἀπομανθάνων.
862 4910 932 4958 Τὸ
984 4909 1074 4978 μὲν
1119 4909 1220 4978 γὰρ
1267 4913 1554 4979 προπετοῦς
1602 4911 1691 4958 καὶ
1739 4909 1858 4958 κού-

244 5015 349 5070 φης
399 4991 652 5059 διανοίας,
679 4998 736 5046 τὸ
797 4990 856 5047 δὲ
906 5001 1138 5067 γνώμης,
1200 4995 1281 5047 ἵνα
1311 4991 1476 5062 μηδὲν
1504 4997 1630 5047 εἴπω
1671 4996 1856 5068 φαυλό-

243 5105 412 5158 τερον,
489 5083 772 5137 ἁϐεεαίου·
844 5091 1018 5157 κρίσει
1087 5081 1145 5137 δὲ
1205 5089 1461 5146 συνέσεως
1533 5081 1720 5147 διδοὺς
1796 5089 1853 5138 τὸ

241 5178 530 5248 πρακτέον,
568 5177 758 5228 ἵστασο
807 5179 968 5248 μίνων
1021 5173 1072 5225 ίν
1123 5170 1195 5234 οἷς
1250 5170 1433 5236 ἔδοξας
1478 5175 1851 5246 μεμαθηκέναι.

2041 4729 2331 4786 Citissime
2363 4727 2588 4784 amicos
2628 4725 2844 4781 ediscis
2870 4740 2882 4780 :
2911 4721 3172 4778 dediscis
3203 4726 3404 4778 autem
3435 4720 3624 4777 multo

1968 4819 2174 4873 citius:
2223 4817 2352 4872 vale
2409 4821 2633 4880 autem,
2685 4821 2739 4869 et
2788 4829 2862 4869 ne
2909 4813 3025 4868 cito
3073 4811 3256 4875 disce,
3295 4826 3402 4866 nec
3453 4810 3623 4866 citius

1967 4923 2173 4963 eorum
2215 4905 2601 4971 obliviscere;
2635 4908 2725 4959 est
2756 4901 2916 4958 enim
2949 4901 3094 4956 illud
3134 4899 3320 4956 animi
3365 4899 3620 4961 leviculi,

1966 4997 2218 5052 nimium
2241 4995 2622 5068 properantis
2649 5009 2663 5060 ;
2693 4997 2748 5048 et
2778 4992 3002 5055 incerti,
3031 4997 3180 5047 utne
3203 4991 3348 5062 quid
3383 4990 3622 5058 gravius

1963 5085 2406 5154 dicam,judicii
2425 5083 2568 5138 illud
2589 5101 2604 5148 ;
2625 5081 3026 5149 intelligentiae
3041 5079 3317 5136 tribunali
3340 5078 3438 5134 ubi
3455 5079 3620 5151 quod

1963 5173 2264 5244 agendum
2293 5171 2529 5237 stiteris,
2562 5172 2816 5227 consiste
2837 5169 3048 5225 ﬁrmus
3072 5170 3133 5224 in
3159 5170 3228 5224 iis
3247 5185 3383 5242 quae
3407 5167 3618 5224 videris

1963 5261 2353 5318 addidicisse.

1591 5461 1826 5520 νΑΒιΑξ
1871 5461 2244 5519 LECTIONES
2257 5504 2270 5518 .

301 5635 319 5679 ι
355 5636 493 5709 lege
526 5637 668 5710 ὑμων
683 5676 697 5691 .
