4072 6232
484 283 591 340 955

1125 412 1231 466 EPI
1241 411 1338 467 ST.
1372 410 1524 466 XLII.

835 499 1130 556 Theodoto
1157 499 1787 570 spatharocandidata.

1725 282 1961 338 PHOTII
1996 283 2143 340 PATJ

2261 285 2470 342 RCHIE
2508 287 2608 342 CP.
3747 296 3833 354 956

2855 421 2939 468 ΕΠ
2947 420 3067 472 ΙΣΤ.
3118 417 3248 471 MB'.

2637 499 2880 578 Θεοδότῳ
2909 504 3290 583 σπαθαροκανδ
3296 505 3351 562 ιδ
3353 510 3483 582 drop.

1759 625 2050 674 Montacut.
2085 626 2189 688 (ep.
2220 627 2330 683 124,
2358 641 2414 691 p.
2446 628 2575 689 164).

560 735 833 789 Humana
859 731 1065 788 omnia
1095 731 1271 787 simul
1301 730 1579 788 difﬂuunt
1609 747 1747 788 cum
1778 736 2049 804 tempore
2087 737 2143 788 et

488 826 855 877 evanescunt
880 839 893 888 ;
926 822 1110 876 virtus
1139 827 1360 888 autem,
1397 827 1457 877 ut
1487 821 1624 891 igne
1646 825 1701 877 et
1726 821 1902 888 ferro,
1933 826 1988 877 et
2017 837 2143 877 om-

489 912 668 966 nibus
721 910 899 966 rebus
941 910 1484 982 inconsumptibilis
1528 915 1636 976 est,
1679 910 1895 984 quibus
1937 910 2144 966 omnia

489 1000 1044 1071 succumbuntquaa
1078 1005 1473 1069 generantur;
1500 1001 1580 1056 ita
1610 1015 1852 1073 quoque
1887 1006 2140 1072 tempus,

486 1091 722 1163 pathos,
757 1095 1008 1144 mortem
1040 1091 1232 1161 ipsam
1268 1096 1528 1161 superat.
1565 1091 1662 1147 Sin
1695 1090 1982 1145 intuearis
2016 1104 2142 1161 per-

489 1179 806 1251 spicacius,
824 1195 857 1233 a
875 1183 1142 1250 tempore
1165 1185 1219 1233 et
1242 1184 1430 1233 morte
1452 1180 1585 1249 ipsa
1612 1179 1804 1247 magis
1823 1178 2140 1243 reviviscit,

488 1274 546 1324 et
583 1268 951 1336 egerminat;
997 1267 1306 1338 prOprium
1347 1267 1727 1338 splendorem
1769 1266 2145 1339 gloriamque

492 1357 683 1426 magis
714 1355 1052 1412 admirabili
1103 1356 1284 1411 modo
1330 1363 1384 1411 et
1423 1356 1722 1411 illustriori
1771 1357 2145 1410 immoriente

489 1446 702 1502 iterum
717 1445 941 1501 invidia
955 1446 1292 1502 reassumit.
1319 1446 1468 1511 Quid
1489 1452 1550 1500 tu
1573 1445 1750 1516 igitur
1773 1461 1914 1514 erga
1927 1461 1996 1500 ea
2010 1461 2145 1517 quae

491 1536 689 1590 statim
725 1551 1036 1604 nunquam
1066 1542 1255 1600 erunt,
1292 1551 1358 1589 ac
1383 1536 1429 1588 si
1463 1551 1701 1604 semper
1733 1534 2144 1605 perdurarent,
2183 1527 2223 1580 Β
2258 1545 2320 1600 ὡς
2401 1539 2475 1592 ἀεὶ

491 1626 570 1678 sis
593 1623 840 1679 atfectus
862 1622 888 1675 ‘I
925 1629 1148 1677 (eterna
1181 1624 1414 1678 interim
1448 1639 1672 1694 susque
1711 1624 1906 1694 deque
1938 1622 2145 1689 habes,

490 1729 612 1768 non
644 1712 811 1767 aliter
841 1727 1027 1782 quam
1050 1711 1383 1766 deﬂuxura.
1412 1715 1614 1766 Nonne
1636 1728 1847 1775 aurum
1875 1728 1982 1783 pro
2009 1727 2142 1775 iere,

490 1801 656 1874 quod
695 1787 950 1872 in'poesi
983 1807 1084 1866 est,
1125 1801 1468 1872 permutas?
1501 1804 1662 1856 Certe
1702 1800 2146 1855 breviusculum

491 1895 579 1946 est
610 1896 940 1961 peccatum,
982 1889 1146 1961 quod
1177 1895 1391 1946 natura
1428 1889 1614 1945 ﬂuida
1644 1895 1700 1945 et
1747 1889 2147 1960 corruptibilis

495 1979 702 2035 sitzsed
721 1983 982 2034 mutatur
1001 1979 1448 2052 incorruptibile
1462 1995 1568 2050 pro
1583 1978 2148 2049 corrumpendo,sa-

490 2067 714 2142 pientia
727 2068 1302 2140 proinsania,gloria
1315 2085 1425 2141 pro
1439 2067 2146 2140 dedecore,gehennapro

492 2157 778 2216 caelorum
797 2173 1004 2229 regno.

1107 2248 1320 2303 EPIST.
1348 2249 1524 2302 XLIII.

596 2336 823 2393 Joanm’
849 2335 1108 2407 patricio
1134 2342 1187 2392 et
1209 2337 1513 2394 sacellano
1535 2335 1701 2406 apud
1717 2335 2038 2406 Angurios.

2321 733 2559 788 Ἀπαντα
2587 756 2678 808 μεν
2710 739 2775 790 τά
2815 736 3113 811 ἀνθρώπινα
3170 741 3532 817 πγκαταρῥεῖ
3568 740 3640 814 τῷ
3686 748 3842 816 χρόνῳ

2251 829 2340 876 καὶ
2383 823 2722 896 ἀφανίζεται’
2757 826 2908 902 ἀρετὴ
2969 825 3046 898 δὲ,
3098 832 3272 904 ὥσπερ
3311 837 3436 905 πυρὶ
3485 837 3579 884 καὶ
3634 829 3838 905 σιδήρῳ,

2253 918 2340 966 καὶ
2366 920 2525 966 πᾶσιν
2569 917 2645 978 οἷς
2675 917 2874 970 ὑπείκει
2904 919 2969 969 τά
3021 917 3069 969 ἐν
3103 924 3299 990 γενέσει
3326 923 3520 987 πάντα,
3553 920 3795 982 ἀνάλωτος
3825 940 3835 951 '

2253 1003 2388 1055 οὕτω
2417 1009 2508 1056 καὶ
2535 1009 2732 1076 χρόνου
2789 1011 2878 1059 καὶ
2918 1009 3094 1060 παθῶν
3142 1013 3232 1061 καὶ
3263 1009 3422 1062 αὐτοῦ
3455 1011 3684 1062 θανάτου
3713 1030 3838 1082 περι-

2251 1097 2466 1165 γίνεται.
2498 1094 2556 1148 Εἰ
2583 1091 2632 1147 δ’
2663 1095 3026 1170 ἀκριϐέστερον
3057 1095 3212 1166 ἶδοις,
3269 1107 3342 1170 τῷ
3392 1104 3593 1173 χρόνῳ,
3655 1103 3740 1151 καὶ
3779 1109 3842 1168 τῷ

2256 1184 2457 1256 θανάτῳ
2531 1183 2720 1256 μᾶλλον
2779 1184 2942 1259 ἀναζῇ
3021 1192 3110 1240 καὶ
3172 1187 3362 1253 θάλλει,
3413 1194 3506 1242 καὶ
3561 1192 3619 1241 τό
3675 1189 3838 1241 οἰκεῖον

2254 1272 2414 1336 κλέος,
2486 1278 2575 1324 καὶ
2623 1277 2716 1331 τὴν
2790 1274 3112 1348 εὐπρέπειαν,
3168 1275 3634 1338 ἐναποσϐεσθέντος
3687 1279 3840 1339 αὐτοῖς

2256 1369 2346 1413 τοῦ
2373 1364 2581 1433 φθόνου,
2629 1362 2982 1438 λαμπρότερόν
3012 1384 3066 1418 τε
3121 1370 3210 1416 καὶ
3258 1368 3688 1440 θαυμασιώτερον
3737 1365 3843 1418 ἀνα-

2259 1448 2492 1524 δέχεται.
2525 1457 2588 1505 Τί
2633 1449 2720 1504 οὖν
2754 1457 2819 1505 σὺ
2868 1463 2966 1506 τῶν
3010 1458 3099 1525 μὲν
3129 1454 3240 1527 μετ’
3273 1455 3444 1527 ὀλίγον
3478 1457 3655 1508 οὐκέτι
3684 1462 3842 1522 ὄντων,

2568 1546 2833 1613 μενόντων,
2922 1541 3211 1616 ἀντιποιῇ;
3277 1543 3548 1618 ὀλιγωρεῖς
3631 1542 3688 1596 δε
3759 1554 3843 1596 τῶν

2257 1627 2462 1699 ἀῐδίων,
2505 1634 2573 1692 ὡς
2612 1631 2866 1705 ῥεόντων;
2920 1632 2979 1683 ού
3027 1641 3218 1704 χρυσῷ
3271 1633 3496 1706 χαλκὸν,
3549 1638 3607 1686 τό
3667 1654 3843 1692 ποιητι-

2258 1723 2364 1786 κόν,
2395 1719 2616 1792 ἀμείϐων
2650 1737 2663 1786 ;
2692 1722 2883 1794 Βραχύ
2921 1723 3021 1792 γὰρ
3075 1725 3132 1774 τὸ
3168 1721 3476 1797 ἁμάρτημα,
3513 1726 3594 1775 ὅτι
3632 1725 3844 1796 φθαρτῆς

2257 1809 2491 1883 ἑκάτερον
2544 1815 2632 1862 καὶ
2689 1811 2908 1884 ῥεούσης
2956 1810 3098 1875 ὕλης,
3134 1811 3259 1863 ἀλλά
3307 1813 3500 1887 φθορὰν
3545 1812 3838 1886 ἀφθαρσίας,

2256 1904 2345 1951 καὶ
2376 1904 2670 1972 φρονήσεως
2717 1900 2914 1965 ἄνοιαν,
2949 1904 3034 1950 καὶ
3085 1895 3244 1962 δόξης
3286 1900 3576 1971 αἰσχύνην,
3609 1905 3696 1952 καὶ
3723 1903 3840 1970 γέεν-

2255 2008 2344 2041 ναν
2374 1988 2600 2064 ούρανῶν
2624 1985 2898 2060 βασιλείας
2929 1985 3425 2060 ἀπαλλασσόμενος.

2873 2170 3081 2222 ΕΠΙΣΓ.
3115 2165 3248 2225 MI".

2469 2257 2677 2330 Ἰωάννη
2721 2262 2980 2331 πατρικίῳ
3006 2261 3095 2308 χαὶ
3129 2256 3453 2330 σακελλαρίῳ
3484 2258 3600 2309 κατ’

2887 2328 3252 2403 Ἀγγουρίους.

1774 2441 2048 2489 Montacut
2073 2439 2178 2502 (ep.
2217 2438 2324 2494 130,
2361 2451 2413 2500 p.
2451 2435 2578 2496 171).

564 2540 852 2598 Molestias
887 2539 1120 2599 intueri.
1153 2541 1443 2596 volentem
1485 2555 1579 2595 me
1609 2539 1907 2611 oportuit;
1939 2538 2140 2593 nolen-

495 2634 611 2686 tem
642 2636 839 2684 autem
865 2635 922 2684 tu
951 2630 1232 2685 docuisti:
1257 2637 1313 2685 et
1332 2630 1474 2702 quid
1503 2628 1604 2683 tibi
1627 2630 1823 2684 adhuc
1848 2628 2146 2700 reliquum

495 2725 606 2784 est,
626 2735 812 2791 quam
845 2723 905 2774 ut
926 2719 1040 2772 sub
1061 2718 1330 2773 omnium
1359 2718 1546 2774 oculis
1568 2722 1627 2772 et
1647 2718 1985 2773 testimonio
2008 2733 2145 2772 con.

494 2809 686 2864 victus
719 2809 992 2873 tenearis,
1019 2806 1208 2863 multa
1230 2807 1427 2862 adhuc
1453 2807 1698 2863 duriora
1719 2807 1779 2861 in
1808 2823 1902 2861 me
1927 2804 2148 2861 machi-

495 2897 647 2964 nari,
685 2898 828 2970 quia
858 2913 962 2970 per
990 2896 1410 2968 quotidianum
1441 2895 1808 2963 exercitium,
1843 2911 1914 2952 ea
1943 2896 2148 2952 omnia

497 3001 634 3042 cum
667 2987 898 3043 minore
929 2986 1133 3043 dolore
1162 2985 1360 3040 subire
1390 2985 1636 3042 edoctus
1669 3001 1824 3040 sum.
2023 2973 2027 2976 ’

1101 3077 1311 3131 EPIST.
1343 3077 1518 3131 XLIV.

945 3166 1190 3222 Tarasio
1212 3166 1472 3234 patricio
1497 3163 1708 3234 fratri.

2330 2539 2461 2608 Πρός
2511 2533 2677 2596 λύπας
2751 2533 2893 2606 ὁρᾷν,
2958 2539 3132 2586 καίτοι
3201 2533 3410 2596 ἑκόντας
3475 2532 3658 2606 ἐχρῆν,
3727 2533 3838 2604 ὅμως

2256 2631 2346 2677 καὶ
2379 2627 2598 2685 ἄκοντας
2651 2619 2952 2686 ἑδιδάξατε.
2985 2630 3048 2676 Τί
3101 2621 3168 2682 δη
3222 2631 3310 2675 νῦν
3346 2625 3471 2696 ὑμῖν
3505 2627 3650 2676 ἔσται
3691 2623 3833 2689 πλέον,

2255 2714 2388 2771 πλην
2435 2721 2527 2765 τοῦ
2583 2716 2772 2772 κακούς
2824 2715 3092 2787 κρίνεσθαι
3135 2714 3234 2764 ύπὸ
3280 2715 3518 2786 μάρτυσι
3568 2719 3669 2771 τοῖς
3733 2712 3838 2760 πάν-

2257 2823 2355 2856 των
2417 2802 2718 2874 ὀφθαλμοῖς,
2797 2802 3006 2854 πλείονα
3059 2801 3322 2854 ἐπινοοῦσι
3398 2804 3471 2854 τά
3535 2801 3647 2854 καθ’
3709 2801 3833 2871 ἡμῶν

2255 2892 2485 2965 λυπηρά⁹
2549 2893 2631 2944 ὅτε
2689 2887 2782 2943 διὰ
2825 2900 2914 2952 τῆς
2966 2893 3321 2964 καθημερινῆς
3399 2895 3702 2964 γυμνασίας
3763 2891 3836 2938 καὶ

2177 2957 2215 3012 C
2258 2981 2581 3055 ἀλυπώτερον
2614 2980 2749 3032 αὐτὰ
2776 2985 2939 3054 φέρειν
2967 2977 3348 3052 ἐπαιδεύθημεν
3383 2996 3398 3047 ;

2863 3076 3072 3122 ΕΠΙΣΤ.
3116 3068 3241 3124 ΜΔ’.

2647 3162 2895 3232 Ταρασίῳ
2933 3164 3190 3233 πατρικίῳ
3243 3155 3474 3232 ἀδελγῷ.

1762 3287 2056 3337 Montacut.
2093 3287 2197 3351 (ep.
2230 3286 2338 3342 131,
2372 3299 2423 3349 p.
2453 3283 2580 3347 171).

567 3397 888 3453 Defunctus
931 3403 1019 3453 est
1062 3397 1235 3453 nobis
1281 3396 1614 3452 secundum
1649 3411 1866 3466 corpus
1897 3395 2146 3460 amicus,

497 3486 600 3540 sed
629 3503 737 3542 nec
769 3488 895 3558 ipse
927 3493 987 3541 tu
1015 3486 1246 3542 inﬁcias
1276 3487 1450 3541 iveris
1481 3485 1628 3556 quin
1660 3485 1895 3554 reliquit
1924 3483 2150 3538 colum-

497 3588 641 3628 nam
667 3575 958 3629 universae
982 3591 1103 3629 suae
1127 3575 1255 3628 vitae
1277 3574 1580 3629 virtutem:
1604 3572 1885 3644 quocirca
1907 3571 2148 3626 beatum

500 3662 963 3733 praedicabimus
988 3677 1148 3727 eum,
1175 3667 1232 3717 et
1263 3668 1402 3717 tunc
1433 3677 1762 3733 quemnam
1790 3676 1897 3732 pro
1918 3660 2016 3716 illo
2042 3660 2151 3716 les-

501 3767 638 3806 sum
671 3751 1116 3807 meditabimur.

1124 3840 1335 3897 EPIST.
1376 3841 1526 3896 XLV.

1030 3929 1301 3986 Μαηιιθιί
1336 3929 1615 3998 patricio.

3285 3389 3392 3442 ἀλλ’
3450 3387 3567 3444 οὐδ’
3619 3390 3674 3442 ἀν
3709 3387 3834 3446 αὐτὸς

2267 3480 2562 3555 ἀρνηθείης,
2618 3483 2687 3544 ὡς
2741 3481 2868 3552 οὐχὶ
2920 3482 3176 3534 ἀθάνατον
3231 3480 3398 3552 ἀφῆκε
3449 3480 3657 3544 στηλην,
3706 3478 3833 3530 παντὶ

2334 3393 2632 3450 Τέθνηκενὸ
2664 3391 2808 3464 φίλος
2836 3399 2909 3462 τῷ
2970 3397 3176 3463 σώματι
3210 3406 3222 3418 ⁶

2260 3579 2330 3642 τῷ
2359 3570 2482 3643 βίῳ,
2517 3575 2608 3628 τὴν
2647 3572 2807 3622 αὑτοῦ
2848 3569 3054 3643 ἀρετήν.
3103 3569 3240 3644 Ἀρα
3294 3566 3382 3622 οὖν
3429 3567 3829 3642 εὐδαιμονίσομεν

2262 3661 2385 3722 ὅλως
2420 3663 2554 3726 τινὰ,
2597 3658 2657 3712 ἂν
2688 3668 2867 3713 τοῦτον
2893 3661 3093 3734 θρηνεῖν
3123 3659 3486 3732 μελετησωμεν
3521 3676 3534 3726 ;

2872 3842 3084 3892 ΕΠΙΣΤ.
3127 3836 3259 3890 ME’.

2773 3927 3020 3984 Μανουηλ
3067 3945 3198 4000 πατρ
3209 3929 3344 3997 ικίῳ.

1771 4027 2045 4076 Montacut
2073 4028 2177 4090 (ep.
2202 4026 2308 4083 146,
2346 4039 2398 4089 p.
2429 4027 2560 4088 203).

571 4126 861 4184 Fortassis
928 4125 1008 4182 ob
1091 4140 1161 4180 ea
1226 4123 1618 4180 conﬁdentior
1682 4124 1935 4188 exsistis,

501 4233 538 4273 δ,
602 4231 719 4282 me,
782 4231 921 4270 cum
979 4213 1292 4286 splendide
1348 4215 1406 4269 in
1471 4219 1572 4270 tuo
1633 4213 1859 4269 theatro
1917 4213 2151 4282 conspi-

501 4321 688 4372 carer,
730 4303 1116 4359 dicebantur:
1157 4303 1424 4367 Domine,
1467 4302 1750 4357 nimirum
1791 4318 1862 4359 ne
1898 4303 2149 4370 imputes

500 4395 582 4451 eis
599 4395 708 4450 hoc
724 4399 1053 4462 peccatum,
1074 4391 1342 4447 nescium
1365 4392 1517 4448 enim
1540 4392 1688 4463 quid
1703 4392 1941 4460 faciunt
1966 4396 2032 4444 “.
2057 4393 2149 4445 At-

497 4500 614 4558 que
665 4483 817 4539 adeo
857 4482 1033 4538 ﬂatus
1066 4487 1196 4536 tuos
1227 4487 1436 4536 contra
1479 4496 1572 4534 me
1619 4496 1740 4535 non
1779 4497 1994 4536 cessas.
2029 4482 2148 4550 Ego

499 4580 720 4637 autem,
759 4577 934 4642 prout
965 4577 1103 4626 tunc
1135 4570 1417 4641 temporis
1445 4569 1684 4624 beatam
1716 4569 1877 4624 illam
1912 4584 2147 4640 precem

496 4663 761 4736 proferre
800 4660 1018 4730 dignus
1057 4658 1296 4714 habitus
1327 4657 1428 4724 fui,
1461 4659 1543 4712 ita
1586 4662 1642 4712 et
1673 4657 1944 4729 adusque
1988 4656 2147 4712 idem

497 4757 706 4808 votum
745 4749 951 4806 emitto
992 4749 1118 4804 sine
1156 4747 1617 4803 intermissione.
1651 4747 1812 4803 Scias
1851 4752 2074 4812 autem,
2112 4761 2148 4800 ο

499 4839 676 4906 bone,
696 4839 858 4912 quod
881 4837 1420 4913 quemadmodum,
1447 4841 1508 4891 ut
1528 4851 1638 4906 ego
1663 4835 1935 4891 mihimet
1953 4835 2148 4906 legem

500 4929 856 5000 praescripsi,
875 4929 1089 4986 talibus
1111 4941 1493 4982 remunerare
1510 4925 1940 4980 conviciatores
1960 4939 2145 4989 meos;

503 5014 584 5069 ita
615 5021 669 5071 et
700 5021 756 5070 tu
789 5032 1029 5090 quoque
1054 5017 1284 5082 teneris,
1319 5031 1458 5070 cum
1491 5014 1674 5070 homo
1703 5014 1784 5068 sis
1818 5013 1916 5085 (ne
1947 5013 2146 5068 dicam

502 5102 905 5170 Christianus),
933 5107 1064 5162 licet
1090 5122 1241 5171 sero,
1258 5105 1503 5160 tandem
1529 5109 1727 5161 tamen
1754 5102 2149 5160 acrudelitate

503 5191 809 5261 recedere;
851 5193 941 5247 sin
984 5195 1183 5250 minus
1222 5195 1450 5260 feceris,
1503 5209 1577 5248 ne
1617 5193 1702 5248 sic
1745 5193 1988 5266 quidem
2037 5209 2149 5264 ego

504 5297 676 5339 orare
714 5279 1014 5348 desinam,
1047 5283 1284 5347 scilicet,
1324 5299 1398 5338 ne
1433 5281 1655 5338 cmlesti
1695 5283 2016 5355 adoptione
2057 5299 2150 5338 ex-

506 5371 708 5429 cidam
761 5367 926 5441 (inde
972 5373 1032 5425 et
1083 5385 1244 5426 nunc
1296 5369 1374 5427 ad
1411 5375 1466 5428 te
1519 5371 1973 5430 admonendum
2013 5388 2150 5446 pro-

577 5555 623 5590 ²²
655 5553 828 5608 Rom.
861 5562 918 5614 ν,
951 5547 1034 5605 13.

2013 4139 2149 4196 quae
2187 4125 2228 4176 D

2329 4121 2486 4183 Ἴσως
2528 4121 2752 4197 θαῤῥεῖς,
2803 4121 2881 4184 οἷς
2933 4124 3101 4193 ἡμεῖς,
3159 4124 3243 4174 ἐπὶ
3286 4128 3376 4173 τοῦ
3429 4121 3664 4195 λαμπροῦ
3710 4119 3826 4188 ὑμῶν

3582 4211 3737 4281 Κύριε,
3764 4206 3820 4274 μὴ

3621 4297 3673 4350 οὗ
3743 4295 3824 4364 γὰρ

2257 4385 2439 4442 οἴδασι
2465 4393 2514 4441 τί
2561 4397 2775 4442 ποιοῦσι
2816 4406 2829 4419 ·
2861 4394 2946 4440 καὶ
2977 4385 3070 4441 δ’ιά
3117 4396 3267 4440 τοῦτο
3297 4392 3457 4441 πνέων
3518 4387 3627 4440 καθ’
3679 4387 3820 4456 ἡμῶν,

2261 4214 2476 4286 θεάτρου
2527 4211 3055 4283 προπηλακιζόμενοι,
3117 4209 3474 4282 ἐφθεγξάμεθα
3507 4229 3519 4239 ·

2260 4306 2464 4374 στήσῃς
2557 4300 2731 4361 αὐτοῖς
2813 4305 2906 4358 τὴν
2987 4299 3242 4373 ἁμαρτίαν
3323 4302 3518 4358 ταύτην
3551 4317 3562 4329 ·

2257 4478 2314 4530 ού
2366 4478 2563 4550 λήγεις.
2615 4478 2750 4532 Ἀλλ’
2798 4480 2944 4549 ἡμεῖς
2993 4481 3099 4549 μὲν,
3160 4479 3332 4550 ὥσπερ
3390 4484 3508 4530 τότε
3554 4481 3640 4534 τὴν
3680 4489 3823 4546 μακα-

2255 4573 2372 4643 ρίαν
2439 4567 2634 4626 ἇκείνην
2710 4568 2875 4640 εὐχὴν
2929 4567 3222 4639 ἠξιώθημεν
3283 4567 3554 4634 εὔξασθαι,
3587 4566 3706 4617 οὕτω
3747 4563 3820 4612 καὶ

2255 4663 2419 4730 μέχρι
2469 4665 2557 4709 νῦν
2606 4654 2919 4717 ἀδιαλείπως
2972 4656 3256 4728 εὐχόμεθα.
3319 4655 3459 4709 Ἱσθι
3519 4653 3593 4720 δε,
3647 4651 3680 4704 ὧ
3730 4647 3824 4719 βέλ·

2257 4767 2420 4812 τιστε,
2473 4748 2553 4799 ὃτι
2605 4749 2835 4818 καθάπερ
2895 4749 3037 4818 ἡμῖν,
3082 4748 3339 4806 τοιούτοις
3393 4744 3688 4817 ἀμείϐεσθαι
3728 4739 3822 4810 τοὺς

2256 4836 2511 4910 ὑϐριστὰς
2535 4837 2972 4908 νενομοθέτηται·
3035 4835 3170 4886 οὕτω
3236 4841 3324 4886 καὶ
3378 4837 3520 4906 ὑμῖν,
3567 4832 3822 4884 ἀποστῆναι

2255 4933 2349 4988 τῆς
2379 4930 2678 4998 μιαιφονίας
2704 4923 2822 4994 (κᾶν
2875 4924 2970 4996 ὀψέ
3007 4943 3131 4976 ποτε
3171 4930 3260 4975 τοῦ
3304 4922 3533 4996 καιροῦ),
3575 4919 3820 4990 ἀνθρώποις

2256 5011 2403 5067 οὖσιν
2461 5016 2570 5085 (ίνοι
2622 5019 2692 5085 μὴ
2734 5013 2863 5085 λέγω
2905 5012 3278 5085 Χριστιανοίς),
3327 5016 3720 5082 κεχρεώστηται.
3773 4999 3820 5052 Εἰ

2259 5099 2318 5156 δε
2369 5109 2463 5176 μὴ,
2523 5105 2673 5176 ἡμεῖς
2721 5107 2810 5175 μὲν
2862 5099 2987 5155 οὐδε
3044 5103 3199 5167 οὕτω,
3253 5109 3344 5161 τῆς
3397 5103 3636 5171 ἡμετέρας
3683 5094 3816 5162 εΰχὶς

2259 5192 2638 5264 ἀποσταίημεν,
2693 5194 2775 5244 ἶνα
2831 5195 2901 5264 μὴ
2940 5199 3034 5253 τῆς
3087 5192 3275 5243 ἄνωθεν
3325 5192 3584 5248 υἱοθεσίας
3625 5184 3815 5236 ἐκπέσω-

2259 5302 2348 5356 μεν
2397 5285 2574 5352 (τοῦτο
2623 5284 2724 5354 γὰρ
2757 5281 2884 5334 αύτό
2928 5285 3017 5332 καὶ
3068 5287 3155 5331 νῦν
3195 5281 3330 5350 ἡμᾶς
3361 5281 3484 5353 πρὸς
3537 5280 3623 5333 τὴν
3670 5269 3813 5342 ὑμετέ-

2260 5390 2353 5445 Ραν
2405 5374 2712 5446 παραίνεσιν
2761 5366 3148 5440 διανέστησεν).
3197 5366 3360 5441 Ὑμῶν
3407 5363 3467 5420 δέ
3507 5364 3612 5417 ἔστι
3659 5357 3805 5411 λοιπὸν
