4072 6232
271 333 374 389 95³1
1528 326 1872 384 EPISTOLA

2035 325 2038 379 ί
2079 321 2292 380 LIBER
2332 322 2430 379 III.
3535 315 3643 370 958

270 457 395 533 ὀρᾷν
434 456 513 526 (οὔ
560 459 662 530 γὰρ
715 454 774 509 ἆν
818 455 1216 532 ἀλλοτριώτερον
1267 475 1321 508 τι
1377 462 1473 516 τῆς
1517 453 1646 527 ἐμῆς
1703 452 1870 525 εὐχῆς

2031 449 2170 521 5881).
2223 452 2414 506 Tuum
2455 454 2542 504 est
2581 445 2782 503 videre
2812 447 2911 518 (ne
2946 443 3184 514 longius
3237 439 3314 498 ab
3367 441 3639 497 oratione

270 530 470 615 aii-rami
500 547 520 619 )
571 547 706 608 ὅπως
726 552 812 599 καὶ
872 547 993 619 ὑμῖν
1022 548 1086 599 τὰ
1129 530 1314 598 ἐκεῖθεν
1363 548 1494 618 πρὸς
1518 548 1576 597 τὸ
1611 547 1869 618 συμφέρον

2032 555 2252 596 uerrem
2284 539 2440 608 mea)
2471 542 2531 593 ut
2569 537 2781 592 exinde
2822 540 2942 591 tute
2975 534 3078 590 tibi
3121 530 3328 588 omnia
3357 545 3640 587 commo-

268 632 740 710 μεθοδευθὴσεται.

1981 629 2230 686 dissime
2252 627 2518 684 ordines.

872 729 1084 778 ΕΠΙΣΤ.
1101 715 1254 789 Μςι.

2589 716 2801 772 EPIST.
2833 713 3008 770 XLVI.

417 813 632 888 Ἰωάννῃ
659 814 1120 937 πρωτοσπαθῗρξῳ
1152 817 1239 864 καὶ
1269 808 1304 865 δ
1307 815 1608 886 ρουγγαρίῳ
1637 817 1729 863 τοῦ

950 905 988 938 π
1021 903 1194 958 οιμου.

2086 809 2312 866 Joanm’
2345 804 2851 878 protospathario,
2885 809 2938 860 et
2971 799 3270 872 dungario
3299 797 3528 870 ploimi.

1551 979 1844 1029 Montacut.
1883 979 1985 1044 (ep.
2022 980 2130 1036 150,
2168 979 2221 1044 p’.
2257 979 2367 1028 206.

337 1081 416 1134 Οὔ
441 1088 687 1134 τοσοῦτον
716 1080 968 1154 χαλεπὸν,
993 1081 1037 1134 εἰ
1087 1080 1276 1154 τυφλὸν
1298 1092 1340 1122 ιιι
1397 1081 1422 1131 ὀ
1448 1077 1694 1142 Πλοῦτος,
1729 1079 1871 1130 κατὰ

2053 1077 2222 1134 Haud
2282 1076 2366 1132 ita
2395 1091 2490 1131 res
2528 1073 2677 1130 dura
2736 1078 2840 1142 est,
2911 1069 2960 1125 si
3020 1084 3210 1124 caecus
3273 1065 3346 1120 sit
3411 1062 3641 1119 Plutus,

261 1173 352 1223 τὸν
384 1171 550 1232 καλῶς
594 1171 748 1224 αὐτὸν
793 1173 1249 1244 κωμικευσάμενον
1303 1169 1684 1242 Ἀριστοφάνην
1714 1189 1726 1201 ·
1762 1165 1869 1219 ἀλλ’

2032 1172 2046 1224 t
2111 1167 2375 1222 comicus
2413 1181 2544 1219 eum
2611 1162 2776 1232 ﬁngit
2843 1159 2982 1215 scite
3032 1155 3502 1228 Aristophanes:
3539 1152 3640 1207 sed

261 1261 425 1313 ἐκεῖνο
483 1261 846 1332 παγχάλεπον,
907 1259 951 1313 εἰ
1021 1266 1111 1312 καὶ
1167 1259 1297 1318 αὖτή
1343 1259 1572 1316 κάθηται
1623 1256 1784 1329 τυφλὴ
1835 1259 1865 1315 ἠ

2030 1257 2122 1312 Iud
2154 1255 2326 1328 plane
2355 1252 2796 1309 intolerandum
2830 1248 3101 1312 arbitror,
3137 1246 3182 1300 si
3215 1248 3365 1299 astat
3413 1241 3492 1297 illi
3529 1242 3638 1296 Ju-

261 1352 415 1413 Δίχη,
445 1353 516 1420 μὴ
550 1352 755 1420 ἔχουσα
797 1345 869 1402 δι’
922 1348 982 1401 οὗ
1032 1356 1136 1409 τοῖς
1181 1345 1540 1420 ἀδικουμένοις
1567 1344 1829 1416 ἐπιϐλέψει
1853 1383 1866 1396 .

2036 1346 2140 1402 itia
2181 1361 2358 1410 caeca,
2393 1359 2504 1399 nec
2549 1340 2754 1398 oculos
2782 1339 3025 1401 habeat,
3073 1333 3286 1406 quibus
3316 1331 3535 1402 injuria
3561 1329 3644 1385 af-

259 1435 394 1489 ἀλλὰ
408 1443 496 1489 νῦν
524 1435 618 1490 διὰ
637 1446 730 1501 τῆς
763 1445 862 1500 σῆς
888 1438 1080 1511 ἀρχῆς,
1131 1437 1197 1498 εἰς
1235 1441 1290 1490 τὸ
1316 1439 1439 1512 ὁρᾷν
1494 1436 1867 1499 ἐπανελθοῦσα,

2039 1441 2164 1490 ctos
2193 1435 2510 1490 intueatur.
2545 1435 2614 1486 At
2663 1445 2823 1484 nunc
2863 1443 2968 1498 per
3013 1429 3063 1480 te
3094 1423 3451 1493 magistratu
3495 1435 3645 1492 pras-

259 1522 487 1589 δειξάτω
530 1531 617 1579 τὸν
663 1526 910 1591 Πλοῦτον,
969 1531 1041 1599 μὴ
1094 1526 1281 1599 τυφλὸν
1320 1509 1495 1598 μόνον,
1571 1523 1701 1576 ἀλλὰ
1776 1528 1864 1576 καὶ

2035 1526 2197 1592 itum,
2247 1539 2386 1578 cum
2417 1521 2684 1577 restituta
2713 1519 2784 1574 sit
2822 1516 3009 1572 oculis
3050 1515 3197 1578 suis,
3228 1510 3501 1567 ostendat
3542 1509 3643 1565 illa

260 1616 483 1687 ἄφωνον
539 1617 796 1688 ὑπερηχεί
834 1612 1014 1687 τῷδειι
1067 1635 1134 1669 τα
1172 1612 1375 1684 δίκαια,
1400 1614 1494 1667 κᾶν
1523 1618 1741 1674 πένητος
1766 1617 1866 1682 εἴη,

2033 1614 2216 1669 lutum
2249 1628 2369 1668 non
2401 1609 2585 1667 modo
2614 1624 2861 1671 caecum,
2898 1605 3003 1660 sed
3035 1610 3090 1659 et
3135 1608 3369 1658 mutum
3404 1616 3417 1654 :
3462 1599 3641 1654 etiam

259 1712 388 1768 τῶν,
437 1713 626 1776 χρυσῷ
669 1709 860 1767 παντὸς
915 1701 1126 1758 δικαίου
1176 1709 1346 1778 φωνὴν
1420 1703 1724 1756 ἐθισθέντων
1775 1701 1867 1755 ἀπ-

2035 1703 2273 1774 ιδῇοτθω
2319 1716 2534 1756 sonum
2582 1698 2791 1753 reddat
2822 1693 3052 1752 Justitia
3102 1693 3161 1746 in
3187 1705 3370 1746 causa
3420 1703 3643 1760 paupe-

261 1792 489 1846 ελαύνειν
537 1801 628 1846 τοῦ
685 1801 873 1868 σεμνοῦ
923 1797 1119 1858 ταύτης
1149 1807 1176 1836 ο
1232 1799 1322 1847 καὶ
1389 1791 1728 1868 περιϐλέπτου
1771 1790 1869 1865 βή-

2035 1809 2082 1857 s.
2135 1807 2324 1863 quam
2354 1790 2412 1844 in
2459 1789 2698 1846 illorum
2723 1784 2828 1858 qui
2862 1786 3102 1856 propter
3151 1795 3363 1834 aurum
3417 1775 3641 1832 assole-

261 1901 454 1953 ματος·
744 1865 754 1868 ⁷
1453 1865 1461 1868 Ἴ
1978 1881 2125 1936 bant
2154 1878 2520 1936 omnimodae
2568 1875 2808 1948 justitiae
2853 1888 3069 1928 sonum
3096 1869 3375 1939 ablegare
3406 1865 3485 1923 ab
3523 1865 3640 1920 hoc

1979 1968 2324 2026 venerando
2351 1973 2406 2024 et
2436 1965 2812 2037 suspiciendo
2845 1959 3146 2018 tribunali.

873 2065 1086 2116 ΕΠΙΣΤ.
1130 2059 1261 2116 MZ'.

2582 2053 2795 2110 EPIST.
2829 2049 3049 2105 XLVII.

807 2155 1056 2224 Ταρασίῳ
1084 2147 1307 2224 ἀδελφῷ.

2591 2142 2829 2199 Tarasz’o
2840 2137 3053 2211 fratri.

1533 2278 1826 2329 Montacut.
1863 2275 1966 2340 (ep.
2004 2275 2113 2331 153,
2141 2288 2194 2339 p.
2225 2273 2358 2334 208).

331 2395 397 2444 Ti
427 2388 511 2444 δεῖ
561 2390 708 2444 πλέον
746 2393 980 2465 γράφειν,
1051 2393 1176 2464 ὑπὲρ
1232 2392 1293 2446 οὗ
1349 2396 1570 2470 γράφω;
1621 2393 1681 2446 ἃν
1737 2389 1864 2466 ἴδῃς

2049 2390 2201 2458 Quid
2231 2404 2380 2461 opus
2411 2390 2498 2443 est
2542 2389 2604 2441 ut
2635 2383 2817 2439 verba
2855 2381 3075 2438 addam
3126 2375 3393 2439 ulterius,
3444 2373 3529 2428 rei
3556 2371 3630 2427 de

257 2483 346 2532 τὸν
372 2477 564 2553 ἄνδρα,
593 2486 682 2534 καὶ
710 2485 804 2540 τὴν
863 2481 912 2534 ἐν
962 2486 1099 2554 αὐτῷ
1125 2481 1331 2557 ἀρετὴν,
1366 2485 1458 2536 οὐχ
1502 2481 1625 2537 οἶδα
1655 2489 1865 2558 πότερόν

2027 2497 2100 2537 ua
2126 2479 2320 2536 scribo
2348 2477 2376 2534 ?
2403 2476 2450 2532 si
2483 2474 2789 2530 hominem
2823 2469 3039 2535 vidisti,
3057 2475 3112 2523 et
3140 2467 3418 2521 virtutem
3438 2461 3635 2517 homi-

263 2588 350 2622 σοι
382 2566 520 2633 δόξω
547 2569 719 2642 ἐκείνῳ
771 2573 1104 2645 χαριεῖσθαι,
1149 2573 1227 2625 ὅτι
1273 2582 1336 2646 τῇ
1393 2583 1457 2647 σῇ
1512 2581 1694 2627 τοῦτον
1751 2593 1870 2626 συν.

2025 2572 2071 2626 is
2105 2568 2428 2633 attendisti,
2458 2565 2658 2621 nescio
2709 2577 2786 2618 an
2827 2559 2931 2616 tibi
2963 2559 3122 2613 visus
3152 2553 3365 2611 fuerim
3411 2553 3471 2608 in
3504 2551 3633 2622 ejus

261 2667 486 2731 ιστῶμεν
510 2656 775 2723 δεξιότητι
801 2682 812 2694 ·
847 2661 877 2719 ἦ
914 2670 1090 2732 σαυτῷ
1112 2661 1323 2734 μᾶλλον,
1357 2665 1438 2716 ὅτι
1470 2683 1527 2716 σι
1560 2663 1868 2722 τηλικούτου

2029 2659 2234 2716 ratiam
2253 2655 2729 2728 scripsisse,cum
2749 2656 2848 2706 tuo
2868 2653 3028 2704 recto
3054 2643 3282 2717 judicio
3299 2657 3438 2697 eum
3468 2655 3637 2695 com-

259 2744 456 2822 ἀνδρὸς
485 2754 573 2801 καὶ
629 2751 889 2810 τοσαύτης
933 2748 1079 2813 ἀξίου
1135 2751 1546 2826 φιλανθρωπίας,
1605 2753 1867 2827 εὐεργέτην

2027 2747 2390 2806 tendaverim
2417 2761 2431 2812 ;
2463 2748 2522 2800 et
2555 2758 2670 2798 non
2702 2739 2900 2813 potius
2926 2736 3032 2793 tibi
3060 2733 3426 2805 gratiﬁcatus
3455 2729 3635 2784 fuisse

260 2836 487 2909 ὀφθῆναι
512 2839 998 2911 παρισκευοίσαμεν.
1141 2818 1152 2824 ⁷
1321 2818 1331 2826 Ι
1533 2818 1542 2823 ⁷
1684 2818 1694 2827 ’
1725 2818 1736 2825 ⁷

2027 2839 2162 2903 uod,
2188 2843 2248 2892 ut
2277 2837 2404 2906 ejus
2429 2830 2862 2889 benefactorem
2892 2831 2949 2882 te
2976 2828 3240 2898 praestes,
3273 2818 3633 2884 induxerim,

1981 2909 2086 3001 ciui
2117 2926 2246 2983 talis
2275 2930 2596 2996 tantusque
2616 2925 2719 2984 est,
2753 2925 2805 2974 et
2830 2924 2930 2974 tua
2961 2919 3124 2972 tanta
3165 2911 3386 2982 dignus
3421 2909 3636 2964 huma-

1325 3023 1329 3026 ’
1983 3017 2189 3073 nitate.

883 3111 1096 3165 ΕΠΙΣΤ.
1128 3107 1268 3162 ΜΗ’.

2569 3097 2782 3154 EPIST.
2827 3093 3036 3162 XLVII,

773 3195 1022 3268 Βασιλείῳ
1060 3201 1371 3272 κυαίστωρι.
1912 3197 1952 3250 C

1912 3197 1952 3250 C
2539 3186 2766 3245 Basilio
2786 3183 3090 3257 quastori.

1525 3312 1817 3362 Montacut.
1854 3312 1958 3376 (ep.
1997 3311 2105 3368 154,
2141 3323 2194 3374 p.
2231 3309 2361 3370 209).

338 3406 478 3463 Οἶδά
503 3428 625 3462 ποτε
675 3411 730 3461 τὸ
790 3405 1015 3475 δίκαιον,
1083 3415 1290 3463 καὶτὸν
1335 3414 1563 3485 χρυσὸν,
1605 3411 1653 3463 ἓν
1701 3419 1762 3485 τῇ
1795 3419 1860 3484 σῇ

2047 3407 2312 3476 Intelligo
2334 3403 2624 3478 justitiam
2655 3405 2714 3458 et
2730 3415 2945 3458 aurum
2975 3395 3134 3468 apud
3162 3393 3433 3451 animum
3460 3392 3631 3445 tuum

262 3496 838 3570 διαμγισϐητὴσαντας
865 3499 1043 3571 ψυχῇ·
1093 3498 1198 3551 ἀλλ’
1248 3500 1342 3552 οὐκ
1390 3497 1531 3565 οἶδα,
1567 3505 1662 3553 εἴτε
1686 3521 1866 3553 καται-

2027 3477 2367 3561 intendere;
2386 3493 2490 3549 sed
2507 3493 2717 3560 ignoro
2732 3504 2876 3544 num
2894 3503 2987 3543 me
3003 3486 3062 3541 in
3081 3490 3312 3540 tantum
3325 3477 3635 3535 reveritum

263 3586 556 3660 δεσάμενος
601 3589 740 3658 ἡμᾶς
786 3589 811 3640 ὁ
857 3591 1086 3661 χρυσὸς,
1141 3591 1238 3640 εἴτε
1295 3597 1388 3640 σοῦ
1433 3594 1524 3648 τὴν
1571 3588 1766 3664 ἀρχὴν,
1819 3590 1866 3641 ἐν

2027 3604 2216 3653 urum,
2262 3589 2366 3640 aut
2411 3581 2725 3652 imperium
2759 3577 2960 3650 potius
2992 3580 3181 3637 tuum,
3223 3571 3328 3643 qui
3361 3567 3437 3624 ab
3469 3566 3635 3622 initio

263 3677 484 3752 ἀρχαῖς,
538 3685 607 3748 τῷ
680 3673 1421 3750 ἁδωροδοκήτῳρτιμώντος.
1495 3660 1720 3740 Πολλοὺς
1765 3683 1866 3751 γὰρ

2028 3673 2481 3745 tagistratustui,
2501 3671 2701 3726 locum
2727 3674 2892 3723 tuum
2920 3660 3308 3720 honoraveris
3339 3674 3443 3731 per
3472 3663 3636 3712 tuam

261 3768 369 3840 ὁρῶ
402 3769 593 3824 ταύτην
631 3770 722 3824 τὴν
775 3763 1018 3838 μέθοδον,
1077 3767 1339 3839 θηράματι
1367 3763 1566 3840 κερδῶν
1595 3769 1866 3839 μειζόνων,

2053 3763 2402 3820 muneribus
2431 3757 2793 3830 accipiendis
2815 3754 3207 3811 aversionem.
3233 3748 3440 3806 Multos
3475 3745 3637 3801 enim

261 3860 672 3931 μετερχομένους
722 3876 735 3889 ·
783 3856 923 3923 ὅμως
975 3857 1000 3907 ὁ
1044 3859 1246 3927 χρυσὸς
1298 3855 1546 3921 ἀπῆλθεν,
1627 3859 1764 3928 ἔχων
1812 3859 1868 3908 τό

2031 3853 2118 3908 ovi
2177 3853 2333 3906 hanc
2406 3851 2565 3904 viam
2627 3845 2928 3911 institisse,
2986 3843 3133 3897 dum
3198 3840 3364 3894 lucra
3405 3837 3639 3906 majora

260 3946 491 3998 ἔλαττον·
543 3950 634 3998 καὶ
687 3947 743 3996 τὸ
776 3940 981 3998 δίκαιον
1033 3944 1272 4020 λαμπρὰν
1314 3941 1608 4003 ἀνεδήσατο
1652 3949 1745 4004 τὴν
1798 3949 1868 3996 νί-

2030 3945 2312 4004 enantur;
2347 3949 2555 3994 verum
2586 3933 2732 3990 abiit
2761 3932 2899 3987 hinc
2932 3945 3145 3984 aurum
3178 3942 3316 3981 cum
3351 3923 3638 3995 praejudi-

261 4055 382 4092 κην.
411 4035 520 4088 Νῦν
549 4031 606 4086 δὲ
634 4035 804 4086 πάντα
836 4036 894 4086 σε
945 4054 1073 4107 φασι
1118 4043 1309 4107 χρυσῷ
1336 4036 1572 4107 πράττειν
1601 4055 1612 4068 ·
1656 4039 1745 4088 καὶ
1788 4035 1869 4088 οὒ-

2037 4046 2092 4094 o,
2125 4032 2184 4084 et
2219 4025 2383 4100 quod
2407 4025 2636 4096 justum
2669 4026 2755 4077 est
2794 4017 3173 4090 splendidam
3205 4012 3526 4084 reportavit
3561 4009 3638 4064 vi-

261 4125 532 4194 πείθομαι.
581 4129 785 4196 Χρυσὸς
826 4143 930 4188 σοι,
983 4129 1160 4196 φασὶν,
1193 4125 1248 4176 αἱ
1292 4131 1488 4195 χεῖρες,
1539 4126 1568 4182 ἡ
1632 4124 1869 4196 γλῶσσα,

2030 4119 2246 4176 :oriam.
2298 4122 2367 4171 At
2396 4130 2554 4170 nunc
2585 4112 2666 4168 ob
2723 4107 3038 4183 pecuniam
3090 4111 3138 4160 te
3187 4102 3393 4158 omnia
3441 4100 3638 4154 facere

262 4217 324 4268 τὸ
381 4210 607 4266 δίκαιον.
658 4213 797 4268 Ἀλλ’
847 4215 1021 4288 ὥσπερ
1087 4213 1146 4266 οὐ
1204 4216 1470 4286 πείθομαι,
1517 4214 1684 4276 οὕτως
1745 4211 1870 4269 εἶναι

2027 4209 2152 4264 iunt
2178 4226 2191 4263 :
2228 4209 2346 4276 Ego
2376 4203 2486 4259 illis
2507 4202 2666 4258 haud
2693 4197 2969 4257 credulus
3003 4211 3160 4252 sum.
3191 4191 3387 4257 Aiunt,
3419 4203 3635 4245 aurum

263 4308 359 4356 καὶ
389 4299 562 4374 ψευδῆ
592 4307 686 4360 τὴν
718 4307 896 4374 φήμην
923 4306 1169 4375 εὔχομαι.
1204 4303 1363 4366 Δείξει
1395 4299 1444 4355 δ’
1478 4305 1502 4354 ὁ
1526 4308 1618 4361 τὴν
1668 4306 1871 4358 ἐπιστο-

2029 4298 2085 4353 bi
2113 4302 2251 4352 sunt
2280 4275 2522 4355 manus,
2556 4297 2637 4347 est
2663 4290 2866 4358 lingua
2896 4293 2950 4342 et
2977 4283 3208 4356 justitia
3254 4296 3491 4336 aurum.
3523 4275 3637 4334 Sed

259 4392 361 4452 λὴν
387 4393 613 4463 κομίζων
642 4395 816 4457 πένης,
864 4392 894 4451 ἣ
945 4389 1117 4463 ψευδῆ
1169 4395 1387 4458 ταύτην,
1446 4395 1476 4452 ἦ
1537 4394 1657 4464 ὅπερ
1709 4393 1867 4452 ἀπηυ-

2027 4394 2048 4441 t
2094 4386 2221 4458 ipse
2252 4399 2373 4440 non
2409 4381 2608 4445 credo,
2650 4380 2732 4435 ita
2771 4377 2984 4433 falsam
3041 4389 3168 4430 esse
3219 4371 3446 4427 famam
3488 4383 3633 4423 exo-

264 4483 459 4554 ξάμην,
491 4483 862 4555 ὑπάρχουσαν.
1628 4461 1637 4464 “

2027 4477 2198 4532 tarim
2229 4488 2491 4547 quoque.
2523 4473 2577 4526 Is
2625 4470 2727 4544 qui
2758 4467 2967 4524 reddet
2995 4461 3334 4536 epistolam,
3382 4473 3634 4531 pauper,

1909 4612 1952 4666 Β
1985 4547 2238 4632 docebit,
2257 4563 2481 4620 falsane
2502 4560 2691 4623 fuerit,
2723 4554 3002 4628 an,quod
3031 4552 3272 4615 nollem,
3292 4565 3427 4604 vera
3446 4547 3630 4602 fama.

877 4663 1087 4711 eum.
1131 4657 1270 4712 Μεθ’.
1909 4645 1952 4666 υ

1909 4645 1952 4666 ⁸³
2582 4649 2792 4705 EPIST.
2835 4645 3021 4702 XLIX.

774 4743 1026 4811 Ἀλεξάνδ
1027 4767 1101 4821 ρῳ
1131 4750 1345 4819 κόμητι.

2508 4737 2852 4796 Alexandro
2891 4730 3107 4788 comiti.

1530 4869 1820 4920 Montacut.
1858 4870 1963 4933 (ep.
1999 4869 2110 4926 158,
2146 4883 2195 4932 p.
2231 4867 2363 4930 213).

343 4991 405 5044 Ei
428 4994 522 5050 τὴν
569 4985 916 5064 Ἀλεξάνδρου
983 4996 1072 5042 τοῦ
1127 4987 1388 5062 βασιλέως
1431 4993 1642 5061 γνώμην
1696 4990 1868 5060 ἔστερ-

2050 4985 2106 5043 Si
2130 4985 2284 5055 regis
2306 4980 2621 5040 Alexandri
2643 4977 3001 5064 sententiam
3023 4972 3459 5046 amplexarere,
3477 4969 3641 5027 haud

261 5101 378 5156 γες,
426 5080 522 5132 οὐκ
573 5079 633 5131 ἃν
683 5079 750 5140 εἰς
801 5083 894 5138 τὴν
941 5085 1031 5131 τοῦ
1094 5075 1438 5151 Ἀλεξάνδρου
1487 5084 1578 5130 τοῦ
1626 5077 1869 5150 χαλκέως

2033 5075 2282 5131 :cideres
2313 5073 2373 5128 in
2423 5067 2848 5126 contumeliam
2902 5063 3130 5120 ferrarii
3162 5061 3501 5117 Alexandri.
3541 5059 3641 5116 llle

261 5170 418 5243 ὕϐριν
470 5169 754 5233 ἐξέπιπτες.
803 5167 861 5221 Ὀ
907 5171 998 5240 μὲν
1048 5171 1170 5242 γὰρ,
1231 5163 1354 5220 οὐδε
1423 5170 1559 5219 κατὰ
1615 5175 1712 5219 τῶν
1767 5167 1869 5218 ὑπ-

2031 5180 2103 5220 on
2147 5161 2388 5220 admisit
2420 5159 2793 5232 promiscuas
2826 5155 3074 5229 quasvis
3117 5152 3531 5209 accusationes
3565 5165 3639 5206 ne

263 5265 460 5330 ηκόων,
492 5262 555 5322 ὡς
585 5261 761 5332 ἔτυχε,
820 5259 909 5319 τὰς
966 5255 1214 5320 διαϐολὰς
1243 5253 1598 5333 προσεδέχετο
1623 5277 1636 5290 α
1660 5257 1870 5328 θάτερον

2033 5258 2189 5309 )ntra
2217 5251 2489 5307 subditos
2518 5265 2531 5314 ;
2571 5247 2677 5304 sed
2703 5247 2850 5304 dum
2881 5249 3200 5303 accusator
3229 5243 3467 5311 diceret,
3503 5239 3641 5297 alte-

1621 5431 1852 5488 VARIE
1910 5431 2200 5488 LECTION
2208 5429 2310 5485 ES.

339 5631 384 5664 In
411 5617 604 5693 τυφλός
677 5628 708 5660 ιι
732 5618 1066 5695 ὑπερηχιίτω
1092 5610 1172 5671 δί.
1247 5618 1276 5650 ο
1304 5611 1514 5666 τούτου.
1589 5625 1620 5670 p
1639 5603 2073 5685 ἀδωροδόκητον.
