4072 6232
505 329 608 387 959

1715 333 1952 389 PHOTII
1995 333 2474 390 ΡΑΤΗΙΑΗΟΗΑΞ
2534 333 2644 392 CP.

3741 341 3828 397 960

500 472 632 514 ram
670 456 999 514 auriculam
1029 458 1385 516 obturabat:
1422 459 1752 532 symbolice
1809 459 2151 526 ostendens,

2269 457 2326 514 δὲ
2348 470 2446 513 τῶν
2476 464 2638 525 ὤτων,
2694 459 2742 512 ἕν
2825 466 2896 532 τῷ
2959 463 3081 523 τοὺς
3131 465 3453 535 κατηγόρους
3507 461 3685 534 λέγειν,
3745 467 3829 518 ὰπ-

501 547 664 618 quod
711 546 812 618 qui
858 548 1317 619 accusabantur,
1371 553 1426 604 et
1472 548 1778 620 judicandi
1823 555 2012 616 erant,
2061 550 2157 605 tri-

499 635 688 692 bunal
717 636 1047 692 invenirent
1090 653 1302 709 purum
1346 653 1382 694 a
1412 639 1676 695 convicio
1726 639 2012 704 solitario,
2047 655 2155 694 nec

500 723 722 796 linguae
765 726 1189 781 detractionem
1241 727 1582 784 admittens.
1616 728 1730 784 Iste
1774 735 1974 784 autem
2016 744 2154 784 cum

503 829 626 868 non
655 819 849 882 egeret
878 814 1410 881 criminationibus,
1441 823 1542 873 aut
1577 833 1678 872 eas
1717 818 2052 889 desperaret
2091 834 2155 874 se

503 905 758 974 reperire
775 904 1056 974 potuisse,
1072 905 1356 976 seipsum,
1386 906 1517 962 loco
1539 906 1757 976 linguae
1778 913 1835 962 et
1861 923 2154 962 manuum

505 993 772 1048 exhibuit
804 999 1010 1048 contra
1040 1010 1165 1060 eos,
1208 1013 1243 1051 a
1280 996 1498 1067 quibus
1531 998 1808 1052 maximis
1852 996 2157 1052 beneﬁciis

503 1081 751 1137 affectus
780 1083 990 1138 fuerat.
1024 1084 1194 1148 Quod
1237 1084 1346 1139 nisi
1379 1101 1473 1140 me
1518 1087 1883 1157 praeveniens
1917 1086 2156 1141 divinus

500 1169 741 1239 Paulus,
775 1179 1092 1228 venturum
1124 1175 1184 1228 in
1217 1179 1269 1229 te
1318 1176 1681 1246 supplicium
1713 1191 1819 1248 per
1858 1191 2020 1243 eum,
2052 1176 2155 1247 qui

501 1262 764 1316 moribus
795 1264 898 1318 tibi
930 1264 1140 1320 similis
1192 1271 1316 1321 erat
1346 1266 1674 1322 clarissime
1708 1266 2152 1338 praesignasset,

498 1350 745 1406 omnino
775 1353 932 1408 idem
983 1359 1038 1410 et
1088 1354 1189 1410 tibi
1235 1354 1448 1411 iisdem
1502 1355 1648 1427 ipsis
1705 1357 1894 1412 verbis
1926 1356 2156 1411 denun-

503 1439 767 1498 tiassem.

1151 1535 1364 1590 EPIST.
1413 1536 1469 1590 L.

941 1623 1182 1680 Tarasio
1210 1625 1460 1693 patricio
1496 1623 1700 1693 fratri.

2265 555 2480 623 έφραττε
2509 567 2520 580 ⁸
2557 547 2761 612 δεικνὺς
2816 549 2864 602 ἓν
2909 559 2980 622 τῷ
3046 551 3310 623 συμϐόλῳ,
3351 555 3414 612 ὡς
3436 555 3660 625 καθαρόν
3705 575 3833 625 μονο-

2264 647 2453 712 μεροῡς
2503 636 2792 713 λοιδορίας,
2863 643 2953 692 καὶ
3008 637 3238 712 διαϐόλῳ
3288 639 3504 713 γλώσσῃ
3541 641 3832 708 ἀνεπίϐατον,

2265 731 2554 801 εὑρήσουσι
2606 731 2654 781 οἱ
2705 731 3168 802 κατηγορηθέντες,
3205 733 3261 782 τό
3313 735 3600 804 κριτήριον.
3662 731 3715 784 Ὀ
3767 730 3831 798 δί,

2265 815 2404 892 μηδὲ
2435 815 2688 871 διαϐολῶν
2745 815 2970 886 δεηθεὶς,
3029 819 3058 877 ἢ
3109 815 3250 890 μηδὲ
3301 821 3459 891 εὑρεῖν
3517 819 3737 886 ἐλπίσας,
3777 820 3834 874 οἷο

2264 928 2379 980 μαι,
2437 908 2613 972 αὐτὸς,
2660 911 2793 960 κατά
2849 917 2948 959 τῶν
2997 910 3064 960 τὰ
3119 912 3348 980 μέγιστα
3399 909 3832 980 εὖεργετησάντων,

2264 1003 2353 1049 καὶ
2402 997 2638 1068 γλῶσσαι
2693 1003 2780 1049 καὶ
2832 1005 3028 1069 χεῖρες,
3088 997 3306 1068 ἐγένετο.
3362 997 3493 1052 Ἀλλ’
3543 998 3584 1050 εἰ
3634 1004 3698 1070 μὴ
3730 1019 3835 1072 προ·

2263 1086 2429 1140 λαϐὼν
2490 1089 2626 1158 ἡμᾶς
2675 1088 2699 1138 ὁ
2752 1089 3028 1149 θεσπέσιος
3089 1087 3314 1157 Παῦλος,
3343 1091 3435 1145 τὴν
3465 1088 3739 1155 μέλλουσάν
3767 1108 3836 1140 σοι

2263 1182 2536 1251 τιμωρίαν,
2590 1173 2685 1228 διὰ
2737 1185 2827 1228 τοῦ
2873 1179 3188 1250 ὀμοτρόπου,
3251 1185 3443 1249 τρανῶς
3519 1183 3833 1249 προεμήνυσε,

2264 1270 2463 1327 πάντως
2492 1265 2551 1317 ἂν
2589 1269 2737 1338 ἡμεῖς
2789 1285 2872 1318 σοι
2927 1270 3140 1332 ταύτην,
3185 1263 3280 1318 διὰ
3334 1275 3432 1319 τῶν
3486 1267 3647 1319 αὐτῶν
3690 1268 3833 1341 ῥημά-

2969 1363 2992 1370 ,ν

2265 1377 2388 1422 των,
2423 1352 2903 1430 διεμαρτυράμεθα.

2899 1538 3110 1586 ΕΠΙΣΤ.
3144 1532 3228 1589 Ν’.
3317 1596 3330 1601 _

2647 1623 2916 1694 ,Ταρασίῳ
2935 1624 3194 1692 πατρικίῳ
3228 1613 3451 1692 ἀδελφῷ.

1759 1749 2051 1798 Montacut.
2084 1749 2188 1812 (ep.
2226 1746 2334 1801 160,
2371 1758 2423 1807 p.
2459 1744 2589 1805 214).

581 1858 641 1914 Si
685 1859 850 1915 illum
894 1866 1165 1933 expertus
1213 1879 1624 1934 cognosceres,
1660 1879 1766 1936 pro
1795 1880 1917 1937 quo
1961 1865 2158 1919 scribo

510 1963 632 2004 non
675 1966 769 2004 me
802 1951 1249 2007 intercessorem
1300 1968 1408 2023 pro
1447 1953 1546 2008 illo
1592 1953 1864 2018 haberes,
1910 1953 2013 2008 sed
2060 1953 2158 2009 illo

510 2043 736 2094 uterere
757 2056 865 2111 pro
891 2040 1088 2096 multis
1107 2042 1236 2096 aliis
1265 2043 1553 2098 advocato
1578 2056 1588 2094 :
1609 2041 1762 2098 adeo
1781 2042 2021 2098 confido
2045 2049 2157 2098 tuae

504 2125 767 2184 facilitati
824 2135 878 2184 et
945 2129 1169 2199 bonati,
1235 2131 1314 2186 ita
1357 2131 1487 2204 ejus
1543 2131 1737 2188 virtuti
1793 2135 1850 2188 et
1901 2131 2152 2188 dexteri-

509 2217 632 2273 tati.

1146 2309 1357 2366 EPIST.
1394 2309 1472 2365 L1.

949 2397 1325 2455 Pantoleonti
1353 2398 1710 2471 aspathario.

1750 2523 2045 2575 Montacut.
2083 2526 2186 2588 (ep.

582 2637 939 2709 Egyptiaca
969 2638 1182 2694 mulier
1211 2639 1339 2705 fuit,
1371 2656 1502 2712 quae
1522 2640 1599 2696 ab
1630 2639 2033 2696 eﬁlorescente
2063 2641 2164 2694 Jo-

511 2726 678 2797 sephi
696 2727 1130 2798 pulchritudine
1147 2729 1388 2785 ﬂamma
1403 2735 1694 2801 concepta
1708 2729 2158 2794 incendebatur,

508 2815 624 2872 Sed
655 2821 779 2871 erat
809 2815 904 2872 ille
945 2816 1081 2872 licet
1127 2833 1295 2888 puer,
1329 2818 1610 2886 Israelita,
1654 2820 1758 2891 qui
1787 2818 2161 2874 lasciviendis

508 2905 733 2961 amoris
771 2921 983 2961 omnes
1010 2906 1208 2962 aditus
1248 2913 1304 2963 et
1342 2923 1618 2962 accessus
1649 2907 2010 2963 declinabat.
2043 2907 2161 2962 Nec

507 2995 871 3066 cupidinem,
912 2995 1128 3064 jaculis
1182 2996 1304 3050 suis
1353 3001 1604 3060 tantum,
1638 2996 1848 3052 faculis
1897 3002 1950 3052 et
1999 2999 2156 3064 igne,

511 3100 582 3141 ac
615 3083 746 3140 aliis
777 3084 996 3156 quibus
1034 3084 1201 3140 illum
1229 3084 1445 3140 fabulae
1485 3090 1798 3152 exornant,
1833 3084 2156 3156 spoliavit:

510 3174 614 3230 sed
649 3172 1023 3230 manifestius
1047 3174 1370 3230 declaravit
1401 3173 1626 3230 nullam
1658 3175 1908 3230 omnino
1941 3174 2040 3230 illa
2070 3191 2160 3230 ex-

508 3262 836 3319 sistentiam
882 3263 1189 3334 possidere
1228 3280 1240 3319 :
1287 3264 1334 3318 si
1365 3279 1486 3319 non
1529 3264 1607 3320 ab
1638 3262 1950 3319 affectibus
1985 3263 2160 3319 malis

507 3351 751 3408 inescati
794 3353 1064 3407 homines
1091 3352 1591 3424 amplecterentur
1635 3359 1689 3408 et
1723 3353 2006 3408 foverent.
2061 3356 2162 3407 Ve-

506 3457 640 3497 reor
679 3446 878 3496 autem
930 3456 1003 3496 ne
1035 3446 1107 3509 te,
1140 3441 1242 3512 qui
1270 3458 1332 3496 es
1374 3441 1639 3496 Israelita
1669 3441 2000 3496 secundum
2033 3457 2163 3511 gra-

508 3531 674 3594 tiam,
694 3529 836 3583 etad
858 3529 989 3584 vitae
1023 3536 1134 3583 tuae
1160 3530 1474 3584 terminum
1507 3537 1876 3600 provectum,
1902 3531 2162 3586 barbara

509 3617 826 3687 cupiditas,
854 3622 908 3671 et
928 3633 1047 3671 non
1081 3617 1179 3671 illa
1201 3619 1442 3681 amoris,
1475 3619 1759 3672 acerbum
1789 3635 1926 3674 vero
1957 3626 2013 3674 et
2047 3625 2161 3674 tur-

509 3705 823 3761 bulentum
855 3709 1185 3760 amatorem
1209 3706 1546 3776 possidens,
1575 3707 1914 3763 clanculum
1939 3716 1992 3763 et
2017 3725 2158 3780 pau-

507 3793 673 3850 latim
720 3793 777 3848 in
811 3799 1138 3850 extremam
1187 3801 1434 3866 proruat
1473 3797 1817 3868 perniciem,
1859 3804 1914 3853 et
1944 3797 2160 3854 exinde

506 3898 583 3940 ne
614 3888 823 3939 contra
850 3899 1036 3955 quam
1079 3884 1343 3956 Josephi,
1392 3887 1522 3941 vitai
1554 3891 1665 3942 tua:
1697 3887 1888 3943 exitus
1927 3903 2160 3943 enarre-

505 3977 619 4029 tur.
656 3973 843 4029 Senex
885 3978 1049 4028 amat
1081 3975 1448 4030 meretricem
1480 3975 1824 4042 barbaram,
1876 3976 1974 4032 illa
2000 3977 2160 4031 deci-

503 4061 666 4134 pitur
693 4066 794 4118 aut
821 4063 1124 4129 excutitur,
1189 4065 1290 4118 sed
1342 4064 1435 4120 ille
1463 4081 1728 4121 amorem
1767 4082 1943 4121 suum
1986 4066 2045 4120 in
2087 4081 2157 4121 eo

505 4150 828 4208 consistere
886 4151 1036 4220 fecit,
1085 4169 1278 4224 usque
1309 4153 1453 4209 dum
1510 4154 1608 4210 illa
1638 4154 1878 4210 effetum
1932 4159 2159 4210 amato-

2195 1865 2238 1919 B

2343 1861 2401 1914 Ei
2457 1866 2545 1912 τοῦ
2599 1855 2786 1933 ἀνδρὸς
2865 1866 3044 1932 πεῖραν
3097 1857 3292 1923 λάϐοις,
3371 1864 3490 1933 περὶ
3558 1859 3618 1912 οὗ
3666 1861 3838 1934 γράφω.

2269 1951 2440 2004 οὐκέτι
2496 1947 2814 2022 πρεσϐευτὴν
2867 1949 2994 2020 ὑπὲρ
3084 1947 3275 2000 ἐκείνου
3365 1948 3454 2021 ἐμὲ
3547 1949 3703 2012 ἔξεις·
3753 1942 3839 1999 ἀλλ’

2267 2040 2453 2093 έκεῖνον
2484 2041 2609 2112 ὑπὲρ
2679 2038 2840 2090 ἄλλων
2892 2037 3108 2092 πολλῶν.
3174 2039 3324 2090 Οὕτω
3373 2044 3464 2090 καὶ
3523 2047 3582 2112 τῇ
3619 2047 3682 2111 σῇ
3721 2038 3841 2111 εὐμε-

2271 2134 2398 2201 νείᾳ,
2431 2133 2521 2181 καὶ
2563 2133 2917 2202 χρηστότητι,
2970 2132 3058 2180 καὶ
3112 2135 3173 2200 τῇ
3226 2127 3418 2181 ἐκείνου
3476 2129 3628 2202 ἀρετῇ
3664 2124 3840 2180 καὶδε-

2267 2219 2490 2284 ξιότητι,
2522 2220 2778 2278 πεποιθώς
2826 2217 2950 2289 εἰμι.

2885 2311 3097 2360 ΕΠΙΣΤ.
3134 2306 3262 2361 ΝΑ’.

2700 2395 3037 2449 Παντολέοντι
3079 2394 3414 2469 ἁσπαθαρίῳ.

2223 2523 2331 2579 168,
2370 2537 2422 2586 ρ.
2459 2523 2590 2584 243).

2346 2638 2634 2708 Αἰγύπτιον
2681 2633 2742 2694 ἧν
2790 2639 2849 2689 τὸ
2901 2634 3299 2708 ἀναφλεγόμενον
3353 2639 3568 2708 γύναιον
3652 2636 3715 2697 εἰς
3757 2640 3832 2693 τὴν

2275 2727 2531 2780 ἀνθοῦσαν
2597 2729 2733 2796 ὥραν
2786 2734 2874 2777 τοῦ
2947 2728 3166 2798 Ἰωσήφ,
3231 2726 3368 2780 Ἀλλ’
3421 2725 3744 2798 Ἰσραηλίτης
3789 2722 3836 2782 ἦν

2271 2815 2472 2878 ἐκεῖνος,
2509 2815 2551 2868 εἰ
2579 2821 2668 2868 καὶ
2727 2824 2870 2884 παῖς,
2918 2817 2942 2867 ό
3000 2818 3174 2875 πάσας
3213 2823 3304 2868 τοῦ
3356 2815 3646 2868 ἀκολάστου
3682 2818 3836 2889 ἔρωτος

2273 2905 2620 2977 στρεψάμενος
2668 2908 2756 2966 τὰς
2805 2903 3119 2977 προσϐολάς.
3167 2910 3265 2957 Καὶ
3308 2905 3367 2957 οὗ
3430 2910 3585 2977 μόνον
3633 2913 3722 2956 τῶν
3769 2901 3837 2974 βι-

2269 2993 2388 3059 λῶν,
2431 2995 2508 3056 οἷς
2566 2994 2722 3046 αὐτόν
2763 2993 3068 3054 ὁπλίζουσιν
3122 2996 3169 3045 οἱ
3208 2996 3388 3064 μῦθοι,
3431 2999 3720 3067 γυμνώσας,
3765 2997 3834 3042 καί

2269 3091 2369 3135 τῶν
2401 3091 2618 3155 πτερῶν,
2676 3087 2766 3134 καὶ
2804 3090 2894 3134 τοῦ
2947 3086 3127 3153 πυρός,
3179 3081 3306 3134 ἆλλὰ
3365 3079 3501 3154 μηδ’
3549 3081 3606 3132 ἆν
3642 3079 3834 3154 ὑπάρξαι

2198 3180 2238 3233 C
2271 3168 2535 3242 διελέγξας
2586 3170 2731 3236 ὅλως,
2788 3171 2831 3223 εἰ
2882 3175 2950 3242 μὴ
3007 3178 3249 3242 συνεῖχον

2272 3260 2487 3313 έθαλπον
2528 3262 2582 3312 αἰ
2613 3268 2711 3312 τῶν
2742 3267 2846 3320 τοῖς
2891 3261 3136 3332 αἰσχροῖς
3175 3257 3446 3332 ἡδομένων
3497 3263 3665 3335 ὁρμαί.
3698 3261 3748 3310 Σξ
3787 3253 3832 3308 δε

3349 3171 3510 3223 αὑτὸν
3582 3174 3666 3222 καὶ
3717 3187 3833 3240 περι-

2268 3354 2438 3401 καίτοι
2463 3357 2556 3411 τῆς
2607 3351 2831 3423 χάριτος
2879 3349 3210 3421 Ἰσραηλίτην
3259 3353 3400 3413 ὄντα,
3459 3355 3549 3401 καὶ
3587 3351 3707 3419 πρὸς
3734 3344 3832 3418 βίον

2271 3438 2567 3512 βαθύνοντα
2631 3442 2808 3511 πέρας,
2860 3433 3079 3489 δέδοικα
3121 3443 3189 3510 μὴ
3221 3439 3249 3496 ἠ
3285 3436 3558 3512 βάρϐαρος
3585 3435 3830 3499 πλεονεξία,

2268 3530 2362 3583 οὐκ
2389 3528 2577 3603 ἐρῶσα,
2628 3530 2815 3599 πικρόν
2861 3524 2920 3579 δε
2983 3531 3069 3578 καὶ
3126 3527 3352 3598 ὀχληρὸν
3402 3527 3626 3601 ἐραστὴν
3666 3543 3832 3581 κτησαο

2268 3623 2419 3692 μένη,
2450 3616 2582 3689 λάθῃ
2632 3619 2767 3668 κατὰ
2828 3619 3015 3690 μικρὸν
3064 3616 3131 3676 εἰς
3187 3619 3417 3686 ἔσχατον
3449 3616 3695 3674 ἀπωλείας
3739 3633 3833 3664 συν-

2269 3707 2572 3779 εφέλκουσα,
2655 3710 2744 3757 καὶ
2818 3703 3108 3776 καταλείψη
3194 3713 3284 3756 τοῦ
3345 3710 3609 3777 σώφρονος
3673 3703 3831 3770 Ἰωσὴφ

2269 3795 2606 3867 ἀντίστροφον
2637 3801 2710 3863 τῷ
2744 3792 2844 3866 βίῳ
2887 3790 3150 3865 διήγημα.
3209 3798 3373 3864 Γέρων
3405 3797 3543 3867 ἤρας
3594 3789 3827 3864 βαρϐάρου

2267 3881 2563 3959 μαχλάδος·
2598 3885 2626 3941 ἡ
2663 3879 2722 3935 δὲ
2769 3880 3084 3955 διεκρούετο·
3143 3881 3250 3933 ἀλλ’
3281 3881 3474 3945 έκεῖνος
3519 3887 3696 3954 μέχρις
3725 3880 3833 3931 ἐκει-

2267 3994 2354 4027 νου
2381 3977 2467 4026 τὸν
2498 3976 2662 4047 ἔρωτα
2691 3975 2881 4030 ἔστησε
2933 3976 3124 4044 μέχρις
3177 3971 3338 4030 ἐκείνη
3383 3976 3474 4024 τὸν
3519 3973 3691 4045 ἔξωρον
3739 3967 3832 4040 ἐραο

2271 4067 2400 4121 στήν
2455 4069 2548 4114 τοῦ
2615 4067 2770 4136 κόρου
2824 4066 2912 4114 καὶ
3003 4069 3092 4122 τῆς
3149 4059 3420 4132 ὀχλήσεως
3504 4060 3826 4133 μυσαχθεῖσα,

2273 4152 2426 4226 βάθει
2482 4158 2574 4204 τοῦ
2626 4150 2834 4223 ὀλέθρου
2882 4149 3133 4224 βαράθρῳ
3177 4149 3460 4225 κατέρῥαξε
3495 4151 3824 4206 συνωθησασα.

497 4256 649 4306 rem,
683 4241 950 4297 satietate
1000 4246 1055 4298 et
1107 4241 1555 4314 importunitate
1588 4243 1872 4307 aversior,
1903 4244 2201 4316 profundo
2245 4241 2592 4316 perditionis
2626 4240 2930 4304 barathro,
2966 4255 3084 4294 una
3134 4255 3273 4295 cum
3306 4240 3439 4308 ipso
3479 4236 3822 4312 praecipitata,

503 4329 700 4386 allisit.

1141 4421 1353 4476 EPIST.
1387 4423 1492 4477 ιιι.

985 4508 1378 4566 Constantino
1406 4510 1660 4568 notario.

2884 4423 3094 4472 ΕΠΙΣΤ.
3136 4417 3263 4472 NB’.

2731 4511 3102 4579 Κωνσταντίνῳ
3130 4526 3297 4581 νωταρ
3307 4511 3383 4580 ίῳ.

2185 4423 2230 4477 D

1752 4617 2043 4669 Montacut.
2081 4617 2182 4682 (ep.
2221 4617 2329 4672 172,
2363 4631 2416 4680 p.
2457 4616 2586 4668 244).

575 4716 806 4771 Momus
843 4718 1002 4770 certe
1046 4714 1210 4787 (nam
1255 4719 1317 4771 ut
1366 4714 1560 4780 video,
1615 4715 1782 4788 quod
1826 4715 2153 4772 dolendum

506 4807 613 4866 est,
649 4804 866 4860 frustra
913 4805 971 4859 in
1005 4805 1282 4876 prmsenti
1315 4805 1387 4860 de
1432 4804 1654 4860 Divinis
1696 4805 1960 4862 Oraculis
1990 4805 2156 4861 adhi-

502 4890 1204 4967 benturadmonitiones)
1222 4893 1525 4966 duplicem
1550 4895 2157 4967 eamquediscrepan-

507 4983 628 5033 tem
665 4983 902 5037 sortitur
929 4991 1226 5039 naturam.
1258 4984 1404 5039 Nam
1446 4984 1498 5038 si
1548 4984 1595 5038 is
1641 4985 1743 5057 qui
1791 4985 2155 5040 calumniam

505 5066 804 5137 impingit,
834 5087 968 5126 cum
989 5073 1230 5128 veritate
1255 5073 1386 5144 conj
1399 5079 1633 5129 unctam
1655 5073 1848 5138 infert,
1881 5074 2156 5130 adversa-

504 5153 664 5212 rium
698 5173 873 5212 suum
901 5162 1237 5217 convictum
1273 5178 1526 5218 maerore
1553 5162 1751 5219 afficit.
1794 5163 1889 5219 Sin
1916 5163 2160 5219 menda-

506 5243 652 5302 citer
678 5243 938 5302 vicinum
960 5249 1209 5321 impetit,
1239 5250 1317 5308 ab
1343 5251 1443 5308 illo
1474 5258 1826 5324 oppugnata
1859 5252 2162 5310 calumnia

505 5333 735 5400 resiliit,
768 5338 824 5389 et
853 5334 912 5390 in
956 5336 1053 5392 illo
1085 5341 1388 5408 consedet,
1431 5341 1532 5414 qui
1576 5342 1890 5415 imputavit
1924 5359 1937 5407 ;
1968 5342 2026 5398 in
2074 5342 2161 5416 ip-

510 5429 773 5482 summet
822 5441 890 5481 ea
919 5427 1124 5484 omnia
1180 5431 1465 5488 convertit
1516 5448 1650 5504 quae
1683 5434 1952 5506 nequiter
1993 5434 2050 5489 in
2091 5433 2159 5492 il-

506 5516 636 5574 lum
667 5519 1068 5581 contexuerat,
1096 5518 1198 5589 qui
1230 5520 1674 5592 reprehensioni
1702 5523 1881 5594 justas
1912 5539 2032 5580 non
2064 5524 2161 5580 de-

510 5605 600 5663 dit
629 5606 882 5664 aditum.
937 5606 1019 5660 Tu
1047 5605 1242 5678 igitur,
1270 5609 1373 5682 qui
1401 5608 1736 5668 calumnias
1765 5613 1846 5670 illi
1878 5615 2160 5685 incessas,

2335 4713 2395 4766 Ὀ
2440 4721 2629 4785 Μῶμος
2680 4715 2967 4786 (περιττὸν
3033 4714 3133 4784 γὰρ
3190 4719 3278 4764 νῦν
3335 4713 3436 4787 ὁρῶ
3484 4715 3574 4773 τὰς
3619 4707 3702 4762 διὰ
3750 4713 3828 4757 τῶν

2270 4808 2436 4857 Θείων
2485 4807 2707 4874 Λογίων,
2755 4804 2915 4873 οἶμοι,
2969 4805 3336 4875 παραινέσεις)
3391 4797 3580 4859 διπλῆν
3617 4818 3714 4858 πως
3739 4797 3828 4864 ἔχει

2268 4896 2356 4943 καὶ
2412 4890 2763 4950 ἀντικειμένην
2823 4895 2914 4948 τὴν
2959 4894 3135 4952 φύσιν.
3175 4889 3268 4943 Ἀν
3322 4893 3410 4960 μὲν
3459 4893 3560 4964 γὰρ
3625 4889 3648 4938 ό
3695 4888 3827 4956 φέρων

2270 4983 2445 5045 αὐτόν,
2487 4983 2727 5039 ἀληθεύοι
2776 4979 2892 5032 καθ’
2939 4981 2999 5032 οὗ
3052 4981 3280 5044 τίθησιν,
3339 4977 3538 5050 ἐλέγχει
3581 4982 3662 5028 καὶ
3706 4973 3827 5024 λυπεῖ

2269 5075 2355 5123 τὸν
2395 5072 2654 5123 ὑπαίτιον·
2685 5069 2744 5121 ἂν
2776 5066 2835 5122 δε
2878 5065 3190 5141 ψευδόμενος
3243 5068 3396 5120 αὐτὸν
3443 5070 3576 5120 κατὰ
3610 5071 3687 5117 τόν
3725 5060 3823 5114 πλη·

2273 5166 2384 5214 σίον
2451 5159 2768 5224 ἀποτίθοιτο,
2834 5157 3024 5210 έκείνου
3071 5159 3161 5229 μὲν
3218 5154 3488 5228 ἀποπηδᾷ,
3558 5153 3826 5208 ἐπικάθηται

2275 5255 2333 5312 δε
2360 5265 2430 5328 τῷ
2462 5262 2762 5330 κομίσαντι,
2831 5255 2908 5308 ἐπ’
2951 5256 3104 5308 αὐτόν
3145 5255 3350 5308 ἅπαντα
3397 5260 3636 5329 στρέφων,
3662 5253 3825 5313 ὅσαπερ

2275 5347 2435 5408 αὐτὸς
2489 5349 2623 5399 κατὰ
2651 5354 2740 5399 τοῦ
2788 5350 2858 5419 μὴ
2890 5341 3184 5407 δεδωκότος
3224 5353 3280 5417 τῇ
3312 5345 3454 5417 αἰτίᾳ
3499 5347 3585 5402 τὴν
3610 5332 3823 5412 πάροδον,

2277 5437 2678 5509 ἑπονηρεύσατο.
2737 5435 2872 5511 Ὀρα
2902 5431 2988 5488 οὖν
3036 5439 3222 5488 καὶσὺ
3254 5435 3323 5496 εἰς
3373 5430 3558 5509 ἀνδρὸς
3611 5427 3825 5502 ἐμϐαίνων

2277 5532 2506 5600 μώμους,
2542 5526 2594 5578 ὃν
2623 5529 2780 5586 όὶτῆς
2837 5525 3096 5588 εὐσεϐείας
3149 5524 3454 5596 ἀγωνισταὶ,
3509 5526 3706 5594 γνήσιον
3750 5518 3826 5600 τῆς

2290 5615 2475 5693 ἀρετῆς
2532 5619 2755 5691 ἐραστὴν
2799 5617 3011 5693 ὁρῶσιν,
3064 5619 3118 5670 τί
3143 5614 3336 5689 μέλλεις
3363 5616 3620 5691 πράττειν·
3651 5599 3825 5662 ἐπειδὰν
