4072 6232
286 222 391 279 961

1541 229 2049 289 EPISTOLARUM
2095 233 2307 292 LIBER
2349 237 2436 294 IlI.

3549 261 3653 318 96‘2

286 349 318 402 ὁ
367 349 482 402 κατ’
512 350 639 403 αὐτό
662 370 723 423 γε
769 361 922 406 τοῦτο
965 349 1296 415 δικαιότατος
1343 361 1558 425 Μῶμος,
1600 355 1695 408 οὐκ
1747 358 1863 428 ἔχωτ

1995 374 2198 432 quem,
2221 363 2324 434 qui
2355 379 2465 435 pro
2480 366 2696 438 pietate
2714 376 3020 431 certamen
3041 375 3266 451 ineunt,
3294 395 3648 451 germanum

287 441 429 500 ὅπως
476 439 858 513 ἑναπερείδοιτο
914 453 986 514 τῷ
1043 449 1208 517 μάτην
1249 445 1534 498 αἰτιαθέντι
1592 445 1672 517 (οὐ
1699 449 1802 518 γὰρ
1830 449 1886 499 αἱ

289 535 438 581 σκιαὶ
495 538 593 581 τῶν
641 542 966 608 κατηγοριῶν
1023 534 1130 585 ἀλλ’
1177 537 1231 586 αἱ
1293 535 1506 610 πράξεις
1564 531 1766 608 ἵδρυμα
1811 543 1884 606 τῷ

280 619 488 690 Μώμῳ)
541 620 611 682 εἰς
667 625 753 673 τὸν
795 620 992 685 ἀδίκως
1055 624 1443 696 αἰτιασάμενον,
1513 628 1641 697 μετὰ
1693 624 1885 686 πολλῆς

281 718 379 769 τῆς
432 712 788 772 πεποιθήσεως
835 718 923 765 καὶ
981 718 1168 784 ἰσχύος
1226 713 1636 788 ἐπαναστρέψας,
1696 714 1885 766 ἀθάνα-

281 816 368 848 τον
401 797 541 868 αὐτῷ
572 796 916 871 διαφυλάττοι
945 806 999 854 τὸ
1041 800 1248 856 δίκαιον
1280 802 1489 864 ὄνειδος.

1995 448 2226 506 virtutis
2255 467 2522 510 amorem
2553 468 2908 529 agnoscunt,
2953 465 3086 522 vide
3115 472 3168 523 et
3209 448 3519 531 considera
3545 479 3646 547 sis,

1994 537 2140 608 quid
2193 545 2466 599 attentas.
2559 544 2707 604 Cum
2764 551 2920 607 enim
2999 557 3227 612 Momus
3271 537 3648 631 Justissimus

1993 626 2054 680 in
2113 627 2230 684 hoc
2279 633 2516 701 arbiter,
2550 651 2669 691 non
2701 638 2992 698 invenerit
3027 645 3084 699 in
3131 662 3222 714 eo,
3272 626 3378 720 qui
3433 653 3651 715 frustra

1995 723 2311 774 accusatur
2345 721 2444 776 ubi
2475 725 2730 804 resideat
2766 729 2983 801 (neque
3010 735 3170 790 enim
3207 739 3648 804 calumniarum

1996 806 2247 873 umbras,
2281 811 2385 866 sed
2433 801 2666 870 realiter
2695 818 2932 875 actitata
2961 824 3136 879 Momi
3168 828 3341 882 sedes
3399 836 3556 908 sunt)
3590 837 3650 893 in

280 901 420 941 eum
448 887 550 958 qui
577 887 788 959 injuste
829 892 1133 948 hominem
1169 894 1468 949 accusavit
1501 908 1723 962 magna
1757 908 1894 946 cum
1924 895 2288 955 conﬁdentia
2330 906 2386 956 et
2425 903 2707 962 violentia
2755 909 3055 967 resultans
3094 913 3434 977 immortale
3465 925 3516 978 ei
3538 887 3650 982 Ide-

277 975 465 1030 decus
486 977 712 1047 justum
735 988 1064 1052 comparat,
1103 998 1210 1036 nec
1241 983 1477 1053 injuria.

895 1111 1107 1160 ΕΠΙΣΤ.
1137 1105 1258 1158 NI".

813 1211 1020 1287 Ἰωάννη
1072 1219 1349 1287 πατρικίῳ.

2629 1119 2848 1176 EPIST.
2897 1123 3009 1180 LIII

2556 1224 2768 1282 Joanm'
2791 1231 3071 1296 patricio.

1532 1319 1818 1372 Montacut.
1849 1323 1963 1388 (ep.
2009 1324 2117 1382 182,
2154 1339 2212 1388 p.
2259 1325 2396 1388 273).

341 1427 426 1492 Τῷ
455 1427 546 1494 μὲν
596 1423 743 1496 φίλῳ,
799 1427 926 1500 ὑπερ
974 1427 1035 1478 οὗ
1086 1427 1372 1502 πρεσϐεύω,
1414 1431 1478 1489 ὡς
1521 1435 1612 1480 καὶ
1659 1432 1884 1501 πρόσθεν

269 1511 444 1580 ἔγνως,
487 1518 604 1586 περὶ
652 1513 839 1586 ψυχήν
882 1518 1022 1568 ἐστιν
1063 1517 1088 1568 ό
1120 1516 1256 1589 ἀγών
1290 1538 1302 1551 ·
1339 1522 1404 1570 σὺ
1450 1515 1528 1585 δὲ,
1581 1522 1649 1578 ὡς
1696 1518 1883 1572 ἐκεῖνον

268 1599 397 1671 ὁρᾷν
453 1603 585 1668 ἔστι,
641 1605 736 1655 κᾶν
797 1604 951 1676 λέγει,
999 1606 1226 1659 Λεσϐίαν
1281 1608 1418 1678 αὐτῷ
1452 1605 1628 1670 δεξιὰν
1679 1613 1879 1684 προτείο

265 1706 394 1750 νεις.
442 1688 538 1744 Ἀν
567 1696 657 1762 μὲν
712 1689 800 1744 οὖν
852 1694 1008 1757 αὐτὸς
1061 1693 1311 1748 οὐδέποτε
1363 1699 1516 1750 πάθει
1574 1702 1881 1771 περιέπεσας

267 1781 510 1850 τοιούτῳ,
565 1786 703 1852 μέγα
746 1786 837 1854 μὲν
888 1785 1090 1854 λέγεις’
1124 1786 1314 1856 μᾶλλον
1372 1783 1451 1852 δὲ,
1504 1783 1644 1839 διότι
1688 1792 1760 1859 μὴ
1794 1791 1880 1840 πέ-

267 1870 484 1933 πονθας,
559 1877 844 1944 χρεώστην
918 1877 1134 1926 σεαυτόν
1191 1884 1280 1927 τοῦ
1335 1876 1602 1950 οἰκτείρειν
1653 1877 1879 1950 ἀποφαί-

265 1958 644 2033 νειςοφοϐερόν
694 1965 795 2035 γὰρ
852 1968 956 2023 πώς
1009 1963 1152 2015 ἐστιν
1201 1964 1250 2016 ἐν
1306 1972 1369 2037 τῇ
1420 1969 1570 2036 φύσει
1627 1965 1674 2017 ἐν
1705 1967 1875 2030 ἄλλοις

265 2045 503 2116 μάλιστα
552 2056 887 2123 προορώμενοι
945 2057 1008 2105 τὰ
1064 2053 1294 2124 ἀλγεινὰ,
1353 2055 1512 2116 ἄλλως
1558 2075 1611 2107 τε
1643 2056 1876 2130 εἰκρεῑτ-

263 2153 352 2186 τον
404 2142 570 2212 μέχρι
619 2148 706 2191 νῦν
763 2151 861 2194 τῶν
910 2145 958 2194 ἑν
1005 2142 1291 2216 ἀνθρώποις
1351 2144 1609 2214 ἐτηρήθης
1675 2141 1874 2217 δυσχε-

262 2233 414 2296 ρειῶν
450 2248 461 2259 ·
521 2228 580 2280 οὗ
650 2233 751 2304 γὰρ
811 2230 1132 2304 εὐπρόσοδον
1190 2241 1262 2302 τῷ
1335 2232 1623 2306 πρεσϐευτῇ
1687 2232 1872 2308 ἁθρόον

264 2313 525 2368 ἐμϐαίνειν
562 2318 627 2379 εἰς
683 2324 774 2378 τὴν
839 2319 1130 2394 ἀνάμνησιν
1183 2331 1278 2374 τῶν
1313 2322 1577 2395 λυπηρῶν,
1628 2322 1732 2375 ἀλλ’
1785 2321 1872 2376 οὖν

262 2401 559 2475 ἀσφαλίσαι
631 2412 688 2460 τό
753 2410 932 2482 μέλλον
1002 2407 1096 2464 διὰ
1161 2421 1250 2472 τῆς
1301 2414 1609 2483 συμπαθοῦς
1652 2417 1768 2485 περὶ
1813 2417 1869 2466 τὸ

261 2493 519 2564 ὁμόφυλον
571 2494 830 2558 σπουδῆς.
889 2502 1048 2552 Εἶωθε
1104 2503 1204 2572 γὰρ
1263 2521 1371 2562 πως
1426 2503 1490 2552 τὰ
1533 2497 1695 2566 δεινὰ,
1754 2505 1870 2562 τοὺς

258 2587 426 2654 μέχρι
480 2584 668 2636 πολλοῦ
723 2583 1076 2659 διαφυγόντας
1130 2589 1283 2652 αὐτὰ,
1341 2589 1531 2661 μᾶλλον
1576 2598 1674 2641 τῶν
1706 2590 1868 2642 οῖλλων

258 2668 618 2745 ἐποφθαλμιᾴν
681 2683 767 2727 xui
841 2673 1206 2752 σφοδρότερον,
1255 2679 1284 2737 ἦ
1340 2679 1424 2739 οῦς
1481 2679 1724 2740 πολλάκις
1771 2699 1870 2731 κα-

259 2760 550 2827 τελάϐοντο,
603 2761 812 2818 διώκειν
847 2787 859 2799 ·
885 2773 974 2819 καὶ
1019 2765 1169 2820 οὐδὲν
1220 2769 1322 2842 όρῶ
1352 2776 1556 2820 τοιούτο
1587 2772 1712 2843 πρὸς
1743 2767 1868 2821 ἁπο-

256 2855 458 2921 τροπὴν
510 2861 609 2904 τῶν
663 2852 712 2904 ἐν
770 2853 1062 2930 ἀνθρώποις
1113 2859 1491 2929 περιστάσεων,
1545 2861 1614 2918 ὡς
1665 2861 1723 2910 τό
1756 2866 1868 2920 τοῖς

2063 1432 2450 1523 Amicusille,
2477 1435 2647 1507 cujus
2665 1453 2782 1508 ago
2800 1455 3064 1510 causam,
3095 1451 3640 1523 quodjamdudum

1990 1527 2146 1577 recte
2173 1522 2450 1593 intelligis
2480 1523 2554 1580 de
2585 1527 2704 1583 vita
2729 1545 2838 1586 sua
2878 1533 3241 1603 periclitatur
3273 1522 3286 1592 ὲ
3330 1545 3411 1598 Tu
3443 1561 3642 1616 porro,

1917 1581 1956 1634 Β
1989 1610 2155 1682 quod
2185 1611 2245 1666 in
2284 1581 2392 1667 ηιξ
2413 1611 2549 1670 licet
2579 1614 2811 1683 intueri,
2845 1581 3135 1691 LZsbiam,
3173 1581 3642 1704 utcunquz‘nliltiil

1987 1699 2169 1765 dicat,
2199 1717 2447 1756 manum
2475 1705 2730 1774 porrigis
2773 1722 2786 1761 :
2817 1709 2864 1762 si
2893 1709 3016 1780 ipse
3047 1715 3195 1770 nihil
3231 1718 3344 1774 tale
3375 1699 3644 1796 aliquan-

1986 1787 2066 1843 do
2097 1804 2416 1861 perpessus
2448 1807 2530 1856 es,
2559 1809 2853 1864 magnum
2885 1803 3149 1872 estquod
3181 1805 3330 1863 dicis
3363 1831 3374 1875 ;
3411 1787 3515 1868 sed
3555 1821 3645 1871 ta-

1986 1893 2125 1932 men
2153 1878 2213 1933 in
2243 1895 2315 1934 eo
2345 1879 2511 1952 quod
2547 1897 2870 1953 perpessus
2917 1889 3062 1945 nihil
3094 1892 3204 1949 tale
3235 1895 3435 1965 fueris,
3477 1903 3644 1960 debi-

1983 1969 2076 2021 tor
2106 1967 2528 2025 misericordite
2560 1971 2848 2030 faciendas
2881 1979 3067 2035 multo
3091 1985 3283 2053 magis
3311 1988 3599 2058 obligaris
3624 2011 3636 2048 :

1984 2055 2332 2112 naturaliter
2368 2057 2828 2118 formidolosum
2875 2072 2961 2121 est
3009 2067 3205 2127 futura
3237 2076 3398 2132 mala
3434 2055 3642 2149 βεξκενὶ-

1983 2143 2140 2208 dere,
2167 2146 2486 2218 imprimis,
2514 2149 2562 2203 si
2593 2166 2729 2222 quae
2757 2151 3105 2213 hominibus
3121 2161 3378 2222 adversa
3409 2143 3638 2228 contin-

1975 2500 2241 2557 futurum
2273 2510 2507 2576 oportet
2546 2522 2899 2578 praecavere,
2940 2531 3046 2585 per
3080 2517 3359 2579 aﬂectum
3409 2500 3639 2585 et'stu-

1976 2590 2144 2647 dium
2181 2609 2320 2665 erga
2351 2611 2472 2660 eos,
2514 2598 2619 2668 qui
2669 2607 2806 2656 sunt
2847 2602 3118 2673 ejusdem
3152 2617 3376 2669 naturaa
3405 2621 3638 2688 partici-

1977 2695 2106 2752 pes.
2153 2681 2273 2737 Usu
2313 2683 2474 2739 enim
2515 2687 2595 2742 ita
2629 2698 3036 2761 comparatur,
3072 2703 3134 2753 ut
3184 2681 3438 2761 adversa
3495 2708 3636 2767 illos

1976 2769 2176 2824 invido
2207 2771 2400 2841 magis
2431 2773 2637 2831 animo
2669 2777 3028 2849 intueantur,
3063 2787 3168 2858 qui
3201 2805 3488 2864 prospera
3519 2798 3638 2855 for-

1975 2861 2114 2954 tuna
2149 2859 2253 2914 diu
2293 2860 2382 2955 usi
2430 2869 2567 2919 sunt
2613 2879 2625 2919 :
2661 2881 2843 2938 quam
2886 2869 3034 2937 illos,
3073 2859 3226 2945 quos
3263 2859 3631 2955 frequentius

257 2937 576 3008 ἑμπεσοῡσιν
609 2944 859 2996 ἵστασθαι
887 2943 1095 3017 βοηθόν.
1156 2947 1212 2999 Εἰ
1263 2943 1314 2998 δ’
1355 2948 1626 3022 ἄνθρωπος
1669 2952 1736 2999 ὢν
1775 2934 1863 3000 καὶ

1975 2960 2045 3000 ea
2071 2947 2393 3004 incursavit
2425 2965 2437 3003 :
2473 2951 2616 3007 nihil
2647 2934 2718 3010 eo
2762 2956 3028 3029 intelligo
3073 2934 3264 3038 magis
3302 2934 3632 3034 cojuducere

254 3028 436 3090 αὐτὸς,
501 3028 841 3094 ἐκοινώνησας
906 3042 1014 3097 τοῖς
1072 3033 1363 3108 ἀνθρώποις
1398 3047 1456 3101 Ct,
1510 3035 1675 3089 ἐκεῖνα
1725 3036 1862 3108 λογί-

259 3119 376 3186 ζου,
408 3121 446 3170 οἶ
475 3139 532 3172 σε
561 3127 675 3174 τότε
733 3120 1045 3196 διεστρόϐει,
1081 3131 1170 3177 καὶ
1218 3131 1525 3198 συνέστρεφε
1577 3129 1643 3178 τὰ
1698 3126 1862 3179 σπλὰο

251 3226 420 3278 γχνα,
474 3213 562 3261 καὶ
625 3211 737 3263 ὅλον
790 3222 984 3288 πικρῶς
1032 3213 1360 3282 ἀπεϐόσκετο,
1416 3216 1635 3267 θανάτου
1698 3214 1863 3288 βαρυ-

251 3300 407 3368 τέραν
459 3296 809 3372 ἀποφαίνοντα
870 3307 964 3360 τὴν
1018 3304 1156 3364 ζωήν
1189 3325 1202 3338 ο
1257 3308 1524 3377 μέμνημαι
1577 3307 1680 3378 γάρ
1736 3325 1860 3358 ποτε

247 3391 343 3438 καὶ
374 3385 496 3458 ἐγὼ,
546 3391 589 3442 εἰ
641 3409 692 3442 τι
743 3395 815 3462 μὴ
868 3393 968 3444 ὑπὸ
1026 3402 1120 3454 τῆς
1152 3399 1427 3465 συνεχείας
1456 3402 1556 3445 τῶν
1585 3402 1756 3446 κακῶν
1787 3394 1858 3457 εἰς

249 3475 483 3549 ὀνείρους
533 3476 877 3553 ἀποφέρομαι,
926 3488 1155 3534 τοιοῦτόν
1206 3503 1257 3534 τι
1299 3484 1348 3548 (ὃ
1395 3487 1466 3554 μὴ
1516 3489 1714 3554 γένοιτο
1767 3491 1858 3536 τοῦ

246 3564 457 3635 λοιποῦ)
488 3571 577 3620 xui
609 3574 724 3642 περὶ
771 3575 862 3629 τὴν
916 3576 1013 3629 σὴν
1072 3571 1342 3643 εὖκληρίαν
1393 3570 1698 3631 ἀπαντῆσαν
1733 3594 1744 3606 ο
1775 3573 1857 3626 ὁτι

249 3657 310 3706 τὸ
368 3658 510 3728 ᾆαμα
562 3657 717 3732 ξηρὸν
774 3664 900 3733 πρὸς
951 3662 1145 3721 πάντας
1198 3659 1444 3732 ἀνέῳκτο,
1490 3663 1669 3722 πάσης
1725 3681 1855 3733 συμ-

245 3752 408 3815 φυοῦς
451 3745 666 3810 λιϐάδος
723 3748 1146 3810 ἀπαναλωθείσης
1174 3756 1284 3809 τοῖς
1310 3746 1542 3821 δάκρυσι
1575 3767 1587 3778 ·
1612 3755 1701 3801 καὶ
1742 3757 1856 3820 χεῖ-

242 3853 327 3905 ρες
377 3839 476 3907 πρὸ
536 3845 636 3888 τῶν
709 3837 873 3909 λόγων
935 3844 1022 3896 τὴν
1094 3841 1292 3891 ἱκεσίαν
1365 3837 1746 3910 προύϐάλλοντο
1798 3842 1854 3890 τό

242 3929 525 3995 πρόσωπον
588 3935 963 4000 συντηκόμενον
1026 3928 1092 3988 εἰς
1166 3927 1356 3985 πολλὴν
1433 3931 1552 3986 τοὺς
1605 3928 1850 4000 ὁρῶντας,

243 4021 337 4064 καὶ
399 4017 495 4088 πρὸ
554 4026 651 4066 τῶν
702 4027 913 4091 χειρῶν,
966 4016 1133 4069 ἐκάλει
1184 4019 1511 4087 συμπάθειαν
1541 4037 1553 4048 ·
1606 4021 1696 4067 καὶ
1737 4015 1851 4067 ὅλον

243 4101 363 4172 εἶχε
451 4107 719 4178 σύγχυσις
793 4112 882 4158 καὶ
965 4112 1219 4178 κατήφεια
1284 4111 1372 4158 xui
1463 4111 1686 4177 γνόφος·
1761 4110 1851 4158 xui

243 4196 495 4264 κρείττων
559 4195 588 4251 ἠ
657 4200 781 4265 σιγή
870 4205 958 4247 τοῦ
1043 4203 1154 4248 τότε
1231 4191 1581 4266 διηγήματος.
1675 4200 1851 4246 Ταῦτα

1975 3034 2053 3089 ad
2099 3037 2454 3094 avertendas
2493 3039 2572 3096 ab
2619 3041 2966 3103 hominibus
3013 3034 3397 3125 calamitates,
3443 3079 3631 3134 quam

1972 3121 2153 3179 fuisse
2184 3125 2419 3182 afﬂictis
2461 3128 2699 3187 auxilio.
2735 3133 2790 3189 Si
2821 3134 3004 3193 homo
3051 3156 3188 3198 cum
3221 3146 3322 3214 sis,
3355 3121 3632 3211 doni.th

1970 3211 2264 3269 nicaveris
2290 3231 2427 3271 cum
2457 3216 2825 3288 hominibus,
2859 3224 2957 3281 illa
2991 3230 3252 3300 recolito,
3303 3211 3439 3310 quae
3481 3247 3533 3298 te
3574 3249 3632 3302 et

1967 3301 2173 3372 ipsum
2203 3310 2340 3361 tunc
2361 3311 2634 3363 vexatum
2659 3308 2984 3386 habebant,
3009 3324 3066 3374 et
3092 3301 3470 3400 viscera-quas
3491 3301 3628 3390 sub;

1970 3397 2290 3460 verterunt,
2323 3398 2382 3450 et.
2412 3396 2591 3452 vitam
2622 3398 2818 3470 ipsam
2852 3410 3040 3462 morte
3072 3412 3314 3478 gravius
3343 3396 3628 3491 depasce-

1965 3479 2133 3538 baut.
2166 3483 2399 3539 Memini
2428 3485 2761 3558 aliquando
2793 3490 2933 3562 (nisi
2971 3493 3121 3553 forte
3157 3479 3455 3565 malorum
3499 3528 3627 3570 ma-

1967 3571 2216 3640 gnitudo
2240 3589 2334 3629 me
2359 3575 2662 3630 somniare
2685 3576 2906 3652 fecerit)
2933 3583 3160 3657 aliquid
3195 3591 3305 3648 tale
3365 3595 3621 3667 (utinam

1967 3675 2086 3715 non
2117 3664 2174 3714 et
2197 3661 2429 3718 denuo!
2463 3667 2630 3720 tuam
2659 3682 2903 3740 quoque
2923 3671 3259 3736 felicitatem
3293 3661 3581 3746 invasisse
3607 3707 3620 3747 :

1965 3762 2103 3801 cum
2152 3749 2290 3804 sicci
2337 3751 2492 3806 oculi
2551 3754 2610 3808 in
2657 3758 2862 3815 omnia
2915 3765 3308 3837 aperirentur,
3367 3774 3622 3834 humore

1965 3837 2281 3905 congenito
2313 3839 2548 3908 penitus
2590 3858 2696 3912 per
2749 3845 3052 3918 lacrymas
3094 3855 3437 3929 desiccato;
3480 3884 3619 3924 cum

1966 3939 2182 3978 manus
2210 3926 2394 3980 verba
2415 3929 2832 3998 praecederent,
2866 3939 2924 3989 et
2944 3953 3146 4006 preces
3176 3960 3390 4002 manus
3415 3926 3620 4010 tende-

1961 4018 2109 4083 rent,
2155 4012 2334 4068 facies
2381 4021 2440 4070 et
2510 4015 2707 4072 vultus
2747 4021 3014 4091 dejectus
3056 4045 3177 4099 prae
3221 4038 3506 4095 manibus
3555 4044 3615 4100 in

1961 4106 2193 4157 tuentes
2207 4109 2447 4158 vocaret
2460 4104 2660 4160 multis
2676 4109 2873 4164 modis
2892 4115 2966 4167 ad
2985 4115 3438 4182 misericordiam
3457 4147 3470 4181 :
3485 4147 3616 4188 cum

1959 4196 2012 4247 te
2046 4197 2230 4246 totum
2265 4193 2595 4262 possideret
2634 4196 2932 4266 confusio,
2987 4202 3253 4276 dejectio,
3313 4217 3568 4277 tenebrae
3591 4240 3609 4293 ;

241 4276 340 4346 δὴ,
400 4290 566 4334 ταῦτα
617 4283 676 4354 (ὦ
717 4289 902 4356 μηκέτι
951 4283 1210 4357 μηδαμῶς
1267 4291 1483 4335 τοιαῦτα
1523 4285 1735 4335 παθείον
1793 4301 1848 4336 σε

1975 4284 2197 4334 )raastat
2221 4286 2435 4336 caetera
2466 4286 2677 4352 tacere,
2711 4300 2894 4355 quam
2939 4291 3184 4363 profari,
3230 4315 3365 4372 qum
3399 4310 3450 4361 te
3476 4276 3613 4366 tum;

239 4367 442 4444 ἰδοιμι)
498 4381 773 4445 σωφρόνως
845 4374 1193 4446 ἀναμνησθεὶς
1247 4371 1542 4444 (πολλαχοῦ
1607 4375 1708 4442 γὰρ
1769 4375 1847 4423 εὗ-

235 4481 482 4537 χρηστον
521 4465 550 4522 ἠ
593 4469 772 4536 μνήμη
823 4472 921 4515 τῶν
967 4463 1254 4536 λυπηρῶν),
1294 4469 1443 4533 γενοῦ
1500 4465 1692 4532 σωτὴρ,
1739 4460 1844 4512 οἷον

236 4555 418 4623 ηὔχου
473 4572 556 4605 σοι
599 4555 841 4624 γενέσθαι
888 4557 1002 4605 τότε
1055 4552 1140 4622 (οὐ
1191 4555 1292 4625 γὰρ
1344 4550 1463 4623 ἐμὸν
1504 4550 1682 4614 εἰπεῖν,
1738 4550 1844 4601 οἶον

235 4642 426 4714 εὗρες),
452 4651 524 4713 τῷ
547 4651 633 4694 νῦν
667 4643 735 4704 εἰς
787 4645 882 4704 τὰς
926 4643 1110 4711 ὁμοίας
1158 4643 1429 4714 συμφορὰς
1471 4643 1840 4693 καταπεσόντι.

232 4729 307 4786 Εὖ
340 4734 439 4806 γὰρ
466 4735 599 4792 ἴσθι,
635 4736 703 4794 ὡς
752 4731 864 4804 ἐμοί
914 4751 966 4784 τε
1014 4735 1070 4784 τὸ
1117 4734 1275 4806 χρέος
1332 4725 1683 4790 ἀποδεδωκώς
1714 4736 1838 4793 εἴης,

230 4828 326 4874 καὶ
378 4827 462 4875 τόν
545 4822 915 4895 βοηθούμενον,
977 4820 1024 4872 έν
1074 4822 1150 4880 οἷς
1197 4819 1256 4871 διν
1317 4817 1506 4892 βούλη,
1562 4823 1839 4890 χρεώστην

230 4913 630 4985 ἀπροφάσιστον
698 4914 954 4984 εὑρήσεις.
1018 4909 1182 4964 Καλόν
1247 4905 1305 4961 δὲ
1377 4908 1424 4960 ἐν
1475 4905 1576 4980 βίῳ
1626 4906 1839 4968 πολλοὺς

225 5008 525 5076 χρεώστας,
559 5006 649 5054 xui
679 5007 794 5053 τότε
820 5001 1143 5072 εὐγνώμονας
1173 5003 1409 5073 χαρίτων
1445 4999 1611 5068 ἔχειν,

1957 4369 2401 4438 contingebant.
2434 4371 2569 4426 Haec
2591 4373 2744 4444 ipsa,
2765 4391 2973 4446 quasso
2994 4384 3053 4450 (ο
3081 4369 3307 4445 utinam
3340 4409 3611 4467 unquam

1957 4462 2010 4512 te
2023 4457 2218 4514 denuo
2231 4459 2436 4514 eadem
2451 4461 2765 4531 patientem
2785 4462 3019 4525 intuear
3034 4471 3099 4544 l),
3116 4477 3410 4539 moderate
3423 4457 3612 4543 r-ecor-

1954 4547 2097 4604 dare
2129 4547 2434 4620 (conducit
2473 4551 2692 4607 etenim
2740 4560 3259 4631 quamplurimum
3311 4573 3608 4634 multoties

1953 4637 2250 4693 malorum
2273 4640 2812 4714 commeminisci):
2855 4647 2935 4701 sis
2975 4649 3127 4708 illius
3159 4656 3474 4729 exhibitor,
3515 4665 3609 4722 in-

1952 4733 2248 4799 quautum
2275 4734 2415 4782 tunc
2437 4727 2774 4788 desiderata
2798 4739 3140 4808 expetebas,
3170 4745 3221 4800 ei
3245 4749 3421 4820 quiin
3443 4727 3608 4812 simi-

1950 4814 2036 4871 les
2081 4815 2285 4870 incidit
2343 4815 2730 4876 calamitates.
2787 4823 2938 4887 Quid
2965 4826 3102 4886 inde
3145 4814 3430 4908 lucratus,

1947 4905 2144 4960 dicam
2167 4904 2320 4959 scias
2360 4904 2748 5000 velim,_quod
2772 4916 2826 4965 et
2846 4914 2991 4970 mihi
3018 4918 3280 4980 debitum
3308 4904 3600 5000 persolve-

1946 4993 2045 5057 ris,
2075 5000 2130 5048 et
2161 5010 2298 5048 eum
2329 4993 2419 5048 cui
2451 4994 2741 5053 auxilium
2765 5002 3007 5060 attulisti
3038 5007 3095 5063 in

3483 4860 3602 4903 non

3137 5013 3600 5096 quibuscunque

227 5092 510 5158 volueris,
551 5091 881 5147 debitorem
909 5089 1186 5145 habebis.
1218 5088 1453 5144 Bonum
1479 5093 1569 5142 est
1598 5089 1800 5142 autem
1830 5087 1888 5140 et
1921 5083 2056 5139 utile
2087 5082 2307 5138 multos
2350 5098 2454 5154 per
2482 5083 2659 5140 vitam
2692 5085 2914 5147 habere
2943 5082 3238 5158 debitores
3267 5082 3599 5178 ρταεεθιιίίω

224 5183 484 5256 gratiam
516 5181 900 5238 redhibentes
939 5177 1271 5252 possidere.

1594 5350 1824 5407 VARle
1861 5346 2271 5406 LECTIONES.

296 5549 325 5596 q
381 5541 460 5594 ῖσ.
506 5535 876 5614 ἀνθρωπίναις.
