  <div class='ocr_page' id='page_1' title='image "/cluster/home/n/w/nwhite01/storage/ocr_20150623/102/hvd.32044073502155/515.png"; bbox 0 0 4072 6232; ppageno 0'>
   <div class='ocr_carea' id='block_1_1' title="bbox 527 286 631 341">
    <p class='ocr_par' dir='ltr' id='par_1_1' title="bbox 527 286 631 341">
     <span class='ocr_line' id='line_1_1' title="bbox 527 286 631 341; baseline -0.01 0"><span class='ocrx_word' id='word_1_1' title='bbox 527 286 631 341; x_wconf 87' lang='grc'><strong>963</strong></span> 
     </span>
    </p>
   </div>
   <div class='ocr_carea' id='block_1_2' title="bbox 1165 388 1546 446">
    <p class='ocr_par' dir='ltr' id='par_1_2' title="bbox 1165 388 1546 446">
     <span class='ocr_line' id='line_1_2' title="bbox 1165 388 1546 446; baseline -0.016 0"><span class='ocrx_word' id='word_1_2' title='bbox 1165 389 1381 446; x_wconf 82' lang='lat' dir='ltr'><strong>EPIST.</strong></span> <span class='ocrx_word' id='word_1_3' title='bbox 1413 388 1546 443; x_wconf 86' lang='lat' dir='ltr'><strong>LIV.</strong></span> 
     </span>
    </p>
   </div>
   <div class='ocr_carea' id='block_1_3' title="bbox 665 474 2046 550">
    <p class='ocr_par' dir='ltr' id='par_1_3' title="bbox 665 474 2046 550">
     <span class='ocr_line' id='line_1_3' title="bbox 665 474 2046 550; baseline -0.008 -11"><span class='ocrx_word' id='word_1_4' title='bbox 665 481 951 539; x_wconf 78' lang='lat' dir='ltr'><strong>Mariano</strong></span> <span class='ocrx_word' id='word_1_5' title='bbox 977 481 1238 550; x_wconf 70' lang='lat' dir='ltr'><strong>patricio</strong></span> <span class='ocrx_word' id='word_1_6' title='bbox 1263 486 1314 535; x_wconf 83' lang='lat' dir='ltr'><strong>et</strong></span> <span class='ocrx_word' id='word_1_7' title='bbox 1345 475 1657 534; x_wconf 78' lang='lat' dir='ltr'><strong>domestico</strong></span> <span class='ocrx_word' id='word_1_8' title='bbox 1683 474 2046 530; x_wconf 82' lang='lat' dir='ltr'><strong>scholarum.</strong></span> 
     </span>
    </p>
   </div>
   <div class='ocr_carea' id='block_1_4' title="bbox 1751 276 2628 335">
    <p class='ocr_par' dir='ltr' id='par_1_4' title="bbox 1751 276 2628 335">
     <span class='ocr_line' id='line_1_4' title="bbox 1751 276 2628 335; baseline 0 -3"><span class='ocrx_word' id='word_1_9' title='bbox 1751 277 1985 335; x_wconf 81' lang='grc' dir='ltr'><strong>ΡΗΟΤΙΙ</strong></span> <span class='ocrx_word' id='word_1_10' title='bbox 2029 276 2481 334; x_wconf 62' lang='lat' dir='ltr'><strong>PATRIARCHJE</strong></span> <span class='ocrx_word' id='word_1_11' title='bbox 2517 277 2602 334; x_wconf 77' lang='grc' dir='ltr'><strong>ΟΡ</strong></span> <span class='ocrx_word' id='word_1_12' title='bbox 2616 320 2628 332; x_wconf 95' lang='grc'>.</span> 
     </span>
    </p>
   </div>
   <div class='ocr_carea' id='block_1_5' title="bbox 3753 287 3827 345">
    <p class='ocr_par' dir='ltr' id='par_1_5' title="bbox 3753 287 3827 345">
     <span class='ocr_line' id='line_1_5' title="bbox 3753 287 3827 345; baseline 0 0"><span class='ocrx_word' id='word_1_13' title='bbox 3753 287 3827 345; x_wconf 66' lang='grc'><strong>964</strong></span> 
     </span>
    </p>
   </div>
   <div class='ocr_carea' id='block_1_6' title="bbox 2905 385 3283 442">
    <p class='ocr_par' dir='ltr' id='par_1_6' title="bbox 2905 385 3283 442">
     <span class='ocr_line' id='line_1_6' title="bbox 2905 385 3283 442; baseline 0.003 -4"><span class='ocrx_word' id='word_1_14' title='bbox 2905 389 3116 442; x_wconf 85' lang='grc' dir='ltr'><strong>ΕΠΙΣΤ.</strong></span> <span class='ocrx_word' id='word_1_15' title='bbox 3160 393 3210 440; x_wconf 88' lang='grc' dir='ltr'><strong>Ν</strong></span> <span class='ocrx_word' id='word_1_16' title='bbox 3212 385 3283 440; x_wconf 86' lang='grc' dir='ltr'><strong>Δ’.</strong></span> 
     </span>
    </p>
   </div>
   <div class='ocr_carea' id='block_1_7' title="bbox 2399 473 3752 553">
    <p class='ocr_par' dir='ltr' id='par_1_7' title="bbox 2399 473 3752 553">
     <span class='ocr_line' id='line_1_7' title="bbox 2399 473 3752 553; baseline 0.007 -27"><span class='ocrx_word' id='word_1_17' title='bbox 2399 479 2650 547; x_wconf 83' lang='grc' dir='ltr'><strong>Μαριανῷ</strong></span> <span class='ocrx_word' id='word_1_18' title='bbox 2677 479 2934 546; x_wconf 86' lang='grc' dir='ltr'><strong>πατρικίῳ</strong></span> <span class='ocrx_word' id='word_1_19' title='bbox 2982 481 3072 528; x_wconf 82' lang='grc' dir='ltr'><strong>καὶ</strong></span> <span class='ocrx_word' id='word_1_20' title='bbox 3103 473 3397 551; x_wconf 83' lang='grc' dir='ltr'><strong>δομεστίκῳ</strong></span> <span class='ocrx_word' id='word_1_21' title='bbox 3425 486 3521 532; x_wconf 85' lang='grc' dir='ltr'><strong>τῶν</strong></span> <span class='ocrx_word' id='word_1_22' title='bbox 3552 481 3752 553; x_wconf 80' lang='grc' dir='ltr'><strong>σχολῶν.</strong></span> 
     </span>
    </p>
   </div>
   <div class='ocr_carea' id='block_1_8' title="bbox 2212 387 2261 440">
    <p class='ocr_par' dir='ltr' id='par_1_8' title="bbox 2212 387 2261 440">
     <span class='ocr_line' id='line_1_8' title="bbox 2212 387 2261 440; baseline 0 0"><span class='ocrx_word' id='word_1_23' title='bbox 2212 387 2261 440; x_wconf 83' lang='grc' dir='ltr'><strong>Α</strong></span> 
     </span>
    </p>
   </div>
   <div class='ocr_carea' id='block_1_9' title="bbox 1801 570 2616 635">
    <p class='ocr_par' dir='ltr' id='par_1_9' title="bbox 1801 570 2616 635">
     <span class='ocr_line' id='line_1_9' title="bbox 1801 570 2616 635; baseline 0 -15"><span class='ocrx_word' id='word_1_24' title='bbox 1801 572 2092 621; x_wconf 83' lang='lat' dir='ltr'><strong>Montacut.</strong></span> <span class='ocrx_word' id='word_1_25' title='bbox 2121 572 2226 635; x_wconf 86' lang='lat' dir='ltr'><strong>(ep,</strong></span> <span class='ocrx_word' id='word_1_26' title='bbox 2254 570 2362 628; x_wconf 82' lang='grc'><strong>189,</strong></span> <span class='ocrx_word' id='word_1_27' title='bbox 2397 585 2450 634; x_wconf 90' lang='lat' dir='ltr'><strong>p.</strong></span> <span class='ocrx_word' id='word_1_28' title='bbox 2486 572 2616 632; x_wconf 81' lang='lat'><strong>287),</strong></span> 
     </span>
    </p>
   </div>
   <div class='ocr_carea' id='block_1_10' title="bbox 605 661 2186 744">
    <p class='ocr_par' dir='ltr' id='par_1_10' title="bbox 605 661 2186 744">
     <span class='ocr_line' id='line_1_10' title="bbox 605 661 2186 744; baseline -0.008 -16"><span class='ocrx_word' id='word_1_29' title='bbox 605 673 662 730; x_wconf 91' lang='lat' dir='ltr'>Si</span> <span class='ocrx_word' id='word_1_30' title='bbox 706 670 843 744; x_wconf 87' lang='lat' dir='ltr'><strong>quis</strong></span> <span class='ocrx_word' id='word_1_31' title='bbox 897 683 1165 741; x_wconf 83' lang='lat' dir='ltr'>unquam</span> <span class='ocrx_word' id='word_1_32' title='bbox 1215 664 1502 739; x_wconf 85' lang='lat' dir='ltr'><strong>optaverit</strong></span> <span class='ocrx_word' id='word_1_33' title='bbox 1553 661 1753 719; x_wconf 72' lang='lat' dir='ltr'><strong>offerri</strong></span> <span class='ocrx_word' id='word_1_34' title='bbox 1791 661 1901 717; x_wconf 88' lang='lat' dir='ltr'><strong>sibi</strong></span> <span class='ocrx_word' id='word_1_35' title='bbox 1959 661 2019 716; x_wconf 92' lang='lat' dir='ltr'><strong>in</strong></span> <span class='ocrx_word' id='word_1_36' title='bbox 2069 662 2186 716; x_wconf 90' lang='lat' dir='ltr'><strong>vita</strong></span> 
     </span>
    </p>
   </div>
   <div class='ocr_carea' id='block_1_11' title="bbox 531 751 2184 828">
    <p class='ocr_par' dir='ltr' id='par_1_11' title="bbox 531 751 2184 828">
     <span class='ocr_line' id='line_1_11' title="bbox 531 751 2184 828; baseline -0.009 -8"><span class='ocrx_word' id='word_1_37' title='bbox 531 763 906 821; x_wconf 85' lang='lat' dir='ltr'><strong>occasionem</strong></span> <span class='ocrx_word' id='word_1_38' title='bbox 926 759 1099 813; x_wconf 83' lang='lat' dir='ltr'><strong>talem</strong></span> <span class='ocrx_word' id='word_1_39' title='bbox 1131 778 1142 810; x_wconf 91' lang='lat'>:</span> <span class='ocrx_word' id='word_1_40' title='bbox 1173 771 1278 828; x_wconf 89' lang='lat' dir='ltr'><strong>per</strong></span> <span class='ocrx_word' id='word_1_41' title='bbox 1303 771 1486 827; x_wconf 91' lang='lat' dir='ltr'><strong>quam</strong></span> <span class='ocrx_word' id='word_1_42' title='bbox 1513 758 1565 809; x_wconf 92' lang='lat' dir='ltr'><strong>et</strong></span> <span class='ocrx_word' id='word_1_43' title='bbox 1584 751 1860 808; x_wconf 93' lang='lat' dir='ltr'><strong>amicitia</strong></span> <span class='ocrx_word' id='word_1_44' title='bbox 1879 751 2184 821; x_wconf 84' lang='lat' dir='ltr'><strong>etjustitia</strong></span> 
     </span>
    </p>
   </div>
   <div class='ocr_carea' id='block_1_12' title="bbox 533 839 2184 921">
    <p class='ocr_par' dir='ltr' id='par_1_12' title="bbox 533 839 2184 921">
     <span class='ocr_line' id='line_1_12' title="bbox 533 839 2184 921; baseline -0.01 -12"><span class='ocrx_word' id='word_1_45' title='bbox 533 851 709 908; x_wconf 88' lang='lat' dir='ltr'><strong>simul</strong></span> <span class='ocrx_word' id='word_1_46' title='bbox 737 865 918 921; x_wconf 86' lang='lat' dir='ltr'><strong>opera</strong></span> <span class='ocrx_word' id='word_1_47' title='bbox 950 845 1237 919; x_wconf 91' lang='lat' dir='ltr'><strong>perﬁciat,</strong></span> <span class='ocrx_word' id='word_1_48' title='bbox 1257 860 1376 899; x_wconf 90' lang='lat' dir='ltr'><strong>non</strong></span> <span class='ocrx_word' id='word_1_49' title='bbox 1408 843 1503 898; x_wconf 92' lang='lat' dir='ltr'><strong>ille</strong></span> <span class='ocrx_word' id='word_1_50' title='bbox 1531 841 1822 914; x_wconf 77' lang='lat' dir='ltr'><strong>potiorem</strong></span> <span class='ocrx_word' id='word_1_51' title='bbox 1851 839 2184 910; x_wconf 86' lang='lat' dir='ltr'><strong>aliquando</strong></span> 
     </span>
    </p>
   </div>
   <div class='ocr_carea' id='block_1_13' title="bbox 531 929 2186 1010">
    <p class='ocr_par' dir='ltr' id='par_1_13' title="bbox 531 929 2186 1010">
     <span class='ocr_line' id='line_1_13' title="bbox 531 929 2186 1010; baseline -0.01 -10"><span class='ocrx_word' id='word_1_52' title='bbox 531 941 792 1000; x_wconf 80' lang='lat' dir='ltr'><strong>inveniet</strong></span> <span class='ocrx_word' id='word_1_53' title='bbox 819 939 932 1004; x_wconf 91' lang='lat' dir='ltr'><strong>illa,</strong></span> <span class='ocrx_word' id='word_1_54' title='bbox 967 953 1151 1010; x_wconf 90' lang='lat' dir='ltr'><strong>quam</strong></span> <span class='ocrx_word' id='word_1_55' title='bbox 1183 935 1240 990; x_wconf 91' lang='lat' dir='ltr'><strong>in</strong></span> <span class='ocrx_word' id='word_1_56' title='bbox 1282 933 1557 1006; x_wconf 81' lang='lat' dir='ltr'><strong>praesenti</strong></span> <span class='ocrx_word' id='word_1_57' title='bbox 1585 932 1686 987; x_wconf 84' lang='lat' dir='ltr'><strong>tibi</strong></span> <span class='ocrx_word' id='word_1_58' title='bbox 1718 930 1921 986; x_wconf 77' lang='lat' dir='ltr'><strong>offero.</strong></span> <span class='ocrx_word' id='word_1_59' title='bbox 1963 929 2186 1000; x_wconf 89' lang='lat' dir='ltr'><strong>Injuria</strong></span> 
     </span>
    </p>
   </div>
   <div class='ocr_carea' id='block_1_14' title="bbox 531 1017 2188 1102">
    <p class='ocr_par' dir='ltr' id='par_1_14' title="bbox 531 1017 2188 1102">
     <span class='ocr_line' id='line_1_14' title="bbox 531 1017 2188 1102; baseline -0.01 -14"><span class='ocrx_word' id='word_1_60' title='bbox 531 1032 798 1093; x_wconf 80' lang='lat' dir='ltr'><strong>aﬂ‘ectus,</strong></span> <span class='ocrx_word' id='word_1_61' title='bbox 845 1043 956 1102; x_wconf 89' lang='lat' dir='ltr'><strong>pro</strong></span> <span class='ocrx_word' id='word_1_62' title='bbox 1005 1043 1124 1098; x_wconf 90' lang='lat' dir='ltr'><strong>quo</strong></span> <span class='ocrx_word' id='word_1_63' title='bbox 1164 1023 1513 1087; x_wconf 89' lang='lat' dir='ltr'><strong>intervenio,</strong></span> <span class='ocrx_word' id='word_1_64' title='bbox 1556 1036 1676 1076; x_wconf 91' lang='lat' dir='ltr'><strong>non</strong></span> <span class='ocrx_word' id='word_1_65' title='bbox 1708 1025 1796 1075; x_wconf 89' lang='lat' dir='ltr'><strong>est</strong></span> <span class='ocrx_word' id='word_1_66' title='bbox 1835 1019 2033 1074; x_wconf 89' lang='lat' dir='ltr'><strong>adhuc</strong></span> <span class='ocrx_word' id='word_1_67' title='bbox 2081 1017 2188 1073; x_wconf 85' lang='lat' dir='ltr'><strong>tibi</strong></span> 
     </span>
    </p>
   </div>
   <div class='ocr_carea' id='block_1_15' title="bbox 533 1108 2184 1186">
    <p class='ocr_par' dir='ltr' id='par_1_15' title="bbox 533 1108 2184 1186">
     <span class='ocr_line' id='line_1_15' title="bbox 533 1108 2184 1186; baseline -0.011 -9"><span class='ocrx_word' id='word_1_68' title='bbox 533 1128 961 1178; x_wconf 87' lang='lat' dir='ltr'><strong>notus:causa</strong></span> <span class='ocrx_word' id='word_1_69' title='bbox 1011 1117 1140 1186; x_wconf 84' lang='lat' dir='ltr'><strong>ejus</strong></span> <span class='ocrx_word' id='word_1_70' title='bbox 1178 1118 1265 1168; x_wconf 90' lang='lat' dir='ltr'><strong>est</strong></span> <span class='ocrx_word' id='word_1_71' title='bbox 1315 1111 1526 1168; x_wconf 80' lang='lat' dir='ltr'><strong>eximie</strong></span> <span class='ocrx_word' id='word_1_72' title='bbox 1565 1109 1762 1180; x_wconf 91' lang='lat' dir='ltr'><strong>justa:</strong></span> <span class='ocrx_word' id='word_1_73' title='bbox 1798 1108 1844 1162; x_wconf 90' lang='lat' dir='ltr'><strong>si</strong></span> <span class='ocrx_word' id='word_1_74' title='bbox 1899 1108 1958 1161; x_wconf 93' lang='lat' dir='ltr'><strong>in</strong></span> <span class='ocrx_word' id='word_1_75' title='bbox 2009 1121 2184 1177; x_wconf 86' lang='lat' dir='ltr'><strong>quem</strong></span> 
     </span>
    </p>
   </div>
   <div class='ocr_carea' id='block_1_16' title="bbox 531 1199 2186 1270">
    <p class='ocr_par' dir='ltr' id='par_1_16' title="bbox 531 1199 2186 1270">
     <span class='ocr_line' id='line_1_16' title="bbox 531 1199 2186 1270; baseline -0.01 -4"><span class='ocrx_word' id='word_1_76' title='bbox 531 1209 856 1266; x_wconf 81' lang='lat' dir='ltr'><strong>intenditur</strong></span> <span class='ocrx_word' id='word_1_77' title='bbox 884 1205 1062 1270; x_wconf 86' lang='lat' dir='ltr'><strong>actio,</strong></span> <span class='ocrx_word' id='word_1_78' title='bbox 1093 1204 1323 1259; x_wconf 89' lang='lat' dir='ltr'><strong>amicus</strong></span> <span class='ocrx_word' id='word_1_79' title='bbox 1348 1208 1436 1256; x_wconf 90' lang='lat' dir='ltr'><strong>est</strong></span> <span class='ocrx_word' id='word_1_80' title='bbox 1466 1199 1568 1254; x_wconf 90' lang='lat' dir='ltr'><strong>tibi</strong></span> <span class='ocrx_word' id='word_1_81' title='bbox 1597 1205 1652 1253; x_wconf 92' lang='lat' dir='ltr'><strong>et</strong></span> <span class='ocrx_word' id='word_1_82' title='bbox 1680 1212 1912 1270; x_wconf 81' lang='lat' dir='ltr'><strong>pauper</strong></span> <span class='ocrx_word' id='word_1_83' title='bbox 1943 1213 1956 1251; x_wconf 89' lang='lat'>:</span> <span class='ocrx_word' id='word_1_84' title='bbox 1990 1202 2186 1251; x_wconf 86' lang='lat' dir='ltr'><strong>etnon</strong></span> 
     </span>
    </p>
   </div>
   <div class='ocr_carea' id='block_1_17' title="bbox 530 1284 2190 1368">
    <p class='ocr_par' dir='ltr' id='par_1_17' title="bbox 530 1284 2190 1368">
     <span class='ocr_line' id='line_1_17' title="bbox 530 1284 2190 1368; baseline -0.011 -12"><span class='ocrx_word' id='word_1_85' title='bbox 530 1300 799 1356; x_wconf 84' lang='lat' dir='ltr'><strong>fortassis</strong></span> <span class='ocrx_word' id='word_1_86' title='bbox 851 1296 993 1368; x_wconf 87' lang='lat' dir='ltr'><strong>quia</strong></span> <span class='ocrx_word' id='word_1_87' title='bbox 1025 1293 1221 1348; x_wconf 87' lang='lat' dir='ltr'><strong>malus</strong></span> <span class='ocrx_word' id='word_1_88' title='bbox 1266 1297 1370 1356; x_wconf 91' lang='lat' dir='ltr'><strong>est,</strong></span> <span class='ocrx_word' id='word_1_89' title='bbox 1414 1291 1512 1344; x_wconf 90' lang='lat' dir='ltr'><strong>sed</strong></span> <span class='ocrx_word' id='word_1_90' title='bbox 1551 1288 1694 1359; x_wconf 88' lang='lat' dir='ltr'><strong>quia</strong></span> <span class='ocrx_word' id='word_1_91' title='bbox 1734 1301 1983 1358; x_wconf 89' lang='lat' dir='ltr'><strong>pauper,</strong></span> <span class='ocrx_word' id='word_1_92' title='bbox 2035 1284 2190 1355; x_wconf 89' lang='lat' dir='ltr'><strong>inju-</strong></span> 
     </span>
    </p>
   </div>
   <div class='ocr_carea' id='block_1_18' title="bbox 528 1377 2184 1454">
    <p class='ocr_par' dir='ltr' id='par_1_18' title="bbox 528 1377 2184 1454">
     <span class='ocr_line' id='line_1_18' title="bbox 528 1377 2184 1454; baseline -0.01 -10"><span class='ocrx_word' id='word_1_93' title='bbox 528 1391 698 1446; x_wconf 86' lang='lat' dir='ltr'><strong>stitia</strong></span> <span class='ocrx_word' id='word_1_94' title='bbox 722 1384 1010 1442; x_wconf 85' lang='lat' dir='ltr'><strong>facienda</strong></span> <span class='ocrx_word' id='word_1_95' title='bbox 1043 1397 1268 1454; x_wconf 87' lang='lat' dir='ltr'><strong>pronus</strong></span> <span class='ocrx_word' id='word_1_96' title='bbox 1306 1397 1318 1436; x_wconf 92' lang='lat'><strong>:</strong></span> <span class='ocrx_word' id='word_1_97' title='bbox 1349 1382 1430 1435; x_wconf 92' lang='lat' dir='ltr'><strong>Tu</strong></span> <span class='ocrx_word' id='word_1_98' title='bbox 1458 1378 1661 1447; x_wconf 80' lang='lat' dir='ltr'><strong>judex,</strong></span> <span class='ocrx_word' id='word_1_99' title='bbox 1705 1377 1856 1431; x_wconf 90' lang='lat' dir='ltr'><strong>bene</strong></span> <span class='ocrx_word' id='word_1_100' title='bbox 1898 1378 2184 1435; x_wconf 82' lang='lat' dir='ltr'><strong>moratus,</strong></span> 
     </span>
    </p>
   </div>
   <div class='ocr_carea' id='block_1_19' title="bbox 529 1461 2188 1550">
    <p class='ocr_par' dir='ltr' id='par_1_19' title="bbox 529 1461 2188 1550">
     <span class='ocr_line' id='line_1_19' title="bbox 529 1461 2188 1550; baseline -0.011 -16"><span class='ocrx_word' id='word_1_101' title='bbox 529 1483 582 1534; x_wconf 90' lang='lat' dir='ltr'><strong>et</strong></span> <span class='ocrx_word' id='word_1_102' title='bbox 612 1475 778 1550; x_wconf 90' lang='lat' dir='ltr'><strong>quod</strong></span> <span class='ocrx_word' id='word_1_103' title='bbox 807 1481 1056 1544; x_wconf 87' lang='lat' dir='ltr'><strong>utroque</strong></span> <span class='ocrx_word' id='word_1_104' title='bbox 1097 1486 1216 1525; x_wconf 87' lang='lat' dir='ltr'><strong>non</strong></span> <span class='ocrx_word' id='word_1_105' title='bbox 1262 1474 1351 1524; x_wconf 87' lang='lat' dir='ltr'><strong>est</strong></span> <span class='ocrx_word' id='word_1_106' title='bbox 1391 1467 1610 1530; x_wconf 88' lang='lat' dir='ltr'><strong>minus,</strong></span> <span class='ocrx_word' id='word_1_107' title='bbox 1646 1472 1965 1535; x_wconf 89' lang='lat' dir='ltr'><strong>utramque</strong></span> <span class='ocrx_word' id='word_1_108' title='bbox 2003 1461 2188 1518; x_wconf 86' lang='lat' dir='ltr'><strong>virtu-</strong></span> 
     </span>
    </p>
   </div>
   <div class='ocr_carea' id='block_1_20' title="bbox 528 1551 2186 1631">
    <p class='ocr_par' dir='ltr' id='par_1_20' title="bbox 528 1551 2186 1631">
     <span class='ocr_line' id='line_1_20' title="bbox 528 1551 2186 1631; baseline -0.011 -7"><span class='ocrx_word' id='word_1_109' title='bbox 528 1573 646 1624; x_wconf 89' lang='lat' dir='ltr'><strong>tem</strong></span> <span class='ocrx_word' id='word_1_110' title='bbox 704 1563 1054 1620; x_wconf 86' lang='lat' dir='ltr'><strong>illustrando</strong></span> <span class='ocrx_word' id='word_1_111' title='bbox 1094 1558 1443 1631; x_wconf 88' lang='lat' dir='ltr'><strong>dispositus:</strong></span> <span class='ocrx_word' id='word_1_112' title='bbox 1491 1559 1674 1611; x_wconf 90' lang='lat' dir='ltr'><strong>Deum</strong></span> <span class='ocrx_word' id='word_1_113' title='bbox 1725 1553 1936 1619; x_wconf 90' lang='lat' dir='ltr'><strong>habes,</strong></span> <span class='ocrx_word' id='word_1_114' title='bbox 1980 1551 2084 1624; x_wconf 89' lang='lat' dir='ltr'><strong>qui</strong></span> <span class='ocrx_word' id='word_1_115' title='bbox 2129 1555 2186 1607; x_wconf 88' lang='lat' dir='ltr'><strong>te</strong></span> 
     </span>
    </p>
   </div>
   <div class='ocr_carea' id='block_1_21' title="bbox 527 1641 2188 1712">
    <p class='ocr_par' dir='ltr' id='par_1_21' title="bbox 527 1641 2188 1712">
     <span class='ocr_line' id='line_1_21' title="bbox 527 1641 2188 1712; baseline -0.01 0"><span class='ocrx_word' id='word_1_116' title='bbox 527 1655 747 1712; x_wconf 89' lang='lat' dir='ltr'><strong>divitiis</strong></span> <span class='ocrx_word' id='word_1_117' title='bbox 814 1650 1322 1708; x_wconf 88' lang='lat' dir='ltr'><strong>circumﬂuentem</strong></span> <span class='ocrx_word' id='word_1_118' title='bbox 1373 1645 1642 1710; x_wconf 88' lang='lat' dir='ltr'><strong>custodit,</strong></span> <span class='ocrx_word' id='word_1_119' title='bbox 1727 1659 1836 1698; x_wconf 92' lang='lat' dir='ltr'><strong>nec</strong></span> <span class='ocrx_word' id='word_1_120' title='bbox 1896 1641 2188 1697; x_wconf 88' lang='lat' dir='ltr'><strong>custodiet</strong></span> 
     </span>
    </p>
   </div>
   <div class='ocr_carea' id='block_1_22' title="bbox 529 1729 2182 1810">
    <p class='ocr_par' dir='ltr' id='par_1_22' title="bbox 529 1729 2182 1810">
     <span class='ocr_line' id='line_1_22' title="bbox 529 1729 2182 1810; baseline -0.01 -8"><span class='ocrx_word' id='word_1_121' title='bbox 529 1750 786 1808; x_wconf 87' lang='lat' dir='ltr'><strong>tantum,</strong></span> <span class='ocrx_word' id='word_1_122' title='bbox 839 1740 965 1805; x_wconf 89' lang='lat' dir='ltr'><strong>sed,</strong></span> <span class='ocrx_word' id='word_1_123' title='bbox 999 1745 1059 1794; x_wconf 87' lang='lat' dir='ltr'><strong>ut</strong></span> <span class='ocrx_word' id='word_1_124' title='bbox 1090 1737 1194 1810; x_wconf 88' lang='lat' dir='ltr'><strong>qui</strong></span> <span class='ocrx_word' id='word_1_125' title='bbox 1222 1735 1529 1791; x_wconf 81' lang='lat' dir='ltr'><strong>veritatem</strong></span> <span class='ocrx_word' id='word_1_126' title='bbox 1570 1732 1819 1805; x_wconf 87' lang='lat' dir='ltr'><strong>prodere</strong></span> <span class='ocrx_word' id='word_1_127' title='bbox 1862 1746 1984 1786; x_wconf 90' lang='lat' dir='ltr'><strong>non</strong></span> <span class='ocrx_word' id='word_1_128' title='bbox 2012 1729 2182 1794; x_wconf 91' lang='lat' dir='ltr'><strong>solet,</strong></span> 
     </span>
    </p>
   </div>
   <div class='ocr_carea' id='block_1_23' title="bbox 526 1818 2185 1908">
    <p class='ocr_par' dir='ltr' id='par_1_23' title="bbox 526 1818 2185 1908">
     <span class='ocr_line' id='line_1_23' title="bbox 526 1818 2185 1908; baseline -0.01 -18"><span class='ocrx_word' id='word_1_129' title='bbox 526 1839 771 1908; x_wconf 86' lang='lat' dir='ltr'><strong>propter</strong></span> <span class='ocrx_word' id='word_1_130' title='bbox 830 1827 1254 1885; x_wconf 87' lang='lat' dir='ltr'><strong>misericordia</strong></span> <span class='ocrx_word' id='word_1_131' title='bbox 1297 1824 1556 1881; x_wconf 88' lang='lat' dir='ltr'><strong>actiones</strong></span> <span class='ocrx_word' id='word_1_132' title='bbox 1588 1827 1740 1890; x_wconf 86' lang='lat' dir='ltr'><strong>tuas,</strong></span> <span class='ocrx_word' id='word_1_133' title='bbox 1802 1820 2039 1875; x_wconf 86' lang='lat' dir='ltr'><strong>easdem</strong></span> <span class='ocrx_word' id='word_1_134' title='bbox 2081 1818 2185 1874; x_wconf 90' lang='lat' dir='ltr'><strong>tibi</strong></span> 
     </span>
    </p>
   </div>
   <div class='ocr_carea' id='block_1_24' title="bbox 528 1907 2184 1981">
    <p class='ocr_par' dir='ltr' id='par_1_24' title="bbox 528 1907 2184 1981">
     <span class='ocr_line' id='line_1_24' title="bbox 528 1907 2184 1981; baseline -0.01 -2"><span class='ocrx_word' id='word_1_135' title='bbox 528 1907 936 1980; x_wconf 87' lang='lat' dir='ltr'><strong>accumulabit</strong></span> <span class='ocrx_word' id='word_1_136' title='bbox 968 1913 1424 1974; x_wconf 88' lang='lat' dir='ltr'><strong>redundantius.</strong></span> <span class='ocrx_word' id='word_1_137' title='bbox 1455 1910 1770 1978; x_wconf 90' lang='lat' dir='ltr'><strong>Quomodo</strong></span> <span class='ocrx_word' id='word_1_138' title='bbox 1793 1908 1928 1981; x_wconf 89' lang='lat' dir='ltr'><strong>quis</strong></span> <span class='ocrx_word' id='word_1_139' title='bbox 1946 1907 2184 1981; x_wconf 90' lang='lat' dir='ltr'><strong>pericli-</strong></span> 
     </span>
    </p>
   </div>
   <div class='ocr_carea' id='block_1_25' title="bbox 527 1997 2187 2072">
    <p class='ocr_par' dir='ltr' id='par_1_25' title="bbox 527 1997 2187 2072">
     <span class='ocr_line' id='line_1_25' title="bbox 527 1997 2187 2072; baseline -0.011 -3"><span class='ocrx_word' id='word_1_140' title='bbox 527 2011 674 2069; x_wconf 89' lang='lat' dir='ltr'><strong>tanti</strong></span> <span class='ocrx_word' id='word_1_141' title='bbox 715 2010 910 2066; x_wconf 92' lang='lat' dir='ltr'><strong>amico</strong></span> <span class='ocrx_word' id='word_1_142' title='bbox 937 2007 1265 2062; x_wconf 87' lang='lat' dir='ltr'><strong>secundum</strong></span> <span class='ocrx_word' id='word_1_143' title='bbox 1294 2003 1454 2072; x_wconf 83' lang='lat' dir='ltr'><strong>leges</strong></span> <span class='ocrx_word' id='word_1_144' title='bbox 1485 2000 1819 2056; x_wconf 89' lang='lat' dir='ltr'><strong>dilectionis</strong></span> <span class='ocrx_word' id='word_1_145' title='bbox 1837 2014 1986 2054; x_wconf 85' lang='lat' dir='ltr'><strong>vera</strong></span> <span class='ocrx_word' id='word_1_146' title='bbox 2018 1997 2187 2053; x_wconf 89' lang='lat' dir='ltr'><strong>ades-</strong></span> 
     </span>
    </p>
   </div>
   <div class='ocr_carea' id='block_1_26' title="bbox 527 2085 2184 2174">
    <p class='ocr_par' dir='ltr' id='par_1_26' title="bbox 527 2085 2184 2174">
     <span class='ocr_line' id='line_1_26' title="bbox 527 2085 2184 2174; baseline -0.011 -17"><span class='ocrx_word' id='word_1_147' title='bbox 527 2117 592 2157; x_wconf 91' lang='lat' dir='ltr'><strong>se</strong></span> <span class='ocrx_word' id='word_1_148' title='bbox 623 2098 883 2174; x_wconf 73' lang='lat' dir='ltr'><strong>poterit?</strong></span> <span class='ocrx_word' id='word_1_149' title='bbox 913 2101 967 2152; x_wconf 89' lang='lat' dir='ltr'><strong>et</strong></span> <span class='ocrx_word' id='word_1_150' title='bbox 993 2095 1275 2165; x_wconf 88' lang='lat' dir='ltr'><strong>injuriam</strong></span> <span class='ocrx_word' id='word_1_151' title='bbox 1311 2107 1496 2164; x_wconf 91' lang='lat' dir='ltr'><strong>passo</strong></span> <span class='ocrx_word' id='word_1_152' title='bbox 1530 2089 1676 2146; x_wconf 89' lang='lat' dir='ltr'><strong>alter</strong></span> <span class='ocrx_word' id='word_1_153' title='bbox 1710 2087 1949 2160; x_wconf 85' lang='lat' dir='ltr'><strong>justitia</strong></span> <span class='ocrx_word' id='word_1_154' title='bbox 1975 2085 2184 2142; x_wconf 87' lang='lat' dir='ltr'><strong>oculus</strong></span> 
     </span>
    </p>
   </div>
   <div class='ocr_carea' id='block_1_27' title="bbox 523 2175 2185 2255">
    <p class='ocr_par' dir='ltr' id='par_1_27' title="bbox 523 2175 2185 2255">
     <span class='ocr_line' id='line_1_27' title="bbox 523 2175 2185 2255; baseline -0.01 -9"><span class='ocrx_word' id='word_1_155' title='bbox 523 2190 718 2246; x_wconf 86' lang='lat' dir='ltr'><strong>factus</strong></span> <span class='ocrx_word' id='word_1_156' title='bbox 750 2202 997 2244; x_wconf 89' lang='lat' dir='ltr'><strong>manum</strong></span> <span class='ocrx_word' id='word_1_157' title='bbox 1029 2183 1294 2255; x_wconf 82' lang='lat' dir='ltr'><strong>porrigat</strong></span> <span class='ocrx_word' id='word_1_158' title='bbox 1310 2179 1756 2242; x_wconf 80' lang='lat' dir='ltr'><strong>auxiliatricem,</strong></span> <span class='ocrx_word' id='word_1_159' title='bbox 1795 2177 1839 2231; x_wconf 89' lang='lat' dir='ltr'><strong>si</strong></span> <span class='ocrx_word' id='word_1_160' title='bbox 1873 2182 1934 2232; x_wconf 89' lang='lat' dir='ltr'><strong>ut</strong></span> <span class='ocrx_word' id='word_1_161' title='bbox 1966 2180 2085 2230; x_wconf 88' lang='lat' dir='ltr'><strong>tute</strong></span> <span class='ocrx_word' id='word_1_162' title='bbox 2106 2175 2185 2229; x_wconf 84' lang='lat' dir='ltr'><strong>fe-</strong></span> 
     </span>
    </p>
   </div>
   <div class='ocr_carea' id='block_1_28' title="bbox 525 2263 2180 2342">
    <p class='ocr_par' dir='ltr' id='par_1_28' title="bbox 525 2263 2180 2342">
     <span class='ocr_line' id='line_1_28' title="bbox 525 2263 2180 2342; baseline -0.01 -8"><span class='ocrx_word' id='word_1_163' title='bbox 525 2279 655 2334; x_wconf 86' lang='lat' dir='ltr'><strong>cisti</strong></span> <span class='ocrx_word' id='word_1_164' title='bbox 688 2283 743 2333; x_wconf 93' lang='lat' dir='ltr'><strong>et</strong></span> <span class='ocrx_word' id='word_1_165' title='bbox 771 2282 926 2332; x_wconf 90' lang='lat' dir='ltr'><strong>recte</strong></span> <span class='ocrx_word' id='word_1_166' title='bbox 953 2272 1243 2336; x_wconf 85' lang='lat' dir='ltr'><strong>incedisti,</strong></span> <span class='ocrx_word' id='word_1_167' title='bbox 1272 2269 1436 2342; x_wconf 90' lang='lat' dir='ltr'><strong>quod</strong></span> <span class='ocrx_word' id='word_1_168' title='bbox 1467 2283 1779 2340; x_wconf 88' lang='lat' dir='ltr'><strong>speramus</strong></span> <span class='ocrx_word' id='word_1_169' title='bbox 1823 2267 1990 2337; x_wconf 88' lang='lat' dir='ltr'><strong>(spes</strong></span> <span class='ocrx_word' id='word_1_170' title='bbox 2021 2263 2180 2320; x_wconf 88' lang='lat' dir='ltr'><strong>enim</strong></span> 
     </span>
    </p>
   </div>
   <div class='ocr_carea' id='block_1_29' title="bbox 523 2353 2182 2431">
    <p class='ocr_par' dir='ltr' id='par_1_29' title="bbox 523 2353 2182 2431">
     <span class='ocr_line' id='line_1_29' title="bbox 523 2353 2182 2431; baseline -0.011 -7"><span class='ocrx_word' id='word_1_171' title='bbox 523 2383 621 2424; x_wconf 91' lang='lat' dir='ltr'><strong>me</strong></span> <span class='ocrx_word' id='word_1_172' title='bbox 659 2367 924 2422; x_wconf 89' lang='lat' dir='ltr'><strong>futurum</strong></span> <span class='ocrx_word' id='word_1_173' title='bbox 956 2368 1245 2431; x_wconf 87' lang='lat' dir='ltr'><strong>tanquam</strong></span> <span class='ocrx_word' id='word_1_174' title='bbox 1274 2373 1532 2431; x_wconf 82' lang='lat' dir='ltr'><strong>prasens</strong></span> <span class='ocrx_word' id='word_1_175' title='bbox 1558 2355 1770 2412; x_wconf 91' lang='lat' dir='ltr'><strong>intueri</strong></span> <span class='ocrx_word' id='word_1_176' title='bbox 1811 2354 1992 2425; x_wconf 85' lang='lat' dir='ltr'><strong>facit),</strong></span> <span class='ocrx_word' id='word_1_177' title='bbox 2025 2353 2182 2424; x_wconf 89' lang='lat' dir='ltr'><strong>inju-</strong></span> 
     </span>
    </p>
   </div>
   <div class='ocr_carea' id='block_1_30' title="bbox 520 2441 2178 2527">
    <p class='ocr_par' dir='ltr' id='par_1_30' title="bbox 520 2441 2178 2527">
     <span class='ocr_line' id='line_1_30' title="bbox 520 2441 2178 2527; baseline -0.01 -15"><span class='ocrx_word' id='word_1_178' title='bbox 520 2457 672 2512; x_wconf 88' lang='lat' dir='ltr'><strong>riam</strong></span> <span class='ocrx_word' id='word_1_179' title='bbox 690 2469 872 2527; x_wconf 90' lang='lat' dir='ltr'><strong>passo</strong></span> <span class='ocrx_word' id='word_1_180' title='bbox 901 2451 1179 2522; x_wconf 91' lang='lat' dir='ltr'><strong>injuriam</strong></span> <span class='ocrx_word' id='word_1_181' title='bbox 1210 2447 1484 2503; x_wconf 86' lang='lat' dir='ltr'><strong>resarciet</strong></span> <span class='ocrx_word' id='word_1_182' title='bbox 1503 2462 1516 2500; x_wconf 90' lang='lat'><strong>:</strong></span> <span class='ocrx_word' id='word_1_183' title='bbox 1535 2447 1798 2500; x_wconf 90' lang='lat' dir='ltr'><strong>amicum</strong></span> <span class='ocrx_word' id='word_1_184' title='bbox 1821 2458 1982 2506; x_wconf 89' lang='lat' dir='ltr'><strong>vero,</strong></span> <span class='ocrx_word' id='word_1_185' title='bbox 2013 2441 2178 2497; x_wconf 89' lang='lat' dir='ltr'><strong>domi</strong></span> 
     </span>
    </p>
   </div>
   <div class='ocr_carea' id='block_1_31' title="bbox 523 2530 2173 2601">
    <p class='ocr_par' dir='ltr' id='par_1_31' title="bbox 523 2530 2173 2601">
     <span class='ocr_line' id='line_1_31' title="bbox 523 2530 2173 2601; baseline -0.008 -1"><span class='ocrx_word' id='word_1_186' title='bbox 523 2545 792 2601; x_wconf 89' lang='lat' dir='ltr'><strong>debitum</strong></span> <span class='ocrx_word' id='word_1_187' title='bbox 823 2540 1099 2599; x_wconf 87' lang='lat' dir='ltr'><strong>amicitia</strong></span> <span class='ocrx_word' id='word_1_188' title='bbox 1129 2538 1462 2601; x_wconf 88' lang='lat' dir='ltr'><strong>continens,</strong></span> <span class='ocrx_word' id='word_1_189' title='bbox 1495 2552 1530 2590; x_wconf 92' lang='lat' dir='ltr'><strong>a</strong></span> <span class='ocrx_word' id='word_1_190' title='bbox 1561 2533 1836 2590; x_wconf 85' lang='lat' dir='ltr'><strong>faciendo</strong></span> <span class='ocrx_word' id='word_1_191' title='bbox 1852 2530 2173 2587; x_wconf 84' lang='lat' dir='ltr'><strong>liberabis:</strong></span> 
     </span>
    </p>
   </div>
   <div class='ocr_carea' id='block_1_32' title="bbox 525 2621 2171 2695">
    <p class='ocr_par' dir='ltr' id='par_1_32' title="bbox 525 2621 2171 2695">
     <span class='ocr_line' id='line_1_32' title="bbox 525 2621 2171 2695; baseline -0.007 -9"><span class='ocrx_word' id='word_1_192' title='bbox 525 2634 670 2688; x_wconf 87' lang='lat' dir='ltr'><strong>Vide</strong></span> <span class='ocrx_word' id='word_1_193' title='bbox 719 2637 918 2687; x_wconf 77' lang='lat' dir='ltr'><strong>autem</strong></span> <span class='ocrx_word' id='word_1_194' title='bbox 952 2635 1015 2684; x_wconf 90' lang='lat' dir='ltr'><strong>ut</strong></span> <span class='ocrx_word' id='word_1_195' title='bbox 1061 2644 1153 2683; x_wconf 89' lang='lat' dir='ltr'><strong>res</strong></span> <span class='ocrx_word' id='word_1_196' title='bbox 1209 2625 1328 2691; x_wconf 89' lang='lat' dir='ltr'><strong>illa,</strong></span> <span class='ocrx_word' id='word_1_197' title='bbox 1362 2624 1439 2680; x_wconf 91' lang='lat' dir='ltr'><strong>ad</strong></span> <span class='ocrx_word' id='word_1_198' title='bbox 1495 2639 1682 2695; x_wconf 89' lang='lat' dir='ltr'><strong>quam</strong></span> <span class='ocrx_word' id='word_1_199' title='bbox 1739 2627 1792 2677; x_wconf 91' lang='lat' dir='ltr'><strong>te</strong></span> <span class='ocrx_word' id='word_1_200' title='bbox 1841 2621 2171 2689; x_wconf 87' lang='lat' dir='ltr'><strong>hortamur,</strong></span> 
     </span>
    </p>
   </div>
   <div class='ocr_carea' id='block_1_33' title="bbox 524 2711 2177 2784">
    <p class='ocr_par' dir='ltr' id='par_1_33' title="bbox 524 2711 2177 2784">
     <span class='ocr_line' id='line_1_33' title="bbox 524 2711 2177 2784; baseline -0.01 -4"><span class='ocrx_word' id='word_1_201' title='bbox 524 2739 661 2780; x_wconf 91' lang='lat' dir='ltr'><strong>cum</strong></span> <span class='ocrx_word' id='word_1_202' title='bbox 697 2722 768 2778; x_wconf 81' lang='lat' dir='ltr'><strong>sit</strong></span> <span class='ocrx_word' id='word_1_203' title='bbox 801 2721 996 2783; x_wconf 89' lang='lat' dir='ltr'><strong>unica,</strong></span> <span class='ocrx_word' id='word_1_204' title='bbox 1024 2723 1080 2773; x_wconf 91' lang='lat' dir='ltr'><strong>et</strong></span> <span class='ocrx_word' id='word_1_205' title='bbox 1103 2717 1224 2772; x_wconf 93' lang='lat' dir='ltr'><strong>duo</strong></span> <span class='ocrx_word' id='word_1_206' title='bbox 1259 2715 1366 2771; x_wconf 86' lang='lat' dir='ltr'><strong>tibi</strong></span> <span class='ocrx_word' id='word_1_207' title='bbox 1393 2715 1505 2770; x_wconf 89' lang='lat' dir='ltr'><strong>ista</strong></span> <span class='ocrx_word' id='word_1_208' title='bbox 1535 2721 1989 2784; x_wconf 88' lang='lat' dir='ltr'><strong>reprasentans,</strong></span> <span class='ocrx_word' id='word_1_209' title='bbox 2022 2711 2177 2765; x_wconf 89' lang='lat' dir='ltr'><strong>testi-</strong></span> 
     </span>
    </p>
   </div>
   <div class='ocr_carea' id='block_1_34' title="bbox 525 2799 2173 2872">
    <p class='ocr_par' dir='ltr' id='par_1_34' title="bbox 525 2799 2173 2872">
     <span class='ocr_line' id='line_1_34' title="bbox 525 2799 2173 2872; baseline -0.01 -3"><span class='ocrx_word' id='word_1_210' title='bbox 525 2812 796 2868; x_wconf 88' lang='lat' dir='ltr'><strong>monium</strong></span> <span class='ocrx_word' id='word_1_211' title='bbox 827 2808 1058 2872; x_wconf 86' lang='lat' dir='ltr'><strong>reddat,</strong></span> <span class='ocrx_word' id='word_1_212' title='bbox 1104 2810 1162 2861; x_wconf 91' lang='lat' dir='ltr'><strong>et</strong></span> <span class='ocrx_word' id='word_1_213' title='bbox 1199 2803 1391 2860; x_wconf 87' lang='lat' dir='ltr'><strong>amori</strong></span> <span class='ocrx_word' id='word_1_214' title='bbox 1435 2801 1620 2871; x_wconf 89' lang='lat' dir='ltr'><strong>diviti,</strong></span> <span class='ocrx_word' id='word_1_215' title='bbox 1663 2809 1716 2856; x_wconf 88' lang='lat' dir='ltr'><strong>et</strong></span> <span class='ocrx_word' id='word_1_216' title='bbox 1744 2799 1992 2872; x_wconf 77' lang='lat' dir='ltr'><strong>justitia</strong></span> <span class='ocrx_word' id='word_1_217' title='bbox 2023 2799 2173 2854; x_wconf 88' lang='lat' dir='ltr'><strong>invi-</strong></span> 
     </span>
    </p>
   </div>
   <div class='ocr_carea' id='block_1_35' title="bbox 524 2888 2175 2972">
    <p class='ocr_par' dir='ltr' id='par_1_35' title="bbox 524 2888 2175 2972">
     <span class='ocr_line' id='line_1_35' title="bbox 524 2888 2175 2972; baseline -0.01 -13"><span class='ocrx_word' id='word_1_218' title='bbox 524 2908 654 2966; x_wconf 89' lang='lat' dir='ltr'><strong>cta,</strong></span> <span class='ocrx_word' id='word_1_219' title='bbox 694 2899 956 2972; x_wconf 86' lang='lat' dir='ltr'><strong>cujusvis</strong></span> <span class='ocrx_word' id='word_1_220' title='bbox 1001 2903 1056 2952; x_wconf 91' lang='lat' dir='ltr'><strong>et</strong></span> <span class='ocrx_word' id='word_1_221' title='bbox 1089 2892 1472 2968; x_wconf 88' lang='lat' dir='ltr'><strong>pulchritudo</strong></span> <span class='ocrx_word' id='word_1_222' title='bbox 1530 2893 1588 2946; x_wconf 93' lang='lat' dir='ltr'><strong>in</strong></span> <span class='ocrx_word' id='word_1_223' title='bbox 1617 2897 1668 2946; x_wconf 90' lang='lat' dir='ltr'><strong>te</strong></span> <span class='ocrx_word' id='word_1_224' title='bbox 1720 2891 1989 2945; x_wconf 89' lang='lat' dir='ltr'><strong>relucens</strong></span> <span class='ocrx_word' id='word_1_225' title='bbox 2027 2888 2175 2944; x_wconf 90' lang='lat' dir='ltr'><strong>cele-</strong></span> 
     </span>
    </p>
   </div>
   <div class='ocr_carea' id='block_1_36' title="bbox 519 2979 2174 3061">
    <p class='ocr_par' dir='ltr' id='par_1_36' title="bbox 519 2979 2174 3061">
     <span class='ocr_line' id='line_1_36' title="bbox 519 2979 2174 3061; baseline -0.01 -12"><span class='ocrx_word' id='word_1_226' title='bbox 519 2991 778 3048; x_wconf 86' lang='lat' dir='ltr'><strong>berrime</strong></span> <span class='ocrx_word' id='word_1_227' title='bbox 829 3004 936 3061; x_wconf 87' lang='lat' dir='ltr'><strong>per</strong></span> <span class='ocrx_word' id='word_1_228' title='bbox 989 2990 1173 3044; x_wconf 90' lang='lat' dir='ltr'><strong>totam</strong></span> <span class='ocrx_word' id='word_1_229' title='bbox 1223 2983 1406 3039; x_wconf 89' lang='lat' dir='ltr'><strong>vitam</strong></span> <span class='ocrx_word' id='word_1_230' title='bbox 1456 2979 1923 3054; x_wconf 86' lang='lat' dir='ltr'><strong>pradicabitur:</strong></span> <span class='ocrx_word' id='word_1_231' title='bbox 1974 2979 2058 3034; x_wconf 88' lang='lat' dir='ltr'><strong>ita</strong></span> <span class='ocrx_word' id='word_1_232' title='bbox 2114 2981 2174 3033; x_wconf 90' lang='lat' dir='ltr'><strong>ut</strong></span> 
     </span>
    </p>
   </div>
   <div class='ocr_carea' id='block_1_37' title="bbox 521 3068 2166 3153">
    <p class='ocr_par' dir='ltr' id='par_1_37' title="bbox 521 3068 2166 3153">
     <span class='ocr_line' id='line_1_37' title="bbox 521 3068 2166 3153; baseline -0.01 -15"><span class='ocrx_word' id='word_1_233' title='bbox 521 3081 917 3153; x_wconf 88' lang='lat' dir='ltr'><strong>archetypum</strong></span> <span class='ocrx_word' id='word_1_234' title='bbox 961 3080 1014 3132; x_wconf 90' lang='lat' dir='ltr'><strong>te</strong></span> <span class='ocrx_word' id='word_1_235' title='bbox 1075 3079 1131 3131; x_wconf 88' lang='lat' dir='ltr'><strong>et</strong></span> <span class='ocrx_word' id='word_1_236' title='bbox 1182 3071 1522 3144; x_wconf 85' lang='lat' dir='ltr'><strong>exemplum</strong></span> <span class='ocrx_word' id='word_1_237' title='bbox 1577 3073 1815 3142; x_wconf 86' lang='lat' dir='ltr'><strong>prastet</strong></span> <span class='ocrx_word' id='word_1_238' title='bbox 1895 3068 2166 3124; x_wconf 88' lang='lat' dir='ltr'><strong>virtutem</strong></span> 
     </span>
    </p>
   </div>
   <div class='ocr_carea' id='block_1_38' title="bbox 520 3158 2168 3232">
    <p class='ocr_par' dir='ltr' id='par_1_38' title="bbox 520 3158 2168 3232">
     <span class='ocr_line' id='line_1_38' title="bbox 520 3158 2168 3232; baseline -0.01 -4"><span class='ocrx_word' id='word_1_239' title='bbox 520 3169 864 3228; x_wconf 88' lang='lat' dir='ltr'><strong>amantibus</strong></span> <span class='ocrx_word' id='word_1_240' title='bbox 881 3165 1209 3223; x_wconf 89' lang='lat' dir='ltr'><strong>imitatione</strong></span> <span class='ocrx_word' id='word_1_241' title='bbox 1222 3162 1494 3232; x_wconf 90' lang='lat' dir='ltr'><strong>dignum,</strong></span> <span class='ocrx_word' id='word_1_242' title='bbox 1510 3165 1562 3216; x_wconf 91' lang='lat' dir='ltr'><strong>et</strong></span> <span class='ocrx_word' id='word_1_243' title='bbox 1575 3158 1730 3232; x_wconf 91' lang='lat' dir='ltr'><strong>quod</strong></span> <span class='ocrx_word' id='word_1_244' title='bbox 1745 3159 2052 3214; x_wconf 85' lang='lat' dir='ltr'><strong>maximum</strong></span> <span class='ocrx_word' id='word_1_245' title='bbox 2063 3163 2168 3223; x_wconf 88' lang='lat' dir='ltr'><strong>est,</strong></span> 
     </span>
    </p>
   </div>
   <div class='ocr_carea' id='block_1_39' title="bbox 518 3246 2172 3330">
    <p class='ocr_par' dir='ltr' id='par_1_39' title="bbox 518 3246 2172 3330">
     <span class='ocr_line' id='line_1_39' title="bbox 518 3246 2172 3330; baseline -0.009 -13"><span class='ocrx_word' id='word_1_246' title='bbox 518 3261 668 3316; x_wconf 89' lang='lat' dir='ltr'><strong>inter</strong></span> <span class='ocrx_word' id='word_1_247' title='bbox 680 3259 839 3315; x_wconf 90' lang='lat' dir='ltr'><strong>bona</strong></span> <span class='ocrx_word' id='word_1_248' title='bbox 853 3273 989 3330; x_wconf 85' lang='lat' dir='ltr'><strong>qua</strong></span> <span class='ocrx_word' id='word_1_249' title='bbox 1005 3252 1300 3310; x_wconf 87' lang='lat' dir='ltr'><strong>nominari</strong></span> <span class='ocrx_word' id='word_1_250' title='bbox 1314 3256 1563 3325; x_wconf 90' lang='lat' dir='ltr'><strong>queunt,</strong></span> <span class='ocrx_word' id='word_1_251' title='bbox 1583 3254 1762 3322; x_wconf 90' lang='lat' dir='ltr'><strong>atque</strong></span> <span class='ocrx_word' id='word_1_252' title='bbox 1775 3251 1957 3321; x_wconf 90' lang='lat' dir='ltr'><strong>caput</strong></span> <span class='ocrx_word' id='word_1_253' title='bbox 1976 3264 1988 3303; x_wconf 94' lang='lat'>:</span> <span class='ocrx_word' id='word_1_254' title='bbox 2005 3246 2172 3320; x_wconf 91' lang='lat' dir='ltr'><strong>quod</strong></span> 
     </span>
    </p>
   </div>
   <div class='ocr_carea' id='block_1_40' title="bbox 519 3339 2172 3420">
    <p class='ocr_par' dir='ltr' id='par_1_40' title="bbox 519 3339 2172 3420">
     <span class='ocr_line' id='line_1_40' title="bbox 519 3339 2172 3420; baseline -0.009 -14"><span class='ocrx_word' id='word_1_255' title='bbox 519 3351 783 3406; x_wconf 72' lang='lat' dir='ltr'><strong>caelestes</strong></span> <span class='ocrx_word' id='word_1_256' title='bbox 826 3353 1028 3420; x_wconf 89' lang='lat' dir='ltr'><strong>portas</strong></span> <span class='ocrx_word' id='word_1_257' title='bbox 1065 3343 1181 3400; x_wconf 92' lang='lat' dir='ltr'><strong>hoc</strong></span> <span class='ocrx_word' id='word_1_258' title='bbox 1225 3343 1320 3398; x_wconf 89' lang='lat' dir='ltr'><strong>tibi</strong></span> <span class='ocrx_word' id='word_1_259' title='bbox 1363 3339 1687 3412; x_wconf 88' lang='lat' dir='ltr'><strong>adaperiet,</strong></span> <span class='ocrx_word' id='word_1_260' title='bbox 1726 3339 1803 3394; x_wconf 89' lang='lat' dir='ltr'><strong>ad</strong></span> <span class='ocrx_word' id='word_1_261' title='bbox 1837 3339 2172 3407; x_wconf 89' lang='lat' dir='ltr'><strong>ingredien-</strong></span> 
     </span>
    </p>
   </div>
   <div class='ocr_carea' id='block_1_41' title="bbox 517 3425 2169 3493">
    <p class='ocr_par' dir='ltr' id='par_1_41' title="bbox 517 3425 2169 3493">
     <span class='ocr_line' id='line_1_41' title="bbox 517 3425 2169 3493; baseline -0.008 0"><span class='ocrx_word' id='word_1_262' title='bbox 517 3438 663 3493; x_wconf 91' lang='lat' dir='ltr'><strong>dum</strong></span> <span class='ocrx_word' id='word_1_263' title='bbox 706 3435 1160 3492; x_wconf 87' lang='lat' dir='ltr'><strong>immaculatum</strong></span> <span class='ocrx_word' id='word_1_264' title='bbox 1193 3437 1248 3486; x_wconf 90' lang='lat' dir='ltr'><strong>et</strong></span> <span class='ocrx_word' id='word_1_265' title='bbox 1292 3428 1522 3486; x_wconf 87' lang='lat' dir='ltr'><strong>felicem</strong></span> <span class='ocrx_word' id='word_1_266' title='bbox 1569 3427 1897 3483; x_wconf 89' lang='lat' dir='ltr'><strong>thalamum</strong></span> <span class='ocrx_word' id='word_1_267' title='bbox 1952 3425 2169 3480; x_wconf 86' lang='lat' dir='ltr'><strong>divina</strong></span> 
     </span>
    </p>
   </div>
   <div class='ocr_carea' id='block_1_42' title="bbox 518 3513 2170 3589">
    <p class='ocr_par' dir='ltr' id='par_1_42' title="bbox 518 3513 2170 3589">
     <span class='ocr_line' id='line_1_42' title="bbox 518 3513 2170 3589; baseline -0.007 -7"><span class='ocrx_word' id='word_1_268' title='bbox 518 3533 753 3583; x_wconf 88' lang='lat' dir='ltr'><strong>aterna</strong></span> <span class='ocrx_word' id='word_1_269' title='bbox 768 3523 1077 3589; x_wconf 88' lang='lat' dir='ltr'><strong>fruitionis,</strong></span> <span class='ocrx_word' id='word_1_270' title='bbox 1103 3538 1172 3576; x_wconf 92' lang='lat' dir='ltr'><strong>eo</strong></span> <span class='ocrx_word' id='word_1_271' title='bbox 1185 3519 1560 3586; x_wconf 88' lang='lat' dir='ltr'><strong>transmisso,</strong></span> <span class='ocrx_word' id='word_1_272' title='bbox 1575 3516 1746 3587; x_wconf 89' lang='lat' dir='ltr'><strong>cujus</strong></span> <span class='ocrx_word' id='word_1_273' title='bbox 1762 3513 2037 3570; x_wconf 76' lang='lat' dir='ltr'><strong>fruitione</strong></span> <span class='ocrx_word' id='word_1_274' title='bbox 2055 3513 2170 3570; x_wconf 85' lang='lat' dir='ltr'><strong>cla-</strong></span> 
     </span>
    </p>
   </div>
   <div class='ocr_carea' id='block_1_43' title="bbox 516 3610 1261 3683">
    <p class='ocr_par' dir='ltr' id='par_1_43' title="bbox 516 3610 1261 3683">
     <span class='ocr_line' id='line_1_43' title="bbox 516 3610 1261 3683; baseline -0.013 -12"><span class='ocrx_word' id='word_1_275' title='bbox 516 3615 705 3671; x_wconf 89' lang='lat' dir='ltr'><strong>ritatis</strong></span> <span class='ocrx_word' id='word_1_276' title='bbox 737 3613 847 3668; x_wconf 89' lang='lat' dir='ltr'><strong>sim</strong></span> <span class='ocrx_word' id='word_1_277' title='bbox 880 3628 992 3683; x_wconf 85' lang='lat' dir='ltr'><strong>ego</strong></span> <span class='ocrx_word' id='word_1_278' title='bbox 1022 3610 1261 3680; x_wconf 91' lang='lat' dir='ltr'><strong>dignus.</strong></span> 
     </span>
    </p>
   </div>
   <div class='ocr_carea' id='block_1_44' title="bbox 1160 3694 1529 3752">
    <p class='ocr_par' dir='ltr' id='par_1_44' title="bbox 1160 3694 1529 3752">
     <span class='ocr_line' id='line_1_44' title="bbox 1160 3694 1529 3752; baseline -0.016 0"><span class='ocrx_word' id='word_1_279' title='bbox 1160 3695 1377 3752; x_wconf 87' lang='lat' dir='ltr'><strong>EPIST.</strong></span> <span class='ocrx_word' id='word_1_280' title='bbox 1420 3694 1529 3748; x_wconf 87' lang='lat' dir='ltr'><strong>LV.</strong></span> 
     </span>
    </p>
   </div>
   <div class='ocr_carea' id='block_1_45' title="bbox 1225 3783 1459 3841">
    <p class='ocr_par' dir='ltr' id='par_1_45' title="bbox 1225 3783 1459 3841">
     <span class='ocr_line' id='line_1_45' title="bbox 1225 3783 1459 3841; baseline -0.004 0"><span class='ocrx_word' id='word_1_281' title='bbox 1225 3783 1432 3841; x_wconf 81' lang='lat' dir='ltr'><strong>Eidem</strong></span> <span class='ocrx_word' id='word_1_282' title='bbox 1447 3827 1459 3840; x_wconf 94' lang='lat'><em>.</em></span> 
     </span>
    </p>
   </div>
   <div class='ocr_carea' id='block_1_46' title="bbox 1742 3877 2178 3943">
    <p class='ocr_par' dir='ltr' id='par_1_46' title="bbox 1742 3877 2178 3943">
     <span class='ocr_line' id='line_1_46' title="bbox 1742 3877 2178 3943; baseline 0.007 -16"><span class='ocrx_word' id='word_1_283' title='bbox 1742 3877 2032 3929; x_wconf 87' lang='lat' dir='ltr'><strong>Montacut.</strong></span> <span class='ocrx_word' id='word_1_284' title='bbox 2069 3881 2154 3943; x_wconf 89' lang='lat' dir='ltr'><strong>(ep</strong></span> <span class='ocrx_word' id='word_1_285' title='bbox 2167 3918 2178 3930; x_wconf 94' lang='lat'><strong>.</strong></span> 
     </span>
    </p>
   </div>
   <div class='ocr_carea' id='block_1_47' title="bbox 589 3968 2169 4045">
    <p class='ocr_par' dir='ltr' id='par_1_47' title="bbox 589 3968 2169 4045">
     <span class='ocr_line' id='line_1_47' title="bbox 589 3968 2169 4045; baseline -0.007 -11"><span class='ocrx_word' id='word_1_286' title='bbox 589 3973 932 4040; x_wconf 88' lang='lat' dir='ltr'><strong>Declarasti,</strong></span> <span class='ocrx_word' id='word_1_287' title='bbox 965 3975 1259 4045; x_wconf 86' lang='lat' dir='ltr'><strong>quantum</strong></span> <span class='ocrx_word' id='word_1_288' title='bbox 1296 3976 1352 4026; x_wconf 90' lang='lat' dir='ltr'><strong>et</strong></span> <span class='ocrx_word' id='word_1_289' title='bbox 1387 3968 1684 4034; x_wconf 89' lang='lat' dir='ltr'><strong>amicitia,</strong></span> <span class='ocrx_word' id='word_1_290' title='bbox 1717 3972 1774 4024; x_wconf 91' lang='lat' dir='ltr'><strong>et</strong></span> <span class='ocrx_word' id='word_1_291' title='bbox 1795 3968 2042 4040; x_wconf 90' lang='lat' dir='ltr'><strong>justitia</strong></span> <span class='ocrx_word' id='word_1_292' title='bbox 2075 3968 2169 4024; x_wconf 88' lang='lat' dir='ltr'><strong>tri-</strong></span> 
     </span>
    </p>
   </div>
   <div class='ocr_carea' id='block_1_48' title="bbox 514 4060 2171 4137">
    <p class='ocr_par' dir='ltr' id='par_1_48' title="bbox 514 4060 2171 4137">
     <span class='ocr_line' id='line_1_48' title="bbox 514 4060 2171 4137; baseline -0.006 -14"><span class='ocrx_word' id='word_1_293' title='bbox 514 4067 692 4137; x_wconf 87' lang='lat' dir='ltr'><strong>buas,</strong></span> <span class='ocrx_word' id='word_1_294' title='bbox 743 4065 828 4122; x_wconf 90' lang='lat' dir='ltr'><strong>vir</strong></span> <span class='ocrx_word' id='word_1_295' title='bbox 858 4066 1300 4124; x_wconf 87' lang='lat' dir='ltr'><strong>consummate,</strong></span> <span class='ocrx_word' id='word_1_296' title='bbox 1337 4060 1668 4132; x_wconf 85' lang='lat' dir='ltr'><strong>prasertim</strong></span> <span class='ocrx_word' id='word_1_297' title='bbox 1709 4075 1846 4114; x_wconf 89' lang='lat' dir='ltr'><strong>cum</strong></span> <span class='ocrx_word' id='word_1_298' title='bbox 1897 4063 1980 4114; x_wconf 89' lang='lat' dir='ltr'><strong>tot</strong></span> <span class='ocrx_word' id='word_1_299' title='bbox 2020 4073 2171 4130; x_wconf 86' lang='lat' dir='ltr'><strong>pra-</strong></span> 
     </span>
    </p>
   </div>
   <div class='ocr_carea' id='block_1_49' title="bbox 515 4146 2169 4224">
    <p class='ocr_par' dir='ltr' id='par_1_49' title="bbox 515 4146 2169 4224">
     <span class='ocr_line' id='line_1_49' title="bbox 515 4146 2169 4224; baseline -0.007 -11"><span class='ocrx_word' id='word_1_300' title='bbox 515 4154 883 4214; x_wconf 83' lang='lat' dir='ltr'><strong>terﬂuxerint</strong></span> <span class='ocrx_word' id='word_1_301' title='bbox 913 4149 1422 4224; x_wconf 87' lang='lat' dir='ltr'><strong>generationes,in</strong></span> <span class='ocrx_word' id='word_1_302' title='bbox 1455 4148 1676 4222; x_wconf 82' lang='lat' dir='ltr'><strong>quibus</strong></span> <span class='ocrx_word' id='word_1_303' title='bbox 1699 4146 1929 4202; x_wconf 91' lang='lat' dir='ltr'><strong>nullum</strong></span> <span class='ocrx_word' id='word_1_304' title='bbox 1959 4147 2169 4202; x_wconf 89' lang='lat' dir='ltr'><strong>utrius-</strong></span> 
     </span>
    </p>
   </div>
   <div class='ocr_carea' id='block_1_50' title="bbox 511 4237 2166 4306">
    <p class='ocr_par' dir='ltr' id='par_1_50' title="bbox 511 4237 2166 4306">
     <span class='ocr_line' id='line_1_50' title="bbox 511 4237 2166 4306; baseline -0.007 -4"><span class='ocrx_word' id='word_1_305' title='bbox 511 4245 652 4302; x_wconf 89' lang='lat' dir='ltr'><strong>libet</strong></span> <span class='ocrx_word' id='word_1_306' title='bbox 682 4250 882 4300; x_wconf 89' lang='lat' dir='ltr'><strong>actum</strong></span> <span class='ocrx_word' id='word_1_307' title='bbox 919 4243 1216 4297; x_wconf 90' lang='lat' dir='ltr'><strong>sincerum</strong></span> <span class='ocrx_word' id='word_1_308' title='bbox 1251 4237 1582 4293; x_wconf 90' lang='lat' dir='ltr'><strong>viderimus</strong></span> <span class='ocrx_word' id='word_1_309' title='bbox 1614 4253 1625 4292; x_wconf 75' lang='grc' dir='ltr'><strong>ε</strong></span> <span class='ocrx_word' id='word_1_310' title='bbox 1683 4251 1795 4306; x_wconf 90' lang='lat' dir='ltr'><strong>ego</strong></span> <span class='ocrx_word' id='word_1_311' title='bbox 1825 4241 1982 4292; x_wconf 90' lang='lat' dir='ltr'><strong>certe</strong></span> <span class='ocrx_word' id='word_1_312' title='bbox 2028 4252 2166 4291; x_wconf 90' lang='lat' dir='ltr'><strong>cum</strong></span> 
     </span>
    </p>
   </div>
   <div class='ocr_carea' id='block_1_51' title="bbox 513 4325 2166 4398">
    <p class='ocr_par' dir='ltr' id='par_1_51' title="bbox 513 4325 2166 4398">
     <span class='ocr_line' id='line_1_51' title="bbox 513 4325 2166 4398; baseline -0.007 -7"><span class='ocrx_word' id='word_1_313' title='bbox 513 4335 591 4391; x_wconf 93' lang='lat' dir='ltr'><strong>ob</strong></span> <span class='ocrx_word' id='word_1_314' title='bbox 642 4333 1024 4396; x_wconf 88' lang='lat' dir='ltr'><strong>celeritatem,</strong></span> <span class='ocrx_word' id='word_1_315' title='bbox 1057 4336 1183 4385; x_wconf 91' lang='lat' dir='ltr'><strong>tum</strong></span> <span class='ocrx_word' id='word_1_316' title='bbox 1223 4327 1302 4384; x_wconf 90' lang='lat' dir='ltr'><strong>ob</strong></span> <span class='ocrx_word' id='word_1_317' title='bbox 1335 4325 1811 4398; x_wconf 88' lang='lat' dir='ltr'><strong>magnitudinem</strong></span> <span class='ocrx_word' id='word_1_318' title='bbox 1867 4325 2041 4380; x_wconf 90' lang='lat' dir='ltr'><strong>istius</strong></span> <span class='ocrx_word' id='word_1_319' title='bbox 2082 4325 2166 4380; x_wconf 90' lang='lat' dir='ltr'><strong>rei</strong></span> 
     </span>
    </p>
   </div>
   <div class='ocr_carea' id='block_1_52' title="bbox 511 4413 2167 4496">
    <p class='ocr_par' dir='ltr' id='par_1_52' title="bbox 511 4413 2167 4496">
     <span class='ocr_line' id='line_1_52' title="bbox 511 4413 2167 4496; baseline -0.005 -17"><span class='ocrx_word' id='word_1_320' title='bbox 511 4423 738 4496; x_wconf 89' lang='lat' dir='ltr'><strong>optime</strong></span> <span class='ocrx_word' id='word_1_321' title='bbox 769 4426 948 4491; x_wconf 90' lang='lat' dir='ltr'><strong>gesta</strong></span> <span class='ocrx_word' id='word_1_322' title='bbox 981 4417 1216 4488; x_wconf 90' lang='lat' dir='ltr'><strong>gaudeo</strong></span> <span class='ocrx_word' id='word_1_323' title='bbox 1251 4432 1263 4471; x_wconf 92' lang='lat'><strong>:</strong></span> <span class='ocrx_word' id='word_1_324' title='bbox 1298 4431 1407 4471; x_wconf 89' lang='lat' dir='ltr'><strong>nec</strong></span> <span class='ocrx_word' id='word_1_325' title='bbox 1447 4413 1709 4484; x_wconf 72' lang='lat' dir='ltr'><strong>gaudere</strong></span> <span class='ocrx_word' id='word_1_326' title='bbox 1739 4430 1877 4469; x_wconf 92' lang='lat' dir='ltr'><strong>cum</strong></span> <span class='ocrx_word' id='word_1_327' title='bbox 1904 4413 2167 4470; x_wconf 83' lang='lat' dir='ltr'><strong>exsulta-</strong></span> 
     </span>
    </p>
   </div>
   <div class='ocr_carea' id='block_1_53' title="bbox 510 4501 2160 4578">
    <p class='ocr_par' dir='ltr' id='par_1_53' title="bbox 510 4501 2160 4578">
     <span class='ocr_line' id='line_1_53' title="bbox 510 4501 2160 4578; baseline -0.007 -9"><span class='ocrx_word' id='word_1_328' title='bbox 510 4512 667 4569; x_wconf 86' lang='lat' dir='ltr'><strong>tione</strong></span> <span class='ocrx_word' id='word_1_329' title='bbox 684 4509 994 4573; x_wconf 81' lang='lat' dir='ltr'><strong>desistam,</strong></span> <span class='ocrx_word' id='word_1_330' title='bbox 1017 4507 1158 4578; x_wconf 90' lang='lat' dir='ltr'><strong>quia</strong></span> <span class='ocrx_word' id='word_1_331' title='bbox 1174 4504 1532 4576; x_wconf 88' lang='lat' dir='ltr'><strong>priusquam</strong></span> <span class='ocrx_word' id='word_1_332' title='bbox 1560 4503 1760 4558; x_wconf 90' lang='lat' dir='ltr'><strong>litteris</strong></span> <span class='ocrx_word' id='word_1_333' title='bbox 1789 4501 2160 4574; x_wconf 85' lang='lat' dir='ltr'><strong>explorarem</strong></span> 
     </span>
    </p>
   </div>
   <div class='ocr_carea' id='block_1_54' title="bbox 509 4591 2161 4662">
    <p class='ocr_par' dir='ltr' id='par_1_54' title="bbox 509 4591 2161 4662">
     <span class='ocr_line' id='line_1_54' title="bbox 509 4591 2161 4662; baseline -0.007 -3"><span class='ocrx_word' id='word_1_334' title='bbox 509 4619 582 4658; x_wconf 91' lang='lat' dir='ltr'><strong>an</strong></span> <span class='ocrx_word' id='word_1_335' title='bbox 611 4601 898 4657; x_wconf 89' lang='lat' dir='ltr'><strong>molestus</strong></span> <span class='ocrx_word' id='word_1_336' title='bbox 930 4595 1034 4652; x_wconf 91' lang='lat' dir='ltr'><strong>tibi</strong></span> <span class='ocrx_word' id='word_1_337' title='bbox 1064 4611 1286 4662; x_wconf 90' lang='lat' dir='ltr'><strong>essem,</strong></span> <span class='ocrx_word' id='word_1_338' title='bbox 1322 4599 1550 4648; x_wconf 89' lang='lat' dir='ltr'><strong>tantum</strong></span> <span class='ocrx_word' id='word_1_339' title='bbox 1591 4591 1872 4660; x_wconf 85' lang='lat' dir='ltr'><strong>dignatus</strong></span> <span class='ocrx_word' id='word_1_340' title='bbox 1922 4607 1986 4646; x_wconf 91' lang='lat' dir='ltr'><strong>es</strong></span> <span class='ocrx_word' id='word_1_341' title='bbox 2020 4592 2161 4648; x_wconf 90' lang='lat' dir='ltr'><strong>mihi</strong></span> 
     </span>
    </p>
   </div>
   <div class='ocr_carea' id='block_1_55' title="bbox 507 4679 2161 4758">
    <p class='ocr_par' dir='ltr' id='par_1_55' title="bbox 507 4679 2161 4758">
     <span class='ocr_line' id='line_1_55' title="bbox 507 4679 2161 4758; baseline -0.007 -11"><span class='ocrx_word' id='word_1_342' title='bbox 507 4687 962 4747; x_wconf 86' lang='lat' dir='ltr'><strong>attribuere:in</strong></span> <span class='ocrx_word' id='word_1_343' title='bbox 1015 4684 1310 4758; x_wconf 87' lang='lat' dir='ltr'><strong>prasenti,</strong></span> <span class='ocrx_word' id='word_1_344' title='bbox 1345 4681 1497 4737; x_wconf 88' lang='lat' dir='ltr'><strong>adeo</strong></span> <span class='ocrx_word' id='word_1_345' title='bbox 1549 4679 1784 4736; x_wconf 90' lang='lat' dir='ltr'><strong>attollor</strong></span> <span class='ocrx_word' id='word_1_346' title='bbox 1840 4685 1896 4735; x_wconf 89' lang='lat' dir='ltr'><strong>et</strong></span> <span class='ocrx_word' id='word_1_347' title='bbox 1948 4680 2161 4736; x_wconf 88' lang='lat' dir='ltr'><strong>allatus</strong></span> 
     </span>
    </p>
   </div>
   <div class='ocr_carea' id='block_1_56' title="bbox 506 4768 2161 4851">
    <p class='ocr_par' dir='ltr' id='par_1_56' title="bbox 506 4768 2161 4851">
     <span class='ocr_line' id='line_1_56' title="bbox 506 4768 2161 4851; baseline -0.005 -18"><span class='ocrx_word' id='word_1_348' title='bbox 506 4780 740 4845; x_wconf 88' lang='lat' dir='ltr'><strong>incedo,</strong></span> <span class='ocrx_word' id='word_1_349' title='bbox 765 4778 843 4834; x_wconf 87' lang='lat' dir='ltr'><strong>ob</strong></span> <span class='ocrx_word' id='word_1_350' title='bbox 875 4773 1413 4851; x_wconf 89' lang='lat' dir='ltr'><strong>promptitudinem</strong></span> <span class='ocrx_word' id='word_1_351' title='bbox 1445 4768 1685 4841; x_wconf 89' lang='lat' dir='ltr'><strong>optima</strong></span> <span class='ocrx_word' id='word_1_352' title='bbox 1735 4775 1848 4824; x_wconf 90' lang='lat' dir='ltr'><strong>tua</strong></span> <span class='ocrx_word' id='word_1_353' title='bbox 1891 4770 2161 4825; x_wconf 88' lang='lat' dir='ltr'><strong>volunta-</strong></span> 
     </span>
    </p>
   </div>
   <div class='ocr_carea' id='block_1_57' title="bbox 507 4856 2159 4930">
    <p class='ocr_par' dir='ltr' id='par_1_57' title="bbox 507 4856 2159 4930">
     <span class='ocr_line' id='line_1_57' title="bbox 507 4856 2159 4930; baseline -0.004 -10"><span class='ocrx_word' id='word_1_354' title='bbox 507 4867 582 4921; x_wconf 89' lang='lat' dir='ltr'><strong>tis</strong></span> <span class='ocrx_word' id='word_1_355' title='bbox 624 4886 637 4920; x_wconf 93' lang='lat'><strong>:</strong></span> <span class='ocrx_word' id='word_1_356' title='bbox 667 4868 803 4924; x_wconf 89' lang='lat' dir='ltr'><strong>etin</strong></span> <span class='ocrx_word' id='word_1_357' title='bbox 832 4873 1062 4923; x_wconf 87' lang='lat' dir='ltr'><strong>tantum</strong></span> <span class='ocrx_word' id='word_1_358' title='bbox 1098 4863 1312 4920; x_wconf 77' lang='lat' dir='ltr'><strong>eﬁ‘eror</strong></span> <span class='ocrx_word' id='word_1_359' title='bbox 1338 4861 1417 4916; x_wconf 93' lang='lat' dir='ltr'><strong>ob</strong></span> <span class='ocrx_word' id='word_1_360' title='bbox 1448 4865 1648 4914; x_wconf 87' lang='lat' dir='ltr'><strong>actum</strong></span> <span class='ocrx_word' id='word_1_361' title='bbox 1677 4857 1855 4930; x_wconf 89' lang='lat' dir='ltr'><strong>plane</strong></span> <span class='ocrx_word' id='word_1_362' title='bbox 1900 4856 2159 4914; x_wconf 89' lang='lat' dir='ltr'><strong>admira-</strong></span> 
     </span>
    </p>
   </div>
   <div class='ocr_carea' id='block_1_58' title="bbox 506 4945 2158 5022">
    <p class='ocr_par' dir='ltr' id='par_1_58' title="bbox 506 4945 2158 5022">
     <span class='ocr_line' id='line_1_58' title="bbox 506 4945 2158 5022; baseline -0.004 -13"><span class='ocrx_word' id='word_1_363' title='bbox 506 4954 710 5022; x_wconf 89' lang='lat' dir='ltr'><strong>bilem,</strong></span> <span class='ocrx_word' id='word_1_364' title='bbox 739 4957 863 5011; x_wconf 89' lang='lat' dir='ltr'><strong>sine</strong></span> <span class='ocrx_word' id='word_1_365' title='bbox 888 4957 1005 5011; x_wconf 91' lang='lat' dir='ltr'><strong>ulla</strong></span> <span class='ocrx_word' id='word_1_366' title='bbox 1031 4952 1435 5015; x_wconf 84' lang='lat' dir='ltr'><strong>excusatione,</strong></span> <span class='ocrx_word' id='word_1_367' title='bbox 1451 4948 1610 5020; x_wconf 91' lang='lat' dir='ltr'><strong>quod</strong></span> <span class='ocrx_word' id='word_1_368' title='bbox 1626 4962 1848 5012; x_wconf 88' lang='lat' dir='ltr'><strong>verear,</strong></span> <span class='ocrx_word' id='word_1_369' title='bbox 1868 4963 1940 5001; x_wconf 93' lang='lat' dir='ltr'><strong>ne</strong></span> <span class='ocrx_word' id='word_1_370' title='bbox 1961 4945 2158 5018; x_wconf 90' lang='lat' dir='ltr'><strong>plures</strong></span> 
     </span>
    </p>
   </div>
   <div class='ocr_carea' id='block_1_59' title="bbox 509 5035 2156 5099">
    <p class='ocr_par' dir='ltr' id='par_1_59' title="bbox 509 5035 2156 5099">
     <span class='ocr_line' id='line_1_59' title="bbox 509 5035 2156 5099; baseline -0.005 -1"><span class='ocrx_word' id='word_1_371' title='bbox 509 5041 616 5098; x_wconf 86' lang='lat' dir='ltr'><strong>tibi</strong></span> <span class='ocrx_word' id='word_1_372' title='bbox 648 5043 791 5097; x_wconf 90' lang='lat' dir='ltr'><strong>tales</strong></span> <span class='ocrx_word' id='word_1_373' title='bbox 833 5044 1160 5099; x_wconf 84' lang='lat' dir='ltr'><strong>ministrem</strong></span> <span class='ocrx_word' id='word_1_374' title='bbox 1202 5039 1569 5097; x_wconf 89' lang='lat' dir='ltr'><strong>occasiones,</strong></span> <span class='ocrx_word' id='word_1_375' title='bbox 1633 5035 1791 5090; x_wconf 89' lang='lat' dir='ltr'><strong>unde</strong></span> <span class='ocrx_word' id='word_1_376' title='bbox 1845 5039 1902 5090; x_wconf 92' lang='lat' dir='ltr'><strong>et</strong></span> <span class='ocrx_word' id='word_1_377' title='bbox 1957 5051 2156 5090; x_wconf 83' lang='lat' dir='ltr'><strong>meam</strong></span> 
     </span>
    </p>
   </div>
   <div class='ocr_carea' id='block_1_60' title="bbox 507 5123 2154 5204">
    <p class='ocr_par' dir='ltr' id='par_1_60' title="bbox 507 5123 2154 5204">
     <span class='ocr_line' id='line_1_60' title="bbox 507 5123 2154 5204; baseline -0.005 -18"><span class='ocrx_word' id='word_1_378' title='bbox 507 5129 762 5203; x_wconf 88' lang='lat' dir='ltr'><strong>gratiam</strong></span> <span class='ocrx_word' id='word_1_379' title='bbox 782 5132 1209 5204; x_wconf 86' lang='lat' dir='ltr'><strong>multiplicabo,</strong></span> <span class='ocrx_word' id='word_1_380' title='bbox 1227 5136 1283 5186; x_wconf 90' lang='lat' dir='ltr'><strong>et</strong></span> <span class='ocrx_word' id='word_1_381' title='bbox 1303 5136 1467 5185; x_wconf 88' lang='lat' dir='ltr'><strong>tuam</strong></span> <span class='ocrx_word' id='word_1_382' title='bbox 1495 5124 1773 5180; x_wconf 90' lang='lat' dir='ltr'><strong>virtutem</strong></span> <span class='ocrx_word' id='word_1_383' title='bbox 1808 5123 2059 5179; x_wconf 84' lang='lat' dir='ltr'><strong>reddam</strong></span> <span class='ocrx_word' id='word_1_384' title='bbox 2088 5123 2154 5178; x_wconf 90' lang='lat' dir='ltr'><strong>il-</strong></span> 
     </span>
    </p>
   </div>
   <div class='ocr_carea' id='block_1_61' title="bbox 504 5212 2156 5292">
    <p class='ocr_par' dir='ltr' id='par_1_61' title="bbox 504 5212 2156 5292">
     <span class='ocr_line' id='line_1_61' title="bbox 504 5212 2156 5292; baseline -0.005 -14"><span class='ocrx_word' id='word_1_385' title='bbox 504 5220 839 5278; x_wconf 89' lang='lat' dir='ltr'><strong>lustriorem</strong></span> <span class='ocrx_word' id='word_1_386' title='bbox 876 5235 887 5273; x_wconf 89' lang='lat'>:</span> <span class='ocrx_word' id='word_1_387' title='bbox 921 5225 976 5275; x_wconf 89' lang='lat' dir='ltr'><strong>et</strong></span> <span class='ocrx_word' id='word_1_388' title='bbox 1005 5237 1112 5292; x_wconf 91' lang='lat' dir='ltr'><strong>pro</strong></span> <span class='ocrx_word' id='word_1_389' title='bbox 1145 5236 1235 5285; x_wconf 92' lang='lat' dir='ltr'><strong>eo,</strong></span> <span class='ocrx_word' id='word_1_390' title='bbox 1267 5216 1432 5291; x_wconf 92' lang='lat' dir='ltr'><strong>quod</strong></span> <span class='ocrx_word' id='word_1_391' title='bbox 1470 5214 1714 5269; x_wconf 90' lang='lat' dir='ltr'><strong>videbor</strong></span> <span class='ocrx_word' id='word_1_392' title='bbox 1744 5212 2044 5278; x_wconf 90' lang='lat' dir='ltr'><strong>molestus,</strong></span> <span class='ocrx_word' id='word_1_393' title='bbox 2082 5229 2156 5269; x_wconf 92' lang='lat' dir='ltr'><strong>ne</strong></span> 
     </span>
    </p>
   </div>
   <div class='ocr_carea' id='block_1_62' title="bbox 505 5301 2154 5386">
    <p class='ocr_par' dir='ltr' id='par_1_62' title="bbox 505 5301 2154 5386">
     <span class='ocr_line' id='line_1_62' title="bbox 505 5301 2154 5386; baseline -0.005 -20"><span class='ocrx_word' id='word_1_394' title='bbox 505 5325 727 5386; x_wconf 90' lang='lat' dir='ltr'><strong>parcus</strong></span> <span class='ocrx_word' id='word_1_395' title='bbox 753 5307 996 5363; x_wconf 90' lang='lat' dir='ltr'><strong>nimium</strong></span> <span class='ocrx_word' id='word_1_396' title='bbox 1045 5309 1171 5373; x_wconf 90' lang='lat' dir='ltr'><strong>tibi,</strong></span> <span class='ocrx_word' id='word_1_397' title='bbox 1202 5308 1365 5379; x_wconf 91' lang='lat' dir='ltr'><strong>quod</strong></span> <span class='ocrx_word' id='word_1_398' title='bbox 1400 5303 1718 5360; x_wconf 84' lang='lat' dir='ltr'><strong>molestum</strong></span> <span class='ocrx_word' id='word_1_399' title='bbox 1772 5301 1878 5358; x_wconf 86' lang='lat' dir='ltr'><strong>erit</strong></span> <span class='ocrx_word' id='word_1_400' title='bbox 1907 5302 2070 5366; x_wconf 86' lang='lat' dir='ltr'><strong>mihi,</strong></span> <span class='ocrx_word' id='word_1_401' title='bbox 2101 5308 2154 5359; x_wconf 93' lang='lat' dir='ltr'><strong>te</strong></span> 
     </span>
    </p>
   </div>
   <div class='ocr_carea' id='block_1_63' title="bbox 497 5392 2154 5474">
    <p class='ocr_par' dir='ltr' id='par_1_63' title="bbox 497 5392 2154 5474">
     <span class='ocr_line' id='line_1_63' title="bbox 497 5392 2154 5474; baseline -0.007 -17"><span class='ocrx_word' id='word_1_402' title='bbox 497 5400 720 5474; x_wconf 91' lang='lat' dir='ltr'><strong>judice,</strong></span> <span class='ocrx_word' id='word_1_403' title='bbox 748 5411 1014 5454; x_wconf 89' lang='lat' dir='ltr'><strong>censear.</strong></span> <span class='ocrx_word' id='word_1_404' title='bbox 1041 5396 1154 5454; x_wconf 89' lang='lat' dir='ltr'><strong>Sed</strong></span> <span class='ocrx_word' id='word_1_405' title='bbox 1170 5395 1299 5452; x_wconf 85' lang='lat' dir='ltr'><strong>vale</strong></span> <span class='ocrx_word' id='word_1_406' title='bbox 1329 5397 1389 5450; x_wconf 92' lang='lat' dir='ltr'><strong>in</strong></span> <span class='ocrx_word' id='word_1_407' title='bbox 1421 5393 1695 5456; x_wconf 90' lang='lat' dir='ltr'><strong>Domino,</strong></span> <span class='ocrx_word' id='word_1_408' title='bbox 1729 5392 1962 5447; x_wconf 88' lang='lat' dir='ltr'><strong>etiamsi</strong></span> <span class='ocrx_word' id='word_1_409' title='bbox 1990 5392 2154 5464; x_wconf 90' lang='lat' dir='ltr'><strong>apud</strong></span> 
     </span>
    </p>
   </div>
   <div class='ocr_carea' id='block_1_64' title="bbox 502 5481 2151 5564">
    <p class='ocr_par' dir='ltr' id='par_1_64' title="bbox 502 5481 2151 5564">
     <span class='ocr_line' id='line_1_64' title="bbox 502 5481 2151 5564; baseline -0.006 -16"><span class='ocrx_word' id='word_1_410' title='bbox 502 5491 724 5564; x_wconf 89' lang='lat' dir='ltr'><strong>ipsum,</strong></span> <span class='ocrx_word' id='word_1_411' title='bbox 762 5485 979 5544; x_wconf 89' lang='lat' dir='ltr'><strong>multas</strong></span> <span class='ocrx_word' id='word_1_412' title='bbox 999 5483 1295 5556; x_wconf 81' lang='lat' dir='ltr'><strong>ejusmodi</strong></span> <span class='ocrx_word' id='word_1_413' title='bbox 1322 5482 1584 5539; x_wconf 86' lang='lat' dir='ltr'><strong>actiones</strong></span> <span class='ocrx_word' id='word_1_414' title='bbox 1612 5481 1940 5546; x_wconf 86' lang='lat' dir='ltr'><strong>inveniens,</strong></span> <span class='ocrx_word' id='word_1_415' title='bbox 1961 5488 2016 5536; x_wconf 92' lang='lat' dir='ltr'><strong>et</strong></span> <span class='ocrx_word' id='word_1_416' title='bbox 2033 5481 2151 5551; x_wconf 89' lang='lat' dir='ltr'><strong>glo-</strong></span> 
     </span>
    </p>
   </div>
   <div class='ocr_carea' id='block_1_65' title="bbox 499 5572 2151 5651">
    <p class='ocr_par' dir='ltr' id='par_1_65' title="bbox 499 5572 2151 5651">
     <span class='ocr_line' id='line_1_65' title="bbox 499 5572 2151 5651; baseline -0.007 -13"><span class='ocrx_word' id='word_1_417' title='bbox 499 5583 650 5638; x_wconf 88' lang='lat' dir='ltr'><strong>riam</strong></span> <span class='ocrx_word' id='word_1_418' title='bbox 682 5580 782 5636; x_wconf 88' lang='lat' dir='ltr'><strong>tibi</strong></span> <span class='ocrx_word' id='word_1_419' title='bbox 825 5593 925 5651; x_wconf 90' lang='lat' dir='ltr'><strong>per</strong></span> <span class='ocrx_word' id='word_1_420' title='bbox 958 5575 1090 5632; x_wconf 74' lang='lat' dir='ltr'><strong>vita</strong></span> <span class='ocrx_word' id='word_1_421' title='bbox 1123 5591 1359 5628; x_wconf 75' lang='lat' dir='ltr'><strong>cursum</strong></span> <span class='ocrx_word' id='word_1_422' title='bbox 1404 5572 1739 5644; x_wconf 86' lang='lat' dir='ltr'><strong>acquirens,</strong></span> <span class='ocrx_word' id='word_1_423' title='bbox 1771 5587 1864 5626; x_wconf 91' lang='lat' dir='ltr'><strong>me</strong></span> <span class='ocrx_word' id='word_1_424' title='bbox 1907 5572 2151 5628; x_wconf 86' lang='lat' dir='ltr'><strong>minime</strong></span> 
     </span>
    </p>
   </div>
   <div class='ocr_carea' id='block_1_66' title="bbox 500 5665 1304 5745">
    <p class='ocr_par' dir='ltr' id='par_1_66' title="bbox 500 5665 1304 5745">
     <span class='ocr_line' id='line_1_66' title="bbox 500 5665 1304 5745; baseline -0.015 -16"><span class='ocrx_word' id='word_1_425' title='bbox 500 5675 782 5745; x_wconf 89' lang='lat' dir='ltr'><strong>captante</strong></span> <span class='ocrx_word' id='word_1_426' title='bbox 809 5665 1304 5742; x_wconf 85' lang='lat' dir='ltr'><strong>experimentum.</strong></span> 
     </span>
    </p>
   </div>
   <div class='ocr_carea' id='block_1_67' title="bbox 2364 658 3834 742">
    <p class='ocr_par' dir='ltr' id='par_1_67' title="bbox 2364 658 3834 742">
     <span class='ocr_line' id='line_1_67' title="bbox 2364 658 3834 742; baseline 0.007 -28"><span class='ocrx_word' id='word_1_427' title='bbox 2364 664 2425 714; x_wconf 87' lang='grc' dir='ltr'><strong>Εἶ</strong></span> <span class='ocrx_word' id='word_1_428' title='bbox 2454 681 2533 724; x_wconf 89' lang='grc' dir='ltr'><strong>τις</strong></span> <span class='ocrx_word' id='word_1_429' title='bbox 2580 664 2778 734; x_wconf 78' lang='grc' dir='ltr'><strong>ηὔχετο</strong></span> <span class='ocrx_word' id='word_1_430' title='bbox 2826 658 2920 714; x_wconf 78' lang='grc' dir='ltr'><strong>διὰ</strong></span> <span class='ocrx_word' id='word_1_431' title='bbox 2965 662 3086 736; x_wconf 79' lang='grc' dir='ltr'><strong>βίον</strong></span> <span class='ocrx_word' id='word_1_432' title='bbox 3140 669 3351 740; x_wconf 75' lang='grc' dir='ltr'><strong>τοιαύτῃ</strong></span> <span class='ocrx_word' id='word_1_433' title='bbox 3407 677 3694 742; x_wconf 77' lang='grc' dir='ltr'><strong>περιτυχεῖν</strong></span> <span class='ocrx_word' id='word_1_434' title='bbox 3735 672 3834 726; x_wconf 79' lang='grc' dir='ltr'><strong>ὑπο-</strong></span> 
     </span>
    </p>
   </div>
   <div class='ocr_carea' id='block_1_68' title="bbox 2294 747 3835 833">
    <p class='ocr_par' dir='ltr' id='par_1_68' title="bbox 2294 747 3835 833">
     <span class='ocr_line' id='line_1_68' title="bbox 2294 747 3835 833; baseline -0.003 -18"><span class='ocrx_word' id='word_1_435' title='bbox 2294 751 2451 814; x_wconf 73' lang='grc' dir='ltr'><strong>θέσει,</strong></span> <span class='ocrx_word' id='word_1_436' title='bbox 2487 747 2559 802; x_wconf 75' lang='grc' dir='ltr'><strong>δι’</strong></span> <span class='ocrx_word' id='word_1_437' title='bbox 2608 751 2670 812; x_wconf 77' lang='grc' dir='ltr'><strong>ἧς</strong></span> <span class='ocrx_word' id='word_1_438' title='bbox 2711 751 2822 820; x_wconf 78' lang='grc' dir='ltr'><strong>ἅμα</strong></span> <span class='ocrx_word' id='word_1_439' title='bbox 2864 756 2954 804; x_wconf 82' lang='grc' dir='ltr'><strong>καὶ</strong></span> <span class='ocrx_word' id='word_1_440' title='bbox 3000 752 3172 824; x_wconf 79' lang='grc' dir='ltr'><strong>φιλίας</strong></span> <span class='ocrx_word' id='word_1_441' title='bbox 3212 760 3300 807; x_wconf 83' lang='grc' dir='ltr'><strong>καὶ</strong></span> <span class='ocrx_word' id='word_1_442' title='bbox 3353 753 3684 820; x_wconf 75' lang='grc' dir='ltr'><strong>δικαιοσύνης</strong></span> <span class='ocrx_word' id='word_1_443' title='bbox 3720 759 3835 833; x_wconf 79' lang='grc' dir='ltr'><strong>ἐργά-</strong></span> 
     </span>
    </p>
   </div>
   <div class='ocr_carea' id='block_1_69' title="bbox 2295 836 3836 918">
    <p class='ocr_par' dir='ltr' id='par_1_69' title="bbox 2295 836 3836 918">
     <span class='ocr_line' id='line_1_69' title="bbox 2295 836 3836 918; baseline 0.008 -28"><span class='ocrx_word' id='word_1_444' title='bbox 2295 858 2388 901; x_wconf 88' lang='grc' dir='ltr'><strong>της</strong></span> <span class='ocrx_word' id='word_1_445' title='bbox 2445 836 2662 912; x_wconf 81' lang='grc' dir='ltr'><strong>δόκιμος</strong></span> <span class='ocrx_word' id='word_1_446' title='bbox 2718 839 3020 912; x_wconf 75' lang='grc' dir='ltr'><strong>ἀναφανείη,</strong></span> <span class='ocrx_word' id='word_1_447' title='bbox 3076 843 3170 895; x_wconf 87' lang='grc' dir='ltr'><strong>ούκ</strong></span> <span class='ocrx_word' id='word_1_448' title='bbox 3209 843 3270 895; x_wconf 81' lang='grc' dir='ltr'><strong>ἂν</strong></span> <span class='ocrx_word' id='word_1_449' title='bbox 3301 843 3492 918; x_wconf 82' lang='grc' dir='ltr'><strong>ἀμείνω</strong></span> <span class='ocrx_word' id='word_1_450' title='bbox 3529 856 3616 908; x_wconf 80' lang='grc' dir='ltr'><strong>τῆς</strong></span> <span class='ocrx_word' id='word_1_451' title='bbox 3663 857 3738 901; x_wconf 81' lang='grc' dir='ltr'><strong>νῦν</strong></span> <span class='ocrx_word' id='word_1_452' title='bbox 3773 869 3836 902; x_wconf 89' lang='grc' dir='ltr'><strong>σοι</strong></span> 
     </span>
    </p>
   </div>
   <div class='ocr_carea' id='block_1_70' title="bbox 2291 929 3836 1010">
    <p class='ocr_par' dir='ltr' id='par_1_70' title="bbox 2291 929 3836 1010">
     <span class='ocr_line' id='line_1_70' title="bbox 2291 929 3836 1010; baseline 0.008 -32"><span class='ocrx_word' id='word_1_453' title='bbox 2291 929 2416 1003; x_wconf 79' lang='grc' dir='ltr'><strong>παρ’</strong></span> <span class='ocrx_word' id='word_1_454' title='bbox 2455 929 2603 1000; x_wconf 76' lang='grc' dir='ltr'><strong>ἡμῶν</strong></span> <span class='ocrx_word' id='word_1_455' title='bbox 2656 933 3048 1002; x_wconf 84' lang='grc' dir='ltr'><strong>προτεινομένης</strong></span> <span class='ocrx_word' id='word_1_456' title='bbox 3105 931 3284 1004; x_wconf 80' lang='grc' dir='ltr'><strong>ὀφθείη</strong></span> <span class='ocrx_word' id='word_1_457' title='bbox 3342 937 3626 1008; x_wconf 74' lang='grc' dir='ltr'><strong>εὑράμενος.</strong></span> <span class='ocrx_word' id='word_1_458' title='bbox 3679 937 3730 990; x_wconf 88' lang='grc' dir='ltr'>Ὀ</span> <span class='ocrx_word' id='word_1_459' title='bbox 3767 943 3836 1010; x_wconf 65' lang='grc' dir='ltr'><strong>μὲν</strong></span> 
     </span>
    </p>
   </div>
   <div class='ocr_carea' id='block_1_71' title="bbox 2295 1013 3836 1100">
    <p class='ocr_par' dir='ltr' id='par_1_71' title="bbox 2295 1013 3836 1100">
     <span class='ocr_line' id='line_1_71' title="bbox 2295 1013 3836 1100; baseline 0.007 -31"><span class='ocrx_word' id='word_1_460' title='bbox 2295 1013 2656 1090; x_wconf 74' lang='grc' dir='ltr'><strong>ἀδικούμενος,</strong></span> <span class='ocrx_word' id='word_1_461' title='bbox 2716 1020 2844 1092; x_wconf 71' lang='grc' dir='ltr'><strong>ὑπὲρ</strong></span> <span class='ocrx_word' id='word_1_462' title='bbox 2878 1019 2939 1072; x_wconf 81' lang='grc' dir='ltr'><strong>οὗ</strong></span> <span class='ocrx_word' id='word_1_463' title='bbox 2995 1021 3284 1094; x_wconf 77' lang='grc' dir='ltr'><strong>πρεσϐεύω,</strong></span> <span class='ocrx_word' id='word_1_464' title='bbox 3344 1032 3446 1075; x_wconf 85' lang='grc' dir='ltr'><strong>τῶν</strong></span> <span class='ocrx_word' id='word_1_465' title='bbox 3487 1031 3636 1097; x_wconf 84' lang='grc' dir='ltr'><strong>μήπω</strong></span> <span class='ocrx_word' id='word_1_466' title='bbox 3676 1031 3836 1100; x_wconf 72' lang='grc' dir='ltr'><strong>μὲνσοι</strong></span> 
     </span>
    </p>
   </div>
   <div class='ocr_carea' id='block_1_72' title="bbox 2293 1105 3838 1186">
    <p class='ocr_par' dir='ltr' id='par_1_72' title="bbox 2293 1105 3838 1186">
     <span class='ocr_line' id='line_1_72' title="bbox 2293 1105 3838 1186; baseline 0.009 -30"><span class='ocrx_word' id='word_1_467' title='bbox 2293 1105 2619 1178; x_wconf 68' lang='grc' dir='ltr'><strong>ἐγνωσμένων</strong></span> <span class='ocrx_word' id='word_1_468' title='bbox 2673 1107 2786 1160; x_wconf 76' lang='grc' dir='ltr'><strong>ἐστί</strong></span> <span class='ocrx_word' id='word_1_469' title='bbox 2810 1129 2822 1142; x_wconf 88' lang='grc'>·</span> <span class='ocrx_word' id='word_1_470' title='bbox 2856 1109 3091 1185; x_wconf 87' lang='grc' dir='ltr'><strong>λαμπρὸν</strong></span> <span class='ocrx_word' id='word_1_471' title='bbox 3143 1108 3202 1163; x_wconf 71' lang='grc' dir='ltr'><strong>δε</strong></span> <span class='ocrx_word' id='word_1_472' title='bbox 3230 1115 3290 1164; x_wconf 91' lang='grc' dir='ltr'><strong>τὸ</strong></span> <span class='ocrx_word' id='word_1_473' title='bbox 3347 1109 3552 1166; x_wconf 83' lang='grc' dir='ltr'><strong>δίκαιον</strong></span> <span class='ocrx_word' id='word_1_474' title='bbox 3587 1118 3688 1186; x_wconf 84' lang='grc' dir='ltr'><strong>ἔχει</strong></span> <span class='ocrx_word' id='word_1_475' title='bbox 3717 1139 3727 1149; x_wconf 91' lang='grc'>·</span> <span class='ocrx_word' id='word_1_476' title='bbox 3755 1114 3838 1170; x_wconf 68' lang='lat' dir='ltr'><strong>eo&quot;:</strong></span> 
     </span>
    </p>
   </div>
   <div class='ocr_carea' id='block_1_73' title="bbox 2294 1193 3837 1270">
    <p class='ocr_par' dir='ltr' id='par_1_73' title="bbox 2294 1193 3837 1270">
     <span class='ocr_line' id='line_1_73' title="bbox 2294 1193 3837 1270; baseline 0.008 -23"><span class='ocrx_word' id='word_1_477' title='bbox 2294 1199 2422 1268; x_wconf 87' lang='grc' dir='ltr'><strong>πρὸς</strong></span> <span class='ocrx_word' id='word_1_478' title='bbox 2456 1195 2508 1248; x_wconf 84' lang='grc' dir='ltr'><strong>ὃν</strong></span> <span class='ocrx_word' id='word_1_479' title='bbox 2549 1198 2578 1254; x_wconf 83' lang='grc' dir='ltr'>ἡ</span> <span class='ocrx_word' id='word_1_480' title='bbox 2618 1193 2767 1265; x_wconf 88' lang='grc' dir='ltr'><strong>δίκη,</strong></span> <span class='ocrx_word' id='word_1_481' title='bbox 2822 1198 2961 1270; x_wconf 83' lang='grc' dir='ltr'><strong>φίλος</strong></span> <span class='ocrx_word' id='word_1_482' title='bbox 3008 1204 3063 1252; x_wconf 78' lang='grc' dir='ltr'><em>τέ</em></span> <span class='ocrx_word' id='word_1_483' title='bbox 3113 1198 3226 1254; x_wconf 79' lang='grc' dir='ltr'><strong>ἔστι</strong></span> <span class='ocrx_word' id='word_1_484' title='bbox 3283 1206 3374 1254; x_wconf 85' lang='grc' dir='ltr'><strong>καὶ</strong></span> <span class='ocrx_word' id='word_1_485' title='bbox 3426 1207 3597 1268; x_wconf 85' lang='grc' dir='ltr'><strong>πένης,</strong></span> <span class='ocrx_word' id='word_1_486' title='bbox 3648 1203 3837 1259; x_wconf 73' lang='grc' dir='ltr'><strong>καὶοῦδ¹</strong></span> 
     </span>
    </p>
   </div>
   <div class='ocr_carea' id='block_1_74' title="bbox 2296 1283 3838 1364">
    <p class='ocr_par' dir='ltr' id='par_1_74' title="bbox 2296 1283 3838 1364">
     <span class='ocr_line' id='line_1_74' title="bbox 2296 1283 3838 1364; baseline 0.008 -29"><span class='ocrx_word' id='word_1_487' title='bbox 2296 1283 2397 1336; x_wconf 86' lang='grc' dir='ltr'><strong>ἀπὸ</strong></span> <span class='ocrx_word' id='word_1_488' title='bbox 2427 1290 2610 1346; x_wconf 79' lang='grc' dir='ltr'><strong>κακίας</strong></span> <span class='ocrx_word' id='word_1_489' title='bbox 2635 1289 2782 1350; x_wconf 81' lang='grc' dir='ltr'><strong>ἴσως,</strong></span> <span class='ocrx_word' id='word_1_490' title='bbox 2841 1286 2947 1338; x_wconf 89' lang='grc' dir='ltr'><strong>ἀλλ’</strong></span> <span class='ocrx_word' id='word_1_491' title='bbox 2978 1287 3031 1350; x_wconf 77' lang='grc' dir='ltr'><em>ἐξ</em></span> <span class='ocrx_word' id='word_1_492' title='bbox 3089 1287 3312 1364; x_wconf 75' lang='grc' dir='ltr'><strong>ἀπορίας</strong></span> <span class='ocrx_word' id='word_1_493' title='bbox 3341 1293 3440 1364; x_wconf 79' lang='grc' dir='ltr'><strong>ὁρᾷ</strong></span> <span class='ocrx_word' id='word_1_494' title='bbox 3466 1297 3590 1363; x_wconf 86' lang='grc' dir='ltr'><strong>πρὸς</strong></span> <span class='ocrx_word' id='word_1_495' title='bbox 3633 1300 3709 1346; x_wconf 81' lang='grc' dir='ltr'><strong>τὸν</strong></span> <span class='ocrx_word' id='word_1_496' title='bbox 3737 1293 3838 1347; x_wconf 78' lang='grc' dir='ltr'><strong>ἄδι-</strong></span> 
     </span>
    </p>
   </div>
   <div class='ocr_carea' id='block_1_75' title="bbox 2294 1371 3839 1456">
    <p class='ocr_par' dir='ltr' id='par_1_75' title="bbox 2294 1371 3839 1456">
     <span class='ocr_line' id='line_1_75' title="bbox 2294 1371 3839 1456; baseline 0.008 -32"><span class='ocrx_word' id='word_1_497' title='bbox 2294 1392 2402 1425; x_wconf 90' lang='grc' dir='ltr'><strong>κον.</strong></span> <span class='ocrx_word' id='word_1_498' title='bbox 2462 1378 2527 1426; x_wconf 84' lang='grc' dir='ltr'><strong>Σὺ</strong></span> <span class='ocrx_word' id='word_1_499' title='bbox 2580 1371 2638 1427; x_wconf 74' lang='grc' dir='ltr'><strong>δὲ</strong></span> <span class='ocrx_word' id='word_1_500' title='bbox 2667 1381 2757 1428; x_wconf 77' lang='grc' dir='ltr'><strong>καὶ</strong></span> <span class='ocrx_word' id='word_1_501' title='bbox 2807 1381 3009 1451; x_wconf 79' lang='grc' dir='ltr'><strong>κριτής,</strong></span> <span class='ocrx_word' id='word_1_502' title='bbox 3054 1383 3143 1430; x_wconf 83' lang='grc' dir='ltr'><strong>καὶ</strong></span> <span class='ocrx_word' id='word_1_503' title='bbox 3197 1385 3417 1453; x_wconf 82' lang='grc' dir='ltr'><strong>τρόπους</strong></span> <span class='ocrx_word' id='word_1_504' title='bbox 3459 1386 3699 1456; x_wconf 81' lang='grc' dir='ltr'><strong>χρηστὸς,</strong></span> <span class='ocrx_word' id='word_1_505' title='bbox 3727 1383 3839 1436; x_wconf 72' lang='grc' dir='ltr'><strong>χιιὶό</strong></span> 
     </span>
    </p>
   </div>
   <div class='ocr_carea' id='block_1_76' title="bbox 2295 1459 3838 1545">
    <p class='ocr_par' dir='ltr' id='par_1_76' title="bbox 2295 1459 3838 1545">
     <span class='ocr_line' id='line_1_76' title="bbox 2295 1459 3838 1545; baseline 0.007 -31"><span class='ocrx_word' id='word_1_506' title='bbox 2295 1459 2422 1535; x_wconf 74' lang='grc' dir='ltr'><strong>μηδ’</strong></span> <span class='ocrx_word' id='word_1_507' title='bbox 2479 1463 2652 1537; x_wconf 78' lang='grc' dir='ltr'><strong>ἑτέρον</strong></span> <span class='ocrx_word' id='word_1_508' title='bbox 2714 1464 2943 1532; x_wconf 77' lang='grc' dir='ltr'><strong>ἔλαττον,</strong></span> <span class='ocrx_word' id='word_1_509' title='bbox 3017 1466 3281 1542; x_wconf 71' lang='grc' dir='ltr'><strong>ἑκατέραν,</strong></span> <span class='ocrx_word' id='word_1_510' title='bbox 3336 1478 3434 1522; x_wconf 84' lang='grc' dir='ltr'><strong>τῶν</strong></span> <span class='ocrx_word' id='word_1_511' title='bbox 3511 1469 3686 1544; x_wconf 81' lang='grc' dir='ltr'><strong>ἀρετῶν</strong></span> <span class='ocrx_word' id='word_1_512' title='bbox 3740 1473 3838 1545; x_wconf 77' lang='grc' dir='ltr'><strong>λαμ-</strong></span> 
     </span>
    </p>
   </div>
   <div class='ocr_carea' id='block_1_77' title="bbox 2219 1550 3846 1633">
    <p class='ocr_par' dir='ltr' id='par_1_77' title="bbox 2219 1550 3846 1633">
     <span class='ocr_line' id='line_1_77' title="bbox 2219 1550 3846 1633; baseline 0.005 -29"><span class='ocrx_word' id='word_1_513' title='bbox 2219 1564 2263 1620; x_wconf 85' lang='grc' dir='ltr'>Β</span> <span class='ocrx_word' id='word_1_514' title='bbox 2294 1561 2437 1626; x_wconf 89' lang='grc' dir='ltr'><strong>πρῶς</strong></span> <span class='ocrx_word' id='word_1_515' title='bbox 2496 1550 2863 1617; x_wconf 76' lang='grc' dir='ltr'><strong>ἐπιδείξασθαι</strong></span> <span class='ocrx_word' id='word_1_516' title='bbox 2895 1577 2908 1589; x_wconf 89' lang='grc'><strong>·</strong></span> <span class='ocrx_word' id='word_1_517' title='bbox 2938 1559 3026 1608; x_wconf 88' lang='grc' dir='ltr'><strong>τὸν</strong></span> <span class='ocrx_word' id='word_1_518' title='bbox 3064 1561 3195 1610; x_wconf 81' lang='grc' dir='ltr'><strong>Θεὸν</strong></span> <span class='ocrx_word' id='word_1_519' title='bbox 3239 1561 3380 1630; x_wconf 70' lang='grc' dir='ltr'><strong>ἔχεις</strong></span> <span class='ocrx_word' id='word_1_520' title='bbox 3411 1557 3459 1611; x_wconf 74' lang='grc' dir='ltr'><strong>ἐν</strong></span> <span class='ocrx_word' id='word_1_521' title='bbox 3509 1559 3707 1633; x_wconf 80' lang='grc' dir='ltr'><strong>ἀφθονίᾳ</strong></span> <span class='ocrx_word' id='word_1_522' title='bbox 3729 1561 3846 1614; x_wconf 62' lang='grc' dir='ltr'><strong>πλού.</strong></span> 
     </span>
    </p>
   </div>
   <div class='ocr_carea' id='block_1_78' title="bbox 2294 1641 3845 1722">
    <p class='ocr_par' dir='ltr' id='par_1_78' title="bbox 2294 1641 3845 1722">
     <span class='ocr_line' id='line_1_78' title="bbox 2294 1641 3845 1722; baseline 0.006 -28"><span class='ocrx_word' id='word_1_523' title='bbox 2294 1661 2385 1694; x_wconf 89' lang='grc' dir='ltr'><strong>του</strong></span> <span class='ocrx_word' id='word_1_524' title='bbox 2417 1646 2504 1694; x_wconf 86' lang='grc' dir='ltr'><strong>τὸν</strong></span> <span class='ocrx_word' id='word_1_525' title='bbox 2527 1641 2644 1715; x_wconf 86' lang='grc' dir='ltr'><strong>βίον</strong></span> <span class='ocrx_word' id='word_1_526' title='bbox 2673 1648 2959 1716; x_wconf 78' lang='grc' dir='ltr'><strong>συνέχοντα</strong></span> <span class='ocrx_word' id='word_1_527' title='bbox 2989 1666 3002 1678; x_wconf 92' lang='grc'><strong>·</strong></span> <span class='ocrx_word' id='word_1_528' title='bbox 3034 1645 3092 1698; x_wconf 79' lang='grc' dir='ltr'><strong>οὗ</strong></span> <span class='ocrx_word' id='word_1_529' title='bbox 3127 1652 3422 1719; x_wconf 75' lang='grc' dir='ltr'><strong>συνέχοντα</strong></span> <span class='ocrx_word' id='word_1_530' title='bbox 3465 1645 3525 1702; x_wconf 84' lang='grc' dir='ltr'><strong>δέ</strong></span> <span class='ocrx_word' id='word_1_531' title='bbox 3568 1654 3721 1722; x_wconf 81' lang='grc' dir='ltr'><strong>μόνον,</strong></span> <span class='ocrx_word' id='word_1_532' title='bbox 3747 1649 3845 1703; x_wconf 76' lang='grc' dir='ltr'><strong>ἀλλὰ</strong></span> 
     </span>
    </p>
   </div>
   <div class='ocr_carea' id='block_1_79' title="bbox 2293 1731 3844 1808">
    <p class='ocr_par' dir='ltr' id='par_1_79' title="bbox 2293 1731 3844 1808">
     <span class='ocr_line' id='line_1_79' title="bbox 2293 1731 3844 1808; baseline 0.005 -25"><span class='ocrx_word' id='word_1_533' title='bbox 2293 1736 2383 1783; x_wconf 82' lang='grc' dir='ltr'><strong>καὶ</strong></span> <span class='ocrx_word' id='word_1_534' title='bbox 2413 1732 2506 1784; x_wconf 72' lang='grc' dir='ltr'><strong>οὐκ</strong></span> <span class='ocrx_word' id='word_1_535' title='bbox 2541 1731 2600 1783; x_wconf 82' lang='grc' dir='ltr'><strong>ἂν</strong></span> <span class='ocrx_word' id='word_1_536' title='bbox 2655 1733 2900 1804; x_wconf 81' lang='grc' dir='ltr'><strong>σφαλείην</strong></span> <span class='ocrx_word' id='word_1_537' title='bbox 2949 1741 3045 1796; x_wconf 85' lang='grc' dir='ltr'><strong>τῆς</strong></span> <span class='ocrx_word' id='word_1_538' title='bbox 3094 1733 3353 1802; x_wconf 85' lang='grc' dir='ltr'><strong>ἀληθείας,</strong></span> <span class='ocrx_word' id='word_1_539' title='bbox 3417 1734 3509 1790; x_wconf 77' lang='grc' dir='ltr'><strong>διὰ</strong></span> <span class='ocrx_word' id='word_1_540' title='bbox 3537 1741 3620 1800; x_wconf 73' lang='grc' dir='ltr'><strong>τὰς</strong></span> <span class='ocrx_word' id='word_1_541' title='bbox 3661 1738 3728 1792; x_wconf 72' lang='grc' dir='ltr'><strong>ἔπ’</strong></span> <span class='ocrx_word' id='word_1_542' title='bbox 3756 1737 3844 1808; x_wconf 66' lang='grc' dir='ltr'><strong>ἐλέῳ</strong></span> 
     </span>
    </p>
   </div>
   <div class='ocr_carea' id='block_1_80' title="bbox 2296 1821 3842 1897">
    <p class='ocr_par' dir='ltr' id='par_1_80' title="bbox 2296 1821 3842 1897">
     <span class='ocr_line' id='line_1_80' title="bbox 2296 1821 3842 1897; baseline 0.005 -25"><span class='ocrx_word' id='word_1_543' title='bbox 2296 1838 2389 1872; x_wconf 89' lang='grc' dir='ltr'><strong>σου</strong></span> <span class='ocrx_word' id='word_1_544' title='bbox 2419 1821 2631 1896; x_wconf 79' lang='grc' dir='ltr'><strong>πράξεις</strong></span> <span class='ocrx_word' id='word_1_545' title='bbox 2674 1824 2766 1895; x_wconf 75' lang='grc' dir='ltr'><strong>ἴση</strong></span> <span class='ocrx_word' id='word_1_546' title='bbox 2821 1825 3095 1897; x_wconf 72' lang='grc' dir='ltr'><strong>προσθήκῃ</strong></span> <span class='ocrx_word' id='word_1_547' title='bbox 3149 1832 3330 1878; x_wconf 84' lang='grc' dir='ltr'><strong>τοῦτον</strong></span> <span class='ocrx_word' id='word_1_548' title='bbox 3396 1823 3504 1885; x_wconf 74' lang='grc' dir='ltr'><strong>ἤδη</strong></span> <span class='ocrx_word' id='word_1_549' title='bbox 3534 1826 3842 1892; x_wconf 73' lang='grc' dir='ltr'><strong>πλεονάζοντα.</strong></span> 
     </span>
    </p>
   </div>
   <div class='ocr_carea' id='block_1_81' title="bbox 2295 1909 3844 1984">
    <p class='ocr_par' dir='ltr' id='par_1_81' title="bbox 2295 1909 3844 1984">
     <span class='ocr_line' id='line_1_81' title="bbox 2295 1909 3844 1984; baseline 0.004 -22"><span class='ocrx_word' id='word_1_550' title='bbox 2295 1917 2407 1970; x_wconf 85' lang='grc' dir='ltr'><strong>Πῶς</strong></span> <span class='ocrx_word' id='word_1_551' title='bbox 2437 1909 2498 1961; x_wconf 85' lang='grc' dir='ltr'><strong>ἆν</strong></span> <span class='ocrx_word' id='word_1_552' title='bbox 2526 1931 2603 1972; x_wconf 90' lang='grc' dir='ltr'><strong>τις</strong></span> <span class='ocrx_word' id='word_1_553' title='bbox 2629 1916 2718 1964; x_wconf 80' lang='grc' dir='ltr'><strong>καὶ</strong></span> <span class='ocrx_word' id='word_1_554' title='bbox 2766 1919 2837 1982; x_wconf 85' lang='grc' dir='ltr'><strong>τῷ</strong></span> <span class='ocrx_word' id='word_1_555' title='bbox 2890 1913 3017 1984; x_wconf 84' lang='grc' dir='ltr'><strong>φίλῳ</strong></span> <span class='ocrx_word' id='word_1_556' title='bbox 3074 1910 3427 1968; x_wconf 76' lang='grc' dir='ltr'><strong>κινδυνεύοντι</strong></span> <span class='ocrx_word' id='word_1_557' title='bbox 3475 1920 3604 1969; x_wconf 79' lang='grc' dir='ltr'><strong>κατὰ</strong></span> <span class='ocrx_word' id='word_1_558' title='bbox 3654 1921 3754 1980; x_wconf 80' lang='grc' dir='ltr'><strong>τοὺς</strong></span> <span class='ocrx_word' id='word_1_559' title='bbox 3777 1923 3844 1968; x_wconf 77' lang='grc' dir='ltr'><strong>νο-</strong></span> 
     </span>
    </p>
   </div>
   <div class='ocr_carea' id='block_1_82' title="bbox 2292 2000 3838 2080">
    <p class='ocr_par' dir='ltr' id='par_1_82' title="bbox 2292 2000 3838 2080">
     <span class='ocr_line' id='line_1_82' title="bbox 2292 2000 3838 2080; baseline 0.006 -30"><span class='ocrx_word' id='word_1_560' title='bbox 2292 2017 2422 2071; x_wconf 88' lang='grc' dir='ltr'><strong>μους</strong></span> <span class='ocrx_word' id='word_1_561' title='bbox 2479 2007 2568 2060; x_wconf 87' lang='grc' dir='ltr'><strong>τῆς</strong></span> <span class='ocrx_word' id='word_1_562' title='bbox 2623 2002 2692 2063; x_wconf 86' lang='grc' dir='ltr'><strong>ὡς</strong></span> <span class='ocrx_word' id='word_1_563' title='bbox 2748 2000 2974 2064; x_wconf 78' lang='grc' dir='ltr'><strong>ἀληθοῦς</strong></span> <span class='ocrx_word' id='word_1_564' title='bbox 3053 2001 3259 2074; x_wconf 82' lang='grc' dir='ltr'><strong>ἀγάπης</strong></span> <span class='ocrx_word' id='word_1_565' title='bbox 3330 2004 3622 2080; x_wconf 76' lang='grc' dir='ltr'><strong>βοηθήση;</strong></span> <span class='ocrx_word' id='word_1_566' title='bbox 3673 2012 3838 2076; x_wconf 78' lang='grc' dir='ltr'><strong>καὶτῷ</strong></span> 
     </span>
    </p>
   </div>
   <div class='ocr_carea' id='block_1_83' title="bbox 2291 2085 3839 2168">
    <p class='ocr_par' dir='ltr' id='par_1_83' title="bbox 2291 2085 3839 2168">
     <span class='ocr_line' id='line_1_83' title="bbox 2291 2085 3839 2168; baseline 0.005 -29"><span class='ocrx_word' id='word_1_567' title='bbox 2291 2091 2381 2160; x_wconf 72' lang='grc' dir='ltr'><strong>μὲν</strong></span> <span class='ocrx_word' id='word_1_568' title='bbox 2413 2085 2741 2163; x_wconf 79' lang='grc' dir='ltr'>ἀδικουμένῳ</span> <span class='ocrx_word' id='word_1_569' title='bbox 2771 2087 2928 2152; x_wconf 86' lang='grc' dir='ltr'><strong>δίκης</strong></span> <span class='ocrx_word' id='word_1_570' title='bbox 2965 2091 3117 2154; x_wconf 78' lang='grc' dir='ltr'><strong>ἄλλος</strong></span> <span class='ocrx_word' id='word_1_571' title='bbox 3143 2092 3407 2168; x_wconf 80' lang='grc' dir='ltr'><strong>ὀφθαλμὸς</strong></span> <span class='ocrx_word' id='word_1_572' title='bbox 3451 2101 3697 2168; x_wconf 84' lang='grc' dir='ltr'><strong>γενόμενος</strong></span> <span class='ocrx_word' id='word_1_573' title='bbox 3716 2103 3839 2168; x_wconf 79' lang='grc' dir='ltr'><strong>χεῖρα</strong></span> 
     </span>
    </p>
   </div>
   <div class='ocr_carea' id='block_1_84' title="bbox 2291 2176 3839 2261">
    <p class='ocr_par' dir='ltr' id='par_1_84' title="bbox 2291 2176 3839 2261">
     <span class='ocr_line' id='line_1_84' title="bbox 2291 2176 3839 2261; baseline 0.005 -33"><span class='ocrx_word' id='word_1_574' title='bbox 2291 2176 2562 2253; x_wconf 78' lang='grc' dir='ltr'><strong>ἐπίκουρον</strong></span> <span class='ocrx_word' id='word_1_575' title='bbox 2641 2185 2899 2254; x_wconf 84' lang='grc' dir='ltr'><strong>προτείνοι</strong></span> <span class='ocrx_word' id='word_1_576' title='bbox 2933 2201 2946 2214; x_wconf 87' lang='grc'><strong>·</strong></span> <span class='ocrx_word' id='word_1_577' title='bbox 3027 2181 3070 2234; x_wconf 83' lang='grc' dir='ltr'><strong>εἰ</strong></span> <span class='ocrx_word' id='word_1_578' title='bbox 3118 2183 3292 2256; x_wconf 84' lang='grc' dir='ltr'><strong>ὥσπερ</strong></span> <span class='ocrx_word' id='word_1_579' title='bbox 3359 2187 3425 2236; x_wconf 78' lang='grc' dir='ltr'><strong>σύ</strong></span> <span class='ocrx_word' id='word_1_580' title='bbox 3481 2181 3839 2261; x_wconf 70' lang='grc' dir='ltr'><strong>διαπραξάμενος</strong></span> 
     </span>
    </p>
   </div>
   <div class='ocr_carea' id='block_1_85' title="bbox 2289 2268 3836 2346">
    <p class='ocr_par' dir='ltr' id='par_1_85' title="bbox 2289 2268 3836 2346">
     <span class='ocr_line' id='line_1_85' title="bbox 2289 2268 3836 2346; baseline 0.006 -29"><span class='ocrx_word' id='word_1_581' title='bbox 2289 2271 2378 2318; x_wconf 81' lang='grc' dir='ltr'><strong>καὶ</strong></span> <span class='ocrx_word' id='word_1_582' title='bbox 2438 2269 2798 2340; x_wconf 74' lang='grc' dir='ltr'><strong>κατορθώσας,</strong></span> <span class='ocrx_word' id='word_1_583' title='bbox 2856 2271 2977 2343; x_wconf 89' lang='grc' dir='ltr'><strong>ὅπερ</strong></span> <span class='ocrx_word' id='word_1_584' title='bbox 3023 2268 3266 2343; x_wconf 81' lang='grc' dir='ltr'><strong>ἀξιοῦμεν</strong></span> <span class='ocrx_word' id='word_1_585' title='bbox 3324 2273 3494 2342; x_wconf 75' lang='grc' dir='ltr'><strong>(ἐλπὶς</strong></span> <span class='ocrx_word' id='word_1_586' title='bbox 3531 2279 3636 2346; x_wconf 73' lang='grc' dir='ltr'><strong>’γὰρ</strong></span> <span class='ocrx_word' id='word_1_587' title='bbox 3678 2294 3746 2346; x_wconf 86' lang='grc' dir='ltr'><strong>με,</strong></span> <span class='ocrx_word' id='word_1_588' title='bbox 3792 2277 3836 2325; x_wconf 81' lang='grc' dir='ltr'><strong>τὸ</strong></span> 
     </span>
    </p>
   </div>
   <div class='ocr_carea' id='block_1_86' title="bbox 2286 2355 3836 2434">
    <p class='ocr_par' dir='ltr' id='par_1_86' title="bbox 2286 2355 3836 2434">
     <span class='ocr_line' id='line_1_86' title="bbox 2286 2355 3836 2434; baseline 0.005 -27"><span class='ocrx_word' id='word_1_589' title='bbox 2286 2355 2465 2428; x_wconf 85' lang='grc' dir='ltr'><strong>μέλλον</strong></span> <span class='ocrx_word' id='word_1_590' title='bbox 2496 2359 2565 2419; x_wconf 84' lang='grc' dir='ltr'><strong>ὡς</strong></span> <span class='ocrx_word' id='word_1_591' title='bbox 2607 2361 2771 2432; x_wconf 84' lang='grc' dir='ltr'><strong>παρὸν</strong></span> <span class='ocrx_word' id='word_1_592' title='bbox 2838 2360 3057 2432; x_wconf 84' lang='grc' dir='ltr'><strong>ὁρῶσα),</strong></span> <span class='ocrx_word' id='word_1_593' title='bbox 3116 2361 3251 2412; x_wconf 76' lang='grc' dir='ltr'><strong>οὕτω</strong></span> <span class='ocrx_word' id='word_1_594' title='bbox 3287 2361 3454 2434; x_wconf 82' lang='grc' dir='ltr'><strong>λέγειν</strong></span> <span class='ocrx_word' id='word_1_595' title='bbox 3513 2362 3759 2426; x_wconf 75' lang='grc' dir='ltr'><strong>ἀναπείθει,</strong></span> <span class='ocrx_word' id='word_1_596' title='bbox 3785 2371 3836 2432; x_wconf 75' lang='grc' dir='ltr'><strong>τῷ</strong></span> 
     </span>
    </p>
   </div>
   <div class='ocr_carea' id='block_1_87' title="bbox 2285 2442 3837 2520">
    <p class='ocr_par' dir='ltr' id='par_1_87' title="bbox 2285 2442 3837 2520">
     <span class='ocr_line' id='line_1_87' title="bbox 2285 2442 3837 2520; baseline 0.003 -22"><span class='ocrx_word' id='word_1_597' title='bbox 2285 2448 2375 2516; x_wconf 68' lang='grc' dir='ltr'><strong>μὲν</strong></span> <span class='ocrx_word' id='word_1_598' title='bbox 2433 2442 2735 2504; x_wconf 76' lang='grc' dir='ltr'><strong>ἀδικηθέντι</strong></span> <span class='ocrx_word' id='word_1_599' title='bbox 2774 2450 2832 2500; x_wconf 84' lang='grc' dir='ltr'><strong>τὸ</strong></span> <span class='ocrx_word' id='word_1_600' title='bbox 2900 2445 3143 2520; x_wconf 85' lang='grc' dir='ltr'><strong>ἀδίκημα</strong></span> <span class='ocrx_word' id='word_1_601' title='bbox 3193 2449 3618 2510; x_wconf 76' lang='grc' dir='ltr'><strong>ἀποκαταστήσει</strong></span> <span class='ocrx_word' id='word_1_602' title='bbox 3643 2474 3654 2486; x_wconf 88' lang='grc'><strong>·</strong></span> <span class='ocrx_word' id='word_1_603' title='bbox 3685 2457 3757 2504; x_wconf 84' lang='grc' dir='ltr'><strong>τὸν</strong></span> <span class='ocrx_word' id='word_1_604' title='bbox 3793 2448 3837 2502; x_wconf 65' lang='grc' dir='ltr'><strong>δί</strong></span> 
     </span>
    </p>
   </div>
   <div class='ocr_carea' id='block_1_88' title="bbox 2286 2533 3838 2612">
    <p class='ocr_par' dir='ltr' id='par_1_88' title="bbox 2286 2533 3838 2612">
     <span class='ocr_line' id='line_1_88' title="bbox 2286 2533 3838 2612; baseline 0.004 -27"><span class='ocrx_word' id='word_1_605' title='bbox 2286 2533 2447 2606; x_wconf 86' lang='grc' dir='ltr'><strong>φίλον,</strong></span> <span class='ocrx_word' id='word_1_606' title='bbox 2503 2537 2700 2588; x_wconf 78' lang='grc' dir='ltr'><strong>οἴκοθεν</strong></span> <span class='ocrx_word' id='word_1_607' title='bbox 2757 2540 3055 2598; x_wconf 80' lang='grc' dir='ltr'><strong>κατατιθεὶς</strong></span> <span class='ocrx_word' id='word_1_608' title='bbox 3103 2543 3160 2591; x_wconf 88' lang='grc' dir='ltr'><strong>τὸ</strong></span> <span class='ocrx_word' id='word_1_609' title='bbox 3210 2540 3472 2612; x_wconf 76' lang='grc' dir='ltr'><strong>ὀφείλημα</strong></span> <span class='ocrx_word' id='word_1_610' title='bbox 3522 2549 3611 2602; x_wconf 84' lang='grc' dir='ltr'><strong>τῆς</strong></span> <span class='ocrx_word' id='word_1_611' title='bbox 3667 2542 3838 2611; x_wconf 77' lang='grc' dir='ltr'><strong>εἰσπρά-</strong></span> 
     </span>
    </p>
   </div>
   <div class='ocr_carea' id='block_1_89' title="bbox 2285 2621 3836 2704">
    <p class='ocr_par' dir='ltr' id='par_1_89' title="bbox 2285 2621 3836 2704">
     <span class='ocr_line' id='line_1_89' title="bbox 2285 2621 3836 2704; baseline 0.004 -30"><span class='ocrx_word' id='word_1_612' title='bbox 2285 2622 2424 2688; x_wconf 87' lang='grc' dir='ltr'><strong>ξεως,</strong></span> <span class='ocrx_word' id='word_1_613' title='bbox 2458 2621 2785 2695; x_wconf 74' lang='grc' dir='ltr'><strong>ἐλευθερώσει</strong></span> <span class='ocrx_word' id='word_1_614' title='bbox 2820 2646 2832 2659; x_wconf 90' lang='grc'><strong>·</strong></span> <span class='ocrx_word' id='word_1_615' title='bbox 2861 2631 2950 2678; x_wconf 80' lang='grc' dir='ltr'><strong>καὶ</strong></span> <span class='ocrx_word' id='word_1_616' title='bbox 3003 2627 3097 2700; x_wconf 87' lang='grc' dir='ltr'><strong>ὅρα</strong></span> <span class='ocrx_word' id='word_1_617' title='bbox 3136 2631 3206 2689; x_wconf 84' lang='grc' dir='ltr'><strong>ὡς</strong></span> <span class='ocrx_word' id='word_1_618' title='bbox 3264 2631 3294 2686; x_wconf 83' lang='grc' dir='ltr'><strong>ἠ</strong></span> <span class='ocrx_word' id='word_1_619' title='bbox 3362 2630 3563 2704; x_wconf 82' lang='grc' dir='ltr'><strong>πρᾶξις,</strong></span> <span class='ocrx_word' id='word_1_620' title='bbox 3609 2631 3676 2703; x_wconf 85' lang='grc' dir='ltr'><strong>ἐφ’</strong></span> <span class='ocrx_word' id='word_1_621' title='bbox 3723 2631 3772 2688; x_wconf 67' lang='grc' dir='ltr'><strong>ἣν</strong></span> <span class='ocrx_word' id='word_1_622' title='bbox 3793 2647 3836 2680; x_wconf 82' lang='grc' dir='ltr'><strong>σε</strong></span> 
     </span>
    </p>
   </div>
   <div class='ocr_carea' id='block_1_90' title="bbox 2283 2712 3835 2791">
    <p class='ocr_par' dir='ltr' id='par_1_90' title="bbox 2283 2712 3835 2791">
     <span class='ocr_line' id='line_1_90' title="bbox 2283 2712 3835 2791; baseline 0.003 -27"><span class='ocrx_word' id='word_1_623' title='bbox 2283 2712 2702 2786; x_wconf 76' lang='grc' dir='ltr'><strong>παρακαλοῦμεν,</strong></span> <span class='ocrx_word' id='word_1_624' title='bbox 2744 2719 2843 2786; x_wconf 87' lang='grc' dir='ltr'><strong>μία</strong></span> <span class='ocrx_word' id='word_1_625' title='bbox 2886 2712 3020 2768; x_wconf 83' lang='grc' dir='ltr'><strong>οὖσα</strong></span> <span class='ocrx_word' id='word_1_626' title='bbox 3069 2721 3157 2770; x_wconf 80' lang='grc' dir='ltr'><strong>καὶ</strong></span> <span class='ocrx_word' id='word_1_627' title='bbox 3231 2714 3327 2770; x_wconf 85' lang='grc' dir='ltr'><strong>δύο</strong></span> <span class='ocrx_word' id='word_1_628' title='bbox 3391 2723 3553 2772; x_wconf 82' lang='grc' dir='ltr'><strong>ταῦτά</strong></span> <span class='ocrx_word' id='word_1_629' title='bbox 3603 2739 3678 2772; x_wconf 90' lang='grc' dir='ltr'><strong>σοι</strong></span> <span class='ocrx_word' id='word_1_630' title='bbox 3725 2738 3835 2791; x_wconf 83' lang='grc' dir='ltr'><strong>περι-</strong></span> 
     </span>
    </p>
   </div>
   <div class='ocr_carea' id='block_1_91' title="bbox 2283 2804 3834 2878">
    <p class='ocr_par' dir='ltr' id='par_1_91' title="bbox 2283 2804 3834 2878">
     <span class='ocr_line' id='line_1_91' title="bbox 2283 2804 3834 2878; baseline 0.003 -25"><span class='ocrx_word' id='word_1_631' title='bbox 2283 2809 2530 2868; x_wconf 83' lang='grc' dir='ltr'><strong>ποιοῦσα,</strong></span> <span class='ocrx_word' id='word_1_632' title='bbox 2581 2813 2977 2878; x_wconf 84' lang='grc' dir='ltr'><strong>προσμαρτυρεῖ</strong></span> <span class='ocrx_word' id='word_1_633' title='bbox 3029 2804 3237 2877; x_wconf 81' lang='grc' dir='ltr'><strong>ἀγάπης</strong></span> <span class='ocrx_word' id='word_1_634' title='bbox 3290 2807 3513 2862; x_wconf 84' lang='grc' dir='ltr'><strong>πλοῦτον</strong></span> <span class='ocrx_word' id='word_1_635' title='bbox 3563 2813 3639 2861; x_wconf 82' lang='grc' dir='ltr'><strong>καὶ</strong></span> <span class='ocrx_word' id='word_1_636' title='bbox 3674 2804 3834 2860; x_wconf 74' lang='grc' dir='ltr'><strong>δικαιο·</strong></span> 
     </span>
    </p>
   </div>
   <div class='ocr_carea' id='block_1_92' title="bbox 2195 2893 3835 2974">
    <p class='ocr_par' dir='ltr' id='par_1_92' title="bbox 2195 2893 3835 2974">
     <span class='ocr_line' id='line_1_92' title="bbox 2195 2893 3835 2974; baseline 0.007 -31"><span class='ocrx_word' id='word_1_637' title='bbox 2195 2918 2248 2974; x_wconf 71' lang='lat' dir='ltr'><strong>C</strong></span> <span class='ocrx_word' id='word_1_638' title='bbox 2285 2893 2447 2954; x_wconf 88' lang='grc' dir='ltr'><strong>σύνης</strong></span> <span class='ocrx_word' id='word_1_639' title='bbox 2493 2894 2704 2964; x_wconf 80' lang='grc' dir='ltr'><strong>ἄμαχον</strong></span> <span class='ocrx_word' id='word_1_640' title='bbox 2772 2893 2954 2965; x_wconf 80' lang='grc' dir='ltr'><strong>ἰσχύν,</strong></span> <span class='ocrx_word' id='word_1_641' title='bbox 3014 2901 3104 2949; x_wconf 87' lang='grc' dir='ltr'><strong>καὶ</strong></span> <span class='ocrx_word' id='word_1_642' title='bbox 3151 2896 3306 2948; x_wconf 84' lang='grc' dir='ltr'><strong>καλὸν</strong></span> <span class='ocrx_word' id='word_1_643' title='bbox 3367 2907 3439 2969; x_wconf 86' lang='grc' dir='ltr'><strong>τῷ</strong></span> <span class='ocrx_word' id='word_1_644' title='bbox 3483 2896 3580 2971; x_wconf 82' lang='grc' dir='ltr'><strong>βίῳ</strong></span> <span class='ocrx_word' id='word_1_645' title='bbox 3635 2895 3835 2969; x_wconf 68' lang='grc' dir='ltr'><strong>διήγημα</strong></span> 
     </span>
    </p>
   </div>
   <div class='ocr_carea' id='block_1_93' title="bbox 2283 2979 3831 3061">
    <p class='ocr_par' dir='ltr' id='par_1_93' title="bbox 2283 2979 3831 3061">
     <span class='ocr_line' id='line_1_93' title="bbox 2283 2979 3831 3061; baseline 0.003 -30"><span class='ocrx_word' id='word_1_646' title='bbox 2283 2979 2675 3051; x_wconf 79' lang='grc' dir='ltr'><strong>ἐγκαινίζουσα,</strong></span> <span class='ocrx_word' id='word_1_647' title='bbox 2760 2981 3056 3057; x_wconf 74' lang='grc' dir='ltr'><strong>ἀρχέτυπόν</strong></span> <span class='ocrx_word' id='word_1_648' title='bbox 3139 3005 3196 3038; x_wconf 90' lang='grc' dir='ltr'><strong>σε</strong></span> <span class='ocrx_word' id='word_1_649' title='bbox 3263 2995 3378 3048; x_wconf 89' lang='grc' dir='ltr'><strong>τοῖς</strong></span> <span class='ocrx_word' id='word_1_650' title='bbox 3456 2987 3720 3061; x_wconf 81' lang='grc' dir='ltr'><strong>φιλαρέτοις</strong></span> <span class='ocrx_word' id='word_1_651' title='bbox 3765 2989 3831 3038; x_wconf 76' lang='grc' dir='ltr'><strong>καὶ</strong></span> 
     </span>
    </p>
   </div>
   <div class='ocr_carea' id='block_1_94' title="bbox 2283 3069 3832 3148">
    <p class='ocr_par' dir='ltr' id='par_1_94' title="bbox 2283 3069 3832 3148">
     <span class='ocr_line' id='line_1_94' title="bbox 2283 3069 3832 3148; baseline 0.003 -27"><span class='ocrx_word' id='word_1_652' title='bbox 2283 3069 2630 3133; x_wconf 80' lang='grc' dir='ltr'><strong>ἀξιοζήλωτον</strong></span> <span class='ocrx_word' id='word_1_653' title='bbox 2685 3071 2950 3145; x_wconf 75' lang='grc' dir='ltr'><strong>ἔπεισάγει</strong></span> <span class='ocrx_word' id='word_1_654' title='bbox 3005 3071 3371 3148; x_wconf 82' lang='grc' dir='ltr'><strong>παράδειγμα,</strong></span> <span class='ocrx_word' id='word_1_655' title='bbox 3400 3083 3488 3129; x_wconf 80' lang='grc' dir='ltr'><strong>καὶ</strong></span> <span class='ocrx_word' id='word_1_656' title='bbox 3533 3081 3586 3129; x_wconf 86' lang='grc' dir='ltr'><strong>τὸ</strong></span> <span class='ocrx_word' id='word_1_657' title='bbox 3629 3080 3832 3148; x_wconf 79' lang='grc' dir='ltr'><strong>μέγιστον</strong></span> 
     </span>
    </p>
   </div>
   <div class='ocr_carea' id='block_1_95' title="bbox 2280 3159 3830 3237">
    <p class='ocr_par' dir='ltr' id='par_1_95' title="bbox 2280 3159 3830 3237">
     <span class='ocr_line' id='line_1_95' title="bbox 2280 3159 3830 3237; baseline 0.002 -27"><span class='ocrx_word' id='word_1_658' title='bbox 2280 3163 2370 3212; x_wconf 84' lang='grc' dir='ltr'><strong>καὶ</strong></span> <span class='ocrx_word' id='word_1_659' title='bbox 2416 3167 2515 3212; x_wconf 87' lang='grc' dir='ltr'><strong>τῶν</strong></span> <span class='ocrx_word' id='word_1_660' title='bbox 2573 3159 2734 3212; x_wconf 79' lang='grc' dir='ltr'><strong>ἄλλων</strong></span> <span class='ocrx_word' id='word_1_661' title='bbox 2793 3160 3031 3214; x_wconf 80' lang='grc' dir='ltr'><strong>ἁπάντων</strong></span> <span class='ocrx_word' id='word_1_662' title='bbox 3089 3164 3188 3216; x_wconf 83' lang='grc' dir='ltr'><strong>ὅσα</strong></span> <span class='ocrx_word' id='word_1_663' title='bbox 3245 3183 3331 3226; x_wconf 88' lang='grc' dir='ltr'><strong>τις</strong></span> <span class='ocrx_word' id='word_1_664' title='bbox 3395 3165 3563 3237; x_wconf 85' lang='grc' dir='ltr'><strong>ἀγαθά</strong></span> <span class='ocrx_word' id='word_1_665' title='bbox 3607 3170 3685 3217; x_wconf 83' lang='grc' dir='ltr'><strong>καὶ</strong></span> <span class='ocrx_word' id='word_1_666' title='bbox 3723 3167 3830 3216; x_wconf 81' lang='grc' dir='ltr'><strong>εἴποι</strong></span> 
     </span>
    </p>
   </div>
   <div class='ocr_carea' id='block_1_96' title="bbox 2279 3247 3829 3329">
    <p class='ocr_par' dir='ltr' id='par_1_96' title="bbox 2279 3247 3829 3329">
     <span class='ocr_line' id='line_1_96' title="bbox 2279 3247 3829 3329; baseline 0.008 -30"><span class='ocrx_word' id='word_1_667' title='bbox 2279 3252 2369 3300; x_wconf 84' lang='grc' dir='ltr'><strong>καὶ</strong></span> <span class='ocrx_word' id='word_1_668' title='bbox 2399 3247 2726 3308; x_wconf 79' lang='grc' dir='ltr'><strong>ἐπινοήσοιτο</strong></span> <span class='ocrx_word' id='word_1_669' title='bbox 2776 3251 3072 3323; x_wconf 75' lang='grc' dir='ltr'><strong>κεφάλαιον,</strong></span> <span class='ocrx_word' id='word_1_670' title='bbox 3123 3254 3202 3306; x_wconf 85' lang='grc' dir='ltr'><strong>ὅτι</strong></span> <span class='ocrx_word' id='word_1_671' title='bbox 3247 3255 3348 3316; x_wconf 80' lang='grc' dir='ltr'><strong>τὰς</strong></span> <span class='ocrx_word' id='word_1_672' title='bbox 3398 3255 3653 3329; x_wconf 78' lang='grc' dir='ltr'><strong>οὐρανίους</strong></span> <span class='ocrx_word' id='word_1_673' title='bbox 3700 3251 3829 3311; x_wconf 80' lang='grc' dir='ltr'><strong>πύλας</strong></span> 
     </span>
    </p>
   </div>
   <div class='ocr_carea' id='block_1_97' title="bbox 2279 3339 3830 3416">
    <p class='ocr_par' dir='ltr' id='par_1_97' title="bbox 2279 3339 3830 3416">
     <span class='ocr_line' id='line_1_97' title="bbox 2279 3339 3830 3416; baseline 0.002 -27"><span class='ocrx_word' id='word_1_674' title='bbox 2279 3340 2412 3395; x_wconf 71' lang='grc' dir='ltr'><strong>αὕτη</strong></span> <span class='ocrx_word' id='word_1_675' title='bbox 2467 3339 2738 3410; x_wconf 77' lang='grc' dir='ltr'><strong>ὑπανοίγει</strong></span> <span class='ocrx_word' id='word_1_676' title='bbox 2789 3359 2893 3404; x_wconf 89' lang='grc' dir='ltr'><strong>σοι,</strong></span> <span class='ocrx_word' id='word_1_677' title='bbox 2950 3343 3076 3414; x_wconf 85' lang='grc' dir='ltr'><strong>πρὸς</strong></span> <span class='ocrx_word' id='word_1_678' title='bbox 3126 3344 3211 3394; x_wconf 86' lang='grc' dir='ltr'><strong>τὸν</strong></span> <span class='ocrx_word' id='word_1_679' title='bbox 3267 3346 3499 3416; x_wconf 82' lang='grc' dir='ltr'><strong>καθαρὸν</strong></span> <span class='ocrx_word' id='word_1_680' title='bbox 3548 3345 3715 3396; x_wconf 75' lang='grc' dir='ltr'><strong>ἐκεῖνον</strong></span> <span class='ocrx_word' id='word_1_681' title='bbox 3760 3345 3830 3393; x_wconf 73' lang='grc' dir='ltr'><strong>καί</strong></span> 
     </span>
    </p>
   </div>
   <div class='ocr_carea' id='block_1_98' title="bbox 2279 3427 3824 3501">
    <p class='ocr_par' dir='ltr' id='par_1_98' title="bbox 2279 3427 3824 3501">
     <span class='ocr_line' id='line_1_98' title="bbox 2279 3427 3824 3501; baseline 0.003 -23"><span class='ocrx_word' id='word_1_682' title='bbox 2279 3428 2536 3500; x_wconf 76' lang='grc' dir='ltr'><strong>μακάριον</strong></span> <span class='ocrx_word' id='word_1_683' title='bbox 2564 3427 2789 3501; x_wconf 78' lang='grc' dir='ltr'><strong>θάλαμον</strong></span> <span class='ocrx_word' id='word_1_684' title='bbox 2835 3438 2931 3490; x_wconf 81' lang='grc' dir='ltr'><strong>τῆς</strong></span> <span class='ocrx_word' id='word_1_685' title='bbox 2987 3432 3122 3492; x_wconf 84' lang='grc' dir='ltr'><strong>θείας</strong></span> <span class='ocrx_word' id='word_1_686' title='bbox 3169 3436 3256 3482; x_wconf 77' lang='lat' dir='ltr'><strong>xui</strong></span> <span class='ocrx_word' id='word_1_687' title='bbox 3311 3430 3488 3486; x_wconf 84' lang='grc' dir='ltr'><strong>αἱδίου</strong></span> <span class='ocrx_word' id='word_1_688' title='bbox 3527 3432 3824 3492; x_wconf 80' lang='grc' dir='ltr'><strong>ἀπολαύσεως,</strong></span> 
     </span>
    </p>
   </div>
   <div class='ocr_carea' id='block_1_99' title="bbox 2278 3516 3826 3592">
    <p class='ocr_par' dir='ltr' id='par_1_99' title="bbox 2278 3516 3826 3592">
     <span class='ocr_line' id='line_1_99' title="bbox 2278 3516 3826 3592; baseline -0.001 -24"><span class='ocrx_word' id='word_1_689' title='bbox 2278 3519 2409 3588; x_wconf 84' lang='grc' dir='ltr'><strong>μετὰ</strong></span> <span class='ocrx_word' id='word_1_690' title='bbox 2461 3516 2654 3578; x_wconf 83' lang='grc' dir='ltr'><strong>πολλῆς</strong></span> <span class='ocrx_word' id='word_1_691' title='bbox 2731 3523 3121 3592; x_wconf 79' lang='grc' dir='ltr'><strong>προπέμπουσα</strong></span> <span class='ocrx_word' id='word_1_692' title='bbox 3173 3521 3260 3592; x_wconf 79' lang='grc' dir='ltr'><strong>(ἧς</strong></span> <span class='ocrx_word' id='word_1_693' title='bbox 3335 3531 3444 3584; x_wconf 86' lang='grc' dir='ltr'><strong>πῶς</strong></span> <span class='ocrx_word' id='word_1_694' title='bbox 3496 3521 3552 3574; x_wconf 75' lang='grc' dir='ltr'><strong>διν</strong></span> <span class='ocrx_word' id='word_1_695' title='bbox 3602 3521 3826 3584; x_wconf 71' lang='grc' dir='ltr'><strong>ἀξιωθείην</strong></span> 
     </span>
    </p>
   </div>
   <div class='ocr_carea' id='block_1_100' title="bbox 2278 3603 2907 3683">
    <p class='ocr_par' dir='ltr' id='par_1_100' title="bbox 2278 3603 2907 3683">
     <span class='ocr_line' id='line_1_100' title="bbox 2278 3603 2907 3683; baseline 0.002 -26"><span class='ocrx_word' id='word_1_696' title='bbox 2278 3608 2438 3679; x_wconf 76' lang='grc' dir='ltr'><strong>ἔγωγε</strong></span> <span class='ocrx_word' id='word_1_697' title='bbox 2474 3610 2512 3675; x_wconf 85' lang='lat'><strong>;)</strong></span> <span class='ocrx_word' id='word_1_698' title='bbox 2538 3603 2907 3683; x_wconf 86' lang='grc' dir='ltr'><strong>φαιδρότητος.</strong></span> 
     </span>
    </p>
   </div>
   <div class='ocr_carea' id='block_1_101' title="bbox 2897 3698 3262 3752">
    <p class='ocr_par' dir='ltr' id='par_1_101' title="bbox 2897 3698 3262 3752">
     <span class='ocr_line' id='line_1_101' title="bbox 2897 3698 3262 3752; baseline 0 -2"><span class='ocrx_word' id='word_1_699' title='bbox 2897 3703 3108 3752; x_wconf 87' lang='grc' dir='ltr'><strong>ΕΠΙΣΤ.</strong></span> <span class='ocrx_word' id='word_1_700' title='bbox 3144 3698 3262 3752; x_wconf 83' lang='lat' dir='ltr'><strong>NE&#39;.</strong></span> 
     </span>
    </p>
   </div>
   <div class='ocr_carea' id='block_1_102' title="bbox 2939 3787 3217 3860">
    <p class='ocr_par' dir='ltr' id='par_1_102' title="bbox 2939 3787 3217 3860">
     <span class='ocr_line' id='line_1_102' title="bbox 2939 3787 3217 3860; baseline -0.004 -20"><span class='ocrx_word' id='word_1_701' title='bbox 2939 3793 3022 3858; x_wconf 83' lang='grc' dir='ltr'><strong>Τῷ</strong></span> <span class='ocrx_word' id='word_1_702' title='bbox 3055 3787 3217 3860; x_wconf 82' lang='grc' dir='ltr'><strong>αύτῷ,</strong></span> 
     </span>
    </p>
   </div>
   <div class='ocr_carea' id='block_1_103' title="bbox 2209 3880 2650 3944">
    <p class='ocr_par' dir='ltr' id='par_1_103' title="bbox 2209 3880 2650 3944">
     <span class='ocr_line' id='line_1_103' title="bbox 2209 3880 2650 3944; baseline 0 -15"><span class='ocrx_word' id='word_1_703' title='bbox 2209 3880 2316 3937; x_wconf 76' lang='grc'><strong>190,</strong></span> <span class='ocrx_word' id='word_1_704' title='bbox 2350 3894 2476 3944; x_wconf 80' lang='lat' dir='ltr'><strong>pag.</strong></span> <span class='ocrx_word' id='word_1_705' title='bbox 2518 3881 2650 3940; x_wconf 82' lang='lat'><strong>288.)</strong></span> 
     </span>
    </p>
   </div>
   <div class='ocr_carea' id='block_1_104' title="bbox 2351 3967 3825 4048">
    <p class='ocr_par' dir='ltr' id='par_1_104' title="bbox 2351 3967 3825 4048">
     <span class='ocr_line' id='line_1_104' title="bbox 2351 3967 3825 4048; baseline 0 -25"><span class='ocrx_word' id='word_1_706' title='bbox 2351 3967 2596 4033; x_wconf 80' lang='grc' dir='ltr'><strong>Ἔδειξας</strong></span> <span class='ocrx_word' id='word_1_707' title='bbox 2642 3970 2713 4032; x_wconf 83' lang='grc' dir='ltr'><strong>εἰς</strong></span> <span class='ocrx_word' id='word_1_708' title='bbox 2754 3973 2873 4024; x_wconf 86' lang='grc' dir='ltr'><strong>ὅσον</strong></span> <span class='ocrx_word' id='word_1_709' title='bbox 2925 3976 3042 4031; x_wconf 79' lang='grc' dir='ltr'><strong>ἣκει</strong></span> <span class='ocrx_word' id='word_1_710' title='bbox 3093 3977 3182 4027; x_wconf 87' lang='grc' dir='ltr'><strong>καὶ</strong></span> <span class='ocrx_word' id='word_1_711' title='bbox 3241 3975 3419 4048; x_wconf 88' lang='grc' dir='ltr'><strong>φιλίας</strong></span> <span class='ocrx_word' id='word_1_712' title='bbox 3467 3979 3552 4028; x_wconf 81' lang='grc' dir='ltr'><strong>καὶ</strong></span> <span class='ocrx_word' id='word_1_713' title='bbox 3597 3970 3825 4027; x_wconf 81' lang='grc' dir='ltr'><strong>δικαιοσύ-</strong></span> 
     </span>
    </p>
   </div>
   <div class='ocr_carea' id='block_1_105' title="bbox 2279 4059 3824 4135">
    <p class='ocr_par' dir='ltr' id='par_1_105' title="bbox 2279 4059 3824 4135">
     <span class='ocr_line' id='line_1_105' title="bbox 2279 4059 3824 4135; baseline 0.002 -25"><span class='ocrx_word' id='word_1_714' title='bbox 2279 4078 2370 4122; x_wconf 89' lang='grc' dir='ltr'><strong>νης</strong></span> <span class='ocrx_word' id='word_1_715' title='bbox 2402 4060 2430 4117; x_wconf 81' lang='grc' dir='ltr'><strong>ἠ</strong></span> <span class='ocrx_word' id='word_1_716' title='bbox 2459 4064 2524 4118; x_wconf 86' lang='grc' dir='ltr'><strong>σή</strong></span> <span class='ocrx_word' id='word_1_717' title='bbox 2576 4059 2833 4123; x_wconf 73' lang='grc' dir='ltr'><strong>τελειοτης</strong></span> <span class='ocrx_word' id='word_1_718' title='bbox 2873 4067 2963 4114; x_wconf 89' lang='grc' dir='ltr'><strong>καὶ</strong></span> <span class='ocrx_word' id='word_1_719' title='bbox 3017 4067 3134 4115; x_wconf 85' lang='grc' dir='ltr'><strong>τότε</strong></span> <span class='ocrx_word' id='word_1_720' title='bbox 3179 4072 3382 4135; x_wconf 86' lang='grc' dir='ltr'><strong>γενεαῖς</strong></span> <span class='ocrx_word' id='word_1_721' title='bbox 3418 4067 3668 4124; x_wconf 80' lang='grc' dir='ltr'><strong>τοιαύταις</strong></span> <span class='ocrx_word' id='word_1_722' title='bbox 3701 4059 3824 4120; x_wconf 79' lang='grc' dir='ltr'><strong>ίναίς</strong></span> 
     </span>
    </p>
   </div>
   <div class='ocr_carea' id='block_1_106' title="bbox 2279 4145 3820 4229">
    <p class='ocr_par' dir='ltr' id='par_1_106' title="bbox 2279 4145 3820 4229">
     <span class='ocr_line' id='line_1_106' title="bbox 2279 4145 3820 4229; baseline 0.002 -30"><span class='ocrx_word' id='word_1_723' title='bbox 2279 4145 2396 4201; x_wconf 76' lang='grc' dir='ltr'><strong>οὐδ’</strong></span> <span class='ocrx_word' id='word_1_724' title='bbox 2428 4147 2601 4221; x_wconf 78' lang='grc' dir='ltr'><strong>ἑτέρας</strong></span> <span class='ocrx_word' id='word_1_725' title='bbox 2633 4149 2820 4216; x_wconf 71' lang='grc' dir='ltr'><strong>αὐτῶν,</strong></span> <span class='ocrx_word' id='word_1_726' title='bbox 2854 4146 2979 4203; x_wconf 68' lang='grc' dir='ltr'><strong>οὐδὲ</strong></span> <span class='ocrx_word' id='word_1_727' title='bbox 3032 4155 3126 4210; x_wconf 78' lang='grc' dir='ltr'><strong>τήν</strong></span> <span class='ocrx_word' id='word_1_728' title='bbox 3160 4156 3365 4212; x_wconf 85' lang='grc' dir='ltr'><strong>συνήθη</strong></span> <span class='ocrx_word' id='word_1_729' title='bbox 3413 4153 3592 4229; x_wconf 79' lang='grc' dir='ltr'><strong>πρᾶξιν</strong></span> <span class='ocrx_word' id='word_1_730' title='bbox 3634 4149 3820 4220; x_wconf 74' lang='grc' dir='ltr'><strong>καθαρὰν</strong></span> 
     </span>
    </p>
   </div>
   <div class='ocr_carea' id='block_1_107' title="bbox 2279 4239 3818 4313">
    <p class='ocr_par' dir='ltr' id='par_1_107' title="bbox 2279 4239 3818 4313">
     <span class='ocr_line' id='line_1_107' title="bbox 2279 4239 3818 4313; baseline 0.001 -24"><span class='ocrx_word' id='word_1_731' title='bbox 2279 4242 2499 4310; x_wconf 84' lang='grc' dir='ltr'><strong>ὁρῶμεν.</strong></span> <span class='ocrx_word' id='word_1_732' title='bbox 2553 4244 2651 4291; x_wconf 78' lang='grc' dir='ltr'><strong>Καὶ</strong></span> <span class='ocrx_word' id='word_1_733' title='bbox 2678 4240 2835 4310; x_wconf 75' lang='grc' dir='ltr'><strong>ἔγωγε</strong></span> <span class='ocrx_word' id='word_1_734' title='bbox 2863 4241 2947 4292; x_wconf 83' lang='grc' dir='ltr'><strong>ἐπὶ</strong></span> <span class='ocrx_word' id='word_1_735' title='bbox 2995 4248 3264 4308; x_wconf 75' lang='grc' dir='ltr'><strong>τοσοῦτον,</strong></span> <span class='ocrx_word' id='word_1_736' title='bbox 3318 4248 3408 4296; x_wconf 79' lang='grc' dir='ltr'><strong>καὶ</strong></span> <span class='ocrx_word' id='word_1_737' title='bbox 3455 4251 3526 4313; x_wconf 81' lang='grc' dir='ltr'><strong>τῷ</strong></span> <span class='ocrx_word' id='word_1_738' title='bbox 3564 4243 3715 4312; x_wconf 75' lang='grc' dir='ltr'><strong>τάχει,</strong></span> <span class='ocrx_word' id='word_1_739' title='bbox 3749 4239 3818 4287; x_wconf 73' lang='grc' dir='ltr'><strong>καὶ</strong></span> 
     </span>
    </p>
   </div>
   <div class='ocr_carea' id='block_1_108' title="bbox 2277 4329 3821 4404">
    <p class='ocr_par' dir='ltr' id='par_1_108' title="bbox 2277 4329 3821 4404">
     <span class='ocr_line' id='line_1_108' title="bbox 2277 4329 3821 4404; baseline 0 -26"><span class='ocrx_word' id='word_1_740' title='bbox 2277 4334 2348 4378; x_wconf 89' lang='grc' dir='ltr'><strong>τῶ</strong></span> <span class='ocrx_word' id='word_1_741' title='bbox 2397 4329 2672 4398; x_wconf 84' lang='grc' dir='ltr'><strong>μεγαλείῳ,</strong></span> <span class='ocrx_word' id='word_1_742' title='bbox 2724 4333 2903 4400; x_wconf 87' lang='grc' dir='ltr'><strong>χαίρω</strong></span> <span class='ocrx_word' id='word_1_743' title='bbox 2956 4337 3046 4381; x_wconf 83' lang='grc' dir='ltr'><strong>τοῦ</strong></span> <span class='ocrx_word' id='word_1_744' title='bbox 3093 4333 3520 4404; x_wconf 81' lang='grc' dir='ltr'><strong>κατορθώματος,</strong></span> <span class='ocrx_word' id='word_1_745' title='bbox 3551 4335 3631 4382; x_wconf 84' lang='grc' dir='ltr'><strong>καὶ</strong></span> <span class='ocrx_word' id='word_1_746' title='bbox 3655 4334 3821 4401; x_wconf 76' lang='grc' dir='ltr'><strong>χαίρων</strong></span> 
     </span>
    </p>
   </div>
   <div class='ocr_carea' id='block_1_109' title="bbox 2209 4415 3821 4495">
    <p class='ocr_par' dir='ltr' id='par_1_109' title="bbox 2209 4415 3821 4495">
     <span class='ocr_line' id='line_1_109' title="bbox 2209 4415 3821 4495; baseline -0.001 -28"><span class='ocrx_word' id='word_1_747' title='bbox 2209 4429 2212 4431; x_wconf 70' lang='lat'><strong>‘</strong></span> <span class='ocrx_word' id='word_1_748' title='bbox 2274 4415 2332 4467; x_wconf 69' lang='grc' dir='ltr'><strong>οὗ</strong></span> <span class='ocrx_word' id='word_1_749' title='bbox 2379 4415 2522 4486; x_wconf 85' lang='grc' dir='ltr'><strong>λήγω</strong></span> <span class='ocrx_word' id='word_1_750' title='bbox 2573 4425 2664 4476; x_wconf 81' lang='grc' dir='ltr'><strong>τῆς</strong></span> <span class='ocrx_word' id='word_1_751' title='bbox 2747 4416 3120 4488; x_wconf 73' lang='grc' dir='ltr'><strong>ἀγαλλιάσεως,</strong></span> <span class='ocrx_word' id='word_1_752' title='bbox 3188 4421 3268 4472; x_wconf 87' lang='grc' dir='ltr'><strong>ὃτι</strong></span> <span class='ocrx_word' id='word_1_753' title='bbox 3348 4426 3467 4495; x_wconf 79' lang='grc' dir='ltr'><strong>πρὶν</strong></span> <span class='ocrx_word' id='word_1_754' title='bbox 3519 4423 3602 4492; x_wconf 70' lang='grc' dir='ltr'><strong>μεν</strong></span> <span class='ocrx_word' id='word_1_755' title='bbox 3650 4419 3821 4489; x_wconf 72' lang='grc' dir='ltr'><strong>γράφων</strong></span> 
     </span>
    </p>
   </div>
   <div class='ocr_carea' id='block_1_110' title="bbox 2195 4505 3823 4583">
    <p class='ocr_par' dir='ltr' id='par_1_110' title="bbox 2195 4505 3823 4583">
     <span class='ocr_line' id='line_1_110' title="bbox 2195 4505 3823 4583; baseline -0.002 -25"><span class='ocrx_word' id='word_1_756' title='bbox 2195 4505 2238 4558; x_wconf 89' lang='lat' dir='ltr'>D</span> <span class='ocrx_word' id='word_1_757' title='bbox 2273 4505 2625 4577; x_wconf 84' lang='grc' dir='ltr'><strong>ἐσκοπούμην,</strong></span> <span class='ocrx_word' id='word_1_758' title='bbox 2659 4510 2730 4577; x_wconf 89' lang='grc' dir='ltr'><strong>μή</strong></span> <span class='ocrx_word' id='word_1_759' title='bbox 2759 4527 2863 4567; x_wconf 88' lang='grc' dir='ltr'><strong>πως</strong></span> <span class='ocrx_word' id='word_1_760' title='bbox 2894 4509 2996 4581; x_wconf 76' lang='grc' dir='ltr'><strong>ἄρα</strong></span> <span class='ocrx_word' id='word_1_761' title='bbox 3022 4507 3254 4583; x_wconf 82' lang='grc' dir='ltr'><strong>ὀχληρός</strong></span> <span class='ocrx_word' id='word_1_762' title='bbox 3299 4529 3382 4563; x_wconf 90' lang='grc' dir='ltr'><strong>σοι</strong></span> <span class='ocrx_word' id='word_1_763' title='bbox 3415 4506 3566 4573; x_wconf 83' lang='grc' dir='ltr'><strong>δόξω,</strong></span> <span class='ocrx_word' id='word_1_764' title='bbox 3593 4507 3658 4568; x_wconf 85' lang='grc' dir='ltr'><strong>εἱς</strong></span> <span class='ocrx_word' id='word_1_765' title='bbox 3684 4505 3823 4557; x_wconf 72' lang='grc' dir='ltr'><strong>τοιαύο</strong></span> 
     </span>
    </p>
   </div>
   <div class='ocr_carea' id='block_1_111' title="bbox 2272 4591 3821 4660">
    <p class='ocr_par' dir='ltr' id='par_1_111' title="bbox 2272 4591 3821 4660">
     <span class='ocr_line' id='line_1_111' title="bbox 2272 4591 3821 4660; baseline -0.003 -13"><span class='ocrx_word' id='word_1_766' title='bbox 2272 4615 2365 4657; x_wconf 87' lang='grc' dir='ltr'><strong>τας</strong></span> <span class='ocrx_word' id='word_1_767' title='bbox 2418 4595 2568 4657; x_wconf 71' lang='grc' dir='ltr'><strong>εὐθὺς</strong></span> <span class='ocrx_word' id='word_1_768' title='bbox 2621 4593 2910 4648; x_wconf 80' lang='grc' dir='ltr'><strong>ἀναϐαίνων</strong></span> <span class='ocrx_word' id='word_1_769' title='bbox 2970 4596 3226 4660; x_wconf 78' lang='grc' dir='ltr'><strong>ἀξιώσεις.</strong></span> <span class='ocrx_word' id='word_1_770' title='bbox 3281 4605 3390 4652; x_wconf 80' lang='grc' dir='ltr'><strong>Νῦν</strong></span> <span class='ocrx_word' id='word_1_771' title='bbox 3459 4595 3511 4651; x_wconf 82' lang='grc' dir='ltr'><strong>δ’</strong></span> <span class='ocrx_word' id='word_1_772' title='bbox 3561 4596 3703 4654; x_wconf 79' lang='grc' dir='ltr'><strong>οὑτως</strong></span> <span class='ocrx_word' id='word_1_773' title='bbox 3756 4591 3821 4643; x_wconf 80' lang='grc' dir='ltr'><strong>ἀν-</strong></span> 
     </span>
    </p>
   </div>
   <div class='ocr_carea' id='block_1_112' title="bbox 2272 4685 3822 4760">
    <p class='ocr_par' dir='ltr' id='par_1_112' title="bbox 2272 4685 3822 4760">
     <span class='ocr_line' id='line_1_112' title="bbox 2272 4685 3822 4760; baseline 0.003 -25"><span class='ocrx_word' id='word_1_774' title='bbox 2272 4688 2562 4757; x_wconf 76' lang='grc' dir='ltr'><strong>επτέρωμαι</strong></span> <span class='ocrx_word' id='word_1_775' title='bbox 2601 4689 2690 4737; x_wconf 79' lang='grc' dir='ltr'><strong>καὶ</strong></span> <span class='ocrx_word' id='word_1_776' title='bbox 2747 4689 2993 4758; x_wconf 80' lang='grc' dir='ltr'><strong>μετέωρος</strong></span> <span class='ocrx_word' id='word_1_777' title='bbox 3045 4685 3159 4748; x_wconf 85' lang='grc' dir='ltr'><strong>ὅλος</strong></span> <span class='ocrx_word' id='word_1_778' title='bbox 3204 4687 3312 4760; x_wconf 85' lang='grc' dir='ltr'><strong>εὶμὶ</strong></span> <span class='ocrx_word' id='word_1_779' title='bbox 3351 4696 3423 4759; x_wconf 85' lang='grc' dir='ltr'><strong>τῷ</strong></span> <span class='ocrx_word' id='word_1_780' title='bbox 3474 4688 3704 4760; x_wconf 78' lang='grc' dir='ltr'><strong>προθύμῳ</strong></span> <span class='ocrx_word' id='word_1_781' title='bbox 3747 4686 3822 4753; x_wconf 70' lang='grc' dir='ltr'><strong>τῆς</strong></span> 
     </span>
    </p>
   </div>
   <div class='ocr_carea' id='block_1_113' title="bbox 2272 4771 3818 4850">
    <p class='ocr_par' dir='ltr' id='par_1_113' title="bbox 2272 4771 3818 4850">
     <span class='ocr_line' id='line_1_113' title="bbox 2272 4771 3818 4850; baseline -0.003 -26"><span class='ocrx_word' id='word_1_782' title='bbox 2272 4771 2490 4845; x_wconf 84' lang='grc' dir='ltr'><strong>ἀρίστης</strong></span> <span class='ocrx_word' id='word_1_783' title='bbox 2568 4781 2800 4846; x_wconf 83' lang='grc' dir='ltr'><strong>γνώμης,</strong></span> <span class='ocrx_word' id='word_1_784' title='bbox 2862 4780 2948 4828; x_wconf 84' lang='grc' dir='ltr'><strong>καὶ</strong></span> <span class='ocrx_word' id='word_1_785' title='bbox 3005 4773 3386 4850; x_wconf 83' lang='grc' dir='ltr'><strong>ἀπροφασίστῳ</strong></span> <span class='ocrx_word' id='word_1_786' title='bbox 3427 4786 3515 4836; x_wconf 85' lang='grc' dir='ltr'><strong>τῆς</strong></span> <span class='ocrx_word' id='word_1_787' title='bbox 3571 4775 3818 4845; x_wconf 82' lang='grc' dir='ltr'><strong>θαυμασίου</strong></span> 
     </span>
    </p>
   </div>
   <div class='ocr_carea' id='block_1_114' title="bbox 2273 4859 3818 4937">
    <p class='ocr_par' dir='ltr' id='par_1_114' title="bbox 2273 4859 3818 4937">
     <span class='ocr_line' id='line_1_114' title="bbox 2273 4859 3818 4937; baseline 0.003 -25"><span class='ocrx_word' id='word_1_788' title='bbox 2273 4879 2366 4913; x_wconf 90' lang='grc' dir='ltr'><strong>σου</strong></span> <span class='ocrx_word' id='word_1_789' title='bbox 2416 4862 2651 4935; x_wconf 78' lang='grc' dir='ltr'><strong>πράξεως</strong></span> <span class='ocrx_word' id='word_1_790' title='bbox 2714 4863 3064 4937; x_wconf 78' lang='grc' dir='ltr'><strong>ἐπαιρόμενος,</strong></span> <span class='ocrx_word' id='word_1_791' title='bbox 3136 4866 3216 4917; x_wconf 87' lang='grc' dir='ltr'><strong>ὃτι</strong></span> <span class='ocrx_word' id='word_1_792' title='bbox 3267 4862 3484 4918; x_wconf 78' lang='grc' dir='ltr'><strong>δέδοικα</strong></span> <span class='ocrx_word' id='word_1_793' title='bbox 3535 4868 3600 4936; x_wconf 78' lang='grc' dir='ltr'><strong>μὴ</strong></span> <span class='ocrx_word' id='word_1_794' title='bbox 3665 4859 3818 4916; x_wconf 78' lang='grc' dir='ltr'><strong>πολλὰς</strong></span> 
     </span>
    </p>
   </div>
   <div class='ocr_carea' id='block_1_115' title="bbox 2268 4949 3813 5026">
    <p class='ocr_par' dir='ltr' id='par_1_115' title="bbox 2268 4949 3813 5026">
     <span class='ocr_line' id='line_1_115' title="bbox 2268 4949 3813 5026; baseline 0.001 -24"><span class='ocrx_word' id='word_1_795' title='bbox 2268 4951 2404 5020; x_wconf 79' lang='grc' dir='ltr'><strong>ἔχων</strong></span> <span class='ocrx_word' id='word_1_796' title='bbox 2445 4969 2529 5002; x_wconf 90' lang='grc' dir='ltr'><strong>σοι</strong></span> <span class='ocrx_word' id='word_1_797' title='bbox 2574 4954 2821 5013; x_wconf 87' lang='grc' dir='ltr'><strong>τοιαύτας</strong></span> <span class='ocrx_word' id='word_1_798' title='bbox 2869 4956 3155 5026; x_wconf 70' lang='grc' dir='ltr'><strong>προσάγειν</strong></span> <span class='ocrx_word' id='word_1_799' title='bbox 3203 4957 3489 5016; x_wconf 78' lang='grc' dir='ltr'><strong>ὑποθέσεις,</strong></span> <span class='ocrx_word' id='word_1_800' title='bbox 3541 4949 3610 5004; x_wconf 88' lang='grc' dir='ltr'><strong>δι’</strong></span> <span class='ocrx_word' id='word_1_801' title='bbox 3649 4950 3708 5000; x_wconf 77' lang='grc' dir='ltr'><strong>ὧν</strong></span> <span class='ocrx_word' id='word_1_802' title='bbox 3743 4951 3813 4998; x_wconf 76' lang='grc' dir='ltr'><strong>καὶ</strong></span> 
     </span>
    </p>
   </div>
   <div class='ocr_carea' id='block_1_116' title="bbox 2267 5037 3815 5114">
    <p class='ocr_par' dir='ltr' id='par_1_116' title="bbox 2267 5037 3815 5114">
     <span class='ocr_line' id='line_1_116' title="bbox 2267 5037 3815 5114; baseline -0.001 -23"><span class='ocrx_word' id='word_1_803' title='bbox 2267 5043 2358 5097; x_wconf 85' lang='grc' dir='ltr'><strong>τήν</strong></span> <span class='ocrx_word' id='word_1_804' title='bbox 2411 5040 2536 5110; x_wconf 79' lang='grc' dir='ltr'><strong>ἐμήν</strong></span> <span class='ocrx_word' id='word_1_805' title='bbox 2589 5044 2765 5114; x_wconf 80' lang='grc' dir='ltr'><strong>χαρὰν</strong></span> <span class='ocrx_word' id='word_1_806' title='bbox 2821 5041 3257 5114; x_wconf 84' lang='grc' dir='ltr'><strong>πολυπλασιοίσω,</strong></span> <span class='ocrx_word' id='word_1_807' title='bbox 3309 5049 3398 5096; x_wconf 84' lang='grc' dir='ltr'><strong>καὶ</strong></span> <span class='ocrx_word' id='word_1_808' title='bbox 3429 5047 3516 5101; x_wconf 82' lang='grc' dir='ltr'><strong>τήν</strong></span> <span class='ocrx_word' id='word_1_809' title='bbox 3559 5046 3648 5098; x_wconf 82' lang='grc' dir='ltr'><strong>σήν</strong></span> <span class='ocrx_word' id='word_1_810' title='bbox 3670 5037 3815 5108; x_wconf 65' lang='grc' dir='ltr'><strong>ἀρετὴν</strong></span> 
     </span>
    </p>
   </div>
   <div class='ocr_carea' id='block_1_117' title="bbox 2265 5126 3816 5202">
    <p class='ocr_par' dir='ltr' id='par_1_117' title="bbox 2265 5126 3816 5202">
     <span class='ocr_line' id='line_1_117' title="bbox 2265 5126 3816 5202; baseline 0.002 -23"><span class='ocrx_word' id='word_1_811' title='bbox 2265 5127 2624 5202; x_wconf 81' lang='grc' dir='ltr'><strong>λαμπροτέραν</strong></span> <span class='ocrx_word' id='word_1_812' title='bbox 2691 5127 2975 5194; x_wconf 69' lang='grc' dir='ltr'><strong>ἐπιδείξωσ</strong></span> <span class='ocrx_word' id='word_1_813' title='bbox 3061 5132 3172 5185; x_wconf 80' lang='grc' dir='ltr'><strong>ἀντὶ</strong></span> <span class='ocrx_word' id='word_1_814' title='bbox 3251 5141 3342 5186; x_wconf 78' lang='grc' dir='ltr'><strong>τοῦ</strong></span> <span class='ocrx_word' id='word_1_815' title='bbox 3419 5129 3582 5185; x_wconf 80' lang='grc' dir='ltr'><strong>δοκεῖν</strong></span> <span class='ocrx_word' id='word_1_816' title='bbox 3629 5126 3816 5199; x_wconf 73' lang='grc' dir='ltr'><strong>ὀχληρὸς</strong></span> 
     </span>
    </p>
   </div>
   <div class='ocr_carea' id='block_1_118' title="bbox 2266 5214 3816 5294">
    <p class='ocr_par' dir='ltr' id='par_1_118' title="bbox 2266 5214 3816 5294">
     <span class='ocr_line' id='line_1_118' title="bbox 2266 5214 3816 5294; baseline -0.001 -24"><span class='ocrx_word' id='word_1_817' title='bbox 2266 5214 2414 5283; x_wconf 84' lang='grc' dir='ltr'><strong>εἶναι,</strong></span> <span class='ocrx_word' id='word_1_818' title='bbox 2465 5222 2536 5289; x_wconf 82' lang='grc' dir='ltr'><strong>μή</strong></span> <span class='ocrx_word' id='word_1_819' title='bbox 2595 5217 2921 5291; x_wconf 81' lang='grc' dir='ltr'><strong>ἀφιλόκαλος,</strong></span> <span class='ocrx_word' id='word_1_820' title='bbox 2986 5225 3075 5274; x_wconf 83' lang='grc' dir='ltr'><strong>καὶ</strong></span> <span class='ocrx_word' id='word_1_821' title='bbox 3131 5227 3246 5275; x_wconf 87' lang='grc' dir='ltr'><strong>τότε</strong></span> <span class='ocrx_word' id='word_1_822' title='bbox 3296 5225 3436 5294; x_wconf 82' lang='grc' dir='ltr'><strong>παρὰ</strong></span> <span class='ocrx_word' id='word_1_823' title='bbox 3482 5225 3562 5272; x_wconf 86' lang='grc' dir='ltr'><strong>σοί</strong></span> <span class='ocrx_word' id='word_1_824' title='bbox 3612 5221 3744 5289; x_wconf 72' lang='grc' dir='ltr'><strong>κριτῇ</strong></span> <span class='ocrx_word' id='word_1_825' title='bbox 3768 5232 3816 5281; x_wconf 70' lang='grc' dir='ltr'><strong>’γε</strong></span> 
     </span>
    </p>
   </div>
   <div class='ocr_carea' id='block_1_119' title="bbox 2266 5303 3812 5383">
    <p class='ocr_par' dir='ltr' id='par_1_119' title="bbox 2266 5303 3812 5383">
     <span class='ocr_line' id='line_1_119' title="bbox 2266 5303 3812 5383; baseline -0.019 -3"><span class='ocrx_word' id='word_1_826' title='bbox 2266 5308 2342 5380; x_wconf 77' lang='grc' dir='ltr'><strong>(τὸ</strong></span> <span class='ocrx_word' id='word_1_827' title='bbox 2421 5305 2736 5379; x_wconf 70' lang='grc' dir='ltr'><strong>βαρύτατον)</strong></span> <span class='ocrx_word' id='word_1_828' title='bbox 2809 5312 3130 5380; x_wconf 79' lang='grc' dir='ltr'><strong>νομισθείην.</strong></span> <span class='ocrx_word' id='word_1_829' title='bbox 3219 5309 3354 5365; x_wconf 84' lang='grc' dir='ltr'><strong>Ἀλλ’</strong></span> <span class='ocrx_word' id='word_1_830' title='bbox 3437 5307 3620 5383; x_wconf 62' lang='grc' dir='ltr'><strong>ἦόῥωσό</strong></span> <span class='ocrx_word' id='word_1_831' title='bbox 3659 5322 3736 5377; x_wconf 84' lang='grc' dir='ltr'><strong>μοι</strong></span> <span class='ocrx_word' id='word_1_832' title='bbox 3775 5303 3812 5351; x_wconf 75' lang='grc' dir='ltr'><strong>ἓν</strong></span> 
     </span>
    </p>
   </div>
   <div class='ocr_carea' id='block_1_120' title="bbox 2265 5393 3810 5473">
    <p class='ocr_par' dir='ltr' id='par_1_120' title="bbox 2265 5393 3810 5473">
     <span class='ocr_line' id='line_1_120' title="bbox 2265 5393 3810 5473; baseline -0.005 -25"><span class='ocrx_word' id='word_1_833' title='bbox 2265 5399 2459 5467; x_wconf 79' lang='grc' dir='ltr'><strong>Κυρίῳ,</strong></span> <span class='ocrx_word' id='word_1_834' title='bbox 2495 5393 2590 5447; x_wconf 80' lang='grc' dir='ltr'><strong>κᾶν</strong></span> <span class='ocrx_word' id='word_1_835' title='bbox 2615 5400 2686 5468; x_wconf 87' lang='grc' dir='ltr'><strong>μή</strong></span> <span class='ocrx_word' id='word_1_836' title='bbox 2721 5393 3089 5471; x_wconf 77' lang='grc' dir='ltr'><strong>δοκιμάζωμεν</strong></span> <span class='ocrx_word' id='word_1_837' title='bbox 3141 5401 3306 5473; x_wconf 77' lang='grc' dir='ltr'><strong>ἡμεῖς,</strong></span> <span class='ocrx_word' id='word_1_838' title='bbox 3344 5398 3496 5458; x_wconf 73' lang='grc' dir='ltr'><strong>αὐτὸς</strong></span> <span class='ocrx_word' id='word_1_839' title='bbox 3545 5393 3612 5448; x_wconf 85' lang='grc' dir='ltr'><strong>δι’</strong></span> <span class='ocrx_word' id='word_1_840' title='bbox 3638 5393 3810 5452; x_wconf 78' lang='grc' dir='ltr'><strong>ἑαυτοῦ,</strong></span> 
     </span>
    </p>
   </div>
   <div class='ocr_carea' id='block_1_121' title="bbox 2260 5483 3811 5564">
    <p class='ocr_par' dir='ltr' id='par_1_121' title="bbox 2260 5483 3811 5564">
     <span class='ocr_line' id='line_1_121' title="bbox 2260 5483 3811 5564; baseline 0.001 -29"><span class='ocrx_word' id='word_1_841' title='bbox 2260 5483 2446 5544; x_wconf 82' lang='grc' dir='ltr'><strong>πολλὰς</strong></span> <span class='ocrx_word' id='word_1_842' title='bbox 2525 5488 2768 5546; x_wconf 87' lang='grc' dir='ltr'><strong>τοιαύτας</strong></span> <span class='ocrx_word' id='word_1_843' title='bbox 2848 5484 3164 5562; x_wconf 84' lang='grc' dir='ltr'><strong>ἀνευρίσκων</strong></span> <span class='ocrx_word' id='word_1_844' title='bbox 3240 5488 3448 5564; x_wconf 80' lang='grc' dir='ltr'><strong>πράξεις</strong></span> <span class='ocrx_word' id='word_1_845' title='bbox 3500 5489 3585 5540; x_wconf 78' lang='grc' dir='ltr'><strong>καὶ</strong></span> <span class='ocrx_word' id='word_1_846' title='bbox 3635 5483 3811 5537; x_wconf 79' lang='grc' dir='ltr'><strong>ταύταις</strong></span> 
     </span>
    </p>
   </div>
   <div class='ocr_carea' id='block_1_122' title="bbox 2261 5571 3032 5648">
    <p class='ocr_par' dir='ltr' id='par_1_122' title="bbox 2261 5571 3032 5648">
     <span class='ocr_line' id='line_1_122' title="bbox 2261 5571 3032 5648; baseline 0.008 -23"><span class='ocrx_word' id='word_1_847' title='bbox 2261 5571 2733 5646; x_wconf 74' lang='grc' dir='ltr'><strong>ἓλλαμπρυνομενος</strong></span> <span class='ocrx_word' id='word_1_848' title='bbox 2764 5571 2859 5628; x_wconf 81' lang='grc' dir='ltr'><strong>διὰ</strong></span> <span class='ocrx_word' id='word_1_849' title='bbox 2882 5573 3006 5648; x_wconf 82' lang='grc' dir='ltr'><strong>βίον</strong></span> <span class='ocrx_word' id='word_1_850' title='bbox 3019 5619 3032 5632; x_wconf 91' lang='grc'><strong>.</strong></span> 
     </span>
    </p>
   </div>
  </div>
