4072 6232
245 267 348 325 965

853 398 1068 447 ΕΠΙΣΤ.
1125 391 1271 476 Νςί.

495 481 728 554 Θεοφίλω
767 481 1079 557 ἁσπαθαρίῳ
1119 487 1208 534 καὶ
1256 480 1594 556 σακελλαρίῳ.

1881 393 1928 448 Α

1511 579 1801 630 Montacut.
1837 579 1941 644 (ep.

317 664 386 714 T6
417 663 507 733 μὲν
549 657 705 719 δίκην
759 660 996 714 ἀπαιτεῖν
1021 665 1106 714 τὸν
1137 657 1458 727 ἠδικηκότα,
1494 659 1811 736 ἀνθρώπινον
1831 681 1844 694 ο

245 755 304 803 τό
357 746 416 802 δε
471 755 544 822 μὴ
589 749 896 822 ἀμύνεσθαι,
939 750 1213 823 φιλόσοφον
1248 769 1259 779 ·
1295 753 1350 802 τό
1398 748 1456 803 δε
1511 755 1600 802 καὶ
1656 750 1851 824 εὐεργε-

249 844 397 900 σίαις
454 838 780 911 ἀμείϐεσθαι,
838 840 1014 891 λοιπόν
1092 835 1198 897 ἤδη
1260 841 1427 891 θεῖον⁰
1480 845 1569 891 xui
1619 841 1852 911 μιμητὰς

246 935 342 981 τοῦ
425 926 473 980 ἓν
527 927 764 1003 οὐρανοῖς
813 932 1006 1003 πατρὸς
1055 930 1175 989 τοὺς
1242 934 1476 999 γηγενεῖς
1550 927 1848 1000 ἀποφαῖνον.

246 1021 318 1070 Τὸ
351 1021 526 1089 μέντοι
554 1025 750 1089 χειρῶν
789 1019 975 1090 ἄρχειν
1025 1013 1245 1083 ἀδίκων,
1292 1017 1395 1070 ἐπεὶ
1435 1023 1616 1091 χώραν
1665 1019 1714 1069 ἐν
1745 1025 1854 1078 τοῖς

249 1107 542 1180 εἰρημένοις
596 1103 846 1180 οὐδεμίαν
896 1110 1030 1179 ἔχει,
1073 1108 1102 1165 ἣ
1157 1109 1348 1180 θηρίων
1406 1109 1630 1172 πάντως,
1661 1108 1688 1164 ἡ
1739 1103 1856 1158 δαι-

245 1203 418 1269 μόνων
471 1196 655 1270 πρᾶξιν
713 1196 1001 1269 ἐμφανίζει,
1065 1196 1158 1248 κᾶν
1200 1195 1517 1268 ἀνθρώπινον
1554 1199 1628 1252 εἰη
1665 1203 1858 1267 σχῆμα

246 1282 614 1358 περιδεδυκὼς
654 1287 679 1336 6
737 1284 954 1360 πράξας.
1030 1287 1309 1358 Τεσσάρων
1366 1281 1452 1337 οὖν
1502 1291 1856 1358 χαρακτήρων

247 1383 368 1436 ταῖς
414 1376 666 1450 πράξεσιν
708 1374 1145 1448 ἐνθεωρουμένων,
1205 1375 1359 1436 αὐτὸς
1429 1377 1562 1426 κατὰ
1641 1378 1857 1427 σεαυτόν

246 1469 338 1518 τόν
362 1473 604 1540 προσφυῆ
641 1468 800 1517 τύπον
827 1473 888 1538 τῇ
931 1470 1042 1517 νυνὶ
1074 1485 1168 1517 σου
1211 1464 1396 1539 πράξει
1448 1469 1806 1538 περιαρμόσας
1841 1480 1853 1493 ⁶

248 1550 365 1607 εἶτα
421 1550 653 1607 κατιδὼν
711 1555 840 1627 ὄψῃ,
893 1553 986 1606 κᾶν
1043 1554 1193 1615 ἄλλος
1262 1573 1345 1606 σοι
1401 1557 1472 1625 μὴ
1532 1551 1860 1606 ὑποδεικνύει

249 1644 373 1716 (φεῦ
440 1651 532 1695 τοῦ
585 1643 876 1716 αἰσχίστου
933 1645 1184 1715 θεάματος
1216 1643 1252 1715 Ξ)
1308 1647 1444 1704 τίνος
1501 1651 1700 1714 σεαυτῷ
1757 1649 1859 1703 τοῖς
1892 1633 1934 1687 Β

249 1734 428 1807 ἔργοις
457 1729 776 1804 διεκόλαψας
799 1732 959 1789 εἰόνα.
1019 1745 1034 1762 “

871 1827 1084 1875 ΕΙῙΙΣΤ.
1117 1821 1242 1874 ΝΖ¹.

390 1909 536 1984 Ἠλίᾳ
567 1910 880 1985 ἀσπαθαρίῳ
909 1917 998 1964 καὶ
1031 1907 1366 1985 δρουγγαρίῳ
1390 1917 1479 1961 τοῦ
1510 1908 1752 1981 πλοῖμου.

1517 2007 1802 2056 Montacut.
1841 2006 1944 2069 (ep.

325 2096 476 2152 Εἶπεν
528 2100 588 2150 ἄν
645 2118 726 2160 τις
770 2107 868 2150 τῶν
919 2098 1039 2173 παρ’
1067 2097 1290 2156 Ἕλλησι
1322 2106 1528 2169 σοφῶν’
1571 2099 1640 2149 Τὸ
1689 2099 1855 2168 τάχος

245 2192 417 2260 μόνης
475 2191 669 2259 τύχης.
725 2188 855 2259 Ἐγὼ
911 2185 959 2240 δ’
1019 2187 1077 2239 ἂν
1145 2193 1324 2260 φαίην,
1375 2189 1444 2247 ὡς
1491 2185 1534 2239 εἰ
1585 2191 1656 2258 μὴ
1720 2187 1856 2246 θείας

247 2277 394 2329 ἐστὶν
449 2277 635 2350 ὁρμῆς,
688 2277 717 2336 ἣ
778 2285 971 2345 καιρῶν
1023 2275 1276 2347 ἀνάγκης,
1350 2280 1507 2347 μόνης
1583 2273 1852 2334 ἀϐουλίας.

247 2364 558 2436 Σκέψασθαι
609 2361 691 2416 δεῖ
750 2373 1023 2437 τοιγαροῦν
1081 2369 1199 2436 περὶ
1252 2364 1318 2414 ὧν
1378 2363 1578 2435 ἐπείγῃ,
1639 2367 1730 2414 καὶ
1781 2367 1850 2434 μὴ

251 2461 323 2524 τῷ
357 2460 600 2528 προπετεῖ
627 2458 722 2511 τὴν
778 2452 963 2524 πρᾶξιν
1012 2462 1314 2506 πιστεύσαι.
1379 2457 1478 2504 Καὶ
1518 2454 1619 2524 γὰρ
1652 2449 1710 2502 ἂν
1764 2455 1852 2524 μεν

248 2544 320 2604 εἰς
387 2547 646 2617 συμφέρον
704 2541 953 2609 ἁποϐαίη,
1009 2545 1180 2616 ὥσπερ
1234 2545 1329 2603 τὰς
1413 2540 1468 2592 ἐκ
1525 2549 1615 2593 τοῦ
1684 2541 1854 2602 τέλους

248 2632 514 2705 ὠφελείας,
563 2632 698 2683 οὕτω
751 2628 818 2688 δὴ
870 2637 959 2683 καὶ
996 2641 1085 2683 τοῦ
1135 2629 1528 2703 βουλεύσασθαι
1584 2626 1853 2704 κερδανεῖς

248 2725 373 2782 τοὺς
424 2721 703 2784 ἐπαίνους·
764 2719 823 2772 ἂν
892 2718 950 2774 δὲ
1003 2724 1320 2784 τούναντίον,
1379 2728 1468 2772 τοῦ
1525 2724 1613 2792 μὲν
1672 2719 1856 2792 βεϐου-

249 2811 473 2864 λεῦσθαι
503 2808 615 2864 οὐδ’
649 2812 783 2864 οὕτω
841 2816 934 2870 τὴν
991 2815 1164 2884 κρίσιν
1217 2811 1532 2882 ἐζημιώθης,
1567 2819 1657 2862 τοῦ
1707 2807 1766 2862 δέ
1794 2829 1854 2880 γε
1893 2836 1933 2894 C

249 2906 325 2973 μὴ
383 2901 709 2973 ὠφελεῖσθαι,
771 2901 797 2952 ὃ
848 2901 1092 2972 μέγιστόν
1142 2899 1280 2951 ἐστιν
1325 2899 1372 2950 ἐν
1420 2906 1554 2951 πᾶσι
1595 2906 1700 2960 τοῖς
1753 2919 1856 2951 τοι·

250 2993 426 3052 οὑτοις
454 2991 804 3062 παραμύθιον,
836 2989 895 3041 οὐ
930 2993 1121 3041 σαυτὸν
1152 2989 1390 3061 αἰτιάσῃ.

885 3174 1096 3222 ΕΠΙΣΤ.
1121 3166 1232 3220 NH'

665 3261 861 3332 Σεργίῳ
889 3256 1201 3330 ἀσπαθαρίῳ
1230 3253 1452 3329 ἀδελφὼ.

1524 3344 1814 3397 Montacut.
1852 3346 1957 3408 (ep.

326 3425 582 3498 Ἔλεγχος
635 3428 863 3500 ἄκρατος
927 3427 996 3488 εἰς
1053 3423 1147 3479 δύο
1207 3433 1541 3499 περιίσταται
1592 3434 1792 3478 ταῦτα·
1836 3427 1862 3478 ὃ

253 3520 350 3590 μεν
409 3513 654 3587 βούλεται
713 3522 895 3579 ποιεῖν,
951 3515 1009 3567 οὗ
1065 3520 1330 3590 περαίνει·
1388 3520 1474 3567 xui
1505 3517 1578 3576 οἷς
1633 3521 1703 3587 μὴ
1741 3514 1866 3588 βού-

255 3606 430 3670 λεται,
481 3609 781 3679 περιπίπτει
817 3625 828 3637 ·
899 3603 1143 3678 βούλεται
1200 3608 1288 3676 μὲν
1336 3607 1436 3677 γὰρ
1482 3604 1549 3664 εἰς
1593 3606 1864 3676 μετάνοιαν

259 3698 353 3747 τὸν
402 3693 740 3766 ἐλεγχόμενον
795 3694 938 3764 οἴγειν
972 3711 984 3724 ³
1015 3692 1143 3745 ἀλλὰ
1182 3705 1336 3745 τουτο
1365 3697 1454 3765 μὲν
1484 3692 1576 3744 οὐκ
1625 3691 1821 3755 ἐξανύει
1848 3708 1860 3721 ⁸

261 3788 604 3855 περιίσταται
631 3780 689 3835 δε
739 3783 878 3854 αὐτῷ
909 3786 974 3834 τὰ
1024 3791 1118 3844 τῆς
1149 3778 1390 3844 σπουδῆς
1419 3781 1486 3842 εἰς
1533 3783 1825 3833 τούναντίον
1850 3797 1861 3810 ’

263 3871 578 3944 ἐκτραχύνει
639 3874 739 3946 γὰρ
793 3871 1003 3943 μᾶλλον,
1071 3877 1161 3923 xui
1214 3871 1285 3932 εἰς
1339 3870 1583 3922 ἀπόνοιαν
1635 3872 1866 3942 περιτρέ-

263 3980 354 4013 πει
383 3983 395 3993 -
427 3961 605 4013 ἑαυτόν
649 3980 704 4013 τε
759 3958 958 4013 δίδωσι
1011 3961 1343 4032 νομισθῆναι,
1395 3962 1464 4021 ὡς
1510 3959 1638 4030 οὐχὶ
1691 3958 1868 4031 φιλαν-

264 4053 458 4123 θρώπῳ
505 4055 709 4123 γνώμη,
761 4055 850 4101 καί
933 4051 1196 4122 συμπαθεῖ
1265 4045 1520 4112 διαθέσει,
1599 4050 1867 4122 ἐπιχαιρε-

266 4091 326 4123 vr
345 4091 458 4121 ""1"
513 4091 709 4123 I""f"."
762 4091 850 4101 ’“’“⁹
934 4091 1195 4122 ’³⁷Γ””’““’“
1266 4091 1520 4112 """"'"
1599 4091 1841 4122 “”“Λ.““Γ⁹

261 4147 529 4190 κακοῦντα
569 4136 628 4190 δε
670 4147 738 4208 τῷ
783 4143 1078 4209 πταίσματι
1122 4146 1216 4189 τοῦ
1268 4137 1487 4195 πλησίον
1518 4144 1622 4198 τοῖς
1680 4133 1870 4188 ὀνείδεα
1902 4091 1945 4144 D

267 4247 354 4280 σιν
403 4225 742 4299 ἐπεμϐαίνειν.
795 4231 881 4279 Διὸ
943 4236 1158 4287 συνετῶς
1205 4227 1336 4296 άγαν
1389 4231 1477 4277 xui
1541 4235 1730 4296 σοφῶς,
1781 4230 1870 4277 καὶ

261 4318 448 4370 Νάθαν
514 4317 539 4366 6
604 4321 871 4390 προφήτης
940 4324 1012 4386 τῷ
1071 4313 1259 4382 Δαϐὶδ,
1339 4320 1428 4367 xui
1511 4320 1753 4386 Μιχαίας
1797 4321 1869 4383 τῷ

264 4403 502 4476 Ἀχααϐ,
563 4406 663 4455 ὑπὸ
717 4409 1029 4478 προσωπείῳ
1098 4408 1214 4464 τοὺς
1274 4403 1523 4475 ἐλέγχους
1561 4407 1873 4478 προσενηνό-

262 4513 478 4566 χασιν·
544 4493 654 4566 ἅμα
711 4497 800 4564 μὲν
861 4498 1165 4567 πραοτέροις
1222 4492 1597 4553 ὑπολεαίνοντες
1647 4493 1819 4563 λόγοις
1855 4509 1868 4521 ⁸

265 4585 382 4657 οἶμα
413 4581 472 4636 δε
513 4589 602 4636 καὶ
661 4581 754 4636 διὰ
793 4591 883 4636 τοῦ
935 4584 1151 4654 ἀγνοεῖν,
1185 4584 1250 4643 εἰς
1301 4583 1326 4634 6
1371 4588 1520 4634 τείνει
1569 4587 1658 4634 καὶ
1706 4580 1874 4654 ἀφορᾴ

265 4677 329 4726 τό
387 4681 478 4725 τοῦ
549 4671 842 4748 δράματος,
901 4673 1094 4734 αὐτοὺς
1168 4671 1391 4732 ἐκείνους
1458 4673 1635 4746 κριτὰς
1685 4668 1871 4722 ἀδεκά-

270 4780 433 4824 στους
478 4771 576 4814 τῶν
630 4765 774 4835 παρὰ
835 4766 1016 4834 σφίσιν
1061 4761 1240 4824 αὐτοῖς
1295 4761 1691 4834 ἡμαρτημένων,
1745 4759 1873 4831 λαμ-

268 4849 525 4912 ϐάνοντες.
597 4855 689 4904 Διὰ
732 4859 883 4903 τοῦτο
941 4854 1043 4926 γὰρ
1096 4856 1186 4902 xui
1235 4852 1260 4901 6
1313 4852 1402 4923 μὲν
1450 4853 1610 4908 ἤνυσε
1659 4853 1715 4900 τό
1771 4854 1871 4900 πᾶν

267 4936 464 5013 (ἄνδρα
545 4944 646 5015 γὰρ
732 4939 917 5013 ἀρετῆς
970 4939 1214 5014 ἐραστην,
1275 4939 1316 4991 εἰ
1370 4944 1458 4991 καὶ
1538 4937 1873 5011 παρωλισθη-

266 5032 421 5092 κότα,
451 5031 498 5081 ἓν
549 5031 792 5101 νουθεσίᾳ
847 5025 1128 5100 διήλεγξεν)
1160 5050 1172 5062 ο
1215 5030 1239 5080 6
1299 5024 1376 5094 δὲ,
1434 5031 1501 5089 ὡς
1556 5031 1688 5101 πρὸς
1729 5026 1872 5085 τηλι-

267 5125 456 5170 κοῦτον
513 5120 712 5191 θηρίον,
769 5119 811 5171 εἰ
863 5123 953 5170 xui
1021 5123 1092 5190 μὴ
1162 5120 1367 5191 ὁμοίως,
1439 5115 1545 5168 ἀλλ’
1617 5111 1704 5168 οὖν
1778 5135 1870 5189 με-

264 5207 407 5280 γάλα
453 5206 696 5270 ἐξήνυσεν
732 5229 743 5241 ·
801 5207 868 5268 εἰς
909 5208 1068 5279 ἄλγος
1109 5209 1209 5282 γὰρ
1269 5212 1357 5258 καὶ
1416 5203 1624 5281 δάκρυα
1672 5225 1874 5278 παραυ-

265 5303 412 5363 τίκα,
479 5297 520 5349 εἰ
571 5303 659 5349 καὶ
707 5301 836 5372 πρὸς
886 5299 952 5349 τὰ
1017 5304 1107 5359 τῆς
1167 5293 1481 5358 δυσσεϐείας
1536 5295 1646 5368 μετ’
1699 5295 1872 5366 ὀλίγον

266 5381 708 5460 ἱπαλινδρόμησε,
773 5385 1092 5439 συνέστειλεν
1144 5385 1305 5437 αὐτοῦ
1383 5392 1474 5446 τῆς
1552 5389 1765 5456 γνώμης
1813 5388 1870 5435 τὸ

1493 265 1993 323 EPISTOLARUM
2033 265 2235 320 LIBER
2277 265 2368 320 III.

3506 273 3612 328 966

2597 391 2811 448 EPIST.
2839 391 2969 449 LVI.

2195 479 2522 551 Theophila
2553 482 2905 551 aspatharz'o
2939 488 2994 539 et
3041 484 3373 541 sacellario.

1980 580 2088 636 193,
2120 593 2172 643 p.
2209 580 2342 641 292).

2032 659 2340 716 Actionem
2358 659 2656 716 instituere
2669 666 2876 716 contra
2893 661 3090 732 injusti
3101 663 3263 731 tiam,
3279 663 3612 724 humanum

1961 755 2088 806 est:
2130 765 2253 806 non
2311 748 2537 813 ulcisci,
2587 749 3070 822 philosophicum
3127 769 3139 807 :
3195 759 3254 809 at
3291 754 3616 812 benefactis

1962 855 2373 912 compensare,
2433 839 2700 895 divinum
2737 857 2748 895 :
2794 856 2917 912 quo
2957 841 3165 911 Patris,
3209 845 3310 916 qui
3342 845 3403 900 in
3451 847 3618 902 caelis

1962 933 2068 996 est,
2113 929 2324 984 terreni
2368 927 2648 984 homines
2701 928 2808 983 ﬁlii
2858 946 2962 1002 per
3006 932 3396 990 imitationem
3445 936 3614 992 ﬁunt.

1964 1018 2261 1074 Violentas
2304 1033 2523 1074 manus
2570 1017 2810 1088 injicere
2868 1034 2988 1075 non
3043 1028 3439 1092 provocatum
3479 1042 3614 1080 cum

1963 1108 2116 1162 inter
2136 1106 2411 1178 superius
2431 1112 2764 1162 memorata
2787 1107 2989 1164 locum
3004 1125 3123 1165 non
3145 1110 3387 1178 habeat,
3412 1113 3617 1170 bellui-

1964 1211 2106 1251 nam
2138 1200 2240 1251 aut
2277 1195 2714 1251 daemoniacam
2738 1198 3032 1253 actionem
3063 1206 3224 1256 notat
3251 1218 3263 1255 :
3288 1200 3424 1258 licet
3455 1211 3621 1259 actor

1966 1285 2078 1339 sub
2109 1283 2377 1340 humana
2406 1283 2600 1354 ﬁgura
2650 1284 2843 1341 fuerit.
2877 1287 3163 1351 Quocirca
3197 1305 3333 1346 cum
3362 1299 3620 1363 quatuor

1967 1374 2083 1428 sint
2117 1389 2318 1429 rerum
2349 1379 2502 1428 notua
2533 1389 2544 1428 :
2583 1378 2699 1429 tute
2729 1389 2833 1445 per
2881 1379 3062 1431 temet
3093 1377 3348 1434 formam
3399 1381 3618 1436 actioni

1969 1465 2083 1517 tum
2115 1477 2512 1531 congenerem
2561 1462 2803 1534 adapta,
2863 1479 2922 1518 re
2962 1471 3270 1538 perspecta
3308 1469 3615 1542 intelliges,

1967 1549 2100 1606 licet
2128 1551 2281 1606 alius
2312 1567 2432 1606 non
2455 1550 2806 1617 subindicet,
2827 1559 2919 1608 est
2938 1554 3095 1609 enim
3126 1556 3256 1612 visu
3283 1573 3376 1612 res
3404 1559 3618 1630 turpis,

1971 1640 2290 1711 cujusnam
2329 1641 2655 1711 imaginem
2679 1641 2779 1697 tibi
2810 1658 2915 1714 per
2946 1659 3126 1716 opera
3155 1649 3261 1703 tua
3288 1646 3622 1720 insculpse-

1971 1744 2074 1785 l'lS.

2594 1818 2808 1876 EPIST.
2839 1818 2998 1876 LVII.

2151 1907 2338 1963 Helia:
2380 1907 2753 1975 aspalhario,
2787 1913 2840 1964 et
2877 1908 3214 1981 drungario
3242 1913 3480 1982 ploz'mz'.

1986 2005 2095 2062 497,
2131 2017 2184 2066 ρ.
2221 2004 2355 2064 294).

2033 2093 2186 2149 Dixit
2213 2093 2517 2165 quispiam
2541 2091 2774 2150 Graeciaa
2799 2095 3145 2167 sapientum
3175 2099 3498 2159 :Celeritas
3517 2103 3626 2159 soli

1957 2184 2226 2253 fortuna
2259 2182 2552 2238 convenit.
2585 2185 2707 2254 Ego
2739 2185 3010 2250 dixerim,
3045 2187 3211 2258 quod
3239 2190 3285 2244 si
3322 2205 3442 2246 non
3474 2208 3511 2248 a
3541 2193 3626 2248 di-

1960 2273 2100 2327 vino
2121 2277 2285 2327 motu
2302 2271 2606 2343 procedat,
2641 2277 2743 2328 aut
2767 2274 3054 2346 temporis
3082 2279 3452 2345 necessitate,
3477 2281 3626 2338 cele-

1962 2360 2104 2417 ritas
2127 2360 2468 2418 inconsulta
2497 2366 2604 2416 est.
2632 2361 3148 2422 Considerandum
3174 2382 3312 2438 ergo
3340 2368 3486 2425 illud
3514 2378 3622 2436 est,

1961 2449 2126 2520 quod
2157 2449 2356 2515 instat,
2408 2465 2517 2506 nec
2548 2449 2999 2522 prtecipitationi
3033 2469 3128 2508 res
3182 2457 3622 2516 concredenda.

1963 2541 2108 2594 Nam
2144 2539 2193 2593 si
2224 2539 2366 2594 satis
2395 2539 3020 2608 commodeinciderit,
3040 2544 3205 2614 quod
3223 2545 3465 2602 ﬁnalem
3492 2548 3624 2603 atti-

1964 2633 2063 2683 net
2094 2627 2420 2694 utilitatem,
2467 2628 2711 2684 Iaudem
2761 2646 2832 2685 eo
2872 2635 3281 2704 consequeris,
3317 2636 3486 2706 quasi
3541 2654 3630 2692 re-

1962 2722 2123 2773 ctum
2152 2717 2467 2772 consilium
2489 2719 2737 2788 ceperis.
2765 2719 2866 2775 Sin
2893 2727 3094 2777 contra
3135 2725 3414 2790 evenerit,
3439 2741 3627 2796 quam

1967 2807 2213 2862 consilio
2243 2813 2417 2878 capto
2434 2807 2803 2879 opinabaris,
2817 2809 3027 2880 judicii
3049 2811 3468 2869 detrimentum
3506 2831 3628 2870 non

1967 2898 2054 2951 sic
2101 2895 2349 2967 subibis,
2396 2913 2506 2952 nec
2549 2897 2717 2969 quod
2759 2899 3071 2956 utilitatem
3118 2917 3237 2957 non
3278 2904 3530 2975 ceperis,
3575 2910 3629 2960 te

1961 2984 2117 3054 juste
2147 2985 2472 3051 incusabis,
2505 2985 2671 3058 quod
2717 2987 2780 3042 in
2811 2987 3029 3044 talibus
3056 2989 3329 3047 solamen
3363 3007 3487 3048 non
3513 2993 3632 3048 exi-

1968 3087 2156 3144 guum
2196 3073 2323 3129 erit.

2574 3162 2793 3221 EPIST.
2827 3165 3009 3222 LVIII.

2366 3252 2576 3324 Sergio
2605 3254 2966 3324 aspathario
2990 3256 3202 3326 fratri.

1991 3343 2100 3398 200,
2137 3355 2190 3405 p.
2227 3343 2360 3398 295).

2045 3422 2799 3494 Immoderataredargutio
2820 3424 2880 3481 in
2895 3426 3023 3482 haec
3046 3427 3388 3486 duoincidit
3421 3447 3434 3486 ε
3468 3431 3633 3504 quod

1975 3510 2245 3577 intendit,
2287 3510 2454 3567 haud
2478 3512 2706 3584 perﬁcit
2739 3531 2752 3567 ε
2785 3515 3007 3586 quibus
3041 3517 3249 3586 nollet,
3289 3519 3514 3575 incidit.
3547 3521 3636 3576 In-

1975 3601 2181 3667 tendit,
2239 3601 2314 3656 ad
2345 3600 2820 3674 resipiscentiam
2873 3603 3155 3663 inducere
3194 3609 3584 3680 redargutum
3620 3628 3633 3667 :

1973 3689 2084 3744 hoc
2098 3705 2220 3745 non
2246 3695 2516 3760 praestat;
2536 3692 2799 3748 studium
2820 3692 3130 3752 divertitur
3159 3696 3219 3753 in
3247 3701 3634 3768 contrarium,

1974 3777 2294 3833 exacerbat
2325 3779 2522 3849 potius
2553 3785 2610 3835 et
2639 3781 2715 3836 ad
2743 3781 3224 3854 desperationem
3260 3788 3483 3858 adigit:
3509 3791 3638 3862 opi-

1977 3865 2216 3919 nionem
2245 3865 2318 3920 de
2349 3882 2411 3920 se
2441 3867 2709 3933 suscitat,
2755 3869 2920 3938 quod
2969 3874 3308 3942 opprobriis
3349 3876 3634 3946 indulget,

1975 3953 2153 4025 quasi
2185 3953 2357 4008 malis
2387 3953 2564 4009 vicini
2595 3954 2685 4008 sui
2713 3955 2970 4023 gavisus,
3011 3974 3129 4013 non
3160 3961 3326 4032 quod
3370 3961 3637 4020 humano

1977 4040 2190 4098 affectu
2210 4047 2312 4098 aut
2327 4043 3054 4115 compassionetangatur.
3072 4049 3356 4113 Quocirca
3368 4054 3638 4109 consulto

1979 4139 2036 4187 et
2083 4131 2399 4202 sapienter.
2451 4147 2588 4188 cum
2623 4133 2855 4188 Nathan
2897 4135 3127 4202 Davidi,
3183 4142 3309 4192 tum
3360 4140 3636 4197 Michaaas

1980 4220 2648 4293 Achabo,personatam
2671 4229 3098 4294 repraesentant
3115 4225 3595 4298 redargutionem
3621 4247 3635 4286 :

1983 4309 2230 4366 molliori
2266 4325 2542 4365 sermone
2584 4309 2935 4368 delinientes
2970 4329 2983 4379 ;
3017 4319 3073 4369 et
3116 4315 3260 4387 quia
3290 4317 3643 4375 nesciebant

1981 4415 2102 4470 quo
2133 4413 2314 4453 scena
2349 4397 2630 4464 tenderet,
2662 4399 2828 4470 ipsos
2849 4399 3078 4472 judices
3118 4404 3407 4460 habentes
3449 4407 3644 4462 crimi-

1982 4503 2126 4542 num
2157 4487 2233 4544 ab
2273 4486 2412 4558 ipsis
2471 4493 2865 4558 patratorum.
2917 4490 3052 4546 Ideo
3108 4493 3340 4548 Nathan
3399 4495 3646 4566 perfecit

1981 4576 2142 4647 quod
2170 4575 2425 4632 volebat.
2457 4575 2664 4632 Virum
2690 4578 2851 4632 enim
2885 4579 3114 4634 virtutis
3145 4589 3467 4649 amantem,
3504 4583 3640 4641 licet

1983 4666 2060 4720 ab
2095 4682 2166 4721 ea
2198 4666 2649 4732 exorbitaverat,
2683 4669 3069 4724 admonendo
3101 4672 3402 4740 redarguit
3439 4689 3451 4728 :
3498 4673 3645 4730 alter

1985 4762 2207 4820 autem,
2239 4755 2373 4810 licet
2395 4754 2660 4810 similiter
2687 4756 2844 4828 apud
2872 4756 3052 4812 talem
3077 4758 3327 4816 bestiam
3360 4777 3479 4818 non
3512 4779 3645 4836 pro-

1985 4843 2137 4910 fecit,
2168 4844 2412 4899 multum
2465 4849 2664 4899 tamen
2695 4844 2828 4900 fecit
2861 4862 2875 4913 ;
2909 4845 2968 4901 in
3019 4864 3334 4906 maerorem
3371 4853 3644 4922 protinus

1984 4939 2040 4989 et
2066 4935 2124 4988 in
2145 4933 2371 4988 luctum
2386 4933 2968 5006 conjecit,utcunque
2993 4938 3190 4992 statim
3221 4940 3294 4993 ad
3322 4941 3644 5012 pristinam

1983 5023 2348 5095 impietatem
2382 5022 2805 5088 revertebatur,
2843 5029 3042 5080 tamen
3098 5025 3478 5098 desperatum
3512 5033 3644 5103 eius

1984 5114 2254 5169 animum
2282 5109 2625 5166 etinﬂatum
2643 5112 2921 5168 coercuit.
2949 5115 3030 5168 Tu
3055 5123 3252 5173 autem
3285 5122 3513 5191 quoties
3545 5139 3648 5180 ne-

1983 5217 2147 5258 cesse
2177 5198 2371 5264 fuerit,
2402 5201 2965 5270 reprehensionibus
2996 5203 3261 5262 admisce
3301 5210 3641 5267 comitatem

1983 5297 2040 5348 et
2069 5291 2182 5346 sub
2231 5293 2442 5361 parato
2485 5287 2846 5354 velamento,
2901 5293 3222 5351 admonitis
3275 5303 3328 5353 te
3383 5301 3640 5372 applica,

1984 5386 2160 5452 atque
2179 5381 2260 5434 ita
2287 5377 2504 5447 magis,
2536 5378 2699 5450 quod
2730 5382 2985 5448 conaris,
3015 5385 3345 5455 perfectum
3368 5389 3570 5445 dabis.

266 5475 672 5549 ἆπονενοημένον
729 5481 819 5530 καὶ
879 5481 1202 5549 φυσώμενον.
1275 5478 1372 5528 Καὶ
1435 5477 1501 5527 σὺ
1548 5478 1740 5538 τοίνυν,
1797 5471 1845 5524 ἐν
1927 5470 2002 5533 οἷς
2057 5470 2085 5525 ἠ
2151 5472 2310 5542 χρεία
2371 5467 2534 5535 καλεῖ,
2592 5466 2840 5543 ἐπιεικείᾳ
2911 5483 3096 5546 κιρνῶν
3173 5480 3290 5538 τοὺς
3373 5475 3641 5550 ἐλέγχους,

269 5572 362 5619 xui
419 5567 518 5618 ὑπὸ
566 5570 845 5640 προσφόρῳ
910 5565 1355 5643 παραπετάσματι
1404 5571 1510 5626 τοῖς
1563 5564 1980 5635 νουθετουμένοις
2020 5561 2454 5634 προσφερόμενος,
2518 5557 2708 5633 μᾶλλον
2765 5558 3030 5625 ἔξανύσεις
3073 5567 3130 5618 τὸ
3193 5562 3638 5642 σπουδαζόμενον.
