4072 6232
570 250 676 306 967

1213 364 1424 422 EPIST.
1451 361 1580 417 LIX.

995 454 1418 526 Theophylacto
1448 448 1818 518 aspathario.

1804 233 2041 290 puoru
2099 233 2583 291 PATRIARCHXE
2613 233 2712 292 CP.
3745 247 3815 312 953
3874 231 3876 234 '

2961 367 3174 417 ΕΠΙΣΤ.
3206 364 3314 418 ΝΘ¹

2785 450 3130 525 Θεοφυλάκτῳ
3157 451 3475 531 ἁσπαθαριῳ.

1831 553 2123 602 Montacut.
2157 553 2259 617 (ep.
2294 554 2404 609 224.
2443 569 2490 618 p.
2528 555 2656 616 333).

645 662 908 721 Orarem,
947 660 1008 708 ut
1033 662 1342 720 nunquam
1377 645 1425 699 si
1469 643 1595 699 ﬁeri
1627 645 1708 699 ita
1738 647 1954 714 posset,
2000 642 2214 697 morbo

571 752 827 811 labores,
862 761 970 800 nec
1001 739 1229 796 medica
1250 741 1373 791 arte
1401 734 1665 802 indigeas
1702 749 1715 787 :
1742 732 2010 804 sin,quia
2037 731 2216 787 homo

571 859 653 905 es,
693 832 1022 894 necessario
1054 833 1326 897 aagrotas,
1375 823 1659 890 secundo,
1696 828 1747 876 te
1787 821 1900 876 cito
1939 819 2219 876 convale-

573 945 756 992 scere,
787 929 842 981 et
870 921 1088 979 talibus
1117 932 1209 973 me
1235 915 1410 970 donis
1437 926 1840 976 remunerare,
1859 925 2076 982 nempe
2099 910 2217 966 Deo

567 1020 834 1089 ingentes
871 1011 1194 1068 habentem
1235 1004 1478 1075 gratias,
1526 1000 1892 1089 pauperibus
1922 998 2220 1089 opitulan-

567 1087 705 1172 tem,
752 1097 1124 1159 debitoribus
1181 1093 1626 1150 condonantem
1681 1088 1904 1144 debita.
1946 1087 2217 1143 Talibus-

566 1195 726 1253 modi
743 1189 1081 1262 ingentibus
1102 1200 1246 1240 sane
1268 1182 1442 1238 donis
1472 1194 1858 1252 nequaquam
1886 1177 2215 1233 exsaturari

561 1285 653 1342 vel
679 1279 870 1339 laetari
898 1277 1188 1332 desinam.

1205 1360 1420 1416 EPIST.
1471 1361 1572 1414 LX.

1094 1449 1367 1509 Manueti
1396 1447 1677 1519 patricio.

2402 642 2666 716 Εὐξαίμην
2719 665 2800 710 αν,
2874 665 3012 715 ειπερ
3074 647 3212 713 ἐνῆν,
3270 648 3523 722 μηδέποτε
3575 675 3622 710 σε
3673 680 3821 733 περιπε-

2329 739 2435 784 σεῖν
2482 738 2640 804 νόσῳ,
2668 731 2797 805 μηδ’
2853 733 3165 808 ἀκεστορίης
3211 736 3393 792 ἐπιδεᾶ
3434 747 3642 812 γενέσθαι
3665 731 3818 820 τέχνης,

2327 821 2386 874 Εἰ
2418 818 2467 874 δ’
2499 823 2768 895 ἄνθρωπον
2815 827 2957 892 ὄντα,
3013 832 3104 879 καὶ
3132 836 3296 880 νοσεῖν
3351 829 3538 903 ἀνάγκη
3563 851 3574 863 ⁸
3604 833 3687 887 ἀλλ’
3708 818 3820 891 οὕτω

2325 929 2378 963 τε
2434 908 2626 985 ῥᾳδίου
2675 915 2958 984 τυγχάνειν
3013 924 3108 978 τῆς
3167 919 3449 990 θεραπείας,
3516 930 3594 976 καὶ
3637 930 3822 988 τοιούτοις

2328 1000 2464 1071 ἡμᾶς
2513 999 2820 1072 ἀμείϐεσθαι
2879 999 3066 1078 δώροις
3097 1023 3110 1035 ·
3172 1014 3284 1079 Θεῷ
3327 1011 3413 1079 μιν
3450 1013 3645 1083 μεγάλας
3687 1015 3819 1089 ἀναφρ

2322 1107 2480 1163 ροντα
2517 1091 2611 1150 τὰς
2654 1089 3016 1164 εὐχαριστίας,
3051 1097 3236 1152 πένησι
3267 1093 3325 1149 δε
3377 1097 3656 1170 βοηθοῦντα,
3688 1103 3822 1157 λύοντα

2326 1177 2384 1230 δι
2407 1182 2496 1230 καὶ
2535 1186 2644 1241 τοῖς
2666 1189 3000 1267 χρεωστοῦσι
3028 1179 3182 1246 δίκας
3230 1188 3319 1246 τὰς
3367 1186 3555 1260 ὀφειλάς
3582 1208 3593 1221 ·
3621 1199 3712 1254 ταῖς
3750 1197 3821 1267 γὰρ

2323 1270 2587 1330 τοιαύταις
2639 1265 2763 1322 οὐδε
2800 1275 2950 1344 κόρον
2987 1275 3136 1344 ῖσμεν
3183 1272 3426 1348 ἡδόμενοι
3475 1265 3821 1357 μεγαλοδωρεαίς.

2960 1368 3174 1418 ΕΠΙΣΤ.
3205 1363 3278 1417 Ξθ.

2841 1451 3087 1510 Μανουήλ
3107 1459 3382 1528 πατρικίῳ.

1821 1543 2114 1592 Montacut.
2153 1542 2258 1604 (ep.
2293 1542 2403 1600 226,
2434 1558 2486 1607 p.
2518 1545 2648 1608 334).

633 1652 759 1705 Non
787 1643 1013 1706 latebis,
1044 1639 1278 1696 etiamsi
1310 1636 1516 1698 lateas,
1552 1633 1651 1689 Dei
1681 1632 1924 1688 oculum
1966 1646 2087 1686 non
2117 1631 2206 1686 la-

2243 1633 2284 1687 B
2389 1633 2500 1685 Οὐκ
2531 1633 2591 1684 ἂν
2628 1633 2821 1700 λαθοις,
2853 1634 2969 1690 οὐδ’
2999 1637 3059 1689 ἂν
3083 1637 3280 1704 λάθοις,
3311 1645 3394 1693 τὸν
3433 1641 3655 1703 ἀλάθητον
3687 1645 3822 1718 όφθαλ·

561 1738 813 1800 tibilem,
841 1733 942 1806 qui
961 1747 1032 1786 ea
1052 1730 1198 1798 agis,
1224 1722 1807 1796 etapparas,quibus
1837 1737 1930 1776 me
1953 1735 2060 1792 per
2084 1721 2205 1775 vim

561 1845 593 1884 e
635 1827 756 1882 vita
792 1821 1086 1879 extrahas.
1130 1817 1238 1882 Qui
1285 1819 1496 1886 praeter
1543 1811 1880 1866 ordinatam
1933 1814 2205 1874 mortem,

560 1933 667 1990 per
695 1914 872 1969 aliam
893 1910 1048 1964 viam
1079 1907 1196 1960 vita
1209 1905 1482 1958 homines
1513 1901 1724 1972 privat,
1748 1899 1884 1954 licet
1900 1914 2083 1953 manu
2110 1913 2210 1952 en-

561 1988 689 2062 sem
743 2017 861 2057 non
896 2001 1113 2058 teneat,
1149 2009 1258 2049 nec
1302 1992 1489 2060 tingat
1535 1989 1702 2044 illum
1759 1988 2070 2058 sanguine,
2118 1992 2208 2041 est

558 2091 952 2152 nihilominus
968 2083 1273 2141 homicida
1301 2097 1314 2146 ;
1339 2081 1513 2135 etiam
1543 2095 1676 2132 cum
1720 2077 2061 2132 carniﬁcem
2084 2090 2204 2132 non

558 2181 836 2256 appellet.
859 2178 914 2234 Si
928 2176 1070 2232 talia
1083 2179 1337 2244 patrare,
1374 2167 1699 2224 tribunalia
1713 2165 1976 2222 cmlestia
1995 2165 2207 2256 reddat

558 2253 1056 2343 implacabiliora.
1106 2274 1422 2334 quousque
1471 2262 1531 2312 tu
1565 2261 1617 2312 te
1668 2271 1790 2310 non
1817 2255 2098 2326 expedies
2125 2253 2204 2343 ab

556 2341 692 2424 illis,
721 2357 824 2429 qui
853 2361 974 2410 tam
1001 2351 1213 2408 acerbe
1237 2348 1376 2403 olim
1399 2345 1502 2410 ibi,
1525 2343 1688 2416 quod
1719 2358 1830 2412 ego
1859 2343 2075 2397 nollem
2102 2341 2204 2396 tibi

555 2447 922 2514 contingere,
957 2457 1031 2495 ne
1053 2438 1294 2511 quidem
1316 2435 1362 2488 si
1384 2433 1582 2490 adhuc
1622 2433 1815 2501 magis
1844 2431 1903 2486 in
1938 2447 2030 2486 me
2059 2430 2205 2486 fera-

555 2537 660 2600 ris,
689 2535 904 2589 frustra
924 2535 1126 2586 tamen
1156 2533 1213 2582 et
1241 2525 1370 2580 sine
1396 2523 1607 2587 fructu,
1640 2521 1718 2578 ad
1760 2537 1896 2592 quas
1926 2519 2202 2576 homines

557 2624 826 2695 undique
856 2625 1163 2691 gementes
1195 2614 1703 2670 transmittuntur.

1185 2705 1398 2760 EPIST.
1441 2702 1573 2756 LXI.

737 2798 936 2858 Leonti
965 2804 1018 2854 et
1047 2794 1326 2852 Galatom'
1350 2791 1672 2862 fratribus,
1699 2805 1735 2845 a
1766 2788 2020 2845 secretis.

2316 1724 2410 1792 μὸν
2443 1729 2533 1774 τοῦ
2589 1731 2742 1788 Θεοῦ,
2796 1723 2960 1778 ἐκεῖνα
3015 1731 3257 1801 πράττων
3319 1736 3405 1784 καὶ
3453 1736 3824 1807 κατασκευαζόμε·

2317 1829 2419 1876 νος,
2463 1807 2536 1862 δι’
2569 1813 2636 1862 ὧν
2665 1814 2801 1885 ἡμᾶς
2858 1814 3059 1886 ἑξάγοις
3109 1816 3209 1889 βίᾳ
3249 1827 3340 1871 τοῦ
3394 1824 3498 1884 ζῆν.
3544 1822 3594 1875 Ὀ
3615 1826 3698 1898 γὰρ
3724 1827 3824 1898 παρὰ

2320 1903 2404 1951 τόν
2429 1901 2705 1971 ὁρισθέντα
2749 1911 2812 1976 τῇ
2846 1907 2995 1976 φύσει
3049 1907 3288 1974 θάνατον,
3327 1909 3485 1984 ἕτερον
3543 1916 3699 1985 τρόπον
3717 1913 3825 1964 ἢού-

2314 2008 2411 2039 νων
2443 1987 2745 2065 ἀνθρώπους
2771 1999 2862 2044 τοῦ
2888 1991 3032 2064 βίου,
3066 1995 3110 2047 εἰ
3132 2003 3224 2048 καὶ
3254 2003 3324 2070 μὴ
3368 2007 3427 2073 τῇ
3467 2007 3596 2074 χειρί
3639 2005 3685 2054 τὸ
3725 2001 3824 2073 ξίφος

2316 2081 2476 2150 φέρων
2524 2076 2800 2153 βάπτοιτῇ
2863 2091 3063 2154 σφαγῇ,
3110 2083 3219 2137 ἀλλ’
3272 2084 3357 2140 οὖν
3400 2087 3674 2161 ἀνδροφόνος
3707 2089 3821 2141 ὶστί·

2314 2165 2408 2218 κᾶν
2438 2172 2594 2238 μήπω
2624 2173 2710 2220 τὸν
2749 2165 2941 2242 δήμιον
2984 2174 3098 2247 ὁρᾷ.
3153 2175 3213 2228 Εἰ
3243 2173 3302 2229 δὲ
3345 2183 3431 2230 καὶ
3460 2185 3512 2230 τὸ
3538 2191 3558 2220 ι·
3584 2186 3719 2230 ταῦτα
3741 2175 3825 2230 δια-

2314 2263 2512 2326 φυγεῖν,
2575 2257 2915 2335 χαλεπώτερα
2965 2264 3031 2314 τὰ
3091 2262 3281 2317 ἐκεῖθεν
3342 2263 3660 2338 δικαιωτήρια
3707 2275 3816 2330 ποιεῖ,

2313 2347 2476 2416 μέχρι
2523 2350 2660 2408 τίνος
2712 2347 2806 2400 οὐκ
2863 2348 3141 2425 ἀποστήσῃ
3209 2358 3396 2406 σαυτόν
3433 2364 3524 2407 τῶν
3570 2354 3718 2416 ἐκεῖσε,
3757 2374 3823 2406 πι-

2312 2442 2449 2506 κρῶς
2501 2435 2655 2498 οὕτω,
2715 2442 2803 2489 καὶ
2841 2441 2905 2499 ὡς
2957 2439 3052 2491 οὐκ
3098 2439 3160 2492 ἄν
3218 2445 3376 2515 ἔγωγε
3439 2443 3700 2518 βυληθείην,
3739 2441 3822 2496 οὐδ’

2312 2521 2372 2573 ἂν
2447 2523 2595 2576 πλέον
2649 2523 3086 2593 ἐπιϐουλευθείην,
3141 2537 3320 2606 μακρὰ
3360 2539 3442 2586 καὶ
3513 2537 3658 2606 μάτην
3705 2534 3821 2606 οἰμώε

2315 2615 2489 2678 ζοντα,
2521 2618 2610 2665 καὶ
2636 2616 3124 2691 κατολοφυρόμενον,
3159 2629 3602 2696 παραπεμπόντων.

2938 2713 3148 2762 ΕΠΙΣΤ.
3186 2712 3304 2767 ΞΑἏ

2500 2795 2682 2845 Λέοντι
2711 2798 2799 2846 καὶ
2843 2794 3104 2849 Γαλὰτωνι
3134 2797 3378 2873 ἀδελφοις
3405 2800 3680 2874 ἀσηκρῆτις.

1816 2887 2106 2936 Montacut.
2146 2887 2249 2950 (ep.
2284 2887 2394 2945 232,
2431 2902 2482 2951 p.
2516 2887 2644 2952 346).

622 2987 894 3046 Anatolio
920 2986 1020 3041 illo
1051 2985 1212 3039 bono
1244 2980 1466 3050 (nescio
1501 2994 1576 3034 an
1605 2977 1733 3050 ipse
1773 2976 2038 3032 ﬁctiones
2063 2975 2194 3032 illas

2232 2979 2272 3032 C
2375 2984 2486 3030 Τῶν
2547 2978 2842 3033 Ἀνατολιου
2889 2990 2984 3035 τοῦ
3037 2985 3202 3039 καλοῦ
3253 2987 3552 3060 πλασμάτων
3597 2989 3694 3061 (οὐκ
3731 2983 3819 3040 οἶδα

549 3083 926 3138 commentus
955 3079 1064 3136 est,
1096 3087 1174 3128 an
1220 3069 1460 3126 alterius
1492 3067 1670 3123 fetum
1713 3067 2109 3138 suppositium
2137 3065 2193 3119 in

547 3187 712 3226 suum
743 3162 1067 3238 adoptat?)
1101 3164 1319 3216 Pontus
1347 3158 1628 3230 impletur
1659 3173 1674 3223 ;
1711 3161 1830 3212 tam
1880 3157 2197 3211 vehemen-

543 3263 653 3327 tes,
684 3262 806 3313 tam
838 3255 1176 3325 frequentes
1221 3252 1362 3304 sunt
1403 3245 1857 3302 mendaciorum
1884 3245 2080 3308 venti;
2115 3244 2196 3298 ita

541 3345 808 3417 undique
832 3340 1105 3415 perﬂant,
1127 3348 1192 3393 ut
1214 3353 1321 3392 nec
1348 3337 1557 3404 Argoae
1581 3333 1802 3418 puppis
1830 3335 2033 3390 Nantaa
2051 3331 2196 3388 cele-

541 3436 809 3498 brentur,
843 3447 951 3486 nec
976 3428 1164 3484 vellus
1212 3441 1481 3490 aureum,
1528 3439 1637 3479 nec
1667 3423 1963 3494 spirantes
1994 3421 2194 3491 ignem

540 3523 713 3590 tauri,
773 3521 864 3575 vel
921 3516 1314 3572 multiformes
1360 3514 1667 3577 dracones,
1731 3527 1838 3566 nec
1883 3526 2009 3581 quae
2064 3515 2196 3566 sunt

542 3611 674 3668 aliae
689 3612 1045 3664 monstrosa
1075 3603 1294 3658 fabula:
1309 3601 1587 3672 deinceps
1611 3600 1932 3668 ﬁngantur.
1967 3599 2194 3656 Novitia

543 3699 992 3755 mendaciorem
1011 3691 1334 3767 hyperbole
1358 3689 1590 3757 efﬁciet,
1608 3694 1669 3743 ut
1685 3688 1781 3744 illa
1794 3687 2059 3744 absoleta
2076 3687 2194 3743 fere

540 3788 721 3844 ﬁdem
758 3790 1114 3848 mereantur,
1160 3796 1354 3853 neque
1386 3779 1541 3835 enim
1575 3784 1708 3835 ante
1747 3777 2013 3850 quinque
2043 3777 2192 3842 dies,

541 3893 661 3934 non
691 3881 826 3933 ante
850 3873 1025 3939 duos,
1082 3871 1206 3926 imo
1239 3885 1313 3924 ne
1343 3874 1478 3924 ante
1513 3883 1693 3923 unam
1727 3865 1937 3922 horam
1969 3867 2042 3920 ad
2084 3882 2194 3920 nos

536 3967 786 4026 accessit
814 3963 1027 4034 aliquis
1056 3962 1206 4016 inter
1224 3975 1328 4014 eos
1357 3961 1730 4019 numeratus,
1756 3957 1859 4028 qui
1892 3960 2027 4009 sunt
2054 3971 2190 4010 cum

538 4056 811 4127 imperio,
843 4068 950 4108 nec
981 4050 1082 4123 qui
1110 4049 1360 4121 imperio
1390 4055 1600 4118 parent
1628 4063 1644 4116 ;
1681 4061 1800 4100 non
1827 4044 2190 4110 tabellarius,

540 4161 660 4201 non
693 4143 916 4198 litteras
943 4145 1261 4200 annotans,
1291 4151 1412 4191 non
1439 4135 1736 4190 bonorum
1769 4133 2038 4195 nuntius,
2072 4148 2190 4187 non

538 4231 979 4289 adversantium
1002 4227 1262 4282 famulus
1291 4243 1304 4292 ;
1334 4226 1455 4278 imo
1477 4239 1611 4296 quae
1629 4239 1789 4278 nunc
1807 4227 1862 4278 in
1888 4222 2191 4294 promissis

2306 3063 2365 3119 δε
2407 3073 2620 3140 πότερον
2659 3070 2811 3131 αὐτός
2855 3070 2969 3124 ἔστι
3015 3080 3216 3150 πατὴρ,
3273 3079 3303 3137 ἢ
3348 3079 3702 3151 ὐποϐὀλιμαίονς
3743 3076 3818 3128 ἐτέ-

2303 3175 2406 3228 ρων
2464 3164 2689 3210 ποιεῖται
2741 3160 2919 3232 γονὰς)
2974 3162 3183 3237 πλήρης
3235 3168 3261 3218 ὁ
3312 3174 3487 3229 πόντος
3530 3167 3818 3240 ἰγένετοικαὶ

2303 3245 2438 3297 οὕτω
2475 3249 2565 3318 μὲν
2612 3245 2861 3320 σφοδραὶ,
2914 3251 3048 3303 οὐτω
3098 3251 3156 3306 δὲ
3194 3265 3425 3328 συνεχεῖς
3453 3260 3604 3310 αἰτοῦ
3641 3251 3820 3326 ψεύδους

2303 3331 2460 3408 αὖραι
2515 3343 2913 3404 καταπνέουσιν,
2974 3343 3044 3402 ὡς
3098 3341 3238 3414 μηδ’
3281 3349 3356 3409 οἷς
3408 3350 3436 3406 ἡ
3487 3356 3574 3400 τῶν
3611 3345 3652 3398 ἐν
3690 3345 3819 3414 Ἀρτῶ

2301 3423 2588 3496 πλωτήρων
2635 3426 2799 3486 πλάνη
2850 3431 3175 3502 σεμνύνεται,
3227 3441 3285 3488 τὸ
3327 3437 3660 3510 χρυσόμαλλον
3686 3431 3816 3505 δέρος,

2303 3519 2391 3566 καὶ
2421 3518 2542 3576 τοὺς
2575 3522 2888 3587 πυριπνόους
2935 3523 3182 3595 ταύρους,
3237 3531 3324 3579 καὶ
3375 3531 3487 3588 τοὺς
3529 3526 3818 3597 πολυμόρφως

2304 3600 2610 3669 δράκοντας,
2638 3609 2727 3656 καὶ
2771 3611 2862 3664 τὴν
2906 3608 3061 3667 ἄλλην
3089 3620 3374 3688 τερατείαν,
3421 3613 3547 3688 μηδὲ
3581 3621 3718 3666 ταῦτα
3739 3609 3817 3661 λοι-

2301 3695 2395 3744 πόν
2455 3691 2522 3752 εἰς
2577 3695 2772 3764 μύθους
2823 3694 3214 3771 ἀναφέρεσθαν
3269 3711 3329 3777 τῇ
3382 3707 3476 3779 γὰρ
3526 3706 3712 3774 νεωτέρα
3751 3703 3815 3749 τοῦ

2301 3777 2528 3850 ψεύδους
2558 3782 2835 3856 ὑπερϐολῇ,
2893 3787 3048 3858 ἔσχεν
3109 3788 3334 3845 ἀνελθεῖν
3385 3777 3538 3846 ἐκεῖνα
3581 3795 3636 3844 τὰ
3668 3788 3816 3842 παλαιὰ

2303 3870 2374 3930 εἰς
2414 3871 2583 3923 εἰκόνα
2630 3881 2721 3924 τοῦ
2761 3878 3120 3932 πιστεύεσθαι.
3158 3879 3299 3935 Οὐδὲ
3345 3886 3462 3956 γὰρ,
3513 3878 3614 3934 οὐδ’
3662 3883 3814 3951 ἡμερῶν

2301 3962 2401 4033 πρὸ
2438 3965 2604 4024 πέντε,
2655 3958 2780 4014 οὐδε
2836 3967 2936 4036 πρὸ
2980 3961 3097 4034 δύο,
3132 3969 3192 4021 οὐ
3222 3975 3312 4043 μὲν
3361 3969 3445 4024 οὖν
3481 3971 3576 4022 ἀλλ’
3601 3965 3702 4021 οὐδὲ
3742 3965 3813 4037 πρὸ

2300 4054 2424 4120 μιᾶς
2455 4049 2611 4119 ὧρας,
2663 4048 2836 4112 οὐδεὶς
2867 4051 3076 4125 ἀφίκετο
3117 4065 3245 4133 πρός
3277 4063 3429 4133 ἡμᾶς,
3460 4060 3513 4112 οὐ
3548 4067 3631 4110 τῶν
3673 4057 3812 4130 ἄρχειν

2299 4137 2588 4210 λαχόντων,
2621 4139 2680 4191 οὐ
2722 4149 2819 4193 τῶν
2868 4139 3053 4216 ἑτέροις
3110 4153 3564 4225 πειθαρχούντων·
3603 4147 3650 4199 οὐ
3686 4161 3809 4214 γραμ-

2300 4232 2601 4302 ματηφόρος
2633 4249 2645 4262 ·
2723 4228 2816 4281 οὐκ
2902 4231 3282 4312 ἐπισημότερος
3353 4239 3676 4312 γραμμάτωνο
3739 4232 3810 4280 οὐκ

537 4323 856 4385 dabantur,
889 4334 1025 4374 cum
1049 4314 1348 4389 prioribus
1369 4313 1712 4384 disperiere,
1733 4328 1931 4368 aerem
1960 4317 2145 4367 tantm

2221 4329 2269 4384 D
2301 4314 2508 4387 ἀγαθῶν
2537 4317 2759 4389 ἄγγελος
2793 4340 2804 4352 ·
2853 4324 2957 4392 οὐχ
2989 4324 3400 4399 ὑπηρετούμενος
3445 4335 3546 4389 τοῖς
3583 4325 3811 4379 ἐναντίοις·

533 4407 906 4470 verberantia
935 4406 962 4462 ‘l
991 4404 1142 4471 Quid
1185 4403 1320 4459 dico
1359 4403 1416 4456 in
1465 4401 1778 4474 promissis
1801 4403 1828 4459 7
1879 4418 1996 4456 non
2029 4401 2188 4457 enim

532 4497 1038 4575 promittebantur
1055 4498 1304 4556 tantum,
1321 4491 1425 4546 sed
1447 4489 1756 4562 placituris
1779 4490 2014 4546 isthisce
2035 4490 2191 4547 clare

532 4591 612 4648 ob
642 4587 854 4646 oculos
885 4581 1492 4657 reprmsentabantur,
1525 4587 1827 4652 utcunque
1872 4595 1946 4634 ne
1973 4596 2077 4652 per
2107 4580 2192 4636 in-

535 4679 841 4736 somnium
893 4673 1308 4731 cernebantur.
1344 4672 1490 4725 Nam
1536 4668 1614 4724 ab
1661 4669 1825 4724 initio
1849 4684 1953 4740 per
1981 4669 2193 4739 imagi-

447 4749 450 4752 i
533 4771 804 4826 nationes
835 4764 1001 4822 haud
1037 4760 1256 4818 alicubi
1289 4758 1678 4815 subsistentes
1731 4759 2001 4830 conﬁcta,
2037 4760 2193 4816 circa

533 4859 768 4912 easdem
792 4870 1030 4929 quoque
1060 4849 1404 4907 difﬂuxere:
1433 4850 2034 4922 verumtamen,quod
2061 4849 2192 4905 nul-

533 4943 626 5000 lus
648 4946 918 5010 arbitror,
946 4939 1242 4998 mendacii
1267 4937 1634 4995 continuatio
1655 4937 1843 4992 cuivis
1867 4939 2026 4994 deiis
2047 4939 2193 4996 divi-

532 5031 719 5086 nandi
774 5031 954 5088 faciet
1007 5034 1363 5104 potestatem
1415 5031 1858 5083 exaccuratam.
1916 5029 2084 5093 Quod
2118 5032 2189 5096 si,

536 5125 744 5177 contra
769 5120 1136 5190 opinionem,
1169 5134 1308 5175 cum
1338 5117 1583 5174 veritate
1613 5115 1997 5173 coinciderint
2027 5136 2039 5186 ;
2067 5133 2194 5179 om-

2298 4403 2426 4456 ana
2469 4408 2570 4480 γὰρ
2628 4411 2718 4458 καὶ
2785 4409 2851 4460 τὰ
2905 4418 2992 4461 νῦν
3047 4413 3392 4487 ὑπεσχημένα
3449 4423 3548 4476 τοῖς
3593 4407 3816 4483 ἔμπροσθεν

2302 4495 2648 4560 συναπώλετο,
2693 4501 2779 4547 τόν
2829 4497 2954 4573 ἀέρα
2990 4508 3146 4572 μόνον
3197 4511 3542 4564 κτυπήσαντα.
3569 4507 3624 4555 Τί
3664 4496 3711 4552 δι
3759 4490 3819 4547 δεῖ

2297 4582 2456 4655 λέγειν
2487 4585 2868 4657 ὐπεσχημένας
2905 4588 2962 4640 οὐ
3005 4592 3107 4664 γὰρ
3168 4594 3504 4666 ὑπεσχημένα
3545 4595 3691 4664 μόνον.
3724 4581 3819 4635 ἀλλά

2297 4691 2356 4743 ’γε
2411 4680 2522 4735 τοῖς
2580 4677 2959 4749 χαριεστάτοις
3010 4687 3250 4735 τουτοισὶ
3305 4687 3390 4735 καὶ
3454 4684 3546 4755 πρὸ
3604 4673 3818 4750 ὀφθαλμῶν

2296 4761 2542 4835 λαμπρῶς
2591 4769 2818 4837 κείμενα,
2876 4767 2918 4818 εἰ
2977 4773 3065 4821 καὶ
3113 4769 3248 4842 μηδ’
3306 4772 3510 4846 ὀνείροις
3558 4768 3815 4840 ὡράθησαν”

2297 4856 2516 4927 καὶγὰρ
2572 4857 2664 4912 τὴν
2707 4853 2903 4929 ἀρχὴν,
2958 4857 3031 4918 εἰς
3080 4857 3435 4936 ἀνυπάρκτους
3465 4852 3819 4924 διαπεπλασμένα

2302 4947 2614 5015 φαντασίας,
2670 4949 2787 5017 περὶ
2869 4945 3046 5008 αὐταῖς
3117 4955 3206 5002 καὶ
3273 4950 3674 5025 κατεῤῥυήκεααο
3719 4938 3816 4993 πλὴν

2301 5031 2430 5098 ἀλλ’,
2473 5033 2594 5107 ὅπερ
2620 5033 2724 5106 οὐχ
2756 5035 3006 5107 ἡγοῦμαι,
3041 5039 3071 5096 ἡ
3117 5044 3364 5112 συνέχεια
3401 5037 3457 5092 δὲ
3496 5044 3578 5089 τοῦ
3620 5025 3814 5105 ψεύδους,

2299 5128 2392 5183 τὴν
2441 5121 2518 5176 ἐπ’
2569 5124 2741 5184 αὐτοῖς
2795 5130 3053 5197 μαντικὴν
3119 5135 3276 5184 παντὶ
3337 5132 3607 5202 παρέχεται
3646 5114 3818 5194 ἀκριϐῶ*

1889 5309 2123 5370 VARUS
2154 5312 2546 5374 LECTIONES.

659 5504 735 5562 ἶσ.
773 5505 864 5558 καὶ
886 5501 1015 5578 μετὰ
1044 5503 1125 5556 τό.
1201 5518 1206 5520 ·
