  <div class='ocr_page' id='page_1' title='image "/cluster/home/n/w/nwhite01/storage/ocr_20150623/102/hvd.32044073502155/518.png"; bbox 0 0 4072 6232; ppageno 0'>
   <div class='ocr_carea' id='block_1_1' title="bbox 306 289 416 350">
    <p class='ocr_par' dir='ltr' id='par_1_1' title="bbox 306 289 416 350">
     <span class='ocr_line' id='line_1_1' title="bbox 306 289 416 350; baseline -0.036 0"><span class='ocrx_word' id='word_1_1' title='bbox 306 289 416 350; x_wconf 83' lang='grc'>969</span> 
     </span>
    </p>
   </div>
   <div class='ocr_carea' id='block_1_2' title="bbox 1561 270 2452 338">
    <p class='ocr_par' dir='ltr' id='par_1_2' title="bbox 1561 270 2452 338">
     <span class='ocr_line' id='line_1_2' title="bbox 1561 270 2452 338; baseline 0.003 -4"><span class='ocrx_word' id='word_1_2' title='bbox 1561 270 2065 334; x_wconf 77' lang='lat' dir='ltr'>EPISTOLABUM</span> <span class='ocrx_word' id='word_1_3' title='bbox 2104 275 2315 334; x_wconf 80' lang='lat' dir='ltr'>LIBER</span> <span class='ocrx_word' id='word_1_4' title='bbox 2357 278 2423 335; x_wconf 89' lang='lat' dir='ltr'>III</span> <span class='ocrx_word' id='word_1_5' title='bbox 2439 324 2452 338; x_wconf 91' lang='lat'>.</span> 
     </span>
    </p>
   </div>
   <div class='ocr_carea' id='block_1_3' title="bbox 3561 300 3670 358">
    <p class='ocr_par' dir='ltr' id='par_1_3' title="bbox 3561 300 3670 358">
     <span class='ocr_line' id='line_1_3' title="bbox 3561 300 3670 358; baseline 0.018 -2"><span class='ocrx_word' id='word_1_6' title='bbox 3561 300 3670 358; x_wconf 85' lang='lat'>970</span> 
     </span>
    </p>
   </div>
   <div class='ocr_carea' id='block_1_4' title="bbox 309 402 1898 487">
    <p class='ocr_par' dir='ltr' id='par_1_4' title="bbox 309 405 1898 486">
     <span class='ocr_line' id='line_1_4' title="bbox 309 405 1898 486; baseline -0.009 -17"><span class='ocrx_word' id='word_1_7' title='bbox 309 417 529 469; x_wconf 89' lang='grc' dir='ltr'><strong>σασθαι.</strong></span> <span class='ocrx_word' id='word_1_8' title='bbox 570 412 703 468; x_wconf 85' lang='grc' dir='ltr'><strong>Ἀλλ’</strong></span> <span class='ocrx_word' id='word_1_9' title='bbox 735 413 823 467; x_wconf 80' lang='grc' dir='ltr'><strong>οὖν</strong></span> <span class='ocrx_word' id='word_1_10' title='bbox 868 413 912 466; x_wconf 84' lang='grc' dir='ltr'>εἰ</span> <span class='ocrx_word' id='word_1_11' title='bbox 963 418 1052 466; x_wconf 84' lang='grc' dir='ltr'>καὶ</span> <span class='ocrx_word' id='word_1_12' title='bbox 1080 412 1223 486; x_wconf 88' lang='grc' dir='ltr'><strong>παρὰ</strong></span> <span class='ocrx_word' id='word_1_13' title='bbox 1261 405 1442 472; x_wconf 88' lang='grc' dir='ltr'><strong>δόξαν,</strong></span> <span class='ocrx_word' id='word_1_14' title='bbox 1499 406 1634 478; x_wconf 87' lang='grc' dir='ltr'><strong>ὅμως</strong></span> <span class='ocrx_word' id='word_1_15' title='bbox 1686 407 1732 456; x_wconf 85' lang='grc' dir='ltr'>εί</span> <span class='ocrx_word' id='word_1_16' title='bbox 1785 422 1898 456; x_wconf 75' lang='grc' dir='ltr'><strong>ποτε</strong></span> 
     </span>
    </p>
   </div>
   <div class='ocr_carea' id='block_1_5' title="bbox 2010 402 3669 487">
    <p class='ocr_par' dir='ltr' id='par_1_5' title="bbox 2020 402 3669 487">
     <span class='ocr_line' id='line_1_5' title="bbox 2020 402 3669 487; baseline 0.016 -29"><span class='ocrx_word' id='word_1_17' title='bbox 2020 402 2124 459; x_wconf 89' lang='lat' dir='ltr'>nia</span> <span class='ocrx_word' id='word_1_18' title='bbox 2148 403 2243 460; x_wconf 91' lang='lat' dir='ltr'>ille</span> <span class='ocrx_word' id='word_1_19' title='bbox 2274 406 2438 478; x_wconf 92' lang='lat' dir='ltr'>apud</span> <span class='ocrx_word' id='word_1_20' title='bbox 2475 423 2570 464; x_wconf 91' lang='lat' dir='ltr'><strong>me</strong></span> <span class='ocrx_word' id='word_1_21' title='bbox 2601 408 2914 485; x_wconf 80' lang='lat' dir='ltr'>obtinebit,</span> <span class='ocrx_word' id='word_1_22' title='bbox 2937 429 3074 486; x_wconf 60' lang='lat' dir='ltr'>quae</span> <span class='ocrx_word' id='word_1_23' title='bbox 3096 429 3202 487; x_wconf 90' lang='lat' dir='ltr'>per</span> <span class='ocrx_word' id='word_1_24' title='bbox 3221 433 3329 475; x_wconf 91' lang='lat' dir='ltr'>vos</span> <span class='ocrx_word' id='word_1_25' title='bbox 3355 426 3417 479; x_wconf 94' lang='lat' dir='ltr'>ut</span> <span class='ocrx_word' id='word_1_26' title='bbox 3439 423 3669 484; x_wconf 90' lang='lat' dir='ltr'>obtine-</span> 
     </span>
    </p>
   </div>
   <div class='ocr_carea' id='block_1_6' title="bbox 304 491 1907 579">
    <p class='ocr_par' dir='ltr' id='par_1_6' title="bbox 304 491 1907 579">
     <span class='ocr_line' id='line_1_6' title="bbox 304 491 1907 579; baseline -0.009 -21"><span class='ocrx_word' id='word_1_27' title='bbox 304 508 433 579; x_wconf 83' lang='grc' dir='ltr'><strong>πρὸς</strong></span> <span class='ocrx_word' id='word_1_28' title='bbox 490 503 732 563; x_wconf 76' lang='grc' dir='ltr'><strong>ἀλήθειαν</strong></span> <span class='ocrx_word' id='word_1_29' title='bbox 797 507 1260 579; x_wconf 80' lang='grc' dir='ltr'><strong>περιτραπείησαν,</strong></span> <span class='ocrx_word' id='word_1_30' title='bbox 1324 501 1493 551; x_wconf 82' lang='grc' dir='ltr'><strong>ἔσοιτο</strong></span> <span class='ocrx_word' id='word_1_31' title='bbox 1559 497 1727 548; x_wconf 85' lang='grc' dir='ltr'><strong>πάντα</strong></span> <span class='ocrx_word' id='word_1_32' title='bbox 1787 491 1907 557; x_wconf 86' lang='grc' dir='ltr'><strong>παρ’</strong></span> 
     </span>
    </p>
   </div>
   <div class='ocr_carea' id='block_1_7' title="bbox 304 582 1911 667">
    <p class='ocr_par' dir='ltr' id='par_1_7' title="bbox 304 582 1911 667">
     <span class='ocr_line' id='line_1_7' title="bbox 304 582 1911 667; baseline -0.007 -21"><span class='ocrx_word' id='word_1_33' title='bbox 304 595 452 667; x_wconf 76' lang='grc' dir='ltr'><strong>ἡμῶν</strong></span> <span class='ocrx_word' id='word_1_34' title='bbox 476 601 548 664; x_wconf 85' lang='grc' dir='ltr'><strong>τῷ</strong></span> <span class='ocrx_word' id='word_1_35' title='bbox 580 591 756 664; x_wconf 79' lang='grc' dir='ltr'><strong>ἀνδρὶ,</strong></span> <span class='ocrx_word' id='word_1_36' title='bbox 810 595 912 646; x_wconf 88' lang='grc' dir='ltr'>ὅσα</span> <span class='ocrx_word' id='word_1_37' title='bbox 973 593 1212 664; x_wconf 77' lang='grc' dir='ltr'><strong>γενέσθαι</strong></span> <span class='ocrx_word' id='word_1_38' title='bbox 1270 588 1410 660; x_wconf 77' lang='grc' dir='ltr'><strong>αὐτῷ</strong></span> <span class='ocrx_word' id='word_1_39' title='bbox 1463 582 1535 640; x_wconf 88' lang='grc' dir='ltr'>δι’</span> <span class='ocrx_word' id='word_1_40' title='bbox 1597 587 1739 657; x_wconf 85' lang='grc' dir='ltr'><strong>ὑμῶν</strong></span> <span class='ocrx_word' id='word_1_41' title='bbox 1781 602 1911 659; x_wconf 89' lang='grc' dir='ltr'><strong>παρ-</strong></span> 
     </span>
    </p>
   </div>
   <div class='ocr_carea' id='block_1_8' title="bbox 304 681 883 758">
    <p class='ocr_par' dir='ltr' id='par_1_8' title="bbox 304 681 883 758">
     <span class='ocr_line' id='line_1_8' title="bbox 304 681 883 758; baseline -0.002 -22"><span class='ocrx_word' id='word_1_42' title='bbox 304 687 562 756; x_wconf 72' lang='grc' dir='ltr'><strong>ῃτήσατο.</strong></span> <span class='ocrx_word' id='word_1_43' title='bbox 597 681 883 758; x_wconf 72' lang='grc' dir='ltr'><strong>Ἔρρωσθε.</strong></span> 
     </span>
    </p>
   </div>
   <div class='ocr_carea' id='block_1_9' title="bbox 914 767 1281 825">
    <p class='ocr_par' dir='ltr' id='par_1_9' title="bbox 914 767 1281 825">
     <span class='ocr_line' id='line_1_9' title="bbox 914 767 1281 825; baseline -0.014 0"><span class='ocrx_word' id='word_1_44' title='bbox 914 777 1125 825; x_wconf 85' lang='grc' dir='ltr'><strong>ΕΠΙΣΤ.</strong></span> <span class='ocrx_word' id='word_1_45' title='bbox 1168 767 1281 823; x_wconf 82' lang='grc' dir='ltr'>ΞΒ’.</span> 
     </span>
    </p>
   </div>
   <div class='ocr_carea' id='block_1_10' title="bbox 769 858 1436 936">
    <p class='ocr_par' dir='ltr' id='par_1_10' title="bbox 769 858 1436 936">
     <span class='ocr_line' id='line_1_10' title="bbox 769 858 1436 936; baseline -0.016 -19"><span class='ocrx_word' id='word_1_46' title='bbox 769 862 864 936; x_wconf 83' lang='grc' dir='ltr'><strong>Ἀρ</strong></span> <span class='ocrx_word' id='word_1_47' title='bbox 873 858 1043 930; x_wconf 79' lang='grc' dir='ltr'><strong>σαϐὴρ</strong></span> <span class='ocrx_word' id='word_1_48' title='bbox 1073 858 1436 931; x_wconf 84' lang='grc' dir='ltr'><strong>Ἀσπαθαρίῳ.</strong></span> 
     </span>
    </p>
   </div>
   <div class='ocr_carea' id='block_1_11' title="bbox 2017 496 2722 556">
    <p class='ocr_par' dir='ltr' id='par_1_11' title="bbox 2017 496 2722 556">
     <span class='ocr_line' id='line_1_11' title="bbox 2017 496 2722 556; baseline 0.011 -8"><span class='ocrx_word' id='word_1_49' title='bbox 2017 497 2107 549; x_wconf 90' lang='lat' dir='ltr'>ret</span> <span class='ocrx_word' id='word_1_50' title='bbox 2143 496 2459 554; x_wconf 80' lang='lat' dir='ltr'>recusavit.</span> <span class='ocrx_word' id='word_1_51' title='bbox 2505 497 2722 556; x_wconf 83' lang='lat' dir='ltr'>Valete.</span> 
     </span>
    </p>
   </div>
   <div class='ocr_carea' id='block_1_12' title="bbox 2634 770 3052 831">
    <p class='ocr_par' dir='ltr' id='par_1_12' title="bbox 2634 770 3052 831">
     <span class='ocr_line' id='line_1_12' title="bbox 2634 770 3052 831; baseline 0.014 -6"><span class='ocrx_word' id='word_1_52' title='bbox 2634 770 2852 829; x_wconf 88' lang='lat' dir='ltr'>EPIST.</span> <span class='ocrx_word' id='word_1_53' title='bbox 2899 776 3052 831; x_wconf 82' lang='lat' dir='ltr'>LXII.</span> 
     </span>
    </p>
   </div>
   <div class='ocr_carea' id='block_1_13' title="bbox 2521 858 3167 935">
    <p class='ocr_par' dir='ltr' id='par_1_13' title="bbox 2521 858 3167 935">
     <span class='ocr_line' id='line_1_13' title="bbox 2521 858 3167 935; baseline 0.015 -21"><span class='ocrx_word' id='word_1_54' title='bbox 2521 858 2784 917; x_wconf 83' lang='lat' dir='ltr'>Arsaber</span> <span class='ocrx_word' id='word_1_55' title='bbox 2801 865 3167 935; x_wconf 79' lang='lat' dir='ltr'>aspathario.</span> 
     </span>
    </p>
   </div>
   <div class='ocr_carea' id='block_1_14' title="bbox 1570 972 2376 1041">
    <p class='ocr_par' dir='ltr' id='par_1_14' title="bbox 1570 972 2376 1041">
     <span class='ocr_line' id='line_1_14' title="bbox 1570 972 2376 1041; baseline 0.001 -15"><span class='ocrx_word' id='word_1_56' title='bbox 1570 975 1844 1026; x_wconf 79' lang='lat' dir='ltr'>Montacut</span> <span class='ocrx_word' id='word_1_57' title='bbox 1876 972 1981 1038; x_wconf 91' lang='lat' dir='ltr'>(ep.</span> <span class='ocrx_word' id='word_1_58' title='bbox 2016 974 2128 1036; x_wconf 80' lang='lat'>233,</span> <span class='ocrx_word' id='word_1_59' title='bbox 2158 989 2209 1040; x_wconf 89' lang='lat' dir='ltr'>p.</span> <span class='ocrx_word' id='word_1_60' title='bbox 2245 976 2376 1041; x_wconf 72' lang='grc'><strong>347).</strong></span> 
     </span>
    </p>
   </div>
   <div class='ocr_carea' id='block_1_15' title="bbox 377 1095 1912 1175">
    <p class='ocr_par' dir='ltr' id='par_1_15' title="bbox 377 1095 1912 1175">
     <span class='ocr_line' id='line_1_15' title="bbox 377 1095 1912 1175; baseline -0.007 -21"><span class='ocrx_word' id='word_1_61' title='bbox 377 1104 448 1155; x_wconf 89' lang='grc' dir='ltr'>Τὸ</span> <span class='ocrx_word' id='word_1_62' title='bbox 500 1103 592 1174; x_wconf 69' lang='grc' dir='ltr'>μεν</span> <span class='ocrx_word' id='word_1_63' title='bbox 631 1097 818 1175; x_wconf 83' lang='grc' dir='ltr'><strong>δῶρον,</strong></span> <span class='ocrx_word' id='word_1_64' title='bbox 863 1099 1247 1175; x_wconf 72' lang='grc' dir='ltr'><strong>μεγαλοπρεπες</strong></span> <span class='ocrx_word' id='word_1_65' title='bbox 1315 1095 1391 1165; x_wconf 85' lang='grc' dir='ltr'><strong>ὃν,</strong></span> <span class='ocrx_word' id='word_1_66' title='bbox 1460 1098 1551 1147; x_wconf 82' lang='grc' dir='ltr'>καὶ</span> <span class='ocrx_word' id='word_1_67' title='bbox 1589 1097 1760 1167; x_wconf 85' lang='grc' dir='ltr'><strong>χωρὶς</strong></span> <span class='ocrx_word' id='word_1_68' title='bbox 1818 1098 1912 1154; x_wconf 83' lang='grc' dir='ltr'><strong>τῆς</strong></span> 
     </span>
    </p>
   </div>
   <div class='ocr_carea' id='block_1_16' title="bbox 306 1184 1914 1253">
    <p class='ocr_par' dir='ltr' id='par_1_16' title="bbox 306 1184 1914 1253">
     <span class='ocr_line' id='line_1_16' title="bbox 306 1184 1914 1253; baseline -0.007 -9"><span class='ocrx_word' id='word_1_69' title='bbox 306 1191 469 1253; x_wconf 80' lang='grc' dir='ltr'><strong>οἷλλης</strong></span> <span class='ocrx_word' id='word_1_70' title='bbox 519 1187 806 1252; x_wconf 75' lang='grc' dir='ltr'>διαθέσεως</span> <span class='ocrx_word' id='word_1_71' title='bbox 848 1189 874 1242; x_wconf 87' lang='grc' dir='ltr'><strong>ὃ</strong></span> <span class='ocrx_word' id='word_1_72' title='bbox 927 1194 1018 1242; x_wconf 82' lang='grc' dir='ltr'><strong>καὶ</strong></span> <span class='ocrx_word' id='word_1_73' title='bbox 1073 1188 1261 1251; x_wconf 79' lang='grc' dir='ltr'><strong>ἄλλους</strong></span> <span class='ocrx_word' id='word_1_74' title='bbox 1311 1185 1372 1239; x_wconf 79' lang='grc' dir='ltr'><strong>ἂν</strong></span> <span class='ocrx_word' id='word_1_75' title='bbox 1418 1184 1692 1250; x_wconf 75' lang='grc' dir='ltr'>ἐπεπείκει,</span> <span class='ocrx_word' id='word_1_76' title='bbox 1754 1201 1914 1253; x_wconf 86' lang='grc' dir='ltr'><strong>μεγα-</strong></span> 
     </span>
    </p>
   </div>
   <div class='ocr_carea' id='block_1_17' title="bbox 306 1270 1910 1354">
    <p class='ocr_par' dir='ltr' id='par_1_17' title="bbox 306 1270 1910 1354">
     <span class='ocr_line' id='line_1_17' title="bbox 306 1270 1910 1354; baseline -0.006 -20"><span class='ocrx_word' id='word_1_77' title='bbox 306 1281 582 1354; x_wconf 88' lang='grc' dir='ltr'><strong>λοπρεπῶς</strong></span> <span class='ocrx_word' id='word_1_78' title='bbox 615 1282 754 1352; x_wconf 80' lang='grc' dir='ltr'><strong>ἡμᾶς</strong></span> <span class='ocrx_word' id='word_1_79' title='bbox 795 1283 1152 1352; x_wconf 76' lang='grc' dir='ltr'>παρεσκεύασε</span> <span class='ocrx_word' id='word_1_80' title='bbox 1191 1275 1467 1341; x_wconf 79' lang='grc' dir='ltr'><strong>δέξασθαι.</strong></span> <span class='ocrx_word' id='word_1_81' title='bbox 1519 1274 1579 1328; x_wconf 82' lang='grc' dir='ltr'><strong>Ἠ</strong></span> <span class='ocrx_word' id='word_1_82' title='bbox 1638 1270 1697 1326; x_wconf 77' lang='grc' dir='ltr'><strong>δὲ</strong></span> <span class='ocrx_word' id='word_1_83' title='bbox 1737 1270 1910 1325; x_wconf 79' lang='grc' dir='ltr'><strong>διάθε-</strong></span> 
     </span>
    </p>
   </div>
   <div class='ocr_carea' id='block_1_18' title="bbox 305 1359 1911 1446">
    <p class='ocr_par' dir='ltr' id='par_1_18' title="bbox 305 1359 1911 1446">
     <span class='ocr_line' id='line_1_18' title="bbox 305 1359 1911 1446; baseline -0.007 -23"><span class='ocrx_word' id='word_1_84' title='bbox 305 1390 388 1431; x_wconf 89' lang='grc' dir='ltr'>σις</span> <span class='ocrx_word' id='word_1_85' title='bbox 423 1375 515 1422; x_wconf 87' lang='grc' dir='ltr'><strong>καὶ</strong></span> <span class='ocrx_word' id='word_1_86' title='bbox 571 1375 742 1443; x_wconf 82' lang='grc' dir='ltr'><strong>χωρὶς</strong></span> <span class='ocrx_word' id='word_1_87' title='bbox 777 1377 870 1422; x_wconf 91' lang='grc' dir='ltr'>τοῦ</span> <span class='ocrx_word' id='word_1_88' title='bbox 913 1366 1085 1446; x_wconf 85' lang='grc' dir='ltr'><strong>δώρου</strong></span> <span class='ocrx_word' id='word_1_89' title='bbox 1140 1371 1196 1420; x_wconf 85' lang='grc' dir='ltr'><strong>τὸ</strong></span> <span class='ocrx_word' id='word_1_90' title='bbox 1246 1367 1402 1420; x_wconf 81' lang='grc' dir='ltr'><strong>οἰκεῖν</strong></span> <span class='ocrx_word' id='word_1_91' title='bbox 1457 1371 1618 1417; x_wconf 77' lang='grc' dir='ltr'>ποιεῖν</span> <span class='ocrx_word' id='word_1_92' title='bbox 1673 1359 1911 1414; x_wconf 83' lang='grc' dir='ltr'><strong>διανοου-</strong></span> 
     </span>
    </p>
   </div>
   <div class='ocr_carea' id='block_1_19' title="bbox 302 1452 1906 1532">
    <p class='ocr_par' dir='ltr' id='par_1_19' title="bbox 302 1452 1906 1532">
     <span class='ocr_line' id='line_1_19' title="bbox 302 1452 1906 1532; baseline -0.007 -19"><span class='ocrx_word' id='word_1_93' title='bbox 302 1465 454 1532; x_wconf 77' lang='grc' dir='ltr'><strong>μένη,</strong></span> <span class='ocrx_word' id='word_1_94' title='bbox 499 1459 590 1512; x_wconf 77' lang='grc' dir='ltr'><strong>ἅτε</strong></span> <span class='ocrx_word' id='word_1_95' title='bbox 638 1455 704 1518; x_wconf 75' lang='grc' dir='ltr'><strong>δή</strong></span> <span class='ocrx_word' id='word_1_96' title='bbox 767 1459 956 1530; x_wconf 79' lang='grc' dir='ltr'><strong>μείζων</strong></span> <span class='ocrx_word' id='word_1_97' title='bbox 1002 1463 1093 1531; x_wconf 69' lang='grc' dir='ltr'>μὲν</span> <span class='ocrx_word' id='word_1_98' title='bbox 1137 1459 1313 1518; x_wconf 87' lang='grc' dir='ltr'><strong>πάσης</strong></span> <span class='ocrx_word' id='word_1_99' title='bbox 1387 1454 1546 1515; x_wconf 87' lang='grc' dir='ltr'><strong>οῖλλης</strong></span> <span class='ocrx_word' id='word_1_100' title='bbox 1591 1452 1906 1526; x_wconf 74' lang='grc' dir='ltr'><strong>φιλοτιμίας,</strong></span> 
     </span>
    </p>
   </div>
   <div class='ocr_carea' id='block_1_20' title="bbox 300 1540 1909 1622">
    <p class='ocr_par' dir='ltr' id='par_1_20' title="bbox 300 1540 1909 1622">
     <span class='ocr_line' id='line_1_20' title="bbox 300 1540 1909 1622; baseline -0.008 -18"><span class='ocrx_word' id='word_1_101' title='bbox 300 1548 497 1622; x_wconf 78' lang='grc' dir='ltr'><strong>μείζων</strong></span> <span class='ocrx_word' id='word_1_102' title='bbox 556 1544 616 1601; x_wconf 77' lang='grc' dir='ltr'>δὲ</span> <span class='ocrx_word' id='word_1_103' title='bbox 663 1551 848 1609; x_wconf 84' lang='grc' dir='ltr'><strong>παντὸς</strong></span> <span class='ocrx_word' id='word_1_104' title='bbox 894 1547 1287 1620; x_wconf 74' lang='grc' dir='ltr'><strong>εὐεργετήματος</strong></span> <span class='ocrx_word' id='word_1_105' title='bbox 1337 1549 1427 1598; x_wconf 81' lang='grc' dir='ltr'>καὶ</span> <span class='ocrx_word' id='word_1_106' title='bbox 1479 1540 1608 1596; x_wconf 83' lang='grc' dir='ltr'><strong>εἶναι</strong></span> <span class='ocrx_word' id='word_1_107' title='bbox 1664 1546 1753 1593; x_wconf 87' lang='grc' dir='ltr'><strong>καὶ</strong></span> <span class='ocrx_word' id='word_1_108' title='bbox 1801 1540 1909 1592; x_wconf 81' lang='grc' dir='ltr'><strong>ὀνο-</strong></span> 
     </span>
    </p>
   </div>
   <div class='ocr_carea' id='block_1_21' title="bbox 303 1632 1907 1710">
    <p class='ocr_par' dir='ltr' id='par_1_21' title="bbox 303 1632 1907 1710">
     <span class='ocr_line' id='line_1_21' title="bbox 303 1632 1907 1710; baseline -0.007 -19"><span class='ocrx_word' id='word_1_109' title='bbox 303 1637 573 1710; x_wconf 81' lang='grc' dir='ltr'><strong>μάζεσθαι</strong></span> <span class='ocrx_word' id='word_1_110' title='bbox 643 1637 1100 1710; x_wconf 84' lang='grc' dir='ltr'><strong>μεγαλοφρονοῦσα</strong></span> <span class='ocrx_word' id='word_1_111' title='bbox 1145 1632 1319 1688; x_wconf 75' lang='grc' dir='ltr'><strong>οὐδενὶ</strong></span> <span class='ocrx_word' id='word_1_112' title='bbox 1391 1633 1544 1708; x_wconf 73' lang='grc' dir='ltr'><strong>ἑτέρῳ</strong></span> <span class='ocrx_word' id='word_1_113' title='bbox 1618 1640 1718 1683; x_wconf 88' lang='grc' dir='ltr'>τῶν</span> <span class='ocrx_word' id='word_1_114' title='bbox 1763 1649 1907 1702; x_wconf 90' lang='grc' dir='ltr'><strong>πρω-</strong></span> 
     </span>
    </p>
   </div>
   <div class='ocr_carea' id='block_1_22' title="bbox 2091 1092 3668 1186">
    <p class='ocr_par' dir='ltr' id='par_1_22' title="bbox 2091 1092 3668 1186">
     <span class='ocr_line' id='line_1_22' title="bbox 2091 1092 3668 1186; baseline 0.017 -39"><span class='ocrx_word' id='word_1_115' title='bbox 2091 1092 2304 1186; x_wconf 82' lang='lat' dir='ltr'>Munus</span> <span class='ocrx_word' id='word_1_116' title='bbox 2326 1096 2572 1186; x_wconf 78' lang='lat' dir='ltr'>quidem</span> <span class='ocrx_word' id='word_1_117' title='bbox 2593 1113 2729 1156; x_wconf 87' lang='lat' dir='ltr'>cum</span> <span class='ocrx_word' id='word_1_118' title='bbox 2754 1101 3253 1175; x_wconf 85' lang='lat' dir='ltr'>sitmagniﬁcum,</span> <span class='ocrx_word' id='word_1_119' title='bbox 3273 1115 3331 1167; x_wconf 94' lang='lat' dir='ltr'>et</span> <span class='ocrx_word' id='word_1_120' title='bbox 3348 1114 3513 1186; x_wconf 89' lang='lat' dir='ltr'>quod</span> <span class='ocrx_word' id='word_1_121' title='bbox 3538 1117 3668 1175; x_wconf 89' lang='lat' dir='ltr'>sine</span> 
     </span>
    </p>
   </div>
   <div class='ocr_carea' id='block_1_23' title="bbox 2019 1180 3667 1273">
    <p class='ocr_par' dir='ltr' id='par_1_23' title="bbox 2019 1180 3667 1273">
     <span class='ocr_line' id='line_1_23' title="bbox 2019 1180 3667 1273; baseline 0.017 -38"><span class='ocrx_word' id='word_1_122' title='bbox 2019 1180 2410 1273; x_wconf 75' lang='lat' dir='ltr'>dispositione</span> <span class='ocrx_word' id='word_1_123' title='bbox 2425 1185 2540 1242; x_wconf 91' lang='lat' dir='ltr'>alia</span> <span class='ocrx_word' id='word_1_124' title='bbox 2553 1192 2795 1261; x_wconf 87' lang='lat' dir='ltr'>quosvis</span> <span class='ocrx_word' id='word_1_125' title='bbox 2807 1191 3122 1263; x_wconf 90' lang='lat' dir='ltr'>allexisset,</span> <span class='ocrx_word' id='word_1_126' title='bbox 3138 1214 3255 1266; x_wconf 89' lang='lat' dir='ltr'>me,</span> <span class='ocrx_word' id='word_1_127' title='bbox 3275 1207 3338 1256; x_wconf 92' lang='lat' dir='ltr'>ut</span> <span class='ocrx_word' id='word_1_128' title='bbox 3352 1180 3667 1273; x_wconf 82' lang='lat' dir='ltr'>magniﬁce</span> 
     </span>
    </p>
   </div>
   <div class='ocr_carea' id='block_1_24' title="bbox 2019 1271 3666 1365">
    <p class='ocr_par' dir='ltr' id='par_1_24' title="bbox 2019 1271 3666 1365">
     <span class='ocr_line' id='line_1_24' title="bbox 2019 1271 3666 1365; baseline 0.016 -40"><span class='ocrx_word' id='word_1_129' title='bbox 2019 1271 2366 1365; x_wconf 76' lang='lat' dir='ltr'>acciperem,</span> <span class='ocrx_word' id='word_1_130' title='bbox 2399 1275 2684 1334; x_wconf 79' lang='lat' dir='ltr'>invitavit.</span> <span class='ocrx_word' id='word_1_131' title='bbox 2708 1280 3130 1354; x_wconf 87' lang='lat' dir='ltr'>Atdispositio,</span> <span class='ocrx_word' id='word_1_132' title='bbox 3164 1295 3394 1348; x_wconf 89' lang='lat' dir='ltr'>semoto</span> <span class='ocrx_word' id='word_1_133' title='bbox 3419 1271 3666 1365; x_wconf 78' lang='lat' dir='ltr'>quidem</span> 
     </span>
    </p>
   </div>
   <div class='ocr_carea' id='block_1_25' title="bbox 2017 1359 3670 1452">
    <p class='ocr_par' dir='ltr' id='par_1_25' title="bbox 2017 1359 3670 1452">
     <span class='ocr_line' id='line_1_25' title="bbox 2017 1359 3670 1452; baseline 0.017 -38"><span class='ocrx_word' id='word_1_134' title='bbox 2017 1359 2198 1426; x_wconf 92' lang='lat' dir='ltr'>dono,</span> <span class='ocrx_word' id='word_1_135' title='bbox 2216 1378 2360 1452; x_wconf 86' lang='lat' dir='ltr'>cum</span> <span class='ocrx_word' id='word_1_136' title='bbox 2383 1366 2547 1437; x_wconf 87' lang='lat' dir='ltr'>quod</span> <span class='ocrx_word' id='word_1_137' title='bbox 2575 1384 2749 1424; x_wconf 91' lang='lat' dir='ltr'>suum</span> <span class='ocrx_word' id='word_1_138' title='bbox 2781 1378 2905 1427; x_wconf 90' lang='lat' dir='ltr'>erat</span> <span class='ocrx_word' id='word_1_139' title='bbox 2924 1389 3208 1446; x_wconf 82' lang='lat' dir='ltr'>peragere</span> <span class='ocrx_word' id='word_1_140' title='bbox 3239 1359 3546 1452; x_wconf 70' lang='lat' dir='ltr'>cogitaret,</span> <span class='ocrx_word' id='word_1_141' title='bbox 3577 1388 3670 1441; x_wconf 86' lang='lat' dir='ltr'>ut-</span> 
     </span>
    </p>
   </div>
   <div class='ocr_carea' id='block_1_26' title="bbox 2018 1451 3665 1542">
    <p class='ocr_par' dir='ltr' id='par_1_26' title="bbox 2018 1451 3665 1542">
     <span class='ocr_line' id='line_1_26' title="bbox 2018 1451 3665 1542; baseline 0.017 -39"><span class='ocrx_word' id='word_1_142' title='bbox 2018 1451 2354 1542; x_wconf 12' lang='lat' dir='ltr'>poteialiam</span> <span class='ocrx_word' id='word_1_143' title='bbox 2377 1456 3060 1527; x_wconf 89' lang='lat' dir='ltr'>quamlibethonorandi</span> <span class='ocrx_word' id='word_1_144' title='bbox 3084 1451 3335 1524; x_wconf 84' lang='lat' dir='ltr'>causam</span> <span class='ocrx_word' id='word_1_145' title='bbox 3349 1473 3665 1542; x_wconf 83' lang='lat' dir='ltr'>excedens,</span> 
     </span>
    </p>
   </div>
   <div class='ocr_carea' id='block_1_27' title="bbox 2015 1541 3670 1624">
    <p class='ocr_par' dir='ltr' id='par_1_27' title="bbox 2015 1541 3670 1624">
     <span class='ocr_line' id='line_1_27' title="bbox 2015 1541 3670 1624; baseline 0.016 -31"><span class='ocrx_word' id='word_1_146' title='bbox 2015 1541 2173 1595; x_wconf 90' lang='lat' dir='ltr'>omni</span> <span class='ocrx_word' id='word_1_147' title='bbox 2206 1543 2497 1600; x_wconf 86' lang='lat' dir='ltr'>beneﬁcio</span> <span class='ocrx_word' id='word_1_148' title='bbox 2530 1548 2746 1618; x_wconf 87' lang='lat' dir='ltr'>majus,</span> <span class='ocrx_word' id='word_1_149' title='bbox 2789 1554 2846 1606; x_wconf 91' lang='lat' dir='ltr'>et</span> <span class='ocrx_word' id='word_1_150' title='bbox 2882 1566 3021 1608; x_wconf 92' lang='lat' dir='ltr'>cum</span> <span class='ocrx_word' id='word_1_151' title='bbox 3064 1569 3171 1624; x_wconf 92' lang='lat' dir='ltr'>pro</span> <span class='ocrx_word' id='word_1_152' title='bbox 3211 1556 3310 1612; x_wconf 89' lang='lat' dir='ltr'>tali</span> <span class='ocrx_word' id='word_1_153' title='bbox 3341 1562 3572 1617; x_wconf 90' lang='lat' dir='ltr'>censeri</span> <span class='ocrx_word' id='word_1_154' title='bbox 3610 1541 3670 1621; x_wconf 84' lang='lat' dir='ltr'>et</span> 
     </span>
    </p>
   </div>
   <div class='ocr_carea' id='block_1_28' title="bbox 2014 1630 3666 1722">
    <p class='ocr_par' dir='ltr' id='par_1_28' title="bbox 2014 1630 3666 1722">
     <span class='ocr_line' id='line_1_28' title="bbox 2014 1630 3666 1722; baseline 0.015 -38"><span class='ocrx_word' id='word_1_155' title='bbox 2014 1630 2313 1722; x_wconf 77' lang='lat' dir='ltr'>nominari</span> <span class='ocrx_word' id='word_1_156' title='bbox 2340 1649 2705 1706; x_wconf 80' lang='lat' dir='ltr'>magnopere</span> <span class='ocrx_word' id='word_1_157' title='bbox 2735 1645 2994 1712; x_wconf 88' lang='lat' dir='ltr'>cuperet,</span> <span class='ocrx_word' id='word_1_158' title='bbox 3022 1641 3082 1697; x_wconf 93' lang='lat' dir='ltr'>in</span> <span class='ocrx_word' id='word_1_159' title='bbox 3119 1644 3282 1702; x_wconf 88' lang='lat' dir='ltr'>nulla</span> <span class='ocrx_word' id='word_1_160' title='bbox 3306 1663 3369 1704; x_wconf 91' lang='lat' dir='ltr'>re</span> <span class='ocrx_word' id='word_1_161' title='bbox 3399 1665 3436 1705; x_wconf 91' lang='lat' dir='ltr'>a</span> <span class='ocrx_word' id='word_1_162' title='bbox 3461 1652 3666 1722; x_wconf 83' lang='lat' dir='ltr'>primis</span> 
     </span>
    </p>
   </div>
   <div class='ocr_carea' id='block_1_29' title="bbox 303 1716 1898 1814">
    <p class='ocr_par' dir='ltr' id='par_1_29' title="bbox 303 1716 1898 1795">
     <span class='ocr_line' id='line_1_29' title="bbox 303 1716 1898 1795; baseline -0.006 -14"><span class='ocrx_word' id='word_1_163' title='bbox 303 1732 456 1781; x_wconf 86' lang='grc' dir='ltr'><strong>τείων</strong></span> <span class='ocrx_word' id='word_1_164' title='bbox 481 1726 839 1790; x_wconf 74' lang='grc' dir='ltr'>ὑπεξίσταται.</span> <span class='ocrx_word' id='word_1_165' title='bbox 897 1726 954 1779; x_wconf 85' lang='grc' dir='ltr'><strong>Εἰ</strong></span> <span class='ocrx_word' id='word_1_166' title='bbox 985 1723 1044 1779; x_wconf 74' lang='grc' dir='ltr'>δὲ</span> <span class='ocrx_word' id='word_1_167' title='bbox 1073 1734 1239 1778; x_wconf 89' lang='grc' dir='ltr'><strong>ταῦτα</strong></span> <span class='ocrx_word' id='word_1_168' title='bbox 1269 1727 1329 1777; x_wconf 88' lang='grc' dir='ltr'>οἶν</span> <span class='ocrx_word' id='word_1_169' title='bbox 1381 1742 1434 1776; x_wconf 88' lang='grc' dir='ltr'>τε</span> <span class='ocrx_word' id='word_1_170' title='bbox 1460 1729 1598 1795; x_wconf 76' lang='grc' dir='ltr'><strong>παρῇ</strong></span> <span class='ocrx_word' id='word_1_171' title='bbox 1631 1723 1698 1773; x_wconf 80' lang='grc' dir='ltr'><strong>τὰ</strong></span> <span class='ocrx_word' id='word_1_172' title='bbox 1737 1716 1898 1792; x_wconf 82' lang='grc' dir='ltr'><strong>δῶρα,</strong></span> 
     </span>
    </p>
   </div>
   <div class='ocr_carea' id='block_1_30' title="bbox 2010 1716 3668 1814">
    <p class='ocr_par' dir='ltr' id='par_1_30' title="bbox 2017 1716 3668 1814">
     <span class='ocr_line' id='line_1_30' title="bbox 2017 1716 3668 1814; baseline 0.016 -40"><span class='ocrx_word' id='word_1_173' title='bbox 2017 1718 2234 1814; x_wconf 76' lang='lat' dir='ltr'>deficit.</span> <span class='ocrx_word' id='word_1_174' title='bbox 2277 1721 2332 1814; x_wconf 83' lang='lat' dir='ltr'>Si</span> <span class='ocrx_word' id='word_1_175' title='bbox 2364 1725 2656 1814; x_wconf 84' lang='lat' dir='ltr'>ejusmodi</span> <span class='ocrx_word' id='word_1_176' title='bbox 2699 1743 2948 1785; x_wconf 89' lang='lat' dir='ltr'>munera</span> <span class='ocrx_word' id='word_1_177' title='bbox 2979 1730 3324 1803; x_wconf 78' lang='lat' dir='ltr'>efferantur,</span> <span class='ocrx_word' id='word_1_178' title='bbox 3361 1716 3668 1814; x_wconf 80' lang='lat' dir='ltr'>utcunque</span> 
     </span>
    </p>
   </div>
   <div class='ocr_carea' id='block_1_31' title="bbox 306 1809 1906 1888">
    <p class='ocr_par' dir='ltr' id='par_1_31' title="bbox 306 1809 1906 1888">
     <span class='ocr_line' id='line_1_31' title="bbox 306 1809 1906 1888; baseline -0.004 -21"><span class='ocrx_word' id='word_1_179' title='bbox 306 1815 406 1868; x_wconf 76' lang='grc' dir='ltr'>κᾶν</span> <span class='ocrx_word' id='word_1_180' title='bbox 437 1819 658 1888; x_wconf 80' lang='grc' dir='ltr'><strong>μέγιστα</strong></span> <span class='ocrx_word' id='word_1_181' title='bbox 698 1812 749 1888; x_wconf 78' lang='grc' dir='ltr'>ᾖ,</span> <span class='ocrx_word' id='word_1_182' title='bbox 797 1812 947 1868; x_wconf 67' lang='grc' dir='ltr'><strong>οὐδὲν</strong></span> <span class='ocrx_word' id='word_1_183' title='bbox 1006 1813 1168 1872; x_wconf 70' lang='grc' dir='ltr'><strong>εκείνη</strong></span> <span class='ocrx_word' id='word_1_184' title='bbox 1229 1810 1303 1866; x_wconf 82' lang='grc' dir='ltr'><strong>δι’</strong></span> <span class='ocrx_word' id='word_1_185' title='bbox 1353 1812 1521 1864; x_wconf 71' lang='grc' dir='ltr'><strong>αὐτῶν</strong></span> <span class='ocrx_word' id='word_1_186' title='bbox 1549 1809 1906 1883; x_wconf 83' lang='grc' dir='ltr'><strong>περιϐάλλεται</strong></span> 
     </span>
    </p>
   </div>
   <div class='ocr_carea' id='block_1_32' title="bbox 306 1897 1908 1978">
    <p class='ocr_par' dir='ltr' id='par_1_32' title="bbox 306 1897 1908 1978">
     <span class='ocr_line' id='line_1_32' title="bbox 306 1897 1908 1978; baseline -0.005 -20"><span class='ocrx_word' id='word_1_187' title='bbox 306 1909 461 1978; x_wconf 88' lang='grc' dir='ltr'><strong>μέγα,</strong></span> <span class='ocrx_word' id='word_1_188' title='bbox 509 1906 569 1957; x_wconf 84' lang='grc' dir='ltr'>οἷν</span> <span class='ocrx_word' id='word_1_189' title='bbox 602 1924 658 1958; x_wconf 88' lang='grc' dir='ltr'>τε</span> <span class='ocrx_word' id='word_1_190' title='bbox 712 1909 784 1978; x_wconf 74' lang='grc' dir='ltr'><strong>μὴ</strong></span> <span class='ocrx_word' id='word_1_191' title='bbox 834 1912 998 1978; x_wconf 74' lang='grc' dir='ltr'><strong>παρῇ,</strong></span> <span class='ocrx_word' id='word_1_192' title='bbox 1052 1912 1114 1977; x_wconf 80' lang='grc' dir='ltr'>τῇ</span> <span class='ocrx_word' id='word_1_193' title='bbox 1161 1907 1383 1976; x_wconf 76' lang='grc' dir='ltr'>μονώσει</span> <span class='ocrx_word' id='word_1_194' title='bbox 1429 1900 1578 1954; x_wconf 86' lang='grc' dir='ltr'><strong>πλέον</strong></span> <span class='ocrx_word' id='word_1_195' title='bbox 1632 1897 1908 1974; x_wconf 79' lang='grc' dir='ltr'><strong>ἀπαστρά-</strong></span> 
     </span>
    </p>
   </div>
   <div class='ocr_carea' id='block_1_33' title="bbox 301 1988 1906 2068">
    <p class='ocr_par' dir='ltr' id='par_1_33' title="bbox 301 1988 1906 2068">
     <span class='ocr_line' id='line_1_33' title="bbox 301 1988 1906 2068; baseline -0.004 -20"><span class='ocrx_word' id='word_1_196' title='bbox 301 2014 441 2048; x_wconf 82' lang='grc' dir='ltr'><strong>πτει.</strong></span> <span class='ocrx_word' id='word_1_197' title='bbox 485 1993 684 2068; x_wconf 87' lang='grc' dir='ltr'><strong>Ὠσπερ</strong></span> <span class='ocrx_word' id='word_1_198' title='bbox 736 1999 883 2067; x_wconf 82' lang='grc' dir='ltr'><strong>νέφος</strong></span> <span class='ocrx_word' id='word_1_199' title='bbox 921 1995 1061 2056; x_wconf 79' lang='grc' dir='ltr'><strong>ἣλιος</strong></span> <span class='ocrx_word' id='word_1_200' title='bbox 1120 1999 1213 2054; x_wconf 77' lang='grc' dir='ltr'><strong>τὴν</strong></span> <span class='ocrx_word' id='word_1_201' title='bbox 1261 1993 1387 2052; x_wconf 81' lang='grc' dir='ltr'><strong>ὕλην</strong></span> <span class='ocrx_word' id='word_1_202' title='bbox 1429 1988 1766 2064; x_wconf 71' lang='grc' dir='ltr'>διαφυγοῦσα</span> <span class='ocrx_word' id='word_1_203' title='bbox 1818 1993 1906 2042; x_wconf 83' lang='grc' dir='ltr'>καὶ</span> 
     </span>
    </p>
   </div>
   <div class='ocr_carea' id='block_1_34' title="bbox 299 2077 1906 2156">
    <p class='ocr_par' dir='ltr' id='par_1_34' title="bbox 299 2077 1906 2156">
     <span class='ocr_line' id='line_1_34' title="bbox 299 2077 1906 2156; baseline -0.003 -20"><span class='ocrx_word' id='word_1_204' title='bbox 299 2085 535 2156; x_wconf 82' lang='grc' dir='ltr'><strong>καθαρὰς</strong></span> <span class='ocrx_word' id='word_1_205' title='bbox 557 2089 645 2136; x_wconf 85' lang='grc' dir='ltr'><strong>καὶ</strong></span> <span class='ocrx_word' id='word_1_206' title='bbox 667 2083 854 2146; x_wconf 80' lang='grc' dir='ltr'><strong>ἁῦλους</strong></span> <span class='ocrx_word' id='word_1_207' title='bbox 880 2086 968 2145; x_wconf 84' lang='grc' dir='ltr'>τὰς</span> <span class='ocrx_word' id='word_1_208' title='bbox 995 2083 1161 2156; x_wconf 85' lang='grc' dir='ltr'><strong>αῦγὰς</strong></span> <span class='ocrx_word' id='word_1_209' title='bbox 1190 2091 1282 2145; x_wconf 84' lang='grc' dir='ltr'><strong>τῆς</strong></span> <span class='ocrx_word' id='word_1_210' title='bbox 1317 2081 1526 2156; x_wconf 75' lang='grc' dir='ltr'>φιλικῆς</span> <span class='ocrx_word' id='word_1_211' title='bbox 1549 2100 1647 2156; x_wconf 89' lang='grc' dir='ltr'>προ</span> <span class='ocrx_word' id='word_1_212' title='bbox 1669 2077 1752 2152; x_wconf 89' lang='grc' dir='ltr'>[σ]</span> <span class='ocrx_word' id='word_1_213' title='bbox 1785 2098 1906 2150; x_wconf 88' lang='grc' dir='ltr'><strong>αγο-</strong></span> 
     </span>
    </p>
   </div>
   <div class='ocr_carea' id='block_1_35' title="bbox 297 2168 1901 2244">
    <p class='ocr_par' dir='ltr' id='par_1_35' title="bbox 297 2168 1901 2244">
     <span class='ocr_line' id='line_1_35' title="bbox 297 2168 1901 2244; baseline -0.001 -20"><span class='ocrx_word' id='word_1_214' title='bbox 297 2173 528 2244; x_wconf 78' lang='grc' dir='ltr'><strong>ρεύσεως</strong></span> <span class='ocrx_word' id='word_1_215' title='bbox 551 2170 606 2223; x_wconf 74' lang='grc' dir='ltr'>ἐκ</span> <span class='ocrx_word' id='word_1_216' title='bbox 630 2181 718 2224; x_wconf 91' lang='grc' dir='ltr'>τοῦ</span> <span class='ocrx_word' id='word_1_217' title='bbox 769 2168 1057 2244; x_wconf 80' lang='grc' dir='ltr'><strong>δεχομένου</strong></span> <span class='ocrx_word' id='word_1_218' title='bbox 1099 2170 1394 2223; x_wconf 78' lang='grc' dir='ltr'><strong>ἀντανακλῶ</strong></span> <span class='ocrx_word' id='word_1_219' title='bbox 1422 2189 1507 2222; x_wconf 91' lang='grc' dir='ltr'><strong>σοι</strong></span> <span class='ocrx_word' id='word_1_220' title='bbox 1528 2179 1599 2240; x_wconf 81' lang='grc' dir='ltr'><strong>τῷ</strong></span> <span class='ocrx_word' id='word_1_221' title='bbox 1630 2173 1901 2240; x_wconf 74' lang='grc' dir='ltr'>πέμποντι.</span> 
     </span>
    </p>
   </div>
   <div class='ocr_carea' id='block_1_36' title="bbox 301 2253 1904 2336">
    <p class='ocr_par' dir='ltr' id='par_1_36' title="bbox 301 2253 1904 2336">
     <span class='ocr_line' id='line_1_36' title="bbox 301 2253 1904 2336; baseline -0.004 -22"><span class='ocrx_word' id='word_1_222' title='bbox 301 2265 392 2314; x_wconf 83' lang='grc' dir='ltr'>Διό</span> <span class='ocrx_word' id='word_1_223' title='bbox 433 2265 622 2334; x_wconf 75' lang='grc' dir='ltr'><strong>μηκέτι</strong></span> <span class='ocrx_word' id='word_1_224' title='bbox 653 2281 738 2314; x_wconf 91' lang='grc' dir='ltr'>σοι</span> <span class='ocrx_word' id='word_1_225' title='bbox 787 2259 968 2336; x_wconf 84' lang='grc' dir='ltr'><strong>δώρων</strong></span> <span class='ocrx_word' id='word_1_226' title='bbox 1014 2262 1206 2334; x_wconf 81' lang='grc' dir='ltr'>ἀπορίᾳ</span> <span class='ocrx_word' id='word_1_227' title='bbox 1261 2262 1292 2319; x_wconf 82' lang='grc' dir='ltr'>ἡ</span> <span class='ocrx_word' id='word_1_228' title='bbox 1352 2265 1653 2334; x_wconf 81' lang='grc' dir='ltr'>πρόσρησις</span> <span class='ocrx_word' id='word_1_229' title='bbox 1701 2253 1904 2331; x_wconf 74' lang='grc' dir='ltr'><strong>βραδυο</strong></span> 
     </span>
    </p>
   </div>
   <div class='ocr_carea' id='block_1_37' title="bbox 296 2347 1904 2424">
    <p class='ocr_par' dir='ltr' id='par_1_37' title="bbox 296 2347 1904 2424">
     <span class='ocr_line' id='line_1_37' title="bbox 296 2347 1904 2424; baseline -0.001 -24"><span class='ocrx_word' id='word_1_230' title='bbox 296 2354 446 2418; x_wconf 81' lang='grc' dir='ltr'><strong>νέτω,</strong></span> <span class='ocrx_word' id='word_1_231' title='bbox 486 2349 592 2401; x_wconf 79' lang='grc' dir='ltr'><strong>ἀλλ’</strong></span> <span class='ocrx_word' id='word_1_232' title='bbox 620 2351 948 2424; x_wconf 78' lang='grc' dir='ltr'>ἐποχουμένη</span> <span class='ocrx_word' id='word_1_233' title='bbox 1003 2359 1066 2424; x_wconf 71' lang='grc' dir='ltr'><strong>τῇ</strong></span> <span class='ocrx_word' id='word_1_234' title='bbox 1107 2347 1339 2403; x_wconf 75' lang='grc' dir='ltr'>διαθέσει</span> <span class='ocrx_word' id='word_1_235' title='bbox 1384 2355 1474 2401; x_wconf 85' lang='grc' dir='ltr'><strong>καὶ</strong></span> <span class='ocrx_word' id='word_1_236' title='bbox 1526 2351 1618 2410; x_wconf 83' lang='grc' dir='ltr'>τὰς</span> <span class='ocrx_word' id='word_1_237' title='bbox 1658 2353 1755 2409; x_wconf 81' lang='grc' dir='ltr'><strong>σὰς</strong></span> <span class='ocrx_word' id='word_1_238' title='bbox 1786 2367 1904 2400; x_wconf 85' lang='grc' dir='ltr'><strong>συν-</strong></span> 
     </span>
    </p>
   </div>
   <div class='ocr_carea' id='block_1_38' title="bbox 301 2438 1900 2514">
    <p class='ocr_par' dir='ltr' id='par_1_38' title="bbox 301 2438 1900 2514">
     <span class='ocr_line' id='line_1_38' title="bbox 301 2438 1900 2514; baseline -0.001 -23"><span class='ocrx_word' id='word_1_239' title='bbox 301 2440 688 2512; x_wconf 78' lang='grc' dir='ltr'><strong>επικομίζουσα</strong></span> <span class='ocrx_word' id='word_1_240' title='bbox 742 2442 919 2514; x_wconf 80' lang='grc' dir='ltr'><strong>ὑγείας</strong></span> <span class='ocrx_word' id='word_1_241' title='bbox 997 2443 1178 2494; x_wconf 84' lang='grc' dir='ltr'><strong>θᾶττον</strong></span> <span class='ocrx_word' id='word_1_242' title='bbox 1235 2438 1566 2512; x_wconf 79' lang='grc' dir='ltr'><strong>ἀφικνείσθω.</strong></span> <span class='ocrx_word' id='word_1_243' title='bbox 1651 2438 1725 2490; x_wconf 68' lang='grc' dir='ltr'>Οὐ</span> <span class='ocrx_word' id='word_1_244' title='bbox 1802 2441 1900 2512; x_wconf 81' lang='grc' dir='ltr'><strong>γὰρ</strong></span> 
     </span>
    </p>
   </div>
   <div class='ocr_carea' id='block_1_39' title="bbox 296 2524 1902 2602">
    <p class='ocr_par' dir='ltr' id='par_1_39' title="bbox 296 2524 1902 2602">
     <span class='ocr_line' id='line_1_39' title="bbox 296 2524 1902 2602; baseline -0.001 -21"><span class='ocrx_word' id='word_1_245' title='bbox 296 2531 463 2594; x_wconf 82' lang='grc' dir='ltr'><strong>ἔστιν,</strong></span> <span class='ocrx_word' id='word_1_246' title='bbox 495 2529 590 2582; x_wconf 76' lang='grc' dir='ltr'><strong>οὐκ</strong></span> <span class='ocrx_word' id='word_1_247' title='bbox 621 2531 760 2582; x_wconf 81' lang='grc' dir='ltr'><strong>ἔστιν</strong></span> <span class='ocrx_word' id='word_1_248' title='bbox 785 2527 899 2582; x_wconf 77' lang='grc' dir='ltr'><strong>οὐδ’</strong></span> <span class='ocrx_word' id='word_1_249' title='bbox 927 2530 985 2582; x_wconf 80' lang='grc' dir='ltr'>οῦ</span> <span class='ocrx_word' id='word_1_250' title='bbox 1025 2535 1096 2602; x_wconf 85' lang='grc' dir='ltr'><strong>μὴ</strong></span> <span class='ocrx_word' id='word_1_251' title='bbox 1144 2532 1313 2582; x_wconf 79' lang='grc' dir='ltr'><strong>ἔσοιτο</strong></span> <span class='ocrx_word' id='word_1_252' title='bbox 1344 2535 1438 2588; x_wconf 82' lang='grc' dir='ltr'><strong>τῆς</strong></span> <span class='ocrx_word' id='word_1_253' title='bbox 1470 2524 1543 2580; x_wconf 85' lang='grc' dir='ltr'><strong>δι’</strong></span> <span class='ocrx_word' id='word_1_254' title='bbox 1579 2527 1737 2590; x_wconf 71' lang='grc' dir='ltr'><strong>αὐτῆς</strong></span> <span class='ocrx_word' id='word_1_255' title='bbox 1778 2530 1902 2600; x_wconf 83' lang='grc' dir='ltr'><strong>ἡμῖν</strong></span> 
     </span>
    </p>
   </div>
   <div class='ocr_carea' id='block_1_40' title="bbox 297 2614 1899 2694">
    <p class='ocr_par' dir='ltr' id='par_1_40' title="bbox 297 2614 1899 2694">
     <span class='ocr_line' id='line_1_40' title="bbox 297 2614 1899 2694; baseline 0.001 -24"><span class='ocrx_word' id='word_1_256' title='bbox 297 2617 628 2691; x_wconf 70' lang='grc' dir='ltr'>ἐγγινομένης</span> <span class='ocrx_word' id='word_1_257' title='bbox 676 2625 852 2694; x_wconf 86' lang='grc' dir='ltr'><strong>χαρᾶς</strong></span> <span class='ocrx_word' id='word_1_258' title='bbox 894 2624 984 2672; x_wconf 83' lang='grc' dir='ltr'><strong>καὶ</strong></span> <span class='ocrx_word' id='word_1_259' title='bbox 1031 2615 1297 2692; x_wconf 80' lang='grc' dir='ltr'>θυμηδίας</span> <span class='ocrx_word' id='word_1_260' title='bbox 1323 2614 1472 2671; x_wconf 73' lang='grc' dir='ltr'><strong>οῦδὲν</strong></span> <span class='ocrx_word' id='word_1_261' title='bbox 1505 2625 1601 2671; x_wconf 89' lang='grc' dir='ltr'>τῶν</span> <span class='ocrx_word' id='word_1_262' title='bbox 1633 2623 1899 2690; x_wconf 81' lang='grc' dir='ltr'><strong>περιγείων</strong></span> 
     </span>
    </p>
   </div>
   <div class='ocr_carea' id='block_1_41' title="bbox 296 2704 914 2785">
    <p class='ocr_par' dir='ltr' id='par_1_41' title="bbox 296 2704 914 2785">
     <span class='ocr_line' id='line_1_41' title="bbox 296 2704 914 2785; baseline 0.002 -24"><span class='ocrx_word' id='word_1_263' title='bbox 296 2704 468 2784; x_wconf 85' lang='grc' dir='ltr'><strong>δῶρον</strong></span> <span class='ocrx_word' id='word_1_264' title='bbox 497 2719 522 2750; x_wconf 75' lang='grc'>⁸</span> <span class='ocrx_word' id='word_1_265' title='bbox 552 2713 914 2785; x_wconf 75' lang='grc' dir='ltr'>χαριέστερον.</span> 
     </span>
    </p>
   </div>
   <div class='ocr_carea' id='block_1_42' title="bbox 923 2887 1292 2943">
    <p class='ocr_par' dir='ltr' id='par_1_42' title="bbox 923 2887 1292 2943">
     <span class='ocr_line' id='line_1_42' title="bbox 923 2887 1292 2943; baseline 0.003 -2"><span class='ocrx_word' id='word_1_266' title='bbox 923 2894 1136 2941; x_wconf 84' lang='grc' dir='ltr'><strong>ΕΠΙΣΤ.</strong></span> <span class='ocrx_word' id='word_1_267' title='bbox 1176 2887 1292 2943; x_wconf 68' lang='lat' dir='ltr'>EI&quot;.</span> 
     </span>
    </p>
   </div>
   <div class='ocr_carea' id='block_1_43' title="bbox 648 2973 1712 3052">
    <p class='ocr_par' dir='ltr' id='par_1_43' title="bbox 648 2973 1712 3052">
     <span class='ocr_line' id='line_1_43' title="bbox 648 2973 1712 3052; baseline -0.002 -22"><span class='ocrx_word' id='word_1_268' title='bbox 648 2982 913 3052; x_wconf 84' lang='grc' dir='ltr'><strong>Πατρικίῳ</strong></span> <span class='ocrx_word' id='word_1_269' title='bbox 1011 2973 1216 3052; x_wconf 78' lang='grc' dir='ltr'>ἀδελφῷ</span> <span class='ocrx_word' id='word_1_270' title='bbox 1303 2979 1712 3050; x_wconf 78' lang='grc' dir='ltr'><strong>παραμυθητικὴ</strong></span> 
     </span>
    </p>
   </div>
   <div class='ocr_carea' id='block_1_44' title="bbox 819 3051 1362 3122">
    <p class='ocr_par' dir='ltr' id='par_1_44' title="bbox 819 3051 1362 3122">
     <span class='ocr_line' id='line_1_44' title="bbox 819 3051 1362 3122; baseline -0.006 -20"><span class='ocrx_word' id='word_1_271' title='bbox 819 3051 1037 3122; x_wconf 81' lang='grc' dir='ltr'><strong>θυγατρὶ</strong></span> <span class='ocrx_word' id='word_1_272' title='bbox 1065 3051 1362 3121; x_wconf 76' lang='grc' dir='ltr'><strong>τεθνηκυίᾳ.</strong></span> 
     </span>
    </p>
   </div>
   <div class='ocr_carea' id='block_1_45' title="bbox 290 2977 1898 3048">
    <p class='ocr_par' dir='ltr' id='par_1_45' title="bbox 290 2977 1898 3048">
     <span class='ocr_line' id='line_1_45' title="bbox 290 2977 1898 3048; baseline 0.001 -19"><span class='ocrx_word' id='word_1_273' title='bbox 290 2980 544 3048; x_wconf 84' lang='grc' dir='ltr'><strong>Ταρασίῳ</strong></span> <span class='ocrx_word' id='word_1_274' title='bbox 648 2982 913 3048; x_wconf 87' lang='grc' dir='ltr'>Πατρικίῳ</span> <span class='ocrx_word' id='word_1_275' title='bbox 1011 2977 1216 3048; x_wconf 77' lang='grc' dir='ltr'>ἀδελφῷ</span> <span class='ocrx_word' id='word_1_276' title='bbox 1303 2979 1712 3048; x_wconf 78' lang='grc' dir='ltr'><strong>παραμυθητικὴ</strong></span> <span class='ocrx_word' id='word_1_277' title='bbox 1814 2977 1898 3031; x_wconf 75' lang='grc' dir='ltr'>ἐπὶ</span> 
     </span>
    </p>
   </div>
   <div class='ocr_carea' id='block_1_46' title="bbox 2015 1808 3670 1888">
    <p class='ocr_par' dir='ltr' id='par_1_46' title="bbox 2015 1808 3670 1888">
     <span class='ocr_line' id='line_1_46' title="bbox 2015 1808 3670 1888; baseline 0.015 -24"><span class='ocrx_word' id='word_1_278' title='bbox 2015 1808 2234 1867; x_wconf 88' lang='lat' dir='ltr'>eximia</span> <span class='ocrx_word' id='word_1_279' title='bbox 2260 1813 2396 1878; x_wconf 90' lang='lat' dir='ltr'>sint,</span> <span class='ocrx_word' id='word_1_280' title='bbox 2430 1813 2572 1868; x_wconf 88' lang='lat' dir='ltr'>nihil</span> <span class='ocrx_word' id='word_1_281' title='bbox 2598 1831 2703 1886; x_wconf 90' lang='lat' dir='ltr'>per</span> <span class='ocrx_word' id='word_1_282' title='bbox 2731 1815 2833 1872; x_wconf 91' lang='lat' dir='ltr'>illa</span> <span class='ocrx_word' id='word_1_283' title='bbox 2872 1823 3072 1875; x_wconf 87' lang='lat' dir='ltr'>tamen</span> <span class='ocrx_word' id='word_1_284' title='bbox 3105 1822 3394 1882; x_wconf 82' lang='lat' dir='ltr'>voluntati</span> <span class='ocrx_word' id='word_1_285' title='bbox 3425 1808 3670 1888; x_wconf 75' lang='lat' dir='ltr'>accedet</span> 
     </span>
    </p>
   </div>
   <div class='ocr_carea' id='block_1_47' title="bbox 2017 1901 3670 1987">
    <p class='ocr_par' dir='ltr' id='par_1_47' title="bbox 2017 1901 3670 1987">
     <span class='ocr_line' id='line_1_47' title="bbox 2017 1901 3670 1987; baseline 0.015 -34"><span class='ocrx_word' id='word_1_286' title='bbox 2017 1914 2329 1970; x_wconf 89' lang='lat' dir='ltr'>magnum,</span> <span class='ocrx_word' id='word_1_287' title='bbox 2361 1901 2472 1958; x_wconf 89' lang='lat' dir='ltr'>nisi</span> <span class='ocrx_word' id='word_1_288' title='bbox 2502 1907 2558 1958; x_wconf 90' lang='lat' dir='ltr'>et</span> <span class='ocrx_word' id='word_1_289' title='bbox 2588 1902 2687 1960; x_wconf 91' lang='lat' dir='ltr'>illa</span> <span class='ocrx_word' id='word_1_290' title='bbox 2726 1906 2884 1961; x_wconf 83' lang='lat' dir='ltr'>adsit</span> <span class='ocrx_word' id='word_1_291' title='bbox 2909 1924 2925 1973; x_wconf 87' lang='lat'>;</span> <span class='ocrx_word' id='word_1_292' title='bbox 2961 1908 3280 1968; x_wconf 86' lang='lat' dir='ltr'>solitudine</span> <span class='ocrx_word' id='word_1_293' title='bbox 3311 1919 3508 1987; x_wconf 89' lang='lat' dir='ltr'>magis</span> <span class='ocrx_word' id='word_1_294' title='bbox 3538 1919 3670 1976; x_wconf 91' lang='lat' dir='ltr'>illu-</span> 
     </span>
    </p>
   </div>
   <div class='ocr_carea' id='block_1_48' title="bbox 2015 1990 3666 2066">
    <p class='ocr_par' dir='ltr' id='par_1_48' title="bbox 2015 1990 3666 2066">
     <span class='ocr_line' id='line_1_48' title="bbox 2015 1990 3666 2066; baseline 0.015 -23"><span class='ocrx_word' id='word_1_295' title='bbox 2015 1992 2261 2045; x_wconf 88' lang='lat' dir='ltr'>stratur:</span> <span class='ocrx_word' id='word_1_296' title='bbox 2285 1994 2346 2045; x_wconf 92' lang='lat' dir='ltr'>ut</span> <span class='ocrx_word' id='word_1_297' title='bbox 2369 1990 2459 2047; x_wconf 90' lang='lat' dir='ltr'>sol</span> <span class='ocrx_word' id='word_1_298' title='bbox 2480 2008 2513 2047; x_wconf 91' lang='lat' dir='ltr'>a</span> <span class='ocrx_word' id='word_1_299' title='bbox 2532 1993 2691 2050; x_wconf 91' lang='lat' dir='ltr'>nube</span> <span class='ocrx_word' id='word_1_300' title='bbox 2711 1995 3065 2064; x_wconf 90' lang='lat' dir='ltr'>subductus,</span> <span class='ocrx_word' id='word_1_301' title='bbox 3093 2005 3146 2056; x_wconf 89' lang='lat' dir='ltr'>et</span> <span class='ocrx_word' id='word_1_302' title='bbox 3167 2005 3482 2062; x_wconf 86' lang='lat' dir='ltr'>materiam</span> <span class='ocrx_word' id='word_1_303' title='bbox 3499 2007 3666 2066; x_wconf 87' lang='lat' dir='ltr'>illam</span> 
     </span>
    </p>
   </div>
   <div class='ocr_carea' id='block_1_49' title="bbox 2013 2077 3662 2156">
    <p class='ocr_par' dir='ltr' id='par_1_49' title="bbox 2013 2077 3662 2156">
     <span class='ocr_line' id='line_1_49' title="bbox 2013 2077 3662 2156; baseline 0.013 -22"><span class='ocrx_word' id='word_1_304' title='bbox 2013 2077 2356 2151; x_wconf 86' lang='lat' dir='ltr'>dispellens,</span> <span class='ocrx_word' id='word_1_305' title='bbox 2397 2080 2628 2154; x_wconf 85' lang='lat' dir='ltr'>illimes,</span> <span class='ocrx_word' id='word_1_306' title='bbox 2670 2089 2726 2139; x_wconf 92' lang='lat' dir='ltr'>et</span> <span class='ocrx_word' id='word_1_307' title='bbox 2773 2101 2956 2156; x_wconf 90' lang='lat' dir='ltr'>puros</span> <span class='ocrx_word' id='word_1_308' title='bbox 2991 2092 3047 2144; x_wconf 90' lang='lat' dir='ltr'>et</span> <span class='ocrx_word' id='word_1_309' title='bbox 3085 2090 3408 2150; x_wconf 67' lang='lat' dir='ltr'>defaecatos</span> <span class='ocrx_word' id='word_1_310' title='bbox 3450 2097 3662 2156; x_wconf 68' lang='lat' dir='ltr'>amicas</span> 
     </span>
    </p>
   </div>
   <div class='ocr_carea' id='block_1_50' title="bbox 2013 2169 3667 2250">
    <p class='ocr_par' dir='ltr' id='par_1_50' title="bbox 2013 2169 3667 2250">
     <span class='ocr_line' id='line_1_50' title="bbox 2013 2169 3667 2250; baseline 0.013 -27"><span class='ocrx_word' id='word_1_311' title='bbox 2013 2169 2488 2242; x_wconf 89' lang='lat' dir='ltr'>compellationis</span> <span class='ocrx_word' id='word_1_312' title='bbox 2516 2171 2741 2237; x_wconf 90' lang='lat' dir='ltr'>radios,</span> <span class='ocrx_word' id='word_1_313' title='bbox 2776 2174 2853 2230; x_wconf 92' lang='lat' dir='ltr'>ab</span> <span class='ocrx_word' id='word_1_314' title='bbox 2883 2177 3210 2250; x_wconf 88' lang='lat' dir='ltr'>accipiente</span> <span class='ocrx_word' id='word_1_315' title='bbox 3237 2181 3522 2242; x_wconf 76' lang='lat' dir='ltr'>retractos</span> <span class='ocrx_word' id='word_1_316' title='bbox 3561 2186 3667 2244; x_wconf 85' lang='lat' dir='ltr'>ad-</span> 
     </span>
    </p>
   </div>
   <div class='ocr_carea' id='block_1_51' title="bbox 2014 2259 3666 2348">
    <p class='ocr_par' dir='ltr' id='par_1_51' title="bbox 2014 2259 3666 2348">
     <span class='ocr_line' id='line_1_51' title="bbox 2014 2259 3666 2348; baseline 0.012 -36"><span class='ocrx_word' id='word_1_317' title='bbox 2014 2259 2341 2315; x_wconf 90' lang='lat' dir='ltr'>mittentem</span> <span class='ocrx_word' id='word_1_318' title='bbox 2384 2260 2643 2317; x_wconf 90' lang='lat' dir='ltr'>mittunt.</span> <span class='ocrx_word' id='word_1_319' title='bbox 2701 2264 2894 2328; x_wconf 86' lang='lat' dir='ltr'><strong>Quare</strong></span> <span class='ocrx_word' id='word_1_320' title='bbox 2956 2281 3078 2322; x_wconf 93' lang='lat' dir='ltr'>non</span> <span class='ocrx_word' id='word_1_321' title='bbox 3146 2269 3390 2328; x_wconf 90' lang='lat' dir='ltr'>ulterius</span> <span class='ocrx_word' id='word_1_322' title='bbox 3431 2282 3666 2348; x_wconf 86' lang='lat' dir='ltr'>propter</span> 
     </span>
    </p>
   </div>
   <div class='ocr_carea' id='block_1_52' title="bbox 2015 2349 3665 2423">
    <p class='ocr_par' dir='ltr' id='par_1_52' title="bbox 2015 2349 3665 2423">
     <span class='ocr_line' id='line_1_52' title="bbox 2015 2349 3665 2423; baseline 0.012 -19"><span class='ocrx_word' id='word_1_323' title='bbox 2015 2365 2333 2405; x_wconf 88' lang='lat' dir='ltr'>munerum</span> <span class='ocrx_word' id='word_1_324' title='bbox 2360 2349 2744 2420; x_wconf 83' lang='lat' dir='ltr'>indigentiam</span> <span class='ocrx_word' id='word_1_325' title='bbox 2772 2353 2940 2410; x_wconf 81' lang='lat' dir='ltr'>affari</span> <span class='ocrx_word' id='word_1_326' title='bbox 2971 2361 3023 2412; x_wconf 91' lang='lat' dir='ltr'>te</span> <span class='ocrx_word' id='word_1_327' title='bbox 3057 2357 3324 2416; x_wconf 87' lang='lat' dir='ltr'>tardabo.</span> <span class='ocrx_word' id='word_1_328' title='bbox 3356 2363 3472 2420; x_wconf 91' lang='lat' dir='ltr'>Sed</span> <span class='ocrx_word' id='word_1_329' title='bbox 3501 2364 3665 2423; x_wconf 88' lang='lat' dir='ltr'>salu-</span> 
     </span>
    </p>
   </div>
   <div class='ocr_carea' id='block_1_53' title="bbox 2015 2439 3664 2528">
    <p class='ocr_par' dir='ltr' id='par_1_53' title="bbox 2015 2439 3664 2528">
     <span class='ocr_line' id='line_1_53' title="bbox 2015 2439 3664 2528; baseline 0.011 -35"><span class='ocrx_word' id='word_1_330' title='bbox 2015 2439 2150 2494; x_wconf 87' lang='lat' dir='ltr'>tatio</span> <span class='ocrx_word' id='word_1_331' title='bbox 2169 2440 2224 2494; x_wconf 91' lang='lat' dir='ltr'>iu</span> <span class='ocrx_word' id='word_1_332' title='bbox 2255 2439 2438 2494; x_wconf 88' lang='lat' dir='ltr'>animi</span> <span class='ocrx_word' id='word_1_333' title='bbox 2462 2439 2673 2496; x_wconf 64' lang='lat' dir='ltr'>affectu</span> <span class='ocrx_word' id='word_1_334' title='bbox 2698 2449 2921 2509; x_wconf 86' lang='lat' dir='ltr'>evecta,</span> <span class='ocrx_word' id='word_1_335' title='bbox 2943 2450 2996 2500; x_wconf 92' lang='lat' dir='ltr'>et</span> <span class='ocrx_word' id='word_1_336' title='bbox 3025 2462 3145 2504; x_wconf 91' lang='lat' dir='ltr'>una</span> <span class='ocrx_word' id='word_1_337' title='bbox 3167 2464 3372 2506; x_wconf 90' lang='lat' dir='ltr'>secum</span> <span class='ocrx_word' id='word_1_338' title='bbox 3403 2456 3534 2510; x_wconf 89' lang='lat' dir='ltr'>tuas</span> <span class='ocrx_word' id='word_1_339' title='bbox 3558 2470 3664 2528; x_wconf 90' lang='lat' dir='ltr'>ap-</span> 
     </span>
    </p>
   </div>
   <div class='ocr_carea' id='block_1_54' title="bbox 2012 2527 3664 2611">
    <p class='ocr_par' dir='ltr' id='par_1_54' title="bbox 2012 2527 3664 2611">
     <span class='ocr_line' id='line_1_54' title="bbox 2012 2527 3664 2611; baseline 0.012 -29"><span class='ocrx_word' id='word_1_340' title='bbox 2012 2535 2256 2600; x_wconf 90' lang='lat' dir='ltr'>portans</span> <span class='ocrx_word' id='word_1_341' title='bbox 2289 2527 2693 2597; x_wconf 86' lang='lat' dir='ltr'>salutationes,</span> <span class='ocrx_word' id='word_1_342' title='bbox 2727 2531 2899 2588; x_wconf 90' lang='lat' dir='ltr'>citius</span> <span class='ocrx_word' id='word_1_343' title='bbox 2934 2534 3173 2593; x_wconf 87' lang='lat' dir='ltr'>advolet</span> <span class='ocrx_word' id='word_1_344' title='bbox 3214 2555 3227 2593; x_wconf 92' lang='lat'><strong>:</strong></span> <span class='ocrx_word' id='word_1_345' title='bbox 3263 2556 3384 2596; x_wconf 91' lang='lat' dir='ltr'>non</span> <span class='ocrx_word' id='word_1_346' title='bbox 3417 2549 3523 2611; x_wconf 89' lang='lat' dir='ltr'>est,</span> <span class='ocrx_word' id='word_1_347' title='bbox 3550 2527 3664 2602; x_wconf 82' lang='lat' dir='ltr'>nec</span> 
     </span>
    </p>
   </div>
   <div class='ocr_carea' id='block_1_55' title="bbox 2009 2617 3662 2701">
    <p class='ocr_par' dir='ltr' id='par_1_55' title="bbox 2009 2617 3662 2701">
     <span class='ocr_line' id='line_1_55' title="bbox 2009 2617 3662 2701; baseline 0.011 -29"><span class='ocrx_word' id='word_1_348' title='bbox 2009 2617 2114 2674; x_wconf 89' lang='lat' dir='ltr'>erit</span> <span class='ocrx_word' id='word_1_349' title='bbox 2140 2624 2504 2674; x_wconf 90' lang='lat' dir='ltr'>terrenorum</span> <span class='ocrx_word' id='word_1_350' title='bbox 2518 2618 2817 2676; x_wconf 90' lang='lat' dir='ltr'>donorum</span> <span class='ocrx_word' id='word_1_351' title='bbox 2831 2621 3072 2695; x_wconf 86' lang='lat' dir='ltr'>aliquod</span> <span class='ocrx_word' id='word_1_352' title='bbox 3096 2630 3286 2698; x_wconf 90' lang='lat' dir='ltr'>magis</span> <span class='ocrx_word' id='word_1_353' title='bbox 3297 2629 3320 2701; x_wconf 89' lang='lat' dir='ltr'>j</span> <span class='ocrx_word' id='word_1_354' title='bbox 3332 2633 3529 2688; x_wconf 92' lang='lat' dir='ltr'>ucund</span> <span class='ocrx_word' id='word_1_355' title='bbox 3539 2650 3662 2700; x_wconf 88' lang='lat' dir='ltr'>um,</span> 
     </span>
    </p>
   </div>
   <div class='ocr_carea' id='block_1_56' title="bbox 2008 2707 3663 2797">
    <p class='ocr_par' dir='ltr' id='par_1_56' title="bbox 2008 2707 3663 2797">
     <span class='ocr_line' id='line_1_56' title="bbox 2008 2707 3663 2797; baseline 0.01 -34"><span class='ocrx_word' id='word_1_356' title='bbox 2008 2714 2112 2763; x_wconf 89' lang='lat' dir='ltr'>aut</span> <span class='ocrx_word' id='word_1_357' title='bbox 2131 2707 2297 2780; x_wconf 90' lang='lat' dir='ltr'>quod</span> <span class='ocrx_word' id='word_1_358' title='bbox 2323 2707 2782 2766; x_wconf 84' lang='lat' dir='ltr'>oblectationem</span> <span class='ocrx_word' id='word_1_359' title='bbox 2806 2713 3100 2785; x_wconf 90' lang='lat' dir='ltr'><strong>majorem</strong></span> <span class='ocrx_word' id='word_1_360' title='bbox 3121 2723 3178 2774; x_wconf 91' lang='lat' dir='ltr'>et</span> <span class='ocrx_word' id='word_1_361' title='bbox 3199 2719 3494 2788; x_wconf 82' lang='lat' dir='ltr'>gaudium</span> <span class='ocrx_word' id='word_1_362' title='bbox 3517 2738 3663 2797; x_wconf 89' lang='lat' dir='ltr'>ope-</span> 
     </span>
    </p>
   </div>
   <div class='ocr_carea' id='block_1_57' title="bbox 2006 2803 2184 2854">
    <p class='ocr_par' dir='ltr' id='par_1_57' title="bbox 2006 2803 2184 2854">
     <span class='ocr_line' id='line_1_57' title="bbox 2006 2803 2184 2854; baseline 0.011 -2"><span class='ocrx_word' id='word_1_363' title='bbox 2006 2803 2184 2854; x_wconf 91' lang='lat' dir='ltr'>retur.</span> 
     </span>
    </p>
   </div>
   <div class='ocr_carea' id='block_1_58' title="bbox 2613 2889 3048 2950">
    <p class='ocr_par' dir='ltr' id='par_1_58' title="bbox 2613 2889 3048 2950">
     <span class='ocr_line' id='line_1_58' title="bbox 2613 2889 3048 2950; baseline 0.011 -6"><span class='ocrx_word' id='word_1_364' title='bbox 2613 2889 2821 2946; x_wconf 90' lang='lat' dir='ltr'>EPIST.</span> <span class='ocrx_word' id='word_1_365' title='bbox 2865 2893 3048 2950; x_wconf 87' lang='lat' dir='ltr'>LXIII.</span> 
     </span>
    </p>
   </div>
   <div class='ocr_carea' id='block_1_59' title="bbox 2016 2977 3662 3106">
    <p class='ocr_par' dir='ltr' id='par_1_59' title="bbox 2016 2977 3662 3106">
     <span class='ocr_line' id='line_1_59' title="bbox 2016 2977 3662 3106; baseline 0.01 -74"><span class='ocrx_word' id='word_1_366' title='bbox 2016 2977 2261 3034; x_wconf 82' lang='lat' dir='ltr'>Tarasio</span> <span class='ocrx_word' id='word_1_367' title='bbox 2281 2977 2553 3049; x_wconf 81' lang='lat' dir='ltr'>patricio,</span> <span class='ocrx_word' id='word_1_368' title='bbox 2571 2977 2782 3106; x_wconf 47' lang='lat' dir='ltr'>fratri,</span> <span class='ocrx_word' id='word_1_369' title='bbox 2811 2979 2884 3062; x_wconf 66' lang='lat' dir='ltr'>de</span> <span class='ocrx_word' id='word_1_370' title='bbox 2906 2981 3073 3038; x_wconf 82' lang='lat' dir='ltr'>obitu</span> <span class='ocrx_word' id='word_1_371' title='bbox 3094 2983 3241 3052; x_wconf 66' lang='lat' dir='ltr'>ﬁliai</span> <span class='ocrx_word' id='word_1_372' title='bbox 3259 3001 3380 3044; x_wconf 57' lang='lat' dir='ltr'>sua</span> <span class='ocrx_word' id='word_1_373' title='bbox 3399 2991 3662 3049; x_wconf 82' lang='lat' dir='ltr'>consola-</span> 
     </span>
     <span class='ocr_line' id='line_1_60' title="bbox 2770 3065 2920 3106; baseline 0 0"><span class='ocrx_word' id='word_1_374' title='bbox 2770 3065 2920 3106; x_wconf 77' lang='lat' dir='ltr'>ama.</span> 
     </span>
    </p>
   </div>
   <div class='ocr_carea' id='block_1_60' title="bbox 2770 3065 2920 3108">
    <p class='ocr_par' dir='ltr' id='par_1_60' title="bbox 2770 3065 2920 3108">
     <span class='ocr_line' id='line_1_61' title="bbox 2770 3065 2920 3108; baseline 0 -2"><span class='ocrx_word' id='word_1_375' title='bbox 2770 3065 2920 3108; x_wconf 73' lang='lat' dir='ltr'>orta.</span> 
     </span>
    </p>
   </div>
   <div class='ocr_carea' id='block_1_61' title="bbox 1552 3173 2378 3240">
    <p class='ocr_par' dir='ltr' id='par_1_61' title="bbox 1552 3173 2378 3240">
     <span class='ocr_line' id='line_1_62' title="bbox 1552 3173 2378 3240; baseline 0.001 -18"><span class='ocrx_word' id='word_1_376' title='bbox 1552 3173 1826 3225; x_wconf 88' lang='lat' dir='ltr'>Montacut</span> <span class='ocrx_word' id='word_1_377' title='bbox 1861 3177 1964 3240; x_wconf 89' lang='lat' dir='ltr'>(ep.</span> <span class='ocrx_word' id='word_1_378' title='bbox 1998 3177 2108 3233; x_wconf 67' lang='lat'>234,</span> <span class='ocrx_word' id='word_1_379' title='bbox 2145 3189 2202 3239; x_wconf 90' lang='lat' dir='ltr'>p.</span> <span class='ocrx_word' id='word_1_380' title='bbox 2243 3173 2378 3232; x_wconf 77' lang='grc'>347).</span> 
     </span>
    </p>
   </div>
   <div class='ocr_carea' id='block_1_62' title="bbox 365 3286 1887 3356">
    <p class='ocr_par' dir='ltr' id='par_1_62' title="bbox 365 3286 1887 3356">
     <span class='ocr_line' id='line_1_63' title="bbox 365 3286 1887 3356; baseline -0.003 -6"><span class='ocrx_word' id='word_1_381' title='bbox 365 3295 435 3350; x_wconf 77' lang='grc' dir='ltr'><strong>Ὠ</strong></span> <span class='ocrx_word' id='word_1_382' title='bbox 462 3301 561 3348; x_wconf 90' lang='grc' dir='ltr'>ποῦ</span> <span class='ocrx_word' id='word_1_383' title='bbox 579 3300 668 3345; x_wconf 90' lang='grc' dir='ltr'>νῦν</span> <span class='ocrx_word' id='word_1_384' title='bbox 689 3290 867 3351; x_wconf 87' lang='grc' dir='ltr'><strong>Ἠλίας</strong></span> <span class='ocrx_word' id='word_1_385' title='bbox 896 3305 911 3356; x_wconf 82' lang='lat'><strong>;</strong></span> <span class='ocrx_word' id='word_1_386' title='bbox 965 3295 1068 3342; x_wconf 90' lang='grc' dir='ltr'>ποῦ</span> <span class='ocrx_word' id='word_1_387' title='bbox 1098 3286 1157 3342; x_wconf 67' lang='grc' dir='ltr'>δὲ</span> <span class='ocrx_word' id='word_1_388' title='bbox 1221 3288 1516 3350; x_wconf 88' lang='grc' dir='ltr'><strong>Ἐλισσαῖος</strong></span> <span class='ocrx_word' id='word_1_389' title='bbox 1542 3305 1555 3354; x_wconf 89' lang='grc'>;</span> <span class='ocrx_word' id='word_1_390' title='bbox 1585 3297 1684 3342; x_wconf 91' lang='grc' dir='ltr'>ποῦ</span> <span class='ocrx_word' id='word_1_391' title='bbox 1707 3287 1742 3344; x_wconf 85' lang='grc' dir='ltr'>δ</span> <span class='ocrx_word' id='word_1_392' title='bbox 1745 3295 1766 3344; x_wconf 81' lang='lat' dir='ltr'>‘s</span> <span class='ocrx_word' id='word_1_393' title='bbox 1799 3295 1887 3344; x_wconf 72' lang='lat'>[13&#39;-</span> 
     </span>
    </p>
   </div>
   <div class='ocr_carea' id='block_1_63' title="bbox 290 3379 1890 3459">
    <p class='ocr_par' dir='ltr' id='par_1_63' title="bbox 290 3379 1890 3459">
     <span class='ocr_line' id='line_1_64' title="bbox 290 3379 1890 3459; baseline -0.003 -21"><span class='ocrx_word' id='word_1_394' title='bbox 290 3405 436 3459; x_wconf 86' lang='grc' dir='ltr'><strong>τρος,</strong></span> <span class='ocrx_word' id='word_1_395' title='bbox 466 3386 496 3444; x_wconf 78' lang='grc' dir='ltr'><strong>ἣ</strong></span> <span class='ocrx_word' id='word_1_396' title='bbox 539 3381 762 3446; x_wconf 83' lang='grc' dir='ltr'>Παῦλος,</span> <span class='ocrx_word' id='word_1_397' title='bbox 819 3383 849 3438; x_wconf 74' lang='grc' dir='ltr'><strong>ἦ</strong></span> <span class='ocrx_word' id='word_1_398' title='bbox 905 3398 1038 3440; x_wconf 91' lang='grc' dir='ltr'><strong>τινες</strong></span> <span class='ocrx_word' id='word_1_399' title='bbox 1083 3387 1184 3430; x_wconf 90' lang='grc' dir='ltr'>τῶν</span> <span class='ocrx_word' id='word_1_400' title='bbox 1233 3379 1348 3431; x_wconf 83' lang='grc' dir='ltr'><strong>κατ’</strong></span> <span class='ocrx_word' id='word_1_401' title='bbox 1381 3381 1603 3442; x_wconf 80' lang='grc' dir='ltr'><strong>ἔκείνους</strong></span> <span class='ocrx_word' id='word_1_402' title='bbox 1630 3382 1774 3453; x_wconf 83' lang='grc' dir='ltr'><strong>ἱερῶν</strong></span> <span class='ocrx_word' id='word_1_403' title='bbox 1799 3381 1890 3434; x_wconf 81' lang='grc' dir='ltr'>καί</span> 
     </span>
    </p>
   </div>
   <div class='ocr_carea' id='block_1_64' title="bbox 288 3466 1888 3547">
    <p class='ocr_par' dir='ltr' id='par_1_64' title="bbox 288 3466 1888 3547">
     <span class='ocr_line' id='line_1_65' title="bbox 288 3466 1888 3547; baseline -0.004 -19"><span class='ocrx_word' id='word_1_404' title='bbox 288 3477 456 3547; x_wconf 80' lang='grc' dir='ltr'><strong>ἁγίων</strong></span> <span class='ocrx_word' id='word_1_405' title='bbox 481 3471 682 3546; x_wconf 77' lang='grc' dir='ltr'><strong>ἀνδρῶν</strong></span> <span class='ocrx_word' id='word_1_406' title='bbox 717 3469 817 3537; x_wconf 78' lang='grc' dir='ltr'><strong>;οῦ</strong></span> <span class='ocrx_word' id='word_1_407' title='bbox 872 3471 974 3542; x_wconf 79' lang='grc' dir='ltr'>γὰρ</span> <span class='ocrx_word' id='word_1_408' title='bbox 1015 3467 1075 3520; x_wconf 77' lang='grc' dir='ltr'><strong>ἂν</strong></span> <span class='ocrx_word' id='word_1_409' title='bbox 1128 3467 1403 3530; x_wconf 74' lang='grc' dir='ltr'>ἐπιστολῆς</span> <span class='ocrx_word' id='word_1_410' title='bbox 1452 3466 1692 3535; x_wconf 72' lang='grc' dir='ltr'><strong>ἐδεήθην,</strong></span> <span class='ocrx_word' id='word_1_411' title='bbox 1721 3472 1888 3524; x_wconf 73' lang='grc' dir='ltr'><strong>αὐτῶν</strong></span> 
     </span>
    </p>
   </div>
   <div class='ocr_carea' id='block_1_65' title="bbox 291 3552 1888 3632">
    <p class='ocr_par' dir='ltr' id='par_1_65' title="bbox 291 3552 1888 3632">
     <span class='ocr_line' id='line_1_66' title="bbox 291 3552 1888 3632; baseline -0.003 -16"><span class='ocrx_word' id='word_1_412' title='bbox 291 3561 355 3616; x_wconf 75' lang='grc' dir='ltr'><strong>δέ</strong></span> <span class='ocrx_word' id='word_1_413' title='bbox 376 3581 508 3624; x_wconf 90' lang='grc' dir='ltr'><strong>τινος</strong></span> <span class='ocrx_word' id='word_1_414' title='bbox 533 3559 807 3632; x_wconf 79' lang='grc' dir='ltr'><strong>λαϐόμενος</strong></span> <span class='ocrx_word' id='word_1_415' title='bbox 836 3566 934 3610; x_wconf 87' lang='grc' dir='ltr'>τῶν</span> <span class='ocrx_word' id='word_1_416' title='bbox 959 3552 1159 3621; x_wconf 84' lang='grc' dir='ltr'><strong>ποδῶν,</strong></span> <span class='ocrx_word' id='word_1_417' title='bbox 1193 3561 1300 3608; x_wconf 87' lang='grc' dir='ltr'><strong>επεὶ</strong></span> <span class='ocrx_word' id='word_1_418' title='bbox 1329 3561 1421 3614; x_wconf 76' lang='grc' dir='ltr'><strong>τὴν</strong></span> <span class='ocrx_word' id='word_1_419' title='bbox 1460 3561 1623 3630; x_wconf 83' lang='grc' dir='ltr'><strong>χάριν</strong></span> <span class='ocrx_word' id='word_1_420' title='bbox 1661 3559 1755 3610; x_wconf 77' lang='grc' dir='ltr'><strong>οὐκ</strong></span> <span class='ocrx_word' id='word_1_421' title='bbox 1780 3562 1888 3631; x_wconf 83' lang='grc' dir='ltr'>ἔχω</span> 
     </span>
    </p>
   </div>
   <div class='ocr_carea' id='block_1_66' title="bbox 287 3645 1889 3726">
    <p class='ocr_par' dir='ltr' id='par_1_66' title="bbox 287 3645 1889 3726">
     <span class='ocr_line' id='line_1_67' title="bbox 287 3645 1889 3726; baseline -0.007 -19"><span class='ocrx_word' id='word_1_422' title='bbox 287 3662 392 3706; x_wconf 87' lang='grc' dir='ltr'>τῶν</span> <span class='ocrx_word' id='word_1_423' title='bbox 428 3660 642 3726; x_wconf 87' lang='grc' dir='ltr'><strong>χειρῶν,</strong></span> <span class='ocrx_word' id='word_1_424' title='bbox 689 3646 866 3702; x_wconf 76' lang='grc' dir='ltr'><strong>οὐκᾶν</strong></span> <span class='ocrx_word' id='word_1_425' title='bbox 913 3645 1142 3704; x_wconf 80' lang='grc' dir='ltr'><strong>ἀπέστην</strong></span> <span class='ocrx_word' id='word_1_426' title='bbox 1186 3645 1391 3698; x_wconf 79' lang='grc' dir='ltr'><strong>ἅπαντα</strong></span> <span class='ocrx_word' id='word_1_427' title='bbox 1453 3654 1634 3713; x_wconf 86' lang='grc' dir='ltr'><strong>ποιῶν,</strong></span> <span class='ocrx_word' id='word_1_428' title='bbox 1689 3648 1781 3710; x_wconf 77' lang='grc' dir='ltr'><strong>ἕως</strong></span> <span class='ocrx_word' id='word_1_429' title='bbox 1829 3648 1889 3701; x_wconf 71' lang='grc' dir='ltr'><strong>ἂν</strong></span> 
     </span>
    </p>
   </div>
   <div class='ocr_carea' id='block_1_67' title="bbox 290 3733 1890 3812">
    <p class='ocr_par' dir='ltr' id='par_1_67' title="bbox 290 3733 1890 3812">
     <span class='ocr_line' id='line_1_68' title="bbox 290 3733 1890 3812; baseline -0.004 -17"><span class='ocrx_word' id='word_1_430' title='bbox 290 3747 468 3806; x_wconf 89' lang='grc' dir='ltr'><strong>ζῶσαν</strong></span> <span class='ocrx_word' id='word_1_431' title='bbox 491 3748 602 3802; x_wconf 88' lang='grc' dir='ltr'><strong>τοῖς</strong></span> <span class='ocrx_word' id='word_1_432' title='bbox 642 3741 1039 3812; x_wconf 85' lang='grc' dir='ltr'><strong>γεννησαμένοις</strong></span> <span class='ocrx_word' id='word_1_433' title='bbox 1091 3737 1370 3810; x_wconf 78' lang='grc' dir='ltr'><strong>παρέθεντο</strong></span> <span class='ocrx_word' id='word_1_434' title='bbox 1417 3740 1511 3792; x_wconf 85' lang='grc' dir='ltr'><strong>τὴν</strong></span> <span class='ocrx_word' id='word_1_435' title='bbox 1550 3733 1739 3788; x_wconf 86' lang='grc' dir='ltr'><strong>παῖδα.</strong></span> <span class='ocrx_word' id='word_1_436' title='bbox 1782 3744 1890 3790; x_wconf 87' lang='grc' dir='ltr'><strong>Νῦν</strong></span> 
     </span>
    </p>
   </div>
   <div class='ocr_carea' id='block_1_68' title="bbox 288 3822 1890 3901">
    <p class='ocr_par' dir='ltr' id='par_1_68' title="bbox 288 3822 1890 3901">
     <span class='ocr_line' id='line_1_69' title="bbox 288 3822 1890 3901; baseline -0.006 -15"><span class='ocrx_word' id='word_1_437' title='bbox 288 3829 353 3886; x_wconf 70' lang='grc' dir='ltr'><strong>δί</strong></span> <span class='ocrx_word' id='word_1_438' title='bbox 385 3836 472 3898; x_wconf 89' lang='grc' dir='ltr'><strong>τί;</strong></span> <span class='ocrx_word' id='word_1_439' title='bbox 512 3826 634 3884; x_wconf 67' lang='grc' dir='ltr'><strong>οῦδὲ</strong></span> <span class='ocrx_word' id='word_1_440' title='bbox 661 3831 788 3901; x_wconf 80' lang='grc' dir='ltr'><strong>γὰρ,</strong></span> <span class='ocrx_word' id='word_1_441' title='bbox 845 3822 968 3878; x_wconf 64' lang='grc' dir='ltr'><strong>οὐδὲ</strong></span> <span class='ocrx_word' id='word_1_442' title='bbox 1023 3832 1135 3884; x_wconf 89' lang='grc' dir='ltr'><strong>ταῖς</strong></span> <span class='ocrx_word' id='word_1_443' title='bbox 1183 3823 1517 3884; x_wconf 79' lang='grc' dir='ltr'><strong>τηλικαύταις</strong></span> <span class='ocrx_word' id='word_1_444' title='bbox 1597 3833 1890 3899; x_wconf 77' lang='grc' dir='ltr'><strong>συμφοραῖς</strong></span> 
     </span>
    </p>
   </div>
   <div class='ocr_carea' id='block_1_69' title="bbox 284 3909 1885 3992">
    <p class='ocr_par' dir='ltr' id='par_1_69' title="bbox 284 3909 1885 3992">
     <span class='ocr_line' id='line_1_70' title="bbox 284 3909 1885 3992; baseline -0.005 -18"><span class='ocrx_word' id='word_1_445' title='bbox 284 3929 382 3974; x_wconf 86' lang='grc' dir='ltr'>τοῦ</span> <span class='ocrx_word' id='word_1_446' title='bbox 416 3926 616 3992; x_wconf 75' lang='grc' dir='ltr'><strong>γένους,</strong></span> <span class='ocrx_word' id='word_1_447' title='bbox 647 3920 677 3976; x_wconf 83' lang='grc' dir='ltr'>ἡ</span> <span class='ocrx_word' id='word_1_448' title='bbox 707 3915 824 3969; x_wconf 85' lang='grc' dir='ltr'><strong>καθ’</strong></span> <span class='ocrx_word' id='word_1_449' title='bbox 855 3917 1000 3987; x_wconf 78' lang='grc' dir='ltr'><strong>ἡμῶν</strong></span> <span class='ocrx_word' id='word_1_450' title='bbox 1052 3915 1324 3987; x_wconf 80' lang='grc' dir='ltr'><strong>ὑπερόριος</strong></span> <span class='ocrx_word' id='word_1_451' title='bbox 1372 3918 1508 3984; x_wconf 78' lang='grc' dir='ltr'><strong>φυγὴ</strong></span> <span class='ocrx_word' id='word_1_452' title='bbox 1545 3909 1885 3969; x_wconf 83' lang='grc' dir='ltr'><strong>δυσωπεῖται.</strong></span> 
     </span>
    </p>
   </div>
   <div class='ocr_carea' id='block_1_70' title="bbox 285 3999 1892 4076">
    <p class='ocr_par' dir='ltr' id='par_1_70' title="bbox 285 3999 1892 4076">
     <span class='ocr_line' id='line_1_71' title="bbox 285 3999 1892 4076; baseline -0.011 -14"><span class='ocrx_word' id='word_1_453' title='bbox 285 4008 602 4069; x_wconf 85' lang='grc' dir='ltr'><strong>Ἐπιστολῆς</strong></span> <span class='ocrx_word' id='word_1_454' title='bbox 665 4002 872 4076; x_wconf 82' lang='grc' dir='ltr'><strong>δέομαι,</strong></span> <span class='ocrx_word' id='word_1_455' title='bbox 918 4003 1214 4071; x_wconf 70' lang='grc' dir='ltr'><strong>ἐπιστολῆς,</strong></span> <span class='ocrx_word' id='word_1_456' title='bbox 1267 4005 1317 4054; x_wconf 83' lang='grc' dir='ltr'><strong>οἷ</strong></span> <span class='ocrx_word' id='word_1_457' title='bbox 1344 4001 1481 4074; x_wconf 69' lang='grc' dir='ltr'><strong>μοιε</strong></span> <span class='ocrx_word' id='word_1_458' title='bbox 1527 4004 1711 4076; x_wconf 78' lang='grc' dir='ltr'><strong>θρῆνον</strong></span> <span class='ocrx_word' id='word_1_459' title='bbox 1742 3999 1892 4056; x_wconf 72' lang='grc' dir='ltr'><strong>ἀδιλ-</strong></span> 
     </span>
    </p>
   </div>
   <div class='ocr_carea' id='block_1_71' title="bbox 284 4087 1888 4171">
    <p class='ocr_par' dir='ltr' id='par_1_71' title="bbox 284 4087 1888 4171">
     <span class='ocr_line' id='line_1_72' title="bbox 284 4087 1888 4171; baseline -0.005 -20"><span class='ocrx_word' id='word_1_460' title='bbox 284 4105 407 4171; x_wconf 81' lang='grc' dir='ltr'><strong>φοῦ,</strong></span> <span class='ocrx_word' id='word_1_461' title='bbox 439 4097 522 4150; x_wconf 73' lang='grc' dir='ltr'><strong>ἐπι</strong></span> <span class='ocrx_word' id='word_1_462' title='bbox 553 4099 770 4168; x_wconf 86' lang='grc' dir='ltr'><strong>θυγατρὶ</strong></span> <span class='ocrx_word' id='word_1_463' title='bbox 817 4095 1020 4166; x_wconf 76' lang='grc' dir='ltr'><strong>κειμένη</strong></span> <span class='ocrx_word' id='word_1_464' title='bbox 1083 4087 1117 4144; x_wconf 89' lang='grc' dir='ltr'>δ</span> <span class='ocrx_word' id='word_1_465' title='bbox 1123 4094 1514 4161; x_wconf 83' lang='grc' dir='ltr'><strong>ιαπραῦνούσης</strong></span> <span class='ocrx_word' id='word_1_466' title='bbox 1544 4109 1556 4122; x_wconf 87' lang='grc'><strong>·</strong></span> <span class='ocrx_word' id='word_1_467' title='bbox 1587 4093 1667 4144; x_wconf 85' lang='grc' dir='ltr'><strong>ὅτε</strong></span> <span class='ocrx_word' id='word_1_468' title='bbox 1704 4096 1888 4144; x_wconf 82' lang='grc' dir='ltr'><strong>τέκνων</strong></span> 
     </span>
    </p>
   </div>
   <div class='ocr_carea' id='block_1_72' title="bbox 281 4176 1890 4259">
    <p class='ocr_par' dir='ltr' id='par_1_72' title="bbox 281 4176 1890 4259">
     <span class='ocr_line' id='line_1_73' title="bbox 281 4176 1890 4259; baseline -0.004 -20"><span class='ocrx_word' id='word_1_469' title='bbox 281 4194 533 4259; x_wconf 81' lang='grc' dir='ltr'><strong>παρῆσαν</strong></span> <span class='ocrx_word' id='word_1_470' title='bbox 560 4181 784 4246; x_wconf 71' lang='grc' dir='ltr'><strong>ἐλπίδες,</strong></span> <span class='ocrx_word' id='word_1_471' title='bbox 818 4187 908 4234; x_wconf 81' lang='grc' dir='ltr'>καὶ</span> <span class='ocrx_word' id='word_1_472' title='bbox 954 4184 1040 4233; x_wconf 85' lang='grc' dir='ltr'>τόν</span> <span class='ocrx_word' id='word_1_473' title='bbox 1068 4182 1237 4253; x_wconf 91' lang='grc' dir='ltr'><strong>γάμον</strong></span> <span class='ocrx_word' id='word_1_474' title='bbox 1291 4176 1404 4251; x_wconf 81' lang='grc' dir='ltr'><strong>εἶχε</strong></span> <span class='ocrx_word' id='word_1_475' title='bbox 1435 4177 1716 4252; x_wconf 82' lang='grc' dir='ltr'><strong>δυσφημία</strong></span> <span class='ocrx_word' id='word_1_476' title='bbox 1747 4200 1760 4212; x_wconf 79' lang='grc' dir='ltr'><strong><em>ο</em></strong></span> <span class='ocrx_word' id='word_1_477' title='bbox 1812 4182 1890 4233; x_wconf 87' lang='grc' dir='ltr'>ὃτι</span> 
     </span>
    </p>
   </div>
   <div class='ocr_carea' id='block_1_73' title="bbox 283 4265 1890 4348">
    <p class='ocr_par' dir='ltr' id='par_1_73' title="bbox 283 4265 1890 4348">
     <span class='ocr_line' id='line_1_74' title="bbox 283 4265 1890 4348; baseline -0.007 -19"><span class='ocrx_word' id='word_1_478' title='bbox 283 4280 361 4348; x_wconf 79' lang='grc' dir='ltr'><strong>μὴ</strong></span> <span class='ocrx_word' id='word_1_479' title='bbox 397 4277 580 4328; x_wconf 87' lang='grc' dir='ltr'><strong>θᾶττον</strong></span> <span class='ocrx_word' id='word_1_480' title='bbox 621 4278 716 4332; x_wconf 76' lang='grc' dir='ltr'><strong>τὴν</strong></span> <span class='ocrx_word' id='word_1_481' title='bbox 754 4267 926 4324; x_wconf 84' lang='grc' dir='ltr'><strong>παῖδα</strong></span> <span class='ocrx_word' id='word_1_482' title='bbox 982 4274 1183 4345; x_wconf 81' lang='grc' dir='ltr'><strong>μητέρα</strong></span> <span class='ocrx_word' id='word_1_483' title='bbox 1245 4265 1464 4336; x_wconf 84' lang='grc' dir='ltr'><strong>ἐδείκνυ,</strong></span> <span class='ocrx_word' id='word_1_484' title='bbox 1519 4266 1658 4341; x_wconf 68' lang='grc' dir='ltr'><strong>μηδὲ</strong></span> <span class='ocrx_word' id='word_1_485' title='bbox 1701 4266 1890 4331; x_wconf 78' lang='grc' dir='ltr'><strong>παιδός</strong></span> 
     </span>
    </p>
   </div>
   <div class='ocr_carea' id='block_1_74' title="bbox 283 4357 1886 4438">
    <p class='ocr_par' dir='ltr' id='par_1_74' title="bbox 283 4357 1886 4438">
     <span class='ocr_line' id='line_1_75' title="bbox 283 4357 1886 4438; baseline -0.004 -22"><span class='ocrx_word' id='word_1_486' title='bbox 283 4371 414 4426; x_wconf 85' lang='grc' dir='ltr'><strong>παῖς</strong></span> <span class='ocrx_word' id='word_1_487' title='bbox 453 4368 616 4438; x_wconf 83' lang='grc' dir='ltr'><strong>χερσὶ</strong></span> <span class='ocrx_word' id='word_1_488' title='bbox 680 4365 1021 4434; x_wconf 85' lang='grc' dir='ltr'><strong>προπατόρων</strong></span> <span class='ocrx_word' id='word_1_489' title='bbox 1064 4358 1299 4431; x_wconf 85' lang='grc' dir='ltr'><strong>ἐναθύρει</strong></span> <span class='ocrx_word' id='word_1_490' title='bbox 1348 4377 1403 4411; x_wconf 86' lang='grc' dir='ltr'>τε</span> <span class='ocrx_word' id='word_1_491' title='bbox 1468 4363 1557 4412; x_wconf 84' lang='grc' dir='ltr'>καὶ</span> <span class='ocrx_word' id='word_1_492' title='bbox 1612 4357 1886 4425; x_wconf 80' lang='grc' dir='ltr'><strong>ἐνάλλεται,</strong></span> 
     </span>
    </p>
   </div>
   <div class='ocr_carea' id='block_1_75' title="bbox 283 4446 1890 4528">
    <p class='ocr_par' dir='ltr' id='par_1_75' title="bbox 283 4446 1890 4528">
     <span class='ocr_line' id='line_1_76' title="bbox 283 4446 1890 4528; baseline -0.004 -22"><span class='ocrx_word' id='word_1_493' title='bbox 283 4451 572 4528; x_wconf 88' lang='grc' dir='ltr'><strong>περιλαλῶν</strong></span> <span class='ocrx_word' id='word_1_494' title='bbox 635 4458 745 4512; x_wconf 88' lang='grc' dir='ltr'><strong>τοῖς</strong></span> <span class='ocrx_word' id='word_1_495' title='bbox 813 4448 1188 4521; x_wconf 76' lang='grc' dir='ltr'><strong>ψελλίσμασιν.</strong></span> <span class='ocrx_word' id='word_1_496' title='bbox 1252 4446 1387 4500; x_wconf 82' lang='grc' dir='ltr'><strong>Ἀλλ’</strong></span> <span class='ocrx_word' id='word_1_497' title='bbox 1468 4449 1550 4499; x_wconf 83' lang='grc' dir='ltr'><strong>ὅτε</strong></span> <span class='ocrx_word' id='word_1_498' title='bbox 1595 4451 1660 4499; x_wconf 82' lang='grc' dir='ltr'><strong>τὰ</strong></span> <span class='ocrx_word' id='word_1_499' title='bbox 1725 4451 1890 4519; x_wconf 84' lang='grc' dir='ltr'><strong>μείζω</strong></span> 
     </span>
    </p>
   </div>
   <div class='ocr_carea' id='block_1_76' title="bbox 284 4535 1890 4609">
    <p class='ocr_par' dir='ltr' id='par_1_76' title="bbox 284 4535 1890 4609">
     <span class='ocr_line' id='line_1_77' title="bbox 284 4535 1890 4609; baseline -0.004 -14"><span class='ocrx_word' id='word_1_500' title='bbox 284 4542 557 4607; x_wconf 77' lang='grc' dir='ltr'><strong>ἠλπίζετο,</strong></span> <span class='ocrx_word' id='word_1_501' title='bbox 585 4545 700 4594; x_wconf 88' lang='grc' dir='ltr'><strong>τότε</strong></span> <span class='ocrx_word' id='word_1_502' title='bbox 728 4543 818 4592; x_wconf 84' lang='grc' dir='ltr'><strong>καὶ</strong></span> <span class='ocrx_word' id='word_1_503' title='bbox 877 4537 912 4590; x_wconf 80' lang='grc' dir='ltr'><em>ἃ</em></span> <span class='ocrx_word' id='word_1_504' title='bbox 964 4543 1275 4609; x_wconf 86' lang='grc' dir='ltr'><strong>κατείχομεν</strong></span> <span class='ocrx_word' id='word_1_505' title='bbox 1314 4535 1643 4608; x_wconf 75' lang='grc' dir='ltr'><strong>ἀνηρπάζετο</strong></span> <span class='ocrx_word' id='word_1_506' title='bbox 1677 4555 1688 4566; x_wconf 90' lang='grc'><strong>·</strong></span> <span class='ocrx_word' id='word_1_507' title='bbox 1724 4540 1774 4588; x_wconf 79' lang='grc' dir='ltr'><strong>οἵ</strong></span> <span class='ocrx_word' id='word_1_508' title='bbox 1800 4556 1890 4608; x_wconf 88' lang='grc' dir='ltr'>μοι</span> 
     </span>
    </p>
   </div>
   <div class='ocr_carea' id='block_1_77' title="bbox 282 4623 1890 4703">
    <p class='ocr_par' dir='ltr' id='par_1_77' title="bbox 282 4623 1890 4703">
     <span class='ocr_line' id='line_1_78' title="bbox 282 4623 1890 4703; baseline -0.004 -20"><span class='ocrx_word' id='word_1_509' title='bbox 282 4639 389 4685; x_wconf 89' lang='grc' dir='ltr'>τῶν</span> <span class='ocrx_word' id='word_1_510' title='bbox 426 4629 658 4682; x_wconf 89' lang='grc' dir='ltr'><strong>παλαιῶν</strong></span> <span class='ocrx_word' id='word_1_511' title='bbox 693 4631 1033 4703; x_wconf 87' lang='grc' dir='ltr'><strong>προπατόρων</strong></span> <span class='ocrx_word' id='word_1_512' title='bbox 1086 4624 1258 4680; x_wconf 80' lang='grc' dir='ltr'><strong>ἀπάτη</strong></span> <span class='ocrx_word' id='word_1_513' title='bbox 1305 4631 1394 4677; x_wconf 86' lang='grc' dir='ltr'>καὶ</span> <span class='ocrx_word' id='word_1_514' title='bbox 1452 4623 1750 4696; x_wconf 84' lang='grc' dir='ltr'><strong>παράϐασις</strong></span> <span class='ocrx_word' id='word_1_515' title='bbox 1801 4629 1890 4677; x_wconf 81' lang='grc' dir='ltr'><strong>καὶ</strong></span> 
     </span>
    </p>
   </div>
   <div class='ocr_carea' id='block_1_78' title="bbox 284 4710 1892 4786">
    <p class='ocr_par' dir='ltr' id='par_1_78' title="bbox 284 4710 1892 4786">
     <span class='ocr_line' id='line_1_79' title="bbox 284 4710 1892 4786; baseline -0.005 -13"><span class='ocrx_word' id='word_1_516' title='bbox 284 4717 416 4779; x_wconf 84' lang='grc' dir='ltr'><strong>δίκη</strong></span> <span class='ocrx_word' id='word_1_517' title='bbox 453 4719 465 4773; x_wconf 92' lang='lat' dir='ltr'>I</span> <span class='ocrx_word' id='word_1_518' title='bbox 497 4726 614 4780; x_wconf 86' lang='grc' dir='ltr'>Πῶς</span> <span class='ocrx_word' id='word_1_519' title='bbox 658 4718 730 4778; x_wconf 87' lang='grc' dir='ltr'><strong>εἰς</strong></span> <span class='ocrx_word' id='word_1_520' title='bbox 795 4720 882 4768; x_wconf 88' lang='grc' dir='ltr'><strong>τὸν</strong></span> <span class='ocrx_word' id='word_1_521' title='bbox 936 4710 1260 4785; x_wconf 82' lang='grc' dir='ltr'><strong>παράδεισον</strong></span> <span class='ocrx_word' id='word_1_522' title='bbox 1326 4714 1616 4786; x_wconf 84' lang='grc' dir='ltr'><strong>εῖρπυσενό</strong></span> <span class='ocrx_word' id='word_1_523' title='bbox 1667 4717 1892 4785; x_wconf 82' lang='grc' dir='ltr'><strong>πονηρός</strong></span> 
     </span>
    </p>
   </div>
   <div class='ocr_carea' id='block_1_79' title="bbox 284 4802 1892 4874">
    <p class='ocr_par' dir='ltr' id='par_1_79' title="bbox 284 4802 1892 4874">
     <span class='ocr_line' id='line_1_80' title="bbox 284 4802 1892 4874; baseline -0.007 -12"><span class='ocrx_word' id='word_1_524' title='bbox 284 4809 475 4869; x_wconf 72' lang='grc' dir='ltr'><strong>ἐκεῖνος</strong></span> <span class='ocrx_word' id='word_1_525' title='bbox 529 4812 620 4860; x_wconf 83' lang='grc' dir='ltr'>καὶ</span> <span class='ocrx_word' id='word_1_526' title='bbox 677 4805 881 4866; x_wconf 86' lang='grc' dir='ltr'><strong>σκολιὸς</strong></span> <span class='ocrx_word' id='word_1_527' title='bbox 937 4807 1092 4874; x_wconf 83' lang='grc' dir='ltr'><strong>ὄφις;</strong></span> <span class='ocrx_word' id='word_1_528' title='bbox 1146 4810 1256 4863; x_wconf 92' lang='grc' dir='ltr'>πῶς</span> <span class='ocrx_word' id='word_1_529' title='bbox 1334 4805 1572 4854; x_wconf 71' lang='grc' dir='ltr'><strong>ἔπεια-ενι</strong></span> <span class='ocrx_word' id='word_1_530' title='bbox 1622 4819 1634 4868; x_wconf 87' lang='grc'><strong>;</strong></span> <span class='ocrx_word' id='word_1_531' title='bbox 1692 4802 1721 4859; x_wconf 75' lang='grc' dir='ltr'><em>ἡ</em></span> <span class='ocrx_word' id='word_1_532' title='bbox 1783 4810 1892 4862; x_wconf 80' lang='grc' dir='ltr'>πῶς</span> 
     </span>
    </p>
   </div>
   <div class='ocr_carea' id='block_1_80' title="bbox 285 4893 1895 4970">
    <p class='ocr_par' dir='ltr' id='par_1_80' title="bbox 285 4893 1895 4970">
     <span class='ocr_line' id='line_1_81' title="bbox 285 4893 1895 4970; baseline -0.007 -18"><span class='ocrx_word' id='word_1_533' title='bbox 285 4897 478 4951; x_wconf 76' lang='grc' dir='ltr'><strong>ἐκεῖθεν</strong></span> <span class='ocrx_word' id='word_1_534' title='bbox 503 4901 667 4970; x_wconf 74' lang='grc' dir='ltr'><strong>μέχρι</strong></span> <span class='ocrx_word' id='word_1_535' title='bbox 697 4901 789 4948; x_wconf 92' lang='grc' dir='ltr'>τοῦ</span> <span class='ocrx_word' id='word_1_536' title='bbox 826 4899 915 4945; x_wconf 86' lang='grc' dir='ltr'>νῦν</span> <span class='ocrx_word' id='word_1_537' title='bbox 971 4893 1027 4944; x_wconf 85' lang='grc' dir='ltr'><strong>τὸ</strong></span> <span class='ocrx_word' id='word_1_538' title='bbox 1085 4893 1271 4963; x_wconf 85' lang='grc' dir='ltr'><strong>πικρόν</strong></span> <span class='ocrx_word' id='word_1_539' title='bbox 1324 4898 1415 4942; x_wconf 91' lang='grc' dir='ltr'>τοῦ</span> <span class='ocrx_word' id='word_1_540' title='bbox 1477 4893 1698 4942; x_wconf 86' lang='grc' dir='ltr'><strong>θανάτου</strong></span> <span class='ocrx_word' id='word_1_541' title='bbox 1729 4910 1895 4964; x_wconf 83' lang='grc' dir='ltr'><strong>παρα-</strong></span> 
     </span>
    </p>
   </div>
   <div class='ocr_carea' id='block_1_81' title="bbox 285 4979 1892 5061">
    <p class='ocr_par' dir='ltr' id='par_1_81' title="bbox 285 4979 1892 5061">
     <span class='ocr_line' id='line_1_82' title="bbox 285 4979 1892 5061; baseline -0.007 -20"><span class='ocrx_word' id='word_1_542' title='bbox 285 4992 509 5042; x_wconf 88' lang='grc' dir='ltr'><strong>τείνεται</strong></span> <span class='ocrx_word' id='word_1_543' title='bbox 553 4990 798 5061; x_wconf 83' lang='grc' dir='ltr'><strong>κέντρον;</strong></span> <span class='ocrx_word' id='word_1_544' title='bbox 851 4983 1067 5056; x_wconf 76' lang='grc' dir='ltr'><strong>ἔφθασεν</strong></span> <span class='ocrx_word' id='word_1_545' title='bbox 1136 4979 1268 5037; x_wconf 81' lang='grc' dir='ltr'><strong>αὕτη</strong></span> <span class='ocrx_word' id='word_1_546' title='bbox 1333 4984 1422 5032; x_wconf 72' lang='grc' dir='ltr'><strong>καὶ</strong></span> <span class='ocrx_word' id='word_1_547' title='bbox 1489 4979 1604 5032; x_wconf 84' lang='grc' dir='ltr'><strong>καθ’</strong></span> <span class='ocrx_word' id='word_1_548' title='bbox 1665 4981 1811 5051; x_wconf 79' lang='grc' dir='ltr'><strong>ἡμῶν</strong></span> <span class='ocrx_word' id='word_1_549' title='bbox 1862 4980 1892 5038; x_wconf 83' lang='grc' dir='ltr'>ἡ</span> 
     </span>
    </p>
   </div>
   <div class='ocr_carea' id='block_1_82' title="bbox 287 5067 1898 5149">
    <p class='ocr_par' dir='ltr' id='par_1_82' title="bbox 287 5067 1898 5149">
     <span class='ocr_line' id='line_1_83' title="bbox 287 5067 1898 5149; baseline -0.005 -20"><span class='ocrx_word' id='word_1_550' title='bbox 287 5075 464 5148; x_wconf 79' lang='grc' dir='ltr'><strong>πληγὴ</strong></span> <span class='ocrx_word' id='word_1_551' title='bbox 513 5073 693 5149; x_wconf 78' lang='grc' dir='ltr'><strong>βελους</strong></span> <span class='ocrx_word' id='word_1_552' title='bbox 751 5073 1008 5146; x_wconf 84' lang='grc' dir='ltr'><strong>ὀξύτερον,</strong></span> <span class='ocrx_word' id='word_1_553' title='bbox 1070 5075 1307 5128; x_wconf 87' lang='grc' dir='ltr'><strong>σκηπτοῦ</strong></span> <span class='ocrx_word' id='word_1_554' title='bbox 1360 5067 1702 5143; x_wconf 78' lang='grc' dir='ltr'><strong>φοϐερώτερον</strong></span> <span class='ocrx_word' id='word_1_555' title='bbox 1739 5090 1751 5101; x_wconf 90' lang='grc'>·</span> <span class='ocrx_word' id='word_1_556' title='bbox 1807 5072 1898 5121; x_wconf 82' lang='grc' dir='ltr'><strong>καὶ</strong></span> 
     </span>
    </p>
   </div>
   <div class='ocr_carea' id='block_1_83' title="bbox 287 5155 1900 5236">
    <p class='ocr_par' dir='ltr' id='par_1_83' title="bbox 287 5155 1900 5236">
     <span class='ocr_line' id='line_1_84' title="bbox 287 5155 1900 5236; baseline -0.006 -17"><span class='ocrx_word' id='word_1_557' title='bbox 287 5173 462 5219; x_wconf 81' lang='grc' dir='ltr'><strong>κεῖται</strong></span> <span class='ocrx_word' id='word_1_558' title='bbox 501 5172 646 5230; x_wconf 87' lang='grc' dir='ltr'><strong>παῖς,</strong></span> <span class='ocrx_word' id='word_1_559' title='bbox 695 5163 820 5236; x_wconf 81' lang='grc' dir='ltr'><strong>ἄρτι</strong></span> <span class='ocrx_word' id='word_1_560' title='bbox 869 5165 958 5220; x_wconf 76' lang='grc' dir='ltr'><strong>τὴν</strong></span> <span class='ocrx_word' id='word_1_561' title='bbox 1041 5161 1178 5232; x_wconf 82' lang='grc' dir='ltr'><strong>ὥραν</strong></span> <span class='ocrx_word' id='word_1_562' title='bbox 1257 5156 1508 5223; x_wconf 82' lang='grc' dir='ltr'><strong>ἁνθοῦσα,</strong></span> <span class='ocrx_word' id='word_1_563' title='bbox 1587 5155 1754 5210; x_wconf 88' lang='grc' dir='ltr'><strong>δεινὸν</strong></span> <span class='ocrx_word' id='word_1_564' title='bbox 1811 5164 1900 5214; x_wconf 80' lang='grc' dir='ltr'><strong>καὶ</strong></span> 
     </span>
    </p>
   </div>
   <div class='ocr_carea' id='block_1_84' title="bbox 288 5247 1904 5328">
    <p class='ocr_par' dir='ltr' id='par_1_84' title="bbox 288 5247 1904 5328">
     <span class='ocr_line' id='line_1_85' title="bbox 288 5247 1904 5328; baseline -0.006 -20"><span class='ocrx_word' id='word_1_565' title='bbox 288 5255 602 5328; x_wconf 84' lang='grc' dir='ltr'><strong>σκυθρωπὸν</strong></span> <span class='ocrx_word' id='word_1_566' title='bbox 638 5251 922 5326; x_wconf 75' lang='grc' dir='ltr'><strong>ὀφθαλμοῖς</strong></span> <span class='ocrx_word' id='word_1_567' title='bbox 971 5254 1218 5301; x_wconf 89' lang='grc' dir='ltr'><strong>τεκόντων</strong></span> <span class='ocrx_word' id='word_1_568' title='bbox 1280 5249 1446 5320; x_wconf 81' lang='grc' dir='ltr'><strong>θέαμα</strong></span> <span class='ocrx_word' id='word_1_569' title='bbox 1477 5267 1489 5280; x_wconf 73' lang='grc'><strong><em>⁸</em></strong></span> <span class='ocrx_word' id='word_1_570' title='bbox 1524 5247 1608 5300; x_wconf 84' lang='grc' dir='ltr'><strong>ὅτε</strong></span> <span class='ocrx_word' id='word_1_571' title='bbox 1666 5250 1723 5298; x_wconf 83' lang='grc' dir='ltr'><strong>τὸ</strong></span> <span class='ocrx_word' id='word_1_572' title='bbox 1753 5247 1904 5307; x_wconf 77' lang='grc' dir='ltr'><strong>ἄνθος</strong></span> 
     </span>
    </p>
   </div>
   <div class='ocr_carea' id='block_1_85' title="bbox 290 5336 1906 5418">
    <p class='ocr_par' dir='ltr' id='par_1_85' title="bbox 290 5336 1906 5418">
     <span class='ocr_line' id='line_1_86' title="bbox 290 5336 1906 5418; baseline -0.007 -20"><span class='ocrx_word' id='word_1_573' title='bbox 290 5343 471 5418; x_wconf 75' lang='grc' dir='ltr'><strong>ἐφύετο</strong></span> <span class='ocrx_word' id='word_1_574' title='bbox 516 5351 605 5404; x_wconf 82' lang='grc' dir='ltr'><strong>τῆς</strong></span> <span class='ocrx_word' id='word_1_575' title='bbox 668 5337 1034 5406; x_wconf 87' lang='grc' dir='ltr'><strong>παιδοποιίας,</strong></span> <span class='ocrx_word' id='word_1_576' title='bbox 1101 5341 1217 5390; x_wconf 85' lang='grc' dir='ltr'><strong>τότε</strong></span> <span class='ocrx_word' id='word_1_577' title='bbox 1265 5336 1393 5389; x_wconf 77' lang='grc' dir='ltr'>αὐτὸ</span> <span class='ocrx_word' id='word_1_578' title='bbox 1445 5339 1502 5389; x_wconf 91' lang='grc' dir='ltr'><strong>τὸ</strong></span> <span class='ocrx_word' id='word_1_579' title='bbox 1561 5338 1717 5409; x_wconf 86' lang='grc' dir='ltr'><strong>φυτὸν</strong></span> <span class='ocrx_word' id='word_1_580' title='bbox 1785 5355 1906 5388; x_wconf 75' lang='grc' dir='ltr'><strong>συν-ι</strong></span> 
     </span>
    </p>
   </div>
   <div class='ocr_carea' id='block_1_86' title="bbox 2071 3289 3657 3367">
    <p class='ocr_par' dir='ltr' id='par_1_86' title="bbox 2071 3289 3657 3367">
     <span class='ocr_line' id='line_1_87' title="bbox 2071 3289 3657 3367; baseline 0.008 -20"><span class='ocrx_word' id='word_1_581' title='bbox 2071 3291 2177 3348; x_wconf 91' lang='lat' dir='ltr'>Ubi</span> <span class='ocrx_word' id='word_1_582' title='bbox 2201 3305 2363 3346; x_wconf 90' lang='lat' dir='ltr'>nunc</span> <span class='ocrx_word' id='word_1_583' title='bbox 2390 3289 2541 3346; x_wconf 88' lang='lat' dir='ltr'>Elias</span> <span class='ocrx_word' id='word_1_584' title='bbox 2561 3289 2590 3344; x_wconf 87' lang='lat'><strong>?</strong></span> <span class='ocrx_word' id='word_1_585' title='bbox 2612 3289 2713 3345; x_wconf 90' lang='lat' dir='ltr'>ubi</span> <span class='ocrx_word' id='word_1_586' title='bbox 2734 3289 2979 3348; x_wconf 80' lang='lat' dir='ltr'>Elisaeus</span> <span class='ocrx_word' id='word_1_587' title='bbox 2999 3295 3027 3350; x_wconf 83' lang='lat'><strong>?</strong></span> <span class='ocrx_word' id='word_1_588' title='bbox 3050 3294 3152 3350; x_wconf 93' lang='lat' dir='ltr'>ubi</span> <span class='ocrx_word' id='word_1_589' title='bbox 3189 3296 3414 3367; x_wconf 87' lang='lat' dir='ltr'>Petrus,</span> <span class='ocrx_word' id='word_1_590' title='bbox 3435 3299 3657 3359; x_wconf 83' lang='lat' dir='ltr'>Paulus</span> 
     </span>
    </p>
   </div>
   <div class='ocr_carea' id='block_1_87' title="bbox 1996 3379 3655 3452">
    <p class='ocr_par' dir='ltr' id='par_1_87' title="bbox 1996 3379 3655 3452">
     <span class='ocr_line' id='line_1_88' title="bbox 1996 3379 3655 3452; baseline 0.007 -15"><span class='ocrx_word' id='word_1_591' title='bbox 1996 3385 2100 3437; x_wconf 90' lang='lat' dir='ltr'>aut</span> <span class='ocrx_word' id='word_1_592' title='bbox 2119 3381 2334 3452; x_wconf 89' lang='lat' dir='ltr'>aliquis</span> <span class='ocrx_word' id='word_1_593' title='bbox 2351 3379 2558 3435; x_wconf 89' lang='lat' dir='ltr'>similis</span> <span class='ocrx_word' id='word_1_594' title='bbox 2581 3385 2824 3435; x_wconf 90' lang='lat' dir='ltr'>sanctus</span> <span class='ocrx_word' id='word_1_595' title='bbox 2837 3386 2894 3436; x_wconf 91' lang='lat' dir='ltr'>et</span> <span class='ocrx_word' id='word_1_596' title='bbox 2912 3397 3081 3439; x_wconf 90' lang='lat' dir='ltr'>sacer</span> <span class='ocrx_word' id='word_1_597' title='bbox 3100 3385 3282 3442; x_wconf 90' lang='lat' dir='ltr'>homo</span> <span class='ocrx_word' id='word_1_598' title='bbox 3304 3388 3332 3445; x_wconf 79' lang='lat'><strong>?</strong></span> <span class='ocrx_word' id='word_1_599' title='bbox 3346 3389 3508 3445; x_wconf 87' lang='lat' dir='ltr'>Certe</span> <span class='ocrx_word' id='word_1_600' title='bbox 3531 3405 3655 3448; x_wconf 89' lang='lat' dir='ltr'>non</span> 
     </span>
    </p>
   </div>
   <div class='ocr_carea' id='block_1_88' title="bbox 1998 3467 3654 3546">
    <p class='ocr_par' dir='ltr' id='par_1_88' title="bbox 1998 3467 3654 3546">
     <span class='ocr_line' id='line_1_89' title="bbox 1998 3467 3654 3546; baseline 0.007 -21"><span class='ocrx_word' id='word_1_601' title='bbox 1998 3476 2156 3526; x_wconf 88' lang='lat' dir='ltr'>esset</span> <span class='ocrx_word' id='word_1_602' title='bbox 2185 3468 2496 3540; x_wconf 89' lang='lat' dir='ltr'>epistolam</span> <span class='ocrx_word' id='word_1_603' title='bbox 2526 3467 2786 3524; x_wconf 79' lang='lat' dir='ltr'>scribere</span> <span class='ocrx_word' id='word_1_604' title='bbox 2811 3485 2986 3541; x_wconf 89' lang='lat' dir='ltr'>opus,</span> <span class='ocrx_word' id='word_1_605' title='bbox 3019 3471 3067 3526; x_wconf 89' lang='lat' dir='ltr'>si</span> <span class='ocrx_word' id='word_1_606' title='bbox 3086 3473 3176 3528; x_wconf 91' lang='lat' dir='ltr'>vel</span> <span class='ocrx_word' id='word_1_607' title='bbox 3200 3475 3382 3546; x_wconf 89' lang='lat' dir='ltr'>pedes</span> <span class='ocrx_word' id='word_1_608' title='bbox 3412 3477 3654 3537; x_wconf 88' lang='lat' dir='ltr'>illorum</span> 
     </span>
    </p>
   </div>
   <div class='ocr_carea' id='block_1_89' title="bbox 1998 3556 3649 3632">
    <p class='ocr_par' dir='ltr' id='par_1_89' title="bbox 1998 3556 3649 3632">
     <span class='ocr_line' id='line_1_90' title="bbox 1998 3556 3649 3632; baseline 0.005 -16"><span class='ocrx_word' id='word_1_609' title='bbox 1998 3559 2250 3630; x_wconf 89' lang='lat' dir='ltr'>alicujus</span> <span class='ocrx_word' id='word_1_610' title='bbox 2276 3556 2812 3630; x_wconf 86' lang='lat' dir='ltr'>apprehenderem,</span> <span class='ocrx_word' id='word_1_611' title='bbox 2844 3575 3035 3632; x_wconf 87' lang='lat' dir='ltr'>neque</span> <span class='ocrx_word' id='word_1_612' title='bbox 3058 3563 3218 3618; x_wconf 93' lang='lat' dir='ltr'>enim</span> <span class='ocrx_word' id='word_1_613' title='bbox 3244 3580 3338 3620; x_wconf 91' lang='lat' dir='ltr'>res</span> <span class='ocrx_word' id='word_1_614' title='bbox 3368 3568 3649 3625; x_wconf 88' lang='lat' dir='ltr'>manibus</span> 
     </span>
    </p>
   </div>
   <div class='ocr_carea' id='block_1_90' title="bbox 1999 3647 3652 3722">
    <p class='ocr_par' dir='ltr' id='par_1_90' title="bbox 1999 3647 3652 3722">
     <span class='ocr_line' id='line_1_91' title="bbox 1999 3647 3652 3722; baseline 0.007 -19"><span class='ocrx_word' id='word_1_615' title='bbox 1999 3654 2381 3718; x_wconf 86' lang='lat' dir='ltr'>agetur,sane</span> <span class='ocrx_word' id='word_1_616' title='bbox 2397 3647 2602 3702; x_wconf 90' lang='lat' dir='ltr'>omnia</span> <span class='ocrx_word' id='word_1_617' title='bbox 2621 3653 2931 3717; x_wconf 89' lang='lat' dir='ltr'>tentarem,</span> <span class='ocrx_word' id='word_1_618' title='bbox 2950 3665 3058 3705; x_wconf 92' lang='lat' dir='ltr'>nec</span> <span class='ocrx_word' id='word_1_619' title='bbox 3080 3651 3652 3722; x_wconf 89' lang='lat' dir='ltr'>absisterem,donec</span> 
     </span>
    </p>
   </div>
   <div class='ocr_carea' id='block_1_91' title="bbox 1997 3736 3647 3812">
    <p class='ocr_par' dir='ltr' id='par_1_91' title="bbox 1997 3736 3647 3812">
     <span class='ocr_line' id='line_1_92' title="bbox 1997 3736 3647 3812; baseline 0.008 -22"><span class='ocrx_word' id='word_1_620' title='bbox 1997 3738 2134 3792; x_wconf 69' lang='lat' dir='ltr'>vitae</span> <span class='ocrx_word' id='word_1_621' title='bbox 2161 3737 2495 3792; x_wconf 89' lang='lat' dir='ltr'>restitutam</span> <span class='ocrx_word' id='word_1_622' title='bbox 2522 3736 2870 3806; x_wconf 87' lang='lat' dir='ltr'>parentibus</span> <span class='ocrx_word' id='word_1_623' title='bbox 2897 3738 3020 3794; x_wconf 90' lang='lat' dir='ltr'>suis</span> <span class='ocrx_word' id='word_1_624' title='bbox 3044 3741 3304 3812; x_wconf 87' lang='lat' dir='ltr'>puellam</span> <span class='ocrx_word' id='word_1_625' title='bbox 3327 3745 3647 3804; x_wconf 87' lang='lat' dir='ltr'>traderent.</span> 
     </span>
    </p>
   </div>
   <div class='ocr_carea' id='block_1_92' title="bbox 1997 3822 3650 3901">
    <p class='ocr_par' dir='ltr' id='par_1_92' title="bbox 1997 3822 3650 3901">
     <span class='ocr_line' id='line_1_93' title="bbox 1997 3822 3650 3901; baseline 0.009 -24"><span class='ocrx_word' id='word_1_626' title='bbox 1997 3826 2070 3879; x_wconf 85' lang='lat' dir='ltr'>At</span> <span class='ocrx_word' id='word_1_627' title='bbox 2109 3839 2268 3878; x_wconf 92' lang='lat' dir='ltr'>nunc</span> <span class='ocrx_word' id='word_1_628' title='bbox 2302 3824 2450 3894; x_wconf 87' lang='lat' dir='ltr'>quid</span> <span class='ocrx_word' id='word_1_629' title='bbox 2505 3822 2534 3876; x_wconf 70' lang='grc' dir='ltr'>τ</span> <span class='ocrx_word' id='word_1_630' title='bbox 2572 3831 2727 3879; x_wconf 90' lang='lat' dir='ltr'>certe</span> <span class='ocrx_word' id='word_1_631' title='bbox 2784 3825 3003 3880; x_wconf 89' lang='lat' dir='ltr'>talibus</span> <span class='ocrx_word' id='word_1_632' title='bbox 3059 3833 3650 3901; x_wconf 80' lang='lat' dir='ltr'>consanguineorum</span> 
     </span>
    </p>
   </div>
   <div class='ocr_carea' id='block_1_93' title="bbox 1997 3910 3651 3990">
    <p class='ocr_par' dir='ltr' id='par_1_93' title="bbox 1997 3910 3651 3990">
     <span class='ocr_line' id='line_1_94' title="bbox 1997 3910 3651 3990; baseline 0.006 -23"><span class='ocrx_word' id='word_1_633' title='bbox 1997 3911 2285 3967; x_wconf 66' lang='lat' dir='ltr'>aerumnis</span> <span class='ocrx_word' id='word_1_634' title='bbox 2312 3910 2590 3966; x_wconf 87' lang='lat' dir='ltr'>exsilium</span> <span class='ocrx_word' id='word_1_635' title='bbox 2613 3917 2884 3967; x_wconf 90' lang='lat' dir='ltr'>nostrum</span> <span class='ocrx_word' id='word_1_636' title='bbox 2907 3929 3026 3968; x_wconf 90' lang='lat' dir='ltr'>non</span> <span class='ocrx_word' id='word_1_637' title='bbox 3044 3915 3372 3973; x_wconf 89' lang='lat' dir='ltr'>alleviatur.</span> <span class='ocrx_word' id='word_1_638' title='bbox 3393 3921 3651 3990; x_wconf 87' lang='lat' dir='ltr'>Epistola</span> 
     </span>
    </p>
   </div>
   <div class='ocr_carea' id='block_1_94' title="bbox 1997 3998 3648 4073">
    <p class='ocr_par' dir='ltr' id='par_1_94' title="bbox 1997 3998 3648 4073">
     <span class='ocr_line' id='line_1_95' title="bbox 1997 3998 3648 4073; baseline 0.004 -16"><span class='ocrx_word' id='word_1_639' title='bbox 1997 4017 2152 4073; x_wconf 90' lang='lat' dir='ltr'>opus</span> <span class='ocrx_word' id='word_1_640' title='bbox 2173 4005 2278 4066; x_wconf 90' lang='lat' dir='ltr'>est,</span> <span class='ocrx_word' id='word_1_641' title='bbox 2313 3999 2406 4055; x_wconf 87' lang='lat' dir='ltr'>hei</span> <span class='ocrx_word' id='word_1_642' title='bbox 2431 3998 2599 4063; x_wconf 86' lang='lat' dir='ltr'>mihi,</span> <span class='ocrx_word' id='word_1_643' title='bbox 2623 4015 2748 4070; x_wconf 91' lang='lat' dir='ltr'>qua</span> <span class='ocrx_word' id='word_1_644' title='bbox 2776 3998 3001 4055; x_wconf 89' lang='lat' dir='ltr'>luctum</span> <span class='ocrx_word' id='word_1_645' title='bbox 3035 4005 3150 4057; x_wconf 87' lang='lat' dir='ltr'>mei</span> <span class='ocrx_word' id='word_1_646' title='bbox 3180 4002 3374 4060; x_wconf 82' lang='lat' dir='ltr'>fratris</span> <span class='ocrx_word' id='word_1_647' title='bbox 3400 4007 3480 4062; x_wconf 93' lang='lat' dir='ltr'>ob</span> <span class='ocrx_word' id='word_1_648' title='bbox 3510 4007 3648 4064; x_wconf 70' lang='lat' dir='ltr'>ﬁlim</span> 
     </span>
    </p>
   </div>
   <div class='ocr_carea' id='block_1_95' title="bbox 1996 4087 3650 4164">
    <p class='ocr_par' dir='ltr' id='par_1_95' title="bbox 1996 4087 3650 4164">
     <span class='ocr_line' id='line_1_96' title="bbox 1996 4087 3650 4164; baseline 0.004 -18"><span class='ocrx_word' id='word_1_649' title='bbox 1996 4105 2312 4146; x_wconf 84' lang='lat' dir='ltr'>excessum</span> <span class='ocrx_word' id='word_1_650' title='bbox 2334 4089 2573 4144; x_wconf 90' lang='lat' dir='ltr'>leniam.</span> <span class='ocrx_word' id='word_1_651' title='bbox 2603 4087 2751 4143; x_wconf 85' lang='lat' dir='ltr'>Cum</span> <span class='ocrx_word' id='word_1_652' title='bbox 2779 4087 3101 4146; x_wconf 91' lang='lat' dir='ltr'>liberorum</span> <span class='ocrx_word' id='word_1_653' title='bbox 3118 4107 3253 4164; x_wconf 83' lang='lat' dir='ltr'>spes</span> <span class='ocrx_word' id='word_1_654' title='bbox 3275 4101 3448 4157; x_wconf 90' lang='lat' dir='ltr'>esset,</span> <span class='ocrx_word' id='word_1_655' title='bbox 3473 4100 3531 4151; x_wconf 90' lang='lat' dir='ltr'>et</span> <span class='ocrx_word' id='word_1_656' title='bbox 3551 4111 3650 4153; x_wconf 86' lang='lat' dir='ltr'>ac-</span> 
     </span>
    </p>
   </div>
   <div class='ocr_carea' id='block_1_96' title="bbox 1996 4176 3647 4248">
    <p class='ocr_par' dir='ltr' id='par_1_96' title="bbox 1996 4176 3647 4248">
     <span class='ocr_line' id='line_1_97' title="bbox 1996 4176 3647 4248; baseline 0.004 -13"><span class='ocrx_word' id='word_1_657' title='bbox 1996 4183 2347 4235; x_wconf 89' lang='lat' dir='ltr'>cusarentur</span> <span class='ocrx_word' id='word_1_658' title='bbox 2374 4177 2620 4248; x_wconf 64' lang='lat' dir='ltr'>nuptiae,</span> <span class='ocrx_word' id='word_1_659' title='bbox 2651 4176 2816 4248; x_wconf 91' lang='lat' dir='ltr'>quod</span> <span class='ocrx_word' id='word_1_660' title='bbox 2837 4177 3007 4232; x_wconf 89' lang='lat' dir='ltr'>citius</span> <span class='ocrx_word' id='word_1_661' title='bbox 3037 4179 3222 4236; x_wconf 85' lang='lat' dir='ltr'>ﬁliam</span> <span class='ocrx_word' id='word_1_662' title='bbox 3245 4187 3494 4238; x_wconf 88' lang='lat' dir='ltr'>matrem</span> <span class='ocrx_word' id='word_1_663' title='bbox 3522 4199 3647 4242; x_wconf 91' lang='lat' dir='ltr'>non</span> 
     </span>
    </p>
   </div>
   <div class='ocr_carea' id='block_1_97' title="bbox 1997 4264 3650 4334">
    <p class='ocr_par' dir='ltr' id='par_1_97' title="bbox 1997 4264 3650 4334">
     <span class='ocr_line' id='line_1_98' title="bbox 1997 4264 3650 4334; baseline 0.005 -12"><span class='ocrx_word' id='word_1_664' title='bbox 1997 4267 2364 4322; x_wconf 88' lang='lat' dir='ltr'>declararent</span> <span class='ocrx_word' id='word_1_665' title='bbox 2397 4284 2410 4334; x_wconf 92' lang='lat'><strong>;</strong></span> <span class='ocrx_word' id='word_1_666' title='bbox 2436 4281 2544 4320; x_wconf 90' lang='lat' dir='ltr'>nec</span> <span class='ocrx_word' id='word_1_667' title='bbox 2570 4264 2672 4320; x_wconf 84' lang='lat' dir='ltr'>ﬁlii</span> <span class='ocrx_word' id='word_1_668' title='bbox 2697 4265 2854 4320; x_wconf 83' lang='lat' dir='ltr'>ﬁlius</span> <span class='ocrx_word' id='word_1_669' title='bbox 2883 4266 2943 4320; x_wconf 91' lang='lat' dir='ltr'>in</span> <span class='ocrx_word' id='word_1_670' title='bbox 2971 4283 3219 4324; x_wconf 90' lang='lat' dir='ltr'>avorum</span> <span class='ocrx_word' id='word_1_671' title='bbox 3249 4270 3526 4328; x_wconf 89' lang='lat' dir='ltr'>manibus</span> <span class='ocrx_word' id='word_1_672' title='bbox 3556 4272 3650 4330; x_wconf 89' lang='lat' dir='ltr'>Iu-</span> 
     </span>
    </p>
   </div>
   <div class='ocr_carea' id='block_1_98' title="bbox 1996 4351 3648 4425">
    <p class='ocr_par' dir='ltr' id='par_1_98' title="bbox 1996 4351 3648 4425">
     <span class='ocr_line' id='line_1_99' title="bbox 1996 4351 3648 4425; baseline 0.005 -15"><span class='ocrx_word' id='word_1_673' title='bbox 1996 4356 2101 4422; x_wconf 88' lang='lat' dir='ltr'>dit,</span> <span class='ocrx_word' id='word_1_674' title='bbox 2143 4361 2198 4411; x_wconf 89' lang='lat' dir='ltr'>et</span> <span class='ocrx_word' id='word_1_675' title='bbox 2235 4351 2659 4419; x_wconf 85' lang='lat' dir='ltr'>circumsaltat,</span> <span class='ocrx_word' id='word_1_676' title='bbox 2725 4355 3067 4425; x_wconf 89' lang='lat' dir='ltr'>crepundiis</span> <span class='ocrx_word' id='word_1_677' title='bbox 3117 4355 3438 4415; x_wconf 88' lang='lat' dir='ltr'>blandiens</span> <span class='ocrx_word' id='word_1_678' title='bbox 3483 4377 3497 4416; x_wconf 89' lang='lat'><strong>:</strong></span> <span class='ocrx_word' id='word_1_679' title='bbox 3539 4362 3648 4419; x_wconf 90' lang='lat' dir='ltr'>sed</span> 
     </span>
    </p>
   </div>
   <div class='ocr_carea' id='block_1_99' title="bbox 1997 4443 3650 4517">
    <p class='ocr_par' dir='ltr' id='par_1_99' title="bbox 1997 4443 3650 4517">
     <span class='ocr_line' id='line_1_100' title="bbox 1997 4443 3650 4517; baseline 0.004 -17"><span class='ocrx_word' id='word_1_680' title='bbox 1997 4461 2134 4500; x_wconf 90' lang='lat' dir='ltr'>cum</span> <span class='ocrx_word' id='word_1_681' title='bbox 2151 4461 2205 4498; x_wconf 92' lang='lat' dir='ltr'><strong>m</strong></span> <span class='ocrx_word' id='word_1_682' title='bbox 2216 4444 2384 4514; x_wconf 92' lang='lat' dir='ltr'>ajora</span> <span class='ocrx_word' id='word_1_683' title='bbox 2395 4443 2813 4514; x_wconf 87' lang='lat' dir='ltr'>sperabantur,</span> <span class='ocrx_word' id='word_1_684' title='bbox 2829 4448 2952 4498; x_wconf 87' lang='lat' dir='ltr'>tum</span> <span class='ocrx_word' id='word_1_685' title='bbox 2966 4460 3102 4517; x_wconf 63' lang='lat' dir='ltr'>quae</span> <span class='ocrx_word' id='word_1_686' title='bbox 3115 4446 3513 4516; x_wconf 88' lang='lat' dir='ltr'>habebamus,</span> <span class='ocrx_word' id='word_1_687' title='bbox 3529 4451 3650 4506; x_wconf 90' lang='lat' dir='ltr'><strong>eri-</strong></span> 
     </span>
    </p>
   </div>
   <div class='ocr_carea' id='block_1_100' title="bbox 1920 4532 3651 4640">
    <p class='ocr_par' dir='ltr' id='par_1_100' title="bbox 1920 4532 3651 4640">
     <span class='ocr_line' id='line_1_101' title="bbox 1920 4532 3651 4640; baseline 0.003 -51"><span class='ocrx_word' id='word_1_688' title='bbox 1920 4586 1965 4640; x_wconf 68' lang='grc' dir='ltr'>Ι)</span> <span class='ocrx_word' id='word_1_689' title='bbox 1999 4532 2337 4604; x_wconf 91' lang='lat' dir='ltr'>piebantur.</span> <span class='ocrx_word' id='word_1_690' title='bbox 2381 4532 2476 4588; x_wconf 87' lang='lat' dir='ltr'>Hei</span> <span class='ocrx_word' id='word_1_691' title='bbox 2513 4533 3055 4589; x_wconf 88' lang='lat' dir='ltr'>vetustissimorum</span> <span class='ocrx_word' id='word_1_692' title='bbox 3096 4551 3456 4606; x_wconf 88' lang='lat' dir='ltr'>proavorum</span> <span class='ocrx_word' id='word_1_693' title='bbox 3489 4538 3651 4595; x_wconf 87' lang='lat' dir='ltr'>frau-</span> 
     </span>
    </p>
   </div>
   <div class='ocr_carea' id='block_1_101' title="bbox 1999 4621 3656 4698">
    <p class='ocr_par' dir='ltr' id='par_1_101' title="bbox 1999 4621 3656 4698">
     <span class='ocr_line' id='line_1_102' title="bbox 1999 4621 3656 4698; baseline 0.004 -21"><span class='ocrx_word' id='word_1_694' title='bbox 1999 4624 2158 4690; x_wconf 91' lang='lat' dir='ltr'>dem,</span> <span class='ocrx_word' id='word_1_695' title='bbox 2182 4621 2734 4691; x_wconf 83' lang='lat' dir='ltr'>transgressionem,</span> <span class='ocrx_word' id='word_1_696' title='bbox 2757 4637 2998 4693; x_wconf 74' lang='lat' dir='ltr'>pmnam</span> <span class='ocrx_word' id='word_1_697' title='bbox 3024 4639 3037 4677; x_wconf 90' lang='lat'><strong>:</strong></span> <span class='ocrx_word' id='word_1_698' title='bbox 3062 4625 3372 4695; x_wconf 89' lang='lat' dir='ltr'>quomodo</span> <span class='ocrx_word' id='word_1_699' title='bbox 3396 4627 3454 4681; x_wconf 91' lang='lat' dir='ltr'>in</span> <span class='ocrx_word' id='word_1_700' title='bbox 3484 4642 3656 4698; x_wconf 88' lang='lat' dir='ltr'>para-</span> 
     </span>
    </p>
   </div>
   <div class='ocr_carea' id='block_1_102' title="bbox 1999 4708 3656 4787">
    <p class='ocr_par' dir='ltr' id='par_1_102' title="bbox 1999 4708 3656 4787">
     <span class='ocr_line' id='line_1_103' title="bbox 1999 4708 3656 4787; baseline 0.004 -20"><span class='ocrx_word' id='word_1_701' title='bbox 1999 4712 2202 4767; x_wconf 90' lang='lat' dir='ltr'>disum</span> <span class='ocrx_word' id='word_1_702' title='bbox 2216 4710 2613 4766; x_wconf 87' lang='lat' dir='ltr'>seinsinuavit</span> <span class='ocrx_word' id='word_1_703' title='bbox 2631 4708 2724 4764; x_wconf 89' lang='lat' dir='ltr'>ille</span> <span class='ocrx_word' id='word_1_704' title='bbox 2744 4711 2938 4765; x_wconf 89' lang='lat' dir='ltr'>malus</span> <span class='ocrx_word' id='word_1_705' title='bbox 2955 4719 3009 4766; x_wconf 91' lang='lat' dir='ltr'>et</span> <span class='ocrx_word' id='word_1_706' title='bbox 3023 4726 3337 4782; x_wconf 89' lang='lat' dir='ltr'>perversus</span> <span class='ocrx_word' id='word_1_707' title='bbox 3353 4730 3600 4787; x_wconf 89' lang='lat' dir='ltr'>serpens</span> <span class='ocrx_word' id='word_1_708' title='bbox 3627 4715 3656 4772; x_wconf 82' lang='lat'><strong>?</strong></span> 
     </span>
    </p>
   </div>
   <div class='ocr_carea' id='block_1_103' title="bbox 2001 4798 3657 4877">
    <p class='ocr_par' dir='ltr' id='par_1_103' title="bbox 2001 4798 3657 4877">
     <span class='ocr_line' id='line_1_104' title="bbox 2001 4798 3657 4877; baseline 0.004 -22"><span class='ocrx_word' id='word_1_709' title='bbox 2001 4798 2311 4873; x_wconf 61' lang='lat' dir='ltr'>r{uomodo</span> <span class='ocrx_word' id='word_1_710' title='bbox 2325 4799 2651 4871; x_wconf 82' lang='lat' dir='ltr'>persuasit?</span> <span class='ocrx_word' id='word_1_711' title='bbox 2663 4799 2969 4869; x_wconf 89' lang='lat' dir='ltr'>quomodo</span> <span class='ocrx_word' id='word_1_712' title='bbox 2982 4799 3193 4856; x_wconf 86' lang='lat' dir='ltr'>exinde</span> <span class='ocrx_word' id='word_1_713' title='bbox 3210 4802 3457 4858; x_wconf 86' lang='lat' dir='ltr'>adhunc</span> <span class='ocrx_word' id='word_1_714' title='bbox 3471 4821 3657 4877; x_wconf 88' lang='lat' dir='ltr'>usque</span> 
     </span>
    </p>
   </div>
   <div class='ocr_carea' id='block_1_104' title="bbox 2003 4887 3660 4951">
    <p class='ocr_par' dir='ltr' id='par_1_104' title="bbox 2003 4887 3660 4951">
     <span class='ocr_line' id='line_1_105' title="bbox 2003 4887 3660 4951; baseline 0.004 -6"><span class='ocrx_word' id='word_1_715' title='bbox 2003 4889 2164 4945; x_wconf 91' lang='lat' dir='ltr'>diem</span> <span class='ocrx_word' id='word_1_716' title='bbox 2193 4889 2448 4945; x_wconf 88' lang='lat' dir='ltr'>acerbus</span> <span class='ocrx_word' id='word_1_717' title='bbox 2479 4887 2573 4943; x_wconf 88' lang='lat' dir='ltr'>ille</span> <span class='ocrx_word' id='word_1_718' title='bbox 2604 4887 2812 4943; x_wconf 91' lang='lat' dir='ltr'>mortis</span> <span class='ocrx_word' id='word_1_719' title='bbox 2843 4888 3118 4944; x_wconf 90' lang='lat' dir='ltr'>stimulus</span> <span class='ocrx_word' id='word_1_720' title='bbox 3147 4892 3484 4949; x_wconf 87' lang='lat' dir='ltr'>extenditur</span> <span class='ocrx_word' id='word_1_721' title='bbox 3509 4893 3538 4950; x_wconf 74' lang='lat'>‘2</span> <span class='ocrx_word' id='word_1_722' title='bbox 3569 4893 3660 4951; x_wconf 77' lang='lat' dir='ltr'>Ad</span> 
     </span>
    </p>
   </div>
   <div class='ocr_carea' id='block_1_105' title="bbox 2006 4975 3663 5051">
    <p class='ocr_par' dir='ltr' id='par_1_105' title="bbox 2006 4975 3663 5051">
     <span class='ocr_line' id='line_1_106' title="bbox 2006 4975 3663 5051; baseline 0.004 -17"><span class='ocrx_word' id='word_1_723' title='bbox 2006 4994 2118 5034; x_wconf 89' lang='lat' dir='ltr'>nos</span> <span class='ocrx_word' id='word_1_724' title='bbox 2145 4977 2416 5034; x_wconf 87' lang='lat' dir='ltr'>transivit</span> <span class='ocrx_word' id='word_1_725' title='bbox 2441 4977 2553 5033; x_wconf 91' lang='lat' dir='ltr'>ista</span> <span class='ocrx_word' id='word_1_726' title='bbox 2580 4975 2780 5048; x_wconf 90' lang='lat' dir='ltr'>plaga,</span> <span class='ocrx_word' id='word_1_727' title='bbox 2805 4976 2920 5032; x_wconf 91' lang='lat' dir='ltr'>telo</span> <span class='ocrx_word' id='word_1_728' title='bbox 2940 4977 3220 5044; x_wconf 89' lang='lat' dir='ltr'>velocior,</span> <span class='ocrx_word' id='word_1_729' title='bbox 3245 4980 3478 5051; x_wconf 87' lang='lat' dir='ltr'>fulgure</span> <span class='ocrx_word' id='word_1_730' title='bbox 3499 4983 3663 5041; x_wconf 87' lang='lat' dir='ltr'>terri-</span> 
     </span>
    </p>
   </div>
   <div class='ocr_carea' id='block_1_106' title="bbox 2009 5065 3663 5144">
    <p class='ocr_par' dir='ltr' id='par_1_106' title="bbox 2009 5065 3663 5144">
     <span class='ocr_line' id='line_1_107' title="bbox 2009 5065 3663 5144; baseline 0.004 -20"><span class='ocrx_word' id='word_1_731' title='bbox 2009 5067 2185 5124; x_wconf 90' lang='lat' dir='ltr'>bilior</span> <span class='ocrx_word' id='word_1_732' title='bbox 2215 5082 2230 5131; x_wconf 84' lang='lat'><strong>;</strong></span> <span class='ocrx_word' id='word_1_733' title='bbox 2254 5066 2335 5123; x_wconf 88' lang='lat' dir='ltr'>ita</span> <span class='ocrx_word' id='word_1_734' title='bbox 2357 5070 2420 5121; x_wconf 91' lang='lat' dir='ltr'>ut</span> <span class='ocrx_word' id='word_1_735' title='bbox 2435 5065 2633 5136; x_wconf 90' lang='lat' dir='ltr'>jaceat</span> <span class='ocrx_word' id='word_1_736' title='bbox 2648 5065 2930 5122; x_wconf 89' lang='lat' dir='ltr'>defuncta</span> <span class='ocrx_word' id='word_1_737' title='bbox 2955 5066 3154 5138; x_wconf 90' lang='lat' dir='ltr'>puella</span> <span class='ocrx_word' id='word_1_738' title='bbox 3169 5069 3266 5125; x_wconf 86' lang='lat' dir='ltr'>vix</span> <span class='ocrx_word' id='word_1_739' title='bbox 3283 5068 3449 5126; x_wconf 66' lang='lat' dir='ltr'>horas</span> <span class='ocrx_word' id='word_1_740' title='bbox 3465 5073 3663 5144; x_wconf 91' lang='lat' dir='ltr'>spatio</span> 
     </span>
    </p>
   </div>
   <div class='ocr_carea' id='block_1_107' title="bbox 2013 5155 3664 5229">
    <p class='ocr_par' dir='ltr' id='par_1_107' title="bbox 2013 5155 3664 5229">
     <span class='ocr_line' id='line_1_108' title="bbox 2013 5155 3664 5229; baseline 0.004 -17"><span class='ocrx_word' id='word_1_741' title='bbox 2013 5155 2414 5220; x_wconf 86' lang='lat' dir='ltr'>efﬂorescens,</span> <span class='ocrx_word' id='word_1_742' title='bbox 2442 5170 2623 5225; x_wconf 88' lang='lat' dir='ltr'>grave</span> <span class='ocrx_word' id='word_1_743' title='bbox 2635 5160 2691 5210; x_wconf 91' lang='lat' dir='ltr'>et</span> <span class='ocrx_word' id='word_1_744' title='bbox 2711 5155 3117 5212; x_wconf 89' lang='lat' dir='ltr'>aversandum</span> <span class='ocrx_word' id='word_1_745' title='bbox 3133 5165 3382 5229; x_wconf 90' lang='lat' dir='ltr'>parentu</span> <span class='ocrx_word' id='word_1_746' title='bbox 3392 5176 3450 5215; x_wconf 94' lang='lat' dir='ltr'>m</span> <span class='ocrx_word' id='word_1_747' title='bbox 3473 5162 3664 5218; x_wconf 86' lang='lat' dir='ltr'>oculis</span> 
     </span>
    </p>
   </div>
   <div class='ocr_carea' id='block_1_108' title="bbox 2017 5242 3669 5322">
    <p class='ocr_par' dir='ltr' id='par_1_108' title="bbox 2017 5242 3669 5322">
     <span class='ocr_line' id='line_1_109' title="bbox 2017 5242 3669 5322; baseline 0.004 -22"><span class='ocrx_word' id='word_1_748' title='bbox 2017 5242 2422 5316; x_wconf 90' lang='lat' dir='ltr'>spectaculum</span> <span class='ocrx_word' id='word_1_749' title='bbox 2441 5261 2454 5312; x_wconf 92' lang='lat'><strong>;</strong></span> <span class='ocrx_word' id='word_1_750' title='bbox 2472 5259 2595 5316; x_wconf 88' lang='lat' dir='ltr'>quo</span> <span class='ocrx_word' id='word_1_751' title='bbox 2615 5243 2882 5316; x_wconf 91' lang='lat' dir='ltr'>primum</span> <span class='ocrx_word' id='word_1_752' title='bbox 2909 5251 3217 5302; x_wconf 91' lang='lat' dir='ltr'>momento</span> <span class='ocrx_word' id='word_1_753' title='bbox 3247 5249 3669 5322; x_wconf 84' lang='lat' dir='ltr'>puerperiiﬂos</span> 
     </span>
    </p>
   </div>
   <div class='ocr_carea' id='block_1_109' title="bbox 2017 5332 3667 5403">
    <p class='ocr_par' dir='ltr' id='par_1_109' title="bbox 2017 5332 3667 5403">
     <span class='ocr_line' id='line_1_110' title="bbox 2017 5332 3667 5403; baseline 0.002 -13"><span class='ocrx_word' id='word_1_754' title='bbox 2017 5333 2246 5390; x_wconf 81' lang='lat' dir='ltr'>exeruit</span> <span class='ocrx_word' id='word_1_755' title='bbox 2280 5349 2362 5399; x_wconf 88' lang='lat' dir='ltr'>se,</span> <span class='ocrx_word' id='word_1_756' title='bbox 2396 5332 2610 5389; x_wconf 92' lang='lat' dir='ltr'>eodem</span> <span class='ocrx_word' id='word_1_757' title='bbox 2629 5333 2880 5403; x_wconf 89' lang='lat' dir='ltr'>exaruit,</span> <span class='ocrx_word' id='word_1_758' title='bbox 2910 5333 3090 5391; x_wconf 91' lang='lat' dir='ltr'>etiam</span> <span class='ocrx_word' id='word_1_759' title='bbox 3111 5335 3417 5394; x_wconf 89' lang='lat' dir='ltr'>radicitus.</span> <span class='ocrx_word' id='word_1_760' title='bbox 3447 5341 3667 5396; x_wconf 86' lang='lat' dir='ltr'>Natura</span> 
     </span>
    </p>
   </div>
   <div class='ocr_carea' id='block_1_110' title="bbox 373 5457 2321 5517">
    <p class='ocr_par' dir='ltr' id='par_1_110' title="bbox 373 5457 2321 5517">
     <span class='ocr_line' id='line_1_111' title="bbox 373 5457 2321 5517; baseline -0.004 0"><span class='ocrx_word' id='word_1_761' title='bbox 373 5463 404 5488; x_wconf 84' lang='grc'><strong><em>⁸</em></strong></span> <span class='ocrx_word' id='word_1_762' title='bbox 1643 5459 1874 5516; x_wconf 69' lang='grc' dir='ltr'>νΑιιιΑι</span> <span class='ocrx_word' id='word_1_763' title='bbox 1916 5457 2321 5517; x_wconf 86' lang='lat' dir='ltr'>LECTIONES.</span> 
     </span>
    </p>
   </div>
   <div class='ocr_carea' id='block_1_111' title="bbox 373 5581 1176 5663">
    <p class='ocr_par' dir='ltr' id='par_1_111' title="bbox 373 5581 1176 5663">
     <span class='ocr_line' id='line_1_112' title="bbox 373 5581 1176 5663; baseline -0.01 -18"><span class='ocrx_word' id='word_1_764' title='bbox 373 5603 398 5634; x_wconf 73' lang='grc' dir='ltr'><strong>ε</strong></span> <span class='ocrx_word' id='word_1_765' title='bbox 427 5592 506 5648; x_wconf 83' lang='grc' dir='ltr'><strong>ἶσ.</strong></span> <span class='ocrx_word' id='word_1_766' title='bbox 541 5585 742 5663; x_wconf 84' lang='grc' dir='ltr'><strong>δώρων.</strong></span> <span class='ocrx_word' id='word_1_767' title='bbox 822 5591 842 5632; x_wconf 68' lang='grc' dir='ltr'>ί</span> <span class='ocrx_word' id='word_1_768' title='bbox 874 5595 993 5650; x_wconf 85' lang='grc' dir='ltr'>Πῶς</span> <span class='ocrx_word' id='word_1_769' title='bbox 1020 5581 1176 5640; x_wconf 84' lang='grc' dir='ltr'><strong>εἶπεν.</strong></span> 
     </span>
    </p>
   </div>
   <div class='ocr_carea' id='block_1_112' title="bbox 590 5684 1102 5746">
    <p class='ocr_par' dir='ltr' id='par_1_112' title="bbox 590 5684 1102 5746">
     <span class='ocr_line' id='line_1_113' title="bbox 590 5684 1102 5746; baseline -0.01 -2"><span class='ocrx_word' id='word_1_770' title='bbox 590 5689 831 5746; x_wconf 75' lang='grc' dir='ltr'><strong>ΡΑτιιοι..</strong></span> <span class='ocrx_word' id='word_1_771' title='bbox 860 5688 960 5745; x_wconf 83' lang='lat' dir='ltr'>Ga.</span> <span class='ocrx_word' id='word_1_772' title='bbox 995 5684 1102 5742; x_wconf 86' lang='lat' dir='ltr'>CII.</span> 
     </span>
    </p>
   </div>
   <div class='ocr_carea' id='block_1_113' title="bbox 3279 5683 3342 5740">
    <p class='ocr_par' dir='ltr' id='par_1_113' title="bbox 3279 5683 3342 5740">
     <span class='ocr_line' id='line_1_114' title="bbox 3279 5683 3342 5740; baseline -0.032 0"><span class='ocrx_word' id='word_1_773' title='bbox 3279 5683 3342 5740; x_wconf 72' lang='lat' dir='ltr'>3i</span> 
     </span>
    </p>
   </div>
  </div>
