4072 6232
513 260 609 315 974
1183 247 1187 250 ’
1742 259 1832 313 PH
1839 258 1974 314 ΟΤΙ]
2013 258 2501 317 PATRIARCH/E
2539 260 2647 318 CP.
3775 271 3889 325 972

509 387 723 458 parata
751 386 844 441 est
868 383 946 440 ad
972 383 1487 456 germinationem,
1520 386 1577 439 et
1606 382 1724 440 falx
1753 383 2052 441 mortifera
2079 401 2114 439 v

2277 391 2645 460 απεμαραίνετο
2699 393 2814 450 ταῖς
2867 388 3042 463 ῥίζαις
3098 410 3112 423 ·
3154 391 3184 449 ἡ
3228 393 3383 463 φύσις
3430 395 3561 468 πρὸς
3637 393 3885 466 βλάστην

513 475 779 532 sceribus
807 473 1270 530 altiusimmissa
1295 475 1424 530 vitae
1451 472 1630 529 vitam
1649 473 1992 530 demessuit.
2017 475 2121 540 Qui

2279 476 2518 543 εἱστήκει,
2551 481 2639 529 καὶ
2693 480 2750 529 τὸ
2805 485 2897 530 τοὺ
2952 481 3172 532 θανάτου
3225 477 3476 556 δρέπανον
3527 481 3887 558 ἔμϐαθυνόμε-

513 563 850 620 sutfecturte
879 565 1017 619 huic
1043 565 1211 620 casui
1249 563 1530 635 lacrymaa
1561 563 1589 619 ‘I
1614 563 1832 630 luctus,
1875 563 2121 620 lamenta

2277 585 2350 618 νον
2381 573 2490 626 τοῖς
2535 565 2882 638 σπλάγχνοις,
2937 574 3024 620 καὶ
3082 569 3244 628 αὑτὴν
3315 573 3450 633 ζωὴν
3500 571 3756 645 ἑξεθέριζε
3789 583 3885 626 τοῦ

513 655 768 725 gemitus
795 653 985 727 qualis
1011 654 1038 710 ?
1078 669 1144 708 os
1174 653 1354 722 longo
1393 653 1491 708 illo
1519 659 1574 709 et
1607 653 1892 725 fugiendo
1925 653 2120 710 silenti

2274 652 2412 726 βίου.
2441 662 2592 708 Ποῖον
2625 651 2852 730 δάκρυον
2901 656 3109 731 ἀρκέσει
3148 667 3219 730 τῷ
3275 662 3474 726 πάθει;
3519 666 3601 724 τίς
3659 682 3882 735 στεναγ-

509 744 840 813 obturatur,
882 741 1244 799 clauduntur
1271 741 1454 811 labia,
1497 758 1617 798 non
1656 743 2007 813 gravitatem
2049 743 2117 799 de

2271 749 2406 816 μός;
2459 741 2762 820 ὀδυρμόςδε
2809 754 2998 817 ποῖος;
3081 754 3207 820 σιγᾴ
3281 755 3452 822 στόμα
3505 755 3596 810 τὴν
3663 757 3879 826 μακρὰν

513 832 924 898 monstrantia,
949 847 1068 888 non
1092 832 1672 904 morescompositos
1692 831 2025 897 referentia,
2051 849 2121 888 sei

2267 832 2460 892 ἐκείνην
2515 840 2604 887 καὶ
2657 841 2869 908 φευκτὴν
2923 842 3147 908 σιωπὴν,
3180 843 3268 892 καὶ
3320 839 3476 911 χείλη
3516 845 3762 913 μέμυκεν,
3812 843 3875 895 οὑ

507 921 584 979 ad
624 921 1075 978 dissolutionem
1107 920 1391 976 conclusa
1423 939 1436 980 :
1480 926 1539 977 at
1563 921 1709 993 quid
1740 921 1768 977 ‘i
1805 921 1982 992 oculi,
2013 921 2115 978 hei

2267 927 2557 995 σεμνότητα
2608 921 2949 998 διηγούμενα,
3009 923 3133 979 οὑδὲ
3206 931 3264 980 τό
3321 935 3415 980 τοῦ
3445 930 3606 990 ἤθους
3644 936 3873 1003 κόσμιον

506 1011 710 1073 passio
725 1010 854 1066 haec
871 1009 1168 1065 silentium
1192 1013 1458 1082 superat,
1481 1026 1590 1066 nec
1609 1010 1869 1066 admittit
1886 1011 2114 1067 console

2265 1010 2674 1085 ἀπαγγέλλοντα,
2728 1019 2859 1090 πρὸς
2915 1012 2974 1068 δε
3025 1015 3175 1068 λύσιν
3218 1017 3598 1090 συστελλόμενοι
3630 1040 3643 1054 ο
3677 1020 3869 1092 ὀφθαλ-

503 1101 748 1164 tionem,
787 1099 940 1155 oculi
977 1099 1306 1171 (quomodo
1345 1099 1402 1154 id
1442 1100 1778 1172 exprimam
1817 1099 1868 1173 ‘2)
1907 1116 2111 1156 omne:

2261 1108 2354 1174 μοι
2411 1099 2471 1156 δὲ
2512 1109 2609 1172 τί;
2671 1113 2761 1176 φεῦ
2814 1107 3013 1168 πάθους
3069 1111 3159 1158 καὶ
3216 1111 3371 1178 σιγὴν
3450 1117 3692 1171 νικῶντος
3775 1115 3869 1162 καὶ

495 1189 738 1247 vitalem
765 1189 1062 1262 liquorem
1093 1194 1478 1255 evacuantes,
1504 1189 1780 1262 reliquias
1827 1189 2103 1245 immittui

2260 1189 2422 1263 λόγων
2454 1192 2548 1244 οὑκ
2588 1191 2902 1265 ἀνεχομένου
2937 1193 2949 1248 1
2983 1194 3238 1268 ὀφθαλμοὶ
3281 1198 3414 1266 (πῶς
3457 1198 3610 1269 εἴπω)
3641 1216 3655 1264 ;
3689 1206 3868 1251 πᾶσαν

495 1280 557 1337 in
587 1279 724 1336 cilia
753 1300 766 1346 ;
799 1279 992 1336 malas
1015 1293 1122 1349 pro
1143 1276 1485 1335 rubicunda
1515 1278 1769 1335 tinctura
1793 1279 2048 1335 naturali
2073 1284 2103 1336 ιι

2260 1280 2485 1341 ζωτικὴν
2515 1280 2711 1335 λιϐάδα
2765 1289 3094 1352 κενώσαντες,
3156 1293 3362 1360 νεκραῖς
3409 1294 3520 1348 ταῖς
3579 1286 3868 1364 βλεφαρίσι

492 1370 787 1426 nebrosus
815 1374 871 1426 et
894 1368 1160 1425 mortifer
1185 1368 1420 1437 inungit
1449 1368 1632 1434 color,
1662 1369 1870 1425 formae
1901 1384 2100 1425 omne:

2259 1373 2321 1422 τὰ
2349 1369 2566 1443 λείψανα
2608 1373 3001 1446 περιστέλλουσι
3036 1395 3048 1407 ·
3076 1376 3169 1437 τὰς
3226 1377 3444 1447 παρειάς
3512 1375 3626 1429 ἀντὶ
3665 1377 3867 1450 ἐρυθὴ-

489 1459 838 1533 exspolians
861 1463 1256 1514 venustatem.
1285 1457 1492 1513 Vultus
1523 1459 1783 1531 denique
1815 1463 1971 1514 totus
2000 1457 2097 1514 uti

2255 1480 2432 1532 ματος,
2485 1466 2575 1515 καὶ
2633 1461 2809 1535 βαφῆς
2871 1463 3096 1536 ἕμφύτου
3199 1468 3458 1518 σκοτεινὸν
3531 1472 3623 1519 καὶ
3683 1471 3863 1541 νεκρὸν

487 1549 594 1607 tali
627 1565 790 1615 casu,
825 1547 1231 1621 spectaculum
1263 1547 1633 1604 intuentibus
1673 1548 2002 1604 timendum
2035 1563 2095 1603 ex

2249 1550 2515 1623 ὑπαλείφει
2591 1561 2809 1625 χρῶμα,
2896 1561 3097 1627 μορφῆς
3152 1553 3365 1616 ἀπάσης
3417 1553 3724 1627 ἐξαφανίζον
3781 1558 3838 1610 εὑ

485 1639 651 1697 hibet
687 1644 744 1697 et
781 1637 1053 1696 terribile.
1095 1639 1238 1704 Quae
1265 1637 1393 1694 hinc
1431 1637 1658 1694 invidia
1684 1637 1713 1693 ?
1741 1654 1878 1711 quae
1917 1637 2093 1709 injuri

2251 1643 2492 1713 πρέπειαν
2557 1662 2571 1675 ·
2609 1646 2668 1694 τὸ
2752 1646 3032 1716 πρόσωπον
3139 1643 3272 1710 ὅλον,
3333 1647 3402 1707 ὡς
3479 1644 3534 1697 ἐκ
3585 1649 3859 1712 τοιούτων,

485 1727 784 1800 ejusmodi
800 1728 860 1783 in
877 1743 987 1784 nos
1009 1732 1362 1799 contorquet
1380 1725 1493 1783 tela
1512 1727 1540 1782 ‘I
1567 1726 1664 1782 ubi
1688 1726 1916 1783 transiit
1938 1727 2093 1783 luctu

2250 1735 2465 1800 φρικτήν
2491 1735 2579 1783 καὶ
2607 1730 2825 1806 φοϐερὰν
2873 1740 2982 1794 τοίς
3009 1734 3174 1805 όρῶσι
3224 1737 3317 1792 τὴν
3370 1735 3486 1786 θέαν
3537 1739 3858 1806 παρέχεται.

483 1832 662 1884 unus,
688 1816 1024 1889 insequitur
1052 1815 1196 1872 alter
1215 1815 1620 1872 vehementior
1644 1832 1658 1882 ;
1686 1815 1782 1872 ille
1808 1815 2091 1873 lactante:

2255 1823 2333 1880 Γίς
2355 1817 2621 1891 βασκανία
2653 1837 2667 1886 ;
2697 1826 2772 1881 τίς
2814 1819 3030 1895 ἐπήριια
3075 1829 3297 1874 τοιαῦτα
3345 1824 3460 1874 καθ’
3511 1824 3662 1894 ἡμῶν
3711 1823 3863 1883 ἁκον,

482 1907 772 1965 infantem
790 1905 1122 1979 occupavit,
1144 1905 1240 1961 hic
1263 1910 1514 1961 matrem
1542 1921 1684 1961 mox
1705 1905 1990 1972 futuram,
2015 1907 2090 1962 ni:

2251 1911 2375 1971 τίζει
2420 1911 2485 1960 τὰ
2539 1907 2698 1979 βελης
2742 1913 2885 1963 οὔπω
2937 1910 3170 1986 παρῆλθε
3223 1915 3280 1963 τὸ
3337 1917 3580 1985 πρότερον
3645 1917 3859 1980 πένθος,

479 1997 865 2070 praevenisset
891 1994 1055 2052 mala
1075 2011 1257 2051 mors.
1287 1994 1597 2051 Undenam
1619 1999 1700 2052 tot
1725 2000 1781 2051 et
1809 2001 1985 2052 tantae
2007 1995 2087 2068 plt

2249 2003 2330 2049 ιιαὶ
2383 1998 2537 2050 πάλιν
2591 2000 2757 2070 ἕτερον
2835 1998 3048 2054 ἐπέπεσε
3148 2000 3344 2072 μεῖζον.
3415 2006 3483 2054 Τὸ
3558 2005 3650 2072 μὲν
3713 2001 3857 2075 εἶχεν

479 2101 569 2160 gat
589 2087 617 2144 ‘I
639 2087 717 2144 ab
742 2085 1090 2144 hominibus
1112 2084 1325 2157 plagas,
1352 2084 1430 2140 ab
1450 2084 1696 2142 occultis
1720 2085 1996 2152 inimicis,
2024 2102 2087 2141 ur

2245 2089 2530 2160 ὑπομάζιον
2561 2085 2732 2141 παῖδα
2761 2111 2773 2123 ·
2807 2097 2959 2142 τοῦτο
2985 2087 3046 2143 δε
3075 2095 3166 2142 καὶ
3211 2095 3415 2164 μητέρα
3453 2091 3536 2144 ἐπὶ
3567 2091 3628 2143 ἆν
3664 2094 3853 2146 eain-os

475 2177 655 2250 dique
676 2174 1128 2234 circumsistunt
1145 2173 1328 2241 mala,
1358 2174 1745 2231 mittunturin
1771 2191 1881 2233 nos
1903 2175 2083 2248 jacult

2245 2179 2296 2228 τὸ
2327 2181 2485 2229 κακὸν
2515 2180 2726 2237 επεστη.
2759 2181 2917 2232 Πόθεν
2975 2181 3029 2231 αἱ
3085 2179 3396 2238 τηλικαῦται
3450 2186 3540 2234 καὶ
3590 2189 3853 2235 τοσαῦται

477 2267 538 2324 in
568 2267 787 2324 liberos
818 2285 832 2336 ;
869 2264 1170 2336 tragoediis
1197 2279 1375 2320 scena
1400 2263 1601 2332 ﬁmus,
1648 2264 1895 2321 chorum
1926 2265 1988 2322 in
2020 2282 2085 2322 nc

2241 2266 2437 2338 πληγαί
2469 2286 2484 2337 ;
2518 2267 2713 2337 πληγαὶ
2753 2267 2804 2331 ἐξ
2862 2268 3142 2341 ἀνθρώπων
3185 2291 3198 2303 ·
3255 2271 3452 2342 πληγαὶ
3525 2269 3581 2334 ἐξ
3635 2268 3849 2330 ἀδήλων

476 2357 695 2415 saltant
709 2356 924 2420 luctus,
943 2354 1133 2420 dolor,
1154 2353 1405 2422 tristitia,
1420 2353 1618 2409 vultus
1636 2354 1908 2425 dejectio.
1928 2356 2084 2412 omni

2237 2359 2561 2430 μηνιμάτων.
2625 2361 2958 2430 Πανταχόθεν
3011 2360 3198 2418 ἕστηκε
3253 2362 3320 2412 τὰ
3347 2357 3533 2413 δεινάο
3585 2364 3644 2413 τὰ
3703 2361 3831 2433 βελη

475 2445 650 2520 plane
689 2444 987 2503 malorum
1029 2443 1284 2514 Erynnis
1318 2458 1331 2495 :
1370 2441 1602 2508 Clotho,
1635 2444 1834 2500 nescio
1864 2460 2018 2516 quas,
2063 2460 2083 2500 ι

2237 2452 2443 2520 φέρεται
2483 2447 2550 2508 εἰς
2623 2449 2763 2520 ἡμᾶς
2829 2448 3037 2519 αὐτοὺς,
3118 2449 3188 2511 εἰς
3261 2446 3482 2510 παῖδας.
3561 2455 3841 2522 Γεγόναμεν

476 2534 732 2600 videtur,
775 2534 1026 2590 chorum
1066 2532 1126 2588 in
1164 2547 1276 2588 nos
1315 2531 1500 2598 ducit,
1560 2532 1728 2588 fusus
1768 2537 1825 2588 et
1860 2533 2084 2590 infelice

2241 2541 2404 2596 σκηνὴ
2458 2534 2780 2611 τραγῳδίας,
2836 2543 2925 2591 καὶ
2997 2541 3313 2613 χορεύουσιν
3362 2537 3410 2591 ἐν
3482 2541 3608 2612 ἡμῖν
3658 2542 3849 2613 θρῆνος

475 2623 638 2681 illius
656 2621 838 2694 glomi
859 2621 1047 2677 vitam
1068 2624 1334 2677 nostram
1353 2620 1580 2677 actibus
1603 2621 1927 2688 innectunt,
1953 2627 2011 2679 et
2030 2638 2083 2679 al

2240 2631 2325 2679 καὶ
2363 2629 2545 2689 πένθος
2596 2632 2684 2680 καὶ
2713 2627 2850 2687 λύπη
2895 2634 2986 2681 καὶ
3037 2633 3314 2701 κατήφεια,
3361 2633 3452 2682 καὶ
3492 2636 3640 2682 πᾶσα
3669 2640 3848 2683 κακῶν

476 2716 764 2786 gumenta
795 2710 1131 2768 ministrant
1159 2710 1521 2779 tragicorum
1547 2710 1869 2768 modorum
1895 2711 2084 2768 acerbi

2240 2714 2474 2788 ἔριννὺς·
2528 2719 2741 2788 συνάγει
2799 2714 2848 2770 δ’
2905 2719 3132 2793 ἄρα,ὡς
3177 2721 3329 2784 ἔοικε,
3387 2723 3474 2771 τὸν
3514 2720 3634 2772 καθ’
3699 2723 3848 2792 ἡμῶν

475 2804 792 2860 choreutis.
827 2799 940 2858 Sed
970 2797 1117 2872 quid
1147 2797 1289 2853 mihi
1319 2798 1534 2854 accidit
1561 2798 1589 2853 ‘I
1617 2815 1738 2872 quo
1768 2815 1881 2872 ego
1920 2801 2076 2857 feror

2235 2808 2398 2876 χορὸν
2427 2805 2618 2859 Κλωθώ
2671 2826 2750 2869 τις
2801 2811 2891 2859 καὶ
2932 2808 3183 2880 ἄτρακτοι
3213 2819 3258 2857 υ.
3310 2811 3401 2859 καὶ
3477 2810 3542 2859 τὰ
3586 2805 3841 2880 δυστυχῆ

474 2892 579 2968 qui
599 2892 971 2949 institueram
992 2887 1460 2945 consolationem
1482 2887 1761 2956 scribere,
1781 2890 1981 2946 nescio
2002 2907 2082 2964 qu

2237 2895 2426 2954 ταύτης
2476 2901 2701 2967 νήματα,
2754 2901 2839 2947 τόν
2877 2915 2930 2948 τε
2985 2897 3232 2970 ἡμέτερον
3282 2893 3398 2967 βίον
3445 2904 3557 2957 τοῖς
3596 2893 3845 2970 δράμασι

471 2987 675 3056 pacto,
700 2982 863 3038 luctu
891 2994 1012 3036 una
1035 2978 1339 3051 abreptus,
1373 2994 1512 3034 cum
1542 2994 1664 3036 non
1695 2982 1922 3036 valeret
1950 2981 2079 3038 ratic

2237 2979 2613 3049 διαπλέκουσα,
2668 2989 2758 3038 καὶ
2829 2992 3148 3058 χορηγοῦσα
3220 2988 3311 3045 τὰς
3387 2987 3670 3048 ὑποθέσεις
3743 2995 3845 3038 τῶν

475 3076 684 3130 contra
721 3086 966 3128 cursum
1006 3067 1150 3125 mali
1206 3068 1269 3123 in
1309 3067 1673 3125 contrarium
1732 3068 1958 3136 obnixi,
2000 3086 2083 3143 qu

2240 3082 2494 3144 τραγικῶν
2551 3073 2797 3145 ᾀσμάτων
2851 3082 2955 3135 τοῖς
3022 3081 3229 3147 πικροῖς
3297 3082 3596 3151 χορευταῖς.
3683 3075 3848 3127 Ἀλλὰ

473 3162 694 3220 nollem
708 3161 942 3218 delatus
959 3175 1092 3215 sum
1113 3174 1128 3225 ;
1143 3163 1199 3214 et
1216 3156 1408 3214 solatii
1421 3173 1759 3215 sermonem
1780 3174 2081 3216 exorsuru:

2239 3163 2542 3228 τίέπαθον;
2598 3171 2688 3215 ποῖ
2735 3168 2998 3236 φέρομαι;
3049 3166 3262 3236 γράφειν
3337 3165 3615 3239 ἀρξάμενος
3663 3183 3847 3236 παροι-

474 3252 552 3312 ad
571 3251 874 3324 lacrymas
895 3247 1307 3322 plangentium
1333 3247 1692 3320 abripiebar.
1725 3248 1841 3304 Sed
1862 3255 2082 3306 reverta

2237 3253 2437 3322 μύθιον,
2490 3252 2660 3316 αὐτὸς,
2708 3252 2802 3304 οὑκ
2846 3249 2948 3305 οἶδ’
3011 3255 3169 3317 ὅπως,
3225 3262 3296 3324 τῷ
3353 3255 3518 3307 πένθει
3565 3272 3845 3325 συναρπα-

474 3342 552 3400 ad
582 3343 883 3414 meipsum
912 3357 928 3407 ;
959 3354 1070 3396 nec
1098 3337 1372 3394 mmroris
1410 3337 1710 3408 profundo
1749 3338 2074 3409 immergar

2233 3342 2395 3405 σθεὶς,
2445 3341 2538 3394 οὑκ
2611 3341 2966 3413 ἀντισχόντων
3054 3351 3154 3394 τῶν
3218 3341 3482 3415 λογισμῶν
3553 3346 3690 3416 πρὸς
3743 3349 3839 3401 τὴν

470 3431 692 3490 multos
719 3429 891 3487 dolor
926 3426 1359 3501 pessumdedit,
1393 3442 1513 3481 non
1545 3425 1727 3482 modo
1758 3443 1976 3499 corpus
2014 3427 2078 3483 de

2231 3433 2389 3502 φορὰν
2412 3438 2500 3482 τοῦ
2554 3426 2744 3495 δεινοῦ,
2801 3431 2871 3492 εἰς
2905 3430 3215 3496 τούναντίον,
3260 3431 3327 3483 ὧν
3386 3430 3663 3497 ἐσκόπουν,
3706 3451 3839 3506 παρα

471 3528 725 3584 struens,
765 3518 872 3574 sed
908 3515 1199 3572 lethaliter
1236 3515 1427 3586 ipsam
1470 3515 1738 3571 animam
1779 3516 2079 3572 vulneran:

2229 3522 2418 3592 εσύρην
2475 3541 2487 3552 α
2542 3525 2630 3572 καὶ
2685 3519 3012 3593 παραψυχῆς
3091 3520 3450 3592 εἰσηγούμενος
3535 3521 3709 3593 λόγον,
3765 3522 3837 3582 εἰς

472 3608 754 3666 Hostibus
781 3622 856 3663 ne
887 3605 1290 3675 gratiﬁcemur
1333 3620 1346 3669 ;
1380 3603 1636 3660 oblectat
1673 3603 1873 3660 hostes
1914 3612 2080 3661 nostr

2228 3611 2291 3660 τὰ
2329 3618 2428 3660 τῶν
2485 3607 2808 3686 ὀδυρομένων
2865 3609 3169 3682 ἀπηνέχθην
3219 3606 3446 3684 δάκρυα.
3482 3610 3644 3664 Ἀλλά
3682 3617 3834 3682 γινώ-

468 3697 721 3772 dejectio
758 3694 990 3766 injuriis
1029 3692 1378 3748 aﬂ'ectorum
1422 3709 1436 3758 ;
1471 3707 1544 3748 ne
1573 3692 2018 3750 committamus
2059 3696 2075 3751 i

2225 3700 2359 3770 μεθα
2386 3700 2529 3771 ἡμῶν
2567 3699 2749 3765 αὑτῶν,
2779 3695 2916 3770 μηδὲ
2959 3707 3030 3769 τῷ
3072 3697 3219 3771 βυθῷ
3269 3707 3363 3760 τῆς
3415 3699 3584 3760 λύπης
3631 3698 3832 3772 βαπτι-

469 3793 721 3862 paterna
742 3783 1096 3840 fortitudinis
1117 3782 1446 3838 certamina
1469 3799 1482 3838 :
1511 3783 1785 3838 viderunt
1805 3782 1885 3838 illi
1903 3782 2077 3842 liberc

2227 3786 2436 3857 ζωμεθα
2485 3804 2498 3817 ⁸
2539 3787 2755 3849 πολλοὺς
2815 3786 3045 3839 ἀπώλεσε
3101 3787 3262 3853 λύπη,
3344 3787 3404 3840 ού
3460 3797 3616 3861 σῶμα
3675 3809 3829 3860 μονον

465 3893 601 3935 rum
616 3881 853 3940 mortes,
875 3879 1095 3931 mortes
1107 3889 1224 3929 non
1244 3872 1546 3946 ejusmodi
1560 3879 1776 3930 nostra:
1793 3880 1948 3940 sunt,
1963 3875 2073 3931 Deu

2226 3872 2600 3951 διαφθείρασα,
2653 3874 2779 3927 ἀλλά
2828 3881 2917 3928 καὶ
2974 3876 3163 3948 ψυχῆς
3217 3876 3377 3938 αὑτῆς
3403 3876 3740 3948 λυμηναμένη
3765 3880 3831 3929 τὰ

465 3971 693 4026 avertat
708 3966 720 4023 l
736 3965 956 4021 Horum
971 3963 1167 4036 proles
1179 3962 1354 4033 ignis,
1372 3978 1553 4034 aqua,
1569 3962 1733 4020 lacus
1747 3963 2073 4020 diviserunt

2221 3971 2419 4040 καίρια.
2473 3963 2623 4024 Μηδὲ
2671 3973 2780 4026 τοῖς
2825 3964 3038 4038 ἐχθροῖς
3086 3969 3436 4038 χαριζώμεθα
3493 3985 3506 3998 °
3563 3971 3701 4038 μέγα
3723 3970 3824 4042 γὰρ

463 4057 738 4114 exsilium
760 4053 1219 4113 acerbissimum
1250 4057 1306 4108 et
1328 4052 1774 4108 intolerandum
1803 4053 2071 4110 incubuit

2220 4058 2434 4129 ἐχθροις
2466 4057 2535 4117 εἰς
2581 4052 2866 4129 θυμηδίαν,
2927 4059 2955 4114 ἡ
3004 4060 3262 4128 κατήφεια
3308 4065 3406 4108 τῶν
3476 4055 3826 4130 ἐπηρεαζομέ-

459 4146 744 4206 omnibus
781 4143 992 4202 amicis
1030 4147 1086 4198 et
1115 4141 1398 4197 afﬁnibus
1434 4141 1693 4197 destituti
1732 4147 1914 4198 erant.
1960 4143 2067 4199 Nih

2217 4164 2311 4194 νων
2355 4163 2366 4176 ’
2409 4142 2539 4217 μηδ’
2566 4145 2633 4206 εἰς
2672 4149 2791 4208 τοὺς
2829 4148 3109 4220 πατρικοὺς
3158 4154 3253 4207 τῆς
3303 4151 3580 4221 καρτερίας
3618 4145 3823 4218 ἐξυϐρί-

457 4236 718 4310 denique
757 4248 879 4290 non
917 4231 1319 4296 auferebatur,
1374 4231 1539 4304 quod
1579 4231 1872 4287 tantillum
1915 4232 2065 4288 solat

2216 4233 2382 4306 ζωμεν
2413 4234 2627 4295 ἄθλους.
2695 4230 2849 4286 Εἶδον
2905 4233 3086 4286 ἐκεῖνοι
3141 4236 3388 4296 θανάτους
3432 4231 3626 4288 παίδων
3672 4253 3686 4266 ο
3723 4236 3815 4285 θα-

455 4325 668 4384 afferre
696 4327 900 4398 posset
931 4339 944 4390 ;
978 4327 1034 4380 et
1059 4326 1259 4379 tamen
1291 4321 1515 4392 gratias
1550 4327 1792 4393 agentes
1818 4322 2022 4390 tulere,
2051 4339 2063 4379 ι

2213 4326 2418 4390 νάτους,
2469 4325 2574 4396 οὐχ
2627 4325 2726 4376 οἷοι
2769 4322 2889 4396 παρ’
2963 4325 3108 4395 ἡμῖν,
3179 4321 3320 4396 μηδὶ
3367 4329 3560 4396 γίνοιτο
3614 4325 3811 4374 τούτων

452 4420 655 4476 tamen
687 4428 1016 4486 supernum
1046 4425 1274 4467 numen
1300 4409 1737 4466 venerabantur
1769 4426 1782 4476 ;
1815 4411 1980 4483 quod
2004 4428 2060 4468 re

2212 4414 2278 4463 τὰ
2319 4415 2522 4484 ἔκγονα,
2583 4421 2684 4488 πῦρ
2717 4418 2805 4465 καὶ
2858 4409 3002 4487 ὕδωρ
3051 4417 3138 4465 καὶ
3197 4412 3389 4475 λάκκος
3415 4413 3700 4486 ἐμερίζετο,
3729 4417 3818 4465 καὶ

448 4505 769 4570 humanas,
790 4502 946 4559 ultra
972 4501 1289 4558 hominum
1315 4499 1698 4571 cogitationes
1720 4499 2054 4570 gubernare

2210 4505 2324 4554 τότε
2361 4509 2552 4577 πικρᾶς
2603 4508 2691 4554 καὶ
2742 4501 2955 4576 βαρείας
3002 4509 3092 4563 τῆς
3146 4504 3418 4576 ὑπερορίας
3465 4503 3815 4576 ἐπικειμένης,

449 4597 813 4668 Cogitemus,
829 4592 930 4665 qui
948 4607 1156 4646 sumus
1181 4607 1194 4646 :
1217 4589 1374 4644 unde
1388 4588 1498 4644 orti
1523 4631 1537 4655 ,
1559 4604 1681 4644 non
1698 4604 1729 4644 e
1753 4589 2057 4646 mortalibu

2209 4597 2295 4644 καὶ
2350 4595 2526 4655 πάσης
2575 4591 2791 4665 ἐρημίας
2836 4591 2992 4664 φίλων
3073 4602 3331 4664 συγγενῶν
3381 4599 3811 4666 περιεστηκυίας,

444 4687 728 4745 mortales
756 4686 784 4741 ‘I
810 4697 1012 4739 nonne
1040 4697 1072 4736 e
1110 4695 1230 4736 non
1267 4677 1709 4743 exsistentibus,
1742 4695 1880 4734 mox
1916 4679 2052 4735 futu

2428 4702 2544 4733 ντων
2611 4681 2783 4744 ἁπλῶς
2840 4681 2941 4733 ὅσα
2981 4681 3338 4754 ψυχαγωγίαν
3398 4683 3517 4734 τινά
3563 4687 3704 4754 φέρει
3730 4701 3812 4734 πε-
4029 4700 4036 4754 Α

442 4775 558 4847 ipsi
578 4773 743 4848 quod
765 4787 888 4830 non
911 4786 1120 4826 sumus
1149 4769 1176 4824 ?
1205 4768 1305 4824 ubi
1331 4767 1545 4840 pater?
1574 4767 1670 4822 ubi
1697 4783 1832 4825 mea
1859 4776 2048 4825 mater

2203 4775 2528 4845 ριηρημίνων
2554 4788 2566 4800 °
2627 4770 2732 4823 ἀλλ’
2756 4771 3089 4845 εὐχαρίστως
3115 4775 3334 4842 ἤνεγκαν
3368 4788 3380 4800 °
3417 4770 3523 4823 ἀλλ’
3551 4769 3811 4835 ἐδόξασαν

442 4878 644 4920 annon
672 4867 1000 4935 postquam
1029 4857 1361 4931 pauxillum
1379 4857 1438 4912 in
1469 4856 1581 4912 hac
1611 4857 1744 4913 vitae
1777 4873 1956 4915 scena
1974 4874 2044 4913 co

2202 4864 2288 4912 τὸν
2334 4869 2602 4935 κρεῖττονα
2649 4874 2678 4902 V
2734 4863 2763 4920 ἣ
2815 4864 2950 4914 κατά
3024 4861 3310 4934 λογισμούς
3385 4860 3671 4935 ἀνθρώπων
3747 4866 3808 4914 τα

439 4948 724 5020 luserant,
763 4950 876 5006 nisi
902 4948 1067 5022 quod
1110 4951 1440 5018 martyrum
1473 4945 1606 5001 illos
1640 4962 1863 5003 corona
1901 4952 1958 5003 et
1986 4964 2047 5020 pz

2201 4948 2495 5022 ἀνθρώπινα
2553 4947 2988 5024 διακυϐερνῶντα.
3051 4951 3399 5022 Ἐννοήσωμεν
3447 4956 3582 5012 τίνες
3633 4950 3802 5024 ἐσμεν,

436 5038 651 5095 tientiaa
683 5038 1131 5103 cohonestabat,
1165 5034 1522 5110 quantocius
1554 5035 1780 5091 theatro
1811 5051 2044 5092 excesse

2199 5042 2348 5092 πόθεν
2397 5045 2690 5112 γεγόναμεν·
2756 5040 2850 5092 οὑκ
2903 5040 2956 5092 ἐκ
3030 5042 3226 5098 θνητῶν
3287 5042 3503 5107 eumsi;
3569 5041 3699 5112 οὑχὶ
3755 5039 3807 5100 ἐξ

433 5127 614 5184 runt?
634 5130 814 5197 Reges
829 5134 1028 5184 autem
1046 5133 1102 5184 et
1133 5127 1390 5198 tyranni,
1413 5125 1750 5198 supercilio,
1770 5132 1826 5181 et
1848 5131 2041 5182 tumor

2193 5129 2286 5182 οὐκ
2318 5134 2468 5182 ὄντων
2499 5129 2607 5202 μετ’
2637 5129 2809 5202 ὀλίγον
2838 5130 2932 5182 ούκ
2981 5127 3214 5201 ἐσόμενοι
3249 5146 3263 5196 ;
3308 5137 3409 5181 ποῦ
3459 5149 3550 5200 μοι
3580 5134 3752 5201 πατήρ
3786 5146 3798 5194 ;

429 5215 815 5282 immortales,
859 5232 1059 5272 annon
1091 5231 1229 5272 cum
1271 5216 1394 5270 suis
1435 5215 1827 5286 potestatibus
1887 5223 2037 5272 mort

2193 5228 2289 5272 πού
2350 5217 2408 5272 δέ
2459 5239 2549 5290 μοι
2578 5224 2794 5293 μήτηρ;
2856 5219 2982 5291 ούχὶ
3041 5222 3207 5293 μικρά
3260 5226 3331 5290 τῷ
3387 5216 3490 5291 βίῳ
3541 5222 3798 5292 προσπαί-

427 5304 725 5366 submersi
767 5309 906 5360 sunt
931 5305 961 5358 ‘2
989 5308 1209 5362 Natura
1239 5306 1434 5362 omnis
1461 5305 1733 5364 humana
1765 5309 2032 5379 utcunqu

2189 5308 2378 5372 ξαντες,
2438 5308 2568 5367 πλὴν
2629 5310 2730 5361 ὅσα
2781 5313 3102 5383 μαρτνρικός
3166 5307 3356 5370 αὐτοὺς
3405 5313 3495 5360 καὶ
3553 5316 3650 5369 τῆς
3678 5310 3797 5360 ὑπο-

1768 5434 2006 5491 VARl/E
2047 5435 2333 5492 LECTION
2341 5436 2441 5491 ES.
3699 5475 3730 5500 ο

492 5572 521 5603 ιι
553 5559 829 5634 Ἀτροπός.
906 5567 938 5597 ν
966 5556 1042 5606 ῖσ.
1071 5556 1159 5606 τὸν
1193 5558 1340 5610 Θεὸν.
1386 5563 1636 5629 κρεῖττον.
