4072 6232
273 183 385 240 973

272 317 433 383 μονῆς
464 304 736 384 διεκόσμει
769 313 1036 384 στέγανος,
1080 312 1262 364 θᾶττον
1308 309 1541 372 λιπόντες
1577 312 1636 362 τὸ
1668 312 1878 384 θέατρον
1911 308 1957 367 Α

277 408 486 472 ᾤχοντο
519 416 531 467 ;
567 402 633 453 Οἱ
689 396 749 453 δε
788 399 1025 474 βασιλεῖς
1072 404 1159 452 καὶ
1202 402 1461 475 τύραννοι,
1497 401 1545 451 οὶ
1587 407 1660 470 τῷ
1714 401 1878 472 φρυά-

277 509 448 563 γματι
476 493 567 542 καὶ
615 498 732 553 ταῖς
784 490 1002 565 ὀφρύσιν
1050 490 1314 555 ἀθάνατοι,
1374 489 1503 561 οὐχὶ
1549 497 1621 560 τῷ
1682 490 1879 560 Θανάτῳ

282 575 620 641 δυναστείαις
650 579 835 642 αὐταῖς
894 576 1248 632 καταδύονται
1279 598 1293 647 ;
1326 584 1481 632 Πᾶσα
1501 581 1654 651 φύσις
1680 577 1881 652 ἀνθρώ-

282 688 419 735 πων,
455 668 551 722 κᾶν
577 668 963 732 ἐξουσιάζουσα
990 665 1044 742 ᾖ,
1076 666 1169 721 κᾶν
1200 664 1422 734 ἰδιῶτις,
1472 666 1566 720 κάν
1609 672 1879 741 γερόντων,

283 757 382 810 κᾶν
410 762 552 823 νέων,
605 758 701 810 κᾶν
752 754 974 833 ἀνδρῶν,
1024 757 1117 809 κᾶν
1162 766 1442 829 γυναικῶν,
1504 758 1706 828 θανάτῳ
1757 757 1883 807 πάν-

284 866 381 909 τως
410 851 645 920 τέμνεται
689 855 778 901 τοῦ
821 846 945 920 βίου
977 868 989 882 ·
1022 852 1110 900 καὶ
1156 844 1307 899 οὐδὲν
1338 846 1396 900 οὐ
1454 851 1525 919 μὴ
1560 842 1791 919 διαφύγῃ
1824 847 1882 897 τὸ

282 935 478 990 ἐκείνου
540 934 825 1010 δρέπανον·
882 932 1033 989 οὐδὲν
1106 940 1302 1002 καινόν,
1365 932 1487 989 οὐδε
1561 932 1879 1009 παράδοξον,

281 1022 409 1080 οὐδε
474 1033 567 1087 τῆς
656 1028 859 1098 φύσεως
942 1026 1238 1097 ὑπέστημεν
1332 1026 1622 1100 ὑπερόριον.
1706 1027 1879 1082 Θνητὴ

280 1114 627 1190 προελήλυθεν
693 1114 749 1167 έκ
824 1113 1141 1187 σπλάγχνων
1202 1116 1396 1172 θνητῶν
1447 1119 1537 1167 καὶ
1589 1122 1661 1185 τῷ
1718 1116 1882 1184 θνητῷ

280 1202 387 1277 βίῳ
445 1209 584 1277 νόμῳ
664 1207 863 1277 φύσεως
941 1204 1382 1277 λειτουργήσασα,
1461 1212 1532 1274 τῷ
1597 1203 1736 1274 αὐτῷ
1794 1211 1883 1263 τῆς

279 1297 478 1367 φύσεως
529 1299 669 1367 νόμῳ
723 1298 847 1368 πρὸς
898 1298 992 1353 τὴν
1047 1292 1300 1346 ἀθάνατον
1355 1292 1614 1345 πολιτείαν
1686 1289 1884 1352 ἀπεδή-

278 1404 470 1458 μησεν.
513 1384 624 1438 Οὐκ
662 1385 803 1437 ἔλιπε
848 1380 1048 1444 παῖδας
1088 1380 1436 1458 ὀδυρομένους
1467 1382 1711 1458 ὀρφανίαν
1742 1403 1754 1415 ·
1788 1382 1882 1435 οὐκ

282 1472 484 1534 ἀπῆλθε
536 1477 623 1526 τὸν
669 1478 788 1547 περὶ
853 1476 919 1526 τά
971 1475 1158 1546 ἔκγονα
1241 1476 1394 1525 πόνον
1438 1477 1739 1546 πικρότερον
1791 1479 1882 1524 τοῦ

287 1565 513 1618 θανάτου
590 1566 1005 1636 συνεπιφέρουσα
1058 1565 1266 1636 κέντρον
1296 1582 1309 1594 ·
1357 1560 1450 1613 οὐκ
1506 1559 1651 1613 ἔλαϐε
1693 1560 1883 1619 πολλὴν

1530 181 2037 240 EPISTOLARUM
2077 183 2295 244 LIBER
2336 186 2427 242 III.

3532 192 3639 249 974

1990 308 2257 381 potentia
2282 309 2533 378 fruatur,
2572 311 2709 370 licet
2737 312 2969 387 privati,
3012 328 3202 381 senes,
3221 313 3637 385 juvenes,viri,

1990 398 2291 465 mulieres,
2320 416 2425 474 per
2452 407 2707 458 mortem
2736 402 2810 459 de
2839 404 2958 459 vita
2972 402 3213 472 tollitur,
3237 419 3348 460 nec
3370 405 3641 479 estquod

1990 488 2120 559 ejus
2150 488 2362 546 falcem
2394 491 2613 547 evitare
2642 498 2842 565 queat.
2864 496 3094 549 Novum
3126 508 3248 550 non
3275 498 3381 561 est,
3409 500 3513 551 aut
3536 511 3642 568 pa-

1989 578 2308 649 radoxum,
2324 580 2489 652 quod
2502 585 2729 637 naturae
2742 581 3360 655 exsiliosubjiciamur,
3378 584 3643 643 mortalis

1995 667 2092 724 illa
2117 669 2333 741 prodiit
2362 685 2394 726 e
2416 670 2736 727 visceribus
2755 671 3127 741 mortalibus,
3159 678 3210 729 et
3240 672 3375 729 vitea
3409 672 3644 732 mortali

1993 756 2095 813 ubi
2108 757 2279 829 juxta
2298 758 2491 829 legem
2516 760 2849 818 naturalem
2866 760 3229 829 inservisset,
3244 778 3351 835 per
3365 763 3645 821 eamdem

1991 846 2185 918 legem
2204 848 2280 905 ad
2295 849 2697 907 immortalem
2716 856 2938 908 statum
2957 852 3398 924 peregrinatur:
3425 852 3645 911 liberos

1992 936 2157 993 haud
2181 938 2415 1013 reliquit
2442 941 2801 1013 orphaniam
2833 947 3137 1012 gementes
3168 958 3345 999 suam
3369 959 3383 1010 ;
3406 959 3528 1001 non
3548 961 3647 1001 ex-

1993 1026 2170 1083 cessit
2183 1044 2303 1083 una
2316 1044 2517 1085 secum
2533 1029 2899 1086 desiderium
2913 1030 3069 1087 circa
3084 1034 3311 1103 prolem
3326 1037 3644 1105 asportans

1991 1122 2183 1172 morte
2198 1117 2565 1175 acerbiorem
2582 1118 2908 1186 stimulum,
2933 1120 3360 1193 experientiam
3378 1122 3647 1179 miseria-

1992 1221 2115 1260 rum
2133 1205 2522 1278 multiplicem
2545 1224 2663 1264 non
2683 1209 2910 1276 habuit,
2928 1215 3180 1266 mortem
3205 1226 3325 1267 non
3348 1211 3640 1285 qumsivit,

1992 1311 2177 1366 quam
2228 1296 2398 1353 multi
2449 1297 2747 1354 multoties
2808 1299 2983 1354 malis
3042 1299 3486 1357 inevitabilibus
3533 1317 3642 1374 op-

1991 1383 2181 1455 pressi
2204 1391 2507 1457 optarunt,
2532 1402 2671 1443 cum
2705 1390 3053 1459 parentibus
3078 1396 3315 1446 versata
3340 1396 3397 1447 et
3421 1396 3647 1463 tempo-

1993 1472 2101 1528 rali
2146 1474 2410 1546 procella
2450 1474 2603 1541 exiit,
2664 1477 2805 1533 exiit
2853 1478 3182 1534 ministerio
3233 1485 3644 1537 maternarum

1994 1578 2311 1627 manuum,
2344 1564 2405 1620 in
2426 1565 2704 1622 manibus
2730 1572 3046 1639 parentum
3084 1567 3282 1624 emisit
3328 1568 3599 1642 spiritum
3626 1584 3641 1627 :

284 1661 472 1727 πεῖραν
520 1660 617 1704 τῶν
671 1650 894 1725 ἀνιαρῶν
931 1672 944 1685 ·
975 1650 1068 1703 οὐκ
1120 1651 1350 1711 ἐζήτησε
1405 1652 1641 1716 θάνατον,
1675 1650 1735 1702 οὐ
1765 1649 1880 1703 πολ-

1994 1651 2318 1708 curabatur
2338 1670 2577 1727 corpus,
2596 1655 3003 1712 mandabatur
3030 1656 3305 1728 sepulcro
3330 1656 3529 1714 fasciis
3557 1662 3647 1714 tu-

284 1741 371 1794 λοὶ
400 1740 638 1802 πολλάκις
688 1748 982 1816 συμφοραῖς
1035 1738 1278 1812 ἀφύκτοις
1329 1741 1811 1813 περιστοιχηθέντες
1842 1752 1870 1783 ι

289 1830 637 1903 έπεθύμησαν.
671 1837 885 1884 Γονεύσι
934 1829 1334 1904 προσομιλοῦσα
1372 1838 1469 1892 τῆς
1500 1828 1662 1891 ζάλης
1710 1829 1886 1891 ἐξῆλθε

284 1929 388 1973 τῶν
441 1925 774 1996 προσκαίρων
804 1942 816 1954 ·
864 1925 1027 1994 χερσὶ
1081 1928 1362 1995 μητρικαίς
1414 1918 1639 1978 ἀπῆλθεν
1692 1921 1881 1991 ὑπηρε-

277 2014 503 2082 τουμένη
537 2030 551 2044 ·
579 2015 741 2083 χερσὶ
826 2014 1073 2063 τεκόντων
1168 2011 1437 2063 ἐναπέθετο
1521 2012 1580 2061 τό
1662 2017 1881 2083 πνεῦμα.

278 2096 573 2158 Ἐκηδεύθη
620 2102 678 2151 τό
723 2107 885 2171 σῶμα
918 2119 930 2132 ·
989 2094 1257 2172 παρεδόθη
1304 2100 1471 2170 τάφῳ,
1517 2097 1694 2160 καλοῖς
1746 2097 1885 2151 ἐντα-

276 2193 420 2261 φίοις
475 2187 711 2261 εὐσεϐείᾳ
762 2193 854 2240 καὶ
918 2190 1227 2263 σωφροσύνη
1289 2192 1379 2240 καὶ
1451 2186 1648 2239 πολλῶν
1700 2187 1886 2259 εὐχαῖς

277 2277 558 2351 έλεημένων
611 2280 1060 2351 προπεμπομένη·
1128 2275 1352 2335 ἀπῆλθεν
1429 2275 1501 2338 εἰς
1577 2284 1774 2350 χῶρον⁹
1831 2276 1887 2340 ἐξ

278 2367 341 2420 οὗ
387 2373 537 2420 πᾶσα
584 2366 720 2426 λύπη
773 2372 863 2419 καὶ
916 2368 1204 2438 στεναγμός
1249 2364 1589 2424 ἀπελήλαται.
1641 2371 1704 2418 Τί
1737 2365 1884 2418 πλέον

280 2453 428 2524 ἔδει;
462 2456 535 2519 εἰς
565 2455 863 2508 τούναντίον
905 2475 997 2527 μοι
1046 2459 1221 2527 τρέπει
1251 2459 1309 2507 τό
1340 2455 1512 2526 ἄλγος,
1560 2458 1626 2507 τά
1677 2460 1793 2531 περὶ
1825 2459 1882 2508 τό

277 2547 535 2618 μακάριον
588 2543 745 2597 έκεῖνο
801 2546 1075 2616 θυγάτριον
1139 2543 1539 2617 οίκονομηθέντα
1572 2565 1585 2578 ι

277 2634 482 2706 καρίζω
533 2637 727 2693 ταύτην
780 2643 872 2696 τῆς
925 2632 1250 2707 ἀποδημίας,
1299 2639 1390 2686 καὶ
1440 2637 1526 2687 τόν
1583 2636 1767 2709 θρῆνον
1815 2633 1883 2695 εἰς

281 2720 441 2787 δόξαν
526 2732 660 2778 Θεοῦ
737 2722 1057 2797 μεταϐάλλω,
1134 2728 1223 2776 καὶ
1297 2728 1390 2782 τὴν
1463 2721 1768 2796 ἀμηχανίαν
1814 2723 1882 2785 εἰς

278 2812 647 2887 εὐχαριστίαν,
704 2813 863 2874 οὐτως
924 2812 1106 2873 αἰσίως
1167 2817 1257 2865 καὶ
1333 2814 1397 2871 ὡς
1469 2814 1529 2864 οἶν
1596 2832 1675 2875 τις
1730 2812 1881 2885 μόλις

277 2903 483 2965 εὔξαιτο
532 2900 930 2973 ἀπηλλαγμένην
970 2902 1099 2975 ὀρῶν
1159 2909 1257 2953 τῶν
1296 2905 1581 2974 παρόντων.
1636 2901 1770 2957 Ἀλλ’
1819 2902 1877 2955 οὐ

1645 2550 1735 2596 καὶ
1780 2564 1885 2616 μα-

1993 1742 2329 1799 mularibus
2358 1743 2609 1816 egregiis
2650 1744 2915 1801 involuto
2965 1744 3182 1817 pietate
3227 1753 3283 1802 et
3326 1746 3644 1815 modestia,

1993 1831 2319 1888 multorum
2335 1833 2749 1889 miserantium
2780 1833 3055 1907 precibus
3070 1835 3354 1892 comitata
3375 1834 3436 1892 in
3453 1837 3647 1907 regio-

1993 1936 2132 1977 nem
2166 1920 2330 1987 abiit,
2362 1922 2521 1978 unde
2551 1923 2777 1979 exsulat
2806 1924 3000 1979 luctus
3046 1929 3100 1980 et
3132 1924 3385 1994 gemitus
3418 1926 3650 1984 univer-

1994 2008 2127 2064 sim.
2150 2012 2215 2065 Et
2239 2010 2383 2082 quid
2410 2010 2565 2066 ultra
2589 2010 2915 2067 desiderari
2946 2011 3262 2083 potest‘Hn
3282 2016 3645 2073 contrarium

1994 2096 2257 2154 dolorem
2275 2116 2368 2154 me
2382 2098 2650 2169 adigunt,
2674 2116 2812 2173 quae
2830 2100 2987 2157 circa
3002 2099 3244 2157 beatam
3276 2100 3439 2158 illam
3461 2102 3647 2161 ﬁliam

1994 2192 2160 2244 tuam
2190 2187 2767 2246 administrabantur
2799 2208 2813 2259 ;
2845 2204 3154 2246 excessum
3178 2191 3507 2248 huncillius
3526 2191 3650 2249 feli-

1995 2292 2123 2333 cem
2145 2278 2407 2350 prtedico
2432 2278 2693 2345 ;luctum
2720 2279 2779 2335 in
2802 2279 2902 2335 Dei
2917 2279 3169 2351 gloriam
3189 2285 3374 2348 muto,
3395 2281 3648 2340 infortu-

1993 2368 2161 2424 nium
2192 2368 2251 2424 in
2292 2370 2620 2441 gratiarum
2672 2371 2996 2427 actionem:
3030 2386 3169 2428 cum
3211 2375 3332 2428 tam
3380 2372 3647 2441 feliciter,

1992 2456 2077 2513 ita
2099 2462 2163 2513 ut
2192 2458 2286 2514 vix
2312 2464 2572 2532 optares,
2606 2458 2839 2516 videam
2878 2459 3273 2532 praesentibus
3309 2460 3644 2518 liberatam.

1992 2546 2213 2604 Verum
2243 2548 2407 2603 haud
2434 2548 2518 2604 ita
2546 2548 2650 2604 diu
2680 2548 2739 2604 in
2769 2550 2891 2605 vita
2932 2548 3043 2605 fuit
3072 2563 3086 2616 ;
3116 2548 3263 2621 quid
3317 2549 3562 2607 interest
3598 2551 3647 2608 si

1994 2634 2212 2707 plures,
2245 2652 2325 2693 an
2356 2637 2804 2709 paucioresdies
2825 2638 3011 2694 vitam
3039 2645 3308 2694 nostram
3325 2638 3598 2696 dividant
3627 2656 3643 2708 ;

1990 2741 2129 2780 cum
2170 2724 2371 2781 minus
2394 2731 2449 2782 et
2479 2726 2675 2797 magis
2700 2726 2761 2783 in
2787 2727 3030 2783 easdem
3062 2728 3271 2784 mortis
3299 2732 3502 2801 portas
3531 2745 3645 2786 nos

1991 2814 2438 2871 transmittant?
2467 2815 2771 2872 Praeteritis
2792 2831 2963 2872 nemo
2990 2814 3351 2884 delectatur;
3373 2817 3542 2890 quod
3554 2817 3643 2874 fu-

1989 2901 2188 2955 turum
2221 2905 2330 2967 est,
2362 2901 2635 2957 nondum
2674 2906 2763 2957 est
2792 2918 2808 2968 ;
2840 2916 3124 2974 prmeens,
3171 2902 3232 2957 in
3281 2918 3403 2974 quo
3443 2903 3643 2960 omnis

274 2992 434 3044 πολύν
464 2990 648 3044 έπεϐίω
694 2995 886 3065 χρόνον
916 3010 929 3024 ο
976 2994 1066 3042 καὶ
1106 2994 1159 3042 τί
1204 2986 1437 3064 διαφέρει
1476 2992 1535 3041 οἷν
1567 3009 1619 3042 τε
1648 2989 1875 3060 πλείους,

1988 2987 2321 3055 oblectatio,
2348 2997 2839 3046 momentaneum
2878 2995 2985 3046 est.
3021 2992 3290 3063 Longum
3314 3005 3455 3062 ergo
3482 2992 3639 3062 vita,

274 3082 338 3134 ἄν
367 3100 421 3135 τε
442 3080 675 3143 ἂάττους
704 3085 798 3139 τὴν
847 3080 980 3141 ζωὴν
1032 3081 1177 3152 ἡμῶν
1231 3076 1613 3154 διαμερίσωσιν
1661 3081 1873 3155 ἡμέραι,

272 3176 359 3225 ὅτε
390 3175 476 3223 καὶ
503 3174 559 3224 τό
602 3170 773 3223 πλεῖον
804 3175 893 3223 καὶ
944 3172 1003 3222 τὸ
1042 3168 1270 3235 ἔλαττον,
1326 3168 1398 3231 εἰς
1423 3171 1517 3230 τὰς
1574 3168 1735 3231 αὐτὰς
1780 3176 1874 3221 τοῦ

276 3262 499 3313 θανάτου
541 3259 707 3321 πύλας
758 3256 1104 3326 διαϐιϐάζεις
1149 3255 1341 3320 Οὐδεὶς
1372 3255 1556 3318 ἣδεται
1602 3266 1711 3318 τοῖς
1743 3278 1876 3334 παρ-

274 3348 503 3415 ελθοῦσι,
537 3352 593 3401 τὸ
646 3348 825 3420 μελλον
875 3348 969 3400 οὐκ
1016 3349 1148 3413 ἔστι,
1206 3351 1266 3400 τό
1318 3351 1483 3422 παρόν
1537 3346 1585 3399 έν
1700 3350 1761 3400 ἄν
1796 3368 1873 3411 τις

270 3442 451 3492 καὶτὸ
500 3435 728 3498 ἣδεσθαι
777 3439 885 3496 θείη
950 3437 1211 3500 παντελῶς
1240 3435 1512 3511 ἀκαριαῖον
1546 3452 1561 3468 ⁶
1610 3440 1745 3490 ὥστε
1785 3442 1873 3490 καὶ

272 3530 522 3602 ὀμακρὸς
572 3532 662 3579 καὶ
711 3526 921 3601 βραχύς
972 3534 1064 3578 τοῦ
1110 3524 1232 3598 βίου
1286 3531 1498 3599 χρόνος,
1556 3534 1628 3595 τῷ
1655 3531 1874 3602 παρόντι

271 3624 428 3691 μόνον
457 3621 551 3675 τήν
599 3618 849 3675 αἴσθησιν
898 3624 996 3668 τῶν
1047 3611 1215 3673 ἡδέων
1269 3615 1583 3682 περικλείων,
1638 3616 1709 3676 εἰς
1751 3619 1873 3673 ’ίσην

271 3713 364 3761 καὶ
411 3708 592 3780 ὁμοίαν
638 3705 949 3771 ἀπόλαυσιν,
981 3708 1067 3756 τόν
1124 3723 1179 3756 τε
1218 3701 1289 3765 εἷς
1335 3712 1508 3778 γῆρας
1556 3703 1871 3777 βαθύνοντα,

271 3801 357 3849 καὶ
410 3800 498 3848 τόν
547 3794 904 3868 ἕνακμάζοντα
974 3801 1036 3867 τῇ
1086 3797 1287 3851 νεότητι
1356 3796 1589 3864 συνάγει,
1631 3793 1872 3867 ἐκατέρου

268 3888 362 3959 μὲν
415 3890 510 3943 την
575 3887 823 3943 αἴσθησιν
885 3890 946 3957 τῇ
1024 3885 1264 3956 παρούσῃ
1329 3881 1504 3956 τέρψει
1554 3878 1869 3948 διαπλανῶν,

268 3970 483 4035 οὐδενός
540 3970 619 4040 δε,
670 3976 786 4026 οὔτε
824 3981 922 4025 τῶν
974 3972 1420 4048 παρεληλυθότων,
1463 3974 1576 4024 οὔτε
1611 3980 1710 4024 τῶν
1753 3970 1869 4044 μελ-

267 4063 478 4129 λόντων,
524 4060 769 4137 οὐδεμιᾶς
819 4060 1037 4128 ἡδονῆς,
1092 4058 1207 4115 οὐδ’
1259 4062 1408 4134 ἑτέρῳ
1450 4066 1686 4134 μετέχειν
1732 4057 1871 4114 ἐνδι-

270 4150 415 4215 δούς.
448 4154 625 4214 Οὕτως
655 4149 942 4227 ἀδιάφορον
998 4152 1154 4205 πολὺν
1181 4152 1210 4211 ἣ
1246 4151 1417 4223 ὀλίγον
1466 4156 1658 4226 χρόνον
1686 4150 1871 4224 ἐμϐιῶ-

266 4262 354 4295 ναι
381 4263 395 4276 ·
427 4242 616 4316 μᾶλλον
649 4239 708 4295 δε
755 4238 870 4295 οὐδ’
910 4237 1218 4315 ἀδιάφορον.
1250 4240 1309 4293 Εἰ
1337 4242 1438 4314 γὰρ
1472 4236 1647 4302 οὐδεὶς
1676 4239 1871 4315 ἀνθρωσ

270 4352 366 4394 πος
422 4329 524 4384 ἀπὸ
580 4332 749 4406 ῥύπου
807 4332 1031 4404 καθαρός
1080 4333 1284 4403 εἴρηταί
1329 4349 1404 4397 τε,
1436 4336 1525 4382 καὶ
1558 4338 1662 4391 τοῖς
1701 4333 1871 4403 ἔργοις
1903 4360 1949 4416 D

270 4421 460 4494 ὁρᾶται
512 4425 875 4493 πιστούμενον,
935 4416 1049 4473 οὐδ’
1104 4422 1165 4473 οἶν
1222 4420 1265 4473 εἰ
1320 4424 1417 4492 μία
1472 4422 1641 4493 ἡμέρα
1687 4422 1712 4471 ό
1758 4418 1872 4492 βίος

272 4509 438 4580 αὐτῷ,
472 4510 497 4561 ό
553 4508 601 4561 έν
660 4507 890 4561 ὶλάττονι
936 4514 1112 4583 χρόνῳ
1162 4512 1220 4561 τό
1265 4508 1476 4567 πήλινον
1534 4517 1686 4561 τουτο
1746 4514 1873 4566 σκή-

269 4617 423 4670 νωμα
485 4597 807 4666 καταλιπὼν,
843 4597 1051 4650 ἔλαττον
1110 4600 1245 4670 ἔχων
1304 4595 1500 4655 ἀπῆλθε
1524 4602 1612 4650 καὶ
1642 4594 1872 4655 κηλίδων

272 4695 374 4739 τῶν
430 4691 761 4760 σωματικῶν.
818 4686 930 4739 Οὐκ
959 4683 1045 4739 οὐν
1076 4688 1101 4738 ό
1132 4688 1324 4739 πενθῶν
1367 4690 1460 4745 τὴν
1529 4686 1873 4753 ἀπελθοῦσαν,

273 4776 356 4829 ὅτι
424 4777 607 4829 θᾶττον
662 4775 921 4839 ἀπήλλαξε
976 4784 1075 4828 τῶν
1140 4780 1428 4849 παρόντων,

270 4869 502 4937 μετέσχε
578 4874 678 4918 τῶν
736 4866 1078 4938 μολυνόντων,
1122 4872 1277 4917 τοῦτο
1342 4861 1569 4937 δάκρυον
1628 4873 1873 4930 ποιεῖται,

272 4958 365 5007 καὶ
402 4958 461 5007 τὸ
490 4957 855 5030 καθαρωτέραν
904 4954 1063 5014 αὐτὴν
1121 4962 1191 5025 τῷ
1247 4953 1435 5007 ἐκεῖθεν
1482 4953 1704 5025 ὀφθῆναι
1734 4961 1878 5026 Νυμ-

276 5047 400 5115 φίῳ,
428 5042 701 5117 νομίζει[ς]
749 5046 1017 5120 συμφοράν
1060 5065 1072 5077 ·
1109 5043 1236 5095 ἀλλά
1263 5047 1364 5118 πρὸ
1425 5045 1558 5117 ὧρας
1602 5048 1824 5115 μετέστη
1862 5064 1874 5076 ο

274 5136 347 5204 μή
384 5150 475 5205 μοι
503 5135 703 5204 γένοιτο
732 5135 980 5191 τοιαύτην
1011 5137 1178 5205 φωνὴν
1218 5130 1444 5184 ἀκοῦσαι
1473 5153 1485 5164 ”
1514 5136 1682 5203 φωνὴν
1716 5131 1881 5205 ῥηθῆ-

273 5241 362 5275 ναι
410 5224 502 5295 μεν
546 5222 809 5297 τολμηράν
842 5242 855 5256 ·
907 5221 1208 5281 έννοηθῆναι
1252 5218 1311 5275 δε
1340 5220 1740 5296 τολμηροτέραν.
1776 5225 1881 5295 Πρὸ

1515 4777 1594 4827 ὅτι
1666 4775 1875 4828 ἔλαττον

1983 3081 2041 3133 et
2058 3076 2237 3133 breve
2260 3083 2518 3151 tempus,
2543 3095 2682 3134 cum
2708 3078 3205 3136 delectamentum
3224 3080 3640 3152 prassentitan-

1982 3170 2111 3223 tum
2136 3166 2613 3235 circumscribat,
2650 3184 2768 3224 una
2803 3173 2859 3225 et
2890 3168 3103 3225 eadem
3135 3168 3415 3226 fruitione
3442 3168 3635 3239 illum,

1981 3256 2081 3330 qui
2143 3257 2481 3329 longmvam
2534 3256 2723 3327 attigit
2755 3263 3135 3325 senectutem,
3169 3262 3227 3315 et
3255 3258 3360 3332 qui
3386 3257 3638 3330 juventa

1982 3347 2172 3414 ﬂoret,
2200 3347 2585 3417 constringit;
2608 3347 2913 3421 utriusque
2930 3363 3171 3405 sensum
3191 3347 3636 3408 oblectamento

1984 3437 2264 3509 praesenti
2292 3436 2630 3494 errabunda
2660 3436 2953 3494 deﬁniens
2982 3456 2995 3505 ;
3028 3436 3249 3493 nullius
3274 3442 3476 3495 autem
3504 3438 3636 3498 vele

1982 3527 2315 3599 prasteritis,
2375 3531 2479 3584 aut
2525 3526 2756 3593 futuris,
2806 3527 3106 3599 voluptate
3152 3527 3413 3598 gaudere
3452 3529 3636 3586 cuivis

1981 3617 2350 3689 permittens,
2374 3616 2528 3673 adeo
2544 3632 2639 3673 res
2659 3615 3002 3673 indifferens
3025 3620 3131 3682 est,
3159 3616 3340 3689 longo
3367 3617 3460 3673 vel
3472 3617 3639 3675 brevi

1982 3706 2175 3779 spatio
2197 3722 2527 3778 superesse.
2563 3708 2688 3763 lmo
2718 3706 2914 3779 potius
2938 3706 3102 3762 haud
3130 3712 3216 3763 est
3247 3705 3593 3765 indifferens
3622 3704 3641 3775 ς

1984 3796 2033 3849 si
2054 3796 2215 3850 enim
2237 3810 2274 3850 a
2296 3795 2548 3849 maculis
2575 3812 2753 3851 nemo
2772 3812 3013 3867 prorsus
3032 3800 3120 3851 est
3135 3795 3441 3863 immunis,
3473 3796 3641 3870 quod

1981 3888 2037 3938 et
2072 3882 2233 3938 dicto
2260 3886 2315 3936 et
2344 3880 2501 3937 facto
2532 3881 2957 3937 conﬁrmatum
3003 3883 3297 3949 videmus,
3329 3900 3404 3940 ne
3437 3884 3487 3939 si
3519 3886 3641 3942 vita

1980 3973 2109 4044 ejus
2137 3972 2210 4027 sit
2247 3971 2421 4027 unius
2454 3969 2588 4036 diei,
2624 3975 2777 4026 certe
2816 3970 2920 4043 qui
2960 3975 3016 4026 et
3049 3970 3400 4028 abbreviato
3442 3972 3639 4043 magis

1980 4066 2247 4135 tempore
2273 4061 2441 4116 istius
2488 4060 2621 4115 vitae
2674 4059 2835 4115 exuit
2879 4058 3333 4116 tabernaculum
3386 4059 3637 4133 luteum,

1980 4168 2118 4207 cum
2162 4148 2543 4224 paucioribus
2583 4149 2850 4221 corporis
2896 4148 3177 4205 sordibus
3212 4148 3353 4206 hinc
3388 4150 3637 4207 excedit.

1980 4240 2269 4307 Quocirca
2297 4238 2401 4312 qui
2446 4238 2610 4308 luget
2650 4236 2806 4293 illius
2835 4236 3089 4308 obitum,
3131 4253 3202 4294 eo
3231 4238 3390 4311 quod
3421 4254 3459 4296 a
3492 4255 3643 4313 prae-

1980 4329 2247 4384 sentibus
2270 4332 2390 4383 tam
2421 4328 2536 4383 cito
2554 4326 2853 4391 liberatur,
2882 4342 2952 4383 eo
2968 4326 3128 4400 quod
3147 4327 3348 4384 minus
3381 4327 3641 4385 macula-

1981 4435 2115 4475 rum
2141 4416 2537 4490 participavit,
2572 4414 2966 4488 polluentium
2999 4415 3299 4488 Iacrymas
3342 4416 3555 4486 fundit,
3589 4422 3645 4474 et

1983 4508 2135 4564 inter
2151 4507 2510 4563 calamitates
2524 4510 2836 4577 computat,
2853 4504 3019 4578 quod
3036 4505 3409 4578 splendidior
3421 4522 3649 4579 sponso

1984 4602 2390 4670 praesentetur.
2425 4596 2538 4652 Sed
2578 4596 2822 4651 excessit
2854 4598 2991 4651 ante
3021 4599 3277 4666 tempus.
3313 4595 3466 4661 Quin
3486 4595 3647 4652 hanc

1986 4703 2097 4757 ego
2119 4702 2330 4743 vocem
2350 4685 2550 4740 nullus
2574 4684 2842 4747 audiam,
2864 4683 3026 4739 dictu
3043 4683 3358 4751 audacem,
3387 4683 3648 4754 cogitatu

1986 4775 2394 4831 audaciorem.
2449 4774 2599 4828 Ante
2626 4779 2886 4844 tempus,
2918 4772 3007 4828 ais
3033 4771 3061 4826 ?
3102 4774 3249 4829 Cum
3286 4780 3645 4840 nasceretur,

1988 4880 2093 4919 cur
2129 4880 2248 4919 non
2288 4861 2502 4918 dicitur
2532 4866 2668 4917 ante
2695 4865 2933 4932 tempus
2960 4860 3021 4916 in
3063 4860 3257 4916 lucem
3291 4861 3451 4918 edita
3478 4860 3506 4916 τ
3535 4864 3653 4919 Na-

1991 4952 2271 5009 scebatur
2297 4951 2373 5006 de
2395 4950 2599 5006 divino
2622 4956 2771 5005 nutu
2788 4955 2845 5005 et
2875 4950 3244 5021 tempestive.
3275 4951 3366 5007 An
3413 4954 3655 5008 nosmet

1990 5058 2102 5098 nos
2124 5045 2459 5097 statuemus
2471 5039 2725 5096 arbitros
2741 5038 2815 5094 de
2843 5044 3130 5111 tempore,
3166 5040 3330 5112 quod
3354 5040 3431 5096 ad
3450 5039 3654 5098 condi-

1993 5137 2183 5187 torem
2215 5129 2355 5185 hinc
2385 5128 2625 5186 abibit?
2663 5129 2874 5183 Annon
2920 5126 3016 5183 ille
3055 5127 3253 5201 opifex
3282 5131 3564 5202 produxit
3589 5131 3651 5187 in

1997 5226 2286 5292 tempore,
2305 5218 2383 5275 ad
2402 5234 2463 5274 se
2480 5221 2746 5275 assumet
2765 5216 3055 5289 nesciens,
3070 5223 3480 5291 opportunum
3512 5225 3657 5276 tem-

1624 5365 1867 5421 VARIIE
1907 5363 2309 5423 LECTIONES.

362 5529 394 5561 ι
422 5499 815 5574 περιτυχόντες.
