4072 6232
489 219 595 274 975

1715 216 1952 273 ΡΗΟΤΙῙ
1993 216 2483 275 ΡΑΤΒΙΑΒΟΗᾹΞ
2522 220 2628 277 CP.

3767 233 3870 290 9'76

488 329 604 416 pus
619 342 648 398 ?
665 342 738 398 de
753 347 918 414 gutta
937 342 995 399 in
1011 357 1252 400 carnem
1269 340 1564 404 solidavit,
1585 340 1642 395 in
1660 344 1829 397 utero
1849 341 2116 399 formavit

2253 344 2391 418 ὧρας
2425 366 2436 378 ·
2474 349 2563 398 καὶ
2594 355 2705 411 πῶς
2741 351 2823 403 ὅτε
2855 353 2946 414 τὰς
2995 353 3258 428 μητρικὰς
3309 351 3484 406 ἔλυσεν
3515 350 3748 425 ὠδῖνας,
3781 359 3869 411 ούκ

489 431 546 488 in
578 429 774 488 lucem
803 432 1102 504 produxit,
1128 432 1204 488 ab
1227 429 1477 488 infantia
1499 429 1575 487 ad
1603 435 1835 488 aetatem
1861 433 2140 504 puerilem

492 523 832 588 custodivit,
885 522 962 579 ad
1016 521 1368 586 thalamum,
1421 519 1499 576 ad
1530 519 1850 592 perfectam
1882 527 2139 583 atatem,

492 608 707 684 ecquid
735 610 950 667 horum
985 610 1397 682 intempestive
1435 610 1464 666 ?
1504 615 1564 665 ut
1593 626 1728 666 cum
1771 611 1829 666 in
1853 617 2140 667 mternum

495 702 679 758 vitam
708 707 1026 774 permutat,
1050 706 1174 757 tum
1209 701 1404 755 solum
1439 701 1561 770 agit
1590 700 2047 774 intempestive?
2071 703 2142 757 sit

493 789 669 862 longe
691 790 942 860 alingua
963 790 1241 862 pietatem
1261 788 1586 844 meditante
1603 789 1730 846 haec
1744 789 2138 862 blasphemia,

491 880 669 952 longe
699 879 776 936 ab
824 878 1026 934 animo
1067 877 1371 934 moderato
1406 897 1418 947 ;
1458 878 1785 948 dignumid
1831 885 1919 935 est
1945 879 2139 949 longis

493 969 790 1032 lamentis,
807 973 861 1024 et
880 968 1078 1023 multis
1093 967 1398 1040 lacrymis,
1418 973 1700 1024 obrutum
1721 967 2026 1024 hominem
2044 968 2140 1024 tali

494 1058 918 1128 cogitationum
938 1058 1231 1130 nequitia;
1251 1073 1367 1112 non
1390 1063 1586 1113 autem
1615 1057 2141 1114 mortaliaimmor-

494 1147 710 1203 talibus
742 1153 971 1203 mutare
1001 1148 1316 1220 :quocirca
1337 1147 1538 1217 lugere
1571 1163 1691 1202 non
1723 1153 1956 1219 oportet
1980 1147 2142 1202 illam

492 1253 626 1310 quae
649 1253 866 1308 corpus
909 1237 1151 1292 mortale
1193 1236 1445 1308 reliquit,
1477 1237 1579 1291 sed
1614 1237 1782 1292 illum
1832 1238 1933 1308 qui
1984 1253 2146 1292 mor-

492 1327 674 1383 tificat
705 1332 961 1382 mentem
995 1326 1417 1393 immortalem,
1460 1343 1579 1382 non
1618 1343 1802 1398 quam
1848 1325 2145 1381 thalamus

493 1415 746 1472 caelestis
766 1432 895 1472 com
908 1415 1208 1486 plectitur;
1228 1415 1329 1470 sed
1344 1417 1446 1487 qui
1461 1431 1564 1487 spe
1582 1415 1874 1472 mortifera
1887 1415 2140 1471 animam

493 1505 760 1577 sepelivit
791 1523 804 1561 :
847 1505 952 1561 sed
985 1505 1270 1576 praevenit
1320 1504 1529 1560 abiens
1562 1513 1834 1578 parentes
1862 1525 1878 1577 ;
1909 1510 1963 1560 et
1996 1503 2141 1576 quid

491 1598 617 1651 tum
648 1593 676 1650 ?
706 1599 953 1666 operata
993 1593 1240 1650 forsitan
1275 1595 1458 1666 patris
1505 1600 1564 1650 et
1610 1597 1816 1650 matris
1863 1593 2140 1661 interitui,

2252 431 2516 505 ἐνομίζετο
2573 437 2708 490 λύειν
2772 444 2870 516 πρό
2921 444 3059 516 ὧρας
3092 461 3108 514 ;
3145 441 3252 494 ἀλλ’
3300 443 3492 515 ἐτέχθη
3542 449 3640 518 μὲν
3705 451 3868 502 νεὶσει

2253 530 2386 575 Θεοῦ
2426 530 2514 577 καὶ
2546 527 2664 580 καθ’
2694 528 2850 603 ὥραν.
2894 531 3161 586 Ἀπελθιῖν
3201 529 3260 585 δε
3307 537 3438 608 πρὸς
3487 538 3574 586 τόν
3619 535 3870 594 Πλάστην

2251 614 2390 684 ἡμᾶς
2439 617 2627 678 αύτούς
2692 621 2971 693 καθίζομεν
3021 622 3307 696 ὁροθέτας;
3357 627 3446 675 καὶ
3490 627 3723 696 προάγει
3782 632 3868 698 μὲν

2251 703 2276 752 ὁ
2307 709 2634 777 Δημιουργός
2681 709 2798 760 καθ’
2863 709 3024 784 ὥραν,
3076 709 3325 784 λαμϐάνει
3380 708 3439 764 δὲ
3486 717 3619 786 πρὸς
3685 715 3868 767 ἑαυτὸν

2251 790 2344 842 ούκ
2421 790 2577 855 εἰδὼς
2645 800 2738 854 τὴν
2815 797 2995 874 ὥραν;
3049 798 3149 852 ἀπὸ
3221 804 3470 871 σταγόνος
3537 801 3731 864 ἔπηξεν
3801 804 3869 866 εἰς

2255 882 2446 953 σάρκα,
2507 879 2783 939 διέπλασεν
2857 886 2906 940 ἐν
2971 893 3167 962 μήτρᾳ,
3231 895 3545 964 προήνεγκεν
3599 892 3679 953 εἰς
3743 901 3868 965 φῶς,

2252 967 2305 1021 ἐκ
2365 969 2588 1044 βρέφους
2661 971 2944 1049 διετήρησε
3010 983 3171 1053 μέχρι
3257 977 3472 1048 παιδὸς,
3541 985 3718 1055 μέχρι
3778 1003 3869 1033 πα·

2256 1056 2471 1129 στάδος,
2536 1067 2701 1137 μέχρι
2757 1066 2951 1128 τελείας
3020 1066 3229 1130 ἡλικίας
3264 1089 3277 1102 ·
3340 1071 3536 1120 τούτων
3592 1067 3760 1122 οὐδὲν
3817 1071 3870 1122 ού

2255 1147 2372 1200 καθ’
2404 1149 2539 1224 ὥραν
2574 1169 2586 1218 ;
2617 1152 2740 1206 Ὀτε
2772 1151 2830 1208 δὲ
2871 1159 3003 1230 πρὸς
3053 1159 3140 1209 τὸν
3199 1156 3450 1209 ἀθάνατον
3505 1157 3719 1230 ἀμείϐει
3743 1158 3871 1230 βίον,

2253 1257 2367 1290 τοτε
2392 1245 2544 1310 μόνον
2588 1241 2645 1293 ού
2677 1243 2796 1296 καθ’
2829 1247 2964 1319 ὤραν
3001 1266 3013 1278 ο
3074 1245 3249 1320 πόρῥω
3293 1246 3542 1318 γλώσσης
3597 1247 3870 1300 εὐσέϐειαν

2251 1327 2544 1398 μελετὼσης
2584 1332 2613 1388 ἢ
2675 1336 2888 1391 τοιαύτη
2940 1331 3221 1407 δυσφημίαι
3255 1357 3266 1368 ·
3310 1334 3484 1410 πόρῤω
3535 1343 3872 1410 φρονήματος

2253 1427 2630 1491 σωφρονοῦντος
2663 1443 2675 1454 ’
2707 1431 2860 1475 τοῦτο
2916 1426 3114 1496 θρήνων
3177 1433 3408 1498 μακρῶν,
3441 1433 3596 1478 τοῦτο
3621 1423 3868 1500 δακρύων

2251 1506 2448 1558 πολλῶν
2537 1508 3012 1584 ἔγκαταχωσθῆναι
3072 1516 3158 1565 τὸν
3219 1515 3487 1588 ἄνθρωπον
3566 1515 3865 1587 τηλικαύτῃ

2251 1599 2526 1670 μοχθηρίᾳ
2591 1599 2873 1673 λογισμῶν,
2944 1602 3050 1654 ἀλλ’
3131 1603 3254 1674 ούχὶ
3339 1607 3395 1655 τὸ
3462 1601 3760 1676 διαμεῖψαι
3809 1609 3871 1655 τὰ

488 1684 628 1740 hinc
659 1688 798 1740 tunc
841 1682 1124 1739 excedere
1175 1683 1380 1738 debuit
1440 1687 1514 1738 tot
1545 1683 1738 1756 plagis
1795 1700 1966 1739 caasa.
2011 1686 2125 1738 HtEt

2251 1685 2491 1758 ἄφθαρτα
2515 1696 2613 1738 τῶν
2667 1692 2923 1763 φθαρτῶν.
2957 1691 3033 1743 Ού
3073 1694 3162 1764 μὲν
3211 1692 3298 1744 ούν
3330 1691 3457 1763 ούχὶ
3515 1695 3726 1745 πενθεῖν
3775 1697 3866 1749 τὴν

489 1773 592 1845 qui
613 1773 712 1842 ait,
741 1788 860 1828 non
878 1773 1066 1845 patris
1081 1772 1329 1842 viscera,
1345 1772 1447 1826 sed
1463 1789 1734 1828 novercae
1749 1772 2029 1828 affectum
2053 1788 2143 1827 re-

488 1862 618 1930 fert,
653 1878 774 1918 non
816 1862 1000 1933 patris
1029 1866 1133 1918 aut
1159 1861 1365 1918 matris
1411 1868 1567 1917 certe
1600 1879 1868 1918 amorem
1899 1879 1913 1930 ;
1950 1861 2141 1930 magis

487 1950 675 2016 illum,
710 1951 814 2024 qui
860 1951 1025 2024 quod
1056 1966 1117 2006 se
1171 1949 1421 2006 oblectet
1454 1956 1704 2024 quaerat,
1750 1967 1933 2024 quam
1975 1949 2142 2022 quod

485 2040 619 2098 ﬁlia:
643 2041 890 2097 exsistat
920 2039 1408 2113 gratum,quique
1428 2041 1538 2095 sub
1557 2040 1866 2096 desideriis
1888 2039 2023 2095 tiliae
2050 2041 2139 2094 sui

484 2130 672 2204 ipsius
699 2147 906 2186 curam
942 2130 1278 2186 meditatur.
1310 2129 1462 2198 Quid
1503 2130 1748 2186 tristitiae
1788 2134 1874 2186 est
1925 2128 2138 2185 intueri

484 2225 734 2277 mortem
765 2225 1104 2276 amatorum
1130 2220 1153 2275 ’ί
1183 2220 1434 2276 excessit
1459 2219 1598 2274 hinc
1619 2218 1758 2286 ﬁlia,
1795 2236 1831 2276 a
1862 2225 2048 2275 morte
2077 2219 2139 2274 li-

479 2310 646 2377 bera,
689 2311 804 2367 hoc
838 2309 1002 2366 triste
1027 2325 1148 2365 non
1183 2315 1310 2364 est:
1356 2314 1412 2365 et
1441 2309 1586 2382 quid
1623 2325 1733 2365 nos
1765 2313 1888 2365 tum
1922 2325 2140 2364 consu-

482 2401 703 2456 mimus
735 2397 1066 2456 tristitiai'si
1092 2398 1357 2454 rediviva
1390 2397 1492 2454 tibi
1523 2398 1756 2454 adesset
1781 2403 1944 2462 nata,
1967 2405 2137 2454 etas-

480 2493 613 2544 tans
645 2504 893 2545 manum
929 2487 1136 2552 manui
1162 2487 1452 2552 misceret,
1491 2489 1537 2542 si
1569 2487 1794 2543 blando
1827 2491 1882 2544 et
1910 2487 2132 2543 exhila-

477 2581 648 2634 rante
679 2576 843 2632 vultu
875 2573 1083 2633 oscula
1113 2575 1282 2632 daret
1319 2581 1373 2631 et
1429 2575 1846 2649 alloqueretur.
1897 2577 2048 2642 Quid
2080 2582 2134 2633 te

479 2665 721 2739 afﬂigis,
746 2670 913 2738 pater
937 2663 1122 2738 ?quid
1151 2665 1517 2731 lamentaris,
1539 2666 1711 2738 quasi
1733 2665 1889 2723 mala
1917 2683 2012 2722 me
2038 2683 2135 2723 ex-

479 2755 786 2812 cedentem
819 2754 1165 2811 ambirent?
1211 2755 1483 2811 Habitare
1526 2755 1879 2827 paradisum
1926 2757 2134 2812 sortita

477 2843 979 2918 sum,jucundum
1000 2843 1186 2900 oculis
1200 2843 1976 2916 spectaculum,jucundius
1996 2845 2133 2900 frui-

476 2934 660 3004 tione,
683 2933 1050 3006 experientia
1062 2949 1306 2990 omnem
1323 2933 1554 2989 excedit
1575 2933 1755 2989 ﬁdem
1781 2949 1794 3000 ;
1812 2934 2132 3006 paradisus

2253 1770 2616 1846 διαφυγοῦσαν
2649 1787 2801 1850 σῶμα
2854 1782 3037 1838 θνητόν
3078 1778 3182 1844 δεῖ,
3225 1780 3356 1833 ἀλλὰ
3409 1785 3490 1833 τόν
3522 1789 3866 1855 ναρὼσαντα

2251 1866 2336 1914 τόν
2389 1863 2641 1918 ἀθάνατον
2697 1875 2814 1919 νοῦν
2845 1890 2856 1900 ·
2888 1868 3003 1920 ούδ⁹
3033 1868 3091 1926 ἢν
3142 1869 3380 1942 οὐράνιος
3427 1872 3636 1930 παστὰς
3707 1870 3867 1922 θαλα-

2251 1957 2410 2024 μεύει,
2467 1954 2571 2007 ἀλλ’
2624 1956 2678 2018 ὃς
2749 1958 2962 2030 ἐνέθαψε
3013 1963 3100 2017 τὴν
3159 1959 3346 2030 ψυχὴν
3395 1959 3572 2011 ἐλπίσι
3627 1967 3857 2032 νεκραῖς.

2250 2048 2372 2110 Ναὶ,
2424 2050 2604 2116 φησὶν,
2658 2044 2786 2098 ἀλλὰ
2832 2052 3078 2099 τεκόντων
3129 2049 3432 2121 προαπῆλθε
3465 2069 3477 2080 ο
3510 2053 3564 2100 τί
3613 2044 3712 2100 δαὶ
3745 2049 3861 2118 ἄρα,

2251 2131 2482 2185 ἐϐούλετο
2539 2131 2599 2186 δέ
2655 2155 2737 2194 τις
2780 2136 2945 2194 αύτὴν
2997 2141 3199 2212 μητρὸς
3246 2142 3336 2189 καὶ
3395 2140 3596 2210 πατρὸς
3653 2139 3856 2208 θανάτῳ

2249 2226 2795 2298 προκατεργασθεῖσαν
2840 2230 3108 2298 πρότερον,
3199 2225 3359 2287 οὓτως
3443 2225 3700 2289 ἀπελθεῖν,
3757 2246 3847 2284 τη-

2245 2309 2515 2372 λικαύταις
2567 2312 2789 2385 πληγαῖς
2853 2319 3374 2387 μεμαστιγωμένην,
3432 2321 3621 2390 πατρὸς
3669 2320 3734 2366 οὗ
3755 2335 3841 2386 μοι

2249 2399 2549 2473 σπλάγχνα,
2603 2409 2858 2476 μητρυιᾶς
2911 2400 3148 2456 διάθεσιν
3187 2404 3358 2468 οὗτος,
3395 2403 3505 2456 ἀλλ’
3547 2404 3602 2456 ού
3651 2409 3847 2476 πατρὸς

2245 2487 2368 2542 οὐδὲ
2405 2495 2602 2564 μητρός
2652 2491 2880 2565 φίλτρον,
2931 2491 3260 2564 ἀπαγγέλλει,
3321 2499 3409 2546 καὶ
3468 2497 3747 2556 ζητοῦντος
3795 2498 3849 2544 τό

2244 2578 2427 2631 οἰκεῖον
2481 2576 2586 2637 ἡδύ
2618 2581 2646 2638 ἢ
2703 2584 2759 2633 τό
2793 2589 2854 2653 τῇ
2905 2583 3125 2654 θυγατρὶ
3182 2586 3586 2654 κεχαρισμένον,
3620 2588 3716 2634 καὶ
3751 2601 3846 2634 σο-

2244 2672 2518 2740 φιζομένου
2571 2672 2714 2742 πόθῳ
2779 2667 2971 2733 παιδός
3028 2676 3121 2730 τὴν
3180 2672 3364 2724 ἑαυτοῦ
3421 2674 3720 2746 θεραπείαν.
3789 2677 3849 2724 Τί

2241 2760 2342 2832 γὰρ
2391 2759 2620 2832 λυπηρόν
2677 2756 2804 2812 ἰδεῖν
2876 2765 3222 2835 στεργομένων
3289 2763 3542 2827 θάνατον;
3609 2762 3710 2813 οὐκ
3769 2757 3852 2812 οὖν

2244 2846 2467 2905 ἀπῆλθεν
2507 2851 2534 2906 η
2579 2857 2702 2911 παῖς
2751 2848 2988 2924 ἐλευθέρα
3027 2853 3210 2902 τούτου
3246 2873 3258 2884 ·
3307 2850 3412 2902 ἁλλ’
3467 2851 3527 2903 ού
3581 2851 3846 2922 λυπηρόν.

2247 2941 2345 2989 Καὶ
2376 2941 2424 2988 τί
2476 2934 2784 3011 δαπανῶμεν
2833 2938 3048 3001 ἑαυτούς
3077 2947 3137 3012 τῇ
3189 2939 3364 3012 λύπης
3411 2940 3470 2992 Εἰ
3512 2937 3564 2992 δ’
3595 2938 3735 2996 αὕτη
3773 2958 3855 2991 σοι

477 3021 571 3079 ille
611 3023 783 3079 sedes
814 3028 1064 3095 paterna
1095 3027 1151 3079 et
1184 3021 1532 3096 principalis
1568 3022 1752 3078 nostri
1783 3023 2037 3096 generis,
2073 3024 2125 3078 in

2243 3035 2412 3098 παρῆν
2480 3025 2667 3079 ἐκεῖθεν
2715 3029 2745 3084 ἡ
2815 3035 2938 3089 παῖς
2989 3026 3270 3093 ἐπιστᾶσα,
3325 3033 3413 3080 καὶ
3480 3034 3630 3100 χειρί
3684 3036 3853 3101 χεῖρα

475 3128 597 3186 quo
610 3113 931 3169 Dominicaa
947 3128 1153 3168 manus
1173 3111 1465 3184 opiﬁcium
1482 3112 1750 3168 naturale
1764 3113 1934 3185 primi
1949 3113 2126 3168 nostri

475 3209 777 3274 parentes,
811 3207 1138 3275 antequam
1194 3201 1526 3258 insibilaret
1554 3218 1822 3274 serpens,
1863 3201 1976 3258 hoc
2019 3207 2126 3265 est,

473 3291 712 3349 beatam
743 3292 926 3348 vitam
950 3291 1211 3362 agebant
1238 3308 1249 3346 :
1272 3291 1727 3364 hunccampum
1759 3291 1850 3347 ille
1870 3308 2125 3364 nequam

474 3386 530 3437 et
549 3383 834 3437 incurvus
867 3396 1115 3453 serpens
1145 3379 1311 3435 illabi
1343 3382 1546 3452 nequit
1574 3381 1792 3445 adhuc,
1827 3397 1934 3436 nec
1965 3382 2126 3437 insu-

473 3457 740 3526 surratos
757 3485 1063 3525 sermones
1091 3469 1392 3524 insinuare
1418 3469 1843 3524 fraudulenter.
1868 3473 2022 3525 Inest
2047 3470 2125 3525 ibi

471 3559 649 3613 nobis
685 3574 852 3614 mens
895 3558 1059 3613 omni
1114 3557 1395 3613 machina
1448 3558 1734 3628 superior,
1788 3559 1953 3613 omni
2002 3564 2123 3614 arte

474 3647 687 3718 major,
715 3663 833 3701 non
875 3652 960 3702 est
986 3646 1064 3701 ibi
1095 3645 1306 3701 oculus
1333 3646 1692 3717 aperiendus
1731 3653 1832 3704 aut
1882 3648 2122 3721 majoris

472 3735 888 3791 oblectationis
932 3734 1196 3790 fruendae
1238 3734 1618 3791 desiderium.
1659 3738 1876 3792 Sumus
1907 3755 2118 3794 omnes

471 3825 762 3898 sapientia
801 3824 1004 3879 divina
1043 3829 1099 3879 et
1130 3822 1346 3879 cmlesti
1391 3823 1691 3896 sapientes
1721 3845 1738 3898 ;
1775 3826 1891 3884 vita
1921 3828 2118 3884 omnis

469 3915 815 3986 transigitur
843 3914 902 3970 in
935 3914 1065 3970 inen
1076 3914 1429 3970 arrabilibus
1444 3932 1552 3971 nec
1578 3917 1912 3972 invidendis
1928 3919 2116 3988 bonis,

468 4003 606 4059 inde
637 4008 761 4060 tota
800 4002 975 4059 nobis
1013 4003 1302 4059 festivitas
1327 4010 1380 4059 et
1421 4005 1784 4077 panegyris:
1821 4007 2118 4078 splendidi

469 4092 783 4164 splendide
811 4092 868 4147 in
896 4091 1818 4165 corporibusincorruptibilibus
1842 4102 1896 4150 et
1929 4097 2118 4167 puris-

470 4180 640 4237 simis
662 4185 982 4245 versantes,
1013 4181 1198 4236 Deum
1223 4181 1516 4247 videmus,
1547 4184 1856 4256 quomodo
1888 4185 2116 4240 homini

461 4271 664 4328 videre
699 4271 787 4327 fas
832 4276 918 4328 est
942 4271 1151 4337 Deum,
1185 4270 1320 4326 illus
1349 4271 1768 4343 inexplicabile
1801 4279 1855 4329 et
1892 4275 2116 4330 incom-

2243 3113 2558 3186 ἐμϐαλοῦσα,
2623 3115 2779 3192 ἱλαρῷ
2836 3113 2894 3169 δὲ
2942 3121 3031 3168 καὶ
3095 3123 3342 3191 χαίροντι
3403 3120 3664 3187 προσώπῳ
3713 3135 3854 3168 κατ-

2241 3204 2397 3276 εφίλει
2427 3223 2479 3256 τε
2527 3210 2615 3257 καὶ
2673 3207 3110 3278 προσεφθὲγγετο,
3142 3211 3206 3259 Τί
3233 3203 3291 3258 δὲ
3317 3207 3416 3280 οἰρα
3444 3211 3652 3264 κόπτεις
3687 3224 3852 3257 σεαυ-

2238 3297 2344 3359 τόν,
2388 3291 2426 3344 ὦ
2453 3295 2610 3369 πάτερ
2645 3311 2658 3361 ;
2693 3299 2742 3346 τί
2774 3291 2832 3346 δὲ
2861 3296 3077 3369 θρηνεῖς,
3124 3297 3188 3356 ὡς
3235 3298 3318 3348 ἐπὶ
3354 3301 3558 3360 κακοῖς,
3591 3293 3851 3347 ἆπελθοῦ·

2241 3400 2373 3449 σαν;
2433 3382 2545 3455 ἐμοὶ
2607 3380 2924 3457 παράδεισος
2980 3385 3164 3456 ἂαχεν
3215 3385 3394 3438 οἰκεῖν.
3454 3384 3623 3436 Γλυκύ
3665 3387 3758 3455 μὲν
3799 3404 3844 3435 τι

2239 3473 2403 3543 θέαμα
2452 3471 2728 3544 ὀφθαλμοῖς
2780 3471 2908 3525 ἰδεῖν
2939 3494 2951 3507 ο
2992 3475 3302 3546 γλυκύτερον
3349 3471 3408 3526 δὲ
3435 3473 3796 3526 ἐναπολαῦσαι
3827 3491 3840 3503 '

2234 3560 2470 3632 μείζω[ν]
2539 3559 2597 3614 δὲ
2649 3568 2875 3624 πίστεως
2929 3562 3142 3624 ἁπάσης
3186 3565 3214 3620 ἡ
3287 3570 3462 3638 πεῖρα.
3501 3559 3841 3636 ῐιαράδεισος

2233 3649 2414 3711 ἐκεῖνος
2470 3653 2499 3708 η
2551 3657 2725 3725 πρώτη
2776 3657 2865 3704 καὶ
2915 3654 3186 3724 θαυμασία
3235 3660 3326 3704 τοῦ
3393 3656 3575 3723 γένους
3623 3656 3830 3723 πατρὶς,

2229 3739 2276 3792 ἓν
2395 3740 2552 3793 πάλαι
2609 3749 2701 3802 τῆς
2751 3747 3068 3803 Δεσποτικῆς
3111 3740 3353 3814 παλάμης
3379 3745 3435 3792 τό
3470 3742 3833 3813 φιλοτέχνημα

2227 3839 2324 3892 τῆς
2363 3832 2560 3902 φύσεως
2600 3832 2648 3882 οἱ
2692 3833 3032 3903 προπάτορες,
3079 3835 3200 3905 πρὶν
3251 3831 3281 3890 ἣ
3340 3833 3426 3883 τόν
3471 3831 3586 3903 ὅφιν
3636 3831 3830 3900 ὑποψι-

2230 3921 2462 3992 θυρίσαι,
2539 3927 2632 3979 τῆς
2706 3916 3013 3991 εύδαίμονος
3079 3925 3167 3972 καὶ
3227 3925 3491 3994 μακαρίας
3564 3919 3829 3979 ἀπηλαυον

2231 4009 2388 4070 ζωῆς.
2421 4008 2577 4062 Ἀλλὰ
2629 4016 2716 4060 νῦν
2756 4006 2880 4061 οῦδὲ
2918 4011 2942 4060 ὁ
2977 4009 3184 4071 σκολιός
3232 4007 3423 4072 ἐκεῖνος
3473 4015 3563 4062 καὶ
3613 4014 3829 4084 πονηρός

2229 4099 2360 4169 ὄφις,
2425 4103 2608 4171 χώραν
2666 4101 2778 4170 ἔχει
2829 4099 3143 4173 ῦφερπῦσαι,
3199 4095 3324 4150 ούδέ
3388 4119 3533 4159 τινας
3569 4098 3826 4171 ψιθύρους

2226 4186 2411 4258 λόγους
2451 4189 2902 4259 ύπομηχανᾶσθαι
2933 4209 2944 4220 ·
2991 4186 3098 4238 ἀλλ’
3155 4184 3272 4239 οὐδ’
3328 4187 3378 4238 ἓν
3419 4191 3539 4260 ἡμῖν
3585 4187 3700 4238 ἐστί
3723 4205 3814 4248 τις,

2227 4276 2285 4327 οὗ
2332 4281 2402 4348 μή
2453 4279 2591 4328 ἐστιν
2636 4278 2664 4334 η
2697 4282 2876 4348 γνώμη
2930 4284 3180 4348 μηχανῆς
3235 4275 3451 4339 ἁπάσης
3493 4280 3576 4328 καὶ
3626 4279 3819 4346 τέχνης

459 4359 846 4432 prebensibili
875 4359 1336 4432 pulchritudine,
1377 4360 1546 4432 quasi
1583 4361 1952 4419 luxuriantes
1976 4380 2114 4420 con-

2236 4363 2436 4437 Ξιμείνων
2471 4387 2483 4398 ο
2519 4361 2631 4418 ούδ’
2665 4365 2957 4438 ὀφθαλμούς
3009 4362 3066 4418 δε
3119 4385 3200 4428 τις
3247 4364 3564 4437 ἀνοιχθῆναι
3594 4361 3764 4417 δεῖται
3789 4368 3820 4423 ἧ

458 4448 620 4505 tinuo
635 4449 1050 4522 tripudiamus,
1068 4465 1178 4504 nec
1190 4449 1428 4504 satietas
1446 4449 1640 4505 adest:
1659 4450 1904 4508 luxuriae
1924 4453 2112 4509 abun-

454 4539 659 4597 dantia
708 4538 865 4595 illius
921 4539 1237 4594 summitas
1288 4538 1360 4594 sit
1424 4538 1778 4605 dilectionis,
1836 4547 1892 4597 et
1942 4542 2105 4598 illam

452 4629 737 4686 comitata
767 4628 963 4684 fruitio
980 4626 1378 4683 inenarrabile
1396 4627 1529 4682 illud
1549 4628 1858 4698 gaudium,
1881 4636 1933 4686 et
1949 4631 2109 4686 inex-

449 4717 790 4790 plciabilem
819 4715 1273 4774 exsultationem
1315 4723 1629 4788 operatur:
1665 4717 1816 4774 adeo
1843 4725 1905 4774 ut
1935 4736 2108 4777 amor

449 4821 545 4863 me
576 4807 886 4865 inmensus
903 4822 973 4863 eo
996 4806 1261 4873 revehat,
1283 4807 1429 4862 dum
1456 4813 1646 4863 tecum
1666 4807 1778 4862 hos
1800 4824 2105 4866 sermones

447 4885 592 4960 fero,
649 4913 757 4954 nec
815 4913 1062 4969 possum
1099 4895 1336 4952 illorum
1389 4901 1620 4968 partem
1666 4897 1759 4952 vel
1791 4898 2101 4956 minimam

447 4981 680 5038 referre.
714 4987 970 5042 Accedes
1002 4991 1064 5041 tu
1105 4985 1434 5059 aliquando
1465 5002 1536 5041 eo
1567 5002 1702 5042 cum
1726 4986 1940 5044 dilecta
1969 5005 2104 5045 mea

448 5075 657 5141 matre,
679 5080 732 5128 et
763 5079 886 5129 tum
921 5092 1016 5132 me
1043 5091 1237 5147 pauca
1252 5075 1537 5148 quaedam
1570 5076 1643 5132 de
1673 5076 1892 5147 multis,
1918 5078 2101 5134 etmi-

443 5157 684 5216 nutiora
725 5177 1032 5219 enarrasse
1092 5164 1380 5231 censebis,
1421 5171 1592 5238 teque
1651 5165 1849 5237 ipsum
1881 5167 1956 5222 de
1989 5168 2100 5223 hac

441 5247 678 5305 tristitia
691 5250 1022 5316 accusabis,
1041 5253 1146 5325 qui
1164 5269 1246 5308 me
1263 5254 1323 5308 in
1343 5253 1558 5309 talibus
1585 5253 1757 5310 bonis
1777 5262 2100 5312 versantem

439 5338 718 5412 deploras
751 5353 763 5393 :
803 5353 1029 5406 verum,
1063 5341 1440 5399 dilectissime
1467 5349 1653 5416 pater,
1675 5344 1748 5400 de
1777 5351 1988 5402 caetero
2005 5363 2100 5402 me

435 5431 608 5488 laetus
634 5427 928 5503 prmmitte
962 5429 1196 5494 isthinc,
1229 5448 1336 5488 nec
1368 5433 1589 5489 diutius
1621 5433 1840 5501 detine,
1870 5453 1940 5491 ne
1963 5435 2096 5508 plus

433 5518 925 5584 incommoderis,
951 5523 1006 5574 et
1026 5517 1247 5574 idcirco
1271 5521 1688 5579 vehementius
1713 5524 2014 5597 afﬂigaris.
2037 5526 2093 5582 Si

2221 4474 2354 4515 τινος
2442 4456 2673 4527 μείζονος
2741 4453 3020 4527 ἐπιθυμίας
3090 4453 3410 4508 ἀπολαῦσαι.
3474 4453 3659 4526 Ἐσμὲν
3723 4455 3822 4526 γὰρ

2219 4544 2434 4605 ἅπαντες
2483 4549 2632 4616 σοφοὶ
2690 4547 2778 4617 μὲν
2831 4549 2922 4604 τὴν
2974 4547 3111 4598 θείαν
3161 4549 3251 4598 καὶ
3304 4544 3542 4616 ούράνιον
3585 4547 3774 4614 σοφίαν
3807 4564 3818 4576 ·

2217 4631 2264 4685 ἐν
2297 4632 2536 4706 ἀφθόνοις
2568 4631 2626 4686 δὲ
2679 4639 2766 4686 καὶ
2814 4633 3174 4695 ἀνεκλαλήτοις
3237 4633 3452 4704 ἀγαθοῖς
3481 4652 3494 4665 ·
3553 4634 3578 4683 ὁ
3631 4628 3692 4685 δὲ
3718 4639 3822 4694 πᾶς

2217 4721 2336 4796 βίος
2364 4726 2487 4796 ἡμῖν
2519 4723 2666 4798 ἑορτὴ
2711 4727 2799 4774 καὶ
2848 4727 3161 4796 πανήγυρις.
3201 4727 3446 4795 Λαμπροὶ
3474 4718 3536 4774 δὲ
3559 4721 3820 4796 λαμπρῶς

2215 4815 2262 4864 ἐν
2331 4811 2614 4885 ἁφθάρτοις
2668 4817 2757 4863 καὶ
2823 4813 3210 4884 καθαρωτάτοις
3268 4811 3657 4882 πολιτευόμενοι
3719 4817 3821 4864 σώ-

2212 4922 2364 4974 μασι,
2418 4906 2546 4955 Θεὸν
2621 4902 2836 4975 ὁρῶμεν,
2912 4903 2976 4961 ὡς
3046 4903 3186 4953 ἔστιν
3269 4899 3522 4974 ἀνθρώπῳ
3594 4896 3820 4953 δυνατόν

2215 4987 2363 5056 ἰδεῖν,
2410 4997 2498 5043 καί
2550 4993 2734 5042 τούτου
2766 4997 2837 5059 τῷ
2889 4988 3139 5062 ἀφράστῳ
3170 4993 3260 5041 καὶ
3297 4988 3617 5062 ἀπερινοήτῳ
3646 4990 3820 5042 κάλλει

2211 5077 2568 5151 ἐντρυφῶντες,
2623 5074 2911 5139 διαπαντός
2967 5077 3312 5150 ἀγαλλόμεθα,
3362 5081 3452 5129 καὶ
3502 5083 3659 5152 κόρος
3709 5079 3825 5130 τού·

2209 5187 2307 5220 των
2337 5166 2532 5234 οὐδεὶς,
2580 5166 2706 5220 ἀλλά
2737 5171 2795 5221 τό
2837 5169 3054 5240 ἄφθονον
3095 5175 3184 5220 τοῦ
3243 5172 3439 5240 τρυφᾷν
3499 5165 3643 5240 ἀκμὴ
3687 5172 3822 5239 γίνε-

2208 5276 2294 5309 ται
2345 5265 2435 5310 τοῦ
2495 5256 2632 5333 ἐρᾷν,
2679 5261 2766 5310 καὶ
2813 5264 2885 5327 τῷ
2935 5259 3088 5329 ἔρωτι
3137 5263 3510 5330 συμπροῖοῦσα
3542 5257 3572 5314 ἠ
3604 5257 3820 5319 ἐξουσία

2207 5355 2301 5409 τῆς
2332 5346 2681 5413 ἀπολαύσεως,
2732 5347 2928 5419 ἄφατόν
2985 5365 3102 5399 τινα
3149 5350 3238 5398 καὶ
3299 5342 3703 5416 ἀνεκδιὴγητον,
3751 5349 3820 5407 ὡς

2206 5435 2430 5503 ἀληθῶς,
2480 5441 2574 5495 τὴν
2629 5438 2804 5508 χαρὰν
2864 5435 3061 5494 ἐκείνην
3109 5439 3198 5487 καὶ
3244 5433 3556 5507 ἁγαλλίασιν
3610 5436 3823 5508 ἐργάζε-

2205 5545 2292 5578 ται
2326 5547 2337 5560 υ
2394 5528 2457 5587 ὡς
2507 5530 2596 5579 καὶ
2642 5532 2729 5578 νῦν
2783 5527 2959 5600 ἔμοιγε
3013 5526 3178 5579 ταῦτά
3232 5543 3316 5578 σοι
3364 5523 3797 5598 προσομιλούσῃ,
