4072 6232
275 347 384 404 977

1535 343 2040 404 EPISTOLAHUM
2084 347 2297 405 LIBER
2336 351 2438 406 III.

3539 353 3650 408 978

279 469 452 535 δεινὸς
510 475 600 524 καὶ
661 470 937 545 ἀμήχανος
999 475 1128 548 πρὸς
1175 474 1340 526 ἐκεῖνα
1397 473 1522 545 ἔρως
1569 471 1884 547 ἐπιστρέφει,

2004 474 2161 545 apud
2190 481 2242 532 te
2270 475 2401 532 haec
2425 475 2518 532 vel
2545 475 2764 534 similia
2791 479 2989 533 tecum
3010 475 3188 534 beata
3215 480 3315 533 tua
3337 475 3520 534 ﬁliola
3537 477 3654 534 col-

273 567 366 616 καὶ
423 559 546 615 οὐδὲ
604 565 662 614 τὸ
713 561 1052 635 βραχύτατον
1103 562 1272 615 αύτῶν
1331 570 1646 638 παραχωρεῖ
1697 560 1888 634 διηγήο

273 654 496 706 σασθοιι.
543 651 753 724 Ἐλεύσῃ
789 648 846 704 δέ
888 672 1012 705 ποτε
1049 658 1138 705 καὶ
1191 652 1344 714 αὐτὸς
1390 651 1555 705 ἐκεῖσε
1609 653 1718 725 οἶμα
1767 653 1884 725 φίλη

265 745 452 814 μητρὶ,
489 745 579 794 καὶ
623 745 737 794 τότε
777 741 941 794 πολλὰ
993 745 1082 814 μὲν
1136 742 1224 814 ἐμὲ
1276 750 1368 794 τοῦ
1417 745 1582 817 μικρὰ
1635 747 1753 816 περὶ
1801 762 1888 800 τη-

267 831 524 884 λικούτων
614 830 770 884 εἰπεῖν
800 852 812 865 ·
887 831 1045 883 πολλὰ
1103 828 1162 884 δὲ
1238 836 1430 885 σαυτόν
1505 839 1597 883 τοῦ
1673 833 1887 894 πένθους

271 920 494 993 αἰτιάσῃ
532 939 544 952 ·
597 921 717 972 όίων
803 919 970 971 καλῶν
1043 919 1287 992 κάγαθῶν
1377 923 1502 993 ἡμῖν
1578 917 1887 993 κατωδύρου

275 1009 444 1064 Ἀλλά
501 1028 565 1082 με
616 1008 817 1073 λοιπόν,
867 1009 906 1060 ὧ
963 1009 1171 1082 φίλτατε
1210 1013 1392 1084 πάτερ,
1445 1015 1649 1086 χαίρων
1703 1012 1760 1062 ἔα
1801 1015 1886 1062 καὶ

277 1105 558 1172 πρόπεμπε
591 1120 603 1132 ·
663 1096 802 1172 μηδὲ
858 1098 1006 1151 πλέον
1056 1103 1306 1172 κατέχῂς,
1350 1101 1432 1151 ἵνα
1487 1104 1558 1171 μή
1619 1099 1766 1152 πλέον
1799 1099 1888 1160 ζη-

280 1194 517 1262 μιώσῃς,
563 1192 652 1240 καὶ
710 1184 803 1240 διὰ
853 1195 1006 1240 τοῦτο
1072 1198 1265 1262 πικρῶς
1329 1187 1568 1251 ἁνιάσης.
1623 1189 1681 1242 Εἰ
1729 1196 1893 1241 ταῦτα

283 1273 349 1330 δε
378 1282 468 1329 καὶ
523 1283 743 1330 τοιαῦτα
799 1277 947 1352 ἕτερα
1002 1281 1058 1330 τό
1111 1280 1366 1354 μακάριον
1408 1277 1565 1330 ἐκεῖνο
1611 1279 1890 1350 θυγάτριον

280 1363 500 1432 διεξῄει,
563 1359 644 1439 ἆρ’
703 1365 795 1418 οὐκ
857 1364 916 1417 ἃν
966 1363 1304 1428 δυσωπηθεὶς
1357 1371 1447 1418 καὶ
1513 1371 1598 1418 τόν
1659 1363 1890 1440 ὀδυρμόν

283 1454 481 1509 ἀπέθου
534 1460 622 1508 καὶ
667 1460 872 1528 χαίρων
920 1462 1218 1528 χαίρουσαν
1261 1455 1467 1508 ἀπιέναι
1522 1461 1886 1529 προέπεμπες;

278 1543 410 1598 Εἶτα
439 1543 500 1596 ἂν
549 1548 638 1616 μεν
695 1547 724 1603 ἡ
772 1551 896 1606 παῖς
942 1553 1109 1598 ταῦτα
1169 1545 1316 1618 λέγῃ,
1373 1544 1610 1618 βελτίους
1666 1545 1890 1616 ἐσόμεθα

276 1639 376 1686 καὶ
412 1637 529 1695 τοὺς
574 1635 788 1706 θρήνους
827 1632 1181 1709 ἀπορρίψομεν
1213 1651 1226 1700 ;
1261 1633 1320 1686 ἂν
1353 1632 1402 1686 δ’
1456 1637 1481 1686 6
1537 1638 1708 1696 κοινὸς
1754 1634 1889 1687 Πλά-

285 1743 426 1784 στης
473 1727 560 1774 καὶ
614 1728 879 1785 Δεσπότης
921 1721 1025 1795 βοᾷ
1054 1745 1065 1756 ·
1101 1723 1160 1776 Ὀ
1199 1726 1457 1776 πιστεύων
1511 1724 1578 1783 εἰς
1634 1723 1737 1796 ἐμὲ,
1793 1723 1887 1775 κᾶν

285 1810 526 1884 ἀποθάνῃ
581 1811 643 1871 ζὴ
654 1831 802 1863 σεται
835 1831 847 1843 ·

289 1908 463 1952 πῶσιν
513 1901 687 1966 αὑτὸν,
734 1900 768 1951 ἂ
821 1899 1084 1972 ὀφθαλμὸς
1148 1900 1242 1952 οὐκ
1299 1898 1424 1964 εἶδε,
1486 1905 1576 1954 καὶ
1648 1899 1736 1964 οὖς
1795 1902 1890 1954 ούκ

288 1993 505 2052 ἤκουσε,
559 1994 649 2040 καὶ
731 1988 816 2041 ἐπὶ
895 1986 1120 2062 καρδίαν
1197 1989 1467 2064 ἀνθρώπου
1535 1991 1628 2042 οὐκ
1701 1990 1887 2050 ἀνέϐη.

285 2080 358 2138 ὡς
407 2076 748 2140 ἀπιστοῦντες
814 2076 964 2131 ούδεν
1041 2081 1246 2151 ἄμεινον
1316 2076 1712 2152 διακεισόμεθα,
1783 2079 1890 2132 ἀλλ’

285 2166 374 2219 ἐπὶ
429 2167 578 2219 πλέον
644 2170 1006 2239 θρηνὴσομεν;
1043 2173 1142 2220 Καὶ
1194 2175 1294 2221 ποῦ
1349 2177 1502 2221 τοῦτο
1559 2171 1713 2221 καλόν
1747 2186 1761 2238 ;
1795 2177 1893 2222 ποῦ

288 2253 353 2309 δὲ
386 2253 640 2321 δίκαιον;
688 2264 790 2309 ποῦ
848 2253 907 2309 δε
955 2256 1218 2329 λογισμῶν
1269 2260 1425 2330 ἐγγύς
1467 2258 1756 2316 ἑστηκότων
1805 2267 1894 2311 τοῦ

286 2350 578 2420 πρέποντος
660 2346 689 2404 ἢ
772 2350 1156 2420 συμφέροντος;
1217 2344 1342 2401 Εἶτα
1419 2345 1542 2401 οὐδὲ
1599 2353 1690 2407 τὴν
1766 2348 1894 2420 ἐμὴν

286 2435 527 2509 αἰσχύνῃ
584 2437 954 2508 κοσμιωτάτην
1008 2438 1230 2508 νύμφην,
1282 2437 1354 2499 εἰς
1417 2439 1482 2490 τὰ
1549 2447 1647 2489 τῶν
1705 2439 1894 2496 θηλέων

286 2521 500 2598 δάκρυα
547 2528 604 2577 1'6
649 2523 938 2600 ἀρρενωπόν
1001 2521 1234 2596 διαχέων
1294 2531 1384 2578 καὶ
1435 2532 1845 2600 καταφερόμενος
1879 2547 1890 2559 '

283 2609 414 2666 οὐδὲ
461 2611 614 2688 φείδῃ
670 2622 761 2675 τῆς
817 2619 1108 2685 γυναικείας
1161 2614 1450 2680 ἀσθενείας,
1497 2613 1613 2668 οὐδ’
1663 2618 1693 2674 ἠ
1776 2621 1893 2690 περὶ

286 2701 454 2760 αὐτὴν
500 2701 713 2773 εῶιογος
767 2705 1068 2774 συμπάθεια
1153 2708 1243 2756 καὶ
1294 2703 1541 2776 ὠφέλιμος
1597 2709 1682 2762 τὴν
1734 2707 1894 2777 παρά-

285 2792 443 2864 λογον
489 2789 695 2844 διαλύει
741 2796 832 2844 καὶ
892 2791 1213 2866 ἀσύμφορον,
1266 2793 1326 2846 Εἰ
1373 2796 1476 2868 γὰρ
1524 2789 1728 2868 ἄνδρες.
1768 2793 1893 2868 παρ’

287 2883 358 2932 ὧν
388 2889 501 2942 ταῖς
525 2881 756 2952 γυναιξὶν
787 2883 818 2941 ἡ
867 2879 1169 2946 ἀνάκτησις,
1214 2885 1310 2934 ’ίσα
1346 2888 1574 2954 γυναίοις
1604 2882 1855 2954 κόψονται
1880 2902 1892 2914 '

288 2975 344 3023 τί
381 2974 433 3023 :6
466 2976 584 3046 περὶ
614 2971 773 3031 αὐτὰς
802 2973 952 3023 ἔσται
987 2987 1000 3037 ;
1029 2973 1182 3024 πόθεν
1210 2974 1268 3023 τό
1308 2974 1640 3047 παραμύθιον
1679 2972 1892 3039 ἓξουσι;

289 3065 436 3122 τίνας
466 3057 524 3112 δὲ
572 3065 946 3134 παραινέσομεν
990 3060 1060 3122 εἰς
1098 3066 1373 3135 καρτερίαν
1427 3063 1725 3133 μιμεῖσθαι,
1774 3065 1898 3136 πρός

290 3153 441 3210 τίνας
488 3147 681 3221 ἀφορᾴν
715 3165 727 3215 ;
756 3149 886 3201 ἀλλὰ
911 3153 982 3220 μὴ
1037 3151 1100 3201 σύ
1131 3169 1209 3221 γε,
1243 3146 1382 3222 μηδὲ
1432 3158 1652 3202 σεαυτοῦ
1693 3149 1896 3214 ἀνάξιον

291 3239 500 3301 πάθοις,
545 3234 684 3309 μηδὲ
729 3244 822 3289 τοῦ
860 3241 1058 3310 γένους,
1113 3239 1195 3290 ἵνα
1245 3258 1295 3290 τι
1326 3243 1414 3291 καὶ
1461 3246 1552 3291 τοῦ
1611 3247 1795 3313 καιροῦ
1823 3260 1897 3312 φι-

293 3326 640 3400 λοτιμὼτερον
700 3329 848 3394 εἴπω,
909 3329 1058 3380 νόθον
1110 3333 1200 3380 καὶ
1254 3327 1538 3403 ἀλλότριον.
1594 3331 1675 3386 Μὴ
1711 3325 1774 3386 δὴ
1805 3336 1896 3380 τοῦ

289 3423 458 3466 καλοῦ
515 3415 662 3468 πλέον
709 3415 776 3476 εἰς
841 3415 1072 3488 οἰμωγὰς
1131 3415 1476 3490 ἐκφερώμεθα,
1526 3414 1664 3490 μηδὲ
1719 3437 1897 3488 γυναι-

285 3506 562 3577 κιζώμεθα
613 3513 702 3576 τῷ’
762 3507 914 3559 πάθει
989 3503 1178 3580 ἄνδρες
1256 3506 1526 3578 πολλαχοῦ
1593 3506 1640 3559 ἓν
1696 3507 1897 3568 πολλοῖς

1712 3596 1898 3650 Ἔλαϐε

1737 3683 1898 3739 ἔδωκε

284 3599 380 3647 καὶ
458 3595 848 3666 χαλεπωτάτοις
907 3603 1219 3669 πειρασμοῖς
1277 3595 1628 3668 ἀναφανέντες.

282 3686 418 3754 πρὸς
468 3683 645 3736 ἑαυτὸν
686 3686 711 3736 ό
783 3685 1030 3748 Πλάστης
1083 3689 1140 3737 τὸ
1219 3685 1475 3758 πλάσμαο
1549 3685 1655 3737 ἀλλ’

284 3774 497 3836 πλείους
551 3774 618 3825 ὧν
679 3774 848 3848 ἀφεῖλε
906 3776 1016 3848 (καὶ
1070 3777 1250 3834 εἴησάν
1312 3795 1372 3847 γε
1441 3774 1523 3826 ἐπὶ
1571 3780 1896 3847 μακρότατον

292 3859 349 3916 εὖ
392 3861 646 3934 βιοῦντες,
680 3869 763 3915 καὶ
809 3868 929 3926 τούς
976 3870 1212 3927 τεκόντας
1239 3864 1612 3937 εὐφραίνοντες)
1641 3867 1784 3926 υἱοὺς
1810 3870 1899 3916 καὶ

294 3954 603 4028 θυγατέρας.
675 3959 844 4007 Λυπεῑ
891 3956 948 4006 τὸ
1003 3953 1252 4027 παρελθόν
1287 3975 1298 3987 ·

292 4048 543 4115 παρόντες
567 4059 578 4071 ·

1370 3954 1780 4028 εύφραινέτωσαν
1851 3957 1900 4006 οἱ

658 4042 1126 4116 εύχαριστήσωμεν
1212 4044 1337 4118 ὑπὲρ
1408 4043 1474 4093 ὧν
1544 4042 1760 4114 ἀφεῖλεν,
1818 4044 1900 4094 ἵνα

293 4132 371 4192 οἷς
397 4130 689 4204 ἐχαρίσατο
734 4136 941 4206 χαίρειν
996 4139 1085 4185 καὶ
1129 4131 1480 4205 ἁγαλλιᾶσθαι
1513 4130 1728 4204 βεϐαίαν
1760 4135 1896 4203 ἔχω-

291 4239 388 4294 μεν
447 4225 540 4278 τὴν
602 4220 910 4274 ἀπόλαυσιν.
1005 4221 1166 4274 Καλὸν
1229 4223 1369 4293 ἔχειν
1425 4230 1497 4292 τῷ
1550 4219 1652 4293 βίῳ
1725 4226 1899 4292 γένους

294 4304 595 4380 διαδόχους
629 4325 640 4338 ·
698 4311 926 4381 ἔχομεν·
985 4309 1140 4361 καλὸν
1217 4313 1467 4382 παρέχειν
1525 4308 1776 4383 ἀπαρχὰς
1828 4318 1898 4378 τῷ

289 4405 452 4467 κοινῷ
508 4397 744 4470 Πλάστῃ,
811 4402 899 4450 καὶ
972 4407 1071 4450 τῶν
1120 4397 1328 4469 ἀγαθῶν
1401 4398 1637 4450 ἁπάντων
1709 4394 1899 4470 δοτῆρι

289 4492 720 4560 προσηνέγκαμεν
755 4505 767 4517 ’
803 4491 921 4560 πρὶν
963 4491 1054 4559 μὲν
1106 4484 1302 4546 ἄδηλον
1336 4484 1396 4546 ἦν
1445 4492 1577 4549 τίνες
1631 4496 1728 4539 τῶν
1779 4494 1897 4540 παί-

291 4573 402 4629 δων
443 4576 514 4638 εἰς
557 4575 801 4650 ἀπαρχὰς
846 4584 977 4647 Θεῷ,
1011 4581 1143 4638 τίνες
1175 4574 1234 4629 δὲ
1286 4577 1358 4638 εἰς
1405 4573 1674 4648 διαδοχὴν
1717 4581 1896 4648 γένους

289 4665 724 4736 λογισθήσονται.
780 4673 886 4719 Νῦν
967 4663 1025 4719 δὲ
1086 4666 1146 4717 ἂν
1199 4670 1352 4737 μόνον
1413 4666 1746 4739 εὐχαρίστως
1799 4671 1893 4725 τὴν

293 4754 547 4826 ἀπαρχὴν
589 4757 831 4826 οἶσωμεν,
879 4755 1049 4807 οὐκέτι
1119 4754 1166 4806 ἐν
1229 4751 1446 4816 ἀδήλοις
1528 4758 1619 4816 τὰς
1686 4753 1895 4816 ἐλπίδας

296 4844 637 4915 σαλεύσομεν,
685 4842 791 4895 ἀλλ’
849 4846 898 4896 ἐν
929 4851 1000 4914 τῷ
1059 4841 1258 4915 βεϐαίῳ
1311 4847 1598 4912 πεπηγότες
1647 4842 1891 4915 ἐσόμεθα.

297 4929 442 4984 0νῦδέ
516 4951 639 4984 ποτε
693 4931 860 4984 λαϐὼν
930 4933 987 4984 ού
1062 4936 1300 5006 παρέσχε
1357 4931 1737 5005 φιλοτιμότερον
1771 4951 1782 4962 '
1819 4935 1896 4984 ἀεὶ

297 5017 359 5073 δὲ
415 5025 684 5093 μεγίστοις
732 5026 822 5074 καὶ
883 5021 1208 5081 ἀνελπίστοις
1257 5021 1468 5092 ἀγαθοῖς
1523 5023 1588 5072 τὰ
1637 5020 1896 5092 ἐλάχιστα

293 5107 646 5182 διαμείϐεται.
709 5109 772 5165 Εἰ
844 5106 902 5162 δὲ
959 5112 1184 5181 θρήνοις,

294 5198 544 5270 ἀπαρχὰς
600 5197 1016 5272 καθυϐρίσωμεν,

1266 5111 1334 5169 ὡς
1401 5105 1758 5180 ἀδικούμενοι,
1803 5113 1895 5172 τὰς

1105 5197 1203 5250 ἠ’
1478 5201 1485 5212 ·
1610 5195 1689 5250 ενδ·
1805 5198 1816 5214 ³
1868 5209 1886 5216 -

1096 5219 1156 5249 α.
1260 5217 1354 5269 εγω
1437 5217 1525 5269 μεν
1580 5218 1638 5250 ο.)
1683 5218 1730 5250 εν
1797 5218 1894 5273 ερω

293 5285 578 5360 δυσχερὲς,
613 5287 716 5340 imi
767 5285 898 5360 μηδ’
951 5289 1086 5356 ὑμᾶς
1138 5286 1329 5347 ἐλπίζω
1381 5294 1472 5339 τοῦ
1534 5287 1715 5340 λοιποῦ
1767 5291 1891 5363 θρή-

288 5394 406 5435 νους
453 5378 544 5427 καὶ
569 5373 736 5435 λύπας
792 5379 881 5426 καὶ
933 5382 1153 5427 τοιαῦτα
1190 5376 1351 5439 πάθη,
1383 5373 1418 5425 ἃ
1456 5382 1546 5426 τοῦ
1591 5371 1895 5446 δυσχεροῦς

288 5462 433 5516 ἐστιν
469 5463 632 5528 αἰτία,
664 5463 1085 5540 περιϐάλλεσθαι.
1116 5466 1208 5522 Εῐη
1268 5460 1326 5516 δέ
1356 5483 1446 5536 μοι.
1495 5468 1583 5515 καὶ
1633 5467 1688 5516 τό
1743 5472 1891 5518 Θεῐον

371 5650 445 5687 ιι·
469 5651 650 5707 Joan.
682 5665 756 5719 x1,
779 5653 867 5708 24.
909 5651 958 5687 ²²
987 5649 1010 5704 I
1042 5651 1172 5707 Cor.
1205 5664 1264 5716 ιι,
1298 5653 1348 5705 9.

1999 561 2359 636 loqueretur,
2387 581 2589 622 annon
2604 571 2913 638 permotus
2934 565 3072 623 inde
3086 567 3341 637 gemitus
3361 566 3454 622 abi
3464 582 3652 636 geres,

1999 658 2053 708 et
2082 654 2253 710 laetus
2300 655 2502 712 laetam
2543 654 2706 712 abire
2738 657 3156 727 permitteres?
3188 656 3408 712 Deinde
3454 657 3504 712 si
3533 657 3656 713 ﬁlia

1997 744 2127 798 haec
2156 743 2395 810 diceret,
2438 760 2516 800 an
2559 744 2785 800 meliori
2822 749 2980 801 statu
3022 747 3264 813 erimus,
3298 751 3354 801 et
3391 745 3658 803 lamenta

1999 831 2383 905 rejiciemus?
2423 833 2515 889 sin
2545 835 2885 889 communis
2929 833 3230 903 Conditor,
3273 840 3328 890 et
3369 835 3656 891 Dominus

2001 921 2241 978 clamet:
2265 923 2378 991 Qui
2393 923 2582 979 credit
2605 923 2664 979 in
2685 939 2797 989 me,
2820 924 3052 980 etiamsi
3067 925 3356 980 morietur
3375 925 3530 982 vivet
3547 926 3616 960 ²¹¹
3640 941 3654 992 ;

1999 1019 2052 1068 et
2085 1012 2188 1084 qui
2212 1013 2579 1082 praeparavit
2612 1014 2992 1084 diligentibus
3031 1029 3109 1080 se,
3139 1029 3271 1086 quae
3297 1015 3504 1069 oculus
3533 1030 3654 1071 non

2001 1101 2170 1166 vidit,
2198 1116 2305 1157 nec
2335 1103 2502 1158 auris
2532 1103 2786 1170 audivit,
2815 1118 2923 1160 nec
2949 1103 3012 1158 in
3045 1117 3148 1159 cor
3178 1103 3434 1159 hominis
3455 1118 3655 1159 ascen-

2001 1191 2184 1254 dit";
2227 1195 2516 1264 tanquam
2557 1191 2827 1248 inﬁdeles
2867 1192 3052 1248 nihilo
3093 1192 3316 1249 erimus
3357 1192 3654 1262 meliores,

2001 1287 2056 1336 et
2120 1280 2256 1352 plus
2315 1280 2706 1337 dolebimus?
2775 1282 2874 1337 ubi
2927 1283 3181 1348 bonum,
3237 1282 3490 1353 justum,
3551 1282 3653 1339 ubi

1999 1368 2483 1425 ratiocinationes
2523 1370 2858 1442 conjunctae
2891 1387 3030 1426 cum
3070 1370 3302 1426 decenti
3337 1375 3438 1426 aut
3478 1369 3654 1426 utili?

2001 1458 2267 1524 Ulterius,
2285 1474 2482 1514 nonne
2496 1459 3135 1532 pudetornatissimam
3151 1474 3346 1514 meam
3362 1475 3653 1530 sponsam

2000 1547 2224 1602 virilem
2247 1548 2648 1604 conditionem
2671 1549 2730 1604 in
2758 1547 3079 1604 muliebres
3102 1548 3405 1620 lacrymas
3431 1546 3652 1603 diffun-

1997 1635 2197 1692 dendo
2237 1642 2292 1692 et
2324 1636 2624 1701 irruendo,
2670 1638 2943 1693 feminea
2983 1637 3401 1693 imbecillitatis
3441 1653 3648 1694 curam

1997 1727 2286 1788 omittere,
2319 1741 2393 1782 ne
2433 1726 2801 1782 rationabilis
2840 1734 2893 1782 et
2925 1727 3270 1783 conducens
3310 1726 3650 1799 compassio

917 1816 1007 1864 καὶ
1053 1813 1077 1864 ὅ
1132 1832 1186 1864 τε
1237 1814 1521 1884 ἡτοίμασεν
1593 1819 1701 1874 τοῖς
1763 1810 1885 1882 ἁγα-

2004 1815 2252 1886 dissipet
2272 1816 2681 1871 irrationalem
2705 1822 2760 1872 et
2789 1817 3079 1873 inutilem.
3112 1817 3167 1873 Si
3198 1815 3330 1881 viri,
3364 1832 3470 1888 per
3495 1831 3650 1888 quos

2000 1904 2234 1958 feminae
2263 1905 2598 1972 ﬁrmantur,
2633 1921 2752 1960 non
2779 1904 2980 1960 minus
3003 1921 3187 1976 quam
3217 1905 3453 1960 feminas
3486 1905 3655 1975 plan-

2002 1997 2168 2061 gunt,
2187 1992 2469 2047 undeillae
2489 1993 2756 2048 solamen
2775 1994 3090 2065 acquirent
3105 1995 3294 2065 ‘Iquos
3313 1993 3656 2049 laudandos

2005 2097 2411 2154 proponemus
2441 2081 2520 2136 ob
2553 2083 2963 2137 strenuitatem
2996 2081 3319 2136 imitandos
3341 2081 3370 2136 ?
3399 2083 3474 2136 ad
3503 2098 3656 2153 quos

2003 2169 2393 2240 respiciamus
2413 2170 2440 2225 ?
2468 2173 2680 2224 Verum
2706 2170 2826 2225 noli
2853 2177 2914 2224 tu
2945 2169 3280 2242 quidquam
3311 2175 3365 2225 te
3395 2170 3530 2241 ipso
3561 2169 3652 2224 vel

2003 2275 2216 2329 genere
2234 2264 2334 2314 tuo
2356 2259 2665 2331 indignum
2691 2260 2938 2332 perpeti,
2965 2263 3086 2324 aut,
3110 2266 3170 2315 ut
3193 2261 3385 2329 magis
3405 2260 3654 2330 tempori

2003 2365 2335 2420 congruum
2365 2350 2592 2414 dixero,
2616 2348 3049 2404 adulterinum:
3081 2349 3139 2402 in
3161 2347 3388 2404 luctum
3407 2363 3484 2403 ne
3506 2347 3657 2403 ultra

2003 2437 2287 2492 decorum
2331 2437 2671 2503 efferamus,
2715 2453 2824 2493 nec
2863 2453 2999 2492 eum
3039 2437 3146 2492 viri
3187 2453 3417 2506 sumus,
3453 2436 3660 2493 mulie-

2003 2525 2183 2582 briter
2205 2527 2545 2599 passionem
2569 2527 2857 2594 feramus,
2883 2543 3020 2582 cum
3046 2526 3343 2582 multoties
3373 2525 3572 2581 multis
3597 2525 3660 2582 in

2003 2616 2147 2674 locis
2182 2616 2358 2671 fortes
2391 2632 2500 2671 nos
2519 2617 3003 2688 praestiterimus:
3038 2615 3244 2688 Opifex
3277 2615 3356 2671 ad
3388 2621 3663 2671 setrans—

2004 2707 2135 2764 tulit
2173 2705 2518 2776 opiﬁcium;
2563 2705 2667 2760 sed
2701 2704 2835 2778 plus
2875 2705 3038 2760 dedit
3067 2720 3254 2778 quam
3287 2703 3566 2760 abstulit:
3610 2708 3664 2759 et

2006 2794 2336 2851 subsistant
2363 2809 2572 2865 precor
2602 2794 2706 2848 diu
2737 2793 3023 2858 viventes,
3057 2800 3114 2848 et
3135 2797 3408 2865 parentes
3440 2791 3664 2862 gaudio

2006 2883 2330 2940 adicientes
2359 2882 2460 2937 ﬁlii
2494 2882 2591 2937 alii
2623 2883 2916 2954 filiaeque:
2950 2882 3111 2938 dolet
3142 2882 3306 2955 quod
3337 2880 3661 2954 prasteriit;

2005 2973 2206 3030 ltetitia
2221 2971 3066 3044 afﬁciantpraesentes,gratias
3079 2972 3152 3026 de
3171 2970 3388 3026 ablatis
3401 2974 3662 3041 agamus,

2009 3068 2072 3117 ut
2098 3061 2385 3117 stabiliter
2415 3061 2686 3116 fruamur
2715 3061 2786 3113 iis
2818 3076 2971 3132 quos
3010 3059 3326 3121 habemus,
3362 3058 3558 3131 deque
3597 3057 3666 3113 iis

1937 3183 1977 3241 ρ
2009 3151 2298 3222 gaudium
2328 3155 2383 3205 et
2414 3148 2868 3204 exsultationem
2921 3147 3290 3204 habeamus:
3346 3147 3666 3219 pulchrum

2009 3246 2095 3296 est
2118 3253 2504 3293 successuros
2519 3237 2844 3308 possidere,
2863 3236 3281 3308 possidemus:
3311 3237 3668 3307 praeclarum

2007 3334 2094 3385 est
2117 3326 2408 3400 primitias
2423 3325 2687 3396 largitori
2710 3341 3062 3381 consecrare
3085 3330 3140 3381 et
3161 3325 3433 3380 omnium
3452 3324 3666 3390 datori,

2008 3416 2171 3488 quod
2201 3415 2468 3481 fecimus,
2500 3413 2732 3470 offerre.
2764 3418 3058 3470 Incertum
3090 3415 3257 3487 prius
3281 3416 3429 3478 erat,
3457 3429 3612 3486 quos
3637 3429 3668 3470 θ

2007 3505 2206 3561 liberis
2249 3508 2366 3560 Deo
2397 3503 2691 3576 primitias
2725 3503 2888 3571 dare,
2923 3519 3076 3576 quos
3107 3503 3339 3574 generis
3369 3502 3670 3559 destinare

2009 3594 2370 3652 successioni
2403 3597 2720 3665 oporteret.
2757 3596 2922 3649 Nunc
2953 3593 3000 3648 si
3040 3598 3345 3665 gratanter
3375 3591 3670 3665 primitias

2007 3683 2372 3750 dederimus,
2415 3699 2537 3738 non
2569 3683 2720 3738 inter
2757 3681 2983 3738 incerta
3031 3681 3334 3738 vacillabit
3378 3679 3532 3754 spes,
3564 3679 3670 3737 sed

2008 3775 2260 3829 immoto
2290 3773 2350 3828 in
2378 3777 2537 3828 statu
2559 3772 2736 3827 deﬁxi
2765 3773 3024 3828 erimus:
3055 3775 3209 3827 Deus
3235 3786 3550 3844 nunquam
3574 3785 3670 3828 ac-

2007 3862 2184 3932 cepit,
2213 3861 2358 3932 quin
2390 3860 2650 3930 amplius
2680 3861 3003 3928 largiatur;
3031 3876 3272 3931 semper
3295 3859 3386 3915 vel
3417 3860 3670 3916 minima

2010 3949 2286 4006 maximis
2299 3948 2685 4020 etinsperatis
2701 3947 2877 4003 bonis
2898 3952 3259 4003 remunerat.
3278 3947 3378 4003 Sin
3399 3947 3666 4018 planctu,

2011 4044 2070 4094 ut
2089 4039 2165 4108 inj
2180 4039 2308 4093 uria
2321 4037 2513 4092 affecti
2529 4036 2820 4108 primitias
2844 4037 3198 4092 dedecorem
3211 4051 3666 4108 us:quanquam

2009 4127 2156 4183 nihil
2205 4142 2316 4198 ego
2360 4125 2636 4198 proloqui
2680 4124 3007 4180 infaustum
3064 4125 3260 4192 velim,
3302 4124 3527 4196 quippe
3563 4125 3667 4196 qui

2010 4233 2242 4289 sperem
2271 4222 2324 4272 te
2350 4216 2424 4270 de
2457 4221 2668 4270 caetero
2699 4214 2928 4270 nullam
2959 4214 3133 4270 talem
3170 4213 3538 4286 passionem,
3571 4213 3664 4270 la-

2010 4311 2231 4374 menta,
2256 4321 2574 4361 mmrorem
2593 4303 3024 4372 admissurum,
3045 4303 3203 4359 unde
3225 4301 3468 4359 infausti
3493 4301 3666 4375 quid-

2007 4412 2188 4470 quam
2224 4399 2610 4466 procuretur:
2645 4393 2786 4448 mihi
2821 4397 3048 4448 Numen
3075 4398 3132 4448 et
3163 4408 3266 4463 spe
3293 4396 3350 4447 et
3379 4390 3664 4461 suffragio

2007 4485 2202 4541 faveat
2218 4483 2392 4550 ;favet
2409 4481 3040 4545 autem,etlibertatem
3060 4479 3346 4554 loquendi
3367 4479 3662 4548 concedit,

2007 4580 2060 4631 te
2087 4574 2164 4630 ab
2201 4572 2386 4628 animi
2421 4586 2674 4626 maerore
2707 4570 2768 4624 in
2814 4571 3143 4642 gratiarum
3184 4567 3484 4626 actionem
3522 4583 3665 4624 con-

2005 4679 2198 4727 verso,
2220 4661 2482 4733 plurima
2499 4676 2636 4715 cum
2660 4659 2910 4730 antiqua
2930 4663 3056 4713 tum
3081 4657 3340 4714 recentia
3359 4657 3658 4729 exempla,

2004 4769 2140 4826 quae
2171 4751 2436 4807 solamen
2461 4747 2730 4816 afferant,
2756 4751 3180 4819 repraesentare
3203 4761 3477 4819 possum.
3507 4743 3661 4810 Quin

2006 4847 2069 4896 ut
2096 4840 2260 4913 quod
2283 4855 2376 4894 res
2401 4843 2488 4893 est
2505 4837 2724 4902 dicam,
2747 4842 2866 4892 tota
2882 4836 3202 4891 hominum
3222 4835 3344 4890 vita
3364 4835 3546 4908 hujus
3570 4839 3662 4891 est

2003 4929 2364 5001 exemplum,
2412 4942 2598 4999 quam
2649 4925 3007 4998 cogitatione
3045 4939 3457 4980 rememorans
3487 4923 3662 4980 facile

2005 5018 2394 5090 dejectionem
2410 5031 2652 5071 omnem
2671 5013 3117 5084 amolietur.Maj
3129 5029 3194 5067 us
3212 5013 3410 5069 adhuc
3428 5012 3658 5080 dixero,

2004 5113 2061 5164 et
2102 5105 2478 5162 tremendum
2511 5104 2695 5170 illud;
2739 5103 2815 5159 ad
2847 5119 3002 5176 quos
3052 5101 3304 5174 pertinet
3345 5101 3662 5159 defunctos

2003 5195 2316 5268 deplorare
2331 5195 2359 5248 ‘?
2380 5193 2475 5248 hic
2496 5193 2620 5264 ipse
2643 5208 2762 5248 non
2785 5192 3119 5261 dicam,sed
3136 5191 3298 5248 orbis
3318 5207 3660 5264 praeconem

2003 5283 2319 5356 compello,
2354 5288 2418 5336 ut
2442 5297 2588 5338 voce
2615 5297 2727 5337 sua
2758 5282 3022 5336 enuntiet
3047 5281 3282 5338 cmleste
3319 5281 3656 5338 decretum:

2005 5377 2089 5431 De
2113 5371 2539 5430 dormientibus
2569 5371 2706 5426 noto
2734 5386 2832 5427 vos
2862 5370 3164 5441 ignorare,
3190 5371 3456 5441 fratres:
3494 5373 3556 5424 ut
3586 5383 3662 5426 ne

2007 5461 2258 5519 tristitia
2274 5477 2366 5518 vos
2378 5461 2464 5516 ita
2479 5459 3345 5533 afﬁciemini,quemadmodum
3363 5465 3418 5516 et
3441 5455 3654 5526 exteri,
