4072 6232
473 375 584 431 979
1715 365 1949 423 PHOTII
1989 367 2132 423 PAT?

2241 367 2460 424 .RCH/E
2493 367 2604 426 CP.
3771 364 3872 423 980

471 498 572 572 qui
599 512 757 568 spem
790 511 910 553 non
944 495 1164 553 habent
1183 497 1250 550 ³³.
1285 492 1500 550 Paulus
1548 492 1766 549 horum
1817 497 1906 548 est
1929 489 2131 548 bucci-

2241 499 2302 566 τῇ
2334 512 2389 546 τε
2411 493 2589 566 ψήφῳ,
2615 497 2705 546 καὶ
2737 500 2798 568 τῇ
2833 489 3011 546 ἐλπίδι
3045 495 3493 565 συνεφαπτόμενον
3529 505 3543 519 ·
3585 495 3686 543 καὶ
3751 493 3866 543 ἔστι

473 594 668 654 nator,
735 585 966 642 caelesti
1018 584 1321 640 institutus
1373 581 1820 644 ludolitterario.
1885 582 1986 654 qui
2041 585 2132 637 to-

2241 602 2336 654 γε·
2383 583 2538 644 αὐτός
2599 604 2689 656 μοι
2741 588 2803 642 τὴ
2859 582 3166 659 παρρησίαν
3218 589 3445 657 χορηγεῖ
3498 582 3676 653 ὑμῶν,
3745 581 3862 655 ὅπερ

473 686 601 734 tum
633 675 931 733 mundum
979 673 1169 730 obivit
1199 672 1628 744 praedicando:
1665 672 1874 728 Christi
1905 687 1972 728 os
2012 671 2132 727 cla-

2241 674 2384 744 ἔφην,
2455 671 2554 724 ἀπὸ
2607 680 2697 733 τῆς
2751 671 2978 744 ἀθυμίας
3031 670 3098 732 εἰς
3154 671 3499 746 εὐχαριστίαν
3559 669 3864 740 ἀνενεγκονο

476 770 621 832 mat,
653 763 923 820 inﬁdeles
968 763 1200 832 decere,
1227 761 1300 817 de
1348 762 1641 817 defunctis
1672 761 1904 816 tristitia
1951 759 2129 826 afﬁci,

2241 779 2360 828 των,
2411 760 2578 813 πολλά
2620 757 2678 814 δι
2723 765 2813 813 καὶ
2862 765 2950 813 νέα
2991 765 3081 812 καὶ
3124 759 3324 812 παλαιά
3380 767 3472 812 τοῦ
3523 761 3866 830 συνενεχθέν

473 853 921 913 resurrectionis
940 867 1109 925 spem
1127 851 1524 922 exstinguere,
1551 867 1672 906 non
1699 849 1999 906 credendo
2019 851 2134 905 vir-

473 949 662 1002 tutem
721 940 984 1014 mysterii
1041 940 1376 996 secundum
1433 939 1750 996 Christum.
1810 939 2132 996 Tristitiam

477 1033 654 1106 igitur
673 1047 986 1096 exuamus,
1002 1046 1077 1087 ne
1089 1035 1321 1087 reatum
1337 1035 1546 1086 contra
1556 1031 1770 1085 hamus
1786 1028 2094 1099 tantiﬁmali
2111 1047 2129 1102 ;

479 1141 551 1181 ne
578 1121 766 1178 ﬁliam
791 1126 953 1178 tuam
979 1136 1116 1178 vero
1142 1122 1370 1177 damno
1398 1119 1771 1192 afﬁciamur;
1807 1135 1950 1175 nam
1974 1134 2135 1175 nunc

474 1212 792 1270 Abrahami
806 1210 944 1266 sinu
961 1209 1434 1276 fovetur,ibidem
1457 1225 1575 1265 non
1590 1209 1675 1264 ita
1697 1209 1878 1281 longo
1894 1209 2135 1280 posthac

476 1307 746 1374 tempore
776 1300 937 1357 illam
969 1300 1172 1356 laetam
1203 1305 1263 1356 et
1293 1299 1691 1355 exsultantem
1726 1297 2130 1354 intuebimur:

2239 869 2321 910 τος
2350 850 2422 913 εἰς
2461 850 2819 923 ψυχαγωγίαν
2858 847 3228 924 ὑποδείγματα
3257 869 3270 884 ο
3323 848 3512 922 μᾶλλον
3559 845 3612 901 δ’
3671 848 3868 907 ἀληθὲ-

2244 959 2420 1013 στερον
2465 939 2642 1006 εἰπεῖν,
2698 939 2812 1000 ὅλος
2864 941 2890 992 ό
2945 937 3065 1012 βίος
3131 941 3316 992 τούτου
3364 934 3739 1012 παράδειγμα,
3811 938 3864 990 ὃν

2241 1036 2351 1092 τοῖς
2394 1028 2664 1101 λογισμοῖς
2713 1027 3092 1100 ἐπιδιελθόντα,
3141 1035 3316 1081 πᾶσαν
3370 1030 3484 1080 ἔστι
3544 1028 3673 1102 ῥᾷον
3730 1026 3863 1080 ἀπο-

2245 1120 2427 1172 θέσθαι
2454 1123 2546 1177 τὴν
2585 1122 2888 1191 κατήφειαν.
2936 1121 3078 1171 Εἴπω
3127 1121 3184 1170 τό
3229 1117 3430 1190 μεῖζον,
3462 1116 3658 1188 μᾶλλον
3706 1113 3772 1170 δέ
3802 1121 3859 1168 τό

2242 1212 2429 1282 φρίκης
2454 1213 2610 1280 γέμον
2637 1229 2649 1242 ·
2679 1212 2828 1260 τίνων
2880 1205 2994 1259 ἐστὶ
3024 1211 3082 1260 τό
3131 1206 3412 1260 λυπεῖσθαι
3465 1209 3588 1268 τούς
3623 1204 3859 1278 ἀποιχο-

2242 1301 2457 1369 μένους;
2492 1296 2681 1369 μᾶλλον
2731 1293 2790 1349 δε
2839 1293 2954 1349 οὐδ’
3003 1296 3158 1357 αὐτὸς
3215 1295 3334 1369 ἐρῶ,
3384 1299 3470 1348 τόν
3525 1301 3744 1369 κήρυκα
3804 1291 3861 1348 δὲ

479 1391 572 1448 sin
616 1395 823 1448 contra
877 1390 1108 1445 Domini
1139 1389 1330 1462 legem
1359 1387 1620 1460 puellam
1647 1386 1860 1453 deﬂeo,
1907 1387 1985 1443 ab
2035 1385 2135 1443 illo

479 1479 732 1553 pulchro
759 1477 1102 1550 spectaculo
1138 1477 1422 1551 expellor.
1458 1479 1627 1533 Visne
1659 1493 1798 1550 ergo
1828 1477 2017 1532 ﬁliam
2049 1475 2136 1531 in-

482 1568 651 1632 tueri.
680 1566 898 1640 repelle
924 1567 1171 1631 luctum,
1205 1582 1312 1638 per
1341 1566 1642 1632 actionem
1673 1565 2005 1636 gratiarum
2037 1563 2136 1620 de-

481 1657 644 1714 clara
668 1662 721 1714 te
735 1656 983 1728 dignum
1014 1655 1213 1711 laetitia
1224 1655 1362 1711 illa?
1380 1655 1428 1709 si
1443 1654 1702 1710 luctibus
1717 1654 1915 1710 adhuc
1942 1653 2041 1708 ind
2053 1653 2136 1708 ul-

482 1761 756 1818 geamus,
803 1744 1140 1800 desiderato
1184 1759 1294 1800 nos
1342 1743 1671 1816 privamus.
1727 1743 1946 1799 Laetitia
1991 1741 2136 1797 inibi

2241 1395 2336 1448 τῆς
2379 1386 2684 1458 οἰκουμένης
2740 1385 2899 1452 καλῶ,
2931 1382 3026 1438 διὰ
3069 1395 3165 1449 τῆς
3221 1385 3416 1446 οἰκείας
3464 1393 3634 1458 φωνῆς
3683 1383 3864 1456 ἀπαγ-

2241 1476 2408 1547 γεῖλαι
2494 1480 2551 1528 τό
2627 1475 2926 1549 ἐπουράνιον
2997 1475 3291 1549 ψήφισμα’
3374 1475 3450 1527 Ού
3524 1475 3654 1528 θέλω

2245 1564 2464 1638 ἀγνοεῖν,
2545 1562 2776 1638 ἀδελφοὶ,
2855 1569 2973 1636 περὶ
3070 1573 3168 1618 τῶν
3267 1568 3678 1637 κεκοιμημένων,
3781 1564 3863 1616 ἵνα

2244 1659 2315 1728 μὴ
2369 1655 2606 1712 λυπῆσθε
2648 1659 2738 1706 καὶ
2785 1655 2951 1726 ὑμεῖς,
3010 1656 3180 1715 καθὼς
3232 1659 3322 1706 καὶ
3375 1655 3424 1706 οἱ
3462 1652 3660 1719 λοιποὶ,
3693 1655 3746 1704 οἱ
3793 1658 3859 1724 μὴ

2244 1748 2449 1816 ἔχοντες
2498 1740 2704 1798 ἐλπίδα.
2776 1743 2975 1805 Παῦλός
3040 1742 3181 1796 ἐστιν
3243 1745 3268 1795 ό
3332 1743 3599 1804 σαλπίζων
3661 1751 3856 1806 ταῦτα,

3070 1573 3168 1618 τῶν

481 1834 748 1908 ploratus
793 1834 995 1888 nescit.
1041 1832 1464 1888 Exsultationis
1505 1837 1561 1887 et
1602 1831 1808 1902 gaudii
1855 1830 2132 1904 nuptialis

2245 1835 2271 1885 ό
2309 1842 2380 1904 τῷ
2411 1832 2632 1907 οὐρανίῳ
2676 1829 2976 1894 παιδευθεὶς
3029 1828 3408 1904 διδασκαλείῳ,
3461 1833 3487 1884 ό
3527 1836 3623 1890 τὴν
3681 1831 3858 1884 eiacu-

485 1923 784 1981 thalamus
814 1922 1010 1978 locum
1038 1922 1381 1993 lugentibus
1403 1937 1524 1978 non
1555 1921 1872 1988 concedet;
1901 1937 2010 1977 nec
2035 1921 2132 1977 ad-

2245 1927 2397 1994 μένην
2457 1929 2630 1974 πᾶσαν
2710 1920 2999 1997 περιλαϐὼν
3074 1929 3146 1992 τῷ
3230 1923 3552 1995 κηρύγματι,
3628 1923 3690 1972 τό
3768 1930 3858 1972 τοῦ

485 2013 674 2069 mittet
692 2011 919 2083 lacrym
929 2016 1117 2077 antes,
1135 2027 1288 2084 quos
1307 2009 1579 2066 haeredes
1603 2010 1803 2082 gaudii
1818 2009 2132 2082 inexplica-

2244 2019 2479 2085 Χριστοῦ
2513 2016 2700 2084 στόμα,
2745 2010 2979 2065 ἀπίστων
3007 2007 3135 2064 εἶναι
3185 2009 3291 2084 βοᾴ
3339 2015 3434 2068 τὴν
3489 2009 3572 2062 ἐπὶ
3625 2017 3735 2071 τοῖς
3785 2030 3859 2064 τε·

479 2099 620 2158 bilis
643 2099 844 2158 habet.
880 2100 1084 2155 Visum
1111 2103 1201 2155 est
1231 2099 1434 2156 factori
1460 2099 1816 2170 ﬁgmentum
1847 2099 2132 2169 reﬁngere

2243 2099 2466 2152 λευτῶσι
2539 2099 2727 2165 λύπην,
2803 2099 3112 2153 σϐεννύντων
3190 2107 3282 2161 τῆς
3353 2097 3687 2160 ἀναστάσεως
3765 2105 3854 2156 τὴν

483 2190 563 2249 ad
575 2188 1080 2248 immortalitatem
1101 2206 1114 2257 ;
1138 2189 1293 2246 hanc
1311 2188 1541 2246 felicem
1555 2204 1667 2260 ego
1683 2193 1899 2245 sortem
1923 2188 2132 2262 puellas

2247 2187 2453 2255 ἂλπίδα,
2506 2188 2861 2242 ἀπιστούντων
2914 2197 3004 2242 τοῦ
3053 2191 3190 2242 κατὰ
3247 2192 3479 2262 Χριστὸν
3552 2195 3853 2263 μυστηρίου

481 2295 606 2338 non
643 2277 900 2345 invideo,
943 2294 1054 2334 nec
1101 2278 1455 2334 sententiam
1496 2282 1704 2334 contra
1743 2277 2132 2334 murmurabo

2245 2283 2338 2336 τὴν
2380 2275 2622 2348 δύναμιν.
2683 2279 2823 2334 Ἀλλ’
2865 2277 3179 2352 ἀποθώμεθα
3231 2283 3325 2338 τὴν
3383 2277 3574 2345 λύπην,
3632 2281 3712 2330 ἵνα
3767 2283 3843 2346 μὴ

481 2385 638 2436 eam,
665 2383 853 2442 quam
887 2367 1166 2440 amplecti
1196 2367 1517 2425 deberem:
1550 2367 1920 2424 Dominicam
1955 2366 2135 2438 largi-

479 2462 663 2516 tatem
695 2457 756 2514 in
783 2462 1207 2528 argumentum
1238 2456 1682 2526 ingratitudinis
1727 2473 1846 2512 non
1876 2462 2134 2513 traxero.

481 2547 685 2604 Morbo
733 2545 1060 2620 aliquando
1099 2545 1417 2602 laborabat
1471 2545 1689 2602 ﬁliolus
1735 2547 1934 2617 magni
1974 2547 2132 2618 regis

485 2634 690 2701 David,
708 2634 955 2691 morbus
968 2635 1310 2708 sepulcrum
1325 2635 1720 2692 monstrabat.
1739 2635 1836 2690 [lle
1856 2635 2134 2692 morbum

481 2722 840 2780 calamitatis
855 2723 983 2779 loco
997 2722 1254 2788 habens,
1275 2738 1502 2794 pronus
1517 2723 1812 2788 sternitur,
1834 2723 2060 2795 lacrym
2069 2740 2135 2779 as

480 2809 763 2884 implorat
783 2825 1029 2877 numen,
1053 2826 1090 2867 a
1115 2811 1251 2867 cibo
1273 2811 1510 2867 etomni
1528 2811 1799 2884 corporis
1821 2811 1983 2868 cultu
2003 2812 2135 2869 abs-

480 2901 647 2958 tinet.
690 2905 759 2956 At
809 2899 909 2956 ubi
965 2901 1214 2957 excessit
1249 2899 1507 2974 puellus,
1552 2901 1754 2958 statim
1793 2901 2135 2974 deponebat

479 2989 729 3047 luctum.
746 2989 968 3048 Orabat
983 2991 1148 3062 prius
1162 2994 1224 3046 ut
1237 2991 1532 3046 viscerum
1550 2990 1730 3063 stirps
1751 2990 2128 3063 subsisteret;

2245 2993 2345 3047 ἀπὸ
2380 3002 2474 3047 σοῦ
2514 2999 2606 3059 τὴν
2653 2993 2821 3053 λύπην
2854 3011 2866 3023 ·
2898 2991 3068 3057 δεῖξον
3108 2995 3341 3058 σεαυτόν,
3403 2989 3477 3044 δι’
3506 2992 3576 3042 ὧν
3632 2991 3858 3066 εὐχαρι-

480 3083 802 3154 postquam
824 3079 969 3136 vidit
989 3080 1274 3136 Fictorem
1296 3080 1726 3136 determinasse
1749 3081 2000 3148 abitum,
2028 3097 2132 3154 per

2246 3092 2398 3150 στεῖς,
2487 3084 2630 3148 ἄξιον
2687 3092 2778 3145 τῆς
2837 3082 3026 3136 ἐκεῖθεν
3103 3083 3423 3156 εύροσύνηςο
3475 3079 3583 3132 ἀλλ’
3645 3080 3692 3132 εἰ
3781 3083 3860 3133 ἔτι

479 3169 945 3243 luctumjudicis
979 3173 1334 3227 sententiam
1368 3170 1589 3227 violare
1618 3187 1737 3227 non
1772 3176 1898 3227 erat
1915 3187 2125 3228 ausus:

2245 3179 2525 3248 στέργομεν
2583 3177 2703 3234 τοὺς
2782 3175 3016 3247 θρήνους,
3091 3171 3300 3233 ἑαυτούς
3358 3174 3696 3242 στερίσκομεν
3753 3177 3860 3221 τοῦ

2242 2367 2566 2429 τηλικούτοις
2613 2374 2790 2430 κακοῖς
2865 2371 3043 2440 ἔνοχοι
3117 2376 3354 2440 φανῶμεν
3384 2389 3397 2402 ο
3461 2369 3545 2419 ἱνα
3625 2371 3690 2439 μή
3773 2369 3847 2428 ὡς

2245 2456 2450 2520 ἀληθῶς
2507 2464 2617 2511 τότε
2666 2462 2759 2516 τὴν
2815 2455 2988 2511 παῖδα
3050 2457 3556 2530 ζημιωθώμεν.Νῡν
3607 2459 3696 2528 μεν
3745 2459 3850 2529 γὰρ

2243 2547 2424 2600 κόλποι
2481 2548 2764 2600 θάλπουσιν
2823 2547 2984 2606 αὐτὴν
3053 2545 3432 2621 Ἀϐραμιαίον
3509 2545 3664 2598 κάκεῖ
3729 2547 3858 2597 ταύ-

2242 2657 2360 2704 την,
2405 2637 2803 2709 εύφραινομένην
2842 2641 2933 2688 καὶ
2981 2641 3301 2710 χαίρουσαν,
3357 2637 3468 2707 μετ’
3513 2635 3686 2706 ὀλιγον
3740 2637 3856 2686 θεα-

2246 2729 2462 2798 σόμεθα.
2517 2726 2638 2781 Ἐὰν
2717 2723 2776 2778 δε
2841 2728 2986 2800 παρά
3047 2733 3166 2787 τούς
3230 2715 3579 2786 Δεσποτικούς
3630 2727 3858 2796 θεσμοὺς

2243 2814 2342 2888 ἐγὼ
2372 2821 2463 2874 τὴν
2511 2811 2682 2868 παῖδα
2743 2817 2933 2890 θρηνῶ,
2990 2813 3269 2886 ἐλαύνομαι
3315 2821 3406 2866 τοῦ
3447 2813 3608 2866 καλοῦ
3670 2815 3856 2885 θεάμα-

2243 2925 2327 2967 τος
2380 2905 2593 2959 ἐκείνου.
2651 2907 2830 2966 Ποθεῖς
2905 2909 2999 2963 τὴν
3071 2899 3244 2956 παῖδα
3325 2904 3670 2971 Graiam-9m;
3700 2903 3857 2978 ῥίψον

3509 2545 3664 2598 κάκεῖ

478 3259 586 3316 sed
601 3259 1009 3317 sublimiorem
1029 3276 1092 3316 se
1109 3261 1271 3316 omni
1291 3259 1623 3330 dejectione
1637 3268 2132 3332 praastans,voces

479 3348 677 3405 emisit
706 3351 929 3420 gratias
956 3355 1224 3420 agentes,
1256 3355 1312 3406 et
1341 3351 1558 3406 usitato
1598 3366 1764 3406 moro
1805 3367 1868 3405 se
1909 3351 2130 3406 refecit.

476 3439 560 3494 lta
589 3453 709 3494 non
739 3436 986 3495 affectos
1012 3454 1140 3494 esse
1170 3439 1368 3506 decet;
1404 3439 1451 3494 si
1481 3438 1822 3494 inﬁrmatur
1849 3439 2008 3494 ﬁlius
2039 3456 2132 3496 co-

476 3533 712 3597 gnatus,
733 3527 987 3593 amicus,
1008 3527 1055 3582 si
1072 3526 1318 3582 morbus
1342 3532 1594 3582 mortem
1618 3528 1906 3598 parturiat
1925 3531 2131 3584 :Deum

2242 3266 2561 3334 ποθουμένου
2605 3284 2618 3296 ·
2651 3262 2745 3314 οὐκ
2771 3259 2882 3314 οἶδε
2933 3264 3148 3332 θρήνους
3197 3263 3225 3319 ἡ
3271 3259 3449 3312 ἐκεῖθεν
3491 3257 3800 3330 εὐφροσύνη
3841 3281 3853 3292 ·

2242 3350 2356 3406 οὐδ’
2390 3354 2415 3404 ό
2445 3360 2540 3415 τῆς
2589 3350 2939 3422 ἀγαλλιάσεως
2990 3355 3078 3403 καὶ
3133 3356 3308 3425 χαρᾶς
3343 3356 3552 3421 νυμφῶν
3603 3345 3856 3420 ἀνέχεται

2240 3445 2482 3510 γενέσθαι
2523 3446 2720 3516 χωρίον
2766 3442 3084 3493 πενθούντων
3118 3461 3130 3473 ·
3191 3435 3304 3492 οὐδ’
3355 3436 3508 3490 ἐθέλει
3557 3434 3854 3510 ποραδέχε-

2244 3534 2368 3584 σθαι
2399 3535 2518 3592 τούς
2566 3532 2665 3582 ύπό
2716 3527 2949 3602 δάκρυσι
3001 3530 3247 3593 τιθέντας,
3298 3527 3389 3588 οὓς
3436 3525 3590 3587 αύτός
3644 3525 3852 3578 ἀνεκλα-

2240 3617 2397 3676 λὴτου
2455 3625 2628 3692 χαρᾶς
2657 3621 2770 3691 ἔχει
2823 3618 3188 3692 κληρονόμους.
3247 3615 3482 3690 ’Ἑκρινεν
3535 3616 3562 3667 ό
3611 3614 3856 3677 Πλάστης

2241 3711 2298 3760 τό
2331 3708 2546 3782 πλάσμα
2575 3712 2702 3780 πρὸς
2735 3708 3023 3760 ἀθανασίαν
3048 3705 3382 3779 μεταπλάσαι
3403 3727 3415 3738 ·
3444 3709 3517 3777 μὴ
3545 3703 3851 3776 βασκαίνω-

2240 3816 2329 3869 μεν
2369 3806 2458 3859 τῆς
2519 3794 2857 3870 εὐδαιμονίας
2904 3801 2998 3855 τὴν
3047 3791 3237 3862 παῖδα,
3292 3791 3431 3867 μηδὲ
3488 3803 3583 3856 τῆς
3630 3797 3854 3869 κρίσεως

2242 3886 2302 3946 ἣν
2356 3884 2461 3940 ἔδει
2515 3887 2798 3958 θαυμάζειν
2859 3885 3336 3958 καταγογγύζωμεν
3368 3904 3382 3917 ’
3435 3881 3575 3951 μηδὲ
3604 3887 3693 3940 τὴν
3769 3890 3851 3935 Δε-

2969 3975 3042 4038 εἰς
3125 3976 3374 4026 ὑπόθεσιν
3468 3972 3849 4044 ἀγνωμοσύνης

475 3629 745 3680 veneror,
775 3619 837 3670 ut
856 3615 1087 3672 auferat
1117 3615 1420 3681 morbum,
1445 3614 1566 3684 det,
1589 3615 1774 3672 donet
1794 3617 2134 3673 desideran-

476 3701 637 3760 tibus
661 3701 1026 3758 desiderium
1055 3719 1267 3759 suum:
1297 3703 1402 3759 sed
1431 3703 1882 3761 translationem
1906 3705 2000 3762 ille
2029 3708 2134 3762 uti-

473 3789 683 3849 liorem
696 3791 930 3865 judicat
948 3810 961 3860 ;
982 3792 1152 3848 decet
1172 3791 1454 3864 deinceps
1469 3792 1542 3848 de
1560 3792 1662 3850 illa
1685 3794 2131 3866 dispensatione

473 3880 700 3952 gratias
729 3896 928 3952 agere,
966 3887 1274 3939 contentos
1315 3897 1464 3950 esse,
1507 3899 1616 3938 nec
1645 3883 1807 3940 luctu
1848 3890 1904 3941 et
1942 3886 2129 3954 gemi-

473 3968 632 4027 tibus
655 3970 944 4028 Creatoris
963 3970 1257 4042 judicium
1279 3971 1520 4028 violare.
1551 3973 1606 4030 Si
1629 3973 1765 4046 quis
1785 3973 1962 4030 nobis
1987 3975 2130 4031 insi-

471 4059 940 4126 dieturdaamon,
956 4061 1241 4117 etJobum
1258 4077 1464 4116 rursus
1475 4061 1768 4134 deposcit,
1797 4063 1848 4118 si
1871 4065 2130 4121 malevo-

468 4148 596 4206 lum
622 4165 762 4205 cum
781 4165 948 4205 servo
970 4166 1079 4206 suo
1101 4151 1470 4206 committere
1491 4153 1643 4207 Deus
1665 4151 1821 4218 velit,
1843 4151 1888 4207 si
1905 4155 2128 4224 patien-

468 4238 613 4295 tiam
643 4237 770 4295 vult
797 4237 1111 4310 explorare
1133 4239 1211 4294 ad
1245 4239 1676 4296 convictionem
1699 4241 2042 4308 adversarii,
2079 4243 2125 4297 si

470 4327 734 4386 stadium
766 4326 1079 4383 certamini
1107 4329 1314 4400 aperit,
1347 4333 1412 4384 ut
1439 4329 1778 4400 pudefaciat
1817 4331 2126 4402 antagoni-

2241 4339 2322 4386 καὶ
2363 4330 2621 4408 δάκρυσιν
2670 4331 3045 4404 ἐξεμειλίσσετο
3085 4333 3142 4384 τό
3188 4337 3355 4398 Θείον,
3410 4336 3604 4402 τροφῆς
3647 4345 3701 4379 τε
3748 4325 3836 4377 αύ-

471 4423 650 4484 stam,
691 4416 978 4474 athletam
1027 4422 1302 4474 coronet:
1364 4419 1657 4475 maestitiae
1699 4429 2122 4491 argumentum

2241 4431 2328 4485 τῆς
2378 4423 2698 4494 ἀπεχόμενος
2747 4425 2836 4474 καὶ
2893 4428 2989 4484 τῆς
3036 4420 3196 4482 ἄλλης
3253 4418 3544 4492 ἐπιμελείας
3595 4423 3691 4473 ,τοῦ
3742 4421 3843 4468 σω·

467 4506 701 4564 virtutis
763 4505 1248 4579 deprecationem
1302 4505 1496 4562 facere
1545 4523 1666 4563 non
1706 4515 1958 4580 oportet,
2015 4527 2123 4568 nec

2241 4531 2408 4583 ματος,
2454 4511 2562 4564 ἀλλ’
2621 4513 2702 4564 ὅτε
2754 4514 2810 4563 τὸ
2879 4506 3093 4562 παιδίον
3153 4509 3400 4574 ἀπῆλθεν,
3455 4512 3652 4559 αὐτίκα
3727 4524 3844 4557 συν-

467 4600 706 4670 tempus
719 4594 1484 4652 coronarumlamentorum
1501 4601 1724 4668 tempus
1743 4600 2123 4672 constituere,

2241 4604 2446 4654 απέθετο
2476 4606 2566 4654 καὶ
2595 4604 2687 4658 τὴν
2717 4599 2882 4657 λύπην
2917 4621 2930 4632 “
2956 4604 3076 4674 πρὶν
3123 4601 3212 4672 μὲν
3273 4601 3372 4672 γάρ
3426 4599 3621 4650 ἱκέτευε
3674 4614 3840 4669 παρα-

463 4700 587 4744 non
617 4685 957 4744 certaminis
988 4685 1170 4752 diem,
1198 4685 1358 4742 diem
1388 4685 1796 4758 lacrymarum
1824 4703 1838 4754 ;
1872 4704 1991 4745 non
2016 4706 2123 4762 per

2241 4696 2398 4760 μένειν
2463 4694 2520 4742 τὸ
2565 4693 2682 4762 φυὲν
2722 4698 2820 4742 τῶν
2885 4688 3202 4760 σπλάγχνων
3236 4709 3249 4721 ο
3303 4687 3412 4740 ἐπεὶ
3481 4683 3541 4739 δὲ
3589 4690 3841 4759 κρίναντα

463 4790 566 4832 eos
586 4792 739 4850 quos
752 4775 1058 4833 coronavit
1081 4775 1395 4847 patientia;
1417 4791 1535 4831 non
1563 4792 1665 4845 per
1686 4793 1941 4834 coronas
1961 4779 2120 4851 ipsas

2241 4784 2324 4838 τὴν
2383 4781 2723 4852 ἀναχώρησιν
2772 4782 2857 4830 τόν
2907 4777 3152 4836 Πλάστην
3223 4772 3378 4840 εἶδεν,
3431 4775 3529 4828 ούκ
3582 4774 3838 4847 ἐτόλμησε

462 4862 978 4922 immarcescibiles
991 4870 1045 4922 et
1059 4864 1565 4937 splendidas:hasc
1577 4881 1936 4938 generosum
1953 4874 2119 4925 tuum

2241 4876 2322 4920 τοῦ
2369 4877 2549 4940 κριτοῦ
2623 4873 2715 4927 τὴν
2775 4867 2947 4940 ψῆφον
3019 4865 3402 4939 ἐγκαθυϐρίσαι
3466 4873 3539 4936 τῷ
3617 4866 3832 4916 πένθει’

462 4952 732 5009 animum
760 4955 1074 5021 dedecent,
1098 4954 1397 5027 judicium
1425 4954 1704 5022 solidum,
1731 4957 1974 5013 virtutes
1993 4957 2120 5014 reli-

2241 4957 2337 5011 ἰιλλ’
2395 4957 2638 5032 ἀνώτερον
2695 4956 2874 5010 ἑαυτὸν
2933 4958 3105 5019 πάσης
3153 4957 3689 5030 παρασκευασάμενος
3746 4973 3833 5004 κα-

459 5051 634 5110 quas.
654 5042 1196 5112 Quocirca,stemus
1213 5043 1704 5112 viriliter;stemus
1728 5045 2114 5114 conﬁdenter,

2241 5052 2466 5119 τηφείας,
2519 5047 2966 5121 εὐχαριστηρίους
3023 5044 3162 5118 ἠφίει
3208 5047 3393 5118 φωνὰς,
3425 5049 3517 5096 καὶ
3571 5050 3671 5105 τῆς
3711 5061 3826 5094 συν-

459 5130 527 5183 ut
555 5127 769 5184 milites
799 5133 1056 5190 caelestis
1083 5133 1240 5204 regis
1264 5149 1404 5189 cum
1434 5133 1605 5190 hoste
1631 5133 2114 5205 congrediamur.

2241 5138 2387 5198 ὀθους
2443 5140 2614 5208 εἴχετο
2660 5133 2872 5196 διαίτης
2909 5153 2920 5166 ·
2971 5135 3107 5187 ούτω
3166 5138 3274 5210 χρὴ
3350 5130 3689 5186 διατίθεσθαι
3741 5135 3826 5182 καὶ

451 5216 845 5287 Agonothetaa
873 5222 1278 5279 testimonium
1294 5239 1367 5280 ne
1387 5222 1843 5296 pudefaciamus
1863 5241 1993 5291 ;nec
2017 5225 2118 5282 ad-

2241 5228 2359 5298 Ξμᾱς
2393 5244 2404 5256 ⁸
2437 5225 2640 5278 ἀσθενεῖ
2663 5222 2898 5290 παιδίον,
2956 5229 3210 5295 συγγενὴς
3262 5223 3431 5286 ἄλλος,
3463 5223 3493 5282 ἢ
3530 5229 3628 5272 τῶν
3671 5220 3825 5292 φίλων

452 5305 697 5364 versarii
711 5305 980 5364 audacias
1002 5311 1060 5364 in
1083 5311 1490 5370 maleferendo
1505 5313 1984 5385 applaudamus:
2007 5331 2116 5371 nec

2241 5335 2324 5378 τις,
2355 5320 2444 5367 καὶ
2470 5318 2498 5373 η
2537 5319 2688 5376 νόσος
2737 5316 2954 5367 θάνατον
3010 5309 3221 5366 ὠδίνει*
3275 5308 3465 5384 δέομαι
3497 5317 3633 5364 Θεοῦ
3694 5327 3822 5380 παρ-

448 5394 665 5469 siquid
687 5411 724 5452 a
747 5395 1036 5467 principio
1067 5399 1309 5458 viriliter
1329 5402 1648 5473 gessimus,
1677 5403 2112 5476 posterioribus

2241 5405 2380 5458 ελθεῖν
2430 5409 2522 5461 τὴν
2610 5408 2758 5456 νόσον
2816 5400 3020 5468 δοῦναι,
3073 5409 3312 5476 παρεῖναι
3377 5403 3436 5452 τὸ
3502 5401 3821 5471 ποθούμενον

445 5484 845 5544 mollefaciam
856 5501 922 5540 us
935 5501 1030 5553 ;ne
1043 5487 1229 5545 simus
1248 5489 1424 5548 fortes
1437 5493 1515 5550 ad
1533 5494 1897 5552 movendam
1919 5493 2108 5551 hostis

2241 5501 2330 5554 rei;
2381 5494 2633 5546 ποθοῦσιν
2667 5513 2680 5526 ·
2742 5491 2848 5544 ἀλλ’
2902 5493 3108 5565 ἄμεινον
3150 5491 3306 5553 αὐτός
3348 5493 3442 5548 τὴν
3494 5491 3820 5562 μετάστασιν

2241 3981 2492 4036 σποτικὴν
2567 3976 2864 4049 φιλοτιμίαν

2240 4064 2567 4139 βιαζωμεθα.
2603 4067 2801 4120 Ἐνόσει
2838 4067 2962 4117 ποτε
3006 4060 3222 4117 παιδίον
3268 4071 3358 4116 τοῦ
3407 4062 3634 4135 μεγάλου
3684 4060 3847 4134 βασι·

2236 4154 2359 4216 λέως
2407 4152 2592 4220 Δαϐὶδ,
2630 4159 2719 4207 καὶ
2766 4157 2796 4213 ἡ
2856 4161 3004 4215 νόσος
3051 4157 3137 4206 τόν
3178 4155 3338 4226 τάφον
3389 4149 3606 4205 ἐδείκνυ.
3661 4149 3718 4201 Ὀ
3777 4145 3840 4200 δὲ

2238 4247 2508 4317 συμφορὰν
2582 4249 2674 4302 τὴν
2749 4247 2898 4296 νόσον
2977 4245 3296 4314 ποιούμενος,
3377 4245 3570 4314 πρηνὴς
3641 4239 3827 4298 ἔκειτο,

2221 5501 2330 5554 τοῖς
2381 5494 2633 5546 ποθοῦσιν
2667 5513 2680 5526 ·

511 5657 558 5692 ⁸⁸
599 5658 619 5712 I
657 5656 856 5714 Thess.
888 5669 967 5726 γι,
1012 5659 1096 5715 t2.
