4072 6232
262 321 372 378 981
1520 320 2022 378 EPISTOLARUM
2066 319 2282 376 LIBER
2322 319 2412 375 III.
3535 321 3644 377 982

260 449 516 517 ἡγεῖται·
567 443 902 519 εὐχαριστεῖν
968 446 1146 500 λοιπὸν
1197 449 1269 509 οἷς
1321 447 1622 520 ᾠκονόμησε
1703 467 1868 521 προσ-

2029 446 2302 514 ividiam,
2335 445 2396 501 in
2423 444 2541 502 ﬁne
2569 448 2770 501 autem
2801 443 3038 500 vincere
3073 443 3278 516 inepti,
3312 446 3368 501 et
3395 444 3637 503 desides

256 540 397 593 ἡκει·
434 538 662 606 στέργειν
709 538 766 586 τὸ
819 538 1056 608 πραχθὲν
1112 542 1297 609 καὶμὴ
1332 547 1401 608 τῷ
1436 540 1603 610 θρήνῳ
1647 542 1735 589 καὶ
1761 545 1864 590 τοῖς

2029 536 2415 592 )nvincamur
2442 550 2453 589 :
2483 533 2670 589 hostis
2685 534 2968 606 proclivis
2996 533 3074 589 ad
3095 533 3357 605 lapsum,
3393 549 3528 590 cum
3548 536 3637 592 vi-

256 621 516 696 ὀδυρμοῐς
567 621 958 696 ἐγκαθυϐρίζειν
1011 629 1104 683 τὴν
1153 630 1325 700 κρίσιν
1399 634 1489 678 τοῦ
1557 632 1863 686 Κτίσαντος.

2027 630 2118 682 eat
2145 625 2293 681 ferre
2323 641 2434 680 nos
2475 625 2765 696 patienter
2799 624 3174 687 tentationes,
3209 623 3375 678 ocius
3405 623 3635 681 absistit

253 714 315 766 Εἰ
347 711 407 766 δέ
463 733 545 773 τις
583 717 671 764 καὶ
710 715 850 784 ἡμᾶς
907 709 1157 787 ἑνεδρεύει
1217 712 1440 788 δαίμων,
1496 722 1584 769 καὶ
1629 720 1716 768 τόν
1751 715 1861 768 Ἰὼϐ

2038 715 2349 780 tentando,
2380 713 2590 769 videns
2617 712 2927 768 hominem
2955 713 3205 767 ﬁrmiter
3227 729 3262 766 a
3288 711 3632 771 fortitudine

253 802 413 855 πάλιν
440 801 648 867 ἐξαιτεῖ,
707 806 797 853 καὶ
850 805 978 864 Θεὸς
1031 802 1219 875 ἀφίησι
1266 813 1338 875 τῷ
1367 807 1637 879 θεράποντι
1689 803 1861 878 βάσα-

2024 805 2306 861 indatum.
2322 806 2384 858 In
2401 801 2671 876 proximo
2694 807 2808 858 stat
2823 801 2924 874 qui
2944 816 3202 856 coronas
3213 800 3421 866 donat,
3438 801 3632 873 splen-

251 907 393 948 vovy
449 891 840 964 συμπλακῆναι,
909 895 998 943 καὶ
1087 889 1366 966 δοκιμάζει
1440 899 1532 952 τὴν
1598 896 1859 966 ὑπομονὴν

2019 894 2476 950 idisremunerat
2493 891 2824 958 agonistam
2840 891 3075 947 coronis
3091 890 3166 944 ad
3185 906 3249 945 se
3263 895 3622 964 susceptum,

252 981 334 1034 ἐπ’
395 981 595 1054 ἐλέγχῳ
647 989 738 1034 τοῦ
793 980 1161 1055 ἀντικειμένου,
1247 989 1336 1037 καὶ
1393 983 1597 1056 ἀγώνων
1643 983 1860 1037 στάδιον

2019 1000 2081 1040 ec
2107 983 2355 1040 ulterius
2373 982 2661 1055 permittit
2676 997 2815 1038 cum
2835 981 3004 1036 hoste
3019 979 3458 1051 impetendum;
3479 982 3627 1054 quin

253 1069 474 1142 ἀνοίγει,
530 1078 890 1142 καταισχῦναι
937 1076 1029 1144 μὲν
1076 1077 1162 1124 τὸν
1229 1073 1642 1146 ἀνταγωνιστὴν,
1674 1095 1858 1146 στεφα-

2015 1074 2136 1130 lum
2161 1073 2398 1142 longius
2421 1077 2680 1128 amovet.
2711 1070 2883 1136 Quod
2906 1070 2954 1125 si
2985 1068 3395 1140 impudentius
3426 1070 3623 1137 instet,

249 1169 421 1213 νῶσαι
449 1156 506 1212 δὲ
536 1164 622 1212 τὸν
655 1159 884 1218 ἀθλητήν
919 1182 931 1194 ο
958 1158 1074 1214 οὐδ’
1105 1161 1238 1214 οὑτω
1294 1168 1403 1236 χρὴ
1434 1163 1580 1224 ἀνίας
1609 1165 1856 1216 ὑπόθεσιν

2015 1168 2120 1219 rtes
2147 1163 2275 1233 ejus
2288 1167 2344 1217 et
2364 1160 2612 1216 insidias
2625 1159 2846 1224 difﬂat;
2871 1159 3148 1230 patientis
3175 1157 3412 1214 dolores
3429 1175 3623 1218 remu-

249 1258 348 1310 τῆς
383 1249 573 1323 ἀρετῆς
651 1254 745 1308 τὴν
795 1249 1131 1322 ἀνακὴρνξιν,
1205 1252 1263 1304 οὐ
1320 1256 1411 1324 μεν
1467 1249 1552 1304 οὑν
1610 1250 1856 1324 οὐδαμῶς

2012 1257 2133 1307 erat
2162 1251 2436 1307 felicitate
2467 1249 2758 1320 etgaudio
2787 1247 3206 1319 multiplicato.
3241 1247 3464 1304 Horum
3495 1265 3620 1308 om-

245 1341 539 1404 πσιεῖσθαι,
599 1335 722 1391 οὐδὲ
749 1343 928 1411 καιρόν
979 1343 1175 1415 θρήνων
1241 1341 1538 1414 ἀποφαίνειν
1567 1346 1650 1394 τόν
1676 1346 1853 1416 καιρὸν

2010 1342 2132 1396 inm
2163 1340 2510 1411 exemplum
2538 1338 2762 1410 praebet
2793 1338 3002 1393 beatus
3045 1353 3252 1392 rursus
3283 1336 3413 1404 Job,
3447 1339 3617 1410 cujus

244 1438 349 1481 τῶν
369 1433 628 1501 τροπαίων
659 1449 670 1461 ·
705 1425 828 1480 οὐδὲ
881 1430 1076 1504 ἡμέραν
1139 1427 1400 1503 δακρύων,
1459 1439 1547 1492 τῆς
1588 1431 1852 1494 ἀθλήσεως

2007 1430 2282 1501 articipes
2311 1428 2477 1485 velut
2505 1434 2560 1483 et
2591 1427 2910 1499 plagarum
2941 1426 3076 1482 facti
3118 1442 3350 1493 sumus,
3385 1428 3611 1498 gaudii,

241 1521 340 1575 τὴν
374 1518 611 1592 ἡμέρανο
659 1517 717 1569 οὑ
768 1521 844 1589 μά
896 1523 1016 1580 τοὺς
1064 1516 1114 1571 δ’
1164 1521 1427 1592 ὑπομονῆς
1508 1524 1846 1593 στεφανωθέν⁹

2006 1519 2187 1585 Ιοτὶτε,
2221 1516 2776 1588 θιτθεριθηόοιιῐίω,
2805 1515 2897 1571 vel
2925 1515 3139 1571 ﬁemus
3173 1514 3404 1581 saltem,
3441 1515 3532 1572 vel
3553 1519 3614 1574 in

241 1625 359 1672 τας,
418 1610 505 1657 καὶ
559 1609 674 1668 τοὺς
733 1605 1114 1679 ἀμαραντίνους
1181 1609 1368 1672 αὐτοὺς
1451 1615 1539 1661 καὶ
1583 1610 1849 1682 λαμπρούς

2005 1608 2262 1674 raesenti,
2289 1607 2384 1662 vel
2409 1607 2469 1662 in
2492 1606 2715 1662 saeculo
2747 1604 3193 1670 interminabili,
3211 1605 3611 1663 intercedente

245 1698 530 1767 στεφάνους
579 1717 591 1729 ο
642 1695 905 1748 οὐκέστιν
949 1697 1072 1760 οῐξια
1131 1701 1290 1751 ταύτα
1343 1708 1436 1761 τῆς
1497 1708 1593 1761 σῆς
1618 1705 1848 1771 γενναίας

2005 1697 2383 1754 loriosissima
2408 1695 2659 1752 Domina
2680 1700 2906 1760 nostra,
2931 1695 3207 1767 Deipara,
3235 1710 3474 1767 semper
3489 1696 3613 1753 Vir-

242 1783 458 1854 ψυχῆς,
499 1781 619 1836 οὐδὲ
678 1792 769 1836 τοὺ
823 1785 1109 1848 εὐσταθοῦς
1174 1796 1519 1861 φρονήματος,
1585 1787 1707 1842 οὐδὲ
1761 1799 1848 1851 τῆς

1761 1799 1848 1851 τῆς
1887 1792 1924 1845 Β
1959 1788 2094 1859 gine
2127 1787 2336 1850 Maria,
2360 1803 2498 1842 cum
2524 1785 2809 1841 omnibus
2838 1783 3081 1839 sanctis.
3125 1786 3333 1839 Amen.

248 1872 413 1934 ἄλλης
443 1872 640 1946 ἀρετῆς.
703 1881 990 1947 Τοιγαροῦν
1055 1885 1253 1936 στῶμεν
1308 1875 1596 1952 ἀνδρείως·
1672 1889 1871 1952 στῶμεν
1913 1881 2198 1951 εὐθαρσῶς,
2269 1879 2332 1937 ὡς
2397 1883 2488 1928 τοῦ
2557 1875 2797 1948 οὐρανίου
2868 1881 3186 1947 στρατιῶται
3227 1871 3481 1945 βασιλέως
3537 1883 3609 1947 τῷ

240 1963 424 2036 ἐχθρῷ
488 1962 960 2034 προσπλεκωμεθα·
1030 1962 1170 2036 μηδὲ
1231 1971 1665 2040 καταισχύνωμεν
1731 1975 1824 2028 τὴν
1886 1971 2177 2040 μαρτυρίαν
2259 1974 2350 2017 τοῦ
2418 1963 2776 2034 ἀγωνοθέτου·
2847 1959 2986 2033 μηδὲ
3041 1969 3132 2014 τοῦ
3212 1960 3492 2014 ἀντιπάλου
3551 1967 3609 2016 τὸ

242 2052 438 2122 θράσος
467 2053 513 2104 ἓν
561 2061 632 2122 τῷ
684 2048 962 2125 δυσφορεῖν
1041 2061 1482 2128 συγκροτήσωμεν
1545 2080 1556 2090 ·
1605 2055 1735 2130 μηδ’
1793 2061 1889 2109 εἴτι
1946 2061 2187 2130 πρότερον
2259 2056 2382 2124 ἡμῖν
2444 2049 2687 2127 ἀνδρείας
2739 2063 2763 2092 Ι
2820 2052 3164 2120 κατωρθὼθη,
3215 2058 3316 2111 τοῖς
3375 2053 3608 2126 ὑστέροις

239 2140 598 2212 έκθηλύνωμεν
655 2163 667 2175 ο
715 2139 853 2214 μηδὲ
900 2152 1114 2202 κινῆσαι
1190 2149 1279 2216 μὲν
1334 2147 1516 2217 φθόνον
1563 2147 1757 2220 ἐχθροῦ
1815 2148 2078 2218 γενώμεθα
2145 2143 2331 2214 ἀγαθοί
2366 2164 2378 2176 ·
2433 2150 2649 2200 νικῆσαι
2741 2137 2800 2192 δε
2867 2135 2940 2191 δι’
2999 2140 3259 2210 ὑπομονῆς
3346 2139 3413 2200 εἰς
3466 2139 3604 2204 τέλος

237 2226 568 2301 ἔλεγχθῶμεν
616 2229 868 2304 ὀκνηροί⁸
922 2233 1127 2304 ἕτοιμος
1179 2233 1250 2295 εἰς
1323 2244 1521 2287 πτῶσιν
1565 2237 1590 2287 ό
1665 2237 1916 2308 πολέμιος,
1999 2236 2118 2286 ὅταν
2169 2229 2282 2305 εἴδη
2343 2232 2695 2304 μακροθύμως
2778 2232 2994 2301 φέροντα
3068 2231 3190 2290 τοὺς
3268 2233 3609 2302 πειρασμοὺς,

237 2320 428 2370 θᾶττον
450 2318 738 2392 ἀφίσταται
792 2327 884 2381 τῆς
931 2326 1128 2395 πείρας,
1185 2324 1311 2396 ὁρῶν
1403 2327 1486 2376 τὸν
1535 2326 1801 2396 ἄνθρωπον
1882 2324 1964 2376 ἐπὶ
2015 2323 2232 2397 στερῥᾶς
2324 2328 2421 2382 τῆς
2498 2322 2772 2393 καρτερίας
2851 2315 3194 2389 ἐδραζόμενον
3235 2335 3248 2348 ⁸
3346 2322 3498 2388 ἐγγὺς
3575 2319 3600 2370 ὃ

239 2404 583 2479 στεφοδότης,
629 2409 887 2483 λαμπροῖς
947 2417 1054 2472 τοῖς
1117 2413 1383 2483 στεφάνοις
1465 2412 1573 2466 ἀντὶ
1642 2422 1739 2465 τῶν
1815 2413 1981 2466 ἆθλων
2051 2410 2372 2482 δεξιούμενος
2429 2413 2514 2461 τὸν
2560 2408 2852 2480 ἀγωνιστὴν
2885 2427 2897 2440 ·
2950 2411 3038 2458 καὶ
3105 2406 3276 2458 οὐκέτι
3337 2415 3611 2480 συγχωρεί

233 2496 550 2570 προσϐαλεῖν
625 2501 712 2550 τόν
777 2498 967 2571 ἐχθρὸν
1001 2522 1014 2533 ο
1089 2501 1266 2575 πόρρω
1339 2499 1396 2554 δὲ
1461 2510 1640 2554 τοῦτον
1707 2502 1938 2555 ἐλαύνει·
1991 2504 2086 2554 κάν
2165 2505 2240 2552 ἔτι
2341 2497 2467 2572 δόξῃ
2542 2497 2936 2568 ἀναισχυντεῖν,
3000 2499 3093 2547 σὺν
3147 2495 3326 2556 αὐταῖς
3381 2495 3611 2557 ἀπάσαις

232 2589 447 2655 τέχναις
496 2591 584 2638 xui
642 2586 976 2650 ἐπιϐουλαῖς·
1044 2588 1242 2662 ἀμείϐει
1302 2587 1360 2643 δὲ
1413 2596 1500 2642 καὶ
1555 2595 1618 2643 re.
1687 2590 1895 2662 ἀλγεινά
1971 2590 2377 2644 πολλαπλασίονι
2436 2595 2498 2659 τῇ
2552 2583 2861 2657 εὐδαιμονίᾳ
2908 2589 2999 2637 καὶ
3049 2590 3220 2657 χαρᾷ,
3271 2588 3361 2636 καὶ
3416 2587 3610 2638 τούτων

231 2676 475 2727 απάντων
532 2674 946 2751 ἀπαράγραπτος
1003 2682 1222 2752 μάρτυς,
1291 2679 1448 2742 αὐτὸς
1528 2681 1676 2732 πάλιν
1744 2679 1882 2748 Ἰὼϐ,
1961 2680 2042 2743 οὗ,
2120 2679 2289 2752 σῶπερ
2371 2684 2483 2737 ταῖς
2542 2676 2765 2747 πληγαῖς
2839 2673 3264 2745 ἐκοινωνήσαμεν,
3330 2677 3464 2726 οὕτω
3521 2679 3609 2726 xui

225 2771 329 2824 τῆς
395 2764 736 2840 εὐφροσύνης,
790 2772 879 2819 καὶ
949 2776 1044 2829 τῆς
1122 2765 1298 2832 δόξης,
1386 2774 1475 2821 καὶ
1552 2778 1647 2830 τῆς
1719 2769 2083 2842 λαμπρότητος
2135 2768 2515 2840 ἀπολαύσομεν,
2569 2772 2657 2816 νῦν
2702 2783 2756 2816 τε
2812 2768 2902 2815 καὶ
2956 2763 3024 2824 εἰς
3075 2767 3192 2824 τοὺς
3235 2761 3599 2825 ἀτελευτήτους

228 2851 442 2916 αἰῶνας,
515 2853 909 2929 πρεσϐευούσης
987 2865 1081 2919 τῆς
1147 2854 1488 2933 ὑπερενδόξου
1556 2863 1842 2920 Δεσποίνης
1907 2861 2053 2931 ἡμῶν
2125 2862 2378 2912 Θεοτόκου
2456 2859 2545 2907 καὶ
2621 2853 2959 2928 ἀειπαρθένου
3027 2857 3255 2927 Μαρίας,
3327 2855 3416 2904 καὶ
3477 2853 3606 2904 πάν-

229 2960 334 2994 των
363 2949 464 2995 τῶν
497 2943 676 3016 ἁγίων.
708 2947 896 3018 ’Λμήν.

867 3067 1083 3120 ΕΠΙΣΤ.
1111 3061 1224 3116 ΞΜ.
1862 3064 1903 3121 C

1862 3064 1903 3121 C
2553 3057 2764 3115 EPIST.
2827 3060 2996 3114 LXIV.

707 3155 1078 3224 Κωνσταντίνῳ
1108 3157 1329 3227 νοταρίῳ
1342 3195 1354 3208 .

2426 3148 2815 3206 Constantino
2833 3215 2840 3232 ί
2857 3148 3121 3204 notario.

1506 3279 1794 3328 Montacut.
1823 3285 1925 3342 (ep.
1953 3277 2062 3335 239,
2096 3291 2146 3339 p.
2179 3277 2315 3336 360).

293 3385 501 3463 Βραδύς
541 3393 630 3462 μὲν
666 3387 808 3449 ἦσθα
862 3395 993 3464 πρὸς
1025 3398 1234 3465 μνήμην
1265 3401 1363 3446 τῶν
1397 3394 1778 3466 ἐπεσταλμένων
1812 3416 1824 3428 ο

2009 3393 2236 3450 Tardus
2267 3390 2427 3447 fuisti
2453 3389 2514 3446 in
2546 3388 2838 3446 memoria
2868 3387 3196 3444 missorum
3227 3385 3582 3450 recolenda;

219 3475 551 3552 βραδύτερος
601 3476 660 3532 δε
707 3483 832 3553 πρὸς
883 3481 1068 3553 πρᾶξιν
1126 3490 1226 3534 τῶν
1279 3481 1664 3554 ἐπηγγελμένων
1699 3506 1711 3517 ·
1763 3492 1823 3556 τῇ

1987 3483 2163 3539 ιι*άίοτ
2181 3481 2258 3538 ad
2273 3480 2562 3554 promissa
2577 3478 2980 3551 exsequenda;
3000 3477 3073 3533 de
3092 3467 3289 3534 oblitis
3303 3476 3595 3533 mandatis

212 3571 310 3638 μεν
338 3564 425 3619 οὖν
454 3574 571 3642 περὶ
621 3571 711 3630 τὰς
743 3567 942 3631 ἐντολὰς
991 3570 1147 3643 λήθῃ,
1203 3574 1324 3623 ἔστι
1364 3591 1414 3624 τι
1471 3579 1558 3623 καὶ
1593 3580 1820 3643 συγγνώ-

1984 3571 2321 3628 mcedenda
2348 3575 2438 3626 est
2463 3570 2566 3627 tibi
2591 3567 2765 3624 venia
2789 3590 2800 3633 ;
2827 3572 2887 3624 at
2901 3567 3065 3640 quod
3088 3567 3448 3640 promissum
3469 3580 3592 3621 non

217 3676 326 3727 μης
355 3677 368 3689 ο
420 3660 477 3709 τὸ
527 3653 584 3710 δε
635 3654 801 3730 μηδὲν
865 3678 920 3710 σε
966 3668 1064 3710 τῶν
1114 3661 1494 3733 ὑπεσχημένων
1545 3661 1818 3725 ἐκτελέσαι,

1984 3661 2308 3724 reestiteris,
2343 3662 2390 3716 si
2417 3659 2666 3716 fervoris
2721 3657 3046 3729 cujusdam
3073 3656 3304 3714 donum
3345 3659 3490 3721 erat,
3513 3654 3592 3711 ad

213 3744 276 3796 ἀν
333 3749 407 3817 μὴ
481 3753 784 3818 προπετείας
869 3744 929 3806 ἧν
1009 3749 1307 3822 ὑπόσχεσις
1397 3747 1587 3823 δῶρον,
1662 3757 1821 3821 μόνης

1263 3770 1307 3812 ις
1397 3747 1587 3823 δῶρον,
1662 3757 1824 3821 μόνης
1931 3750 2360 3822 negligentiam
2396 3749 2588 3806 solam
2619 3751 2869 3821 spectat.

215 3831 361 3886 ἐστὶν
393 3831 648 3907 ἀμελείας.

844 3931 1056 3979 ΕΠΙΣΤ.
1097 3926 1212 3980 ΞΕ¹.

2555 3921 2770 3979 EPIST.
2809 3922 2961 3977 LXV.

208 4018 425 4085 Νικὴτᾳ
480 4013 822 4086 Ἀσπαθαρίῳ
878 4020 966 4067 καὶ
1033 4015 1120 4068 ἐπὶ
1171 4024 1263 4069 τοῦ
1321 4013 1495 4069 ἰδικοῦ
1539 4019 1663 4086 ὑπὲρ
1719 4027 1816 4070 τῶν

1979 4017 2154 4074 ’ίεοιιε
2173 4013 2547 4086 aspathario,
2564 4019 2615 4086 et
2629 4013 2696 4066 de
2715 4009 3156 4086 rebusprivatis
3170 4026 3282 4086 pro
3298 4016 3587 4079 metropo-

285 4083 678 4158 μητροπολιτῶν
726 4083 858 4138 ’τοῦ
955 4088 1184 4148 Κυζίκου
1268 4095 1356 4142 καὶ
1449 4099 1542 4151 τῆς
1613 4083 1817 4142 Λαοδι-

1669 4087 1817 4142 αοδι-
2243 4086 2369 4142 litis
2403 4083 2598 4157 Cyzici
2626 4090 2684 4140 et
2731 4083 3036 4139 Laodicea
3061 4083 3277 4154 agenti.

285 4161 445 4218 κείας.

1496 4287 1784 4335 Montacut.
1817 4288 1920 4349 (ep.
1951 4285 2062 4341 240,
2096 4299 2148 4348 p.
2176 4284 2304 4340 360).

285 4395 426 4452 Οιδα
451 4417 540 4469 μιν
585 4401 676 4456 τὴν
708 4397 938 4469 φιλοθεον
978 4417 1072 4451 σου
1103 4399 1290 4470 ψυχην
1343 4419 1804 4476 αντοπαρακ).ητον
1841 4407 1884 4460 Ι)

1992 4401 2270 4456 Animam
2301 4414 2412 4468 ego
2435 4401 2599 4453 tuam
2631 4395 2728 4451 Dei
2751 4397 3056 4450 amantem
3080 4391 3216 4448 novi
3239 4406 3349 4447 sua
3369 4394 3583 4463 sponte

207 4487 374 4542 οὖσαν
423 4491 552 4559 πρὸς
589 4490 644 4538 τὸ
705 4485 918 4556 ἀγαθόν,
966 4493 1054 4540 καὶ
1119 4492 1548 4561 συμπάσχουσαν
1607 4489 1809 4563 ἐμφύτῳ

1971 4510 1976 4546 ι
2009 4491 2238 4546 bonum
2297 4487 2451 4551 ferri,
2485 4490 2541 4542 et
2580 4485 2656 4542 ab
2711 4483 2974 4555 ingenita
3031 4481 3425 4554 dispositione
3465 4479 3579 4536 illis

207 4577 449 4632 διαθέσει
495 4584 599 4636 τοῖς
651 4577 776 4649 ὑπερ
831 4583 1062 4650 Χριστοῦ
1121 4581 1185 4629 τὰ
1243 4582 1452 4650 ἔσχατα
1504 4585 1806 4653 πάσχουσι.

1973 4578 2202 4651 >mpati,
2231 4578 2331 4650 qui
2360 4592 2469 4648 pro
2504 4574 2736 4633 Christo
2767 4575 3092 4646 patiuntur.
3121 4570 3236 4627 Sed
3267 4575 3581 4642 propterea

211 4668 354 4724 Πλὴν
399 4667 504 4718 ἐπεὶ
561 4670 651 4716 καὶ
693 4666 844 4736 ἡμεῖς
892 4664 1263 4736 ἔγκαυχᾶσθαί
1318 4688 1412 4720 σου
1463 4678 1576 4732 ταῖς
1610 4670 1811 4742 ἀρεταῖς

1971 4669 2084 4724 uod
2120 4667 2318 4737 magni
2351 4666 2566 4721 faciam
2600 4665 2673 4719 de
2728 4663 2844 4717 tuis
2877 4660 3195 4716 virtutibus
3229 4658 3488 4728 gloriari,
3521 4664 3579 4716 et

209 4756 498 4826 ποιούμεθα
570 4758 722 4826 μέγα,
781 4758 872 4805 καὶ
945 4755 1210 4826 συναλγεῖν
1260 4764 1365 4818 τοῖς
1421 4758 1622 4829 μέλεσιν
1666 4762 1810 4830 ἡμῶν

1969 4758 2189 4814 ebitum
2213 4773 2247 4812 a
2273 4773 2364 4811 me
2388 4753 2531 4809 illud
2558 4751 2984 4821 exigivideam,
3009 4747 3496 4804 utcommembris
3523 4751 3577 4804 et

208 4849 298 4898 xui
332 4841 572 4915 ἀδελφοῖς
602 4847 756 4917 χρέος
800 4841 1156 4916 ἀπαραίτητον
1212 4848 1410 4920 ὁρῶμεν
1437 4869 1447 4880 ο
1511 4845 1601 4899 διὰ
1650 4857 1814 4900 ταῦτα

1970 4847 2202 4903 ’διτὶὺιιε
2233 4843 2566 4915 compatiar
2589 4861 2600 4892 :
2625 4839 2868 4903 idcirco,
2902 4844 3037 4894 ante
3061 4836 3395 4893 orationem
3421 4837 3578 4908 cogi-

207 4941 303 4993 την
357 4930 592 4985 διάνοιαν
639 4935 738 5005 πρὸ
795 4940 892 4984 τῶν
958 4932 1141 5003 λόγων,
1190 4941 1278 4987 καὶ
1327 4941 1427 5010 πρὸ
1490 4945 1583 4998 τῆς
1634 4943 1812 5010 χειρός

1968 4937 2197 4999 itiones,
2229 4939 2364 4990 ante
2417 4948 2632 4988 manus
2684 4930 3038 4991 orationem,
3071 4931 3128 4983 et
3185 4942 3306 4982 una
3345 4942 3482 4982 cum
3507 4927 3576 4982 iis

209 5027 336 5084 τούς
363 5022 570 5093 λόγους,
621 5025 712 5072 xui
755 5023 848 5072 σύν
889 5021 1058 5082 αὐτοῖς
1109 5028 1199 5081 τὴν
1239 5032 1396 5097 χεῖρα
1451 5031 1574 5097 πρὸς
1616 5029 1813 5079 ἱκεσίαν

1971 5042 2171 5081 ianum
2228 5021 2559 5095 supplicem
2604 5017 2930 5088 praetende.
2983 5019 3117 5072 Haec
3148 5014 3312 5089 apud
3341 5020 3396 5072 te
3418 5014 3579 5071 sufﬁ-

209 5119 472 5182 κινοῦμεν.
529 5111 706 5183 Ἀρκεῖ
747 5117 911 5160 ταῦτα
961 5115 1090 5181 πρός
1147 5117 1222 5178 σε,
1267 5110 1409 5179 οἶδα,
1467 5121 1554 5167 καὶ
1614 5112 1811 5188 δυσχε-

1972 5120 2098 5180 Δ(θυι,
2134 5114 2256 5168 scio
2287 5129 2300 5178 ;
2331 5118 2385 5166 et
2415 5110 2688 5166 fortassis
2721 5108 2838 5164 fers
2879 5105 3208 5176 aegerrime,
3237 5105 3399 5178 quod
3433 5105 3580 5176 peti-

209 5205 405 5274 ραίνεις
460 5202 608 5261 ἴσως,
656 5199 734 5248 ὅτι
793 5195 1044 5268 βραδύνω
1085 5205 1178 5257 τὴν
1229 5206 1455 5263 αἰτησιν,
1487 5210 1575 5256 καὶ
1600 5204 1817 5276 ἀγωνιᾷς

1972 5219 2146 5259 onem
2181 5217 2300 5257 non
2333 5216 2652 5272 exponam,
2685 5202 2741 5253 et
2771 5196 3011 5252 laboras
3055 5195 3130 5250 de
3169 5195 3580 5252 admonitione

213 5296 308 5349 τὴν
361 5287 714 5363 παράκλησιν,
773 5291 861 5338 καὶ
932 5293 1109 5358 μήπου
1158 5291 1261 5363 ἄρα
1299 5300 1386 5352 τῆς
1447 5301 1545 5354 σῆς
1589 5293 1816 5352 ἐπιλελη-

1974 5309 2077 5348 ιοιε
2125 5290 2585 5354 intercessionis,
2641 5303 2716 5343 ne
2759 5285 2980 5341 scilicet
3008 5284 3277 5341 fortassis
3307 5291 3422 5339 tuae
3456 5300 3582 5355 per-

217 5381 388 5453 σμεθα
457 5377 798 5440 τελειότητος,
871 5381 956 5426 καὶ
1021 5379 1101 5428 ὅτι
1175 5379 1447 5453 πολλαχοῦ
1514 5386 1818 5454 προφθάνων

1977 5381 2201 5437 actionis
2246 5396 2341 5436 me
2399 5377 2621 5435 oblivio
2657 5375 2894 5449 ceperit,
2922 5390 3057 5430 cum
3089 5379 3151 5431 tu
3173 5373 3471 5430 multoties
3500 5371 3585 5426 in-

1567 5500 1803 5555 VARl/E
1847 5499 2238 5555 LECTIONES.

303 5608 335 5652 y
376 5597 454 5646 ῖσ.
493 5593 778 5670 βάσκανον,
856 5611 882 5642 z
906 5593 983 5648 ἵσ,
1013 5588 1284 5667 ἀνδρείως.
