4072 6232
248 361 363 417 989
1492 348 2001 409 EPISTOLARUM
2040 348 2250 404 LIBER
2288 347 2365 403 III
2376 389 2389 404 .
3525 346 3633 406 990

247 486 401 562 ῥώμη
488 485 749 556 σώματος,
830 484 921 535 καὶ
1018 481 1209 555 κράτος
1279 480 1445 554 λόγων
1519 484 1845 555 τιμιώτερον,

2015 472 2387 530 :vocandam.
2414 471 2665 545 Reliqua
2679 487 2815 529 vero
2838 470 3066 542 omnia,
3096 471 3284 543 gloria
3308 477 3364 529 et
3385 473 3623 541 divitia,

248 561 437 637 ἐταῖδές
507 573 638 627 εἰσιν
691 571 739 625 ἓν
788 570 891 645 βίῳ
956 572 1229 635 παίζοντες
1257 588 1272 603 ·
1354 571 1543 646 μᾶλλον
1602 568 1661 623 δὲ
1729 565 1853 622 add?

2016 565 2230 620 utentia
2258 568 2313 618 et
2338 562 2523 618 robur
2547 561 2839 633 corporis,
2866 563 3153 635 quodque
3178 564 3490 635 pretiosius
3512 570 3624 632 est,

248 662 456 729 παῖδες,
513 666 678 721 σκηνὴ
723 658 782 715 δὶ
834 659 1036 715 παίδων
1092 665 1466 738 ὑποκριναμένη
1527 658 1725 734 δρᾶμα,
1760 664 1846 712 καὶ

2026 653 2199 709 cendi
2222 652 2501 720 facultas,
2550 651 2721 723 pueri
2754 660 2892 707 sunt
2923 653 2983 707 in
3014 654 3133 709 vita
3159 652 3452 725 ludentes,
3504 655 3626 710 imo

249 759 297 808 εἰ
324 775 375 808 τι
403 757 597 807 τούτων
633 751 1036 826 ἀπατηλότιρον.

2019 743 2157 799 )tius
2186 756 2259 797 ne
2300 740 2467 813 pueri
2523 740 2792 814 quidem,
2821 739 2925 796 sed
2972 758 3151 798 scena
3182 742 3449 798 fabulam
3481 758 3627 814 pue-

1953 847 2160 888 rorum
2186 835 2645 906 reprasentans,
2675 830 2764 887 vel
2804 831 2855 888 si
2891 830 3041 905 quid
3070 830 3165 887 his
3193 836 3281 889 est
3327 830 3624 890 fallacius.

948 1083 1243 1178 ANG.
1345 1083 1576 1175 MAI
1671 1088 2911 1181 ANIMADVEBSIONES

886 1257 976 1312 DE
1016 1256 1423 1315 ERBORIBUS
1448 1258 1884 1316 MONTACUTII
1915 1260 1984 1317 IN
2011 1262 2308 1317 EDENDIS
2340 1260 2568 1317 PHOTII
2601 1257 2975 1316 EPISTOLIS.

1483 1347 1748 1412 (Spicileg.
1778 1349 1929 1399 Rom.
1962 1353 2001 1399 t.
2033 1352 2094 1408 Χ,
2128 1366 2178 1415 p.
2215 1351 2397 1412 xxxii.)

320 1428 420 1484 llic
448 1442 581 1498 ego,
596 1443 706 1500 pro
722 1443 853 1483 meo
879 1428 1141 1484 veritatis
1170 1427 1393 1492 studio,
1427 1426 1618 1484 facere
1642 1445 1759 1485 non
1778 1446 2051 1502 possum,
2072 1432 2217 1504 quin
2237 1432 2379 1488 data
2393 1430 2730 1497 occasione,
2751 1428 3074 1486 nonnullos
3094 1426 3264 1498 Angli
3284 1429 3624 1485 Montacutii

248 1531 502 1585 errores,
530 1517 587 1573 in
615 1518 1002 1589 epistolarum
1027 1517 1213 1574 Photii
1236 1517 1315 1573 ab
1345 1532 1412 1572 eo
1440 1517 1738 1575 editarum
1769 1521 2114 1593 epigraphis
2148 1535 2495 1592 coarguam.
2530 1526 2582 1577 1.
2611 1522 2691 1576 Ac
2717 1520 2979 1591 primum
3014 1534 3136 1574 non
3160 1518 3457 1589 jurgabor
3484 1534 3622 1575 cum

248 1606 501 1671 editore,
533 1606 698 1680 quod
725 1607 784 1662 in
816 1606 1139 1663 voluminis
1171 1605 1361 1663 fronte
1391 1607 1593 1663 Latine
1622 1608 1984 1665 sanctissimi
2014 1610 2244 1666 titulum
2284 1610 2638 1682 patriarcha
2672 1607 2877 1665 Photio
2918 1607 3236 1677 addiderit,
3267 1614 3355 1663 est
3376 1607 3536 1663 enim
3563 1609 3624 1664 id

248 1694 429 1750 ofﬁcii
463 1696 657 1766 potius
688 1710 758 1752 ac
777 1695 1106 1766 dignitatis,
1133 1712 1318 1767 quam
1350 1694 1581 1752 virtutis
1606 1698 1954 1769 epithetum,
1974 1705 2028 1755 et
2054 1700 2300 1772 quidem
2326 1700 2486 1771 apud
2514 1699 2750 1755 Gracos
2775 1696 3385 1770 pervulgatissimum.
3412 1698 3623 1762 Quaro

253 1789 455 1839 tamen
484 1799 590 1839 cur
623 1784 683 1839 in
715 1784 926 1840 eadem
975 1785 1108 1841 libri
1139 1785 1333 1840 fronte
1388 1801 1509 1842 non
1540 1786 1773 1857 legatur
1825 1791 2020 1844 Grace
2046 1789 2341 1861 ἁγιωτάτου
2374 1790 2403 1845 ?
2431 1788 2818 1845 Oblivionene
2848 1786 3073 1859 aliqua,
3100 1802 3178 1842 an
3201 1785 3424 1842 codicis
3455 1785 3623 1842 haud

252 1872 750 1945 reprehendendo
780 1873 1013 1930 defectu
1045 1873 1264 1931 factum
1290 1880 1377 1931 est
1405 1874 1434 1931 ‘I
1463 1879 1516 1930 2.
1551 1878 1612 1931 In
1643 1877 1867 1947 quinta
1899 1877 2199 1933 Photiana
2227 1877 2493 1948 epistola
2526 1876 2549 1949 [
2554 1892 2711 1931 nunc
2740 1882 2795 1932 1⁸
2818 1876 2967 1931 tertii
2993 1874 3155 1948 libri]
3186 1874 3533 1946 epigraphe,
3567 1881 3624 1931 et

252 1976 413 2034 sape
440 1962 497 2016 in
524 1962 677 2029 aliis,
707 1962 905 2020 Grace
937 1962 1250 2039 ἁσπάθαρίῳ
1272 1964 1443 2037 ponit
1474 1967 1894 2031 Montacutius,
1928 1967 2127 2021 Latine
2158 1972 2355 2022 autem
2374 1965 2756 2036 aspalhario;
2777 1970 2957 2037 atque
2980 1964 3041 2019 in
3068 1963 3344 2035 ejusdem
3360 1963 3621 2035 epistola

249 2050 482 2106 scholio
507 2050 736 2122 judicat
765 2052 1039 2108 eumdem
1066 2069 1199 2109 esse
1231 2054 1632 2123 aspalharium
1661 2060 1841 2128 atque
1869 2055 2265 2123 spatharium.
2293 2053 2816 2109 Verumenimvero
2851 2052 2984 2124 quis
3012 2067 3283 2125 unquam
3308 2051 3423 2107 nisi
3455 2052 3623 2123 apud

244 2140 667 2197 Montacutium
697 2142 1034 2210 aspatharii
1060 2142 1420 2199 vocabulum
1449 2143 1641 2200 audiit
1667 2144 1696 2201 ?
1716 2146 1793 2199 En
1817 2148 2020 2200 autem
2036 2144 2251 2200 erroris
2277 2159 2545 2200 causam.
2572 2143 2635 2197 ln
2659 2143 2939 2198 Vaticano
2962 2141 3183 2198 Nicolai
3211 2141 3398 2196 nostri
3417 2139 3620 2196 codice

248 2244 346 2301 ep.
382 2234 470 2298 69,
491 2230 769 2287 scribitur
788 2230 848 2287 in
875 2232 1205 2304 epigraphe
1228 2232 1278 2285 α’
1309 2234 1605 2305 σπαθαρίῳ,
1639 2232 1858 2289 lineola
1883 2233 2260 2306 superposita
2284 2233 2491 2289 littera
2517 2232 2586 2297 α’,
2616 2232 2692 2287 ob
2707 2230 3191 2301 signiﬁcandam,
3226 2235 3289 2285 ut
3311 2228 3432 2285 ﬁeri
3445 2228 3616 2293 solet,

243 2324 451 2376 notam
466 2320 826 2376 numeralem
849 2320 1120 2393 primam.
1138 2322 1425 2391 Estigitur
1437 2321 1622 2377 David
1643 2322 2016 2378 Camulianus
2029 2322 2759 2394 protospatharius,utnos
2774 2323 2968 2379 Grace
2981 2335 3223 2393 quoque
3251 2318 3616 2391 scripsimus:

245 2408 321 2464 de
338 2425 462 2482 qua
490 2426 553 2466 re
566 2426 639 2466 ne
656 2409 1022 2477 dubitemus,
1038 2410 1234 2467 eidem
1264 2410 1464 2466 Davidi
1477 2410 1537 2466 in
1552 2411 1975 2484 subsequentis
1994 2412 2257 2484 epistola
2280 2412 2607 2484 epigraphe
2625 2427 2740 2467 non
2764 2427 2869 2483 per
2891 2409 3260 2467 numeralem
3274 2408 3529 2465 litteram
3545 2407 3617 2462 α’,

246 2497 352 2552 sed
383 2498 698 2571 explicatis
736 2498 944 2554 litteris
1001 2498 1280 2555 tribuitur
1324 2500 1385 2554 in
1439 2499 1645 2556 codice
1694 2501 1903 2556 titulus
1956 2503 2432 2576 πρωτοσπαθαρίῳ.
2467 2504 2689 2557 Rursus
2717 2500 2778 2556 in
2817 2499 3038 2556 Nicolai
3090 2499 3327 2571 epp.84
3380 2503 3437 2553 et
3493 2497 3615 2562 103,

244 2602 421 2659 aque
461 2588 739 2645 scribitur
786 2588 846 2643 in
876 2587 1080 2643 codice
1116 2588 1238 2644 Vat.
1290 2588 1339 2641 α’
1381 2591 1676 2663 σπαθαρίῳ,
1709 2590 1927 2647 lineola
1952 2606 2133 2664 super
2162 2590 2209 2644 α’
2237 2590 2452 2663 posita.
2483 2590 2635 2647 Nihil
2689 2604 2832 2660 ergo
2887 2587 3223 2644 evidentius
3272 2586 3388 2642 dici
3419 2589 3618 2659 potest

247 2680 459 2732 contra
490 2678 767 2732 vitiosam
792 2674 1127 2732 Montacutii
1157 2676 1490 2748 lectionem,
1521 2678 1579 2733 in
1608 2678 1779 2750 cujus
1817 2678 2022 2735 codice
2053 2696 2192 2736 cum
2218 2680 2436 2751 pariter
2458 2680 2812 2736 scriberetur
2838 2676 2885 2731 α’
2909 2680 3205 2752 σπαθαρὶῳ,
3238 2676 3363 2748 ipse
3381 2676 3615 2731 incaute

249 2780 438 2821 unum
464 2765 819 2822 vocabulum
850 2765 989 2821 fecit
1017 2764 1334 2841 ἁσπαθαρίῳ
1362 2783 1376 2822 :
1421 2783 1775 2840 quanquam
1812 2768 1891 2824 ab
1917 2769 2047 2825 aliis
2073 2769 2347 2841 ejusdem
2375 2768 2603 2826 codicis
2634 2768 2780 2824 locis
2806 2784 2861 2823 v.
2897 2782 2985 2837 gr.
3013 2783 3113 2838 ep.
3162 2769 3284 2832 110,
3332 2778 3618 2835 coargue-

244 2854 444 2921 batur,
479 2856 581 2911 ubi
632 2856 925 2928 explicate
964 2856 1251 2927 scriptum
1281 2861 1407 2913 erat
1431 2859 1908 2932 πρωτοσπαθαρίῳ.
1945 2860 2127 2914 Nemo
2167 2858 2367 2930 igitur,
2414 2874 2489 2914 ne
2539 2858 2601 2914 in
2643 2857 3074 2914 mixobarbara
3103 2854 3350 2929 quidem
3400 2852 3611 2920 lexica,

248 2944 579 3019 ἁσπαθάριος
592 2944 681 3001 vel
698 2945 1081 3015 aspatharius
1094 2945 1613 3003 vocabulainferat
1626 2991 1639 3005 .
1661 2951 1713 3003 3.
1730 2948 1852 3003 San

2002 2947 2065 3003 1d
2078 2948 2360 3004 eumdem
2378 2948 2797 3008 Montacutium
2812 2945 2985 3002 lectio
3002 2959 3243 3018 quoque
3256 2942 3506 3002 Φιλοπονή
3517 2962 3610 2995 σου

246 3039 301 3089 et
327 3035 766 3105 Philoponnesi,
786 3040 910 3090 tam
939 3033 1139 3091 Grace
1156 3051 1339 3107 quam
1368 3036 1569 3092 Latine
1590 3036 1815 3094 solaca
1839 3041 1945 3103 est,
1976 3053 2086 3110 pro
2107 3036 2498 3096 Πελοποννήσου
2520 3035 2972 3107 etPeloponnesi
2991 3051 3002 3089 :
3023 3049 3210 3107 quam
3237 3048 3348 3103 ego
3364 3031 3611 3105 quidem

244 3124 562 3196 typotheta
608 3125 849 3198 culpam
881 3124 1215 3181 existimare
1266 3123 1639 3192 maluissem,
1669 3126 1785 3182 nisi
1834 3127 1893 3183 in
1942 3128 2167 3184 scholio
2210 3143 2453 3200 quoque
2482 3126 2726 3183 editoris
2752 3127 2836 3182 sic
2861 3125 3155 3196 legeretur
3194 3120 3612 3195 (Peloponnesi

240 3228 463 3284 prases
488 3222 588 3271 aut
609 3214 753 3283 dux,
775 3218 1092 3288 στρατηγός,
1115 3214 1372 3270 occurrit
1396 3214 1456 3270 in
1476 3214 1692 3271 Nicolai
1708 3215 1892 3271 nostri
1910 3216 2222 3288 epistolis).
2238 3220 2293 3272 4.
2316 3216 2579 3289 Denique
2600 3217 2658 3272 in
2672 3216 2886 3272 eadem
2909 3212 3299 3271 adnotatione
3320 3210 3610 3267 mendose

242 3301 516 3359 scribitur
546 3304 859 3361 Germania
879 3318 988 3375 pro
1019 3302 1393 3359 Germanicia
1417 3304 1661 3359 Nestorii
1685 3303 1880 3376 patria
1906 3304 2010 3377 (a).
2036 3310 2087 3361 5.
2106 3306 2333 3363 Nollem
2366 3306 2504 3362 item
2529 3322 2564 3362 a
2583 3305 2939 3361 Montacutio
2956 3302 3317 3359 vocabulum
3342 3304 3526 3355 Λέοντι
3548 3300 3609 3355 in

239 3391 584 3464 epigraphis
597 3408 756 3465 sape
782 3397 838 3448 et
863 3392 924 3448 in
953 3392 1197 3450 scholiis
1223 3393 1431 3449 Leonti
1449 3392 1799 3460 Latinedici,
1816 3393 1922 3449 sed
1947 3396 2142 3465 potius
2162 3394 2432 3453 Leoni.6.
2456 3395 2546 3467 (Et
2565 3395 2854 3466 quoniam
2878 3394 2951 3450 de
2967 3391 3203 3449 scholiis
3221 3391 3366 3455 dixi.
3386 3388 3609 3446 nollem

238 3487 380 3544 item
406 3497 463 3552 p.
484 3485 572 3541 ιϐ,
588 3482 764 3538 scribi
785 3481 864 3537 ab
876 3498 947 3538 eo
961 3483 1348 3550 septimarum
1368 3482 1731 3553 synodorum
1752 3498 1859 3555 pro
1879 3491 2097 3552 septem
2119 3485 2521 3556 synodorum).
2545 3489 2598 3539 7.
2624 3485 2686 3539 In
2707 3484 3031 3557 epigraphe
3047 3480 3310 3554 epistola
3338 3484 3398 3535 l2
3422 3478 3608 3553 [nunc

237 3570 338 3626 69⁸
360 3569 494 3626 libri
524 3570 811 3645 secundi].
848 3570 1052 3627 scribit
1095 3569 1481 3627 Montacutius
1536 3572 1811 3642 μονάζοντι

2000 3579 2182 3641 ισόντι,
2233 3576 2430 3631 Latine
2462 3579 2663 3631 autem
2696 3573 2985 3629 monacho
3017 3572 3086 3627 E.
3119 3570 3401 3639 collapsa.
3430 3568 3608 3641 Atqui

234 3673 350 3728 ego
375 3659 582 3729 judico
607 3659 993 3716 scribendum
1020 3675 1148 3714 esse
1179 3660 1459 3730 μονάζοντι
1486 3657 1775 3725 ἐκπεσόντι,
1807 3677 1842 3715 η

1995 3662 2094 3718 rho
2123 3665 2312 3732 lapso.
2336 3667 2557 3736 Nempe
2585 3663 2749 3737 apud
2781 3661 3060 3718 eumdem
3089 3659 3361 3715 Photium
3389 3674 3449 3729 p.
3480 3659 3603 3723 119,

233 3761 331 3817 ep.
359 3747 432 3802 68
476 3746 662 3822 [nunc
689 3748 757 3804 78
805 3748 1050 3804 secundi
1101 3745 1278 3819 libri],
1329 3746 1543 3817 legitur
1584 3754 1960 3820 παραπεσόντι.
1992 3754 2042 3805 8.
2087 3752 2360 3822 Epistola
2392 3756 2458 3808 82
2513 3752 2700 3826 [nunc
2733 3752 2881 3808 tertii
2925 3750 3058 3806 libri
3090 3748 3204 3823 29],
3235 3747 3605 3820 epigraphen

231 3835 484 3909 Βασιλιίῳ
497 3839 751 3912 πράκτορι
769 3836 969 3894 Latine
987 3836 1160 3893 scribi
1177 3836 1345 3893 video
1365 3836 1590 3893 Basilio
1601 3838 1890 3907 praetori,
1912 3854 2021 3911 pro
2032 3841 2303 3896 exactam
2322 3845 2414 3895 vel
2436 3842 2738 3911 quastori.
2756 3844 2870 3896 Cur
2889 3840 2965 3904 id,
2986 3840 3250 3910 inquam,
3277 3836 3601 3908 prasertim

228 3939 372 3981 cum
404 3927 805 3995 signiﬁcatum
833 3928 1121 4001 πράκτορος
1151 3925 1543 3982 Montacutius
1566 3926 1627 3981 in
1661 3925 1884 3982 scholio
1914 3933 2202 3998 agnoscat
2230 3928 2258 3984 ?
2291 3931 2444 3986 Sane
2473 3930 2632 3984 idem
2661 3928 2845 3984 homo
2874 3928 2934 3982 in
2961 3942 3097 3999 epp.
3132 3928 3198 3979 47
3235 3926 3417 3997 [nunc
3445 3923 3601 3980 tertii

226 4013 363 4072 libri
404 4016 543 4087 12'],
568 4021 625 4071 et
654 4018 758 4072 154
788 4016 972 4088 [nunc
1002 4015 1155 4071 tertii
1180 4015 1313 4070 libri
1342 4012 1482 4087 48a],
1511 4014 1726 4072 dicitur
1754 4018 2042 4091 κοιάστωρ,
2075 4018 2240 4091 quod
2263 4018 2473 4075 Gracis
2503 4017 2711 4074 litteris
2738 4022 2829 4073 est
2849 4014 3124 4071 Latinum
3151 4019 3419 4087 quaestor.
3449 4016 3503 4068 9.
3533 4011 3600 4067 In

227 4104 575 4176 epigraphis
597 4120 727 4161 voc.
752 4101 1034 4177 ξινόδοχος
1053 4103 1235 4160 modo
1263 4104 1468 4173 hospes
1495 4104 1766 4161 redditur
1786 4108 1966 4163 modo
1997 4108 2443 4180 hospitalarius.
2470 4107 2662 4165 Malim
2678 4106 2792 4163 hoc
2818 4105 3090 4167 alterum.
3120 4103 3222 4159 sed
3244 4106 3396 4157 certe
3418 4101 3601 4156 inter-

225 4194 410 4267 pretis
439 4194 836 4250 constantiam
870 4196 1126 4267 requiro.
1161 4197 1242 4249 10.
1278 4194 1421 4250 Item
1453 4195 1512 4249 in
1541 4194 1712 4251 titulo
1761 4197 2027 4269 epistola
2073 4198 2141 4252 6O
2169 4197 2355 4271 [nunc
2380 4197 2532 4253 tertii
2557 4196 2690 4253 libri
2722 4195 2865 4267 22s],
2898 4193 3141 4251 mallem
3170 4193 3248 4249 ab
3278 4193 3596 4263 interprete

223 4283 454 4339 dictum
483 4283 768 4348 Helladis,
790 4300 976 4357 quam
1003 4285 1181 4340 nimis
1198 4284 1526 4353 generatim
1555 4286 1806 4342 Graeciae.
1837 4288 2088 4357 Legatur
2119 4289 2540 4344 Constantinus
2563 4283 3127 4341 inthematibuth.
3153 4280 3297 4339 Nolo
3327 4295 3438 4350 ego
3464 4284 3598 4352 post

224 4373 520 4429 ducentos
548 4389 741 4430 annos
758 4374 1014 4430 scribere
1034 4374 1233 4431 dicam
1259 4374 1618 4430 Montacutio
1648 4390 1660 4428 :
1685 4376 2047 4447 cateroquin
2064 4393 2187 4433 non
2210 4375 2402 4449 probo
2429 4375 2593 4449 quod
2618 4376 2678 4431 in
2706 4376 2829 4430 suis
2854 4374 2929 4430 ad
2964 4372 3235 4429 Photium
3261 4367 3599 4426 adnotatio-

222 4466 407 4524 nibus
436 4484 494 4539 p.
535 4470 604 4524 46
646 4467 967 4523 Diodorum
998 4471 1351 4524 Tarsensem
1380 4483 1451 4524 ac
1488 4468 1866 4525 Theodorum
1898 4472 2379 4539 Mopsuestenum
2408 4466 2542 4522 labe
2585 4465 2881 4521 hareseos
2926 4463 3173 4518 infectos
3199 4475 3321 4515 non
3348 4457 3595 4530 judicet,

221 4561 433 4613 contra
458 4573 610 4630 quos
631 4557 858 4630 passim
900 4558 1076 4630 prisci
1109 4558 1307 4613 Patres
1336 4557 1689 4624 clamarunt,
1728 4558 2205 4629 nominatimque
2236 4561 2480 4612 sanctus
2512 4552 2763 4627 Cyrillus
2793 4552 2953 4608 Alex.
2985 4551 3215 4620 integro
3233 4563 3412 4619 opere
3433 4560 3595 4602 nunc

220 4646 553 4719 deperdito,
568 4647 740 4718 cujus
754 4646 1090 4717 fragmenta
1106 4662 1218 4701 nos
1244 4646 1469 4720 aliquot
1486 4646 1779 4715 dedimus,
1800 4653 1981 4721 atque
2002 4646 2120 4704 alia
2133 4644 2618 4718 posthiucdaturi
2634 4659 2866 4699 sumus.
2895 4638 3195 4707 Concedo,
3211 4637 3340 4693 illos
3354 4633 3594 4691 nonnisi

220 4739 361 4808 post
383 4735 612 4792 obitum
625 4736 947 4792 damnatos
967 4735 1148 4792 fuisse
1170 4754 1183 4804 ;
1203 4752 1406 4793 verum
1422 4736 1477 4792 id
1504 4737 1743 4793 minime
1761 4737 2019 4810 impedit,
2043 4734 2653 4809 quominusipsorum
2672 4731 2891 4802 scripta
2914 4729 3199 4785 doctrinis
3212 4724 3597 4791 hareticis,ut

220 4826 369 4881 satis
394 4831 645 4893 constat,
679 4826 1160 4883 redundaverint.
1200 4827 1283 4883 12.
1315 4829 1515 4900 Neque
1543 4827 1677 4883 licet
1706 4827 2061 4885 Montacutio
2108 4824 2520 4881 lconomachis
2546 4838 2605 4895 p.
2636 4826 2725 4888 97,
2772 4825 2830 4876 et
2859 4836 2918 4893 p.
2960 4819 3079 4883 118,
3111 4822 3313 4889 aperte
3370 4814 3592 4871 favere»

215 4931 376 4989 quos
406 4931 525 4972 non
557 4915 800 4972 Photius
826 4915 989 4971 solus
1012 4916 1240 4982 oderat,
1273 4916 1379 4973 sed
1409 4918 1793 4974 acumenica
1820 4917 2034 4991 synodi
2055 4914 2307 4971 decretis
2339 4912 2711 4969 solemnibus
2738 4908 3240 4967 condemnarunt.
3270 4909 3353 4962 13.
3378 4905 3591 4976 Neque

215 5021 425 5062 rursus
454 5005 867 5062 estferendum
887 5005 1052 5079 quod
1079 5008 1468 5064 Montacutius
1495 5024 1554 5081 p.
1586 5009 1704 5075 159,
1735 5006 2141 5064 latrocinalem
2161 5002 2420 5075 appellet
2443 5007 2722 5059 octavam
2745 4997 3041 5071 synodum
3068 4993 3587 5060 acumenicam,in

214 5111 341 5169 qua
370 5095 643 5167 deposito
664 5096 875 5152 Photio
903 5097 1168 5166 lgnatius
1189 5099 1489 5154 restitutus
1511 5103 1618 5155 est.
1653 5101 1735 5154 li.
1762 5100 1963 5171 Neque
1984 5095 2306 5168 prudenter
2332 5097 2414 5149 tot
2444 5090 2723 5147 laudibus
2747 5088 3023 5145 Photium
3054 5086 3338 5150 cumulat,
3368 5084 3589 5157 acujus

213 5183 543 5241 ambitione
568 5201 638 5241 ac
670 5185 951 5241 violentia
983 5200 1294 5254 magnum,
1318 5186 1483 5258 quod
1512 5187 1712 5243 adhuc
1734 5190 2063 5260 permanet,
2088 5183 2349 5239 schisma
2371 5182 2628 5253 sumpsit
2652 5179 2908 5234 initium.
2936 5180 3019 5233 t5.
3042 5179 3258 5233 Contra
3290 5189 3425 5231 vero
3438 5173 3587 5230 dum

211 5272 484 5346 plurimis
515 5273 847 5331 maledictis
874 5273 1193 5328 Baronium
1215 5279 1441 5341 onerat,
1470 5276 1736 5333 alienum
1768 5291 1831 5332 se
1860 5291 1982 5332 non
2012 5274 2292 5346 aquitate
2331 5270 2547 5335 solum,
2581 5268 2688 5324 sed
2721 5269 2899 5323 etiam
2930 5265 3096 5322 omni
3129 5264 3584 5322 mansuetudine

210 5362 543 5421 Christiana
556 5362 940 5420 demonstrat.
972 5362 1505 5421 16.1nconsiderate
1526 5366 1717 5432 etiam,
1741 5365 1830 5420 vel
1850 5360 2518 5437 potiusirate,Anastasii
2538 5356 2972 5415 Bibliothecarii
2992 5355 3369 5429 biographias
3391 5352 3582 5409 verbis

207 5453 658 5510 contumeliosis
714 5469 1077 5527 summoque
1107 5459 1455 5526 contemptu
1507 5455 1886 5529 persequitur
1938 5470 1997 5526 p.
2029 5453 2154 5516 244,
2189 5468 2225 5507 a
2253 5466 2375 5524 quo
2424 5455 2626 5506 tamen
2665 5452 2927 5519 auctore,
2983 5446 3310 5503 fatentibus
3341 5443 3575 5516 passim

208 5542 474 5612 eruditis,
507 5543 919 5616 pretiosiorem
940 5560 1010 5601 ac
1042 5543 1354 5600 certiorem
1383 5540 1645 5600 historia
1675 5543 2032 5616 pontiﬁcalis
2059 5545 2289 5614 partem
2318 5539 2641 5596 habemus.

282 5667 363 5739 (a)
389 5668 727 5727 Montacutii
752 5675 928 5728 notas
961 5672 1023 5727 ut
1052 5683 1280 5726 veneno
1311 5670 1527 5725 tinctas
1556 5668 1866 5726 inutilesve
1893 5668 2229 5739 rejecimus.
2264 5669 2421 5723 Emr.
2451 5668 2617 5722 ΡΑτει.
