4110 6414
367 611 371 615 ”
507 623 555 630 ν,
1108 615 1872 628 -_—_—_——-———————-
2084 614 2242 622 φοι-
2277 615 2322 621 -—--
2345 614 2350 619 ι
2393 614 2433 620 τι
2470 615 2477 620 -
2680 615 2716 620 ~—
2751 614 2860 621 τ,-
2907 614 2946 620 ν-
2995 613 3236 623 π-η---ιε--σ-σ-
3337 613 3400 620 νό
3431 614 3468 619 ν’

524 1139 1482 1233 PATRIARCHJE
1575 1135 3309 1234 CONSTANTINOPOLITANI

907 1432 1557 1560 OPERUM
1656 1427 2056 1555 PARS
2153 1428 2916 1560 SECUNDA.

1341 1900 2474 2019 DOGMATIGA.

1585 2411 2231 2505 PBIEFATIO

616 2649 671 2708 .l.
719 2647 1321 2710 CHRISTOPHORI
1366 2647 1671 2711 \VOLFI]
1715 2646 1797 2707 ΙΝ
1848 2646 2134 2708 LIBROS
2178 2646 2263 2709 ιν
2309 2647 2633 2710 CONTRA
2679 2645 3174 2708 MANICHZEOb

360 2821 508 2876 Sisto
558 2818 679 2880 tibi,
729 2820 946 2876 erudite
987 2820 1180 2888 lector,
1228 2837 1423 2877 novam
1472 2829 1980 2884 monumentorum,
2018 2820 2200 2875 adhuc
2250 2836 2359 2875 non
2410 2818 2700 2883 editorum,
2738 2816 3146 2878 collectionem,
3176 2813 3229 2867 in
3269 2822 3548 2883 posterum

286 2910 333 2963 si
369 2904 480 2962 Deo
518 2906 581 2961 Ο.
619 2905 687 2960 Μ.
732 2908 910 2962 visum
958 2909 1144 2976 fuerit,
1195 2925 1293 2981 per
1335 2909 1627 2964 fasciculos
1658 2909 1863 2978 aliquot
1899 2908 2347 2963 continuandam.
2388 2905 2524 2961 Nata
2568 2907 2704 2960 mihi
2746 2906 2834 2960 illa
2879 2912 2966 2960 est
3005 2913 3122 2958 ttym
3146 2901 3386 2964 aliunde,
3434 2908 3547 2954 tum

287 3013 359 3052 ex
408 2995 717 3059 itineribus,
769 3013 891 3065 qua:
938 3006 1066 3052 ante
1110 2999 1210 3053 hos
1243 2997 1482 3053 sedecim
1514 3011 1692 3051 annos
1716 2996 2014 3051 litterarum
2048 3012 2209 3051 causa
2243 2995 2551 3065 suscepisse
2600 3010 2708 3060 me,
2757 3008 2883 3048 cum
2936 2992 3217 3062 voluptate
3266 2988 3545 3043 recordor.

289 3083 507 3153 Accipis
537 3083 721 3152 itaque
749 3083 839 3137 hic
873 3087 1149 3153 specimen
1176 3085 1397 3156 duplex,
1451 3085 1686 3139 alterum
1731 3084 1799 3139 ad
1842 3099 2072 3149 sacram,
2121 3085 2353 3141 alterum
2381 3085 2449 3139 ad
2485 3083 2770 3154 profanam
2808 3082 3173 3137 litteraturam
3207 3078 3377 3150 magis
3424 3093 3553 3147 per-

290 3171 493 3225 tinens.
544 3170 621 3224 lta
660 3170 807 3224 enim
855 3171 1019 3241 hujus
1071 3172 1306 3228 instituti
1354 3173 1598 3229 rationes
1646 3172 1959 3228 formandas
2001 3186 2125 3227 esse
2169 3170 2380 3243 putavi,
2434 3181 2498 3225 ut
2539 3170 2607 3225 ad
2652 3170 2951 3226 novitatem
2982 3168 3268 3224 accederet
3290 3166 3549 3222 varietas.

289 3261 498 3330 Agmen
535 3258 685 3313 ducit
736 3257 981 3324 Photius,
1030 3261 1338 3330 patriarcha
1386 3262 1663 3331 quondam
1707 3261 2049 3326 CPolitanus,
2081 3277 2193 3315 non
2241 3259 2423 3315 minus
2470 3259 2539 3315 de
2574 3274 2634 3313 re
2664 3273 2821 3314 sacra
2852 3267 2910 3314 et
2941 3256 3338 3319 ecclesiastica,
3388 3271 3552 3325 quam

290 3347 490 3402 litteris
520 3347 883 3422 politioribus,
920 3349 1064 3418 apud
1103 3350 1342 3419 aaquales
1394 3360 1450 3404 ct
1494 3358 1745 3422 posteros
1792 3348 2348 3405 commentationibus
2384 3347 2521 3414 suis,
2563 3363 2687 3417 quae
2735 3355 2954 3402 aetatem
2993 3346 3260 3411 tulerunt,
3292 3344 3553 3416 prreclare

292 3418 646 3504 promeritus.
690 3435 863 3502 Hujus
908 3435 1033 3489 libri
1069 3434 1133 3489 lV
1167 3418 1366 3491 Contra
1406 3418 1723 3491 Μαὶιὶειιτεοδ
1771 3446 1984 3492 veteres
2016 3446 2073 3491 et
2101 3436 2439 3491 recentiores
2486 3436 2719 3501 exarati,
2748 3436 2946 3497 lucem,
2976 3434 3083 3504 qua
3111 3444 3295 3489 tamen
3325 3432 3554 3487 omnino

294 3522 440 3594 digni
484 3531 659 3587 erant,
696 3522 877 3577 adhuc
906 3538 1017 3576 non
1048 3523 1324 3578 viderunt.
1373 3524 1592 3578 Primus
1640 3539 1855 3588 eorum,
1902 3524 2099 3589 fateor,
2134 3540 2164 3578 a
2209 3524 2667 3593 praestantissimo
2697 3534 2753 3579 et
2782 3539 2946 3593 supra
2976 3524 3170 3578 laudes
3198 3538 3351 3577 meas
3374 3523 3554 3592 posito

293 3610 570 3665 Bernardo
599 3612 668 3666 de
696 3610 1046 3667 Monll'aucon
1074 3626 1198 3666 cum
1248 3612 1440 3666 Latina
1474 3613 1728 3668 versione
1755 3613 1996 3668 insertus
2023 3621 2112 3667 est
2153 3611 2486 3667 Bibliotheca:
2516 3610 2882 3674 Coislinianw,
2923 3625 3084 3680 quam
3130 3610 3419 3664 indefessa:
3450 3609 3553 3665 viri

294 3697 577 3752 industrize
619 3698 689 3753 ab
740 3714 887 3753 anno
927 3699 1065 3753 1⁸115
1116 3700 1317 3753 debere
1346 3700 1637 3769 cmpimus,
1673 3715 1794 3772 pag.
1828 3701 1933 3756 549
1982 3715 2135 3771 seqq.
2168 3701 2238 3755 At
2266 3716 2391 3756 cum
2423 3700 2702 3772 egregium
2745 3699 2881 3755 illud
2929 3696 3083 3769 Opus
3118 3698 3174 3752 in
3204 3698 3316 3753 oris
3349 3708 3553 3753 nostris

292 3785 469 3839 rarius
522 3786 742 3840 obvium
796 3788 888 3846 sit,
924 3788 1025 3841 ista
1078 3802 1206 3842 vero
1237 3785 1516 3844 Photiante
1556 3789 2035 3844 commentationis
2065 3804 2188 3857 pars
2217 3788 2361 3843 inter
2396 3796 2475 3843 tot
2504 3788 2610 3843 alia
2652 3788 2941 3857 praeclara,
2968 3802 3091 3857 quae
3120 3786 3327 3842 ibidem
3355 3802 3554 3842 occur-

294 3886 441 3940 runt,
486 3876 771 3943 opuscula,
805 3875 961 3945 quasi
994 3875 1205 3943 sepulta
1230 3875 1503 3935 videatur,
1558 3891 1667 3930 non
1720 3876 1895 3930 solum
1925 3875 2231 3932 consultum
2260 3874 2471 3946 putavi,
2523 3874 2619 3929 sed
2664 3883 2721 3929 et
2751 3873 3146 3941 necessarium,
3178 3881 3241 3928 ut
3269 3873 3414 3929 idem
3462 3874 3553 3928 ille

292 3962 429 4018 liber
473 3963 682 4034 primus
732 3979 857 4019 cum
903 3964 1121 4019 caeteris
1170 3964 1346 4018 tribus
1397 3964 1486 4018 hic
1518 3964 1897 4018 recuderetur.
1949 3963 2120 4033 Hujus
2149 3964 2362 4018 consilii
2389 3964 2532 4018 hanc
2560 3970 2827 4033 praeterea
2857 3962 3036 4017 habeo
3083 3962 3372 4028 rationem,
3405 3963 3552 4032 quod

293 4049 564 4111 intellexi,
596 4049 864 4104 beneﬁcio
892 4048 1099 4103 codicis
1130 4050 1335 4103 nostris
1366 4047 1818 4120 Hamhurgensis,
1865 4065 2028 4120 quem
2062 4051 2117 4104 in
2166 4051 2405 4107 editione
2436 4051 2539 4105 hac
2567 4050 2915 4120 potissimum
2952 4058 3180 4104 secutus
3225 4065 3369 4116 sum,
3401 4051 3550 4104 varia

290 4139 410 4195 loca
460 4140 600 4194 male
640 4148 866 4209 accepta
918 4139 1213 4210 integritati
1252 4154 1365 4194 suae
1401 4139 1663 4194 vindicari
1699 4155 1879 4211 posse,
1929 4139 2073 4207 quod
2129 4138 2303 4209 ipsum
2357 4138 2493 4193 mihi
2535 4138 2881 4193 occasionem
2938 4138 3325 4207 suppeditavit,
3375 4138 3549 4193 inter-

289 4226 654 4297 pretationem
690 4225 962 4288 Latinam,
1011 4226 1254 4296 alioquin
1288 4226 1575 4296 optimam,
1626 4226 1758 4282 hinc
1785 4226 1914 4281 inde
1954 4226 2302 4284 emendandi.
2337 4224 2416 4281 Ne
2453 4227 2584 4296 quid
2634 4226 2705 4281 de
2756 4226 2901 4281 notis
2943 4226 3142 4291 dicam,
3174 4227 3376 4296 quibus
3406 4226 3550 4282 indi-

287 4330 419 4385 gere
448 4314 736 4369 videbatur
767 4315 984 4387 egregia
1016 4315 1276 4376 narratio,
1305 4330 1427 4385 qua}
1453 4314 1663 4370 ereteris
1689 4315 1964 4378 omnibus,
1996 4314 2063 4368 ad
2099 4314 2204 4370 hoc
2237 4323 2621 4385 argumentum
2652 4313 3051 4385 spectantibus,
3080 4323 3139 4369 et
3171 4313 3457 4380 brevitate,
3494 4324 3552 4368 et

290 4400 550 4456 dictionis
580 4401 781 4465 nitore,
829 4411 887 4455 et
943 4416 1126 4454 rerum
1162 4402 1318 4470 copia
1365 4402 1563 4456 merito
1608 4402 1918 4472 prafertur.
1954 4401 2388 4458 Laudatissimus
2418 4402 2863 4456 Montfauconius
2896 4401 3019 4456 libri
3046 4400 3210 4471 hujus
3235 4401 3398 4472 primi
3429 4401 3548 4456 edi-

288 4487 495 4543 tionem
529 4504 595 4543 ex
628 4487 846 4544 duobus
873 4488 1179 4554 codicibus,
1219 4488 1551 4544 Coislt'niano
1569 4490 1761 4555 altero,
1802 4489 1975 4545 altero
2023 4489 2343 4554 Colbertino,
2388 4489 2728 4560 procuravit,
2765 4490 3172 4560 quorum'alter
3198 4490 3355 4544 alteri
3382 4490 3550 4545 inter-

284 4576 418 4631 dum
463 4578 745 4649 suppetias
778 4577 920 4631 tulit.
955 4576 1096 4632 Num
1127 4578 1183 4631 in
1212 4588 1444 4648 utroque
1477 4587 1586 4632 tres
1616 4579 1809 4647 reliqui
1846 4579 1965 4634 libri
1997 4579 2290 4634 desiderati
2323 4579 2452 4642 sint,
2481 4578 2665 4633 dicere
2709 4594 2820 4632 non
2849 4578 3046 4632 habeo.
3089 4577 3249 4632 Certe
3280 4578 3332 4633 id
3363 4579 3548 4648 suspi-

285 4678 405 4728 cor,
447 4680 557 4719 non
582 4665 701 4720 slne
724 4664 839 4719 veri
871 4664 1076 4735 specie,
1114 4664 1241 4735 quia
1272 4663 1625 4719 doctissimus
1654 4665 1849 4728 editor,
1879 4668 2022 4735 quod
2070 4669 2205 4722 alias
2232 4670 2410 4722 facere
2453 4666 2758 4730 consuevit,
2812 4666 3025 4722 illorum
3075 4666 3128 4721 in
3157 4666 3361 4722 codicis
3389 4666 3549 4722 Cois-

285 4753 478 4807 liniani
510 4753 881 4823 descriptione
907 4769 1018 4808 non
1053 4752 1186 4808 facit
1215 4753 1573 4807 mentionem.
1629 4752 1883 4809 Fortasse
1913 4754 2196 4811 omissioni
2229 4758 2283 4808 in
2317 4764 2549 4825 utroque
2579 4754 2767 4811 codice
2795 4753 3142 4810 occasionem
3179 4755 3547 4825 suppeditavit

283 4842 594 4911 argumenti
641 4842 957 4905 diversitas,
996 4856 1121 4896 cum
1157 4841 1295 4895 liber
1341 4840 1433 4894 ille
1483 4840 1694 4910 primus
1748 4849 1961 4898 tantum
2007 4845 2075 4900 ad
2120 4845 2404 4900 historiam
2454 4844 2869 4907 Manichaaismi,
2922 4854 3038 4903 tres
3066 4861 3199 4900 vero
3253 4846 3447 4916 reliqui
3477 4847 3547 4901 ad

282 4929 724 4985 confutationem
757 4931 1042 4990 doctrinae.
1079 4944 1202 4999 quze
1226 4929 1336 5000 jam
1369 4930 1437 4983 ab
1468 4929 1590 4983 aliis
1618 4940 1871 5001 suscepta
1900 4940 2038 5000 erat,
2074 4942 2129 4988 et
2155 4949 2262 5003 qua
2292 4932 2523 5003 proinde
2563 4933 2704 4989 forte
2733 4949 2847 4988 non
2882 4934 3022 4988 adeo
3064 4949 3203 5004 opus
3236 4933 3545 4992 videbatur.

284 5026 560 5087 spectent.
600 5016 659 5069 In
690 5027 885 5071 nostro
917 5014 1278 5071 Holsteniano
1322 5016 1530 5085 integra
1562 5020 1981 5087 commentatio,
2008 5021 2139 5075 'sine
2184 5021 2492 5092 interrupto
2522 5022 2715 5077 ordine
2736 5062 2751 5087 ,
2792 5030 2991 5077 exstat.
3024 5019 3138 5076 Nec
3168 5022 3408 5077 dubitari
3441 5039 3541 5092 po-

286 5113 414 5165 test,
454 5105 523 5157 ab
548 5105 747 5159 eodem
779 5113 1005 5159 auctore
1043 5104 1211 5158 libros
1236 5104 1482 5174 singulos
1527 5120 1648 5159 esse
1697 5106 1989 5175 profectos,
2032 5124 2156 5163 cum
2199 5110 2255 5163 in
2289 5110 2439 5164 calce
2472 5110 2635 5180 primi
2666 5125 2795 5180 spes
2833 5109 3041 5164 diserte
3068 5108 3161 5165 ilat
3194 5122 3542 5176 caeterorum,

282 5192 377 5262 qui
412 5192 851 5245 eonfutationem
880 5206 1129 5245 errorum
1177 5191 1471 5246 exhibituri
1518 5193 1648 5257 sint,
1684 5208 1748 5247 ac
1778 5204 2038 5264 prteterea
2082 5196 2199 5267 ipsa
2236 5198 2508 5254 scribendi
2540 5198 3059 5269 commentandique
3109 5199 3248 5253 ratio
3288 5198 3544 5254 Photium

286 5279 512 5334 referat.
545 5280 615 5333 At
643 5279 843 5334 librum
889 5295 929 5343 ι,
967 5279 1220 5334 Photium
1262 5288 1542 5333 auctorem
1585 5281 1807 5347 habere,
1853 5293 2051 5353 praeter
2086 5294 2351 5340 constans
2382 5285 2635 5340 codicum
2681 5300 2815 5340 mss.
2864 5287 3259 5353 testimonium,
3293 5288 3547 5343 dubitare

287 5384 399 5422 non
429 5369 563 5422 sinit
592 5367 933 5439 Euthymius,
983 5367 1074 5436 qui
1130 5375 1281 5436 parte
1331 5383 1369 5421 η
1402 5367 1679 5437 Ραηοριὶω
1724 5385 1856 5435 suae,
1898 5371 2055 5426 titulo
2092 5370 2183 5435 ει,
2214 5373 2597 5443 compendium
2633 5373 2970 5429 narrationis
3012 5375 3293 5430 Photianae
3320 5375 3545 5433 totidem

286 5465 347 5510 ut
382 5455 678 5525 plurimum
706 5455 891 5510 verbis
923 5454 1165 5519 exhibet,
1194 5464 1253 5509 et
1282 5455 1484 5510 diserte
1512 5455 1708 5513 Photio
1741 5460 1949 5526 tribuit,
1974 5460 2042 5515 iis
2067 5461 2266 5525 verbis,
2296 5477 2416 5531 qua:
2446 5462 2498 5515 in
2532 5462 2677 5515 notis
2706 5462 2773 5516 ad
2811 5478 2866 5532 p.
2902 5463 2923 5515 l
2965 5464 3142 5518 attuli.

357 5540 537 5608 Atque
581 5537 699 5592 hac
729 5538 949 5607 quidem
978 5553 1141 5593 causa
1174 5548 1280 5604 est,
1313 5555 1412 5593 cur
1442 5549 1611 5594 totam
1650 5541 1789 5597 hanc
1830 5547 2180 5617 seriptionem
2229 5549 2285 5603 in
2334 5549 2510 5603 lucem
2551 5549 2937 5619 proferendam
2988 5552 3322 5616 censuerim,
3350 5563 3549 5609 nactus

286 5626 541 5695 inprimis
570 5625 625 5679 in
672 5625 789 5695 ipsa
822 5626 924 5679 hac
956 5625 1092 5680 urbe
1132 5634 1241 5679 tam
1284 5626 1553 5698 insignem
1600 5634 2085 5699 opportunitatem.
2120 5635 2459 5691 Bibliotheca
2493 5638 2643 5693 enim
2672 5648 2857 5695 nostra
2886 5639 3102 5710 publica
3132 5641 3276 5696 inter
3324 5640 3547 5698 Graecos

285 5715 525 5779 codices,
557 5726 697 5782 quos
729 5712 1043 5769 liberalitati
1073 5714 1513 5783 przestantissimi
1568 5716 1728 5772 Luae
1772 5718 2060 5791 Holstenii,
2104 5724 2239 5781 civis
2281 5727 2479 5791 nostri,
2524 5727 2709 5794 debet,
2756 5728 2983 5783 exhibet
3016 5727 3241 5799 insigne
3288 5730 3546 5786 volumen

285 5802 495 5857 ordinis
524 5800 770 5872 majoris,
802 5800 968 5870 quod,
1012 5811 1212 5871 praeter
1261 5802 1574 5874 Serapionis
1613 5816 1670 5861 et
1705 5807 1807 5863 Titi
1841 5809 2151 5871 Bostrensis
2197 5824 2388 5871 contra
2420 5814 2749 5872 Manichaeos
2799 5815 3023 5887 scripta,
3075 5813 3373 5873 Photianas
3425 5819 3547 5874 illas

280 5906 445 5952 curas
472 5893 877 5965 complectitur.
911 5891 1264 5951 Monumenta
1309 5895 1399 5953 illa
1450 5895 1682 5971 singula,
1719 5901 2174 5973 quemadmodum
2215 5912 2271 5959 et
2327 5908 2585 5977 pleraque
2608 5920 2800 5960 eorum
2841 5920 2977 5974 qua:
3006 5902 3323 5971 Holstenius
3353 5908 3547 5963 biblio-

598 5989 866 6054 PATROL.
914 5991 1030 6053 Gn.
1078 5992 1207 6055 Cll.
3250 6006 3273 6064 1
