4088 6486
528 472 582 534 11
1648 480 1702 538 J.
1746 477 1924 538 ΕΗΒ.
1965 476 2142 537 WOLT

2169 478 2241 537 ἸΙ
2286 478 2681 540 ΡΒᾸΞῈΑΤΙΟ
3720 482 3783 545 19.

522 588 701 643 theca
736 589 937 636 nostra:
972 581 1194 652 legavit,
1224 583 1523 655 ἀπόγραφα
1551 587 1831 651 exhibent,
1868 600 1933 639 ex
1971 586 2128 640 bona!
2158 586 2665 658 antiquissimazque
2698 597 2841 643 notae
2871 586 3173 654 codicibus,
3214 604 3244 643 a
3274 591 3566 647 recentiori
3618 608 3783 649 manu

523 673 813 744 diligenter
839 678 1082 736 exarata,
1120 680 1174 725 et
1223 670 1291 724 ab
1339 670 1645 737 llolstenio,
1680 688 1781 726 ceu
1812 687 1879 727 ex
1911 672 2119 726 notulis
2148 674 2475 743 quibusdam
2525 675 2915 747 marginalibus
2960 684 3149 745 patere
3194 677 3429 741 videtur,
3485 683 3781 750 recognita.

522 765 777 819 Fortasse
810 760 1026 815 illorum
1059 759 1273 830 c0piam
1310 760 1409 831 ipsi
1438 760 1568 815 fecit
1592 760 1918 816 bibliotheca
1943 759 2226 826 Vaticana,
2258 762 2416 832 cujus
2444 777 2629 816 curam
2666 762 2879 834 agebat.
2914 760 3090 833 Hujus
3121 765 3451 835 conjectum
3482 766 3621 822 hanc
3648 783 3782 834 cau-

521 865 635 903 sam
676 849 851 904 habeo
883 847 964 904 Cl.
998 848 1323 903 Laurentius
1371 849 1675 903 Alexander
1703 850 2027 921 Zacagnius,
2056 849 2303 920 ejusdem
2348 849 2693 906 bibliotheca:
2735 852 3013 921 quondam
3047 852 3362 923 praefectus.
3391 863 3447 909 et
3478 870 3568 909 an.
3619 857 3779 921 1712,

519 938 590 992 26
621 934 784 991 Febr.
817 952 941 992 cum
974 936 1281 991 litterarum
1309 936 1521 1005 jactura
1549 936 1675 991 fatis
1707 936 1950 1004 functus,
1997 952 2064 993 ex
2099 937 2241 992 libro
2290 953 2307 990 ι
2368 936 2572 1001 Photii,
2606 946 2718 991 tum
2758 953 2868 992 non
2898 938 3066 1005 edito,
3099 939 3259 995 aﬂert
3282 941 3461 996 locum
3493 941 3779 1008 illustrem,

520 1040 631 1095 quo
661 1023 857 1094 praesul
887 1023 1336 1094 diligentissimus
1368 1023 1642 1089 Archelai,
1674 1025 2076 1081 Carcharorum
2115 1024 2379 1097 episcopi,
2421 1023 2753 1080 industriam
2802 1026 2858 1080 in
2896 1028 3311 1098 compescendis
3357 1028 3778 1086 Manichaeorum

520 1122 772 1168 veterum
804 1111 1094 1169 conatibus
1123 1111 1442 1166 collocatam
1489 1111 1691 1167 laudat.
1731 1114 1864 1167 Eum
1896 1112 2036 1167 infra
2063 1112 2118 1167 in
2162 1113 2309 1169 notis
2340 1113 2527 1167 monui
2562 1128 2686 1167 cum
2727 1117 3042 1187 apographo
3074 1116 3430 1172 llolsteniano
3457 1118 3530 1172 ita
3571 1133 3780 1172 conve-

522 1202 665 1267 nire,
689 1210 749 1256 ut
777 1200 926 1255 nulla
957 1215 1183 1271 prorsus
1210 1199 1516 1255 differentia
1560 1200 1665 1257 nisi
1714 1200 1768 1255 in
1801 1202 1968 1255 unius
2008 1201 2202 1256 litterae
2237 1200 2538 1271 scriptione
2577 1202 2915 1258 observetur.
2967 1204 3109 1260 Hinc
3155 1205 3468 1275 conjectura
3515 1205 3648 1261 mihi
3720 1204 3780 1259 iit

522 1290 868 1345 llolstenium
918 1298 1173 1343 nostrum
1217 1289 1437 1353 eodem,
1485 1304 1646 1359 quem
1694 1288 1740 1343 is
1772 1290 1984 1354 habuit,
2028 1288 2218 1343 codice
2257 1304 2417 1344 usum
2459 1289 2650 1346 fuisse.
2696 1290 2912 1358 Quanta
2956 1308 3086 1347 vero
3116 1308 3249 1349 cura
3283 1294 3594 1363 exemplum
3647 1293 3780 1348 illud

520 1376 960 1439 Holstenianum,
993 1390 1060 1431 ex
1087 1376 1363 1446 primitivo
1392 1391 1501 1430 non
1524 1378 1705 1431 minus
1740 1376 2023 1448 castigato,
2060 1375 2393 1448 descriptum
2440 1379 2530 1443 sit,
2571 1380 2655 1434 vel
2686 1395 2751 1434 ex
2781 1396 2847 1435 eo
2876 1389 3026 1451 patet
3084 1381 3231 1451 quod
3277 1381 3411 1436 illud
3438 1396 3605 1436 unum
3629 1396 3776 1435 sem-

519 1483 619 1537 per
646 1466 788 1520 bene
817 1465 1035 1524 habeat.
1078 1463 1168 1518 ubi
1213 1464 1341 1529 duo,
1393 1464 1761 1519 Coislinianus
1799 1473 1854 1519 et
1908 1463 2278 1526 Colbertinus,
2320 1480 2385 1520 ex
2435 1466 2635 1536 quibus
2682 1469 2765 1524 Cl.
2821 1467 3257 1525 Montfauconius
3292 1484 3445 1524 suam
3482 1468 3776 1523 editionem

519 1552 755 1619 curavit,
788 1550 1157 1616 dissentiunt;
1195 1552 1395 1620 passim
1432 1566 1561 1606 vero
1587 1553 1750 1606 etiam
1778 1552 2016 1621 utrique,
2045 1552 2139 1606 ubi
2172 1552 2325 1608 labes
2354 1566 2458 1620 est,
2482 1564 2786 1622 succurrat,
2809 1565 2865 1611 et
2898 1556 2986 1610 vix
3038 1572 3146 1611 una
3174 1555 3412 1611 alterave
3433 1555 3553 1611 vice
3583 1569 3777 1610 neces-

517 1643 733 1698 sitatem
767 1640 903 1695 mihi
940 1640 1279 1708 imposuerit,
1324 1654 1355 1693 a
1384 1639 1617 1694 lectione
1641 1640 1811 1709 ipsius
1838 1639 2150 1695 recedendi.
2178 1640 2439 1711 Exempla
2469 1642 2631 1712 hujus
2665 1644 2981 1699 assertionis
3004 1644 3057 1698 in
3089 1643 3255 1708 notis,
3280 1643 3470 1705 lector,
3503 1641 3776 1707 invenies,

518 1746 640 1801 quae
669 1729 995 1790 effecerunt,
1025 1734 1087 1781 ut
1120 1735 1309 1782 nostro
1339 1727 1679 1797 potissimum
1721 1728 1895 1782 codici
1928 1728 2232 1799 putaverim
2263 1730 2649 1785 insistendum.
2705 1732 2763 1786 ln
2807 1747 2915 1801 quo
2948 1741 3127 1785 tamen
3165 1731 3384 1800 negotio
3408 1730 3480 1785 ita
3530 1740 3777 1784 versatus

519 1834 660 1883 sum,
697 1826 757 1873 ut
786 1832 897 1871 non
927 1814 1257 1887 negligerem
1298 1815 1678 1869 auctoritatem
1704 1815 1938 1870 duorum
1976 1816 2188 1871 illorum
2216 1816 2628 1884 Parisiensium,
2668 1835 2805 1889 quos
2831 1820 2909 1874 (.l.
2943 1817 3381 1873 Montfauconius
3418 1826 3639 1872 secutus
3670 1826 3774 1872 est.

518 1908 643 1963 istis
676 1920 808 1962 vero
836 1903 1061 1974 adjuuxi
1089 1903 1473 1974 compendium
1506 1903 1952 1974 Euthymiauum,
1983 1914 2145 1973 prout
2170 1904 2207 1959 l.
2248 1922 2298 1960 e.
2334 1906 2388 1960 in
2417 1906 2679 1977 Pauoplia
2711 1916 2889 1962 exstat
2931 1906 3245 1978 Tergobysti
3278 1905 3465 1961 Graece
3490 1920 3582 1959 an.
3615 1905 3777 1968 i7l0,

518 1998 616 2053 fol.
649 1998 817 2061 edita,
852 2004 907 2051 et
929 2010 958 2048 a
988 2010 1077 2049 me
1108 1993 1260 2060 olim,
1281 1994 1425 2064 quod
1454 1994 1521 2049 ad
1553 1994 1694 2048 hanc
1723 2004 1931 2064 partem
1961 2002 2191 2065 spectat,
2230 1994 2523 2061 descripta.
2575 1994 2703 2050 Haec
2723 1996 2871 2049 enim
2906 2011 3114 2050 summa
3138 1995 3338 2064 passim
3371 1993 3544 2049 nostri
3574 1993 3777 2048 codicis

518 2087 785 2141 lectiones
830 2084 1064 2138 asseruit
1105 2091 1157 2136 et
1193 2081 1505 2137 vindicavit.
1554 2081 1814 2137 Praesidio
1855 2097 2020 2152 porro
2046 2081 2180 2137 mihi
2218 2080 2321 2136 fuit
2368 2080 2513 2136 Petri
2559 2080 2727 2137 Siculi
2758 2084 2994 2136 Historia
3037 2080 3507 2153 (Manicharorum)
3566 2096 3634 2135 ex
3667 2095 3774 2133 ms.

517 2174 705 2229 codice
734 2172 1079 2227 bibliotheca
1114 2169 1387 2224 Vaticana:
1414 2168 1601 2224 Graece
1631 2185 1756 2225 cum
1784 2169 1975 2224 Latina
2008 2185 2259 2225 versione
2285 2170 2432 2225 edita
2472 2184 2572 2240 per
2600 2170 2913 2225 Matthmum
2948 2170 3242 2232 Raderum,
3274 2168 3585 2241 lugolstadii
3612 2168 3771 2231 460‘,

517 2260 664 2313 iu-t.
698 2257 835 2313 Cum
867 2256 1035 2322 enim,
1066 2255 1210 2326 quod
1242 2255 1473 2310 subinde
1508 2254 1565 2309 in
1592 2256 1739 2311 notis
1770 2256 2009 2320 ostendi,
2042 2257 2272 2329 insignis
2298 2258 2443 2314 inter
2470 2259 2651 2314 Photii
2681 2270 2737 2314 et
2777 2257 2923 2314 Petri
2951 2259 3116 2314 Siculi
3147 2257 3637 2314 commentationes
3662 2256 3775 2311 atii-

518 2348 659 2402 uitas
690 2345 1012 2406 intercedat,
1044 2344 1171 2414 quia
1213 2342 1268 2396 in
1308 2343 1662 2398 recensendis
1705 2352 1952 2399 veterum
1986 2344 2409 2401 Manichaeorum
2438 2346 2603 2401 rebus
2645 2346 2863 2402 eosdem
2893 2356 3165 2414 auctores,
3202 2349 3257 2401 in
3299 2361 3563 2402 novorum
3591 2354 3771 2400 autem

515 2433 765 2487 eamdem
804 2439 1034 2501 uterque
1067 2430 1335 2484 rationem
1368 2430 1541 2485 secuti
1572 2438 1721 2495 sunt,
1775 2431 1891 2486 fieri
1920 2447 2028 2486 non
2078 2435 2273 2504 potuit,
2306 2435 2440 2505 quin
2480 2450 2625 2506 saepe
2657 2435 2704 2489 is
2737 2436 3031 2506 genuinam
3067 2437 3355 2491 lectionem
3397 2435 3769 2498 confirmaret,

514 2528 830 2589 corruptam
874 2526 1056 2572 autem
1091 2514 1405 2587 contigeret.
1460 2514 1930 2581 Quemadmodum
1966 2518 2208 2575 vicissim
2240 2522 2305 2589 is,
2354 2522 2446 2592 qui
2484 2523 2642 2578 istam
2679 2523 2824 2578 Petri
2855 2522 3023 2578 Siculi
3056 2526 3357 2578 Historiam
3396 2523 3770 2593 recognitione

514 2618 569 2662 et
604 2608 855 2661 versione
893 2619 1055 2667 nova,
1092 2617 1253 2673 quam
1298 2602 1523 2657 omnino
1556 2603 1804 2674 requirit,
1846 2604 2054 2677 dignari
2092 2607 2245 2674 velit,
2302 2624 2415 2665 non
2461 2626 2654 2682 parum
2688 2610 2916 2666 subsidii
2947 2627 3012 2667 ex
3045 2609 3312 2666 Photiaua
3340 2610 3441 2665 hac
3474 2609 3770 2680 scriptione

512 2696 616 2753 sibi
643 2712 767 2751 cum
801 2694 1009 2750 ratione
1035 2693 1335 2763 promittet.

583 2822 715 2888 Quae
751 2821 880 2876 dum
910 2834 1174 2883 memoro,
1211 2833 1321 2872 nou
1353 2833 1575 2888 possum
1608 2834 1718 2873 non
1751 2818 2054 2890 significare
2084 2816 2504 2881 dubitationem,
2536 2834 2701 2889 quam
2734 2820 2786 2874 in
2818 2820 2965 2875 notis
2986 2822 3122 2876 meis
3154 2820 3435 2891 professus
3464 2836 3607 2885 sum,
3630 2830 3685 2876 et
3713 2821 3766 2874 in

512 2926 620 2981 qua
656 2925 743 2965 me
772 2909 954 2964 adhuc
982 2908 1190 2962 haerere
1222 2904 1415 2972 fateor,
1445 2915 1567 2960 uter
1598 2906 1810 2961 scilicet
1840 2907 2035 2961 horum
2080 2904 2312 2959 alterum
2348 2903 2403 2958 in
2434 2906 2727 2961 scribendo
2771 2906 3017 2961 imitatus
3057 2908 3325 2962 videatur.
3358 2909 3601 2962 Alterum
3631 2909 3767 2964 alte-

512 3002 629 3053 rius
666 2997 894 3067 vestigia
932 2995 1198 3065 pressisse
1232 3009 1340 3048 non
1385 2993 1678 3058 dubitabit,
1725 2992 1817 3063 qui
1850 3004 2141 3063 utrumque
2186 2994 2448 3064 scriptum
2495 2995 2914 3062 comparaverit,
2960 3006 3015 3050 et
3055 2997 3136 3049 vel
3166 3012 3229 3049 ea
3280 2997 3485 3066 legerit,
3531 3013 3765 3067 quorum

513 3084 777 3141 indicium
819 3084 933 3153 ipse
975 3083 1099 3136 feci.
1137 3081 1415 3137 Proferam
1464 3082 1551 3136 hic
1603 3096 1772 3135 unum
1805 3081 2204 3137 convenientia:
2246 3092 2649 3153 argumentum,
2699 3084 2862 3154 idque
2915 3099 3037 3138 meo
3062 3083 3271 3154 judicio
3302 3083 3664 3148 luculentum,
3697 3100 3765 3139 ex

513 3189 667 3227 ltttm.
704 3170 766 3224 Vl
793 3170 923 3242 (col.
945 3169 1060 3241 9.5).
1098 3169 1176 3224 lbi
1207 3169 1447 3241 potiores
1470 3168 1889 3224 Manichaeorum
1923 3168 2292 3223 recentiorum
2320 3182 2536 3223 errores
2557 3168 2623 3221 ad
2645 3184 2737 3221 sex
2767 3167 2944 3237 capita
2978 3177 3323 3223 revocantur.
3355 3166 3606 3223 Totidem
3633 3186 3767 3224 con—

513 3261 693 3317 stituit
736 3261 929 3315 Petrus
974 3257 1189 3314 Siculus
1222 3276 1275 3329 p.
1330 3259 1396 3314 l7
1437 3274 1548 3328 seq.
1587 3257 1701 3314 lloc
1728 3273 1756 3312 a
1785 3258 2007 3312 nemine
2035 3265 2282 3311 veterum
2318 3255 2436 3310 ﬁeri
2470 3255 2714 3311 memini.
2750 3255 2817 3310 Et
2846 3256 2889 3310 si
2926 3255 3125 3310 factum
3155 3267 3319 3321 esset,
3357 3257 3440 3311 vel
3473 3258 3549 3312 sic
3583 3268 3765 3313 tamen

512 3350 707 3405 rationi
741 3350 866 3403 huic
895 3363 1054 3403 suum
1084 3354 1366 3403 constaret
1412 3347 1649 3418 pondus,
1682 3347 1807 3416 quia
1850 3345 2106 3415 utrinque
2141 3344 2283 3399 idem
2328 3345 2486 3408 ordo,
2530 3355 2585 3399 et
2643 3333 2849 3399 eaedem
2881 3344 3154 3399 interdum
3188 3347 3415 3415 phrases
3464 3346 3763 3401 observan-

514 3452 621 3497 tur.
670 3439 957 3507 Compara,
987 3452 1194 3507 quaeso,
1233 3452 1354 3507 quae
1395 3436 1463 3491 de
1502 3434 1681 3506 primo
1715 3433 2152 3489 Paulicianorum
2190 3446 2376 3487 errore
2411 3432 2555 3501 apud
2592 3441 2841 3486 nostrum
2891 3432 3164 3503 leguntur,
3198 3447 3320 3487 cum
3374 3434 3501 3500 his,-
3526 3450 3649 3505 qua:
3695 3452 3765 3491 ex

514 3525 698 3583 Siculo
726 3525 917 3580 Latine
952 3522 1227 3596 proferant
1263 3541 1276 3577 :
1321 3543 1338 3575 ι
1367 3522 1609 3578 Primum
1632 3522 1849 3577 illorum
1876 3522 2090 3576 axioma
2120 3532 2227 3587 est,
2259 3522 2368 3576 duo
2391 3536 2573 3575 rerum
2607 3535 2729 3575 esse
2749 3520 3042 3592 principia,
3081 3520 3247 3575 Deum
3283 3521 3485 3576 malum
3515 3530 3571 3575 et
3592 3523 3762 3576 Deum

512 3615 715 3669 bonum
748 3632 762 3669 :
808 3614 1083 3684 aliumque
1117 3612 1281 3683 hujus
1310 3612 1498 3669 mundi
1529 3612 1874 3668 conditorem
1908 3627 1970 3666 ac
2005 3610 2331 3682 principem,
2368 3618 2424 3665 et
2456 3610 2622 3665 alium
2669 3609 2835 3665 futuri
2865 3609 2986 3664 aevi.
3022 3637 3093 3647 —
3126 3611 3237 3680 Age
3261 3610 3368 3672 die,
3405 3609 3601 3679 inquit,
3632 3610 3766 3680 quid

513 3720 614 3759 nos
638 3719 668 3759 a
695 3702 960 3759 Romanis
990 3700 1268 3758 secernit?
1296 3701 1508 3771 seipsos
1536 3700 1683 3754 enim
1732 3699 1999 3756 exsecrati
2037 3697 2134 3764 illi,
2165 3707 2223 3753 et
2262 3697 2454 3753 nefarii
2494 3713 2827 3768 prorsusque
2860 3696 3058 3768 ingrati
3100 3706 3157 3751 et
3193 3696 3382 3767 perﬁdi
3417 3697 3765 3754 Christianos

510 3801 855 3863 nuncupant,
892 3807 993 3847 nos
1041 3800 1225 3845 autem
1274 3803 1403 3843 vere
1450 3788 1676 3852 Christi,
1729 3787 1844 3843 veri
1890 3786 1986 3842 Dei
2041 3786 2211 3841 nostri
2234 3785 2612 3856 cognomines,
2652 3783 2950 3848 Romanos,
2983 3784 3205 3838 ethnico
3235 3784 3455 3838 nomine
3480 3787 3761 3855 proprium

510 3888 823 3951 permutare
851 3880 1054 3943 conati,
1083 3878 1378 3949 appellant.
1409 3905 1476 3915 —
1500 3875 1768 3931 Asserunt
1793 3884 1976 3931 autem
2020 3872 2419 3945 sejunctionem
2451 3888 2603 3927 suam
2634 3887 2665 3925 a
2706 3872 2866 3927 nobis
2895 3871 2949 3925 iu
2983 3871 3088 3926 hoc
3122 3870 3443 3937 consistere,
3477 3872 3621 3941 quod
3658 3873 3762 3943 ipsi

509 3970 730 4039 quidem
757 3968 924 4022 alium
957 3968 1109 4021 aiant
1140 3980 1262 4021 esse
1289 3964 1460 4019 Deum
1486 3963 1678 4018 mundi
1707 3963 2067 4027 conditorem,
2090 3971 2154 4046 .et
2183 3961 2371 4026 alium,
2403 3976 2565 4030 quem
2592 3960 2808 4014 Patrem
2840 3960 3118 4015 caelestem
3149 3959 3437 4025 vocabant,
3478 3961 3763 4017 exclusum

507 4074 537 4111 a
580 4056 768 4112 mundi
812 4054 1308 4118 administratione,
1340 4051 1564 4120 solaque
1589 4050 1641 4104 in
1671 4051 1978 4105 aeternitate
2007 4048 2402 4105 dominantem.
2446 4066 2465 4100 ι
2498 4046 2630 4102 Uter
2669 4047 2760 4101 hic
2791 4054 2973 4101 utrum
3009 4046 3247 4110 duxerit,
3296 4056 3392 4101 aut
3419 4056 3641 4103 secutus
3666 4049 3758 4115 sit,

508 4146 741 4201 arduum
769 4144 934 4199 fuerit
962 4141 1212 4198 definire.
1257 4139 1459 4194 Aitatis
1503 4137 1847 4209 investigatio
1890 4138 1979 4192 hic
2012 4152 2127 4191 rem
2158 4152 2270 4190 non
2309 4134 2627 4191 confecerit.
2664 4134 2908 4189 Fuerunt
2936 4134 3081 4189 enim
3118 4134 3373 4203 atquales,
3404 4143 3459 4189 et
3484 4137 3683 4192 saeculo
3707 4153 3761 4193 Ix

507 4231 688 4286 medio
713 4232 1053 4285 claruerunt.
1097 4228 1374 4289 Photium,
1424 4226 1491 4280 A.
1524 4227 1585 4280 C.
1622 4226 1745 4291 858,
1779 4224 2145 4295 patriarcham
2194 4223 2355 4279 CPoli
2399 4224 2756 4279 constitutum
2790 4238 2911 4277 esse
2957 4216 3103 4277 et'A.
3144 4223 3239 4278 891
3281 4222 3487 4277 obiisse
3520 4234 3754 4281 constat.

503 4319 649 4391 Lege
695 4319 838 4373 hanc
885 4318 940 4373 in
988 4331 1102 4389 rem
1155 4314 1456 4369 doctissimi
1508 4312 1933 4381 amicissimique
1974 4312 2136 4367 nobis
2162 4310 2247 4367 «ιο.
2281 4311 2487 4365 Alberti
2530 4309 2764 4364 Fabricii
2797 4309 3173 4363 Bibliothecam
3201 4309 3462 4372 ercam,
3493 4320 3625 4367 tom.
3661 4312 3757 4377 IX,

502 4424 560 4479 p.
587 4407 692 4465 569
726 4418 781 4463 et
821 4407 946 4463 570.
998 4404 1219 4459 Petrum
1251 4402 1496 4457 Siculum
1525 4401 1719 4456 eodem
1767 4410 2013 4471 tempore
2042 4400 2239 4455 vixisse
2272 4414 2337 4453 ex
2374 4398 2523 4453 calce
2564 4397 2813 4451 Ηὶδιονὲω
2848 4396 2967 4465 ejus
3019 4406 3261 4466 apparet.
3296 4398 3549 4452 Referam
3599 4416 3762 4471 argu-

501 4506 747 4551 mentum
782 4494 961 4549 verbis
989 4492 1226 4547 Mattlnci
1257 4489 1479 4555 Radcri,
1512 4488 1739 4544 cditoris
1767 4488 1908 4558 ejus,
1946 4504 2068 4558 qua:
2116 4488 2169 4541 in
2218 4486 2404 4540 limine
2442 4485 2606 4539 libelli
2667 4486 2737 4538 ita
2774 4485 3028 4554 leguntur
3066 4502 3080 4538 :
3131 4503 3149 4534 ι
3193 4485 3335 4539 Vixit
3368 4484 3563 4540 Petrus
3606 4487 3763 4542 Sicu-

503 4585 588 4638 lus
624 4584 689 4636 Α.
719 4582 778 4636 Ρ.
807 4582 868 4638 C.
910 4580 1203 4651 N.gpr:eter
1250 4586 1473 4649 propter
1503 4576 1628 4643 870,
1657 4592 1765 4646 quo
1809 4585 2049 4646 tempore
2088 4591 2157 4631 ex
2190 4574 2421 4645 imperio
2462 4572 2643 4627 Basilii
2691 4581 2747 4627 et
2778 4574 3015 4628 filiorum
3047 4570 3387 4629 Constantini
3432 4585 3486 4630 et
3522 4573 3757 4640 Leonis,

503 4680 892 4749 imperatorum
912 4674 1173 4742 Orientis,
1192 4673 1401 4745 legatus
1422 4670 1718 4735 Tibricam,
1739 4670 2010 4724 Armenia;
2040 4668 2334 4733 civitatem,
2360 4676 2417 4722 ut
2441 4669 2508 4723 de
2530 4665 2867 4736 captivorum
2899 4654 3296 4735 permutatione
3311 4679 3499 4740 ageret
3521 4709 3534 4734 ,
3559 4671 3763 4729 missus

501 4781 604 4835 est,
629 4783 961 4837 causamque
981 4766 1234 4831 feliciter,
1256 4773 1317 4821 ut
1338 4765 1456 4836 ipse
1475 4765 1737 4820 extremis
1756 4772 1945 4819 narrat
1966 4763 2338 4835 paginis,cum
2365 4777 2561 4818 novem
2593 4759 2827 4815 Tibricaa
2857 4775 3076 4816 menses
3105 4770 3351 4818 moratus
3376 4773 3544 4831 esset,
3573 4774 3757 4821 trans-

502 4863 631 4929 egit.
668 4879 685 4910 ι
720 4860 908 4929 itaque
946 4867 1175 4927 uterque
1228 4872 1526 4928 provocare
1556 4857 1735 4927 potuit
1768 4858 1825 4911 in
1853 4857 2060 4927 scripto
2089 4871 2189 4910 suo
2218 4856 2284 4910 ad
2315 4872 2399 4921 ea,
2446 4871 2568 4925 qua:
2592 4869 2622 4908 a
2656 4853 2969 4909 Manichaeis
2996 4869 3094 4908 sua
3117 4863 3275 4909 actate
3301 4866 3449 4927 gesta
3478 4857 3564 4912 vel
3604 4859 3759 4915 vide-

501 4955 591 5015 rit,
638 4950 725 5005 vel
763 4948 1055 5004 audiverit.
1097 4947 1180 5003 Cl.
1221 4947 1657 5012 Moutfauconio,
1710 4965 1767 5019 p.
1810 4948 1914 5003 549
1957 4944 2293 5001 Bibliotheca:
2333 4941 2682 4999 Coislim'anw
2741 4940 3073 4995 narrationis
3118 4941 3264 4998 illius
3297 4942 3582 5000 Photianre
3631 4962 3761 5016 pars

499 5039 737 5095 maxima
773 5046 832 5091 ut
862 5036 1159 5107 plurimum
1188 5036 1476 5105 desumpta
1507 5036 1721 5091 videtur
1762 5052 1830 5091 ex
1866 5036 2094 5090 historia
2136 5035 2205 5087 de
2248 5042 2371 5087 ortu
2412 5047 2703 5104 progressu
2754 5041 2809 5086 et
2836 5046 3035 5086 occasu
3071 5030 3494 5088 Manichaeorum
3526 5050 3557 5089 a
3590 5035 3760 5091 Petro

500 5128 685 5181 Sicqu
727 5125 1024 5194 descripta.
1077 5123 1134 5178 In
1182 5123 1431 5179 eamdem
1476 5124 1807 5179 sententiam
1853 5122 2074 5194 penitus
2101 5121 2497 5188 concederem,
2546 5121 2649 5176 nisi
2708 5121 2990 5183 obstaret,
3025 5121 3172 5190 quod
3213 5121 3445 5177 Photius
3467 5124 3522 5178 in
3564 5123 3760 5180 limine

495 5212 829 5269 narrationis
858 5228 969 5268 sua:
1013 5211 1191 5269 varios
1234 5212 1370 5267 alios
1401 5211 1662 5282 allegans,
1715 5226 1952 5283 quorum
1986 5225 2151 5281 opera
2197 5225 2329 5265 usus
2358 5210 2448 5277 sit,
2489 5209 2734 5266 Siculum
2764 5218 3015 5265 nostrum
3068 5218 3231 5279 tacet,
3271 5212 3339 5267 ad
3369 5227 3532 5283 quem
3572 5222 3757 5270 tamen

495 5319 596 5373 pro
643 5303 903 5365 candore,
954 5300 1048 5372 qui
1095 5300 1334 5371 alioquin
1385 5300 1440 5354 iu
1492 5314 1560 5354 eo
1592 5300 1934 5367 observatur,
1964 5300 2069 5355 hoc
2096 5302 2287 5372 magis,
2320 5301 2590 5372 siquidem
2636 5316 2699 5357 ea
2734 5317 2868 5357 usus
2905 5302 3123 5365 fuisset,
3166 5312 3562 5372 provocaturus
3587 5304 3760 5361 fuisse

493 5390 731 5453 videtur,
780 5389 925 5460 quod
954 5389 1133 5459 ipsum
1181 5388 1343 5442 rebus
1373 5396 1563 5443 contra
1599 5385 1925 5467 Manichaeos
1962 5388 2127 5457 gestis
2159 5388 2474 5444 interfuisse
2514 5403 2580 5443 ex
2615 5389 2736 5459 ipsa
2770 5390 3232 5445 commentatione
3257 5400 3465 5446 nosset.
3501 5391 3755 5448 Vicissim

492 5476 579 5530 vix
608 5478 722 5533 veri
752 5478 970 5533 videtur
998 5476 1197 5542 simile,
1228 5475 1449 5530 Petrmn
1502 5474 1749 5529 Siculum
1788 5474 1967 5529 Photii
2003 5474 2209 5530 forulos
2243 5475 2587 5545 compilasse,
2614 5475 2669 5530 in
2703 5475 2897 5545 primis
2931 5475 2986 5529 in
3019 5476 3103 5542 iis,
3137 5493 3258 5546 qua:
3287 5478 3354 5531 ad
3389 5479 3757 5533 recentiorum

493 5564 944 5627 Manichaeorum,
980 5579 1077 5618 seu
1118 5562 1584 5626 Paulicianorum,
1618 5562 1900 5617 historiam
1946 5572 2216 5632 speetant.
2258 5562 2341 5617 Ad
2386 5577 2507 5617 eam
2540 5562 2689 5617 enim
2720 5562 3071 5617 scribendam
3101 5564 3391 5620 invitatum
3434 5574 3491 5620 et
3534 5579 3759 5635 permo—

494 5661 609 5705 tum
640 5666 701 5706 se
741 5651 819 5707 ait
847 5651 1115 5722 legatione
1151 5650 1317 5719 regia,
1345 5666 1451 5718 qua
1478 5649 1532 5703 in
1560 5649 1694 5714 oris,
1750 5648 1838 5703 his
1875 5649 2191 5705 hominibus
2220 5650 2456 5716 refertis,
2500 5650 2825 5721 perfunctus
2850 5651 2942 5706 sit.
2991 5650 3169 5706 Verba
3199 5653 3273 5707 ita
3308 5654 3510 5708 habent
3540 5650 3757 5710 Latine.

490 5761 546 5815 p.
574 5745 643 5798 ὃς
670 5763 688 5795 ι
718 5744 861 5815 Ergo
886 5758 1014 5798 vero
1048 5742 1304 5797 inductus
1339 5741 1417 5795 rei
1450 5740 1782 5796 necessitate
1808 5739 1913 5795 hoc
1933 5742 2177 5796 muneris
2202 5741 2440 5811 suscepi.
2460 5741 2679 5811 quando
2696 5743 2843 5813 regia
2875 5742 3145 5814 legatione
3176 5742 3569 5813 perfuncturus
3600 5745 3669 5797 ad
3689 5758 3758 5800 ea

478 5838 610 5892 lora
640 5836 869 5897 accessi,
897 5835 1015 5904 ipso
1053 5832 1267 5888 excidio
1291 5832 1505 5902 imperii
1529 5831 1710 5887 Basilii
1738 5832 1916 5903 Magni
1950 5831 2295 5902 imperatoris
2321 5834 2516 5897 nostri,
2542 5848 2574 5887 a
2609 5832 2720 5889 Deo
2757 5819 2981 5899 delecti,
3011 5845 3120 5889 etc.
3154 5833 3325 5889 Porro
3352 5834 3561 5906 legatus
3590 5835 3756 5900 ibam,

476 5938 548 5982 ut
570 5927 638 5983 de
662 5926 1000 5998 captivorum
1032 5925 1433 5996 permutatione
1453 5938 1695 5993 agerem,
1733 5933 1843 5979 etc.
1870 5923 2101 5980 Tibricte
2129 5925 2292 5999 igitur
2315 5925 2599 5997 legationis
2620 5927 2886 5985 obeunda:
2925 5942 3089 5982 causa
3120 5927 3262 5997 apud
3296 5926 3634 5986 Paulicianos
3663 5928 3757 5986 diu
