4110 6416
370 432 436 497 13
1208 430 1290 492 ΙΝ
1336 431 1601 493 ΡΗΟΤΙῘ
1651 430 1925 492 LIBROS
1964 429 2264 492 CONTRA
2303 431 2778 493 MANICH/EOS.
3558 424 3626 493 id

364 552 627 605 moratus,
646 556 792 612 sape
824 540 1152 613 disputando
1182 558 1306 597 cum
1335 542 1442 596 illis
1468 557 1588 597 smn
1608 530 1954 612 congressus,
1973 539 2298 611 illornmque
2339 556 2535 596 arcana
2564 542 2746 596 omnia
2771 555 2867 611 per
2898 540 3211 597 Catholicos
3235 539 3398 597 etiam
3430 539 3501 595 ibi
3527 541 3624 596 de-
3649 573 3658 581 -

363 641 551 703 gentes
571 631 790 684 curiose
814 630 1157 699 investigavi,
1190 648 1211 682 ι
1242 641 1349 685 etc.
1380 628 1478 684 llic
1503 630 1708 684 clarum
1741 638 1843 693 est,
1875 627 2092 683 Petrum
2118 628 2285 693 videri
2312 627 2450 683 velle
2475 645 2662 684 eorum
2686 637 3046 694 narratorem,
3075 644 3197 699 quae
3231 628 3317 683 vel
3338 636 3485 699 gesta
3509 627 3625 697 ipsa

365 718 578 781 viderit,
604 717 689 771 vel
734 732 801 771 ex
831 716 1133 786 mqitalibus
1167 727 1225 773 et
1249 716 1563 773 Manichaais
1582 717 1876 772 audiverit.
1911 715 2163 770 Fortasse
2194 716 2374 785 itaque
2401 717 2481 771 sic
2508 717 2859 771 statuendum
2892 716 3074 782 fuerit,
3105 714 3327 771 Petrum
3374 714 3624 769 Siculum

364 802 544 857 Photii
576 804 1094 858 commentationem
1123 814 1251 861 ante
1274 803 1466 861 oculos
1486 804 1745 861 habuisse
1766 804 1818 859 in
1843 804 2149 859 enarranda
2179 811 2425 857 veterum
2452 802 2874 859 Manichaorum
2907 802 3132 858 historia
3152 811 3208 858 et
3230 802 3500 865 doctrina,
3525 802 3625 856 de-

369 890 516 954 inde,
553 906 682 945 vero
706 891 798 945 ubi
839 891 904 946 ad
935 893 1306 948 recentiorum
1338 908 1428 948 res
1458 892 1607 964 (nam
1629 900 1688 948 et
1701 893 1897 948 horum
1921 891 2198 948 doctrinas
2218 890 2409 945 eodem
2435 893 2616 956 modo,
2652 907 2758 961 quo
2780 890 3030 955 Photius,
3063 890 3333 957 recenset)
3351 903 3624 960 pervene-

368 987 471 1038 rat,
493 978 772 1048 proprium
800 977 1029 1033 fundum
1053 981 1413 1035 consuluisse.
1437 979 1505 1035 Et
1530 995 1661 1035 sane
1690 980 1958 1035 minorem
1985 979 2039 1034 in
2059 988 2300 1033 extrema
2321 978 2633 1034 narratione
2654 980 2798 1035 inter
2818 989 3111 1049 utrumque
3151 978 3472 1048 scriptorem
3492 992 3626 1032 con-

368 1065 699 1120 venientiam
729 1065 1159 1136 deprehendisse
1198 1067 1331 1122 mihi
1366 1069 1575 1130 videor,
1609 1083 1770 1138 quam
1795 1082 1917 1136 quae
1947 1066 2002 1120 in
2036 1064 2226 1119 limine
2253 1072 2311 1120 et
2332 1065 2747 1121 continuatione
2770 1067 2952 1136 operis
2977 1072 3223 1135 apparet.
3243 1062 3371 1119 Veri
3407 1077 3626 1132 quoque

368 1162 452 1205 est
477 1152 727 1215 similius,
759 1152 978 1207 Petrum
1014 1154 1284 1219 Siculum,
1314 1154 1634 1223 scriptorem
1675 1163 1871 1208 caetera
1901 1151 2260 1223 incognitum,
2292 1151 2529 1222 peritum
2559 1153 2776 1217 ducem,
2808 1170 2969 1224 quem
2997 1161 3338 1223 sequeretur,
3369 1151 3622 1222 elegisse,

367 1254 528 1308 quam
560 1239 839 1303 Photium,
877 1241 1153 1296 hominem
1186 1242 1237 1295 in
1270 1241 1561 1297 scribendo
1588 1241 2124 1296 exercitatissimum.
2159 1236 2385 1295 Monere
2421 1239 2661 1310 denique
2702 1250 2759 1295 et
2798 1241 2902 1295 hoc
2942 1240 3124 1305 liceat,
3167 1238 3413 1294 Siculum
3444 1253 3624 1307 teque,

368 1342 432 1379 ae
463 1324 742 1389 Photium,
780 1344 835 1397 ιι.
868 1329 931 1381 l7
978 1339 1034 1384 et
1064 1330 1130 1382 21
1180 1330 1433 1384 Historue
1466 1345 1578 1384 suae
1615 1329 1935 1399 promittere
1964 1328 2393 1385 confutationem
2434 1327 2846 1394 Manichaeismi,
2891 1327 2999 1382 imo
3042 1327 3231 1382 eadem
3276 1326 3624 1396 perfunctum

367 1426 509 1475 esse,
543 1428 628 1477 ea,
662 1429 783 1483 qua:
826 1415 1023 1471 Photio
1059 1432 1119 1471 se
1148 1417 1418 1486 probavit,
1457 1416 1686 1471 ratione.
1728 1416 1974 1471 Raderus

2002 1416 2165 1480 enim,
2196 1415 2223 1487 ᾖ
2253 1417 2285 1471 4
2312 1416 2758 1471 Praemonitionis
2783 1431 2897 1471 sua:
2924 1415 2991 1470 ad
3030 1413 3197 1469 Siculi
3250 1414 3520 1480 libellum,
3557 1430 3625 1470 ex

366 1498 485 1554 Jac.
527 1498 804 1556 Sirmundi
865 1503 970 1556 lide
1026 1503 1209 1567 refert,
1268 1504 1496 1558 duorum
1550 1504 1809 1573 capitum,
1865 1517 1934 1557 ex
1994 1518 2089 1558 sex
2136 1504 2264 1570 illis,
2332 1504 2400 1559 de
2450 1504 2652 1574 quibus
2703 1503 2867 1558 modo
2923 1503 3182 1569 diximus,
3240 1502 3626 1558 refutationem

369 1595 589 1641 exstare
644 1587 699 1640 in
742 1588 1075 1644 bibliotheca
1116 1590 1372 1643 Vaticana
1433 1605 1598 1644 manu
1658 1600 1957 1652 exaratam,
2024 1605 2254 1661 eamque
2319 1606 2384 1646 ex
2458 1591 2624 1646 nudis
2688 1606 2858 1661 prope
2920 1590 3227 1646 divinarum
3294 1589 3625 1646 Litterarum

370 1674 704 1730 testimoniis
724 1686 1058 1731 contextam.
1081 1677 1229 1733 ldem
1262 1678 1366 1732 hoc
1402 1677 1596 1734 Photio
1625 1694 1771 1733 curae
1792 1677 2131 1746 potissimum
2150 1678 2317 1733 fuisse
2344 1692 2451 1733 non
2487 1677 2726 1749 negabit,
2753 1678 2843 1749 qui
2872 1677 3071 1734 librum
3100 1679 3220 1748 ejus
3269 1693 3307 1733 ιι
3343 1679 3428 1733 vel
3449 1679 3629 1734 obiter

371 1761 696 1831 inspexerit.
3162 1812 3170 1820 -

439 1848 713 1920 Quidquid
762 1853 928 1922 hujus
967 1852 1092 1917 erit,
1126 1853 1466 1907 eruditorum
1514 1867 1624 1906 non
1672 1869 1814 1906 unus
1849 1852 2068 1922 dignum
2118 1851 2335 1906 censuit
2391 1852 2497 1905 hoc
2545 1866 2704 1921 opus,
2751 1851 2895 1921 quod
2939 1851 2992 1905 in
3030 1852 3207 1907 lucem
3239 1853 3516 1908 ederetur.
3552 1852 3628 1909 Ita

369 1936 713 1994 Abrahamus
762 1939 1241 2004 Hinckelmannus,
1274 1942 1302 1993 ὁ
1332 1941 1665 2011 μακαρίτης,
1695 1941 2061 2009 praedecessor
2104 1955 2279 1999 meus.
2306 1939 2374 1993 de
2404 1938 2608 1994 Grzecis
2641 1939 2795 1993 libris
2823 1954 2931 1993 non
2968 1940 3150 1995 minus
3180 1942 3436 2011 prteclare
3464 1958 3629 2012 quam

370 2027 440 2081 de
468 2025 860 2092 Orientalibus,
902 2028 1319 2097 promeriturus,
1352 2028 1457 2082 luci
1488 2027 1539 2082 id
1569 2044 1690 2083 cum
1722 2027 1973 2082 versione
1995 2042 2090 2081 sua
2112 2027 2323 2093 Latina,
2355 2027 2513 2096 cujus
2535 2036 2746 2096 partem
2784 2026 3110 2097 perfecerat,
3137 2029 3462 2083 destinabat.
3496 2028 3632 2084 Vide

369 2112 726 2168 Deiectionem
748 2116 1082 2186 fundamenti
1118 2115 1422 2179 Bdhmiani,
1445 2132 1502 2186 p.
1535 2114 1603 2170 5‘2
1633 2125 1687 2169 et
1716 2115 1842 2169 ηδ.
1872 2114 1990 2168 Illiu

2006 2114 2378 2184 ιάπόγραφον
2408 2130 2514 2168 una
2547 2129 2671 2168 cum
2720 2114 3037 2185 Serapionis
3079 2125 3135 2171 et
3171 2116 3629 2175 TitipBostrensis

369 2202 928 2256 commentationibus
955 2217 1121 2271 supra
1152 2203 1487 2266 memoratis,
1516 2203 1739 2257 devenit
1769 2212 1954 2270 postea
1990 2201 2045 2255 in
2068 2218 2262 2256 manus
2281 2201 2495 2257 Sebast.
2530 2201 2785 2257 Gottl‘ridi
2816 2202 3044 2258 Starckii
3064 2243 3079 2261 .
3113 2204 3435 2274 professoris
3455 2221 3632 2275 quon-

368 2288 495 2343 dam
527 2290 836 2360 linguarum
868 2287 1135 2344 Oriental.
1164 2289 1697 2360 Gryphiswaldensis
1744 2304 1809 2344 ac
1849 2289 2049 2344 deinde
2106 2291 2307 2345 scholae
2337 2291 2610 2360 equestris
2664 2291 3209 2363 Brandenburgensis
3244 2294 3627 2358 moderatoris,

369 2377 465 2446 qui
497 2377 660 2431 telam
696 2377 763 2431 ab
792 2375 1225 2432 Hinckehnanno
1267 2387 1499 2448 ereptam
1554 2388 1902 2449 perlexturns
1954 2388 2089 2441 erat,
2124 2379 2167 2432 si
2221 2394 2319 2449 per
2363 2379 2471 2433 fata
2506 2379 2772 2434 licuisset.
2817 2379 2959 2451 Lege
2983 2380 3127 2434 illius
3157 2381 3528 2451 praefationem
3559 2382 3627 2437 ad

372 2467 573 2522 librum
605 2463 785 2519 Kelila
813 2465 1122 2530 Wadimna,
1159 2465 1347 2522 Graece
1381 2467 1450 2522 ab
1481 2466 1601 2537 ipso
1634 2467 1864 2529 editum,
1917 2467 1972 2520 in
2018 2467 2186 2531 calce,
2227 2476 2278 2521 et
2321 2466 2514 2522 confer
2550 2466 2632 2521 Cl.
2674 2466 2891 2522 Martini
2941 2466 3213 2523 Dielerich
3280 2470 3633 2542 Prograuima

370 2555 674 2626 singulare,
704 2553 942 2609 Berolini
982 2570 1073 2608 an.
1107 2554 1237 2608 l7“
1274 2555 1575 2625 vulgatum,
1604 2562 1660 2608 et
1701 2553 1978 2608 memoriae
2015 2551 2114 2606 viri
2146 2553 2336 2622 optimi
2369 2553 2725 2607 destinatum.
2768 2553 2916 2607 ldem
2958 2554 3175 2609 animus
3205 2556 3305 2610 fuit
3339 2556 3635 2613 Laurentio

371 2641 679 2696 Alexandro
704 2642 973 2712 Zacagnio
1002 2656 1167 2711 supra
1200 2641 1441 2706 laudato,
1487 2640 1633 2711 quod
1663 2655 1731 2695 ex
1754 2638 2080 2694 Praafatione
2108 2640 2230 2711 ejus
2258 2641 2327 2696 ad
2365 2648 2575 2695 tomum
2622 2640 2641 2694 Ι
2695 2639 3149 2697 Collectaneorum
3177 2643 3632 2700 Monumentorum

373 2741 607 2786 veterum
637 2728 889 2785 Ecclesia:
931 2729 1152 2795 ercw,
1193 2745 1246 2800 p.
1299 2729 1388 2794 15,
1430 2727 1792 2800 intelligitur:
1843 2746 1861 2778 ι
1898 2725 2005 2781 Sed
2041 2735 2102 2781 ut
2146 2726 2216 2780 ad
2263 2725 2617 2790 Archelaum,
2663 2726 2842 2798 inquit
2881 2727 2947 2794 is,
2990 2729 3228 2797 redeam,
3273 2741 3491 2802 reperto
3531 2734 3637 2790 hoc

375 2817 752 2872 vetustissimo
778 2818 1044 2872 adversus
1065 2816 1393 2873 Manichacus
1415 2816 1612 2886 Opere,
1633 2816 1701 2871 ad
1720 2814 1941 2870 nefariae
1955 2814 2274 2869 earumdem
2292 2815 2565 2870 haereseos
2595 2816 2879 2871 historiam
2902 2818 3356 2874 conscribendam
3388 2820 3633 2874 animum

372 2906 614 2965 admovi,
634 2905 794 2975 eique
824 2921 935 2959 non
964 2906 1124 2960 modo
1153 2905 1418 2976 integram
1444 2904 1697 2959 Archelai
1727 2901 2177 2972 disputationem,
2212 2902 2306 2957 sed
2336 2911 2391 2957 et
2431 2901 2611 2957 Photii
2639 2904 2966 2974 patriarcha:
2994 2904 3101 2961 ΟΡ.
3133 2906 3299 2962 libros
3325 2906 3393 2960 ιν
3436 2909 3638 2963 adver~

374 3009 472 3048 sus
505 2992 836 3048 Manichazos
868 3008 968 3047 suo
1014 3003 1259 3062 tempore
1292 2994 1488 3048 iterum
1523 3001 1762 3057 exortos,
1798 2991 2013 3060 aliaque
2060 2988 2229 3044 multa
2272 2989 2453 3044 adhuc
2496 2989 2702 3045 inedita
2748 2992 3044 3063 magnique
3089 2992 3339 3049 facienda
3388 3004 3636 3050 veterum

376 3090 660 3137 auctorum
689 3081 910 3151 scripta,
958 3081 1279 3151 appendicis
1316 3082 1439 3136 loco
1470 3081 1801 3151 subjungere
1825 3080 2175 3135 decreveram
2211 3096 2226 3131 :
2270 3078 2366 3133 sed
2401 3078 2847 3134 doctissimorum
2890 3080 3132 3135 virorum
3164 3082 3392 3137 consilio
3432 3083 3635 3137 factum

376 3177 483 3234 est,
529 3179 589 3223 ut
618 3168 674 3222 in
702 3176 1049 3222 antecessum
1091 3180 1214 3224 acta
1256 3168 1360 3223 ista
1390 3167 1447 3223 in
1489 3168 1666 3238 primo
1695 3167 2045 3224 Collectionis
2072 3177 2274 3223 nostra:
2317 3178 2465 3224 tomo
2494 3169 2810 3227 ederentur.
2848 3188 2867 3223 ι
2920 3169 3126 3225 Horum
3169 3172 3354 3241 itaque
3386 3172 3637 3242 exemplo

378 3255 648 3310 adductus
687 3255 756 3310 de
788 3255 1126 3325 perficiendo
1164 3256 1270 3310 hoc
1303 3255 1523 3326 negotio
1555 3254 1668 3324 jam
1696 3262 1827 3309 ante
1859 3254 2067 3324 aliquot
2096 3271 2290 3320 annos,
2329 3256 2616 3311 consilium
2646 3257 2789 3327 cepi,
2816 3272 2995 3328 nuper
3040 3273 3173 3313 vero
3200 3259 3345 3313 serio
3377 3261 3634 3330 cogitavi.

378 3352 667 3414 postquam
706 3342 815 3397 vidi
859 3341 1230 3397 Cl.’.lacobum
1263 3344 1516 3414 Basnag.,
1555 3342 1608 3396 in
1640 3340 1952 3411 Specimine
1984 3356 2158 3405 novre,
2189 3357 2351 3412 quam
2379 3343 2641 3414 suscepit,
2678 3343 2935 3399 editionis
2962 3345 3318 3415 Antiquarum
3351 3347 3633 3403 lectionum

379 3420 607 3494 Canisi’i,
636 3429 953 3499 Serapionis
981 3438 1032 3484 et
1062 3428 1168 3484 Titi
1203 3429 1511 3485 Bostrensis
1542 3428 1745 3497 scripta
1790 3437 1979 3483 contra
2020 3429 2349 3484 Maniclimos
2392 3444 2455 3484 ex
2496 3430 2810 3502 apographo
2832 3430 3037 3487 codicis
3075 3431 3437 3497 Holsteniani,
3488 3437 3636 3505 quod

379 3536 410 3575 a
444 3518 505 3574 S.
540 3519 736 3573 Rever.
766 3516 852 3572 Jo.
892 3515 1171 3595 Friderico
1203 3515 1547 3579 Wincklero,
1585 3515 1788 3587 collega
1836 3530 1961 3571 meo
2003 3515 2476 3584 conjunctissimo,
2528 3517 2760 3586 accepit,
2791 3516 2979 3573 Grazce
3006 3519 3267 3586 edidisse,
3312 3536 3437 3576 cum
3469 3532 3631 3580 antea

382 3607 457 3662 ibi
499 3605 695 3661 Latine
726 3614 936 3660 tantum
976 3606 1308 3676 legerentur.
1340 3604 1663 3659 Consultum
1710 3604 1895 3673 itaque
1928 3603 2209 3672 putabam,
2254 3602 2490 3670 edicere,
2523 3612 2585 3659 ut
2632 3603 2902 3660 triumviri
2934 3603 3045 3667 isti,
3083 3621 3223 3677 quos
3249 3607 3442 3662 eodem
3473 3610 3631 3665 volu-

384 3694 528 3748 mine
560 3708 661 3747 ms.
701 3692 922 3761 junctos
966 3691 1237 3756 videbam,
1283 3691 1497 3761 publice
1531 3690 1587 3744 in
1613 3697 1891 3760 posterum
1916 3706 2027 3745 non
2061 3699 2249 3746 essent
2292 3690 2572 3761 disjuncti,
2611 3690 2666 3746 in
2710 3691 2902 3761 primis
2930 3707 3055 3746 cum
3082 3691 3346 3760 viderem,
3377 3696 3632 3752 Photium

384 3780 438 3833 in
467 3777 864 3834 Confutatione
920 3793 1019 3832 sua
1068 3778 1303 3832 duorum
1348 3778 1578 3832 istorum
1620 3776 1862 3833 laborem
1905 3778 2180 3849 supplere.
2237 3777 2314 3833 llli
2355 3777 2525 3841 enim.
2558 3787 2619 3833 ut
2666 3778 2735 3834 de
2781 3777 3009 3833 historia
3052 3779 3325 3836 haereseos
3369 3784 3632 3853 pestilen-

384 3866 605 3921 tissimae
630 3872 833 3929 tacent,
869 3879 1200 3934 erroresque
1230 3864 1380 3935 ipsos
1427 3863 1788 3935 argumentis,
1815 3878 1878 3918 ex
1915 3865 2126 3921 ratione
2153 3873 2209 3920 et
2240 3864 2589 3935 philosophia
2638 3864 2844 3935 petitis,
2881 3876 3234 3939 oppugnant;
3283 3868 3359 3924 ita
3405 3869 3635 3928 Photius

383 3956 696 4011 narratione
738 3954 998 4010 historica
1034 3952 1251 4027 egregie
1299 3951 1666 4024 perfungitur,
1715 3967 1782 4008 ac
1809 3950 2051 4008 furorem
2082 3954 2299 4009 illorum
2328 3952 2615 4008 hominum
2648 3966 2715 4007 ex
2759 3950 3042 4023 Scriptura
3081 3953 3349 4010 diviniore
3406 3971 3635 4029 compe-

384 4042 645 4098 scendum
684 4040 935 4111 sumpsit.

451 4132 532 4186 lta
562 4131 709 4185 enim
753 4130 995 4184 rationes
1030 4143 1156 4183 suas
1203 4127 1260 4184 in
1294 4134 1410 4182 toto
1445 4142 1614 4197 opere
1647 4127 1753 4182 hoc
1771 4126 2019 4182 instituit
2063 4125 2309 4195 Photius,
2354 4136 2415 4183 ut
2452 4127 2548 4183 lib.
2581 4143 2597 4183 ι
2630 4136 2840 4184 tantum
2866 4128 3153 4185 historiam
3181 4130 3377 4196 tradat,
3411 4132 3634 4203 reliquis

383 4233 511 4273 vero
556 4218 802 4288 potiores
849 4231 1039 4272 eorum
1092 4230 1308 4270 errores
1355 4213 1638 4285 profliget;
1688 4223 1851 4283 atque
1894 4214 2052 4278 adeo,
2114 4215 2206 4269 lib.
2249 4231 2322 4280 ιι,
2380 4224 2568 4271 contra
2614 4230 2709 4270 eos
2762 4215 2998 4280 evincat,
3052 4216 3221 4272 Deum
3267 4219 3519 4274 eumdem
3578 4236 3635 4277 et

383 4305 594 4361 animas
631 4314 687 4359 et
715 4318 943 4373 corpora
985 4312 1040 4358 et
1073 4311 1269 4357 caetera
1301 4301 1555 4357 sensibus
1585 4301 1831 4371 subjecta
1867 4302 2211 4367 condidisse;
2255 4300 2351 4356 lib.
2384 4318 2467 4368 ιιι,
2499 4301 2684 4357 Veteri
2727 4302 3078 4359 Testamento
3103 4304 3368 4375 originem
3394 4306 3633 4364 divinam

383 4393 653 4457 vin-licet;
692 4407 765 4456 tv,
801 4390 1039 4459 denique
1081 4388 1230 4443 varia
1274 4396 1504 4458 repetat,
1541 4388 1606 4442 ad
1653 4388 1845 4444 eadem
1878 4397 2198 4460 argumenta
2248 4389 2600 4459 pertinentia,
2637 4398 2694 4447 et
2746 4391 3162 4461 exceptionibus
3206 4391 3633 4449 Manichaaorum

386 4480 662 4534 nonnullis
690 4476 1008 4533 satisfaciat.
1046 4475 1122 4530 De
1166 4476 1348 4539 titulo,
1398 4490 1562 4546 quem
1596 4475 1735 4531 libro
1786 4492 1823 4531 ιι
1856 4478 2136 4547 prmlixum
2170 4476 2400 4541 videbis,
2437 4477 2510 4532 ita
2550 4478 2717 4534 habe.
2753 4478 2805 4533 Is
2830 4495 2939 4534 non
2986 4490 3094 4535 tam
3127 4481 3372 4551 proxime
3394 4488 3448 4536 et
3479 4484 3633 4553 sigil--

382 4567 533 4622 latim
561 4567 629 4621 ad
658 4566 858 4620 librum
892 4565 1044 4619 illum
1079 4578 1241 4633 quam
1278 4563 1345 4617 ad
1398 4562 1636 4632 reliquos
1675 4562 1814 4618 duos
1862 4563 2116 4633 pertinet,
2162 4573 2218 4618 et
2244 4564 2550 4635 generalem
2573 4564 2755 4635 operis
2775 4565 3211 4636 inscriptionem,
3244 4567 3313 4621 ab
3334 4567 3437 4621 alia
3468 4582 3633 4623 manu

382 4654 704 4724 profectam,
757 4652 922 4717 sistit,
953 4652 1220 4720 docetque
1248 4649 1396 4720 quod
1448 4648 1580 4704 illud
1638 4650 1693 4704 in
1725 4650 2108 4721 oppugnandis
2147 4649 2459 4705 Manichazis
2487 4665 2791 4722 eorumque
2836 4653 3248 4723 exceptionibus
3303 4653 3634 4724 repellendis

384 4751 705 4811 occupetur.
754 4740 1031 4796 Promittit
1076 4739 1224 4794 enim
1283 4736 1542 4810 Ἀποριας
1571 4736 1667 4790 καὶ
1702 4737 1886 4801 λύσεις
1915 4737 2007 4791 rei»

2011 4756 2025 4791 ρ
2051 4737 2396 4809 Μανιχαίων;
2436 4738 2542 4793 hoc
2571 4748 2676 4806 est,
2706 4737 2880 4793 Dubia
2924 4739 3329 4796 Manichworum
3351 4756 3634 4813 eorumque

382 4828 685 4883 solutiones.

459 4917 533 4971 De
575 4916 745 4982 notis,
791 4931 927 4985 quas
964 4915 1169 4981 addidi,
1212 4914 1285 4969 ita
1333 4913 1607 4970 existima.
1650 4914 1705 4968 In
1739 4914 1834 4969 lib.
1868 4931 1885 4969 ι
1933 4912 2255 4969 illustrando
2302 4912 2574 4980 diffusior,
2612 4914 2665 4969 in
2714 4914 2886 4971 altero
2928 4915 3143 4986 parcior
3170 4914 3272 4980 fui,
3321 4915 3375 4971 in
3408 4915 3634 4987 reliquis

386 5005 529 5061 idem
557 5005 793 5061 futurus.
818 5004 1089 5059 Historica
1115 5003 1264 5059 enim
1296 5003 1383 5059 illa
1411 5002 1544 5058 hinc
1565 5004 1694 5059 inde
1721 5004 1807 5058 vel
1849 5004 1972 5058 luce
2001 5018 2066 5057 ex
2096 5002 2444 5072 antiquitate,
2473 5003 2559 5058 vel
2588 5002 2788 5059 robore
2812 5020 2876 5059 ex
2904 5004 3376 5061 consentientibus
3402 5004 3633 5061 aliorum

389 5090 717 5149 testimoniis
745 5092 1011 5165 indigere,
1048 5091 1288 5148 vicissim
1316 5105 1448 5146 vero
1471 5091 1773 5162 dogmatica
1811 5105 1909 5146 sua
1939 5089 2154 5145 radiare
2196 5089 2316 5145 luce
2344 5089 2482 5145 mihi
2510 5090 2854 5147 videbantur.
