4088 6432
364 392 431 460 21
1415 396 1714 457 CONTRA
1753 395 2212 456 MANICHxEOS
2259 394 2490 456 LIBER
2531 397 2586 459 l.
3557 400 3631 465 22

429 509 504 559 A'.
527 504 689 560 Μετά
708 502 880 560 δὲ’τδν
902 504 1213 571 Σιλουανὸν,
1236 506 1461 578 Συμεὼν
1492 507 1674 563 αὐτῶν
1695 507 1790 561 τοῦ
1811 507 1942 561 δυσ-

2116 505 2206 561 lV.
2241 504 2371 561 Post
2416 505 2696 561 Silvanum
2732 505 2915 577 impia:
2950 505 3212 564 doctrina:
3252 511 3630 583 magisterium

356 595 553 661 σεδοῦς
571 596 951 650 διδασκαλείου
967 599 1319 669 προΐσταται,
1345 600 1504 677 Tito-xl
1522 601 1616 654 κα)⁸
1637 599 1801 665 αὐτὸς
1828 600 1943 671 (28)

354 688 548 742 ἑαυτὸν
581 686 1121 758 μετοωμασάμενος.
1168 688 1333 759 Ἑξῆς
1355 690 1412 743 δὲ
1447 690 1735 761 Ἀρμένιος
1762 690 1941 759 γένος,

304 808 309 811 ι
352 779 675 848 Γεγναίσιος
721 778 836 849 (9.9)
878 778 1072 850 ὄνομα,
1128 781 1491 851 μετακληθεὶς
1536 784 1619 843 είς
1650 783 1939 852 Τιμόθεον.

353 872 467 926 Καὶ
486 872 755 943 τέταρτος
788 871 988 943 Ἰωσὴφ
1007 873 1037 925 ὁ
1058 874 1140 937 είς
1175 873 1573 946 Ἐπαφρόδιτον
1602 876 1945 947 μεταϐεϐλη-

355 962 522 1033 μένος
571 963 636 1017 τὸ
675 963 889 1036 κύριον.
922 961 1059 1019 Εῐτα
1092 968 1395 1037 Ζαχαρίας,
1442 967 1502 1021 δν
1550 969 1651 1023 οὐκ
1681 968 1940 1043 ἐλαχίστη

356 1056 526 1126 μοῖρα
557 1054 830 1127 αἱρέσεως
870 1056 1143 1128 μισθωτόν
1179 1075 1239 1111 τε
1268 1060 1487 1130 ἡγεῖται
1526 1061 1623 1115 καὶ
1665 1061 1766 1132 τῆς
1794 1061 1943 1115 διδα-

355 1144 631 1213 σκαλικῆς
672 1145 854 1201 αὐτῶν
891 1148 1189 1220 προεδρίας
1234 1149 1477 1215 ἀνάξιον.
1524 1151 1724 1216 Ἕκτος
1757 1153 1945 1217 αὐτοῖς

356 1230 666 1300 ἐπιγίνεται
697 1232 913 1304 Βαάνης
945 1235 974 1288 ὁ
1013 1234 1280 1306 ῥυπαρὸς,
1318 1236 1405 1306 ἐφ’
1443 1230 1524 1301 οἷς
1575 1236 1805 1309 ἕϐδομον
1849 1238 1946 1292 καὶ

356 1321 667 1376 τελευταῖον
699 1323 872 1377 κακὸν
902 1323 1129 1396 Σέργιος
1159 1324 1484 1395 ἀναφύεται,
1514 1327 1595 1391 είς
1624 1328 1860 1399 Τυχικδν
1886 1328 1945 1382 δὲ

356 1414 457 1468 καὶ
505 1415 672 1480 αὐτὸς
718 1416 913 1471 ἑαυτὸν
962 1418 1350 1486 μετεκάλεσεν.
1417 1421 1559 1474 Ἀλλ’
1598 1422 1647 1475 οί
1698 1421 1799 1495 μὲν
1845 1424 1945 1495 τῆς

357 1507 706 1571 ἀποστασίας
748 1508 928 1562 αὐτῶν
967 1510 1303 1578 διδάσκαλοι,
1351 1514 1447 1583 ἀφ’
1488 1505 1551 1566 οὗ
1582 1513 1685 1585 τῆς
1727 1514 1943 1569 Παύλου

362 1601 721 1670 μετωνυμίας
750 1601 943 1673 ἔλαχεν
977 1603 1041 1657 τὸ
1068 1604 1439 1660 ἀποστατικὺν
1471 1606 1629 1661 τοῦτο
1659 1607 1755 1662 καὶ
1783 1608 1941 1679 μισό-

360 1706 582 1760 χριστον
638 1691 949 1763 σύνταγμα,
1003 1695 1166 1766 μέχρι
1214 1694 1311 1749 τοῦ
1342 1696 1463 1750 καθ’
1518 1699 1668 1768 ἡμᾶς
1714 1699 1944 1770 ἥκοντος

2044 599 2256 655 obtinet
2294 598 2541 662 Simeon,
2576 600 2669 668 qui
2702 614 2902 653 nomen
2933 607 2991 653 et
3014 600 3132 669 ipse
3162 616 3322 655 suum
3356 603 3411 657 in
3443 603 3629 661 Titum

2044 692 2401 747 commutavit
2428 709 2441 745 :
2472 690 2671 746 deinde
2717 692 3010 747 Armenius
3044 694 3264 763 quidam
3297 705 3460 767 gente
3484 736 3499 761 ,
3526 714 3630 753 no-

2046 784 2195 838 mine
2227 781 2569 854 Gegnaasius,
2603 784 2695 854 qui
2733 799 2932 838 nomen
2963 800 3123 839 suum
3154 786 3321 841 vertit
3352 787 3409 841 in
3442 785 3631 844 Timoo

2047 875 2254 930 theum.
2286 874 2524 942 Quartus
2550 874 2779 946 Ioseph,
2812 875 3005 930 relicto
3041 878 3266 947 proprio
3296 880 3541 942 nomine,
3572 896 3632 935 se

2044 966 2474 1036 Epaphroditum
2507 968 2689 1022 vocari
2717 966 2867 1021 fecit.
2894 965 3088 1022 Postea
3121 968 3433 1032 Zacharias,
3466 985 3632 1040 quem

2043 1072 2171 1129 pars
2211 1058 2483 1113 hmreseos
2518 1073 2627 1113 non
2669 1059 2894 1113 minima
2927 1060 3329 1115 mercenarium
3358 1068 3549 1130 putat,
3578 1071 3634 1117 et

2044 1150 2310 1205 doctrina:
2340 1150 2655 1220 magisterio
2687 1151 2997 1223 indignum.
3028 1151 3229 1207 Sextus
3254 1152 3388 1223 ipsis
3410 1153 3634 1210 advenit

2044 1240 2289 1304 Baanes,
2336 1241 2587 1311 impurus
2616 1242 2737 1308 ille,
2786 1259 2950 1313 quem
2983 1243 3190 1314 excipit
3235 1245 3529 1315 septimum
3577 1255 3635 1302 et

2042 1342 2382 1403 postremum
2408 1334 2609 1388 malum
2635 1333 2875 1405 Sergius,
2901 1336 2995 1406 qui
3019 1344 3229 1391 mutato
3252 1336 3382 1391 item
3408 1323 3634 1395 nomine

2043 1438 2107 1478 se
2149 1422 2446 1495 Tychicum
2485 1425 2799 1496 appellavit.
2838 1426 2905 1481 lli
2945 1426 3134 1491 fuere,
3180 1443 3245 1483 ex
3275 1445 3384 1499 quo
3414 1431 3634 1487 rebellis

2046 1514 2140 1570 ille
2171 1524 2225 1570 et
2252 1514 2457 1571 Christi
2488 1517 2743 1573 inimicus
2766 1528 2943 1573 coetus
2972 1517 3125 1575 Pauli
3166 1536 3368 1576 nomen
3397 1524 3631 1594 accepit,

2046 1606 2372 1662 defectionis
2402 1608 2666 1680 magistri,
2708 1609 2800 1679 qui
2832 1625 3006 1680 usque
3052 1610 3120 1665 ad
3150 1622 3339 1667 nostra
3387 1620 3632 1686 tempora

2045 1712 2113 1753 eo
2144 1698 2385 1768 provecti
2413 1708 2560 1753 sunt.
2596 1698 2731 1755 Illud
2764 1708 2948 1756 autem
2975 1700 3146 1771 probe
3185 1702 3634 1760 animadverten-

359 1780 556 1851 χρόνου
583 1782 680 1835 ἐπὶ
702 1783 959 1838 τοσοῦτον
986 1784 1365 1857 προήχθησαν.
1407 1787 1615 1842 Ἐκεῖνο
1639 1788 1697 1841 δὲ
1723 1789 1804 1843 δεῖ
1830 1790 1942 1861 (50)

2044 1789 2173 1844 dum
2206 1798 2259 1845 et
2290 1790 2570 1845 sciendum
2605 1800 2687 1845 est
2710 1832 2725 1854 ,
2758 1790 3055 1847 hodiernos
3089 1792 3299 1848 scilicet
3335 1793 3500 1863 hujus
3534 1794 3631 1850 de-

360 1872 542 1935 καλῶς
564 1874 863 1945 ἐπιστῆσαι
891 1877 983 1930 καὶ
1012 1854 1236 1943 ειδέναι,
1266 1877 1341 1942 ὡς
1373 1880 1422 1933 οί
1454 1879 1549 1934 νῦν
1575 1880 1674 1950 τῆς
1704 1854 1943 1935 ἀποστάζ

2047 1880 2299 1937 fectionis
2334 1881 2490 1947 ﬁlios,
2524 1898 2649 1938 cum
2685 1884 2957 1955 quispiam
3003 1885 3072 1941 ab
3116 1885 3224 1942 illis
3259 1854 3522 1958 exegerit,
3571 1897 3633 1943 ut

358 1979 496 2026 σεως
513 1963 726 2033 ταύτης
743 1966 954 2033 παῖδες,
979 1968 1203 2022 ἐπειδὰν
1222 1968 1419 2034 αὐτούς
1445 1987 1529 2035 τις
1548 1972 1806 2043 ἀπαιτοίη
1830 1972 1943 2043 (51)

354 2057 480 2119 τοὺς
502 2055 772 2127 ἐξάρχους
786 2059 886 2127 τῆς
900 2059 1159 2131 τοιαύτης
1180 2061 1611 2132 ἀποπέμπεσθαι
1636 2064 1943 2137 βδελυρίας,

355 2148 614 2204 Μάνεντα
646 2150 746 2220 μὲν
771 2154 865 2206 καὶ
896 2153 1112 2209 Παῦλον
1134 2156 1231 2209 καὶ
1264 2156 1547 2228 Ἰωάννην,
1572 2160 1668 2212 καὶ
1696 2161 1822 2224 τοὺς
1848 2161 1946 2217 ἀλα

355 2240 481 2305 λους
510 2241 814 2313 προθύμως
851 2244 1379 2316 ἀναθεματίξουσινο
1410 2252 1827 2309 Κωνσταντῖνον
1860 2256 1941 2324 δὲ,

354 2332 416 2387 ὃν
456 2334 746 2389 Σιλουανὺν
775 2338 1025 2403 καλοῦσι,
1066 2341 1155 2393 καὶ
1190 2342 1454 2413 Συμεῶνα
1481 2345 1574 2398 τὸν
1607 2347 1800 2415 Τίτον,
1847 2350 1944 2404 καὶ

356 2422 679 2491 Γεγναίσιον
743 2424 857 2495 (32)
904 2426 998 2480 τὸν
1058 2429 1362 2500 Τιμόθεον.
1419 2433 1516 2487 καὶ
1578 2434 1670 2487 τὸν
1741 2437 1943 2508 Ἰωσὴφ

368 2517 785 2590 Ἐπαφρόδιτον,
816 2519 1027 2574 καὶτὸν
1054 2523 1299 2597 ῥυπαρὸν
1322 2525 1560 2597 Βαάνην,
1591 2508 1943 2601 καὶηΣέργιον

353 2607 453 2661 τὸν
482 2609 739 2679 Τυχικὺν,
785 2612 1041 2683 οὐδαμῶς
1077 2614 1480 2686 ἀναθεματίσαι
1512 2620 1905 2693 καταδέχονται
1926 2639 1941 2654 ·

355 2701 478 2755 ἀλλ’
504 2698 593 2755 οἷα
620 2703 683 2774 δὴ
726 2704 966 2775 Χριστοῦ
995 2707 1333 2773 ἀποστόλους
1374 2711 1466 2764 καὶ
1528 2711 1630 2782 τῆς
1658 2713 1944 2774 εύσεὸείας

354 2792 715 2859 διδασκάλους
751 2796 1220 2867 περιπτύσσονταί
1239 2818 1298 2854 τε
1333 2803 1427 2855 καὶ
1454 2804 1855 2876 ἀποδέχονται,
1879 2806 1941 2861 ού

355 2884 564 2949 πάντες
589 2886 669 2952 δὲ,
701 2887 825 2941 οὐδὲ
858 2890 984 2953 τοὺς
1008 2890 1339 2961 εἰρημένους
1367 2893 1580 2957 πάντας
1606 2896 1809 2966 ὁμοίως
1841 2914 1940 2951 πε-

357 2978 666 3049 ριέπουσιν,
696 2980 836 3035 ἀλλά
856 2982 984 3046 τοὺς
1011 2984 1111 3053 μὲν
1135 2985 1297 3056 μέχρι
1323 2984 1568 3052 Βαάνους
1593 2990 1689 3043 καὶ
1709 2990 1941 3061 Σεργίου

354 3071 774 3142 καταγομένους
803 3074 982 3139 tam»
1014 3074 1345 3141 Θειάζυυσιν·
1376 3078 1590 3134 ἐκεῖθεν
1604 3080 1660 3134 δὲ
1680 3082 1944 3153 ῥαγέντες

354 3164 441 3267 είς
462 3163 793 3264 ἀντιπάλους
822 3166 915 3219 δύο
950 3168 1198 3238 μερίδας,
1230 3170 1279 3222 οί
1308 3170 1407 3241 μὲν
1436 3170 1529 3225 τὸν
1553 3172 1769 3243 Βαάνην
1806 3176 1855 3228 οἱ
1883 3174 1941 3229 δὲ
1968 3207 2012 3267 c

354 3253 667 3309 θεοποιοῦσι
694 3256 789 3309 τὸν
818 3257 1065 3327 Σέργιον,
1088 3257 1185 3312 ἐπὶ
1212 3258 1469 3314 τοσοῦτον
1500 3260 1601 3333 τὴν
1630 3263 1753 3317 κατ’
1780 3262 1946 3335 ἀλλή-

354 3345 467 3400 λων
488 3344 605 3417 εριν
631 3348 728 3401 καὶ
760 3348 949 3403 στάσιν
977 3350 1362 3420 κρατύνοντες,
1390 3352 1467 3417 ὡς
1493 3353 1589 3408 καὶ
1618 3354 1781 3426 μέχρι
1807 3371 1945 3425 σφα·

353 3437 464 3507 γῆς
482 3439 670 3504 αὐτοῖς
692 3442 1006 3512 προχωρεῖν
1029 3441 1092 3495 τὸ
1117 3442 1447 3513 φιλόνεικον.

423 3530 505 3587 Ε’.
538 3534 639 3600 Ἐξ
672 3534 731 3587 δὲ
761 3534 942 3589 αὐτῶν
982 3535 1408 3607 ἀνομολογοῦσιν
1451 3537 1779 3610 Ἐκκλησίας
1806 3540 1943 3613 (55),

352 3619 432 3681 ὧν
460 3626 561 3697 τὴν
602 3626 702 3697 μὲν
748 3625 1095 3681 Μακεδονίαν
1144 3628 1425 3683 καλοῦσιν·
1493 3630 1718 3700 ’Δχαῖαν
1748 3630 1809 3685 δὲ
1845 3633 1945 3705 τὴν

351 3718 639 3789 δευτέραν,
686 3719 781 3770 καὶ
808 3718 1000 3789 τρίτην
1030 3719 1141 3773 τῶν
1174 3720 1579 3791 Φιλιππησίων,
1614 3723 1702 3792 ἐφ’
1728 3720 1811 3788 οἷς
1843 3726 1944 3795 τὴν

353 3811 688 3876 Λαοδικέων,
721 3811 817 3864 καὶ
856 3812 1115 3882 πέμπτην
1152 3811 1262 3866 τῶν
1308 3813 1593 3883 Ἐφεσίων,
1627 3814 1944 3871 τελευταίαν

350 3904 410 3956 δὲ
436 3903 536 3976 τὴν
561 3902 672 3957 τῶν
701 3903 1080 3958 Κολοσσαέων.
1128 3904 1288 3958 Ἀλλά
1318 3906 1388 3959 τά
1422 3906 1524 3976 μὲν
1554 3906 1800 3978 ὀνόματά
1826 3910 1945 3963 ἑστι

352 3996 589 4062 πόλεων,
624 3988 702 4049 ὧν
730 3997 827 4051 καὶ
862 3998 897 4067 ἡ
933 3996 1137 4051 παλαιά
1158 3996 1257 4069 τὴν
1278 3997 1482 4067 γνῶσιν
1511 3993 1658 4069 εἶχεν
1691 4002 1904 4071 ίστορία
1925 4042 1941 4068 ,

352 4088 451 4144 καὶ
476 4088 505 4142 ὁ
526 4089 668 4153 Θεῖος
689 4088 1070 4161 ἐμνημόνευσε
1094 4090 1328 4153 Παῦλος.
1356 4092 1419 4145 Oi
1444 4091 1503 4144 δὲ
1532 4092 1703 4163 μηδὲν
1730 4094 1941 4163 ἀδολον,

354 4180 481 4251 μηδ’
516 4182 904 4253 ἀκαπήλευτον
954 4181 1387 4252 φιλονεικοῦντες
1423 4184 1768 4252 καταλιπεῖν,
1816 4187 1943 4259 μηδ’

351 4274 459 4328 ὅσα
501 4274 625 4346 Wet
665 4275 1040 4347 διελέγχεται,
1095 4276 1232 4347 μηδὶ
1278 4276 1453 4331 ταῦτα
1494 4277 1940 4350 δυσωπούμενοι,

353 4366 701 4421 Μακεδονίαν
728 4368 827 4439 μὲν
859 4366 1187 4438 ὀνομάζουσι
1218 4369 1494 4439 πολίχνιόν
1530 4387 1583 4423 τι
1616 4371 1944 4436 Κωλωνείας

353 4457 690 4530 καλούμενον
744 4461 1031 4515 Κίσωσσα
1053 4459 1190 4529 (54),
1224 4461 1283 4512 ἐν
1316 4454 1350 4535 ᾖ
1392 4462 1798 4526 Κωνσταντῖνος
1828 4462 1941 4535 (55)

2043 1974 2378 2030 detestanda;
2425 1976 2740 2046 hujusmodi
2786 1986 2951 2033 secta:
2999 1978 3277 2049 principes
3309 1979 3629 2051 repudient,

2043 2063 2255 2119 Manem
2286 2065 2506 2135 quidem
2528 2105 2543 2133 ,
2574 2065 2801 2121 Paulum
2848 2076 2903 2122 et
2944 2067 3251 2135 Joannem,
3281 2079 3337 2125 et
3363 2071 3631 2141 quosdam

2042 2156 2179 2211 alios
2212 2156 2447 2212 libenter
2488 2158 2839 2213 anathemate
2868 2159 3127 2215 damnare
3148 2202 3163 2226 ,
3203 2160 3631 2217 Constantinum

2043 2263 2194 2315 vero,
2221 2263 2382 2318 quem
2410 2249 2693 2306 Silvanum
2718 2260 2936 2311 vocant.
2968 2250 3315 2323 Symeonem,
3342 2268 3505 2324 quem
3540 2254 3634 2309 Ti-

2042 2347 2181 2404 tum,
2208 2340 2571 2413 Gegnaasium,
2605 2358 2767 2413 quem
2799 2343 3170 2407 Timotheum,
3204 2352 3261 2400 et
3288 2345 3590 2418 Josephum
3614 2389 3630 2413 ,

2041 2444 2203 2498 quem
2250 2428 2677 2501 Epaphroditum
2709 2432 3016 2503 appellant,
3048 2449 3151 2489 nec
3194 2450 3304 2489 non
3352 2436 3630 2506 impurum

2044 2520 2280 2577 Baanem
2321 2534 2377 2578 et
2416 2522 2666 2595 Sergium
2716 2540 2814 2579 seu
2860 2524 3155 2591 Tychicum
3192 2528 3345 2582 nullo
3398 2529 3632 2584 anathe-

2042 2623 2189 2669 mate
2220 2614 2415 2679 ferire;
2442 2616 2537 2669 sed
2571 2615 2725 2685 quasi
2759 2615 2962 2671 Christi
2986 2618 3263 2686 apostolos
3302 2628 3358 2675 et
3395 2621 3500 2691 pia;
3530 2636 3632 2675 re-

2041 2704 2257 2777 ligionis
2328 2707 2615 2778 magistros
2660 2707 2916 2777 amplecti
2978 2717 3032 2763 et
3090 2710 3393 2780 suscipere.
3446 2711 3632 2783 Neque

2042 2806 2223 2852 tamen
2253 2812 2480 2863 omnes,
2531 2814 2707 2869 neque
2756 2798 3002 2871 singulos
3057 2816 3225 2872 supra
3276 2813 3631 2868 memoratos,

2043 2890 2295 2946 similiter
2356 2900 2599 2946 tuentur.
2644 2892 2753 2947 Sed
2789 2908 2919 2959 eos,
2959 2894 3055 2965 qui
3100 2896 3167 2950 ad
3215 2895 3451 2950 Baanem
3507 2896 3633 2965 qui-

2043 2983 2170 3038 dem
2220 2992 2277 3038 et
2326 2982 2576 3057 Sergium
2617 2999 2789 3057 usque
2837 2986 3186 3044 successione
3252 2987 3632 3052 devenerunt.

2042 3073 2258 3129 divinos
2304 3075 2452 3131 viros
2498 3076 2700 3146 pariter
2751 3077 3065 3134 admittunt.
3102 3078 3312 3136 Exinde
3356 3088 3541 3135 autem
3577 3080 3635 3135 in

2044 3167 2348 3223 contrarias
2371 3176 2553 3238 partes
2582 3168 2719 3225 duas
2751 3168 2937 3237 divisi,
2965 3169 3056 3224 alii
3088 3168 3347 3238 Baanem,
3379 3170 3471 3226 alii
3503 3169 3636 3227 Ser-

2045 3259 2193 3331 gium
2218 3259 2329 3315 Deo
2359 3271 2650 3331 exzequant
2682 3279 2694 3316 :
2723 3261 2854 3317 hinc
2880 3261 2935 3316 in
2958 3271 3165 3317 tantam
3196 3273 3390 3320 mutuo
3410 3273 3635 3320 conten.

2045 3352 2253 3407 tionem
2285 3362 2341 3407 et
2370 3352 2697 3409 seditionem
2724 3354 3053 3422 excitantur,
3083 3364 3145 3410 ut
3167 3371 3340 3427 usque
3364 3356 3431 3412 ad
3459 3355 3637 3412 caedes

2043 3444 2221 3516 iurgia
2255 3443 2498 3500 foveant.

2118 3534 2184 3590 V.
2220 3535 2324 3590 Sex
2341 3543 2523 3590 autem
2552 3534 2825 3592 Ecclesias
2849 3535 2953 3592 sibi
2983 3551 3105 3593 esse
3130 3535 3457 3607 proﬁtentur
3483 3555 3495 3589 :
3529 3534 3637 3605 pri-

2045 3644 2213 3695 mam,
2233 3627 2599 3683 Macedoniam
2622 3630 2855 3696 vocant;
2876 3629 3194 3693 secundam,
3208 3628 3467 3685 Achaiam
3489 3646 3503 3693 ;
3524 3637 3635 3682 ter-

2047 3723 2202 3788 tiam,
2221 3720 2684 3792 Philippensium;
2706 3731 2979 3793 quartam,
2999 3721 3427 3777 Laodicenorum
3443 3737 3459 3786 ;
3477 3721 3639 3789 quin-

2046 3824 2178 3881 tam,
2212 3814 2612 3885 Ephesiorum;
2649 3824 3005 3886 postremam,
3047 3813 3474 3887 Colossensium.
3528 3812 3637 3867 Sed

2045 3910 2165 3967 haec
2200 3910 2421 3981 quidem
2452 3911 2676 3967 nomina
2712 3922 2841 3968 sunt
2870 3912 3087 3968 urbium
3109 3952 3123 3977 ,
3156 3926 3291 3982 quas
3331 3920 3490 3965 vetus
3549 3909 3637 3964 hi-

2045 4001 2213 4057 storia
2242 4000 2482 4071 praefert,
2507 4012 2564 4058 et
2591 4003 2811 4058 divinus
2836 4002 3037 4057 Paulus
3066 4011 3352 4057 memorat.
3375 4001 3453 4057 Illi
3484 4016 3634 4065 vero,

2044 4095 2139 4167 qui
2160 4095 2302 4150 nihil
2333 4110 2446 4150 non
2468 4095 2741 4159 dolosum.
2773 4096 2913 4151 nihil
2934 4111 3045 4151 non
3071 4095 3435 4151 adulteratum
3468 4094 3637 4148 relin-

2044 4202 2213 4259 quere
2244 4187 2301 4243 in
2329 4188 2513 4244 animo
2532 4188 2757 4251 habent,
2777 4204 2842 4243 ac
2862 4202 2967 4243 nec
2988 4202 3053 4242 ex
3082 4186 3247 4241 rebus
3267 4185 3485 4255 quidem
3518 4184 3636 4253 ipso

2044 4280 2165 4337 visu
2197 4280 2494 4351 exploratis
2524 4288 2579 4336 et
2607 4280 2728 4335 falsi
2753 4278 2956 4335 notatis
2976 4278 3188 4349 pudore
3219 4276 3634 4341 sullunduntur,

2045 4370 2427 4425 Macedoniam
2476 4370 2697 4441 quidem
2752 4379 2952 4425 vocant
2996 4368 3316 4442 Oppidulum
3366 4367 3636 4438 quoddam

2046 4460 2287 4517 Colonia:
2309 4462 2453 4532 quod
2483 4462 2787 4533 appellatur
2810 4460 3061 4525 Cibossa;
3098 4460 3189 4515 ubi
3218 4459 3631 4520 Constantinus,

349 4553 380 4605 6
411 4552 703 4617 Σιλουανδς
744 4554 843 4623 τὴν
875 4551 1223 4607 ἀποστασίαν
1261 4551 1491 4619 ἐδίδαξε.
1526 4553 1709 4624 Κώμη
1739 4552 1798 4607 δὲ
1829 4553 1937 4607 Σα-

2044 4554 2297 4611 Silvanus
2331 4556 2545 4620 dictus,
2596 4554 2919 4611 defectionis
2980 4555 3240 4625 magister
3288 4553 3410 4609 fuit.
3468 4550 3635 4607 Vicus

1486 4697 1739 4801 vitam
1778 4745 2163 4805 LECTIONES
2206 4745 2294 4802 ET
2335 4743 2572 4803 none.

428 4926 540 4998 (28)
568 4929 786 4995 Αὐτός.
818 4926 891 5003 l_ta
928 4936 1119 5003 noster
1157 4942 1280 4985 cum
1310 4928 1618 5003 Euthymio.
1650 4929 1943 4985 Coislinia-

351 4995 461 5055 nus
491 5014 600 5053 non
628 5014 786 5068 aeque
824 4998 966 5055 bene
994 4995 1171 5061 οὗτος.

430 5068 539 5139 (29)
607 5068 906 5138 Ἀρμένιος
946 5071 1120 5139 γένος
1171 5071 1552 5139 Γετναίσιος.
1603 5071 1681 5125 lta
1733 5078 1941 5134 noster,

352 5153 482 5196 cum
520 5155 630 5209 quo
658 5155 889 5209 prorsus
926 5142 1206 5209 conspirat
1245 5140 1618 5197 Colbertinus.
1645 5141 1717 5195 At
1744 5140 1943 5195 Coisli-

351 5210 553 5283 nianus
586 5225 777 5283 vocem
817 5210 976 5277 γένος
1007 5210 1245 5283 omittit,
1277 5228 1439 5283 quam
1480 5228 1584 5266 nec
1612 5211 1789 5283 habet
1831 5210 1940 5283 Eu-

352 5280 616 5350 thymius,
644 5282 736 5349 qui
758 5287 1021 5349 praeterea
1047 5280 1367 5348 Γεγναισίου
1386 5297 1585 5335 nomen
1609 5281 1665 5335 in
1686 5281 1936 5335 Γενεσίου

354 5350 637 5405 transfert.
684 5350 866 5405 Videri
912 5351 1098 5420 itaque
1141 5361 1355 5421 poterat
1392 5367 1495 5406 vox
1543 5353 1700 5419 γένος
1734 5367 1800 5405 ex
1837 5367 1937 5405 no-

354 5422 505 5474 mine
524 5420 777 5473 Γενεσίου
807 5421 1112 5490 irrepsisse.
1144 5420 1222 5475 De
1246 5422 1417 5491 priori
1440 5434 1617 5476 utram
1645 5422 1937 5477 lectionem

352 5491 634 5555 admittas,
666 5492 731 5545 ad
754 5506 976 5547 sensum
1003 5507 1191 5561 parum
1214 5492 1401 5546 refert.

430 5561 541 5641 (50)
597 5560 714 5615 Δεῖ.
769 5562 849 5616 Ita
900 5572 1087 5617 noster
1140 5572 1197 5618 et
1243 5561 1567 5634 Euthymius
1621 5578 1723 5634 pro
1768 5562 1939 5617 δεῖται

354 5630 715 5687 Cmsliniano.

402 5646 715 5685 msuntano.

428 5701 541 5771 (3|)
595 5700 876 5755 Ἐπειδὰν
904 5702 1125 5769 αὐτούς
1155 5719 1245 5769 τις
1275 5702 1577 5771 ἁπαιτοίη.
1608 5702 1684 5759 Ita
1715 5703 1938 5761 Colber-

357 5773 528 5845 tinus,
559 5780 615 5826 et
630 5781 855 5845 noster,
888 5781 955 5845 et
988 5773 1315 5845 Euthymius
1337 5812 1352 5835 .
1374 5788 1489 5845 pro
1515 5788 1625 5845 quo
1652 5774 1942 5833 Coislinia-

360 5859 463 5898 nus
499 5841 723 5900 ἐπειδὰν
751 5842 936 5908 αὐτοῖς
971 5860 1055 5908 τις
1081 5841 1286 5917 ἀπαιτῇ
1314 5841 1496 5900 minus
1529 5841 1694 5901 recte.

2122 4928 2253 5001 (39.)_
2290 4929 2677 5001 Γεγναίσιον.
2740 4929 3066 5001 Euthymius
3122 4928 3317 5001 iterum
3371 4926 3622 5001 Γενέσιον

2043 4997 2208 5071 quam
2242 4997 2533 5071 lectionem
2562 5016 2780 5071 quoque
2807 5018 2873 5057 ex
2891 4997 3009 5053 'suo
3039 4998 3227 5053 codice
3257 4998 3515 5068 exprimit
3547 4997 3636 5053 in-

2045 5070 2516 5149 terptesijatinus
2542 5070 2738 5149 Eranc.
2758 5073 2954 5149 _Zinus.
3086 5136 3099 5149 .

2117 5137 2230 5210 (35)
2269 5141 2653 5207 Ἐκκλησίας.
2690 5144 2843 5197 Adeo
2872 5142 2927 5195 in
2952 5137 3207 5192 omnibus
3226 5139 3509 5210 apostolici
3534 5142 3635 5194 aevi

2043 5209 2285 5283 speciem
2330 5210 2694 5283 aﬂectarunt,
2736 5222 2837 5283 ut,
2880 5209 3341 5283 quemadmodum
3392 5210 3632 5283 virorum

2042 5280 2466 5352 apostolicorum
2486 5322 2499 5343 ,
2532 5281 2604 5335 ita
2642 5290 2699 5337 et
2734 5281 3094 5352 Ecclesiarum
3126 5281 3327 5352 veteris
3357 5280 3637 5352 memoriae

2046 5348 2267 5407 nomina
2310 5352 2665 5420 adoptarent,
2696 5353 2763 5407 ad
2800 5351 3111 5421 exemplum
3150 5348 3405 5404 factionis
3443 5351 3588 5404 illius
3615 5388 3631 5410 .

2045 5439 2166 5493 qua:
2184 5422 2604 5491 Apostolicorum
2626 5422 2849 5477 nomine
2865 5423 3007 5492 apud
3036 5430 3248 5493 veteres
3275 5429 3628 5474 memoratur.

2118 5494 2231 5562 (54)
2272 5494 2575 5547 Κίϐωσσα.
2610 5491 2931 5562 Euthymius
2960 5492 3087 5562 legit
3108 5491 3343 5562 _Ké60cxa.°
3398 5506 3498 5560 pro
3522 5507 3636 5562 quo

2047 5560 2274 5618 Latinus
2312 5565 2582 5632 interpres
2634 5563 2689 5616 in
2732 5560 3051 5618 Bibliother
3101 5560 3326 5614 Patrum
3376 5560 3637 5615 mendose

2047 5633 2308 5688 Cimossa.
2426 5638 2429 5641 ’

2122 5705 2236 5776 (55)
2300 5704 2399 5776 Ἐν
2534 5703 2994 5776 ιςωνσταντῖγος
3049 5704 3082 5757 ό
3135 5698 3469 5776 Σιλουᾳνὸς
3522 5708 3637 5765 τὴν

2046 5771 2865 5852 ἁπέοοςὶασίανὲὃίδαξε.ῃ11ῳο
2885 5774 3086 5830 frustra
3109 5771 3383 5852 qu.c_r:is_i_n
3407 5778 3596 5852 nostro
3619 5788 3645 5827 :-

2055 5846 2293 5917 genuina
2325 5862 2455 5903 vero
2493 5860 2615 5903 esse
2644 5841 2852 5904 evincit
2885 5841 3189 5903 consensus
3229 5841 3526 5915 Euthymii.
