4088 6424
248 410 324 475 33
1307 409 1606 469 CONTRA
1645 409 2107 473 MANICH/EOS
2144 413 2376 474 LIBER
2411 415 2453 475 Ι.
3452 426 3521 487 34

250 520 423 586 πίων(
433 517 524 588 76)
539 519 569 571 ὀ
588 516 689 587 τῆς
703 515 981 588 Θμούεως,
996 517 1024 569 ὅ
1047 533 1107 569 τε
1120 519 1217 587 τῆς
1233 516 1443 581 πόλεως
1458 518 1653 583 Atime
1667 516 1815 583 Ἀλέξ

1917 573 1918 577 η
1949 520 2037 590 qui
2069 521 2946 596 Cyropoleosarchiepiscopatum
2976 530 3170 585 tenuit.
3192 528 3397 586 Praeter
3422 534 3522 590 hos

246 610 444 680 ανδρος
501 610 619 678 (77)
673 608 803 672 τοὺς
870 609 1297 679 ἀρχιερατικοὺς
1358 610 1815 682 ἐγκεχειρισμένος

1942 622 2124 667 autem
2162 615 2227 679 is,
2260 615 2351 684 qui
2382 618 2446 668 de
2478 615 2541 669 iis
2584 617 2844 673 omnibus
2878 617 3093 674 fortiter
3130 623 3514 693 triumphavit,

247 702 471 771 νόμους.
506 702 635 755 Ἐπὶ
672 701 731 754 δὲ
759 703 870 764 τοῖς
914 702 1229 772 εἰρημένοις
1257 702 1352 755 καὶ
1391 704 1420 755 ὁ
1461 702 1667 756 τούτων
1701 703 1815 756 πάν

1941 712 1995 758 et
2040 704 2200 771 hanc,
2242 707 2310 761 de
2366 722 2472 775 qua
2526 708 2724 777 agitur,
2783 708 3121 780 impietatem
3179 714 3517 781 confutavit;

246 811 360 847 των
406 795 554 848 κατὰ
586 795 791 868 κράτος
825 793 1061 864 μάλιστα
1114 793 1488 865 θριαμϐεύσας
1519 812 1580 848 τε
1630 794 1725 849 καὶ
1754 794 1815 847 δι-

1942 794 2326 864 lleraclianus,
2376 798 2737 855 Chalcedonis
2785 802 3114 872 episcopus,
3178 805 3270 875 qui
3326 807 3516 876 viginti

246 885 477 953 ελέγξας
495 885 597 955 τὴν
620 887 989 957 προκειμένην
1015 885 1276 939 ἀσέϐειαν
1302 885 1694 957 Ἠρακλειανὸς
1723 886 1814 957 (78

1940 888 2093 942 libris
2122 890 2419 944 certamina
2448 899 2639 946 contra
2668 907 2859 948 eorum
2897 896 3228 965 apostasiam
3259 897 3512 954 instituit.

245 978 277 1029 ὁ
328 976 681 1047 Καλχηδόνος
722 978 1046 1041 ἐπίσκοπος,
1082 977 1142 1030 ἐν
1201 976 1377 1030 εἴκοσι
1428 976 1657 1047 βιϐλίοις
1709 979 1815 1031 τοὺι

1937 976 2206 1032 Caeterum
2239 994 2348 1032 non
2381 980 2478 1035 abs
2505 996 2565 1035 re
2608 997 2790 1052 neque
2816 983 3010 1039 inutile
3039 984 3157 1040 fore
3200 986 3351 1052 duxi,
3387 1002 3514 1039 cur-

246 1064 395 1119 κατὰ
441 1065 547 1134 τῆς
579 1065 923 1130 ἀποστασίας
970 1065 1191 1134 ἀγῶνας
1247 1065 1707 1136 καταϐαλόμενος,
1736 1066 1815 1121 atati

1938 1069 2038 1125 sim
2070 1078 2123 1123 et
2152 1069 2386 1124 strictim
2434 1072 2682 1140 quaedam
2713 1090 2901 1129 eorum
2956 1091 3263 1138 recensere.
3294 1093 3417 1147 «piae
3447 1078 3514 1131 ad

245 1157 495 1211 πλεῖστοι
558 1157 738 1230 ἕτεροι
792 1157 928 1229 (79).
980 1158 1127 1228 Πλὴν
1173 1157 1273 1210 καὶ
1329 1156 1442 1221 νῦν,
1475 1159 1503 1211 ὁ
1548 1157 1704 1225 λόγος
1733 1158 1815 1211 οὐ)

1937 1159 2183 1214 notitiam
2216 1161 2379 1230 hujus
2416 1164 2726 1231 argumenti
2750 1167 3248 1235 exploratissimam
3274 1168 3508 1223 iaciunt.

244 1250 568 1321 ἀσύμφορον
610 1250 771 1305 τοῦτο
833 1249 1203 1322 λογιζόμενος,
1255 1249 1377 1303 κατ’
1421 1250 1725 1321 ἐπιδρομήν
1776 1267 1896 1303 τινα
1939 1250 2042 1305 τῶν
2097 1253 2176 1317 εἰς
2233 1252 2436 1321 γνῶσιν
2488 1255 2719 1325 ἐχόντων
2769 1257 2831 1311 τὸ
2884 1259 3258 1331 ἀπαραίτητον
3305 1258 3512 1313 διελεύ-

247 1360 382 1397 σετα
389 1360 426 1395 ι.

318 1433 422 1486 '3'-
450 1430 750 1493 Σκυθιανός
792 1446 880 1493 τις
927 1429 1041 1501 (80)
1080 1430 1180 1499 τὴν
1234 1431 1468 1499 πατρίδα
1508 1428 1831 1498 Αἰγύπτιος,

240 1524 305 1577 τὸ
353 1523 411 1575 δὲ
467 1522 527 1588 ἐξ
583 1520 891 1592 ἀνθρώπων
948 1520 1106 1590 γένος
1152 1522 1469 1593 Σαρακηνὸς
1491 1521 1590 1591 τὴν
1647 1521 1805 1588 Ἀλεξ

1933 1540 2131 1596 genere
2178 1536 2360 1581 autem
2425 1528 2767 1595 Saracenus,
2813 1531 3155 1588 Alexandria:
3207 1536 3507 1603 habitabat,

241 1614 485 1685 ανδρέων
518 1612 676 1683 ᾤκει,
718 1611 841 1666 οὔτε
873 1612 1219 1684 Χριστωνοῖς
1272 1612 1705 1681 συμφερόμενος,
1737 1613 1815 1666 κα¹

1935 1630 2109 1685 neque
2176 1632 2301 1671 cum
2372 1619 2703 1675 Christianis
2763 1638 2991 1681 versans
3046 1641 3224 1695 neque
3292 1628 3508 1684 Iudaeo-

239 1708 311 1761 τὰ
348 1706 618 1761 Ἰουδαίων
645 1706 705 1759 οὐ
735 1704 1121 1775 προσιέμενος.
1153 1697 1323 1767 Οὗτος
1352 1705 1418 1756 ὲκ
1444 1704 1553 1756 τῶν
1592 1704 1815 1773 Ἀριστο

1932 1720 2054 1759 rum
2081 1706 2385 1762 doctrinam
2425 1709 2726 1779 amplexus.
2752 1711 2851 1766 llic
2878 1728 2943 1766 ex
2984 1714 3345 1770 Aristotellcis
3366 1718 3509 1773 male

241 1800 473 1855 τελικῶν
521 1798 1004 1872 παρακουσμάτων
1032 1799 1284 1870 ἐντριϐὴς
1313 1799 1414 1867 τὴν
1443 1799 1695 1868 γλῶσσαν
1715 1801 1815 1871 (81]

1933 1799 2225 1855 intellectis
2278 1800 2431 1855 libris
2482 1801 2680 1863 lingua:
2729 1802 2975 1873 (Graeca)
3005 1820 3162 1858 usum
3198 1815 3505 1871 assecutus,

245 1893 507 1962 γεγονὼς,
528 1891 809 1963 τέσσαρας
823 1891 936 1962 (82)
958 1893 1239 1947 συντάττει
1260 1891 1477 1961 βίϐλους
1494 1884 1570 1945 ὧν
1585 1892 1685 1962 τὴν
1710 1891 1815 1963 (85]

1926 1900 2160 1961 quatuor
2210 1892 2520 1963 composuit
2575 1892 2744 1949 libros
2786 1909 3021 1964 quorum
3077 1910 3245 1949 unum
3283 1896 3502 1965 quidem

2003 1432 2121 1487 XII.
2224 1432 2553 1504 Scythianus
2629 1437 2848 1505 quidam
2887 1479 2903 1503 ,
2964 1441 3141 1508 patria
3185 1441 3509 1513 {Egyptiusg

1320 2042 1555 2100 VARUE
1600 2043 1982 2103 LECTIONES
2020 2044 2108 2100 ET
2148 2045 2382 2103 ΝΟΤΛῦ.

238 2200 484 2254 rtissimo
501 2197 707 2325 colleEa
732 2214 877 2261 meo,
902 2199 1486 2271 descriptotexhibebit,
1521 2201 1607 2255 vel
1634 2202 1817 2271 potius

238 2270 350 2325 iam
372 2268 625 2323 exhibuit
696 2269 867 2325 LJac.
893 2270 1123 2325 Basnatr.
1155 2272 1208 2325 in
1242 2286 1405 2325 nova.
1437 2286 1599 2325 quam
1637 2282 1812 2325 uarat.

232 2270 350 2341 jam
372 2268 625 2341 exhibuit
650 2268 867 2341 CLJac.
893 2268 1123 2341 Basnag.
1155 2268 1208 2325 in
1242 2286 1405 2335 nova,
1437 2286 1599 2340 quam
1636 2268 1812 2341 parat,

235 2288 350 2340 jam
372 2288 625 2323 eminuit
650 2288 867 2325 uuae.
894 2288 1066 2327 uasna
1110 2313 1123 2327 .
1155 2288 1208 2325 in
1242 2288 1405 2335 nova,
1437 2288 1599 2340 quam
1637 2288 1812 2341 parat,

235 2338 455 2409 Διαίου.
485 2340 694 2411 Canisii
733 2340 1009 2396 lectionum
1032 2288 1288 2407 editione,
1331 2342 1487 2410 cujus
1525 2343 1814 2411 Specimen

236 2410 347 2464 luci
384 2409 667 2481 superiore
688 2426 834 2464 anno
867 2412 1267 2481 eapositum,et
1300 2409 1408 2481 Titi
1428 2419 1483 2465 et
1505 2409 1821 2480 Serapionis

237 2480 731 2534 commentationes
755 2481 896 2534 inter
925 2480 1119 2536 caetera
1147 2481 1309 2535 sistit.
1349 2480 1397 2535 Is
1428 2482 1574 2534 enim
1598 2482 1650 2534 in
1673 2497 1822 2550 prae-

237 2550 409 2602 missa
471 2550 939 2605 animadversione
1003 2551 1348 2615 observavit,
1405 2552 1646 2605 codicem
1696 2552 1823 2605 Hol-

242 2619 562 2672 stenianum
590 2619 1048 2690 Hamliurgensem
1072 2622 1273 2690 passim
1300 2637 1420 2675 esse
1451 2621 1817 2687 mutilum,et,

237 2690 466 2760 inverso
483 2689 704 2760 _ordine,
746 2689 1042 2756 turbatum,
1071 2689 1231 2760 quem
1268 2700 1446 2743 tamen
1468 2692 1633 2744 ductu
1668 2691 1819 2744 desi-

238 2757 528 2829 gnationis
574 2768 1013 2829 argumentorum
1070 2757 1102 2813 εἰ
1156 2760 1278 2814 Tito
1336 2762 1436 2829 ipsi
1501 2761 1815 2814 tractationi

236 2827 566 2895 praemissae.
609 2828 682 2881 ita
717 2844 863 2883 nunc
894 2830 1149 2895 restituit,
1197 2839 1255 2883 ut
1291 2827 1411 2883 lib—ri
1468 2840 1579 2885 tres
1622 2831 1819 2895 integri

236 2849 566 2895 ρϊᾶξωιδδίε.
609 2849 682 2881 1ῑό
717 2849 863 2883 1111110
894 2849 1149 2895 Γθδιιιιιιι,
1197 2849 1255 2883 ιιι
1291 2849 1411 2883 Ill)“
1468 2849 1579 2885 "'98
1622 2849 1733 2884 "lle
1775 2849 1818 2884 ΓΙ

235 2906 562 2970 appareant.
590 2896 858 2951 Caeterum
884 2909 1075 2970 auctor
1109 2902 1223 2969 ipse
1256 2901 1592 2970 argumentis
1642 2849 1818 2969 plliFO-

238 2966 485 3047 sophicis
528 2966 865 3035 frequenter,
897 2966 1176 3039 Scriptura
1224 2966 1353 3024 vero
1380 2966 1656 3025 diviniore'
1690 2986 1813 3025 raro

1922 2200 2139 2277 _S_iculus
2216 2202 2300 2277 in_
2339 2200 2585 2277 Historia
2611 2202 3037 2277 _Manirliworuin
3061 2243 3075 2267 ,
3131 2221 3203 2277 ι).
3242 2206 3311 2259 20
3348 2223 3497 2277 seqq.

1925 2272 2167 2344 Uterque
2201 2287 2231 2344 a
2262 2271 2443 2344 Cyrilli
2476 2273 2655 2344 verbis
2693 2274 2892 2343 passim
2921 2275 3055 2339 abit,
3096 2271 3294 2344 quibus
3317 2271 3497 2334 tamen

1925 2357 2036 2412 pra:
2070 2341 2267 2396 Photio
2287 2343 2487 2414 insistit
2506 2341 2705 2414 Petrus
2722 2344 2959 2414 Siculus.
2983 2341 3329 2414 Com—paravit
3358 2348 3500 2403 inter

1922 2406 2004 2486 se
2030 2422 2339 2486 utrumque
2372 2412 2787 2486 Rev._Thomas
2850 2406 3023 2486 Milles
3074 2406 3135 2486 in.
3176 2431 3271 2486 sua
3314 2418 3498 2486 Cyrilli

1920 2482 2159 2556 editione
2193 2498 2247 2550 p.
2381 2481 2698 2556 seq_._N_ustri
2730 2484 3140 2556 itaquejudicio
3169 2481 3497 2556 Scythianus

1923 2550 2255 2627 hicuprim-us
2277 2552 2419 2627 inter
2447 2550 2992 2627 Christianosstultre
3020 2555 3087 2627 de
3112 2550 3325 2611 duobus
3353 2558 3500 2627 prin-

1922 2620 2079 2689 cipiis
2108 2620 2381 2689 opinionis
2419 2635 2609 2675 auctor
2634 2623 2864 2685 exstitit,
2897 2624 3042 2691 quod
3067 2626 3239 2691 ipsmn
3276 2620 3496 2681 tradunt

1918 2690 2215 2744 Archelaus
2251 2690 2302 2742 in
2348 2694 2497 2745 Actis
2547 2691 2813 2749 Disputat.
2864 2709 2982 2745 cum
3030 2694 3254 2749 Manete.
3304 2711 3354 2749 n.
3401 2697 3492 2749 95.

1970 2706 2215 2744 renetaus
2251 2707 2302 2742 ιιι
2348 2706 2497 2745 Acus
2547 2706 2813 2756 Disputat.
2864 2709 2982 2745 cum
3030 2706 3254 2756 Manete,
3304 2711 3354 2756 [ι.
3401 2706 3492 2756 95,

1919 2708 2215 2744 menelaus
2251 2708 2302 2742 ιιι
2348 2708 2497 2745 Acus
2547 2708 2813 2759 Ulsputal.
2864 2709 2982 2745 cum
3030 2708 3254 2756 manete,
3304 2711 3354 2764 p.
3401 2708 3492 2756 95,

1919 2768 1975 2831 et
1993 2760 2361 2831 Epiphanius,
2401 2762 2592 2815 haeresi
2621 2762 2710 2821 66,
2745 2763 2964 2831 aliique.
2985 2763 3065 2815 Ab
3094 2763 3178 2816 his
3212 2766 3493 2820 discedere

1916 2830 2172 2901 videntur
2195 2830 2592 2901 'l‘heodoretus,
2620 2830 3073 2886 llwretic.Fabul.
3106 2834 3200 2887 lih.
3250 2850 3286 2899 t,
3315 2851 3363 2888 c.
3389 2836 3490 2901 55;

1916 2897 2195 2971 Gedrenus
2224 2916 2276 2968 p.
2310 2900 2444 2964 9.59;
2478 2909 2531 2954 et
2558 2901 2686 2971 hinc
2725 2901 2885 2967 forte,
2920 2904 3043 2971 quia
3083 2897 3281 2957 iisdem
3314 2897 3494 2960 verbis

1916 2969 2108 3039 utitur,
2144 2969 2360 3033 Suidas,
2419 2982 2546 3024 tom.
2593 2968 2658 3035 ll,
2722 2989 2775 3039 ι).
2813 2968 2951 3026 49L—
2982 2972 3056 3025 lbi
3104 2974 3249 3026 enim
3305 2990 3495 3030 omnes

474 3106 815 3172 Σαραπίων.
856 3108 932 3162 Ita
982 3123 1182 3163 nomen
1236 3109 1494 3163 scribitur
1539 3108 1592 3161 in
1628 3108 1820 3163 Coisli-

236 3175 407 3265 niano
430 3184 487 3228 et
502 3184 701 3265 nostro
727 3178 931 3256 codice,
957 3179 1102 3259 quod
1143 3179 1233 3265 alii
1260 3196 1371 3265 per
1400 3179 1817 3265 .Serapion‘eﬂ‘cv
1843 3207 1885 3265 ο

236 3253 371 3317 [unt
404 3245 634 3317 rectius,
664 3246 823 3317 cujus
858 3245 1094 3303 nominis
1136 3259 1191 3303 et
1224 3245 1312 3304 alii
1347 3250 1487 3303 inter
1519 3245 1814 3317 scriptores

238 3314 477 3379 Graecos,
509 3315 565 3367 in
593 3316 782 3384 primis
815 3318 1055 3385 sophista
1084 3319 1303 3385 quidam
1346 3330 1400 3373 et
1442 3314 1703 3382 comicus,
1759 3327 1820 3373 ut

240 3335 477 3379 brarcus,
509 3335 565 3367 Ill
593 3335 782 3384 prmus
815 3335 1055 3385 sopmsw
1124 3335 1303 3373 uiuam
1346 3335 1400 3373 el.
1442 3335 1703 3382 comicus,
1759 3335 1817 3373 ut

240 3394 467 3457 ceteros
516 3394 763 3457 taceam,
809 3396 1039 3441 exstant.
1084 3335 1234 3457 (iﬁjus
1288 3396 1565 3453 tractatus,
1632 3388 1817 3444 Graece

238 3455 519 3527 apud__nos
564 3469 687 3508 cum
735 3456 859 3510 Tito
908 3455 1184 3511 Bostreiisi
1229 3470 1447 3512 exstans
1485 3458 1697 3527 paginis
1721 3459 1815 3523 24,

238 3523 459 3604 iri-folio
498 3526 844 3609 continetur,
870 3534 926 3580 et
978 3528 1052 3609 in,
1070 3528 1295 3609 repetita
1332 3523 1633 3607 Lectionum
1660 3528 1819 3609 gaui-

240 3596 517 3666 sianarum
566 3594 979 3666 editionejuxta
1032 3594 1275 3650 Latinam
1332 3598 1636 3651 versionem
1676 3596 1816 3650 Tur-

243 3662 383 3715 riani
420 3663 677 3717 exstabit.
718 3662 940 3720 Interim
979 3666 1031 3718 in
1073 3667 1308 3721 secunda
1336 3677 1391 3720 et
1421 3666 1575 3720 tertia
1609 3667 1814 3721 codicis

240 3732 412 3786 nostri
472 3733 665 3802 pagina
706 3736 850 3788 varia
883 3736 1280 3799 desiderantur,
1312 3752 1532 3792 sensum
1571 3736 1814 3792 hiulcum

240 3801 564 3855 reddentia;
593 3801 769 3857 Unum
838 3814 1045 3858 tantum
1106 3804 1332 3860 Manetis
1377 3821 1648 3871 errorem,
1707 3822 1815 3874 quo

240 3888 431 3940 corpus
450 3881 500 3944 et
524 3882 749 3925 materia
781 3874 835 3944 in
866 3891 916 3927 se
948 3874 1090 3927 mala
1114 3876 1483 3939 venditantur,
1498 3891 1815 3944 Oppugnan-

240 3943 366 3995 dum
397 3941 517 4013 sibi
539 3944 771 4011 sumpsit
806 3942 1089 4013 Serapion.
1112 3945 1426 4013 Utriusque.
1461 3941 1588 3998 Titi
1607 3941 1815 3999 scilicet

239 4021 294 4083 et
316 4010 679 4083 Serapionis,
708 4010 1222 4067 commeitationem
1256 4010 1443 4069 Graece
1483 4013 1813 4083 descriptam

242 4082 500 4136 habuisse
542 4080 601 4135 Β.
644 4083 857 4136 Sehast.
907 4082 1105 4137 Gottfr.
1144 4084 1478 4148 Starchium,
1516 4082 1595 4138 Cl.
1627 4080 1813 4137 Marti-

239 4165 346 4203 nus
392 4150 667 4207 Dieterich
721 4154 774 4207 in
844 4153 1055 4208 funebri
1112 4154 1230 4223 ejus
1275 4151 1679 4225 Programmate
1733 4162 1814 4208 te-

245 4228 445 4273 statur.

298 4292 426 4424 éTZ)
461 4290 866 4357 Ἀλέξανδρος.
893 4290 1055 4345 Liber
1079 4293 1197 4361 ejus
1225 4292 1360 4362 πρὸς
1393 4293 1489 4354 τὰς
1510 4290 1811 4360 Μανιχαίου

332 4376 397 4420 ας
426 4377 457 4414 a
514 4362 708 4415 Franc.
732 4361 1059 4415 Combefisio
1105 4362 1283 4416 editus
1314 4370 1399 4415 est
1457 4370 1604 4416 torno
1634 4361 1677 4415 11
1701 4363 1811 4414 Au-

238 4357 397 4420 δόξας
426 4377 457 4414 a
514 4362 708 4415 Franc.
732 4361 1059 4415 Combefisio
1105 4357 1283 4416 editus
1314 4370 1399 4415 est
1457 4370 1604 4416 torno
1634 4357 1812 4415 l't'Au-

241 4431 402 4481 clarii
425 4430 711 4495 novissimi,
745 4427 919 4484 Paris.
951 4430 1089 4483 1672
1118 4431 1210 4485 fol.
1235 4430 1312 4485 Ex
1333 4447 1418 4495 eo,
1440 4440 1555 4484 tum
1589 4432 1805 4494 inedita,

241 4497 420 4571 locum
450 4500 739 4571 quemdam
761 4499 918 4555 aﬂert
942 4499 1245 4555 Alexander
1265 4501 1445 4555 Morus
1476 4501 1529 4553 in
1562 4498 1715 4554 Notis
1743 4498 1810 4553 ad

239 4566 445 4622 Novum
469 4566 678 4629 Tardus.
715 4585 769 4638 p.
800 4570 925 4624 243.

312 4638 426 4704 (78)
467 4637 904 4708 Ἠρακλεέανός.
932 4638 1138 4693 Laudat
1167 4638 1329 4708 hujus
1353 4637 1448 4691 XX
1473 4638 1640 4693 libros
1667 4638 1811 4695 Pho-

242 4707 353 4761 tius
386 4720 574 4763 noster
606 4709 659 4761 in
701 4707 1024 4761 Bibliotheca
1054 4707 1357 4765 eodicei85.

309 4777 711 4847 (79)]1λεῖστοι
759 4777 966 4845 ἕτεροι.
1002 4777 1109 4832 Eos
1148 4787 1407 4833 consueta
1455 4786 1509 4831 et
1560 4776 1812 4833 familiari

238 4846 344 4918 sibi
391 4846 659 4918 industria
704 4856 760 4918 et
817 4847 1065 4918 doctrina
1110 4849 1388 4918 congessit
1435 4847 1635 4918 Celeb.
1677 4847 1807 4904 Joh.

238 4916 497 4971 Albertus
557 4915 872 4981 Fabricius,
927 4918 981 4971 in
1035 4915 1283 4972 Bibliot'h.
1348 4916 1521 4971 Graec.
1585 4916 1677 4971 lib.
1740 4936 1812 4985 v,

237 5002 294 5057 p.
322 4986 425 5040 289
470 5001 625 5056 seqq.
656 4985 870 5041 Mireris
914 4986 1074 5052 forte,
1099 4987 1240 5042 Petri
1269 4985 1457 5051 Siculi,
1489 5004 1648 5057 quem
1680 4987 1815 5042 Pho-

238 5056 316 5109 tio
354 5060 658 5125 temporum
690 5057 927 5111 rationes
951 5058 1063 5113 fere
1097 5058 1358 5127 mqualem
1396 5056 1628 5119 faciunt,
1661 5074 1814 5112 men-

238 5127 445 5198 tionem
469 5127 559 5181 hic
586 5142 698 5181 non
730 5127 924 5198 factam
954 5143 1095 5190 esse,
1128 5128 1284 5197 cujus
1333 5127 1543 5197 ἱστορία
1564 5129 1812 5198 περὶτῆς

237 5196 403 5265 κενῆς
451 5198 545 5249 καὶ
594 5197 832 5265 ματαίας
878 5197 1142 5266 αἱρέσεως
1167 5196 1272 5250 τῶν
1318 5196 1657 5266 Μανιχαίων,
1704 5196 1811 5250 τῶν

238 5269 334 5317 καὶ
372 5266 756 5319 Παυλικιανῶν
808 5266 1119 5332 λεγομένων
1152 5282 1277 5321 cura
1319 5266 1556 5321 Matthaai
1587 5267 1807 5330 Raderi,

238 5334 445 5402 prodiit
494 5335 829 5405 lngolstadii,
860 5334 1015 5405 lthl,
1041 5336 1180 5389 iii—4.
1206 5337 1449 5405 Cumque
1478 5338 1811 5405 comparatio

236 5404 429 5472 scripti
479 5403 786 5473 utriusque,
822 5420 849 5458 a
902 5403 1094 5458 Photio
1138 5413 1193 5458 et
1249 5403 1429 5459 Siculo
1459 5403 1708 5474 profecti,
1744 5408 1810 5462 ad

236 5475 458 5545 oculum
486 5476 760 5539 ostendat,
789 5475 1015 5528 alterum
1043 5475 1265 5529 alterius
1287 5490 1448 5545 opera
1481 5492 1637 5530 nsum
1668 5493 1809 5544 esse,

236 5557 349 5616 non
384 5544 684 5616 dubitem,
735 5546 819 5616 vel
878 5545 1005 5598 hinc
1047 5544 1635 5616 afﬁrmarensiculum
1690 5558 1814 5616 post

238 5613 493 5669 Photium
525 5630 624 5686 sua
653 5615 850 5686 litteris
879 5616 1247 5686 consignasse,
1280 5614 1371 5686 qui
1401 5613 1812 5683 alioquinillius

237 5698 363 5736 cum
391 5684 604 5740 caeteris
644 5685 977 5740 mentionem
1009 5684 1252 5739 facturus
1277 5684 1448 5739 fuisse
1469 5686 1699 5740 videtur.

308 5753 422 5823 (80)
447 5756 784 5825 Σκυθιανός
821 5772 933 5819 τις.
962 5754 1327 5817 HaecPhotius
1352 5755 1530 5808 hausit
1549 5755 1807 5825 expyrilli

236 5822 508 5879 Catechesi
541 5839 617 5891 vi,
656 5824 805 5895 §l5;
829 5839 948 5893 quae
977 5826 1139 5879 etiam
1175 5825 1229 5879 in
1268 5840 1367 5881 sua
1402 5825 1585 5879 retulit
1615 5822 1809 5879 Petrus

1846 4539 1953 4622 Dn

1919 3038 2187 3110 Manetem
2236 3042 2398 3093 etiam
2467 3038 2766 3094 Σκυθιανὸν
2836 3043 3162 3110 appellatum
3223 3045 3491 3109 scribunt,

1916 3109 2062 3182 quod
2087 3124 2152 3162 eo
2183 3125 2349 3182 sensu
2393 3110 2547 3164 multi
2573 3109 2923 3182 acceperunt,
2953 3122 3014 3166 ut
3057 3111 3239 3164 Manes
3275 3122 3329 3167 et
3360 3114 3495 3182 Scy-

1921 3179 2140 3249 thianus
2166 3181 2415 3234 eumdem
2447 3196 2541 3235 eos
2566 3179 2838 3249 judicasse
2864 3188 3175 3235 censerent.
3204 3182 3319 3233 Meo
3343 3179 3493 3249 judi-

1920 3249 2006 3321 cio
2041 3248 2117 3321 illi
2150 3250 2249 3321 hac
2299 3250 2577 3321 Scythiani
2626 3250 2987 3321 appellatione
3028 3251 3232 3321 erroris
3262 3248 3490 3321 primam

1921 3318 2185 3388 originem
2226 3318 2465 3390 indicare
2497 3318 2809 3381 voluerunt,
2840 3320 3113 3390 inprimis
3151 3318 3295 3379 ideo.
3344 3322 3491 3390 quod

1918 3396 2201 3442 versutum
2235 3388 2465 3459 manetis
2492 3390 2766 3459 ingenium
2807 3400 2859 3443 et
2890 3388 3019 3443 felix
3042 3390 3097 3443 in
3122 3391 3340 3459 negotio
3361 3388 3493 3445 suc-

1919 3472 2105 3527 cessus
2165 3468 2220 3511 et
2275 3458 2569 3527 Scythiani’
2623 3469 2677 3513 et
2728 3460 3071 3519 Terehinthi.
3139 3458 3489 3515 decessorum

1918 3526 2060 3599 ejus,
2090 3526 2405 3599 memoriam
2453 3528 2670 3581 abolere
2700 3529 2996 3599 videretur.
3034 3530 3088 3582 Id
3108 3532 3282 3599 geerte
3310 3533 3490 3599 suspi-

1918 3595 2031 3650 cari
2058 3596 2263 3660 malim,
2304 3612 2464 3664 quam
2520 3613 2643 3651 cum
2693 3598 3064 3651 eruditissimo
3107 3595 3487 3652 Pearsouidin

1917 3666 2250 3719 Adversariis
2277 3666 2639 3727 Miscellaneis.
2672 3682 2722 3720 c.
2759 3668 2848 3731 55,
2893 3684 2948 3735 p.
2988 3668 3113 3730 555,
3148 3669 3227 3721 vel
3249 3670 3491 3722 auctoris

1918 3735 2154 3807 σφάλμα
2200 3737 2568 3807 μνημονικὸν.⁸
2602 3738 2685 3790 vel
2731 3737 2935 3791 librarii
2991 3738 3261 3806 γραφικὸν
3308 3738 3490 3806 ἁμάρ-

1917 3805 2075 3875 τημα
2104 3805 2208 3861 hic
2238 3805 2495 3876 cogitare.
2538 3805 2894 3876 Scythianum
2928 3805 3075 3860 hunc
3116 3807 3180 3859 ad
3213 3805 3489 3875 apostolo-

1918 3889 2039 3929 rum
2088 3884 2330 3945 tempora
2358 3877 2426 3929 ab
2465 3876 2732 3930 Archelao
2778 3876 2814 3928 l.
2848 3892 2897 3931 c.
2934 3876 3349 3945 referrirmerito
3385 3878 3493 3929 ini.

1917 3945 2074 4015 reris,
2115 3961 2237 3999 cum
2264 3945 2437 4015 ipsius
2466 3946 2705 4000 narratio
2727 3946 2944 4009 inferat,
2968 3945 3107 3999 inter
3134 3944 3487 4014 Scythiannm

1915 4022 1969 4067 et
2021 4013 2310 4077 Manetem’,
2378 4032 2545 4068 unum
2598 4024 2804 4069 tantum
2858 4013 3271 4079 Terebinthum,
3332 4017 3485 4082 primi

1916 4082 2061 4153 illius
2100 4084 2451 4152 discipulum,
2502 4085 2899 4143 intercessisse,
2933 4093 2991 4137 ut
3041 4085 3269 4153 proinde
3304 4085 3487 4139 Manes

1917 4151 2293 4222 Scythianum,
2328 4155 2372 4207 si
2402 4154 2539 4207 forte
2564 4162 2721 4207 aetate
2746 4151 3052 4221 provectior
3082 4153 3264 4218 fuerit,
3300 4155 3487 4208 videre

1913 4224 2174 4291 potuerit.
2216 4223 2269 4277 id
2324 4224 2467 4293 quod
2517 4224 2848 4293 persuadere
2902 4223 3059 4277 nobis
3110 4232 3321 4293 poterat
3372 4225 3486 4277 fra-

1919 4301 2199 4362 gmentum
2248 4292 2580 4363 epistolaead
2629 4292 3007 4363 Scytbianum,
3050 4292 3219 4363 modo,
3251 4293 3391 4346 idem
3439 4294 3486 4350 is

1914 4359 2059 4433 ῥυιῐι-
2072 4368 2261 4433 nostro
2283 4359 2385 4433 'sit,
2414 4376 2463 4433 θῇ
2480 4359 3106 4433 hlanete'scriptmﬂuod
3142 4362 3307 4416 habes
3334 4364 3480 4433 apud

1912 4429 2003 4501 Cl.
2021 4430 2326 4501 Fabricium
2352 4431 2403 4483 in
2426 4430 2673 4501 Bibliolh.
2705 4429 2873 4486 (ἐι-ωε.
2907 4429 3002 4501 lib.
3027 4449 3080 4495 v,
3114 4448 3167 4501 p.
3197 4434 3321 4487 285.

1984 4499 2551 4571 (81))Εντριᾷὴςτὴν
2572 4500 2880 4567 γλῶσσαν.
2907 4500 3091 4555 Refert
3114 4499 3227 4555 haec
3248 4503 3317 4555 ad
3345 4503 3486 4571 peri-

1956 4568 2044 4623 am
2080 4568 2277 4639 linguae
2314 4568 2515 4623 Graeca:
2543 4571 3022 4638 praestantissimus
3075 4568 3364 4639 interpres;
3414 4574 3484 4628 At

1912 4639 2130 4693 videtur
2142 4640 2364 4693 Photius
2375 4639 2720 4693 deidoctrinis
2736 4641 2915 4709 petius
2929 4640 3287 4694 Aristotelieis
3302 4656 3479 4708 prom-

1913 4720 2113 4780 ptaque
2139 4723 2230 4763 eas
2271 4710 2390 4763 aliis
2426 4709 2746 4780 propinandi
2781 4709 3035 4780 facultate
3073 4710 3160 4764 hic
3193 4713 3479 4779 cogitasse.

1916 4778 1971 4850 l_d
2000 4778 2195 4850 snadet
2223 4780 2402 4850 Cyrilli
2454 4780 2625 4850 ipsius
2674 4778 2923 4850 phrasis,
2961 4780 3053 4850 qui
3095 4793 3193 4848 pro
3225 4778 3330 4850 his,
3359 4795 3484 4848 quae

1913 4847 2141 4904 Photius
2172 4847 2354 4916 habet,
2383 4847 2575 4915 scribit
2631 4847 3064 4919 Ἀριστοτελικὸν
3100 4847 3483 4919 μιμησάμενος

1916 4919 2052 4988 βίον,
2092 4919 2144 4972 id
2170 4928 2273 4983 est,
2315 4929 2373 4973 ut
2404 4918 2761 4989 interpreter,
2814 4918 3227 4989 Arislolelicam-
3253 4918 3484 4986 philoso-

1915 4985 2111 5055 phandi
2127 4990 2385 5059 rationem
2421 4985 2666 5043 sectatus.
2689 4988 2822 5043 Bion
2854 4988 2997 5059 enim
3015 4987 3175 5059 etiam
3197 4985 3265 5040 de
3293 4989 3480 5059 τέχνῃ.

1913 5073 2009 5110 seu
2062 5066 2179 5111 arte
2234 5066 2288 5111 et
2328 5058 2638 5126 disciplina,
2700 5057 2953 5125 usurpari
3017 5055 3227 5126 pridem
3271 5055 3485 5113 luo—nuit

1914 5126 2140 5199 :l‘zetzes
2185 5128 2251 5182 ad
2300 5125 2611 5199 Hesiodum,
2660 5139 2716 5182 et
2750 5126 3031 5197 Menagius
3077 5126 3145 5181 ad
3188 5125 3482 5199 Diogenem

1914 5196 2210 5261 Laertium,
2240 5212 2293 5265 p.
2323 5197 2425 5250 459
2447 5198 2500 5251 b.

1989 5266 2097 5335 {82)
2137 5267 2462 5334 Téocapac.
2514 5266 2712 5321 Confer
2762 5265 3013 5320 Archelai
3042 5265 3316 5334 Disputat.
3365 5281 3481 5318 cum

1915 5335 2147 5389 Manete.
2178 5352 2232 5389 n.
2264 5338 2353 5389 96.

1976 5349 2147 5399 anete,
2178 5352 2232 5399 ι).
2264 5338 2353 5391 96.

1988 5352 2400 5477 ξέἕςε’τῗιέρδέ’ἧν
2422 5406 2556 5477 μέν.
2580 5404 2635 5458 ει
2667 5406 2756 5460 hic
2786 5406 2962 5460 Photii
2992 5407 3145 5460 locus
3175 5420 3299 5459 cum
3332 5405 3477 5459 Petri

1916 5476 2083 5531 Siculi
2120 5478 2301 5531 verbis
2326 5476 2640 5531 conferatur
2666 5518 2679 5540 ,
2731 5478 2936 5545 patebit
2985 5478 3216 5530 alterum
3250 5476 3478 5529 alterius

1912 5547 2468 5618 vestigiisinstitisse.
2514 5545 2662 5618 Cum
2699 5548 2845 5618 cnim
2874 5547 3108 5618 Cyrillus
3138 5547 3174 5599 l.
3232 5562 3280 5600 c.
3316 5563 3476 5618 quem

1912 5626 2144 5685 uterque
2163 5616 2309 5686 legit,
2345 5626 2582 5686 quatuor
2612 5616 2731 5669 illos
2788 5616 2957 5671 libros
2992 5618 3229 5671 lireviter
3254 5626 3309 5670 et
3340 5616 3482 5668 nude

1916 5695 2125 5739 tantum
2177 5685 2355 5754 quoad
2412 5685 2598 5753 titplos
2656 5694 2958 5748 ret-cnseat,
3010 5698 3238 5754 uterque
3287 5687 3480 5738 horum

1914 5758 2159 5824 quaedam
2192 5755 2343 5809 addit
2395 5756 2499 5810 sibi
2526 5756 2761 5810 invicem
2792 5756 3009 5810 similia.
3039 5758 3117 5811 En
3144 5758 3237 5809 tibi
3278 5756 3483 5809 descri-
3563 5806 3571 5814 _

1916 5824 2155 5893 ptioncm
2188 5827 2329 5879 Petri
2359 5824 2527 5881 Siculi
2563 5843 2577 5880 :
2606 5826 2889 5896 Τέσσαρας
2918 5828 3133 5896 βίϐλους
3170 5826 3480 5890 συνέταξεν,
