4110 6412
584 432 657 495 39
1731 423 1993 484 PHOTII
2033 419 2541 482 PATRIARCHXE
2582 419 2691 479 CP.
3787 423 3849 484 ω

584 558 710 599 cum
751 539 919 593 ﬁlium
956 536 1146 591 morbo
1178 535 1515 591 laborantem
1547 533 1796 597 haberet,
1822 532 2152 602 audirctque

2270 547 2431 600 τητος
2452 530 2491 599 l)
2520 530 2808 600 ὀνομάζειν
2826 528 3205 600 ἀπετόλμησεν
3224 531 3325 599 (9).
3359 531 3450 595 Ἐξ
3468 524 3529 585 οὗ
3552 532 3651 587 καὶ
3672 536 3851 606 μαθη-

586 634 799 690 Mauem
832 631 1133 702 pollicitum
1161 643 1307 693 esse,
1372 643 1431 683 se
1465 627 1636 681 filium
1688 626 1810 696 ejus
1861 642 1926 680 ex
1977 627 2152 680 morht

2270 620 2365 682 τὰς
2414 620 2809 690 συνηθροίσατο
2849 618 2943 672 δύο
2998 620 3094 674 καὶ
3130 622 3266 675 δέκα
3300 622 3401 691 ('5),
3462 622 3559 687 οὓς
3600 624 3695 679 καὶ
3752 626 3849 693 τῆς

586 726 844 798 precibus
873 732 1196 792 erepturum
1238 735 1383 782 esse,
1407 727 1757 789 arrogantem
1787 717 2070 771 hominem
2100 733 2152 771 ac

2274 710 2488 779 πλάνης
2520 710 2790 781 διέπεμπε
2821 711 3094 783 κήρυκας.
3133 711 3274 765 Ἀλλ’
3301 714 3329 765 6
3354 712 3453 783 μὲν
3480 713 3850 785 ἑμϐρόντητος

598 817 690 871 filii
714 816 1057 870 curationem
1082 813 1307 867 adhibet
1342 830 1355 865 :
1381 826 1443 864 ac
1464 810 1705 865 medicos
1725 819 1839 865 tum
1871 819 2152 880 praesente:

2270 802 2485 869 Μάνης,
2520 800 2598 873 τῷ
2656 802 2814 872 κακῷ
2848 801 3092 871 γεγονὼς
3152 803 3505 873 περιϐόητος,
3558 804 3686 875 ἥκει
3727 808 3849 870 ταῖς

591 905 805 961 tametsi
846 902 1181 975 agritndinis
1230 900 1569 955 curationem
1626 898 1838 953 facilem
1872 897 1988 952 fore
2038 914 2167 968 pro-

588 996 903 1059 mittebant,
927 994 1111 1064 ejecit.
1139 993 1232 1047 Ille
1255 991 1476 1047 vixdum
1505 991 1809 1045 orationem
1856 990 2167 1059 compleve-

587 1098 694 1149 rat,
726 1095 782 1140 et
812 1084 975 1140 vitam
1005 1083 1205 1152 eripuit
1238 1081 1310 1145 ei,
1353 1082 1445 1151 qni
1494 1081 1547 1135 id
1602 1080 1740 1134 forte
1810 1095 2006 1150 passus
2058 1096 2166 1133 non

584 1186 749 1243 esset,
786 1176 887 1230 nisi
919 1176 1007 1229 ille
1038 1174 1468 1228 incolumitatem
1498 1172 1862 1243 promisisset.
1891 1170 2028 1225 Cum
2062 1171 2165 1225 ita-

516 1328 521 1329 ,
585 1284 691 1338 que
729 1268 908 1321 subito
946 1275 1001 1318 et
1026 1272 1216 1334 aperte
1238 1263 1493 1332 impietas
1527 1271 1581 1316 et
1607 1261 1915 1331 arrogantia
1946 1260 2165 1315 scelesti

586 1359 821 1414 hominis
885 1357 1233 1427 deprehensa
1286 1353 1501 1417 fuisset,
1538 1353 1595 1407 in
1642 1352 2011 1408 maleficorum
2047 1368 2165 1406 ear-

581 1468 757 1507 cerem
790 1451 1057 1520 impostor
1098 1448 1185 1502 ille
1214 1448 1508 1501 damnatus
1543 1444 1858 1515 conjicitur.
1895 1444 2003 1499 Sed
2038 1459 2163 1499 cum

579 1559 769 1597 servus
802 1551 946 1597 esset
980 1556 1043 1594 ac
1079 1540 1294 1594 servilis
1333 1537 1547 1593 artificii
1604 1538 1833 1608 peritus,
1892 1536 2166 1607 sciretque

581 1647 642 1685 se
678 1647 788 1685 non
830 1630 921 1685 diu
962 1639 1149 1699 postea
1183 1636 1410 1697 patratae
1448 1627 1614 1681 caedis
1677 1641 1867 1697 poenas
1892 1624 2162 1680 daturum

580 1737 725 1787 esse,
761 1731 950 1791 utpote
984 1720 1075 1790 qui
1109 1720 1252 1791 regis
1286 1720 1455 1773 lilium
1484 1718 1762 1789 impietate
1813 1733 1908 1772 sua
1936 1718 2166 1773 occidis-

577 1824 681 1879 set,
716 1830 746 1868 e
776 1815 939 1868 domo
971 1812 1201 1885 aufugit,
1254 1821 1311 1867 et
1364 1812 1681 1866 custodibus
1739 1812 1975 1866 carceris
2011 1811 2163 1866 necis

2272 894 2485 960 φήμαις
2519 893 2682 964 μέχρι
2718 894 2811 948 καὶ
2829 893 2938 946 τῶν
2973 894 3133 948 ὼτῶν
3178 896 3273 949 τοῦ
3302 896 3530 968 Περσῶν
3561 895 3845 967 βασιλέως.

2280 982 2338 1037 Ὀ
2361 983 2418 1036 δὲ
2438 984 2554 1056 (κα).
2574 986 2681 1055 γάρ
2706 985 2873 1039 αὐτοῦ
2904 987 2932 1038 ό
2960 988 3088 1051 παῖς
3109 989 3383 1059 νοσήματι
3414 986 3695 1059 ἑαλώκει),
3725 990 3849 1043 ἐπεὶ

2267 1075 2360 1127 τὸν
2390 1076 2583 1146 Μάνην
2626 1076 3101 1148 ἐπαγγελλόμενον
3135 1080 3336 1150 ἤκουεν
3374 1081 3506 1152 εὐχῇ
3542 1081 3635 1133 τόν
3681 1081 3850 1135 παῖδα

2269 1164 2535 1235 ῥύσασθαι
2559 1167 2657 1237 τῆς
2692 1169 2869 1231 νόσου,
2906 1168 3119 1238 δέχεται
3148 1168 3241 1221 τὸν
3273 1168 3511 1233 ἀλαζόνα
3538 1170 3635 1223 τοῦ
3659 1171 3851 1233 παιδὸς

2268 1259 2364 1310 ἐπὶ
2395 1257 2685 1330 θεραπείᾳ.
2716 1260 2827 1312 Καὶ
2849 1260 2912 1330 δὴ
2943 1252 3103 1325 οὗτος
3131 1261 3259 1325 τοὺς
3305 1262 3583 1333 παρόντας
3628 1262 3851 1332 ἰατροὺς

2268 1350 2448 1402 καίτοι
2489 1350 2682 1421 ῥᾳδίαν
2731 1352 3241 1423 ἐπαγγελλομένους
3293 1354 3481 1416 παιδὸς
3529 1353 3630 1424 τὴν
3680 1353 3847 1418 ἴασιν,

2267 1440 2759 1511 ἀποπεμψάμενος,
2784 1444 2901 1512 ἅμα
2931 1461 2990 1497 τε
3020 1444 3186 1517 εὐχὴν
3216 1445 3391 1500 ἐτέλει
3421 1448 3518 1499 καὶ
3544 1447 3645 1515 τῆς
3690 1446 3850 1516 ζωῆς

2266 1532 2528 1603 ἐξήλαυνε
2560 1534 2637 1603 (4)
2667 1534 2759 1587 τὸν
2792 1537 2891 1589 οὐκ
2924 1537 2989 1590 ἂν
3012 1538 3172 1593 τοῦτο
3207 1538 3469 1605 παθόντα,
3501 1543 3549 1593 εί
3582 1540 3656 1611 μὴ
3683 1541 3851 1604 αὐτὸς

2266 1628 2363 1700 τὴν
2381 1629 2676 1700 θεραπείαν
2703 1630 2993 1699 ὑπέσχετο.
3022 1629 3181 1685 Οὕτω
3227 1631 3358 1699 γοῦν
3388 1632 3585 1685 θᾶττόν
3630 1649 3690 1685 τε
3751 1632 3852 1685 καὶ

2265 1721 2581 1790 περιφανῶς
2610 1722 2710 1791 τῆς
2732 1722 2989 1786 ἀσεϐείας
3022 1739 3085 1775 τε
3127 1723 3223 1776 καὶ
3249 1723 3569 1787 ἀλαζονείας
3618 1723 3711 1775 τοῦ
3747 1739 3853 1775 κα-

2266 1814 2584 1884 κοδαίμονος
2657 1814 3128 1885 στηλιτευθείσης,
3210 1816 3439 1887 εἱρκτὴν
3518 1815 3850 1886 κακούργων

578 1922 741 1961 causa
772 1906 870 1960 fuit
905 1925 917 1961 :
954 1922 1081 1960 nam
1114 1905 1239 1976 quia
1272 1904 1563 1959 scelestum
1594 1904 1743 1958 illum
1768 1919 1878 1958 non
1909 1913 2152 1959 accurate

2268 1905 2437 1957 οίκεῖν
2467 1907 2495 1958 6
2524 1906 2727 1971 πλάνος
2764 1907 3215 1970 καταδικάζεται.
3250 1906 3503 1977 Ἀλλ⁹δγε
3530 1907 3722 1971 δοῦλος
3768 1907 3847 1961 ὢν

578 1998 973 2063 custodierant,
1011 1996 1192 2068 capite
1222 2011 1417 2051 omnes
1448 1995 1587 2066 plexi
1623 2005 1773 2049 sunt.

2270 1997 2367 2049 καὶ
2385 1996 2639 2065 δουλικῆς
2659 1993 2853 2069 τέχνης
2873 1998 3153 2070 ἔμπειρος,
3187 1999 3342 2064 εἰδώς
3369 2017 3426 2052 τε
3476 1999 3722 2072 ἀκριϐῶς
3768 1999 3848 2063 ὡς

576 2091 738 2158 φόνου
775 2088 929 2150 δίκας
955 2088 1211 2158 ὑποσχεῖν
1243 2086 1344 2139 οὐκ
1380 2086 1460 2149 είς
1512 2085 1728 2157 μακράν
1780 2084 1929 2137 ἐστιν
1979 2083 2153 2149 ἄξιος,
2199 2084 2293 2137 ἆτε
2320 2086 2385 2159 δὴ
2409 2090 2474 2159 τῇ
2502 2087 2623 2141 καθ’
2672 2089 2865 2142 ἑαυτὸν
2930 2089 3239 2161 ἀποστασία
3284 2090 3376 2143 τὸν
3414 2090 3683 2155 βασίλειόν
3746 2092 3850 2143 ἀν·

575 2183 712 2238 ελὼν
746 2184 933 2248 παῖδα,
983 2180 1271 2250 διαφεύγει
1305 2180 1401 2234 τοῦ
1460 2182 1783 2250 οἰκήματος,
1831 2179 1926 2231 καὶ
1958 2178 2167 2247 γίνεται
2202 2176 2311 2231 τῶν
2338 2179 2767 2249 δεσμοφυλάκων
2790 2179 3023 2236 θανάτου
3086 2181 3397 2253 παραίτιος.
3446 2182 3559 2236 Καὶ
3591 2183 3701 2254 γὰρ
3760 2182 3849 2235 ὅτι

575 2277 654 2348 μὴ
686 2275 941 2344 ἀσφαλῶς
965 2275 1194 2347 ἐτήρουν
1232 2271 1322 2326 τὸν
1365 2272 1666 2342 ἀλιτήριον,
1704 2271 1803 2341 τῆς
1868 2269 2115 2340 κεφαλῆς
2162 2269 2557 2344 ἐζημιώθησαν
2584 2273 2848 2338 ἅπαντες.

650 2370 788 2425 .\'lll.
816 2370 885 2422 At
916 2369 1008 2423 hic
1040 2382 1251 2430 servus,
1284 2380 1429 2428 erro,
1463 2363 1737 2419 homicida
1758 2362 1965 2418 carceri
1998 2377 2155 2417 man-

575 2462 807 2530 cipatus,
832 2457 1053 2514 advenit
1080 2456 1345 2528 profugus
1390 2456 1446 2510 in
1474 2453 1944 2524 Mesopotamiam,
1974 2462 2028 2507 et
2054 2453 2151 2507 de-

576 2552 829 2608 fectionis
854 2567 965 2607 suae
988 2550 1196 2604 zizania
1223 2564 1438 2605 rursum
1460 2561 1643 2602 serere
1661 2546 1874 2616 incipit.
1911 2543 2152 2600 Carcha-

578 2663 759 2701 rerum
786 2656 965 2700 autem
980 2643 1288 2713 episcopus,
1306 2641 1390 2695 cui
1413 2655 1612 2695 nomen
1630 2638 1947 2703 Archelaus,
1976 2638 2057 2692 vir
2074 2652 2154 2692 sa-

574 2738 1051 2793 ceretdivinarum
1074 2735 1549 2801 humanarumque
1563 2747 1743 2785 rerum
1765 2730 2149 2800 peritissimus,

555 2827 802 2881 .collecta
830 2826 1144 2880 Graecorum
1177 2838 1276 2878 seu
1315 2822 1599 2893 gentilium
1632 2822 1939 2875 auditorum
1968 2836 2153 2886 manu,

574 2936 647 2975 ne
657 2916 1371 2986 Christianisjudicantibus
1386 2916 1584 2969 veritas
1599 2930 1695 2984 per
1709 2914 1953 2968 favorem
1972 2915 2158 2968 trium-

576 3014 773 3083 phasse
790 3011 1082 3073 videretur,
1104 3008 1352 3062 instituta
1374 3008 1635 3062 adversus
1662 3007 1859 3061 manias
1876 3006 2159 3079 cognomi-

2338 2364 2421 2417 ll‘.
2469 2364 2609 2419 Ἀλλ’
2634 2357 2792 2430 οὗτος
2830 2368 2859 2419 6
2896 2366 3104 2433 δοῦλος,
3135 2368 3230 2423 καὶ
3268 2368 3492 2433 πλάνος,
3526 2369 3617 2421 καὶ
3644 2369 3848 2438 φονεὺς

2262 2454 2356 2508 κα)⁸
2380 2455 2603 2527 δέσμιος
2626 2458 2804 2528 φυγὰς
2832 2459 3245 2531 καταλαμϐάνει
3266 2461 3366 2533 τὴν
3390 2462 3843 2531 Μεσοποταμίαν,

2260 2551 2357 2603 καὶ
2391 2553 2638 2623 σπείρειν
2661 2555 2825 2609 πάλιν
2876 2556 3189 2628 ἀπάρχεται
3233 2557 3301 2611 τὰ
3339 2557 3441 2627 τῆς
3497 2558 3847 2619 ἀποστασίας

2262 2644 2495 2710 ζιζάνια.
2540 2649 2594 2702 '0
2617 2649 2675 2703 δὲ
2709 2649 2817 2704 τῶν
2842 2652 3154 2724 Καρχάρων
3179 2652 3480 2718 ἐπίσκοπος
3499 2655 3575 2726 (5)
3609 2654 3844 2726 (Ἀρχέ-

2256 2734 2383 2798 λαος
2403 2738 2476 2806 (6)
2496 2738 2663 2793 αὐτοῦ
2688 2740 2882 2812 ὄνομα,
2904 2738 3042 2814 ἀνὴρ
3063 2743 3227 2816 ἱερὸς,
3249 2744 3345 2799 κα).
3364 2746 3489 2815 περ).
3505 2743 3698 2813 λόγους
3712 2745 3849 2810 τούς

2259 2845 2318 2881 τε
2347 2828 2524 2892 θείους
2549 2831 2642 2883 καὶ
2664 2832 2791 2895 τοὺς
2822 2832 3200 2904 ἀνθρωπίνους
3226 2834 3575 2907 περιδέξιος),
3595 2836 3846 2907 Ἑλληνι-

2262 2920 2357 2973 κὸν
2387 2923 2784 2993 ἀθροισάμενος
2822 2928 3209 2998 ἀκροατήριον,
3232 2928 3317 2981 ἴνα
3338 2927 3413 3000 μὴ
3428 2928 3555 3002 δόξῃ
3576 2930 3620 2982 Χ
3629 2947 3849 3001 ριστια-

2264 3012 2368 3065 νῶν
2397 3015 2693 3084 κρινόντων
2714 3016 2997 3088 φιλοτιμίᾳ
3027 3018 3327 3089 λαμϐάνειν
3354 3022 3422 3073 τὰ
3470 3023 3766 3093 νικητήρια
3800 3024 3842 3093 ἡ

575 3120 702 3158 nem
728 3102 814 3173 pia
839 3102 1232 3172 disputatione,
1259 3099 1640 3169 impiissimum
1667 3098 1945 3153 hominem
1964 3098 2036 3152 ita
2057 3113 2152 3167 pu-

2260 3103 2508 3173 ἀλήθεια,
2531 3106 2665 3175 πρὸς
2677 3105 2768 3158 τὸν
2787 3107 2888 3175 τῆς
2914 3108 3113 3176 μανίας
3135 3107 3424 3179 ἐπώνυμον
3440 3112 3531 3164 τὸν
3553 3111 3654 3181 τῆς
3677 3112 3844 3164 εὐσε-

574 3192 1176 3257 defecitetconfutavit,
1197 3201 1257 3246 ut
1279 3191 1407 3245 inde
1425 3190 1608 3245 statim
1635 3188 1955 3259 aufugeret,
1988 3199 2043 3243 et
2059 3189 2157 3244 de-

2263 3195 2415 3259 ϐείας
2429 3198 2760 3268 ἀνακινήσας
2770 3198 2947 3268 λόγον,
2968 3200 3111 3254 οὕτω
3128 3202 3471 3274 κατῄσχυνεν
3510 3203 3604 3256 καὶ
3625 3204 3846 3273 διήλεγ-

576 3286 829 3342 fectionis
869 3284 987 3354 ejus
1042 3283 1251 3339 semina
1285 3282 1491 3336 nullam
1526 3280 1601 3336 ibi
1661 3282 1901 3335 radicem
1953 3295 2152 3351 ponere

2263 3284 2319 3349 ξε
2338 3285 2427 3339 τὸν
2444 3285 2726 3357 τρισαλιτή
2737 3304 2873 3358 ριον,
2905 3285 2979 3352 ὡς
3002 3287 3199 3341 αὐτίκα
3221 3306 3278 3342 τε
3296 3290 3486 3359 φυγεῖν
3508 3290 3560 3360 (7
3564 3300 3583 3360 )
3602 3287 3844 3353 ἐκεῖθεν,

579 3388 819 3451 possent.
847 3377 981 3432 Hinc
1016 3378 1278 3448 profugus
1308 3377 1491 3430 vicum
1536 3376 1829 3446 quemdam
1862 3375 2157 3446 ignobilem

579 3476 834 3539 occupat,
875 3470 1060 3539 ibique
1116 3483 1329 3523 rursum
1381 3467 1717 3537 impietatem
1761 3482 1915 3521 suam
1971 3466 2158 3521 fovere

575 3573 635 3618 et
664 3562 968 3631 patefacere
997 3560 1214 3631 satagit.
1253 3560 1361 3616 Sed
1394 3559 1613 3614 fervens
1642 3559 1733 3614 ille
1772 3558 1991 3629 pietatis
2032 3573 2158 3629 pro-

578 3662 843 3725 pugnator
879 3662 935 3706 et
958 3666 1087 3705 vere
1116 3660 1302 3720 pastor
1332 3650 1635 3705 Archelaus
1671 3666 1798 3704 cum
1829 3666 1940 3706 non
1982 3650 2157 3707 modi-

2260 3378 2357 3431 καὶ
2394 3378 2527 3448 μηδὲ
2561 3380 2702 3449 φυὴν
2745 3379 2930 3435 λαϐεῖν
2987 3382 3055 3439 τὰ
3114 3384 3215 3452 τῆς
3263 3382 3599 3445 ἀποστασίας
3664 3383 3843 3436 αὑτοῦ

2262 3468 2574 3538 σπέρματα.
2634 3467 2777 3522 Ἀλλ’
2842 3471 3051 3524 ἐκεῖθεν
3103 3472 3346 3541 ἀποδρὰς
3420 3474 3842 3542 καταλαμϐάνει

2258 3558 2452 3631 κώμην
2489 3560 2610 3614 τινὰ
2636 3561 2745 3614 τῶν
2777 3562 3194 3617 εὐτελεστάτων.
3258 3565 3438 3619 Κάκεῖ
3469 3565 3632 3618 πάλιν
3682 3568 3831 3619 ὐπο-

2258 3648 2483 3703 θάλπειν
2543 3652 2855 3721 ἐμηχανᾶτο
2907 3653 3003 3706 καὶ
3056 3653 3480 3724 παραδεικνύειν
3518 3656 3579 3709 τὸ
3631 3658 3843 3712 οἰκεῖον
3880 3688 3909 3715 ο

576 3763 696 3801 cam
722 3746 903 3801 ovium
934 3760 1118 3798 curam
1150 3755 1388 3814 gereret,
1420 3758 1531 3797 non
1563 3744 1747 3813 segnis
1775 3751 1893 3797 erat
1930 3742 1985 3795 in
2026 3757 2152 3811 per-

2258 3737 2592 3808 δυσσέϐημα.
2638 3739 2780 3793 Ἀλλ’
2826 3743 2855 3794 6
2881 3740 3083 3812 θερμὸς
3110 3742 3210 3813 τῆς
3243 3744 3523 3809 εὐσεϐείας
3547 3747 3624 3817 (8)
3656 3748 3840 3818 ὑπέρ-

576 3838 857 3908 sequendo
888 3853 974 3902 eo,
1004 3836 1097 3905 qui
1135 3836 1329 3889 saevior
1382 3836 1533 3903 lupo,
1573 3836 1628 3889 in
1674 3851 1892 3906 gregem
1939 3835 2151 3889 discer-

2258 3846 2449 3898 μαχος,
2490 3831 2585 3883 καὶ
2635 3830 2712 3895 ὠς
2754 3831 2972 3901 ἀληθῶς
3027 3835 3233 3906 ποιμήν
3278 3836 3589 3908 Ἀρχέλαος,
3624 3841 3686 3893 οὑ
3728 3841 3839 3913 τὴν

575 3929 807 3998 pendam
885 3928 1273 3981 insurrexerat.
1358 3924 1722 3991 Quamobrem
1802 3926 1889 3980 ille
1956 3926 2151 3980 mania:

2258 3922 2519 3993 τυχοῦσαν
2540 3923 2648 3979 τῶν
2690 3924 2979 3994 προϐάτων
3013 3926 3339 3995 ποιούμενος
3389 3932 3671 4000 πρόνοιαν,
3726 3934 3833 3985 οὐκ

574 4020 935 4091 cognominis,
963 4018 1054 4090 qui
1078 4018 1348 4087 ejusmodi
1377 4018 1476 4073 viri
1510 4017 1854 4087 praesentiam
1888 4028 2001 4072 non
2033 4017 2150 4072 sine

2258 4014 2616 4086 ὲνερραθύμει
2672 4014 2889 4069 διώκειν
2933 4016 3024 4070 τὸν
3078 4019 3403 4093 πικρότερον
3464 4021 3627 4077 λύκου
3653 4023 3729 4095 (9)
3765 4026 3839 4079 τὸ

575 4128 768 4184 magna
812 4110 1085 4165 anxietate
1121 4109 1448 4174 sustinebat,
1498 4108 1727 4179 aufugit,
1754 4116 1810 4162 et
1861 4108 2040 4163 eloco
2089 4109 2146 4164 in

2258 4107 2503 4176 ποίμνιον
2540 4106 2975 4177 διασπαράσσειν
3014 4109 3472 4181 ἐπανιστάμενον.
3515 4114 3605 4167 Διὸ
3660 4116 3835 4170 πάλιν

573 4205 754 4259 locum
800 4202 1165 4272 transmigrat.
1194 4202 1332 4257 Dum
1388 4200 1468 4256 sic
1501 4208 1807 4273 vagaretur,
1856 4199 2145 4256 Persarum

2258 4198 2478 4262 ἐκεῖθεν,
2516 4199 2544 4250 ό
2593 4198 2693 4267 τῆς
2749 4198 2946 4268 μανίας
2971 4199 3281 4271 ἐπώνυμος,
3329 4204 3439 4257 οὐδ’
3500 4206 3671 4277 αὐτὴν
3721 4207 3829 4280 τὴν

573 4295 715 4363 regis
763 4294 1046 4356 satellites,
1102 4292 1192 4362 qui
1249 4300 1430 4347 sectas
1466 4301 1581 4346 tum
1618 4292 1821 4361 ubique
1864 4292 2147 4363 perquire-

2258 4289 2551 4359 παρουσίαν
2596 4288 2725 4343 ἄνευ
2752 4290 3020 4363 *μεγάλης
3080 4292 3324 4361 ἀγωνίας
3387 4295 3629 4363 ὑποστὰς
3681 4299 3825 4353 ἀπο-

570 4387 725 4455 bant,
761 4358 1221 4456 comprehensum
1272 4383 1554 4439 adducunt
1592 4358 1838 4438 vinctum
1865 4358 2141 4450 —ad_eum,

2258 4358 2541 4451 ςιδράσκει,
2574 4382 2668 4436 καὶ
2721 4358 2885 4436 τόπον
2937 4358 3003 4437 ἐκ
3038 4358 3209 4439 τόπου
3249 4386 3557 4458 διήμειϐεν,
3606 4358 3676 4445 ῥὲν
3735 4388 3823 4457 οἷς

1650 4499 1886 4556 VARI/ﬁ
1913 4497 2293 4555 LECTIONES
2330 4496 2421 4553 ET
2458 4496 2691 4555 ΝΟΤᾸΞ.

762 4592 1301 4675 Ἀπετόλμησςρκίιξι
1328 4590 1453 4673 lego
1496 4607 1620 4647 eum
1675 4603 1866 4648 nostro
1915 4602 1971 4648 et
2018 4592 2143 4647 (Ζοι-
2174 4594 2219 4649 D
2249 4601 2478 4673 uterque
2518 4591 2570 4645 in
2599 4592 2894 4675 praemissis
2936 4594 3001 4675 de
3052 4594 3815 4675 Archelao.veterumtesti-

571 4661 812 4737 bert‘ino.
846 4677 1090 4737 pro_quu
1121 4661 1505 4737 Coislinianus,
1545 4678 1722 4737 sensu
1754 4678 2135 4737 prorsus_con-
2247 4662 2465 4737 maniis,
2493 4661 2722 4732 quaeque
2750 4664 3020 4737 posterior
3055 4665 3110 4720 in
3139 4664 3382 4721 Biblioth.
3413 4668 3594 4723 Grcrca
3626 4671 3718 4725 lib.
3759 4691 3816 4737 ν,

570 4731 991 4810 trario,nnec_ob
1023 4739 1339 4810 contextum
1382 4731 1610 4810 ferendo
1637 4731 1935 4810 habenam:
1978 4733 2135 4810 ῥτόλ-
2245 4747 2299 4810 p.
2330 4732 2458 4810 262,
2504 4731 2854 4810 commentati
2902 4742 3049 4810 sunt,
3090 4749 3241 4810 _nee__
3268 4746 3473 4792 temere
3518 4731 3816 4810 quidquam

572 4819 737 4883 μησε.
754 4801 989 4883 Omnino
1010 4801 1155 4854 enim
1176 4801 1250 4883 id_,
1274 4801 1417 4883 quod
1443 4802 1696 4883 refertur,
1720 4803 1926 4883 auilsba
1937 4812 1966 4883 ι.
1978 4802 2142 4857 homo

570 4872 790 4941 impius,
821 4880 896 4943 et,
914 4886 1077 4940 quam
1095 4872 1530 4943 νοιὰποτολμᾷν
1552 4873 1737 4939 infert,
1778 4872 1969 4927 eﬂ'reni
2008 4889 2140 4942 qua-

574 4944 697 4995 dam
730 4942 976 4995 audacia.

643 5012 716 5081 (ὃ)
750 5011 865 5063 Δύο
906 5011 1001 5063 καὶ
1052 5008 1223 5062 δέκα.
1289 5008 1515 5063 Nomina
1567 5028 1757 5067 eorum
1819 5012 1936 5081 lege
1997 5012 2141 5081 apud

542 5080 791 5137 ‘l'etrum
816 5081 1082 5152 Siculum,
1116 5095 1169 5152 ρ.
1194 5080 1297 5145 5ος
1330 5088 1384 5133 et
1411 5091 1677 5144 nostrum,
1713 5081 1740 5152 §
1774 5082 1858 5135 14.

645 5153 719 5222 (.5)
755 5150 1202 5222 ‘Efrixavrtha
1226 5166 1289 5203 ex
1314 5160 1504 5204 nostro
1532 5167 1628 5219 pro
1653 5150 1882 5221 simplici
1917 5150 2137 5222 ήλαυνε.

554 5248 557 5253 λ
642 5221 717 5289 (5)
752 5221 1453 5291 Κᾳρχάρωνίέπίσκοπος.
1504 5222 1583 5276 Ita
1626 5238 1656 5276 a
1693 5221 1946 5291 pluribus
1980 5238 2141 5277 voca-

572 5300 659 5344 tur
701 5289 1016 5363 Archelaus,
1058 5290 1408 5356 Carrharum,
1462 5293 1604 5363 quod
1639 5289 1938 5362 genuinum
1990 5294 2140 5349 urbis

570 5376 771 5415 nomen
805 5369 908 5422 est,
933 5361 1237 5429 episcOpns.

643 5430 718 5500 (6)
766 5428 1133 5498 Ἀρχέλαος(
1161 5428 1338 5500 Hujus
1388 5429 1697 5499 Disputatio
1743 5448 1863 5485 eum
1922 5432 2138 5487 Manete

568 5500 715 5554 edita
750 5515 897 5554 nunc
926 5510 1103 5554 exstat
1161 5502 1213 5552 in
1276 5499 1437 5553 Laur.
1500 5501 1798 5556 Alexandri
1856 5500 2133 5566 Zaeagnii.

567 5568 914 5624 Collectaneis
953 5572 1402 5624 Monumentorum
1452 5569 1710 5634 Veterum,
1746 5571 1931 5625 Romae
1984 5573 2132 5634 1698,

567 5641 748 5714 editis,
780 5639 1076 5714 _hinc_v_ero
1100 5640 1157 5714 in
1185 5640 1532 5714 volumine]!
1583 5639 1820 5714 Qpcrrum
1866 5641 2135 5714 Hippolyti

565 5726 593 5762 a
657 5709 834 5764 ccleb.
879 5708 1150 5782 VF‘abricio
1206 5718 1395 5764 nostro
1448 5707 1759 5782 llattibitt'gi,
1818 5707 2132 5779 an."17f8,

566 5788 793 5849 curato;
819 5779 1062 5847 mihique
1085 5796 1182 5849 pro
1199 5794 1286 5843 eo,
1325 5794 1434 5847 quo
1470 5780 1631 5834 inme
1658 5779 1831 5834 fertur
1870 5799 2054 5838 amore
2070 5800 2136 5839 ac

566 5848 970 5915 benevolentia,
1018 5849 1306 5918 inscripto,
1342 5866 1395 5918 p.
1466 5849 1567 5904 1⁵54
1625 5866 1775 5920 seqq.
1817 5851 1956 5924 Lege
2009 5869 2131 5923 qua:

2246 4802 2607 4880 desiderabis.
2648 4804 2791 4880 Inter
2820 4803 3276 4880 _testimonia__ill_a
3336 4802 3552 4880 exstant
3594 4802 3816 4880 quoque

2244 4872 2371 4926 bina
2405 4872 2577 4925 Photii
2614 4872 2784 4925 nostri
2820 4873 2958 4937 loca,
3002 4888 3124 4926 cum
3154 4875 3491 4931 Holsteniaui
3528 4872 3700 4935 nostri
3723 4872 3818 4939 Ἰε-

2247 4943 2429 5021 ctione
2456 4943 3137 5021 prorsus-consentientis
3174 4945 3275 5021 nisi
3303 4948 3450 5021 quod
3470 4964 3566 5017 pro
3590 4951 3817 5021 Καρχά.

2246 5030 2356 5092 ρων
2406 5013 2617 5092 legatur
2653 5012 2987 5092 Xepxdpow,
3014 5013 3185 5092 “sicut
3230 5012 3598 5072 Coi’slinianus
3649 5012 3812 5092 Μιῖρ-

2244 5082 2425 5152 χάρων
2461 5081 2873 5135 tuendosisSime
2907 5082 3139 5135 exhibet.

2315 5153 2390 5221 (7)
2418 5155 2485 5204 Τε
2533 5152 2878 5226 φιυγτεζνηιιιι
2916 5167 3136 5226 repono
3194 5168 3261 5226 ex
3311 5164 3499 5208 nostro
3537 5173 3636 5226 pro
3678 5177 3811 5214 κατ-

2251 5221 2475 5289 έφυγεν,
2514 5222 2658 5290 quod
2699 5221 2865 5275 habet
2907 5222 2989 5275 Cl.
3041 5221 3481 5280 Montfaueonius
3503 5221 3566 5280 ei
3612 5228 3811 5284 Coisli-

2242 5293 2429 5367 piano.
2462 5291 2711 5367 Nostram
2759 5291 3049 5367 lectionem
3095 5294 3293 5367 astruit
3324 5294 3625 5365 Zacagnius
3669 5299 3807 5367 l.c.,

2396 5362 2676 5481 siquentia
2720 5362 2816 5414 καὶ
2848 5361 2984 5432 μηδὲ
3012 5363 3155 5430 φυὴν
3185 5362 3370 5418 λαϐεῖν
3413 5361 3639 5422 omnino
3700 5361 3806 5439 po;

2242 5445 2267 5481 s
2295 5448 2325 5481 υ
2352 5448 2419 5481 an
2456 5471 2468 5481 .

2239 5440 2468 5484 stulant.

2312 5502 2389 5572 (8)
2420 5502 2764 5575 Εὐσεόείᾳς,
2808 5500 3049 5569 Pietatis,
3080 5516 3180 5570 pro
3228 5519 3337 5573 quo
3385 5506 3669 5575 impietatis
3704 5525 3807 5564 vox

2240 5572 2293 5625 in
2328 5573 2637 5625 versionem
2670 5572 2986 5639 irrepserat.

2311 5642 2387 5713 (9)
2408 5642 2766 5713 Πικρότερον
2781 5641 3007 5713 λύκουτ
3037 5639 3113 5695 Ita
3144 5642 3306 5697 malui
3339 5661 3405 5701 ex
3450 5657 3807 5709 nostro,cum

2237 5710 2347 5781 quo
2366 5710 2735 5787 etconspigat
2772 5710 3114 5787 _Za_cagnius,_
3138 5729 3237 5781 pro
3270 5718 3596 5787 πικρότερον
3622 5718 3805 5781 λύγον,

2237 5780 2383 5856 quod
2431 5780 3031 5856 habcthoislinianus.
3083 5780 3290 5839 Sensus
3330 5780 3384 5842 id
3441 5780 3663 5845 omnino
3708 5780 3804 5845 lla?

2238 5854 2392 5926 gitat.
