4088 6430
506 433 578 499 43
1646 426 1915 489 PHOTII
1953 424 2098 487 PAT

2204 421 2470 483 ARCH/E
2508 421 2618 482 CP.
3716 415 3787 477 44

507 548 679 613 leant;
714 554 854 600 tum
885 542 1032 614 quod
1094 538 1631 596 irrationabilitatcm
1681 546 2087 609 praeceptorum

2204 551 2304 587 στα
2327 533 2431 602 τῆς
2462 532 2642 586 αὐτῶν
2683 529 3004 594 δυσσεϐείας
3032 529 3562 601 παρακατασχόντας
3594 531 3788 601 ἀνέχε-

504 637 806 695 ratiociniis
846 634 1118 706 subjicere
1144 648 1253 688 non
1286 631 1517 704 possint,
1584 640 1702 685 tum
1736 630 1900 685 etiam
1944 629 2091 699 quod

504 738 755 786 metuant
780 735 837 783 et
883 734 1133 790 caveant,
1190 728 1260 779 ne
1313 723 1677 795 opprobrium
1731 722 1903 776 risum
1929 729 2091 791 atque

505 822 693 877 odium
739 819 885 890 apud
933 833 1129 874 omnes
1174 815 1281 871 sibi
1348 815 1665 870 concilient.
1718 811 2091 880 Quamobrem

510 914 629 968 hac
654 928 830 982 nuper
860 920 1053 965 exorta
1103 917 1352 964 veterum
1396 907 1610 960 illorum
1666 904 2093 962 abominationis

506 1004 789 1060 seminum
824 1002 1124 1065 fruticatio,
1158 1009 1220 1054 ut
1253 1014 1418 1069 supra
1446 999 1703 1063 diximus,
1726 1014 1848 1068 qua:
1884 998 1953 1052 ab
1984 997 2091 1050 illis

505 1095 635 1151 olim
661 1093 936 1165 magistris
964 1092 1168 1161 scripto
1208 1089 1315 1144 sibi
1340 1091 1538 1145 tradita
1573 1094 1935 1159 sunt,’neque
1971 1105 2091 1143 am-

505 1188 842 1258 plectuntur,
884 1200 1062 1254 neque
1100 1183 1769 1252 tuentur;sediis-solum
1801 1197 1860 1236 se
1915 1181 2093 1235 adhae-

509 1294 631 1334 rere
661 1279 814 1333 vafre
860 1284 917 1332 et
940 1276 1133 1331 callide
1158 1276 1440 1337 simulant,
1493 1275 1547 1329 in
1579 1275 1779 1344 quibus
1812 1272 2092 1327 Dominica

503 1372 722 1425 oracula
756 1378 811 1424 et
844 1370 1027 1440 magni
1049 1369 1277 1439 apostoli
1311 1368 1462 1423 Pauli
1509 1366 1768 1438 Epistolae
1806 1366 2094 1436 descripta:

503 1473 657 1528 sunt;
683 1462 963 1516 nonnullis
991 1461 1156 1516 etiam
1182 1462 1316 1515 Acta
1334 1461 1709 1530 apostolorum
1729 1468 1785 1514 et
1808 1458 2093 1513 catholica

505 1553 783 1623 Epistolze,
821 1561 1018 1623 praeter
1064 1568 1179 1617 eas,
1235 1568 1357 1622 quze
1403 1552 1678 1623 coryphaei
1722 1551 1912 1621 (Petri)
1938 1558 2091 1615 sunt,

503 1644 892 1699 admittuntur.
928 1641 1257 1713 Hujusmodi
1288 1658 1440 1697 sacra
1488 1642 1705 1713 eloquia
1737 1641 1879 1696 tueri
1924 1656 1983 1695 se
2019 1639 2094 1694 si-

504 1735 738 1798 mulant,
772 1742 945 1789 uteos
962 1735 1056 1805 qui
1083 1734 1229 1789 circa
1252 1735 1400 1804 piam
1423 1734 1744 1806 religionem
1782 1732 2095 1788 hebetiores

503 1836 559 1883 et
586 1826 953 1896 imperitiores
978 1834 1128 1889 sunt,
1158 1825 1374 1881 facilius
1398 1826 1653 1895 decipere
1687 1835 1910 1896 queant,
1938 1826 2095 1895 quasi

2196 626 2324 679 σθαι
2356 624 2453 679 τοῦ
2489 622 2681 677 λοιποῦ
2739 622 2993 693 στέργειν
3030 622 3217 675 ἐκεῖνα
3263 622 3362 675 καὶ
3401 622 3786 693 ἀποδέχεσθαι,

2190 718 2347 771 τοῦτο
2383 717 2481 788 μὲν
2507 717 2567 771 τὸ
2616 714 3025 785 ἀνυπέρϐλητον
3068 715 3168 784 τῆς
3209 713 3498 784 βδελυρίας
3542 714 3605 768 ού
3667 715 3791 770 στέ-

2192 827 2391 880 γοντας
2410 809 2544 879 (15),
2577 807 2737 862 τοῦτο
2766 808 2824 860 δὲ
2867 807 2978 861 τῶν
3022 808 3470 880 προσταγμάτων
3501 805 3562 859 τὸ
3600 806 3791 874 ἀλόγι-

2194 926 2319 962 στον
2337 908 2622 977 λογισμοῖς
2647 905 2975 959 ὑποϐάλλειν
3002 906 3104 958 οὐκ
3127 905 3373 975 ἔχοντας,
3404 903 3565 959 τοῦτο
3611 904 3667 958 δὲ
3693 904 3790 957 τὸν

2193 1000 2347 1070 παρά
2370 1001 2539 1053 πᾶσιν
2564 998 2767 1052 δνειδον
2803 998 2901 1051 καὶ
2940 998 3039 1069 τὴν
3080 997 3301 1069 χλεύην,
3351 997 3448 1052 καὶ
3486 996 3579 1050 τὸν
3625 997 3793 1052 κατά·-

2191 1092 2369 1160 γελων
2414 1089 2511 1142 καὶ
2573 1089 2635 1142 τὸ
2674 1091 2833 1158 μῖσος
2898 1087 3089 1160 ὥσπερ
3153 1088 3644 1159 διευλαϐουμένους
3694 1092 3792 1141 καὶ⁹

2192 1182 2609 1245 ἀποκλίνοντας.
2653 1182 2753 1235 Διά
2784 1180 2945 1235 τοῦτο
2979 1182 3076 1237 καὶ
3107 1183 3247 1255 αὕτη
3300 1184 3335 1253 ἡ
3375 1180 3646 1252 νεοφανὴς
3675 1179 3788 1233 τῶν

2194 1274 2446 1328 παλαιῶν
2475 1274 2703 1328 ἐκείνων
2739 1276 2837 1345 τῆς
2880 1273 3172 1347 βδελυρίας
3213 1273 3545 1346 σπερμάτων
3595 1288 3781 1340 παρα-

2201 1365 2368 1436 φυάς,
2404 1365 2595 1438 ὥσπερ
2631 1368 2729 1421 καὶ
2758 1366 2995 1439 πρόσθεν
3023 1368 3258 1438 ἔφημεν,
3300 1367 3372 1420 τὰ
3398 1365 3530 1437 παρ’
3566 1365 3791 1419 ἐκείνων

2194 1460 2301 1512 τῶν
2360 1461 2704 1516 διδασκάλων
2776 1463 3077 1533 ἐγγράφως
3116 1464 3306 1525 αὐτοῖς
3374 1458 3786 1529 συντεταγμένα

2194 1554 2256 1606 ού
2340 1554 2439 1624 μὲν
2498 1550 2592 1609 οὖν
2665 1556 2765 1609 οὐκ
2823 1554 3137 1623 ἀγαπῶσιν,
3198 1555 3324 1609 οὐδὲ
3386 1553 3769 1625 περιέπουσιν.

2220 1645 2360 1698 Ἀλλ’
2389 1646 2621 1710 ἐκείνοις
2657 1648 2838 1718 μόνοις
2857 1647 3183 1718 κακούργως
3217 1647 3309 1699 καὶ
3332 1643 3590 1717 πονηρῶς
3621 1661 3795 1715 προσ·-

2197 1736 2415 1808 ανέχειν
2487 1739 2950 1804 ὑποπλάττονται,
3027 1742 3085 1792 ὲν
3169 1732 3248 1802 οἷς
3320 1738 3389 1790 τά
3426 1754 3484 1790 τε
3530 1735 3792 1803 Κυριακὲ

2199 1832 2620 1903 ἀναγέγραπται
2680 1833 2837 1901 λόγια
2899 1834 2995 1886 καὶ
3039 1832 3135 1884 τοῦ
3198 1831 3436 1902 μεγάλου
3491 1829 3794 1884 ἀποστόλου

503 1917 572 1971 ab
607 1917 731 1987 ipso
751 1917 973 1972 Christo
1004 1926 1061 1972 et
1087 1933 1119 1971 a
1150 1916 1437 1987 discipulis
1486 1916 1608 1987 ejus
1662 1933 1726 1973 ea
1758 1916 2091 1988 receperint,

2204 1896 2487 1977 Παύλουαί
2521 1896 2855 1991 Ἐπιστολαὶ,
2883 1926 2978 1977 καλ⁵
3000 1925 3129 1995 παρ’
3154 1896 3317 1986 ἐνίοις
3348 1922 3457 1975 τῶν
3480 1921 3797 1976 ἀποστόλων

502 2024 625 2079 qua;
652 2008 977 2065 defectionis
1006 2024 1120 2064 suae
1152 2009 1365 2065 insania
1398 2009 1630 2079 peperit.

2202 2013 2260 2064 αἱ
2292 2014 2549 2086 Πράξεις,
2583 2016 2677 2068 καὶ
2702 2015 2810 2068 τῶν
2858 2013 3181 2069 Καθολικῶν
3208 2015 3331 2068 ὅσαι
3374 2011 3527 2084 παρὰ
3564 2010 3665 2075 τὰς
3698 2008 3796 2064 τοῦ

505 2105 803 2178 κορυφαίου
833 2106 1217 2177 τυγχάνουσιν.
1266 2104 1486 2159 Τούτων
1514 2105 1570 2158 δὲ
1621 2103 1730 2158 τῶν
1788 2104 1951 2175 ἱερῶν
2022 2106 2424 2164 ἀντιποιεῖσθαι
2485 2111 2916 2183 σχηματίζονται
2961 2110 3181 2181 λογίων,
3244 2110 3321 2173 ὡς
3360 2110 3427 2163 ἂν
3468 2111 3643 2179 ἔχοιεν
3694 2112 3798 2181 ῥᾳ-

503 2202 633 2262 δίως
662 2197 942 2270 ὲξαπατᾷν
965 2200 1094 2262 τοὺς
1121 2198 1492 2271 νωθεστέρους
1516 2215 1578 2251 τε
1635 2196 1774 2270 πρὸς
1815 2198 2099 2255 εὐσέϐειαν
2170 2203 2269 2256 καὶ
2313 2202 2754 2276 ἀμαθεστέρους,
2805 2205 2882 2269 ὡς
2926 2207 3062 2276 παρ’
3106 2205 3274 2259 αὑτοῦ
3315 2203 3554 2276 Χριστοῦ
3598 2203 3795 2275 εἴησαν

503 2287 908 2360 παρειληφότες
933 2290 1026 2344 καὶ
1053 2289 1163 2342 τῶν
1199 2290 1366 2343 αὑτοῦ
1405 2289 1686 2360 μαθητῶν,
1741 2288 1778 2344 ὃ.
1815 2290 1916 2359 τῆς
1944 2291 2289 2359 ἀποστασίας
2317 2296 2503 2360 αὐτοῖς
2533 2298 2806 2352 ἀπέτεκεν
2833 2300 2865 2369 ἠ
2895 2299 3140 2351 ἀπόνοια.

576 2381 692 2437 XV.
723 2381 823 2436 Hic
841 2383 1022 2452 itaque
1051 2380 1253 2443 Manes,
1285 2391 1449 2437 tanta:
1471 2381 1796 2437 defectionis
1812 2382 2096 2453 princeps,

504 2492 651 2532 anno
698 2474 973 2530 Valeriani
1014 2483 1069 2529 et
1152 2472 1401 2537 Gallieni,
1451 2472 1638 2528 Romae
1680 2474 2095 2544 imperatorum,

505 2583 654 2622 nono
683 2582 713 2620 e
744 2565 992 2621 custodia
1026 2563 1317 2619 Persarum
1336 2564 1549 2634 elapsos
1568 2564 1728 2634 (nihil
1750 2566 1895 2620 enim
1917 2565 2095 2636 impe-

505 2659 606 2719 dit.
630 2659 925 2729 quominus
970 2672 1033 2712 ea
1060 2672 1477 2728 persequamur,
1507 2673 1629 2727 qua:
1658 2672 1824 2728 supra
1853 2659 2096 2715 historia:

506 2752 681 2806 series
709 2751 1116 2822 prmtermisit),
1149 2760 1205 2806 et
1228 2751 1282 2804 in
1318 2751 1762 2821 Mesopotamiam
1798 2753 2095 2822 profectus,

507 2860 540 2899 a
566 2844 752 2899 divino
782 2844 1073 2910 Archelao,
1116 2854 1308 2898 sancto
1343 2844 1484 2909 viro,
1514 2845 1605 2914 qui
1636 2853 1750 2899 tum
1790 2845 2097 2900 Carcharo-

509 2956 631 2995 rum
671 2940 728 2994 in
756 2954 818 2995 ea
850 2940 1073 3011 regione
1117 2940 1317 3011 praesul
1355 2947 1493 3004 erat,
1545 2940 1731 2995 multis
1773 2941 2097 3012 magnisque

508 3037 702 3085 contra
731 3028 1069 3099 impietatem
1104 3044 1261 3083 suam
1287 3028 1626 3100 argumentis
1657 3028 1967 3100 exagitatus
1988 3039 2093 3087 est.

2279 2385 2377 2441 lE'.
2427 2388 2485 2442 Ὀ
2521 2390 2620 2460 μὲν
2648 2384 2742 2443 οὗν
2792 2389 2987 2460 Μάνης
3023 2383 3179 2452 οὗτος
3227 2388 3256 2441 ό
3316 2388 3417 2459 τῆς
3460 2387 3798 2460 τηλικαύτης

2204 2478 2544 2545 ἀποστάσιας
2585 2480 2697 2552 (16)
2747 2480 3017 2552 ἐξάρχων,
3059 2480 3169 2533 ἔτει
3209 2479 3322 2551 (17)
3369 2480 3470 2550 τῆς
3508 2480 3795 2550 βασιλείας

2204 2572 2409 2643 ὲννάτῳ
2455 2571 2825 2642 Οὐαλεριανοῢ
2853 2570 2966 2642 (18)
3010 2572 3106 2625 καὶ
3137 2571 3424 2641 Γαλιηνοῦ,
3467 2570 3518 2623 οἳ
3571 2570 3797 2640 Ῥώμης

2206 2655 2353 2730 εἶχον
2386 2660 2451 2713 τὸ
2479 2661 2751 2731 βασίλειον
2777 2662 3005 2734 κράτος,
3037 2660 3139 2730 τὴν
3171 2662 3229 2713 ὲν
3261 2661 3507 2732 Πέρσαις
3538 2660 3793 2730 φυλακὴν

2206 2753 2485 2823 διαφυγὼν
2530 2755 2703 2821 (οὐδὲν
2751 2757 2860 2827 γὰρ
2896 2755 3096 2808 κωλύει
3140 2753 3394 2815 διελθεῖν,
3432 2752 3468 2807 ἃ
3501 2754 3599 2822 τῆς
3648 2754 3797 2805 ἱστο-

2208 2845 2331 2915 ρίας
2356 2847 2384 2897 ὁ
2412 2844 2614 2916 δρόμος
2633 2844 2915 2918 παρῆλθεν
2947 2845 3204 2914 ἀνωθεν),
3238 2844 3332 2898 καὶ
3364 2847 3506 2898 κατά
3543 2846 3799 2898 Μεσοπο-

2206 2938 2410 3007 ταμίαν
2440 2938 2706 3007 γεγονὼς,
2741 2939 2845 2993 ὑπὸ
2896 2937 2991 2991 τοῦ
3028 2936 3143 3008 (l9)
3167 2938 3458 2991 θεσπεσίου
3502 2938 3799 3010 Ἀρχελάου

2207 3031 2541 3102 (Καρχάρων
2567 3031 2624 3084 δὲ
2663 3032 2761 3102 τῆς
2789 3032 2963 3100 αὐτῆς
3005 3031 3189 3104 χώρας
3217 3027 3372 3096 οὗτος
3404 3033 3433 3085 ό
3465 3032 3608 3102 ἱερὸς
3654 3034 3799 3102 ἀνὴρ

506 3123 686 3193 Atque
748 3121 875 3176 inde
914 3121 1189 3192 insperato
1246 3121 1488 3177 suffusus
1541 3122 1785 3192 pudore,
1833 3122 2098 3193 profugus

2206 3122 2398 3194 ἔφορος
2425 3119 2517 3194 ἦν)
2554 3122 2782 3185 πολλοὺς
2812 3125 2911 3193 μὲν
2955 3125 3047 3178 καὶ
3092 3125 3363 3194 μεγάλους
3393 3125 3654 3194 ἐλέγχους
3686 3126 3790 3192 τῆς

508 3214 810 3275 Dioridem,
849 3212 1253 3268 Carcharorum
1297 3215 1504 3279 vicum,
1545 3213 1695 3268 subit
1746 3229 1761 3266 :
1806 3226 1972 3284 atque
2019 3215 2097 3269 ibi

509 3322 636 3363 cum
700 3308 996 3378 Tryphone
1041 3308 1315 3377 quodam,
1370 3316 1601 3361 strenuo
1657 3315 1714 3360 et
1763 3322 1921 3362 sacro
1959 3308 2099 3373 viro,

509 3400 920 3472 presbyteratus
951 3400 1174 3471 gradum
1205 3401 1511 3466 obtinente,
1546 3416 1893 3474 congressus,
1911 3416 2101 3471 parem

511 3492 681 3548 subiit
723 3508 948 3557 casum;
978 3492 1087 3547 imo
1118 3493 1285 3547 etiam
1323 3493 1442 3563 ipse
1483 3494 1805 3560 Archelaus,
1853 3509 1980 3548 cum
2012 3508 2103 3547 se-

510 3586 798 3641 ductorem
836 3601 905 3641 eo
934 3600 992 3640 se
1022 3585 1298 3655 recepisse
1320 3586 1607 3656 comperit,
1637 3602 1765 3642 acer
1788 3586 1989 3657 quippe
2022 3585 2104 3640 vir

511 3686 650 3745 erat,
681 3686 739 3733 et
766 3679 861 3750 pio
911 3678 1094 3733 studio
1131 3678 1476 3741 movebatur,
1517 3678 1701 3732 statim
1732 3677 1787 3731 in
1829 3678 2012 3733 vicum
2045 3691 2105 3731 se

514 3770 776 3836 contulit;
806 3786 871 3825 ac
901 3779 1192 3841 postquam
1216 3769 1565 3824 seductorem
1601 3769 1751 3823 illum
1797 3768 1853 3822 in
1881 3783 2106 3839 magnas

519 3874 804 3935 angustias
835 3871 892 3918 et
932 3863 987 3917 in
1024 3863 1313 3933 pudorem,
1347 3878 1378 3917 a
1418 3876 1529 3933 quo
1562 3860 1892 3925 declinabat,
1920 3860 2107 3929 conje-

516 3956 709 4023 cisset,
736 3972 801 4012 ac
830 3957 1167 4012 exsecranda
1196 3956 1316 4027 ejus
1341 3956 1596 4027 dogmata
1626 3955 1935 4018 evertisset,
1972 3968 2108 4009 con-

513 4048 878 4119 futassetque,
918 4050 1212 4120 virumque
1250 4048 1507 4103 omnibus
1551 4046 1911 4103 deridendum
1950 4046 2103 4101 dete-

515 4141 886 4212 standumque
916 4141 1286 4213 propinasset,
1317 4155 1445 4195 eum
1476 4138 1543 4194 ad
1563 4137 1748 4210 fugam
1773 4138 1956 4194 denuo
1983 4154 2108 4208 per-

517 4234 678 4304 pulit,
726 4234 785 4290 in
825 4251 933 4306 qua
991 4234 1140 4305 quod
1176 4242 1234 4291 et
1274 4231 1532 4299 diximus,
1585 4246 1617 4287 a
1658 4232 2106 4303 perquirentibus

2208 3215 2528 3280 δυσσεϐείας
2557 3216 2840 3288 ἁπῃτήθη.
2889 3218 3131 3270 Ἐκεῖθεν
3175 3218 3231 3271 δὲ
3262 3218 3351 3271 διὰ
3400 3217 3502 3289 τὴν
3530 3217 3800 3288 ἀδόκητον

2208 3310 2472 3381 αἰσχύνην
2500 3310 2765 3381 ἀποδρὰς,
2808 3312 2886 3374 εἰς
2919 3312 3153 3382 Διωρίδα
3197 3312 3308 3381 (9.0)
3340 3296 3655 3385 καρχάρων
3687 3309 3800 3363 κώ-

2212 3419 2321 3474 μην
2344 3402 2661 3457 ἀποδύεται.
2716 3403 2807 3456 Ἐν
2827 3403 2997 3475 ταύτῃ
3032 3405 3145 3474 (21)
3181 3404 3238 3458 δὲ
3260 3404 3517 3475 Τρύφωνι
3549 3403 3660 3474 (22)
3690 3421 3801 3457 τινι

2209 3493 2507 3564 σπουδαίῳ,
2540 3492 2671 3565 ἱερῷ
2704 3493 2803 3562 μὲν
2836 3493 3016 3564 ἀνδρὶ,
3052 3493 3145 3546 τὸν
3184 3494 3239 3547 δὲ
3267 3492 3364 3547 τοῦ
3412 3493 3793 3566 πρεσϐυτέρου

2206 3582 2450 3635 διέποντι
2483 3580 2691 3653 βαθμὸν
2712 3581 2974 3653 ἐντυχὼν,
3004 3583 3073 3637 τὰ
3098 3584 3187 3637 ἴσα
3222 3584 3455 3656 ὑπέστη.
3484 3584 3631 3654 Πλὴν
3661 3584 3805 3637 ἀλλὰ

2207 3675 2305 3729 καὶ
2360 3674 2527 3738 αὐτός
2550 3691 2615 3743 γε
2649 3676 2677 3727 ὁ
2728 3674 3023 3745 Ἀρχέλαος
3062 3677 3163 3747 τὴν
3213 3677 3391 3730 ἐκεῖσε
3440 3676 3802 3748 παρείσδυσιν

2206 3764 2303 3819 τοῦ
2359 3765 2563 3819 πλάνου
2605 3765 2795 3836 μαθὼν
2850 3766 2999 3838 (ὀξὺς
3032 3768 3141 3838 γὰρ
3192 3763 3262 3840 ἦν
3318 3769 3413 3823 καὶ
3462 3768 3665 3838 θερμὸς
3707 3770 3803 3820 τὸν

2209 3858 2410 3927 εὐσεϐῆ
2439 3858 2648 3928 ζῆλον),
2682 3859 3175 3931 καταλαμϐάνειτὸ
3208 3862 3432 3933 χωρίον,
3462 3862 3557 3917 καὶ
3596 3861 3805 3931 πολλῆς

2211 3951 2507 4022 ἐμπλήσας
2539 3951 2631 4004 τὸν
2676 3951 2881 4005 πλάνον
2945 3954 3285 4025 ἀμηχανίας,
3316 3956 3414 4009 καὶ
3463 3956 3531 4028 ἢν
3564 3955 3802 4025 ἔφευγεν

2214 4042 2504 4114 αἰσχύνης,
2539 4037 2621 4107 οἷς
2652 4044 2819 4098 αὑτοῦ
2850 4044 2920 4098 τὰ
2955 4048 3179 4117 μυσαρά
3219 4047 3330 4101 τῶν
3382 4049 3670 4119 δογμάτων
3701 4051 3795 4101 dv-

2214 4136 2413 4207 έτρεπέ
2466 4154 2526 4190 τε
2559 4136 2655 4191 καὶ
2690 4137 3048 4203 άνεσκεύαζε,
3080 4141 3176 4193 καὶ
3210 4139 3490 4212 προύτίθει
3528 4142 3664 4195 πᾶσι
3704 4140 3804 4206 γέ-

2214 4230 2367 4285 λωτά
2394 4248 2455 4284 τε
2492 4231 2587 4286 καὶ
2611 4230 2923 4302 βδέλυγμα,
2956 4232 3367 4304 παρασκευάζει
3390 4232 3551 4290 πάλιν
3585 4233 3805 4304 φυγάδα

1610 4450 1851 4508 VARUE
1890 4451 2285 4507 LECTIONES
2322 4451 2410 4506 ET
2448 4452 2680 4509 NOTAE.

590 4672 713 4745 (157),
737 4674 820 4745 0γὺ
872 4671 1224 4745 mercante.
1280 4668 1477 4745 Noster
1528 4668 1659 4745 legit
1684 4738 1696 4745 _
1719 4669 1781 4723 οὐ
1844 4668 2098 4745 στέργον-

2207 4680 2441 4745 uterque
2492 4674 2754 4729 mendose

519 4738 640 4808 τας.
671 4738 852 4797 Malim
882 4738 1015 4797 vero
1039 4742 1193 4806 illud,
1228 4741 1397 4795 menti
1432 4738 1730 4809 Scriptoris
1764 4748 1825 4794 ut
1859 4738 2096 4801 videtur,

523 4813 959 4871 convenientius.
998 4812 1168 4866 Haesit
1202 4812 1342 4866 forte
1380 4812 1438 4867 in
1469 4810 1682 4865 librarii
1726 4811 1995 4865 memoria
2039 4811 2101 4865 τὸ

523 4886 775 4953 στέργειν
803 4883 1048 4951 proxime
1070 4882 1423 4953 antecedens.

591 4950 707 5025 (16)
745 4950 1144 5019 Ἀζποστασιας
1178 4950 1471 5025 ἐξάρχων.
1509 4950 1585 5008 Ita
1629 4952 1795 5006 malui
1837 4966 1962 5025 cum
2008 4967 2105 5007 no-

523 5022 660 5088 stro,
688 5022 875 5106 quam
915 5038 1040 5106 cum
1091 5024 1428 5106 Coisliniauo
1450 5022 2103 5106 ἀπρστάσξωςβξαρχρς,

521 5093 773 5166 quamvis
800 5094 945 5164 quod
973 5096 1039 5147 ad
1079 5109 1301 5166 sensum
1334 5094 1482 5166 nihil
1537 5093 1772 5148 intersit:
1807 5093 2110 5166 Zacagnius

519 5164 585 5223 ex
618 5182 719 5220 suo
753 5166 915 5220 habet
943 5165 1281 5237 ἀποστασίας
1318 5164 1567 5237 ἔξαρχος.

596 5237 708 5308 (17)
742 5237 926 5290 Ἔτει.
961 5236 1035 5289 Ita
1066 5252 1189 5291 cum
1217 5234 1534 5303 nostro'pro
1579 5234 1693 5308 ὲπί,
1720 5235 1866 5305 quod
1898 5236 1967 5291 ad
1989 5250 2109 5308 sen-

522 5306 649 5378 sum
681 5306 820 5378 opus
857 5322 967 5360 non
1003 5315 1130 5378 est,_
1153 5322 1280 5361 cum
1317 5308 1555 5378 vicissim
1594 5307 1693 5378 aq),
1722 5308 1929 5378 ἐννάτῳ
1957 5306 2109 5377 prius

523 5376 796 5448 illudﬁrst
824 5378 1082 5446 requirat.
1118 5376 1192 5448 lita
1223 5387 1278 5432 et
1303 5378 1434 5448 legit
1459 5377 1778 5447 Zacagnius.

596 5446 709 5515 (18)
743 5447 1172 5515 Οὐαλεριανοῦ.
1205 5448 1282 5502 Ita
1323 5446 1470 5502 recte
1493 5446 1882 5509 Coislinianus,
1911 5455 2101 5501 noster

523 5520 689 5573 habet
711 5517 1157 5572 Οὐαλεντινῖανοῦ
1205 5519 1501 5573 mendose:
1544 5533 1670 5572 nam
1718 5518 1978 5586 temporis
2010 5533 2099 5570 ra-

522 5590 702 5644 tiones
735 5589 789 5644 id
817 5589 1112 5659 refugiunt.
1156 5588 1459 5659 Consentitr
1490 5604 1617 5659 cum
1660 5587 1829 5659 proba
1872 5587 2107 5659 lectione

523 5660 738 5726 Petrus,
772 5676 828 5729 p.
860 5658 1028 5725 56,et
1050 5661 1102 5713 in
1129 5660 1421 5714 referendo
1442 5658 1621 5712 Photii
1639 5659 1759 5712 loco
1782 5658 2106 5729 Zacagnius.

596 5732 706 5802 (l9)
744 5728 890 5785 Ὑπὸ
930 5730 1057 5785 τοῦ.
1119 5730 1319 5785 Inserit
1347 5730 1463 5802 _hie
1505 5729 1809 5799 Zacagm'us
1853 5728 1930 5795 δὲ,
1962 5728 2109 5799 quod

518 5800 784 5857 oratiOnis
822 5802 994 5857 series
1022 5816 1132 5855 non
1158 5800 1404 5869 requirit.

593 5873 705 5944 (20)
732 5872 1000 5942 Διωρίδα.
1039 5871 1115 5926 Ita
1140 5872 1528 5935 Coisliniauus,
1560 5876 1615 5925 at
1639 5880 1826 5927 noster
1858 5870 2105 5942 Δωρίδα*

2817 4693 2832 4729 :
2890 4674 3195 4730 rectissime
3241 4675 3548 4747 Zacagnius
3607 4675 3794 4735 Photii

2208 4742 2365 4818 hunc
2399 4744 2578 4818 Locum
2620 4746 2876 4818 recitans,
2915 4747 3230 4818 Διοδωρίδα,
3273 4742 3438 4817 quam
3492 4749 3787 4805 lectionem

2208 4813 2364 4867 fulcit
2398 4813 2766 4888 Epiphanius,
2794 4818 2987 4872 haeres.
3020 4813 3110 4879 66,
3148 4833 3205 4871 n.
3233 4813 3307 4878 ιιΞ
3339 4828 3392 4871 et
3419 4819 3508 4888 qui
3549 4821 3617 4873 ad
3664 4836 3792 4874 euut

2210 4899 2490 4965 provocat,
2523 4885 2716 4940 Petrus
2744 4886 2987 4965 ξίοιιιυε,
3006 4904 3060 4957 p.
3085 4887 3173 4950 56,
3200 4889 3292 4943 ubi
3326 4885 3507 4965 tamen
3532 4890 3798 4965 utrinque

2212 4955 2599 5030 in_s_criptione
2629 4972 2727 5030 per
2751 4955 3027 5030 Διοδορίδα
3043 4967 3289 5030 erratur.
3325 4958 3500 5030 Pagus
3533 4961 3681 5014 enim
3707 4955 3799 5016 hic

2213 5040 2243 5101 ξι
2272 5025 2511 5101 Diodoro
2544 5025 2817 5101 quedam,
2837 5025 2991 5101 quasi
3037 5025 3442 5101 Diodorivicu's
3490 5031 3798 5101 appellatus

2209 5094 2331 5168 fuit,
2355 5097 2500 5164 quod
2533 5094 2666 5151 Acta
2696 5094 2968 5159 Archelai,
2996 5115 3028 5168 p
3076 5100 3163 5162 68,
3193 5099 3438 5155 iudicant
3468 5094 3799 5157 his'verbis:

2217 5184 2234 5240 ι
2270 5166 2456 5240 Manes
2485 5176 2669 5240 autem
2696 5168 2911 5237 fugiens
2936 5166 3158 5224 advenit
3180 5170 3244 5223 ad
3271 5171 3561 5240 quemdam
3591 5173 3800 5238 vicum,

2208 5236 2476 5310 longeab
2497 5239 2629 5292 urbe
2671 5236 2930 5310 positum,
2954 5240 3047 5309 qui
3080 5236 3457 5310 appella-batur
3489 5242 3731 5296 Diodori.
3776 5236 3793 5293 ι

2282 5252 2367 5359 ιξο
2399 5252 2467 5291 an
2497 5252 2629 5292 urbe
2671 5252 2930 5307 posulum,
2954 5256 3047 5309 qui
3080 5252 3457 5310 appellabatur
3489 5252 3731 5296 Diodori.
3776 5262 3793 5293 ι

2282 5308 2299 5361 ί
2349 5306 2395 5374 l)
2445 5307 2550 5361 Ἐν
2579 5310 2790 5377 ταύτῃ.
2825 5308 2899 5363 Ita
2931 5310 3072 5363 malo
3110 5328 3234 5366 cum
3281 5321 3471 5365 nostro
3506 5321 3561 5365 et
3585 5311 3802 5366 Colber-

2208 5378 2343 5500 (zino,
2405 5393 2504 5460 pro
2556 5379 2793 5433 ἐνταῦθα
2838 5378 3183 5437 Coisliniani.
3243 5382 3588 5452 Astipulatur
3638 5385 3802 5438 nobis

2251 5462 2530 5500 acaamus.

2251 5462 2530 5517 acagmus.

2282 5517 2393 5588 (2‘2)
2427 5519 2722 5592 Τρύφωνι.
2757 5521 2833 5574 Ita
2865 5530 2921 5576 et
2967 5521 3328 5592 Epiphanius,
3362 5524 3403 5578 1.
3441 5538 3517 5589 c.,
3553 5532 3611 5579 et
3640 5539 3705 5579 ex
3737 5540 3807 5578 eo

2206 5587 2402 5642 Petrus
2422 5587 2639 5645 Siculus
2664 5602 2883 5657 vocant,
2902 5587 3086 5646 minus
3115 5604 3283 5659 recte,
3315 5594 3360 5649 si
3391 5587 3643 5650 audimus
3666 5596 3809 5651 Acta

2206 5659 2484 5725 Archelai,
2517 5661 2630 5725 ubi,
2666 5678 2721 5731 p.
2756 5661 2845 5722 68.
2878 5664 3169 5732 aliquoties
3203 5664 3424 5720 Diodori
3459 5667 3685 5720 nomine
3714 5683 3814 5720 vo-

2209 5739 2388 5807 catur,
2434 5740 2489 5807 et
2539 5732 2654 5807 ipsa
2690 5748 2909 5807 quoque
2950 5734 3171 5807 Diodori
3208 5737 3452 5807 episc0pi
3486 5736 3553 5790 ad
3592 5737 3813 5790 Arche-

2209 5800 2354 5926 {illim
2378 5800 2605 5872 epistola
2634 5819 2759 5860 cum
2796 5800 2962 5875 hujus
2983 5806 3051 5861 ad
3079 5822 3200 5862 eam
3243 5800 3599 5879 'responsoria
3641 5807 3811 5861 exhi-

2248 5887 2276 5925 e
2307 5888 2385 5925 ιη’.

2248 5887 2385 5925 θιιιι.
