4110 6396
282 454 360 524 45
1356 452 1659 513 CONTRA
1694 447 1874 509 MAN]

1977 446 2158 507 [EOS
2192 447 2423 507 LIBER
2464 448 2514 507 Ῐ.
3500 444 3570 507 66

260 566 275 591 θ’
283 568 567 640 γενέσθαι,
598 568 723 624 καθ’
755 569 843 639 ἣν,
876 567 953 630 ὡς
983 566 1079 619 καὶ
1123 565 1234 636 (9.5)
1282 566 1628 638 προὲφημεν,
1666 563 1874 633 πλάνην

1985 571 2038 616 et
2072 560 2445 615 scrutantibus
2481 568 2673 630 captus
2712 559 2823 631 regi
2854 558 3145 615 Persarum
3190 558 3414 613 acerbas
3451 559 3570 614 illas

282 663 393 717 ὑπὸ
422 664 533 716 τῶν
562 660 983 733 ἀνερευνῶντων
1013 661 1177 715 αὑτὸν
1206 660 1303 712 καὶ
1336 659 1653 731 ζητούντων
1685 657 1875 719 ἁλοὺς,

1986 670 2177 723 ptenas
2211 655 2381 709 dedit.

277 758 363 829 τῷ
389 757 599 827 βασιλεῖ
618 757 727 808 τῶν
758 752 984 824 Περσῶν
1026 752 1260 806 ἀπέτισε
1290 753 1391 823 τὴν
1415 751 1625 824 πικρὰν
1653 749 1873 817 ἐκείνην
1911 746 2091 816 δίκην.

358 851 477 920 ις’.
516 836 758 904 Ἐκείνου
788 850 845 902 δὲ
870 849 962 901 τὸν
985 848 1100 918 βίον
1123 848 1298 911 οὕτως
1316 848 1550 917 οἰκτρῶς
1568 846 1664 899 καὶ
1684 843 1883 907 ἀθλίως

280 944 844 1016 καταστρεψαμένου,
886 942 1065 1013 χρόνῳ
1113 940 1343 1011 ὕστερόν
1380 957 1529 1003 τινες
1560 938 1671 991 τῶν
1715 936 1881 992 αὐτοῦ

279 1037 384 1106 τῆς
462 1033 785 1096 δυσσεϐείας
838 1032 1097 1103 μαθητῶν
1161 1033 1325 1105 μέχρι
1376 1034 1714 1103 Σαμοσάτων
1784 1032 1885 1103 τῆς

296 1126 593 1197 Ἀρμενίας
642 1124 711 1177 τά
736 1124 831 1177 τοῦ
878 1123 1129 1193 Πονηροῦ
1161 1123 1379 1189 ζιζάνια
1415 1128 1879 1196 ἑγκατέσπειραν.

282 1217 398 1271 Καὶ
426 1218 487 1270 οὐ
520 1215 654 1269 πολὺ
685 1216 746 1269 τὸ
778 1215 943 1286 μέσον
969 1216 1105 1287 (24),
1138 1218 1233 1271 κα)⁵
1262 1217 1323 1271 τὸ
1347 1218 1672 1291 φθοροποιὸν
1696 1220 1877 1273 έκεῖνο

280 1305 556 1378 γεώργιον
594 1305 755 1376 μέχρι
810 1306 1115 1379 Φαναρείας
1152 1306 1311 1379 ὤφθη
1362 1310 1535 1380 νομὴν
1562 1309 1729 1363 λαϐὸν
1779 1310 1876 1364 καὶ

281 1398 582 1469 φυόμενον.
626 1398 715 1464 Ἐξ
748 1389 809 1452 οὗ
846 1399 942 1451 καὶ
978 1400 1011 1468 ἡ
1050 1400 1195 1471 κακὴ
1228 1400 1533 1472 Καλλινίκη
1555 1400 1650 1454 τοῦ
1683 1400 1877 1472 βορϐόο

283 1510 384 1561 ρου
436 1490 759 1561 πλησθεῖσα,
814 1491 890 1554 ῶς
944 1509 1035 1563 μοι
1101 1494 1464 1567 προείρηται,
1506 1494 1723 1550 Παῦλον
1781 1494 1877 1548 καὶ

297 1584 560 1657 Ἰωάννην
591 1584 913 1655 γεννήματα
940 1584 1165 1656 ἐχιδνῶν
1195 1588 1282 1640 ἐπ’
1306 1587 1515 1659 ὀλέθρῳ
1543 1587 1638 1641 τοῦ
1665 1587 1878 1659 ἀνθρω-

284 1679 446 1731 πίνου
480 1677 673 1745 γένους
704 1678 968 1733 ἀπέτεκε.
1026 1678 1302 1733 Κάκεῖθεν
1330 1679 1420 1733 διὰ
1462 1681 1576 1734 τῶν
1620 1681 1707 1749 ἐφ’
1751 1680 1879 1751 ἑξῆς

282 1769 550 1840 διαδόχων
569 1769 670 1839 τῆς
689 1770 967 1837 ἀσεϐείας,
1004 1773 1170 1844 μέχρι
1208 1775 1320 1828 τῶν
1345 1776 1556 1845 χρόνων
1585 1777 1880 1829 Κωνσταν-

2057 840 2197 895 ΧΠ.
2233 840 2369 897 Cum
2401 851 2585 896 autem
2624 840 2714 895 ille
2745 839 2913 894 vitam
2940 839 3014 894 ita
3039 838 3239 895 misere
3259 847 3314 894 et
3337 838 3571 895 infelici-

1986 943 2069 987 ter
2128 934 2439 1001 clausisset,
2490 933 2679 1003 elapso
2730 932 2970 1003 quodam
3022 941 3292 1002 tempore,
3346 931 3570 1002 quidam

1984 1025 2104 1094 ejus
2139 1022 2437 1096 impietatis
2464 1025 2720 1096 discipuli
2760 1040 2936 1096 usque
2961 1024 3030 1080 ad
3066 1023 3346 1080 Samosata
3374 1024 3571 1080 Arme-

1984 1118 2108 1183 niae,
2160 1119 2380 1190 maligni
2429 1119 2636 1174 zizania
2679 1126 3000 1190 sparserant
3038 1136 3052 1173 :
3095 1134 3199 1174 nec
3227 1119 3401 1174 multo
3448 1127 3575 1189 post

1984 1206 2292 1272 intervallo,
2316 1218 2573 1280 corrupta
2597 1211 2840 1281 ejusdem
2862 1208 3125 1265 sementis
3140 1210 3208 1265 ad
3233 1209 3569 1266 Phanaream

1985 1314 2159 1369 usque
2188 1300 2453 1371 pullulare
2470 1302 2586 1355 visa
2609 1310 2713 1359 est.
2742 1301 2898 1357 Unde
2920 1302 3167 1373 improba
3195 1302 3285 1357 illa
3308 1302 3571 1358 Callinica

1984 1407 2146 1447 coeno
2176 1393 2406 1463 repleta,
2440 1402 2501 1447 ut
2525 1408 2691 1464 supra
2726 1394 2860 1457 dixi,
2897 1392 3127 1448 Paulum
3171 1404 3227 1448 et
3273 1393 3568 1458 Joannem,

1985 1485 2262 1555 genimina
2298 1484 2632 1554 viperarum,
2670 1484 2741 1538 in"
2762 1485 2980 1556 generis
3014 1485 3238 1540 humani
3270 1484 3570 1554 perniciem

1982 1574 2217 1644 peperit.
2263 1574 2398 1629 Inde
2454 1590 2587 1630 vero
2644 1584 2700 1630 et
2754 1574 3059 1646 impietatis
3117 1576 3569 1635 successoribus.

1982 1683 2155 1736 usque
2193 1668 2260 1722 ad
2291 1676 2539 1739 tempora
2566 1668 2914 1724 Constantini
2945 1670 3316 1740 imperatoris,
3335 1670 3425 1739 qui
3451 1678 3570 1724 erat

1982 1759 2218 1815 lleraclii
2238 1761 2505 1833 abnepos,
2542 1762 2797 1833 impietas
2813 1762 2903 1817 illa
2933 1762 3052 1817 sine
3074 1762 3181 1817 ulla
3212 1762 3569 1818 innovatione

283 1860 439 1913 τίνου
471 1858 565 1911 τοῦ
591 1859 855 1929 βασιλέως
876 1860 1165 1930 (ἀπόγονος
1188 1863 1243 1917 δὲ
1258 1860 1329 1935 ἦν
1348 1859 1501 1930 οὗτος
1531 1866 1878 1937 Ἡρακλείου)
1914 1866 1955 1921 Β
1983 1868 2268 1924 Progressa
2325 1864 2428 1910 εει·
2466 1854 2546 1910 Ac
2579 1867 2870 1927 Ροείίίυθῐη
2915 1857 3104 1912 mum”
3154 1858 3570 1913 θάδθτιθῑίοηθθ

283 1951 388 2020 τῆς
418 1950 678 2019 τοιαύτης
722 1949 836 2022 (25)
878 1951 1177 2023 θεομαχίας
1222 1955 1657 2027 ἀκαινοτομήτου
1690 1975 1875 2029 παρι-

283 2043 616 2114 τεινομένης
641 2060 657 2075 ’
691 2045 789 2098 καὶ
820 2044 1036 2099 πολλῶν
1075 2047 1174 2118 μὲν
1209 2051 1585 2119 παραινέσεων
1613 2052 1707 2105 καὶ
1731 2051 1876 2104 διδα·

287 2135 554 2203 σκαλμῶν,
583 2138 632 2190 εί
668 2139 765 2192 καὶ
798 2138 938 2210 πρὸς
973 2141 1232 2212 ἀνόνητον
1261 2143 1646 2214 ἀπεκρίθησαν
1674 2144 1873 2215 πέρας,

285 2225 766 2298 καταϐληθέντων,
802 2229 1015 2285 πολλῶν
1056 2231 1115 2285 δὲ
1144 2233 1385 2289 εὐσεϐῶν
1417 2235 1686 2307 βασιλέων
1731 2236 1874 2306 ξίφει

282 2317 387 2386 τὴν
410 2316 567 2390 δίκην
589 2319 717 2383 τοὺς
747 2321 1062 2387 ἀποστάτας
1093 2325 1602 2396 εἰσπραττομένων,
1629 2327 1723 2380 καὶ
1752 2327 1875 2399 μηδ’

282 2407 431 2462 οὕτω
457 2409 560 2480 τῆς
591 2412 827 2477 ἀσεϐοῦς
861 2416 1035 2486 φορᾶς
1092 2416 1411 2488 ἱσταμένης,
1447 2419 1753 2487 ἐπιγίνεταί
1786 2437 1874 2485 τις

283 2503 401 2565 τοῖς
444 2502 784 2569 ἀποστάταις
840 2506 1131 2577 Ἀρμένιος
1164 2508 1392 2580 ὀνόματι
1431 2511 1873 2577 Κωνσταντῖνος,

285 2594 605 2658 Μανάναλις
634 2596 751 2667 (26)
782 2596 943 2669 κώμη
970 2600 1307 2669 Σαμοσάτων
1339 2602 1539 2673 πατρὶς
1578 2602 1727 2674 αὑτῷ
1752 2604 1875 2656 ὲπι-

289 2686 579 2756 γράφεται,
613 2688 738 2759 ἥτις
760 2689 854 2743 καὶ
892 2689 1056 2763 μέχρι
1080 2690 1174 2744 τοῦ
1205 2690 1301 2745 νῦν
1328 2694 1646 2766 Μανιχαίων
1674 2696 1876 2767 τροφὸς

291 2776 524 2847 ὑπάρχει
554 2780 650 2832 καὶ
679 2780 1024 2852 ἐνδιαίτημα.
1070 2781 1233 2837 Ἀλλά
1253 2785 1361 2855 γάρ
1392 2780 1548 2849 οὗτος
1579 2788 1875 2840 Κωνσταν-

287 2872 452 2934 τίνος,
476 2871 585 2925 τῶν
609 2875 709 2944 τῆς
736 2873 1035 2946 ἐκκλησίας
1053 2876 1178 2929 τινὰ
1208 2878 1457 2931 διάκονον
1478 2878 1587 2931 ἀπὸ
1608 2879 1707 2949 τῆς
1733 2880 1875 2934 κατὰ

284 2960 489 3031 Συρίαν
519 2964 901 3034 αἰχμαλωσίας
926 2966 1063 3037 πρὸς
1086 2967 1190 3039 τὴν
1216 2968 1426 3022 οἰκείαν
1457 2968 1875 3039 ὑποστρέφοντα

284 3053 526 3123 πατρίδα
566 3055 657 3108 ἐπὶ
683 3056 899 3127 ἡμέρας
927 3059 1028 3111 οὐκ
1056 3059 1247 3129 ὀλίγας
1292 3058 1520 3125 ἐξένισε,
1557 3060 1776 3131 βίϐλους
1819 3061 1913 3147 δὲ.

282 3144 399 3197 ἀπὸ
428 3146 627 3216 Συρίας
661 3147 691 3198 ὁ
722 3148 1070 3217 αἰχμάλωτος
1112 3151 1515 3223 συνεπεφέρετο
1553 3152 1706 3222 αὐτῷ
1758 3151 1873 3218 δύο,

1980 1955 2032 1999 et
2058 1946 2411 2013 monitiones,
2445 1947 2574 2003 licet
2619 1948 2798 2002 inutili
2826 1948 3001 2014 exitu,
3050 1948 3208 2004 facta:
3242 1948 3482 2013 fuerant,
3512 1958 3571 2003 et

1981 2048 2269 2110 postquam
2298 2040 2452 2095 multi
2495 2041 2569 2111 pii
2603 2040 2968 2111 imperatores
2995 2040 3050 2096 in
3081 2051 3361 2111 apostatas
3388 2041 3569 2113 gladio

1979 2133 2503 2193 animadverterant.
2527 2149 2709 2204 neque
2728 2142 2911 2188 tamen
2943 2134 3240 2204 impietatis
3256 2150 3450 2191 cursus
3468 2135 3566 2191 de-

1978 2225 2237 2289 stiterat,
2298 2225 2565 2295 apostatis
2624 2225 2921 2280 Armenius
2971 2225 3194 2295 quidam
3247 2226 3570 2296 supervenit

1977 2315 2203 2371 nomine
2227 2316 2645 2383 Constantinus,
2670 2318 2829 2387 cujus
2851 2319 3027 2388 patria
3056 2329 3174 2373 erat
3201 2319 3358 2373 vicus
3370 2320 3565 2375 Samo-

1980 2408 2309 2475 satensimn,
2335 2407 2637 2465 Mananalis
2664 2410 2913 2473 nomine,
2944 2427 3105 2482 quem
3142 2412 3209 2467 ad
3260 2412 3375 2467 haec
3395 2427 3568 2483 usque

1979 2508 2225 2570 tempora
2260 2500 2507 2554 incolunt
2537 2502 2849 2557 Manichtei.
2890 2502 2990 2558 Hic
3034 2520 3200 2573 porro
3250 2504 3569 2559 Constanti-

1979 2604 2084 2643 nus
2113 2590 2402 2660 quemdam
2440 2606 2506 2646 ex
2538 2592 2797 2647 Ecclesia:
2833 2594 3102 2655 diaconis,
3147 2610 3213 2648 ex
3252 2594 3426 2665 Syria,
3475 2597 3564 2650 ubi

1978 2682 2227 2752 captivus
2252 2682 2453 2747 fuerat,
2501 2684 2556 2738 in
2587 2684 2818 2755 patriam
2844 2701 2998 2740 suam
3038 2697 3428 2753 revertentem,
3448 2689 3567 2743 die-

1978 2774 2083 2829 bus
2137 2790 2246 2829 non
2310 2776 2502 2845 paucis
2558 2777 2800 2848 hospitio
2856 2778 3092 2848 excepit.
3152 2779 3257 2845 Qui
3320 2781 3569 2850 captivus

1980 2867 2155 2923 libros
2207 2883 2276 2923 ex
2342 2870 2500 2940 Syria
2554 2869 2694 2923 duos
2765 2882 2953 2924 secum
3011 2870 3337 2937 detulerat;
3396 2887 3566 2928 unum

1979 2960 2156 3015 sancti
2205 2959 2524 3032 Evangelii;
2574 2961 2806 3016 alterum
2854 2962 3036 3033 magni
3095 2963 3330 3032 apostoli
3377 2963 3567 3032 Pauli,

1978 3070 2118 3125 quos
2193 3055 2248 3108 in
2304 3054 2529 3125 hospitii
2582 3055 3130 3118 remunerationem,
3194 3056 3417 3127 impiam
3468 3058 3569 3112 ho-

1979 3147 2142 3218 spitis
2192 3146 2275 3201 sui
2340 3147 2659 3218 religionem
2712 3147 3002 3218 ignorans,
3048 3148 3193 3203 dono
3252 3150 3358 3219 ipsi
3403 3151 3567 3206 obtu-

286 3237 421 3307 μίαν
456 3238 553 3306 μὲν
583 3238 675 3291 τοῦ
700 3240 857 3309 ἁγίου
892 3242 1250 3311 Εὐαγγελίου,
1272 3221 1467 3315 ἑτέραν
1487 3243 1545 3298 δὲ
1577 3221 1874 3314 1:069:76!-

1980 3240 2063 3294 lit.
2127 3238 2492 3309 Conspicatus
2550 3251 2733 3294 autem
2781 3238 3181 3295 Constantinus
3236 3239 3565 3308 Armenius,

282 3328 380 3384 λου
402 3329 515 3399 (27)
548 3331 849 3387 ἀποστόλου
871 3334 1090 3388 Παύλου
1112 3334 1329 3407 (28),&;
1347 3335 1501 3389 ῶσπε
1511 3353 1542 3407 ρ
1571 3336 1875 3407 ἀμειϐόμε·

282 3440 377 3485 νος
389 3424 491 3494 τῆς
518 3424 697 3489 ξενίας
713 3428 739 3479 ό
758 3424 1027 3492 ξενισθεὶς
1040 3428 1151 3497 (29)
1175 3429 1271 3483 καὶ
1283 3429 1495 3499 ἀγνοῶν
1512 3429 1607 3483 τοῦ
1627 3428 1875 3496 ξενίσαν-

282 3532 378 3579 τος
401 3517 464 3569 τὸ
480 3517 741 3582 δυσσεϐὲς
756 3520 857 3587 τῆς
872 3520 1173 3591 θρησκείας
1200 3521 1300 3585 τὰς
1332 3522 1486 3592 ίεράς
1516 3523 1875 3593 ἀντεδωρείτο

288 3608 525 3678 βίϐλους.
551 3610 804 3663 Κατιδὼν
830 3613 888 3665 δὲ
923 3612 1037 3684 (30)
1076 3614 1105 3665 ό
1132 3613 1421 3683 Ἀρμένιος
1463 3616 1875 3678 Κωνσταντῖνος

289 3699 587 3773 βδελυκτὴν
628 3705 724 3756 καὶ
756 3705 892 3757 πᾶσι
936 3704 1180 3775 φευκτὴν
1221 3704 1317 3758 καλ⁵
1368 3706 1743 3777 ἀποτρόπαιον
1776 3705 1874 3776 τὴν

283 3791 452 3846 αὑτοῦ
484 3793 802 3866 δυσφημίαν
848 3796 946 3850 καί¹
1000 3797 1364 3861 ἀποστασίαν,
1400 3798 1467 3869 τῇ
1496 3797 1588 3851 τοῦ
1624 3797 1873 3851 διαϐόλου

286 3884 571 3957 συμϐουλῇ
600 3889 911 3959 μηχανᾶται
938 3889 1370 3953 τοιόνδε.Πάσας
1400 3890 1520 3959 μὲν,
1549 3889 1680 3953 ὅσας
1707 3888 1873 3943 αὑτοῦ

281 3977 316 4047 ἡ
368 3976 640 4047 Θρησκεία
689 3979 882 4047 ἠγάπα
935 3996 994 4032 τε
1029 3983 1126 4033 καὶ
1159 3978 1594 4051 περιεπτύσσετο
1634 3978 1871 4048 βίϐλους,

286 4067 660 4122 άποϐἀλλεται
678 4072 770 4122 καὶ
788 4070 1222 4141 άποσκορακίζει
1238 4087 1251 4101 ·
1269 4089 1335 4141 γυ
1346 4071 1518 4142 μνάδὲ
1537 4072 1605 4125 τὰ
1625 4071 1874 4141 δόγματα

281 4158 397 4210 τῶν
423 4160 773 4230 γραμμάτων
822 4161 1271 4232 παρακατασχὼν
1332 4164 1593 4234 πειρᾶται
1636 4165 1736 4225 τὰς
1776 4162 1872 4215 τοῦ

282 4248 627 4319 Εὑαγγελίου
712 4252 888 4319 λέξεις
957 4254 1051 4307 καὶ
1120 4254 1214 4309 τοῦ
1266 4255 1593 4309 Ἀποστόλου
1662 4254 1874 4318 τούτοις

281 4344 614 4414 ἐναρμόζειν
644 4362 703 4398 τε
734 4346 831 4399 καὶ
865 4346 1212 4417 περιάπτειν.
1241 4349 1334 4399 Διὸ
1369 4346 1551 4418 πάσης
1573 4345 1739 4400 αὐτοῦ
1765 4346 1873 4398 τῶν

277 4434 720 4505 δυσσεϐημάτων
806 4435 1340 4506 καταψηφισάμενος
1418 4435 1644 4506 βίϐλου,
1726 4435 1871 4507 μόνῳ

279 4527 646 4595 προσανέχειν
666 4525 744 4597 τῷ
766 4526 1084 4598 Εὐαγγελίῳ
1126 4526 1221 4580 καὶ
1253 4526 1330 4597 τῷ
1357 4526 1669 4598 ’Δποστόλῳ
1702 4528 1871 4599 πρόσ-

1979 3329 2318 3398 impietatem
2365 3338 2421 3384 et
2460 3328 2828 3385 defectionem
2886 3346 3041 3386 suam
3098 3331 3563 3397 abominandam,

1978 3421 2347 3490 omnibusque
2387 3420 2618 3475 invisam
2662 3437 2727 3475 ac
2786 3437 3039 3492 perosam
3090 3438 3235 3488 esse,
3292 3424 3566 3480 diabolico

1976 3513 2211 3568 consilio
2263 3514 2369 3569 hoc
2411 3514 2783 3568 machinatur.
2844 3513 3051 3569 Omnes
3097 3517 3318 3585 quidem
3354 3517 3562 3582 libros,

1976 3619 2116 3674 quos
2156 3605 2345 3676 religio
2370 3620 2470 3660 sua
2503 3606 2761 3675 diligebat
2801 3613 2858 3659 et
2888 3607 3339 3676 amplectebatur,
3374 3610 3567 3678 objicit

1977 3702 2035 3749 et
2084 3695 2370 3765 repudiat;
2428 3696 2525 3750 sed
2579 3696 2833 3767 dogmata
2884 3711 2983 3750 sua
3034 3697 3253 3768 scriptis
3303 3700 3565 3756 destituta

1978 3788 2245 3855 retinens,
2288 3790 2421 3860 ipsis
2456 3789 2731 3862 Evangelii
2772 3798 2826 3844 et
2854 3790 3099 3861 Apostoli
3131 3792 3276 3846 dicta
3307 3793 3565 3863 adaptare

1977 3888 2034 3935 et
2064 3881 2363 3953 adjungere
2391 3892 2640 3938 conatur.
2672 3883 3001 3948 Qamobrem
3036 3883 3293 3938 damnato
3321 3885 3565 3954 quolibet

1976 3976 2139 4041 libro,
2188 3977 2523 4046 impietatem
2556 3992 2711 4030 suam
2754 3976 3083 4047 praeferente
3118 3977 3210 4031 uni
3272 3978 3565 4049 Evangelia

1976 4076 2032 4122 et
2058 4069 2305 4138 apostolo
2358 4069 2749 4123 attendendum
2796 4084 2919 4123 esse
2970 4070 3160 4123 statuit
3200 4085 3263 4125 ac
3295 4071 3560 4136 decernit,

1976 4169 2039 4213 ut
2070 4175 2240 4229 pravo
2270 4159 2584 4229 hujusmodi
2614 4159 2846 4214 artificio
2876 4161 3165 4229 apostasia:
3202 4176 3315 4217 suae
3342 4177 3562 4219 caenum

1975 4248 2262 4319 obtegens,
2296 4248 2637 4303 mortiferum
2670 4250 2992 4319 opinionum
3025 4267 3245 4306 suarum
3286 4269 3560 4310 venenum

1976 4340 2165 4394 multis
2198 4340 2431 4395 miscere
2489 4350 2693 4411 posset.
2746 4342 2853 4397 Sed
2910 4344 3000 4398 ille
3055 4345 3238 4414 specie
3286 4348 3464 4403 solum
3508 4359 3565 4403 et

1975 4432 2234 4502 ﬁgmento
2293 4432 2555 4501 quodam,
2622 4442 2680 4487 ut
2726 4433 2931 4488 dictum
2980 4444 3083 4498 est,
3139 4434 3561 4492 Manichaeorum

1975 4522 2145 4577 libros
2182 4522 2429 4595 ablegat;
2457 4532 2649 4594 utpote
2685 4524 2778 4595 qui
2810 4536 3085 4592 cerneret,
3118 4527 3561 4584 Christianorum

276 4586 472 4687 τάγμά
498 4586 561 4671 τέ
595 4619 691 4672 καί¹
715 4586 1067 4691 ,σπούδασμαθ
1095 4586 1331 4673 ποιεῖτάι
1357 4635 1371 4648 ·
1405 4618 1480 4682 ὡς
1516 4619 1583 4673 ἂν
1611 4586 1866 4690 δυνηθείη

1977 4614 2143 4686 leges,
2171 4630 2268 4670 eos
2301 4586 2393 4685 qui
2418 4586 2717 4685 apostasia:-
2744 4618 2898 4673 libris
2934 4628 3177 4685 utantur,
3219 4621 3402 4691 gladio
3429 4624 3561 4676 sub-

280 4710 373 4765 διὰ
394 4712 494 4781 τῆς
517 4712 777 4785 τοιαύτης
802 4712 1164 4783 κακοτεχνίας
1187 4710 1668 4782 ἐπικαλυψάμενος
1695 4712 1863 4766 αὐτοῦ

277 4800 378 4856 τὸν
412 4801 678 4876 βόρϐορον
732 4804 832 4875 τῆς
881 4803 1257 4867 ἀποστασίας,
1290 4801 1503 4864 πολλοῖς
1548 4800 1642 4855 τὸν
1700 4801 1866 4855 θανα-

1970 4708 2172 4777 jicere,
2226 4723 2431 4778 eosque
2472 4709 2623 4779 ipsos
2658 4709 2829 4764 libros
2882 4710 2991 4779 igni
3042 4711 3411 4766 absumendos
3448 4722 3560 4767 tra-

1975 4802 2127 4859 dere.
2163 4799 2244 4856 Ex
2270 4803 2618 4873 dogmatibus
2651 4819 2782 4875 ergo
2810 4804 2926 4858 suis
2946 4820 3031 4869 ea,
3063 4820 3184 4874 quae
3209 4805 3276 4860 ad
3304 4806 3557 4875 impieta-

1373 4981 1609 5037 VARIA‘I
1658 4980 2051 5039 LECTIONES
2110 4981 2200 5037 ET
2232 4981 2466 5039 NOTAE.

349 5143 463 5213 {25)
504 5144 606 5207 Ὠς
636 5141 753 5213 καί.
795 5140 987 5198 Addidi
1009 5139 1069 5193 τὸ
1092 5140 1189 5213 καί
1214 5155 1279 5195 ex
1310 5154 1415 5213 ms.
1450 5147 1661 5213 nostro.

351 5208 463 5283 (24)
502 5215 573 5266 Τὸ
608 5212 825 5281 μέσον.
856 5213 1051 5267 Noster
1090 5211 1219 5282 legit
1273 5210 1336 5262 τὸ
1363 5212 1421 5283 εν
1472 5211 1621 5283 μέσῳ
1669 5208 1862 5263 eodem

278 5280 452 5338 sensu
488 5284 523 5335 i.
559 5280 619 5336 ε.
654 5300 746 5335 nec
798 5284 1024 5337 multum
1072 5280 1321 5352 temporis
1354 5280 1689 5348 interjectum
1717 5289 1859 5352 erat.

276 5355 551 5432 Caeterum
593 5354 719 5432 inde
776 5354 844 5432 ab
884 5354 985 5407 hoc
1038 5349 1378 5432 paragrapho
1424 5351 1663 5432 narratio
1697 5349 1859 5432 ‘Petri

2040 5137 2153 5211 (27)
2194 5136 2498 5211 Μεγάλου.
2540 5138 2733 5195 Noster
2758 5139 2887 5211 legit
2921 5139 3101 5211 ἁγίου,
3138 5139 3295 5210 prius
3332 5143 3555 5209 rectius;

1963 5206 2402 5283 librariusgeuim
2426 5213 2494 5264 de
2529 5206 2872 5283 pra-cedente
2896 5206 3156 5281 praxime'
3190 5212 3349 5277 ἁγίου
3379 5206 3558 5283 Εὑαγὲ

1962 5279 2145 5352 γελίου
2178 5280 2358 5333 adhuc
2390 5279 2657 5352 cogitasse
2679 5279 2914 5352 videtur.

2036 5349 2147 5423 (2.78)
2191 5349 2480 5405 Ιιαύλουῖ
2514 5350 2731 5406 Omittit
2761 5350 2983 5420 Noster,
3018 5351 3160 5407 sicut
3215 5360 3273 5407 et
3312 5351 3553 5423 Siculus,

280 5425 451 5480 Siculi
496 5439 623 5493 cum
654 5421 927 5493 Photiana
942 5421 1123 5478 nostra
1160 5421 1388 5493 propius
1416 5421 1733 5493 concordat,
1767 5421 1859 5489 qui
1959 5434 2015 5490 p.
2043 5421 2133 5493 4Q.

276 5497 565 5562 hucusque
590 5492 871 5561 Cyrillum,
906 5491 1182 5547 Socratem
1215 5491 1686 5562 et‘Epiphanium,
1721 5506 1860 5559 quos

275 5568 484 5622 diserte
523 5563 789 5626 nominat,
818 5564 1061 5631 pressius
1087 5562 1283 5618 Photio
1310 5574 1428 5618 erat
1458 5571 1699 5616 secutus.

349 5636 464 5705 (25)
504 5633 813 5705 Τοιαύτης.
839 5632 1071 5705 [testitui
1092 5648 1167 5705 ex;
1187 5645 1393 5689 nostro.

353 5700 463 5775 {26)
495 5703 873 5775 Μανάναλις.
904 5702 981 5757 Ita
1009 5703 1371 5759 Coislinianus
1395 5713 1450 5760 et
1477 5701 1672 5758 l’etrus
1710 5700 1866 5775 Sicu-

275 5774 388 5837 lus,
422 5793 477 5846 p.
502 5774 600 5846 ῥυ,
626 5776 861 5846 rectius,
905 5784 975 5846 ut
995 5783 1151 5846 puto,
1187 5783 1397 5846 nostro,
1426 5777 1516 5846 qui
1549 5775 1678 5845 legit
1720 5774 1863 5846 Μαι-

278 5843 447 5909 νάλιξ.
490 5843 693 5899 Confer
752 5844 914 5910 infra,
954 5843 981 5914 §
1017 5845 1079 5899 t'l
1129 5853 1186 5900 et
1218 5845 1305 5910 l8,
1353 5843 1459 5900 ubi
1478 5843 1670 5902 eodem
1704 5843 1865 5900 modo

283 5918 565 5974 scribitur.

2033 5491 2144 5561 (‘29)
2190 5495 2604 5561 Ἀμειὸόμενος
2636 5490 2748 5561 τῆς
2779 5492 2986 5559 ξενίας
3008 5495 3331 5561 ξενισθείς.
3373 5497 3555 5551 Imita-

1963 5569 2051 5637 ψι-
2076 5572 2131 5637 et
2165 5564 2383 5637 supplet
2416 5562 2669 5637 Siculus:
2717 5564 3111 5637 ᾊμειϐόμενος
3145 5568 3294 5635 αύτῴ
3323 5568 3422 5637 τὴν
3453 5570 3554 5637 τῆς

1965 5631 2283 5702 ξενοδοχίαις
2309 5636 2660 5703 ἁντάμειψιν.
2712 5631 2867 5701 Quod
2902 5636 3022 5689 ideo
3079 5631 3296 5698 moneo,
3327 5631 3388 5691 ut
3418 5631 3554 5692 cori;

1963 5704 2257 5757 venientia:
2310 5704 2364 5756 in
2414 5703 2971 5776 utroque‘Scriptore
3010 5706 3258 5775 exempla
3314 5710 3550 5764 manife-

1965 5775 2132 5853 stiora
2174 5775 2302 5837 sint,
2368 5790 2489 5843 qua:
2541 5775 2847 5845 frequentia
2898 5777 2952 5830 in
2999 5777 3158 5832 istius
3211 5780 3547 5836 narrationis

1966 5857 2106 5896 sene
2134 5854 2452 5899 occurrunt.

2037 5915 2147 5984 (50)
2178 5914 2272 5969 Δέ.
2305 5916 2472 5971 Abest
2502 5935 2531 5973 a
2564 5930 2774 5976 nostro.
