4110 6456
299 433 370 500 49
1357 447 1660 509 CONTRA
1697 446 2161 508 MANICHEEOS
2199 449 2435 509 LIBER
2475 451 2528 511 Ι.
3525 444 3590 508 50

301 550 638 624 κατάφωρος
691 555 780 627 ἐφ’
826 552 910 623 οἷς
943 561 1237 634 ὲοεομάχει
1284 563 1550 632 γεγονὼς,
1599 564 1694 618 καὶ
1726 563 1891 618 λίθων

2021 574 2152 620 serta
2207 565 2356 620 enim
2431 565 2829 622 Constantinus
2910 565 3210 635 imperator
3261 563 3591 634 Symeonem

301 642 492 713 βολαῖς
516 645 617 716 τὴν
645 647 807 718 δίκην
831 650 1084 723 ὑποσχὼν
1130 653 1220 707 ἔδυ
1279 655 1362 718 είς
1399 655 1550 726 ᾅδου.
1591 655 1891 709 Κωνσταν-

298 739 447 800 τίνος
470 737 580 810 γάρ
609 740 638 793 ὁ
664 739 920 810 βασιλεὺς
964 745 1034 798 τὰ
1061 746 1185 800 κατ’
1211 746 1381 800 αὑτὸν
1405 745 1890 820 άναπεπυσμένος,

304 828 516 882 στέλλει
556 833 680 884 τινὰ
706 831 948 902 τοῦνομα
999 836 1288 906 Συμεῶνα,
1313 838 1407 891 τὸν
1459 838 1562 909 μὲν
1587 838 1894 894 λαοπλάνων

307 922 622 990 ὑπαγαγεῖν
648 927 712 994 τῇ
745 925 868 997 δίκῃ
891 942 906 956 ’
927 927 1043 980 ὅσοι
1067 929 1124 982 ἃ
1149 931 1248 1001 τῆς
1271 930 1484 984 ἐκείνου
1516 929 1731 1002 πλάνης
1759 947 1894 1002 μετ-

303 1015 489 1085 έσχον,
523 1012 645 1070 εἶτα
690 1017 901 1090 ταύτης
944 1019 1294 1090 ἀφίστανται,
1329 1025 1424 1078 καὶ
1453 1022 1553 1096 τὴν
1577 1026 1689 1078 τῶν
1725 1043 1896 1096 μεταο

301 1111 574 1162 νοούντων
616 1109 802 1182 χώραν
843 1113 1130 1186 ὁλοψύχως
1173 1117 1612 1189 ἀναπληροῦσιν,
1674 1119 1900 1182 τούτους

299 1201 417 1273 ἄρα
445 1202 563 1273 (59)
597 1204 734 1275 πρὸς
786 1205 1025 1276 μάθησιν
1068 1208 1179 1262 τῶν
1235 1209 1416 1280 ὀρθῶν
1460 1209 1749 1280 δογμάτων
1805 1213 1900 1264 καὶ

303 1295 662 1364 κατάγνωσιν
697 1297 963 1351 ὲπιπλέον
985 1300 1086 1369 τῆς
1110 1301 1454 1365 ἀποστασίας
1483 1298 1606 1365 ταῖς
1635 1302 1730 1355 τοῦ
1763 1301 1898 1355 Θεοῦ

305 1391 749 1460 προσκαρτερεῖν
781 1391 1122 1463 παραδοῦναι
1159 1392 1536 1464 Ἐκκλησίαις.
1562 1391 1900 1448 Καταλαϐὼν

311 1480 372 1534 δὲ
412 1481 442 1533 ὁ
477 1483 895 1553 ἀπεσταλμένος
935 1484 1037 1556 τὴν
1061 1485 1271 1556 χώραν,
1309 1487 1367 1540 έν
1411 1480 1446 1561 ᾖ
1475 1486 1537 1540 τὸ
1564 1487 1664 1557 τῆς
1695 1486 1904 1556 πλάνης

299 1573 556 1642 ἀνέῳκτο
581 1577 970 1648 ἐργαστήριον,
1007 1579 1104 1630 καὶ
1139 1574 1595 1648 συμπαραλαϐών
1643 1595 1765 1632 τινα
1795 1579 1904 1631 τῶν

305 1665 490 1718 ἐκεῖσε
519 1667 874 1737 ὲπαρχόντων
890 1668 1150 1739 (Τρύφων
1171 1667 1242 1740 ἦν
1258 1665 1335 1740 τῷ
1353 1668 1509 1741 ἀνδρὶ
1529 1661 1750 1740 δνόμα),
1779 1669 1908 1723 συλ-

306 1751 578 1828 λαμϐάνει
605 1761 703 1830 μὲν
724 1761 851 1825 τοὺς
873 1763 1288 1832 ἠπατημένους,
1321 1761 1689 1832 συλλαμϐάνει
1714 1763 1770 1816 δὲ
1813 1763 1908 1816 καὶ

305 1851 409 1905 τὸν.
455 1851 554 1921 τῆς
584 1852 865 1918 ἀπωλείας
891 1854 1252 1909 διδάσκαλον*
1295 1856 1390 1908 καὶ
1437 1855 1567 1918 τοὺς
1619 1855 1718 1926 μὲν
1772 1855 1908 1926 πρὸς

315 1939 610 2008 μετάνοιαν
659 1942 940 2013 δλοψύχως
972 1944 1255 2015 δρῶντας,
1305 1942 1341 2005 ἢ
1388 1942 1680 2016 δοκοῦντας
1735 1945 1904 2016 δρᾷν,
1937 1936 1981 1990 Β

310 2031 423 2086 τῶν
453 2034 552 2088 τοῦ
589 2035 728 2088 Θεοῦ
769 2036 1114 2106 Ἐκκλησιῶν
1159 2037 1274 2102 τοῖς
1323 2037 1542 2108 ἐφόροις
1582 2037 1906 2111 ἐνεχείριζε,

311 2127 442 2191 τοῦς
473 2127 521 2183 δ’
553 2126 639 2180 ἔτι
670 2127 934 2192 πνέοντας
975 2128 1074 2200 τὴν
1101 2129 1439 2184 ἀποστασίαν
1469 2129 1562 2200 ὑφ’
1593 2128 1652 2182 ἓν
1680 2128 1914 2200 ποιησά-

317 2237 504 2290 μενος,
548 2221 646 2274 καὶ
685 2221 856 2274 ιίπὼν
877 2266 891 2287 ,
920 2209 957 2276 ά
985 2223 1100 2286 τοῖς
1131 2221 1398 2286 τοιούτοις
1427 2223 1650 2276 ἀκούειν
1675 2221 1909 2294 ἥρμοζε,

319 2314 528 2366 σκοπὸν
571 2313 674 2382 μὲν
706 2313 892 2377 αὐτοῖς
923 2313 1249 2384 προστίθησι
1279 2315 1393 2385 (ω)
1420 2314 1513 2367 τὺν
1552 2313 1911 2384 καθηγεμόνα

317 2405 420 2472 τῆς
453 2403 687 2472 πλάνης,
723 2406 923 2468 αὐτοὺς
966 2406 1022 2459 δὲ
1055 2405 1274 2475 βάλλειν
1305 2406 1643 2476 προστάσσει
1682 2407 1796 2468 τοῖς
1831 2405 1914 2458 λί-

319 2495 456 2559 θοις.
509 2495 651 2550 Ἀλλ’
695 2499 745 2551 οἱ
785 2498 884 2568 μὲν
917 2496 1067 2553 ἄλλοι
1113 2495 1480 2570 ὸκνηρύτερόν
1526 2515 1648 2561 πως
1679 2497 1921 2568 ἥπτοντο

316 2589 416 2644 τοῦ
455 2589 642 2662 ἔργου.
699 2589 934 2656 Ἰοῦστος
985 2591 1044 2646 δέ
1077 2607 1164 2655 τις
1197 2591 1406 2662 ὄνομα,
1441 2589 1555 2654 υίὸς
1589 2591 1734 2644 κατὰ
1766 2589 1916 2644 θέσιν

322 2679 698 2750 πεποιημένος
725 2679 807 2752 τῷ
843 2681 1266 2752 Κωνσταντίνῳ,
1307 2679 1442 2753 παρ’
1475 2671 1522 2749 ᾧ
1554 2681 1652 2734 καὶ
1672 2679 1776 2752 τὴν
1791 2681 1914 2735 Μα-

327 2773 577 2842 νιχαῖκὴν
612 2773 830 2843 αἰρεσιν
872 2773 1261 2844 ἐμαθητεύθηο
1291 2771 1351 2838 δς
1380 2774 1662 2843 ἐπιγνοὺς,
1693 2772 1770 2837 ὡς
1808 2772 1918 2827 ἐοι-

331 2878 442 2928 κιν,
469 2865 548 2927 εἰς
571 2860 690 2917 οἷον
713 2864 877 2918 αὐτὸν
915 2864 1192 2937 βάραθρον
1222 2867 1252 2920 δ
1278 2865 1604 2930 διδάσκαλος
1643 2865 1920 2938 ἐμϐεϐλή-

327 2970 434 3016 κει,
469 2946 808 3027 χειροπληθῆ
843 2954 991 3010 λίθον
1017 2955 1131 3026 (ﬂ)
1160 2955 1344 3010 λαϐὼν
1363 2997 1377 3022 ,
1405 2957 1504 3010 καὶ
1530 2957 1752 3028 πληγὴν
1794 2974 1918 3012 και-

1997 655 2288 726 quemdam
2320 657 2490 719 misit,
2542 658 2638 728 qui
2676 656 3026 711 seductorem
3073 655 3345 726 supplicio
3384 655 3592 724 plecte-

2001 757 2114 813 ret;
2147 748 2353 804 erroris
2393 763 2524 805 vero
2571 757 2879 816 consortes,
2932 749 3206 818 siquidem
3235 747 3304 802 ab
3328 747 3422 802 illo
3458 748 3596 802 resi-

1998 835 2166 896 lirent
2221 849 2277 897 et
2325 849 2444 896 toto
2469 843 2654 897 animo
2712 841 3052 912 poenitentiae
3106 842 3287 896 locum
3370 839 3598 911 implere

2000 929 2224 995 vellent,
2267 933 2335 986 ad
2369 932 2714 1002 disciplinam
2749 948 2895 988 sanae
2923 931 3192 988 doctrinae
3225 944 3278 987 et
3310 931 3600 1003 apostasia:

2000 1023 2412 1080 damnationem
2465 1025 2723 1082 Ecclesiis
2758 1027 2999 1082 traderet
3053 1023 3410 1082 erudiendos.
3461 1023 3596 1080 Cum

2003 1117 2298 1187 praedictus
2347 1119 2663 1190 (Sytneon)
2715 1121 3060 1189 pervenisset
3121 1119 3188 1174 ad
3243 1119 3469 1184 locum,
3505 1115 3598 1172 ubi

2001 1211 2206 1266 erroris
2241 1210 2455 1266 ofﬁcina
2517 1223 2709 1282 aperta
2771 1209 2970 1268 fuerat.
3011 1209 3363 1285 Tryphonem
3403 1228 3601 1283 quem-

2004 1303 2152 1368 dam,
2192 1304 2268 1358 ibi
2321 1305 2702 1374 przefecturam
2760 1316 3075 1376 gerentem,
3118 1304 3428 1376 adjungens
3474 1303 3602 1367 sibi,

2005 1402 2120 1450 tum
2155 1411 2270 1462 eos,
2303 1396 2395 1466 qui
2432 1396 2643 1451 seducti
2681 1396 2934 1462 fuerant,
2965 1405 3080 1452 tum
3112 1397 3295 1467 ipsum
3333 1393 3604 1466 perniciei

2006 1487 2289 1542 doctorem
2318 1489 2708 1558 apprehendit,
2743 1499 2906 1558 atque
2931 1501 3048 1552 eos,
3093 1489 3186 1560 qui
3224 1488 3293 1543 ad
3323 1487 3604 1558 poeniten-

2009 1578 2144 1633 tiam
2174 1579 2567 1650 respiciebant,
2605 1577 2690 1635 vel
2719 1581 2996 1651 reSpicere
3028 1596 3088 1636 se
3116 1579 3472 1641 simulabant,
3499 1577 3605 1633 Ec-

2008 1669 2294 1723 clesiarum
2341 1669 2432 1725 Dei
2475 1672 2801 1740 praesulibus
2843 1671 3102 1736 tradidit;
3149 1670 3216 1726 iis
3256 1673 3440 1724 autem
3466 1709 3482 1735 ,
3512 1667 3608 1738 qui

2010 1761 2191 1818 adhuc
2215 1763 2503 1832 apostasia:
2533 1763 2702 1819 dediti
2736 1765 2914 1826 erant,
2943 1759 3107 1817 simul
3137 1759 3393 1817 adductis
3419 1769 3606 1829 atque,

2011 1864 2073 1910 ut
2099 1871 2197 1926 par
2239 1864 2397 1923 erat,
2429 1856 2762 1922 admonitis,
2795 1856 2993 1912 ducem
3033 1855 3238 1910 erroris
3280 1853 3337 1908 in
3382 1867 3609 1922 secpum

2010 1949 2328 2019 proposuit,
2366 1950 2739 2020 praecepitque
2783 1955 2843 2004 ut
2872 1944 3083 2018 lapides
3127 1945 3185 2002 in
3236 1961 3362 2002 eum
3420 1944 3610 1999 mitte-

2012 2051 2156 2097 rent.
2179 2043 2385 2097 Verum
2415 2042 2508 2098 alii
2537 2043 2758 2113 quidem
2791 2059 2906 2098 rem
2941 2041 3168 2111 segnius
3196 2050 3327 2094 sunt
3347 2038 3612 2110 aggressi.

2013 2133 2204 2190 Justus
2232 2144 2415 2190 autem
2435 2135 2678 2205 quidam,
2707 2137 2801 2206 qui
2831 2136 3124 2205 adoptatus
3150 2129 3206 2186 in
3231 2129 3403 2188 lilium
3433 2127 3616 2185 fuerat

2010 2241 2043 2281 a
2090 2227 2478 2291 Constantino,
2510 2243 2542 2282 a
2570 2243 2681 2298 quo
2716 2227 2883 2283 etiam
2930 2225 3328 2281 Manichaicam
3367 2220 3614 2278 haeresin

2012 2316 2243 2371 edoctus
2280 2315 2494 2386 fuerat;
2548 2334 2893 2388 agnoscens,
2937 2327 2997 2371 ut
3043 2314 3346 2372 verisimile
3396 2325 3502 2378 est,
3558 2311 3612 2366 in

2012 2417 2279 2478 quantum
2332 2423 2392 2466 se
2444 2411 2770 2466 barathrum
2806 2411 3066 2482 magister
3116 2408 3208 2464 ille
3253 2405 3614 2476 conjecisset,

2023 2509 2246 2571 arrepto
2279 2502 2472 2573 grandi
2495 2519 2648 2570 saxo,
2679 2503 2935 2558 Iethalem
2966 2503 3135 2557 ictum
3166 2501 3224 2555 in
3255 2515 3486 2570 pravum
3513 2496 3619 2552 im-

2012 2589 2164 2646 mlsit
2197 2590 2513 2656 doctorem,
2544 2594 2919 2665 miserumque
2953 2592 3155 2649 misere
3179 2592 3289 2647 vita
3329 2589 3618 2662 privavit:

2017 2692 2144 2755 post
2185 2699 2314 2740 eum
2363 2701 2495 2742 vero
2541 2686 2752 2758 reliqua
2802 2686 3134 2751 multitudo,
3187 2699 3412 2744 manum
3459 2682 3616 2752 operi

2021 2772 2360 2842 admovens,
2393 2793 2650 2836 acervum
2695 2779 2940 2850 lapidum
2991 2776 3245 2835 cadaveri
3286 2775 3555 2847 imposuit
3601 2790 3616 2828 :

2023 2874 2169 2929 unde
2200 2874 2404 2930 factum
2461 2883 2545 2932 est
2587 2884 2647 2932 ut
2677 2877 2746 2933 ad
2781 2878 2926 2934 hanc
2955 2893 3130 2949 usque
3155 2877 3303 2933 diem
3335 2876 3490 2930 locus
3532 2869 3624 2924 ille

2023 2962 2194 3020 Soros
2220 2980 2320 3022 seu
2346 2985 2566 3023 acervus
2595 2969 2927 3040 appelletur.

329 3047 456 3118 ρίαν
497 3045 577 3117 τῷ
620 3048 780 3118 κακῷ
812 3047 1121 3119 διδασκάλῳ
1149 3048 1549 3121 ἐντεινάμενος,
1579 3049 1680 3103 τοῦ
1716 3047 1817 3121 ζῇν
1845 3049 1941 3104 τὸν
1977 3052 2163 3111 άθλιον
2187 3057 2390 3123 ἀθλίως
2433 3059 2738 3132 ἀτιτήλαστίν⁸
2772 3060 2893 3131 μεθ’
2922 3060 2982 3113 δν
3008 3063 3107 3114 καὶ
3143 3058 3206 3112 τὸ
3232 3057 3422 3112 λοιπὸν
3481 3052 3626 3122 πλῆ-

330 3143 427 3208 θος
463 3145 883 3216 συνεπιθέμενοι
909 3145 986 3217 τῷ
1015 3144 1185 3218 ἔργῳ,
1221 3145 1398 3217 σωρὸν
1431 3141 1602 3200 λίθων
1629 3143 1694 3199 τὸ
1722 3143 1928 3217 πτῶμα
1968 3149 2321 3224 είργάσαντοο
2350 3155 2427 3219 ὼς
2459 3157 2556 3210 καὶ
2584 3155 2748 3228 μέχρι
2770 3154 2866 3209 νῦν
2887 3155 3101 3209 ἐκεῖθεν
3158 3152 3342 3226 Σωρὸν
3397 3146 3626 3216 ἐπίκλη-

334 3257 424 3293 σιν
460 3240 554 3293 τὸν
587 3241 768 3312 χῶρον
804 3240 1017 3311 λαχεῖν.

405 3331 518 3388 ιη’.
543 3333 605 3386 ΟΞ
631 3333 816 3403 μέντοι
837 3336 957 3397 ταῖς
977 3327 1073 3396 τοῦ
1098 3332 1234 3386 Θεοῦ
1255 3330 1662 3405 παρατεθέντες
1696 3331 1921 3403 Ἐκκλη-

2108 3332 2297 3389 XVIII.
2327 3334 2394 3389 Et
2424 3335 2501 3390 illi
2519 3335 2741 3406 quidem
2764 3334 2858 3390 Dei
2877 3333 3141 3390 Ecclesiis
3166 3331 3411 3403 adjnneti
3433 3331 3626 3396 fuere;

336 3427 506 3490 σίαις,
539 3427 667 3497 τόγε
711 3427 967 3481 πλεῖστον
997 3428 1178 3482 αὐτῶν
1212 3427 1338 3482 ἀντὶ
1364 3427 1465 3498 τῆς
1491 3427 1838 3497 ἐπιστροφῆς
1872 3426 1935 3480 τὸ

335 3519 666 3590 ἀδιόρθωτον
692 3519 1061 3586 ἐπεδείξαντοο
1090 3521 1186 3574 καὶ
1198 3521 1292 3590 ὅγε
1311 3520 1661 3591 ταλαίπωρος
1685 3518 1936 3590 Συμεὼν,

339 3613 564 3684 ἀμαθής
618 3629 677 3666 τε
706 3613 783 3667 ὢν
815 3613 1088 3684 σωτηρίου
1118 3612 1474 3684 διδάγματος,
1507 3613 1602 3666 καὶ
1631 3611 1808 3676 ἄλλως
1836 3611 1935 3676 τάς

344 3703 548 3775 φρένας
595 3705 796 3774 κοῦφος
848 3707 944 3759 καὶ
1000 3702 1794 3776 εὐπαράγωγος,.λογοθετῶν
1846 3703 1941 3758 καὶ⁹

343 3795 860 3868 ἀναπυνθανόμενος
888 3797 958 3852 τά
991 3797 1136 3851 κατὰ
1160 3796 1290 3860 τοὺς
1315 3797 1660 3862 ἀποστάτας,
1687 3796 1810 3851 ἀντὶ
1844 3793 1940 3849 τοῦ

348 3889 680 3960 μετακαλεῖν
724 3887 838 3960 (42)
880 3905 1037 3952 τινας
1071 3888 1210 3960 πρὸς
1243 3888 1305 3941 τὸ
1347 3888 1446 3960 τῆς
1478 3887 1768 3952 εὐσεϐείας
1813 3888 1944 3960 φρό-

347 3998 522 4053 νημα,
556 3982 717 4046 αὐτὸς
772 3983 852 4047 είς
912 3979 1010 4054 τὴν
1066 3983 1292 4036 ἐκείνων
1342 3981 1589 4054 ὀλέθριον
1645 3979 1945 4053 θρησκείαν

325 4143 328 4146 ,
351 4075 668 4147 μετέϐαλεν.
706 4076 926 4148 Πράξας
950 4075 995 4128 δ’
1018 4075 1132 4144 οὖν,
1156 4076 1293 4148 ὅπερ
1325 4075 1566 4146 εἴρηται,
1589 4073 1686 4129 καὶ
1712 4073 1946 4145 ἀναδρα-

353 4169 475 4238 μὼν
519 4169 657 4240 πρὸς
693 4168 786 4222 τὸν
834 4167 1220 4222 ἀπεσταλκότα
1255 4167 1515 4239 βασιλέα,
1545 4167 1642 4220 καὶ
1684 4165 1947 4238 κρύπτων

351 4261 501 4315 ἔνδον
519 4263 612 4315 καὶ
635 4261 992 4333 περιθάλπων
1015 4262 1074 4314 τὸ
1097 4260 1286 4333 θηρίον
1311 4260 1402 4312 ιπι
1423 4249 1520 4329 ἔτη
1541 4257 1690 4330 τρία,
1717 4257 1948 4328 ἐπείπερ

353 4351 524 4407 αὑτοῦ
567 4351 1022 4423 κατανεμηθέντα
1050 4351 1198 4405 ἔνδον
1231 4351 1412 4403 πάντα
1448 4349 1687 4420 ῥαγῆναι
1717 4345 1819 4420 ἤδη
1853 4348 1950 4402 καὶ

355 4447 496 4516 πρὸς
525 4448 592 4500 τά
620 4446 726 4510 ἔξω
751 4445 1028 4510 ἐϐιάζετο,
1056 4443 1284 4512 ἀπαίρει
1310 4441 1491 4512 λάθρα
1519 4442 1620 4509 τῆς
1655 4439 1950 4511 βασιλίδος,

357 4543 455 4594 καὶ
483 4544 563 4604 είς
594 4541 692 4612 τὴν
733 4540 1152 4611 προειρημένην
1187 4538 1484 4592 Κίϐωσσαν
1530 4533 1950 4608 παραγεγονὼς,

2037 3426 2276 3481 maxima
2299 3442 2427 3497 pars
2451 3443 2642 3482 eorum
2672 3428 2947 3482 obstinata
2977 3425 3033 3480 in
3063 3423 3344 3495 proposito
3375 3423 3581 3478 mansit
3611 3439 3628 3478 :

2037 3517 2148 3574 imo
2168 3519 2336 3574 miser
2356 3535 2574 3590 quoque
2592 3518 2854 3590 Symeon,
2878 3526 3073 3589 utpote
3090 3517 3347 3571 salutaris
3370 3515 3633 3571 doctrinae

2038 3611 2345 3683 imperitus,
2369 3621 2423 3669 et
2448 3613 2669 3668 aliunde
2693 3621 2880 3668 mente
2907 3612 3046 3667 levis
3079 3627 3142 3665 ac
3172 3609 3465 3675 versatilis,
3502 3625 3632 3680 per-

2041 3708 2296 3758 contatus
2316 3717 2382 3758 ac
2399 3703 2616 3758 curiose
2642 3703 2968 3774 perquirens
2988 3717 3077 3767 ea,
3102 3716 3226 3772 quae
3255 3701 3322 3755 ad
3351 3708 3633 3770 apostatas

2042 3793 2410 3864 pertinebant,
2437 3794 2530 3866 qui
2561 3793 2697 3850 alios
2718 3793 2788 3850 ad
2811 3793 3142 3850 sententiam
3175 3807 3438 3848 revocare
3463 3792 3634 3847 debe-

2044 3884 2157 3948 bat,
2188 3885 2306 3956 ipse
2334 3887 2402 3942 ad
2425 3886 2790 3956 perniciosam
2812 3901 3004 3941 eorum
3029 3885 3347 3958 religionem
3380 3883 3631 3939 accessit.

2046 3977 2288 4034 Peractis
2318 3978 2481 4051 igitur
2511 3979 2578 4034 iis
2599 4019 2614 4042 ,
2643 3994 2764 4050 quae
2795 3994 2962 4050 supra
2989 3979 3136 4034 dicta
3169 3986 3322 4045 sunt,
3354 3981 3412 4032 et
3443 3993 3634 4032 rever-

2047 4088 2140 4128 sus
2174 4073 2242 4128 ad
2284 4073 2708 4144 imperatorem,
2741 4087 2772 4128 a
2821 4087 2932 4142 quo
2981 4071 3185 4126 missus
3225 4070 3426 4132 fuerat,
3466 4068 3633 4124 feram

2049 4164 2197 4218 illam
2221 4163 2504 4234 (erroris)
2535 4162 2677 4217 intra
2702 4177 2760 4217 se
2788 4163 3070 4218 occultans
3103 4177 3279 4216 annos
3311 4169 3445 4223 tres,
3475 4169 3639 4229 atque

2051 4255 2266 4322 fovens,
2290 4271 2416 4309 cum
2440 4255 2552 4326 jam
2582 4253 2892 4324 proximum
2924 4261 3090 4318 esset,
3121 4262 3183 4307 ut
3210 4253 3468 4306 omnibus
3496 4251 3639 4305 intra

2051 4364 2112 4404 se
2140 4346 2435 4402 devastatis
2460 4346 2608 4401 I‘oras
2637 4356 2984 4416 erumperet,
3014 4361 3082 4399 ex
3113 4344 3468 4414 imperatoria
3502 4344 3641 4398 urbe

2053 4437 2238 4492 furtim
2285 4451 2344 4491 se
2374 4435 2649 4499 subducit,
2684 4449 2920 4504 cumque
2953 4433 3022 4489 ad
3054 4440 3411 4488 memoratam
3444 4429 3640 4484 Cibos-

2055 4545 2170 4586 sam
2206 4529 2586 4602 remigrasset,
2639 4526 2986 4582 Constantini
3035 4534 3323 4581 consortes
3367 4531 3424 4578 et
3463 4521 3643 4577 socios

357 4633 602 4704 ἀθροίζει
647 4634 743 4703 μὲν
777 4635 902 4695 τοὺς
944 4631 1211 4704 ὁμιλητάς
1259 4630 1674 4684 Κωνσταντίνου
1701 4669 1717 4693 ,
1757 4628 1816 4681 δν
1850 4629 1918 4681 αύ

2056 4631 2358 4688 convocat,
2413 4637 2577 4692 quem
2630 4621 2722 4680 ille
2771 4619 2957 4690 jussus
3015 4618 3404 4683 interfecerat,
3469 4629 3643 4684 seque

357 4728 452 4791 τὸς
495 4729 560 4781 ὲκ
609 4727 1035 4797 προστάγματος
1079 4725 1324 4790 ἀνεῖλεν,
1375 4723 1700 4777 διδάσκαλον
1745 4721 1802 4775 δὲ
1858 4738 1921 4775 κα

2021 4705 2030 4746 ⁵
2060 4717 2350 4788 apostasia:
2379 4717 2660 4770 doctorem
2698 4721 2754 4768 et
2783 4721 3160 4768 successorem
3201 4705 3489 4765 constituit
3519 4726 3532 4760 :
3565 4715 3650 4760 at-

359 4821 608 4890 διάδοχον
638 4820 801 4883 αὐτὸς
841 4821 1034 4872 ἑαυτὸν
1062 4819 1162 4889 τῆς
1195 4817 1537 4880 ἀποστάσιας
1566 4815 1813 4886 ἐξάρχων
1857 4832 1921 4867 κα

2060 4828 2168 4884 que
2202 4810 2451 4880 exemplo
2475 4823 2668 4864 eorum
2686 4849 2704 4875 ,
2730 4807 2822 4877 qui
2851 4813 3286 4877 praecesserant,
3322 4798 3650 4856 defectionis

361 4915 462 4986 τὴν
490 4915 685 4985 κλῆσιν
713 4916 793 4977 εἰς
824 4915 984 4967 Τίτον
1023 4912 1301 4984 μετέθετο.
1337 4912 1500 4982 Τρεῖς
1541 4909 1654 4981 (45)
1683 4908 1742 4962 δὲ
1771 4909 1920 4962 ὲνιαυ

2061 4909 2465 4980 praefectorum,
2501 4911 2714 4958 mutato
2757 4901 2982 4956 nomine
3005 4897 3288 4966 se.Titum
3327 4893 3644 4965 appellavit.

365 5009 491 5070 τοὺς
519 5008 577 5060 ὲν
605 5010 670 5078 τῇ
719 5006 947 5078 τοιαύτῃ
981 5005 1300 5068 διατελέσας
1335 5003 1516 5074 πλάνῃ
1542 5044 1556 5067 ,
1598 5004 1695 5055 καὶ
1731 5001 1921 5053 πολλοὶ

2052 4999 2252 5055 Tribus
2285 5004 2467 5052 autem
2494 4993 2656 5048 annis
2686 4993 2745 5046 in
2774 4987 3088 5062 huiusmodi
3118 5001 3308 5043 errore
3333 4983 3648 5044 transactis,

367 5099 478 5153 ἀπὸ
493 5101 596 5170 τῆς
617 5098 901 5161 εὐσεϐείας
921 5097 1351 5167 συλαγωγήσας,
1378 5093 1570 5148 ἔπειτα
1593 5093 1706 5163 (44)
1733 5091 1919 5145 τοιαῦτ

2051 5106 2177 5147 cum
2203 5089 2406 5144 multos
2426 5103 2456 5141 a
2486 5086 2576 5156 pia
2604 5083 2868 5156 religione
2891 5080 3208 5145 avertisset,
3240 5079 3298 5134 in
3326 5075 3643 5147 huiusmodi

369 5169 628 5264 πράττων
670 5193 817 5247 ἑάλω
872 5192 970 5246 καὶ
1024 5191 1116 5244 τὸν
1166 5189 1257 5243 διὰ
1298 5187 1470 5258 πυρὸς
1528 5185 1642 5256 (45)
1695 5187 1921 5239 ἀπέτισε

2066 5181 2233 5253 gestis
2261 5179 2713 5250 comprehensus,
2746 5177 2872 5247 igne
2901 5173 3111 5229 debitas
3150 5188 3340 5244 poenas
3369 5169 3517 5233 luit,
3540 5177 3650 5222 tam

1496 5295 1727 5352 VARIAE
1772 5295 2163 5352 LECTIONES
2201 5293 2292 5351 ΕΤ
2344 5291 2579 5349 ΝΟΤᾸΕ.

450 5433 561 5504 (39)
603 5433 765 5502 Ἀρα.
802 5430 881 5486 Ita
903 5429 1144 5504 Noster;
1174 5421 1454 5504 praemittit
1483 5419 1542 5472 δὲ
1568 5418 1921 5504 quslinianu:

2069 5417 2359 5504 eeféﬁais-
2391 5488 2416 5501 -

373 5477 574 5576 ιιι-ἀξιᾎῖ
601 5477 1149 5567 r'éﬁﬁ'ciiﬁi’iiiiiiiti
1176 5477 1284 5568 im};
1315 5490 1680 5570 praecesserit.
1953 5477 1962 5481 ⁷
2069 5477 2084 5490 ’
2140 5488 2254 5627 (ιιὸγ
2285 5488 2465 5556 Τρεῖς.
2495 5484 2594 5539 Ms.
2635 5481 2826 5537 Hamb.
2868 5480 3034 5535 habet
3072 5479 3228 5550 πρός,
3267 5477 3549 5532 mendose.

450 5576 563 5627 (40)
608 5577 996 5627 [Iocari/mat.
1029 5575 1103 5625 Ita
1149 5578 1334 5623 noster
1373 5581 1385 5617 :
1425 5571 1484 5616 ut
1523 5560 1749 5615 Cotslin.
1782 5561 1972 5627 προτί·
2141 5559 2232 5627 (44
2300 5559 2561 5610 Ἔπειτα.
2601 5553 2678 5627 Ita
2716 5569 2839 5608 cum
2887 5550 3088 5627 Nostro
3132 5551 3250 5620 lego
3287 5563 3385 5618 pro
3422 5547 3545 5598 ἐπεὶ
3591 5562 3620 5596 τ

1358 5545 1385 5617 7:
1425 5571 1484 5616 ut
1523 5560 1749 5644 CRISIin.
1782 5575 1917 5642 προς

2071 5630 2106 5644 Π
2283 5545 2561 5638 ’Ἔπειτα
2601 5553 2678 5634 Ita
2716 5569 2839 5608 cum
2887 5550 3088 5644 Nostro
3117 5545 3250 5620 lego
3287 5563 3385 5618 pro
3422 5547 3545 5598 ἐπεὶ
3591 5545 3659 5596 τὰ

378 5623 995 5713 θηὲὶ’,ἰὸῆ‹ἷίέέιίίις;
1029 5623 1154 5712 quia
1193 5640 1261 5695 de
1307 5647 1477 5704 scopo
1517 5631 1641 5686 aliis
1685 5623 1972 5703 pmposito
2068 5623 2415 5713 Coisliniani,
2451 5623 3019 5713 senslt‘incom’mod‘q.

383 5687 542 5713 v.‘-.,
582 5687 721 5698 ,ιν-ν
771 5687 995 5708 ...νυν-ιι,
1030 5687 1154 5712 ειν-ν-
1195 5687 1261 5695 -ν
1308 5687 1353 5692 --
1381 5687 1423 5704 ίι
1457 5687 1464 5688 ί
1685 5687 1703 5703 ι
1793 5687 1807 5702 ι

381 5730 562 5770 SCI'IIIO
589 5725 694 5770 BSL

2145 5700 2260 5769 (45)
2287 5687 2534 5752 Καῐτὸν
2556 5695 2660 5770 διὰ
2691 5696 2901 5770 πυρός.
2937 5691 3012 5770 lta_
3039 5692 3158 5763 lego
3188 5706 3256 5744 ex
3281 5687 3497 5770 Nostro,
3533 5701 3656 5769 cum

591 5758 802 5839 Χῖὸον.
833 5782 951 5837 Non
984 5783 1148 5838 habet
1179 5779 1395 5854 Noster.
1611 5846 1634 5854 _
1677 5847 1691 5854 _
1739 5848 1761 5854 _

2080 5758 2578 5854 Cdislinianusqgt
2603 5758 3014 5847 ornittat,;quod
3055 5758 3240 5818 tamen
3285 5758 3511 5816 verbum
3548 5759 3656 5810 ὰπ-

462 5837 1157 5925 ίηῖῖΐὸῦέιετακὰλεῖν,
1217 5851 1408 5906 Noster
1465 5846 1825 5925 μεταϐαλεῖν,
1876 5859 1921 5897 sr

2083 5845 2263 5898 έτισεν
2293 5855 2417 5896 cum
2447 5837 2590 5893 ἑάλω
2617 5837 2918 5908 coniungit.

387 5919 573 5982 malim
611 5919 940 5997 illudfquia
983 5929 1086 5982 hoc
1123 5926 1303 5980 minus
1349 5921 1579 5991 quadrat
1627 5919 1691 5973 ad
1731 5931 1968 5986 sequens
