  <div class='ocr_page' id='page_1' title='image "/cluster/home/n/w/nwhite01/storage/ocr_20150623/102/hvd.32044012543948/031.png"; bbox 0 0 4110 6402; ppageno 0'>
   <div class='ocr_carea' id='block_1_1' title="bbox 573 370 3841 448">
    <p class='ocr_par' dir='ltr' id='par_1_1' title="bbox 573 370 3841 448">
     <span class='ocr_line' id='line_1_1' title="bbox 573 370 3841 448; baseline 0.005 -15"><span class='ocrx_word' id='word_1_1' title='bbox 573 370 635 434; x_wconf 71' lang='grc'><strong>51</strong></span> <span class='ocrx_word' id='word_1_2' title='bbox 1725 382 1987 443; x_wconf 78' lang='grc' dir='ltr'><strong>ΡΙΙΟΤΙΙ</strong></span> <span class='ocrx_word' id='word_1_3' title='bbox 2025 384 2533 443; x_wconf 68' lang='grc' dir='ltr'><strong>ΡΛΤΒΙΛΒΕΠᾹΞ</strong></span> <span class='ocrx_word' id='word_1_4' title='bbox 2570 386 2682 445; x_wconf 81' lang='lat' dir='ltr'><strong>CP.</strong></span> <span class='ocrx_word' id='word_1_5' title='bbox 3776 385 3841 448; x_wconf 78' lang='grc'><strong>52</strong></span> 
     </span>
    </p>
   </div>
   <div class='ocr_carea' id='block_1_2' title="bbox 574 489 2155 567">
    <p class='ocr_par' dir='ltr' id='par_1_2' title="bbox 574 489 2149 564">
     <span class='ocr_line' id='line_1_2' title="bbox 574 489 2149 564; baseline 0.003 -22"><span class='ocrx_word' id='word_1_6' title='bbox 574 489 692 558; x_wconf 85' lang='lat' dir='ltr'><strong>ipse</strong></span> <span class='ocrx_word' id='word_1_7' title='bbox 720 504 880 559; x_wconf 90' lang='lat' dir='ltr'><strong>quam</strong></span> <span class='ocrx_word' id='word_1_8' title='bbox 912 489 1033 560; x_wconf 85' lang='lat' dir='ltr'><strong>ejus</strong></span> <span class='ocrx_word' id='word_1_9' title='bbox 1059 490 1337 561; x_wconf 81' lang='lat' dir='ltr'><strong>discipuli,</strong></span> <span class='ocrx_word' id='word_1_10' title='bbox 1359 494 1449 562; x_wconf 87' lang='lat' dir='ltr'><strong>qui</strong></span> <span class='ocrx_word' id='word_1_11' title='bbox 1482 493 1806 564; x_wconf 83' lang='lat' dir='ltr'><strong>resipiscere</strong></span> <span class='ocrx_word' id='word_1_12' title='bbox 1834 498 2149 552; x_wconf 73' lang='lat' dir='ltr'><strong>noluerant.</strong></span> 
     </span>
    </p>
   </div>
   <div class='ocr_carea' id='block_1_3' title="bbox 2261 489 3839 567">
    <p class='ocr_par' dir='ltr' id='par_1_3' title="bbox 2261 492 3839 567">
     <span class='ocr_line' id='line_1_3' title="bbox 2261 492 3839 567; baseline 0.003 -21"><span class='ocrx_word' id='word_1_13' title='bbox 2261 493 2494 565; x_wconf 68' lang='grc' dir='ltr'>ὗλεθρον,</span> <span class='ocrx_word' id='word_1_14' title='bbox 2522 495 2683 559; x_wconf 86' lang='grc' dir='ltr'>αὑτός</span> <span class='ocrx_word' id='word_1_15' title='bbox 2718 512 2777 547; x_wconf 87' lang='grc' dir='ltr'><strong>τε</strong></span> <span class='ocrx_word' id='word_1_16' title='bbox 2810 496 2902 548; x_wconf 78' lang='grc' dir='ltr'>καὶ</span> <span class='ocrx_word' id='word_1_17' title='bbox 2943 495 3051 547; x_wconf 84' lang='grc' dir='ltr'><strong>τῶν</strong></span> <span class='ocrx_word' id='word_1_18' title='bbox 3093 492 3226 566; x_wconf 84' lang='grc' dir='ltr'>παρ’</span> <span class='ocrx_word' id='word_1_19' title='bbox 3261 494 3430 547; x_wconf 82' lang='grc' dir='ltr'>αὑτοῦ</span> <span class='ocrx_word' id='word_1_20' title='bbox 3469 512 3839 567; x_wconf 78' lang='grc' dir='ltr'>μυσταγωγη-</span> 
     </span>
    </p>
   </div>
   <div class='ocr_carea' id='block_1_4' title="bbox 570 580 2150 661">
    <p class='ocr_par' dir='ltr' id='par_1_4' title="bbox 570 580 2150 661">
     <span class='ocr_line' id='line_1_4' title="bbox 570 580 2150 661; baseline 0.006 -26"><span class='ocrx_word' id='word_1_21' title='bbox 570 580 787 636; x_wconf 84' lang='lat' dir='ltr'><strong>Etenim</strong></span> <span class='ocrx_word' id='word_1_22' title='bbox 839 581 1029 639; x_wconf 84' lang='lat' dir='ltr'><strong>Justus</strong></span> <span class='ocrx_word' id='word_1_23' title='bbox 1071 598 1235 654; x_wconf 89' lang='lat' dir='ltr'><strong>supra</strong></span> <span class='ocrx_word' id='word_1_24' title='bbox 1267 597 1643 652; x_wconf 83' lang='lat' dir='ltr'><strong>memoratus,</strong></span> <span class='ocrx_word' id='word_1_25' title='bbox 1695 589 1789 659; x_wconf 88' lang='lat' dir='ltr'><strong>qui</strong></span> <span class='ocrx_word' id='word_1_26' title='bbox 1843 599 2150 661; x_wconf 89' lang='lat' dir='ltr'><strong>apostatam</strong></span> 
     </span>
    </p>
   </div>
   <div class='ocr_carea' id='block_1_5' title="bbox 569 675 2151 749">
    <p class='ocr_par' dir='ltr' id='par_1_5' title="bbox 569 675 2151 749">
     <span class='ocr_line' id='line_1_5' title="bbox 569 675 2151 749; baseline 0.004 -19"><span class='ocrx_word' id='word_1_27' title='bbox 569 690 738 730; x_wconf 84' lang='lat' dir='ltr'><strong>manu</strong></span> <span class='ocrx_word' id='word_1_28' title='bbox 781 690 877 729; x_wconf 90' lang='lat' dir='ltr'><strong>sua</strong></span> <span class='ocrx_word' id='word_1_29' title='bbox 922 675 1311 743; x_wconf 88' lang='lat' dir='ltr'><strong>interfecerat,</strong></span> <span class='ocrx_word' id='word_1_30' title='bbox 1346 688 1463 749; x_wconf 90' lang='lat' dir='ltr'><strong>post</strong></span> <span class='ocrx_word' id='word_1_31' title='bbox 1501 680 1634 735; x_wconf 89' lang='lat' dir='ltr'><strong>alias</strong></span> <span class='ocrx_word' id='word_1_32' title='bbox 1666 682 1865 737; x_wconf 89' lang='lat' dir='ltr'><strong>multas</strong></span> <span class='ocrx_word' id='word_1_33' title='bbox 1887 724 1903 747; x_wconf 96' lang='lat'><strong>,</strong></span> <span class='ocrx_word' id='word_1_34' title='bbox 1946 692 2004 737; x_wconf 90' lang='lat' dir='ltr'><strong>ut</strong></span> <span class='ocrx_word' id='word_1_35' title='bbox 2035 682 2151 739; x_wconf 83' lang='lat' dir='ltr'><strong>fieri</strong></span> 
     </span>
    </p>
   </div>
   <div class='ocr_carea' id='block_1_6' title="bbox 571 765 2151 842">
    <p class='ocr_par' dir='ltr' id='par_1_6' title="bbox 571 765 2151 842">
     <span class='ocr_line' id='line_1_6' title="bbox 571 765 2151 842; baseline 0.006 -24"><span class='ocrx_word' id='word_1_36' title='bbox 571 766 749 831; x_wconf 86' lang='lat' dir='ltr'><strong>solet,</strong></span> <span class='ocrx_word' id='word_1_37' title='bbox 793 765 1257 823; x_wconf 83' lang='lat' dir='ltr'><strong>confabulationes</strong></span> <span class='ocrx_word' id='word_1_38' title='bbox 1298 784 1362 824; x_wconf 90' lang='lat' dir='ltr'><strong>ac</strong></span> <span class='ocrx_word' id='word_1_39' title='bbox 1410 772 1741 839; x_wconf 63' lang='lat' dir='ltr'><strong>quiestiones</strong></span> <span class='ocrx_word' id='word_1_40' title='bbox 1789 772 2151 842; x_wconf 84' lang='lat' dir='ltr'><strong>apostolicum</strong></span> 
     </span>
    </p>
   </div>
   <div class='ocr_carea' id='block_1_7' title="bbox 572 857 2153 931">
    <p class='ocr_par' dir='ltr' id='par_1_7' title="bbox 572 857 2153 931">
     <span class='ocr_line' id='line_1_7' title="bbox 572 857 2153 931; baseline 0.004 -20"><span class='ocrx_word' id='word_1_41' title='bbox 572 859 677 913; x_wconf 84' lang='lat' dir='ltr'><strong>hoc</strong></span> <span class='ocrx_word' id='word_1_42' title='bbox 706 858 909 912; x_wconf 88' lang='lat' dir='ltr'><strong>dictum</strong></span> <span class='ocrx_word' id='word_1_43' title='bbox 938 857 1222 928; x_wconf 88' lang='lat' dir='ltr'><strong>proferens</strong></span> <span class='ocrx_word' id='word_1_44' title='bbox 1255 879 1267 913; x_wconf 94' lang='lat'><strong>:</strong></span> <span class='ocrx_word' id='word_1_45' title='bbox 1300 860 1559 925; x_wconf 79' lang='lat' dir='ltr'><strong>Quoniam</strong></span> <span class='ocrx_word' id='word_1_46' title='bbox 1590 862 1646 914; x_wconf 88' lang='lat' dir='ltr'><strong>in</strong></span> <span class='ocrx_word' id='word_1_47' title='bbox 1675 862 1789 931; x_wconf 75' lang='lat' dir='ltr'><strong>ipso</strong></span> <span class='ocrx_word' id='word_1_48' title='bbox 1819 874 1996 916; x_wconf 85' lang='lat' dir='ltr'><strong>creata</strong></span> <span class='ocrx_word' id='word_1_49' title='bbox 2030 874 2153 917; x_wconf 74' lang='lat' dir='ltr'><strong>sunt</strong></span> 
     </span>
    </p>
   </div>
   <div class='ocr_carea' id='block_1_8' title="bbox 573 951 2156 1022">
    <p class='ocr_par' dir='ltr' id='par_1_8' title="bbox 573 951 2156 1022">
     <span class='ocr_line' id='line_1_8' title="bbox 573 951 2156 1022; baseline 0.004 -19"><span class='ocrx_word' id='word_1_50' title='bbox 573 951 770 1013; x_wconf 86' lang='lat' dir='ltr'><strong>omnia,</strong></span> <span class='ocrx_word' id='word_1_51' title='bbox 807 967 925 1021; x_wconf 76' lang='lat' dir='ltr'><strong>qua:</strong></span> <span class='ocrx_word' id='word_1_52' title='bbox 950 952 1005 1005; x_wconf 85' lang='lat' dir='ltr'><strong>in</strong></span> <span class='ocrx_word' id='word_1_53' title='bbox 1030 952 1201 1017; x_wconf 69' lang='lat' dir='ltr'><strong>caelis,</strong></span> <span class='ocrx_word' id='word_1_54' title='bbox 1231 961 1281 1006; x_wconf 85' lang='lat' dir='ltr'><strong>et</strong></span> <span class='ocrx_word' id='word_1_55' title='bbox 1309 969 1426 1022; x_wconf 72' lang='lat' dir='ltr'><strong>qum</strong></span> <span class='ocrx_word' id='word_1_56' title='bbox 1453 953 1506 1007; x_wconf 88' lang='lat' dir='ltr'><strong>in</strong></span> <span class='ocrx_word' id='word_1_57' title='bbox 1537 963 1703 1019; x_wconf 81' lang='lat' dir='ltr'><strong>terra,</strong></span> <span class='ocrx_word' id='word_1_58' title='bbox 1735 954 1965 1008; x_wconf 78' lang='lat' dir='ltr'><strong>visibilia</strong></span> <span class='ocrx_word' id='word_1_59' title='bbox 1996 964 2042 1008; x_wconf 87' lang='lat' dir='ltr'><strong>et</strong></span> <span class='ocrx_word' id='word_1_60' title='bbox 2070 957 2156 1009; x_wconf 87' lang='lat' dir='ltr'><strong>in-</strong></span> 
     </span>
    </p>
   </div>
   <div class='ocr_carea' id='block_1_9' title="bbox 571 1042 2152 1114">
    <p class='ocr_par' dir='ltr' id='par_1_9' title="bbox 571 1042 2152 1114">
     <span class='ocr_line' id='line_1_9' title="bbox 571 1042 2152 1114; baseline 0.002 -19"><span class='ocrx_word' id='word_1_61' title='bbox 571 1042 835 1106; x_wconf 77' lang='lat' dir='ltr'><strong>visibilia;</strong></span> <span class='ocrx_word' id='word_1_62' title='bbox 863 1044 970 1098; x_wconf 76' lang='lat' dir='ltr'><strong>sive</strong></span> <span class='ocrx_word' id='word_1_63' title='bbox 992 1044 1183 1108; x_wconf 82' lang='lat' dir='ltr'><strong>throni,</strong></span> <span class='ocrx_word' id='word_1_64' title='bbox 1211 1044 1318 1097; x_wconf 83' lang='lat' dir='ltr'><strong>sive</strong></span> <span class='ocrx_word' id='word_1_65' title='bbox 1343 1044 1691 1114; x_wconf 73' lang='lat' dir='ltr'><strong>principatus,</strong></span> <span class='ocrx_word' id='word_1_66' title='bbox 1719 1047 1824 1099; x_wconf 75' lang='lat' dir='ltr'><strong>sive</strong></span> <span class='ocrx_word' id='word_1_67' title='bbox 1849 1055 2152 1114; x_wconf 69' lang='lat' dir='ltr'><strong>potestates,</strong></span> 
     </span>
    </p>
   </div>
   <div class='ocr_carea' id='block_1_10' title="bbox 574 1136 2154 1207">
    <p class='ocr_par' dir='ltr' id='par_1_10' title="bbox 574 1136 2154 1207">
     <span class='ocr_line' id='line_1_10' title="bbox 574 1136 2154 1207; baseline 0.004 -21"><span class='ocrx_word' id='word_1_68' title='bbox 574 1136 752 1187; x_wconf 81' lang='lat' dir='ltr'><strong>omnia</strong></span> <span class='ocrx_word' id='word_1_69' title='bbox 792 1152 883 1204; x_wconf 83' lang='lat' dir='ltr'><strong>per</strong></span> <span class='ocrx_word' id='word_1_70' title='bbox 909 1137 1078 1204; x_wconf 84' lang='lat' dir='ltr'><strong>ipsum</strong></span> <span class='ocrx_word' id='word_1_71' title='bbox 1105 1145 1151 1189; x_wconf 89' lang='lat' dir='ltr'><strong>et</strong></span> <span class='ocrx_word' id='word_1_72' title='bbox 1186 1138 1241 1190; x_wconf 84' lang='lat' dir='ltr'><strong>in</strong></span> <span class='ocrx_word' id='word_1_73' title='bbox 1271 1137 1383 1205; x_wconf 80' lang='lat' dir='ltr'><strong>ipso</strong></span> <span class='ocrx_word' id='word_1_74' title='bbox 1414 1145 1592 1190; x_wconf 75' lang='lat' dir='ltr'><strong>creata</strong></span> <span class='ocrx_word' id='word_1_75' title='bbox 1624 1147 1745 1191; x_wconf 76' lang='lat' dir='ltr'><strong>sunt</strong></span> <span class='ocrx_word' id='word_1_76' title='bbox 1792 1154 1811 1191; x_wconf 90' lang='lat'><strong><em>:</em></strong></span> <span class='ocrx_word' id='word_1_77' title='bbox 1849 1149 1897 1192; x_wconf 84' lang='lat' dir='ltr'><strong>et</strong></span> <span class='ocrx_word' id='word_1_78' title='bbox 1927 1139 2038 1207; x_wconf 78' lang='lat' dir='ltr'><strong>ipse</strong></span> <span class='ocrx_word' id='word_1_79' title='bbox 2078 1148 2154 1193; x_wconf 72' lang='lat' dir='ltr'><strong>est</strong></span> 
     </span>
    </p>
   </div>
   <div class='ocr_carea' id='block_1_11' title="bbox 574 1228 2152 1299">
    <p class='ocr_par' dir='ltr' id='par_1_11' title="bbox 574 1228 2152 1299">
     <span class='ocr_line' id='line_1_11' title="bbox 574 1228 2152 1299; baseline 0.004 -20"><span class='ocrx_word' id='word_1_80' title='bbox 574 1236 701 1281; x_wconf 83' lang='lat' dir='ltr'><strong>ante</strong></span> <span class='ocrx_word' id='word_1_81' title='bbox 720 1228 918 1293; x_wconf 81' lang='lat' dir='ltr'><strong>omnia,</strong></span> <span class='ocrx_word' id='word_1_82' title='bbox 939 1236 984 1281; x_wconf 90' lang='lat' dir='ltr'><strong>et</strong></span> <span class='ocrx_word' id='word_1_83' title='bbox 1010 1229 1187 1281; x_wconf 85' lang='lat' dir='ltr'><strong>omnia</strong></span> <span class='ocrx_word' id='word_1_84' title='bbox 1213 1229 1266 1281; x_wconf 85' lang='lat' dir='ltr'><strong>in</strong></span> <span class='ocrx_word' id='word_1_85' title='bbox 1292 1230 1402 1298; x_wconf 80' lang='lat' dir='ltr'><strong>ipso</strong></span> <span class='ocrx_word' id='word_1_86' title='bbox 1422 1231 1722 1284; x_wconf 70' lang='lat' dir='ltr'><strong>constant‘.</strong></span> <span class='ocrx_word' id='word_1_87' title='bbox 1751 1228 1883 1294; x_wconf 84' lang='lat' dir='ltr'><strong>Hoc,</strong></span> <span class='ocrx_word' id='word_1_88' title='bbox 1910 1230 2152 1299; x_wconf 83' lang='lat' dir='ltr'><strong>inquam,</strong></span> 
     </span>
    </p>
   </div>
   <div class='ocr_carea' id='block_1_12' title="bbox 574 1319 2156 1391">
    <p class='ocr_par' dir='ltr' id='par_1_12' title="bbox 574 1319 2156 1391">
     <span class='ocr_line' id='line_1_12' title="bbox 574 1319 2156 1391; baseline 0.005 -21"><span class='ocrx_word' id='word_1_89' title='bbox 574 1319 781 1374; x_wconf 84' lang='lat' dir='ltr'><strong>dictum</strong></span> <span class='ocrx_word' id='word_1_90' title='bbox 812 1319 1096 1389; x_wconf 82' lang='lat' dir='ltr'><strong>objiciens,</strong></span> <span class='ocrx_word' id='word_1_91' title='bbox 1130 1329 1321 1375; x_wconf 86' lang='lat' dir='ltr'><strong>contra</strong></span> <span class='ocrx_word' id='word_1_92' title='bbox 1359 1321 1682 1391; x_wconf 82' lang='lat' dir='ltr'><strong>Syineonem</strong></span> <span class='ocrx_word' id='word_1_93' title='bbox 1712 1322 2028 1388; x_wconf 82' lang='lat' dir='ltr'><strong>insurrexit,</strong></span> <span class='ocrx_word' id='word_1_94' title='bbox 2065 1324 2156 1378; x_wconf 88' lang='lat' dir='ltr'><strong>di-</strong></span> 
     </span>
    </p>
   </div>
   <div class='ocr_carea' id='block_1_13' title="bbox 572 1406 2156 1483">
    <p class='ocr_par' dir='ltr' id='par_1_13' title="bbox 572 1406 2156 1483">
     <span class='ocr_line' id='line_1_13' title="bbox 572 1406 2156 1483; baseline 0.003 -20"><span class='ocrx_word' id='word_1_95' title='bbox 572 1423 745 1464; x_wconf 86' lang='lat' dir='ltr'><strong>cens:</strong></span> <span class='ocrx_word' id='word_1_96' title='bbox 780 1406 859 1464; x_wconf 92' lang='lat' dir='ltr'><strong>Nc</strong></span> <span class='ocrx_word' id='word_1_97' title='bbox 901 1407 1042 1463; x_wconf 86' lang='lat' dir='ltr'><strong>forte</strong></span> <span class='ocrx_word' id='word_1_98' title='bbox 1094 1408 1193 1478; x_wconf 87' lang='lat' dir='ltr'><strong>ipsi</strong></span> <span class='ocrx_word' id='word_1_99' title='bbox 1247 1408 1461 1478; x_wconf 88' lang='lat' dir='ltr'><strong>decepti</strong></span> <span class='ocrx_word' id='word_1_100' title='bbox 1510 1419 1725 1475; x_wconf 87' lang='lat' dir='ltr'><strong>essent,</strong></span> <span class='ocrx_word' id='word_1_101' title='bbox 1783 1427 2156 1483; x_wconf 86' lang='lat' dir='ltr'><strong>sequacesque</strong></span> 
     </span>
    </p>
   </div>
   <div class='ocr_carea' id='block_1_14' title="bbox 574 1500 2158 1571">
    <p class='ocr_par' dir='ltr' id='par_1_14' title="bbox 574 1500 2158 1571">
     <span class='ocr_line' id='line_1_14' title="bbox 574 1500 2158 1571; baseline 0.003 -14"><span class='ocrx_word' id='word_1_102' title='bbox 574 1516 704 1557; x_wconf 88' lang='lat' dir='ltr'><strong>suos</strong></span> <span class='ocrx_word' id='word_1_103' title='bbox 749 1500 1105 1571; x_wconf 83' lang='lat' dir='ltr'><strong>deciperent,</strong></span> <span class='ocrx_word' id='word_1_104' title='bbox 1155 1514 1267 1554; x_wconf 91' lang='lat' dir='ltr'><strong>non</strong></span> <span class='ocrx_word' id='word_1_105' title='bbox 1312 1501 1564 1555; x_wconf 90' lang='lat' dir='ltr'><strong>eumdem</strong></span> <span class='ocrx_word' id='word_1_106' title='bbox 1616 1501 1877 1557; x_wconf 84' lang='lat' dir='ltr'><strong>factorem</strong></span> <span class='ocrx_word' id='word_1_107' title='bbox 1927 1506 2048 1559; x_wconf 62' lang='lat' dir='ltr'><strong>coeli</strong></span> <span class='ocrx_word' id='word_1_108' title='bbox 2099 1514 2158 1561; x_wconf 88' lang='lat' dir='ltr'><strong>et</strong></span> 
     </span>
    </p>
   </div>
   <div class='ocr_carea' id='block_1_15' title="bbox 573 1593 2155 1663">
    <p class='ocr_par' dir='ltr' id='par_1_15' title="bbox 573 1593 2155 1663">
     <span class='ocr_line' id='line_1_15' title="bbox 573 1593 2155 1663; baseline 0.002 -15"><span class='ocrx_word' id='word_1_109' title='bbox 573 1604 775 1661; x_wconf 58' lang='lat' dir='ltr'><strong>terras,</strong></span> <span class='ocrx_word' id='word_1_110' title='bbox 826 1595 1110 1663; x_wconf 88' lang='lat' dir='ltr'><strong>Deumque</strong></span> <span class='ocrx_word' id='word_1_111' title='bbox 1156 1608 1285 1649; x_wconf 84' lang='lat' dir='ltr'><strong>vere</strong></span> <span class='ocrx_word' id='word_1_112' title='bbox 1341 1604 1397 1649; x_wconf 89' lang='lat' dir='ltr'><strong>et</strong></span> <span class='ocrx_word' id='word_1_113' title='bbox 1446 1593 1661 1648; x_wconf 86' lang='lat' dir='ltr'><strong>Patrem</strong></span> <span class='ocrx_word' id='word_1_114' title='bbox 1717 1595 1931 1650; x_wconf 89' lang='lat' dir='ltr'><strong>Domini</strong></span> <span class='ocrx_word' id='word_1_115' title='bbox 1981 1598 2155 1653; x_wconf 91' lang='lat' dir='ltr'><strong>nostri</strong></span> 
     </span>
    </p>
   </div>
   <div class='ocr_carea' id='block_1_16' title="bbox 572 1686 2157 1762">
    <p class='ocr_par' dir='ltr' id='par_1_16' title="bbox 572 1686 2157 1762">
     <span class='ocr_line' id='line_1_16' title="bbox 572 1686 2157 1762; baseline 0.004 -21"><span class='ocrx_word' id='word_1_116' title='bbox 572 1686 776 1741; x_wconf 76' lang='lat' dir='ltr'><strong>Christi</strong></span> <span class='ocrx_word' id='word_1_117' title='bbox 807 1687 1200 1757; x_wconf 78' lang='lat' dir='ltr'><strong>praedicantes;</strong></span> <span class='ocrx_word' id='word_1_118' title='bbox 1231 1688 1327 1743; x_wconf 90' lang='lat' dir='ltr'><strong>sed</strong></span> <span class='ocrx_word' id='word_1_119' title='bbox 1358 1697 1555 1759; x_wconf 67' lang='lat' dir='ltr'><strong>praeter</strong></span> <span class='ocrx_word' id='word_1_120' title='bbox 1584 1689 1734 1745; x_wconf 91' lang='lat' dir='ltr'><strong>hunc</strong></span> <span class='ocrx_word' id='word_1_121' title='bbox 1770 1691 1936 1745; x_wconf 90' lang='lat' dir='ltr'><strong>alium</strong></span> <span class='ocrx_word' id='word_1_122' title='bbox 1965 1707 2157 1762; x_wconf 87' lang='lat' dir='ltr'><strong>quem-</strong></span> 
     </span>
    </p>
   </div>
   <div class='ocr_carea' id='block_1_17' title="bbox 572 1779 2153 1850">
    <p class='ocr_par' dir='ltr' id='par_1_17' title="bbox 572 1779 2153 1850">
     <span class='ocr_line' id='line_1_17' title="bbox 572 1779 2153 1850; baseline 0.003 -17"><span class='ocrx_word' id='word_1_123' title='bbox 572 1780 720 1841; x_wconf 85' lang='lat' dir='ltr'><strong>dam,</strong></span> <span class='ocrx_word' id='word_1_124' title='bbox 749 1794 913 1849; x_wconf 88' lang='lat' dir='ltr'><strong>quem</strong></span> <span class='ocrx_word' id='word_1_125' title='bbox 938 1779 1232 1849; x_wconf 88' lang='lat' dir='ltr'><strong>apostolica</strong></span> <span class='ocrx_word' id='word_1_126' title='bbox 1265 1780 1478 1850; x_wconf 89' lang='lat' dir='ltr'><strong>eloquia</strong></span> <span class='ocrx_word' id='word_1_127' title='bbox 1513 1797 1623 1836; x_wconf 93' lang='lat' dir='ltr'><strong>non</strong></span> <span class='ocrx_word' id='word_1_128' title='bbox 1659 1793 1883 1838; x_wconf 90' lang='lat' dir='ltr'><strong>norunt.</strong></span> <span class='ocrx_word' id='word_1_129' title='bbox 1921 1784 2057 1838; x_wconf 86' lang='lat' dir='ltr'><strong>Cum</strong></span> <span class='ocrx_word' id='word_1_130' title='bbox 2084 1800 2153 1839; x_wconf 81' lang='lat' dir='ltr'><strong>ex</strong></span> 
     </span>
    </p>
   </div>
   <div class='ocr_carea' id='block_1_18' title="bbox 2256 585 3841 660">
    <p class='ocr_par' dir='ltr' id='par_1_18' title="bbox 2256 585 3841 660">
     <span class='ocr_line' id='line_1_18' title="bbox 2256 585 3841 660; baseline 0.002 -22"><span class='ocrx_word' id='word_1_131' title='bbox 2256 585 2456 639; x_wconf 82' lang='grc' dir='ltr'>θέντων</span> <span class='ocrx_word' id='word_1_132' title='bbox 2479 626 2493 651; x_wconf 91' lang='grc'><strong>,</strong></span> <span class='ocrx_word' id='word_1_133' title='bbox 2535 587 2694 649; x_wconf 83' lang='grc' dir='ltr'><strong>ὅσους</strong></span> <span class='ocrx_word' id='word_1_134' title='bbox 2720 586 2929 639; x_wconf 77' lang='grc' dir='ltr'>ἀνεῖλεν</span> <span class='ocrx_word' id='word_1_135' title='bbox 2949 586 3025 639; x_wconf 68' lang='grc' dir='ltr'>*τὸ</span> <span class='ocrx_word' id='word_1_136' title='bbox 3068 586 3509 656; x_wconf 85' lang='grc' dir='ltr'>ἀμεταμέλητον.</span> <span class='ocrx_word' id='word_1_137' title='bbox 3566 586 3625 640; x_wconf 87' lang='lat'><strong>&#39;0</strong></span> <span class='ocrx_word' id='word_1_138' title='bbox 3652 588 3841 660; x_wconf 83' lang='grc' dir='ltr'><strong>γάρτοι</strong></span> 
     </span>
    </p>
   </div>
   <div class='ocr_carea' id='block_1_19' title="bbox 2253 673 3842 749">
    <p class='ocr_par' dir='ltr' id='par_1_19' title="bbox 2253 673 3842 749">
     <span class='ocr_line' id='line_1_19' title="bbox 2253 673 3842 749; baseline 0.001 -17"><span class='ocrx_word' id='word_1_139' title='bbox 2253 678 2653 749; x_wconf 82' lang='grc' dir='ltr'><strong>προειρημένος</strong></span> <span class='ocrx_word' id='word_1_140' title='bbox 2689 673 3015 743; x_wconf 76' lang='grc' dir='ltr'>Ἰοῦστος,οὗ</span> <span class='ocrx_word' id='word_1_141' title='bbox 3040 679 3225 749; x_wconf 84' lang='grc' dir='ltr'>χειρὸς</span> <span class='ocrx_word' id='word_1_142' title='bbox 3250 678 3410 749; x_wconf 80' lang='grc' dir='ltr'>ἔργον</span> <span class='ocrx_word' id='word_1_143' title='bbox 3438 681 3466 732; x_wconf 84' lang='grc' dir='ltr'><strong>ό</strong></span> <span class='ocrx_word' id='word_1_144' title='bbox 3483 678 3577 731; x_wconf 88' lang='grc' dir='ltr'><strong>τοῦ</strong></span> <span class='ocrx_word' id='word_1_145' title='bbox 3600 680 3842 734; x_wconf 80' lang='grc' dir='ltr'>ἀποστά-</span> 
     </span>
    </p>
   </div>
   <div class='ocr_carea' id='block_1_20' title="bbox 2252 765 3838 841">
    <p class='ocr_par' dir='ltr' id='par_1_20' title="bbox 2252 765 3838 841">
     <span class='ocr_line' id='line_1_20' title="bbox 2252 765 3838 841; baseline 0.001 -19"><span class='ocrx_word' id='word_1_146' title='bbox 2252 787 2345 823; x_wconf 91' lang='grc' dir='ltr'><strong>του</strong></span> <span class='ocrx_word' id='word_1_147' title='bbox 2374 770 2611 841; x_wconf 83' lang='grc' dir='ltr'><strong>κατέστη</strong></span> <span class='ocrx_word' id='word_1_148' title='bbox 2639 770 2892 836; x_wconf 80' lang='grc' dir='ltr'><strong>Θάνατος,</strong></span> <span class='ocrx_word' id='word_1_149' title='bbox 2927 771 3068 840; x_wconf 84' lang='grc' dir='ltr'>μετὰ</span> <span class='ocrx_word' id='word_1_150' title='bbox 3101 770 3307 830; x_wconf 84' lang='grc' dir='ltr'>πολλάς</span> <span class='ocrx_word' id='word_1_151' title='bbox 3332 769 3519 835; x_wconf 76' lang='grc' dir='ltr'>ἄλλας,</span> <span class='ocrx_word' id='word_1_152' title='bbox 3551 765 3639 823; x_wconf 72' lang='grc' dir='ltr'>οἷα</span> <span class='ocrx_word' id='word_1_153' title='bbox 3671 772 3838 836; x_wconf 81' lang='grc' dir='ltr'>είκὸς,</span> 
     </span>
    </p>
   </div>
   <div class='ocr_carea' id='block_1_21' title="bbox 2252 860 3841 933">
    <p class='ocr_par' dir='ltr' id='par_1_21' title="bbox 2252 860 3841 933">
     <span class='ocr_line' id='line_1_21' title="bbox 2252 860 3841 933; baseline 0 -18"><span class='ocrx_word' id='word_1_154' title='bbox 2252 861 2469 931; x_wconf 82' lang='grc' dir='ltr'><strong>ὁμιλίας</strong></span> <span class='ocrx_word' id='word_1_155' title='bbox 2508 878 2569 914; x_wconf 91' lang='grc' dir='ltr'><strong>τε</strong></span> <span class='ocrx_word' id='word_1_156' title='bbox 2606 862 2702 915; x_wconf 75' lang='grc' dir='ltr'>καὶ</span> <span class='ocrx_word' id='word_1_157' title='bbox 2736 860 3064 933; x_wconf 72' lang='grc' dir='ltr'>συξητήσεις</span> <span class='ocrx_word' id='word_1_158' title='bbox 3101 865 3162 914; x_wconf 83' lang='grc' dir='ltr'><strong>τδ</strong></span> <span class='ocrx_word' id='word_1_159' title='bbox 3193 862 3555 915; x_wconf 77' lang='grc' dir='ltr'>ἀποστολικον</span> <span class='ocrx_word' id='word_1_160' title='bbox 3598 864 3841 933; x_wconf 82' lang='grc' dir='ltr'>προϐαλ-</span> 
     </span>
    </p>
   </div>
   <div class='ocr_carea' id='block_1_22' title="bbox 2252 953 3843 1027">
    <p class='ocr_par' dir='ltr' id='par_1_22' title="bbox 2252 953 3843 1027">
     <span class='ocr_line' id='line_1_22' title="bbox 2252 953 3843 1027; baseline 0.003 -22"><span class='ocrx_word' id='word_1_161' title='bbox 2252 953 2479 1022; x_wconf 87' lang='grc' dir='ltr'>λόμενος</span> <span class='ocrx_word' id='word_1_162' title='bbox 2519 953 2697 1022; x_wconf 78' lang='grc' dir='ltr'>λόγιον</span> <span class='ocrx_word' id='word_1_163' title='bbox 2720 955 2781 1006; x_wconf 73' lang='grc' dir='ltr'><strong>τὸ</strong></span> <span class='ocrx_word' id='word_1_164' title='bbox 2807 955 3034 1023; x_wconf 81' lang='grc' dir='ltr'><strong>φάσκον·</strong></span> <span class='ocrx_word' id='word_1_165' title='bbox 3060 972 3078 1005; x_wconf 74' lang='grc' dir='ltr'><strong>ι</strong></span> <span class='ocrx_word' id='word_1_166' title='bbox 3106 954 3230 1007; x_wconf 87' lang='grc' dir='ltr'>’Ὀτι</span> <span class='ocrx_word' id='word_1_167' title='bbox 3261 956 3319 1008; x_wconf 84' lang='grc' dir='ltr'><strong>ἐν</strong></span> <span class='ocrx_word' id='word_1_168' title='bbox 3340 954 3495 1024; x_wconf 81' lang='grc' dir='ltr'><strong>αὐτῷ</strong></span> <span class='ocrx_word' id='word_1_169' title='bbox 3523 956 3746 1027; x_wconf 77' lang='grc' dir='ltr'><strong>ἐκτίσθη</strong></span> <span class='ocrx_word' id='word_1_170' title='bbox 3777 956 3843 1010; x_wconf 83' lang='grc' dir='ltr'>τὰ</span> 
     </span>
    </p>
   </div>
   <div class='ocr_carea' id='block_1_23' title="bbox 2255 1044 3843 1117">
    <p class='ocr_par' dir='ltr' id='par_1_23' title="bbox 2255 1044 3843 1117">
     <span class='ocr_line' id='line_1_23' title="bbox 2255 1044 3843 1117; baseline 0.003 -21"><span class='ocrx_word' id='word_1_171' title='bbox 2255 1044 2433 1097; x_wconf 85' lang='grc' dir='ltr'>πάντα</span> <span class='ocrx_word' id='word_1_172' title='bbox 2463 1044 2531 1098; x_wconf 83' lang='grc' dir='ltr'>τὰ</span> <span class='ocrx_word' id='word_1_173' title='bbox 2570 1046 2628 1097; x_wconf 87' lang='grc' dir='ltr'><strong>ἐν</strong></span> <span class='ocrx_word' id='word_1_174' title='bbox 2656 1045 2871 1116; x_wconf 79' lang='grc' dir='ltr'>οὐρανῷ</span> <span class='ocrx_word' id='word_1_175' title='bbox 2911 1047 3005 1098; x_wconf 73' lang='grc' dir='ltr'>καὶ</span> <span class='ocrx_word' id='word_1_176' title='bbox 3038 1047 3105 1099; x_wconf 73' lang='grc' dir='ltr'><strong>τά</strong></span> <span class='ocrx_word' id='word_1_177' title='bbox 3135 1047 3230 1098; x_wconf 82' lang='grc' dir='ltr'>ἐπὶ</span> <span class='ocrx_word' id='word_1_178' title='bbox 3271 1046 3372 1117; x_wconf 85' lang='grc' dir='ltr'>τῆς</span> <span class='ocrx_word' id='word_1_179' title='bbox 3400 1048 3525 1115; x_wconf 85' lang='grc' dir='ltr'>γῆς,</span> <span class='ocrx_word' id='word_1_180' title='bbox 3560 1048 3629 1100; x_wconf 83' lang='grc' dir='ltr'><strong>τά</strong></span> <span class='ocrx_word' id='word_1_181' title='bbox 3673 1048 3843 1115; x_wconf 83' lang='grc' dir='ltr'>ὁρατά</span> 
     </span>
    </p>
   </div>
   <div class='ocr_carea' id='block_1_24' title="bbox 2255 1136 3843 1209">
    <p class='ocr_par' dir='ltr' id='par_1_24' title="bbox 2255 1136 3843 1209">
     <span class='ocr_line' id='line_1_24' title="bbox 2255 1136 3843 1209; baseline -0.001 -18"><span class='ocrx_word' id='word_1_182' title='bbox 2255 1136 2350 1191; x_wconf 77' lang='grc' dir='ltr'>κα).</span> <span class='ocrx_word' id='word_1_183' title='bbox 2378 1136 2449 1190; x_wconf 82' lang='grc' dir='ltr'>τὰ</span> <span class='ocrx_word' id='word_1_184' title='bbox 2480 1137 2720 1207; x_wconf 78' lang='grc' dir='ltr'><strong>ἀόρατα,</strong></span> <span class='ocrx_word' id='word_1_185' title='bbox 2755 1138 2865 1190; x_wconf 75' lang='grc' dir='ltr'>εἴτε</span> <span class='ocrx_word' id='word_1_186' title='bbox 2898 1137 3066 1209; x_wconf 76' lang='grc' dir='ltr'>ἀρχα).</span> <span class='ocrx_word' id='word_1_187' title='bbox 3100 1137 3211 1189; x_wconf 73' lang='grc' dir='ltr'>εἴτε</span> <span class='ocrx_word' id='word_1_188' title='bbox 3239 1136 3484 1201; x_wconf 75' lang='grc' dir='ltr'>ἐξουσίαι</span> <span class='ocrx_word' id='word_1_189' title='bbox 3507 1154 3521 1168; x_wconf 86' lang='grc'><strong>·</strong></span> <span class='ocrx_word' id='word_1_190' title='bbox 3556 1139 3628 1192; x_wconf 84' lang='grc' dir='ltr'><strong>τά</strong></span> <span class='ocrx_word' id='word_1_191' title='bbox 3665 1138 3843 1192; x_wconf 82' lang='grc' dir='ltr'>πάντα</span> 
     </span>
    </p>
   </div>
   <div class='ocr_carea' id='block_1_25' title="bbox 2254 1226 3845 1298">
    <p class='ocr_par' dir='ltr' id='par_1_25' title="bbox 2254 1226 3845 1298">
     <span class='ocr_line' id='line_1_25' title="bbox 2254 1226 3845 1298; baseline 0 -17"><span class='ocrx_word' id='word_1_192' title='bbox 2254 1228 2322 1281; x_wconf 81' lang='grc' dir='ltr'>δι’</span> <span class='ocrx_word' id='word_1_193' title='bbox 2348 1227 2515 1282; x_wconf 79' lang='grc' dir='ltr'>αὐτοῦ</span> <span class='ocrx_word' id='word_1_194' title='bbox 2539 1228 2634 1282; x_wconf 79' lang='grc' dir='ltr'>καὶ</span> <span class='ocrx_word' id='word_1_195' title='bbox 2670 1230 2753 1289; x_wconf 84' lang='grc' dir='ltr'><strong>είς</strong></span> <span class='ocrx_word' id='word_1_196' title='bbox 2784 1227 2946 1281; x_wconf 80' lang='grc' dir='ltr'>αὐτὸν</span> <span class='ocrx_word' id='word_1_197' title='bbox 2978 1226 3205 1297; x_wconf 81' lang='grc' dir='ltr'><strong>ἐκτίσθη</strong></span> <span class='ocrx_word' id='word_1_198' title='bbox 3228 1267 3245 1291; x_wconf 90' lang='grc'><strong>,</strong></span> <span class='ocrx_word' id='word_1_199' title='bbox 3274 1228 3371 1282; x_wconf 74' lang='grc' dir='ltr'><strong>καὶ</strong></span> <span class='ocrx_word' id='word_1_200' title='bbox 3400 1228 3566 1290; x_wconf 76' lang='grc' dir='ltr'>αὑτός</span> <span class='ocrx_word' id='word_1_201' title='bbox 3591 1230 3710 1281; x_wconf 86' lang='grc' dir='ltr'>ἐστι</span> <span class='ocrx_word' id='word_1_202' title='bbox 3748 1227 3845 1298; x_wconf 81' lang='grc' dir='ltr'><strong>πρὸ</strong></span> 
     </span>
    </p>
   </div>
   <div class='ocr_carea' id='block_1_26' title="bbox 2257 1318 3843 1389">
    <p class='ocr_par' dir='ltr' id='par_1_26' title="bbox 2257 1318 3843 1389">
     <span class='ocr_line' id='line_1_26' title="bbox 2257 1318 3843 1389; baseline -0.002 -15"><span class='ocrx_word' id='word_1_203' title='bbox 2257 1322 2497 1384; x_wconf 85' lang='grc' dir='ltr'>πάντων,</span> <span class='ocrx_word' id='word_1_204' title='bbox 2532 1322 2627 1375; x_wconf 81' lang='grc' dir='ltr'>καὶ</span> <span class='ocrx_word' id='word_1_205' title='bbox 2658 1323 2728 1374; x_wconf 85' lang='grc' dir='ltr'><strong>τά</strong></span> <span class='ocrx_word' id='word_1_206' title='bbox 2755 1321 2937 1375; x_wconf 85' lang='grc' dir='ltr'>πάντα</span> <span class='ocrx_word' id='word_1_207' title='bbox 2964 1320 3023 1373; x_wconf 87' lang='grc' dir='ltr'><strong>ἐν</strong></span> <span class='ocrx_word' id='word_1_208' title='bbox 3046 1318 3195 1388; x_wconf 82' lang='grc' dir='ltr'>αὐτῷ</span> <span class='ocrx_word' id='word_1_209' title='bbox 3214 1319 3531 1389; x_wconf 83' lang='grc' dir='ltr'>συνέστηκε·</span> <span class='ocrx_word' id='word_1_210' title='bbox 3556 1338 3575 1369; x_wconf 70' lang='grc' dir='ltr'><strong>ι</strong></span> <span class='ocrx_word' id='word_1_211' title='bbox 3601 1318 3761 1372; x_wconf 87' lang='grc' dir='ltr'>τοῦτο</span> <span class='ocrx_word' id='word_1_212' title='bbox 3780 1318 3843 1387; x_wconf 84' lang='grc' dir='ltr'>δὴ</span> 
     </span>
    </p>
   </div>
   <div class='ocr_carea' id='block_1_27' title="bbox 2257 1411 3841 1484">
    <p class='ocr_par' dir='ltr' id='par_1_27' title="bbox 2257 1411 3841 1484">
     <span class='ocr_line' id='line_1_27' title="bbox 2257 1411 3841 1484; baseline -0.002 -18"><span class='ocrx_word' id='word_1_213' title='bbox 2257 1412 2710 1484; x_wconf 83' lang='grc' dir='ltr'>προϐεϐλημένος</span> <span class='ocrx_word' id='word_1_214' title='bbox 2740 1414 2800 1466; x_wconf 87' lang='grc' dir='ltr'><strong>τὸ</strong></span> <span class='ocrx_word' id='word_1_215' title='bbox 2836 1411 3000 1484; x_wconf 81' lang='grc' dir='ltr'>ρητδν</span> <span class='ocrx_word' id='word_1_216' title='bbox 3046 1411 3409 1466; x_wconf 78' lang='grc' dir='ltr'>ἀντανίστατο</span> <span class='ocrx_word' id='word_1_217' title='bbox 3436 1411 3515 1482; x_wconf 77' lang='grc' dir='ltr'>τῷ</span> <span class='ocrx_word' id='word_1_218' title='bbox 3551 1411 3801 1481; x_wconf 85' lang='grc' dir='ltr'>Συμεῶνι</span> <span class='ocrx_word' id='word_1_219' title='bbox 3825 1452 3841 1475; x_wconf 90' lang='grc'><strong>,</strong></span> 
     </span>
    </p>
   </div>
   <div class='ocr_carea' id='block_1_28' title="bbox 2259 1497 3844 1574">
    <p class='ocr_par' dir='ltr' id='par_1_28' title="bbox 2259 1497 3844 1574">
     <span class='ocr_line' id='line_1_28' title="bbox 2259 1497 3844 1574; baseline -0.002 -16"><span class='ocrx_word' id='word_1_220' title='bbox 2259 1505 2520 1574; x_wconf 82' lang='grc' dir='ltr'><strong>φάσκων,</strong></span> <span class='ocrx_word' id='word_1_221' title='bbox 2563 1504 2637 1567; x_wconf 84' lang='grc' dir='ltr'>ὼς</span> <span class='ocrx_word' id='word_1_222' title='bbox 2679 1504 2787 1574; x_wconf 82' lang='grc' dir='ltr'>ἄρα</span> <span class='ocrx_word' id='word_1_223' title='bbox 2819 1506 3030 1574; x_wconf 86' lang='grc' dir='ltr'>μήποτε</span> <span class='ocrx_word' id='word_1_224' title='bbox 3062 1502 3217 1555; x_wconf 77' lang='grc' dir='ltr'>αὐτοί</span> <span class='ocrx_word' id='word_1_225' title='bbox 3258 1520 3318 1555; x_wconf 89' lang='grc' dir='ltr'><strong>τε</strong></span> <span class='ocrx_word' id='word_1_226' title='bbox 3353 1503 3700 1573; x_wconf 73' lang='grc' dir='ltr'>ἠπατημένοι</span> <span class='ocrx_word' id='word_1_227' title='bbox 3734 1497 3844 1555; x_wconf 76' lang='grc' dir='ltr'>εἷεν</span> 
     </span>
    </p>
   </div>
   <div class='ocr_carea' id='block_1_29' title="bbox 2257 1591 3844 1665">
    <p class='ocr_par' dir='ltr' id='par_1_29' title="bbox 2257 1591 3844 1665">
     <span class='ocr_line' id='line_1_29' title="bbox 2257 1591 3844 1665; baseline -0.003 -15"><span class='ocrx_word' id='word_1_228' title='bbox 2257 1596 2499 1658; x_wconf 72' lang='grc' dir='ltr'>καὶτοὺς</span> <span class='ocrx_word' id='word_1_229' title='bbox 2522 1595 2821 1665; x_wconf 75' lang='grc' dir='ltr'>ἑπομένους</span> <span class='ocrx_word' id='word_1_230' title='bbox 2840 1594 3244 1656; x_wconf 78' lang='grc' dir='ltr'>συναπατῶσιν,</span> <span class='ocrx_word' id='word_1_231' title='bbox 3273 1595 3332 1646; x_wconf 78' lang='grc' dir='ltr'><strong>οὐ</strong></span> <span class='ocrx_word' id='word_1_232' title='bbox 3360 1594 3451 1647; x_wconf 79' lang='grc' dir='ltr'><strong>τὸν</strong></span> <span class='ocrx_word' id='word_1_233' title='bbox 3477 1593 3588 1664; x_wconf 63' lang='grc'><strong>(46)</strong></span> <span class='ocrx_word' id='word_1_234' title='bbox 3612 1591 3844 1663; x_wconf 81' lang='grc' dir='ltr'>ποιητὴν</span> 
     </span>
    </p>
   </div>
   <div class='ocr_carea' id='block_1_30' title="bbox 2256 1684 3848 1757">
    <p class='ocr_par' dir='ltr' id='par_1_30' title="bbox 2256 1684 3848 1757">
     <span class='ocr_line' id='line_1_30' title="bbox 2256 1684 3848 1757; baseline -0.002 -16"><span class='ocrx_word' id='word_1_235' title='bbox 2256 1684 2489 1757; x_wconf 77' lang='grc' dir='ltr'>οὐρανοῦ</span> <span class='ocrx_word' id='word_1_236' title='bbox 2531 1687 2627 1742; x_wconf 73' lang='grc' dir='ltr'><strong>καὶ</strong></span> <span class='ocrx_word' id='word_1_237' title='bbox 2656 1686 2761 1757; x_wconf 86' lang='grc' dir='ltr'>γῆς</span> <span class='ocrx_word' id='word_1_238' title='bbox 2793 1686 2928 1740; x_wconf 83' lang='grc' dir='ltr'>Θεὸν</span> <span class='ocrx_word' id='word_1_239' title='bbox 2958 1686 3177 1757; x_wconf 82' lang='grc' dir='ltr'>άληθῶς</span> <span class='ocrx_word' id='word_1_240' title='bbox 3206 1687 3301 1739; x_wconf 74' lang='grc' dir='ltr'><strong>καὶ</strong></span> <span class='ocrx_word' id='word_1_241' title='bbox 3347 1686 3574 1756; x_wconf 81' lang='grc' dir='ltr'>Πατέρα</span> <span class='ocrx_word' id='word_1_242' title='bbox 3602 1685 3701 1739; x_wconf 83' lang='grc' dir='ltr'><strong>τοῦ</strong></span> <span class='ocrx_word' id='word_1_243' title='bbox 3733 1687 3848 1739; x_wconf 77' lang='grc' dir='ltr'><strong>Κυ-</strong></span> 
     </span>
    </p>
   </div>
   <div class='ocr_carea' id='block_1_31' title="bbox 2264 1777 3847 1852">
    <p class='ocr_par' dir='ltr' id='par_1_31' title="bbox 2264 1777 3847 1852">
     <span class='ocr_line' id='line_1_31' title="bbox 2264 1777 3847 1852; baseline -0.001 -20"><span class='ocrx_word' id='word_1_244' title='bbox 2264 1780 2377 1852; x_wconf 76' lang='grc' dir='ltr'>ρίου</span> <span class='ocrx_word' id='word_1_245' title='bbox 2427 1778 2585 1851; x_wconf 81' lang='grc' dir='ltr'>ἡμῶν</span> <span class='ocrx_word' id='word_1_246' title='bbox 2629 1779 2724 1832; x_wconf 89' lang='grc' dir='ltr'><strong>τοῦ</strong></span> <span class='ocrx_word' id='word_1_247' title='bbox 2758 1777 2996 1851; x_wconf 81' lang='grc' dir='ltr'>Χριστοῦ</span> <span class='ocrx_word' id='word_1_248' title='bbox 3035 1778 3474 1850; x_wconf 86' lang='grc' dir='ltr'>ἐπιγράφοντες,</span> <span class='ocrx_word' id='word_1_249' title='bbox 3508 1777 3647 1831; x_wconf 79' lang='grc' dir='ltr'>ἀλλά</span> <span class='ocrx_word' id='word_1_250' title='bbox 3692 1778 3847 1848; x_wconf 77' lang='grc' dir='ltr'>παρά</span> 
     </span>
    </p>
   </div>
   <div class='ocr_carea' id='block_1_32' title="bbox 572 1849 2155 1946">
    <p class='ocr_par' dir='ltr' id='par_1_32' title="bbox 572 1870 2155 1946">
     <span class='ocr_line' id='line_1_32' title="bbox 572 1870 2155 1946; baseline 0.005 -21"><span class='ocrx_word' id='word_1_251' title='bbox 572 1870 889 1941; x_wconf 74' lang='lat' dir='ltr'><strong>huiusmodi</strong></span> <span class='ocrx_word' id='word_1_252' title='bbox 906 1872 1273 1928; x_wconf 90' lang='lat' dir='ltr'><strong>commotione</strong></span> <span class='ocrx_word' id='word_1_253' title='bbox 1300 1873 1364 1928; x_wconf 92' lang='lat' dir='ltr'><strong>lis</strong></span> <span class='ocrx_word' id='word_1_254' title='bbox 1385 1883 1439 1928; x_wconf 91' lang='lat' dir='ltr'><strong>et</strong></span> <span class='ocrx_word' id='word_1_255' title='bbox 1465 1890 1647 1946; x_wconf 82' lang='lat' dir='ltr'><strong>pugna</strong></span> <span class='ocrx_word' id='word_1_256' title='bbox 1678 1876 2155 1933; x_wconf 82' lang='lat' dir='ltr'><strong>irreconciliabilis</strong></span> 
     </span>
    </p>
   </div>
   <div class='ocr_carea' id='block_1_33' title="bbox 2261 1849 3847 1946">
    <p class='ocr_par' dir='ltr' id='par_1_33' title="bbox 2261 1849 3847 1946">
     <span class='ocr_line' id='line_1_33' title="bbox 2261 1849 3847 1946; baseline -0.004 -18"><span class='ocrx_word' id='word_1_257' title='bbox 2261 1849 2611 1946; x_wconf 44' lang='lat' dir='ltr'><strong>roﬁtoviﬂ)</strong></span> <span class='ocrx_word' id='word_1_258' title='bbox 2663 1849 2852 1945; x_wconf 85' lang='grc' dir='ltr'>ἐτερόν</span> <span class='ocrx_word' id='word_1_259' title='bbox 2894 1890 3052 1937; x_wconf 90' lang='grc' dir='ltr'>τινα,</span> <span class='ocrx_word' id='word_1_260' title='bbox 3108 1849 3178 1926; x_wconf 79' lang='grc' dir='ltr'>ὃν</span> <span class='ocrx_word' id='word_1_261' title='bbox 3232 1872 3302 1925; x_wconf 85' lang='grc' dir='ltr'>τὰ</span> <span class='ocrx_word' id='word_1_262' title='bbox 3357 1871 3695 1926; x_wconf 83' lang='grc' dir='ltr'>άποστολικὰ</span> <span class='ocrx_word' id='word_1_263' title='bbox 3742 1870 3847 1923; x_wconf 81' lang='grc' dir='ltr'><strong>οὐκ</strong></span> 
     </span>
    </p>
   </div>
   <div class='ocr_carea' id='block_1_34' title="bbox 571 1963 2155 2039">
    <p class='ocr_par' dir='ltr' id='par_1_34' title="bbox 571 1963 2155 2039">
     <span class='ocr_line' id='line_1_34' title="bbox 571 1963 2155 2039; baseline 0.004 -20"><span class='ocrx_word' id='word_1_264' title='bbox 571 1965 718 2019; x_wconf 89' lang='lat' dir='ltr'><strong>inter</strong></span> <span class='ocrx_word' id='word_1_265' title='bbox 745 1979 839 2020; x_wconf 90' lang='lat' dir='ltr'><strong>eos</strong></span> <span class='ocrx_word' id='word_1_266' title='bbox 861 1972 976 2019; x_wconf 90' lang='lat' dir='ltr'><strong>orta</strong></span> <span class='ocrx_word' id='word_1_267' title='bbox 1003 1973 1183 2031; x_wconf 87' lang='lat' dir='ltr'><strong>esset;</strong></span> <span class='ocrx_word' id='word_1_268' title='bbox 1208 1963 1397 2022; x_wconf 85' lang='lat' dir='ltr'><strong>Justus</strong></span> <span class='ocrx_word' id='word_1_269' title='bbox 1418 1966 1660 2022; x_wconf 61' lang='lat' dir='ltr'><strong>Colonia!</strong></span> <span class='ocrx_word' id='word_1_270' title='bbox 1680 1968 1998 2039; x_wconf 83' lang='lat' dir='ltr'><strong>episcopum</strong></span> <span class='ocrx_word' id='word_1_271' title='bbox 2023 1985 2155 2026; x_wconf 90' lang='lat' dir='ltr'><strong>con-</strong></span> 
     </span>
    </p>
   </div>
   <div class='ocr_carea' id='block_1_35' title="bbox 2261 1963 3847 2039">
    <p class='ocr_par' dir='ltr' id='par_1_35' title="bbox 2261 1963 3847 2035">
     <span class='ocr_line' id='line_1_35' title="bbox 2261 1963 3847 2035; baseline -0.005 -13"><span class='ocrx_word' id='word_1_272' title='bbox 2261 1968 2545 2023; x_wconf 81' lang='grc' dir='ltr'>ἐπίσταται</span> <span class='ocrx_word' id='word_1_273' title='bbox 2564 1966 2743 2034; x_wconf 86' lang='grc' dir='ltr'>λόγια.</span> <span class='ocrx_word' id='word_1_274' title='bbox 2778 1967 2874 2019; x_wconf 86' lang='grc' dir='ltr'>Ἐκ</span> <span class='ocrx_word' id='word_1_275' title='bbox 2898 1965 3107 2035; x_wconf 83' lang='grc' dir='ltr'>ταύτης</span> <span class='ocrx_word' id='word_1_276' title='bbox 3132 1964 3191 2017; x_wconf 82' lang='grc' dir='ltr'>δὲ</span> <span class='ocrx_word' id='word_1_277' title='bbox 3218 1965 3317 2033; x_wconf 81' lang='grc' dir='ltr'><strong>τῆς</strong></span> <span class='ocrx_word' id='word_1_278' title='bbox 3347 1964 3640 2034; x_wconf 82' lang='grc' dir='ltr'>κινήσεως,</span> <span class='ocrx_word' id='word_1_279' title='bbox 3668 1963 3847 2033; x_wconf 77' lang='grc' dir='ltr'>ἔριδος</span> 
     </span>
    </p>
   </div>
   <div class='ocr_carea' id='block_1_36' title="bbox 570 2054 2155 2131">
    <p class='ocr_par' dir='ltr' id='par_1_36' title="bbox 570 2056 2155 2131">
     <span class='ocr_line' id='line_1_36' title="bbox 570 2056 2155 2131; baseline 0.005 -23"><span class='ocrx_word' id='word_1_280' title='bbox 570 2056 747 2123; x_wconf 86' lang='lat' dir='ltr'><strong>venit,</strong></span> <span class='ocrx_word' id='word_1_281' title='bbox 776 2065 836 2111; x_wconf 90' lang='lat' dir='ltr'><strong>ut</strong></span> <span class='ocrx_word' id='word_1_282' title='bbox 870 2056 1153 2126; x_wconf 89' lang='lat' dir='ltr'><strong>apostolici</strong></span> <span class='ocrx_word' id='word_1_283' title='bbox 1190 2057 1321 2112; x_wconf 88' lang='lat' dir='ltr'><strong>dicti</strong></span> <span class='ocrx_word' id='word_1_284' title='bbox 1355 2073 1578 2112; x_wconf 90' lang='lat' dir='ltr'><strong>sensum</strong></span> <span class='ocrx_word' id='word_1_285' title='bbox 1613 2058 1817 2113; x_wconf 90' lang='lat' dir='ltr'><strong>clarius</strong></span> <span class='ocrx_word' id='word_1_286' title='bbox 1838 2074 2155 2131; x_wconf 88' lang='lat' dir='ltr'><strong>assequere-</strong></span> 
     </span>
    </p>
   </div>
   <div class='ocr_carea' id='block_1_37' title="bbox 2261 2054 3848 2131">
    <p class='ocr_par' dir='ltr' id='par_1_37' title="bbox 2261 2054 3848 2130">
     <span class='ocr_line' id='line_1_37' title="bbox 2261 2054 3848 2130; baseline -0.006 -14"><span class='ocrx_word' id='word_1_287' title='bbox 2261 2063 2441 2125; x_wconf 77' lang='grc' dir='ltr'>αὐτοῖς</span> <span class='ocrx_word' id='word_1_288' title='bbox 2468 2061 2563 2114; x_wconf 73' lang='grc' dir='ltr'><strong>καὶ</strong></span> <span class='ocrx_word' id='word_1_289' title='bbox 2599 2060 2782 2130; x_wconf 85' lang='grc' dir='ltr'>μάχης</span> <span class='ocrx_word' id='word_1_290' title='bbox 2823 2058 3095 2113; x_wconf 87' lang='grc' dir='ltr'>άσπόνδου</span> <span class='ocrx_word' id='word_1_291' title='bbox 3132 2058 3431 2128; x_wconf 82' lang='grc' dir='ltr'>συστάσης,</span> <span class='ocrx_word' id='word_1_292' title='bbox 3482 2055 3769 2127; x_wconf 79' lang='grc' dir='ltr'>πρόσεισιν</span> <span class='ocrx_word' id='word_1_293' title='bbox 3817 2054 3848 2106; x_wconf 80' lang='grc' dir='ltr'>ὁ</span> 
     </span>
    </p>
   </div>
   <div class='ocr_carea' id='block_1_38' title="bbox 570 2148 2153 2221">
    <p class='ocr_par' dir='ltr' id='par_1_38' title="bbox 570 2148 2153 2221">
     <span class='ocr_line' id='line_1_38' title="bbox 570 2148 2153 2221; baseline 0.004 -18"><span class='ocrx_word' id='word_1_294' title='bbox 570 2159 660 2204; x_wconf 88' lang='lat' dir='ltr'><strong>tur</strong></span> <span class='ocrx_word' id='word_1_295' title='bbox 690 2168 703 2204; x_wconf 91' lang='lat'><strong>:</strong></span> <span class='ocrx_word' id='word_1_296' title='bbox 733 2148 821 2204; x_wconf 88' lang='lat' dir='ltr'><strong>cui</strong></span> <span class='ocrx_word' id='word_1_297' title='bbox 851 2149 938 2204; x_wconf 90' lang='lat' dir='ltr'><strong>ille</strong></span> <span class='ocrx_word' id='word_1_298' title='bbox 964 2149 1145 2204; x_wconf 86' lang='lat' dir='ltr'><strong>omnia</strong></span> <span class='ocrx_word' id='word_1_299' title='bbox 1175 2151 1473 2217; x_wconf 85' lang='lat' dir='ltr'><strong>enarravit,</strong></span> <span class='ocrx_word' id='word_1_300' title='bbox 1503 2167 1625 2221; x_wconf 86' lang='lat' dir='ltr'><strong>quae</strong></span> <span class='ocrx_word' id='word_1_301' title='bbox 1657 2152 1803 2207; x_wconf 89' lang='lat' dir='ltr'><strong>inter</strong></span> <span class='ocrx_word' id='word_1_302' title='bbox 1826 2168 1947 2207; x_wconf 90' lang='lat' dir='ltr'><strong>sese</strong></span> <span class='ocrx_word' id='word_1_303' title='bbox 1974 2162 2031 2208; x_wconf 90' lang='lat' dir='ltr'><strong>et</strong></span> <span class='ocrx_word' id='word_1_304' title='bbox 2056 2168 2153 2209; x_wconf 90' lang='lat' dir='ltr'><strong>so-</strong></span> 
     </span>
    </p>
   </div>
   <div class='ocr_carea' id='block_1_39' title="bbox 570 2242 2156 2315">
    <p class='ocr_par' dir='ltr' id='par_1_39' title="bbox 570 2242 2156 2315">
     <span class='ocr_line' id='line_1_39' title="bbox 570 2242 2156 2315; baseline 0.003 -19"><span class='ocrx_word' id='word_1_305' title='bbox 570 2243 721 2297; x_wconf 88' lang='lat' dir='ltr'><strong>dales</strong></span> <span class='ocrx_word' id='word_1_306' title='bbox 752 2258 881 2298; x_wconf 80' lang='lat' dir='ltr'><strong>suos</strong></span> <span class='ocrx_word' id='word_1_307' title='bbox 915 2243 1277 2314; x_wconf 78' lang='lat' dir='ltr'><strong>contigerant.</strong></span> <span class='ocrx_word' id='word_1_308' title='bbox 1312 2244 1407 2298; x_wconf 90' lang='lat' dir='ltr'><strong>Ille</strong></span> <span class='ocrx_word' id='word_1_309' title='bbox 1442 2259 1559 2298; x_wconf 89' lang='lat' dir='ltr'><strong>rem</strong></span> <span class='ocrx_word' id='word_1_310' title='bbox 1586 2242 1904 2315; x_wconf 90' lang='lat' dir='ltr'><strong>Imperatori</strong></span> <span class='ocrx_word' id='word_1_311' title='bbox 1935 2247 2156 2301; x_wconf 89' lang='lat' dir='ltr'><strong>denun-</strong></span> 
     </span>
    </p>
   </div>
   <div class='ocr_carea' id='block_1_40' title="bbox 570 2332 2153 2407">
    <p class='ocr_par' dir='ltr' id='par_1_40' title="bbox 570 2332 2153 2407">
     <span class='ocr_line' id='line_1_40' title="bbox 570 2332 2153 2407; baseline 0.003 -19"><span class='ocrx_word' id='word_1_312' title='bbox 570 2334 745 2388; x_wconf 87' lang='lat' dir='ltr'><strong>tiavit.</strong></span> <span class='ocrx_word' id='word_1_313' title='bbox 784 2333 833 2388; x_wconf 90' lang='lat' dir='ltr'><strong>ls</strong></span> <span class='ocrx_word' id='word_1_314' title='bbox 862 2343 978 2388; x_wconf 91' lang='lat' dir='ltr'><strong>tum</strong></span> <span class='ocrx_word' id='word_1_315' title='bbox 1007 2342 1123 2388; x_wconf 88' lang='lat' dir='ltr'><strong>erat</strong></span> <span class='ocrx_word' id='word_1_316' title='bbox 1152 2332 1517 2401; x_wconf 83' lang='lat' dir='ltr'><strong>Justinianus,</strong></span> <span class='ocrx_word' id='word_1_317' title='bbox 1563 2335 1656 2404; x_wconf 89' lang='lat' dir='ltr'><strong>qui</strong></span> <span class='ocrx_word' id='word_1_318' title='bbox 1687 2345 1812 2407; x_wconf 89' lang='lat' dir='ltr'><strong>post</strong></span> <span class='ocrx_word' id='word_1_319' title='bbox 1839 2336 2153 2393; x_wconf 85' lang='lat' dir='ltr'><strong>Heraclium</strong></span> 
     </span>
    </p>
   </div>
   <div class='ocr_carea' id='block_1_41' title="bbox 570 2426 2154 2497">
    <p class='ocr_par' dir='ltr' id='par_1_41' title="bbox 570 2426 2154 2497">
     <span class='ocr_line' id='line_1_41' title="bbox 570 2426 2154 2497; baseline 0.004 -17"><span class='ocrx_word' id='word_1_320' title='bbox 570 2426 862 2496; x_wconf 81' lang='lat' dir='ltr'><strong>imperium</strong></span> <span class='ocrx_word' id='word_1_321' title='bbox 892 2436 1219 2497; x_wconf 87' lang='lat' dir='ltr'><strong>acceperat,</strong></span> <span class='ocrx_word' id='word_1_322' title='bbox 1243 2426 1445 2497; x_wconf 90' lang='lat' dir='ltr'><strong>quique</strong></span> <span class='ocrx_word' id='word_1_323' title='bbox 1469 2428 1784 2494; x_wconf 90' lang='lat' dir='ltr'><strong>mandavit,</strong></span> <span class='ocrx_word' id='word_1_324' title='bbox 1821 2439 1882 2485; x_wconf 88' lang='lat' dir='ltr'><strong>ut</strong></span> <span class='ocrx_word' id='word_1_325' title='bbox 1910 2431 2028 2486; x_wconf 58' lang='lat' dir='ltr'><strong>hate</strong></span> <span class='ocrx_word' id='word_1_326' title='bbox 2053 2447 2154 2487; x_wconf 84' lang='lat' dir='ltr'><strong>ne-</strong></span> 
     </span>
    </p>
   </div>
   <div class='ocr_carea' id='block_1_42' title="bbox 569 2518 2151 2592">
    <p class='ocr_par' dir='ltr' id='par_1_42' title="bbox 569 2518 2151 2592">
     <span class='ocr_line' id='line_1_42' title="bbox 569 2518 2151 2592; baseline 0.007 -24"><span class='ocrx_word' id='word_1_327' title='bbox 569 2518 715 2589; x_wconf 80' lang='lat' dir='ltr'><strong>gntia</strong></span> <span class='ocrx_word' id='word_1_328' title='bbox 752 2518 1129 2590; x_wconf 90' lang='lat' dir='ltr'><strong>perquisitioni</strong></span> <span class='ocrx_word' id='word_1_329' title='bbox 1169 2526 1225 2573; x_wconf 90' lang='lat' dir='ltr'><strong>et</strong></span> <span class='ocrx_word' id='word_1_330' title='bbox 1267 2520 1417 2589; x_wconf 86' lang='lat' dir='ltr'><strong>justo</strong></span> <span class='ocrx_word' id='word_1_331' title='bbox 1463 2518 1675 2590; x_wconf 91' lang='lat' dir='ltr'><strong>judicio</strong></span> <span class='ocrx_word' id='word_1_332' title='bbox 1717 2521 2151 2592; x_wconf 89' lang='lat' dir='ltr'><strong>subjicerentur;</strong></span> 
     </span>
    </p>
   </div>
   <div class='ocr_carea' id='block_1_43' title="bbox 568 2610 2153 2684">
    <p class='ocr_par' dir='ltr' id='par_1_43' title="bbox 568 2610 2153 2684">
     <span class='ocr_line' id='line_1_43' title="bbox 568 2610 2153 2684; baseline 0.005 -21"><span class='ocrx_word' id='word_1_333' title='bbox 568 2611 642 2664; x_wconf 78' lang='lat' dir='ltr'><strong>ita</strong></span> <span class='ocrx_word' id='word_1_334' title='bbox 674 2619 732 2665; x_wconf 94' lang='lat' dir='ltr'><strong>ut</strong></span> <span class='ocrx_word' id='word_1_335' title='bbox 761 2610 847 2673; x_wconf 88' lang='lat' dir='ltr'><strong>iis,</strong></span> <span class='ocrx_word' id='word_1_336' title='bbox 876 2611 967 2681; x_wconf 75' lang='lat' dir='ltr'><strong>Qui</strong></span> <span class='ocrx_word' id='word_1_337' title='bbox 1008 2610 1331 2681; x_wconf 84' lang='lat' dir='ltr'><strong>resipiscere</strong></span> <span class='ocrx_word' id='word_1_338' title='bbox 1364 2611 1611 2678; x_wconf 89' lang='lat' dir='ltr'><strong>nollent,</strong></span> <span class='ocrx_word' id='word_1_339' title='bbox 1641 2623 1736 2668; x_wconf 89' lang='lat' dir='ltr'><strong>aut</strong></span> <span class='ocrx_word' id='word_1_340' title='bbox 1759 2616 1849 2683; x_wconf 91' lang='lat' dir='ltr'><strong>qui</strong></span> <span class='ocrx_word' id='word_1_341' title='bbox 1876 2616 2153 2684; x_wconf 77' lang='lat' dir='ltr'><strong>pmniten-</strong></span> 
     </span>
    </p>
   </div>
   <div class='ocr_carea' id='block_1_44' title="bbox 568 2701 2153 2775">
    <p class='ocr_par' dir='ltr' id='par_1_44' title="bbox 568 2701 2153 2775">
     <span class='ocr_line' id='line_1_44' title="bbox 568 2701 2153 2775; baseline 0.005 -20"><span class='ocrx_word' id='word_1_342' title='bbox 568 2704 699 2756; x_wconf 81' lang='lat' dir='ltr'><strong>tiam</strong></span> <span class='ocrx_word' id='word_1_343' title='bbox 747 2701 876 2756; x_wconf 90' lang='lat' dir='ltr'><strong>olim</strong></span> <span class='ocrx_word' id='word_1_344' title='bbox 916 2702 1181 2772; x_wconf 87' lang='lat' dir='ltr'><strong>polliciti,</strong></span> <span class='ocrx_word' id='word_1_345' title='bbox 1232 2704 1593 2758; x_wconf 88' lang='lat' dir='ltr'><strong>nihilominus</strong></span> <span class='ocrx_word' id='word_1_346' title='bbox 1631 2705 1689 2759; x_wconf 88' lang='lat' dir='ltr'><strong>in</strong></span> <span class='ocrx_word' id='word_1_347' title='bbox 1736 2708 2008 2775; x_wconf 83' lang='lat' dir='ltr'><strong>apostasia</strong></span> <span class='ocrx_word' id='word_1_348' title='bbox 2055 2724 2153 2763; x_wconf 86' lang='lat' dir='ltr'><strong>sua</strong></span> 
     </span>
    </p>
   </div>
   <div class='ocr_carea' id='block_1_45' title="bbox 567 2794 2154 2867">
    <p class='ocr_par' dir='ltr' id='par_1_45' title="bbox 567 2794 2154 2867">
     <span class='ocr_line' id='line_1_45' title="bbox 567 2794 2154 2867; baseline 0.003 -18"><span class='ocrx_word' id='word_1_349' title='bbox 567 2803 1017 2865; x_wconf 86' lang='lat' dir='ltr'><strong>perseverarent,</strong></span> <span class='ocrx_word' id='word_1_350' title='bbox 1061 2794 1202 2867; x_wconf 82' lang='lat' dir='ltr'><strong>ignis</strong></span> <span class='ocrx_word' id='word_1_351' title='bbox 1248 2795 1576 2865; x_wconf 89' lang='lat' dir='ltr'><strong>supplicium</strong></span> <span class='ocrx_word' id='word_1_352' title='bbox 1625 2796 1892 2851; x_wconf 87' lang='lat' dir='ltr'><strong>subirent.</strong></span> <span class='ocrx_word' id='word_1_353' title='bbox 1937 2797 2002 2853; x_wconf 86' lang='lat' dir='ltr'><strong>Et</strong></span> <span class='ocrx_word' id='word_1_354' title='bbox 2049 2800 2154 2854; x_wconf 88' lang='lat' dir='ltr'><strong>alia</strong></span> 
     </span>
    </p>
   </div>
   <div class='ocr_carea' id='block_1_46' title="bbox 569 2884 2152 2957">
    <p class='ocr_par' dir='ltr' id='par_1_46' title="bbox 569 2884 2152 2957">
     <span class='ocr_line' id='line_1_46' title="bbox 569 2884 2152 2957; baseline 0.004 -18"><span class='ocrx_word' id='word_1_355' title='bbox 569 2886 787 2955; x_wconf 85' lang='lat' dir='ltr'><strong>quidem</strong></span> <span class='ocrx_word' id='word_1_356' title='bbox 818 2884 1111 2938; x_wconf 84' lang='lat' dir='ltr'><strong>multitudo</strong></span> <span class='ocrx_word' id='word_1_357' title='bbox 1142 2899 1249 2938; x_wconf 92' lang='lat' dir='ltr'><strong>una</strong></span> <span class='ocrx_word' id='word_1_358' title='bbox 1279 2899 1402 2938; x_wconf 90' lang='lat' dir='ltr'><strong>cum</strong></span> <span class='ocrx_word' id='word_1_359' title='bbox 1436 2884 1705 2954; x_wconf 82' lang='lat' dir='ltr'><strong>Symeone</strong></span> <span class='ocrx_word' id='word_1_360' title='bbox 1725 2927 1740 2951; x_wconf 96' lang='lat'><strong>,</strong></span> <span class='ocrx_word' id='word_1_361' title='bbox 1771 2887 1862 2957; x_wconf 87' lang='lat' dir='ltr'><strong>qui</strong></span> <span class='ocrx_word' id='word_1_362' title='bbox 1910 2898 1965 2942; x_wconf 87' lang='lat' dir='ltr'><strong>et</strong></span> <span class='ocrx_word' id='word_1_363' title='bbox 1997 2887 2152 2945; x_wconf 88' lang='lat' dir='ltr'><strong>Titus</strong></span> 
     </span>
    </p>
   </div>
   <div class='ocr_carea' id='block_1_47' title="bbox 568 2972 1794 3043">
    <p class='ocr_par' dir='ltr' id='par_1_47' title="bbox 568 2972 1794 3043">
     <span class='ocr_line' id='line_1_47' title="bbox 568 2972 1794 3043; baseline 0.004 -19"><span class='ocrx_word' id='word_1_364' title='bbox 568 2972 892 3036; x_wconf 80' lang='lat' dir='ltr'><strong>vocabatur,</strong></span> <span class='ocrx_word' id='word_1_365' title='bbox 924 2972 1124 3025; x_wconf 87' lang='lat' dir='ltr'><strong>acerbo</strong></span> <span class='ocrx_word' id='word_1_366' title='bbox 1155 2973 1347 3026; x_wconf 90' lang='lat' dir='ltr'><strong>mortis</strong></span> <span class='ocrx_word' id='word_1_367' title='bbox 1377 2987 1577 3043; x_wconf 73' lang='lat' dir='ltr'><strong>genere</strong></span> <span class='ocrx_word' id='word_1_368' title='bbox 1610 2975 1794 3043; x_wconf 90' lang='lat' dir='ltr'><strong>periit.</strong></span> 
     </span>
    </p>
   </div>
   <div class='ocr_carea' id='block_1_48' title="bbox 2271 2145 3850 2222">
    <p class='ocr_par' dir='ltr' id='par_1_48' title="bbox 2271 2145 3850 2222">
     <span class='ocr_line' id='line_1_48' title="bbox 2271 2145 3850 2222; baseline -0.004 -16"><span class='ocrx_word' id='word_1_369' title='bbox 2271 2153 2503 2216; x_wconf 82' lang='grc' dir='ltr'>Ἰοῦστος</span> <span class='ocrx_word' id='word_1_370' title='bbox 2535 2151 2613 2222; x_wconf 86' lang='grc' dir='ltr'>τῷ</span> <span class='ocrx_word' id='word_1_371' title='bbox 2646 2151 2975 2214; x_wconf 84' lang='grc' dir='ltr'>Κωλωνείας</span> <span class='ocrx_word' id='word_1_372' title='bbox 3016 2149 3305 2218; x_wconf 82' lang='grc' dir='ltr'>ἐπισκόπῳ</span> <span class='ocrx_word' id='word_1_373' title='bbox 3325 2188 3339 2211; x_wconf 87' lang='grc'><strong>,</strong></span> <span class='ocrx_word' id='word_1_374' title='bbox 3379 2149 3458 2210; x_wconf 86' lang='grc' dir='ltr'><strong>ὡς</strong></span> <span class='ocrx_word' id='word_1_375' title='bbox 3492 2147 3558 2200; x_wconf 76' lang='grc' dir='ltr'><strong>ἂν</strong></span> <span class='ocrx_word' id='word_1_376' title='bbox 3589 2146 3688 2218; x_wconf 79' lang='grc' dir='ltr'>τὴν</span> <span class='ocrx_word' id='word_1_377' title='bbox 3732 2145 3850 2199; x_wconf 84' lang='grc' dir='ltr'>διά-</span> 
     </span>
    </p>
   </div>
   <div class='ocr_carea' id='block_1_49' title="bbox 2261 2239 3845 2312">
    <p class='ocr_par' dir='ltr' id='par_1_49' title="bbox 2261 2239 3845 2312">
     <span class='ocr_line' id='line_1_49' title="bbox 2261 2239 3845 2312; baseline -0.006 -13"><span class='ocrx_word' id='word_1_378' title='bbox 2261 2263 2409 2299; x_wconf 88' lang='grc' dir='ltr'>νοιαν</span> <span class='ocrx_word' id='word_1_379' title='bbox 2436 2244 2530 2298; x_wconf 89' lang='grc' dir='ltr'><strong>τοῦ</strong></span> <span class='ocrx_word' id='word_1_380' title='bbox 2560 2242 2924 2297; x_wconf 87' lang='grc' dir='ltr'>άποστολικοῦ</span> <span class='ocrx_word' id='word_1_381' title='bbox 2955 2240 3123 2312; x_wconf 79' lang='grc' dir='ltr'>ῥητοῦ</span> <span class='ocrx_word' id='word_1_382' title='bbox 3152 2239 3454 2294; x_wconf 85' lang='grc' dir='ltr'>καταλάϐοι</span> <span class='ocrx_word' id='word_1_383' title='bbox 3483 2239 3845 2310; x_wconf 79' lang='grc' dir='ltr'>σαφέστερον,</span> 
     </span>
    </p>
   </div>
   <div class='ocr_carea' id='block_1_50' title="bbox 2263 2328 3848 2405">
    <p class='ocr_par' dir='ltr' id='par_1_50' title="bbox 2263 2328 3848 2405">
     <span class='ocr_line' id='line_1_50' title="bbox 2263 2328 3848 2405; baseline -0.008 -11"><span class='ocrx_word' id='word_1_384' title='bbox 2263 2341 2359 2394; x_wconf 74' lang='grc' dir='ltr'><strong>καὶ</strong></span> <span class='ocrx_word' id='word_1_385' title='bbox 2384 2337 2759 2392; x_wconf 86' lang='grc' dir='ltr'>ἁνακαλύπτει</span> <span class='ocrx_word' id='word_1_386' title='bbox 2787 2337 2985 2402; x_wconf 86' lang='grc' dir='ltr'>πάντα,</span> <span class='ocrx_word' id='word_1_387' title='bbox 3011 2336 3113 2389; x_wconf 84' lang='grc' dir='ltr'><strong>ὅσα</strong></span> <span class='ocrx_word' id='word_1_388' title='bbox 3140 2333 3290 2405; x_wconf 83' lang='grc' dir='ltr'>αὐτῷ</span> <span class='ocrx_word' id='word_1_389' title='bbox 3311 2350 3370 2386; x_wconf 91' lang='grc' dir='ltr'><strong>τε</strong></span> <span class='ocrx_word' id='word_1_390' title='bbox 3398 2332 3493 2385; x_wconf 77' lang='grc' dir='ltr'>καὶ</span> <span class='ocrx_word' id='word_1_391' title='bbox 3515 2333 3627 2394; x_wconf 86' lang='grc' dir='ltr'>τοίς</span> <span class='ocrx_word' id='word_1_392' title='bbox 3653 2328 3848 2383; x_wconf 83' lang='grc' dir='ltr'>συνοῦ-</span> 
     </span>
    </p>
   </div>
   <div class='ocr_carea' id='block_1_51' title="bbox 2264 2420 3852 2501">
    <p class='ocr_par' dir='ltr' id='par_1_51' title="bbox 2264 2420 3852 2501">
     <span class='ocr_line' id='line_1_51' title="bbox 2264 2420 3852 2501; baseline -0.008 -16"><span class='ocrx_word' id='word_1_393' title='bbox 2264 2449 2349 2485; x_wconf 89' lang='grc' dir='ltr'><strong>σιν</strong></span> <span class='ocrx_word' id='word_1_394' title='bbox 2378 2429 2753 2501; x_wconf 86' lang='grc' dir='ltr'>διεπράττετο.</span> <span class='ocrx_word' id='word_1_395' title='bbox 2809 2428 2867 2481; x_wconf 90' lang='lat'><strong>&#39;0</strong></span> <span class='ocrx_word' id='word_1_396' title='bbox 2898 2428 2955 2481; x_wconf 83' lang='grc' dir='ltr'>δὲ</span> <span class='ocrx_word' id='word_1_397' title='bbox 2986 2425 3251 2497; x_wconf 82' lang='grc' dir='ltr'>ἀναφέρει</span> <span class='ocrx_word' id='word_1_398' title='bbox 3288 2424 3463 2477; x_wconf 83' lang='grc' dir='ltr'>ταῦτα</span> <span class='ocrx_word' id='word_1_399' title='bbox 3525 2421 3604 2492; x_wconf 83' lang='grc' dir='ltr'>τῷ</span> <span class='ocrx_word' id='word_1_400' title='bbox 3636 2420 3852 2491; x_wconf 81' lang='grc' dir='ltr'>βασιλεῖ</span> 
     </span>
    </p>
   </div>
   <div class='ocr_carea' id='block_1_52' title="bbox 2261 2514 3851 2594">
    <p class='ocr_par' dir='ltr' id='par_1_52' title="bbox 2261 2514 3851 2594">
     <span class='ocr_line' id='line_1_52' title="bbox 2261 2514 3851 2594; baseline -0.008 -17"><span class='ocrx_word' id='word_1_401' title='bbox 2261 2521 2671 2594; x_wconf 83' lang='grc' dir='ltr'>(Ἰουστινιανὸς</span> <span class='ocrx_word' id='word_1_402' title='bbox 2689 2520 2747 2572; x_wconf 83' lang='grc' dir='ltr'>δὲ</span> <span class='ocrx_word' id='word_1_403' title='bbox 2768 2516 2858 2591; x_wconf 81' lang='grc' dir='ltr'>ἦν,</span> <span class='ocrx_word' id='word_1_404' title='bbox 2880 2522 2909 2574; x_wconf 85' lang='grc' dir='ltr'><strong>ό</strong></span> <span class='ocrx_word' id='word_1_405' title='bbox 2931 2519 3069 2591; x_wconf 83' lang='grc' dir='ltr'>μετά</span> <span class='ocrx_word' id='word_1_406' title='bbox 3097 2517 3333 2588; x_wconf 79' lang='grc' dir='ltr'>Ἡράκλε</span> <span class='ocrx_word' id='word_1_407' title='bbox 3343 2534 3421 2571; x_wconf 91' lang='grc' dir='ltr'><strong>ιον</strong></span> <span class='ocrx_word' id='word_1_408' title='bbox 3444 2515 3541 2587; x_wconf 80' lang='grc' dir='ltr'>τὴν</span> <span class='ocrx_word' id='word_1_409' title='bbox 3561 2514 3851 2586; x_wconf 84' lang='grc' dir='ltr'>βασιλείαν</span> 
     </span>
    </p>
   </div>
   <div class='ocr_carea' id='block_1_53' title="bbox 2260 2604 3851 2686">
    <p class='ocr_par' dir='ltr' id='par_1_53' title="bbox 2260 2604 3851 2686">
     <span class='ocr_line' id='line_1_53' title="bbox 2260 2604 3851 2686; baseline -0.009 -15"><span class='ocrx_word' id='word_1_410' title='bbox 2260 2614 2687 2686; x_wconf 54' lang='grc' dir='ltr'>διαδεξάμενος)</span> <span class='ocrx_word' id='word_1_411' title='bbox 2723 2614 2821 2667; x_wconf 76' lang='grc' dir='ltr'>καὶ</span> <span class='ocrx_word' id='word_1_412' title='bbox 2856 2613 2915 2676; x_wconf 81' lang='grc' dir='ltr'>ὃς</span> <span class='ocrx_word' id='word_1_413' title='bbox 2958 2610 3155 2683; x_wconf 78' lang='grc' dir='ltr'>ἐρεύνῃ</span> <span class='ocrx_word' id='word_1_414' title='bbox 3186 2611 3283 2664; x_wconf 74' lang='grc' dir='ltr'><strong>καὶ</strong></span> <span class='ocrx_word' id='word_1_415' title='bbox 3323 2608 3505 2681; x_wconf 89' lang='grc' dir='ltr'>κρίσει</span> <span class='ocrx_word' id='word_1_416' title='bbox 3546 2607 3732 2677; x_wconf 76' lang='grc' dir='ltr'>δικαίᾳ</span> <span class='ocrx_word' id='word_1_417' title='bbox 3777 2604 3851 2658; x_wconf 81' lang='grc' dir='ltr'>τὰ</span> 
     </span>
    </p>
   </div>
   <div class='ocr_carea' id='block_1_54' title="bbox 2258 2699 3849 2775">
    <p class='ocr_par' dir='ltr' id='par_1_54' title="bbox 2258 2699 3849 2775">
     <span class='ocr_line' id='line_1_54' title="bbox 2258 2699 3849 2775; baseline -0.008 -13"><span class='ocrx_word' id='word_1_418' title='bbox 2258 2710 2377 2763; x_wconf 83' lang='grc' dir='ltr'>κατ’</span> <span class='ocrx_word' id='word_1_419' title='bbox 2410 2707 2612 2769; x_wconf 81' lang='grc' dir='ltr'>αὐτοὺς</span> <span class='ocrx_word' id='word_1_420' title='bbox 2646 2704 3023 2775; x_wconf 79' lang='grc' dir='ltr'>ὑποϐληθῆναι</span> <span class='ocrx_word' id='word_1_421' title='bbox 3054 2702 3323 2764; x_wconf 87' lang='grc' dir='ltr'>κελεύσας</span> <span class='ocrx_word' id='word_1_422' title='bbox 3342 2742 3359 2766; x_wconf 90' lang='grc'><strong>,</strong></span> <span class='ocrx_word' id='word_1_423' title='bbox 3389 2699 3517 2761; x_wconf 90' lang='grc' dir='ltr'>τούς</span> <span class='ocrx_word' id='word_1_424' title='bbox 3538 2717 3598 2753; x_wconf 88' lang='grc' dir='ltr'><strong>τε</strong></span> <span class='ocrx_word' id='word_1_425' title='bbox 3629 2699 3849 2769; x_wconf 81' lang='grc' dir='ltr'>ἀμετα-</span> 
     </span>
    </p>
   </div>
   <div class='ocr_carea' id='block_1_55' title="bbox 2261 2790 3851 2872">
    <p class='ocr_par' dir='ltr' id='par_1_55' title="bbox 2261 2790 3851 2872">
     <span class='ocr_line' id='line_1_55' title="bbox 2261 2790 3851 2872; baseline -0.008 -19"><span class='ocrx_word' id='word_1_426' title='bbox 2261 2801 2507 2872; x_wconf 83' lang='grc' dir='ltr'>μελήτως</span> <span class='ocrx_word' id='word_1_427' title='bbox 2547 2797 2659 2869; x_wconf 74' lang='grc'><strong>(48)</strong></span> <span class='ocrx_word' id='word_1_428' title='bbox 2707 2797 2964 2868; x_wconf 77' lang='grc' dir='ltr'>ἔχοντας,</span> <span class='ocrx_word' id='word_1_429' title='bbox 3016 2799 3112 2849; x_wconf 70' lang='grc' dir='ltr'><strong>κα)¹</strong></span> <span class='ocrx_word' id='word_1_430' title='bbox 3158 2796 3285 2857; x_wconf 84' lang='grc' dir='ltr'>τοὺς</span> <span class='ocrx_word' id='word_1_431' title='bbox 3332 2791 3624 2864; x_wconf 84' lang='grc' dir='ltr'>μετάνοιαν</span> <span class='ocrx_word' id='word_1_432' title='bbox 3671 2790 3851 2842; x_wconf 87' lang='grc' dir='ltr'>πάλαι</span> 
     </span>
    </p>
   </div>
   <div class='ocr_carea' id='block_1_56' title="bbox 2263 2878 3853 2965">
    <p class='ocr_par' dir='ltr' id='par_1_56' title="bbox 2263 2878 3853 2965">
     <span class='ocr_line' id='line_1_56' title="bbox 2263 2878 3853 2965; baseline -0.008 -19"><span class='ocrx_word' id='word_1_433' title='bbox 2263 2894 2363 2965; x_wconf 82' lang='grc' dir='ltr'>μὲν</span> <span class='ocrx_word' id='word_1_434' title='bbox 2390 2889 2916 2959; x_wconf 81' lang='grc' dir='ltr'>ἐπαγγειλαμένους,</span> <span class='ocrx_word' id='word_1_435' title='bbox 2964 2887 3165 2957; x_wconf 86' lang='grc' dir='ltr'>ὁμοίως</span> <span class='ocrx_word' id='word_1_436' title='bbox 3191 2886 3246 2938; x_wconf 81' lang='grc' dir='ltr'>δὲ</span> <span class='ocrx_word' id='word_1_437' title='bbox 3262 2885 3357 2939; x_wconf 81' lang='grc' dir='ltr'>κα).</span> <span class='ocrx_word' id='word_1_438' title='bbox 3377 2883 3491 2954; x_wconf 73' lang='grc'><strong>(49)</strong></span> <span class='ocrx_word' id='word_1_439' title='bbox 3510 2883 3609 2953; x_wconf 80' lang='grc' dir='ltr'><strong>τὴν</strong></span> <span class='ocrx_word' id='word_1_440' title='bbox 3634 2878 3853 2933; x_wconf 79' lang='grc' dir='ltr'>ἑαυτῶν</span> 
     </span>
    </p>
   </div>
   <div class='ocr_carea' id='block_1_57' title="bbox 2258 2971 3852 3051">
    <p class='ocr_par' dir='ltr' id='par_1_57' title="bbox 2258 2971 3852 3051">
     <span class='ocr_line' id='line_1_57' title="bbox 2258 2971 3852 3051; baseline -0.01 -12"><span class='ocrx_word' id='word_1_441' title='bbox 2258 2983 2596 3041; x_wconf 83' lang='grc' dir='ltr'>ἀποστασίαν</span> <span class='ocrx_word' id='word_1_442' title='bbox 2620 2980 2984 3051; x_wconf 80' lang='grc' dir='ltr'>περιέποντας</span> <span class='ocrx_word' id='word_1_443' title='bbox 3012 2978 3153 3048; x_wconf 87' lang='grc'><strong>(50),</strong></span> <span class='ocrx_word' id='word_1_444' title='bbox 3171 2977 3263 3030; x_wconf 86' lang='grc' dir='ltr'><strong>τὸν</strong></span> <span class='ocrx_word' id='word_1_445' title='bbox 3288 2976 3377 3030; x_wconf 76' lang='grc' dir='ltr'><strong>διὰ</strong></span> <span class='ocrx_word' id='word_1_446' title='bbox 3406 2976 3580 3046; x_wconf 74' lang='grc' dir='ltr'>πυρὸς</span> <span class='ocrx_word' id='word_1_447' title='bbox 3606 2971 3852 3040; x_wconf 78' lang='grc' dir='ltr'>ὑποστῆ-</span> 
     </span>
    </p>
   </div>
   <div class='ocr_carea' id='block_1_58' title="bbox 570 3061 3852 3148">
    <p class='ocr_par' dir='ltr' id='par_1_58' title="bbox 570 3061 3852 3148">
     <span class='ocr_line' id='line_1_58' title="bbox 570 3061 3852 3148; baseline 0.001 -36"><span class='ocrx_word' id='word_1_448' title='bbox 570 3080 658 3113; x_wconf 88' lang='grc' dir='ltr'><strong>ναι</strong></span> <span class='ocrx_word' id='word_1_449' title='bbox 688 3061 991 3132; x_wconf 80' lang='grc' dir='ltr'>προσέταξε</span> <span class='ocrx_word' id='word_1_450' title='bbox 1022 3062 1273 3117; x_wconf 89' lang='grc' dir='ltr'>θάνατον.</span> <span class='ocrx_word' id='word_1_451' title='bbox 1302 3064 1412 3117; x_wconf 79' lang='grc' dir='ltr'>Καὶ</span> <span class='ocrx_word' id='word_1_452' title='bbox 1437 3063 1497 3117; x_wconf 84' lang='grc' dir='ltr'><strong>τὸ</strong></span> <span class='ocrx_word' id='word_1_453' title='bbox 1527 3064 1625 3134; x_wconf 84' lang='grc' dir='ltr'>μὲν</span> <span class='ocrx_word' id='word_1_454' title='bbox 1653 3066 1783 3121; x_wconf 79' lang='grc' dir='ltr'>ἄλλο</span> <span class='ocrx_word' id='word_1_455' title='bbox 1840 3069 2046 3140; x_wconf 79' lang='grc' dir='ltr'>πλῆθος</span> <span class='ocrx_word' id='word_1_456' title='bbox 2075 3072 2194 3147; x_wconf 79' lang='grc' dir='ltr'><strong>ἅμα</strong></span> <span class='ocrx_word' id='word_1_457' title='bbox 2232 3074 2505 3148; x_wconf 84' lang='grc' dir='ltr'>Συμεῶνι,</span> <span class='ocrx_word' id='word_1_458' title='bbox 2533 3071 2611 3142; x_wconf 81' lang='grc' dir='ltr'>τῷ</span> <span class='ocrx_word' id='word_1_459' title='bbox 2646 3071 2737 3125; x_wconf 69' lang='grc' dir='ltr'>καὶ</span> <span class='ocrx_word' id='word_1_460' title='bbox 2772 3071 2941 3142; x_wconf 87' lang='grc' dir='ltr'>Τίτῳ,</span> <span class='ocrx_word' id='word_1_461' title='bbox 2973 3068 3147 3133; x_wconf 77' lang='grc' dir='ltr'>οὕτως</span> <span class='ocrx_word' id='word_1_462' title='bbox 3194 3067 3289 3121; x_wconf 88' lang='grc' dir='ltr'><strong>τοῦ</strong></span> <span class='ocrx_word' id='word_1_463' title='bbox 3320 3068 3421 3138; x_wconf 76' lang='grc' dir='ltr'><strong>ζῇν</strong></span> <span class='ocrx_word' id='word_1_464' title='bbox 3487 3062 3704 3135; x_wconf 84' lang='grc' dir='ltr'>πικρῶς</span> <span class='ocrx_word' id='word_1_465' title='bbox 3735 3062 3852 3115; x_wconf 81' lang='grc' dir='ltr'>άπ-</span> 
     </span>
    </p>
   </div>
   <div class='ocr_carea' id='block_1_59' title="bbox 572 3153 973 3225">
    <p class='ocr_par' dir='ltr' id='par_1_59' title="bbox 572 3153 973 3225">
     <span class='ocr_line' id='line_1_59' title="bbox 572 3153 973 3225; baseline -0.005 -17"><span class='ocrx_word' id='word_1_466' title='bbox 572 3153 973 3225; x_wconf 76' lang='grc' dir='ltr'>ἐστερήθησαν.</span> 
     </span>
    </p>
   </div>
   <div class='ocr_carea' id='block_1_60' title="bbox 647 3249 2155 3328">
    <p class='ocr_par' dir='ltr' id='par_1_60' title="bbox 647 3250 2155 3328">
     <span class='ocr_line' id='line_1_60' title="bbox 647 3250 2155 3328; baseline 0.009 -25"><span class='ocrx_word' id='word_1_467' title='bbox 647 3250 787 3304; x_wconf 71' lang='lat' dir='ltr'><strong>XIX.</strong></span> <span class='ocrx_word' id='word_1_468' title='bbox 822 3250 1022 3305; x_wconf 87' lang='lat' dir='ltr'><strong>Paulus</strong></span> <span class='ocrx_word' id='word_1_469' title='bbox 1053 3265 1180 3304; x_wconf 88' lang='lat' dir='ltr'><strong>vero</strong></span> <span class='ocrx_word' id='word_1_470' title='bbox 1204 3251 1424 3320; x_wconf 89' lang='lat' dir='ltr'><strong>quidam</strong></span> <span class='ocrx_word' id='word_1_471' title='bbox 1446 3292 1462 3318; x_wconf 88' lang='lat'><strong>,</strong></span> <span class='ocrx_word' id='word_1_472' title='bbox 1494 3255 1793 3310; x_wconf 64' lang='lat' dir='ltr'><strong>Armenius,</strong></span> <span class='ocrx_word' id='word_1_473' title='bbox 1808 3274 2032 3328; x_wconf 77' lang='lat' dir='ltr'><strong>genere,</strong></span> <span class='ocrx_word' id='word_1_474' title='bbox 2064 3261 2155 3316; x_wconf 86' lang='lat' dir='ltr'><strong>cui</strong></span> 
     </span>
    </p>
   </div>
   <div class='ocr_carea' id='block_1_61' title="bbox 2261 3249 3854 3328">
    <p class='ocr_par' dir='ltr' id='par_1_61' title="bbox 2330 3249 3854 3323">
     <span class='ocr_line' id='line_1_61' title="bbox 2330 3249 3854 3323; baseline -0.006 -12"><span class='ocrx_word' id='word_1_475' title='bbox 2330 3256 2433 3311; x_wconf 75' lang='lat'><strong>19&#39;.</strong></span> <span class='ocrx_word' id='word_1_476' title='bbox 2464 3254 2678 3318; x_wconf 84' lang='grc' dir='ltr'>Παῦλος</span> <span class='ocrx_word' id='word_1_477' title='bbox 2714 3253 2771 3306; x_wconf 87' lang='grc' dir='ltr'><strong>δέ</strong></span> <span class='ocrx_word' id='word_1_478' title='bbox 2806 3268 2910 3319; x_wconf 89' lang='grc' dir='ltr'>τις,</span> <span class='ocrx_word' id='word_1_479' title='bbox 2949 3253 3105 3321; x_wconf 83' lang='grc' dir='ltr'>γένος</span> <span class='ocrx_word' id='word_1_480' title='bbox 3146 3251 3469 3323; x_wconf 85' lang='grc' dir='ltr'>Ἀρμένιος,</span> <span class='ocrx_word' id='word_1_481' title='bbox 3513 3249 3606 3303; x_wconf 86' lang='grc' dir='ltr'><strong>δύο</strong></span> <span class='ocrx_word' id='word_1_482' title='bbox 3639 3250 3854 3303; x_wconf 84' lang='grc' dir='ltr'>παίδων</span> 
     </span>
    </p>
   </div>
   <div class='ocr_carea' id='block_1_62' title="bbox 573 3341 2152 3421">
    <p class='ocr_par' dir='ltr' id='par_1_62' title="bbox 573 3341 2152 3421">
     <span class='ocr_line' id='line_1_62' title="bbox 573 3341 2152 3421; baseline 0.008 -25"><span class='ocrx_word' id='word_1_483' title='bbox 573 3345 683 3396; x_wconf 87' lang='lat' dir='ltr'><strong>duo</strong></span> <span class='ocrx_word' id='word_1_484' title='bbox 715 3342 807 3396; x_wconf 81' lang='lat' dir='ltr'><strong>filii</strong></span> <span class='ocrx_word' id='word_1_485' title='bbox 838 3351 997 3397; x_wconf 89' lang='lat' dir='ltr'><strong>erant</strong></span> <span class='ocrx_word' id='word_1_486' title='bbox 1025 3341 1343 3413; x_wconf 74' lang='lat' dir='ltr'><strong>Gegnzesius</strong></span> <span class='ocrx_word' id='word_1_487' title='bbox 1375 3354 1429 3399; x_wconf 89' lang='lat' dir='ltr'><strong>et</strong></span> <span class='ocrx_word' id='word_1_488' title='bbox 1462 3343 1819 3414; x_wconf 88' lang='lat' dir='ltr'><strong>Theodorus,</strong></span> <span class='ocrx_word' id='word_1_489' title='bbox 1856 3352 2152 3421; x_wconf 90' lang='lat' dir='ltr'><strong>supplicio,</strong></span> 
     </span>
    </p>
   </div>
   <div class='ocr_carea' id='block_1_63' title="bbox 573 3434 2156 3506">
    <p class='ocr_par' dir='ltr' id='par_1_63' title="bbox 573 3434 2156 3506">
     <span class='ocr_line' id='line_1_63' title="bbox 573 3434 2156 3506; baseline 0.008 -18"><span class='ocrx_word' id='word_1_490' title='bbox 573 3437 719 3506; x_wconf 88' lang='lat' dir='ltr'><strong>quod</strong></span> <span class='ocrx_word' id='word_1_491' title='bbox 749 3434 846 3491; x_wconf 91' lang='lat' dir='ltr'><strong>toti</strong></span> <span class='ocrx_word' id='word_1_492' title='bbox 874 3435 1257 3505; x_wconf 85' lang='lat' dir='ltr'><strong>Apostatarum</strong></span> <span class='ocrx_word' id='word_1_493' title='bbox 1290 3436 1455 3491; x_wconf 68' lang='lat' dir='ltr'><strong>cretui</strong></span> <span class='ocrx_word' id='word_1_494' title='bbox 1487 3436 1816 3494; x_wconf 86' lang='lat' dir='ltr'><strong>destinatum</strong></span> <span class='ocrx_word' id='word_1_495' title='bbox 1853 3441 2027 3498; x_wconf 80' lang='lat' dir='ltr'><strong>fuerat</strong></span> <span class='ocrx_word' id='word_1_496' title='bbox 2051 3485 2065 3499; x_wconf 97' lang='lat'><strong>.</strong></span> <span class='ocrx_word' id='word_1_497' title='bbox 2097 3460 2156 3499; x_wconf 91' lang='lat' dir='ltr'><strong>se</strong></span> 
     </span>
    </p>
   </div>
   <div class='ocr_carea' id='block_1_64' title="bbox 2263 3340 3856 3419">
    <p class='ocr_par' dir='ltr' id='par_1_64' title="bbox 2263 3340 3856 3419">
     <span class='ocr_line' id='line_1_64' title="bbox 2263 3340 3856 3419; baseline -0.006 -16"><span class='ocrx_word' id='word_1_498' title='bbox 2263 3348 2467 3419; x_wconf 80' lang='grc' dir='ltr'>πατὴρ,</span> <span class='ocrx_word' id='word_1_499' title='bbox 2500 3340 2575 3401; x_wconf 86' lang='grc' dir='ltr'>ὧν</span> <span class='ocrx_word' id='word_1_500' title='bbox 2621 3345 2733 3417; x_wconf 78' lang='grc'><strong>(51)</strong></span> <span class='ocrx_word' id='word_1_501' title='bbox 2763 3345 2841 3415; x_wconf 86' lang='grc' dir='ltr'>τῷ</span> <span class='ocrx_word' id='word_1_502' title='bbox 2888 3347 2987 3413; x_wconf 83' lang='grc' dir='ltr'>μὲν</span> <span class='ocrx_word' id='word_1_503' title='bbox 3032 3340 3101 3413; x_wconf 79' lang='grc' dir='ltr'>ἦν</span> <span class='ocrx_word' id='word_1_504' title='bbox 3147 3343 3466 3411; x_wconf 86' lang='grc' dir='ltr'>Γεγναίσιος</span> <span class='ocrx_word' id='word_1_505' title='bbox 3510 3341 3648 3413; x_wconf 73' lang='grc'><strong>(52),</strong></span> <span class='ocrx_word' id='word_1_506' title='bbox 3673 3341 3751 3412; x_wconf 82' lang='grc' dir='ltr'>τῷ</span> <span class='ocrx_word' id='word_1_507' title='bbox 3792 3342 3856 3395; x_wconf 75' lang='grc' dir='ltr'>δὲ</span> 
     </span>
    </p>
   </div>
   <div class='ocr_carea' id='block_1_65' title="bbox 2262 3436 3858 3511">
    <p class='ocr_par' dir='ltr' id='par_1_65' title="bbox 2262 3436 3858 3511">
     <span class='ocr_line' id='line_1_65' title="bbox 2262 3436 3858 3511; baseline -0.004 -16"><span class='ocrx_word' id='word_1_508' title='bbox 2262 3442 2535 3511; x_wconf 85' lang='grc' dir='ltr'>Θεόδωρος</span> <span class='ocrx_word' id='word_1_509' title='bbox 2565 3438 2735 3508; x_wconf 77' lang='grc' dir='ltr'>ὄνομα</span> <span class='ocrx_word' id='word_1_510' title='bbox 2757 3479 2772 3503; x_wconf 91' lang='grc'><strong>,</strong></span> <span class='ocrx_word' id='word_1_511' title='bbox 2801 3438 2897 3491; x_wconf 88' lang='grc' dir='ltr'><strong>τοῦ</strong></span> <span class='ocrx_word' id='word_1_512' title='bbox 2938 3437 3169 3491; x_wconf 86' lang='grc' dir='ltr'>θανάτου</span> <span class='ocrx_word' id='word_1_513' title='bbox 3203 3436 3575 3508; x_wconf 84' lang='grc' dir='ltr'>διαδιδράσκει</span> <span class='ocrx_word' id='word_1_514' title='bbox 3605 3436 3717 3506; x_wconf 81' lang='grc'><strong>(55)</strong></span> <span class='ocrx_word' id='word_1_515' title='bbox 3741 3477 3755 3499; x_wconf 92' lang='grc'><strong>,</strong></span> <span class='ocrx_word' id='word_1_516' title='bbox 3789 3436 3858 3499; x_wconf 85' lang='grc' dir='ltr'>ὃς</span> 
     </span>
    </p>
   </div>
   <div class='ocr_carea' id='block_1_66' title="bbox 574 3527 2155 3604">
    <p class='ocr_par' dir='ltr' id='par_1_66' title="bbox 574 3527 2155 3604">
     <span class='ocr_line' id='line_1_66' title="bbox 574 3527 2155 3604; baseline 0.004 -21"><span class='ocrx_word' id='word_1_517' title='bbox 574 3530 699 3599; x_wconf 81' lang='lat' dir='ltr'><strong>fuga</strong></span> <span class='ocrx_word' id='word_1_518' title='bbox 728 3528 1073 3591; x_wconf 90' lang='lat' dir='ltr'><strong>subducens,</strong></span> <span class='ocrx_word' id='word_1_519' title='bbox 1105 3528 1159 3581; x_wconf 91' lang='lat' dir='ltr'><strong>in</strong></span> <span class='ocrx_word' id='word_1_520' title='bbox 1193 3527 1372 3583; x_wconf 88' lang='lat' dir='ltr'><strong>vicum</strong></span> <span class='ocrx_word' id='word_1_521' title='bbox 1413 3546 1577 3599; x_wconf 90' lang='lat' dir='ltr'><strong>supra</strong></span> <span class='ocrx_word' id='word_1_522' title='bbox 1607 3542 1991 3599; x_wconf 90' lang='lat' dir='ltr'><strong>memoratum,</strong></span> <span class='ocrx_word' id='word_1_523' title='bbox 2031 3534 2155 3604; x_wconf 85' lang='lat' dir='ltr'><strong>Epi-</strong></span> 
     </span>
    </p>
   </div>
   <div class='ocr_carea' id='block_1_67' title="bbox 2261 3527 3857 3604">
    <p class='ocr_par' dir='ltr' id='par_1_67' title="bbox 2263 3527 3857 3601">
     <span class='ocr_line' id='line_1_67' title="bbox 2263 3527 3857 3601; baseline -0.006 -13"><span class='ocrx_word' id='word_1_524' title='bbox 2263 3532 2408 3588; x_wconf 78' lang='grc' dir='ltr'>κατὰ</span> <span class='ocrx_word' id='word_1_525' title='bbox 2438 3531 2621 3601; x_wconf 84' lang='grc' dir='ltr'>πάσης</span> <span class='ocrx_word' id='word_1_526' title='bbox 2647 3531 2745 3600; x_wconf 85' lang='grc' dir='ltr'>τῆς</span> <span class='ocrx_word' id='word_1_527' title='bbox 2779 3530 3137 3593; x_wconf 83' lang='grc' dir='ltr'>ἀποστάτιδος</span> <span class='ocrx_word' id='word_1_528' title='bbox 3179 3529 3374 3599; x_wconf 83' lang='grc' dir='ltr'>μοίρας</span> <span class='ocrx_word' id='word_1_529' title='bbox 3407 3528 3677 3598; x_wconf 64' lang='grc' dir='ltr'>ἐψήφιστο</span> <span class='ocrx_word' id='word_1_530' title='bbox 3697 3567 3712 3588; x_wconf 83' lang='grc'><strong>,</strong></span> <span class='ocrx_word' id='word_1_531' title='bbox 3754 3527 3857 3582; x_wconf 77' lang='grc' dir='ltr'><strong>καὶ</strong></span> 
     </span>
    </p>
   </div>
   <div class='ocr_carea' id='block_1_68' title="bbox 574 3619 2155 3696">
    <p class='ocr_par' dir='ltr' id='par_1_68' title="bbox 574 3620 2155 3694">
     <span class='ocr_line' id='line_1_68' title="bbox 574 3620 2155 3694; baseline 0.002 -18"><span class='ocrx_word' id='word_1_532' title='bbox 574 3623 776 3693; x_wconf 88' lang='lat' dir='ltr'><strong>sparim</strong></span> <span class='ocrx_word' id='word_1_533' title='bbox 816 3622 1071 3682; x_wconf 84' lang='lat' dir='ltr'><strong>nomine,</strong></span> <span class='ocrx_word' id='word_1_534' title='bbox 1110 3630 1389 3691; x_wconf 88' lang='lat' dir='ltr'><strong>receptum</strong></span> <span class='ocrx_word' id='word_1_535' title='bbox 1426 3620 1642 3686; x_wconf 83' lang='lat' dir='ltr'><strong>habuit,</strong></span> <span class='ocrx_word' id='word_1_536' title='bbox 1683 3623 1775 3678; x_wconf 89' lang='lat' dir='ltr'><strong>ubi</strong></span> <span class='ocrx_word' id='word_1_537' title='bbox 1825 3624 2155 3694; x_wconf 85' lang='lat' dir='ltr'><strong>impietatem</strong></span> 
     </span>
    </p>
   </div>
   <div class='ocr_carea' id='block_1_69' title="bbox 2261 3619 3857 3696">
    <p class='ocr_par' dir='ltr' id='par_1_69' title="bbox 2266 3619 3857 3696">
     <span class='ocr_line' id='line_1_69' title="bbox 2266 3619 3857 3696; baseline -0.004 -18"><span class='ocrx_word' id='word_1_538' title='bbox 2266 3624 2630 3696; x_wconf 84' lang='grc' dir='ltr'>παραγίνεται</span> <span class='ocrx_word' id='word_1_539' title='bbox 2666 3622 2766 3693; x_wconf 76' lang='grc' dir='ltr'>μὲν</span> <span class='ocrx_word' id='word_1_540' title='bbox 2801 3623 2881 3686; x_wconf 68' lang='grc' dir='ltr'>εἰς</span> <span class='ocrx_word' id='word_1_541' title='bbox 2911 3622 3009 3693; x_wconf 82' lang='grc' dir='ltr'>τὴν</span> <span class='ocrx_word' id='word_1_542' title='bbox 3035 3619 3243 3675; x_wconf 81' lang='grc' dir='ltr'>ἄνωθεν</span> <span class='ocrx_word' id='word_1_543' title='bbox 3271 3621 3403 3690; x_wconf 81' lang='grc' dir='ltr'>ημῖν</span> <span class='ocrx_word' id='word_1_544' title='bbox 3447 3619 3857 3689; x_wconf 72' lang='grc' dir='ltr'>ὀνομασθεῖσαν</span> 
     </span>
    </p>
   </div>
   <div class='ocr_carea' id='block_1_70' title="bbox 575 3713 2155 3788">
    <p class='ocr_par' dir='ltr' id='par_1_70' title="bbox 575 3713 2155 3785">
     <span class='ocr_line' id='line_1_70' title="bbox 575 3713 2155 3785; baseline 0.001 -17"><span class='ocrx_word' id='word_1_545' title='bbox 575 3713 935 3769; x_wconf 83' lang='lat' dir='ltr'><strong>disseminare</strong></span> <span class='ocrx_word' id='word_1_546' title='bbox 985 3713 1307 3767; x_wconf 87' lang='lat' dir='ltr'><strong>conabatur.</strong></span> <span class='ocrx_word' id='word_1_547' title='bbox 1350 3714 1432 3767; x_wconf 84' lang='lat' dir='ltr'><strong>Ab</strong></span> <span class='ocrx_word' id='word_1_548' title='bbox 1474 3714 1578 3768; x_wconf 92' lang='lat' dir='ltr'><strong>hoc</strong></span> <span class='ocrx_word' id='word_1_549' title='bbox 1611 3723 1793 3768; x_wconf 89' lang='lat' dir='ltr'><strong>autem</strong></span> <span class='ocrx_word' id='word_1_550' title='bbox 1830 3715 1999 3769; x_wconf 84' lang='lat' dir='ltr'><strong>Paulo</strong></span> <span class='ocrx_word' id='word_1_551' title='bbox 2036 3732 2155 3785; x_wconf 86' lang='lat' dir='ltr'><strong>pars</strong></span> 
     </span>
    </p>
   </div>
   <div class='ocr_carea' id='block_1_71' title="bbox 2261 3713 3852 3788">
    <p class='ocr_par' dir='ltr' id='par_1_71' title="bbox 2278 3714 3852 3788">
     <span class='ocr_line' id='line_1_71' title="bbox 2278 3714 3852 3788; baseline -0.003 -16"><span class='ocrx_word' id='word_1_552' title='bbox 2278 3718 2632 3788; x_wconf 85' lang='grc' dir='ltr'>Ἐπίσπαριν,</span> <span class='ocrx_word' id='word_1_553' title='bbox 2670 3716 2766 3770; x_wconf 78' lang='grc' dir='ltr'><strong>κα)¹</strong></span> <span class='ocrx_word' id='word_1_554' title='bbox 2810 3715 3056 3785; x_wconf 85' lang='grc' dir='ltr'>σπείρειν</span> <span class='ocrx_word' id='word_1_555' title='bbox 3094 3714 3396 3779; x_wconf 76' lang='grc' dir='ltr'>ἐσπούδαζε</span> <span class='ocrx_word' id='word_1_556' title='bbox 3429 3714 3528 3784; x_wconf 81' lang='grc' dir='ltr'>τὴν</span> <span class='ocrx_word' id='word_1_557' title='bbox 3567 3714 3852 3768; x_wconf 81' lang='grc' dir='ltr'>ἀσέϐειαν.</span> 
     </span>
    </p>
   </div>
   <div class='ocr_carea' id='block_1_72' title="bbox 576 3805 2155 3880">
    <p class='ocr_par' dir='ltr' id='par_1_72' title="bbox 576 3805 2155 3871">
     <span class='ocr_line' id='line_1_72' title="bbox 576 3805 2155 3871; baseline 0 -9"><span class='ocrx_word' id='word_1_558' title='bbox 576 3806 901 3862; x_wconf 83' lang='lat' dir='ltr'><strong>defectionis</strong></span> <span class='ocrx_word' id='word_1_559' title='bbox 940 3820 1050 3859; x_wconf 91' lang='lat' dir='ltr'><strong>non</strong></span> <span class='ocrx_word' id='word_1_560' title='bbox 1091 3805 1314 3858; x_wconf 89' lang='lat' dir='ltr'><strong>minima</strong></span> <span class='ocrx_word' id='word_1_561' title='bbox 1337 3846 1352 3871; x_wconf 93' lang='lat'><strong>,</strong></span> <span class='ocrx_word' id='word_1_562' title='bbox 1384 3814 1439 3859; x_wconf 87' lang='lat' dir='ltr'><strong>et</strong></span> <span class='ocrx_word' id='word_1_563' title='bbox 1475 3806 1794 3861; x_wconf 87' lang='lat' dir='ltr'><strong>detestanda</strong></span> <span class='ocrx_word' id='word_1_564' title='bbox 1838 3806 2155 3863; x_wconf 65' lang='lat' dir='ltr'><strong>Manichaeo-</strong></span> 
     </span>
    </p>
   </div>
   <div class='ocr_carea' id='block_1_73' title="bbox 2261 3805 3857 3880">
    <p class='ocr_par' dir='ltr' id='par_1_73' title="bbox 2278 3805 3857 3880">
     <span class='ocr_line' id='line_1_73' title="bbox 2278 3805 3857 3880; baseline -0.004 -17"><span class='ocrx_word' id='word_1_565' title='bbox 2278 3810 2373 3863; x_wconf 86' lang='grc' dir='ltr'>Ἐκ</span> <span class='ocrx_word' id='word_1_566' title='bbox 2405 3811 2597 3863; x_wconf 85' lang='grc' dir='ltr'>τούτου</span> <span class='ocrx_word' id='word_1_567' title='bbox 2628 3808 2692 3880; x_wconf 83' lang='grc' dir='ltr'>δὴ</span> <span class='ocrx_word' id='word_1_568' title='bbox 2720 3806 2814 3861; x_wconf 89' lang='grc' dir='ltr'><strong>τοῦ</strong></span> <span class='ocrx_word' id='word_1_569' title='bbox 2847 3807 3060 3861; x_wconf 88' lang='grc' dir='ltr'>Παύλου</span> <span class='ocrx_word' id='word_1_570' title='bbox 3105 3806 3265 3877; x_wconf 73' lang='grc' dir='ltr'>μερὶς</span> <span class='ocrx_word' id='word_1_571' title='bbox 3304 3806 3405 3860; x_wconf 79' lang='grc' dir='ltr'><strong>οὐκ</strong></span> <span class='ocrx_word' id='word_1_572' title='bbox 3454 3805 3714 3876; x_wconf 83' lang='grc' dir='ltr'>ἐλαχίστη</span> <span class='ocrx_word' id='word_1_573' title='bbox 3752 3807 3857 3876; x_wconf 80' lang='grc' dir='ltr'>τῆς</span> 
     </span>
    </p>
   </div>
   <div class='ocr_carea' id='block_1_74' title="bbox 580 3896 2155 3971">
    <p class='ocr_par' dir='ltr' id='par_1_74' title="bbox 580 3896 2155 3969">
     <span class='ocr_line' id='line_1_74' title="bbox 580 3896 2155 3969; baseline 0.001 -18"><span class='ocrx_word' id='word_1_574' title='bbox 580 3914 701 3951; x_wconf 90' lang='lat' dir='ltr'><strong>rum</strong></span> <span class='ocrx_word' id='word_1_575' title='bbox 748 3904 904 3967; x_wconf 89' lang='lat' dir='ltr'><strong>putat</strong></span> <span class='ocrx_word' id='word_1_576' title='bbox 951 3912 1010 3951; x_wconf 86' lang='lat' dir='ltr'><strong>se</strong></span> <span class='ocrx_word' id='word_1_577' title='bbox 1053 3896 1561 3951; x_wconf 89' lang='lat' dir='ltr'><strong>denominationem</strong></span> <span class='ocrx_word' id='word_1_578' title='bbox 1606 3898 1924 3967; x_wconf 88' lang='lat' dir='ltr'><strong>accepisse.</strong></span> <span class='ocrx_word' id='word_1_579' title='bbox 1986 3899 2155 3969; x_wconf 78' lang='lat' dir='ltr'><strong>potius</strong></span> 
     </span>
    </p>
   </div>
   <div class='ocr_carea' id='block_1_75' title="bbox 2261 3896 3857 3971">
    <p class='ocr_par' dir='ltr' id='par_1_75' title="bbox 2263 3896 3857 3971">
     <span class='ocr_line' id='line_1_75' title="bbox 2263 3896 3857 3971; baseline -0.002 -18"><span class='ocrx_word' id='word_1_580' title='bbox 2263 3901 2599 3964; x_wconf 82' lang='grc' dir='ltr'>ἁποστασίας</span> <span class='ocrx_word' id='word_1_581' title='bbox 2627 3902 2723 3955; x_wconf 71' lang='grc' dir='ltr'><strong>καὶ</strong></span> <span class='ocrx_word' id='word_1_582' title='bbox 2762 3899 2864 3971; x_wconf 82' lang='grc' dir='ltr'>τὴν</span> <span class='ocrx_word' id='word_1_583' title='bbox 2888 3897 3208 3969; x_wconf 84' lang='grc' dir='ltr'>ἐπωνυμίαν</span> <span class='ocrx_word' id='word_1_584' title='bbox 3234 3898 3415 3951; x_wconf 75' lang='grc' dir='ltr'>ἕλκειν</span> <span class='ocrx_word' id='word_1_585' title='bbox 3455 3897 3655 3969; x_wconf 80' lang='grc' dir='ltr'>μᾶλλον</span> <span class='ocrx_word' id='word_1_586' title='bbox 3701 3896 3737 3968; x_wconf 82' lang='grc' dir='ltr'><strong>ἥ</strong></span> <span class='ocrx_word' id='word_1_587' title='bbox 3788 3898 3857 3950; x_wconf 84' lang='grc' dir='ltr'><strong>ἐκ</strong></span> 
     </span>
    </p>
   </div>
   <div class='ocr_carea' id='block_1_76' title="bbox 576 3985 2155 4063">
    <p class='ocr_par' dir='ltr' id='par_1_76' title="bbox 576 3985 2155 4061">
     <span class='ocr_line' id='line_1_76' title="bbox 576 3985 2155 4061; baseline 0.002 -20"><span class='ocrx_word' id='word_1_588' title='bbox 576 4003 740 4057; x_wconf 90' lang='lat' dir='ltr'><strong>quam</strong></span> <span class='ocrx_word' id='word_1_589' title='bbox 776 4002 840 4042; x_wconf 83' lang='lat' dir='ltr'><strong>ex</strong></span> <span class='ocrx_word' id='word_1_590' title='bbox 873 3985 1162 4041; x_wconf 90' lang='lat' dir='ltr'><strong>Callinices</strong></span> <span class='ocrx_word' id='word_1_591' title='bbox 1194 3985 1336 4040; x_wconf 84' lang='lat' dir='ltr'><strong>ﬁliis.</strong></span> <span class='ocrx_word' id='word_1_592' title='bbox 1379 3985 1477 4041; x_wconf 87' lang='lat' dir='ltr'><strong>llic</strong></span> <span class='ocrx_word' id='word_1_593' title='bbox 1517 3986 1683 4041; x_wconf 84' lang='lat' dir='ltr'><strong>filium</strong></span> <span class='ocrx_word' id='word_1_594' title='bbox 1717 4004 1877 4043; x_wconf 85' lang='lat' dir='ltr'><strong>suum</strong></span> <span class='ocrx_word' id='word_1_595' title='bbox 1936 3987 2155 4061; x_wconf 68' lang='lat' dir='ltr'><strong>Gegnaa-</strong></span> 
     </span>
    </p>
   </div>
   <div class='ocr_carea' id='block_1_77' title="bbox 2261 3985 3856 4063">
    <p class='ocr_par' dir='ltr' id='par_1_77' title="bbox 2262 3988 3856 4063">
     <span class='ocr_line' id='line_1_77' title="bbox 2262 3988 3856 4063; baseline -0.003 -17"><span class='ocrx_word' id='word_1_596' title='bbox 2262 3993 2372 4047; x_wconf 84' lang='grc' dir='ltr'>τῶν</span> <span class='ocrx_word' id='word_1_597' title='bbox 2417 3993 2517 4063; x_wconf 77' lang='grc' dir='ltr'>τῆς</span> <span class='ocrx_word' id='word_1_598' title='bbox 2552 3992 2886 4059; x_wconf 84' lang='grc' dir='ltr'>Καλλινίκης</span> <span class='ocrx_word' id='word_1_599' title='bbox 2940 3990 3051 4059; x_wconf 69' lang='grc'><strong>(54)</strong></span> <span class='ocrx_word' id='word_1_600' title='bbox 3103 3988 3312 4043; x_wconf 89' lang='grc' dir='ltr'>παίδων</span> <span class='ocrx_word' id='word_1_601' title='bbox 3343 3988 3405 4041; x_wconf 87' lang='grc' dir='ltr'><strong>τὸ</strong></span> <span class='ocrx_word' id='word_1_602' title='bbox 3447 3988 3692 4059; x_wconf 78' lang='grc' dir='ltr'>μυσαρὸν</span> <span class='ocrx_word' id='word_1_603' title='bbox 3742 3988 3856 4041; x_wconf 83' lang='grc' dir='ltr'>τῶν</span> 
     </span>
    </p>
   </div>
   <div class='ocr_carea' id='block_1_78' title="bbox 579 4074 2155 4156">
    <p class='ocr_par' dir='ltr' id='par_1_78' title="bbox 579 4077 2155 4151">
     <span class='ocr_line' id='line_1_78' title="bbox 579 4077 2155 4151; baseline 0.001 -17"><span class='ocrx_word' id='word_1_604' title='bbox 579 4082 718 4135; x_wconf 82' lang='lat' dir='ltr'><strong>sium</strong></span> <span class='ocrx_word' id='word_1_605' title='bbox 751 4079 1049 4149; x_wconf 89' lang='lat' dir='ltr'><strong>impietatis</strong></span> <span class='ocrx_word' id='word_1_606' title='bbox 1094 4077 1421 4151; x_wconf 80' lang='lat' dir='ltr'><strong>magistrum</strong></span> <span class='ocrx_word' id='word_1_607' title='bbox 1449 4078 1755 4147; x_wconf 89' lang='lat' dir='ltr'><strong>constituit,</strong></span> <span class='ocrx_word' id='word_1_608' title='bbox 1791 4081 1910 4150; x_wconf 85' lang='lat' dir='ltr'><strong>ejus</strong></span> <span class='ocrx_word' id='word_1_609' title='bbox 1941 4082 2155 4136; x_wconf 88' lang='lat' dir='ltr'><strong>nomine</strong></span> 
     </span>
    </p>
   </div>
   <div class='ocr_carea' id='block_1_79' title="bbox 2261 4074 3855 4156">
    <p class='ocr_par' dir='ltr' id='par_1_79' title="bbox 2261 4074 3855 4156">
     <span class='ocr_line' id='line_1_79' title="bbox 2261 4074 3855 4156; baseline -0.006 -16"><span class='ocrx_word' id='word_1_610' title='bbox 2261 4085 2575 4156; x_wconf 81' lang='grc' dir='ltr'>Μανιχαίων</span> <span class='ocrx_word' id='word_1_611' title='bbox 2604 4084 2756 4146; x_wconf 79' lang='grc' dir='ltr'>ἔθνος</span> <span class='ocrx_word' id='word_1_612' title='bbox 2784 4082 3097 4153; x_wconf 79' lang='grc' dir='ltr'>νομίζουσιν</span> <span class='ocrx_word' id='word_1_613' title='bbox 3132 4080 3268 4153; x_wconf 73' lang='grc'><strong>(55).</strong></span> <span class='ocrx_word' id='word_1_614' title='bbox 3316 4074 3487 4143; x_wconf 71' lang='grc' dir='ltr'>Οὗτος</span> <span class='ocrx_word' id='word_1_615' title='bbox 3526 4080 3617 4133; x_wconf 84' lang='grc' dir='ltr'>τὸν</span> <span class='ocrx_word' id='word_1_616' title='bbox 3651 4077 3855 4132; x_wconf 82' lang='grc' dir='ltr'>ἑαυτοῦ</span> 
     </span>
    </p>
   </div>
   <div class='ocr_carea' id='block_1_80' title="bbox 578 4167 2155 4241">
    <p class='ocr_par' dir='ltr' id='par_1_80' title="bbox 578 4169 2155 4237">
     <span class='ocr_line' id='line_1_80' title="bbox 578 4169 2155 4237; baseline 0.001 -12"><span class='ocrx_word' id='word_1_617' title='bbox 578 4173 634 4226; x_wconf 88' lang='lat' dir='ltr'><strong>in</strong></span> <span class='ocrx_word' id='word_1_618' title='bbox 687 4170 1034 4225; x_wconf 88' lang='lat' dir='ltr'><strong>Timotheum</strong></span> <span class='ocrx_word' id='word_1_619' title='bbox 1073 4178 1432 4225; x_wconf 88' lang='lat' dir='ltr'><strong>commutato.</strong></span> <span class='ocrx_word' id='word_1_620' title='bbox 1490 4169 1610 4237; x_wconf 89' lang='lat' dir='ltr'><strong>Qua</strong></span> <span class='ocrx_word' id='word_1_621' title='bbox 1659 4171 1727 4226; x_wconf 92' lang='lat' dir='ltr'><strong>de</strong></span> <span class='ocrx_word' id='word_1_622' title='bbox 1776 4188 1939 4227; x_wconf 91' lang='lat' dir='ltr'><strong>causa</strong></span> <span class='ocrx_word' id='word_1_623' title='bbox 1995 4172 2155 4227; x_wconf 78' lang='lat' dir='ltr'><strong>frater</strong></span> 
     </span>
    </p>
   </div>
   <div class='ocr_carea' id='block_1_81' title="bbox 2261 4167 3849 4241">
    <p class='ocr_par' dir='ltr' id='par_1_81' title="bbox 2261 4167 3849 4241">
     <span class='ocr_line' id='line_1_81' title="bbox 2261 4167 3849 4241; baseline -0.003 -13"><span class='ocrx_word' id='word_1_624' title='bbox 2261 4175 2365 4228; x_wconf 65' lang='grc' dir='ltr'>δίον</span> <span class='ocrx_word' id='word_1_625' title='bbox 2412 4173 2725 4241; x_wconf 84' lang='grc' dir='ltr'>Γεγναίσιον</span> <span class='ocrx_word' id='word_1_626' title='bbox 2772 4173 2853 4235; x_wconf 83' lang='grc' dir='ltr'><strong>είς</strong></span> <span class='ocrx_word' id='word_1_627' title='bbox 2898 4171 2959 4224; x_wconf 84' lang='grc' dir='ltr'><strong>τὸ</strong></span> <span class='ocrx_word' id='word_1_628' title='bbox 3010 4169 3112 4240; x_wconf 83' lang='grc' dir='ltr'>τῆς</span> <span class='ocrx_word' id='word_1_629' title='bbox 3157 4168 3451 4239; x_wconf 84' lang='grc' dir='ltr'>ἀθεότητος</span> <span class='ocrx_word' id='word_1_630' title='bbox 3517 4167 3849 4237; x_wconf 68' lang='grc' dir='ltr'>προκαθίξει</span> 
     </span>
    </p>
   </div>
   <div class='ocr_carea' id='block_1_82' title="bbox 577 4252 2155 4334">
    <p class='ocr_par' dir='ltr' id='par_1_82' title="bbox 577 4261 2155 4334">
     <span class='ocr_line' id='line_1_82' title="bbox 577 4261 2155 4334; baseline 0.001 -17"><span class='ocrx_word' id='word_1_631' title='bbox 577 4264 699 4334; x_wconf 87' lang='lat' dir='ltr'><strong>ejus</strong></span> <span class='ocrx_word' id='word_1_632' title='bbox 736 4262 939 4318; x_wconf 89' lang='lat' dir='ltr'><strong>invidia</strong></span> <span class='ocrx_word' id='word_1_633' title='bbox 976 4262 1291 4319; x_wconf 87' lang='lat' dir='ltr'><strong>stimulatur</strong></span> <span class='ocrx_word' id='word_1_634' title='bbox 1321 4278 1335 4315; x_wconf 89' lang='lat'><strong>:</strong></span> <span class='ocrx_word' id='word_1_635' title='bbox 1374 4261 1581 4317; x_wconf 87' lang='lat' dir='ltr'><strong>invidia</strong></span> <span class='ocrx_word' id='word_1_636' title='bbox 1619 4272 1800 4317; x_wconf 90' lang='lat' dir='ltr'><strong>autem</strong></span> <span class='ocrx_word' id='word_1_637' title='bbox 1834 4264 2155 4319; x_wconf 87' lang='lat' dir='ltr'><strong>seditionem</strong></span> 
     </span>
    </p>
   </div>
   <div class='ocr_carea' id='block_1_83' title="bbox 2261 4252 3858 4334">
    <p class='ocr_par' dir='ltr' id='par_1_83' title="bbox 2261 4252 3858 4332">
     <span class='ocr_line' id='line_1_83' title="bbox 2261 4252 3858 4332; baseline -0.004 -15"><span class='ocrx_word' id='word_1_638' title='bbox 2261 4262 2644 4329; x_wconf 66' lang='grc' dir='ltr'>διδασκαλεῖον,</span> <span class='ocrx_word' id='word_1_639' title='bbox 2677 4261 3058 4332; x_wconf 83' lang='grc' dir='ltr'>μετονομάσας</span> <span class='ocrx_word' id='word_1_640' title='bbox 3082 4257 3370 4329; x_wconf 87' lang='grc' dir='ltr'>Τιμόθεον.</span> <span class='ocrx_word' id='word_1_641' title='bbox 3414 4257 3505 4325; x_wconf 79' lang='grc' dir='ltr'><strong>Ἐξ</strong></span> <span class='ocrx_word' id='word_1_642' title='bbox 3532 4252 3591 4313; x_wconf 75' lang='grc' dir='ltr'>οὗ</span> <span class='ocrx_word' id='word_1_643' title='bbox 3614 4258 3680 4329; x_wconf 80' lang='grc' dir='ltr'>δὴ</span> <span class='ocrx_word' id='word_1_644' title='bbox 3716 4258 3858 4327; x_wconf 82' lang='grc' dir='ltr'>φθό-</span> 
     </span>
    </p>
   </div>
   <div class='ocr_carea' id='block_1_84' title="bbox 652 4401 1209 4467">
    <p class='ocr_par' dir='ltr' id='par_1_84' title="bbox 652 4401 1209 4467">
     <span class='ocr_line' id='line_1_84' title="bbox 652 4401 1209 4467; baseline -0.013 -5"><span class='ocrx_word' id='word_1_645' title='bbox 652 4407 674 4436; x_wconf 71' lang='grc' dir='ltr'>δ</span> <span class='ocrx_word' id='word_1_646' title='bbox 697 4405 907 4461; x_wconf 81' lang='lat' dir='ltr'><strong>Coloss.</strong></span> <span class='ocrx_word' id='word_1_647' title='bbox 940 4420 980 4467; x_wconf 87' lang='grc' dir='ltr'><strong>ι,</strong></span> <span class='ocrx_word' id='word_1_648' title='bbox 1022 4401 1209 4456; x_wconf 72' lang='lat' dir='ltr'><strong>iii-l8.</strong></span> 
     </span>
    </p>
   </div>
   <div class='ocr_carea' id='block_1_85' title="bbox 1706 4514 2747 4573">
    <p class='ocr_par' dir='ltr' id='par_1_85' title="bbox 1706 4514 2747 4573">
     <span class='ocr_line' id='line_1_85' title="bbox 1706 4514 2747 4573; baseline -0.001 -2"><span class='ocrx_word' id='word_1_649' title='bbox 1706 4515 1938 4571; x_wconf 69' lang='lat' dir='ltr'><strong>VARIAS</strong></span> <span class='ocrx_word' id='word_1_650' title='bbox 1972 4514 2352 4573; x_wconf 83' lang='lat' dir='ltr'><strong>LECTIONES</strong></span> <span class='ocrx_word' id='word_1_651' title='bbox 2384 4515 2472 4571; x_wconf 84' lang='lat' dir='ltr'><strong>ET</strong></span> <span class='ocrx_word' id='word_1_652' title='bbox 2512 4514 2747 4572; x_wconf 67' lang='lat' dir='ltr'><strong>NOTAE.</strong></span> 
     </span>
    </p>
   </div>
   <div class='ocr_carea' id='block_1_86' title="bbox 655 4649 2155 4729">
    <p class='ocr_par' dir='ltr' id='par_1_86' title="bbox 655 4654 2155 4729">
     <span class='ocr_line' id='line_1_86' title="bbox 655 4654 2155 4729; baseline -0.004 -14"><span class='ocrx_word' id='word_1_653' title='bbox 655 4660 765 4729; x_wconf 70' lang='grc'><strong>(46)</strong></span> <span class='ocrx_word' id='word_1_654' title='bbox 799 4657 1041 4729; x_wconf 58' lang='lat' dir='ltr'><strong>eam.</strong></span> <span class='ocrx_word' id='word_1_655' title='bbox 1072 4655 1338 4729; x_wconf 83' lang='lat' dir='ltr'><strong>lta__r_nalo</strong></span> <span class='ocrx_word' id='word_1_656' title='bbox 1380 4670 1504 4729; x_wconf 81' lang='lat' dir='ltr'><strong>cum</strong></span> <span class='ocrx_word' id='word_1_657' title='bbox 1548 4654 1769 4729; x_wconf 83' lang='lat' dir='ltr'><strong>Nostro,</strong></span> <span class='ocrx_word' id='word_1_658' title='bbox 1800 4672 1965 4727; x_wconf 89' lang='lat' dir='ltr'><strong>quam</strong></span> <span class='ocrx_word' id='word_1_659' title='bbox 1995 4656 2155 4710; x_wconf 79' lang='grc' dir='ltr'>αὑτὸν</span> 
     </span>
    </p>
   </div>
   <div class='ocr_carea' id='block_1_87' title="bbox 2261 4649 3858 4729">
    <p class='ocr_par' dir='ltr' id='par_1_87' title="bbox 2306 4649 3858 4729">
     <span class='ocr_line' id='line_1_87' title="bbox 2306 4649 3858 4729; baseline -0.007 -16"><span class='ocrx_word' id='word_1_660' title='bbox 2306 4655 2449 4729; x_wconf 64' lang='grc'><strong>(52)</strong></span> <span class='ocrx_word' id='word_1_661' title='bbox 2475 4656 2857 4729; x_wconf 66' lang='grc' dir='ltr'><strong>ΔΓεγνινσοιίοίοιξ.</strong></span> <span class='ocrx_word' id='word_1_662' title='bbox 2896 4652 3088 4707; x_wconf 83' lang='lat' dir='ltr'><strong>Petrus</strong></span> <span class='ocrx_word' id='word_1_663' title='bbox 3126 4650 3363 4729; x_wconf 80' lang='lat' dir='ltr'><strong>Siculus,</strong></span> <span class='ocrx_word' id='word_1_664' title='bbox 3396 4650 3525 4729; x_wconf 84' lang='lat' dir='ltr'><strong>l._c.</strong></span> <span class='ocrx_word' id='word_1_665' title='bbox 3563 4649 3858 4716; x_wconf 83' lang='grc' dir='ltr'>Γεγνέσιος</span> 
     </span>
    </p>
   </div>
   <div class='ocr_carea' id='block_1_88' title="bbox 579 4724 2162 4796">
    <p class='ocr_par' dir='ltr' id='par_1_88' title="bbox 579 4724 2162 4796">
     <span class='ocr_line' id='line_1_88' title="bbox 579 4724 2162 4796; baseline -0.005 -10"><span class='ocrx_word' id='word_1_666' title='bbox 579 4724 703 4787; x_wconf 72' lang='lat' dir='ltr'><strong>cuin</strong></span> <span class='ocrx_word' id='word_1_667' title='bbox 748 4724 1106 4782; x_wconf 76' lang='lat' dir='ltr'><strong>Coisliniano.</strong></span> <span class='ocrx_word' id='word_1_668' title='bbox 1158 4724 1259 4796; x_wconf 81' lang='lat' dir='ltr'><strong>Hie</strong></span> <span class='ocrx_word' id='word_1_669' title='bbox 1307 4725 1451 4779; x_wconf 90' lang='lat' dir='ltr'><strong>enim</strong></span> <span class='ocrx_word' id='word_1_670' title='bbox 1506 4724 1999 4796; x_wconf 53' lang='lat' dir='ltr'><strong>palmarius&#39;error</strong></span> <span class='ocrx_word' id='word_1_671' title='bbox 2045 4736 2162 4780; x_wconf 89' lang='lat' dir='ltr'><strong>erat</strong></span> 
     </span>
    </p>
   </div>
   <div class='ocr_carea' id='block_1_89' title="bbox 578 4795 2163 4864">
    <p class='ocr_par' dir='ltr' id='par_1_89' title="bbox 578 4795 2163 4864">
     <span class='ocr_line' id='line_1_89' title="bbox 578 4795 2163 4864; baseline -0.004 -8"><span class='ocrx_word' id='word_1_672' title='bbox 578 4801 1000 4857; x_wconf 65' lang='lat' dir='ltr'><strong>Manichaaorum</strong></span> <span class='ocrx_word' id='word_1_673' title='bbox 1027 4836 1042 4860; x_wconf 91' lang='lat'><strong>,</strong></span> <span class='ocrx_word' id='word_1_674' title='bbox 1070 4795 1217 4864; x_wconf 87' lang='lat' dir='ltr'><strong>quod</strong></span> <span class='ocrx_word' id='word_1_675' title='bbox 1248 4811 1351 4847; x_wconf 90' lang='lat' dir='ltr'><strong>non</strong></span> <span class='ocrx_word' id='word_1_676' title='bbox 1393 4795 1631 4851; x_wconf 81' lang='lat' dir='ltr'><strong>eumdem</strong></span> <span class='ocrx_word' id='word_1_677' title='bbox 1672 4799 2009 4853; x_wconf 88' lang='lat' dir='ltr'><strong>conditorem</strong></span> <span class='ocrx_word' id='word_1_678' title='bbox 2038 4797 2163 4850; x_wconf 72' lang='grc' dir='ltr'>οωιὶ</span> 
     </span>
    </p>
   </div>
   <div class='ocr_carea' id='block_1_90' title="bbox 579 4864 2166 4937">
    <p class='ocr_par' dir='ltr' id='par_1_90' title="bbox 579 4864 2166 4937">
     <span class='ocr_line' id='line_1_90' title="bbox 579 4864 2166 4937; baseline -0.006 -11"><span class='ocrx_word' id='word_1_679' title='bbox 579 4882 636 4926; x_wconf 73' lang='lat' dir='ltr'><strong>et</strong></span> <span class='ocrx_word' id='word_1_680' title='bbox 666 4882 848 4931; x_wconf 81' lang='lat' dir='ltr'><strong>teme,</strong></span> <span class='ocrx_word' id='word_1_681' title='bbox 881 4882 1049 4937; x_wconf 87' lang='lat' dir='ltr'><strong>quam</strong></span> <span class='ocrx_word' id='word_1_682' title='bbox 1081 4868 1298 4920; x_wconf 80' lang='lat' dir='ltr'><strong>Patrem</strong></span> <span class='ocrx_word' id='word_1_683' title='bbox 1319 4864 1535 4937; x_wconf 85' lang='lat' dir='ltr'><strong>_C|iristi</strong></span> <span class='ocrx_word' id='word_1_684' title='bbox 1557 4907 1572 4931; x_wconf 92' lang='lat'><strong>,</strong></span> <span class='ocrx_word' id='word_1_685' title='bbox 1603 4868 1893 4937; x_wconf 82' lang='lat' dir='ltr'><strong>crederent</strong></span> <span class='ocrx_word' id='word_1_686' title='bbox 1920 4878 1974 4920; x_wconf 90' lang='lat' dir='ltr'><strong>et</strong></span> <span class='ocrx_word' id='word_1_687' title='bbox 2002 4866 2166 4937; x_wconf 37' lang='lat' dir='ltr'><strong>proli:</strong></span> 
     </span>
    </p>
   </div>
   <div class='ocr_carea' id='block_1_91' title="bbox 898 4934 2680 5007">
    <p class='ocr_par' dir='ltr' id='par_1_91' title="bbox 898 4934 2680 5007">
     <span class='ocr_line' id='line_1_91' title="bbox 898 4934 2680 5007; baseline -0.002 -16"><span class='ocrx_word' id='word_1_688' title='bbox 898 4934 1046 5007; x_wconf 81' lang='lat' dir='ltr'><strong>quod</strong></span> <span class='ocrx_word' id='word_1_689' title='bbox 1090 4943 1273 4991; x_wconf 87' lang='lat' dir='ltr'><strong>tamen</strong></span> <span class='ocrx_word' id='word_1_690' title='bbox 1312 4934 1503 4991; x_wconf 79' lang='lat' dir='ltr'><strong>Justus</strong></span> <span class='ocrx_word' id='word_1_691' title='bbox 1535 4937 1591 4991; x_wconf 89' lang='lat' dir='ltr'><strong>vi</strong></span> <span class='ocrx_word' id='word_1_692' title='bbox 1621 4936 1755 4992; x_wconf 87' lang='lat' dir='ltr'><strong>dicti</strong></span> <span class='ocrx_word' id='word_1_693' title='bbox 1801 4938 2011 4993; x_wconf 84' lang='lat' dir='ltr'><strong>Paulini</strong></span> <span class='ocrx_word' id='word_1_694' title='bbox 2048 4935 2166 4991; x_wconf 79' lang='lat' dir='ltr'><strong>fieri</strong></span> <span class='ocrx_word' id='word_1_695' title='bbox 2266 4938 2458 4993; x_wconf 88' lang='lat' dir='ltr'><strong>eodem</strong></span> <span class='ocrx_word' id='word_1_696' title='bbox 2493 4952 2680 4991; x_wconf 87' lang='lat' dir='ltr'><strong>sensu.</strong></span> 
     </span>
    </p>
   </div>
   <div class='ocr_carea' id='block_1_92' title="bbox 582 4950 863 5003">
    <p class='ocr_par' dir='ltr' id='par_1_92' title="bbox 582 4950 863 5003">
     <span class='ocr_line' id='line_1_92' title="bbox 582 4950 863 5003; baseline -0.004 -9"><span class='ocrx_word' id='word_1_697' title='bbox 582 4950 829 4995; x_wconf 72' lang='lat' dir='ltr'><strong>terentur</strong></span> <span class='ocrx_word' id='word_1_698' title='bbox 849 4979 863 5003; x_wconf 94' lang='lat'><strong>,</strong></span> 
     </span>
    </p>
   </div>
   <div class='ocr_carea' id='block_1_93' title="bbox 582 5008 1054 5067">
    <p class='ocr_par' dir='ltr' id='par_1_93' title="bbox 582 5008 1054 5067">
     <span class='ocr_line' id='line_1_93' title="bbox 582 5008 1054 5067; baseline -0.019 0"><span class='ocrx_word' id='word_1_699' title='bbox 582 5012 782 5067; x_wconf 87' lang='lat' dir='ltr'><strong>debere</strong></span> <span class='ocrx_word' id='word_1_700' title='bbox 814 5008 1054 5062; x_wconf 84' lang='lat' dir='ltr'><strong>videbat.</strong></span> 
     </span>
    </p>
   </div>
   <div class='ocr_carea' id='block_1_94' title="bbox 655 5076 2026 5149">
    <p class='ocr_par' dir='ltr' id='par_1_94' title="bbox 655 5076 2026 5149">
     <span class='ocr_line' id='line_1_94' title="bbox 655 5076 2026 5149; baseline -0.003 -15"><span class='ocrx_word' id='word_1_701' title='bbox 655 5080 765 5147; x_wconf 67' lang='grc'><strong>(47)</strong></span> <span class='ocrx_word' id='word_1_702' title='bbox 798 5077 983 5145; x_wconf 83' lang='grc' dir='ltr'>Παρά.</span> <span class='ocrx_word' id='word_1_703' title='bbox 1006 5077 1080 5130; x_wconf 87' lang='lat' dir='ltr'><strong>lta</strong></span> <span class='ocrx_word' id='word_1_704' title='bbox 1112 5085 1259 5149; x_wconf 83' lang='lat' dir='ltr'><strong>recte</strong></span> <span class='ocrx_word' id='word_1_705' title='bbox 1292 5076 1628 5149; x_wconf 17' lang='lat' dir='ltr'><strong>C0islin.,iat</strong></span> <span class='ocrx_word' id='word_1_706' title='bbox 1655 5077 1847 5134; x_wconf 89' lang='lat' dir='ltr'><strong>Noster</strong></span> <span class='ocrx_word' id='word_1_707' title='bbox 1878 5076 2026 5149; x_wconf 83' lang='grc' dir='ltr'>περί.</span> 
     </span>
    </p>
   </div>
   <div class='ocr_carea' id='block_1_95' title="bbox 655 5146 2160 5220">
    <p class='ocr_par' dir='ltr' id='par_1_95' title="bbox 655 5146 2160 5220">
     <span class='ocr_line' id='line_1_95' title="bbox 655 5146 2160 5220; baseline -0.004 -16"><span class='ocrx_word' id='word_1_708' title='bbox 655 5146 768 5219; x_wconf 70' lang='grc'><strong>(48)</strong></span> <span class='ocrx_word' id='word_1_709' title='bbox 806 5146 1317 5220; x_wconf 47' lang='grc' dir='ltr'>Ἁμετιιμελήτωρ</span> <span class='ocrx_word' id='word_1_710' title='bbox 1342 5148 1512 5220; x_wconf 31' lang='grc' dir='ltr'>Ιισηεξ</span> <span class='ocrx_word' id='word_1_711' title='bbox 1553 5148 1768 5220; x_wconf 80' lang='lat' dir='ltr'><strong>Nostro,</strong></span> <span class='ocrx_word' id='word_1_712' title='bbox 1822 5167 1922 5220; x_wconf 88' lang='lat' dir='ltr'><strong>pro</strong></span> <span class='ocrx_word' id='word_1_713' title='bbox 1952 5146 2160 5220; x_wconf 75' lang='grc' dir='ltr'>άμετα-</span> 
     </span>
    </p>
   </div>
   <div class='ocr_carea' id='block_1_96' title="bbox 587 5216 2163 5291">
    <p class='ocr_par' dir='ltr' id='par_1_96' title="bbox 587 5216 2163 5291">
     <span class='ocr_line' id='line_1_96' title="bbox 587 5216 2163 5291; baseline 0.001 -17"><span class='ocrx_word' id='word_1_714' title='bbox 587 5216 855 5291; x_wconf 51' lang='lat' dir='ltr'><strong>uentos;</strong></span> <span class='ocrx_word' id='word_1_715' title='bbox 893 5218 1041 5291; x_wconf 89' lang='lat' dir='ltr'><strong>quod</strong></span> <span class='ocrx_word' id='word_1_716' title='bbox 1074 5218 1241 5272; x_wconf 89' lang='lat' dir='ltr'><strong>habet</strong></span> <span class='ocrx_word' id='word_1_717' title='bbox 1280 5216 1666 5274; x_wconf 87' lang='lat' dir='ltr'><strong>Coislinianus.</strong></span> <span class='ocrx_word' id='word_1_718' title='bbox 1699 5216 1921 5276; x_wconf 82' lang='lat' dir='ltr'><strong>Phrasis</strong></span> <span class='ocrx_word' id='word_1_719' title='bbox 1959 5216 2163 5275; x_wconf 68' lang='lat' dir='ltr'><strong>Graecis</strong></span> 
     </span>
    </p>
   </div>
   <div class='ocr_carea' id='block_1_97' title="bbox 584 5289 993 5363">
    <p class='ocr_par' dir='ltr' id='par_1_97' title="bbox 584 5289 993 5363">
     <span class='ocr_line' id='line_1_97' title="bbox 584 5289 993 5363; baseline -0.007 -17"><span class='ocrx_word' id='word_1_720' title='bbox 584 5289 993 5363; x_wconf 80' lang='lat' dir='ltr'><strong>perfamiliaris.</strong></span> 
     </span>
    </p>
   </div>
   <div class='ocr_carea' id='block_1_98' title="bbox 658 5358 1724 5431">
    <p class='ocr_par' dir='ltr' id='par_1_98' title="bbox 658 5358 1724 5431">
     <span class='ocr_line' id='line_1_98' title="bbox 658 5358 1724 5431; baseline -0.002 -15"><span class='ocrx_word' id='word_1_721' title='bbox 658 5362 771 5431; x_wconf 71' lang='lat'><strong>(49)</strong></span> <span class='ocrx_word' id='word_1_722' title='bbox 800 5358 932 5413; x_wconf 83' lang='lat' dir='ltr'><strong>Kal.</strong></span> <span class='ocrx_word' id='word_1_723' title='bbox 966 5358 1190 5431; x_wconf 66' lang='lat' dir='ltr'><strong>flectitis</strong></span> <span class='ocrx_word' id='word_1_724' title='bbox 1213 5375 1323 5431; x_wconf 87' lang='lat' dir='ltr'><strong>non</strong></span> <span class='ocrx_word' id='word_1_725' title='bbox 1349 5359 1593 5431; x_wconf 83' lang='lat' dir='ltr'><strong>agnoscit</strong></span> <span class='ocrx_word' id='word_1_726' title='bbox 1621 5375 1724 5431; x_wconf 82' lang='lat' dir='ltr'><strong>ms.</strong></span> 
     </span>
    </p>
   </div>
   <div class='ocr_carea' id='block_1_99' title="bbox 659 5429 2162 5503">
    <p class='ocr_par' dir='ltr' id='par_1_99' title="bbox 659 5429 2162 5503">
     <span class='ocr_line' id='line_1_99' title="bbox 659 5429 2162 5503; baseline 0.002 -17"><span class='ocrx_word' id='word_1_727' title='bbox 659 5429 772 5503; x_wconf 72' lang='lat'><strong>(59)</strong></span> <span class='ocrx_word' id='word_1_728' title='bbox 813 5429 1232 5503; x_wconf 66' lang='grc' dir='ltr'>Περιέποιςτας.</span> <span class='ocrx_word' id='word_1_729' title='bbox 1268 5429 1343 5484; x_wconf 86' lang='lat' dir='ltr'><strong>Ita</strong></span> <span class='ocrx_word' id='word_1_730' title='bbox 1386 5429 1591 5503; x_wconf 81' lang='lat' dir='ltr'><strong>optime</strong></span> <span class='ocrx_word' id='word_1_731' title='bbox 1620 5430 2020 5503; x_wconf 69' lang='lat' dir='ltr'><strong>Cgislinianus.</strong></span> <span class='ocrx_word' id='word_1_732' title='bbox 2062 5450 2162 5503; x_wconf 90' lang='lat' dir='ltr'><strong>pro</strong></span> 
     </span>
    </p>
   </div>
   <div class='ocr_carea' id='block_1_100' title="bbox 584 5451 2162 5585">
    <p class='ocr_par' dir='ltr' id='par_1_100' title="bbox 584 5451 2162 5585">
     <span class='ocr_line' id='line_1_100' title="bbox 659 5451 2162 5503; baseline 0.004 -20"><span class='ocrx_word' id='word_1_733' title='bbox 659 5451 772 5503; x_wconf 72' lang='grc' dir='ltr'><strong>(ου)</strong></span> <span class='ocrx_word' id='word_1_734' title='bbox 813 5451 1232 5494; x_wconf 78' lang='grc' dir='ltr'>ιιεριεποντας.</span> <span class='ocrx_word' id='word_1_735' title='bbox 1268 5451 1343 5484; x_wconf 77' lang='lat' dir='ltr'><strong>Ita</strong></span> <span class='ocrx_word' id='word_1_736' title='bbox 1386 5451 1591 5499; x_wconf 83' lang='lat' dir='ltr'><strong>opume</strong></span> <span class='ocrx_word' id='word_1_737' title='bbox 1620 5451 2020 5495; x_wconf 76' lang='lat' dir='ltr'><strong>wlsuntanus,</strong></span> <span class='ocrx_word' id='word_1_738' title='bbox 2103 5451 2162 5489; x_wconf 90' lang='lat' dir='ltr'><strong>ro</strong></span> 
     </span>
     <span class='ocr_line' id='line_1_101' title="bbox 584 5451 2162 5585; baseline 0.004 -30"><span class='ocrx_word' id='word_1_739' title='bbox 584 5518 697 5585; x_wconf 74' lang='lat' dir='ltr'><strong>quo</strong></span> <span class='ocrx_word' id='word_1_740' title='bbox 718 5498 913 5580; x_wconf 76' lang='lat' dir='ltr'><strong>Noster</strong></span> <span class='ocrx_word' id='word_1_741' title='bbox 941 5499 1199 5554; x_wconf 90' lang='lat' dir='ltr'><strong>mendose</strong></span> <span class='ocrx_word' id='word_1_742' title='bbox 1220 5500 1634 5585; x_wconf 79' lang='grc' dir='ltr'>περιπεσόντας.</span> <span class='ocrx_word' id='word_1_743' title='bbox 1659 5500 1993 5572; x_wconf 86' lang='lat' dir='ltr'><strong>Frequenter</strong></span> <span class='ocrx_word' id='word_1_744' title='bbox 2016 5451 2162 5561; x_wconf 69' lang='grc' dir='ltr'><strong>ΡΕο-</strong></span> 
     </span>
    </p>
   </div>
   <div class='ocr_carea' id='block_1_101' title="bbox 588 5580 1359 5642">
    <p class='ocr_par' dir='ltr' id='par_1_101' title="bbox 588 5580 1359 5642">
     <span class='ocr_line' id='line_1_102' title="bbox 588 5580 1359 5642; baseline -0.006 -12"><span class='ocrx_word' id='word_1_745' title='bbox 588 5580 700 5630; x_wconf 85' lang='lat' dir='ltr'><strong>tius</strong></span> <span class='ocrx_word' id='word_1_746' title='bbox 736 5585 901 5642; x_wconf 74' lang='lat' dir='ltr'><strong>prl_0l‘l</strong></span> <span class='ocrx_word' id='word_1_747' title='bbox 934 5585 1065 5642; x_wconf 77' lang='lat' dir='ltr'><strong>voce</strong></span> <span class='ocrx_word' id='word_1_748' title='bbox 1093 5585 1226 5642; x_wconf 76' lang='lat' dir='ltr'><strong>usus</strong></span> <span class='ocrx_word' id='word_1_749' title='bbox 1255 5580 1359 5626; x_wconf 85' lang='lat' dir='ltr'><strong>est.</strong></span> 
     </span>
    </p>
   </div>
   <div class='ocr_carea' id='block_1_102' title="bbox 661 5632 2161 5712">
    <p class='ocr_par' dir='ltr' id='par_1_102' title="bbox 661 5632 2161 5712">
     <span class='ocr_line' id='line_1_103' title="bbox 661 5632 2161 5712; baseline 0.01 -26"><span class='ocrx_word' id='word_1_750' title='bbox 661 5632 771 5712; x_wconf 67' lang='grc' dir='ltr'><strong>(δι’)</strong></span> <span class='ocrx_word' id='word_1_751' title='bbox 806 5632 937 5694; x_wconf 80' lang='grc' dir='ltr'><strong>Ὦν.</strong></span> <span class='ocrx_word' id='word_1_752' title='bbox 995 5639 1086 5712; x_wconf 76' lang='lat' dir='ltr'><strong>Ita</strong></span> <span class='ocrx_word' id='word_1_753' title='bbox 1116 5639 1314 5712; x_wconf 83' lang='lat' dir='ltr'><strong>Noster</strong></span> <span class='ocrx_word' id='word_1_754' title='bbox 1354 5657 1453 5712; x_wconf 90' lang='lat' dir='ltr'><strong>pro</strong></span> <span class='ocrx_word' id='word_1_755' title='bbox 1490 5640 1567 5694; x_wconf 80' lang='grc' dir='ltr'>ὢν</span> <span class='ocrx_word' id='word_1_756' title='bbox 1607 5641 1958 5699; x_wconf 89' lang='lat' dir='ltr'><strong>Coisliniano.</strong></span> <span class='ocrx_word' id='word_1_757' title='bbox 2002 5644 2161 5712; x_wconf 71' lang='lat' dir='ltr'><strong>prius</strong></span> 
     </span>
    </p>
   </div>
   <div class='ocr_carea' id='block_1_103' title="bbox 589 5707 2158 5781">
    <p class='ocr_par' dir='ltr' id='par_1_103' title="bbox 589 5707 2158 5781">
     <span class='ocr_line' id='line_1_104' title="bbox 589 5707 2158 5781; baseline -0.001 -12"><span class='ocrx_word' id='word_1_758' title='bbox 589 5707 739 5770; x_wconf 73' lang='lat' dir='ltr'><strong>certe</strong></span> <span class='ocrx_word' id='word_1_759' title='bbox 754 5707 932 5781; x_wconf 80' lang='lat' dir='ltr'><strong>magis</strong></span> <span class='ocrx_word' id='word_1_760' title='bbox 951 5710 1201 5780; x_wconf 90' lang='lat' dir='ltr'><strong>quadrat,</strong></span> <span class='ocrx_word' id='word_1_761' title='bbox 1224 5707 1571 5767; x_wconf 76' lang='lat' dir='ltr'><strong>referendum</strong></span> <span class='ocrx_word' id='word_1_762' title='bbox 1600 5713 1809 5768; x_wconf 89' lang='lat' dir='ltr'><strong>scilicet</strong></span> <span class='ocrx_word' id='word_1_763' title='bbox 1832 5714 1899 5769; x_wconf 85' lang='lat' dir='ltr'><strong>ad</strong></span> <span class='ocrx_word' id='word_1_764' title='bbox 1929 5707 2158 5776; x_wconf 64' lang='lat' dir='ltr'><strong>nudam,</strong></span> 
     </span>
    </p>
   </div>
   <div class='ocr_carea' id='block_1_104' title="bbox 590 5783 2159 5858">
    <p class='ocr_par' dir='ltr' id='par_1_104' title="bbox 590 5783 2159 5858">
     <span class='ocr_line' id='line_1_105' title="bbox 590 5783 2159 5858; baseline 0.001 -20"><span class='ocrx_word' id='word_1_765' title='bbox 590 5800 749 5858; x_wconf 76' lang='lat' dir='ltr'><strong>quam</strong></span> <span class='ocrx_word' id='word_1_766' title='bbox 794 5784 1083 5858; x_wconf 76' lang='lat' dir='ltr'><strong>posterius,</strong></span> <span class='ocrx_word' id='word_1_767' title='bbox 1117 5783 1259 5858; x_wconf 86' lang='lat' dir='ltr'><strong>quod</strong></span> <span class='ocrx_word' id='word_1_768' title='bbox 1301 5783 1597 5852; x_wconf 86' lang='lat' dir='ltr'><strong>pertineret</strong></span> <span class='ocrx_word' id='word_1_769' title='bbox 1626 5783 1691 5836; x_wconf 90' lang='lat' dir='ltr'><strong>ad</strong></span> <span class='ocrx_word' id='word_1_770' title='bbox 1728 5787 1933 5858; x_wconf 78' lang='grc' dir='ltr'>πατήρ.</span> <span class='ocrx_word' id='word_1_771' title='bbox 1966 5786 2159 5843; x_wconf 84' lang='lat' dir='ltr'><strong>Petrus</strong></span> 
     </span>
    </p>
   </div>
   <div class='ocr_carea' id='block_1_105' title="bbox 594 5853 1846 5924">
    <p class='ocr_par' dir='ltr' id='par_1_105' title="bbox 594 5853 1846 5924">
     <span class='ocr_line' id='line_1_106' title="bbox 594 5853 1846 5924; baseline -0.002 -12"><span class='ocrx_word' id='word_1_772' title='bbox 594 5853 809 5912; x_wconf 79' lang='lat' dir='ltr'><strong>Siculus</strong></span> <span class='ocrx_word' id='word_1_773' title='bbox 848 5853 1041 5910; x_wconf 87' lang='lat' dir='ltr'><strong>astruit</strong></span> <span class='ocrx_word' id='word_1_774' title='bbox 1065 5853 1352 5911; x_wconf 86' lang='lat' dir='ltr'><strong>lectionem</strong></span> <span class='ocrx_word' id='word_1_775' title='bbox 1380 5864 1639 5919; x_wconf 89' lang='lat' dir='ltr'><strong>nostram,</strong></span> <span class='ocrx_word' id='word_1_776' title='bbox 1670 5870 1723 5924; x_wconf 83' lang='lat' dir='ltr'><strong>p.</strong></span> <span class='ocrx_word' id='word_1_777' title='bbox 1758 5854 1846 5910; x_wconf 74' lang='lat'><strong>48.</strong></span> 
     </span>
    </p>
   </div>
   <div class='ocr_carea' id='block_1_106' title="bbox 2267 4721 3651 4791">
    <p class='ocr_par' dir='ltr' id='par_1_106' title="bbox 2267 4721 3651 4791">
     <span class='ocr_line' id='line_1_107' title="bbox 2267 4721 3651 4791; baseline -0.007 -9"><span class='ocrx_word' id='word_1_778' title='bbox 2267 4721 2599 4782; x_wconf 75' lang='lat' dir='ltr'><strong>obsimilein</strong></span> <span class='ocrx_word' id='word_1_779' title='bbox 2627 4729 2685 4776; x_wconf 70' lang='grc' dir='ltr'><strong>το</strong></span> <span class='ocrx_word' id='word_1_780' title='bbox 2710 4743 2766 4777; x_wconf 90' lang='grc' dir='ltr'><strong>αι</strong></span> <span class='ocrx_word' id='word_1_781' title='bbox 2796 4734 2850 4778; x_wconf 88' lang='lat' dir='ltr'><strong>et</strong></span> <span class='ocrx_word' id='word_1_782' title='bbox 2873 4741 2897 4774; x_wconf 92' lang='grc' dir='ltr'><strong>ε</strong></span> <span class='ocrx_word' id='word_1_783' title='bbox 2934 4722 3323 4791; x_wconf 81' lang='lat' dir='ltr'><strong>pronuntiandi</strong></span> <span class='ocrx_word' id='word_1_784' title='bbox 3364 4721 3651 4774; x_wconf 88' lang='lat' dir='ltr'><strong>rationem.</strong></span> 
     </span>
    </p>
   </div>
   <div class='ocr_carea' id='block_1_107' title="bbox 2337 4787 3860 4868">
    <p class='ocr_par' dir='ltr' id='par_1_107' title="bbox 2337 4787 3860 4868">
     <span class='ocr_line' id='line_1_108' title="bbox 2337 4787 3860 4868; baseline -0.008 -17"><span class='ocrx_word' id='word_1_785' title='bbox 2337 4792 2916 4868; x_wconf 18' lang='lat' dir='ltr'><strong>(55)_AAlatSt_6de:It8t.</strong></span> <span class='ocrx_word' id='word_1_786' title='bbox 2935 4787 2947 4791; x_wconf 78' lang='grc'><em>’</em></span> <span class='ocrx_word' id='word_1_787' title='bbox 2967 4793 3273 4868; x_wconf 67' lang='lat' dir='ltr'><strong>ItaNoster</strong></span> <span class='ocrx_word' id='word_1_788' title='bbox 3302 4806 3401 4868; x_wconf 78' lang='lat' dir='ltr'><strong>pro</strong></span> <span class='ocrx_word' id='word_1_789' title='bbox 3426 4791 3713 4868; x_wconf 33' lang='lat' dir='ltr'><strong>napaeas.</strong></span> <span class='ocrx_word' id='word_1_790' title='bbox 3745 4787 3860 4840; x_wconf 83' lang='lat' dir='ltr'><strong>Co-</strong></span> 
     </span>
    </p>
   </div>
   <div class='ocr_carea' id='block_1_108' title="bbox 2263 4860 3858 4929">
    <p class='ocr_par' dir='ltr' id='par_1_108' title="bbox 2263 4860 3858 4929">
     <span class='ocr_line' id='line_1_109' title="bbox 2263 4860 3858 4929; baseline -0.009 -6"><span class='ocrx_word' id='word_1_791' title='bbox 2263 4860 2750 4923; x_wconf 75' lang='lat' dir='ltr'><strong>dicis.Coisliniani</strong></span> <span class='ocrx_word' id='word_1_792' title='bbox 2779 4864 2974 4917; x_wconf 81' lang='lat' dir='ltr'><strong>Petrus</strong></span> <span class='ocrx_word' id='word_1_793' title='bbox 3013 4863 3233 4916; x_wconf 82' lang='lat' dir='ltr'><strong>Siculus</strong></span> <span class='ocrx_word' id='word_1_794' title='bbox 3261 4862 3427 4915; x_wconf 89' lang='lat' dir='ltr'><strong>habet</strong></span> <span class='ocrx_word' id='word_1_795' title='bbox 3458 4860 3858 4929; x_wconf 82' lang='grc' dir='ltr'>ἀποδιδράσκει</span> 
     </span>
    </p>
   </div>
   <div class='ocr_carea' id='block_1_109' title="bbox 2340 4996 3858 5076">
    <p class='ocr_par' dir='ltr' id='par_1_109' title="bbox 2340 4996 3858 5076">
     <span class='ocr_line' id='line_1_110' title="bbox 2340 4996 3858 5076; baseline -0.007 -14"><span class='ocrx_word' id='word_1_796' title='bbox 2340 5008 2452 5076; x_wconf 68' lang='grc'><strong>(54)</strong></span> <span class='ocrx_word' id='word_1_797' title='bbox 2490 5004 2882 5070; x_wconf 51' lang='grc' dir='ltr'>Καλλινίκης.</span> <span class='ocrx_word' id='word_1_798' title='bbox 2926 5002 3003 5056; x_wconf 89' lang='lat' dir='ltr'><strong>De</strong></span> <span class='ocrx_word' id='word_1_799' title='bbox 3051 5000 3216 5072; x_wconf 85' lang='lat' dir='ltr'><strong>hujus</strong></span> <span class='ocrx_word' id='word_1_800' title='bbox 3248 4999 3374 5055; x_wconf 85' lang='lat' dir='ltr'><strong>[iliis</strong></span> <span class='ocrx_word' id='word_1_801' title='bbox 3403 4998 3526 5053; x_wconf 85' lang='lat' dir='ltr'><strong>vide</strong></span> <span class='ocrx_word' id='word_1_802' title='bbox 3574 5014 3738 5068; x_wconf 87' lang='lat' dir='ltr'><strong>supra</strong></span> <span class='ocrx_word' id='word_1_803' title='bbox 3770 4996 3858 5065; x_wconf 64' lang='grc' dir='ltr'>,θα</span> 
     </span>
    </p>
   </div>
   <div class='ocr_carea' id='block_1_110' title="bbox 2270 5076 3855 5216">
    <p class='ocr_par' dir='ltr' id='par_1_110' title="bbox 2270 5076 3855 5216">
     <span class='ocr_line' id='line_1_111' title="bbox 2270 5076 3855 5216; baseline -0.008 -14"><span class='ocrx_word' id='word_1_804' title='bbox 2270 5076 2298 5148; x_wconf 72' lang='lat'>§</span> <span class='ocrx_word' id='word_1_805' title='bbox 2325 5077 2447 5215; x_wconf 57' lang='grc' dir='ltr'><strong>ῗέὶῦ)</strong></span> <span class='ocrx_word' id='word_1_806' title='bbox 2490 5144 2836 5212; x_wconf 62' lang='lat' dir='ltr'><strong>May-(xulem</strong></span> <span class='ocrx_word' id='word_1_807' title='bbox 2861 5142 3057 5206; x_wconf 78' lang='grc' dir='ltr'>ἔθνος.</span> <span class='ocrx_word' id='word_1_808' title='bbox 3089 5140 3446 5216; x_wconf 70' lang='lat' dir='ltr'><strong>Becentiores</strong></span> <span class='ocrx_word' id='word_1_809' title='bbox 3475 5136 3808 5216; x_wconf 70' lang='lat' dir='ltr'><strong>scili_cet__illi</strong></span> <span class='ocrx_word' id='word_1_810' title='bbox 3839 5176 3855 5197; x_wconf 85' lang='lat'><strong>.</strong></span> 
     </span>
    </p>
   </div>
   <div class='ocr_carea' id='block_1_111' title="bbox 2301 5206 3857 5281">
    <p class='ocr_par' dir='ltr' id='par_1_111' title="bbox 2301 5206 3857 5281">
     <span class='ocr_line' id='line_1_112' title="bbox 2301 5206 3857 5281; baseline -0.008 -8"><span class='ocrx_word' id='word_1_811' title='bbox 2301 5206 2354 5272; x_wconf 81' lang='lat' dir='ltr'><strong>ui</strong></span> <span class='ocrx_word' id='word_1_812' title='bbox 2388 5206 2684 5273; x_wconf 75' lang='lat' dir='ltr'><strong>Pauliciarii</strong></span> <span class='ocrx_word' id='word_1_813' title='bbox 2716 5220 2997 5277; x_wconf 84' lang='lat' dir='ltr'><strong>vocantur,</strong></span> <span class='ocrx_word' id='word_1_814' title='bbox 3030 5212 3233 5281; x_wconf 88' lang='lat' dir='ltr'><strong>quique</strong></span> <span class='ocrx_word' id='word_1_815' title='bbox 3262 5227 3373 5263; x_wconf 89' lang='lat' dir='ltr'><strong>non</strong></span> <span class='ocrx_word' id='word_1_816' title='bbox 3410 5226 3439 5262; x_wconf 92' lang='lat' dir='ltr'><strong>a</strong></span> <span class='ocrx_word' id='word_1_817' title='bbox 3475 5210 3643 5281; x_wconf 79' lang='lat' dir='ltr'><strong>Paulo</strong></span> <span class='ocrx_word' id='word_1_818' title='bbox 3671 5206 3767 5281; x_wconf 81' lang='lat' dir='ltr'><strong>illo</strong></span> <span class='ocrx_word' id='word_1_819' title='bbox 3797 5216 3857 5261; x_wconf 89' lang='lat' dir='ltr'><strong>et</strong></span> 
     </span>
    </p>
   </div>
   <div class='ocr_carea' id='block_1_112' title="bbox 2260 5233 3856 5356">
    <p class='ocr_par' dir='ltr' id='par_1_112' title="bbox 2260 5233 3856 5356">
     <span class='ocr_line' id='line_1_113' title="bbox 2301 5233 3856 5281; baseline -0.008 -8"><span class='ocrx_word' id='word_1_820' title='bbox 2301 5236 2354 5272; x_wconf 79' lang='lat' dir='ltr'><strong>Ill</strong></span> <span class='ocrx_word' id='word_1_821' title='bbox 2388 5233 2682 5273; x_wconf 70' lang='lat' dir='ltr'><strong>rauncnanl</strong></span> <span class='ocrx_word' id='word_1_822' title='bbox 2716 5233 2997 5277; x_wconf 80' lang='lat' dir='ltr'><strong>vocantur,</strong></span> <span class='ocrx_word' id='word_1_823' title='bbox 3030 5233 3233 5281; x_wconf 75' lang='lat' dir='ltr'><strong>qlllquc</strong></span> <span class='ocrx_word' id='word_1_824' title='bbox 3263 5233 3373 5263; x_wconf 81' lang='lat' dir='ltr'><strong>non</strong></span> <span class='ocrx_word' id='word_1_825' title='bbox 3410 5233 3439 5262; x_wconf 66' lang='grc' dir='ltr'>ξι</span> <span class='ocrx_word' id='word_1_826' title='bbox 3475 5233 3643 5263; x_wconf 79' lang='lat' dir='ltr'><strong>raum</strong></span> <span class='ocrx_word' id='word_1_827' title='bbox 3674 5233 3767 5259; x_wconf 89' lang='grc' dir='ltr'>ιιιυ</span> <span class='ocrx_word' id='word_1_828' title='bbox 3797 5233 3856 5261; x_wconf 73' lang='lat' dir='ltr'><strong>ct</strong></span> 
     </span>
     <span class='ocr_line' id='line_1_114' title="bbox 2260 5233 3856 5356; baseline -0.008 -13"><span class='ocrx_word' id='word_1_829' title='bbox 2260 5233 2494 5351; x_wconf 48' lang='lat' dir='ltr'><strong>goanne,</strong></span> <span class='ocrx_word' id='word_1_830' title='bbox 2523 5287 2589 5340; x_wconf 90' lang='lat' dir='ltr'><strong>de</strong></span> <span class='ocrx_word' id='word_1_831' title='bbox 2622 5285 2821 5354; x_wconf 89' lang='lat' dir='ltr'><strong>quibus</strong></span> <span class='ocrx_word' id='word_1_832' title='bbox 2844 5284 2878 5337; x_wconf 88' lang='grc' dir='ltr'>ι.</span> <span class='ocrx_word' id='word_1_833' title='bbox 2904 5299 2955 5335; x_wconf 68' lang='grc' dir='ltr'><strong>(ι.</strong></span> <span class='ocrx_word' id='word_1_834' title='bbox 2987 5283 3081 5356; x_wconf 81' lang='lat' dir='ltr'><strong>sed</strong></span> <span class='ocrx_word' id='word_1_835' title='bbox 3120 5298 3153 5356; x_wconf 86' lang='lat' dir='ltr'><strong>_a</strong></span> <span class='ocrx_word' id='word_1_836' title='bbox 3186 5281 3351 5356; x_wconf 84' lang='lat' dir='ltr'><strong>Paulo</strong></span> <span class='ocrx_word' id='word_1_837' title='bbox 3379 5280 3622 5356; x_wconf 81' lang='lat' dir='ltr'><strong>quodam</strong></span> <span class='ocrx_word' id='word_1_838' title='bbox 3655 5277 3856 5356; x_wconf 75' lang='lat' dir='ltr'><strong>Arine-</strong></span> 
     </span>
    </p>
   </div>
   <div class='ocr_carea' id='block_1_113' title="bbox 2262 5351 3858 5426">
    <p class='ocr_par' dir='ltr' id='par_1_113' title="bbox 2262 5351 3858 5426">
     <span class='ocr_line' id='line_1_115' title="bbox 2262 5351 3858 5426; baseline -0.01 -13"><span class='ocrx_word' id='word_1_839' title='bbox 2262 5361 2375 5423; x_wconf 87' lang='lat' dir='ltr'><strong>nio,</strong></span> <span class='ocrx_word' id='word_1_840' title='bbox 2409 5359 2527 5411; x_wconf 86' lang='lat' dir='ltr'><strong>istis</strong></span> <span class='ocrx_word' id='word_1_841' title='bbox 2556 5351 2881 5426; x_wconf 73' lang='lat' dir='ltr'><strong>recentiore,</strong></span> <span class='ocrx_word' id='word_1_842' title='bbox 2925 5352 3163 5426; x_wconf 82' lang='lat' dir='ltr'><strong>nominis</strong></span> <span class='ocrx_word' id='word_1_843' title='bbox 3200 5352 3281 5405; x_wconf 89' lang='lat' dir='ltr'><strong>sui</strong></span> <span class='ocrx_word' id='word_1_844' title='bbox 3311 5351 3577 5426; x_wconf 79' lang='lat' dir='ltr'><strong>originem</strong></span> <span class='ocrx_word' id='word_1_845' title='bbox 3612 5351 3858 5426; x_wconf 74' lang='lat' dir='ltr'><strong>repetie—</strong></span> 
     </span>
    </p>
   </div>
   <div class='ocr_carea' id='block_1_114' title="bbox 2262 5418 3856 5497">
    <p class='ocr_par' dir='ltr' id='par_1_114' title="bbox 2262 5418 3856 5497">
     <span class='ocr_line' id='line_1_116' title="bbox 2262 5418 3856 5497; baseline -0.009 -13"><span class='ocrx_word' id='word_1_846' title='bbox 2262 5418 2412 5492; x_wconf 84' lang='lat' dir='ltr'><strong>runt,</strong></span> <span class='ocrx_word' id='word_1_847' title='bbox 2430 5429 2696 5497; x_wconf 86' lang='lat' dir='ltr'><strong>majorum</strong></span> <span class='ocrx_word' id='word_1_848' title='bbox 2719 5424 2928 5497; x_wconf 82' lang='lat' dir='ltr'><strong>scilicet</strong></span> <span class='ocrx_word' id='word_1_849' title='bbox 2947 5422 3216 5497; x_wconf 77' lang='lat' dir='ltr'><strong>exemplo,</strong></span> <span class='ocrx_word' id='word_1_850' title='bbox 3242 5424 3331 5497; x_wconf 88' lang='lat' dir='ltr'><strong>qui</strong></span> <span class='ocrx_word' id='word_1_851' title='bbox 3357 5418 3656 5489; x_wconf 82' lang='lat' dir='ltr'><strong>superioris</strong></span> <span class='ocrx_word' id='word_1_852' title='bbox 3675 5418 3856 5471; x_wconf 82' lang='lat' dir='ltr'><strong>a:tatis</strong></span> 
     </span>
    </p>
   </div>
   <div class='ocr_carea' id='block_1_115' title="bbox 2271 5491 3855 5567">
    <p class='ocr_par' dir='ltr' id='par_1_115' title="bbox 2271 5491 3855 5567">
     <span class='ocr_line' id='line_1_117' title="bbox 2271 5491 3855 5567; baseline -0.011 -12"><span class='ocrx_word' id='word_1_853' title='bbox 2271 5491 2531 5555; x_wconf 78' lang='lat' dir='ltr'><strong>doctores</strong></span> <span class='ocrx_word' id='word_1_854' title='bbox 2588 5512 2739 5555; x_wconf 89' lang='lat' dir='ltr'><strong>suos,</strong></span> <span class='ocrx_word' id='word_1_855' title='bbox 2770 5494 2914 5563; x_wconf 85' lang='lat' dir='ltr'><strong>quod</strong></span> <span class='ocrx_word' id='word_1_856' title='bbox 2947 5510 3013 5545; x_wconf 77' lang='lat' dir='ltr'><strong>ex</strong></span> <span class='ocrx_word' id='word_1_857' title='bbox 3045 5493 3071 5562; x_wconf 60' lang='grc' dir='ltr'><strong>ς</strong></span> <span class='ocrx_word' id='word_1_858' title='bbox 3102 5491 3135 5545; x_wconf 77' lang='grc' dir='ltr'>ὅ</span> <span class='ocrx_word' id='word_1_859' title='bbox 3165 5501 3219 5545; x_wconf 88' lang='lat' dir='ltr'><strong>et</strong></span> <span class='ocrx_word' id='word_1_860' title='bbox 3256 5494 3309 5567; x_wconf 57' lang='lat' dir='ltr'><strong>At,</strong></span> <span class='ocrx_word' id='word_1_861' title='bbox 3339 5500 3621 5552; x_wconf 87' lang='lat' dir='ltr'><strong>constant,</strong></span> <span class='ocrx_word' id='word_1_862' title='bbox 3656 5503 3855 5567; x_wconf 70' lang='lat' dir='ltr'><strong>recen-</strong></span> 
     </span>
    </p>
   </div>
   <div class='ocr_carea' id='block_1_116' title="bbox 2272 5560 3855 5637">
    <p class='ocr_par' dir='ltr' id='par_1_116' title="bbox 2272 5560 3855 5637">
     <span class='ocr_line' id='line_1_118' title="bbox 2272 5560 3855 5637; baseline -0.011 -12"><span class='ocrx_word' id='word_1_863' title='bbox 2272 5570 2501 5625; x_wconf 88' lang='lat' dir='ltr'><strong>tioribus</strong></span> <span class='ocrx_word' id='word_1_864' title='bbox 2533 5560 2860 5635; x_wconf 79' lang='lat' dir='ltr'><strong>poslponere</strong></span> <span class='ocrx_word' id='word_1_865' title='bbox 2880 5605 2893 5629; x_wconf 92' lang='lat'><strong>,</strong></span> <span class='ocrx_word' id='word_1_866' title='bbox 2937 5560 3238 5637; x_wconf 77' lang='lat' dir='ltr'><strong>eorumque</strong></span> <span class='ocrx_word' id='word_1_867' title='bbox 3260 5560 3412 5637; x_wconf 78' lang='lat' dir='ltr'><strong>inter</strong></span> <span class='ocrx_word' id='word_1_868' title='bbox 3440 5577 3498 5614; x_wconf 91' lang='lat' dir='ltr'><strong>se</strong></span> <span class='ocrx_word' id='word_1_869' title='bbox 3530 5560 3855 5637; x_wconf 68' lang='lat' dir='ltr'><strong>memoriam</strong></span> 
     </span>
    </p>
   </div>
   <div class='ocr_carea' id='block_1_117' title="bbox 2270 5626 3856 5706">
    <p class='ocr_par' dir='ltr' id='par_1_117' title="bbox 2270 5626 3856 5706">
     <span class='ocr_line' id='line_1_119' title="bbox 2270 5626 3856 5706; baseline -0.011 -11"><span class='ocrx_word' id='word_1_870' title='bbox 2270 5626 2589 5696; x_wconf 76' lang='lat' dir='ltr'><strong>oblitterare</strong></span> <span class='ocrx_word' id='word_1_871' title='bbox 2628 5626 3052 5706; x_wconf 72' lang='lat' dir='ltr'><strong>consueverunt.</strong></span> <span class='ocrx_word' id='word_1_872' title='bbox 3109 5626 3344 5706; x_wconf 56' lang='lat' dir='ltr'><strong>Interigr</strong></span> <span class='ocrx_word' id='word_1_873' title='bbox 3389 5641 3580 5706; x_wconf 81' lang='lat' dir='ltr'><strong>notare</strong></span> <span class='ocrx_word' id='word_1_874' title='bbox 3634 5628 3724 5706; x_wconf 72' lang='lat' dir='ltr'><strong>hic</strong></span> <span class='ocrx_word' id='word_1_875' title='bbox 3768 5626 3856 5706; x_wconf 76' lang='lat' dir='ltr'><strong>fas</strong></span> 
     </span>
    </p>
   </div>
   <div class='ocr_carea' id='block_1_118' title="bbox 2270 5696 3855 5776">
    <p class='ocr_par' dir='ltr' id='par_1_118' title="bbox 2270 5696 3855 5776">
     <span class='ocr_line' id='line_1_120' title="bbox 2270 5696 3855 5776; baseline -0.011 -10"><span class='ocrx_word' id='word_1_876' title='bbox 2270 5722 2393 5776; x_wconf 86' lang='lat' dir='ltr'><strong>est,</strong></span> <span class='ocrx_word' id='word_1_877' title='bbox 2442 5707 2615 5764; x_wconf 89' lang='lat' dir='ltr'><strong>videri</strong></span> <span class='ocrx_word' id='word_1_878' title='bbox 2668 5707 2771 5760; x_wconf 90' lang='lat' dir='ltr'><strong>hoc</strong></span> <span class='ocrx_word' id='word_1_879' title='bbox 2824 5702 3217 5776; x_wconf 33' lang='lat' dir='ltr'><strong>IOCO‘Pell‘tlllj</strong></span> <span class='ocrx_word' id='word_1_880' title='bbox 3272 5699 3515 5776; x_wconf 74' lang='lat' dir='ltr'><strong>Siculum</strong></span> <span class='ocrx_word' id='word_1_881' title='bbox 3568 5714 3599 5752; x_wconf 91' lang='lat' dir='ltr'><strong>a</strong></span> <span class='ocrx_word' id='word_1_882' title='bbox 3652 5696 3855 5750; x_wconf 87' lang='lat' dir='ltr'><strong>Photio</strong></span> 
     </span>
    </p>
   </div>
   <div class='ocr_carea' id='block_1_119' title="bbox 2267 5770 3853 5849">
    <p class='ocr_par' dir='ltr' id='par_1_119' title="bbox 2267 5770 3853 5849">
     <span class='ocr_line' id='line_1_121' title="bbox 2267 5770 3853 5849; baseline -0.009 -14"><span class='ocrx_word' id='word_1_883' title='bbox 2267 5770 2439 5845; x_wconf 77' lang='lat' dir='ltr'><strong>abire,</strong></span> <span class='ocrx_word' id='word_1_884' title='bbox 2473 5777 2712 5849; x_wconf 75' lang='lat' dir='ltr'><strong>quando,</strong></span> <span class='ocrx_word' id='word_1_885' title='bbox 2745 5792 2799 5846; x_wconf 91' lang='lat' dir='ltr'><strong>p.</strong></span> <span class='ocrx_word' id='word_1_886' title='bbox 2824 5776 2917 5849; x_wconf 65' lang='lat'><strong>48,</strong></span> <span class='ocrx_word' id='word_1_887' title='bbox 2953 5773 3157 5849; x_wconf 73' lang='lat' dir='ltr'><strong>diserte</strong></span> <span class='ocrx_word' id='word_1_888' title='bbox 3185 5770 3622 5849; x_wconf 74' lang='lat' dir='ltr'><strong>Paulicianorum</strong></span> <span class='ocrx_word' id='word_1_889' title='bbox 3644 5780 3853 5822; x_wconf 86' lang='lat' dir='ltr'><strong>nomen</strong></span> 
     </span>
    </p>
   </div>
   <div class='ocr_carea' id='block_1_120' title="bbox 2263 5841 3614 5912">
    <p class='ocr_par' dir='ltr' id='par_1_120' title="bbox 2263 5841 3614 5912">
     <span class='ocr_line' id='line_1_122' title="bbox 2263 5841 3614 5912; baseline -0.012 -5"><span class='ocrx_word' id='word_1_890' title='bbox 2263 5870 2293 5908; x_wconf 86' lang='lat' dir='ltr'><strong>a</strong></span> <span class='ocrx_word' id='word_1_891' title='bbox 2320 5841 2571 5905; x_wconf 65' lang='grc' dir='ltr'>[ιουίυόι</span> <span class='ocrx_word' id='word_1_892' title='bbox 2602 5841 2810 5903; x_wconf 76' lang='lat' dir='ltr'><strong>Joanne</strong></span> <span class='ocrx_word' id='word_1_893' title='bbox 2831 5886 2844 5912; x_wconf 92' lang='lat'><strong>,</strong></span> <span class='ocrx_word' id='word_1_894' title='bbox 2880 5843 3169 5900; x_wconf 76' lang='lat' dir='ltr'><strong>Callinices</strong></span> <span class='ocrx_word' id='word_1_895' title='bbox 3203 5842 3351 5906; x_wconf 80' lang='lat' dir='ltr'><strong>liliis,</strong></span> <span class='ocrx_word' id='word_1_896' title='bbox 3386 5841 3614 5895; x_wconf 79' lang='lat' dir='ltr'><strong>derivat.</strong></span> 
     </span>
    </p>
   </div>
  </div>
