4110 6444
360 406 431 468 53
1411 414 1709 474 CONTRA
1747 417 1907 477 MAN
1916 418 1938 477 Ι

2040 418 2208 478 JEOS
2245 419 2473 479 LIBER
2517 420 2566 479 ῐ.
3544 415 3617 481 54

348 529 443 574 νος
491 513 591 583 μὲν
619 514 890 585 ἐμφύεται
919 516 999 588 τῷ
1026 518 1261 587 ἁδελςῷ,
1289 522 1383 574 καλ⁸
1411 523 1439 573 ό
1465 524 1657 591 φθόνος
1685 525 1783 595 τὴν
1810 525 1938 579 στά-

2043 529 2254 598 peperit
2279 548 2292 584 :
2327 528 2399 582 ita
2427 537 2487 582 ut
2510 526 2683 582 divisa
2713 525 2964 594 impietas
2992 541 3049 579 se
3076 525 3245 594 ipsam
3272 525 3615 587 dilaceraret,

356 621 443 657 σιν
476 606 798 661 ἀπέτικτεν.
830 609 939 661 Καὶ
973 610 1174 679 ἑαυτὴν
1201 611 1537 682 διαιρεθεῖσα
1573 612 1683 685 (56)
1710 616 1934 669 κατενέ-

354 711 485 763 μετο
517 697 550 766 ἡ
591 697 816 751 ἀσέϐεια
862 702 971 751 τῶν
1006 700 1253 770 ἀδελφῶν
1297 705 1391 756 καὶ
1430 702 1527 775 τὴν
1595 708 1810 777 μήτραν
1842 709 1936 761 καὶ

350 786 449 853 τὴν
501 788 777 850 ἀσέϐειαν,
830 789 925 843 τοῦ
985 791 1085 861 μὲν
1130 793 1382 860 λέγοντος
1430 797 1532 864 τὴν
1577 798 1673 850 τοῦ
1732 801 1936 869 πατρὸς

350 878 559 931 ἄνωθεν
600 881 1019 952 ἀπεσταλμένην
1068 885 1248 955 χάριν,
1288 887 1481 939 ἑαυτόν
1528 905 1590 940 τε
1640 891 1793 960 παρὰ
1841 891 1936 943 τοῦ

351 968 611 1033 λαϐόντος
641 971 773 1041 (56⁸)
816 974 1191 1039 εἰσδέξασθαι,
1244 979 1339 1029 καὶ
1368 978 1464 1030 τοῦ
1506 980 1804 1049 προνομίου
1836 981 1936 1050 τῆς

348 1061 607 1124 ἀσεϐείας
640 1064 718 1133 τῷ
743 1063 981 1136 δευτέρῳ
1015 1068 1091 1138 μὴ
1121 1069 1470 1133 ἐξίστασθαι·
1512 1071 1605 1124 τοῦ
1639 1072 1696 1124 δὲ
1727 1072 1935 1126 Θεοδώ-

352 1171 450 1224 ρου
478 1154 685 1225 ταύτην
729 1158 1103 1224 ἀπισπῶντος
1137 1161 1223 1226 ἐφ’
1255 1162 1470 1223 ἑαυτὸν,
1498 1165 1594 1216 καὶ
1628 1164 1704 1234 μὴ
1734 1165 1939 1235 πατρό⁴

350 1247 444 1296 θεν
475 1245 585 1313 (57)
634 1248 699 1299 ὲκ
727 1247 825 1299 τοῦ
868 1247 1125 1312 λαϐόντος
1168 1249 1397 1322 δευτέρᾳ
1429 1253 1579 1305 δόσει
1622 1258 1935 1324 μετασχεῖν,

349 1335 467 1387 ἀλλ’
498 1339 563 1389 ὲκ
594 1339 691 1407 τῆς
725 1337 951 1411 πρώτης
985 1340 1218 1410 δωρεᾶς,
1255 1343 1351 1396 καὶ
1381 1343 1504 1397 ὅθεν
1536 1346 1563 1397 ό
1596 1346 1781 1416 πατὴρ
1809 1345 1939 1398 ταύ-

347 1444 452 1497 την
484 1428 754 1485 εἵλκυσεν.
779 1430 1037 1501 Ἔμεινεν
1059 1427 1152 1485 οὖν
1184 1436 1216 1502 ἡ
1243 1435 1470 1505 τοιαύτη
1500 1436 1690 1499 στάσις
1720 1438 1812 1490 καὶ
1850 1454 1939 1507 φι-

355 1518 601 1572 λονεικία
628 1521 789 1592 μέχρι
817 1524 913 1575 τοῦ
963 1523 1359 1595 ὲϐδελυγμένου
1405 1526 1592 1590 τέλους
1624 1528 1724 1597 τῆς
1763 1529 1939 1581 αὐτῶν

350 1610 788 1685 δυσσεϐεστάτης
814 1614 982 1686 ζωῆς.
998 1617 1057 1671 Ὀ
1074 1617 1129 1671 δὲ
1156 1619 1220 1671 ἐκ
1251 1620 1655 1689 Γερμανικείας
1680 1620 1781 1689 τῆς
1802 1620 1941 1673 κατὰ

349 1704 554 1774 Συρίαν
583 1706 733 1759 Λέων
766 1707 899 1774 (57⁸)
930 1710 1232 1779 τηνικαῦτα
1266 1713 1334 1764 τά
1366 1712 1620 1783 σκῆπτρα
1659 1711 1763 1780 τῆς
1807 1711 1938 1765 Ῥω-

354 1799 562 1867 μαῖκῆς
613 1800 790 1870 ἀρχῆς
847 1801 957 1871 (58)
998 1803 1401 1874 ὲνεχειρίζετο·
1440 1803 1499 1866 ὃς
1541 1804 1610 1857 τά
1662 1805 1793 1876 περὶ
1833 1805 1942 1858 τῶν

2035 618 2425 673 altercantibus
2462 617 2570 672 illis
2608 625 2716 671 tam
2762 622 2959 669 natura
2990 629 3152 683 quam
3190 614 3469 681 impietate
3508 602 3619 670 fra-

2037 711 2233 773 tribus,
2274 711 2384 765 alio
2422 709 2641 779 quidem
2666 709 2918 772 dicente,
2951 707 3187 761 missam
3207 720 3236 758 a
3269 706 3428 759 Patre
3452 706 3621 758 desu-

2034 812 2134 867 per
2160 799 2387 868 gratiam
2425 799 2493 853 ab
2529 813 2612 862 eo,
2650 798 2740 867 qui
2786 804 3073 866 acceperat
3097 837 3110 859 ,
3153 810 3212 849 se
3250 795 3559 864 suscepisse
3601 812 3617 847 :

2035 905 2205 960 seque
2235 891 2613 960 prmfecturam
2663 890 2960 960 impietatis
2995 888 3239 943 secundo
3285 904 3393 942 non
3427 903 3618 942 cessu-

2037 997 2153 1035 ram
2187 998 2338 1048 esse;
2378 981 2669 1037 Theodoro
2707 992 2892 1036 autem
2947 982 3090 1035 hanc
3130 980 3196 1033 ad
3247 995 3306 1033 se
3346 980 3619 1043 trahente,

2037 1088 2103 1128 ac
2138 1074 2355 1128 dicente
2401 1089 2461 1129 se
2491 1090 2602 1128 non
2638 1090 2666 1128 a
2698 1072 2858 1127 Patre
2889 1089 2958 1127 ex
2996 1073 3138 1141 ejus,
3167 1071 3258 1141 qui
3290 1079 3618 1140 acceperat,

2038 1182 2205 1221 manu
2238 1166 2393 1236 quasi
2437 1167 2676 1221 secundo
2706 1168 2859 1221 dono
2892 1166 3192 1234 accepisse.
3226 1164 3321 1219 sed
3346 1179 3412 1218 ex
3444 1163 3619 1233 primo

2039 1258 2205 1319 dono,
2236 1268 2291 1312 et
2324 1258 2452 1312 inde
2488 1258 2733 1312 hausisse
2754 1298 2769 1319 ,
2805 1259 2949 1313 unde
2990 1257 3150 1311 Pater
3202 1265 3461 1311 traxerat.
3494 1255 3623 1311 Haec

2040 1365 2206 1420 porro
2243 1350 2441 1405 seditio
2480 1350 2869 1418 contentioque
2900 1350 2968 1403 ad
3010 1348 3183 1419 usque
3213 1349 3375 1403 ﬁnem
3413 1348 3624 1417 impiis-

2041 1443 2193 1495 simre
2221 1442 2503 1496 amborum
2526 1440 2654 1495 vita:
2682 1441 3075 1510 perseveravit.
3110 1441 3218 1493 Leo
3248 1452 3453 1503 autem,
3482 1438 3623 1493 Ger-

2042 1532 2288 1587 maniciaa
2322 1532 2374 1584 in
2408 1531 2559 1602 Syria
2598 1540 2771 1593 ortus,
2801 1540 2931 1584 tunc
2958 1527 3187 1583 Romani
3214 1529 3426 1598 imperii
3461 1543 3624 1598 scep-

2046 1632 2124 1676 tm
2155 1623 2561 1688 moderabatur,
2593 1622 2687 1691 qui
2720 1622 3021 1691 compertis
3046 1620 3492 1690 impiissimorum
3525 1620 3625 1673 ho-

2043 1714 2251 1769 minum
2286 1715 2485 1786 gestis,
2526 1713 2871 1784 Gegnaasium
2920 1712 3227 1767 accersivit.
3265 1712 3401 1765 Cum
3439 1720 3622 1765 autem

2044 1806 2214 1876 probe
2245 1806 2410 1860 sciret
2455 1806 2574 1861 haec
2606 1804 2951 1859 examinandi
3000 1804 3089 1873 jus
3128 1819 3236 1857 non
3268 1802 3369 1857 sibi
3405 1816 3624 1871 compe-

348 1890 732 1943 ἀσεϐεστάτων
774 1891 981 1945 τούτων
1023 1893 1339 1963 ἀναμαθὼν,
1396 1894 1791 1964 μετάπεμπτον
1839 1894 1938 1963 μὲν

2046 1909 2179 1963 tere,
2212 1914 2364 1952 reum
2395 1898 2462 1952 ad
2501 1898 2865 1968 patriarcham
2904 1896 3049 1950 illius
3097 1893 3364 1963 temporis
3394 1892 3623 1953 remisit,

351 1984 591 2034 πἰιεῖται
638 1983 730 2035 τὸν
780 1984 1113 2053 Γεγναίσιον.
1166 1988 1280 2039 Οὐκ
1329 1986 1469 2055 ἔχων
1520 1986 1578 2039 δὲ
1626 1988 1811 2056 κρίσιν
1869 1984 1938 2038 τά

348 2073 577 2127 τοιαῦτα
604 2073 905 2146 διερευνᾷν,
938 2078 1030 2130 καὶ
1055 2077 1213 2130 τοῦτο
1240 2077 1420 2140 καλῶς
1450 2076 1704 2139 συνειδὼς
1727 2114 1743 2139 ,
1776 2076 1939 2139 αὐτὸς

352 2166 456 2234 μὲν
494 2165 597 2219 οὐκ
616 2165 863 2231 ἐξετάζει
890 2168 982 2220 τὸν
1005 2168 1345 2222 αίτιαθέντα·
1371 2168 1447 2239 τῷ
1462 2168 1521 2222 δὲ
1549 2169 1689 2222 κατά
1714 2168 1939 2238 καιροὺς

348 2257 461 2309 τῶν
489 2259 783 2330 ίερατικῶν
807 2260 1013 2330 θρόνων
1042 2260 1144 2331 τὴν
1179 2260 1473 2331 προεδρίαν
1506 2261 1724 2331 λαχόντι
1753 2260 1940 2324 ἐξετα-

352 2350 691 2421 σθησόμενον
720 2352 862 2423 ὑπὲρ
893 2353 993 2423 τῆς
1043 2353 1340 2424 θρησκείας
1384 2354 1706 2423 διαπέμπει.
1750 2352 1937 2421 Λόγων

348 2436 446 2494 οὖν
471 2442 687 2495 πολλῶν
708 2443 843 2511 πρὸς
867 2443 959 2496 τὸν
985 2445 1303 2514 ἀποστάτην
1336 2444 1812 2516 προεληλυθότων,
1843 2444 1939 2497 καὶ

346 2534 418 2586 τὰ
467 2533 567 2602 μὲν
605 2535 714 2587 τῶν
749 2535 1136 2605 ἀσεϐημάτων,
1178 2536 1253 2599 ὡς
1303 2535 1422 2598 ἔθος
1454 2537 1657 2601 αὐτοῖς,
1709 2536 1797 2588 διὰ
1839 2536 1939 2606 τῆς

349 2627 635 2695 ἀρνήσεως
680 2626 1049 2697 άποδυομένου
1074 2667 1090 2691 ,
1130 2627 1200 2680 τά
1237 2627 1317 2691 δὲ,
1362 2628 1605 2698 ῥήμασιν
1634 2628 1939 2700 ὀρθοδόξοις

355 2718 785 2789 ἑπιχρωννύντος
809 2758 825 2781 ,
854 2724 950 2772 καὶ
997 2718 1076 2790 τῷ
1118 2719 1446 2790 πολυπλόκῳ
1475 2720 1584 2773 τῶν
1625 2719 1939 2790 μεταϐολῶν

353 2801 423 2876 ἧς
444 2806 627 2876 ἔνοχος
653 2802 724 2877 ἦν
757 2808 1128 2872 άποστασίας,
1156 2809 1545 2872 διεισδύνοντός
1574 2827 1633 2862 τε
1660 2811 1757 2863 καὶ
1777 2808 1939 2862 διολι-

350 2898 699 2964 σθαίνοντος,
738 2901 770 2969 ἠ
820 2900 929 2953 τῶν
976 2901 1265 2972 ἀκροατῶν
1306 2901 1485 2972 ψῆφος
1515 2902 1747 2973 ἀφεώρα
1796 2902 1941 2972 πρὸς

344 2990 622 3044 ἀθώωσιν⁸
670 2991 764 3044 καὶ
798 2993 828 3046 ό
868 2992 1051 3063 πάσης
1086 2994 1341 3057 ἀσεϐείας
1381 2995 1599 3064 πλήρης
1643 2994 1939 3059 ἀνεύθυνος

344 3076 492 3134 εἶναι
535 3082 646 3135 τῶν
685 3083 1075 3155 ὲπικλημάτων
1113 3085 1415 3156 ἐνομίζετο.
1451 3086 1514 3138 Οἱ
1543 3086 1599 3139 δὲ
1638 3086 1824 3153 λόγοι,
1862 3088 1939 3151 ὠς

346 3169 417 3224 ἂν
454 3171 489 3241 ἠ
540 3170 773 3243 μίμησις
811 3172 990 3239 εἴποι,
1028 3173 1257 3245 τοιούτῳ
1284 3175 1637 3229 διετυποῦντο
1672 3178 1935 3248 σχήματιο

350 3276 371 3310 ι
403 3260 503 3314 Διά
536 3262 611 3324 τί,
644 3262 810 3331 φησὶν
839 3264 869 3316 ό
895 3265 1267 3334 πατριάρχης,
1302 3258 1349 3317 ὦ
1382 3259 1562 3331 οὗτος,
1594 3266 1693 3337 τὴν
1722 3266 1939 3336 ὀρθόδο-

347 3352 439 3415 ξον
469 3354 775 3425 ἀπηρνήσω
810 3354 1030 3420 πίστιν;
1063 3375 1086 3406 ι
1130 3356 1188 3409 '0
1212 3357 1271 3410 δὲ
1297 3357 1615 3427 ἀποστάτης
1646 3358 1741 3411 τὸν
1769 3360 1939 3430 ἀρνη-

346 3446 590 3513 σάμενον
631 3446 728 3514 τὴν
760 3446 1041 3518 ὀρθόδοξον
1076 3447 1294 3511 πίστιν,
1341 3447 1593 3517 ἀνάθεμα
1636 3442 1778 3502 εἷναι
1830 3449 1938 3501 ὑπ-

345 3536 623 3606 εκρίνατο,
653 3538 933 3609 όρθόδοξον
960 3539 1143 3593 καλῶν
1168 3540 1229 3593 τὸ
1253 3540 1455 3593 οἰκεῖον
1481 3539 1758 3611 ἀσέϐημα.
1786 3540 1941 3594 Ἐπεὶ

346 3628 407 3680 δὲ
438 3628 530 3681 καὶ
558 3630 790 3700 δευτέρα
818 3632 1089 3702 προῆλθεν
1115 3630 1405 3702 ἐρώτησις
1446 3649 1465 3683 ι
1493 3631 1592 3684 Διά
1612 3632 1663 3685 τί
1690 3633 1752 3685 οὐ
1771 3648 1941 3703 προσ-

354 3722 537 3782 κυνεῖς
572 3721 666 3773 καὶ
694 3722 1091 3792 περιπτύσσεις
1126 3722 1220 3775 τὸν
1243 3722 1479 3792 σταυρὸν
1497 3722 1593 3777 τοῦ
1619 3723 1886 3794 Χριστοῦ;
1914 3742 1933 3775 ι

345 3810 376 3861 ό
418 3811 732 3881 ἀποστάτης
785 3812 955 3865 πάλιν
983 3816 1049 3885 τῇ
1102 3813 1269 3885 ὁμοίᾳ
1295 3815 1404 3885 ἀρᾷ
1446 3816 1538 3868 τὸν
1590 3815 1667 3887 μὴ
1694 3833 1939 3887 προσκυ-

347 3901 550 3956 νοῦντα
570 3902 662 3955 τὸν
686 3902 950 3966 ζωοποιδν
979 3922 1111 3958 σταυ
1122 3906 1212 3976 ρδν
1234 3923 1303 3958 πε
1313 3905 1673 3977 ριεπέμπετο,
1707 3907 1943 3979 σταυρὸν

345 3995 376 4046 ὁ
404 3994 584 4064 πάσης
610 3997 748 4067 ἀρᾶς
786 3996 991 4067 ἔνοχος,
1015 3998 1111 4050 καὶ
1135 3997 1203 4051 τὰ
1230 3997 1343 4052 ἂνω
1372 3998 1525 4051 κάτω
1554 3999 1748 4063 ποιῶν,
1776 4000 1939 4054 αὑτὸν

345 4085 642 4140 ἀποκαλῶν
686 4087 779 4140 τὸν
829 4088 1066 4158 Χριστόν
1117 4088 1251 4158 (59).
1305 4090 1385 4161 Τῇ
1432 4091 1541 4161 γάρ
1591 4089 1701 4143 τῶν
1738 4091 1939 4161 χειρῶν

347 4176 570 4229 ἐκτάσει
610 4177 792 4242 αὐτὸς,
825 4180 981 4250 φησὶ,
1014 4180 1271 4251 διέγραψε
1298 4181 1389 4234 τὸν
1420 4182 1680 4253 σταυρόν.
1719 4183 1833 4236 Καὶ
1869 4182 1940 4237 τά

351 4267 455 4336 μὲν
483 4269 705 4340 ῥήματα
739 4266 884 4341 ἦσαν
906 4271 1001 4325 τοῦ
1038 4272 1273 4344 θεάτρου
1311 4273 1424 4343 (60)
1454 4276 1549 4328 καὶ
1573 4274 1752 4338 κοινά,
1780 4276 1848 4329 τά
1881 4275 1939 4329 δὲ

345 4360 436 4412 διὰ
478 4361 585 4413 τῶν
637 4364 901 4432 ῥημάτων
940 4364 1276 4435 δηλούμενα,
1324 4368 1425 4437 τῆς
1471 4367 1811 4429 ἀποστασίας
1845 4368 1939 4421 καὶ

350 4450 610 4518 μυστικά.
678 4451 803 4505 Ἐπὶ
844 4453 1055 4518 τούτοις
1106 4456 1370 4525 ὲρωτᾶτοο
1437 4475 1455 4508 ι
1495 4457 1560 4509 Τί
1592 4457 1792 4527 δήποτε
1837 4458 1938 4528 τὴν

2041 1988 2134 2057 qui
2167 1987 2235 2042 de
2281 1987 2541 2058 religione
2585 1988 2706 2056 ejus
2746 1985 3104 2055 quaestionem
3151 1983 3399 2037 haberet.
3440 1981 3625 2035 Multis

2041 2081 2225 2151 itaque
2253 2080 2453 2135 habitis
2482 2095 2606 2133 cum
2637 2086 2885 2149 apostata
2924 2076 3232 2146 colloquiis,
3264 2091 3389 2129 cum
3444 2074 3534 2128 ille
3568 2074 3625 2127 in

2040 2171 2366 2242 quibusdam
2396 2171 2667 2242 negando,
2705 2179 2767 2223 ut
2799 2184 2918 2223 mos
2948 2167 3081 2238 ipsis
3110 2176 3227 2221 erat
3246 2205 3262 2228 ,
3289 2165 3625 2227 elaberetur,

2041 2265 2096 2319 in
2129 2264 2250 2318 aliis
2278 2274 2459 2318 autem
2501 2262 2827 2317 defectionis
2858 2270 2912 2315 et
2937 2258 3224 2329 apostasia:
3261 2274 3373 2312 sua:
3398 2267 3626 2312 senten-

2042 2358 2171 2410 tiam
2202 2354 2520 2410 orthodoxis
2555 2354 2740 2409 verbis
2779 2351 3179 2421 multiplicique
3214 2366 3411 2404 vocum
3446 2355 3627 2401 muta-

2040 2448 2191 2503 tione
2231 2448 2543 2517 obtegeret,
2597 2455 2760 2515 atque
2800 2445 2873 2498 ita
2922 2459 2951 2497 a
3006 2443 3239 2497 crimine
3291 2440 3626 2501 declinaret,

2041 2539 2349 2593 auditorum
2385 2538 2626 2592 calculus
2666 2538 2779 2604 jam
2812 2536 2879 2589 ad
2911 2550 3037 2590 eum
3066 2536 3415 2588 innocentem
3444 2531 3628 2585 decla—

2039 2632 2271 2687 randum
2341 2640 2561 2702 paratus
2620 2638 2777 2685 erat:
2835 2638 2891 2684 et
2943 2627 3274 2683 omnimodae
3327 2624 3630 2693 impietatis

2041 2725 2206 2778 homo
2232 2723 2505 2785 innoxius,
2535 2730 2589 2777 et
2611 2722 2680 2776 ab
2708 2721 2860 2778 omni
2895 2718 3127 2774 crimine
3151 2733 3325 2788 purus
3350 2717 3630 2773 existima-

2041 2811 2223 2866 batur.
2280 2811 2602 2881 Hujusmodi
2680 2818 2864 2864 autem
2935 2814 3099 2872 erat,
3132 2806 3363 2875 exempli
3416 2804 3625 2876 gratia,

2039 2900 2298 2971 colloquii
2360 2900 2536 2955 forma
2567 2919 2579 2954 :
2623 2919 2643 2951 ι
2701 2900 2849 2954 Heus
2879 2910 2936 2953 tu
2963 2940 2977 2964 ,
3030 2899 3247 2954 dicebat
3277 2897 3627 2964 Patriarcha,

2038 3008 2209 3062 quare
2252 2992 2613 3047 orthodoxam
2667 2992 2827 3046 (idem
2883 2992 3127 3061 negasti?
3166 3010 3184 3040 ›
3249 2989 3629 3058 Respondebat

2040 3089 2324 3152 apostata,
2383 3096 2509 3135 eum
2541 3121 2557 3147 ,
2591 3080 2685 3149 qui
2732 3080 3095 3133 orthodoxam
3150 3077 3311 3131 ﬁdem
3368 3082 3625 3145 negaret,

2040 3176 2330 3228 anathema
2385 3186 2546 3237 esse,
2609 3171 2972 3226 orthodoxam
3032 3184 3237 3222 vocans
3290 3166 3627 3236 impietatem

2042 3278 2220 3317 suam.
2275 3262 2414 3316 Hine
2452 3262 2621 3315 altera
2664 3260 2943 3330 proposita
2981 3258 3283 3328 quaestione
3324 3274 3337 3309 :
3380 3274 3400 3307 ι
3449 3254 3631 3321 Quare

2042 3368 2262 3407 crucem
2275 3352 2479 3407 Christi
2499 3368 2606 3406 non
2624 3347 3311 3418 aderas,etamplecteris?
3338 3367 3356 3398 ι
3389 3346 3479 3401 Ille
3503 3361 3633 3401 vero

2040 3445 2155 3515 pari
2192 3444 2560 3498 maledictioni
2591 3458 2749 3507 eum,
2782 3441 2875 3511 qui
2919 3441 3193 3495 viviﬁcam
3241 3453 3462 3493 erucem
3519 3453 3631 3491 non

2040 3536 2318 3601 adoraret,
2348 3535 2694 3604 subjiciebat.
2733 3534 2801 3587 At
2833 3532 2922 3586 ille
2951 3532 3101 3585 omni
3143 3528 3517 3585 exsecratione
3544 3527 3630 3581 di-

2042 3642 2182 3698 gnus
2212 3626 2398 3687 homo,
2428 3624 2524 3693 qui
2556 3622 2747 3678 omnia
2776 3638 2977 3691 susque
3008 3621 3184 3689 deque
3216 3620 3481 3682 vertebat,
3506 3632 3632 3671 eru-

2041 3734 2163 3774 cem
2199 3718 2428 3773 vocabat
2455 3718 2636 3787 ipsum
2664 3715 2945 3771 Christum
2966 3752 2981 3778 ,
3015 3714 3107 3782 qui
3140 3726 3401 3765 manuum
3428 3717 3626 3764 exten-

2042 3811 2199 3867 sione
2231 3825 2452 3865 crucem
2494 3808 2827 3864 delineabat.
2876 3807 2954 3861 Ac
3000 3805 3171 3860 verba
3204 3803 3426 3873 quidem
3473 3808 3633 3856 erant

2042 3905 2308 3960 theatrica
2340 3912 2397 3958 et
2418 3903 2764 3962 communia,
2800 3901 2894 3955 sed
2926 3914 2991 3954 ea
3015 3938 3030 3962 ,
3061 3913 3185 3967 quae
3214 3896 3395 3951 verbis
3421 3894 3632 3967 signiﬁ-

2042 3997 2329 4059 cabantur,
2383 3991 2674 4063 apostasia!
2716 3990 2939 4061 pr0pria
2980 3998 3036 4043 et
3068 3986 3317 4059 mystica.
3371 3983 3629 4040 Sciscita-

2041 4089 2201 4143 batur
2235 4088 2433 4142 iterum
2466 4104 2479 4139 :
2520 4104 2539 4135 ι
2575 4084 2685 4139 Cur
2736 4084 3144 4137 sanctissmiam
3211 4078 3494 4147 Deiparam
3531 4074 3629 4129 de-

2040 4181 2155 4235 bito
2190 4179 2398 4234 honore
2431 4187 2487 4232 et
2511 4177 2829 4232 adoratione
2858 4190 2967 4229 non
2994 4171 3272 4244 dignaris?
3305 4190 3323 4222 ι
3357 4170 3469 4231 Ille,
3498 4184 3630 4223 con-

2041 4282 2199 4327 sueto
2227 4273 2332 4327 sibi
2360 4287 2533 4334 more,
2566 4271 2855 4325 anathema
2894 4268 3029 4323 dixit
3057 4269 3111 4320 in
3139 4280 3235 4321 eos
3261 4264 3352 4332 qui
3384 4270 3629 4319 sanctam

2041 4363 2328 4434 Deiparam
2355 4379 2465 4417 non
2487 4363 2752 4441 adorent;
2782 4360 3096 4430 adiecitque
3114 4373 3174 4412 se
3206 4357 3353 4411 illam
3376 4354 3631 4424 amplecti

2041 4466 2097 4511 et
2123 4455 2337 4518 colere,
2371 4454 2429 4508 in
2472 4468 2638 4522 quam
2675 4452 2989 4521 ingressus,
3037 4456 3095 4503 et
3130 4464 3198 4502 ex
3231 4462 3336 4516 qua
3378 4459 3633 4516 egressus

348 4540 625 4609 παναγίαν
656 4542 767 4612 (61)
802 4544 1067 4599 Θεοτόκον
1100 4547 1200 4616 τῆς
1230 4547 1594 4619 ὀφειλομένης
1629 4550 1796 4620 τιμῆς
1839 4550 1937 4603 καὶ

2041 4560 2128 4605 est
2157 4548 2416 4603 Dominus
2441 4555 2627 4601 noster
2648 4544 2809 4599 Jesus
2827 4542 3100 4602 Christus.
3128 4556 3359 4609 eamque
3388 4539 3632 4594 omnium

346 4636 779 4706 προσκυνήσεως
803 4638 903 4691 οὐκ
928 4640 1133 4705 ἁξιοῖςς
1169 4660 1186 4691 ι
1238 4641 1296 4694 '0
1334 4641 1391 4694 δὲ
1420 4641 1481 4694 τὸ
1512 4642 1744 4712 σύνηθες
1768 4642 1933 4696 αὑτοῦ

2042 4649 2291 4695 nostrum
2330 4654 2451 4694 esse
2495 4647 2748 4691 matrem.
2785 4636 2914 4690 Haec
2943 4635 3207 4690 subdolus
3252 4634 3341 4687 ille
3374 4640 3633 4685 oretenus

347 4726 443 4777 καὶ
478 4718 539 4778 οὗ
576 4730 784 4799 μήποτε
816 4731 1022 4802 διέστη,
1056 4733 1306 4804 ἀνάθεμα
1337 4734 1479 4787 κατὰ
1511 4735 1621 4786 τῶν
1659 4735 1733 4806 μὴ
1762 4751 1935 4805 προσ-

2041 4733 2231 4787 dicens
2257 4773 2271 4797 ,
2313 4730 2617 4786 secundum
2654 4727 3048 4784 exsecrandam
3092 4728 3211 4796 ejus
3264 4723 3631 4779 iuitiationem

347 4816 655 4872 κυνούντων
692 4821 792 4890 τὴν
841 4823 1002 4891 ἀγίαν
1030 4825 1313 4891 Θεοτόκον,
1349 4826 1681 4897 ἀπέρῥιπτε,
1712 4842 1934 4898 προστι·

2040 4836 2207 4898 atque
2236 4826 2562 4882 sententiam
2586 4864 2600 4889 ,
2635 4838 2743 4893 qua
2776 4836 3073 4891 supernam
3102 4818 3405 4874 Jerusalem
3440 4815 3635 4885 Deipa-

348 4907 463 4974 θεὶς
494 4912 837 4978 ἀσπάζεσθαι
863 4917 961 4970 καὶ
992 4917 1318 4981 σεϐάζεσθαι
1340 4919 1530 4991 αὐτὴν,
1558 4920 1616 4971 ὲν
1707 4918 1934 4989 ἐξῆλθεν

2040 4934 2161 4972 ram
2197 4931 2321 4972 esse
2350 4914 2700 4986 conﬁngebat
2734 4912 3171 4980 simulabatque,
3208 4911 3263 4963 in
3300 4923 3462 4976 quam
3494 4922 3632 4976 prae-

1444 5050 1681 5106 νΑῐιιιΕ
1716 5020 2103 5110 ιΕρΤιοΝΕε
2135 5052 2226 5108 ET
2266 5052 2500 5109 NOT/E.

422 5157 532 5235 (5:6)
575 5161 959 5235 ᾼιαιρεθεῖσα,
983 5163 1061 5216 lta
1086 5164 1267 5219 scribo
1296 5180 1395 5233 pro
1414 5164 1743 5235 διερεθεῖσα,
1767 5173 1933 5235 prout

2040 5182 2071 5220 a
2099 5164 2259 5219 Patre
2290 5164 2531 5235 ἀμέσως,
2565 5162 2716 5216 nullo
2741 5161 3041 5229 interprete
3064 5167 3157 5211 aut
3186 5158 3421 5226 parario,
3444 5156 3631 5227 gratia:

346 5236 404 5281 et
427 5228 647 5311 Illamb;
664 5231 831 5311 codex
854 5228 1325 5311 _et-grammatic_:i_:
1358 5228 1598 5311 rationes
1626 5228 1925 5311 postulant.
2038 5238 2181 5292 dona
2211 5228 2483 5311 acceperit

387 5369 398 5379 .
422 5299 555 5379 (ὅδ’)
594 5301 733 5368 Περὶ
766 5298 1322 5379 ⁸τοῦῃλξιϐόνοτος,μω
1347 5305 1462 5379 _sibi
1496 5298 1661 5359 homo
1676 5307 1932 5379 _volu_isse

2044 5376 2069 5379 _
2112 5298 2474 5379 (57‘)_7A'é4mr.
2515 5302 2683 5379 Estis
2714 5301 2832 5379 Leo
2858 5300 3110 5362 lsaurus,
3144 5299 3233 5368 qui
3267 5309 3322 5353 et
3367 5298 3569 5353 diserte
3598 5313 3629 5351 a

346 5370 780 5451 videtur,rquod
805 5388 841 5451 _a
882 5372 1043 5451 Patre
1093 5390 1190 5451 per
1219 5375 1511 5451 _(_Jh_ristum
1556 5376 1740 5446 gratia:
1788 5377 1932 5432 dona
2039 5370 2443 5451 Ρεείιςρίδῇουὶο3
2475 5372 3023 5451 ρ.“48..ηο.ηιίηιι-ι.υι·.

346 5442 642 5515 acceperit,
675 5442 924 5515 alludens
954 5440 1187 5498 forte'ad
1219 5446 1418 5515 Ephes.
1450 5464 1521 5510 IV,
1554 5440 1607 5500 8.
1836 5514 1841 5515 ί
2114 5446 2224 5513 (58)
2272 5440 2501 5514 Ἀρχῆέ.
2540 5442 2866 5515 Restitui‘ex
2898 5440 3119 5495 Nostro.

422 5512 535 5580 (57)
577 5512 965 5595 ’ξ’ξρίὲαυτὸν,
1006 5510 1580 5595 καΙὶιμὴβτατρόρενς.
1605 5516 1693 5595 _lta
1723 5530 1789 5595 e_x
1827 5514 1937 5595 δο-

2118 5510 2231 5587 (59)
2280 5510 2883 5595 ΤῦᾕιΧριστσόφςκνίᾀο
2928 5528 3088 5581 supra
3138 5510 3165 5581 §
3215 5511 3267 5575 8,
3317 5526 3384 5563 ex
3430 5524 3540 5578 quo
3576 5518 3631 5562 et

346 5588 465 5666 s‘tro
502 5584 720 5666 restitui
737 5599 835 5666 pro
853 5598 920 5666 eo
948 5584 1093 5653 quod
1119 5585 1441 5666 legebatur_:
1479 5587 1563 5656 ἐφ’
1602 5585 1780 5666 ea.on
1810 5588 1931 5666 οὐξι.
2046 5584 2331 5666 sequentia
2366 5585 2624 5666 illustrari
2652 5585 2871 5666 debent.

346 5652 651 5732 tjoose_nt_it_
682 5652 1069 5732 Coliiertinus,
1117 5652 1235 5732 nisi
1270 5657 1416 5732 quod
1448 5652 1565 5732 pro
1606 5658 1695 5732 ἐφ’
1746 5652 1937 5732 ἑαυςδν

346 5722 478 5805 legit
517 5722 602 5790 ἐφ’
632 5723 847 5805 ἑαυτῷ..
884 5727 1143 5805 Eamdem
1166 5722 1407 5805 phrasin
1447 5722 1741 5805 lcgeuinlra
1778 5726 1805 5798 §
1848 5727 1935 5805 19ἷ

353 5794 561 5867 §i_-nsu_s
598 5794 801 5848 nostrae
836 5795 1087 5867 lectionis
1133 5794 1312 5852 clarus
1352 5808 1437 5853 est
1459 5842 1471 5865 ,
1503 5794 1757 5863 scilicet,
1781 5794 1935 5867 quod

351 5862 675 5920 'lheodorus
702 5880 820 5920 eam
852 5866 951 5922 sibi
985 5867 1273 5924 vindicarit
1304 5862 1719 5939 praerogativum
1739 5911 1753 5936 ,
1789 5862 1934 5938 quod

2119 5648 2230 5725 (60)
2276 5654 2394 5709 Τοῦ
2438 5654 2706 5722 θεάτρου.
2763 5654 2819 5708 ld
2871 5652 2979 5725 sibi
3022 5650 3207 5721 procul
3262 5648 3441 5725 dubio_
3473 5651 3628 5725 v‘ult.

2048 5720 2242 5782 iisdem
2290 5726 2473 5779 verbis
2505 5720 2701 5778 usuros
2738 5725 2904 5778 fuisse
2935 5720 3069 5775 alios
3111 5736 3321 5783 omnes,
3352 5720 3444 5789 qui
3493 5720 3632 5774 forte

2046 5800 2112 5852 ad
2148 5799 2261 5850 hrec
2286 5796 2552 5849 audienda
2583 5794 2802 5850 admissi
2836 5802 3011 5849 erant.

2118 5867 2229 5938 (61)
2257 5867 2584 5937 Παναγίαν.
2602 5866 2673 5922 Ita
2687 5864 2903 5921 Noster:
2924 5862 3291 5918 Coislinianus
3302 5878 3430 5918 vero
3446 5862 3629 5931 άγιαν.
