4088 6424
521 354 588 416 55
1190 311 1198 326 Χ
1667 357 1934 419 PHO’I‘II
1971 356 2106 416 PAT

2207 355 2483 415 ARCHAE
2521 345 2634 417 (ΣΡ.
3701 354 3769 415 56

519 480 797 522 cursorem
853 464 953 537 pro
1006 470 1167 525 nobis
1211 469 1515 542 ingressum
1570 472 1738 528 fuisse
1771 471 2088 534 Christum,

2207 469 2289 522 καὶ
2317 469 2568 540 εἰσῆλθεν
2607 472 2635 523 ὀ
2669 468 2870 540 Κύριος
2901 467 3060 539 ἡμῶν
3104 464 3314 538 Ἰησοῦς
3357 465 3626 536 Χριστὸς,
3673 468 3772 537 τὴν

519 560 761 628 Δροειοιὶ
793 561 956 616 verba
985 563 1301 632 praedicant.
1333 565 1534 630 Quarta
1565 566 1665 635 ipsi
1699 565 1931 635 quaestio
1968 579 2094 634 pro-

521 653 866 718 ponebatur:
927 673 945 706 ι
1007 654 1120 710 Cur
1169 657 1574 713 immaculatum
1639 669 1696 712 et
1751 657 2094 713 tremendum

518 741 742 804 Christi,
777 742 870 798 Dei
905 746 1077 802 nostri
1098 783 1113 807 ,
1149 761 1350 816 corpus
1377 755 1432 802 et
1461 746 1782 816 sanguinem
1812 753 2096 802 contume-

523 830 609 886 iiis
649 833 888 890 adiceret
919 844 976 891 et
1033 846 1336 907 respueret,
1392 853 1572 907 neque
1615 838 1717 907 ipsi
1773 836 2095 906 participare

523 925 714 979 vellet?
740 945 758 976 ι
785 925 876 981 llle
895 929 1314 986 scelestissimus
1337 930 1534 986 iterum
1556 946 1700 994 eum,
1721 931 1812 1000 qui
1823 943 2024 998 corpus
2041 937 2098 983 et

522 1020 842 1088 sanguinem
855 1022 1178 1087 Christi,Dei
1195 1023 1390 1087 nostri,
1408 1023 1752 1079 contumeliis
1767 1021 2025 1086 alliceret,
2043 1029 2098 1076 et

521 1117 674 1161 extra
700 1110 1170 1181 participationem
1191 1111 1311 1182 ejus
1335 1122 1603 1178 maneret,
1635 1114 1984 1169 anathemate
2007 1113 2094 1169 fe-

525 1200 717 1260 riebat.
747 1217 948 1273 corpus
983 1213 1040 1258 et
1061 1205 1381 1276 sanguinem
1420 1205 1728 1276 intelligens
1753 1206 1918 1262 homo
1943 1207 2097 1263 dete-

523 1293 771 1358 standus,
800 1311 909 1349 non
936 1312 1058 1366 quae
1087 1297 1350 1353 Dominus
1371 1307 1560 1353 noster
1580 1313 1780 1369 corpus
1811 1299 2099 1370 etsangui-

523 1399 648 1440 nem
688 1387 929 1443 vocanda
979 1404 1100 1444 esse
1155 1389 1362 1454 docuit,
1387 1391 1487 1447 sed
1541 1389 1822 1447 Dominica
1858 1392 2094 1462 eloquia.

527 1475 602 1529 De
647 1477 911 1533 catholica
957 1478 1200 1536 Ecclesia
1246 1481 1615 1551 interrogatus
1646 1522 1662 1546 ,
1715 1483 1843 1538 dum
1901 1482 2096 1537 similia

525 1570 900 1638 responderet.
951 1587 1048 1642 per
1087 1574 1413 1628 catholicam
1461 1574 1764 1631 Ecclesiam
1808 1573 2098 1630 confessus

523 1661 947 1718 Manichaeorum
996 1664 1376 1734 intelligebat,
1426 1665 1681 1736 ipsosque
1733 1667 1837 1722 hoc
1890 1668 2100 1722 honore

524 1751 811 1808 alliciebat.
867 1755 992 1812 Haec
1035 1765 1224 1813 secuta
1277 1769 1430 1814 sexta
1485 1760 1554 1814 de
1613 1759 1881 1828 baptismo
1927 1760 2100 1814 inter-

523 1844 738 1914 rogatio
769 1864 782 1900 :
818 1865 837 1898 ι
873 1845 1016 1903 Νιιιη
1037 1848 1290 1905 videlicet
1333 1850 1512 1920 ipsum
1552 1859 1768 1921 putaret
1801 1867 1926 1908 esse
1968 1868 2100 1922 pur—

524 1936 798 2002 gationem
849 1939 1044 1995 animae
1089 1952 1146 1996 et
1191 1943 1387 1997 animas
1436 1943 1676 1998 sordium
1709 1957 1772 1998 ac
1824 1945 2102 2000 lavacrum

524 2029 864 2086 remissionis
911 2043 1283 2102 peccatorum.
1335 2055 1354 2085 ι
1404 2035 1498 2089 Ille
1544 2052 1676 2090 vero
1721 2037 1836 2106 pari
1873 2037 2103 2094 artificio

525 2120 886 2193 alacriterque
944 2127 1360 2195 responsionem
1411 2128 1581 2194 dedit,
1620 2143 1727 2197 qua
1772 2129 2104 2198 baptismum

524 2215 891 2270 venerabatur
925 2227 981 2272 et
1001 2219 1321 2274 admittebat
1351 2239 1363 2274 :
1399 2229 1456 2274 at
1479 2236 1577 2291 per
1616 2222 1871 2292 baptismi
1913 2239 2101 2278 vocem

525 2306 637 2373 ille,
672 2308 856 2363 omnia
886 2310 1125 2367 miscens
1163 2320 1220 2367 et
1249 2313 1611 2379 confundens,
1679 2313 1968 2371 Dominum
1997 2331 2103 2370 no-

525 2406 698 2454 strum
726 2397 910 2455 Iesum
930 2401 1208 2458 Christum
1230 2405 1640 2469 subindicabat;
1676 2407 1945 2476 scriptum
1978 2422 2104 2463 esse

524 2489 694 2556 enim,
724 2491 900 2560 ipsum
911 2507 1033 2548 esse
1053 2509 1246 2564 aquam
1268 2496 1562 2551 viventem.
1593 2496 1683 2552 Sic
1699 2498 1948 2553 dolosam
1969 2499 2103 2554 illud

527 2588 582 2634 et
625 2581 784 2636 malis
829 2584 1043 2640 artibus
1064 2587 1290 2655 plenum
1333 2597 1676 2654 monstrum;
1709 2589 1819 2656 ille,
1856 2589 2102 2660 inquam,

524 2667 619 2736 qui
635 2669 767 2725 nihil
785 2673 1196 2745 omnino,‘quod
1221 2677 1501 2732 catholicae
1520 2681 1898 2749 etapostolicaa
1913 2679 2102 2737 Eccle-

527 2761 623 2816 sia:
652 2773 815 2829 esset,
840 2767 1132 2829 sentiebat,
1174 2769 1288 2824 imo
1305 2770 1487 2840 potius
1509 2772 1691 2827 omnia
1714 2773 1818 2842 ipsi
1832 2774 2103 2830 contraria

527 2853 766 2919 fovebat,
814 2859 1144 2925 sectabatur,
1201 2863 1584 2927 venerabatur,
1625 2864 1884 2934 quoniam
1928 2866 2105 2922 eccle-

529 2946 764 3002 siasticis
795 2950 977 3004 verbis
1017 2951 1106 3016 iis,
1141 2953 1234 3021 qui
1283 2963 1415 3008 tunc
1449 2964 1748 3024 praesules
1794 2963 1971 3021 erant,
2001 2957 2098 3012 ad-

528 3039 732 3094 versari
786 3054 899 3095 non
929 3042 1244 3109 videbatur;
1287 3061 1515 3114 quarum
1564 3047 1860 3103 involucris
1908 3064 2102 3105 vocum

2197 561 2413 632 μητέρα
2439 562 2658 615 πάντων
2681 561 2858 632 ἡμῶν.
2886 561 3072 614 Ταῦτα
3117 561 3174 613 δὲ
3203 562 3232 614 6
3258 559 3430 624 δόλιος
3457 561 3523 630 τῇ
3553 558 3771 630 γλώττῃ

2195 653 2389 720 λέγων,
2411 653 2551 706 κατὰ
2570 652 2668 724 τὴν
2688 653 2938 724 μυσαρὰν
2960 650 3126 705 αὑτοῦ
3147 651 3370 720 τελετὴν
3390 650 3485 704 καὶ
3505 651 3769 715 διάνοιαν,

2195 746 2292 818 τὴν
2323 745 2437 800 ἄνω
2501 744 2856 816 Ἰερουσαλὴμ
2894 746 3242 812 ἐσκηνοποίει
3291 744 3388 797 καὶ
3435 745 3772 798 ἁνὲπλαττεν

2195 835 2476 890 Θεοτόκονο
2509 836 2568 889 ὲν
2596 853 2631 910 ῃ
2671 836 2766 888 καὶ
2803 834 3107 905 πρόδρομον
3141 835 3283 903 ὑπὲρ
3320 831 3477 902 ἡμῶν
3510 831 3774 884 εἰσελθεῖν

2195 927 2284 980 τὸν
2305 927 2562 998 Χριστὸν,
2583 927 2653 980 τὰ
2679 926 2775 978 τοῦ
2808 925 3132 978 ’Λποστόλου
3155 925 3422 995 κηρύσσει
3444 924 3769 992 διδάγματα.

2197 1021 2471 1090 Τέταρτον
2497 1021 2576 1083 είς
2596 1017 2866 1090 ἐρώτησιν
2899 1017 3066 1071 αὑτοῦ
3108 1017 3220 1086 (62)
3249 1015 3564 1088 προῦκειτο,
3591 1016 3645 1068 τί
3681 1015 3775 1084 δή·

2196 1130 2326 1166 ποτε
2357 1113 2625 1184 ὢχραντον
2654 1113 2750 1166 καὶ
2784 1112 3013 1182 φρικτὸν
3049 1111 3206 1180 σῶμα
3232 1113 3326 1164 καὶ
3365 1107 3505 1180 αἷμα
3533 1106 3774 1178 Χριστοῦ

2195 1204 2290 1259 τοῦ
2312 1205 2446 1258 Θεοῦ
2471 1204 2628 1276 ἡμῶν
2652 1204 2866 1276 ὑϐρίζει
2883 1221 2944 1257 τε
2962 1205 3055 1258 καὶ
3071 1202 3346 1266 διαπτύει,
3366 1203 3462 1254 καὶ
3485 1200 3777 1270 μετασχεῖν

2196 1299 2377 1354 αὐτῶν
2426 1299 2526 1353 οὐκ
2587 1297 2860 1368 ἀνέχεται.
2915 1296 2974 1352 ’0
3031 1297 3090 1350 δὲ
3149 1296 3554 1367 τρισαλιτήριος
3611 1293 3778 1347 πάλιν

2198 1393 2289 1446 τόν
2310 1408 2370 1445 τε
2399 1391 2649 1463 ἀτιμίαις
2681 1392 2958 1459 ὑπάγοντα
2980 1390 3040 1442 τὸ
3065 1389 3224 1460 σῶμα
3254 1389 3348 1442 καὶ
3375 1383 3514 1457 αἷμα
3538 1384 3776 1455 Χριστοῦ

2197 1483 2292 1538 τοῦ
2313 1482 2448 1538 θεοῦ
2473 1483 2632 1554 ἡμῶν
2656 1483 2856 1536 καὶτὸν
2877 1482 2976 1552 τῆς
3003 1482 3235 1552 μετοχῆς
3249 1480 3428 1535 αὐτῶν
3455 1479 3561 1542 ἔξω
3585 1477 3779 1547 διαμέ-

2197 1593 2355 1630 νοντα
2382 1575 2462 1646 τῴ
2502 1575 2808 1643 ἁναθέματι
2854 1574 3181 1644 παρετίθετο
3216 1591 3229 1604 ·
3262 1573 3422 1642 σῶμα
3478 1571 3642 1625 πάλιν
3684 1569 3780 1624 καὶ

2199 1662 2340 1735 αἷμα
2360 1667 2388 1720 ὁ
2424 1666 2731 1734 κατάρατος
2756 1666 2971 1728 ἐννοῶν,
3004 1665 3102 1735 οὐχ
3125 1663 3267 1734 άπερ
3296 1663 3445 1733 ἡμᾶς
3469 1660 3711 1726 ἐδίδαξεν
3751 1661 3782 1712 6

2203 1755 2380 1818 κοινὸς
2401 1756 2699 1826 Δεσπότης,
2750 1755 2910 1825 σῶμα
2945 1754 3044 1808 καὶ
3092 1748 3232 1825 αἷμα
3282 1754 3490 1818 καλεῖν,
3517 1750 3631 1805 ἀλλ’
3664 1751 3780 1804 ἀντ’

2203 1849 2428 1903 ἐκείνων
2485 1850 2555 1900 τά
2589 1846 2844 1918 Κυριακά
2889 1845 3068 1915 λόγια.
3103 1847 3185 1899 Τά
3233 1847 3324 1899 ἴσα
3366 1844 3424 1898 δὲ
3467 1844 3564 1897 καὶ
3620 1845 3784 1913 ὃμοια

2204 1939 2335 2010 περὶ
2358 1939 2458 2009 τῆς
2481 1937 2776 2007 καθολικῆς
2813 1937 3142 2007 Ἐκκλησίας
3169 1935 3500 2006 άπαιτηθεὶς
3521 1935 3615 1988 καὶ
3645 1935 3784 1988 ἀπο-

2205 2032 2534 2101 φηνάμενος,
2571 2030 2641 2083 τὰ
2675 2029 2925 2098 συνέδρια
2965 2028 3074 2081 τῶν
3114 2028 3435 2097 Μανιχαίων
3483 2023 3784 2094 καθολικὴν

2217 2121 2544 2189 Ἐκκλησίαν
2573 2121 2775 2173 ἐνενόει
2820 2138 2879 2173 τε
2913 2121 3007 2172 καὶ
3051 2119 3447 2188 ἀπεσέμνυνεν.
3501 2117 3650 2171 Ἡδὲ
3691 2117 3786 2171 ἐπὶ

2203 2215 2316 2274 τοῖς
2343 2213 2654 2283 εἰρημένοις
2703 2211 2836 2280 ἕκτη
2868 2209 3136 2280 ἐρώτησις
3179 2211 3308 2280 περὶ
3343 2209 3436 2262 τοῦ
3467 2209 3786 2280 βαπτίσμα-

2203 2322 2296 2368 τος
2325 2304 2486 2358 aut-6v
2546 2302 2967 2369 ἀνεπυνθάνετο,
3002 2304 3052 2356 εί
3088 2302 3164 2373 μὴ
3203 2300 3500 2372 καθάρσιον
3572 2301 3788 2368 ἡγεῖται

2202 2397 2362 2453 τοῦτο
2385 2399 2494 2452 τῶν
2524 2397 2712 2468 ψυχῶν
2738 2398 2834 2450 καὶ
2871 2396 3124 2467 ψυχικῶν
3159 2395 3524 2466 μολυσμάτων
3552 2393 3663 2466 (65)
3691 2393 3788 2446 καὶ

2203 2489 2426 2562 λουτρὸν
2482 2490 2898 2561 ἁμαρτημάτων
2937 2489 3208 2558 ἀφέσεως.
3254 2488 3314 2542 '0
3371 2488 3426 2541 δὲ
3466 2486 3628 2540 πάλιν
3698 2485 3792 2541 διὰ

2203 2583 2303 2655 τῆς
2343 2583 2536 2653 ὁμοίας
2557 2581 2804 2654 μηχανῆς
2845 2581 2940 2635 καὶ
2973 2579 3272 2652 προθύμως
3325 2579 3582 2635 ἀπεδίδου
3614 2576 3793 2648 τιμῶ-

2206 2695 2305 2732 σαν
2342 2677 2402 2730 τδ
2436 2675 2721 2747 βάπτισμα
2765 2674 2861 2729 καὶ
2913 2673 3326 2744 ἀποδεχομένην
3373 2671 3688 2743 ἀπόκρισιν,
3718 2671 3789 2740 τῇ

2203 2770 2298 2826 τοῦ
2355 2769 2734 2840 βαπτίσματος
2769 2771 2944 2839 φωνῇ,
2975 2769 3003 2822 6
3063 2767 3244 2820 πάντα
3293 2765 3481 2835 φύρων
3536 2765 3632 2818 καὶ
3663 2778 3793 2831 συγ-

2204 2861 2366 2933 χέων,
2425 2860 2519 2914 τὸν
2567 2857 2776 2930 Κύριον
2816 2857 2976 2928 ἡμῶν
3043 2856 3256 2928 Ἰησοῦν
3274 2855 3510 2926 Χριστὸν
3539 2853 3785 2908 ὑποϐάλ-

2204 2955 2310 3008 λων
2331 2971 2346 2986 ο
2381 2952 2689 3024 γεγράφθαι
2701 2951 2810 3023 γὰρ
2831 2951 2944 3022 (64)
2965 2949 3128 3003 αὑτὸν
3157 2945 3298 3004 εἶναι
3314 2947 3376 3002 τὸ
3401 2947 3548 3018 ὕδωρ
3566 2948 3630 3000 τὸ
3655 2945 3790 3010 ζῶν.

2206 3045 2394 3109 Οὕτως
2438 3045 2525 3115 δὴ,
2562 3042 2738 3106 οὕτως
2774 3043 2836 3097 τὸ
2873 3042 3050 3096 δόλιον
3095 3043 3274 3094 ὲκεῖνο
3327 3039 3422 3092 καὶ
3466 3037 3797 3106 κακομήχαο

530 3127 622 3183 ille
675 3131 1014 3186 mortiferum
1059 3134 1383 3190 defectionis
1437 3152 1549 3192 sua:
1604 3137 1756 3193 virus
1802 3139 2106 3195 occultabat

2211 3154 2300 3190 νον
2334 3137 2521 3207 τέρας,
2578 3135 2746 3206 μηδὲν
2775 3135 2874 3205 μὲν
2902 3134 3001 3203 τῆς
3034 3131 3400 3200 άποστολικῆς
3428 3129 3523 3183 καὶ
3570 3127 3794 3180 καθολι-

529 3221 795 3278 scelestus
823 3222 934 3288 ille,
968 3233 1028 3278 ut
1072 3225 1228 3280 initio
1261 3227 1520 3292 diximus,
1550 3230 1706 3299 quasi
1748 3231 1954 3285 nullius
1998 3232 2105 3285 im-

531 3312 749 3380 pietatis
794 3329 940 3380 reus,
993 3316 1089 3372 sed
1140 3315 1534 3373 Ecclesiasticae
1581 3319 1844 3374 doctrinm
1902 3334 2108 3390 sequax

531 3405 724 3460 evasit.
777 3405 1142 3471 Quamobrem
1185 3420 1305 3478 post
1363 3426 1591 3465 examen
1655 3411 1976 3476 absolvitur,
2014 3412 2108 3482 qui

533 3497 733 3568 duplici
765 3499 963 3569 dignus
992 3510 1110 3555 erat
1142 3503 1430 3571 supplicio,
1475 3505 1546 3558 ob
1576 3514 1860 3573 paternam
1896 3505 2108 3560 scilicet

534 3590 890 3659 impietatem,
919 3602 973 3646 et
1011 3593 1082 3647 ob
1113 3593 1402 3658 fallaciam,
1431 3612 1538 3666 qua
1588 3597 1798 3667 justum
1836 3598 2108 3668 judicium

531 3683 819 3754 pervertit,
850 3699 912 3738 ac
940 3685 1068 3749 sibi,
1097 3685 1454 3756 impiissimus
1479 3703 1607 3742 cum
1647 3696 1812 3754 esset,
1841 3705 1986 3745 vera:
2009 3705 2112 3745 no-

534 3783 662 3829 strae
711 3776 985 3844 religionis
1027 3777 1250 3843 gloriam
1305 3780 1640 3834 conciliavit.
1659 3779 1931 3836 Caeterum
1984 3797 2110 3837 cum

539 3867 735 3922 talibus
763 3869 1006 3924 artificiis
1035 3870 1090 3923 in
1114 3870 1322 3940 judicio
1349 3871 1632 3926 absolutus
1655 3871 1870 3935 fuisset,
1903 3873 1972 3928 ab
2006 3874 2112 3927 im-

536 3967 791 4029 peratore
837 3959 1117 4014 decretum
1165 3962 1298 4030 petit
1351 3971 1407 4016 et
1447 3962 1721 4032 impetrat,
1744 3979 1849 4034 qua
1881 3964 1982 4019 sibi
2027 3964 2113 4019 fa—

535 4049 710 4102 cultas
739 4049 899 4102 datur
939 4050 1084 4105 domi
1105 4067 1298 4106 secure
1331 4052 1609 4118 versandi,
1635 4053 1852 4124 negotia
1905 4055 2113 4125 absque

537 4140 692 4194 obice
719 4141 941 4212 gerendi
974 4157 1094 4206 sua,
1123 4158 1225 4197 nec
1257 4144 1710 4200 calumniatorum
1730 4146 1945 4216 linguas
1969 4147 2113 4202 ultra

537 4233 833 4287 metuendi.
867 4234 950 4288 Ab
1002 4233 1364 4305 imperatoria,
1407 4238 1590 4307 itaque
1621 4238 1756 4293 urbe
1809 4237 2111 4308 profectus,

535 4341 661 4382 cum
688 4324 995 4395 Episparim
1023 4342 1084 4381 se
1105 4327 1445 4390 contulisset,
1469 4328 1794 4384 defectionis
1815 4330 2114 4400 discipulos

536 4426 800 4472 convocat
831 4436 843 4471 :
869 4425 1033 4487 atque
1051 4419 1179 4474 inde
1199 4417 1614 4482 Mauanalin,ex
1635 4435 1742 4488 qua
1773 4429 2112 4476 memoratus

537 4526 700 4579 supra
732 4510 1126 4565 Constantinus
1165 4511 1460 4579 prodierat,
1485 4510 1750 4582 profugus
1784 4527 1910 4566 cum
1934 4512 2101 4568 sociis
2144 4491 2190 4546 θ

537 4601 773 4657 advenit.
805 4603 992 4672 Ibique
1023 4603 1182 4656 annis
1207 4613 1578 4657 commoratus
1604 4603 1791 4657 multis
1841 4619 1964 4658 cum
1989 4603 2108 4673 plu-

537 4694 700 4748 rimas
735 4696 902 4750 miser
921 4695 1131 4749 animas
1155 4695 1509 4764 corrupisset.
1532 4696 1858 4764 pestilentia:
1893 4697 2106 4758 morbo,

535 4784 627 4855 qui
656 4793 787 4839 tunc
822 4787 1083 4856 temporis
1113 4787 1482 4854 grassabatur,
1517 4786 1661 4840 diem
1701 4787 1900 4841 clausit
1923 4795 2110 4842 extre-

537 4894 707 4944 mum,
741 4889 1026 4948 postquam
1064 4878 1226 4931 annis
1269 4877 1486 4931 circiter
1541 4877 1761 4947 triginta
1809 4877 2112 4947 impietatis

538 4969 826 5036 praefectus
848 4971 1042 5028 fuerat.
1060 4969 1158 5024 llic
1173 4969 1597 5024 scelestissimus
1616 4970 1782 5024 homo
1804 4985 1866 5024 ex
1894 4971 2119 5025 occulta

537 5063 918 5117 commistione
969 5062 1139 5116 ﬁlium
1176 5059 1438 5130 suscepit,
1476 5058 1797 5114 Zachariam
1822 5061 2047 5116 nomine
2091 5080 2104 5116 :

2211 3227 2313 3298 κῆς
2351 3225 2676 3295 Ἐκκλησίας
2699 3223 2762 3277 τὸ
2782 3223 3046 3294 παράπαν
3076 3219 3331 3290 φρονοῦν,
3359 3218 3560 3290 μᾶλλον
3585 3216 3642 3268 δὲ
3658 3215 3794 3269 τάν-

2211 3317 2370 3375 αντία
2398 3318 2576 3370 πάντα
2617 3315 2953 3386 περιθάλπον
2983 3331 3041 3367 τε
3067 3313 3161 3366 καὶ
3187 3312 3447 3382 περιέπον
3472 3310 3566 3363 καὶ
3588 3307 3792 3373 τιμῶν,

2211 3411 2336 3465 ἐπεὶ
2356 3411 2492 3482 πρὸς
2524 3411 2623 3475 τὰς
2656 3409 3124 3481 ἑκκλησιαστικάς
3152 3404 3413 3475 ἐνομίσθη
3438 3405 3553 3466 τοῖς
3581 3401 3796 3471 παροῦ-

2213 3517 2298 3556 σιν
2323 3500 2424 3554 ούκ
2461 3499 2846 3570 ἀπομάχεσθαι
2876 3497 3078 3563 λέξεις,
3106 3497 3198 3566 ὑφ’
3225 3490 3314 3557 αἷς
3335 3496 3543 3556 ἐκεῖνος
3572 3492 3663 3547 τὸν
3695 3491 3795 3544 θα-

2211 3591 2520 3661 νατηφόρον
2589 3590 2687 3660 τῆς
2729 3588 3071 3650 ἀποστασίας
3104 3586 3376 3658 ἔκρυπτεν
3435 3584 3536 3646 ἰὸν,
3585 3581 3789 3646 ἔδοξεν,

2211 3679 2402 3749 ῶσπερ
2423 3679 2633 3749 ἔφημεν
2664 3678 2758 3732 ἀπ’
2802 3679 3001 3749 ἀρχῆς,
3043 3678 3078 3728 ὁ
3117 3674 3525 3746 τρισαλιτήριος
3579 3671 3789 3732 ἐκεῖνος

2213 3771 2314 3824 οὐκ
2355 3770 2537 3840 ἔνοχος
2593 3769 2848 3831 ἀσεϐείας
2894 3764 3058 3830 εἶναι,
3103 3765 3242 3820 ἀλλὰ
3292 3764 3387 3818 τοῦ
3444 3762 3798 3832 φρονήματος

2214 3863 2482 3932 ὑπάρχειν
2521 3861 2616 3914 τοῦ
2681 3855 3183 3930 ὲκκλησιαστικοῦο
3234 3855 3532 3912 ἀπολύεται
3583 3851 3641 3904 δὲ
3705 3849 3800 3904 διὰ

2213 3952 2374 4008 τοῦτο
2397 3953 2496 4023 τῆς
2527 3952 2764 4015 ὲτάσεως
2809 3950 3158 4020 ὴθωωμένος,
3205 3951 3233 4002 6
3261 3947 3454 4015 διπλῆν
3494 3944 3642 4011 ἄξιος
3665 3942 3800 3994 ὑπο-

2217 4049 2364 4116 σχεῖν
2395 4046 2666 4116 τιμωρίαν
2705 4045 2808 4114 τῆς
2849 4061 2910 4096 τε
2963 4041 3223 4113 πατρῴας
3279 4039 3536 4101 ἀσεϐείας
3569 4036 3799 4105 καὶτῆς

2215 4137 2452 4208 ἀπάτης,
2483 4137 2551 4190 δι’
2577 4131 2645 4209 ἧς
2687 4135 2798 4190 τῶν
2828 4151 2888 4189 τε
2921 4135 3221 4206 κρινόντων
3253 4131 3352 4202 τὴν
3392 4129 3559 4201 ὀρθὴν
3602 4127 3789 4199 κρίσιν

2215 4229 2520 4300 διέστρεψε,
2576 4228 2670 4282 καὶ
2698 4227 2859 4296 δόξαν
2881 4225 3058 4297 ἐαυτῷ
3087 4223 3518 4285 δυσσεὸἐστατος
3557 4220 3654 4286 ῶν,
3685 4219 3793 4288 τῆς

2213 4321 2373 4392 ἡμῶν
2425 4320 2746 4386 εὐσεϐείας,
2796 4318 3142 4391 περιέφερεν.
3193 4317 3342 4387 Πλὴν
3397 4315 3512 4368 ἀλλ’
3557 4313 3679 4366 ἐπεί
3728 4327 3798 4380 γε

2217 4415 2496 4478 τοιαύταις
2536 4417 2807 4487 μηχαναῖς
2843 4414 2938 4468 τοῦ
2973 4412 3262 4483 κριτηρίου
3303 4409 3598 4472 ἀπολυθεὶς
3647 4409 3798 4460 αἰτεῖ

2217 4527 2276 4563 τε
2297 4509 2410 4581 (65)
2439 4509 2534 4562 καὶ
2557 4507 2820 4578 λαμβάνει
2871 4507 3022 4576 παρὰ
3055 4505 3148 4559 τοῦ
3181 4504 3446 4575 βασιλέως
3489 4502 3662 4555 τύπον
3693 4501 3792 4568 ἑγ-

2219 4619 2452 4671 τραφον,
2478 4601 2658 4654 πᾶσαν
2699 4599 2848 4670 αὐτῷ
2897 4598 3106 4651 διδόντα
3166 4596 3264 4666 τὴν
3316 4596 3504 4650 ἄδειαν
3537 4595 3678 4647 οίκοι
3733 4609 3800 4645 τε

2216 4692 2533 4764 διατρίϐειν,
2565 4692 2659 4743 καὶ
2698 4690 2767 4744 τὰ
2823 4688 2987 4743 αὑτοῦ
3035 4687 3462 4756 ἀνεπηρεάστως
3504 4684 3794 4754 πράττειν,

2215 4785 2308 4838 καὶ
2341 4784 2506 4854 μηδὲν
2530 4783 2612 4836 ἔτι
2646 4781 2754 4835 τῶν
2785 4781 3140 4849 συκοφαντῶν
3182 4779 3411 4832 δεδιέναι
3460 4777 3562 4838 τὰς,
3608 4775 3797 4844 γλώσ-

2215 4896 2334 4940 σας.
2379 4877 2627 4947 Ἀπάρας
2655 4871 2750 4929 οὖν
2789 4874 2889 4944 τῆς
2921 4871 3188 4942 βασιλίδος
3221 4871 3317 4925 καὶ
3347 4866 3672 4924 καταλαϐὼν
3694 4865 3799 4938 τὴν

2226 4969 2578 5039 Ἐπίσπαριν,
2621 4966 2962 5035 συναθροίζει
3007 4965 3104 5034 μὲν
3162 4964 3287 5024 τοὺς
3315 4961 3413 5029 τῆς
3449 4957 3798 5020 ἀποστάσιας

2219 5061 2471 5132 μαθητάς
2504 5076 2518 5090 °
2551 5057 2765 5113 ἐκεῖθεν
2796 5057 2853 5111 δὲ
2888 5055 3025 5126 πρὸς
3054 5053 3150 5124 τὴν
3183 5051 3521 5115 Μανάναλιν,
3558 5051 3618 5114 ἐξ
3647 5044 3717 5120 ἦς
3771 5051 3801 5102 ὁ

1625 5216 1863 5274 VARIIE
1901 5217 2287 5274 LECTIONES
2321 5217 2410 5272 ET
2464 5216 2700 5273 NOTAE.

609 5379 720 5447 (62)
753 5378 971 5433 Αὐτοῦ.
1021 5377 1094 5432 ita
1125 5395 1188 5433 ex
1221 5377 1417 5435 Nostro
1446 5392 1546 5449 pro
1569 5377 1905 5449 Coisliniano
1937 5376 2108 5448 αὐτῷ,

538 5451 680 5520 quod
713 5458 892 5520 tamen
930 5449 1116 5520 itidem
1143 5449 1322 5504 locum
1357 5448 1518 5520 suum
1558 5448 1696 5503 tueri
1729 5457 1926 5520 potest.

613 5521 721 5587 (6'5)
748 5519 876 5574 Τῶν
901 5518 1115 5588 ψυχῶν
1145 5520 1242 5573 καὶ
1264 5518 1543 5588 ψυχικῶν
1574 5517 1999 5588 μολυσμάτων.
2036 5518 2111 5572 Ita

535 5589 759 5653 Noster,
799 5591 892 5645 ubi
910 5587 1281 5645 CoiSliniauus
1309 5605 1470 5644 voces
1504 5589 1612 5641 τῶν
1648 5587 1835 5656 ψυχῶν
1868 5589 1962 5641 καί
2002 5604 2113 5642 non

540 5662 826 5731 agnoscit:
866 5661 936 5714 At
995 5671 1208 5716 veteres
1265 5660 1593 5731 baptismum
1633 5658 1835 5731 solent
1888 5659 2113 5731 omnino

539 5728 842 5802 animarum
871 5728 1489 5802 purgationemrvo‘care.
1537 5729 1742 5802 Eadem
1787 5728 1898 5802 fere
1925 5729 2109 5802 pbrasi

541 5817 664 5863 cum
694 5798 888 5860 Nostro
913 5802 989 5858 uti
1017 5803 1147 5857 mihi
1175 5801 1392 5857 videtur
1429 5798 1809 5854 Thcodorctus
1856 5800 1912 5853 in
1949 5798 2107 5855 Com—

2212 5378 2472 5430 mentario
2500 5377 2555 5428 in
2598 5375 2755 5428 Isaia:
2783 5389 2904 5442 cap.
2937 5388 3107 5437 χχχιι,
3141 5373 3232 5425 ubi
3278 5385 3473 5438 aquam
3529 5367 3793 5442 baptismi

2212 5455 2372 5501 vocat
2405 5445 2549 5514 ὕδωρ
2571 5445 2827 5514 λυτήριον
2851 5439 2962 5496 τῶν
2989 5441 3426 5513 ἁμαρτημάτων,
3461 5439 3554 5492 καὶ
3579 5439 3798 5509 καθαρ-

2209 5518 2400 5587 τήριον
2426 5515 2534 5568 τῶν
2583 5515 2792 5587 ψυχῶν.

2284 5580 3077 5659 (ϐίλΓεγρᾶφραι-γάρᾷίιοο
3101 5581 3318 5653 reposui
3352 5596 3451 5651 pro
3483 5580 3802 5659 γέγραπται

2212 5649 2342 5727 γάρ.
2377 5649 2564 5727 Neque
2593 5649 2740 5727 enim
2775 5649 2890 5710 haec
2919 5655 3146 5727 Photius
3166 5649 3382 5711 'uarrat'.
3411 5649 3506 5706 sed
3530 5665 3595 5704 ex
3621 5649 3796 5703 inter-

2218 5724 2389 5796 rogati
2419 5726 2706 5796 sententia,
2720 5733 2780 5796 et
2809 5724 3206 5796 menterefert.

2290 5790 2402 5869 (65)
2421 5795 2659 5851 Αἰτεῖτε.
2693 5794 2884 5850 Noster
2910 5795 3038 5867 legit
3061 5795 3312 5858 αἰτεῖται,
3351 5790 3633 5846 mendose.
