4088 6416
613 364 682 426 5')
1776 372 2007 432 PHOTI
2016 373 2040 431 Ι
2081 371 2589 431 PATRIARCH/E
2638 370 2746 429 GP.
3810 367 3885 430 60

606 478 719 541 bat,
771 485 1036 545 quantum
1084 477 1399 545 Zacharias,
1459 481 1554 535 sed
1614 483 1857 537 versutia
1898 493 1953 537 et
1980 483 2187 537 artibus

2307 482 2548 552 ποιμένος
2575 480 2688 552 (77)
2725 479 3016 549 ἐπώνυμον
3044 481 3159 542 τοῖς
3188 477 3404 540 πολλοῖς
3427 477 3718 549 περιεποιή
3730 494 3877 531 σατο-

604 569 727 638 plus
759 568 993 634 valebat,
1019 586 1147 625 cum
1187 571 1243 625 in
1282 572 1400 641 ipsa
1442 572 1681 627 hostium
1732 573 2017 627 invasione
2050 573 2195 628 illius

604 661 749 713 circa
813 661 972 714 ﬁdem
1010 661 1368 716 dissensionis
1422 678 1585 717 causa
1616 662 1934 734 aufugeret;
1975 664 2191 719 technis

607 754 806 818 fidens,
873 766 932 810 ut
971 773 1134 827 supra
1202 758 1473 821 diximus,
1505 773 1569 812 ac
1614 760 1801 828 procul
1848 760 2197 813 inimicorum

609 862 803 916 agmen
872 848 1169 903 adveniens
1195 850 1564 919 conspicatus,
1601 851 1827 921 gradum
1865 867 1895 905 e
1944 851 2072 923 fuga
2106 867 2199 906 re-

613 949 794 1005 vocat,
853 943 1162 1011 revertique
1191 944 1347 1012 jubet
1381 944 1629 1012 jumenta
1676 954 1730 998 et
1771 960 1987 1008 currus,
2028 959 2092 999 ac
2140 960 2199 998 se

620 1048 860 1102 suosque
927 1034 1136 1104 ﬁngens
1184 1049 1306 1088 esse
1361 1035 1668 1105 transfugas
1713 1045 1767 1089 et
1828 1036 2082 1100 deditos,
2145 1037 2199 1089 in

616 1139 909 1178 occursum
962 1126 1201 1179 hostium
1262 1126 1444 1189 venit,
1499 1128 1656 1196 quasi
1727 1127 1937 1181 scilicet
2005 1136 2199 1197 sponte

616 1231 743 1269 cum
793 1216 958 1270 sociis
1024 1218 1138 1270 suis
1198 1218 1535 1279 accederet,
1588 1234 1823 1288 cumque
1884 1219 2023 1273 dolis
2084 1219 2199 1273 suis

616 1305 779 1360 ﬁdem
816 1307 1063 1371 adderet,
1094 1320 1257 1379 atque
1291 1310 1505 1379 juratus
1534 1312 1749 1365 illorum
1776 1328 1833 1366 se
1873 1313 2040 1367 rebus
2077 1328 2201 1382 pro—

615 1399 826 1467 spicere
866 1400 1235 1461 conlirmaret,
1267 1417 1391 1454 cum
1417 1404 1742 1470 sequacibus
1767 1404 1881 1457 suis
1913 1404 2201 1459 incolumis

615 1490 733 1543 sine
761 1490 871 1543 ullo
904 1492 979 1545 rei
1020 1490 1303 1545 familiaris
1344 1493 1544 1546 damno
1584 1494 1841 1549 dimissus
1863 1501 1966 1549 est.
2008 1494 2201 1548 Postea

619 1590 838 1650 captato
888 1582 1027 1652 fuga:
1062 1592 1306 1652 tempore
1350 1584 1441 1637 ubi
1470 1586 1814 1638 occasionem
1860 1585 1961 1639 sibi
2016 1586 2200 1641 ollerri

619 1673 780 1735 vidit.
817 1688 943 1727 cum
997 1674 1321 1743 sequacibus
1359 1676 1558 1744 saepius
1604 1685 1961 1730 memoratum
1996 1678 2198 1743 vicum,

617 1763 921 1834 Episparim
954 1781 1170 1834 nempe,
1215 1783 1272 1820 se
1306 1768 1521 1836 recipit,
1556 1768 1647 1821 ubi
1680 1769 1964 1835 splendide
2010 1770 2077 1823 ab
2113 1770 2199 1823 in-

618 1855 751 1909 colis
780 1865 1043 1925 exceptus
1072 1866 1176 1910 est.
1205 1855 1381 1911 Locus
1404 1859 1623 1927 quidem
1666 1860 1755 1913 ille
1787 1860 2072 1913 hominum
2101 1861 2199 1914 de-

618 1947 844 2001 fectioni
865 1948 1175 2003 deditorum
1206 1950 1360 2019 quasi
1391 1950 1605 2004 ollicina
1630 1959 1766 2015 erat,
1802 1952 1874 2003 ita
1908 1960 1967 2005 ut
1993 1952 2045 2004 in
2078 1952 2200 2021 ejus

618 2038 867 2110 ingressu
899 2041 1173 2110 lampades
1210 2042 1663 2106 accenderentur,
1714 2043 1927 2111 aliaque
1976 2043 2200 2098 honoris

618 2131 769 2199 signa
801 2131 1186 2201 adjicerentur,
1219 2133 1399 2201 qualia
1430 2131 1638 2186 Christi
1680 2133 1965 2202 discipulis
1988 2135 2199 2189 deben-

618 2224 727 2268 tur.
764 2214 855 2270 Sic
906 2218 1082 2272 amice
1141 2228 1428 2288 susceptus
1478 2220 1658 2289 aliquo
1697 2228 1947 2290 tempore
1998 2222 2199 2279 ibidem

615 2317 865 2361 versatus
890 2316 993 2372 est,
1024 2308 1158 2364 alios
1184 2309 1464 2379 decipiens
1492 2320 1548 2365 et
1590 2311 1855 2382 deceptus
1884 2314 2019 2382 ipse,
2052 2329 2201 2368 asse-

618 2399 842 2468 clasque
881 2415 1009 2454 suos
1059 2400 1113 2453 in
1165 2402 1426 2470 perniciei
1483 2403 1803 2458 barathrum
1857 2407 2198 2475 deprimens.

617 2488 851 2552 Quidam
906 2504 1068 2558 porro
1101 2489 1463 2545 Cricoraches
1510 2493 1751 2557 nomine,
1794 2494 1885 2563 qui
1942 2496 2089 2549 inter
2115 2512 2207 2551 re-

618 2580 795 2648 gionis
812 2582 1162 2651 magistratus
1192 2585 1609 2649 numerabatur,
1639 2586 1891 2639 doctrina
1918 2589 2061 2656 pius,
2098 2589 2201 2643 ho-

616 2670 788 2726 nestis
836 2673 1103 2735 moribus,
1146 2675 1423 2745 religionis
1475 2678 1657 2731 studio
1686 2679 2050 2741 admirabilis,
2106 2680 2199 2748 qui

617 2762 737 2816 illos
763 2762 856 2817 Dei
888 2779 1078 2819 osores
1110 2766 1505 2831 detestabatur,
1555 2770 1647 2823 ubi
1705 2773 1975 2840 comperit
2030 2773 2199 2825 sedu-

615 2865 823 2910 ctorem
857 2857 909 2909 in
962 2857 1052 2911 illo
1082 2858 1202 2912 vico
1249 2860 1468 2929 degere,
1512 2871 1567 2916 et
1619 2863 1983 2918 defectionem
2028 2864 2200 2934 magis

618 2948 896 3018 magisque
927 2952 1239 3021 propagari,
1276 2953 1503 3007 collecta
1533 2955 1767 3009 militum
1795 2972 1983 3017 manu,
2013 2958 2067 3010 in
2112 2958 2194 3011 lo-

617 3056 767 3101 cum.
821 3043 910 3095 ubi
952 3044 1237 3112 apostasia:
1270 3047 1521 3115 mysteria
1563 3048 1933 3114 celebrantur,
1964 3066 2024 3104 se
2060 3067 2194 3104 con-

620 3131 765 3198 tulit,
815 3133 1143 3203 obsessaque
1196 3136 1379 3197 domo.
1413 3138 1739 3206 impietatis
1768 3140 2090 3209 principem,
2140 3150 2201 3195 ut

619 3226 759 3279 solet
791 3225 926 3291 fieri,
961 3226 1017 3280 in
1041 3228 1341 3297 repentinis
1381 3230 1688 3299 bujusmodi
1722 3234 2195 3301 expeditionibus,

619 3317 751 3369 dum
777 3317 866 3370 alii
901 3319 966 3373 ad
991 3319 1093 3372 alia
1120 3329 1431 3384 vertuntur,
1463 3338 1657 3392 capere
1687 3340 1797 3377 non
1833 3327 2046 3394 potuit;
2078 3325 2205 3395 fuga

620 3408 824 3477 quippe
874 3423 932 3461 se
976 3409 1355 3464 subduxerunt
1407 3430 1421 3464 :
1485 3412 1787 3481 discipulos
1840 3424 2023 3467 autem
2084 3416 2204 3483 ejus

623 3500 1057 3567 comprehendit,
1118 3509 1175 3555 et
1231 3512 1566 3572 grassantem
1627 3506 1761 3558 tanti
1819 3506 1943 3558 mali
1994 3517 2205 3575 pestem

622 3589 865 3643 coercuit
893 3599 949 3643 et
997 3591 1302 3660 dissipavit.
1348 3592 1517 3645 Ferox
1552 3602 1735 3647 autem
1775 3594 1864 3648 ille
1916 3597 2203 3664 apostasia:

622 3682 816 3736 doctor
839 3682 1129 3751 Iosephus,
1153 3684 1244 3753 qui
1272 3684 1434 3738 etiam
1460 3686 1866 3754 Epaphroditus
1885 3690 2200 3753 vocabatur,

622 3773 674 3823 vi
705 3773 965 3841 expulsus
990 3790 1057 3828 ex
1085 3789 1152 3827 eo
1181 3775 1323 3839 loco,
1352 3784 1411 3827 ut
1448 3774 1655 3828 dictum
1682 3786 1786 3839 est,
1812 3785 1869 3829 et
1902 3778 2025 3847 fuga
2063 3779 2203 3832 dila-

624 3875 757 3928 psus
786 3860 840 3914 in
856 3859 1166 3933 Phrygiam,
1198 3861 1349 3916 brevi
1378 3870 1567 3929 postea
1595 3871 1838 3932 tempore
1855 3864 2200 3921 Antiochiam

626 3950 840 4008 Pisidia:
856 3954 1136 4009 contendit
1155 3970 1169 4018 ;
1190 3952 1280 4007 ubi
1298 3952 1361 4007 ad
1372 3968 1508 4007 vena
1526 3969 1651 4007 cum
1667 3963 1833 4020 esset,
1854 3964 2116 4026 tutusque
2133 3958 2203 4013 ab

2312 574 2511 643 Ἰωσὴφ
2537 572 2595 625 δέ
2620 572 2752 642 ἄρα,
2785 575 2897 635 τοῖς
2943 572 3072 624 ποσὶ
3110 571 3209 640 μὲν
3247 570 3437 641 ὥσπερ
3464 571 3492 623 ὁ
3519 568 3793 639 Ζαχαρίας
3822 568 3883 621 ού

2306 664 2601 729 πιστεύων,
2632 663 2973 732 πανουργίαν
2996 662 3108 731 (78)
3129 662 3187 715 δέ
3210 663 3305 715 καὶ
3326 661 3579 732 μηχανὴν
3608 660 3775 731 ῥάψαι
3793 678 3887 713 τα-

2302 757 2536 829 χύτερος
2574 755 2671 819 ὣν,
2731 756 2827 809 καὶ
2860 755 3095 818 πίστεως
3121 754 3385 826 διαφορὰν
3408 753 3469 806 ού
3499 753 3668 806 θέλων
3691 752 3891 806 εἰδέναι

2310 848 2595 918 (ἐτύγχανε
2618 847 2726 917 γὰρ
2756 846 3167 915 ἀποδιδράσκων
3184 845 3306 898 κατ’
3331 844 3502 915 αὐτὴν
3520 843 3618 915 τὴν
3654 843 3766 895 τῶν
3793 860 3892 895 πο-

2303 940 2359 992 λε
2370 939 2506 1009 μίων
2528 939 2759 1007 ἔφοδον),
2786 934 2940 1001 οὗτος
2965 938 3029 1007 δὴ
3078 940 3190 999 τοῖς
3222 936 3553 1009 ἐρῤημένοις
3580 935 3889 1006 θαρρήσας,

2300 1032 2396 1085 καὶ
2421 1031 2694 1102 μακρόθεν
2718 1032 2778 1084 τὸ
2800 1032 3060 1101 πολέμιον
3092 1031 3492 1100 ἐπιφερόμενον
3524 1028 3890 1097 θεασάμενος,

2300 1127 2633 1195 ἀναστρέφει
2686 1126 2783 1196 μὲν
2841 1128 2940 1195 τῆς
2988 1126 3168 1194 φυγῆς
3214 1124 3394 1185 αὐτὸς.
3456 1120 3798 1193 ἀναστρέψαι
3834 1121 3893 1173 δὲ

2307 1216 2379 1269 τά
2396 1233 2454 1269 τε
2482 1217 2751 1285 ὑποζύγια
2780 1219 2875 1270 καὶ
2896 1220 2992 1280 τὰς
3025 1216 3241 1287 ἁμάξας
3262 1219 3372 1278 τοῖς
3400 1216 3690 1285 ἑπομένοις
3715 1231 3891 1285 προσ-

2306 1310 2515 1363 τάττει.
2547 1310 2656 1362 Καὶ
2686 1308 2749 1377 δὴ
2780 1307 3268 1377 κατασχηματίσας
3313 1307 3506 1358 ἐαυτόν
3550 1322 3609 1356 τε
3641 1303 3893 1365 καὶτοὺς

2305 1402 2422 1471 μετ’
2447 1400 2611 1453 αὑτοῦ
2638 1401 2774 1469 πρὸς
2797 1400 2856 1451 τὸ
2876 1398 2983 1451 τῶν
3016 1398 3331 1466 αὐτομόλων
3361 1398 3569 1467 σχῆμα.
3593 1395 3694 1465 τὴν
3723 1396 3879 1447 ἀντιο

2302 1492 2595 1562 πρόσωπον
2625 1490 2825 1560 ῆλαυνε
2880 1492 2994 1551 τοῖς
3027 1488 3336 1557 πολεμίοις·
3372 1490 3448 1551 ὡς
3496 1488 3661 1557 δῆθεν
3704 1486 3893 1548 αὐτοῖς

2303 1583 2549 1636 ἐπιοῦσιν
2604 1582 2940 1651 προσχωρῶν
2991 1580 3107 1649 ἅμα
3142 1583 3258 1643 τοῖς
3317 1580 3429 1649 (79)
3472 1581 3894 1647 συνεπομένοις,

2304 1674 2399 1727 κα)⁵
2446 1672 2602 1737 δόξας
2646 1672 2725 1742 τῷ
2771 1672 3051 1740 πλάσματι
3120 1672 3347 1735 πιθανὸς
3398 1671 3491 1724 καὶ
3528 1673 3596 1724 τὰ
3655 1670 3893 1722 ἐκείνων

2309 1764 2559 1833 στέργειν
2588 1764 2998 1833 ἐπομοσάμενος
3030 1763 3166 1832 (80),
3199 1762 3400 1832 ἀφείθη
3442 1764 3553 1831 (8|)
3575 1779 3635 1815 τε
3670 1763 3766 1815 σὺν
3782 1764 3898 1824 τοῖς

2308 1858 2594 1927 ἑπομένοις
2620 1855 2715 1907 τοῦ
2766 1855 3020 1917 Θανάτου,
3051 1854 3145 1905 καὶ
3181 1853 3289 1906 τῶν
3321 1854 3495 1907 ἄλλων
3530 1852 3750 1914 οὐδενὸς
3788 1850 3894 1921 τὴν

2307 1947 2509 2018 ζημίαν
2563 1946 2797 2015 ὑπέστη.
2875 1944 3316 2013 Καιροφυλακῶν
3380 1944 3439 1996 δὲ
3492 1943 3587 1995 τὸν
3628 1942 3897 2013 δρασμὸν,

2307 2038 2539 2107 ἐπείπερ
2590 2037 2738 2106 αὐτῷ
2761 2036 2855 2089 τὸν
2912 2034 3285 2105 μελετώμενον
3331 2034 3524 2105 καιρὸν
3584 2033 3900 2103 ἐπιτήδειον

2306 2124 2486 2198 εὗρεν,
2515 2127 2707 2196 φεύγει
2735 2125 2873 2195 μετά
2904 2125 3013 2178 τῶν
3038 2126 3345 2192 ἑπομένων,
3368 2127 3449 2188 είς
3480 2126 3535 2178 δὲ
3563 2126 3663 2195 τὴν
3691 2124 3897 2177 πολλά-

2307 2237 2395 2283 κις
2422 2219 2819 2289 ὀνομασθεῖσαν
2869 2217 3064 2286 κώμην
3120 2218 3453 2287 Ἑπίσπαριν
3504 2216 3895 2286 παραγίνεται,

2306 2316 2403 2366 καὶ
2428 2312 2683 2382 λαμπρᾶς
2714 2312 2861 2381 παρᾶ
2894 2311 3008 2380 (82)
3041 2310 3150 2362 τῶν
3173 2309 3531 2361 ἐνοικούντων
3566 2308 3666 2377 τῆς
3694 2308 3895 2361 ὑποδο-

2306 2405 2409 2475 χῆς
2438 2400 2617 2473 τυχὼν
2670 2402 2928 2471 (καὶγὰρ
2984 2397 3051 2469 ἦν
3098 2400 3205 2453 τῶν
3258 2400 3359 2469 τῆς
3396 2399 3735 2462 ἀποστασίας
3764 2401 3902 2470 ἐρα-

2309 2495 2450 2549 στῶν
2470 2496 2530 2547 τὸ
2550 2495 2750 2564 χωρίον
2768 2492 3177 2565 ἐργαστήριον),
3202 2491 3343 2544 ὥστε
3366 2493 3461 2545 καὶ
3477 2490 3765 2561 λαμπάδας
3783 2490 3902 2561 (85)

2306 2587 2457 2657 αύτῷ
2498 2587 2639 2639 κατά
2666 2587 2765 2657 τὴν
2805 2585 3010 2638 εἴσοδον
3046 2586 3177 2655 παρ’
3210 2584 3359 2653 αύτῷ
3413 2584 3902 2652 προσανάπτεσθαι

2308 2681 2401 2733 καὶ
2428 2679 2528 2749 τὴν
2558 2679 2723 2747 ἀλλην
2756 2680 2937 2731 πᾶσαν
2970 2676 3269 2747 θεραπείαν
3297 2678 3393 2730 καὶ
3414 2676 3599 2748 τιμὴν,
3637 2678 3738 2745 ὅση
3763 2678 3903 2747 Χρι-

2308 2770 2434 2825 στοῦ
2468 2772 2737 2841 μαθηταῖς
2790 2770 3172 2840 ἐποφείλεται·
3215 2762 3371 2833 οὗτος
3427 2770 3492 2837 δὴ
3530 2769 3673 2822 οῦτω
3710 2769 3905 2836 δεξίω-

2306 2863 2418 2924 θεὶς
2449 2862 2639 2931 χρόνον
2675 2861 2797 2913 τινὰ
2840 2861 3070 2914 διετέλει
3119 2860 3337 2914 πλανῶν
3372 2878 3431 2914 τε
3467 2864 3562 2914 καὶ
3597 2861 3901 2932 πλανώμε-

2306 2972 2420 3017 νος,
2488 2953 2587 3005 καὶ
2624 2953 2753 3016 τοὺς
2804 2953 3161 3022 πειθομένους
3199 2954 3280 3015 είς
3331 2954 3394 3005 τὸ
3465 2953 3566 3023 τῆς
3618 2953 3904 3015 ἀπωλείας

2307 3045 2631 3115 κατασύρων
2692 3044 2987 3115 βάραθρον.
3053 3044 3219 3113 Ἀνὴρ
3286 3043 3343 3095 δέ
3402 3060 3488 3104 τις
3540 3045 3902 3114 Κρικοράχης

2305 3138 2444 3207 ἔχων
2475 3138 2787 3207 ἐπώνυμον,
2807 3139 2920 3200 τοῖς
2941 3136 2996 3189 δέ
3024 3136 3202 3188 τέλεσι
3222 3135 3331 3188 τῶν
3358 3137 3671 3206 ἐπιχωρίων
3690 3137 3902 3207 ἀρχόν-

2301 3244 2411 3279 των
2433 3228 2544 3295 (84)
2570 3227 2977 3296 ἐξεταζόμενος,
3004 3225 3261 3291 θεοσεϐὴς
3282 3226 3379 3295 μὲν
3400 3227 3460 3278 τὸ
3479 3227 3678 3295 δόγμα,
3704 3228 3902 3280 εὐστα-

2308 3319 2404 3390 θὴς
2438 3319 2495 3371 δὲ
2520 3320 2582 3371 τὸ
2609 3314 2762 3389 ἦθος,
2798 3318 2890 3371 τόν
2920 3334 2981 3370 τε
3022 3317 3184 3387 ζῆλον
3224 3318 3576 3384 ἀξιάγαστος,
3628 3321 3725 3370 καὶ
3768 3319 3905 3382 τοὺς

2305 3409 2615 3477 θεοστυγεῖς
2647 3410 3074 3479 μυσαττόμενος,
3115 3407 3305 3479 μαθὼν
3325 3409 3414 3462 τὸν
3447 3409 3649 3463 πλάνον
3676 3412 3895 3480 ἐπιχωο

2308 3501 2597 3572 ριάσαντα,
2641 3503 2737 3555 καὶ
2778 3502 2877 3570 τὴν
2936 3501 3276 3555 ἀποστασίαν
3309 3502 3390 3555 ἔτι
3432 3502 3635 3572 μᾶλλον
3663 3504 3744 3565 είς
3786 3504 3909 3556 ἐπί-

2303 3595 2450 3648 δοσιν
2481 3594 2767 3663 χωροῦσαν
2784 3595 2926 3663 (85).
2946 3598 3105 3663 χεῖρα
3137 3592 3315 3645 λαϐὼν
3344 3594 3767 3665 στρατιωτικὴν,
3800 3613 3905 3650 κα-

2305 3686 2645 3755 ταλαμϐάνει
2693 3687 2784 3738 τὸν
2832 3688 3017 3748 τόπον.
3067 3687 3125 3739 ἐν
3184 3678 3229 3752 ᾧ
3283 3686 3350 3738 τὰ
3408 3688 3509 3757 τῆς
3554 3688 3906 3752 ἀποστασίας

2302 3778 2538 3831 ἐτελεῖτο
2583 3780 2886 3848 μυστήρια·
2940 3779 3033 3830 καὶ
3077 3777 3504 3847 κυκλωσάμενος
3534 3779 3634 3849 τὴν
3686 3780 3903 3846 οἰκίαν,

2305 3870 2470 3922 αὐτὸν
2497 3871 2595 3939 μὲν
2610 3872 2701 3922 τὸν
2724 3871 2822 3939 τῆς
2842 3868 3163 3931 δυσσεϐείας
3188 3868 3439 3939 ἔξαρχον,
3458 3865 3546 3923 οἷα
3566 3872 3629 3939 δὴ
3655 3872 3905 3940 συμϐαί-

2306 3960 2536 4032 νει(86),
2562 3963 2736 4016 ἄλλων
2757 3962 2892 4031 πρὸς
2916 3961 3052 4015 ἄλλα
3071 3962 3450 4033 τρεπομένων,
3480 3965 3535 4015 ἐν
3561 3967 3682 4028 ταῖς
3714 3966 3908 4034 αἰφνι-

1723 4167 1965 4223 VARUE
2002 4167 2392 4226 LECTIONES
2430 4169 2520 4224 ET
2555 4170 2786 4228 NOTAE.

694 4319 808 4391 (77)
850 4322 1009 4377 Ἀντί
1029 4324 1330 4392 ποιμένος.
1363 4326 1442 4381 Ita
1469 4336 1614 4382 recte
1646 4327 2013 4383 Coislinianus
2044 4326 2194 4383 :No-

622 4393 1144 4467 stermnugllo‘senw
1210 4398 1680 4467 ἀντιποιούμενος.
1734 4398 1927 4453 Petrus
1954 4400 2191 4462 Siculus,

623 4460 801 4538 p.52,
828 4463 1029 4538 clarius
1059 4475 1114 4518 ut
1143 4468 1300 4530 solet,
1330 4460 1569 4523 mentem
1606 4472 1831 4538 exponit
1852 4470 1938 4523 his
1966 4470 2149 4524 verbis
2176 4460 2190 4523 ὲ

2301 4329 2561 4383 mendose
2602 4329 2766 4384 habet
2794 4329 2885 4382 τὸν
2918 4329 3169 4394 θάνατον,
3202 4346 3299 4400 pro
3327 4330 3424 4383 τοῦ
3450 4330 3705 4391 θανάτου,
3733 4344 3905 4398 quem

2302 4414 2489 4453 casum
2513 4400 2738 4453 verbum
2763 4401 3012 4469 requirit.

2375 4470 2488 4537 (82)
2522 4470 2706 4538 Πιιρά,
2741 4467 2886 4524 recte
2917 4487 3015 4540 pro
3038 4470 3187 4540 περί,
3208 4469 3351 4538 quod
3381 4470 3434 4522 in
3466 4467 3669 4522 Nostro
3694 4480 3905 4525 exstat.

621 4529 1052 4609 Atb_tbv_st6f00n
1181 4529 1453 4609 ζαχαρίας
1487 4539 1639 4609 παρὰ
1678 4529 1803 4591 ’τῶν
1871 4538 2075 4605 ἄλλων,
2127 4538 2199 4603 ὡς

2379 4529 2491 4607 (83)
2533 4529 2885 4607 Λᾰμάάδας.
2918 4529 3307 4594 'lllustre'h'oc
3354 4550 3473 4593 erat
3528 4549 3583 4592 et
3624 4540 3810 4608 gaudii
3846 4550 3909 4596 et

624 4601 916 4679 “@9165.
945 4601 1168 4679 καὶούκ
1196 4601 1532 4679 ὤν’ποιμὴν.

695 4671 808 4749 (78)
833 4676 1239 4749 Πανουργίαν.
1291 4678 1369 4749 Ita
1402 4671 1521 4749 lego
1550 4693 1673 4732 cum
1706 4677 1923 4739 Nostro.
1959 4694 2055 4747 pro
2093 4695 2203 4749 quo

619 4739 986 4817 Coislinianus
1034 4739 1340 4817 πανουργία
1380 4749 1435 4803 in
1455 4739 1642 4803 "dandi
1698 4766 1850 4804 casu.
1893 4739 2029 4805 cum
2071 4739 2202 4805 vero

624 4812 966 4881 πανουργίαν
996 4812 1224 4891 ῥάπτειν
1258 4812 1420 4891 aque
1462 4820 1603 4874 bene
1634 4819 1738 4875 diei
1795 4822 1969 4889 possit
1997 4836 2062 4875 ac
2104 4822 2203 4891 ῥά-

621 4900 779 4956 πτειν
816 4886 1087 4954 μηχανήν,
1130 4888 1206 4941 nil
1241 4886 1396 4943 video
1419 4906 1623 4956 causae,
1668 4907 1766 4945 cur
1795 4886 1903 4945 non
1946 4886 2201 4945 eumdem

622 4954 881 5031 utrinque
903 4969 1091 5031 casum
1116 4959 1491 5031 admittamus,
1522 4971 1581 5015 ut
1610 4954 1847 5028 taceam,
1900 4963 2200 5031 incongrue

620 5022 728 5102 dici
760 5025 1081 5102 gravatam};
1122 5030 1347 5102 ῥάπτειν
1384 5022 1655 5102 μηχανήν,
1707 5022 1861 5101 aeque
1889 5047 1954 5086 ac
2000 5022 2201 5086 Lavtine

621 5092 964 5165 vix__dixeris,
1001 5092 1188 5165 fraude
1223 5101 1366 5155 dolos
1384 5092 1611 5156 'ne'c'tere'.

694 5163 804 5242 (79)
832 5166 975 5233 Ἅμα
996 5163 1139 5244 τοῖς.
1169 5170 1242 5224 [ta
1264 5189 1388 5225 eum
1412 5172 1606 5227 Nostro
1625 5188 1722 5242 pro
1745 5172 1862 5244 ἅμα
1878 5173 2003 5228 τῶν.
2028 5172 2201 5228 Dandi

621 5238 778 5308 enim
796 5251 964 5308 casus
1000 5238 1125 5293 huic
1156 5244 1433 5308 particul=e
1461 5238 1739 5298 convenit.

669 5303 809 5386 ,(80)
866 5303 1367 5386 ’βπομτζσᾷμενοᾳ
1402 5314 1494 5369 Sic
1544 5313 1740 5369 Noster
1786 5324 1965 5382 recte;
2028 5318 2202 5384 ἐπομ-

623 5377 771 5454 νύειν
802 5377 947 5454 enim
998 5380 1082 5433 vel
1127 5377 1503 5454 ἐπομνύεσθαι
1551 5377 2058 5454 frequentissimum
2112 5377 2199 5440 est

624 5446 768 5526 apud
816 5447 1053 5526 Grauios.
1088 5446 1488 5526 _Coi_slinianus
1541 5446 1962 5526 ὑπομοσάμενος
2018 5456 2199 5510 minus

624 5513 765 5592 bene
789 5535 802 5569 :
835 5518 895 5592 τὸ
921 5519 1301 5591 ὑπομόσασθαι
1323 5526 1468 5579 enim
1492 5542 1558 5581 ex
1586 5513 1820 5592 genuina
1853 5513 2199 5581 suavnotione

623 5584 804 5665 locum
835 5588 921 5665 hic
959 5584 1161 5665 habere
1188 5610 1297 5649 non
1331 5604 1527 5665 potest.
1564 5584 1699 5651 Vide
1728 5596 1952 5651 Suidam
1990 5606 2123 5651 tom.
2154 5596 2195 5660 Ι.

621 5659 1230 5736 νοςς-ἀκιθυπομόσαθαι
1266 5659 1603 5736 et'compara
1632 5667 1704 5721 ibi
1757 5677 1915 5721 notas
1955 5667 2194 5722 Kusteri.

696 5729 806 5807 (81)
852 5731 1111 5799 Ἀρείθη.
1157 5734 1234 5788 Ita
1281 5729 1493 5807 Noster:
1533 5753 1631 5805 pro
1682 5754 1791 5807 quo
1830 5738 2197 5793 Coisliuianus

622 5799 838 5871 ἀφέθηο
887 5814 1178 5875 utrumque
1238 5817 1400 5861 recte.
1450 5799 1618 5863 Paulo
1677 5799 1800 5877 post
1858 5826 1957 5865 ms.
2012 5819 2197 5866 noster

2308 4610 2487 4681 cultus
2517 4620 2915 4681 argumentum.
2936 4610 3106 4681 Lege
3127 4610 3193 4665 de
3232 4612 3335 4664 hoc
3366 4626 3516 4681 more
3548 4610 3701 4679 plura
3748 4612 3909 4679 apud

2305 4678 2673 4749 Ciampinum,
2726 4690 2866 4750 part.
2927 4680 2969 4736 1.
3042 4678 3313 4734 ’νειενιιηι
3379 4678 3905 4747 Monumentorum,

2305 4764 2427 4805 ean.
2456 4752 2541 4804 ‘22.

2373 4768 2656 4889 ῗέιόῑτοῖς
2709 4818 2778 4873 δὲ
2820 4819 3020 4875 τέλεσι
3055 4820 3171 4875 τῶν
3206 4821 3539 4889 ἀρχόντων.
3577 4821 3655 4875 ita
3700 4820 3911 4876 Noster

2304 4889 2419 4945 fere
2468 4892 2799 4960 pleonastice
2831 4909 2845 4943 :
2879 4908 3003 4945 nam
3048 4892 3373 4959 simpliciter
3411 4892 3569 4955 τέλος
3614 4892 3683 4945 de
3717 4894 3907 4960 magi-

2303 4970 2477 5014 stratu
2538 4962 2709 5030 accipi
2769 4961 2909 5016 solet
2964 4962 3106 5030 apud
3148 4961 3387 5016 Graecos.
3423 4960 3517 5016 Sic
3560 4961 3611 5014 οί
3643 4962 3702 5014 ἐν
3748 4960 3908 5015 τέλει

2303 5032 2473 5094 ὄντες,
2507 5042 2614 5086 etc.
2651 5032 2855 5086 Confer
2900 5042 3058 5085 notas
3095 5032 3160 5085 ad
3218 5030 3530 5086 Philostrati
3572 5031 3723 5085 Vitas
3792 5032 3908 5085 So-

2303 5102 2629 5171 phistarum,
2662 5119 2715 5171 p.
2748 5102 2874 5156 490.
2935 5103 3081 5157 Alias
3110 5118 3214 5156 vox
3246 5102 3401 5165 τέλος
3452 5102 3660 5156 nomini
3708 5102 3908 5157 addita

2303 5187 2424 5225 eam
2476 5188 2587 5225 rem
2648 5172 2967 5242 simpliciter
3017 5173 3281 5233 denotat,
3337 5189 3460 5241 qum
3510 5172 3737 5226 nomine
3788 5172 3909 5227 isto

2302 5243 2648 5310 exprimitur.
2682 5243 2757 5296 Ita
2789 5242 2940 5304 τέλος
2971 5244 3213 5311 πολέμου
3252 5242 3394 5295 idem
3422 5252 3528 5305 est,
3552 5243 3698 5311 quod
3742 5242 3911 5295 πόλε-
3964 5290 3975 5297 .

2304 5329 2427 5381 μος.
2450 5312 2651 5367 Confer
2689 5312 2807 5367 Jac.
2838 5312 3115 5367 Pcrizouii
3139 5312 3304 5367 Notas
3334 5312 3403 5367 ad
3441 5313 3645 5367 Ailiani
3700 5312 3907 5367 Varias

2302 5381 2584 5445 Historias,
2620 5384 2709 5444 Ill,
2744 5383 2834 5437 45.

2376 5453 2486 5519 (85)
2514 5455 2623 5507 Καὶ
2652 5455 2765 5521 τὴν
2798 5453 3186 5507 ἀποστασίαν
3212 5454 3262 5507 ἕ.
3285 5471 3347 5521 μ.
3374 5470 3426 5506 ε.
3461 5453 3509 5505 ἐ.
3541 5452 3899 5522 χωροῦσαν.

2300 5520 2419 5577 Νοη
2458 5520 2941 5596 agnoscitNoster,
2997 5524 3203 5596 librarii
3231 5520 3898 5596 oscitantis‘culpatqui

2301 5610 2370 5649 ex
2423 5591 2558 5649 voce
2598 5597 3043 5664 ἐπιχωριάσαντα
3092 5595 3143 5647 in
3181 5594 3400 5649 alliuem
3440 5609 3577 5650 sono
3603 5591 3907 5665 χωροῦσαν

2300 5682 2646 5737 praepropere
2670 5667 2923 5737 delapsus
2950 5666 3183 5737 videtur.

2371 5738 2480 5803 (86)
2519 5733 2863 5803 Συμϐαίνὲι.
2902 5735 2976 5791 Ita
3002 5734 3198 5792 Noster
3223 5745 3390 5803 recte,
3419 5751 3520 5808 pro
3568 5733 3909 5806 συμϐαίνειν

2300 5807 2644 5864 Coisliniani.
