4110 6416
244 388 314 451 61
1295 392 1593 454 CONTRA
1627 393 2091 461 MANICH/EOS
2128 392 2364 455 LIBER
2404 392 2456 452 Ι.
3441 385 3512 449 62

242 500 380 565 δίοις
402 502 723 573 ἐπιδρομαῖς
757 522 817 559 τε
855 507 950 559 καὶ
976 506 1208 575 ἐφόδοις,
1233 507 1330 577 οὐχ
1352 504 1515 559 εἷλεν·
1540 508 1693 561 ἔλαθε
1717 508 1830 578 (87)

1938 506 2380 577 insequentibus,
2424 511 2612 573 utpote
2643 500 2733 571 qui
2756 500 2823 556 ab
2850 500 2956 556 illis
2988 498 3306 570 longissimo
3332 499 3511 568 spatio

244 597 360 664 γὰρ
374 594 677 663 διαφυγών·
703 598 831 662 τοὺς
859 598 915 652 δὲ
936 598 1182 669 μαθητὰς
1213 601 1439 670 συνέσχε
1468 601 1560 653 τοῦ
1593 602 1821 663 πλάνου,

246 686 348 738 καὶ
376 686 474 757 τὴν
487 688 659 757 νομὴν
687 689 828 753 τέως
867 690 959 744 τοῦ
980 690 1301 762 τηλικούτου
1322 690 1493 744 κακοῦ
1519 690 1828 761 φερομένην

246 777 452 847 ἐπέσχε
482 780 574 832 καὶ
599 781 961 851 ἀνεχαίτισεν.
994 783 1053 836 '0
1090 783 1146 835 δὲ
1196 784 1297 853 τῆς
1320 784 1653 845 ἀποστασίας
1674 776 1829 845 οὗτος

248 868 456 939 θερμὸς
472 870 788 936 διδάσκαλος
817 873 1013 944 ’ῐωσὴφ
1042 869 1131 944 (ἦν
1148 874 1205 928 δὲ
1224 873 1371 945 αύτῷ
1386 874 1481 927 καὶ
1506 874 1534 926 ὁ
1550 872 1827 942 Ἐπαφρό-

246 960 397 1023 διτος
444 962 637 1034 ὄνομα)
676 963 955 1035 κραταιῶς
1002 966 1252 1031 ἐλασθεὶς
1293 966 1415 1019 ὅθεν
1458 967 1673 1036 εἴρηται
1698 964 1831 1034 (88),

248 1051 353 1103 καὶ
409 1054 510 1123 τὴν
565 1055 742 1123 φυγὴν
800 1056 895 1110 ἐπὶ
958 1057 1201 1128 Φρυγίαν
1252 1059 1593 1125 ποιούμενος,
1658 1056 1835 1127 χρόνῳ

248 1140 483 1211 ὕστερον
513 1142 706 1215 βραχεῖ
722 1146 1137 1217 καταλαμϐάνει
1166 1148 1265 1218 τὴν
1287 1150 1345 1201 ἐν
1375 1148 1594 1217 Πισιδίᾳ
1630 1146 1835 1200 Ἀντιό-

1931 598 2177 659 distaret,
2210 595 2410 650 multos
2451 592 2749 646 incolarum
2780 591 2845 644 ad
2870 590 3184 661 pestiferam
3216 606 3371 644 suam
3421 604 3511 643 se-

1932 699 2073 745 ctam
2098 688 2324 743 abduxit
2352 728 2367 753 ,
2415 698 2777 757 magnamque
2805 685 2946 754 apud
2995 700 3088 739 eos
3120 683 3512 755 benignitatem

1933 790 2189 851 expertus
2213 789 2316 844 est,
2346 778 2438 850 qui
2465 788 2753 848 postquam
2783 776 3003 846 impiam
3030 776 3175 829 illam
3208 774 3512 830 doctrinam

1933 890 2033 945 per
2061 889 2234 929 annos
2264 871 2618 942 quadraginta
2646 869 2838 939 plenos
2865 869 3254 939 praedicaverat
3278 906 3293 929 ,
3341 866 3513 920 scele-

1932 977 2073 1021 stam
2098 965 2597 1033 exsecrandamque
2624 963 2790 1016 vitam
2831 977 2957 1015 cum
3000 970 3174 1015 morte
3205 966 3515 1015 commuta-

1930 1056 2010 1111 vit
2041 1056 2096 1109 in
2118 1056 2377 1110 suburbio
2402 1056 2675 1125 praedicta:
2705 1054 2873 1117 urbis,
2915 1053 3061 1122 quod
3084 1050 3515 1122 Chortocopium

1932 1154 2187 1200 vocatur.

250 1248 430 1303 χειαν,
460 1229 575 1307 ἐνῇ
604 1238 968 1307 παροικήσας,
1010 1239 1104 1291 καὶ
1145 1240 1326 1301 ἀδείας
1355 1238 1463 1291 τῶν
1506 1237 1812 1292 δακνόντων
1850 1236 2181 1305 λαϐόμενος,
2213 1236 2309 1289 an
2374 1236 2439 1306 δὴ
2482 1236 2689 1289 τούτων
2742 1235 2818 1298 ὡς
2867 1234 3207 1305 πορρωτέρω
3265 1231 3516 1297 διαστὰς,

250 1326 487 1391 πολλοὺς
516 1329 616 1398 μὲν
643 1330 750 1383 τῶν
778 1332 1090 1403 ἐπιχωρίων
1120 1332 1222 1399 τῆς
1253 1330 1419 1385 αὐτοῦ
1445 1331 1625 1402 λύμης
1654 1330 1817 1401 ἔργον
1857 1329 2163 1396 ἀπέδειξεν,
2222 1328 2426 1399 πολλῆς
2458 1329 2516 1382 δὲ
2547 1329 2675 1409 τῆς.
2705 1330 2837 1397 παρ’
2884 1328 3111 1380 ἐκείνων
3142 1327 3372 1390 ἠξίωται
3436 1326 3521 1379 δε·

252 1419 520 1485 ξιώσεως·
548 1425 643 1477 καὶ
671 1426 771 1495 τὴν
814 1426 1073 1481 ἀσέϐειαν
1126 1426 1302 1480 ἔτεσιν
1349 1428 1490 1490 ὅλοις
1528 1427 1827 1498 τριάκοντα
1866 1426 2144 1498 κηρύξας,
2184 1426 2340 1496 μόλις
2385 1426 2517 1479 ποτὲ
2547 1425 2637 1478 τὸν
2684 1424 2970 1492 ἐξάγιστον
3028 1422 3124 1475 καὶ
3184 1420 3520 1491 ἐϐδελυγμέ-

249 1526 346 1564 νον
379 1512 634 1564 καταλύει
656 1512 791 1582 βίον,
826 1515 886 1566 ἐν
917 1516 1224 1587 προαστείῳ
1250 1516 1350 1587 τῆς
1371 1517 1669 1587 εἰρημένης
1722 1516 1932 1580 πόλεως
1995 1517 2057 1568 οὑ
2126 1516 2318 1589 πόρρω
2373 1515 2723 1587 διακειμένῳ,
2780 1515 2878 1567 κα).
2911 1513 3010 1586 την
3041 1515 3337 1584 ὀνομασίαν
3374 1516 3520 1582 Χορ-

251 1609 513 1662 τοκοπίον
545 1607 654 1675 (89)
682 1608 882 1679 ἔχοντι.

329 1700 417 1752 K'.
444 1699 563 1752 Ἔτι
588 1700 644 1753 δέ
701 1700 797 1753 τοῦ
846 1699 1255 1772 τρισαλιτηρίου
1308 1700 1387 1773 τῷ
1415 1700 1517 1773 βίῳ
1557 1716 1827 1773 παροντος

1996 1699 2142 1754 XXI.
2170 1699 2305 1755 Cum
2346 1709 2528 1755 autem
2562 1708 2844 1770 superstes
2865 1700 3044 1755 adhuc
3081 1709 3264 1766 esset,
3309 1709 3365 1756 et
3419 1703 3520 1756 im-

257 1793 357 1843 καὶ
391 1791 735 1859 ἀκμάζοντος
771 1791 871 1863 τὴν
904 1793 1181 1857 ἀσέϐειαν,
1213 1794 1311 1862 μία
1338 1812 1423 1859 τις
1444 1794 1553 1847 τῶν
1585 1795 1833 1865 συνήθων

1936 1795 2139 1866 pietate
2161 1793 2395 1859 ﬂoreret,
2423 1795 2618 1849 mulier
2644 1796 2893 1865 quzedam
2922 1796 3022 1865 ipsi
3057 1796 3356 1860 familiaris,
3395 1814 3517 1867 qua:

253 1882 411 1951 αὐτῷ
444 1881 595 1953 ἀνδρὶ
651 1882 743 1935 διά
778 1883 958 1953 γάμον
1012 1884 1361 1955 ἡρμοσμένη,
1396 1885 1671 1954 ἐξυϐρίζει
1735 1886 1834 1955 μὲν

253 1976 361 2040 τὴν
413 1973 743 2045 ἀνύϐριστον
772 1975 982 2045 κοίτην,
1019 1976 1237 2040 ἔκδοτος
1261 1978 1317 2030 δέ
1350 1978 1561 2046 γίνεται
1591 1979 1830 2049 μοιχείᾳ.

252 2066 365 2119 Τὸν
404 2066 461 2120 δέ
510 2068 882 2139 διαρῥήξαντα
940 2069 1051 2140 (90)
1102 2071 1231 2134 τοὺς
1281 2071 1599 2141 ἀλλοτρίους
1619 2072 1834 2141 γάμους

252 2160 353 2213 ἕνα
392 2163 493 2230 μὲν
526 2158 665 2215 εἰναι
722 2161 832 2215 τῶν
869 2163 1127 2233 μαθητῶν
1177 2181 1311 2232 φασι
1349 2164 1443 2217 τοῦ
1476 2164 1715 2218 πλάνουο
1772 2163 1834 2229 ἐξ

262 2252 540 2322 Ἐϐραίων
562 2254 619 2306 δὲ
650 2254 789 2324 πρὸς
820 2254 921 2326 τὴν
966 2255 1124 2309 ἄθεον
1153 2255 1451 2326 θρησκείαν
1483 2255 1833 2326 μεταϐληθῆ-

251 2359 368 2396 ναι.
408 2343 555 2412 Πλὴν
582 2344 645 2397 ἐκ
673 2344 933 2415 τοιαύτης
965 2346 1155 2398 ἀδίκου
1190 2363 1248 2398 τε
1289 2346 1388 2400 καὶ
1426 2346 1834 2417 ἐϐδελυγμένης

256 2434 465 2501 μίξεως
510 2434 756 2490 τίκτεται
809 2439 876 2507 τῇ
931 2437 1205 2506 μοιχαλίδι
1237 2437 1301 2489 τὸ
1358 2438 1447 2491 ἐπ’
1507 2438 1831 2507 αἰσχρότητι

252 2525 353 2576 καὶ
383 2524 638 2597 βδελυρίᾳ
676 2527 999 2596 περιϐόητον
1028 2528 1195 2595 (ἄγος,
1228 2530 1258 2580 ὁ
1296 2529 1542 2599 ῥυπαρὸς
1572 2530 1667 2582 καὶ
1692 2528 1830 2581 ἀκά-

254 2616 457 2687 θαρτος
491 2618 725 2689 Βαάνης.
767 2614 933 2682 Οὗτος
972 2616 1065 2674 οὖν
1101 2620 1196 2690 τὴν
1227 2622 1475 2692 κορυφὴν
1506 2621 1614 2675 τῶν
1644 2622 1835 2674 κακῶν

259 2709 291 2759 ὁ
341 2709 615 2778 χείριστος
672 2710 976 2781 διαδέχεται
1014 2713 1125 2781 (91)
1170 2712 1262 2764 τὸν
1301 2713 1595 2783 εἰρημένον
1664 2715 1835 2766 Ἐπα-

261 2802 507 2870 φρὸδιτον
546 2804 575 2854 ὁ
606 2802 821 2873 Βαάνης
844 2820 859 2835 ο
893 2802 954 2865 ὃς
982 2804 1162 2856 πάντα
1196 2804 1295 2874 μὲν
1332 2806 1400 2858 τά
1441 2805 1551 2858 τῶν
1595 2805 1703 2876 πρὸ
1729 2806 1831 2860 αύ-

258 2889 374 2953 τοῦ,
403 2884 482 2951 οἷς
519 2893 896 2958 συνεκροτεῖτο
936 2892 969 2962 ἡ
1002 2892 1252 2957 ἀσέϐεια,
1283 2892 1553 2962 στέργων,
1582 2891 1834 2961 ἀκαθαρ-

256 2979 351 3047 σίᾳ
381 2979 439 3031 δέ
470 2979 588 3049 βίου
617 2980 713 3033 καὶ
744 2981 1015 3049 σωμάτων
1063 2980 1277 3051 μίξεσιν
1299 2982 1563 3052 ἀρρήτοις
1584 2981 1680 3035 καὶ
1710 2983 1834 3043 ταῖς

251 3071 446 3132 ἄλλαις
490 3071 937 3144 ἀθεμιτουργίαις
982 3072 1109 3136 τοὺς
1144 3073 1459 3145 ἔμπροσθεν
1506 3070 1833 3141 φιλονεικῶν

258 3163 713 3233 ἀποκρύψασθαι,
758 3166 982 3220 διετέλει
1023 3167 1291 3222 διδάσκων
1319 3170 1444 3231 τοὺς
1475 3167 1834 3239 πειθομένους

250 3258 357 3328 τὴν
393 3258 636 3329 ὀλέθριον
668 3259 924 3330 μάθησιν.
973 3260 1109 3313 Ὑπὸ
1139 3262 1196 3314 δὲ
1223 3261 1350 3324 τοὺς
1380 3261 1579 3324 αὐτοὺς
1607 3259 1837 3329 χρόνους

255 3348 658 3416 συναναφύεται
700 3349 778 3420 τῷ
832 3350 1170 3421 πολυμόρφῳ
1227 3350 1406 3419 τούτῳ
1459 3351 1555 3404 καὶ
1589 3349 1835 3421 βδελυρῷ

256 3438 437 3509 θηρίῳ
482 3440 668 3511 ἕτερόν
718 3458 771 3493 τι
811 3443 1196 3512 παραπλήσιον
1256 3441 1607 3513 δρακοντείου
1664 3441 1837 3511 γέμον

259 3531 366 3583 ἰοῦ.
397 3532 573 3602 Κώμη
606 3534 661 3587 δέ
692 3529 759 3605 ἦν
793 3535 941 3605 αὐτῷ
974 3537 1231 3606 πατρὶςή
1277 3535 1428 3588 Ἀνία
1453 3534 1589 3601 (92),
1623 3537 1688 3604 τῇ
1725 3535 1837 3586 Ta-

260 3623 358 3692 ϐίᾳ
395 3626 770 3694 πλησιάζουσα
797 3628 971 3688 πόλει.
1005 3630 1101 3680 καὶ
1134 3630 1359 3697 Δρυῒνος
1407 3624 1476 3699 ἦν
1508 3627 1583 3697 τῷ
1610 3627 1835 3697 δειλαίῳ

260 3717 326 3768 τὸ
355 3718 541 3788 ὄνομα,
577 3723 677 3791 τῆς
718 3721 969 3790 κλήσεως
1019 3721 1467 3792 θριαμϐευούσης
1504 3723 1597 3774 τὸν
1634 3720 1839 3773 ἰοϐόλον

260 3815 360 3865 καὶ
403 3815 729 3883 φθοροποιὸν
780 3816 906 3883 ὅφιν
934 3816 1044 3885 (95)
1093 3815 1469 3885 κρυπτόμενον
1524 3815 1582 3866 ἐν
1627 3813 1839 3881 ἀνθρω-

258 3904 404 3974 πίνῳ
433 3905 545 3975 (94)
602 3906 945 3977 σκηνώματι.
1010 3907 1197 3976 Τούτῳ
1244 3907 1321 3977 τῷ
1373 3907 1548 3978 θηρίῳ
1592 3908 1839 3961 τίκτεται

259 3998 413 4060 παῖς,
444 3998 505 4061 ἐξ
529 3998 727 4062 αὐτῶν,
750 3994 928 4069 οῐμαι,
951 3999 1057 4052 τῶν
1084 3999 1303 4053 ἰοϐόλων
1340 4000 1540 4069 μᾶλλον
1580 4000 1836 4070 σπερμά-

257 4106 371 4140 των
398 4089 491 4142 τοῦ
520 4091 830 4160 ἀρχεκάκου
860 4092 970 4163 (95)
1018 4092 1215 4160 ὄφεως,
1270 4092 1300 4162 ἢ
1335 4092 1399 4144 ἐκ
1424 4093 1517 4145 τοῦ
1552 4091 1837 4163 προσεχῶς

260 4178 466 4245 φύντος
509 4182 684 4235 ’ἐλκων
718 4182 815 4245 τάς
852 4183 1110 4253 ἀπαρχὰς
1140 4185 1242 4252 τῆς
1288 4184 1579 4251 γενέσεως.
1611 4182 1838 4235 Τίθεται

258 4268 308 4321 δ’
334 4264 432 4323 οὖν
466 4272 494 4324 ὁ
520 4274 703 4344 πατὴρ
754 4273 830 4344 τῷ
884 4274 1200 4345 γεννηθέντι
1237 4274 1430 4345 κλῆσιν
1456 4274 1552 4345 τὴν
1587 4273 1836 4345 Σέργιον,

1937 1888 2054 1941 viro
2082 1899 2249 1957 nupta
2281 1896 2417 1950 erat,
2461 1887 2833 1943 inviolabilem
2869 1889 3130 1942 connubii
3191 1898 3369 1943 torum
3426 1892 3519 1945 de-

1937 1979 2139 2049 Spexit,
2172 1988 2225 2033 et
2252 1978 2599 2033 fornicationi
2632 1996 2691 2035 se
2730 1980 2958 2035 dedidit.
2980 1981 3146 2035 Aiunt
3176 1997 3339 2051 porro
3370 1998 3517 2048 eum,

1900 2080 1903 2081 '
1936 2069 2028 2138 qui
2054 2069 2261 2123 alienas
2286 2070 2504 2138 nuptias
2530 2071 2788 2135 violavit,
2843 2072 3151 2126 seductoris
3184 2073 3515 2144 discipulum

1935 2156 2126 2221 fuisse,
2156 2157 2248 2227 qui
2283 2172 2348 2211 ex
2389 2156 2629 2214 Hebraeis
2666 2160 2730 2214 ad
2776 2160 2996 2229 impiam
3022 2162 3166 2215 illam
3202 2164 3514 2233 religionem

1936 2249 2437 2319 transmigraverat.
2469 2250 2551 2304 Ex
2601 2250 2822 2323 indigna
2852 2268 3015 2320 porro
3042 2261 3098 2306 et
3151 2253 3514 2308 abominanda

1938 2340 2251 2410 huiusmodi
2278 2342 2660 2396 commistione
2706 2344 2952 2398 adultera
2980 2345 3179 2398 mulier
3238 2345 3511 2402 famosum

1935 2431 2066 2485 illud
2089 2432 2574 2502 turpissimumque
2614 2436 2792 2488 scelus
2816 2438 3061 2504 peperit,
3109 2439 3513 2493 exsecrandum

1935 2537 2133 2590 nempe
2167 2520 2424 2575 Baanem.
2458 2522 2557 2576 Hic
2580 2523 2744 2593 igitur
2769 2525 3136 2592 nequissimus
3164 2526 3375 2581 Baanes
3397 2544 3515 2581 me-

1933 2623 2209 2668 moratum
2257 2614 2683 2685 Epaphroditum
2721 2616 2960 2684 excipit,
3011 2618 3102 2686 qui
3132 2620 3315 2672 omnia
3363 2620 3516 2688 prius

1934 2705 2187 2759 stabilitas
2231 2704 2526 2775 impietatis
2574 2706 2826 2776 dogmata
2859 2707 3102 2761 retinens
3134 2748 3150 2772 ,
3196 2708 3515 2778 impuritate

1935 2810 2119 2855 autem
2153 2801 2278 2855 vita:
2306 2812 2361 2856 et
2386 2801 2639 2856 nefandis
2661 2816 2950 2871 corporum
2985 2804 3335 2859 mistionibus
3362 2806 3516 2860 aliis-

1934 2910 2041 2963 que
2069 2893 2368 2949 sceleribus
2394 2894 2827 2964 praedecessores
2854 2910 2981 2950 suos
2997 2896 3273 2950 occultare
3290 2898 3518 2952 studens

1933 2984 2299 3054 perniciosam
2330 2984 2670 3053 disciplinam
2707 2986 3035 3056 sequacibus
3086 2987 3300 3041 tradere
3329 3004 3518 3057 perse-

1937 3074 2168 3130 veravit.
2200 3074 2405 3130 Eodem
2434 3090 2597 3144 porro
2630 3084 2877 3146 tempore
2908 3076 3037 3131 huic
3085 3077 3407 3131 multiformi
3463 3088 3519 3133 et

1939 3167 2230 3223 horrenda:
2254 3168 2383 3223 ferae
2412 3170 2516 3223 alia
2542 3169 2736 3224 similis
2767 3170 3106 3235 adnascitur,
3138 3170 3394 3225 draconis
3423 3187 3519 3225 ve-

1934 3274 2080 3313 neno
2121 3260 2299 3328 plena.
2343 3258 2481 3313 Huic
2521 3260 2693 3328 patria
2759 3268 2876 3313 erat
2925 3259 3090 3325 Ania,
3123 3260 3276 3315 vicus
3337 3260 3520 3315 Tabite

1935 3348 2055 3403 urbi
2087 3350 2404 3418 proximus:
2460 3350 2800 3419 scelestoque
2839 3366 3039 3405 nomen
3089 3360 3208 3406 erat
3260 3353 3516 3423 Dryinus,

1933 3441 2079 3509 quod
2119 3442 2444 3495 vocabulum
2472 3442 2778 3495 latitantem
2810 3441 2866 3495 in
2896 3442 3137 3497 humano
3168 3460 3400 3514 corpore
3428 3461 3517 3499 ve-

1940 3547 2208 3587 nenosum
2275 3533 2757 3603 perniciosumque
2837 3542 3148 3603 serpentem
3218 3536 3516 3591 indicabat.

1942 3626 2094 3680 Ferae
2120 3625 2433 3695 huiusmodi
2459 3626 2703 3679 nascitur
2755 3626 2915 3691 ﬁlius,
2948 3642 3013 3680 ex
3050 3627 3204 3696 ipsis,
3240 3637 3299 3682 ut
3361 3638 3516 3697 puto,

1940 3718 2143 3772 veteris
2175 3718 2449 3788 serpentis
2475 3718 2765 3774 venenosis
2788 3719 3092 3774 seminibus
3119 3719 3302 3789 potius
3333 3729 3516 3775 ortum

1940 3811 2167 3876 ducens,
2208 3826 2372 3881 quam
2396 3826 2463 3866 ex
2494 3820 2721 3881 parente
2750 3828 2868 3867 suo.
2902 3812 3048 3867 Proli
3079 3829 3192 3867 sua
3225 3822 3381 3883 pater
3414 3831 3519 3867 no-

1942 3917 2067 3955 men
2109 3902 2342 3971 imponit
2368 3900 2602 3973 Sergius,
2636 3904 2781 3974 quod
2809 3919 2903 3958 vas
2937 3919 3057 3959 esse
3091 3905 3258 3960 totius
3283 3906 3517 3961 diaboli-

1945 4011 2023 4050 ca:
2065 3996 2321 4064 nequitiae
2368 4011 2537 4066 capax
2592 3998 2876 4065 sequentia
2937 3998 3405 4053 demonstrarunt.
3466 4000 3518 4054 Is

1948 4095 2065 4140 erat
2102 4087 2170 4141 ad
2204 4087 2604 4156 pervadendam
2643 4096 2700 4141 et
2738 4088 3139 4157 praadicandam
3180 4090 3516 4161 impietatem

1946 4189 2127 4240 natus,
2147 4187 2396 4233 versatus
2423 4178 2477 4232 in
2498 4179 2840 4245 occultanda,
2868 4190 3113 4252 tempore
3132 4183 3204 4237 ita
3228 4185 3516 4249 suadente,

1944 4272 2215 4327 sententia
2248 4288 2366 4337 sua,
2435 4271 2503 4327 ad
2534 4272 2893 4328 simulandam
2931 4275 3187 4330 virtutem
3241 4277 3517 4347 composi-

1332 4404 1563 4460 VAIll/E
1608 4404 1993 4461 LECTIONES
2044 4405 2132 4460 ΕΤ
2175 4404 2407 4460 NOTAE.

336 4564 703 4633 (8Ἱ)Ἔ’λαθε.
729 4562 853 4621 llaec
877 4560 1054 4633 Nostri
1078 4560 1239 4633 lectio
1268 4572 1370 4621 est,
1396 4562 1563 4630 proba
1594 4560 1837 4625 omnino,
1874 4563 1918 4618 D
1945 4564 2088 4633 quod
2140 4579 2249 4616 non
2286 4560 2579 4633 fillibenter
2621 4560 2775 4633 alteri
2823 4561 2910 4616 isti
2955 4564 3355 4621 substituerim.
3396 4566 3509 4621 Vox

261 4644 321 4689 et
363 4650 488 4688 cum
530 4634 695 4687 altera
743 4632 1059 4691 Coisliniani
1114 4632 1281 4702 ήλασε
1332 4633 1557 4684 omnino
1619 4647 1841 4699 permu-

265 4706 451 4757 tanda.
518 4704 610 4756 Sic
679 4704 1072 4759 Demosthenes
1111 4701 1143 4755 :7
1192 4701 1423 4753 Ἐλαθον
1490 4703 1638 4770 ἡμᾶς
1699 4703 1838 4754 ἀπο-

259 4777 489 4843 δράντες
508 4788 523 4801 ·
552 4774 688 4827 clam
717 4778 860 4829 nobis
891 4777 1156 4845 fugeruut.

340 4845 451 4913 (88)
480 4845 781 4912 Κραταιῶς
802 4840 1037 4907 ἐλαθεὶς
1067 4841 1206 4897 ὅθεν
1226 4840 1708 4913 εἴρηταιηΝοειθιυ
1742 4859 1840 4912 pro

263 4915 500 4975 ἐλαθεὶς,
536 4917 655 4983 (vel
714 4917 962 4979 ἐλασθεὶς
989 4930 1055 4968 ex
1118 4913 1325 4964 ἐλαύνω
1353 4918 1370 4980 )
1403 4912 1531 4982 legit
1562 4914 1836 4983 ἐρασθείς,

266 4985 404 5039 forte
434 5001 542 5039 non
577 5002 766 5054 parum
814 4986 1031 5043 melius.
1058 4998 1125 5037 eo
1154 4997 1355 5054 sensu,
1395 4983 1537 5053 quod
1568 4984 1838 5053 Josephus

264 5056 377 5115 ille,
436 5057 527 5123 qui
576 5053 629 5109 et
680 5054 1080 5125 Epaphroditus
1112 5053 1288 5125 dictus
1345 5054 1437 5113 sit.
1491 5054 1646 5108 valde
1676 5056 1839 5110 fuerit

260 5135 479 5179 amatus
504 5142 532 5179 a
591 5124 737 5190 suis,
766 5124 1008 5193 adeoque
1053 5140 1193 5194 aegre
1225 5124 1505 5185 dimissus.
1557 5134 1612 5178 et
1644 5125 1771 5180 hinc
1805 5142 1835 5181 a

260 5195 641 5251 Pisidensibus
678 5197 854 5249 amice
906 5204 1186 5264 exceptus.
1228 5194 1410 5249 Lectio
1444 5195 1545 5248 ista
1582 5204 1637 5249 et
1665 5195 1835 5249 inter-

262 5266 500 5333 pretatio
525 5266 880 5321 confirmatur
914 5267 1271 5334 sequentibus
1309 5265 1489 5335 verbis
1528 5264 1651 5317 ὅθεν
1680 5266 1835 5335 εἴρη-

262 5351 377 5397 ται,
414 5337 448 5388 i.
479 5353 531 5390 e.
558 5338 695 5389 unde
721 5333 1019 5404 appellatus
1040 5346 1136 5395 est.
1170 5336 1377 5389 scilicet
1410 5333 1831 5404 Epaphroditus,

260 5406 407 5472 quod
449 5423 647 5460 nomen
700 5408 976 5461 hominem
1024 5416 1316 5460 venustqu
1342 5415 1504 5473 atque
1548 5408 1833 5462 amabilem

263 5477 451 5545 infert.
482 5480 553 5532 Ita
592 5478 773 5532 omnia
806 5477 1009 5545 optime
1063 5476 1162 5529 sibi
1197 5485 1472 5536 constant,
1510 5491 1610 5529 nec
1638 5478 1723 5531 hic
1774 5479 1834 5531 τὸ

260 5544 388 5596 ὅθεν
418 5550 633 5619 εἴρηται
662 5549 797 5602 verti
825 5548 1005 5612 debet,
1034 5547 1180 5616 quod
1216 5546 1299 5601 vis
1336 5562 1530 5601 vocum
1556 5563 1661 5601 non
1692 5550 1835 5616 pati-

261 5623 372 5677 tur,
413 5632 512 5686 per
542 5629 597 5671 ut
620 5620 816 5671 dictum
832 5627 924 5674 est.

336 5688 449 5755 (89)
484 5691 908 5762 Χορτοκοςτίον.
943 5687 1130 5742 Petrus
1153 5688 1392 5762 Siculus,
1420 5704 1475 5757 p.
1510 5687 1599 5742 52.
1627 5689 1834 5762 Χορτο-

259 5762 506 5825 κοπείον,
538 5760 681 5827 quod
714 5760 787 5813 illi
822 5770 952 5827 puto
976 5758 1397 5829 prarferendum.

335 5830 445 5895 (90)
513 5828 945 5899 Διαρῤήξαντιι.
978 5828 1208 5884 ίΝυειυτ
1280 5828 1407 5899 legit
1487 5828 1829 5901 διορύξαντα,

1944 4632 2088 4690 enim
2129 4633 2247 4687 haec
2265 4632 2333 4686 de
2366 4632 2529 4685 rebus
2563 4632 2786 4685 minime
2817 4634 3107 4699 violandis,
3161 4638 3250 4689 ubi
3298 4638 3509 4693 violata:

1940 4713 2088 4762 sunt,
2111 4720 2161 4775 νΔ
2193 4719 2253 4775 c._
2270 4702 2521 4775 sepulcris
2545 4702 2791 4775 usurpari
2816 4704 2971 4766 solet,
2999 4716 3056 4759 ut
3088 4706 3312 4775 proinde
3335 4709 3507 4774 aptis-

1940 4776 2075 4830 sime
2099 4773 2165 4826 ad
2206 4772 2716 4845 viola_tas_conjugii
2754 4772 3125 4845 sanctissimas
3151 4777 3296 4845 leges
3329 4772 3508 4832 trans-

1938 4846 2065 4901 ferri
2090 4852 2272 4913 queat.
2320 4839 2497 4913 Facile
2536 4839 2716 4913 autem
2760 4843 2874 4896 fieri
2921 4848 3115 4912 potuit,
3155 4839 3228 4897 ιη’
3255 4847 3508 4902 librarius

1937 4912 2306 4987 διαῤῥήξαντα
2328 4927 2451 4966 cum
2479 4912 2799 4982 διορύξαντα
2844 4914 2921 4984 τῷ
2938 4933 2969 4984 η
2985 4930 3082 4983 per
3118 4933 3134 4967 ι
3159 4920 3508 4984 pronuntiato

1937 4989 2219 5041 scriberet.

2010 5058 2119 5126 (9f)
2159 5052 2514 5122 Διαδέχεται.
2544 5052 2663 5126 Non
2697 5055 2862 5109 habet
2900 5052 3116 5118 Noster,
3148 5056 3267 5110 sine
3296 5072 3404 5125 quo
3435 5067 3510 5111 ta-

1937 5124 2057 5181 men
2082 5139 2276 5179 sensus
2299 5141 2407 5176 non
2436 5124 2668 5180 elicitur.

2007 5195 2361 5269 (92)]1ατρίς
2389 5196 2455 5269 ή-
2480 5197 2666 5269 Ἀκία.
2712 5194 2922 5269 Noster,
2974 5193 3165 5269 o_rdine
3205 5206 3434 5269 mutato,
3467 5200 3500 5269 ἠ

1948 5262 2110 5321 Ἀνία
2160 5266 2379 5334 πατρίς.
2420 5262 2655 5319 ⁷⁹Αννίαν
2709 5264 2943 5334 appellat
2985 5262 3182 5319 Petrus
3261 5262 3498 5332 Siculus,

1934 5353 2119 5477 p13%.)
2160 5408 2349 5475 Ὄφιν.
2394 5404 2619 5475 Δρυῖνδς
2669 5405 2815 5459 enim
2858 5423 2965 5460 non
3022 5405 3199 5459 solum
3245 5423 3501 5475 quernum

1935 5477 2180 5539 denotat,
2210 5478 2302 5532 sed
2331 5485 2385 5530 et
2402 5483 2727 5530 venenatum
2750 5493 2921 5544 genus
2942 5487 3255 5545 serpentum
3279 5495 3305 5529 a
3334 5493 3498 5545 quer-

1934 5548 2108 5602 cubus
2135 5549 2457 5618 appellatum
2516 5544 2701 5611 infert,
2746 5556 2883 5603 teste
2926 5544 3251 5612 Dioscorid.,
3277 5544 3371 5600 lib.
3403 5562 3495 5608 vn.

1935 5633 1986 5673 c.
2023 5619 2110 5672 12.

2007 5686 2120 5757 (94)
2157 5687 2553 5758 Ἀνθρωπίνῳ.
2586 5686 2784 5758 Noster
2808 5688 3160 5758 ἀνθρωπείῳ.

2004 5755 2116 5825 (95)
2172 5755 2552 5826 Ἀρχεκάκου.
2590 5755 2665 5813 Ita
2695 5773 2819 5814 cum
2862 5755 3060 5813 Nustro
3103 5755 3202 5828 pro
3232 5757 3500 5828 ἀρχαῖκά-

1934 5846 2028 5883 κου
2058 5828 2394 5885 Coisliniani.
