4110 6414
645 375 716 440 63
1783 389 2048 451 PHOTII
2088 389 2597 452 PATRIARCIl/E
2637 391 2748 452 CP.
3854 386 3930 450 et

645 508 734 550 tus
761 513 775 561 ;
801 505 996 553 acutus
1025 499 1091 555 ad
1131 500 1286 556 dolos
1317 503 1648 571 struendos,
1695 515 1751 561 et
1777 507 1842 560 ad
1875 508 2227 578 pelliciendas

2338 508 2534 572 σκεῦος
2580 509 2808 581 ὕστερον
2858 503 3252 577 ἀναδειχθέντα
3286 503 3467 558 πᾶσαν
3517 499 3611 556 τοῦ
3670 500 3931 555 διαϐόλου

639 591 697 645 in
731 591 1030 660 perniciem
1079 595 1323 656 animas:
1354 605 1522 667 atque
1573 607 1633 652 ut
1665 600 1993 668 compendio
2028 600 2228 666 dicam,

639 682 884 737 omniurn
918 685 1010 753 qui
1038 697 1167 742 ante
1190 703 1248 741 se
1284 689 1580 744 defectioni
1612 706 1814 745 nomen
1842 693 2135 759 dederunt,
2163 693 2231 749 ad

583 813 586 817 .
642 777 875 840 ψιοιῑνίε
904 780 1225 839 technarum
1267 799 1438 853 genus
1470 783 1874 853 paratissimus,
1905 794 1962 841 et
1993 788 2062 842 ad
2101 803 2232 857 per-

647 871 948 924 vadendum
982 876 1315 942 aptissimus.
1347 875 1444 932 Hic
1484 879 1667 948 itaque
1701 879 2024 935 maledictus
2066 881 2231 938 homo

641 976 764 1013 cum
800 961 903 1015 alia
937 965 1108 1019 multa
1139 967 1380 1036 deceptis
1433 969 1761 1038 sequacibus
1790 969 2033 1036 tradidit,
2090 981 2228 1039 tum,

639 1052 769 1120 quid
793 1055 935 1107 circa
969 1069 1025 1109 se
1059 1055 1234 1124 ipsum
1285 1058 1634 1113 sentiendum
1667 1071 1834 1124 esset,
1869 1061 2133 1130 paulatim
2165 1064 2232 1117 de

641 1158 698 1196 se
729 1145 949 1199 sublimi
984 1147 1143 1200 modo
1190 1163 1522 1217 proponens,
1558 1159 1613 1204 et
1642 1151 1708 1204 ad
1747 1150 2084 1206 credendum
2145 1154 2233 1206 in-

638 1237 867 1303 ducens,
901 1255 1007 1292 non
1057 1240 1350 1307 dubitavit,
1391 1260 1494 1298 nec
1547 1243 1865 1300 inhorruit:
1919 1261 1952 1301 ο
1985 1245 2227 1317 linguam

639 1340 694 1383 et
727 1333 966 1385 animam
1007 1341 1062 1386 et
1131 1345 1372 1388 mentem
1406 1345 1462 1389 et
1505 1352 1601 1391 ora
1652 1337 1747 1392 Dei
1803 1339 2056 1395 inimica!
2088 1350 2144 1395 et
2169 1357 2228 1396 se

637 1422 814 1492 ipsum
843 1432 898 1478 et
928 1425 1049 1480 illos
1083 1441 1279 1481 vocare
1309 1427 1572 1496 Spiritum
1601 1440 1872 1486 sanctum.
1913 1431 2038 1487 Haec
2067 1448 2229 1502 porro

637 1533 859 1589 tradidit
889 1535 1092 1605 impius
1123 1537 1234 1600 ille,
1267 1547 1327 1592 ut
1352 1539 1492 1593 clam
1535 1547 1591 1594 et
1621 1541 1847 1612 mystice
1903 1543 1984 1601 sic
2032 1546 2227 1617 loque-

637 1634 850 1689 rentur,
876 1635 932 1680 et
958 1628 1271 1694 crederent,
1307 1630 1492 1686 talium
1535 1636 1924 1706 mysteriorum
1970 1648 2228 1696 externos

637 1716 917 1770 auditores
943 1717 1194 1789 indignos
1228 1737 1348 1775 esse
1370 1723 1646 1792 jactitaus.
1679 1727 1757 1781 Illi
1783 1739 1965 1784 autem
2030 1731 2227 1787 miser-

635 1807 760 1861 rimi
784 1817 839 1862 et
863 1810 981 1879 ejus
1007 1815 1335 1882 mystagogia
1367 1833 1555 1872 revera
1587 1819 1734 1890 digni
1760 1829 1966 1878 tantam
1999 1826 2190 1881 sceleri

636 1901 977 1956 atrocitatem
1003 1919 1182 1974 neque
1206 1909 1555 1976 respuebant,
1579 1927 1758 1982 neque
1783 1914 2221 1985 detestabantur;

636 2013 730 2065 sed
759 2013 1100 2083 recipiebant
1128 2033 1270 2083 eam,
1317 2020 1420 2074 etsi
1455 2021 1603 2076 nulla
1642 2025 1817 2095 major
1852 2043 2096 2098 unquam
2120 2031 2226 2091 im-

635 2103 813 2173 pietas
863 2105 1049 2173 fuerit,
1093 2109 1331 2180 suisque
1375 2113 1601 2169 calamis
1627 2125 1685 2171 et
1739 2119 2016 2190 suffragiis
2074 2124 2226 2180 illam

636 2198 1056 2255 conﬁrmabant.
1096 2200 1187 2258 Sic
1208 2204 1472 2259 miserum
1503 2208 1634 2264 illud
1660 2210 1861 2266 animal
1891 2214 2075 2280 homo,
2100 2233 2228 2271 eum

635 2305 666 2342 a
701 2290 960 2346 Creatore
988 2309 1089 2349 suo
1128 2299 1439 2361 recesserit,
1469 2308 1526 2355 et
1552 2302 1620 2357 ab
1646 2304 1765 2372 ejus
1801 2306 2144 2374 providentia
2167 2325 2228 2366 se

635 2388 1082 2454 sequestraverit,
1128 2391 1312 2445 statim
1345 2394 1522 2462 praeda
1577 2398 1800 2468 maligni
1831 2400 2058 2468 spiritus
2111 2402 2229 2458 elﬁ-

634 2475 800 2542 citur,
831 2478 884 2532 in
917 2496 1248 2553 omnemque
1276 2487 1578 2555 nequitiam
1607 2489 1964 2562 demergitur.
2002 2494 2073 2548 Se
2096 2495 2226 2550 item
2276 2493 2278 2496 ’

633 2571 1120 2641 nequissimusille
1146 2578 1362 2633 stellam
1421 2581 1928 2650 splendidissimam
1980 2587 2224 2655 dicebat,

634 2671 691 2718 et
740 2667 910 2722 multa
963 2668 1069 2744 alia
1103 2708 1120 2733 ,
1161 2686 1283 2742 quae
1350 2674 1535 2743 potius
1586 2677 1810 2732 silentio
1856 2680 1962 2751 tegi
1993 2723 2010 2748 ,
2061 2697 2226 2751 quam

632 2757 899 2827 publicari
985 2761 1210 2818 debent.
1300 2764 1587 2837 Improbus
1671 2786 1839 2839 porro
1926 2773 2018 2828 ille
2093 2774 2226 2830 Ser-

634 2849 797 2920 gius,
857 2853 960 2908 etsi
1029 2854 1356 2926 impiissimo
1431 2868 1586 2930 patre
1667 2873 1833 2919 natus
1899 2875 2094 2929 esset,
2168 2877 2230 2924 ut

634 2941 909 3010 diximus,
958 2961 1068 3000 non
1113 2963 1144 3002 a
1189 2959 1418 3018 parente
1467 2955 1744 3024 mysteriis
1793 2959 2083 3027 apostasia:
2118 2961 2229 3017 ini-

635 3037 802 3091 tiatus
827 3047 948 3103 est;
997 3041 1094 3094 sed
1135 3056 1263 3097 cum
1307 3045 1488 3102 adhuc
1533 3056 1736 3104 tenera;
1766 3061 1917 3106 esset
1947 3055 2158 3121 astatis,
2195 3071 2224 3110 a

634 3129 866 3186 muliere
919 3133 1195 3202 quadam.
1262 3153 1386 3206 quae
1440 3140 1747 3208 perniciosa
1800 3142 2224 3203 Manichaeorum

633 3222 888 3293 dogmata
929 3227 1184 3282 tuebatur
1209 3239 1266 3285 et
1306 3233 1658 3300 praedicabat.
1700 3235 1984 3302 initiatus,
2017 3250 2071 3295 et
2103 3241 2225 3296 diu-
2252 3220 2297 3278 (ἶ

633 3325 794 3370 turna
821 3320 1204 3389 mysteriorum
1234 3326 1559 3383 tractatione
1582 3328 1637 3382 in
1663 3329 1944 3400 impietate
1968 3349 2227 3390 consum-

632 3420 850 3474 matus,
907 3414 1231 3472 Antichristi
1286 3420 1614 3488 prodi-omns
1665 3423 1919 3480 efﬁcitur.
1954 3427 2058 3482 Par
2107 3440 2226 3486 erat

634 3503 813 3568 enim,
873 3520 972 3575 par
998 3517 1120 3563 erat
1172 3510 1509 3568 detestanda:
1547 3515 1712 3585 hujus
1741 3526 1798 3572 et
1827 3518 1954 3582 “,Deo
1989 3521 2224 3580 inimicm

631 3597 920 3662 apostasia:
962 3600 1214 3658 doctores
1261 3613 1316 3659 et
1353 3621 1636 3674 praecones
1663 3610 1802 3664 alios
1845 3614 2218 3680 Agarenorum

630 3689 839 3757 prolem
879 3706 1038 3760 esse,
1098 3695 1237 3749 alios
1276 3699 1561 3754 servitutis
1616 3704 2033 3758 contumeliosis
2079 3709 2226 3764 notis

631 3780 868 3849 inustas,
905 3785 1042 3840 alios
1077 3787 1474 3845 adulteriorum
1511 3803 1736 3862 partus,
1767 3796 1907 3850 alios
1938 3799 2224 3856 muliebris

632 3870 862 3929 insaniae
889 3885 945 3930 et
975 3877 1198 3934 furiosae
1227 3880 1494 3936 doctrinae
1523 3885 1822 3954 discipulos
1853 3891 2220 3958 comprobari.

631 3961 927 4030 Cagterum,
969 3976 1030 4021 ut
1058 3971 1248 4038 paucis
1305 3972 1506 4033 dicam.
1555 3973 1781 4046 Sergius
1818 3983 2105 4047 apostasia:
2138 3984 2224 4038 di-

631 4055 920 4126 sciplinam
967 4059 1046 4114 sic
1069 4061 1318 4131 accipere
1353 4065 1567 4135 incipit.
1616 4068 1880 4124 Praedicta
1926 4071 2222 4132 Manichrea

631 4150 850 4214 mulier,
891 4152 986 4207 ubi
1041 4154 1280 4222 primum
1331 4171 1460 4210 cum
1501 4159 1595 4213 illo
1629 4161 1897 4232 colloquia
1952 4166 2166 4222 miscuit
2202 4187 2216 4223 :

627 4246 760 4309 Cur,
785 4247 982 4317 inquit,
1005 4249 1188 4303 divina
1210 4266 1319 4305 non
1340 4253 1475 4322 legis
1495 4254 1783 4326 Evangelia
1803 4259 1827 4310 ?
1844 4258 1936 4314 Ille
1958 4267 2108 4325 vere,
2127 4263 2220 4332 qui

630 4339 873 4392 nondum
891 4342 1182 4409 apostasia:
1209 4342 1358 4398 virus
1384 4345 1439 4398 in
1469 4349 1786 4415 praecordiis
1812 4362 1919 4404 tam
1954 4353 2221 4422 profunde

629 4430 869 4499 positum
891 4433 1146 4498 habebat,
1166 4451 1275 4488 non
1303 4436 1466 4492 licere
1508 4438 1685 4509 inquit
1723 4443 1796 4508 ei,
1838 4445 1928 4513 qui
1954 4445 2218 4502 laicorum

2180 1843 2225 1882 lS

2338 601 2437 673 τὴν
2462 601 2667 656 κακίαν
2689 601 2934 672 χωρῆσαι
2964 599 3267 669 δυνάμενον
3289 612 3302 628 °
3353 593 3584 649 πιθανὸν
3614 595 3714 666 μὲν
3744 594 3929 665 κηρύ-

2336 692 2423 758 ξαι
2453 693 2551 764 τὴν
2581 693 2861 759 ἀσέϐειαν,
2898 692 3233 764 δραστήριον
3275 687 3332 742 δὲ
3377 686 3571 758 καιροῦ
3604 685 3934 749 κελεύοντος

2333 783 2539 853 κρύψαι
2573 783 2635 837 τὸ
2676 785 2954 856 φρόνημα,
2980 784 3076 837 καὶ
3101 781 3277 835 δεινὸν
3309 780 3410 852 μὲν
3432 781 3533 851 τὴν
3551 781 3758 850 ἀρετὴν
3790 795 3933 849 an-

2335 874 2688 945 ματίσασθαι,
2721 876 2846 941 ὀξὺν
2876 876 2934 928 δὲ
2969 876 3154 937 δόλους
3176 871 3348 944 ρἀαι
3374 872 3473 925 καὶ
3503 872 3687 941 ψυχὰς
3710 871 3930 941 ἀνθρώ·

2331 984 2452 1020 πων
2482 965 2812 1020 συνελκύσαι
2835 967 2970 1038 πρδς
2999 966 3303 1030 ἀπώλειαν,
3321 965 3415 1016 καὶ
3443 963 3733 1032 συντόμως
3758 961 3933 1031 φάναι

2329 1061 2436 1114 τῶν
2498 1062 2558 1114 ὲν
2591 1063 2656 1131 τῇ
2681 1061 2991 1130 ἀποστασία
3027 1059 3250 1113 πώποτε
3295 1056 3604 1127 γεγονότων
3641 1055 3781 1126 πρὸς
3813 1055 3929 1107 πᾶ·

2331 1165 2431 1202 σαν
2475 1152 2932 1222 δραματουργίαν
2971 1149 3280 1204 δεινότατόν
3303 1166 3364 1201 τε
3401 1149 3496 1201 καὶ
3537 1146 3928 1200 πιθανότατον.

2331 1237 2506 1304 Οὗτος
2544 1244 2572 1296 ὁ
2606 1244 2884 1314 ἐπάρατος
2916 1242 3057 1297 ἄλλα
3087 1259 3149 1295 τε
3197 1243 3292 1296 καὶ
3335 1238 3586 1310 ἓκθεσμα
3615 1239 3745 1300 τοὺς
3775 1233 3932 1307 ἡπα-

2330 1335 2606 1406 τημένους
2641 1335 3027 1406 μυσταγωγῶν
3058 1335 3155 1389 καὶ
3200 1334 3304 1405 τὴν
3360 1333 3491 1404 περὶ
3539 1330 3709 1384 αὑτοῦ
3741 1328 3932 1394 δόξαν,

2330 1427 2470 1479 κατα
2505 1427 2702 1498 μικρὸν
2733 1428 2814 1489 είς
2856 1425 2920 1479 τδ
2944 1423 3290 1497 ἐξῃρημένον
3323 1423 3538 1486 τούτοις
3568 1420 3926 1493 παρατιθεὶς,

2329 1519 2424 1571 καὶ
2459 1517 2879 1572 καταπιστεὺων
2898 1517 3010 1589 (96)
3041 1518 3160 1571 οὑδὲ
3187 1516 3565 1589 παράκλητον,
3599 1514 3723 1568 οὐδὲ
3752 1511 3936 1566 ι]νεῦ-

2338 1623 2415 1677 μα
2439 1606 2592 1674 ἅγιον
2629 1607 2695 1674 (ὣ
2714 1607 2970 1678 γλώσσης
3016 1609 3109 1660 καὶ
3133 1607 3316 1678 ψυχῆς
3344 1608 3439 1661 καὶ
3464 1605 3556 1660 νοῦ
3588 1605 3687 1658 καὶ
3719 1601 3934 1672 στομά-

2325 1716 2437 1753 των
2467 1699 2755 1771 θεομάχων
2784 1701 2826 1768 ί)
2867 1701 3056 1754 καλεῖν
3110 1701 3322 1760 ἑαυτὸν.
3371 1699 3665 1760 κάκείνους
3723 1695 3934 1767 ὀνομά-

2330 1790 2444 1855 ξειν
2490 1808 2550 1844 τε
2584 1793 2678 1844 καὶ
2709 1792 2955 1861 νομίζειν
2989 1792 3048 1844 ού
3090 1793 3190 1860 μὲν
3220 1787 3315 1844 οὖν
3348 1789 3474 1843 οὑτε
3507 1789 3743 1861 φρικτὸν
3764 1781 3934 1858 ἦγεν.

2328 1883 2454 1937 οὕτε
2487 1883 2822 1950 ἀθεώτατον.
2872 1884 3165 1954 Παρεδίδου
3211 1884 3269 1937 δὲ
3315 1883 3491 1937 ταῦτα
3519 1879 3808 1953 μυστικῶς
3835 1880 3938 1930 καὶ

2329 1979 2548 2047 φρονεῖν
2599 1976 2696 2029 καὶ
2743 1975 2927 2044 λέγειν
2985 1977 3126 2047 πρὸς
3182 1976 3470 2048 ἀλλήλους,
3536 1975 3665 2036 τοὺς
3722 1971 3934 2037 ἔξωθεν

2329 2066 2606 2138 ἀκροατὰς
2636 2065 2888 2133 ἀναξίους
2928 2063 3071 2122 εἶναι
3127 2069 3352 2138 τελετῆς
3399 2064 3662 2135 τοιαύτης
3691 2063 3936 2131 καὶομυ-

2331 2160 2593 2230 στηρίων,
2625 2161 2654 2212 6
2681 2158 2958 2230 θεομάχος
3011 2159 3414 2229 διατιθέμενος.
3469 2158 3579 2210 Καὶ
3629 2156 3750 2224 οἵγε
3779 2171 3939 2222 τρισ-

2329 2253 2504 2308 άθλιοι
2529 2256 2627 2306 καὶ⁵
2663 2253 2764 2323 τῆς
2797 2252 2962 2306 αὑτοῦ
2985 2253 3099 2323 (97)
3167 2251 3560 2324 μυσταγωγίας
3589 2249 3668 2312 ὡς
3698 2246 3933 2317 άληθῶς

2329 2343 2473 2407 ἄξιοι
2511 2344 2612 2412 τὴν
2655 2342 3042 2415 τοιαύτην(98)
3085 2343 3178 2396 τοῦ
3219 2343 3390 2409 ἀγους
3445 2339 3761 2412 ὑπερϐολὴν
3804 2336 3938 2392 οὔτε

2329 2433 2604 2498 διέπτυον,
2655 2433 2778 2487 οὒτε
2809 2433 3201 2504 ὶμυσὰττοντο,
3230 2434 3348 2488 ἀλλ’
3385 2432 3722 2502 ἀπεδέχοντο
3747 2447 3808 2483 τε
3836 2427 3938 2497 τὴν

2335 2526 2577 2597 μηδεμιᾷ
2600 2525 2856 2596 ἀθεότητι
2889 2525 3198 2599 ὑπερϐολὴν
3232 2525 3502 2580 λιποῦσαν
3519 2524 3808 2588 ἀσέδειαν,
3842 2522 3940 2574 καὶ

2328 2617 2444 2676 τοῖς
2488 2616 2620 2687 παρ’
2652 2615 2868 2670 ἑαυτῶν
2900 2617 3211 2688 ἐπεκύρουν
3253 2616 3628 2686 ψηφίσμασιν.
3679 2611 3850 2665 Οὑτω
3877 2611 3941 2662 τὸ

2329 2707 2536 2773 ἄθλιον,
2561 2710 2732 2779 οίμοι,
2758 2709 2898 2774 ζῶον
2921 2711 2948 2762 ὁ
2981 2708 3079 2763 ἀνθ
3093 2726 3298 2780 ρωπος,
3323 2708 3546 2762 ἐπειδὰν
3588 2707 3810 2775 ἀποστῇ
3840 2703 3939 2756 τοῦ

2331 2795 2576 2851 Πλάττου
2601 2799 2806 2865 καὶτῆς
2827 2801 3036 2852 ἐκεῖθεν
3051 2800 3215 2853 αὑτὸν
3231 2798 3491 2870 προνοίας
3511 2796 3777 2869 ἀποτέμῃ
3795 2793 3937 2863 (99),

2328 2888 2467 2951 ὅλως
2495 2887 2706 2956 γίνεται
2744 2888 2974 2960 θήραμα
3009 2889 3103 2942 τοῦ
3157 2881 3402 2959 Πονηροὺ
3434 2888 3530 2941 καὶ
3559 2887 3700 2956 πρὸς
3751 2887 3941 2937 πᾶσαν

2330 2977 2531 3032 κακίαν
2554 2977 2888 3049 ὑποϐρύχιος
2925 2982 3174 3050 φέρεται.
3233 2979 3466 3046 Ἔλεγεν
3500 2979 3546 3030 δ’
3595 2971 3695 3031 οὖν
3733 2977 3940 3030 ἑαυτὸν

2329 3068 2360 3120 ὁ
2408 3067 2692 3136 ἐξάγιστος
2746 3071 2955 3133 ἐκεῖνος
3008 3069 3105 3122 καὶ
3167 3067 3476 3138 λυχνοφανῆ
3536 3065 3777 3134 ἀστέρα.
3845 3064 3942 3116 καὶ

2330 3159 2500 3214 πολλά
2557 3160 2714 3227 ἄλλα,
2787 3164 3047 3231 σιγᾶσθαι
3111 3161 3314 3230 μᾶλλον
3393 3160 3426 3231 ἢ
3483 3155 3941 3231 θριαμσεὺεοθαι

2329 3252 2573 3323 data“).
2631 3253 2795 3307 Ἀλλά
2857 3256 2966 3325 γὰρ
3012 3247 3175 3317 οὗτος
3241 3255 3271 3306 ὁ
3319 3251 3628 3320 θεοϐλαϐὴς
3681 3251 3941 3318 Σέργιος.

2327 3345 2534 3418 πατρὸς
2581 3347 2822 3416 γεγονὼς
2865 3345 3333 3409 δυσσεϐεστάτου,
3394 3344 3470 3406 ὥς
3525 3360 3620 3414 μοι
3681 3345 3940 3412 εἴρηται,

2327 3440 2431 3493 οὑκ
2477 3441 2540 3492 ὲκ
2577 3439 2672 3493 τοῦ
2708 3439 2906 3509 φύντος
2935 3438 3006 3491 τά
3030 3440 3131 3509 τῆς
3158 3436 3506 3499 ἀποστασίας
3551 3434 3802 3488 τελεῖται
3839 3451 3943 3504 μυ-

2330 3533 2569 3604 στήρια·
2618 3531 2698 3585 ἔτι
2743 3531 2799 3583 δὲ
2845 3531 2946 3600 τὴν
2997 3530 3215 3601 ἡλικίαν
3263 3529 3391 3582 νὲαν
3430 3529 3584 3596 ἄγων
3631 3525 3939 3598 προσκαταθεί-

2332 3642 2484 3697 ρεται
2525 3627 2604 3694 (2)
2653 3626 2874 3694 γυναικί
2905 3642 3014 3677 τινι
3062 3623 3452 3694 πρεσϐευούσῃ
3491 3640 3553 3676 τε
3595 3623 3696 3676 καὶ
3728 3639 3946 3693 κηρυτο

2327 3719 2497 3792 ταύτῃ
2537 3720 2606 3773 τὰ
2637 3719 2963 3790 Μανιχαίων
2994 3717 3219 3788 ὀλέθρια
3261 3718 3512 3786 δόγματα
3537 3757 3550 3778 ,
3585 3717 3688 3769 καὶ
3739 3714 3945 3785 συχνὸν

2328 3812 2520 3883 χρόνον
2563 3811 2835 3873 τελεσθεὶς
2884 3811 2978 3863 ὑπ’
3030 3810 3204 3878 αὑτῆς
3254 3809 3351 3862 καὶ
3402 3806 3796 3870 συντελεσθεὶς
3847 3805 3946 3876 τὴν

2328 3903 2604 3966 ἀσέϐειαν,
2627 3903 2839 3970 γίνεται
2871 3901 2966 3955 τοῦ
3004 3902 3378 3972 Ἀντιχρίστου
3408 3901 3752 3974 πρόδρομος.
3791 3900 3946 3954 Ἔδει

2327 3998 2461 4067 γὰρ,
2512 3996 2619 4049 ἔδει
2656 3995 2787 4059 τοὺς
2831 3996 2932 4064 τῆς
2970 3995 3229 4064 βδελυρᾶς
3263 3994 3473 4062 ταύτης
3509 3995 3605 4047 καὶ
3658 3993 3945 4063 θεομάχοι)

2327 4088 2668 4153 ἀποστασίας
2730 4087 3088 4150 διδασκάλους
3139 4087 3235 4140 καὶ
3296 4088 3587 4158 κήρυκας,
3641 4087 3778 4148 τοὺς
3850 4088 3946 4157 μὲν

2341 4180 2661 4250 Ἀγαρηνῶν
2701 4176 2840 4233 εἶναι
2871 4181 3224 4250 γεννήματα,
3255 4181 3384 4244 τοὺς
3415 4181 3472 4233 δὲ
3503 4181 3621 4244 τοῖς
3663 4183 3769 4253 τῆς
3821 4181 3943 4235 δου-

2326 4272 2478 4338 λείας
2507 4273 2974 4342 κατεστιγμένους
3005 4273 3238 4346 6ρᾶσθαι
3272 4275 3365 4326 καὶ
3398 4273 3593 4344 ’ὑῦρεσι
3625 4274 3726 4326 καὶ
3755 4273 3946 4344 παθή-

2330 4381 2520 4430 μασιν,
2553 4363 2750 4427 ἄλλους
2775 4366 3022 4433 μοιχείας
3057 4365 3350 4436 προελθεῖν
3376 4363 3782 4433 βλαστήματα,
3829 4367 3947 4418 te:-

2334 4473 2460 4525 ρους
2513 4455 2570 4509 δὲ
2621 4457 3054 4527 παραφροσύνης
3109 4456 3433 4524 γυναικείας
3490 4458 3587 4509 καὶ
3647 4456 3946 4525 ἐμμανοὺς

630 4522 878 4576 ordinent
933 4524 1226 4594 impleret.
1281 4528 1361 4583 sic
1410 4529 1760 4599 impudenter
1808 4537 2218 4592 trcmeudorum

2332 4522 2561 4616 γνώμης
2619 4522 2871 4618 μαθητάς
2927 4522 3416 4616 ὲπιγινιῦσκεσθαι.
3467 4545 3621 4617 Πλὴν
3669 4548 3798 4600 ἀλλ’
3853 4550 3944 4612 ὅγε

628 4612 976 4680 eloquiorum
1023 4615 1316 4670 lectionem
1367 4619 1582 4688 aggredi
1619 4638 1632 4674 :
1679 4621 1812 4676 illud
1843 4625 1992 4677 enim
2037 4641 2223 4679 sacer-

627 4705 816 4758 dotum
872 4706 1110 4760 ofﬁcium
1164 4724 1306 4764 esse.
1364 4710 1501 4765 Tum
1538 4728 1567 4765 a
1616 4714 1822 4769 furiosa
1853 4715 1942 4769 illa
1991 4718 2224 4772 muliere

631 4798 801 4860 audit,
829 4797 1030 4853 frustra
1059 4815 1117 4854 se
1151 4810 1356 4857 tantam
1391 4809 1752 4862 reverentiam
1782 4810 2069 4876 exhibere,
2099 4811 2225 4864 nul-

630 4889 738 4944 lam
758 4891 904 4943 enim
929 4907 1050 4946 esse
1074 4908 1432 4961 personarum
1453 4902 1832 4969 acceptionem
1856 4903 2001 4972 apud
2028 4904 2220 4966 Deum,

629 4987 723 5057 qui
775 4989 941 5042 vellet
989 5006 1182 5046 omnes
1230 4993 1406 5049 salvos
1459 4997 1596 5059 ﬁeri,
1639 5005 1694 5051 et
1741 4998 1807 5052 ad
1847 4998 2243 5067 c0gnitionem.

630 5078 880 5133 veritatis
923 5083 1133 5136 venire.
1175 5082 1304 5148 Sed,
1346 5085 1441 5146 ait,
1477 5087 1623 5156 quod
1666 5088 1741 5142 ita
1771 5096 2093 5142 reverenter
2125 5103 2222 5142 vos

629 5170 878 5226 habeatis
919 5174 1064 5229 circa
1103 5175 1384 5232 Dominica
1417 5179 1633 5249 eloquia
1657 5221 1671 5244 ,
1705 5195 1816 5233 non
1849 5181 1917 5232 ad
1952 5179 2219 5234 honorem

2331 4636 2581 4706 Σέργιος,
2625 4638 2700 4701 ὡς
2762 4638 2850 4690 διὰ
2895 4639 3143 4708 βραχέων
3199 4639 3387 4708 φάναι,
3430 4630 3532 4692 ὧδέ
3566 4649 3646 4711 πη
3688 4639 3797 4711 τὴν
3849 4641 3946 4705 τῆς

2328 4729 2671 4790 ἀποστασίας
2716 4731 3020 4800 κατήχησιν
3067 4730 3299 4800 ἄρχεται
3357 4729 3822 4800 παραδέχεσθαι.
3883 4732 3944 4782 ἸΙ

2331 4819 2705 4889 προειρημένη
2739 4821 3018 4889 Μανιχαία
3071 4822 3230 4890 γυνὴ,
3261 4822 3429 4890 ἡνίκα
3487 4821 3549 4874 τὸ
3597 4823 3834 4892 πρῶτον
3870 4825 3944 4882 εἰς

2329 4907 2550 4974 ὁμιλίαν
2587 4907 2736 4978 αὑτῷ
2767 4911 3026 4981 κατέστη,
3067 4910 3185 4964 Ἵνα
3217 4911 3289 4977 τί,
3325 4913 3517 4984 φησὶν,
3553 4913 3680 4964 εἰπέ
3716 4931 3838 4983 μοι,
3880 4915 3944 4966 τὰ

2336 4998 2456 5052 θεῖα
2495 5001 2597 5052 οὐκ
2643 5001 3038 5068 ἀναγινώσκεις
3091 5001 3438 5070 Εὑαγγέλιας
3506 5005 3567 5058 Ὀ
3625 5007 3687 5059 δὲ
3752 5007 3944 5075 (οὕτω

2334 5093 2446 5163 γὰρ
2483 5089 2553 5162 ἦν
2591 5095 2740 5162 αὑτῷ
2785 5095 2852 5147 δι’
2895 5097 3144 5162 ὲγκάτων
3183 5095 3425 5164 βαθύνας
3463 5099 3492 5149 ὁ
3535 5097 3644 5166 τῆς
3692 5099 3942 5152 ἀποστα-

2336 5182 2461 5244 σίας
2511 5182 2587 5245 ἰὸς
2608 5185 2646 5248 )-,
2681 5183 2755 5254 μὴ
2805 5185 3002 5251 ἐξεῖναι
3036 5187 3216 5256 φήσας
3245 5187 3347 5255 τὴν
3382 5187 3493 5239 τῶν
3527 5187 3751 5242 λαῖκῶν
3804 5192 3940 5255 πλη-

1705 5287 1945 5388 unus
2007 5335 2401 5392 LECTIONES
2446 5336 2535 5390 ΕΤ
2587 5335 2818 5392 NOTAE.

706 5470 817 5543 (illi)
881 5475 1371 5528 Καταπιστεύων.
1457 5475 1660 5530 Noster
1712 5474 2044 5543 simpliciter
2116 5490 2210 5525 πι-

633 5538 859 5602 στεύων,
895 5545 988 5597 sed
1026 5547 1173 5611 prius
1221 5547 1424 5599 bonum
1460 5557 1562 5598 est.

707 5611 818 5678 (υἷ’)
848 5615 1063 5668 Αὐτοῦ.
1094 5615 1289 5691 Noster
1320 5617 1481 5669 habet
1513 5614 1749 5691 ἐκείνου,
1770 5627 1964 5691 Δεθηειι
1998 5611 2215 5691 eodem.

707 5682 817 5746 (98)
854 5686 1159 5750 Τοιαύτην.
1195 5685 1394 5739 Noster
1423 5683 1909 5766 toaadtqv,_forte
1947 5682 2173 5766 rectius

704 5752 1183 5834 (99)“ᾊποτέμῃ.
1229 5757 1343 5834 Hoc
1377 5756 1591 5834 reposui
1629 5752 1695 5809 ex
1739 5754 1938 5834 Nostro
1973 5767 2072 5821 pro
2087 5752 2221 5834 133a-

633 5822 790 5892 τέμῃ.
833 5823 986 5877 Prius
1012 5822 1156 5881 enim
1191 5822 1555 5895 requirit—vox
1589 5824 1849 5897 προνοίας
1891 5823 1944 5877 in
1977 5822 2220 5894 genitivo

635 5905 763 5947 C85"
807 5905 998 5953 005113.

2387 5475 2463 5542 (Ι)
2492 5474 2685 5545 Ἀξιατ
2738 5474 2814 5527 Ex
2871 5472 3090 5541 Nostro,
3123 5476 3271 5545 quod
3323 5475 3590 5528 dictinziis
3634 5480 3814 5534 series
3861 5496 3941 5533 re-

2321 5546 2488 5612 quirit
2511 5559 2610 5613 pro
2633 5544 2803 5608 ἄξιον.

2396 5614 2474 5680 (‘2)
2516 5615 3005 5681 Προσέρθείρεται.
3061 5613 3176 5667 Vox
3221 5615 3275 5667 in
3310 5617 3573 5670 versione
3607 5621 3823 5675 omissa
3857 5621 3938 5673 in-

2331 5679 2436 5735 fert
2458 5679 2859 5754 ’claudestinam
2898 5684 3361 5747 familiaritatem,
3395 5687 3450 5738 in
3493 5704 3606 5754 qua
3645 5705 3777 5746 cum
3823 5708 3939 5745 mu-

2331 5751 2464 5804 liere
2493 5751 2580 5803 illa
2615 5762 2864 5806 versatus
2907 5755 2996 5816 sit,
3037 5755 3273 5808 fortasse
3317 5765 3373 5809 et
3415 5751 3660 5815 furtivos
3699 5777 3935 5817 amores.

2331 5819 2526 5875 Petrus
2563 5821 2777 5877 Siculus
2809 5826 3066 5894 exprimit
3098 5839 3198 5894 per
3225 5828 3579 5896 προσομιλεῖ.
