4088 6438
601 438 671 503 67
1732 437 1997 498 ΡΗΟΤΙΙ
2034 433 2189 495 ΡΛΤ]

2290 434 2548 493 lRCH/E
2589 434 2696 495 CP.
3797 434 3870 497 68

599 552 935 607 zizaniorum
963 550 1350 622 agriculturam
1376 550 1477 605 sibi
1508 550 1825 613 concilians,
1853 550 2058 619 reliqua
2082 549 2184 602 im-

2290 547 2475 602 Ταῦτα
2497 550 2593 602 καὶ
2610 549 2836 604 τοιαῦτα
2857 548 3019 620 ἕτερα
3039 550 3101 605 τὸ
3122 551 3563 622 γυναικόμορφον
3578 550 3755 605 ἐκεῖνο
3768 551 3871 621 τῆς

556 630 559 635 ”
598 645 820 715 pietatis
853 645 1099 715 germina
1133 644 1289 697 facile
1320 644 1373 696 in
1410 660 1476 698 eo
1512 644 1781 713 pullulare
1824 642 1976 707 fecit,
2034 642 2182 711 ejus-

597 750 705 805 que
734 736 970 789 animam
1005 743 1066 788 ut
1089 750 1277 805 agrum
1312 734 1462 788 exitii
1503 743 1559 789 et
1593 734 1961 804 corruptionis
1991 734 2183 790 fructi-

597 828 700 881 bus
730 826 1034 897 omnigenis
1064 827 1285 896 plenum
1314 826 1591 888 exhibuit;
1630 826 1704 880 ita
1740 836 1791 880 ut
1826 841 2040 891 omnes,
2090 828 2182 897 qui

597 929 725 974 ante
755 920 971 974 fuerant
1025 920 1303 989 impietate
1352 919 1653 989 conspicui,
1704 919 1760 974 in
1806 922 1907 976 hac
1948 922 2184 974 maxime

598 1012 817 1077 haeresi,
878 1013 1024 1066 velut
1055 1015 1208 1081 pueri
1235 1022 1560 1081 putarentur
1585 1028 1705 1067 esse
1738 1014 2030 1083 comparati
2060 1028 2183 1068 cum

598 1105 747 1160 illius
768 1104 982 1158 vafritie
1006 1111 1061 1157 et
1088 1104 1349 1172 captiosis
1374 1104 1636 1167 moribus,
1668 1105 1894 1174 aliisque
1924 1104 1990 1158 ad
2027 1105 2183 1158 falla-

596 1196 735 1249 ciam
767 1192 1084 1263 compositis
1123 1193 1575 1249 machinamentis
1626 1204 1787 1263 atque
1836 1196 2181 1249 commentis.

597 1288 735 1341 Nam
792 1286 913 1355 ejus
963 1285 1414 1355 praedecessores,
1474 1286 1687 1341 etiamsi
1719 1287 1773 1340 in
1833 1302 1991 1343 como
2025 1288 2185 1342 lasci-

597 1380 722 1437 viae,
773 1376 997 1431 nefariis
1032 1377 1313 1445 operibus,
1360 1376 1778 1447 ingentibusque
1805 1387 1996 1432 contra
2016 1379 2184 1433 Deum

596 1468 954 1538 blasphemiis
984 1468 1158 1538 prima
1189 1468 1502 1533 tenuerint;
1556 1478 1610 1523 et
1642 1469 1715 1522 illi
1757 1470 2103 1525 abominandi
2133 1481 2187 1526 et

597 1561 912 1615 exsecrandi
952 1561 1095 1630 apud
1123 1577 1314 1615 omnes
1342 1561 1457 1615 fere
1504 1561 1849 1615 habebantur
1882 1579 1895 1615 :
1936 1578 2061 1615 nam
2094 1564 2188 1616 de-

600 1653 979 1707 testandorum
1016 1652 1327 1706 facinorum
1385 1652 1757 1722 conspicuitas
1786 1653 2032 1707 omnium
2057 1653 2188 1722 ipsis

598 1743 786 1798 odium
814 1744 1166 1807 conciliabat,
1204 1758 1514 1813 paucosque
1542 1743 1770 1797 vidisses
1798 1744 2011 1798 illorum
2035 1744 2187 1798 falla-

600 1836 700 1890 ciis
744 1836 1171 1897 circumventos,
1221 1835 1348 1904 quia
1379 1844 1564 1904 aperte
1589 1843 1644 1889 et
1665 1835 1783 1889 sine
1822 1836 1928 1889 ullo
1958 1836 2188 1891 artificio

595 1944 685 1983 res
730 1929 961 1983 infames
994 1930 1482 1999 ignominiosaque
1527 1928 1994 1997 proponebantur,
2035 1928 2184 1997 ipsa-
2217 1904 2261 1959 Β

595 2037 701 2092 que
726 2022 1049 2077 defectionis
1100 2023 1438 2093 impudentia
1478 2022 1545 2075 ad
1585 2022 1853 2076 cautelam
1880 2021 2016 2076 satis
2045 2030 2182 2087 erat,

595 2129 666 2168 ne
701 2114 823 2182 quis
850 2114 1007 2169 facile
1055 2115 1123 2169 ad
1157 2129 1278 2169 eam
1312 2113 1633 2177 declinaret,
1694 2128 1834 2167 neve
1869 2112 2119 2168 homines
2154 2130 2184 2168 a

595 2206 834 2276 maligno
858 2214 1210 2276 caperentur.

2284 638 2503 710 ἀπάτης
2532 640 2765 711 ὄργανον
2795 639 2873 711 τῷ
2901 641 3198 712 τρισαθλίῳ
3220 643 3580 713 προτείνουσα
3605 642 3701 695 καὶ
3726 642 3869 695 κατά

2287 729 2485 800 μικρὸν
2523 730 2991 801 ύπογοητεύουσα,
3025 732 3261 803 ἐπείπερ
3293 733 3415 785 ὅλον
3443 733 3579 803 αὐτῇ
3607 732 3869 803 προσκλι-

2284 823 2449 877 θέντα
2474 819 2589 894 εἶχε
2624 824 2719 877 καὶ
2749 824 3003 894 καθάπερ
3036 825 3343 896 διδασκάλῳ
3374 825 3486 896 (19)
3527 826 3868 897 προσέχοντα

2286 914 2430 979 ἴδεν,
2483 914 2830 969 ὑπολαϐοῦσα
2881 915 2945 986 δὴ
2976 916 3110 986 (15),
3145 917 3257 987 Τῆς
3293 916 3592 988 βασιλείας,
3639 918 3868 988 ἔφησεν,

2285 1010 2393 1061 υἱοὶ
2422 1010 2472 1061 oi
2502 1008 2710 1079 ταύτης
2744 1010 2843 1079 μὲν
2887 1009 3275 1080 ἐκϐαλλόμενοι
3298 1050 3313 1073 ,
3360 1009 3437 1079 τῷ
3482 1009 3665 1062 σκότει
3690 1010 3749 1062 δὲ
3789 1010 3871 1080 τῷ

2287 1101 2538 1172 ἐξωτέρῳ
2566 1101 3079 1172 καταδικαζόμενοι,
3107 1096 3252 1155 οῦτοι
3283 1103 3439 1167 εἰσιν,
3472 1100 3566 1166 οῦς
3601 1101 3665 1155 σύ
3693 1118 3753 1155 τε
3772 1101 3871 1155 καὶ

2285 1195 2335 1245 οἱ
2376 1194 2520 1245 κατὰ
2564 1193 2625 1245 σέ
2685 1194 2873 1261 ἁγίους
2926 1192 3153 1247 καλοῦσι
3192 1194 3286 1246 καὶ
3333 1193 3639 1263 νομίζουσι,
3688 1194 3737 1246 οἳ
3774 1195 3870 1247 καὶ

2286 1284 2549 1355 δαίμονας
2588 1284 2699 1353 (ll)
2733 1284 3131 1354 φυγαδεύουσιν
3163 1284 3257 1337 καὶ
3291 1284 3440 1354 πάθη
3472 1283 3867 1355 θεραπεύουσι,

2287 1371 2368 1437 οἷς
2394 1376 2489 1428 καὶ
2513 1376 2810 1446 προσάγειν
2826 1376 3157 1444 διεγνώκατε
3182 1375 3368 1441 σέϐας,
3395 1374 3486 1429 τὸν
3504 1375 3667 1446 μόνον
3688 1375 3870 1440 ζῶντα

2290 1470 2385 1521 καὶ
2447 1468 2715 1523 ἀθάνατον
2767 1468 3161 1532 καταλιπόντες
3205 1468 3317 1538 (15)
3362 1468 3529 1521 Θεόν’
3582 1460 3729 1522 οῦτοι
3757 1469 3870 1539 γὰρ

2289 1555 2436 1614 οὗτοι
2463 1563 2556 1615 καὶ
2589 1562 2740 1633 παρά
2760 1560 2853 1614 τοῦ
2877 1561 3086 1615 δικαίου
3112 1560 3325 1613 ἐκεῖθεν
3372 1558 3630 1613 ἀκούουσι
3653 1560 3868 1631 κριτοῦ,

2303 1652 2679 1722 Ἀποχωρεῑτε
2697 1654 2798 1707 ἀπ’
2830 1652 3000 1722 ἐμοῦ,
3026 1652 3114 1706 ὅτι
3153 1652 3446 1707 οὐδέποτε
3466 1651 3663 1721 ἔγνων
3683 1650 3865 1721 ὑμᾶς.

2303 1747 2397 1798 Ἐκ
2427 1746 2633 1815 ταύτης
2658 1743 2752 1800 οὖν
2780 1746 2893 1817 (16)
2945 1746 3042 1816 τῆς
3076 1746 3321 1817 πονηρᾶς
3350 1746 3441 1798 καὶ
3460 1744 3705 1817 ὀλεθρίου
3734 1762 3871 1797 σπο-

2294 1838 2394 1908 ρᾶς
2417 1837 2508 1891 τὸν
2542 1838 2761 1908 ἕτοιμον
2795 1839 2876 1900 είς
2904 1838 3183 1906 γεωργίαν
3223 1838 3323 1908 τῆς
3357 1835 3615 1901 ζιζανίων
3663 1837 3872 1906 ἐαυτῆς

2290 1930 2659 2000 ποιησαμένη,
2699 1930 2799 2000 τὴν
2851 1930 3044 1999 λοιπὴν
3091 1929 3201 1981 τῶν
3233 1929 3600 1998 ἀσεϐημάτων
3628 1928 3872 1998 βλάστην

2289 2022 2533 2093 εὐχερῶς
2588 2018 2733 2093 εἶχεν
2780 2023 3087 2093 αὐτόματον
3124 2022 3528 2091 ἀναφυομένην,
3573 2022 3671 2074 κα)⁵
3725 2021 3875 2073 οὕτω

2290 2115 2469 2186 πάσης
2488 2113 2669 2184 λύμης
2698 2116 2792 2169 καὶ
2814 2114 3111 2185 διαφθορᾶς
3134 2115 3229 2185 τὴν
3254 2116 3467 2168 ἐκείνου
3502 2114 3683 2184 ψυχὴν
3732 2130 3875 2182 καρ-

2287 2208 2526 2277 ποφόρον
2568 2207 2771 2277 χωρίον
2800 2208 2913 2278 (17)
2942 2206 3234 2271 ἀνέδειξεν,
3263 2206 3337 2271 ὡς
3361 2208 3457 2260 καὶ
3500 2206 3625 2268 τοὺς
3656 2206 3873 2277 ἐμπρο-

597 2297 723 2349 σθεν
756 2299 968 2361 πάντας
1014 2300 1101 2352 ἐπ’
1138 2299 1365 2370 ἀσεϐείᾳ
1433 2297 1819 2368 βεϐοημένους,
1860 2297 1955 2352 καὶ
1985 2298 2223 2367 μάλιστα
2262 2301 2436 2373 ταύτῃ
2498 2302 2696 2366 παῖδας
2748 2302 3071 2373 νομισθῆναι
3119 2307 3186 2374 τῇ
3234 2304 3445 2357 ἐκείνου
3481 2318 3875 2371 παραμετρουο

600 2390 800 2461 μένους
839 2390 1165 2461 ῥᾳδιουργίᾳ
1212 2407 1271 2442 τε
1329 2390 1425 2442 κα)¹
1473 2393 1587 2451 τοῖς
1633 2388 1951 2452 ἐπικλόποις
1993 2391 2272 2461 ἣθεσι,καὶ
2300 2397 2367 2465 τῇ
2401 2393 2537 2465 άλλη
2586 2398 2687 2467 τῆς
2747 2396 2965 2465 ἀπάτης
3021 2396 3401 2467 μηχανουργίᾳ
3466 2410 3527 2446 τε
3582 2394 3676 2446 καὶ
3720 2411 3877 2465 περι-

595 2481 737 2550 νοία.
778 2482 838 2533 Ol
883 2481 980 2550 μὲν
1008 2481 1118 2551 γὰρ
1148 2480 1256 2551 πρὸ
1285 2481 1448 2533 αὑτοῦ
1472 2483 1519 2532 εί
1548 2480 1644 2533 καὶ
1676 2480 1755 2550 τῷ
1788 2480 2034 2551 βορϐόρῳ
2071 2484 2173 2553 τῆς
2211 2486 2505 2550 ἀκολασίας
2533 2488 2630 2541 καὶ
2687 2491 2754 2559 τῇ
2801 2489 2935 2560 ἄλλῃ
2975 2489 3084 2542 τῶν
3123 2490 3298 2559 ἔργων
3362 2488 3738 2560 ἀρῤητουργίᾳ
3779 2488 3877 2540 καὶ

594 2578 715 2635 ταῖς
750 2578 829 2639 εἰς
870 2574 1005 2627 Θεὸν
1052 2573 1488 2646 ἀνυπερϐλήτοις
1528 2571 1907 2642 βλασφημίαις
1940 2573 2001 2624 τὸ
2043 2578 2310 2644 πρωτεῖον
2366 2574 2534 2649 εἶχον,
2570 2577 2686 2631 ἀλλ’
2742 2577 2838 2632 οὖν
2910 2578 3188 2649 βδελυκτοί
3255 2598 3313 2632 τε
3357 2582 3454 2635 καὶ
3512 2580 3876 2650 ἀποτρόπαιοι

595 2668 796 2739 μικροῦ
838 2670 1005 2721 πᾶσιν
1041 2668 1356 2737 ἐνομίζοντο
1404 2668 1519 2727 τοῖς
1543 2664 1852 2734 ἀνθρώποις
1898 2664 1975 2733 τῷ
2057 2668 2309 2740 προδήλῳ
2372 2671 2464 2724 τοῦ
2530 2671 2756 2741 μύσους,
2805 2666 2879 2727 ὧν
2914 2673 3161 2742 ἐτόλμων
3214 2675 3426 2736 πάντας
3492 2673 3707 2743 ἔχοντες
3781 2693 3877 2745 μι-

597 2758 845 2823 σοῦντας.
874 2760 984 2812 Kal
1032 2759 1248 2827 ὀλίγους
1296 2758 1409 2829 (18)
1475 2752 1545 2827 ἦν
1610 2758 1764 2826 ὀρᾷν,
1817 2756 1953 2827 πρὸς
1989 2756 2091 2829 τὴν
2166 2760 2395 2814 ἐκείνων
2442 2763 2665 2832 ἀπάτην
2725 2763 3203 2835 μεταχωροῦντας,
3245 2762 3709 2831 ἀπερικαλύπτων
3757 2765 3875 2834 (19)

596 2856 693 2909 xal
723 2855 893 2926 χωρὶς
919 2854 1310 2925 τεχνασμάτων
1356 2854 1465 2907 τῶν
1515 2853 1769 2922 ἀσέμνων
1844 2852 2024 2921 ἔργων
2070 2851 2473 2925 προκειμένων,
2548 2861 2644 2914 καὶ
2710 2863 2812 2932 τῆς
2875 2862 3100 2931 ἀναίδην
3144 2860 3485 2923 ἀποστασίας
3532 2860 3615 2924 είς
3656 2877 3876 2932 προφυ,

596 2945 769 3014 λακὴν
800 2943 1077 3015 ἀρκούσης
1104 2942 1199 2996 τοῦ
1233 2944 1308 3013 μὴ
1343 2942 1539 2996 θᾶττον
1592 2943 1730 3011 πρὸς
1789 2942 1962 3015 αὐτὴν
2019 2944 2423 3003 ὑπολισθαίνειν
2446 2951 2544 3005 καὶ
2568 2952 2767 3024 ἀθρόον
2800 2952 3023 3024 θήραμα
3084 2952 3175 3007 τοῦ
3246 2954 3491 3027 Πονηροῦ
3561 2956 3610 3008 τ’
3657 2954 3878 3025 ἀνθρὼ-

598 3054 729 3089 πινα
768 3034 1036 3102 γίνεσθαι.

668 3126 838 3182 XXII.
872 3126 973 3180 Hic
998 3140 1149 3188 vero,
1178 3140 1299 3194 qua:
1326 3124 1571 3193 turpiora
1596 3132 1773 3187 erant,
1804 3138 2080 3187 resecans,
2108 3139 2185 3177 re-

2366 3130 2498 3182 ΚΝ.
2542 3123 2709 3193 Οὗτος
2731 3130 2790 3184 δέ
2822 3131 2891 3184 τά
2911 3131 3019 3184 τῶν
3055 3133 3384 3203 μιασμάτων
3416 3132 3661 3204 πρόδηλα
3705 3150 3875 3203 περι-

598 3222 746 3290 liqua
771 3221 1056 3289 obtegens,
1089 3219 1134 3271 si
1161 3232 1266 3286 qua
1294 3216 1368 3270 ob
1408 3216 1740 3285 impietatem
1777 3216 1962 3270 auditu
1991 3215 2188 3269 intole-

610 3313 804 3368 rabilia
833 3320 1041 3376 essent,
1074 3320 1169 3365 aut
1195 3310 1564 3379 comprimens
1581 3317 1819 3362 autcum
1856 3306 2188 3361 tolerabilio-

601 3408 755 3461 ribus
784 3404 1171 3468 commiscens,
1202 3412 1275 3467 et,
1316 3408 1385 3457 ut
1436 3402 1749 3457 summatim
1790 3400 1992 3465 dicam,
2049 3400 2190 3469 pelle

601 3496 722 3551 ovis
752 3496 941 3565 lupum
981 3493 1347 3559 abscondens,
1391 3493 1577 3547 multis
1632 3493 1824 3547 doctor
1874 3492 2092 3562 pietatis
2135 3498 2190 3545 et

604 3588 713 3643 dux
733 3586 925 3641 salutis
940 3600 1063 3640 esse
1078 3584 1397 3649 videbatur;
1420 3585 1619 3638 multos
1634 3600 1699 3640 ex
1718 3585 2013 3654 improviso
2035 3584 2189 3638 ador-

604 3690 697 3735 tus
734 3680 789 3735 in
812 3688 1073 3733 extrema:
1093 3678 1351 3747 perniciei
1371 3677 1688 3731 barathrum
1705 3676 2081 3747 praecipitavit.
2099 3675 2192 3729 Et-

602 3788 749 3845 enim
777 3788 923 3858 quod
947 3788 1378 3857 przedeccssores
1400 3786 1607 3839 suinon
1625 3785 1996 3856 neglexerant,
2026 3783 2076 3838 id
2101 3783 2192 3837 ille

520 3912 523 3917 ν
602 3880 811 3951 majore
841 3895 965 3934 cum
998 3877 1281 3949 diligentia
1321 3876 1670 3942 observavit;
1725 3890 1921 3945 nempe
1973 3884 2033 3928 ut
2077 3888 2189 3927 non

602 3973 674 4027 ab
705 3974 823 4041 ipso
858 3971 1040 4025 statim
1064 3969 1336 4039 principio
1361 3968 1450 4031 iis,
1479 3967 1570 4037 qui
1601 3967 1666 4020 ad
1700 3966 2065 4019 initiationcm
2091 3979 2185 4019 ac-

602 4065 885 4125 cederent,
930 4062 1283 4116 sublimiores
1313 4060 1620 4130 impietates
1651 4050 2024 4121 concrederet,
2088 4070 2187 4111 ne-

602 4171 711 4227 que
742 4154 1091 4211 horribiliora
1117 4159 1447 4223 proponeret
1471 4151 1757 4222 mysteria;
1807 4164 2040 4219 quorum
2094 4162 2186 4202 ca-

603 4257 705 4321 put
734 4256 817 4304 est
840 4246 1128 4319 abnegatio
1158 4243 1256 4301 Dei
1288 4244 1621 4310 omnimoda,
1674 4249 1730 4298 et
1775 4241 1974 4297 diaboli
2015 4238 2185 4311 gloria

2290 3220 2531 3286 κόπτων,
2565 3224 2661 3276 καὶ
2711 3224 2747 3277 ἃ
2792 3224 3056 3278 κατέλιπε
3100 3226 3201 3293 τῆς
3257 3225 3557 3288 ἀκολασίας
3607 3226 3876 3279 ἐπικαλύ-

2290 3330 2461 3379 πτων,
2490 3314 2560 3367 τά
2598 3331 2657 3367 τε
2709 3314 2833 3385 μηδ’
2885 3315 3023 3385 ἀκοῇ
3058 3316 3273 3386 φορητά
3314 3317 3423 3369 τῶν
3451 3317 3873 3390 ἀσεϐημάτωνῆ

2290 3406 2599 3460 συστέλλων
2628 3406 2662 3477 ἢ
2688 3408 3031 3476 καταμιγνὺς
3059 3410 3172 3471 τοῖς
3204 3408 3585 3477 ἀνεκτοτέροις
3609 3410 3746 3478 (20),
3780 3414 3877 3463 καὶ

2292 3498 2517 3567 σύμπαν
2571 3500 2747 3552 εἰπεῖν
2818 3499 3003 3567 κωδίῳ
3062 3498 3176 3569 (21)
3219 3498 3494 3569 προϐάτου
3551 3500 3646 3552 τὸν
3707 3501 3878 3555 λύκον

2291 3592 2726 3662 ἐναποκρύπτων
2764 3592 2899 3663 (22),
2936 3592 3153 3656 πολλοῖς
3195 3592 3296 3663 μὲν
3350 3592 3496 3658 ἔδοξε
3545 3593 3876 3658 διδάσκαλος

2290 3684 2571 3747 εὐσεϐείας
2596 3684 2689 3738 καὶ
2733 3685 2927 3754 ὀδηγὸς
2978 3684 3273 3755 σωτηρίας,
3308 3684 3537 3748 πολλοὺς
3602 3686 3650 3738 δ’
3690 3687 3873 3756 ἀπρο-

2294 3776 2476 3838 όπτως
2502 3774 2653 3845 αύτῷ
2678 3775 3089 3839 καταποθέντας
3114 3776 3193 3846 τῷ
3218 3776 3479 3849 βαράθρῳ
3503 3778 3601 3847 τῆς
3634 3779 3878 3849 ἐσχάτης

2291 3864 2567 3929 ἀπωλείας
2596 3867 3027 3938 κατεκρήμνισε.
3068 3868 3178 3921 Kal
3222 3870 3331 3938 γὰρ
3358 3869 3482 3922 οὺδέ
3509 3870 3622 3932 τοῖς
3675 3870 3876 3935 πρότεο

2296 3974 2389 4029 ρον
2427 3957 2801 4028 ἀμελούμενον
2824 3959 2975 4028 ὅμως
3010 3959 3104 4012 καὶ
3134 3958 3294 4012 τοῦτο
3325 3960 3473 4031 αύτῷ
3514 3961 3873 4014 σπουδαιότε-

2294 4067 2388 4120 ρον
2418 4051 2825 4122 μεμηχάνηται,
2872 4051 3014 4104 ὦστε
3060 4051 3136 4122 μὴ
3178 4054 3299 4106 κατ’
3330 4055 3505 4125 ἀρχὰς
3552 4054 3714 4117 εὐθὺς
3760 4058 3878 4117 τοῖς

2293 4141 2444 4213 αύτῷ
2476 4142 2729 4211 μυεῖσθαι
2776 4144 3244 4215 προσερχομένοις
3293 4146 3363 4198 τά
3433 4145 3736 4215 τελειότερα
3758 4145 3875 4212 (25)

2293 4231 2400 4285 τῶν
2444 4232 2811 4303 ἀσεϐημάτων
2843 4284 2850 4301 ,
2881 4232 3127 4305 θαρρεῖν,
3172 4233 3312 4306 μηδὲ
3385 4235 3497 4288 τῶν
3551 4237 3875 4305 μυστηρίων

1770 4397 2003 4454 VARIA'J
2038 4391 2428 4452 LECTlf)NES
2458 4390 2547 4446 ET
2575 4389 2809 4446 NOTAE.

678 4548 791 4621 (12)
838 4548 1215 4614 Διδασκάλῳ.
1251 4549 1328 4603 Ita
1358 4558 1506 4604 recte
1539 4546 1874 4602 Coisliniano
1915 4561 2013 4615 pro
2038 4546 2184 4599 διδα-

680 4621 834 4681 αλίῳ,
862 4637 979 4681 seu,
1003 4620 1422 4681 ut;scribendum
1444 4630 1580 4681 erat,
1608 4617 1964 4681 διδασκαλείῳ
1982 4616 2183 4670 Nostri.

2363 4541 2452 4610 (16
2510 4541 2652 4594 Οὗν.
2692 4539 2810 4594 Non
2831 4536 3309 4608 agnoscitNosler.

2366 4546 2477 4681 (Π)
2525 4612 2770 4679 Χωρίον.
2828 4610 3023 4663 Addidi
3060 4626 3148 4681 rex
3180 4608 3303 4681 Nos

606 4616 834 4691 σκαλίῳ,
862 4637 979 4684 seu,
1003 4620 1422 4691 uthcribendum
1444 4630 1580 4691 erat,
1596 4617 1964 4691 διδασκαλείῳ
1982 4616 2183 4670 Nostri.

677 4688 796 4762 (15)
832 4691 923 4745 Δέ.
972 4691 1047 4744 Ex
1093 4688 1314 4762 Nostro,
1346 4690 1491 4759 quod
1542 4690 1610 4743 ad
1646 4688 2031 4756 perficiendam
2066 4701 2189 4740 ora-

606 4760 779 4817 tionis
804 4764 1000 4815 seriem
1032 4760 1235 4828 requiri
1268 4760 1503 4815 videtur.

680 4833 790 4904 (14)
826 4832 895 4885 0t
924 4830 1022 4904 acori
1063 4825 1378 4904 δὰίμοκας.
1440 4831 1514 4884 Ita
1553 4829 1761 4884 edenda
1812 4827 1931 4882 hzec
1976 4825 2186 4904 putavi,

606 4897 731 4974 quin
762 4897 814 4955 in
849 4897 1427 4974 (Soislinianontisere
1460 4910 1716 4974 corrupta
1776 4908 1926 4974 sunt,
1981 4897 2073 4965 qui
2110 4897 2190 4974 sic

607 4968 772 5028 habet
803 4991 817 5025 :
870 4971 932 5025 Οἳ
987 4973 1083 5023 καὶ
1146 4969 1308 5023 πάθει
1344 4970 1605 5041 δαίμονας
1628 4968 2039 5041 θεραπεύουσι,
2077 4969 2191 5041 ’καὶ

606 5044 869 5113 δαίμονας
895 5035 1467 5113 πάθειᾉφυγαδεύουσί.
1506 5035 1729 5113 [lectius
1767 5056 1835 5113 ex
1882 5047 2037 5113 parte
2077 5035 2191 5088 No-

607 5109 741 5179 ster,
774 5112 822 5164 αἳ
852 5113 945 5165 καὶ
986 5109 1248 5181 δαίμονας
1281 5110 1663 5181 θεραπεύουσι,
1702 5111 1796 5181 καὶ
1828 5109 1973 5176 πάθη
2012 5124 2190 5181 φυγατ

608 5175 848 5247 δεύουσι,
891 5182 983 5250 qui
1016 5175 1197 5235 tamen
1239 5182 1293 5235 in
1325 5175 1391 5235 eo
1418 5191 1566 5236 errat
1593 5180 1795 5235 librarii
1828 5175 2004 5250 lapsu,
2026 5175 2189 5246 quod

608 5254 734 5307 bina
760 5253 845 5305 illa
881 5249 1041 5306 verba
1071 5268 1181 5306 non
1219 5254 1333 5306 suis
1381 5253 1513 5307 locis
1550 5251 1859 5315 collocavit,
1910 5249 2004 5304 sed
2050 5263 2189 5301 con-

607 5324 767 5377 fudit.
808 5323 981 5378 Scribi
1011 5324 1156 5376 enim
1206 5323 1461 5388 debebat,
1510 5332 1569 5375 ttt
1603 5322 1768 5375 edidi.
1821 5320 1901 5375 lta
1948 5335 2036 5373 res
2073 5318 2190 5386 ipsa

609 5394 857 5463 requirit,
902 5405 957 5447 et
1006 5393 1193 5463 l’e_trtt§
1243 5394 1459 5447 Siculus
1502 5392 1812 5454 confirmat,
1856 5391 2017 5463 cuius

609 5457 739 5519 sunt
770 5457 930 5518 verba
967 5480 979 5515 :
1021 5460 1180 5517 Οὗτοί
1209 5468 1347 5516 εἰσιν
1373 5466 1421 5517 oi
1459 5463 1602 5530 ἆγιοί
1644 5478 1760 5523 σου,
1816 5462 1867 5512 οἱ
1908 5457 2034 5521 τοὺς
2084 5457 2193 5530 δαί-

614 5552 782 5605 μονας
818 5534 1235 5605 φυγαδεύοντες,
1266 5534 1454 5588 καὶτὰ
1486 5529 1631 5605 πάθη
1659 5530 2059 5605 θεραπεύοντες
2084 5529 2191 5579 τῶν

610 5601 1187 5685 ἀνθρώπωνέβοίιίερι
1219 5606 1453 5685 Ιιιιιίιηίο
1494 5601 1693 5685 femina
1726 5601 2191 5685 habuihconsu‘e:

614 5670 883 5737 tudinem,
912 5676 998 5728 illa
1049 5685 1209 5729 aetate
1262 5676 1372 5743 jam
1426 5683 1722 5743 receptam,
1762 5688 1868 5742 qua
1926 5670 2194 5724 invocatis

612 5746 816 5799 sanctis
848 5745 1127 5800 daemones
1168 5746 1603 5815 expellebantur.

684 5816 796 5885 (l5)
850 5808 1321 5880 Καταλιπόντες.
1382 5814 1495 5869 Hoc
1556 5815 1698 5871 malo
1765 5822 1874 5885 pt‘m
1938 5808 2193 5864 καταλεί-

610 5902 825 5954 ποντες,
850 5886 995 5958 quod
1027 5897 1109 5943 est
1134 5887 1189 5941 in
1212 5886 1564 5943 Coisliniano.
2028 5909 2056 5937 ο

2366 4604 2477 4682 (Π)
2525 4612 2770 4679 Χωρίον.
2828 4604 3023 4682 Addidi
3058 4626 3148 4682 Aex
3179 4608 3427 4682 Nostro,
3460 4623 3622 4682 quam
3680 4624 3873 4663 vocem

2289 4679 2569 4753 requirere
2600 4681 2815 4753 videtur
2848 4680 3135 4753 allegorica
3178 4680 3432 4753 loquendi
3466 4679 3624 4743 ratio,
3657 4695 3780 4753 qua:
3811 4696 3875 4733 se

2290 4750 2382 4809 hic
2401 4752 2613 4807 auctori
2636 4750 2906 4822 probavit,
2930 4752 2997 4804 de
3024 4750 3362 4822 germinibus
3392 4752 3637 4819 loquens,
3672 4750 3876 4818 quibus

2290 4840 2417 4891 ager
2445 4823 2623 4877 ridere
2657 4822 2816 4876 solet.

2363 4894 2476 4965 (18)
2506 4893 2809 4965 ὐλίγουςτ
2837 4890 3034 4965 Noster
3055 4889 3280 4965 (wrote,
3322 4890 3603 4965 mendose.

2364 4959 2474 5033 (l9)
2511 4959 3047 5033 ‘Azsptxaltintwr.
3088 4959 3165 5013 Ita
3216 4960 3413 5033 Noster
3458 4961 3672 5024 melius,
3706 4976 3873 5030 quam

2289 5030 2677 5098 Coislinialttts,
2711 5032 2804 5101 qui
2840 5032 3005 5085 habet
3024 5030 3491 5101 ἀπερικὰλυπτον.

2368 5104 2480 5175 (20)
2524 5099 2971 5175 Ἀνεκτοτέροις.
3008 5099 3225 5175 Op_time
3273 5101 3577 5155 Coisliauus
3611 5117 3710 5170 pro
3754 5119 3877 5153 συν-

2292 5170 2796 5245 εκτοτέροιςεῳιοιί
2821 5171 3014 5245 Noster
3034 5170 3212 5225 affert.

2364 5240 2732 5315 (summa).
2758 5242 2837 5315 Ex
2873 5240 3070 5315 Nostro
3098 5256 3198 5310 pro
3241 5240 3458 5304 κωδίου,
3500 5240 3645 5309 quod
3709 5256 3876 5309 pera-

2294 5312 2414 5368 rum
2446 5315 2577 5368 vitio
2608 5324 2733 5367 ante
2756 5312 3055 5381 legebatur.

2368 5384 2479 5456 (2‘2)
2520 5378 3063 5456 i’Eranoacﬁtixtgr.
3101 5379 3212 5456 “Sic
3264 5378 3460 5456 iterum
3530 5379 3729 5436 Noster
3775 5398 3878 5451 pro

2296 5450 2530 5525 simplici
2544 5453 2940 5525 Ῠάποκρύπτων
2961 5450 3315 5525 _Cois_liniani.

2368 5518 2480 5593 (ἱὸ)
2539 5518 2909 5590 Τελειότερα.
2961 5520 3037 5575 lta
3096 5522 3214 5590 lego
3256 5535 3354 5589 pro
3397 5518 3720 5593 τελεώτερα,
3772 5537 3876 5591 pro

2294 5611 2402 5665 quo
2423 5590 2620 5649 Noster
2652 5593 3170 5665 habeb‘taxetbtepa,
3215 5605 3403 5665 vocem
3439 5590 3749 5665 nihiliyl’er
3776 5590 3876 5642 τέ-

2294 5660 2435 5728 λειος
2475 5675 2656 5719 autem
2689 5660 2945 5718 alluditur
2967 5660 3183 5725 iterum,
3217 5662 3362 5729 quod
3394 5661 3637 5715 solemne
3674 5660 3877 5715 Nostro

2295 5744 2398 5802 est,
2424 5736 2491 5790 ad
2517 5735 2798 5805 gentilium
2840 5749 3016 5805 sacra,
3051 5733 3257 5805 quibus
3279 5731 3368 5799 qui
3402 5748 3511 5785 non
3534 5742 3641 5788 tam
3668 5732 3876 5787 initiati

2296 5822 2458 5877 quam
2490 5802 2683 5861 imbuti
2701 5815 2875 5871 erant,
2902 5804 3097 5857 τέλειοι
3124 5802 3467 5860 dicebantur.
