4110 6408
192 434 272 496 69
1234 438 1535 499 CONTRA
1573 437 2038 499 MANICH/EOS
2074 438 2309 499 LIBER
2361 439 2411 498 Ι.
3409 442 3486 507 ’10

198 538 524 610 προτιθέναι
554 540 624 594 τὰ
664 539 950 611 ἐξάγιστα,
979 539 1055 598 ὧν
1105 545 1356 616 ἐστιωιί)
1383 546 1445 598 τὸ
1492 546 1792 616 κεφάλαιον

1900 563 1965 602 ac
1996 548 2308 619 imperium,
2360 548 2441 603 vis
2470 547 2713 615 creandi,
2762 548 2939 603 honor
2961 558 3013 603 et
3044 549 3357 607 famulatus.
3391 553 3489 608 Ni-

194 633 435 704 ἆρνησις
470 632 746 703 παντελής
777 634 938 701 Θεοῦ,
969 636 1065 689 καί¹
1100 636 1196 689 τοῦ
1223 637 1473 691 διαϐόλου
1521 637 1652 703 δόξα
1696 638 1793 691 καὶ

195 725 425 793 κράτος,
482 725 577 777 καὶ
610 725 975 797 δημιουργίας
1025 728 1201 799 ἰσχὺς,
1247 730 1343 782 καὶ
1386 730 1524 801 τιμὴ
1575 730 1672 783 καὶ
1710 731 1791 782 oi—

195 815 442 879 κείωσις.
486 817 659 870 Οὐδὲν
702 814 799 871 οὖν
839 820 1050 882 ἐκεῖνος
1109 819 1353 874 τοιοῦτον
1398 823 1794 876 κατεπίστευεν

192 908 313 971 τοῖς
337 908 467 977 ἄρτι
509 909 860 980 μυουμένοις.
903 911 1070 966 Ἀλλὰ
1095 912 1291 983 πρῶτα
1341 913 1442 983 μὲν
1473 915 1586 976 τοῖς
1627 914 1792 981 εὐαγ-

192 998 469 1067 γελικοῐςο
489 1002 755 1073 ἐπειρᾶτο
804 1005 1276 1076 καταρρυθμίζειν
1327 1007 1566 1077 ῥήμασιν
1609 1006 1793 1060 αὐτῶν

189 1090 263 1140 τὰ
300 1087 432 1159 aen,
466 1091 564 1143 καὶ
607 1090 643 1144 ἃ
676 1092 846 1163 μηδὲν
886 1094 1143 1149 ἐκέλευσε
1186 1097 1316 1167 περὶ
1356 1097 1647 1166 δόγματος.
1683 1097 1793 1151 Καὶ

190 1180 410 1242 τούτοις
463 1182 606 1247 τέως
666 1186 1004 1256 κατακηλεῖν
1059 1205 1119 1240 τε
1193 1190 1288 1241 καὶ
1353 1190 1791 1260 καταγοητεύειν

194 1270 501 1343 ἐπεχείρει,
532 1274 631 1326 καὶ
657 1275 972 1346 χειροήθεις
1014 1266 1429 1347 ἀπεργάζεσθαι
1450 1280 1576 1343 τοὺς
1624 1298 1795 1351 μυστ-

192 1366 647 1435 αγωγουμένους.
694 1367 948 1422 Ἐπειδὰν
994 1367 1040 1421 δ’
1068 1367 1257 1433 εὔνους
1288 1364 1436 1439 εἶχεν
1467 1371 1562 1423 καὶ
1600 1370 1676 1431 ὡς
1705 1371 1791 1423 δι-

191 1457 454 1529 δασκάλῳ
480 1459 574 1512 καὶ
615 1460 894 1532 σωτηρίας
925 1460 1072 1533 ἐώρα
1106 1464 1550 1534 προσανέχοντας
1590 1463 1789 1534 ὁδηγῷ,

192 1551 323 1603 τότε
351 1552 450 1604 καὶ
476 1552 569 1605 τὸν
602 1552 725 1606 ὅλον
753 1554 854 1624 τῆς
892 1554 1235 1618 ἀποστασίας
1269 1556 1348 1609 ἰὸν
1385 1556 1579 1626 χανδὸν
1609 1557 1793 1620 αὐτοῖς

194 1646 468 1715 παρεῖχεν
533 1647 828 1716 ἐκροφείν,
896 1647 993 1699 καὶ
1086 1648 1515 1718 τετελεσμένους
1589 1650 1793 1718 ὁμοίως

192 1737 394 1807 ἐκείνῳ
419 1738 754 1808 ἀνηγόρευέν
778 1755 840 1791 τε
860 1740 957 1791 καὶ
974 1739 1353 1810 ἀνεκήρυττεν
1374 1741 1474 1812 τὴν
1504 1741 1786 1795 ἀσέϐειαν.

193 1828 239 1880 Τ
245 1827 435 1898 υχικδν
464 1828 508 1881 δ’
545 1829 711 1882 αὐτὸν
753 1829 849 1882 καὶ
887 1824 1044 1894 οὗτος
1087 1833 1116 1884 6
1153 1831 1561 1903 τρισαλιτήριος
1585 1832 1793 1886 ἐπωνό-

197 1917 397 1988 μαζεν,
449 1920 510 1972 οὐ
540 1922 642 1989 τὴν
680 1920 878 1990 κλῆσιν
929 1900 1250 1977 ἐκκλέπτων
1282 1900 1457 1995 μόνον
1485 1924 1581 1979 τοῦ
1613 1942 1793 1996 μακα-
1822 1900 1866 1955 Β

196 2011 319 2081 ρίου
350 2010 568 2065 Παύλου
596 2012 876 2083 μαθητῶν,
901 2013 1040 2067 άλλά
1081 2015 1177 2069 καὶ
1209 2015 1381 2085 αὐτὴν
1404 2016 1507 2088 τὴν
1549 2015 1790 2088 ὓπαρξιν

194 2107 292 2158 καὶ
330 2104 633 2158 ὑπόστασιν
665 2106 747 2169 είς
797 2106 992 2160 ἑαυτὸν
1027 2107 1431 2178 μεταπλάσσων
1469 2109 1565 2163 καὶ
1604 2126 1789 2181 παρα-

196 2196 515 2265 χαράσσων,
544 2197 640 2250 καὶ
671 2198 1109 2269 ὑποϐαλλόμενος
1128 2214 1143 2229 ο
1192 2201 1255 2253 οὑ
1291 2203 1401 2272 γὰρ
1454 2200 1614 2256 ἄλλον
1642 2202 1789 2269 τινὰ,

197 2288 267 2356 (ὣ
285 2290 479 2360 μωρᾶς
501 2289 774 2361 γλώσσης,
820 2292 1029 2363 μωροτέ
1039 2308 1135 2362 ρας
1155 2290 1200 2344 δ’
1221 2294 1390 2363 ἀκοῆς
1421 2293 1529 2347 τῶν
1552 2294 1793 2365 παραδε-

195 2381 507 2451 χομένωνί)
562 2381 679 2435 ἀλλ’
729 2384 941 2437 ἐκεῖνον
980 2378 1122 2436 εἶναι
1165 2384 1259 2437 τὸν
1309 2386 1546 2457 Τυχικὺν
1590 2386 1784 2440 ἑαυτὸν

195 2472 610 2543 ἑτερατολόγει,
658 2476 717 2529 ὲν
761 2478 884 2541 ταῖς
932 2477 1273 2543 Ἐπιστολαῖς
1312 2479 1408 2532 τοῦ
1462 2478 1789 2532 Ἀποστόλου

196 2566 505 2637 φερόμενόν
543 2584 603 2621 τε
639 2567 734 2621 καὶ
764 2568 1037 2638 πολλαχοῦ
1063 2568 1175 2640 (25)
1209 2571 1432 2641 μνήμης
1457 2571 1790 2641 ἐπαινουμέ-

198 2674 302 2728 νης
347 2657 696 2727 ἀξιούμενον.
758 2660 930 2714 Τοῦτο
978 2660 1033 2714 δὲ
1081 2662 1143 2714 τὸ
1189 2662 1572 2718 κακόπλαστόν
1603 2678 1663 2715 τε
1694 2664 1790 2719 καὶ

201 2748 419 2811 ἀναιδὲς
451 2752 540 2803 καὶ
578 2750 790 2820 ἠλίθιον
820 2752 917 2805 καὶ
961 2752 1145 2818 ἄθεον,
1190 2754 1287 2806 καὶ
1328 2745 1389 2807 οὗ
1426 2755 1500 2825 μή
1521 2754 1633 2826 (26)
1672 2756 1791 2809 ἐστι

206 2843 343 2912 παρ’
382 2842 608 2913 οὐδεμιᾷ
645 2844 756 2896 τῶν
812 2845 1037 2898 πώποτε
1087 2849 1475 2918 γεγενημένων
1524 2848 1791 2918 αἱρέσεων

197 2937 602 3007 παραπλήσιον,
631 2935 791 2991 τοῦτο
829 2938 894 3009 δὴ
944 2936 1275 2992 καταϐαλὼν
1309 2939 1422 3010 (27)
1461 2941 1554 2994 ml.
1592 2940 1791 3011 προθε-

198 3027 477 3097 μελιώσας
507 3031 630 3092 ταῖς
672 3029 783 3082 τῶν
814 3031 1190 3102 ἠπατημένων
1228 3030 1427 3103 ψυχαῖς
1459 3032 1670 3086 ἐκεῖθεν
1694 3034 1792 3087 επ-

194 3118 473 3188 ῳκοδόμει
502 3118 571 3172 τὰ
596 3118 734 3173 ἀλλα
756 3136 771 3150 ο
804 3120 1027 3190 κήρυκά
1059 3138 1118 3174 τε
1150 3121 1259 3194 γὰρ
1289 3122 1628 3176 ἀπεστάλθαι
1653 3122 1791 3192 πρὸς

1895 640 1973 696 hil
2003 640 2185 710 itaque
2214 641 2393 696 simile
2430 656 2623 695 recens
2658 641 2885 697 initiatis
2940 643 3336 710 concredebat;
3390 645 3489 700 sed
3540 633 3563 657 ⁸

1894 732 2076 803 primo
2108 749 2297 789 eorum
2355 748 2561 798 mores,
2614 749 2717 788 nec
2748 749 2858 788 non
2883 734 3011 800 alia,
3074 751 3195 806 quae
3239 737 3376 791 nihil
3421 737 3490 792 ad

1894 822 2196 877 doctrinam
2217 823 2557 891 spectabant,
2582 823 2911 894 evangelicis
2936 824 3120 879 verbis
3158 835 3346 894 aptare
3370 836 3492 881 stu-

1894 916 2093 981 debat;
2122 916 2320 970 deinde
2350 916 2495 984 ipsos
2519 916 2799 985 pellicere,
2856 926 2912 971 et
2944 917 3239 987 praestigiis
3268 918 3386 977 suis
3415 919 3486 973 il-

1893 1008 2152 1077 laqueare
2186 1006 2538 1076 initiatosque
2567 1008 2633 1061 ad
2684 1023 2905 1061 manum
2953 1016 3009 1062 et
3045 1008 3490 1078 obtemperantes

1894 1099 1997 1154 sibi
2023 1099 2251 1154 reddere
2281 1099 2605 1152 conabatur.
2683 1098 2981 1168 Postquam
3029 1108 3214 1154 autem
3249 1115 3343 1154 eos
3381 1099 3489 1154 sibi

1894 1192 2216 1258 benevolos,
2253 1200 2310 1245 et
2333 1201 2589 1261 tanquam
2617 1192 2839 1245 salutari
2861 1191 2985 1245 duci
3014 1192 3320 1263 morigeros
3365 1208 3489 1248 esse

1894 1284 2293 1355 conspiciebat,
2344 1294 2474 1339 tunc
2499 1292 2674 1338 totum
2704 1284 2990 1353 apostasiae
3024 1285 3179 1339 virus
3212 1284 3490 1341 hiantibus

1894 1373 2028 1444 ipsis
2052 1376 2382 1430 sorbendum
2403 1375 2763 1445 propinabat;
2792 1386 2954 1444 atque
2985 1376 3217 1431 initiatis
3238 1377 3491 1432 eamdem

1893 1483 2059 1537 quam
2097 1470 2212 1538 ipse
2248 1469 2488 1531 tenebat,
2530 1468 2867 1537 impietatem
2892 1468 3158 1525 tradebat.
3192 1470 3488 1542 Tychicum

1894 1572 2078 1614 autem
2111 1574 2170 1613 se
2197 1559 2620 1615 scelestissimus
2650 1560 2815 1614 homo
2849 1560 3260 1627 denomioabat,
3306 1578 3490 1632 neque

1895 1650 2073 1705 solum
2107 1650 2211 1705 sibi
2240 1666 2441 1705 nomen
2464 1664 2529 1705 ex
2560 1650 2959 1721 discipulorum
2996 1667 3229 1705 numero
3280 1653 3490 1708 tribue-

1897 1737 2009 1802 bat,
2029 1738 2126 1793 sed
2156 1740 2326 1807 ipsam
2360 1739 2733 1794 exsistentiam
2762 1742 3080 1810 usurpabat,
3105 1752 3161 1796 et
3178 1744 3247 1797 ad
3274 1760 3333 1798 se
3360 1760 3490 1813 per-

1895 1829 2075 1885 tinere
2138 1831 2677 1887 comminiscebatur.
2739 1832 2859 1887 Non
2913 1835 3061 1887 enim
3109 1850 3168 1889 se
3220 1836 3411 1900 alium,
3457 1852 3492 1891 ο

1894 1921 2120 1976 stultam
2152 1922 2415 1993 linguam,
2439 1924 2830 1994 stultioresque
2854 1927 3162 1980 auditores!
3221 1943 3345 1982 esse
3360 1943 3491 1998 por-

1893 2022 2105 2068 tentose
2135 2013 2372 2079 dicebat,
2415 2031 2578 2084 qnam
2624 2016 2801 2085 ipsum
2839 2017 2992 2071 illum
3018 2018 3339 2088 Tychicum,
3396 2020 3491 2087 qui

1894 2103 1952 2158 in
1984 2105 2233 2175 epistolis
2265 2105 2411 2160 Pauli
2446 2119 2803 2173 memoratur,
2838 2108 3154 2164 honorabili
3186 2111 3307 2179 ejus
3334 2126 3493 2164 mcn-
3550 2180 3558 2186 ’

1895 2198 2051 2253 tione
2108 2214 2254 2269 saepe
2306 2197 2468 2254 facta.
2534 2198 2650 2255 lloc
2697 2211 3070 2256 commentum
3122 2203 3488 2268 teterrimum,

1891 2290 2204 2361 impudens,
2245 2292 2521 2359 insanum,
2560 2294 2814 2364 impium,
2861 2293 2950 2349 cui
2981 2294 3157 2349 simile
3199 2309 3486 2364 nunquam

1890 2384 2035 2453 apud
2060 2384 2319 2448 haereses,
2349 2400 2470 2454 qua:
2500 2393 2628 2439 ante
2667 2384 2911 2455 fuerunt,
2960 2386 3190 2449 exstitit,
3224 2386 3347 2451 hoc,
3402 2387 3489 2440 in-

1892 2489 2080 2544 quam,
2129 2489 2229 2531 ceu
2272 2475 2691 2532 fundamentum
2750 2493 2962 2547 ponens
3023 2480 3078 2532 in
3133 2478 3489 2548 deceptorum

1890 2568 2110 2634 animis,
2169 2578 2364 2624 caetera
2427 2570 2684 2640 deinceps
2737 2570 3042 2624 aediﬁcabat
3080 2588 3094 2623 :
3131 2586 3259 2625 nam
3311 2586 3372 2625 se
3421 2572 3491 2625 ab

1892 2658 2160 2729 Apostolo
2190 2660 2257 2715 ad
2289 2661 2440 2731 ipsos
2488 2677 2797 2732 praeconem
2830 2662 3061 2716 missurn
3098 2677 3222 2716 esse
3272 2662 3490 2716 dictita-

1890 2751 2003 2814 bat,
2041 2761 2098 2806 et
2120 2768 2203 2816 ea,
2236 2768 2358 2822 quae
2373 2753 2726 2807 annuntiaret
2752 2768 2815 2807 ac
2845 2752 3075 2817 diceret,
3125 2768 3234 2806 non
3260 2767 3374 2807 sua:
3404 2768 3493 2806 sa-

1890 2845 2132 2916 pientiae,
2162 2846 2258 2900 sed
2278 2844 2427 2899 Pauli
2444 2845 2694 2900 docentis
2713 2854 2767 2899 et
2789 2845 3058 2899 mittentis
3080 2860 3201 2900 esse
3219 2855 3489 2916 praecepta

1890 2937 2278 2991 mentiebatur.
2329 2937 2408 2991 Ac
2436 2937 2527 3006 qui
2556 2952 2700 3005 sarpe
2729 2936 3076 3006 perfectioris
3108 2937 3164 2989 in
3207 2937 3490 3006 impietate

1890 3027 2214 3083 initiationis
2266 3028 2551 3099 discipulis
2613 3044 2676 3084 se
2711 3028 2978 3098 Spiritum
3034 3037 3089 3082 et
3144 3027 3490 3083 Paracletum

1889 3133 2013 3174 esse
2055 3119 2378 3190 iactitabat;
2420 3120 2629 3174 rudiori
2681 3120 3022 3174 multitudini
3054 3134 3115 3174 se
3148 3120 3290 3174 inter
3318 3119 3491 3173 divini

197 3213 402 3275 αὐτοὺς
437 3213 571 3283 παρ’
600 3212 789 3278 αὐτοῦ,
830 3214 924 3265 καὶ
955 3213 992 3268 ἃ
1028 3214 1360 3283 διαγγέλλει,
1392 3215 1487 3268 καὶ
1511 3214 1680 3282 λέγει,
1713 3213 1789 3284 μὴ

1895 3210 2047 3266 Pauli
2106 3212 2408 3282 discipulos
2458 3214 2914 3279 connumerabat,
2966 3212 3060 3283 qui
3128 3214 3494 3282 septingentis

195 3309 299 3376 τῆς
326 3304 501 3359 αὑτοῦ
530 3306 727 3373 σοφίας
763 3300 926 3369 εἶναι,
962 3306 1058 3360 τοῦ
1108 3307 1167 3360 δὲ
1195 3308 1509 3373 διδάξαντος
1536 3308 1631 3362 καὶ
1680 3307 1789 3361 ἁπ-

208 3398 545 3462 εσταλκότος
574 3398 790 3452 Παύλου
838 3398 1302 3471 παραγγέλματα.
1331 3401 1442 3455 Καὶ
1476 3401 1504 3454 ό
1530 3400 1793 3464 πολλάκις

196 3493 318 3553 τοῖς
358 3490 441 3543 ἔτι
488 3489 602 3561 (28)
643 3490 847 3560 μᾶλλον
913 3491 1344 3562 μυστικωτέροις
1394 3492 1496 3564 τὴν
1535 3492 1793 3547 ἀσέϐειαν

198 3580 433 3649 Πνεῦμα
465 3580 560 3634 καὶ
592 3580 954 3651 Παράκλητον
974 3581 1160 3652 ὑμνῶν
1186 3582 1493 3646 έαυτδν,είς
1516 3585 1608 3638 τὸν
1631 3584 1793 3656 χορὸν

198 3673 319 3725 τῶν
359 3672 613 3742 μαθητῶν
649 3671 748 3727 τοῦ
779 3672 1078 3727 θεσπεσίου
1113 3674 1332 3730 Παύλου
1370 3675 1507 3746 πρὸς
1545 3676 1607 3729 τὸ
1662 3677 1792 3731 ἄλλο

202 3764 418 3835 πλῆθος
456 3765 753 3833 κατέλεγεν
787 3766 1004 3830 ἑαυτὸν,
1056 3767 1400 3821 ἑπτακοσίων
1448 3767 1587 3821 ἐτῶν
1620 3770 1792 3838 ἐγγὺς

205 3856 686 3929 μεταγενέστερος
730 3858 828 3910 καὶ
859 3857 1075 3911 Παύλου
1126 3859 1223 3912 καὶ
1258 3859 1499 3929 Τυχικοῦ
1529 3858 1788 3928 γεγονώς.

203 3947 325 4002 Καὶ
354 3948 465 4018 γὰρ
489 3950 517 4001 6
540 3949 852 4021 κατάρατος
910 3942 1069 4014 οὗτος
1132 3951 1227 4004 καὶ
1261 3951 1522 4021 τερατίας
1567 3952 1625 4004 ὲν
1677 3953 1793 4014 τοῖς

201 4040 335 4095 καθ’
362 4043 511 4110 ἡμᾶς
543 4041 877 4111 ὲγνωρίζετο
907 4047 1145 4113 χρόνοις,
1178 4042 1356 4115 κήρυξ
1386 4044 1485 4114 τῆς
1530 4043 1793 4107 ἀσεϐείας

197 4136 279 4200 ὡς
321 4136 435 4206 (29)
487 4135 643 4191 οὔπω
680 4154 766 4200 τις
816 4136 1080 4207 διάπυρος
1108 4136 1317 4209 ἕτερος.
1358 4138 1569 4202 Πολλὰς
1618 4139 1729 4208 γὰρ
1764 4137 1792 4190 6

200 4228 408 4291 πλάνος
437 4229 621 4309 πόλεις
651 4232 945 4302 περιῆλθεν
972 4234 1067 4287 καὶ
1116 4233 1325 4304 χώρας,
1390 4231 1599 4303 θηρῶν,
1644 4233 1791 4286 ἀπα-

199 4322 337 4385 τῶν,
361 4321 456 4373 καὶ
477 4323 589 4391 (50)
619 4324 931 4389 παγιδεύων
951 4325 1048 4389 τὰς
1066 4326 1175 4378 τῶν
1197 4310 1602 4395 ἁπλουστέρων,
1620 4324 1789 4395 οἶμοι,

196 4415 402 4484 ψυχὰς,
432 4414 506 4477 ὡς
529 4420 624 4468 καὶ⁵
652 4416 817 4478 αὐτὸς
861 4418 889 4470 6
921 4417 1019 4471 τοῦ
1049 4417 1281 4487 ψεύδους
1312 4418 1386 4482 ὡς
1418 4416 1638 4487 ἀληθῶς
1675 4417 1792 4481 υίὸς

199 4510 259 4560 ἐν
296 4509 402 4579 μιᾷ
421 4508 531 4560 τῶν
560 4506 729 4561 αὑτοῦ
769 4526 940 4580 φησιν
979 4511 1283 4565 ἐπιστολῶν
1309 4527 1322 4541 ·
1362 4530 1381 4563 ι
1440 4511 1574 4564 Ἀπὸ
1597 4512 1789 4565 ἀνατο-

1905 3319 2048 3374 pene
2078 3305 2240 3359 annis
2267 3314 2391 3375 post
2417 3305 2644 3361 Paulum
2681 3316 2738 3361 et
2764 3305 3062 3378 Tychicum
3098 3305 3257 3361 vixit.
3280 3305 3493 3359 Etenim

1898 3397 2224 3451 maledictus
2259 3398 2349 3451 ille
2392 3408 2448 3452 et
2492 3408 2848 3468 portentosus
2889 3398 3055 3453 homo
3100 3398 3305 3452 nostris
3353 3413 3496 3467 pene

1899 3489 2238 3559 temporibus
2279 3490 2530 3560 cognitus
2563 3498 2667 3553 est,
2696 3490 2995 3559 impietatis
3019 3505 3219 3559 praeco,
3243 3506 3352 3559 quo
3369 3491 3496 3544 nul-

1898 3581 1986 3636 lus
2014 3582 2151 3637 alter
2173 3580 2456 3636 ardentior
2514 3581 2640 3635 fuit.
2688 3580 2888 3636 Multas
2920 3581 3067 3636 enim
3098 3582 3356 3637 seductor
3402 3582 3495 3637 ille

1899 3674 2065 3729 urbes
2088 3682 2144 3728 et
2172 3672 2422 3744 regiones
2479 3672 2811 3743 peragravit,
2838 3673 3043 3728 multos
3060 3683 3308 3743 captans,
3341 3673 3495 3728 deci-

1898 3766 2075 3837 piens,
2107 3766 2427 3836 illaqueans,
2452 3766 2793 3820 odamnuml
2816 3764 3214 3835 simpliciorum
3243 3765 3492 3832 animas;

1899 3868 1957 3913 et
1986 3858 2101 3928 ipse
2149 3857 2419 3912 mendacii
2468 3872 2597 3911 vere
2638 3857 2783 3912 ﬁlius
2824 3858 2879 3910 in
2918 3858 3101 3927 aliqua
3139 3858 3493 3928 epistolarum

1899 3967 2123 4007 suarum
2149 3953 2225 4007 ait
2256 3970 2270 4006 :
2313 3972 2331 4003 ι
2355 3952 2437 4006 Ab
2458 3952 2682 4007 Oriente
2698 3962 2752 4007 et
2772 3950 3091 4016 Occidente,
3125 3954 3193 4007 ab
3222 3954 3495 4022 Aquilone

1899 4054 1955 4100 et
1979 4045 2208 4100 Meridie
2238 4045 2575 4099 annuntians
2593 4045 2946 4115 Evangelium
2990 4044 3218 4109 Christi,
3254 4061 3493 4115 genuum

1899 4151 2148 4190 meorum
2190 4135 2376 4190 labore
2404 4136 2644 4190 cucurri.
2677 4155 2697 4188 ι
2735 4135 2962 4190 Etiamsi
2994 4135 3141 4190 enim
3174 4136 3262 4190 hic
3285 4135 3493 4190 utalibi

1899 4242 2120 4298 semper
2163 4227 2461 4296 iactatione
2502 4236 2718 4293 utatur;
2760 4243 2951 4282 verum
3009 4236 3189 4281 tamen
3228 4236 3312 4282 est
3366 4243 3493 4282 eum

1898 4335 2007 4373 non
2046 4319 2322 4373 modicum
2358 4333 2581 4373 cursum
2612 4318 2665 4372 in
2694 4334 2846 4373 suam
2897 4319 3325 4389 scquaciumque
3361 4336 3494 4375 suo-

1898 4427 2020 4466 rum
2056 4412 2356 4483 perniciem
2388 4411 2716 4467 conl‘ecisse.
2758 4412 3001 4484 Triginta
3046 4422 3227 4467 autem
3263 4422 3319 4467 et
3354 4430 3492 4483 qua-

1899 4512 2025 4557 tuor
2067 4502 2522 4574 annisimpietati
2556 4502 2790 4573 prwfuit,
2846 4512 2903 4556 et
2956 4502 3161 4558 erroris
3212 4512 3491 4558 certamen

198 4600 313 4652 λῶν
344 4602 439 4653 καὶ
461 4600 704 4670 δυσμῶν,
750 4602 846 4654 καὶ
892 4602 1067 4674 βορρᾶ
1099 4605 1194 4657 καὶ
1227 4604 1383 4659 νότου
1420 4604 1659 4675 ἔδραμον
1692 4621 1792 4674 κη·-

1900 4597 2325 4652 consummavit.
2361 4595 2518 4650 lrene
2544 4611 2730 4665 porro,
2782 4593 3031 4664 religiosa
3062 4594 3149 4648 illa
3181 4603 3237 4648 et
3262 4593 3371 4649 Deo
3397 4612 3491 4649 ae-

204 4691 422 4761 ρύσσων
443 4693 507 4745 τὸ
540 4693 877 4763 Εὑαγγέλιον
908 4695 1152 4765 Χριστοῦ
1170 4698 1282 4758 τοῖς
1314 4697 1471 4765 ἐμοῖς
1497 4695 1741 4764 γόνασιν.
1767 4714 1785 4747 ι

201 4782 267 4834 Εἰ
294 4783 405 4854 γὰρ
451 4782 527 4846 ὡς
561 4785 621 4837 ἐν
674 4788 844 4839 πᾶσιν
904 4788 1049 4840 οὓτω
1086 4786 1369 4840 κάνταῦθα
1410 4785 1794 4857 ὴλαζονεύετο,

203 4874 327 4928 ἀλλ’
378 4875 472 4930 οῦν
499 4877 601 4930 οὐκ
640 4877 825 4947 ὀλίγον
870 4878 1071 4950 δρόμον
1132 4878 1276 4950 ὑπὲρ
1319 4882 1420 4951 τῆς
1464 4876 1664 4931 ἑαυτοῦ
1702 4878 1796 4931 καὶ

202 4967 317 5021 τῶν
360 4969 703 5040 πειθομένων
732 4972 1011 5036 ἀπωλείας
1046 4972 1384 5026 κατεϐάλετο
1412 4970 1549 5040 (51).
1596 4969 1795 5038 Ἐγγξδς

202 5057 262 5109 δὲ
284 5058 381 5111 καὶ
406 5054 561 5123 οὗτος
591 5062 894 5132 τριάκοντα
921 5064 1015 5132 ἐτη
1058 5063 1153 5116 ἐπὶ
1192 5065 1306 5126 τοῖς
1366 5062 1635 5131 τέσσαρσι
1690 5059 1794 5128 τῆς

203 5150 470 5215 ἀσεϐείας
511 5155 781 5223 προέστη,
810 5155 907 5207 καὶ
958 5155 1051 5208 τὸν
1080 5156 1269 5224 ἀγῶνα
1314 5154 1413 5224 τῆς
1467 5154 1680 5222 πλάνης
1715 5152 1795 5204 δι-

205 5245 427 5315 ήνυσεν.
458 5245 671 5318 Εἰρήνη
696 5246 755 5301 δὲ
805 5247 1110 5319 τηνικαῦτα
1130 5248 1191 5300 τὸ
1222 5246 1470 5316 φιλόθεον
1493 5247 1672 5298 έκεῖνο
1700 5244 1794 5297 καὶ

1896 4700 2054 4759 cepta
2082 4689 2297 4753 mulier,
2329 4689 2623 4759 imperium
2658 4688 3069 4751 moderabatur,
3102 4703 3210 4757 quo
3245 4697 3491 4757 tempore

1896 4781 1992 4837 Dei
2019 4781 2196 4837 hostis
2216 4790 2271 4836 et
2296 4782 2494 4851 impius
2515 4781 2607 4836 ille
2638 4781 2929 4850 apostasiae
2962 4780 3209 4835 doctrina
3240 4778 3490 4844 ﬂorebat,

1896 4892 1961 4931 ex
1987 4891 2096 4946 quo
2125 4891 2299 4946 usque
2334 4875 2401 4929 ad
2432 4889 2677 4945 praesens
2701 4884 2939 4945 tempus,
2990 4889 3110 4943 qua:
3136 4886 3284 4926 nunc
3314 4872 3369 4925 in
3393 4887 3493 4926 no-

1898 4968 2027 5023 stris
2051 4967 2368 5038 regionibus
2384 4975 2682 5039 grassatur,
2708 4966 2981 5036 impietas,
3011 4965 3081 5019 ab
3096 4966 3219 5033 ejus
3239 4963 3492 5018 doctrina

1900 5060 2181 5131 proﬂuxit.
2227 5059 2389 5113 Fama
2417 5068 2600 5113 autem
2622 5060 2837 5115 caeteris
2861 5059 3033 5128 ipsius
3057 5057 3272 5111 :emulis
3300 5057 3495 5128 impie-

1903 5151 2107 5206 tatibus
2158 5160 2403 5221 praestat,
2455 5151 2587 5206 licet
2616 5160 2670 5206 et
2699 5151 2815 5205 haec
2847 5159 2902 5204 et
2934 5150 3042 5205 illae
3071 5152 3174 5222 ipsi
3203 5161 3494 5207 succentu-

1902 5244 2057 5298 riatae
2083 5244 2137 5297 in
2169 5244 2415 5298 eamdem
2446 5244 2747 5315 perniciem
2789 5243 3086 5300 deducant.
3135 5245 3374 5300 Tantum
3405 5261 3499 5300 au-

1332 5381 1570 5437 ΥΑΒΙᾹΞ
1594 5375 1983 5435 LbCTlONES
2041 5375 2130 5431 ET
2164 5375 2399 5432 ΝΟΤᾸΞ.

277 5503 395 5575 (2t)
428 5504 618 5558 Ἐστι.
654 5501 1035 5575 Lectionoswi
1088 5503 1298 5575 codicis
1352 5502 1523 5572 proba
1586 5510 1642 5556 et
1695 5516 1790 5572 ge-

202 5572 503 5655 nuina—pio
530 5576 683 5655 ξστη,
718 5574 869 5655 quod
888 5584 971 5655 est
990 5572 1430 5655 inquislinian‘o.

276 5642 781 5772 125)“Πολλαχοῦ.
809 5643 946 5699 Vide
977 5647 1098 5699 Act.
1133 5661 1223 5703 xx.
1252 5645 1317 5725 .4,
1345 5643 1546 5713 Ephes.
1580 5660 1659 5707 vr,
1686 5642 1746 5697 2|
1773 5661 1787 5710 ;

202 5717 281 5773 Co
306 5732 418 5770 oss.
450 5733 528 5773 ιν.
558 5715 589 5768 7
615 5732 630 5773 ;
655 5715 762 5769 'l‘tt.
794 5732 877 5773 ιιι.
903 5716 991 5773 l2.
1015 5726 1072 5770 et
1102 5714 1165 5773 ll,
1202 5714 1343 5771 Tun.
1376 5732 1448 5773 ιγ,
1491 5717 1576 5767 12.

245 5734 418 5773 01055.
450 5734 528 5778 ιν,
568 5734 584 5768 l
615 5734 630 5781 ς
666 5734 762 5769 ΙΙΙ..
794 5734 877 5782 ΙΙΙ,
903 5734 991 5773 12.
1015 5734 1072 5770 Θι
1102 5734 1165 5782 II,
1210 5734 1448 5789 lll“.\lV,
1491 5734 1576 5767 ῙΖ.

276 5782 501 5856 (26)οὗ
536 5786 643 5854 μή.
694 5786 785 5840 Sic
842 5787 1039 5840 Noster
1090 5788 1418 5847 rectissime,
1470 5801 1567 5854 pro
1604 5786 1668 5856 ob
1720 5784 1796 5856 μὴ

203 5852 582 5913 (ἒοίειιιιὶιιιιίίε
607 5852 769 5926 prius
814 5858 1043 5925 requirit
1082 5858 1252 5913 series
1272 5852 1556 5915 orationis,
1615 5852 1675 5910 οὗ
1715 5852 1789 5926 μή

205 5931 328 5983 ἐστι
350 5928 759 6001 παραπλήσιον,
783 5930 928 5999 quod
947 5938 1002 5985 et
1030 5928 1213 5984 versio
1242 5939 1390 5984 recte
1421 5926 1648 5983 indicat.

1975 5496 2085 5637 227)
2117 5498 2504 5553 Καταὸαλών.
2552 5494 2784 5558 Noster.
2827 5497 3208 5561 καταϐάλλων,
3269 5498 3494 5553 rectius.

1998 5568 2091 5636 28)
2129 5572 2278 5623 Ἔτι.
2338 5568 2534 5621 Noster
2563 5568 2657 5620 ἐπὶ
2712 5568 2855 5624 forte
2916 5579 3086 5622 recte.
3149 5569 3319 5623 Nmis
3350 5574 3494 5622 enim

1998 5568 2091 5636 28)
2129 5572 2278 5623 Ἔτι.
2338 5568 2534 5621 Noster
2563 5568 2657 5620 ἐπὶ
2712 5568 2855 5624 forte
2916 5579 3086 5622 recte.
3149 5569 3319 5623 Nmis
3350 5574 3497 5622 enim

1901 5635 2223 5720 πλεονάζειν
2256 5638 2473 5720 videtur
2508 5637 2591 5691 ἔτι
2624 5639 2827 5709 μᾶλλον
2862 5639 3333 5720 μυστικιιρτέρους⁸

1968 5707 2080 5777 (29)
2124 5711 2237 5776 Ὡς.
2272 5710 2464 5763 Noster
2504 5707 2920 5781 non—agnoscit,
2953 5710 3099 5779 quod
3132 5707 3313 5764 tamen
3347 5719 3498 5765 recte

1894 5791 2158 5836 contextu
2177 5781 2511 5837 vindicatur.

1982 5855 2095 5923 (50)
2121 5853 2252 5907 Καὶ.
2279 5850 2351 5923 Et:
2385 5850 2585 5923 Nostro
2614 5850 2813 5921 adieci.

1973 5920 2088 5996 (3|)
2117 5921 2510 5980 Κατεϐάλετο.
2538 5920 2736 5979 Noster
2763 5920 3148 5979 κατεϐάλλετο.
