  <div class='ocr_page' id='page_1' title='image "/cluster/home/n/w/nwhite01/storage/ocr_20150623/102/hvd.32044012543948/041.png"; bbox 0 0 4088 6444; ppageno 0'>
   <div class='ocr_carea' id='block_1_1' title="bbox 609 443 2185 517">
    <p class='ocr_par' dir='ltr' id='par_1_1' title="bbox 609 447 2185 517">
     <span class='ocr_line' id='line_1_1' title="bbox 609 447 2185 517; baseline -0.006 0"><span class='ocrx_word' id='word_1_1' title='bbox 609 454 677 517; x_wconf 75' lang='grc'>71</span> <span class='ocrx_word' id='word_1_2' title='bbox 1780 447 2047 511; x_wconf 85' lang='grc' dir='ltr'><strong>ΡΗΟΤΙῙ</strong></span> <span class='ocrx_word' id='word_1_3' title='bbox 2085 449 2185 509; x_wconf 82' lang='lat' dir='ltr'><strong>PA‘</strong></span> 
     </span>
    </p>
   </div>
   <div class='ocr_carea' id='block_1_2' title="bbox 2288 443 3887 517">
    <p class='ocr_par' dir='ltr' id='par_1_2' title="bbox 2288 443 3887 508">
     <span class='ocr_line' id='line_1_2' title="bbox 2288 443 3887 508; baseline -0.002 0"><span class='ocrx_word' id='word_1_4' title='bbox 2288 446 2592 508; x_wconf 67' lang='lat' dir='ltr'><strong>IARCHJE</strong></span> <span class='ocrx_word' id='word_1_5' title='bbox 2630 446 2736 507; x_wconf 70' lang='grc' dir='ltr'><strong>(ΖΡ.</strong></span> <span class='ocrx_word' id='word_1_6' title='bbox 3815 443 3887 506; x_wconf 70' lang='lat'><strong>7‘2</strong></span> 
     </span>
    </p>
   </div>
   <div class='ocr_carea' id='block_1_3' title="bbox 547 556 2185 644">
    <p class='ocr_par' dir='ltr' id='par_1_3' title="bbox 547 564 2185 644">
     <span class='ocr_line' id='line_1_3' title="bbox 547 564 2185 644; baseline -0.007 -18"><span class='ocrx_word' id='word_1_7' title='bbox 547 621 570 644; x_wconf 73' lang='grc'><em>,</em></span> <span class='ocrx_word' id='word_1_8' title='bbox 607 579 716 626; x_wconf 90' lang='lat' dir='ltr'><strong>tem</strong></span> <span class='ocrx_word' id='word_1_9' title='bbox 749 569 854 640; x_wconf 89' lang='lat' dir='ltr'><strong>ipsi</strong></span> <span class='ocrx_word' id='word_1_10' title='bbox 887 569 1115 625; x_wconf 88' lang='lat' dir='ltr'><strong>honoris</strong></span> <span class='ocrx_word' id='word_1_11' title='bbox 1146 570 1414 625; x_wconf 78' lang='lat' dir='ltr'><strong>exhibent</strong></span> <span class='ocrx_word' id='word_1_12' title='bbox 1460 567 1581 640; x_wconf 78' lang='lat' dir='ltr'><strong>ejus</strong></span> <span class='ocrx_word' id='word_1_13' title='bbox 1613 567 1798 622; x_wconf 85' lang='lat' dir='ltr'><strong>miseri</strong></span> <span class='ocrx_word' id='word_1_14' title='bbox 1828 564 2106 634; x_wconf 82' lang='lat' dir='ltr'><strong>discipuli,</strong></span> <span class='ocrx_word' id='word_1_15' title='bbox 2144 575 2185 617; x_wconf 84' lang='grc' dir='ltr'><strong>ιιι</strong></span> 
     </span>
    </p>
   </div>
   <div class='ocr_carea' id='block_1_4' title="bbox 2288 556 3881 644">
    <p class='ocr_par' dir='ltr' id='par_1_4' title="bbox 2303 556 3881 632">
     <span class='ocr_line' id='line_1_4' title="bbox 2303 556 3881 632; baseline -0.002 -17"><span class='ocrx_word' id='word_1_16' title='bbox 2303 562 2671 632; x_wconf 78' lang='grc' dir='ltr'>ϐεομακάριον</span> <span class='ocrx_word' id='word_1_17' title='bbox 2697 558 2922 628; x_wconf 77' lang='grc' dir='ltr'>γύναιον</span> <span class='ocrx_word' id='word_1_18' title='bbox 2943 557 3044 628; x_wconf 82' lang='grc' dir='ltr'><strong>τῆς</strong></span> <span class='ocrx_word' id='word_1_19' title='bbox 3076 556 3352 630; x_wconf 77' lang='grc' dir='ltr'><strong>βασιλείου</strong></span> <span class='ocrx_word' id='word_1_20' title='bbox 3370 557 3546 628; x_wconf 81' lang='grc' dir='ltr'>ἀρχῆς</span> <span class='ocrx_word' id='word_1_21' title='bbox 3567 557 3881 624; x_wconf 77' lang='grc' dir='ltr'><strong>ἐπεστάτει,</strong></span> 
     </span>
    </p>
   </div>
   <div class='ocr_carea' id='block_1_5' title="bbox 605 652 2195 729">
    <p class='ocr_par' dir='ltr' id='par_1_5' title="bbox 605 652 2195 729">
     <span class='ocr_line' id='line_1_5' title="bbox 605 652 2195 729; baseline -0.006 -14"><span class='ocrx_word' id='word_1_22' title='bbox 605 671 719 715; x_wconf 86' lang='lat' dir='ltr'><strong>tum</strong></span> <span class='ocrx_word' id='word_1_23' title='bbox 757 659 862 711; x_wconf 88' lang='lat' dir='ltr'><strong>alia</strong></span> <span class='ocrx_word' id='word_1_24' title='bbox 897 659 1154 722; x_wconf 87' lang='lat' dir='ltr'><strong>absurda,</strong></span> <span class='ocrx_word' id='word_1_25' title='bbox 1208 675 1330 729; x_wconf 71' lang='lat' dir='ltr'><strong>qua:</strong></span> <span class='ocrx_word' id='word_1_26' title='bbox 1359 674 1428 712; x_wconf 91' lang='lat' dir='ltr'><strong>ne</strong></span> <span class='ocrx_word' id='word_1_27' title='bbox 1456 657 1644 711; x_wconf 91' lang='lat' dir='ltr'><strong>auditu</strong></span> <span class='ocrx_word' id='word_1_28' title='bbox 1697 654 1919 723; x_wconf 86' lang='lat' dir='ltr'><strong>quidem</strong></span> <span class='ocrx_word' id='word_1_29' title='bbox 1975 652 2195 706; x_wconf 88' lang='lat' dir='ltr'><strong>tolerari</strong></span> 
     </span>
    </p>
   </div>
   <div class='ocr_carea' id='block_1_6' title="bbox 601 745 2196 821">
    <p class='ocr_par' dir='ltr' id='par_1_6' title="bbox 601 745 2196 821">
     <span class='ocr_line' id='line_1_6' title="bbox 601 745 2196 821; baseline -0.005 -16"><span class='ocrx_word' id='word_1_30' title='bbox 601 759 853 821; x_wconf 88' lang='lat' dir='ltr'><strong>possunt,</strong></span> <span class='ocrx_word' id='word_1_31' title='bbox 884 750 953 805; x_wconf 92' lang='lat' dir='ltr'><strong>de</strong></span> <span class='ocrx_word' id='word_1_32' title='bbox 975 750 1093 821; x_wconf 85' lang='lat' dir='ltr'><strong>ipso</strong></span> <span class='ocrx_word' id='word_1_33' title='bbox 1127 761 1378 813; x_wconf 87' lang='lat' dir='ltr'><strong>narrent,</strong></span> <span class='ocrx_word' id='word_1_34' title='bbox 1412 759 1528 803; x_wconf 87' lang='lat' dir='ltr'><strong>tum</strong></span> <span class='ocrx_word' id='word_1_35' title='bbox 1555 748 1718 802; x_wconf 89' lang='lat' dir='ltr'><strong>etiam</strong></span> <span class='ocrx_word' id='word_1_36' title='bbox 1747 747 1800 800; x_wconf 92' lang='lat' dir='ltr'><strong>in</strong></span> <span class='ocrx_word' id='word_1_37' title='bbox 1823 745 2048 799; x_wconf 83' lang='lat' dir='ltr'><strong>nomine</strong></span> <span class='ocrx_word' id='word_1_38' title='bbox 2077 745 2196 812; x_wconf 84' lang='lat' dir='ltr'><strong>ejus</strong></span> 
     </span>
    </p>
   </div>
   <div class='ocr_carea' id='block_1_7' title="bbox 602 835 2192 910">
    <p class='ocr_par' dir='ltr' id='par_1_7' title="bbox 602 835 2192 910">
     <span class='ocr_line' id='line_1_7' title="bbox 602 835 2192 910; baseline -0.008 -14"><span class='ocrx_word' id='word_1_39' title='bbox 602 841 903 904; x_wconf 87' lang='lat' dir='ltr'><strong>orationes,</strong></span> <span class='ocrx_word' id='word_1_40' title='bbox 982 857 1077 894; x_wconf 85' lang='lat' dir='ltr'><strong>seu</strong></span> <span class='ocrx_word' id='word_1_41' title='bbox 1155 839 1340 910; x_wconf 91' lang='lat' dir='ltr'><strong>potius</strong></span> <span class='ocrx_word' id='word_1_42' title='bbox 1416 839 1644 891; x_wconf 90' lang='lat' dir='ltr'><strong>latratus</strong></span> <span class='ocrx_word' id='word_1_43' title='bbox 1698 851 1828 890; x_wconf 87' lang='lat' dir='ltr'><strong>suos</strong></span> <span class='ocrx_word' id='word_1_44' title='bbox 1881 835 2192 905; x_wconf 78' lang='lat' dir='ltr'><strong>obsignent.</strong></span> 
     </span>
    </p>
   </div>
   <div class='ocr_carea' id='block_1_8' title="bbox 606 923 2194 998">
    <p class='ocr_par' dir='ltr' id='par_1_8' title="bbox 606 923 2194 998">
     <span class='ocr_line' id='line_1_8' title="bbox 606 923 2194 998; baseline -0.003 -18"><span class='ocrx_word' id='word_1_45' title='bbox 606 949 624 980; x_wconf 78' lang='grc' dir='ltr'><strong>ι</strong></span> <span class='ocrx_word' id='word_1_46' title='bbox 663 929 890 994; x_wconf 77' lang='lat' dir='ltr'><strong>Oratio,</strong></span> <span class='ocrx_word' id='word_1_47' title='bbox 932 929 1217 998; x_wconf 84' lang='lat' dir='ltr'><strong>inquiunt,</strong></span> <span class='ocrx_word' id='word_1_48' title='bbox 1302 927 1538 997; x_wconf 84' lang='lat' dir='ltr'><strong>Spiritus</strong></span> <span class='ocrx_word' id='word_1_49' title='bbox 1605 928 1776 980; x_wconf 88' lang='lat' dir='ltr'><strong>sancti</strong></span> <span class='ocrx_word' id='word_1_50' title='bbox 1845 923 2194 980; x_wconf 81' lang='lat' dir='ltr'><strong>miserebitur</strong></span> 
     </span>
    </p>
   </div>
   <div class='ocr_carea' id='block_1_9' title="bbox 599 1015 2193 1086">
    <p class='ocr_par' dir='ltr' id='par_1_9' title="bbox 599 1015 2193 1086">
     <span class='ocr_line' id='line_1_9' title="bbox 599 1015 2193 1086; baseline -0.003 -13"><span class='ocrx_word' id='word_1_51' title='bbox 599 1020 796 1073; x_wconf 85' lang='lat' dir='ltr'><strong>nostri.</strong></span> <span class='ocrx_word' id='word_1_52' title='bbox 836 1037 854 1069; x_wconf 77' lang='grc' dir='ltr'><strong>ι</strong></span> <span class='ocrx_word' id='word_1_53' title='bbox 910 1017 1081 1072; x_wconf 90' lang='lat' dir='ltr'><strong>Porro</strong></span> <span class='ocrx_word' id='word_1_54' title='bbox 1142 1018 1232 1072; x_wconf 84' lang='lat' dir='ltr'><strong>ille</strong></span> <span class='ocrx_word' id='word_1_55' title='bbox 1286 1026 1567 1071; x_wconf 88' lang='lat' dir='ltr'><strong>tortuosus</strong></span> <span class='ocrx_word' id='word_1_56' title='bbox 1616 1031 1845 1086; x_wconf 86' lang='lat' dir='ltr'><strong>serpens</strong></span> <span class='ocrx_word' id='word_1_57' title='bbox 1902 1032 1958 1070; x_wconf 91' lang='lat' dir='ltr'><strong>se</strong></span> <span class='ocrx_word' id='word_1_58' title='bbox 2015 1015 2193 1085; x_wconf 89' lang='lat' dir='ltr'><strong>ipsum</strong></span> 
     </span>
    </p>
   </div>
   <div class='ocr_carea' id='block_1_10' title="bbox 598 1106 2193 1180">
    <p class='ocr_par' dir='ltr' id='par_1_10' title="bbox 598 1106 2193 1180">
     <span class='ocr_line' id='line_1_10' title="bbox 598 1106 2193 1180; baseline -0.003 -15"><span class='ocrx_word' id='word_1_59' title='bbox 598 1113 903 1173; x_wconf 84' lang='lat' dir='ltr'><strong>ostiarium,</strong></span> <span class='ocrx_word' id='word_1_60' title='bbox 929 1120 1203 1180; x_wconf 84' lang='lat' dir='ltr'><strong>pastorem</strong></span> <span class='ocrx_word' id='word_1_61' title='bbox 1226 1119 1279 1164; x_wconf 92' lang='lat' dir='ltr'><strong>et</strong></span> <span class='ocrx_word' id='word_1_62' title='bbox 1311 1111 1508 1163; x_wconf 89' lang='lat' dir='ltr'><strong>ducem</strong></span> <span class='ocrx_word' id='word_1_63' title='bbox 1547 1109 1794 1162; x_wconf 90' lang='lat' dir='ltr'><strong>vocabat.</strong></span> <span class='ocrx_word' id='word_1_64' title='bbox 1823 1107 2025 1161; x_wconf 86' lang='lat' dir='ltr'><strong>Scribit</strong></span> <span class='ocrx_word' id='word_1_65' title='bbox 2046 1106 2193 1161; x_wconf 86' lang='lat' dir='ltr'><strong>enim</strong></span> 
     </span>
    </p>
   </div>
   <div class='ocr_carea' id='block_1_11' title="bbox 599 1199 2194 1268">
    <p class='ocr_par' dir='ltr' id='par_1_11' title="bbox 599 1199 2194 1268">
     <span class='ocr_line' id='line_1_11' title="bbox 599 1199 2194 1268; baseline -0.003 -12"><span class='ocrx_word' id='word_1_66' title='bbox 599 1201 1015 1256; x_wconf 83' lang='lat' dir='ltr'><strong>Coloniensibus</strong></span> <span class='ocrx_word' id='word_1_67' title='bbox 1059 1219 1073 1255; x_wconf 89' lang='lat'><strong>:</strong></span> <span class='ocrx_word' id='word_1_68' title='bbox 1121 1221 1139 1253; x_wconf 75' lang='grc' dir='ltr'><strong>ι</strong></span> <span class='ocrx_word' id='word_1_69' title='bbox 1201 1199 1584 1255; x_wconf 87' lang='lat' dir='ltr'><strong>Probationem</strong></span> <span class='ocrx_word' id='word_1_70' title='bbox 1633 1201 1758 1254; x_wconf 86' lang='lat' dir='ltr'><strong>ﬁdei</strong></span> <span class='ocrx_word' id='word_1_71' title='bbox 1802 1210 1997 1254; x_wconf 86' lang='lat' dir='ltr'><strong>vestrae</strong></span> <span class='ocrx_word' id='word_1_72' title='bbox 2053 1213 2194 1268; x_wconf 69' lang='lat' dir='ltr'><strong>prae-</strong></span> 
     </span>
    </p>
   </div>
   <div class='ocr_carea' id='block_1_12' title="bbox 597 1290 2190 1362">
    <p class='ocr_par' dir='ltr' id='par_1_12' title="bbox 597 1290 2190 1362">
     <span class='ocr_line' id='line_1_12' title="bbox 597 1290 2190 1362; baseline -0.003 -14"><span class='ocrx_word' id='word_1_73' title='bbox 597 1295 856 1359; x_wconf 89' lang='lat' dir='ltr'><strong>scientes,</strong></span> <span class='ocrx_word' id='word_1_74' title='bbox 921 1310 1020 1348; x_wconf 90' lang='lat' dir='ltr'><strong>vos</strong></span> <span class='ocrx_word' id='word_1_75' title='bbox 1055 1293 1581 1348; x_wconf 83' lang='lat' dir='ltr'><strong>commonefacimus</strong></span> <span class='ocrx_word' id='word_1_76' title='bbox 1632 1294 1796 1362; x_wconf 89' lang='lat' dir='ltr'><strong>quod,</strong></span> <span class='ocrx_word' id='word_1_77' title='bbox 1835 1293 1977 1346; x_wconf 85' lang='lat' dir='ltr'><strong>sicut</strong></span> <span class='ocrx_word' id='word_1_78' title='bbox 2003 1290 2190 1348; x_wconf 84' lang='lat' dir='ltr'><strong>Eccle-</strong></span> 
     </span>
    </p>
   </div>
   <div class='ocr_carea' id='block_1_13' title="bbox 597 1385 2192 1456">
    <p class='ocr_par' dir='ltr' id='par_1_13' title="bbox 597 1385 2192 1456">
     <span class='ocr_line' id='line_1_13' title="bbox 597 1385 2192 1456; baseline -0.002 -16"><span class='ocrx_word' id='word_1_79' title='bbox 597 1387 714 1450; x_wconf 75' lang='lat' dir='ltr'><strong>size,</strong></span> <span class='ocrx_word' id='word_1_80' title='bbox 741 1402 862 1456; x_wconf 79' lang='lat' dir='ltr'><strong>quae</strong></span> <span class='ocrx_word' id='word_1_81' title='bbox 900 1396 1036 1441; x_wconf 83' lang='lat' dir='ltr'><strong>ante</strong></span> <span class='ocrx_word' id='word_1_82' title='bbox 1073 1386 1319 1450; x_wconf 79' lang='lat' dir='ltr'><strong>fuerunt,</strong></span> <span class='ocrx_word' id='word_1_83' title='bbox 1377 1395 1627 1456; x_wconf 83' lang='lat' dir='ltr'><strong>pastores</strong></span> <span class='ocrx_word' id='word_1_84' title='bbox 1677 1394 1733 1439; x_wconf 78' lang='lat' dir='ltr'><strong>et</strong></span> <span class='ocrx_word' id='word_1_85' title='bbox 1761 1385 2016 1439; x_wconf 84' lang='lat' dir='ltr'><strong>doctores</strong></span> <span class='ocrx_word' id='word_1_86' title='bbox 2069 1397 2192 1438; x_wconf 80' lang='lat' dir='ltr'><strong>sus-</strong></span> 
     </span>
    </p>
   </div>
   <div class='ocr_carea' id='block_1_14' title="bbox 599 1476 2191 1549">
    <p class='ocr_par' dir='ltr' id='par_1_14' title="bbox 599 1476 2191 1549">
     <span class='ocr_line' id='line_1_14' title="bbox 599 1476 2191 1549; baseline -0.001 -15"><span class='ocrx_word' id='word_1_87' title='bbox 599 1491 890 1549; x_wconf 91' lang='lat' dir='ltr'><strong>ceperunt,</strong></span> <span class='ocrx_word' id='word_1_88' title='bbox 933 1499 951 1531; x_wconf 78' lang='lat' dir='ltr'><strong>I</strong></span> <span class='ocrx_word' id='word_1_89' title='bbox 996 1480 1131 1534; x_wconf 89' lang='lat' dir='ltr'><strong>dicit</strong></span> <span class='ocrx_word' id='word_1_90' title='bbox 1169 1489 1353 1534; x_wconf 81' lang='lat' dir='ltr'><strong>autem</strong></span> <span class='ocrx_word' id='word_1_91' title='bbox 1384 1479 1803 1533; x_wconf 86' lang='lat' dir='ltr'><strong>Constantinum</strong></span> <span class='ocrx_word' id='word_1_92' title='bbox 1831 1487 1885 1532; x_wconf 85' lang='lat' dir='ltr'><strong>et.</strong></span> <span class='ocrx_word' id='word_1_93' title='bbox 1911 1477 2065 1539; x_wconf 91' lang='lat' dir='ltr'><strong>alios,</strong></span> <span class='ocrx_word' id='word_1_94' title='bbox 2096 1476 2191 1545; x_wconf 82' lang='lat' dir='ltr'><strong>qui</strong></span> 
     </span>
    </p>
   </div>
   <div class='ocr_carea' id='block_1_15' title="bbox 602 1568 2191 1642">
    <p class='ocr_par' dir='ltr' id='par_1_15' title="bbox 602 1568 2191 1642">
     <span class='ocr_line' id='line_1_15' title="bbox 602 1568 2191 1642; baseline -0.002 -17"><span class='ocrx_word' id='word_1_95' title='bbox 602 1588 768 1642; x_wconf 90' lang='lat' dir='ltr'><strong>supra</strong></span> <span class='ocrx_word' id='word_1_96' title='bbox 799 1571 1073 1626; x_wconf 88' lang='lat' dir='ltr'><strong>numerati</strong></span> <span class='ocrx_word' id='word_1_97' title='bbox 1101 1579 1228 1625; x_wconf 88' lang='lat' dir='ltr'><strong>sunt</strong></span> <span class='ocrx_word' id='word_1_98' title='bbox 1259 1589 1271 1624; x_wconf 92' lang='lat'>:</span> <span class='ocrx_word' id='word_1_99' title='bbox 1314 1591 1330 1620; x_wconf 84' lang='grc' dir='ltr'><strong>ι</strong></span> <span class='ocrx_word' id='word_1_100' title='bbox 1368 1569 1460 1624; x_wconf 85' lang='lat' dir='ltr'><strong>Sic</strong></span> <span class='ocrx_word' id='word_1_101' title='bbox 1498 1579 1554 1624; x_wconf 90' lang='lat' dir='ltr'><strong>et</strong></span> <span class='ocrx_word' id='word_1_102' title='bbox 1607 1585 1704 1623; x_wconf 86' lang='lat' dir='ltr'><strong>vos</strong></span> <span class='ocrx_word' id='word_1_103' title='bbox 1760 1568 2066 1638; x_wconf 85' lang='lat' dir='ltr'><strong>lampadem</strong></span> <span class='ocrx_word' id='word_1_104' title='bbox 2103 1568 2191 1622; x_wconf 86' lang='lat' dir='ltr'><strong>lu-</strong></span> 
     </span>
    </p>
   </div>
   <div class='ocr_carea' id='block_1_16' title="bbox 596 1663 2191 1734">
    <p class='ocr_par' dir='ltr' id='par_1_16' title="bbox 596 1663 2191 1734">
     <span class='ocr_line' id='line_1_16' title="bbox 596 1663 2191 1734; baseline 0 -17"><span class='ocrx_word' id='word_1_105' title='bbox 596 1663 774 1717; x_wconf 89' lang='lat' dir='ltr'><strong>cidam</strong></span> <span class='ocrx_word' id='word_1_106' title='bbox 810 1675 865 1716; x_wconf 89' lang='lat' dir='ltr'><strong>et</strong></span> <span class='ocrx_word' id='word_1_107' title='bbox 911 1663 1192 1716; x_wconf 88' lang='lat' dir='ltr'><strong>lucernam</strong></span> <span class='ocrx_word' id='word_1_108' title='bbox 1257 1663 1639 1732; x_wconf 90' lang='lat' dir='ltr'><strong>splendentem</strong></span> <span class='ocrx_word' id='word_1_109' title='bbox 1693 1664 2058 1734; x_wconf 81' lang='lat' dir='ltr'><strong>suscepistis:</strong></span> <span class='ocrx_word' id='word_1_110' title='bbox 2099 1678 2191 1717; x_wconf 91' lang='lat' dir='ltr'><strong>se-</strong></span> 
     </span>
    </p>
   </div>
   <div class='ocr_carea' id='block_1_17' title="bbox 593 1753 2190 1825">
    <p class='ocr_par' dir='ltr' id='par_1_17' title="bbox 593 1753 2190 1825">
     <span class='ocr_line' id='line_1_17' title="bbox 593 1753 2190 1825; baseline -0.001 -17"><span class='ocrx_word' id='word_1_111' title='bbox 593 1753 836 1808; x_wconf 89' lang='lat' dir='ltr'><strong>cundum</strong></span> <span class='ocrx_word' id='word_1_112' title='bbox 859 1753 933 1817; x_wconf 91' lang='lat' dir='ltr'><strong>id,</strong></span> <span class='ocrx_word' id='word_1_113' title='bbox 961 1754 1106 1822; x_wconf 88' lang='lat' dir='ltr'><strong>quod</strong></span> <span class='ocrx_word' id='word_1_114' title='bbox 1145 1753 1410 1823; x_wconf 87' lang='lat' dir='ltr'><strong>scripturn</strong></span> <span class='ocrx_word' id='word_1_115' title='bbox 1437 1764 1524 1809; x_wconf 88' lang='lat' dir='ltr'><strong>est</strong></span> <span class='ocrx_word' id='word_1_116' title='bbox 1552 1773 1566 1809; x_wconf 88' lang='lat'><strong>:</strong></span> <span class='ocrx_word' id='word_1_117' title='bbox 1591 1754 1650 1809; x_wconf 83' lang='lat' dir='ltr'><strong>Si</strong></span> <span class='ocrx_word' id='word_1_118' title='bbox 1671 1755 1855 1809; x_wconf 83' lang='lat' dir='ltr'><strong>oculus</strong></span> <span class='ocrx_word' id='word_1_119' title='bbox 1886 1764 2005 1808; x_wconf 78' lang='lat' dir='ltr'><strong>tuus</strong></span> <span class='ocrx_word' id='word_1_120' title='bbox 2032 1754 2190 1825; x_wconf 79' lang='lat' dir='ltr'><strong>fuerit</strong></span> 
     </span>
    </p>
   </div>
   <div class='ocr_carea' id='block_1_18' title="bbox 592 1845 2188 1916">
    <p class='ocr_par' dir='ltr' id='par_1_18' title="bbox 592 1845 2188 1916">
     <span class='ocr_line' id='line_1_18' title="bbox 592 1845 2188 1916; baseline 0.001 -17"><span class='ocrx_word' id='word_1_121' title='bbox 592 1846 836 1915; x_wconf 77' lang='lat' dir='ltr'><strong>simplex,</strong></span> <span class='ocrx_word' id='word_1_122' title='bbox 899 1856 1064 1900; x_wconf 81' lang='lat' dir='ltr'><strong>totum</strong></span> <span class='ocrx_word' id='word_1_123' title='bbox 1114 1862 1303 1914; x_wconf 85' lang='lat' dir='ltr'><strong>corpus</strong></span> <span class='ocrx_word' id='word_1_124' title='bbox 1353 1847 1589 1900; x_wconf 83' lang='lat' dir='ltr'><strong>lucidum</strong></span> <span class='ocrx_word' id='word_1_125' title='bbox 1640 1847 1741 1900; x_wconf 76' lang='lat' dir='ltr'><strong>erit</strong></span> <span class='ocrx_word' id='word_1_126' title='bbox 1769 1849 1810 1900; x_wconf 93' lang='lat'><strong>&quot;.</strong></span> <span class='ocrx_word' id='word_1_127' title='bbox 1848 1865 1868 1897; x_wconf 76' lang='grc' dir='ltr'><strong>ι</strong></span> <span class='ocrx_word' id='word_1_128' title='bbox 1906 1845 1972 1900; x_wconf 79' lang='lat' dir='ltr'><strong>Et</strong></span> <span class='ocrx_word' id='word_1_129' title='bbox 2000 1846 2188 1916; x_wconf 81' lang='lat' dir='ltr'><strong>paucis</strong></span> 
     </span>
    </p>
   </div>
   <div class='ocr_carea' id='block_1_19' title="bbox 2300 649 3885 723">
    <p class='ocr_par' dir='ltr' id='par_1_19' title="bbox 2300 649 3885 723">
     <span class='ocr_line' id='line_1_19' title="bbox 2300 649 3885 723; baseline 0.012 -35"><span class='ocrx_word' id='word_1_130' title='bbox 2300 652 2466 723; x_wconf 66' lang='grc' dir='ltr'><strong>ἡνίκα</strong></span> <span class='ocrx_word' id='word_1_131' title='bbox 2530 651 2607 722; x_wconf 76' lang='grc' dir='ltr'><strong>τῷ</strong></span> <span class='ocrx_word' id='word_1_132' title='bbox 2656 651 2970 721; x_wconf 81' lang='grc' dir='ltr'><strong>φρονήματι</strong></span> <span class='ocrx_word' id='word_1_133' title='bbox 3007 649 3108 720; x_wconf 79' lang='grc' dir='ltr'><strong>τῆς</strong></span> <span class='ocrx_word' id='word_1_134' title='bbox 3149 649 3492 712; x_wconf 85' lang='grc' dir='ltr'>ἀποστασίας</span> <span class='ocrx_word' id='word_1_135' title='bbox 3536 651 3566 702; x_wconf 93' lang='lat'><strong>6</strong></span> <span class='ocrx_word' id='word_1_136' title='bbox 3612 649 3885 721; x_wconf 78' lang='grc' dir='ltr'>θεομάχος</span> 
     </span>
    </p>
   </div>
   <div class='ocr_carea' id='block_1_20' title="bbox 2296 735 3888 813">
    <p class='ocr_par' dir='ltr' id='par_1_20' title="bbox 2296 735 3888 813">
     <span class='ocr_line' id='line_1_20' title="bbox 2296 735 3888 813; baseline 0 -17"><span class='ocrx_word' id='word_1_137' title='bbox 2296 738 2454 807; x_wconf 76' lang='grc' dir='ltr'>οὗτος</span> <span class='ocrx_word' id='word_1_138' title='bbox 2479 743 2576 796; x_wconf 75' lang='grc' dir='ltr'>καὶ</span> <span class='ocrx_word' id='word_1_139' title='bbox 2607 741 2908 810; x_wconf 78' lang='grc' dir='ltr'>Θεοδλαϐὴς</span> <span class='ocrx_word' id='word_1_140' title='bbox 2947 741 3218 812; x_wconf 69' lang='grc' dir='ltr'>ἤκμαζεν,</span> <span class='ocrx_word' id='word_1_141' title='bbox 3269 739 3330 805; x_wconf 76' lang='grc' dir='ltr'><strong>ὲξ</strong></span> <span class='ocrx_word' id='word_1_142' title='bbox 3360 735 3423 795; x_wconf 77' lang='grc' dir='ltr'>οὗ</span> <span class='ocrx_word' id='word_1_143' title='bbox 3457 741 3654 812; x_wconf 77' lang='grc' dir='ltr'>χρόνου</span> <span class='ocrx_word' id='word_1_144' title='bbox 3718 744 3888 813; x_wconf 81' lang='grc' dir='ltr'>μέχρι</span> 
     </span>
    </p>
   </div>
   <div class='ocr_carea' id='block_1_21' title="bbox 2295 828 3887 905">
    <p class='ocr_par' dir='ltr' id='par_1_21' title="bbox 2295 828 3887 905">
     <span class='ocr_line' id='line_1_21' title="bbox 2295 828 3887 905; baseline 0 -21"><span class='ocrx_word' id='word_1_145' title='bbox 2295 832 2390 886; x_wconf 88' lang='grc' dir='ltr'><strong>τοῦ</strong></span> <span class='ocrx_word' id='word_1_146' title='bbox 2417 833 2686 905; x_wconf 82' lang='grc' dir='ltr'><strong>παρόντος</strong></span> <span class='ocrx_word' id='word_1_147' title='bbox 2716 833 2748 902; x_wconf 77' lang='grc' dir='ltr'>ἡ</span> <span class='ocrx_word' id='word_1_148' title='bbox 2784 830 2879 884; x_wconf 91' lang='grc' dir='ltr'><strong>νῦν</strong></span> <span class='ocrx_word' id='word_1_149' title='bbox 2912 831 3022 898; x_wconf 73' lang='grc'>(52)</span> <span class='ocrx_word' id='word_1_150' title='bbox 3058 829 3503 900; x_wconf 73' lang='grc' dir='ltr'>ἐπιχωριάζουσα</span> <span class='ocrx_word' id='word_1_151' title='bbox 3533 829 3761 884; x_wconf 78' lang='grc' dir='ltr'>ἀσέϐεια</span> <span class='ocrx_word' id='word_1_152' title='bbox 3780 828 3887 901; x_wconf 82' lang='grc' dir='ltr'>τῆς</span> 
     </span>
    </p>
   </div>
   <div class='ocr_carea' id='block_1_22' title="bbox 2295 922 3881 997">
    <p class='ocr_par' dir='ltr' id='par_1_22' title="bbox 2295 922 3881 997">
     <span class='ocr_line' id='line_1_22' title="bbox 2295 922 3881 997; baseline 0 -19"><span class='ocrx_word' id='word_1_153' title='bbox 2295 925 2508 978; x_wconf 78' lang='grc' dir='ltr'>ἐκείνου</span> <span class='ocrx_word' id='word_1_154' title='bbox 2540 925 2638 995; x_wconf 85' lang='grc' dir='ltr'>μὲν</span> <span class='ocrx_word' id='word_1_155' title='bbox 2660 925 2894 997; x_wconf 69' lang='grc' dir='ltr'>ἢρτηται</span> <span class='ocrx_word' id='word_1_156' title='bbox 2920 922 3293 986; x_wconf 82' lang='grc' dir='ltr'>διδασκαλίας.</span> <span class='ocrx_word' id='word_1_157' title='bbox 3327 922 3734 993; x_wconf 85' lang='grc' dir='ltr'>Παρευδοκιμεῖ</span> <span class='ocrx_word' id='word_1_158' title='bbox 3767 922 3881 992; x_wconf 81' lang='grc'>(55)</span> 
     </span>
    </p>
   </div>
   <div class='ocr_carea' id='block_1_23' title="bbox 2293 1013 3885 1087">
    <p class='ocr_par' dir='ltr' id='par_1_23' title="bbox 2293 1013 3885 1087">
     <span class='ocr_line' id='line_1_23' title="bbox 2293 1013 3885 1087; baseline -0.001 -17"><span class='ocrx_word' id='word_1_159' title='bbox 2293 1016 2353 1070; x_wconf 81' lang='grc' dir='ltr'>δὲ</span> <span class='ocrx_word' id='word_1_160' title='bbox 2381 1017 2481 1079; x_wconf 78' lang='grc' dir='ltr'><strong>τὰς</strong></span> <span class='ocrx_word' id='word_1_161' title='bbox 2509 1017 2854 1087; x_wconf 83' lang='grc' dir='ltr'><strong>ἀντιτέχνους</strong></span> <span class='ocrx_word' id='word_1_162' title='bbox 2881 1015 3017 1086; x_wconf 69' lang='grc'>(54),</span> <span class='ocrx_word' id='word_1_163' title='bbox 3055 1015 3160 1068; x_wconf 83' lang='grc' dir='ltr'>κᾶν</span> <span class='ocrx_word' id='word_1_164' title='bbox 3186 1015 3325 1086; x_wconf 79' lang='grc' dir='ltr'>πρὸς</span> <span class='ocrx_word' id='word_1_165' title='bbox 3348 1013 3442 1067; x_wconf 85' lang='grc' dir='ltr'>τὸν</span> <span class='ocrx_word' id='word_1_166' title='bbox 3469 1013 3634 1066; x_wconf 81' lang='grc' dir='ltr'>αὑτὸν</span> <span class='ocrx_word' id='word_1_167' title='bbox 3657 1015 3793 1084; x_wconf 81' lang='grc' dir='ltr'>αύτή</span> <span class='ocrx_word' id='word_1_168' title='bbox 3822 1031 3885 1068; x_wconf 87' lang='grc' dir='ltr'><strong>τε</strong></span> 
     </span>
    </p>
   </div>
   <div class='ocr_carea' id='block_1_24' title="bbox 2295 1104 3883 1178">
    <p class='ocr_par' dir='ltr' id='par_1_24' title="bbox 2295 1104 3883 1178">
     <span class='ocr_line' id='line_1_24' title="bbox 2295 1104 3883 1178; baseline -0.001 -17"><span class='ocrx_word' id='word_1_169' title='bbox 2295 1107 2391 1161; x_wconf 82' lang='grc' dir='ltr'>καὶ</span> <span class='ocrx_word' id='word_1_170' title='bbox 2412 1109 2469 1160; x_wconf 86' lang='grc' dir='ltr'>αἱ</span> <span class='ocrx_word' id='word_1_171' title='bbox 2501 1107 2948 1178; x_wconf 78' lang='grc' dir='ltr'>παρασπίζουσαι</span> <span class='ocrx_word' id='word_1_172' title='bbox 2973 1105 3146 1177; x_wconf 80' lang='grc' dir='ltr'>ταύτῃ</span> <span class='ocrx_word' id='word_1_173' title='bbox 3179 1106 3422 1174; x_wconf 82' lang='grc' dir='ltr'><strong>φέρωσιν</strong></span> <span class='ocrx_word' id='word_1_174' title='bbox 3452 1105 3565 1176; x_wconf 81' lang='grc'>(55)</span> <span class='ocrx_word' id='word_1_175' title='bbox 3635 1104 3883 1176; x_wconf 74' lang='grc' dir='ltr'>ὄλεθρον.</span> 
     </span>
    </p>
   </div>
   <div class='ocr_carea' id='block_1_25' title="bbox 2307 1197 3888 1268">
    <p class='ocr_par' dir='ltr' id='par_1_25' title="bbox 2307 1197 3888 1268">
     <span class='ocr_line' id='line_1_25' title="bbox 2307 1197 3888 1268; baseline -0.003 -14"><span class='ocrx_word' id='word_1_176' title='bbox 2307 1201 2434 1254; x_wconf 72' lang='grc' dir='ltr'><strong>Ἐπὶ</strong></span> <span class='ocrx_word' id='word_1_177' title='bbox 2461 1200 2719 1254; x_wconf 85' lang='grc' dir='ltr'>τοσοῦτον</span> <span class='ocrx_word' id='word_1_178' title='bbox 2738 1199 2782 1252; x_wconf 82' lang='grc' dir='ltr'>δ’</span> <span class='ocrx_word' id='word_1_179' title='bbox 2811 1199 2974 1252; x_wconf 78' lang='grc' dir='ltr'>αὐτὸν</span> <span class='ocrx_word' id='word_1_180' title='bbox 3000 1199 3049 1252; x_wconf 76' lang='grc' dir='ltr'>οἱ</span> <span class='ocrx_word' id='word_1_181' title='bbox 3085 1197 3319 1260; x_wconf 85' lang='grc' dir='ltr'>τάλανες</span> <span class='ocrx_word' id='word_1_182' title='bbox 3347 1197 3458 1250; x_wconf 87' lang='grc' dir='ltr'><strong>τῶν</strong></span> <span class='ocrx_word' id='word_1_183' title='bbox 3508 1197 3888 1268; x_wconf 76' lang='grc' dir='ltr'>μαθητευθένο</span> 
     </span>
    </p>
   </div>
   <div class='ocr_carea' id='block_1_26' title="bbox 2293 1288 3882 1361">
    <p class='ocr_par' dir='ltr' id='par_1_26' title="bbox 2293 1288 3882 1361">
     <span class='ocr_line' id='line_1_26' title="bbox 2293 1288 3882 1361; baseline -0.003 -14"><span class='ocrx_word' id='word_1_184' title='bbox 2293 1311 2404 1347; x_wconf 91' lang='grc' dir='ltr'><strong>των</strong></span> <span class='ocrx_word' id='word_1_185' title='bbox 2453 1292 2786 1357; x_wconf 75' lang='grc' dir='ltr'>Θειάζουσιν,</span> <span class='ocrx_word' id='word_1_186' title='bbox 2841 1291 2984 1344; x_wconf 84' lang='grc' dir='ltr'>ὥστε</span> <span class='ocrx_word' id='word_1_187' title='bbox 3039 1290 3178 1344; x_wconf 81' lang='grc' dir='ltr'>ἄλλα</span> <span class='ocrx_word' id='word_1_188' title='bbox 3202 1307 3262 1344; x_wconf 88' lang='grc' dir='ltr'><strong>τε</strong></span> <span class='ocrx_word' id='word_1_189' title='bbox 3307 1289 3485 1344; x_wconf 84' lang='grc' dir='ltr'>ἄτοπα</span> <span class='ocrx_word' id='word_1_190' title='bbox 3532 1290 3663 1361; x_wconf 77' lang='grc' dir='ltr'>περὶ</span> <span class='ocrx_word' id='word_1_191' title='bbox 3715 1288 3882 1342; x_wconf 77' lang='grc' dir='ltr'>αὑτοῦ</span> 
     </span>
    </p>
   </div>
   <div class='ocr_carea' id='block_1_27' title="bbox 2293 1385 3927 1457">
    <p class='ocr_par' dir='ltr' id='par_1_27' title="bbox 2293 1385 3927 1457">
     <span class='ocr_line' id='line_1_27' title="bbox 2293 1385 3927 1457; baseline -0.002 -16"><span class='ocrx_word' id='word_1_192' title='bbox 2293 1387 2392 1441; x_wconf 78' lang='grc' dir='ltr'>καὶ</span> <span class='ocrx_word' id='word_1_193' title='bbox 2426 1388 2566 1457; x_wconf 78' lang='grc' dir='ltr'>ἀκοῇ</span> <span class='ocrx_word' id='word_1_194' title='bbox 2595 1386 2900 1440; x_wconf 80' lang='grc' dir='ltr'>ἁνύποιστα</span> <span class='ocrx_word' id='word_1_195' title='bbox 2945 1385 3303 1455; x_wconf 85' lang='grc' dir='ltr'>φθέγγονται,</span> <span class='ocrx_word' id='word_1_196' title='bbox 3345 1387 3442 1439; x_wconf 79' lang='grc' dir='ltr'>καὶ</span> <span class='ocrx_word' id='word_1_197' title='bbox 3477 1385 3541 1456; x_wconf 79' lang='grc' dir='ltr'>δὴ</span> <span class='ocrx_word' id='word_1_198' title='bbox 3582 1386 3678 1439; x_wconf 81' lang='grc' dir='ltr'><strong>καὶ</strong></span> <span class='ocrx_word' id='word_1_199' title='bbox 3715 1387 3773 1439; x_wconf 80' lang='grc' dir='ltr'>ὲν</span> <span class='ocrx_word' id='word_1_200' title='bbox 3801 1385 3886 1456; x_wconf 80' lang='grc' dir='ltr'>τῷ</span> <span class='ocrx_word' id='word_1_201' title='bbox 3922 1429 3927 1438; x_wconf 91' lang='grc'><em>.</em></span> 
     </span>
    </p>
   </div>
   <div class='ocr_carea' id='block_1_28' title="bbox 2292 1477 3884 1550">
    <p class='ocr_par' dir='ltr' id='par_1_28' title="bbox 2292 1477 3884 1550">
     <span class='ocr_line' id='line_1_28' title="bbox 2292 1477 3884 1550; baseline 0.001 -20"><span class='ocrx_word' id='word_1_202' title='bbox 2292 1478 2518 1548; x_wconf 83' lang='grc' dir='ltr'>ὀνόματι</span> <span class='ocrx_word' id='word_1_203' title='bbox 2547 1478 2714 1531; x_wconf 83' lang='grc' dir='ltr'>αὑτοῦ</span> <span class='ocrx_word' id='word_1_204' title='bbox 2760 1479 2860 1542; x_wconf 81' lang='grc' dir='ltr'>τὰς</span> <span class='ocrx_word' id='word_1_205' title='bbox 2885 1479 3022 1542; x_wconf 74' lang='grc' dir='ltr'>ιδίας</span> <span class='ocrx_word' id='word_1_206' title='bbox 3051 1478 3384 1550; x_wconf 83' lang='grc' dir='ltr'>προσευχὰς,</span> <span class='ocrx_word' id='word_1_207' title='bbox 3424 1477 3627 1549; x_wconf 86' lang='grc' dir='ltr'>μᾶλλον</span> <span class='ocrx_word' id='word_1_208' title='bbox 3653 1477 3711 1534; x_wconf 81' lang='grc' dir='ltr'>δὲ</span> <span class='ocrx_word' id='word_1_209' title='bbox 3745 1479 3884 1531; x_wconf 84' lang='grc' dir='ltr'>ὑλα-</span> 
     </span>
    </p>
   </div>
   <div class='ocr_carea' id='block_1_29' title="bbox 2292 1570 3882 1644">
    <p class='ocr_par' dir='ltr' id='par_1_29' title="bbox 2292 1570 3882 1644">
     <span class='ocr_line' id='line_1_29' title="bbox 2292 1570 3882 1644; baseline 0.001 -22"><span class='ocrx_word' id='word_1_210' title='bbox 2292 1570 2417 1633; x_wconf 83' lang='grc' dir='ltr'>κὰς,</span> <span class='ocrx_word' id='word_1_211' title='bbox 2444 1570 2958 1640; x_wconf 79' lang='grc' dir='ltr'>ὲπισφραγίζουσιν,</span> <span class='ocrx_word' id='word_1_212' title='bbox 2989 1591 3009 1623; x_wconf 85' lang='grc'><strong>‹</strong></span> <span class='ocrx_word' id='word_1_213' title='bbox 3033 1572 3097 1625; x_wconf 85' lang='grc' dir='ltr'><strong><em>Ἠ</em></strong></span> <span class='ocrx_word' id='word_1_214' title='bbox 3119 1573 3278 1644; x_wconf 81' lang='grc' dir='ltr'>εὐχὴ,</span> <span class='ocrx_word' id='word_1_215' title='bbox 3302 1572 3574 1641; x_wconf 88' lang='grc' dir='ltr'>λέγοντες,</span> <span class='ocrx_word' id='word_1_216' title='bbox 3597 1570 3693 1625; x_wconf 85' lang='grc' dir='ltr'><strong>τοῦ</strong></span> <span class='ocrx_word' id='word_1_217' title='bbox 3719 1571 3882 1640; x_wconf 80' lang='grc' dir='ltr'>ἁγίου</span> 
     </span>
    </p>
   </div>
   <div class='ocr_carea' id='block_1_30' title="bbox 2293 1657 3883 1736">
    <p class='ocr_par' dir='ltr' id='par_1_30' title="bbox 2293 1657 3883 1736">
     <span class='ocr_line' id='line_1_30' title="bbox 2293 1657 3883 1736; baseline 0.001 -22"><span class='ocrx_word' id='word_1_218' title='bbox 2293 1662 2434 1715; x_wconf 86' lang='grc' dir='ltr'>Πνεύ</span> <span class='ocrx_word' id='word_1_219' title='bbox 2443 1679 2614 1732; x_wconf 87' lang='grc' dir='ltr'>ματος</span> <span class='ocrx_word' id='word_1_220' title='bbox 2636 1663 2749 1736; x_wconf 78' lang='grc'>(56)</span> <span class='ocrx_word' id='word_1_221' title='bbox 2771 1663 2985 1734; x_wconf 75' lang='grc' dir='ltr'><strong>ἐλεήσει</strong></span> <span class='ocrx_word' id='word_1_222' title='bbox 3001 1665 3170 1735; x_wconf 77' lang='grc' dir='ltr'>ἡμᾶς.</span> <span class='ocrx_word' id='word_1_223' title='bbox 3193 1683 3212 1716; x_wconf 76' lang='grc' dir='ltr'><strong>ι</strong></span> <span class='ocrx_word' id='word_1_224' title='bbox 3235 1663 3510 1718; x_wconf 82' lang='grc' dir='ltr'>Ἐκάλειδ’</span> <span class='ocrx_word' id='word_1_225' title='bbox 3529 1657 3684 1726; x_wconf 70' lang='grc' dir='ltr'>οὗτος</span> <span class='ocrx_word' id='word_1_226' title='bbox 3699 1665 3727 1717; x_wconf 97' lang='lat'><strong>6</strong></span> <span class='ocrx_word' id='word_1_227' title='bbox 3747 1678 3883 1716; x_wconf 88' lang='grc' dir='ltr'>σκο-</span> 
     </span>
    </p>
   </div>
   <div class='ocr_carea' id='block_1_31' title="bbox 2290 1753 3882 1826">
    <p class='ocr_par' dir='ltr' id='par_1_31' title="bbox 2290 1753 3882 1826">
     <span class='ocr_line' id='line_1_31' title="bbox 2290 1753 3882 1826; baseline 0.001 -20"><span class='ocrx_word' id='word_1_228' title='bbox 2290 1753 2402 1816; x_wconf 79' lang='grc' dir='ltr'>λιὸς</span> <span class='ocrx_word' id='word_1_229' title='bbox 2424 1754 2547 1823; x_wconf 76' lang='grc' dir='ltr'>ὄφις</span> <span class='ocrx_word' id='word_1_230' title='bbox 2577 1755 2768 1808; x_wconf 76' lang='grc' dir='ltr'>ἑαυτὸν</span> <span class='ocrx_word' id='word_1_231' title='bbox 2805 1757 2900 1808; x_wconf 74' lang='grc' dir='ltr'>καὶ</span> <span class='ocrx_word' id='word_1_232' title='bbox 2935 1754 3184 1826; x_wconf 81' lang='grc' dir='ltr'>θυρωρὸν</span> <span class='ocrx_word' id='word_1_233' title='bbox 3227 1756 3324 1808; x_wconf 75' lang='grc' dir='ltr'>καὶ</span> <span class='ocrx_word' id='word_1_234' title='bbox 3377 1755 3617 1824; x_wconf 87' lang='grc' dir='ltr'>ποιμένα</span> <span class='ocrx_word' id='word_1_235' title='bbox 3663 1753 3762 1808; x_wconf 82' lang='grc' dir='ltr'>καὶ</span> <span class='ocrx_word' id='word_1_236' title='bbox 3791 1754 3882 1807; x_wconf 81' lang='grc' dir='ltr'><strong>ὀδ-</strong></span> 
     </span>
    </p>
   </div>
   <div class='ocr_carea' id='block_1_32' title="bbox 2289 1845 3883 1919">
    <p class='ocr_par' dir='ltr' id='par_1_32' title="bbox 2289 1845 3883 1919">
     <span class='ocr_line' id='line_1_32' title="bbox 2289 1845 3883 1919; baseline 0.003 -22"><span class='ocrx_word' id='word_1_237' title='bbox 2289 1845 2445 1914; x_wconf 86' lang='grc' dir='ltr'>ηγύν.</span> <span class='ocrx_word' id='word_1_238' title='bbox 2497 1845 2705 1916; x_wconf 81' lang='grc' dir='ltr'><strong>Γράφει</strong></span> <span class='ocrx_word' id='word_1_239' title='bbox 2749 1847 2860 1918; x_wconf 84' lang='grc' dir='ltr'>γὰρ</span> <span class='ocrx_word' id='word_1_240' title='bbox 2894 1851 3006 1910; x_wconf 80' lang='grc' dir='ltr'>τοῖς</span> <span class='ocrx_word' id='word_1_241' title='bbox 3047 1849 3104 1899; x_wconf 77' lang='grc' dir='ltr'>ὲν</span> <span class='ocrx_word' id='word_1_242' title='bbox 3136 1847 3388 1919; x_wconf 75' lang='grc' dir='ltr'>Κολωνία</span> <span class='ocrx_word' id='word_1_243' title='bbox 3417 1863 3432 1879; x_wconf 79' lang='grc' dir='ltr'><strong><em>ο</em></strong></span> <span class='ocrx_word' id='word_1_244' title='bbox 3470 1867 3490 1900; x_wconf 73' lang='grc' dir='ltr'><strong>ι</strong></span> <span class='ocrx_word' id='word_1_245' title='bbox 3527 1847 3603 1900; x_wconf 82' lang='grc' dir='ltr'>Τὸ</span> <span class='ocrx_word' id='word_1_246' title='bbox 3651 1847 3883 1917; x_wconf 83' lang='grc' dir='ltr'><strong>δόκιμον</strong></span> 
     </span>
    </p>
   </div>
   <div class='ocr_carea' id='block_1_33' title="bbox 594 1925 2185 2011">
    <p class='ocr_par' dir='ltr' id='par_1_33' title="bbox 594 1935 2180 2008">
     <span class='ocr_line' id='line_1_33' title="bbox 594 1935 2180 2008; baseline 0.001 -18"><span class='ocrx_word' id='word_1_247' title='bbox 594 1937 934 2008; x_wconf 86' lang='lat' dir='ltr'><strong>interpositis</strong></span> <span class='ocrx_word' id='word_1_248' title='bbox 969 1955 982 1991; x_wconf 91' lang='lat'><strong>:</strong></span> <span class='ocrx_word' id='word_1_249' title='bbox 1021 1957 1039 1988; x_wconf 74' lang='grc' dir='ltr'><strong>ι</strong></span> <span class='ocrx_word' id='word_1_250' title='bbox 1076 1935 1248 1991; x_wconf 83' lang='lat' dir='ltr'><strong>Nemo</strong></span> <span class='ocrx_word' id='word_1_251' title='bbox 1299 1953 1395 1991; x_wconf 90' lang='lat' dir='ltr'><strong>vos</strong></span> <span class='ocrx_word' id='word_1_252' title='bbox 1433 1937 1671 2007; x_wconf 88' lang='lat' dir='ltr'><strong>decipiat</strong></span> <span class='ocrx_word' id='word_1_253' title='bbox 1703 1937 1812 1992; x_wconf 85' lang='lat' dir='ltr'><strong>ullo</strong></span> <span class='ocrx_word' id='word_1_254' title='bbox 1854 1938 2036 1992; x_wconf 92' lang='lat' dir='ltr'><strong>modo.</strong></span> <span class='ocrx_word' id='word_1_255' title='bbox 2072 1935 2180 1992; x_wconf 87' lang='lat' dir='ltr'><strong>Has</strong></span> 
     </span>
    </p>
   </div>
   <div class='ocr_carea' id='block_1_34' title="bbox 2288 1925 3879 2011">
    <p class='ocr_par' dir='ltr' id='par_1_34' title="bbox 2289 1937 3879 2011">
     <span class='ocr_line' id='line_1_34' title="bbox 2289 1937 3879 2011; baseline 0.002 -21"><span class='ocrx_word' id='word_1_256' title='bbox 2289 1937 2444 2009; x_wconf 80' lang='grc' dir='ltr'>ὑμῶν</span> <span class='ocrx_word' id='word_1_257' title='bbox 2475 1938 2579 2008; x_wconf 76' lang='grc' dir='ltr'>τῆς</span> <span class='ocrx_word' id='word_1_258' title='bbox 2611 1940 2850 2002; x_wconf 84' lang='grc' dir='ltr'>πίστεως</span> <span class='ocrx_word' id='word_1_259' title='bbox 2898 1941 3323 2008; x_wconf 77' lang='grc' dir='ltr'><strong>προεγνωκότας</strong></span> <span class='ocrx_word' id='word_1_260' title='bbox 3377 1940 3687 2011; x_wconf 78' lang='grc' dir='ltr'><strong>ὑπόμνησιν</strong></span> <span class='ocrx_word' id='word_1_261' title='bbox 3737 1941 3879 2010; x_wconf 74' lang='grc' dir='ltr'>πρὸς</span> 
     </span>
    </p>
   </div>
   <div class='ocr_carea' id='block_1_35' title="bbox 591 2028 2178 2099">
    <p class='ocr_par' dir='ltr' id='par_1_35' title="bbox 591 2028 2178 2099">
     <span class='ocr_line' id='line_1_35' title="bbox 591 2028 2178 2099; baseline 0.001 -17"><span class='ocrx_word' id='word_1_262' title='bbox 591 2037 776 2082; x_wconf 89' lang='lat' dir='ltr'><strong>autem</strong></span> <span class='ocrx_word' id='word_1_263' title='bbox 807 2029 1204 2099; x_wconf 89' lang='lat' dir='ltr'><strong>promissiones</strong></span> <span class='ocrx_word' id='word_1_264' title='bbox 1235 2029 1500 2083; x_wconf 83' lang='lat' dir='ltr'><strong>habentes</strong></span> <span class='ocrx_word' id='word_1_265' title='bbox 1525 2046 1556 2083; x_wconf 87' lang='lat' dir='ltr'><strong>a</strong></span> <span class='ocrx_word' id='word_1_266' title='bbox 1590 2029 1719 2094; x_wconf 73' lang='lat' dir='ltr'><strong>lleo,</strong></span> <span class='ocrx_word' id='word_1_267' title='bbox 1761 2028 2036 2084; x_wconf 87' lang='lat' dir='ltr'><strong>conﬁdite.</strong></span> <span class='ocrx_word' id='word_1_268' title='bbox 2065 2029 2178 2084; x_wconf 84' lang='lat' dir='ltr'><strong>Nos</strong></span> 
     </span>
    </p>
   </div>
   <div class='ocr_carea' id='block_1_36' title="bbox 591 2121 2175 2192">
    <p class='ocr_par' dir='ltr' id='par_1_36' title="bbox 591 2121 2175 2192">
     <span class='ocr_line' id='line_1_36' title="bbox 591 2121 2175 2192; baseline 0.001 -17"><span class='ocrx_word' id='word_1_269' title='bbox 591 2123 739 2176; x_wconf 87' lang='lat' dir='ltr'><strong>enim</strong></span> <span class='ocrx_word' id='word_1_270' title='bbox 780 2123 1030 2191; x_wconf 89' lang='lat' dir='ltr'><strong>persuasi</strong></span> <span class='ocrx_word' id='word_1_271' title='bbox 1056 2123 1110 2175; x_wconf 90' lang='lat' dir='ltr'><strong>in</strong></span> <span class='ocrx_word' id='word_1_272' title='bbox 1139 2123 1398 2177; x_wconf 86' lang='lat' dir='ltr'><strong>cordibus</strong></span> <span class='ocrx_word' id='word_1_273' title='bbox 1418 2122 1620 2177; x_wconf 88' lang='lat' dir='ltr'><strong>nostris</strong></span> <span class='ocrx_word' id='word_1_274' title='bbox 1641 2122 1964 2192; x_wconf 86' lang='lat' dir='ltr'><strong>scripsimus</strong></span> <span class='ocrx_word' id='word_1_275' title='bbox 1995 2121 2175 2187; x_wconf 82' lang='lat' dir='ltr'><strong>vobis,</strong></span> 
     </span>
    </p>
   </div>
   <div class='ocr_carea' id='block_1_37' title="bbox 591 2214 2178 2284">
    <p class='ocr_par' dir='ltr' id='par_1_37' title="bbox 591 2214 2178 2284">
     <span class='ocr_line' id='line_1_37' title="bbox 591 2214 2178 2284; baseline 0.003 -19"><span class='ocrx_word' id='word_1_276' title='bbox 591 2215 739 2282; x_wconf 92' lang='lat' dir='ltr'><strong>quod</strong></span> <span class='ocrx_word' id='word_1_277' title='bbox 778 2214 1036 2268; x_wconf 86' lang='lat' dir='ltr'><strong>ostiarius</strong></span> <span class='ocrx_word' id='word_1_278' title='bbox 1066 2224 1121 2268; x_wconf 92' lang='lat' dir='ltr'><strong>et</strong></span> <span class='ocrx_word' id='word_1_279' title='bbox 1157 2224 1345 2284; x_wconf 89' lang='lat' dir='ltr'><strong>pastor</strong></span> <span class='ocrx_word' id='word_1_280' title='bbox 1402 2215 1596 2277; x_wconf 85' lang='lat' dir='ltr'><strong>bonus,</strong></span> <span class='ocrx_word' id='word_1_281' title='bbox 1663 2229 1720 2269; x_wconf 90' lang='lat' dir='ltr'><strong>et</strong></span> <span class='ocrx_word' id='word_1_282' title='bbox 1763 2215 1874 2270; x_wconf 79' lang='lat' dir='ltr'><strong>dux</strong></span> <span class='ocrx_word' id='word_1_283' title='bbox 1934 2214 2178 2284; x_wconf 82' lang='lat' dir='ltr'><strong>corporis</strong></span> 
     </span>
    </p>
   </div>
   <div class='ocr_carea' id='block_1_38' title="bbox 593 2305 2176 2378">
    <p class='ocr_par' dir='ltr' id='par_1_38' title="bbox 593 2305 2176 2378">
     <span class='ocr_line' id='line_1_38' title="bbox 593 2305 2176 2378; baseline -0.001 -17"><span class='ocrx_word' id='word_1_284' title='bbox 593 2307 797 2362; x_wconf 82' lang='lat' dir='ltr'><strong>Christi</strong></span> <span class='ocrx_word' id='word_1_285' title='bbox 829 2317 884 2361; x_wconf 90' lang='lat' dir='ltr'><strong>et</strong></span> <span class='ocrx_word' id='word_1_286' title='bbox 913 2308 1134 2361; x_wconf 88' lang='lat' dir='ltr'><strong>lucerna</strong></span> <span class='ocrx_word' id='word_1_287' title='bbox 1162 2307 1358 2361; x_wconf 88' lang='lat' dir='ltr'><strong>domus</strong></span> <span class='ocrx_word' id='word_1_288' title='bbox 1387 2305 1483 2361; x_wconf 84' lang='lat' dir='ltr'><strong>Dei</strong></span> <span class='ocrx_word' id='word_1_289' title='bbox 1529 2321 1630 2378; x_wconf 80' lang='lat' dir='ltr'><strong>ego</strong></span> <span class='ocrx_word' id='word_1_290' title='bbox 1660 2308 1784 2372; x_wconf 87' lang='lat' dir='ltr'><strong>sim,</strong></span> <span class='ocrx_word' id='word_1_291' title='bbox 1815 2317 1871 2362; x_wconf 93' lang='lat' dir='ltr'><strong>et</strong></span> <span class='ocrx_word' id='word_1_292' title='bbox 1895 2307 2176 2362; x_wconf 90' lang='lat' dir='ltr'><strong>vobiscum</strong></span> 
     </span>
    </p>
   </div>
   <div class='ocr_carea' id='block_1_39' title="bbox 593 2399 2176 2468">
    <p class='ocr_par' dir='ltr' id='par_1_39' title="bbox 593 2399 2176 2468">
     <span class='ocr_line' id='line_1_39' title="bbox 593 2399 2176 2468; baseline 0.001 -16"><span class='ocrx_word' id='word_1_293' title='bbox 593 2400 696 2453; x_wconf 91' lang='lat' dir='ltr'><strong>sim</strong></span> <span class='ocrx_word' id='word_1_294' title='bbox 745 2400 1002 2453; x_wconf 90' lang='lat' dir='ltr'><strong>omnibus</strong></span> <span class='ocrx_word' id='word_1_295' title='bbox 1061 2399 1257 2454; x_wconf 87' lang='lat' dir='ltr'><strong>diebus</strong></span> <span class='ocrx_word' id='word_1_296' title='bbox 1302 2415 1476 2468; x_wconf 87' lang='lat' dir='ltr'><strong>usque</strong></span> <span class='ocrx_word' id='word_1_297' title='bbox 1527 2399 1595 2454; x_wconf 88' lang='lat' dir='ltr'><strong>ad</strong></span> <span class='ocrx_word' id='word_1_298' title='bbox 1649 2400 2176 2454; x_wconf 83' lang='lat' dir='ltr'><strong>consummationem</strong></span> 
     </span>
    </p>
   </div>
   <div class='ocr_carea' id='block_1_40' title="bbox 591 2491 2176 2563">
    <p class='ocr_par' dir='ltr' id='par_1_40' title="bbox 591 2491 2176 2563">
     <span class='ocr_line' id='line_1_40' title="bbox 591 2491 2176 2563; baseline 0.001 -19"><span class='ocrx_word' id='word_1_299' title='bbox 591 2491 804 2545; x_wconf 86' lang='lat' dir='ltr'><strong>sa:culi.</strong></span> <span class='ocrx_word' id='word_1_300' title='bbox 838 2510 855 2541; x_wconf 79' lang='grc' dir='ltr'><strong>ι</strong></span> <span class='ocrx_word' id='word_1_301' title='bbox 902 2491 1001 2546; x_wconf 86' lang='lat' dir='ltr'><strong>llic</strong></span> <span class='ocrx_word' id='word_1_302' title='bbox 1027 2492 1211 2562; x_wconf 75' lang='lat' dir='ltr'><strong>igitur,</strong></span> <span class='ocrx_word' id='word_1_303' title='bbox 1271 2508 1305 2546; x_wconf 90' lang='grc' dir='ltr'><strong>ο</strong></span> <span class='ocrx_word' id='word_1_304' title='bbox 1359 2493 1488 2562; x_wconf 89' lang='lat' dir='ltr'><strong>quid</strong></span> <span class='ocrx_word' id='word_1_305' title='bbox 1532 2493 1626 2546; x_wconf 89' lang='lat' dir='ltr'><strong>illo</strong></span> <span class='ocrx_word' id='word_1_306' title='bbox 1681 2491 1904 2563; x_wconf 78' lang='lat' dir='ltr'><strong>dignum</strong></span> <span class='ocrx_word' id='word_1_307' title='bbox 1937 2492 2176 2546; x_wconf 72' lang='lat' dir='ltr'><strong>dixeris!</strong></span> 
     </span>
    </p>
   </div>
   <div class='ocr_carea' id='block_1_41' title="bbox 591 2585 2178 2655">
    <p class='ocr_par' dir='ltr' id='par_1_41' title="bbox 591 2585 2178 2655">
     <span class='ocr_line' id='line_1_41' title="bbox 591 2585 2178 2655; baseline -0.001 -15"><span class='ocrx_word' id='word_1_308' title='bbox 591 2594 832 2640; x_wconf 84' lang='lat' dir='ltr'><strong>attamen</strong></span> <span class='ocrx_word' id='word_1_309' title='bbox 858 2585 1171 2639; x_wconf 85' lang='lat' dir='ltr'><strong>mortalium</strong></span> <span class='ocrx_word' id='word_1_310' title='bbox 1210 2586 1642 2655; x_wconf 88' lang='lat' dir='ltr'><strong>ncquissimuset</strong></span> <span class='ocrx_word' id='word_1_311' title='bbox 1671 2585 2045 2655; x_wconf 86' lang='lat' dir='ltr'><strong>impiissimus,</strong></span> <span class='ocrx_word' id='word_1_312' title='bbox 2084 2585 2178 2654; x_wconf 83' lang='lat' dir='ltr'><strong>qui</strong></span> 
     </span>
    </p>
   </div>
   <div class='ocr_carea' id='block_1_42' title="bbox 593 2675 2180 2747">
    <p class='ocr_par' dir='ltr' id='par_1_42' title="bbox 593 2675 2180 2747">
     <span class='ocr_line' id='line_1_42' title="bbox 593 2675 2180 2747; baseline 0.001 -17"><span class='ocrx_word' id='word_1_313' title='bbox 593 2691 715 2730; x_wconf 89' lang='lat' dir='ltr'><strong>sese</strong></span> <span class='ocrx_word' id='word_1_314' title='bbox 747 2691 912 2745; x_wconf 90' lang='lat' dir='ltr'><strong>supra</strong></span> <span class='ocrx_word' id='word_1_315' title='bbox 943 2675 1164 2730; x_wconf 91' lang='lat' dir='ltr'><strong>modum</strong></span> <span class='ocrx_word' id='word_1_316' title='bbox 1187 2677 1428 2747; x_wconf 87' lang='lat' dir='ltr'><strong>jactabat</strong></span> <span class='ocrx_word' id='word_1_317' title='bbox 1453 2685 1507 2731; x_wconf 88' lang='lat' dir='ltr'><strong>et</strong></span> <span class='ocrx_word' id='word_1_318' title='bbox 1535 2677 1846 2739; x_wconf 74' lang='lat' dir='ltr'><strong>extollebat,</strong></span> <span class='ocrx_word' id='word_1_319' title='bbox 1879 2677 1934 2731; x_wconf 90' lang='lat' dir='ltr'><strong>in</strong></span> <span class='ocrx_word' id='word_1_320' title='bbox 1963 2692 2180 2746; x_wconf 80' lang='lat' dir='ltr'><strong>prome-</strong></span> 
     </span>
    </p>
   </div>
   <div class='ocr_carea' id='block_1_43' title="bbox 594 2768 2176 2839">
    <p class='ocr_par' dir='ltr' id='par_1_43' title="bbox 594 2768 2176 2839">
     <span class='ocr_line' id='line_1_43' title="bbox 594 2768 2176 2839; baseline 0.003 -19"><span class='ocrx_word' id='word_1_321' title='bbox 594 2768 777 2832; x_wconf 87' lang='lat' dir='ltr'><strong>ritam,</strong></span> <span class='ocrx_word' id='word_1_322' title='bbox 841 2775 900 2822; x_wconf 90' lang='lat' dir='ltr'><strong>ut</strong></span> <span class='ocrx_word' id='word_1_323' title='bbox 947 2769 1282 2833; x_wconf 79' lang='lat' dir='ltr'><strong>narrabitur,</strong></span> <span class='ocrx_word' id='word_1_324' title='bbox 1349 2768 1563 2822; x_wconf 90' lang='lat' dir='ltr'><strong>ruinam</strong></span> <span class='ocrx_word' id='word_1_325' title='bbox 1619 2768 1866 2839; x_wconf 84' lang='lat' dir='ltr'><strong>deiectus</strong></span> <span class='ocrx_word' id='word_1_326' title='bbox 1892 2779 1996 2825; x_wconf 90' lang='lat' dir='ltr'><strong>est.</strong></span> <span class='ocrx_word' id='word_1_327' title='bbox 2056 2770 2176 2835; x_wconf 87' lang='lat' dir='ltr'><strong>llic,</strong></span> 
     </span>
    </p>
   </div>
   <div class='ocr_carea' id='block_1_44' title="bbox 595 2860 2176 2930">
    <p class='ocr_par' dir='ltr' id='par_1_44' title="bbox 595 2860 2176 2930">
     <span class='ocr_line' id='line_1_44' title="bbox 595 2860 2176 2930; baseline 0.003 -16"><span class='ocrx_word' id='word_1_328' title='bbox 595 2861 842 2930; x_wconf 90' lang='lat' dir='ltr'><strong>inquam,</strong></span> <span class='ocrx_word' id='word_1_329' title='bbox 874 2860 942 2914; x_wconf 88' lang='lat' dir='ltr'><strong>ad</strong></span> <span class='ocrx_word' id='word_1_330' title='bbox 969 2861 1208 2915; x_wconf 87' lang='lat' dir='ltr'><strong>Leonem</strong></span> <span class='ocrx_word' id='word_1_331' title='bbox 1236 2861 1527 2930; x_wconf 89' lang='lat' dir='ltr'><strong>quemdam</strong></span> <span class='ocrx_word' id='word_1_332' title='bbox 1553 2860 1866 2916; x_wconf 81' lang='lat' dir='ltr'><strong>Montanum</strong></span> <span class='ocrx_word' id='word_1_333' title='bbox 1892 2863 2134 2918; x_wconf 90' lang='lat' dir='ltr'><strong>scribens</strong></span> <span class='ocrx_word' id='word_1_334' title='bbox 2160 2878 2176 2918; x_wconf 91' lang='lat'>:</span> 
     </span>
    </p>
   </div>
   <div class='ocr_carea' id='block_1_45' title="bbox 508 2951 2179 3018">
    <p class='ocr_par' dir='ltr' id='par_1_45' title="bbox 508 2951 2179 3018">
     <span class='ocr_line' id='line_1_45' title="bbox 508 2951 2179 3018; baseline 0.004 -15"><span class='ocrx_word' id='word_1_335' title='bbox 508 2993 510 3002; x_wconf 96' lang='lat'><strong>.</strong></span> <span class='ocrx_word' id='word_1_336' title='bbox 596 2973 618 3004; x_wconf 69' lang='grc' dir='ltr'><strong>ι</strong></span> <span class='ocrx_word' id='word_1_337' title='bbox 653 2951 734 3005; x_wconf 83' lang='lat' dir='ltr'><strong>Tu</strong></span> <span class='ocrx_word' id='word_1_338' title='bbox 771 2961 980 3018; x_wconf 90' lang='lat' dir='ltr'><strong>autem,</strong></span> <span class='ocrx_word' id='word_1_339' title='bbox 1011 2951 1106 3015; x_wconf 90' lang='lat' dir='ltr'><strong>ait,</strong></span> <span class='ocrx_word' id='word_1_340' title='bbox 1140 2967 1273 3007; x_wconf 91' lang='lat' dir='ltr'><strong>cave</strong></span> <span class='ocrx_word' id='word_1_341' title='bbox 1303 2951 1420 3016; x_wconf 85' lang='lat' dir='ltr'><strong>tibi,</strong></span> <span class='ocrx_word' id='word_1_342' title='bbox 1470 2967 1540 3006; x_wconf 89' lang='lat' dir='ltr'><strong>ne</strong></span> <span class='ocrx_word' id='word_1_343' title='bbox 1576 2952 1739 3007; x_wconf 88' lang='lat' dir='ltr'><strong>ﬁdem</strong></span> <span class='ocrx_word' id='word_1_344' title='bbox 1785 2953 1996 3009; x_wconf 87' lang='lat' dir='ltr'><strong>dividas</strong></span> <span class='ocrx_word' id='word_1_345' title='bbox 2023 2955 2179 3009; x_wconf 90' lang='lat' dir='ltr'><strong>inde-</strong></span> 
     </span>
    </p>
   </div>
   <div class='ocr_carea' id='block_1_46' title="bbox 590 3042 2178 3113">
    <p class='ocr_par' dir='ltr' id='par_1_46' title="bbox 590 3042 2178 3113">
     <span class='ocr_line' id='line_1_46' title="bbox 590 3042 2178 3113; baseline 0.002 -15"><span class='ocrx_word' id='word_1_346' title='bbox 590 3042 907 3099; x_wconf 88' lang='lat' dir='ltr'><strong>clinabilem</strong></span> <span class='ocrx_word' id='word_1_347' title='bbox 943 3060 958 3096; x_wconf 91' lang='lat'><strong>:</strong></span> <span class='ocrx_word' id='word_1_348' title='bbox 996 3059 1159 3113; x_wconf 91' lang='lat' dir='ltr'><strong>quam</strong></span> <span class='ocrx_word' id='word_1_349' title='bbox 1201 3043 1348 3098; x_wconf 90' lang='lat' dir='ltr'><strong>enim</strong></span> <span class='ocrx_word' id='word_1_350' title='bbox 1408 3045 1816 3100; x_wconf 86' lang='lat' dir='ltr'><strong>accusationem</strong></span> <span class='ocrx_word' id='word_1_351' title='bbox 1857 3046 2026 3101; x_wconf 92' lang='lat' dir='ltr'><strong>habes</strong></span> <span class='ocrx_word' id='word_1_352' title='bbox 2082 3046 2178 3101; x_wconf 80' lang='lat' dir='ltr'><strong>ad-</strong></span> 
     </span>
    </p>
   </div>
   <div class='ocr_carea' id='block_1_47' title="bbox 591 3133 2179 3207">
    <p class='ocr_par' dir='ltr' id='par_1_47' title="bbox 591 3133 2179 3207">
     <span class='ocr_line' id='line_1_47' title="bbox 591 3133 2179 3207; baseline 0.001 -17"><span class='ocrx_word' id='word_1_353' title='bbox 591 3152 812 3191; x_wconf 90' lang='lat' dir='ltr'><strong>versum</strong></span> <span class='ocrx_word' id='word_1_354' title='bbox 844 3136 986 3190; x_wconf 86' lang='lat' dir='ltr'><strong>nos?</strong></span> <span class='ocrx_word' id='word_1_355' title='bbox 1019 3133 1160 3190; x_wconf 81' lang='lat' dir='ltr'><strong>Num</strong></span> <span class='ocrx_word' id='word_1_356' title='bbox 1185 3135 1420 3206; x_wconf 86' lang='lat' dir='ltr'><strong>aliquem</strong></span> <span class='ocrx_word' id='word_1_357' title='bbox 1450 3136 1808 3201; x_wconf 77' lang='lat' dir='ltr'><strong>circumveni,</strong></span> <span class='ocrx_word' id='word_1_358' title='bbox 1838 3137 2179 3207; x_wconf 88' lang='lat' dir='ltr'><strong>autsuperbe</strong></span> 
     </span>
    </p>
   </div>
   <div class='ocr_carea' id='block_1_48' title="bbox 593 3225 2180 3297">
    <p class='ocr_par' dir='ltr' id='par_1_48' title="bbox 593 3225 2180 3297">
     <span class='ocr_line' id='line_1_48' title="bbox 593 3225 2180 3297; baseline 0 -17"><span class='ocrx_word' id='word_1_359' title='bbox 593 3227 724 3295; x_wconf 73' lang='lat' dir='ltr'><strong>egi?</strong></span> <span class='ocrx_word' id='word_1_360' title='bbox 777 3227 896 3281; x_wconf 82' lang='lat' dir='ltr'><strong>Non</strong></span> <span class='ocrx_word' id='word_1_361' title='bbox 946 3234 1104 3297; x_wconf 81' lang='lat' dir='ltr'><strong>potes</strong></span> <span class='ocrx_word' id='word_1_362' title='bbox 1145 3225 1369 3281; x_wconf 90' lang='lat' dir='ltr'><strong>dicere:</strong></span> <span class='ocrx_word' id='word_1_363' title='bbox 1401 3235 1456 3280; x_wconf 89' lang='lat' dir='ltr'><strong>et</strong></span> <span class='ocrx_word' id='word_1_364' title='bbox 1502 3225 1548 3280; x_wconf 87' lang='lat' dir='ltr'><strong>si</strong></span> <span class='ocrx_word' id='word_1_365' title='bbox 1587 3227 1756 3290; x_wconf 87' lang='lat' dir='ltr'><strong>dicas,</strong></span> <span class='ocrx_word' id='word_1_366' title='bbox 1806 3227 2180 3282; x_wconf 77' lang='lat' dir='ltr'><strong>testimonium</strong></span> 
     </span>
    </p>
   </div>
   <div class='ocr_carea' id='block_1_49' title="bbox 593 3288 2254 3374">
    <p class='ocr_par' dir='ltr' id='par_1_49' title="bbox 593 3288 2254 3374">
     <span class='ocr_line' id='line_1_49' title="bbox 593 3288 2254 3374; baseline -0.001 -1"><span class='ocrx_word' id='word_1_367' title='bbox 593 3329 748 3373; x_wconf 89' lang='lat' dir='ltr'><strong>tuum</strong></span> <span class='ocrx_word' id='word_1_368' title='bbox 793 3288 984 3374; x_wconf 80' lang='lat' dir='ltr'><strong>verum</strong></span> <span class='ocrx_word' id='word_1_369' title='bbox 1038 3334 1150 3372; x_wconf 91' lang='lat' dir='ltr'><strong>non</strong></span> <span class='ocrx_word' id='word_1_370' title='bbox 1195 3327 1300 3373; x_wconf 89' lang='lat' dir='ltr'><strong>est.</strong></span> <span class='ocrx_word' id='word_1_371' title='bbox 1353 3317 1484 3372; x_wconf 84' lang='lat' dir='ltr'><strong>Mihi</strong></span> <span class='ocrx_word' id='word_1_372' title='bbox 1523 3333 1653 3373; x_wconf 87' lang='lat' dir='ltr'><strong>vero</strong></span> <span class='ocrx_word' id='word_1_373' title='bbox 1699 3317 1842 3372; x_wconf 87' lang='lat' dir='ltr'><strong>absit</strong></span> <span class='ocrx_word' id='word_1_374' title='bbox 1872 3327 1930 3372; x_wconf 91' lang='lat' dir='ltr'><strong>ut</strong></span> <span class='ocrx_word' id='word_1_375' title='bbox 1971 3326 2022 3372; x_wconf 87' lang='lat' dir='ltr'><strong>te</strong></span> <span class='ocrx_word' id='word_1_376' title='bbox 2059 3318 2185 3372; x_wconf 90' lang='lat' dir='ltr'><strong>odio</strong></span> <span class='ocrx_word' id='word_1_377' title='bbox 2212 3288 2254 3347; x_wconf 60' lang='grc' dir='ltr'>(ἶ</span> 
     </span>
    </p>
   </div>
   <div class='ocr_carea' id='block_1_50' title="bbox 594 3410 2187 3480">
    <p class='ocr_par' dir='ltr' id='par_1_50' title="bbox 594 3410 2187 3480">
     <span class='ocr_line' id='line_1_50' title="bbox 594 3410 2187 3480; baseline 0 -15"><span class='ocrx_word' id='word_1_378' title='bbox 594 3411 824 3466; x_wconf 90' lang='lat' dir='ltr'><strong>habeam</strong></span> <span class='ocrx_word' id='word_1_379' title='bbox 850 3412 865 3464; x_wconf 81' lang='grc' dir='ltr'><strong>ι</strong></span> <span class='ocrx_word' id='word_1_380' title='bbox 889 3410 982 3465; x_wconf 84' lang='lat' dir='ltr'><strong>sed</strong></span> <span class='ocrx_word' id='word_1_381' title='bbox 1007 3411 1182 3464; x_wconf 90' lang='lat' dir='ltr'><strong>solum</strong></span> <span class='ocrx_word' id='word_1_382' title='bbox 1207 3419 1260 3464; x_wconf 80' lang='lat' dir='ltr'><strong>te</strong></span> <span class='ocrx_word' id='word_1_383' title='bbox 1279 3425 1397 3475; x_wconf 92' lang='lat' dir='ltr'><strong>oro,</strong></span> <span class='ocrx_word' id='word_1_384' title='bbox 1425 3410 1882 3480; x_wconf 86' lang='lat' dir='ltr'><strong>quemadmodum</strong></span> <span class='ocrx_word' id='word_1_385' title='bbox 1912 3410 2187 3479; x_wconf 84' lang='lat' dir='ltr'><strong>apostolos</strong></span> 
     </span>
    </p>
   </div>
   <div class='ocr_carea' id='block_1_51' title="bbox 589 3502 2182 3574">
    <p class='ocr_par' dir='ltr' id='par_1_51' title="bbox 589 3502 2182 3574">
     <span class='ocr_line' id='line_1_51' title="bbox 589 3502 2182 3574; baseline -0.003 -16"><span class='ocrx_word' id='word_1_386' title='bbox 589 3514 651 3558; x_wconf 84' lang='lat' dir='ltr'><strong>et</strong></span> <span class='ocrx_word' id='word_1_387' title='bbox 680 3504 976 3574; x_wconf 80' lang='lat' dir='ltr'><strong>praphetas</strong></span> <span class='ocrx_word' id='word_1_388' title='bbox 1000 3502 1316 3572; x_wconf 83' lang='lat' dir='ltr'><strong>suscepisti,</strong></span> <span class='ocrx_word' id='word_1_389' title='bbox 1369 3502 1462 3572; x_wconf 85' lang='lat' dir='ltr'><strong>qui</strong></span> <span class='ocrx_word' id='word_1_390' title='bbox 1493 3511 1728 3573; x_wconf 89' lang='lat' dir='ltr'><strong>quatuor</strong></span> <span class='ocrx_word' id='word_1_391' title='bbox 1756 3518 1990 3557; x_wconf 88' lang='lat' dir='ltr'><strong>numero</strong></span> <span class='ocrx_word' id='word_1_392' title='bbox 2031 3511 2182 3567; x_wconf 85' lang='lat' dir='ltr'><strong>sunt,</strong></span> 
     </span>
    </p>
   </div>
   <div class='ocr_carea' id='block_1_52' title="bbox 590 3593 2186 3665">
    <p class='ocr_par' dir='ltr' id='par_1_52' title="bbox 590 3593 2186 3665">
     <span class='ocr_line' id='line_1_52' title="bbox 590 3593 2186 3665; baseline -0.002 -15"><span class='ocrx_word' id='word_1_393' title='bbox 590 3595 667 3650; x_wconf 91' lang='lat' dir='ltr'><strong>ita</strong></span> <span class='ocrx_word' id='word_1_394' title='bbox 723 3604 971 3665; x_wconf 87' lang='lat' dir='ltr'><strong>pastores</strong></span> <span class='ocrx_word' id='word_1_395' title='bbox 1021 3603 1079 3649; x_wconf 92' lang='lat' dir='ltr'><strong>et</strong></span> <span class='ocrx_word' id='word_1_396' title='bbox 1137 3595 1426 3664; x_wconf 80' lang='lat' dir='ltr'><strong>magistros</strong></span> <span class='ocrx_word' id='word_1_397' title='bbox 1473 3595 1759 3664; x_wconf 89' lang='lat' dir='ltr'><strong>sus-cipias,</strong></span> <span class='ocrx_word' id='word_1_398' title='bbox 1824 3609 1894 3649; x_wconf 91' lang='lat' dir='ltr'><strong>ne</strong></span> <span class='ocrx_word' id='word_1_399' title='bbox 1944 3593 2186 3648; x_wconf 79' lang='lat' dir='ltr'><strong>ferarum</strong></span> 
     </span>
    </p>
   </div>
   <div class='ocr_carea' id='block_1_53' title="bbox 589 3685 2188 3759">
    <p class='ocr_par' dir='ltr' id='par_1_53' title="bbox 589 3685 2188 3759">
     <span class='ocr_line' id='line_1_53' title="bbox 589 3685 2188 3759; baseline 0.001 -19"><span class='ocrx_word' id='word_1_400' title='bbox 589 3687 775 3759; x_wconf 66' lang='lat' dir='ltr'><strong>praeda</strong></span> <span class='ocrx_word' id='word_1_401' title='bbox 810 3686 927 3741; x_wconf 87' lang='lat' dir='ltr'><strong>llas.</strong></span> <span class='ocrx_word' id='word_1_402' title='bbox 979 3705 997 3736; x_wconf 77' lang='grc' dir='ltr'><strong>ι</strong></span> <span class='ocrx_word' id='word_1_403' title='bbox 1051 3685 1128 3739; x_wconf 89' lang='lat' dir='ltr'><strong>Ita</strong></span> <span class='ocrx_word' id='word_1_404' title='bbox 1161 3700 1221 3740; x_wconf 87' lang='lat' dir='ltr'><strong>se</strong></span> <span class='ocrx_word' id='word_1_405' title='bbox 1252 3686 1307 3739; x_wconf 92' lang='lat' dir='ltr'><strong>in</strong></span> <span class='ocrx_word' id='word_1_406' title='bbox 1336 3695 1623 3741; x_wconf 82' lang='lat' dir='ltr'><strong>sexcentas</strong></span> <span class='ocrx_word' id='word_1_407' title='bbox 1663 3685 1866 3740; x_wconf 79' lang='lat' dir='ltr'><strong>formas</strong></span> <span class='ocrx_word' id='word_1_408' title='bbox 1898 3697 2188 3741; x_wconf 88' lang='lat' dir='ltr'><strong>converte-</strong></span> 
     </span>
    </p>
   </div>
   <div class='ocr_carea' id='block_1_54' title="bbox 589 3777 2206 3848">
    <p class='ocr_par' dir='ltr' id='par_1_54' title="bbox 589 3777 2206 3848">
     <span class='ocr_line' id='line_1_54' title="bbox 589 3777 2206 3848; baseline -0.001 -14"><span class='ocrx_word' id='word_1_409' title='bbox 589 3779 704 3842; x_wconf 82' lang='lat' dir='ltr'><strong>bat,</strong></span> <span class='ocrx_word' id='word_1_410' title='bbox 735 3788 792 3832; x_wconf 91' lang='lat' dir='ltr'><strong>ut</strong></span> <span class='ocrx_word' id='word_1_411' title='bbox 826 3778 893 3833; x_wconf 90' lang='lat' dir='ltr'><strong>ad</strong></span> <span class='ocrx_word' id='word_1_412' title='bbox 924 3778 1171 3833; x_wconf 86' lang='lat' dir='ltr'><strong>diversos</strong></span> <span class='ocrx_word' id='word_1_413' title='bbox 1215 3792 1427 3842; x_wconf 90' lang='lat' dir='ltr'><strong>eorum,</strong></span> <span class='ocrx_word' id='word_1_414' title='bbox 1464 3778 1556 3847; x_wconf 92' lang='lat' dir='ltr'><strong>qui</strong></span> <span class='ocrx_word' id='word_1_415' title='bbox 1585 3777 2022 3848; x_wconf 88' lang='lat' dir='ltr'><strong>decipiebantur,</strong></span> <span class='ocrx_word' id='word_1_416' title='bbox 2058 3793 2206 3832; x_wconf 76' lang='lat' dir='ltr'><strong>mo-.</strong></span> 
     </span>
    </p>
   </div>
   <div class='ocr_carea' id='block_1_55' title="bbox 591 3869 2176 3942">
    <p class='ocr_par' dir='ltr' id='par_1_55' title="bbox 591 3869 2176 3942">
     <span class='ocr_line' id='line_1_55' title="bbox 591 3869 2176 3942; baseline -0.003 -14"><span class='ocrx_word' id='word_1_417' title='bbox 591 3889 682 3928; x_wconf 90' lang='lat' dir='ltr'><strong>res</strong></span> <span class='ocrx_word' id='word_1_418' title='bbox 735 3888 794 3927; x_wconf 88' lang='lat' dir='ltr'><strong>se</strong></span> <span class='ocrx_word' id='word_1_419' title='bbox 844 3873 1318 3935; x_wconf 86' lang='lat' dir='ltr'><strong>accommodaret,</strong></span> <span class='ocrx_word' id='word_1_420' title='bbox 1360 3873 1523 3927; x_wconf 90' lang='lat' dir='ltr'><strong>modo</strong></span> <span class='ocrx_word' id='word_1_421' title='bbox 1575 3871 1754 3942; x_wconf 80' lang='lat' dir='ltr'><strong>gigas,</strong></span> <span class='ocrx_word' id='word_1_422' title='bbox 1788 3870 1951 3925; x_wconf 92' lang='lat' dir='ltr'><strong>modo</strong></span> <span class='ocrx_word' id='word_1_423' title='bbox 1996 3869 2176 3934; x_wconf 87' lang='lat' dir='ltr'><strong>simia,</strong></span> 
     </span>
    </p>
   </div>
   <div class='ocr_carea' id='block_1_56' title="bbox 590 3961 2179 4034">
    <p class='ocr_par' dir='ltr' id='par_1_56' title="bbox 590 3961 2179 4034">
     <span class='ocr_line' id='line_1_56' title="bbox 590 3961 2179 4034; baseline -0.003 -14"><span class='ocrx_word' id='word_1_424' title='bbox 590 3980 742 4020; x_wconf 89' lang='lat' dir='ltr'><strong>nunc</strong></span> <span class='ocrx_word' id='word_1_425' title='bbox 781 3965 898 4028; x_wconf 90' lang='lat' dir='ltr'><strong>lco,</strong></span> <span class='ocrx_word' id='word_1_426' title='bbox 933 3980 1082 4020; x_wconf 90' lang='lat' dir='ltr'><strong>nunc</strong></span> <span class='ocrx_word' id='word_1_427' title='bbox 1122 3965 1344 4034; x_wconf 83' lang='lat' dir='ltr'><strong>vulpes,</strong></span> <span class='ocrx_word' id='word_1_428' title='bbox 1383 3964 1544 4018; x_wconf 89' lang='lat' dir='ltr'><strong>modo</strong></span> <span class='ocrx_word' id='word_1_429' title='bbox 1589 3963 1768 4027; x_wconf 89' lang='lat' dir='ltr'><strong>illum,</strong></span> <span class='ocrx_word' id='word_1_430' title='bbox 1801 3962 1964 4016; x_wconf 92' lang='lat' dir='ltr'><strong>modo</strong></span> <span class='ocrx_word' id='word_1_431' title='bbox 2011 3961 2179 4016; x_wconf 87' lang='lat' dir='ltr'><strong>alium</strong></span> 
     </span>
    </p>
   </div>
   <div class='ocr_carea' id='block_1_57' title="bbox 591 4053 2176 4126">
    <p class='ocr_par' dir='ltr' id='par_1_57' title="bbox 591 4053 2176 4126">
     <span class='ocr_line' id='line_1_57' title="bbox 591 4053 2176 4126; baseline -0.003 -15"><span class='ocrx_word' id='word_1_432' title='bbox 591 4071 801 4112; x_wconf 88' lang='lat' dir='ltr'><strong>morem</strong></span> <span class='ocrx_word' id='word_1_433' title='bbox 837 4057 1138 4119; x_wconf 88' lang='lat' dir='ltr'><strong>simulans,</strong></span> <span class='ocrx_word' id='word_1_434' title='bbox 1169 4066 1225 4110; x_wconf 92' lang='lat' dir='ltr'><strong>et</strong></span> <span class='ocrx_word' id='word_1_435' title='bbox 1268 4055 1586 4126; x_wconf 80' lang='lat' dir='ltr'><strong>praeferens.</strong></span> <span class='ocrx_word' id='word_1_436' title='bbox 1621 4054 1762 4108; x_wconf 85' lang='lat' dir='ltr'><strong>Alibi</strong></span> <span class='ocrx_word' id='word_1_437' title='bbox 1793 4069 1924 4108; x_wconf 91' lang='lat' dir='ltr'><strong>vero</strong></span> <span class='ocrx_word' id='word_1_438' title='bbox 1972 4053 2176 4108; x_wconf 86' lang='lat' dir='ltr'><strong>iterum-</strong></span> 
     </span>
    </p>
   </div>
   <div class='ocr_carea' id='block_1_58' title="bbox 593 4145 2178 4216">
    <p class='ocr_par' dir='ltr' id='par_1_58' title="bbox 593 4145 2178 4216">
     <span class='ocr_line' id='line_1_58' title="bbox 593 4145 2178 4216; baseline -0.003 -14"><span class='ocrx_word' id='word_1_439' title='bbox 593 4149 729 4203; x_wconf 78' lang='lat' dir='ltr'><strong>dicit</strong></span> <span class='ocrx_word' id='word_1_440' title='bbox 759 4164 775 4203; x_wconf 89' lang='lat'><strong>:</strong></span> <span class='ocrx_word' id='word_1_441' title='bbox 819 4166 839 4199; x_wconf 77' lang='grc' dir='ltr'><strong>ι</strong></span> <span class='ocrx_word' id='word_1_442' title='bbox 881 4147 1062 4202; x_wconf 89' lang='lat' dir='ltr'><strong>Prima</strong></span> <span class='ocrx_word' id='word_1_443' title='bbox 1095 4146 1416 4212; x_wconf 79' lang='lat' dir='ltr'><strong>fornicatio,</strong></span> <span class='ocrx_word' id='word_1_444' title='bbox 1465 4162 1570 4216; x_wconf 90' lang='lat' dir='ltr'><strong>qua</strong></span> <span class='ocrx_word' id='word_1_445' title='bbox 1606 4161 1669 4200; x_wconf 84' lang='lat' dir='ltr'><strong>ex</strong></span> <span class='ocrx_word' id='word_1_446' title='bbox 1699 4146 1906 4199; x_wconf 85' lang='lat' dir='ltr'><strong>Adamo</strong></span> <span class='ocrx_word' id='word_1_447' title='bbox 1939 4145 2178 4199; x_wconf 88' lang='lat' dir='ltr'><strong>circum-</strong></span> 
     </span>
    </p>
   </div>
   <div class='ocr_carea' id='block_1_59' title="bbox 592 4236 2182 4307">
    <p class='ocr_par' dir='ltr' id='par_1_59' title="bbox 592 4236 2182 4307">
     <span class='ocr_line' id='line_1_59' title="bbox 592 4236 2182 4307; baseline -0.003 -12"><span class='ocrx_word' id='word_1_448' title='bbox 592 4239 806 4304; x_wconf 87' lang='lat' dir='ltr'><strong>damur,</strong></span> <span class='ocrx_word' id='word_1_449' title='bbox 845 4238 1179 4294; x_wconf 85' lang='lat' dir='ltr'><strong>beueﬁcium</strong></span> <span class='ocrx_word' id='word_1_450' title='bbox 1205 4246 1321 4306; x_wconf 87' lang='lat' dir='ltr'><strong>est;</strong></span> <span class='ocrx_word' id='word_1_451' title='bbox 1357 4238 1596 4293; x_wconf 89' lang='lat' dir='ltr'><strong>secunda</strong></span> <span class='ocrx_word' id='word_1_452' title='bbox 1637 4246 1821 4291; x_wconf 90' lang='lat' dir='ltr'><strong>autem</strong></span> <span class='ocrx_word' id='word_1_453' title='bbox 1873 4236 2067 4307; x_wconf 76' lang='lat' dir='ltr'><strong>major,</strong></span> <span class='ocrx_word' id='word_1_454' title='bbox 2111 4237 2182 4291; x_wconf 80' lang='lat' dir='ltr'><strong>de</strong></span> 
     </span>
    </p>
   </div>
   <div class='ocr_carea' id='block_1_60' title="bbox 661 4351 1146 4418">
    <p class='ocr_par' dir='ltr' id='par_1_60' title="bbox 661 4351 1146 4418">
     <span class='ocr_line' id='line_1_60' title="bbox 661 4351 1146 4418; baseline 0.004 -14"><span class='ocrx_word' id='word_1_455' title='bbox 661 4351 684 4384; x_wconf 74' lang='grc'><strong>⁷</strong></span> <span class='ocrx_word' id='word_1_456' title='bbox 722 4351 914 4408; x_wconf 88' lang='lat' dir='ltr'><strong>Matth.</strong></span> <span class='ocrx_word' id='word_1_457' title='bbox 953 4352 1146 4418; x_wconf 71' lang='lat' dir='ltr'><strong>vt,22.</strong></span> 
     </span>
    </p>
   </div>
   <div class='ocr_carea' id='block_1_61' title="bbox 2285 2029 3870 2102">
    <p class='ocr_par' dir='ltr' id='par_1_61' title="bbox 2285 2029 3870 2102">
     <span class='ocr_line' id='line_1_61' title="bbox 2285 2029 3870 2102; baseline 0.001 -21"><span class='ocrx_word' id='word_1_458' title='bbox 2285 2029 2430 2099; x_wconf 75' lang='grc' dir='ltr'>ὑμᾶς</span> <span class='ocrx_word' id='word_1_459' title='bbox 2459 2029 2787 2101; x_wconf 80' lang='grc' dir='ltr'><strong>ποιούμεθα,</strong></span> <span class='ocrx_word' id='word_1_460' title='bbox 2825 2031 2907 2084; x_wconf 81' lang='grc' dir='ltr'>ὅτι</span> <span class='ocrx_word' id='word_1_461' title='bbox 2929 2031 3120 2101; x_wconf 77' lang='grc' dir='ltr'>ὥσπερ</span> <span class='ocrx_word' id='word_1_462' title='bbox 3141 2033 3196 2085; x_wconf 78' lang='grc' dir='ltr'>αἱ</span> <span class='ocrx_word' id='word_1_463' title='bbox 3219 2030 3592 2102; x_wconf 76' lang='grc' dir='ltr'><strong>παρελθοῦσαι</strong></span> <span class='ocrx_word' id='word_1_464' title='bbox 3645 2032 3870 2101; x_wconf 82' lang='grc' dir='ltr'>Ἐκκλη-</span> 
     </span>
    </p>
   </div>
   <div class='ocr_carea' id='block_1_62' title="bbox 2285 2120 3880 2192">
    <p class='ocr_par' dir='ltr' id='par_1_62' title="bbox 2285 2120 3880 2192">
     <span class='ocr_line' id='line_1_62' title="bbox 2285 2120 3880 2192; baseline 0.003 -20"><span class='ocrx_word' id='word_1_465' title='bbox 2285 2120 2398 2173; x_wconf 88' lang='grc' dir='ltr'>σίαι</span> <span class='ocrx_word' id='word_1_466' title='bbox 2428 2121 2697 2191; x_wconf 81' lang='grc' dir='ltr'>ποιμένας</span> <span class='ocrx_word' id='word_1_467' title='bbox 2735 2121 2830 2174; x_wconf 71' lang='grc' dir='ltr'>καὶ</span> <span class='ocrx_word' id='word_1_468' title='bbox 2860 2121 3214 2186; x_wconf 83' lang='grc' dir='ltr'>διδασκάλους</span> <span class='ocrx_word' id='word_1_469' title='bbox 3241 2122 3512 2189; x_wconf 66' lang='grc' dir='ltr'>ἐδέξαντο.</span> <span class='ocrx_word' id='word_1_470' title='bbox 3546 2141 3566 2173; x_wconf 74' lang='grc' dir='ltr'><strong>ι</strong></span> <span class='ocrx_word' id='word_1_471' title='bbox 3619 2123 3784 2192; x_wconf 81' lang='grc' dir='ltr'>Λέγει</span> <span class='ocrx_word' id='word_1_472' title='bbox 3817 2123 3880 2177; x_wconf 75' lang='grc' dir='ltr'>δὲ</span> 
     </span>
    </p>
   </div>
   <div class='ocr_carea' id='block_1_63' title="bbox 2286 2213 3877 2286">
    <p class='ocr_par' dir='ltr' id='par_1_63' title="bbox 2286 2213 3877 2286">
     <span class='ocr_line' id='line_1_63' title="bbox 2286 2213 3877 2286; baseline 0.003 -21"><span class='ocrx_word' id='word_1_473' title='bbox 2286 2213 2724 2276; x_wconf 78' lang='grc' dir='ltr'>Κωνσταντῖνον,</span> <span class='ocrx_word' id='word_1_474' title='bbox 2746 2214 2842 2267; x_wconf 77' lang='grc' dir='ltr'>καὶ</span> <span class='ocrx_word' id='word_1_475' title='bbox 2865 2214 2991 2278; x_wconf 78' lang='grc' dir='ltr'>τοὺς</span> <span class='ocrx_word' id='word_1_476' title='bbox 3009 2213 3224 2280; x_wconf 80' lang='grc' dir='ltr'>ἄλλους,</span> <span class='ocrx_word' id='word_1_477' title='bbox 3255 2214 3350 2279; x_wconf 70' lang='grc' dir='ltr'>οὓς</span> <span class='ocrx_word' id='word_1_478' title='bbox 3375 2217 3403 2268; x_wconf 88' lang='lat'><strong>6</strong></span> <span class='ocrx_word' id='word_1_479' title='bbox 3435 2215 3592 2284; x_wconf 78' lang='grc' dir='ltr'>λόγος</span> <span class='ocrx_word' id='word_1_480' title='bbox 3614 2215 3877 2286; x_wconf 84' lang='grc' dir='ltr'><strong>ἀνωτέρω</strong></span> 
     </span>
    </p>
   </div>
   <div class='ocr_carea' id='block_1_64' title="bbox 2286 2305 3876 2380">
    <p class='ocr_par' dir='ltr' id='par_1_64' title="bbox 2286 2305 3876 2380">
     <span class='ocr_line' id='line_1_64' title="bbox 2286 2305 3876 2380; baseline 0.002 -23"><span class='ocrx_word' id='word_1_481' title='bbox 2286 2305 2657 2376; x_wconf 77' lang='grc' dir='ltr'>ἡριϐμήσατο.</span> <span class='ocrx_word' id='word_1_482' title='bbox 2699 2324 2718 2359; x_wconf 78' lang='grc' dir='ltr'><strong>ι</strong></span> <span class='ocrx_word' id='word_1_483' title='bbox 2760 2305 2950 2371; x_wconf 74' lang='grc' dir='ltr'>Οὕτως</span> <span class='ocrx_word' id='word_1_484' title='bbox 2994 2307 3090 2362; x_wconf 74' lang='grc' dir='ltr'>καὶ</span> <span class='ocrx_word' id='word_1_485' title='bbox 3121 2308 3277 2379; x_wconf 80' lang='grc' dir='ltr'>ὑμεῖς</span> <span class='ocrx_word' id='word_1_486' title='bbox 3331 2307 3593 2380; x_wconf 82' lang='grc' dir='ltr'>λαμπάδα</span> <span class='ocrx_word' id='word_1_487' title='bbox 3641 2307 3876 2380; x_wconf 78' lang='grc' dir='ltr'>φαεινὴν</span> 
     </span>
    </p>
   </div>
   <div class='ocr_carea' id='block_1_65' title="bbox 2284 2397 3876 2472">
    <p class='ocr_par' dir='ltr' id='par_1_65' title="bbox 2284 2397 3876 2472">
     <span class='ocr_line' id='line_1_65' title="bbox 2284 2397 3876 2472; baseline 0.001 -22"><span class='ocrx_word' id='word_1_488' title='bbox 2284 2398 2384 2451; x_wconf 70' lang='grc' dir='ltr'>καὶ</span> <span class='ocrx_word' id='word_1_489' title='bbox 2408 2397 2602 2468; x_wconf 81' lang='grc' dir='ltr'>λύχνον</span> <span class='ocrx_word' id='word_1_490' title='bbox 2632 2399 2895 2468; x_wconf 77' lang='grc' dir='ltr'>φαίνοντα</span> <span class='ocrx_word' id='word_1_491' title='bbox 2921 2401 3018 2454; x_wconf 80' lang='grc' dir='ltr'>καὶ</span> <span class='ocrx_word' id='word_1_492' title='bbox 3039 2399 3235 2470; x_wconf 77' lang='grc' dir='ltr'>ὁδηγὸν</span> <span class='ocrx_word' id='word_1_493' title='bbox 3286 2400 3563 2472; x_wconf 78' lang='grc' dir='ltr'>σωτηρίας</span> <span class='ocrx_word' id='word_1_494' title='bbox 3614 2398 3876 2465; x_wconf 76' lang='grc' dir='ltr'>ἐδέξασθε</span> 
     </span>
    </p>
   </div>
   <div class='ocr_carea' id='block_1_66' title="bbox 2283 2490 3876 2564">
    <p class='ocr_par' dir='ltr' id='par_1_66' title="bbox 2283 2490 3876 2564">
     <span class='ocr_line' id='line_1_66' title="bbox 2283 2490 3876 2564; baseline 0.003 -21"><span class='ocrx_word' id='word_1_495' title='bbox 2283 2490 2428 2544; x_wconf 83' lang='grc' dir='ltr'>κατὰ</span> <span class='ocrx_word' id='word_1_496' title='bbox 2491 2491 2552 2546; x_wconf 81' lang='grc' dir='ltr'>τὸ</span> <span class='ocrx_word' id='word_1_497' title='bbox 2599 2495 2988 2564; x_wconf 82' lang='grc' dir='ltr'>γεγραμμένον</span> <span class='ocrx_word' id='word_1_498' title='bbox 3027 2509 3044 2526; x_wconf 75' lang='grc' dir='ltr'><strong>ο</strong></span> <span class='ocrx_word' id='word_1_499' title='bbox 3105 2493 3241 2547; x_wconf 81' lang='grc' dir='ltr'><strong>Ἐὰν</strong></span> <span class='ocrx_word' id='word_1_500' title='bbox 3295 2497 3329 2548; x_wconf 85' lang='grc' dir='ltr'>ό</span> <span class='ocrx_word' id='word_1_501' title='bbox 3386 2494 3694 2563; x_wconf 68' lang='grc' dir='ltr'>ὀφθαλμός</span> <span class='ocrx_word' id='word_1_502' title='bbox 3752 2509 3876 2548; x_wconf 86' lang='grc' dir='ltr'>σου</span> 
     </span>
    </p>
   </div>
   <div class='ocr_carea' id='block_1_67' title="bbox 2284 2577 3869 2655">
    <p class='ocr_par' dir='ltr' id='par_1_67' title="bbox 2284 2577 3869 2655">
     <span class='ocr_line' id='line_1_67' title="bbox 2284 2577 3869 2655; baseline 0.001 -21"><span class='ocrx_word' id='word_1_503' title='bbox 2284 2581 2522 2649; x_wconf 71' lang='grc' dir='ltr'>ἁπλοῦς</span> <span class='ocrx_word' id='word_1_504' title='bbox 2549 2577 2610 2655; x_wconf 77' lang='grc' dir='ltr'>ᾖ,</span> <span class='ocrx_word' id='word_1_505' title='bbox 2642 2584 2792 2638; x_wconf 76' lang='grc' dir='ltr'>ὅλον</span> <span class='ocrx_word' id='word_1_506' title='bbox 2818 2583 2886 2638; x_wconf 83' lang='grc' dir='ltr'>τὸ</span> <span class='ocrx_word' id='word_1_507' title='bbox 2920 2583 3094 2653; x_wconf 76' lang='grc' dir='ltr'>σῶμά</span> <span class='ocrx_word' id='word_1_508' title='bbox 3126 2598 3246 2638; x_wconf 74' lang='grc' dir='ltr'><strong>σου</strong></span> <span class='ocrx_word' id='word_1_509' title='bbox 3275 2585 3570 2653; x_wconf 74' lang='grc' dir='ltr'><strong>φωτεινόν</strong></span> <span class='ocrx_word' id='word_1_510' title='bbox 3614 2584 3811 2640; x_wconf 75' lang='grc' dir='ltr'>ἔσται.</span> <span class='ocrx_word' id='word_1_511' title='bbox 3848 2604 3869 2636; x_wconf 73' lang='grc' dir='ltr'><strong>ι</strong></span> 
     </span>
    </p>
   </div>
   <div class='ocr_carea' id='block_1_68' title="bbox 2284 2671 3876 2746">
    <p class='ocr_par' dir='ltr' id='par_1_68' title="bbox 2284 2671 3876 2746">
     <span class='ocr_line' id='line_1_68' title="bbox 2284 2671 3876 2746; baseline 0.002 -20"><span class='ocrx_word' id='word_1_512' title='bbox 2284 2671 2396 2726; x_wconf 77' lang='grc' dir='ltr'><strong>Καὶ</strong></span> <span class='ocrx_word' id='word_1_513' title='bbox 2447 2673 2566 2743; x_wconf 85' lang='grc' dir='ltr'>μετ’</span> <span class='ocrx_word' id='word_1_514' title='bbox 2601 2674 2796 2742; x_wconf 75' lang='grc' dir='ltr'>ὀλίγαο</span> <span class='ocrx_word' id='word_1_515' title='bbox 2846 2693 2867 2728; x_wconf 76' lang='grc' dir='ltr'><strong>ι</strong></span> <span class='ocrx_word' id='word_1_516' title='bbox 2896 2675 3104 2746; x_wconf 76' lang='grc' dir='ltr'>Μηδεὶς</span> <span class='ocrx_word' id='word_1_517' title='bbox 3162 2675 3308 2746; x_wconf 77' lang='grc' dir='ltr'>ὑμᾶς</span> <span class='ocrx_word' id='word_1_518' title='bbox 3367 2673 3688 2746; x_wconf 76' lang='grc' dir='ltr'><strong>ἐξαπατήσῃ</strong></span> <span class='ocrx_word' id='word_1_519' title='bbox 3728 2677 3876 2730; x_wconf 78' lang='grc' dir='ltr'>κατὰ</span> 
     </span>
    </p>
   </div>
   <div class='ocr_carea' id='block_1_69' title="bbox 2289 2763 3876 2838">
    <p class='ocr_par' dir='ltr' id='par_1_69' title="bbox 2289 2763 3876 2838">
     <span class='ocr_line' id='line_1_69' title="bbox 2289 2763 3876 2838; baseline 0.003 -21"><span class='ocrx_word' id='word_1_520' title='bbox 2289 2763 2494 2836; x_wconf 78' lang='grc' dir='ltr'>μηδένα</span> <span class='ocrx_word' id='word_1_521' title='bbox 2523 2765 2749 2838; x_wconf 77' lang='grc' dir='ltr'>τρόπον,</span> <span class='ocrx_word' id='word_1_522' title='bbox 2785 2766 2992 2830; x_wconf 87' lang='grc' dir='ltr'>ταύτας</span> <span class='ocrx_word' id='word_1_523' title='bbox 3020 2767 3077 2821; x_wconf 85' lang='grc' dir='ltr'>δὲ</span> <span class='ocrx_word' id='word_1_524' title='bbox 3103 2767 3205 2831; x_wconf 81' lang='grc' dir='ltr'>τὰς</span> <span class='ocrx_word' id='word_1_525' title='bbox 3254 2767 3596 2836; x_wconf 77' lang='grc' dir='ltr'>ἐπαγγελίας</span> <span class='ocrx_word' id='word_1_526' title='bbox 3654 2767 3876 2838; x_wconf 79' lang='grc' dir='ltr'>ἔχοντες</span> 
     </span>
    </p>
   </div>
   <div class='ocr_carea' id='block_1_70' title="bbox 2286 2857 3880 2932">
    <p class='ocr_par' dir='ltr' id='par_1_70' title="bbox 2286 2857 3880 2932">
     <span class='ocr_line' id='line_1_70' title="bbox 2286 2857 3880 2932; baseline 0.003 -21"><span class='ocrx_word' id='word_1_527' title='bbox 2286 2859 2439 2930; x_wconf 84' lang='grc' dir='ltr'>παρὰ</span> <span class='ocrx_word' id='word_1_528' title='bbox 2457 2858 2592 2912; x_wconf 84' lang='grc' dir='ltr'>Θεοῦ</span> <span class='ocrx_word' id='word_1_529' title='bbox 2608 2858 2886 2932; x_wconf 74' lang='grc' dir='ltr'>θαρσεῖτε.</span> <span class='ocrx_word' id='word_1_530' title='bbox 2916 2859 3112 2932; x_wconf 83' lang='grc' dir='ltr'>Ἡμεῖς</span> <span class='ocrx_word' id='word_1_531' title='bbox 3136 2857 3246 2932; x_wconf 79' lang='grc' dir='ltr'><strong>γὰρ</strong></span> <span class='ocrx_word' id='word_1_532' title='bbox 3260 2861 3619 2932; x_wconf 81' lang='grc' dir='ltr'>πεπεισμένοι</span> <span class='ocrx_word' id='word_1_533' title='bbox 3638 2861 3794 2926; x_wconf 78' lang='grc' dir='ltr'>ὄντες</span> <span class='ocrx_word' id='word_1_534' title='bbox 3816 2864 3880 2916; x_wconf 83' lang='grc' dir='ltr'><strong>έν</strong></span> 
     </span>
    </p>
   </div>
   <div class='ocr_carea' id='block_1_71' title="bbox 2283 2949 3875 3026">
    <p class='ocr_par' dir='ltr' id='par_1_71' title="bbox 2283 2949 3875 3026">
     <span class='ocr_line' id='line_1_71' title="bbox 2283 2949 3875 3026; baseline 0.002 -22"><span class='ocrx_word' id='word_1_535' title='bbox 2283 2953 2408 3026; x_wconf 59' lang='grc' dir='ltr'>ταῖς</span> <span class='ocrx_word' id='word_1_536' title='bbox 2437 2949 2686 3022; x_wconf 85' lang='grc' dir='ltr'>καρδίαις</span> <span class='ocrx_word' id='word_1_537' title='bbox 2715 2951 2874 3022; x_wconf 81' lang='grc' dir='ltr'>ἡμῶν</span> <span class='ocrx_word' id='word_1_538' title='bbox 2901 2952 3225 3023; x_wconf 80' lang='grc' dir='ltr'>ἐγράψαμεν</span> <span class='ocrx_word' id='word_1_539' title='bbox 3255 2952 3406 3024; x_wconf 75' lang='grc' dir='ltr'>ὑμῖν,</span> <span class='ocrx_word' id='word_1_540' title='bbox 3433 2952 3514 3006; x_wconf 80' lang='grc' dir='ltr'>ὅτι</span> <span class='ocrx_word' id='word_1_541' title='bbox 3547 2953 3578 3005; x_wconf 91' lang='lat'><strong>6</strong></span> <span class='ocrx_word' id='word_1_542' title='bbox 3616 2953 3875 3026; x_wconf 74' lang='grc' dir='ltr'>θυρωρὸς</span> 
     </span>
    </p>
   </div>
   <div class='ocr_carea' id='block_1_72' title="bbox 2288 3042 3878 3117">
    <p class='ocr_par' dir='ltr' id='par_1_72' title="bbox 2288 3042 3878 3117">
     <span class='ocr_line' id='line_1_72' title="bbox 2288 3042 3878 3117; baseline 0.003 -21"><span class='ocrx_word' id='word_1_543' title='bbox 2288 3042 2388 3096; x_wconf 80' lang='grc' dir='ltr'>καὶ</span> <span class='ocrx_word' id='word_1_544' title='bbox 2414 3044 2442 3095; x_wconf 89' lang='lat'><strong>6</strong></span> <span class='ocrx_word' id='word_1_545' title='bbox 2473 3042 2682 3113; x_wconf 78' lang='grc' dir='ltr'>ποιμὴν</span> <span class='ocrx_word' id='word_1_546' title='bbox 2721 3044 2751 3096; x_wconf 89' lang='lat'><strong>6</strong></span> <span class='ocrx_word' id='word_1_547' title='bbox 2801 3042 2965 3107; x_wconf 78' lang='grc' dir='ltr'>καλὸς</span> <span class='ocrx_word' id='word_1_548' title='bbox 3008 3044 3104 3096; x_wconf 77' lang='grc' dir='ltr'>καὶ</span> <span class='ocrx_word' id='word_1_549' title='bbox 3132 3043 3327 3115; x_wconf 78' lang='grc' dir='ltr'>ὁδηγὺς</span> <span class='ocrx_word' id='word_1_550' title='bbox 3350 3043 3446 3097; x_wconf 83' lang='grc' dir='ltr'><strong>τοῦ</strong></span> <span class='ocrx_word' id='word_1_551' title='bbox 3493 3044 3749 3117; x_wconf 83' lang='grc' dir='ltr'>σώματος</span> <span class='ocrx_word' id='word_1_552' title='bbox 3777 3046 3878 3100; x_wconf 87' lang='grc' dir='ltr'><strong>τοῦ</strong></span> 
     </span>
    </p>
   </div>
   <div class='ocr_carea' id='block_1_73' title="bbox 2285 3133 3880 3210">
    <p class='ocr_par' dir='ltr' id='par_1_73' title="bbox 2285 3133 3880 3210">
     <span class='ocr_line' id='line_1_73' title="bbox 2285 3133 3880 3210; baseline 0.004 -23"><span class='ocrx_word' id='word_1_553' title='bbox 2285 3133 2546 3205; x_wconf 81' lang='grc' dir='ltr'>Χριστοῦ,</span> <span class='ocrx_word' id='word_1_554' title='bbox 2581 3135 2722 3188; x_wconf 79' lang='grc' dir='ltr'>καὶὸ</span> <span class='ocrx_word' id='word_1_555' title='bbox 2741 3133 2936 3206; x_wconf 82' lang='grc' dir='ltr'>λύχνος</span> <span class='ocrx_word' id='word_1_556' title='bbox 2967 3135 3062 3188; x_wconf 86' lang='grc' dir='ltr'><strong>τοῦ</strong></span> <span class='ocrx_word' id='word_1_557' title='bbox 3090 3136 3241 3189; x_wconf 83' lang='grc' dir='ltr'>οίκου</span> <span class='ocrx_word' id='word_1_558' title='bbox 3271 3136 3368 3190; x_wconf 84' lang='grc' dir='ltr'><strong>τοῦ</strong></span> <span class='ocrx_word' id='word_1_559' title='bbox 3397 3136 3557 3203; x_wconf 87' lang='grc' dir='ltr'>Θεοῦ,</span> <span class='ocrx_word' id='word_1_560' title='bbox 3601 3137 3714 3207; x_wconf 75' lang='grc' dir='ltr'><strong>ἐγώ</strong></span> <span class='ocrx_word' id='word_1_561' title='bbox 3757 3141 3880 3210; x_wconf 78' lang='grc' dir='ltr'>ειμι</span> 
     </span>
    </p>
   </div>
   <div class='ocr_carea' id='block_1_74' title="bbox 2288 3225 3882 3301">
    <p class='ocr_par' dir='ltr' id='par_1_74' title="bbox 2288 3225 3882 3301">
     <span class='ocr_line' id='line_1_74' title="bbox 2288 3225 3882 3301; baseline 0.003 -22"><span class='ocrx_word' id='word_1_562' title='bbox 2288 3227 2385 3280; x_wconf 77' lang='grc' dir='ltr'>καὶ</span> <span class='ocrx_word' id='word_1_563' title='bbox 2417 3225 2540 3298; x_wconf 81' lang='grc' dir='ltr'>μεθ’</span> <span class='ocrx_word' id='word_1_564' title='bbox 2571 3227 2728 3298; x_wconf 75' lang='grc' dir='ltr'>ὑμῶν</span> <span class='ocrx_word' id='word_1_565' title='bbox 2761 3228 2878 3298; x_wconf 82' lang='grc' dir='ltr'>είμι</span> <span class='ocrx_word' id='word_1_566' title='bbox 2903 3227 3085 3292; x_wconf 82' lang='grc' dir='ltr'>πάσας</span> <span class='ocrx_word' id='word_1_567' title='bbox 3105 3228 3205 3292; x_wconf 77' lang='grc' dir='ltr'><strong>τὰς</strong></span> <span class='ocrx_word' id='word_1_568' title='bbox 3227 3229 3440 3300; x_wconf 79' lang='grc' dir='ltr'>ὴμέρας</span> <span class='ocrx_word' id='word_1_569' title='bbox 3463 3231 3568 3294; x_wconf 71' lang='grc' dir='ltr'>ἕως</span> <span class='ocrx_word' id='word_1_570' title='bbox 3610 3231 3711 3301; x_wconf 81' lang='grc' dir='ltr'>τῆς</span> <span class='ocrx_word' id='word_1_571' title='bbox 3747 3249 3882 3284; x_wconf 77' lang='grc' dir='ltr'>συν-</span> 
     </span>
    </p>
   </div>
   <div class='ocr_carea' id='block_1_75' title="bbox 2286 3316 3882 3386">
    <p class='ocr_par' dir='ltr' id='par_1_75' title="bbox 2286 3316 3882 3386">
     <span class='ocr_line' id='line_1_75' title="bbox 2286 3316 3882 3386; baseline 0.004 -15"><span class='ocrx_word' id='word_1_572' title='bbox 2286 3318 2502 3383; x_wconf 83' lang='grc' dir='ltr'>τελείας</span> <span class='ocrx_word' id='word_1_573' title='bbox 2525 3318 2622 3372; x_wconf 85' lang='grc' dir='ltr'><strong>τοῦ</strong></span> <span class='ocrx_word' id='word_1_574' title='bbox 2646 3319 2870 3382; x_wconf 77' lang='grc' dir='ltr'>αἰῶνος.</span> <span class='ocrx_word' id='word_1_575' title='bbox 2903 3338 2925 3372; x_wconf 76' lang='grc' dir='ltr'><strong>ι</strong></span> <span class='ocrx_word' id='word_1_576' title='bbox 2953 3321 3123 3384; x_wconf 85' lang='grc' dir='ltr'>Ουτος</span> <span class='ocrx_word' id='word_1_577' title='bbox 3155 3316 3270 3386; x_wconf 84' lang='grc' dir='ltr'>οὖν,</span> <span class='ocrx_word' id='word_1_578' title='bbox 3295 3321 3340 3374; x_wconf 84' lang='grc' dir='ltr'>ὢ</span> <span class='ocrx_word' id='word_1_579' title='bbox 3387 3321 3441 3376; x_wconf 84' lang='grc' dir='ltr'><strong>τι</strong></span> <span class='ocrx_word' id='word_1_580' title='bbox 3482 3323 3548 3377; x_wconf 78' lang='grc' dir='ltr'>ἄν</span> <span class='ocrx_word' id='word_1_581' title='bbox 3576 3339 3662 3386; x_wconf 87' lang='grc' dir='ltr'><strong>τις</strong></span> <span class='ocrx_word' id='word_1_582' title='bbox 3706 3323 3882 3378; x_wconf 74' lang='grc' dir='ltr'>αὐτὸν</span> 
     </span>
    </p>
   </div>
   <div class='ocr_carea' id='block_1_76' title="bbox 2286 3407 3882 3482">
    <p class='ocr_par' dir='ltr' id='par_1_76' title="bbox 2286 3407 3882 3482">
     <span class='ocr_line' id='line_1_76' title="bbox 2286 3407 3882 3482; baseline 0.005 -20"><span class='ocrx_word' id='word_1_583' title='bbox 2286 3407 2458 3464; x_wconf 77' lang='grc' dir='ltr'>εἰπὼν</span> <span class='ocrx_word' id='word_1_584' title='bbox 2481 3409 2648 3476; x_wconf 78' lang='grc' dir='ltr'>ἀξίως</span> <span class='ocrx_word' id='word_1_585' title='bbox 2671 3409 2817 3464; x_wconf 76' lang='grc' dir='ltr'>εἴποι</span> <span class='ocrx_word' id='word_1_586' title='bbox 2838 3427 2854 3476; x_wconf 91' lang='lat'><strong>;</strong></span> <span class='ocrx_word' id='word_1_587' title='bbox 2875 3410 2990 3465; x_wconf 78' lang='grc' dir='ltr'>ἀλλ’</span> <span class='ocrx_word' id='word_1_588' title='bbox 3007 3407 3103 3466; x_wconf 86' lang='grc' dir='ltr'><strong>οῦν</strong></span> <span class='ocrx_word' id='word_1_589' title='bbox 3117 3415 3146 3466; x_wconf 90' lang='lat'><strong>6</strong></span> <span class='ocrx_word' id='word_1_590' title='bbox 3163 3414 3426 3478; x_wconf 80' lang='grc' dir='ltr'>κάκιστος</span> <span class='ocrx_word' id='word_1_591' title='bbox 3443 3414 3538 3468; x_wconf 79' lang='grc' dir='ltr'><strong>καὶ</strong></span> <span class='ocrx_word' id='word_1_592' title='bbox 3565 3415 3882 3482; x_wconf 77' lang='grc' dir='ltr'>ἁθεὼτατος</span> 
     </span>
    </p>
   </div>
   <div class='ocr_carea' id='block_1_77' title="bbox 2285 3500 3886 3577">
    <p class='ocr_par' dir='ltr' id='par_1_77' title="bbox 2285 3500 3886 3577">
     <span class='ocr_line' id='line_1_77' title="bbox 2285 3500 3886 3577; baseline 0.004 -21"><span class='ocrx_word' id='word_1_593' title='bbox 2285 3500 2600 3573; x_wconf 79' lang='grc' dir='ltr'>ἀνθρώπων</span> <span class='ocrx_word' id='word_1_594' title='bbox 2627 3501 2888 3570; x_wconf 76' lang='grc' dir='ltr'>ὑπεράνω</span> <span class='ocrx_word' id='word_1_595' title='bbox 2919 3504 3103 3576; x_wconf 81' lang='grc' dir='ltr'>φέρων</span> <span class='ocrx_word' id='word_1_596' title='bbox 3134 3505 3330 3558; x_wconf 77' lang='grc' dir='ltr'>ἑαυτὸν</span> <span class='ocrx_word' id='word_1_597' title='bbox 3350 3506 3447 3559; x_wconf 79' lang='grc' dir='ltr'>καὶ</span> <span class='ocrx_word' id='word_1_598' title='bbox 3482 3506 3656 3577; x_wconf 74' lang='grc' dir='ltr'>ὑψῶν,</span> <span class='ocrx_word' id='word_1_599' title='bbox 3716 3504 3886 3574; x_wconf 77' lang='grc' dir='ltr'>ἀξίαν</span> 
     </span>
    </p>
   </div>
   <div class='ocr_carea' id='block_1_78' title="bbox 2287 3595 3884 3668">
    <p class='ocr_par' dir='ltr' id='par_1_78' title="bbox 2287 3595 3884 3668">
     <span class='ocr_line' id='line_1_78' title="bbox 2287 3595 3884 3668; baseline 0.005 -20"><span class='ocrx_word' id='word_1_600' title='bbox 2287 3595 2389 3665; x_wconf 78' lang='grc' dir='ltr'>μὲν</span> <span class='ocrx_word' id='word_1_601' title='bbox 2419 3595 2557 3667; x_wconf 88' lang='grc'>(57),</span> <span class='ocrx_word' id='word_1_602' title='bbox 2593 3595 2672 3660; x_wconf 87' lang='grc' dir='ltr'>ὡς</span> <span class='ocrx_word' id='word_1_603' title='bbox 2729 3595 2962 3668; x_wconf 75' lang='grc' dir='ltr'>ὕστερον</span> <span class='ocrx_word' id='word_1_604' title='bbox 3008 3597 3406 3668; x_wconf 79' lang='grc' dir='ltr'>δηλωθήσεται,</span> <span class='ocrx_word' id='word_1_605' title='bbox 3455 3600 3665 3654; x_wconf 80' lang='grc' dir='ltr'>πτῶσιν</span> <span class='ocrx_word' id='word_1_606' title='bbox 3739 3619 3884 3656; x_wconf 82' lang='grc' dir='ltr'>κατ·-</span> 
     </span>
    </p>
   </div>
   <div class='ocr_carea' id='block_1_79' title="bbox 2284 3683 3880 3759">
    <p class='ocr_par' dir='ltr' id='par_1_79' title="bbox 2284 3683 3880 3759">
     <span class='ocr_line' id='line_1_79' title="bbox 2284 3683 3880 3759; baseline 0.005 -21"><span class='ocrx_word' id='word_1_607' title='bbox 2284 3686 2487 3758; x_wconf 81' lang='grc' dir='ltr'>ηνέχθη</span> <span class='ocrx_word' id='word_1_608' title='bbox 2509 3703 2524 3718; x_wconf 79' lang='grc' dir='ltr'><strong><em>ο</em></strong></span> <span class='ocrx_word' id='word_1_609' title='bbox 2552 3687 2755 3756; x_wconf 82' lang='grc' dir='ltr'>γράφει</span> <span class='ocrx_word' id='word_1_610' title='bbox 2779 3688 2826 3740; x_wconf 82' lang='grc' dir='ltr'>δ’</span> <span class='ocrx_word' id='word_1_611' title='bbox 2850 3683 2946 3742; x_wconf 84' lang='grc' dir='ltr'><strong>οὗν</strong></span> <span class='ocrx_word' id='word_1_612' title='bbox 2973 3688 3068 3741; x_wconf 78' lang='grc' dir='ltr'>καὶ</span> <span class='ocrx_word' id='word_1_613' title='bbox 3097 3687 3236 3759; x_wconf 80' lang='grc' dir='ltr'>πρὸς</span> <span class='ocrx_word' id='word_1_614' title='bbox 3263 3687 3473 3742; x_wconf 76' lang='grc' dir='ltr'>Λέοντα</span> <span class='ocrx_word' id='word_1_615' title='bbox 3492 3707 3618 3745; x_wconf 86' lang='grc' dir='ltr'>τινα</span> <span class='ocrx_word' id='word_1_616' title='bbox 3652 3692 3880 3747; x_wconf 81' lang='grc' dir='ltr'>Μοντα-</span> 
     </span>
    </p>
   </div>
   <div class='ocr_carea' id='block_1_80' title="bbox 2283 3777 3882 3855">
    <p class='ocr_par' dir='ltr' id='par_1_80' title="bbox 2283 3777 3882 3855">
     <span class='ocr_line' id='line_1_80' title="bbox 2283 3777 3882 3855; baseline 0.004 -23"><span class='ocrx_word' id='word_1_617' title='bbox 2283 3778 2374 3832; x_wconf 85' lang='grc' dir='ltr'>νόν</span> <span class='ocrx_word' id='word_1_618' title='bbox 2393 3777 2538 3848; x_wconf 86' lang='grc'>(58)·</span> <span class='ocrx_word' id='word_1_619' title='bbox 2576 3796 2595 3830; x_wconf 84' lang='grc'><strong><em>‹</em></strong></span> <span class='ocrx_word' id='word_1_620' title='bbox 2615 3779 2688 3833; x_wconf 83' lang='grc' dir='ltr'><strong>Σὺ</strong></span> <span class='ocrx_word' id='word_1_621' title='bbox 2734 3779 2793 3834; x_wconf 82' lang='grc' dir='ltr'>δὲ</span> <span class='ocrx_word' id='word_1_622' title='bbox 2821 3778 3061 3851; x_wconf 70' lang='grc' dir='ltr'>τήρησον</span> <span class='ocrx_word' id='word_1_623' title='bbox 3094 3779 3325 3834; x_wconf 78' lang='grc' dir='ltr'>σεαυτὸν</span> <span class='ocrx_word' id='word_1_624' title='bbox 3344 3819 3359 3846; x_wconf 89' lang='grc'><strong>,</strong></span> <span class='ocrx_word' id='word_1_625' title='bbox 3397 3781 3545 3845; x_wconf 80' lang='grc' dir='ltr'>ἔνδος</span> <span class='ocrx_word' id='word_1_626' title='bbox 3569 3782 3629 3835; x_wconf 79' lang='grc' dir='ltr'>τὸ</span> <span class='ocrx_word' id='word_1_627' title='bbox 3655 3784 3882 3855; x_wconf 76' lang='grc' dir='ltr'>τέμνειν</span> 
     </span>
    </p>
   </div>
   <div class='ocr_carea' id='block_1_81' title="bbox 2284 3869 3882 3949">
    <p class='ocr_par' dir='ltr' id='par_1_81' title="bbox 2284 3869 3882 3949">
     <span class='ocr_line' id='line_1_81' title="bbox 2284 3869 3882 3949; baseline 0.004 -25"><span class='ocrx_word' id='word_1_628' title='bbox 2284 3869 2384 3942; x_wconf 79' lang='grc' dir='ltr'>τὴν</span> <span class='ocrx_word' id='word_1_629' title='bbox 2417 3870 2615 3941; x_wconf 81' lang='grc' dir='ltr'>ἀκλινῆ</span> <span class='ocrx_word' id='word_1_630' title='bbox 2647 3871 2833 3926; x_wconf 87' lang='grc' dir='ltr'>πίστιν</span> <span class='ocrx_word' id='word_1_631' title='bbox 2855 3887 2870 3903; x_wconf 86' lang='grc'><strong>·</strong></span> <span class='ocrx_word' id='word_1_632' title='bbox 2899 3872 3024 3926; x_wconf 86' lang='grc' dir='ltr'>τινα</span> <span class='ocrx_word' id='word_1_633' title='bbox 3048 3872 3160 3945; x_wconf 86' lang='grc'>(59)</span> <span class='ocrx_word' id='word_1_634' title='bbox 3203 3874 3315 3946; x_wconf 82' lang='grc' dir='ltr'>γὰρ</span> <span class='ocrx_word' id='word_1_635' title='bbox 3346 3875 3687 3947; x_wconf 78' lang='grc' dir='ltr'>κατηγορίαν</span> <span class='ocrx_word' id='word_1_636' title='bbox 3731 3876 3882 3949; x_wconf 75' lang='grc' dir='ltr'>ἔχεις</span> 
     </span>
    </p>
   </div>
   <div class='ocr_carea' id='block_1_82' title="bbox 2283 3960 3879 4039">
    <p class='ocr_par' dir='ltr' id='par_1_82' title="bbox 2283 3960 3879 4039">
     <span class='ocr_line' id='line_1_82' title="bbox 2283 3960 3879 4039; baseline 0.004 -24"><span class='ocrx_word' id='word_1_637' title='bbox 2283 3960 2410 4015; x_wconf 84' lang='grc' dir='ltr'>καθ’</span> <span class='ocrx_word' id='word_1_638' title='bbox 2451 3960 2654 4032; x_wconf 79' lang='grc' dir='ltr'><strong>ήμῶν;</strong></span> <span class='ocrx_word' id='word_1_639' title='bbox 2705 3963 2779 4034; x_wconf 81' lang='grc' dir='ltr'>μή</span> <span class='ocrx_word' id='word_1_640' title='bbox 2829 3979 2953 4016; x_wconf 88' lang='grc' dir='ltr'>τινα</span> <span class='ocrx_word' id='word_1_641' title='bbox 2978 3964 3408 4036; x_wconf 80' lang='grc' dir='ltr'>ἐπλεονέκτησα,</span> <span class='ocrx_word' id='word_1_642' title='bbox 3467 3965 3500 4037; x_wconf 83' lang='grc' dir='ltr'>ἦ</span> <span class='ocrx_word' id='word_1_643' title='bbox 3559 3965 3879 4039; x_wconf 77' lang='grc' dir='ltr'>ὑψηλοφρό-</span> 
     </span>
    </p>
   </div>
   <div class='ocr_carea' id='block_1_83' title="bbox 2285 4052 3881 4133">
    <p class='ocr_par' dir='ltr' id='par_1_83' title="bbox 2285 4052 3881 4133">
     <span class='ocr_line' id='line_1_83' title="bbox 2285 4052 3881 4133; baseline 0.001 -25"><span class='ocrx_word' id='word_1_644' title='bbox 2285 4067 2456 4123; x_wconf 85' lang='grc' dir='ltr'>νησα;</span> <span class='ocrx_word' id='word_1_645' title='bbox 2504 4052 2565 4106; x_wconf 81' lang='grc' dir='ltr'>οὐ</span> <span class='ocrx_word' id='word_1_646' title='bbox 2615 4052 2843 4109; x_wconf 85' lang='grc' dir='ltr'>δύνασαι</span> <span class='ocrx_word' id='word_1_647' title='bbox 2898 4057 3012 4126; x_wconf 71' lang='grc'>(40)</span> <span class='ocrx_word' id='word_1_648' title='bbox 3063 4059 3260 4110; x_wconf 82' lang='grc' dir='ltr'>εἰπεῖν.</span> <span class='ocrx_word' id='word_1_649' title='bbox 3290 4057 3353 4111; x_wconf 83' lang='lat' dir='ltr'><strong>Ei</strong></span> <span class='ocrx_word' id='word_1_650' title='bbox 3399 4057 3458 4110; x_wconf 80' lang='grc' dir='ltr'>δὲ</span> <span class='ocrx_word' id='word_1_651' title='bbox 3494 4059 3588 4113; x_wconf 75' lang='grc' dir='ltr'>καὶ</span> <span class='ocrx_word' id='word_1_652' title='bbox 3625 4060 3809 4132; x_wconf 78' lang='grc' dir='ltr'>εἴπης,</span> <span class='ocrx_word' id='word_1_653' title='bbox 3843 4065 3881 4133; x_wconf 72' lang='grc' dir='ltr'><strong>η</strong></span> 
     </span>
    </p>
   </div>
   <div class='ocr_carea' id='block_1_84' title="bbox 2291 4146 3884 4224">
    <p class='ocr_par' dir='ltr' id='par_1_84' title="bbox 2291 4146 3884 4224">
     <span class='ocr_line' id='line_1_84' title="bbox 2291 4146 3884 4224; baseline 0.007 -26"><span class='ocrx_word' id='word_1_654' title='bbox 2291 4146 2572 4217; x_wconf 86' lang='grc' dir='ltr'>μαρτυρία</span> <span class='ocrx_word' id='word_1_655' title='bbox 2592 4163 2686 4199; x_wconf 87' lang='grc' dir='ltr'><strong>σου</strong></span> <span class='ocrx_word' id='word_1_656' title='bbox 2715 4149 2818 4200; x_wconf 79' lang='grc' dir='ltr'>οὐκ</span> <span class='ocrx_word' id='word_1_657' title='bbox 2855 4148 3004 4204; x_wconf 68' lang='grc' dir='ltr'>ἐστιν</span> <span class='ocrx_word' id='word_1_658' title='bbox 3025 4149 3234 4222; x_wconf 82' lang='grc' dir='ltr'>ἀληθής</span> <span class='ocrx_word' id='word_1_659' title='bbox 3254 4166 3268 4182; x_wconf 87' lang='grc'><strong>·</strong></span> <span class='ocrx_word' id='word_1_660' title='bbox 3315 4151 3439 4222; x_wconf 68' lang='grc' dir='ltr'>ἐμοὶ</span> <span class='ocrx_word' id='word_1_661' title='bbox 3467 4151 3522 4206; x_wconf 75' lang='grc' dir='ltr'>δὲ</span> <span class='ocrx_word' id='word_1_662' title='bbox 3552 4152 3628 4224; x_wconf 78' lang='grc' dir='ltr'>μὴ</span> <span class='ocrx_word' id='word_1_663' title='bbox 3661 4154 3884 4223; x_wconf 80' lang='grc' dir='ltr'>γένοιτο</span> 
     </span>
    </p>
   </div>
   <div class='ocr_carea' id='block_1_85' title="bbox 2293 4235 3880 4314">
    <p class='ocr_par' dir='ltr' id='par_1_85' title="bbox 2293 4235 3880 4314">
     <span class='ocr_line' id='line_1_85' title="bbox 2293 4235 3880 4314; baseline 0.008 -26"><span class='ocrx_word' id='word_1_664' title='bbox 2293 4235 2528 4307; x_wconf 79' lang='grc' dir='ltr'>μισῆσαι</span> <span class='ocrx_word' id='word_1_665' title='bbox 2556 4253 2616 4290; x_wconf 84' lang='grc' dir='ltr'><strong>σε</strong></span> <span class='ocrx_word' id='word_1_666' title='bbox 2636 4252 2650 4266; x_wconf 83' lang='lat'><strong><em>°</em></strong></span> <span class='ocrx_word' id='word_1_667' title='bbox 2682 4236 2824 4292; x_wconf 74' lang='grc' dir='ltr'>ἀλλὰ</span> <span class='ocrx_word' id='word_1_668' title='bbox 2855 4240 3241 4310; x_wconf 81' lang='grc' dir='ltr'>παρακαλέσαι</span> <span class='ocrx_word' id='word_1_669' title='bbox 3263 4240 3381 4314; x_wconf 76' lang='grc'>(41)</span> <span class='ocrx_word' id='word_1_670' title='bbox 3418 4242 3496 4305; x_wconf 85' lang='grc' dir='ltr'>ὡς</span> <span class='ocrx_word' id='word_1_671' title='bbox 3545 4243 3712 4311; x_wconf 70' lang='grc' dir='ltr'>ἐδέξω</span> <span class='ocrx_word' id='word_1_672' title='bbox 3735 4246 3880 4300; x_wconf 79' lang='grc' dir='ltr'>ἀπο-</span> 
     </span>
    </p>
   </div>
   <div class='ocr_carea' id='block_1_86' title="bbox 1733 4414 2786 4501">
    <p class='ocr_par' dir='ltr' id='par_1_86' title="bbox 1733 4414 2786 4501">
     <span class='ocr_line' id='line_1_86' title="bbox 1733 4414 2786 4501; baseline 0.003 -3"><span class='ocrx_word' id='word_1_673' title='bbox 1733 4414 1965 4498; x_wconf 53' lang='grc' dir='ltr'>νΑιιιὶ</span> <span class='ocrx_word' id='word_1_674' title='bbox 2005 4441 2388 4499; x_wconf 80' lang='lat' dir='ltr'><strong>LECTIONES</strong></span> <span class='ocrx_word' id='word_1_675' title='bbox 2423 4443 2512 4499; x_wconf 88' lang='lat' dir='ltr'><strong>ET</strong></span> <span class='ocrx_word' id='word_1_676' title='bbox 2549 4443 2786 4501; x_wconf 59' lang='lat' dir='ltr'><strong>norm.</strong></span> 
     </span>
    </p>
   </div>
   <div class='ocr_carea' id='block_1_87' title="bbox 672 4557 2260 4632">
    <p class='ocr_par' dir='ltr' id='par_1_87' title="bbox 672 4557 2260 4632">
     <span class='ocr_line' id='line_1_87' title="bbox 672 4557 2260 4632; baseline -0.004 -17"><span class='ocrx_word' id='word_1_677' title='bbox 672 4561 788 4632; x_wconf 75' lang='grc'>(52)</span> <span class='ocrx_word' id='word_1_678' title='bbox 828 4557 900 4614; x_wconf 83' lang='grc' dir='ltr'><em>Ἠ</em></span> <span class='ocrx_word' id='word_1_679' title='bbox 919 4557 1077 4632; x_wconf 61' lang='grc' dir='ltr'><strong>νῦν.Δ</strong></span> <span class='ocrx_word' id='word_1_680' title='bbox 1101 4558 1300 4632; x_wconf 78' lang='lat' dir='ltr'><strong>Noster</strong></span> <span class='ocrx_word' id='word_1_681' title='bbox 1323 4566 1472 4612; x_wconf 90' lang='lat' dir='ltr'><strong>recte</strong></span> <span class='ocrx_word' id='word_1_682' title='bbox 1501 4557 1670 4611; x_wconf 89' lang='lat' dir='ltr'><strong>habet</strong></span> <span class='ocrx_word' id='word_1_683' title='bbox 1707 4572 1808 4626; x_wconf 91' lang='lat' dir='ltr'><strong>pro</strong></span> <span class='ocrx_word' id='word_1_684' title='bbox 1861 4557 2043 4627; x_wconf 79' lang='grc' dir='ltr'>ἡμῶν.</span> <span class='ocrx_word' id='word_1_685' title='bbox 2069 4559 2181 4632; x_wconf 85' lang='lat' dir='ltr'><strong>_ln-</strong></span> <span class='ocrx_word' id='word_1_686' title='bbox 2215 4570 2260 4626; x_wconf 75' lang='grc' dir='ltr'>ι)</span> 
     </span>
    </p>
   </div>
   <div class='ocr_carea' id='block_1_88' title="bbox 2359 4557 3872 4642">
    <p class='ocr_par' dir='ltr' id='par_1_88' title="bbox 2359 4557 3872 4642">
     <span class='ocr_line' id='line_1_88' title="bbox 2359 4557 3872 4642; baseline 0.01 -31"><span class='ocrx_word' id='word_1_687' title='bbox 2359 4557 2834 4642; x_wconf 28' lang='grc' dir='ltr'><strong>(56)ΔΤοῦωάγῖίρυ</strong></span> <span class='ocrx_word' id='word_1_688' title='bbox 2899 4563 3270 4642; x_wconf 66' lang='grc' dir='ltr'>Πνεύματος.</span> <span class='ocrx_word' id='word_1_689' title='bbox 3325 4565 3712 4642; x_wconf 71' lang='lat' dir='ltr'><strong>Eumscilicet</strong></span> <span class='ocrx_word' id='word_1_690' title='bbox 3765 4587 3872 4642; x_wconf 85' lang='lat' dir='ltr'><strong>ap-</strong></span> 
     </span>
    </p>
   </div>
   <div class='ocr_carea' id='block_1_89' title="bbox 592 4620 3873 4711">
    <p class='ocr_par' dir='ltr' id='par_1_89' title="bbox 592 4620 3873 4711">
     <span class='ocr_line' id='line_1_89' title="bbox 592 4620 3873 4711; baseline 0 -27"><span class='ocrx_word' id='word_1_691' title='bbox 592 4620 938 4711; x_wconf 52' lang='lat' dir='ltr'><strong>nuere&#39;enim</strong></span> <span class='ocrx_word' id='word_1_692' title='bbox 991 4629 1110 4709; x_wconf 73' lang='lat' dir='ltr'><strong>vult</strong></span> <span class='ocrx_word' id='word_1_693' title='bbox 1159 4627 1374 4711; x_wconf 79' lang='lat' dir='ltr'><strong>_Noster,</strong></span> <span class='ocrx_word' id='word_1_694' title='bbox 1424 4643 1565 4711; x_wconf 66' lang='lat' dir='ltr'><strong>eam,</strong></span> <span class='ocrx_word' id='word_1_695' title='bbox 1603 4620 1725 4711; x_wconf 50' lang='lat' dir='ltr'><strong>qua:-</strong></span> <span class='ocrx_word' id='word_1_696' title='bbox 1778 4620 1918 4709; x_wconf 68' lang='lat' dir='ltr'><strong>cum</strong></span> <span class='ocrx_word' id='word_1_697' title='bbox 1942 4627 2178 4711; x_wconf 60' lang='lat' dir='ltr'><strong>maxime</strong></span> <span class='ocrx_word' id='word_1_698' title='bbox 2215 4620 2248 4626; x_wconf 72' lang='grc'><em>”</em></span> <span class='ocrx_word' id='word_1_699' title='bbox 2289 4620 2582 4711; x_wconf 51' lang='grc' dir='ltr'><strong>ροῐιιιιίιιεε.ζ</strong></span> <span class='ocrx_word' id='word_1_700' title='bbox 2613 4620 2909 4711; x_wconf 73' lang='lat' dir='ltr'><strong>Tyéhicnm</strong></span> <span class='ocrx_word' id='word_1_701' title='bbox 2947 4620 3355 4711; x_wconf 54' lang='lat' dir='ltr'><strong>volebant:qoi</strong></span> <span class='ocrx_word' id='word_1_702' title='bbox 3381 4620 3388 4621; x_wconf 17' lang='grc' dir='ltr'><strong>ί</strong></span> <span class='ocrx_word' id='word_1_703' title='bbox 3412 4620 3873 4711; x_wconf 56' lang='lat' dir='ltr'><strong>seipéiiiﬁ&#39;spiﬁ-</strong></span> 
     </span>
    </p>
   </div>
   <div class='ocr_carea' id='block_1_90' title="bbox 592 4698 2179 4769">
    <p class='ocr_par' dir='ltr' id='par_1_90' title="bbox 592 4698 2179 4769">
     <span class='ocr_line' id='line_1_90' title="bbox 592 4698 2179 4769; baseline -0.001 -14"><span class='ocrx_word' id='word_1_704' title='bbox 592 4703 859 4767; x_wconf 86' lang='lat' dir='ltr'><strong>obtineat,</strong></span> <span class='ocrx_word' id='word_1_705' title='bbox 885 4700 1108 4769; x_wconf 86' lang='lat' dir='ltr'><strong>impiam</strong></span> <span class='ocrx_word' id='word_1_706' title='bbox 1139 4699 1446 4754; x_wconf 88' lang='lat' dir='ltr'><strong>doctrinam</strong></span> <span class='ocrx_word' id='word_1_707' title='bbox 1475 4698 1618 4752; x_wconf 88' lang='lat' dir='ltr'><strong>illius</strong></span> <span class='ocrx_word' id='word_1_708' title='bbox 1649 4698 1888 4752; x_wconf 86' lang='lat' dir='ltr'><strong>hominis</strong></span> <span class='ocrx_word' id='word_1_709' title='bbox 1920 4714 2042 4754; x_wconf 85' lang='lat' dir='ltr'><strong>esse</strong></span> <span class='ocrx_word' id='word_1_710' title='bbox 2095 4698 2179 4755; x_wconf 71' lang='lat' dir='ltr'><strong>Ie-</strong></span> 
     </span>
    </p>
   </div>
   <div class='ocr_carea' id='block_1_91' title="bbox 593 4783 1202 4827">
    <p class='ocr_par' dir='ltr' id='par_1_91' title="bbox 593 4783 1202 4827">
     <span class='ocr_line' id='line_1_91' title="bbox 593 4783 1202 4827; baseline -0.007 0"><span class='ocrx_word' id='word_1_711' title='bbox 593 4783 733 4827; x_wconf 82' lang='lat' dir='ltr'><strong>tum.</strong></span> <span class='ocrx_word' id='word_1_712' title='bbox 1197 4809 1202 4823; x_wconf 90' lang='lat'><strong>.</strong></span> 
     </span>
    </p>
   </div>
   <div class='ocr_carea' id='block_1_92' title="bbox 666 4835 2176 4911">
    <p class='ocr_par' dir='ltr' id='par_1_92' title="bbox 666 4835 2176 4911">
     <span class='ocr_line' id='line_1_92' title="bbox 666 4835 2176 4911; baseline -0.003 -15"><span class='ocrx_word' id='word_1_713' title='bbox 666 4843 776 4911; x_wconf 77' lang='grc'>(53)</span> <span class='ocrx_word' id='word_1_714' title='bbox 804 4838 1248 4911; x_wconf 78' lang='grc' dir='ltr'>Παρευδοκιμεῒ.</span> <span class='ocrx_word' id='word_1_715' title='bbox 1278 4838 1393 4894; x_wconf 82' lang='lat' dir='ltr'><strong>Hoc</strong></span> <span class='ocrx_word' id='word_1_716' title='bbox 1426 4837 1568 4892; x_wconf 88' lang='lat' dir='ltr'><strong>malo</strong></span> <span class='ocrx_word' id='word_1_717' title='bbox 1593 4853 1716 4911; x_wconf 89' lang='lat' dir='ltr'><strong>cum</strong></span> <span class='ocrx_word' id='word_1_718' title='bbox 1743 4835 1942 4911; x_wconf 79' lang='lat' dir='ltr'><strong>Nostro</strong></span> <span class='ocrx_word' id='word_1_719' title='bbox 1965 4847 2018 4911; x_wconf 75' lang='lat' dir='ltr'><strong>et</strong></span> <span class='ocrx_word' id='word_1_720' title='bbox 2050 4837 2176 4911; x_wconf 75' lang='lat' dir='ltr'><strong>(lol-</strong></span> 
     </span>
    </p>
   </div>
   <div class='ocr_carea' id='block_1_93' title="bbox 592 4907 2176 4979">
    <p class='ocr_par' dir='ltr' id='par_1_93' title="bbox 592 4907 2176 4979">
     <span class='ocr_line' id='line_1_93' title="bbox 592 4907 2176 4979; baseline -0.004 -12"><span class='ocrx_word' id='word_1_721' title='bbox 592 4907 814 4967; x_wconf 79' lang='lat' dir='ltr'><strong>bertino</strong></span> <span class='ocrx_word' id='word_1_722' title='bbox 840 4927 937 4979; x_wconf 89' lang='lat' dir='ltr'><strong>pro</strong></span> <span class='ocrx_word' id='word_1_723' title='bbox 986 4907 1494 4978; x_wconf 70' lang='grc' dir='ltr'>παρενδοκιμεῐται,</span> <span class='ocrx_word' id='word_1_724' title='bbox 1540 4910 1684 4978; x_wconf 88' lang='lat' dir='ltr'><strong>quod</strong></span> <span class='ocrx_word' id='word_1_725' title='bbox 1719 4908 1941 4962; x_wconf 81' lang='lat' dir='ltr'><strong>exhibet</strong></span> <span class='ocrx_word' id='word_1_726' title='bbox 1983 4907 2176 4963; x_wconf 81' lang='lat' dir='ltr'><strong>Coisli-</strong></span> 
     </span>
    </p>
   </div>
   <div class='ocr_carea' id='block_1_94' title="bbox 591 4979 2174 5048">
    <p class='ocr_par' dir='ltr' id='par_1_94' title="bbox 591 4979 2174 5048">
     <span class='ocr_line' id='line_1_94' title="bbox 591 4979 2174 5048; baseline -0.002 -13"><span class='ocrx_word' id='word_1_727' title='bbox 591 4984 816 5036; x_wconf 84' lang='lat' dir='ltr'><strong>nianus.</strong></span> <span class='ocrx_word' id='word_1_728' title='bbox 853 4980 944 5034; x_wconf 83' lang='lat' dir='ltr'><strong>Sic</strong></span> <span class='ocrx_word' id='word_1_729' title='bbox 977 4980 1373 5048; x_wconf 80' lang='lat' dir='ltr'><strong>Aristophanes</strong></span> <span class='ocrx_word' id='word_1_730' title='bbox 1422 4979 1478 5032; x_wconf 89' lang='lat' dir='ltr'><strong>in</strong></span> <span class='ocrx_word' id='word_1_731' title='bbox 1521 4979 1811 5047; x_wconf 85' lang='lat' dir='ltr'><strong>Equitibus</strong></span> <span class='ocrx_word' id='word_1_732' title='bbox 1840 4995 1852 5029; x_wconf 90' lang='lat'><strong>:</strong></span> <span class='ocrx_word' id='word_1_733' title='bbox 1879 4979 2174 5048; x_wconf 10' lang='lat' dir='ltr'><strong>Vllapsu6o-</strong></span> 
     </span>
    </p>
   </div>
   <div class='ocr_carea' id='block_1_95' title="bbox 594 5047 2178 5122">
    <p class='ocr_par' dir='ltr' id='par_1_95' title="bbox 594 5047 2178 5122">
     <span class='ocr_line' id='line_1_95' title="bbox 594 5047 2178 5122; baseline -0.001 -18"><span class='ocrx_word' id='word_1_734' title='bbox 594 5055 751 5122; x_wconf 89' lang='grc' dir='ltr'><strong>κιμεί</strong></span> <span class='ocrx_word' id='word_1_735' title='bbox 771 5051 872 5121; x_wconf 85' lang='grc' dir='ltr'>τὴν</span> <span class='ocrx_word' id='word_1_736' title='bbox 899 5047 1190 5120; x_wconf 74' lang='grc' dir='ltr'>ἀκρίϐειαν</span> <span class='ocrx_word' id='word_1_737' title='bbox 1209 5050 1315 5103; x_wconf 83' lang='grc' dir='ltr'>τῶν</span> <span class='ocrx_word' id='word_1_738' title='bbox 1335 5050 1516 5120; x_wconf 80' lang='grc' dir='ltr'>ἔργων</span> <span class='ocrx_word' id='word_1_739' title='bbox 1538 5050 1570 5118; x_wconf 77' lang='grc' dir='ltr'>ἡ</span> <span class='ocrx_word' id='word_1_740' title='bbox 1595 5048 1696 5118; x_wconf 81' lang='grc' dir='ltr'>τῆς</span> <span class='ocrx_word' id='word_1_741' title='bbox 1722 5047 2030 5111; x_wconf 77' lang='grc' dir='ltr'>ὑποθέσεως</span> <span class='ocrx_word' id='word_1_742' title='bbox 2059 5067 2178 5103; x_wconf 87' lang='grc' dir='ltr'>και-</span> 
     </span>
    </p>
   </div>
   <div class='ocr_carea' id='block_1_96' title="bbox 587 5125 834 5176">
    <p class='ocr_par' dir='ltr' id='par_1_96' title="bbox 587 5125 834 5176">
     <span class='ocr_line' id='line_1_96' title="bbox 587 5125 834 5176; baseline -0.004 0"><span class='ocrx_word' id='word_1_743' title='bbox 587 5125 834 5176; x_wconf 71' lang='grc' dir='ltr'>νοτοιιία.</span> 
     </span>
    </p>
   </div>
   <div class='ocr_carea' id='block_1_97' title="bbox 666 5141 2172 5262">
    <p class='ocr_par' dir='ltr' id='par_1_97' title="bbox 666 5141 2172 5262">
     <span class='ocr_line' id='line_1_97' title="bbox 666 5141 2172 5262; baseline -0.003 -15"><span class='ocrx_word' id='word_1_744' title='bbox 666 5141 1257 5262; x_wconf 42' lang='grc' dir='ltr'><strong>(Ξέἱῗῖιὶντιτέχνους.</strong></span> <span class='ocrx_word' id='word_1_745' title='bbox 1314 5188 1550 5262; x_wconf 59' lang='grc' dir='ltr'>Αξηιιιιὶδ</span> <span class='ocrx_word' id='word_1_746' title='bbox 1588 5188 1726 5241; x_wconf 77' lang='lat' dir='ltr'><strong>verti</strong></span> <span class='ocrx_word' id='word_1_747' title='bbox 1754 5203 1854 5258; x_wconf 88' lang='lat' dir='ltr'><strong>pro</strong></span> <span class='ocrx_word' id='word_1_748' title='bbox 1904 5191 2172 5262; x_wconf 80' lang='lat' dir='ltr'><strong>oppositis.</strong></span> 
     </span>
    </p>
   </div>
   <div class='ocr_carea' id='block_1_98' title="bbox 604 5259 2174 5330">
    <p class='ocr_par' dir='ltr' id='par_1_98' title="bbox 604 5259 2174 5330">
     <span class='ocr_line' id='line_1_98' title="bbox 604 5259 2174 5330; baseline -0.001 -15"><span class='ocrx_word' id='word_1_749' title='bbox 604 5259 942 5330; x_wconf 77' lang='grc' dir='ltr'>Ἀντξτεχνος</span> <span class='ocrx_word' id='word_1_750' title='bbox 985 5259 1132 5314; x_wconf 84' lang='lat' dir='ltr'><strong>enim</strong></span> <span class='ocrx_word' id='word_1_751' title='bbox 1163 5259 1216 5312; x_wconf 88' lang='lat' dir='ltr'><strong>vi</strong></span> <span class='ocrx_word' id='word_1_752' title='bbox 1271 5260 1420 5313; x_wconf 86' lang='lat' dir='ltr'><strong>vocis</strong></span> <span class='ocrx_word' id='word_1_753' title='bbox 1446 5268 1502 5313; x_wconf 91' lang='lat' dir='ltr'><strong>et</strong></span> <span class='ocrx_word' id='word_1_754' title='bbox 1531 5275 1633 5313; x_wconf 88' lang='lat' dir='ltr'><strong>usu</strong></span> <span class='ocrx_word' id='word_1_755' title='bbox 1683 5275 1810 5312; x_wconf 88' lang='lat' dir='ltr'><strong>cum</strong></span> <span class='ocrx_word' id='word_1_756' title='bbox 1855 5269 2028 5320; x_wconf 84' lang='lat' dir='ltr'><strong>notat,</strong></span> <span class='ocrx_word' id='word_1_757' title='bbox 2082 5261 2174 5328; x_wconf 88' lang='lat' dir='ltr'><strong>qui</strong></span> 
     </span>
    </p>
   </div>
   <div class='ocr_carea' id='block_1_99' title="bbox 588 5330 2166 5394">
    <p class='ocr_par' dir='ltr' id='par_1_99' title="bbox 588 5330 2166 5394">
     <span class='ocr_line' id='line_1_99' title="bbox 588 5330 2166 5394; baseline -0.001 -8"><span class='ocrx_word' id='word_1_758' title='bbox 588 5333 841 5386; x_wconf 81' lang='lat' dir='ltr'><strong>eamdem</strong></span> <span class='ocrx_word' id='word_1_759' title='bbox 870 5348 991 5384; x_wconf 90' lang='lat' dir='ltr'><strong>cum</strong></span> <span class='ocrx_word' id='word_1_760' title='bbox 1027 5332 1200 5384; x_wconf 87' lang='lat' dir='ltr'><strong>altero</strong></span> <span class='ocrx_word' id='word_1_761' title='bbox 1229 5339 1398 5382; x_wconf 89' lang='lat' dir='ltr'><strong>artem</strong></span> <span class='ocrx_word' id='word_1_762' title='bbox 1427 5330 1572 5393; x_wconf 83' lang='lat' dir='ltr'><strong>facit,</strong></span> <span class='ocrx_word' id='word_1_763' title='bbox 1608 5330 1701 5382; x_wconf 86' lang='lat' dir='ltr'><strong>sed</strong></span> <span class='ocrx_word' id='word_1_764' title='bbox 1731 5331 1825 5394; x_wconf 83' lang='lat' dir='ltr'><strong>ita,</strong></span> <span class='ocrx_word' id='word_1_765' title='bbox 1852 5339 1910 5382; x_wconf 92' lang='lat' dir='ltr'><strong>ut</strong></span> <span class='ocrx_word' id='word_1_766' title='bbox 1938 5330 2166 5384; x_wconf 85' lang='lat' dir='ltr'><strong>alterum</strong></span> 
     </span>
    </p>
   </div>
   <div class='ocr_carea' id='block_1_100' title="bbox 590 5399 2174 5468">
    <p class='ocr_par' dir='ltr' id='par_1_100' title="bbox 590 5399 2174 5468">
     <span class='ocr_line' id='line_1_100' title="bbox 590 5399 2174 5468; baseline -0.003 -12"><span class='ocrx_word' id='word_1_767' title='bbox 590 5403 646 5458; x_wconf 88' lang='lat' dir='ltr'><strong>in</strong></span> <span class='ocrx_word' id='word_1_768' title='bbox 673 5403 854 5456; x_wconf 89' lang='lat' dir='ltr'><strong>studio</strong></span> <span class='ocrx_word' id='word_1_769' title='bbox 893 5405 1110 5454; x_wconf 87' lang='lat' dir='ltr'><strong>vincere</strong></span> <span class='ocrx_word' id='word_1_770' title='bbox 1135 5409 1387 5454; x_wconf 89' lang='lat' dir='ltr'><strong>conetur.</strong></span> <span class='ocrx_word' id='word_1_771' title='bbox 1416 5399 1525 5453; x_wconf 78' lang='lat' dir='ltr'><strong>Res</strong></span> <span class='ocrx_word' id='word_1_772' title='bbox 1559 5400 1811 5453; x_wconf 85' lang='lat' dir='ltr'><strong>tralatitia</strong></span> <span class='ocrx_word' id='word_1_773' title='bbox 1843 5410 1928 5453; x_wconf 88' lang='lat' dir='ltr'><strong>est</strong></span> <span class='ocrx_word' id='word_1_774' title='bbox 1972 5411 2025 5453; x_wconf 89' lang='lat' dir='ltr'><strong>et</strong></span> <span class='ocrx_word' id='word_1_775' title='bbox 2048 5417 2174 5468; x_wconf 88' lang='lat' dir='ltr'><strong>per-</strong></span> 
     </span>
    </p>
   </div>
   <div class='ocr_carea' id='block_1_101' title="bbox 590 5470 2177 5540">
    <p class='ocr_par' dir='ltr' id='par_1_101' title="bbox 590 5470 2177 5540">
     <span class='ocr_line' id='line_1_101' title="bbox 590 5470 2177 5540; baseline -0.003 -14"><span class='ocrx_word' id='word_1_776' title='bbox 590 5472 827 5540; x_wconf 75' lang='lat' dir='ltr'><strong>vulgata.</strong></span> <span class='ocrx_word' id='word_1_777' title='bbox 859 5470 1159 5526; x_wconf 87' lang='lat' dir='ltr'><strong>Conﬁrmat</strong></span> <span class='ocrx_word' id='word_1_778' title='bbox 1206 5470 1490 5523; x_wconf 90' lang='lat' dir='ltr'><strong>notionem</strong></span> <span class='ocrx_word' id='word_1_779' title='bbox 1550 5470 1691 5523; x_wconf 90' lang='lat' dir='ltr'><strong>hanc</strong></span> <span class='ocrx_word' id='word_1_780' title='bbox 1738 5484 1972 5538; x_wconf 76' lang='lat' dir='ltr'><strong>sequens</strong></span> <span class='ocrx_word' id='word_1_781' title='bbox 2019 5488 2177 5540; x_wconf 10' lang='lat' dir='ltr'><strong>71mp-</strong></span> 
     </span>
    </p>
   </div>
   <div class='ocr_carea' id='block_1_102' title="bbox 588 5539 2176 5606">
    <p class='ocr_par' dir='ltr' id='par_1_102' title="bbox 588 5539 2176 5606">
     <span class='ocr_line' id='line_1_102' title="bbox 588 5539 2176 5606; baseline -0.001 -11"><span class='ocrx_word' id='word_1_782' title='bbox 588 5539 941 5606; x_wconf 67' lang='grc' dir='ltr'>αστξίξουσαι,</span> <span class='ocrx_word' id='word_1_783' title='bbox 972 5543 1023 5596; x_wconf 89' lang='lat' dir='ltr'><strong>id</strong></span> <span class='ocrx_word' id='word_1_784' title='bbox 1055 5548 1156 5604; x_wconf 88' lang='lat' dir='ltr'><strong>est,</strong></span> <span class='ocrx_word' id='word_1_785' title='bbox 1189 5540 1682 5594; x_wconf 73' lang='lat' dir='ltr'><strong>succenturiatasz</strong></span> <span class='ocrx_word' id='word_1_786' title='bbox 1709 5541 1911 5592; x_wconf 87' lang='lat' dir='ltr'><strong>scilicet</strong></span> <span class='ocrx_word' id='word_1_787' title='bbox 1929 5539 2029 5593; x_wconf 91' lang='lat' dir='ltr'><strong>sibi</strong></span> <span class='ocrx_word' id='word_1_788' title='bbox 2063 5542 2176 5594; x_wconf 83' lang='lat' dir='ltr'><strong>vult</strong></span> 
     </span>
    </p>
   </div>
   <div class='ocr_carea' id='block_1_103' title="bbox 591 5610 2174 5680">
    <p class='ocr_par' dir='ltr' id='par_1_103' title="bbox 591 5610 2174 5680">
     <span class='ocr_line' id='line_1_103' title="bbox 591 5610 2174 5680; baseline -0.002 -14"><span class='ocrx_word' id='word_1_789' title='bbox 591 5613 837 5679; x_wconf 81' lang='lat' dir='ltr'><strong>l&#39;hotius,</strong></span> <span class='ocrx_word' id='word_1_790' title='bbox 873 5613 1007 5667; x_wconf 89' lang='lat' dir='ltr'><strong>alios</strong></span> <span class='ocrx_word' id='word_1_791' title='bbox 1038 5627 1104 5666; x_wconf 93' lang='lat' dir='ltr'><strong>eo</strong></span> <span class='ocrx_word' id='word_1_792' title='bbox 1158 5620 1404 5680; x_wconf 88' lang='lat' dir='ltr'><strong>tempore</strong></span> <span class='ocrx_word' id='word_1_793' title='bbox 1457 5610 1730 5664; x_wconf 85' lang='lat' dir='ltr'><strong>similibus</strong></span> <span class='ocrx_word' id='word_1_794' title='bbox 1762 5610 2050 5664; x_wconf 87' lang='lat' dir='ltr'><strong>sententiis</strong></span> <span class='ocrx_word' id='word_1_795' title='bbox 2077 5612 2174 5663; x_wconf 80' lang='lat' dir='ltr'><strong>ad-</strong></span> 
     </span>
    </p>
   </div>
   <div class='ocr_carea' id='block_1_104' title="bbox 589 5679 2176 5755">
    <p class='ocr_par' dir='ltr' id='par_1_104' title="bbox 589 5679 2176 5755">
     <span class='ocr_line' id='line_1_104' title="bbox 589 5679 2176 5755; baseline -0.002 -19"><span class='ocrx_word' id='word_1_796' title='bbox 589 5683 788 5755; x_wconf 80' lang='lat' dir='ltr'><strong>dictos,</strong></span> <span class='ocrx_word' id='word_1_797' title='bbox 820 5691 874 5738; x_wconf 87' lang='lat' dir='ltr'><strong>et</strong></span> <span class='ocrx_word' id='word_1_798' title='bbox 914 5679 1286 5755; x_wconf 82' lang='lat' dir='ltr'><strong>principatum</strong></span> <span class='ocrx_word' id='word_1_799' title='bbox 1320 5680 1638 5736; x_wconf 79' lang='lat' dir='ltr'><strong>ati&#39;ectantes</strong></span> <span class='ocrx_word' id='word_1_800' title='bbox 1683 5679 1738 5734; x_wconf 88' lang='lat' dir='ltr'><strong>in</strong></span> <span class='ocrx_word' id='word_1_801' title='bbox 1770 5679 2024 5734; x_wconf 86' lang='lat' dir='ltr'><strong>secundis</strong></span> <span class='ocrx_word' id='word_1_802' title='bbox 2043 5681 2176 5733; x_wconf 90' lang='lat' dir='ltr'><strong>sub-</strong></span> 
     </span>
    </p>
   </div>
   <div class='ocr_carea' id='block_1_105' title="bbox 590 5753 818 5807">
    <p class='ocr_par' dir='ltr' id='par_1_105' title="bbox 590 5753 818 5807">
     <span class='ocr_line' id='line_1_105' title="bbox 590 5753 818 5807; baseline -0.004 0"><span class='ocrx_word' id='word_1_803' title='bbox 590 5753 818 5807; x_wconf 86' lang='lat' dir='ltr'><strong>stitisse.</strong></span> 
     </span>
    </p>
   </div>
   <div class='ocr_carea' id='block_1_106' title="bbox 662 5819 2175 5896">
    <p class='ocr_par' dir='ltr' id='par_1_106' title="bbox 662 5819 2175 5896">
     <span class='ocr_line' id='line_1_106' title="bbox 662 5819 2175 5896; baseline -0.001 -20"><span class='ocrx_word' id='word_1_804' title='bbox 662 5823 1096 5896; x_wconf 62' lang='lat' dir='ltr'><strong>(55)__¢épwmr.</strong></span> <span class='ocrx_word' id='word_1_805' title='bbox 1144 5825 1220 5882; x_wconf 82' lang='lat' dir='ltr'><strong>ita</strong></span> <span class='ocrx_word' id='word_1_806' title='bbox 1250 5823 1444 5896; x_wconf 83' lang='lat' dir='ltr'><strong>scripsi</strong></span> <span class='ocrx_word' id='word_1_807' title='bbox 1493 5838 1594 5894; x_wconf 86' lang='lat' dir='ltr'><strong>pro</strong></span> <span class='ocrx_word' id='word_1_808' title='bbox 1651 5820 1932 5892; x_wconf 73' lang='grc' dir='ltr'>φέρουσιν,</span> <span class='ocrx_word' id='word_1_809' title='bbox 1965 5819 2175 5891; x_wconf 89' lang='lat' dir='ltr'><strong>astipu-</strong></span> 
     </span>
    </p>
   </div>
   <div class='ocr_carea' id='block_1_107' title="bbox 590 5893 984 5951">
    <p class='ocr_par' dir='ltr' id='par_1_107' title="bbox 590 5893 984 5951">
     <span class='ocr_line' id='line_1_107' title="bbox 590 5893 984 5951; baseline 0.008 -5"><span class='ocrx_word' id='word_1_810' title='bbox 590 5893 737 5950; x_wconf 81' lang='lat' dir='ltr'><strong>lante</strong></span> <span class='ocrx_word' id='word_1_811' title='bbox 763 5894 984 5951; x_wconf 81' lang='lat' dir='ltr'><strong>Nostro.</strong></span> 
     </span>
    </p>
   </div>
   <div class='ocr_carea' id='block_1_108' title="bbox 2289 4698 3872 4782">
    <p class='ocr_par' dir='ltr' id='par_1_108' title="bbox 2289 4698 3872 4782">
     <span class='ocr_line' id='line_1_108' title="bbox 2289 4698 3872 4782; baseline 0.012 -31"><span class='ocrx_word' id='word_1_812' title='bbox 2289 4708 2411 4782; x_wconf 65' lang='lat' dir='ltr'><strong>tum</strong></span> <span class='ocrx_word' id='word_1_813' title='bbox 2457 4707 2514 4752; x_wconf 91' lang='lat' dir='ltr'><strong>et</strong></span> <span class='ocrx_word' id='word_1_814' title='bbox 2545 4698 2887 4782; x_wconf 71' lang='lat' dir='ltr'><strong>Paracletum</strong></span> <span class='ocrx_word' id='word_1_815' title='bbox 2929 4698 3224 4782; x_wconf 83' lang='lat' dir='ltr'><strong>discipulis</strong></span> <span class='ocrx_word' id='word_1_816' title='bbox 3259 4698 3372 4763; x_wconf 68' lang='lat' dir='ltr'><strong>suis</strong></span> <span class='ocrx_word' id='word_1_817' title='bbox 3397 4698 3658 4779; x_wconf 79' lang='lat' dir='ltr'><strong>jactabat,</strong></span> <span class='ocrx_word' id='word_1_818' title='bbox 3717 4698 3872 4782; x_wconf 54' lang='lat' dir='ltr'><strong>Quod</strong></span> 
     </span>
    </p>
   </div>
   <div class='ocr_carea' id='block_1_109' title="bbox 2284 4768 3056 4839">
    <p class='ocr_par' dir='ltr' id='par_1_109' title="bbox 2284 4768 3056 4839">
     <span class='ocr_line' id='line_1_109' title="bbox 2284 4768 3056 4839; baseline 0.009 -17"><span class='ocrx_word' id='word_1_819' title='bbox 2284 4768 2478 4822; x_wconf 82' lang='lat' dir='ltr'><strong>Noster</strong></span> <span class='ocrx_word' id='word_1_820' title='bbox 2504 4771 2665 4839; x_wconf 90' lang='lat' dir='ltr'><strong>paulo</strong></span> <span class='ocrx_word' id='word_1_821' title='bbox 2681 4781 2808 4825; x_wconf 89' lang='lat' dir='ltr'><strong>ante</strong></span> <span class='ocrx_word' id='word_1_822' title='bbox 2821 4776 3056 4830; x_wconf 87' lang='lat' dir='ltr'><strong>monuit.</strong></span> 
     </span>
    </p>
   </div>
   <div class='ocr_carea' id='block_1_110' title="bbox 2357 4839 3868 4912">
    <p class='ocr_par' dir='ltr' id='par_1_110' title="bbox 2357 4839 3868 4912">
     <span class='ocr_line' id='line_1_110' title="bbox 2357 4839 3868 4912; baseline 0.015 -21"><span class='ocrx_word' id='word_1_823' title='bbox 2357 4839 2468 4912; x_wconf 69' lang='grc'>(57)</span> <span class='ocrx_word' id='word_1_824' title='bbox 2513 4839 2717 4912; x_wconf 67' lang='grc' dir='ltr'><strong>’Λείαν</strong></span> <span class='ocrx_word' id='word_1_825' title='bbox 2735 4840 2870 4912; x_wconf 84' lang='grc' dir='ltr'>μέν.</span> <span class='ocrx_word' id='word_1_826' title='bbox 2916 4843 2994 4897; x_wconf 87' lang='lat' dir='ltr'><strong>Ita</strong></span> <span class='ocrx_word' id='word_1_827' title='bbox 3043 4855 3190 4901; x_wconf 87' lang='lat' dir='ltr'><strong>recte</strong></span> <span class='ocrx_word' id='word_1_828' title='bbox 3242 4847 3629 4912; x_wconf 86' lang='lat' dir='ltr'><strong>Coislinianus.</strong></span> <span class='ocrx_word' id='word_1_829' title='bbox 3665 4852 3868 4912; x_wconf 61' lang='lat' dir='ltr'><strong>hoster</strong></span> 
     </span>
    </p>
   </div>
   <div class='ocr_carea' id='block_1_111' title="bbox 2283 4910 3865 4988">
    <p class='ocr_par' dir='ltr' id='par_1_111' title="bbox 2283 4910 3865 4988">
     <span class='ocr_line' id='line_1_111' title="bbox 2283 4910 3865 4988; baseline 0.013 -27"><span class='ocrx_word' id='word_1_830' title='bbox 2283 4910 2698 4988; x_wconf 37' lang='lat' dir='ltr'><strong>mendosené&#39;tétat</strong></span> <span class='ocrx_word' id='word_1_831' title='bbox 2726 4911 2878 4988; x_wconf 74' lang='grc' dir='ltr'>ὑμῖν,</span> <span class='ocrx_word' id='word_1_832' title='bbox 2913 4929 3077 4969; x_wconf 91' lang='lat' dir='ltr'><strong>sensu</strong></span> <span class='ocrx_word' id='word_1_833' title='bbox 3108 4918 3258 4971; x_wconf 86' lang='lat' dir='ltr'><strong>nullo</strong></span> <span class='ocrx_word' id='word_1_834' title='bbox 3280 4937 3292 4972; x_wconf 88' lang='lat'>:</span> <span class='ocrx_word' id='word_1_835' title='bbox 3316 4920 3465 4988; x_wconf 88' lang='lat' dir='ltr'><strong>prior</strong></span> <span class='ocrx_word' id='word_1_836' title='bbox 3496 4910 3656 4976; x_wconf 84' lang='lat' dir='ltr'><strong>lectio</strong></span> <span class='ocrx_word' id='word_1_837' title='bbox 3708 4910 3865 4981; x_wconf 55' lang='lat' dir='ltr'><strong>cum;</strong></span> 
     </span>
    </p>
   </div>
   <div class='ocr_carea' id='block_1_112' title="bbox 2284 4978 3620 5052">
    <p class='ocr_par' dir='ltr' id='par_1_112' title="bbox 2284 4978 3620 5052">
     <span class='ocr_line' id='line_1_112' title="bbox 2284 4978 3620 5052; baseline 0.009 -21"><span class='ocrx_word' id='word_1_838' title='bbox 2284 4978 2456 5052; x_wconf 70' lang='lat' dir='ltr'><strong>mode</strong></span> <span class='ocrx_word' id='word_1_839' title='bbox 2477 4980 2711 5034; x_wconf 79' lang='lat' dir='ltr'><strong>refertur</strong></span> <span class='ocrx_word' id='word_1_840' title='bbox 2738 4978 2807 5035; x_wconf 80' lang='lat' dir='ltr'><strong>ad</strong></span> <span class='ocrx_word' id='word_1_841' title='bbox 2834 4994 3156 5052; x_wconf 88' lang='lat' dir='ltr'><strong>sequentem</strong></span> <span class='ocrx_word' id='word_1_842' title='bbox 3175 4978 3364 5042; x_wconf 76' lang='lat' dir='ltr'><strong>vocem</strong></span> <span class='ocrx_word' id='word_1_843' title='bbox 3393 4992 3620 5044; x_wconf 78' lang='grc' dir='ltr'>πτῶσιν.</span> 
     </span>
    </p>
   </div>
   <div class='ocr_carea' id='block_1_113' title="bbox 2357 5049 3870 5131">
    <p class='ocr_par' dir='ltr' id='par_1_113' title="bbox 2357 5049 3870 5131">
     <span class='ocr_line' id='line_1_113' title="bbox 2357 5049 3870 5131; baseline 0.013 -29"><span class='ocrx_word' id='word_1_844' title='bbox 2357 5049 2468 5118; x_wconf 79' lang='grc'>(58)</span> <span class='ocrx_word' id='word_1_845' title='bbox 2505 5053 2874 5131; x_wconf 34' lang='lat' dir='ltr'><strong>dilati-canit&quot;.</strong></span> <span class='ocrx_word' id='word_1_846' title='bbox 2912 5049 3142 5110; x_wconf 70' lang='lat' dir='ltr'><strong>Vertere</strong></span> <span class='ocrx_word' id='word_1_847' title='bbox 3185 5060 3349 5131; x_wconf 75' lang='lat' dir='ltr'><strong>malui</strong></span> <span class='ocrx_word' id='word_1_848' title='bbox 3412 5060 3745 5130; x_wconf 69' lang='lat' dir='ltr'><strong>Montanum,</strong></span> <span class='ocrx_word' id='word_1_849' title='bbox 3801 5077 3870 5122; x_wconf 79' lang='lat' dir='ltr'><strong>ut</strong></span> 
     </span>
    </p>
   </div>
   <div class='ocr_carea' id='block_1_114' title="bbox 2282 5117 3865 5194">
    <p class='ocr_par' dir='ltr' id='par_1_114' title="bbox 2282 5117 3865 5194">
     <span class='ocr_line' id='line_1_114' title="bbox 2282 5117 3865 5194; baseline 0.015 -22"><span class='ocrx_word' id='word_1_850' title='bbox 2282 5117 2483 5194; x_wconf 84' lang='lat' dir='ltr'><strong>nomen</strong></span> <span class='ocrx_word' id='word_1_851' title='bbox 2504 5117 2743 5194; x_wconf 84' lang='lat' dir='ltr'><strong>hominis</strong></span> <span class='ocrx_word' id='word_1_852' title='bbox 2769 5122 2858 5194; x_wconf 85' lang='lat' dir='ltr'><strong>sit,</strong></span> <span class='ocrx_word' id='word_1_853' title='bbox 2895 5140 3006 5194; x_wconf 88' lang='lat' dir='ltr'><strong>non</strong></span> <span class='ocrx_word' id='word_1_854' title='bbox 3039 5137 3201 5181; x_wconf 69' lang='lat' dir='ltr'><strong>sectae</strong></span> <span class='ocrx_word' id='word_1_855' title='bbox 3234 5127 3684 5186; x_wconf 81' lang='lat' dir='ltr'><strong>Moulanistarum</strong></span> <span class='ocrx_word' id='word_1_856' title='bbox 3705 5117 3745 5189; x_wconf 64' lang='grc' dir='ltr'><strong>ε’</strong></span> <span class='ocrx_word' id='word_1_857' title='bbox 3777 5117 3865 5194; x_wconf 60' lang='grc' dir='ltr'>εἷο</span> 
     </span>
    </p>
   </div>
   <div class='ocr_carea' id='block_1_115' title="bbox 2283 5190 3468 5270">
    <p class='ocr_par' dir='ltr' id='par_1_115' title="bbox 2283 5190 3468 5270">
     <span class='ocr_line' id='line_1_115' title="bbox 2283 5190 3468 5270; baseline 0.011 -30"><span class='ocrx_word' id='word_1_858' title='bbox 2283 5190 2738 5270; x_wconf 33' lang='grc' dir='ltr'>ριιίρλιὶγρειίιιιόυὲ</span> <span class='ocrx_word' id='word_1_859' title='bbox 2764 5193 3052 5248; x_wconf 88' lang='lat' dir='ltr'><strong>videbatur</strong></span> <span class='ocrx_word' id='word_1_860' title='bbox 3072 5197 3468 5270; x_wconf 65' lang='grc' dir='ltr'>Μοντανιστής.</span> 
     </span>
    </p>
   </div>
   <div class='ocr_carea' id='block_1_116' title="bbox 2305 5258 3863 5344">
    <p class='ocr_par' dir='ltr' id='par_1_116' title="bbox 2305 5258 3863 5344">
     <span class='ocr_line' id='line_1_116' title="bbox 2305 5258 3863 5344; baseline 0.01 -27"><span class='ocrx_word' id='word_1_861' title='bbox 2305 5329 2315 5339; x_wconf 34' lang='grc' dir='ltr'><strong>ε</strong></span> <span class='ocrx_word' id='word_1_862' title='bbox 2355 5258 2471 5340; x_wconf 66' lang='grc'>(59)</span> <span class='ocrx_word' id='word_1_863' title='bbox 2503 5262 2660 5344; x_wconf 56' lang='grc' dir='ltr'><strong>Τίνα.</strong></span> <span class='ocrx_word' id='word_1_864' title='bbox 2701 5261 2810 5344; x_wconf 61' lang='lat' dir='ltr'><strong>[loc</strong></span> <span class='ocrx_word' id='word_1_865' title='bbox 2831 5265 3374 5344; x_wconf 51' lang='lat' dir='ltr'><strong>reposuienﬁostro,</strong></span> <span class='ocrx_word' id='word_1_866' title='bbox 3403 5258 3533 5340; x_wconf 45' lang='lat' dir='ltr'><strong>&quot;pro</strong></span> <span class='ocrx_word' id='word_1_867' title='bbox 3568 5273 3670 5344; x_wconf 82' lang='grc' dir='ltr'>τήν</span> <span class='ocrx_word' id='word_1_868' title='bbox 3703 5276 3863 5332; x_wconf 84' lang='lat' dir='ltr'><strong>Cois-</strong></span> 
     </span>
    </p>
   </div>
   <div class='ocr_carea' id='block_1_117' title="bbox 2282 5328 3859 5419">
    <p class='ocr_par' dir='ltr' id='par_1_117' title="bbox 2282 5328 3859 5419">
     <span class='ocr_line' id='line_1_117' title="bbox 2282 5328 3859 5419; baseline 0.01 -36"><span class='ocrx_word' id='word_1_869' title='bbox 2282 5328 2866 5419; x_wconf 26' lang='lat' dir='ltr'><strong>].inianil.‘astipu&#39;la‘t&#39;ur</strong></span> <span class='ocrx_word' id='word_1_870' title='bbox 2891 5328 3550 5419; x_wconf 21' lang='lat' dir='ltr'><strong>Petrus_5iculus,.rp.&#39;66_,</strong></span> <span class='ocrx_word' id='word_1_871' title='bbox 3598 5328 3691 5413; x_wconf 75' lang='lat' dir='ltr'><strong>qui</strong></span> <span class='ocrx_word' id='word_1_872' title='bbox 3721 5328 3859 5419; x_wconf 12' lang='lat' dir='ltr'><strong>7T):-</strong></span> 
     </span>
    </p>
   </div>
   <div class='ocr_carea' id='block_1_118' title="bbox 2282 5399 3633 5473">
    <p class='ocr_par' dir='ltr' id='par_1_118' title="bbox 2282 5399 3633 5473">
     <span class='ocr_line' id='line_1_118' title="bbox 2282 5399 3633 5473; baseline 0.01 -20"><span class='ocrx_word' id='word_1_873' title='bbox 2282 5399 2434 5473; x_wconf 4' lang='lat' dir='ltr'><strong>chiciq</strong></span> <span class='ocrx_word' id='word_1_874' title='bbox 2456 5399 2597 5455; x_wconf 82' lang='lat' dir='ltr'><strong>hanc</strong></span> <span class='ocrx_word' id='word_1_875' title='bbox 2619 5399 2975 5473; x_wconf 79' lang='lat' dir='ltr'><strong>scriptionem</strong></span> <span class='ocrx_word' id='word_1_876' title='bbox 3000 5407 3191 5461; x_wconf 83' lang='lat' dir='ltr'><strong>iisdem</strong></span> <span class='ocrx_word' id='word_1_877' title='bbox 3216 5399 3397 5464; x_wconf 78' lang='lat' dir='ltr'><strong>verbis</strong></span> <span class='ocrx_word' id='word_1_878' title='bbox 3423 5399 3633 5466; x_wconf 57' lang='lat' dir='ltr'><strong>recitat:</strong></span> 
     </span>
    </p>
   </div>
   <div class='ocr_carea' id='block_1_119' title="bbox 2358 5469 3860 5541">
    <p class='ocr_par' dir='ltr' id='par_1_119' title="bbox 2358 5469 3860 5541">
     <span class='ocr_line' id='line_1_119' title="bbox 2358 5469 3860 5541; baseline 0.013 -19"><span class='ocrx_word' id='word_1_879' title='bbox 2358 5469 2468 5538; x_wconf 64' lang='lat'><strong>(40)</strong></span> <span class='ocrx_word' id='word_1_880' title='bbox 2509 5469 2796 5529; x_wconf 81' lang='grc' dir='ltr'>Δύνασάι.</span> <span class='ocrx_word' id='word_1_881' title='bbox 2822 5476 2991 5530; x_wconf 81' lang='lat' dir='ltr'><strong>Recte</strong></span> <span class='ocrx_word' id='word_1_882' title='bbox 3017 5477 3383 5535; x_wconf 84' lang='lat' dir='ltr'><strong>Coislinianus</strong></span> <span class='ocrx_word' id='word_1_883' title='bbox 3407 5500 3420 5534; x_wconf 87' lang='lat'><strong><em>:</em></strong></span> <span class='ocrx_word' id='word_1_884' title='bbox 3457 5484 3718 5537; x_wconf 84' lang='lat' dir='ltr'><strong>mendose</strong></span> <span class='ocrx_word' id='word_1_885' title='bbox 3743 5485 3860 5541; x_wconf 81' lang='lat' dir='ltr'><strong>No-</strong></span> 
     </span>
    </p>
   </div>
   <div class='ocr_carea' id='block_1_120' title="bbox 2284 5541 3860 5628">
    <p class='ocr_par' dir='ltr' id='par_1_120' title="bbox 2284 5541 3860 5628">
     <span class='ocr_line' id='line_1_120' title="bbox 2284 5541 3860 5628; baseline 0.014 -39"><span class='ocrx_word' id='word_1_886' title='bbox 2527 5541 2764 5628; x_wconf 66' lang='grc' dir='ltr'>δύναμαι</span> <span class='ocrx_word' id='word_1_887' title='bbox 2799 5561 2813 5576; x_wconf 79' lang='grc' dir='ltr'><strong>ο</strong></span> <span class='ocrx_word' id='word_1_888' title='bbox 2849 5561 3028 5628; x_wconf 66' lang='lat' dir='ltr'><strong>neque</strong></span> <span class='ocrx_word' id='word_1_889' title='bbox 3069 5549 3218 5628; x_wconf 72' lang='lat' dir='ltr'><strong>enim</strong></span> <span class='ocrx_word' id='word_1_890' title='bbox 3269 5551 3336 5604; x_wconf 84' lang='lat' dir='ltr'><strong>de</strong></span> <span class='ocrx_word' id='word_1_891' title='bbox 3369 5569 3432 5628; x_wconf 78' lang='lat' dir='ltr'><strong>se</strong></span> <span class='ocrx_word' id='word_1_892' title='bbox 3466 5556 3701 5619; x_wconf 87' lang='lat' dir='ltr'><strong>loquitur</strong></span> <span class='ocrx_word' id='word_1_893' title='bbox 3749 5556 3860 5628; x_wconf 76' lang='lat' dir='ltr'><strong>Ty-</strong></span> 
     </span>
    </p>
   </div>
   <div class='ocr_carea' id='block_1_121' title="bbox 2283 5611 3858 5693">
    <p class='ocr_par' dir='ltr' id='par_1_121' title="bbox 2283 5611 3858 5693">
     <span class='ocr_line' id='line_1_121' title="bbox 2283 5611 3858 5693; baseline 0.013 -32"><span class='ocrx_word' id='word_1_894' title='bbox 2283 5611 2498 5693; x_wconf 70' lang='lat' dir='ltr'><strong>chicus,</strong></span> <span class='ocrx_word' id='word_1_895' title='bbox 2525 5614 2619 5665; x_wconf 88' lang='lat' dir='ltr'><strong>sed</strong></span> <span class='ocrx_word' id='word_1_896' title='bbox 2639 5613 2869 5693; x_wconf 77' lang='lat' dir='ltr'><strong>alterum</strong></span> <span class='ocrx_word' id='word_1_897' title='bbox 2893 5611 3206 5686; x_wconf 75' lang='lat' dir='ltr'><strong>alloquitur,</strong></span> <span class='ocrx_word' id='word_1_898' title='bbox 3236 5623 3381 5690; x_wconf 87' lang='lat' dir='ltr'><strong>quod</strong></span> <span class='ocrx_word' id='word_1_899' title='bbox 3401 5611 3634 5693; x_wconf 75' lang='lat' dir='ltr'><strong>sequens</strong></span> <span class='ocrx_word' id='word_1_900' title='bbox 3661 5643 3674 5678; x_wconf 90' lang='lat'><strong>:</strong></span> <span class='ocrx_word' id='word_1_901' title='bbox 3709 5629 3760 5680; x_wconf 74' lang='lat' dir='ltr'><strong>ei</strong></span> <span class='ocrx_word' id='word_1_902' title='bbox 3797 5611 3858 5682; x_wconf 78' lang='grc' dir='ltr'><strong>’δὲ</strong></span> 
     </span>
    </p>
   </div>
   <div class='ocr_carea' id='block_1_122' title="bbox 2283 5681 2838 5750">
    <p class='ocr_par' dir='ltr' id='par_1_122' title="bbox 2283 5681 2838 5750">
     <span class='ocr_line' id='line_1_122' title="bbox 2283 5681 2838 5750; baseline 0.011 -19"><span class='ocrx_word' id='word_1_903' title='bbox 2283 5681 2378 5732; x_wconf 74' lang='grc' dir='ltr'>καὶ</span> <span class='ocrx_word' id='word_1_904' title='bbox 2415 5681 2594 5750; x_wconf 77' lang='grc' dir='ltr'>εἴπῃς,</span> <span class='ocrx_word' id='word_1_905' title='bbox 2612 5682 2838 5737; x_wconf 90' lang='lat' dir='ltr'><strong>evincit.</strong></span> 
     </span>
    </p>
   </div>
   <div class='ocr_carea' id='block_1_123' title="bbox 2347 5738 3857 5838">
    <p class='ocr_par' dir='ltr' id='par_1_123' title="bbox 2347 5738 3857 5838">
     <span class='ocr_line' id='line_1_123' title="bbox 2347 5738 3857 5838; baseline 0.014 -37"><span class='ocrx_word' id='word_1_906' title='bbox 2347 5738 2954 5838; x_wconf 54' lang='grc' dir='ltr'><strong>(41)ἰξὶὶραεισιλέαᾳιιζ</strong></span> <span class='ocrx_word' id='word_1_907' title='bbox 2981 5755 3058 5810; x_wconf 89' lang='lat' dir='ltr'><strong>lta</strong></span> <span class='ocrx_word' id='word_1_908' title='bbox 3089 5768 3239 5817; x_wconf 83' lang='lat' dir='ltr'><strong>recte</strong></span> <span class='ocrx_word' id='word_1_909' title='bbox 3303 5761 3688 5835; x_wconf 86' lang='lat' dir='ltr'><strong>Coislinianus,</strong></span> <span class='ocrx_word' id='word_1_910' title='bbox 3755 5784 3857 5838; x_wconf 90' lang='lat' dir='ltr'><strong>pro</strong></span> 
     </span>
    </p>
   </div>
   <div class='ocr_carea' id='block_1_124' title="bbox 2282 5821 3072 5900">
    <p class='ocr_par' dir='ltr' id='par_1_124' title="bbox 2282 5821 3072 5900">
     <span class='ocr_line' id='line_1_124' title="bbox 2282 5821 3072 5900; baseline 0.013 -28"><span class='ocrx_word' id='word_1_911' title='bbox 2282 5836 2391 5890; x_wconf 86' lang='lat' dir='ltr'><strong>quo</strong></span> <span class='ocrx_word' id='word_1_912' title='bbox 2416 5821 2608 5876; x_wconf 81' lang='lat' dir='ltr'><strong>Noster</strong></span> <span class='ocrx_word' id='word_1_913' title='bbox 2638 5825 3072 5900; x_wconf 79' lang='grc' dir='ltr'>παρακαλεῦσαι.</span> 
     </span>
    </p>
   </div>
  </div>
