4110 6414
239 394 312 457 73
1313 395 1614 457 CONTRA
1645 392 2110 456 MANICHAZOS
2147 392 2382 454 LIBER
2420 391 2473 454 Ῑ.

3445 388 3524 452 ’ἵῷ

239 503 491 570 στόλους,
520 503 613 557 καὶ
641 504 951 576 προφήτας,
983 504 1180 570 οἵτινές
1202 505 1308 570 είσι
1351 505 1638 577 τέσσαρες,
1682 505 1831 570 δέξαι

1946 519 2039 571 ιω
2074 503 2208 559 dicit
2243 502 2580 575 Aposmlus:
2625 501 2726 570 Qui
2778 503 3103 571 fornicatur,
3137 504 3190 558 in
3235 505 3516 575 proprium

241 597 342 652 καὶ
371 597 642 667 ποιμένας
664 599 759 650 καὶ
771 597 1146 663 διδασκάλους,
1171 598 1259 653 ἵνα
1285 597 1358 669 μὴ
1371 597 1706 668 θηριάλωτος
1729 598 1825 666 γέ-

243 708 336 762 νῃ.
366 708 387 742 ι
427 689 616 748 Οὖτως
659 690 882 760 μυρίαις
931 691 1124 745 ἑαυτὸν
1173 691 1546 760 μετέπλαττεν
1589 693 1826 763 μορφαῖς

243 777 388 852 πρὸς
439 778 509 831 τὰ
559 779 795 850 διάφορα
841 779 950 833 τῶν
1007 781 1388 851 ἁπατωμένων
1452 781 1830 854 ἁρμοζόμενος

239 873 374 944 ἢθη.
430 871 542 926 Καὶ
575 871 671 924 νῦν
713 872 813 942 μὲν
857 872 1054 941 γίγας,
1088 872 1186 927 νῦν
1229 873 1288 927 δὲ
1343 874 1608 946 πίθηκος,
1649 872 1746 926 νῦν
1774 874 1833 928 δὲ

241 965 385 1018 λέων
403 1007 418 1030 ,
443 963 540 1041 νῦν
573 963 619 1017 δ’
649 963 896 1035 ἀλώπηξ,
929 965 1025 1019 νῦν
1051 965 1095 1020 δ’
1128 966 1260 1021 ἄλλο
1290 984 1346 1019 τι
1374 967 1472 1020 καὶ
1501 966 1632 1021 ἄλλο
1658 983 1712 1019 τι
1736 965 1833 1020 καὶ

240 1055 374 1111 ἄλλο
421 1054 762 1126 τυπούμενός
807 1074 868 1110 τε
907 1059 1003 1111 καὶ
1044 1057 1529 1129 διαπλαττόμενος.
1573 1055 1832 1128 ’Λλλαχοῦ

239 1147 301 1201 δὲ
338 1148 500 1200 πάλιν
531 1146 715 1216 λέγει’
763 1166 782 1202 ε
830 1149 894 1204 ’11
948 1149 1140 1222 πρώτη
1175 1150 1288 1222 (42)
1345 1151 1608 1223 πορνεία,
1661 1151 1729 1221 ἢν
1760 1153 1828 1206 ὲκ

240 1240 342 1295 τοῦ
385 1241 559 1312 Ἀδάμ
599 1242 1000 1314 περικείμεθα,
1036 1244 1331 1314 εὐεργεσία
1355 1245 1526 1310 ἐστὶν,
1560 1245 1594 1314 ἡ
1624 1243 1683 1298 δὲ
1711 1244 1836 1297 δευ-

239 1333 385 1402 τέρα
428 1333 630 1402 μείζων
665 1334 814 1399 εστὶ,
851 1335 984 1405 περὶ
1005 1329 1074 1403 ἧς
1105 1335 1255 1404 λέγει
1290 1336 1386 1389 καὶ
1421 1337 1450 1389 ὁ
1481 1335 1834 1401 ’Δπόστολος,

252 1421 318 1476 '0
357 1425 641 1494 πορνεύων
677 1424 813 1495 (45),
845 1426 926 1488 είς
962 1425 1022 1478 τὸ
1061 1426 1194 1479 ἴδιον
1243 1425 1405 1496 σῶμα
1441 1426 1767 1496 ἁμαρτάνει.
1807 1444 1828 1478 ι

1923 611 2123 666 corpus
2175 606 2385 667 peccat.
2436 613 2455 646 ›
2512 594 2961 652 Fornicationem
3011 603 3195 652 autem
3249 614 3376 653 cum
3423 599 3550 655 hicv

1927 699 2194 742 memorat
2213 689 2669 745 sceleratissimus
2692 689 2876 755 homo,
2910 705 3182 746 secessum
3216 692 3282 746 ab
3307 687 3528 748 abomi-‘

1927 782 2127 836 nandis
2149 783 2268 852 ejus
2290 782 2633 854 dogmatibus
2667 783 2741 837 ita
2769 792 2951 845 vocat,
2982 799 3290 855 corpusque
3314 784 3523 840 Christi

1929 874 2170 941 seipsum
2245 874 2400 939 dicit,
2434 873 2820 941 Quamobrem“
2849 891 2944 930 eos
2969 875 3060 945 qui
3091 892 3122 931 a
3165 891 3225 940 se
3259 885 3314 930 et
3349 890 3380 929 a
3409 873 3528 929 Deo

1931 966 2143 1036 perosis
2171 967 2285 1022 suis
2309 967 2600 1038 przeceptis
2623 967 3010 1035 abscedebant,
3049 978 3110 1023 ut
3143 967 3527 1023 fornicationis

1933 1058 2156 1115 nomine
2204 1075 2329 1115 reos
2359 1059 2750 1115 insectabatur.
2793 1059 2958 1114 Multa
2991 1073 3210 1130 quoque
3259 1058 3362 1113 alia
3398 1073 3528 1130 per-

1935 1151 2064 1207 inde
2101 1151 2270 1222 impia
2314 1159 2371 1207 et
2420 1152 2659 1208 monstri
2706 1151 2906 1207 similia
2942 1151 2996 1205 in
3041 1151 3359 1206 fmdissimis
3407 1151 3530 1222 ejus

1937 1242 2162 1312 scriptis
2195 1243 2379 1298 videre
2405 1252 2510 1309 est,
2541 1258 2663 1313 quae
2694 1243 2750 1296 in
2775 1243 3038 1305 secundo,
3070 1251 3124 1297 et
3152 1241 3219 1296 ad
3247 1242 3392 1297 hanc
3411 1256 3528 1295 rem

1944 1353 1964 1386 ι
1999 1334 2272 1390 destinato
2298 1335 2439 1390 libro
2466 1355 2484 1389 ι
2517 1337 2773 1406 persequi
2798 1350 2978 1404 operte
3005 1335 3239 1406 pretium
3265 1335 3400 1401 erit,
3423 1350 3530 1393 nec

1942 1442 2054 1483 non
2079 1429 2125 1483 si
2153 1443 2261 1499 qua
2291 1428 2418 1493 alia,
2449 1428 2518 1484 ab
2547 1427 2635 1483 his
2662 1428 2962 1499 pendeant,
2992 1429 3077 1484 vel
3109 1443 3232 1483 cum
3263 1429 3351 1484 his
3376 1443 3533 1484 com-

241 1516 514 1585 Πορνείαν
559 1516 617 1570 δὲ
663 1517 836 1587 ταύτῃ
877 1516 1054 1586 λέγων
1099 1519 1128 1570 ό
1161 1515 1449 1585 ἐξάγιστος
1484 1516 1584 1586 τὴν
1631 1517 1696 1568 ἐκ
1723 1514 1832 1569 τῶν

1946 1521 2235 1592 plicentur.
2282 1521 2418 1576 Nam
2469 1537 2590 1592 qute
2637 1536 2802 1592 supra
2834 1521 3099 1585 diximus,
3135 1520 3202 1575 ad
3247 1520 3529 1591 specimen

241 1606 411 1660 αὐτοῦ
465 1607 735 1679 βδελυρῶν
787 1609 1076 1679 δογμάτων
1127 1607 1498 1679 ἀναχώρησιν,
1557 1605 1743 1660 ἐκάλει
1776 1605 1834 1660 δὲ

1946 1613 2118 1667 solum
2164 1611 2483 1683 multiplicis
2517 1611 2682 1682 hujus
2711 1619 2767 1665 et
2810 1611 3181 1666 callidissima:
3232 1609 3532 1682 impietatis

244 1699 412 1770 σῶμα
441 1701 681 1771 Χριστοῦ
707 1702 921 1758 ἑαυτόν.
946 1701 1050 1754 Διὰ
1080 1699 1238 1754 τοῦτο
1267 1700 1394 1764 τοὺς
1415 1698 1832 1768 άποφοιτῶντας
1941 1704 2084 1760 dicta
2119 1714 2264 1760 sunt.

243 1797 416 1850 αὑτοῦ
444 1814 503 1850 τε
533 1798 628 1850 καὶ
660 1796 770 1850 τῶν
804 1795 1112 1864 θεοστυγῶν
1156 1795 1322 1850 αὐτοῦ
1358 1794 1592 1849 ἐντολῶν
1621 1794 1702 1865 τῷ
1726 1795 1825 1865 τῆς
1878 1798 2137 1870 πορνείας
2173 1801 2380 1856 ἁλῶναι
2419 1801 2792 1874 διελοιδορεῖτο
2860 1801 3045 1855 πάθει.
3113 1799 3293 1854 Πολλὰ
3329 1813 3388 1853 οε
3431 1798 3530 1854 καὶ

240 1888 387 1944 ἄλλα
419 1890 515 1960 τῆς
542 1890 716 1960 αὐτῆς
756 1889 994 1960 ἐχόμενα
1019 1888 1372 1953 θεοϐλαϐείας
1417 1889 1514 1942 κα).
1541 1888 1932 1960 τερατολογίας
1983 1895 2045 1946 ἐν
2075 1894 2292 1960 πολλοῖς
2316 1895 2483 1948 αὐτοῦ
2547 1897 2658 1951 τῶν
2687 1895 2906 1967 μιαρῶν
2970 1895 3321 1968 γραμμάτων
3381 1892 3533 1947 ἔστιν

242 1984 443 2038 ἐνιδεῖν
474 1983 644 2054 (44)ἃ
671 1982 927 2054 δευτέρου
971 1983 1040 2037 ἂν
1065 1984 1154 2054 εἴη
1181 1984 1344 2052 λόγου
1414 1984 1514 2037 καὶ
1579 1981 1878 2048 ίδιάζοντος
1926 1987 2163 2060 καθεξῆς
2226 1989 2460 2044 διελθεῖν
2510 1990 2605 2045 καὶ
2634 1991 3014 2061 στηλιτεῦσαι,
3061 1991 3155 2044 κα)¹
3202 1989 3258 2043 εἰ
3289 2006 3343 2044 τι
3400 1989 3538 2051 ἄλλο

243 2079 462 2142 τούτοις
501 2076 834 2149 συνήρτηται
865 2095 924 2130 τε
975 2078 1071 2131 κα).
1101 2077 1574 2131 συνδιαπλέκεται.
1610 2076 1722 2128 Καὶ
1759 2075 1870 2147 γὰρ
1902 2081 2000 2132 κα).
2050 2082 2197 2155 άπερ
2243 2083 2462 2154 εἴρηται
2511 2083 2651 2155 πρὸς
2690 2084 2918 2150 ἔνδειξιν
2960 2085 3124 2156 μόνον
3171 2082 3374 2155 ἐρρέθη
3430 2083 3534 2154 τῆς

244 2175 594 2230 πολυπλόκου
627 2174 833 2246 ταύτης
867 2175 962 2227 κα)⁵
988 2173 1376 2245 πολυμηχάνου
1408 2171 1730 2243 θεομαχίας.

321 2269 454 2323 KB’.
493 2267 696 2338 Μηδεὶς
743 2267 800 2321 δὲ
849 2267 1052 2321 οἰέσθω
1099 2267 1256 2338 ῥίζης
1307 2265 1500 2336 ἐτέρας
1549 2265 1838 2337 βλάστημα

2014 2267 2182 2322 ΧΧ11.
2224 2267 2494 2324 Caeterum
2526 2285 2688 2324 nemo
2716 2277 2872 2340 putet
2908 2268 3057 2324 hunc
3096 2269 3534 2340 impurissimum

247 2357 426 2426 εἶναι,
481 2363 612 2431 παρ’
658 2361 725 2432 ἢν
777 2357 1077 2432 ἐρρίζωσεν
1107 2361 1138 2413 ὁ
1189 2359 1460 2430 θεομάχος
1509 2359 1704 2430 Μάνης
1741 2356 1843 2429 τὴν

248 2451 587 2524 παραφυάδα
631 2451 840 2522 ταύτην
888 2450 999 2504 τῶν
1041 2450 1321 2505 δυσσεϐῶν
1352 2449 1586 2521 Σεργίου
1629 2449 1841 2519 δογμά-

249 2562 384 2598 των.
428 2544 544 2598 Μία
591 2542 694 2615 μὲν
725 2543 836 2613 γάρ
864 2543 982 2596 ὲστι
1039 2542 1192 2612 καὶὴ
1225 2541 1366 2614 αὑτὴ
1413 2541 1631 2595 καὶτὸν
1678 2540 1844 2595 αὐτὸν

253 2635 587 2706 ψυχόλεθρον
631 2634 843 2706 καρπὸν
891 2636 1070 2702 φέρει.
1133 2632 1332 2686 Ἦνίκα.
1373 2633 1432 2686 δὲ
1485 2632 1714 2704 Σέργιος
1744 2630 1842 2685 τοῦ

259 2727 637 2782 διδασκαλικοῦ
673 2727 772 2796 τῆς
821 2723 1164 2787 ἀποστασίας
1191 2724 1364 2796 ὲπέὸη
1411 2723 1634 2795 θρόνου,
1673 2723 1843 2776 θέλων

263 2820 489 2885 πολλοὺς
517 2819 902 2890 άποπλανῆσαι
942 2818 1054 2891 (45)
1089 2819 1189 2889 τῆς
1233 2818 1528 2888 καθολικῆς
1574 2817 1669 2871 τοῦ
1709 2819 1844 2889 Χρι·
1885 2852 1888 2856 -

261 2915 390 2968 στοῦ
438 2913 801 2984 Ἐκκλησίας,
859 2912 1104 2982 σχίζεται
1143 2912 1240 2982 μὲν
1288 2909 1640 2981 περιφανῶς,
1679 2910 1844 2980 μέχρι

255 3007 381 3060 τότε
413 3007 608 3079 καιροῦ
638 3005 1166 3074 συναγελαζομένων
1209 3003 1494 3074 ἀλλήλοις,
1525 3003 1622 3056 τοῦ
1660 3006 1843 3075 ῥυπα-

257 3099 359 3172 ροῦ
408 3098 671 3162 Βαάνους.
712 3098 1059 3169 Ἀναδέχεται
1092 3099 1152 3152 δὲ
1185 3098 1306 3152 κατ’
1335 3096 1568 3151 ἐνώπιον
1595 3096 1704 3148 τῶν
1742 3113 1846 3165 μοι-

259 3192 444 3264 θητῶν
487 3191 582 3244 καὶ
611 3191 712 3262 τὴν
759 3189 904 3244 κατά
950 3190 1245 3260 πρόσωπον
1282 3187 1450 3242 αὐτοῦ
1485 3186 1844 3258 φιλονεικίαν,

256 3285 356 3340 καὶ
415 3286 616 3355 μάχην,
670 3285 768 3338 καὶ
821 3285 855 3354 ἡ
908 3285 1097 3345 στάσις
1133 3281 1300 3336 αὑτοῦ
1347 3281 1845 3352 δραματουργείται

256 3377 504 3448 δημοσίῳ
549 3376 794 3446 θεάτρῳ,
844 3375 911 3429 δι’
960 3371 1030 3447 ἦς
1079 3372 1373 3444 ἐτέχναζεν
1402 3372 1699 3436 δελεάζειν,
1753 3371 1846 3423 κα).

257 3471 360 3540 τῆς
385 3470 595 3532 οἰκείας
642 3469 855 3540 πλάνης
904 3468 1088 3522 ἕλκειν
1143 3467 1321 3521 ὀπίσω
1358 3465 1553 3528 ἄλλους
1596 3481 1654 3516 τε
1687 3465 1846 3526 ὅσους

260 3562 489 3616 ὶδύνατο
517 3562 612 3615 κα).
637 3562 836 3624 οἵτινες
861 3560 1210 3632 ήταιρίζοντο
1240 3559 1333 3612 τὸν
1363 3557 1604 3626 Βαάνην.
1648 3551 1758 3608 Ἦν
1790 3554 1846 3608 δὲ

263 3653 415 3723 αὐτῴ
447 3654 538 3706 καὶ
562 3653 736 3723 σκηνὴ
766 3651 977 3723 ἀρετῶν
1003 3649 1446 3722 προσεὸλημένη,
1478 3649 1620 3721 μέγα
1653 3647 1848 3717 δέλεαρ

264 3747 376 3802 ⁶τῶν
407 3745 756 3817 προσιόντων,
793 3745 888 3798 καὶ
919 3744 1176 3798 ταπεινὸν
1213 3744 1324 3812 (46)
1357 3737 1490 3813 ἦθος
1533 3741 1629 3794 καὶ
1661 3737 1849 3804 δεξιώ-

264 3857 406 3904 σεως
452 3837 1036 3910 κατεσχηματισμένος
1081 3837 1283 3907 τρόπος
1329 3835 1424 3889 καὶ
1470 3834 1748 3905 ἡμερότης
1787 3831 1849 3884 οὐ

259 3935 392 3997 τοὺς
433 3932 670 3996 οἰκείους
724 3932 1163 4000 ὑποσοναίνουσα
1214 3929 1396 4001 μόνον,
1430 3927 1567 3981 ἀλλὰ
1598 3928 1693 3979 καὶ
1724 3925 1851 3985 τοὺς
1884 3929 1890 3982 ξ

258 4022 601 4094 τραχύτερον
637 4021 1016 4092 διακειμένους
1061 4017 1458 4074 ὑπολεαίνουσά
1488 4035 1546 4070 τε
1584 4015 1679 4069 καὶ
1727 4014 1854 4066 συλ-

259 4115 580 4185 αγωγοῦσα.
635 4114 796 4169 Ἀλλὰ
831 4114 942 4186 γὰρ
992 4114 1054 4167 τὸ
1081 4114 1181 4184 μὲν
1218 4112 1463 4183 ῥυπαρὸν
1492 4108 1603 4161 τῶν
1634 4108 1852 4178 μιαρῶν

257 4209 522 4282 πράξεων
549 4208 644 4262 τοῦ
675 4206 1104 4261 ἀντιστασιώτου
1147 4204 1392 4268 Βαάνους
1423 4201 1764 4272 στηλιτεύειν
1791 4216 1852 4252 τε

258 4303 361 4356 καὶ
387 4299 854 4371 ἀποπέμπεσθαι,
889 4299 1126 4370 μάλιστὰ
1162 4315 1226 4366 γε
1262 4297 1374 4367 (47)
1401 4296 1544 4350 κατὰ
1586 4295 1649 4348 τὸ
1675 4298 1852 4365 ἐμφα-

257 4395 354 4460 νὲς
395 4395 628 4465 μέλετην
659 4389 806 4463 εἶχεν
825 4409 840 4424 ·
888 4392 1024 4464 πρὸς
1055 4392 1114 4445 δὲ
1144 4392 1215 4445 τὰ
1245 4389 1476 4460 δυσσεϐῆ
1508 4387 1618 4442 τῶν
1648 4387 1853 4458 δογμά-

255 4506 375 4543 των
402 4489 526 4542 κατ’
573 4487 726 4542 οὐδὲν
757 4487 870 4555 (48)
913 4486 1258 4542 άντιπίπτων
1302 4484 1424 4537 οὐδὲ
1458 4481 1854 4554 διαφερόμενος

256 4582 444 4653 ὤφθη.
476 4582 536 4634 '0
557 4581 656 4652 μὲν
681 4578 774 4634 οὖν
792 4581 1009 4648 Βαάνης
1023 4579 1434 4650 ἀσυνηγόρητον
1459 4576 1598 4648 ἔχων
1618 4575 1718 4646 τὴν
1742 4574 1852 4627 τῶν

257 4673 555 4744 ὲκθέσμοιν
583 4673 763 4745 ἔργων
790 4670 1048 4737 ἐπίδειξιν
1085 4672 1178 4725 ἐπὶ
1205 4671 1333 4734 τοὺς
1365 4668 1474 4740 πρὸ
1503 4669 1669 4723 αὑτοῦ
1693 4669 1854 4739 μόνον

257 4766 628 4834 κατέφευγεν,
661 4766 756 4820 καὶ
781 4765 871 4819 διὰ
901 4765 1004 4834 τῆς
1025 4764 1135 4818 τῶν
1164 4763 1478 4837 προσώπων
1531 4762 1852 4832 ποιότητος,

256 4859 340 4922 ὡς
361 4858 582 4928 ἐνόμιζε
603 4898 618 4923 ,
642 4858 704 4912 τὸ
739 4856 994 4929 κίϐδηλον
1027 4855 1194 4911 αὑτοῦ
1220 4856 1318 4910 καὶ
1369 4856 1852 4924 κατεστυγημένον

1945 2361 2225 2415 surculum
2256 2363 2324 2416 ab
2369 2361 2473 2416 alia
2499 2403 2513 2426 ,
2557 2378 2720 2431 quam
2754 2360 2983 2417 Manetis
3003 2403 3018 2429 ,
3048 2362 3232 2418 radice
3278 2364 3531 2433 prodire.

1946 2468 2054 2508 una
2104 2453 2306 2522 quippe
2367 2453 2671 2522 eademque
2717 2453 2870 2506 radix
2913 2462 3032 2519 est,
3083 2469 3206 2523 qua:
3277 2455 3533 2510 eumdem

1946 2547 2143 2601 animae
2166 2545 2535 2616 perniciosum
2567 2543 2802 2598 fructum
2829 2543 3056 2614 profert.
3085 2541 3318 2609 Quando
3347 2553 3534 2599 autem

1949 2637 2173 2710 Sergius
2196 2637 2556 2692 doctrinalem
2583 2636 2864 2707 apostasia:
2893 2635 3152 2690 thronum
3187 2635 3532 2701 conscendit,

1947 2749 2070 2787 cum
2126 2731 2328 2785 multos
2371 2731 2439 2784 ab
2480 2729 2719 2784 Ecclesia
2751 2727 3020 2783 catholica
3069 2727 3126 2782 in
3159 2743 3402 2782 errorem
3436 2727 3537 2782 ah-

1947 2825 2146 2880 duccre
2177 2824 2371 2888 vellet,
2407 2833 2599 2893 aperte
2637 2820 2904 2876 scinditur
2937 2820 3005 2874 ab
3052 2819 3267 2890 impuro
3314 2819 3530 2886 Baane,

1946 2918 2072 2988 quia
2124 2917 2391 2971 hactenus
2440 2923 2747 2970 conventus
2787 2912 3103 2968 celebrabat
3150 2920 3253 2967 :et
3290 2912 3347 2965 in
3398 2927 3534 2967 con-

1947 3020 2136 3081 spectu
2173 3009 2567 3078 discipulorum
2600 3007 2862 3062 adversus
2897 3005 3048 3059 illum
3081 3015 3356 3059 certamen
3402 3005 3532 3072 init,

1947 3102 2336 3173 contentioque
2362 3101 2480 3169 ejus
2509 3101 2563 3154 in
2590 3099 2811 3170 publico
2840 3100 3058 3153 theatro
3082 3105 3530 3167 rcprmsentatur,

1947 3213 2052 3268 qua
2095 3213 2154 3251 re
2204 3196 2256 3250 id
2287 3194 2635 3256 moliebatur,
2674 3202 2736 3246 ut
2769 3192 2969 3245 multos
3017 3189 3324 3254 inescaret,
3373 3196 3430 3242 et
3465 3190 3534 3244 ad

1948 3305 2188 3344 errorem
2237 3303 2396 3340 suum
2431 3285 2792 3356 pertraheret,
2834 3291 3104 3354 quotquot
3146 3281 3404 3336 videlicet
3432 3296 3536 3352 po-

1952 3382 2144 3436 tuisset
2171 3396 2236 3435 ex
2266 3379 2354 3445 iis,
2380 3378 2473 3448 qui
2508 3377 2704 3431 Baanis
2750 3375 2965 3431 sodales
2995 3384 3173 3430 erant.
3201 3373 3306 3443 Ipsi
3345 3381 3534 3427 autem

1948 3476 2209 3529 virtutum
2255 3472 2466 3542 species
2509 3478 2564 3524 et
2609 3484 2774 3523 scena
2821 3468 3100 3538 proposita
3154 3475 3304 3530 erat,
3339 3480 3538 3536 magna

1950 3568 2197 3637 decipula
2230 3566 2318 3627 iis,
2349 3563 2440 3634 qui
2477 3563 2835 3628 accederent;
2872 3570 2985 3614 tum
3015 3559 3284 3614 modestia
3320 3560 3532 3624 inerat,

1952 3670 2115 3730 atque
2146 3656 2406 3723 ementita
2448 3654 2802 3725 benignitatis
2835 3662 2890 3708 et
2929 3650 3366 3706 mansuetudinis
3403 3665 3534 3720 spe-

1954 3754 2067 3808 cies
2088 3792 2102 3815 ,
2140 3765 2260 3820 quae
2287 3765 2394 3802 non
2430 3763 2560 3802 suos
2589 3746 2749 3800 modo
2780 3743 3113 3799 domesticos
3140 3751 3535 3807 commoveret,

1954 3847 2046 3900 sed
2075 3846 2237 3899 etiam
2270 3858 2384 3906 eos,
2410 3839 2504 3910 qui
2529 3836 2793 3908 asperiori
2826 3844 3008 3890 essent
3037 3834 3256 3896 affectu,
3280 3831 3538 3888 deliniret

1953 3930 2008 3992 et
2036 3946 2268 4006 raperet.
2312 3934 2515 3987 Contra
2544 3945 2676 3985 vero
2702 3928 3003 3984 foeditatem
3035 3934 3313 3996 gestorum
3336 3923 3536 3978 advero

1955 4028 2080 4083 sarii
2101 4027 2271 4098 ipsius
2295 4024 2487 4078 Baanis
2505 4024 2681 4094 palam
2699 4021 2880 4075 facere
2898 4029 2953 4073 et
2976 4019 3282 4082 traducere,
3302 4015 3539 4070 maxime

1955 4135 2084 4176 vero
2132 4117 2369 4190 publicis
2416 4116 2472 4170 in
2525 4114 2691 4175 locis,
2739 4122 2852 4166 toto
2897 4110 3078 4164 studio
3105 4108 3351 4163 curabat.
3382 4106 3540 4173 Quod

1955 4215 2022 4268 ad
2054 4212 2216 4281 impia
2245 4224 2374 4264 vero
2415 4209 2669 4278 dogmata
2706 4203 3007 4275 spectabat,
3037 4202 3175 4256 nihil
3217 4201 3286 4254 ab
3319 4215 3384 4255 eo
3428 4198 3537 4254 dif—

1955 4309 2098 4362 ferre
2145 4303 2449 4357 videbatur.
2495 4299 2706 4352 Baanes
2734 4312 2899 4366 porro
2926 4310 3050 4351 cum
3087 4293 3393 4348 facinorum
3439 4293 3540 4346 de-

1955 4399 2312 4456 clarationem
2346 4393 2494 4449 nulla
2526 4398 2710 4462 posset
2738 4389 2951 4444 ratione
2976 4402 3264 4452 excusare,
3295 4387 3362 4441 ad
3395 4401 3541 4456 prae-

1955 4489 2276 4544 decessorcs
2309 4493 2518 4538 tantum
2550 4497 2679 4536 suos
2729 4478 3114 4551 confugiebat,
3160 4485 3216 4533 et
3242 4493 3306 4532 ex
3351 4476 3538 4532 condi-

1958 4583 2104 4637 tione
2146 4591 2508 4649 personarum
2555 4571 2952 4644 turpitudinem
2997 4586 3172 4635 suam,
3198 4578 3257 4624 ut
3288 4569 3536 4638 putabat,

1955 4690 2058 4730 nec
2090 4687 2228 4735 non,
2273 4668 2417 4740 quod
2457 4667 2513 4721 in
2545 4665 2814 4722 sententia
2847 4680 2944 4719 sua
2986 4663 3235 4718 odiosum
3275 4669 3410 4724 erat,
3441 4660 3542 4715 de-

1958 4764 2216 4820 fendebat
2249 4771 2304 4816 et
2335 4757 2754 4815 cohonestabat.
2787 4754 2856 4809 Sc
2885 4769 3008 4809 esse
3036 4752 3365 4822 discipulum
3397 4751 3540 4820 Epa-

1957 4855 2199 4931 phroditi
2253 4852 2607 4926 gloriabatur,
2649 4857 2837 4918 utpote
2885 4848 2977 4918 qui
3023 4847 3142 4916 ejus
3190 4843 3541 4900 traditionem

257 4951 357 5006 τοῦ
410 4953 761 5021 φρονήματος
814 4951 1130 5022 συνεκρότει
1194 4966 1253 5003 τε
1309 4949 1404 5002 καὶ
1464 4947 1845 5016 άπεσέμνυνε,

1959 4955 2334 5009 veneraretur,
2363 4944 2505 4997 circa
2536 4942 2628 4996 illa
2653 4937 3016 4994 abominanda
3041 4944 3188 5008 gesta
3215 4933 3346 4988 nihil
3378 4933 3541 4988 dubi-

261 5043 518 5114 μαθητὴν
556 5041 749 5095 ἑαυτὸν
791 5040 886 5094 τοῦ
929 5039 1325 5111 Ἐπαφροδίτου
1379 5033 1521 5091 εἶναι
1574 5034 1845 5106 μεγαλαυ-

1955 5040 2178 5100 tationis
2214 5037 2296 5092 vel
2345 5035 2569 5106 pudoris
2618 5033 2820 5087 habere
2859 5029 3104 5092 dicebat,
3134 5043 3199 5082 ac
3241 5027 3285 5081 si
3319 5041 3430 5080 non
3461 5025 3543 5078 fa-

259 5140 400 5210 χῶν,
445 5137 542 5192 καὶ
569 5136 667 5208 τὴν
711 5135 923 5189 ἐκείνου
953 5135 1200 5205 τιμῶντα
1230 5133 1557 5205 παράδοσιν,
1587 5129 1729 5202 πρὸς
1755 5130 1845 5194 τὰς

1958 5133 2154 5192 cienda
2191 5139 2399 5186 essent.
2444 5125 2694 5197 Sergium
2736 5137 2867 5178 vero
2914 5121 3068 5192 quasi
3103 5119 3370 5174 novitium
3407 5131 3542 5172 con-

1398 5268 1632 5325 νΑιιιιΕ
1671 5266 2055 5326 LECTIONES
2082 5271 2188 5340 ,ΕΤ
2221 5265 2455 5324 ΝυΤΑε.

338 5395 451 5464 (42)
507 5395 569 5448 Ἠ
597 5392 822 5461 πρώτη.
847 5390 1016 5446 Recte
1041 5409 1054 5464 :_
1083 5397 1272 5464 noster
1305 5385 1676 5456 corrupteﬁ'jw
1702 5382 1845 5451 quod

1948 5386 2180 5448 \laselt,
2235 5384 2432 5438 melius
2479 5380 2706 5464 quidem
2744 5393 2832 5464 eq,
2892 5374 2995 5464 sed.
3029 5370 3306 5464 nonisatis
3351 5378 3539 5464 recte];

258 5441 1064 5534 rode—’ex'ir'éiﬁué'aliud
1088 5441 1380 5534 impiatum
1407 5441 1578 5534 θείης
1611 5441 1622 5454 ’
1721 5441 1736 5451 ’
1833 5522 1848 5534 ι
1950 5474 2130 5511 sermo
2158 5441 2303 5534 enim
2337 5441 2527 5534 noster
2569 5457 2652 5534 est
2677 5448 2744 5501 de
2779 5445 2999 5527 Tycbici
3042 5443 3223 5526 studio
3257 5441 3542 5524 avertendi

337 5516 826 5610 "(Isfirigpﬁewh
851 5516 940 5586 Vlia
969 5533 1164 5610 legitur
1242 5528 1366 5584 Cor.
1400 5528 1596 5610 νι,,18,
1627 5534 1683 5581 et
1705 5522 1845 5593 apud

1951 5530 2137 5610 aliosna
2163 5521 2665 5610 \"eritale.'Siculus
2695 5518 2967 5588 expressit
2999 5516 3461 5610 l1et'gfonnaaat'.

2025 5599 2141 5661 146)
2187 5594 2496 5650 Ταπεινὸν.
2550 5581 3063 5644 Νοειοιο’ταπεινῶν
3115 5581 3282 5656 ἦθος,
3348 5584 3541 5639 eodem

1956 5685 2144 5724 SCIISU.

2034 5741 2145 5806 (47)
2187 5733 2468 5806 Molliunt
2497 5731 2827 5806 re.__Noster.
2846 5730 3080 5806 μάλιστα.
3104 5727 3276 5806 δέμγε.

2037 5798 2148 5882 (48)
2189 5807 2324 5865 Κατ’
2355 5798 2557 5862 οὺδέκ.
2586 5803 2783 5859 Noster
2807 5798 3065 5857 mendose
3094 5799 3231 5869 πρὸς
3261 5798 3438 5856 οὐδέν.

263 5598 494 5668 Petrum
524 5598 768 5659 Siculum
791 5621 805 5665 ς
831 5613 886 5657 at
913 5598 1100 5657 noster
1119 5604 1282 5655 habet
1305 5598 1632 5669 πορνεύσας.

339 5680 455 5747 (ﬂ)
510 5675 785 5730 Ἐνιδεῖν.
825 5671 1374 5747 ῌοςιεΓ-εἰιιιριὶςὶιει·
1415 5669 1563 5747 ἰδεζν.

339 5739 454 5820 (45)
509 5743 978 5820 Ἀ’ποπ-λᾳγῆσαι.
1010 5743 1106 5820 _lta
1144 5739 1345 5820 scripsi
1374 5754 1457 5820 -οξ
1499 5739 1848 5820 Colbertino;

261 5809 369 5895 pro
402 5809 901 5895 quo_Coi_slinianus
939 5815 1101 5893 habet
1133 5809 1556 5895 ἀποκρινεῖσθαι,
1589 5812 1853 5895 inconye-

263 5883 488 5953 hicn-ter
515 5888 726 5955 legibus
759 5885 1148 5957 grammaticis,
1177 5891 1366 5938 noster
1387 5889 1568 5937 autem
1601 5883 1847 5937 ἀποπλα-

507 5987 780 6048 Ρλτιιοιι.
823 5984 938 6042 GR.
985 5980 1115 6041 Cll.

3146 5961 3184 6018 3
