4110 6462
532 414 604 477 75
1688 414 1952 478 morm
1983 409 2490 475 PATRIABCHE
2521 409 2632 469 cr.

3723 397 3802 462 76

533 527 689 580 viciis
721 526 1113 596 insectabatur,
1159 531 1254 601 qui
1304 531 1514 586 nullum
1548 545 1615 584 ex
1655 529 1960 601 insignibus
1992 541 2109 581 ma—

2247 522 2625 593 ιποτροπαίους
2670 517 2778 572 τῶν
2829 516 3086 588 πράξεων
3147 517 3243 571 καὶ
3294 514 3559 588 βδελυράς
3610 513 3803 568 οὐδένα

535 611 722 682 gistris
759 615 842 669 vel
869 616 1115 684 vidisset,
1146 618 1231 672 vel
1261 619 1503 672 audisset
1531 635 1542 672 :
1573 617 1804 687 ideoque
1834 631 1960 669 cum
1980 614 2117 668 nihil

536 704 664 760 inde
693 706 829 762 lucis
856 717 1138 764 mutuatus
1164 721 1330 776 esset,
1359 712 1412 766 in
1435 726 1622 765 errore
1651 718 1707 763 et
1735 708 1942 763 fallacia
1972 707 2118 760 ince-

537 793 708 850 deret.
741 796 1173 854 Scelcstissimus
1214 801 1397 868 itaque
1425 799 1634 853 Baanes
1663 798 1750 851 his
1783 795 2038 850 aamulum
2065 803 2120 847 et

537 889 911 943 adversarium
937 905 1094 944 suum
1115 891 1429 960 impetebat,
1455 905 1684 960 seseque
1702 889 1956 960 jactabat.
1986 885 2120 940 Ver-

539 981 747 1049 sipellis
773 989 957 1036 autem
1003 982 1092 1036 illa
1123 983 1234 1036 fera
1268 982 1493 1054 Sergius
1513 1024 1529 1049 ,
1572 983 1664 1052 qni
1691 997 1803 1036 non
1835 989 2023 1050 aperte
2062 979 2119 1032 in

538 1070 653 1125 luto
681 1074 950 1127 scelerum
995 1075 1356 1140 volutaretur,
1404 1089 1585 1144 neque
1625 1089 1852 1144 pravum
1900 1070 2121 1140 impuri-

539 1163 670 1217 tatis
697 1162 918 1218 odorem
945 1167 1246 1234 praeferret,
1279 1177 1337 1221 ut
1364 1165 1595 1231 Baanes,
1627 1165 1720 1221 sed
1754 1165 1901 1218 illam
1936 1161 2121 1216 multis

540 1262 597 1308 et
625 1254 912 1308 verborum
945 1265 998 1310 el
1035 1256 1316 1311 fictionum
1365 1257 1666 1311 involucris
1706 1256 2011 1325 obtegeret.
2046 1253 2120 1306 ita

543 1345 794 1408 invaluit.
827 1357 887 1401 ut
930 1349 1260 1418 apostasiam
1307 1349 1361 1403 in
1393 1348 1528 1404 duas
1573 1357 1759 1418 partes
1813 1346 2118 1408 scinderet,

541 1448 598 1492 et
627 1448 891 1508 quotquot
917 1441 970 1494 in
1001 1440 1196 1496 Baanis
1223 1441 1462 1496 factione
1510 1441 1823 1506 manebant,
1857 1450 2124 1507 respuens

543 1531 797 1588 Baanitas
837 1534 1156 1604 appellaret.
1201 1534 1296 1589 Ille
1349 1549 1481 1589 vero
1524 1543 1583 1587 ut
1626 1532 1728 1604 ipsi
1779 1529 2123 1586 contumeliae

544 1625 718 1678 vicem
768 1626 1051 1691 redderet,
1089 1641 1206 1691 eos,
1254 1627 1345 1695 qui
1374 1641 1441 1680 ex
1478 1636 1630 1694 parte
1655 1623 1828 1693 Sergii
1870 1623 2121 1684 stabant,

546 1724 848 1780 aversatus,
878 1713 1154 1786 Sergiotas
1181 1714 1430 1768 similiter
1461 1711 1854 1774 denominavit,
1883 1707 2126 1779 quotidie

546 1822 678 1860 vero
710 1807 988 1861 contentio
1011 1818 1064 1861 et
1107 1807 1393 1862 dissidium
1429 1807 1572 1860 inter
1605 1820 1702 1859 eos
1747 1803 2047 1874 augebatur
2073 1810 2128 1854 et

2217 615 2515 683 δισταγμὸν
2560 614 2593 684 ἥ
2630 611 2880 684 ἐρύθημα
2925 610 3135 682 φέρειν,
3191 608 3269 672 ὡς
3309 611 3370 663 οὐ
3419 610 3527 679 χρὴ
3562 607 3801 678 πράττε-

2221 707 2345 761 σθαι
2375 707 2509 777 (49).
2542 705 2798 774 Νεοφανῆ
2839 702 2896 756 δὲ
2928 703 3158 774 Σέργιον
3196 701 3534 772 ἐλοιδορεῖτο,
3562 700 3659 754 καὶ
3693 716 3802 770 μη-
3864 740 3870 746 .

2217 799 2345 852 δένα
2392 799 2502 851 τῶν
2531 798 2839 866 ’ἐπισήμων
2894 795 3234 848 διδασκάλων
3277 796 3412 863 μήτε
3472 793 3622 857 ίδεῖν,
3664 793 3806 861 μήτε

2219 889 2500 961 ἀκροατὴν
2554 887 2665 960 (50)
2724 889 3086 958 χρηματίσαι,
3138 890 3237 940 καὶ
3282 883 3370 937 διὰ
3415 883 3574 936 τοῦτο
3635 881 3806 951 μηδὲν

2221 981 2430 1034 ἐκεῖθεν
2493 982 2779 1033 σπάσαντα
2842 979 3022 1047 φωτὸς
3084 981 3142 1030 ὲν
3221 976 3399 1044 πλάνῃ
3465 974 3563 1027 καὶ
3617 973 3805 1042 ἀπάτῃ

2220 1071 2662 1142 διαπορεύεσθαι.
2709 1071 2767 1123 '0
2795 1070 2894 1141 μὲν
2920 1065 3014 1123 οὖν
3045 1068 3332 1136 ἐξάγιστος
3357 1065 3578 1134 Βαάνης
3593 1064 3808 1126 τούτοις

2219 1180 2282 1216 τε
2340 1163 2432 1215 τὸν
2475 1162 2768 1232 ὁμότεχνον
2825 1161 2921 1214 καὶ
2975 1157 3412 1226 ἀντιστασιώτην
3469 1154 3661 1207 ἔϐαλεν
3714 1156 3810 1206 καὶ

2221 1251 2412 1304 ἑαυτὸν
2434 1251 2783 1320 ἐμεγάλυνεν.
2815 1250 2888 1302 Τὸ
2945 1248 3002 1302 δὲ
3044 1247 3287 1301 ποικίλον
3316 1245 3504 1316 θηρίον
3531 1246 3558 1296 ὁ
3585 1243 3811 1312 Σέργιος

2223 1341 2285 1393 τὸ
2310 1341 2384 1410 μὴ
2417 1340 2735 1411 βεϐυθίσθαι
2773 1338 3092 1410 περιφανῶς
3121 1337 3296 1398 οὕτως
3320 1337 3429 1388 τῶν
3455 1335 3708 1405 πράξεων
3732 1331 3810 1402 τῷ

2226 1431 2491 1503 βορϐόρῳ,
2539 1432 2660 1502 μηδ’
2689 1431 2864 1495 οὕτως
2898 1431 3124 1496 ἀπόζειν
3172 1429 3363 1499 ὥσπερ
3395 1431 3422 1482 ὁ
3451 1427 3666 1498 Βαάνης
3709 1427 3812 1497 τὴν

2223 1523 2588 1594 ἀκαθαρσίαν,
2619 1522 2756 1576 ἀλλά
2789 1522 3006 1584 πολλοῖς
3029 1520 3238 1589 ταύτην
3271 1519 3366 1572 κα)¹
3404 1519 3670 1588 ῥημάτων
3709 1516 3811 1569 καὶ

2227 1616 2530 1684 φασμάτων
2551 1614 3030 1684 παρακαλύμμασι
3049 1611 3423 1683 περιστέλλειν
3441 1608 3636 1662 ἔλαϐεν
3657 1609 3814 1678 ἰσχὺν

2229 1707 2310 1768 εἰς
2342 1704 2436 1758 δύο
2481 1703 2582 1776 τὴν
2633 1706 2974 1760 ἀποστασίαν
3021 1707 3205 1774 σχῖσαι
3237 1703 3370 1773 (5|),
3420 1700 3661 1764 καὶτοὺς
3715 1702 3815 1770 μὲν

2229 1797 2344 1849 ὅσοι
2376 1797 2476 1867 τῆς
2525 1797 2743 1866 μερίδος
2797 1795 3056 1869 ὤφθησαν
3081 1796 3176 1850 τοῦ
3210 1797 3474 1858 Βαάνους,
3507 1796 3668 1856 αὐτὸς
3702 1793 3817 1846 δια-

550 1892 938 1957 invalescebat,
973 1894 1207 1963 indeque
1232 1894 1415 1948 odimn
1447 1895 1592 1948 inter
1635 1891 1988 1947 detestandas
2013 1889 2134 1942 illas

2247 1889 2424 1942 πτύων
2455 1889 2718 1954 Βαανίτας
2750 1890 2955 1945 ἐκάλει.
2993 1890 3232 1952 Ἐκεῖνος
3258 1888 3303 1941 δ’
3326 1886 3690 1958 ἀμειϐόμενος
3717 1885 3816 1955 τὴν

551 1983 818 2037 factiones
840 1983 1293 2038 irreconciliabile
1321 1982 1524 2037 factum
1554 1989 1659 2036 est.

2239 1978 2420 2050 ὓϐριν,
2447 1981 2856 2053 ἀποτροπαίους
2885 1998 2944 2033 τε
2972 1979 3065 2043 οὓς
3111 1982 3145 2052 ἡ
3177 1982 3343 2051 μοῖρα
3390 1974 3506 2048 εἶχε
3556 1977 3652 2031 τοῦ
3681 1978 3816 2048 Σερ-

551 2074 672 2143 γίου
699 2075 955 2140 ἐποιεῖτο,
978 2077 1072 2128 καὶ
1101 2074 1413 2145 Σεργιώτας
1442 2073 1726 2145 ὠνόμαζεν
1758 2073 1978 2142 ὁμοίως.
2010 2071 2121 2124 Καὶ
2157 2065 2227 2142 ἦν
2261 2073 2359 2142 μὲν
2388 2074 2571 2138 αὐτοῖς
2599 2076 2632 2145 ἡ
2694 2074 2816 2146 ἔρις
2856 2078 2951 2128 καὶ
2995 2075 3184 2139 στάσις
3219 2071 3343 2127 καθ’
3377 2072 3594 2144 ἡμέραν
3655 2071 3819 2138 αὐξο-

557 2172 696 2241 μένη
744 2187 804 2222 τε
834 2170 930 2223 καὶ
959 2171 1366 2240 κραταιουμένη
1403 2169 1497 2223 καὶ
1529 2168 1630 2232 τάς
1663 2167 1867 2240 μιαράς
1904 2166 2132 2238 μερίδας
2169 2168 2249 2230 είς
2273 2168 2535 2223 ἄσπονδον
2568 2170 2768 2242 ἔχθραν
2801 2170 3144 2225 καθεστῶσα.

627 2263 823 2318 XXIII.
865 2263 1179 2333 Insequenti
1208 2279 1338 2318 vero
1370 2273 1612 2332 tempore
1647 2263 1756 2316 vita
1795 2261 1985 2317 functo
2008 2261 2140 2314 Ser-

556 2357 643 2428 gio
674 2356 728 2409 in
752 2365 957 2409 tantam
981 2356 1232 2426 discipuli
1260 2356 1380 2426 ejus
1405 2363 1596 2410 contra
1628 2354 1882 2409 Baanitas
1912 2361 2143 2410 conten—

559 2449 765 2502 tionem
812 2457 1147 2518 eruperunt,
1198 2457 1258 2502 ut
1299 2464 1406 2504 non
1451 2448 1589 2502 ultra
1629 2447 1810 2502 verbis
1853 2455 1908 2500 et
1951 2454 2146 2500 contu-

562 2540 762 2604 meliis,
815 2539 911 2593 sed
958 2539 1206 2593 manibus
1265 2548 1321 2593 et
1360 2538 1571 2610 gladiis,
1631 2538 2036 2599 decerneretur,
2095 2545 2150 2589 et

560 2646 756 2700 magna
784 2630 1137 2684 caedeslieret
1164 2628 1558 2684 Baanistarum.
1621 2628 1953 2683 Przevalebat
2000 2627 2148 2680 enim

560 2723 735 2794 Sergii
804 2722 966 2776 factio
1019 2731 1129 2775 tum
1169 2722 1538 2788 multitudine,
1569 2729 1705 2785 tum,
1748 2720 1872 2790 quia
1919 2719 2150 2773 militum

564 2817 659 2885 qui
711 2815 855 2883 apud
903 2813 1026 2868 illos
1055 2822 1192 2878 erat,
1233 2814 1544 2882 prmfectus,
1581 2811 1772 2881 Sergio
1797 2810 2149 2874 assentiebat,

566 2923 631 2961 ac
661 2906 905 2961 Baanitm
931 2924 958 2959 a
984 2906 1381 2961 contribulibus
1407 2915 1461 2959 et
1483 2902 1861 2958 consectaneis
1914 2903 2156 2956 interne-

571 3004 731 3055 rione
751 2999 916 3054 deleti
947 2998 1205 3064 fuissent,
1246 2997 1351 3052 nisi
1373 2997 1618 3067 quidam,
1651 2996 1872 3049 nomine
1901 2994 2157 3048 Theodo-

2311 2265 2437 2318 ΚΡ.
2479 2266 2669 2336 Χρόνῳ
2693 2265 2748 2320 δὲ
2773 2265 3000 2336 ὕστερον
3025 2266 3239 2336 θανάτῳ
3264 2266 3354 2318 τὸν
3380 2265 3492 2335 βίον
3522 2265 3823 2330 καταστρέ-

2240 2356 2443 2425 ψαντος
2477 2357 2734 2428 Σεργίου,
2766 2359 2858 2410 ἐπὶ
2888 2357 3128 2411 τοιοῦτον
3159 2360 3209 2411 οἱ
3243 2358 3436 2411 τούτου
3470 2357 3712 2428 μαθηταὶ
3743 2357 3823 2418 εἰς

2241 2449 2340 2518 τὴν
2371 2449 2507 2518 πρὸς
2528 2451 2657 2512 τοὺς
2679 2450 2950 2513 Βαανίτας
2971 2450 3357 2523 ἀνερράγησαν
3393 2451 3594 2520 μάχην,
3628 2448 3703 2511 ὼς
3721 2449 3825 2500 οὐκ

2245 2539 2325 2593 ἔτι
2358 2541 2538 2608 λόγοις
2574 2543 2667 2594 καὶ
2698 2541 3012 2612 λοιδορίαις,
3051 2541 3186 2596 ἀλλά
3211 2541 3306 2597 καὶ
3337 2544 3494 2612 χερσὶ
3520 2542 3615 2594 καὶ
3641 2540 3824 2609 ξίφεσι

2249 2633 2534 2703 κρίνεσθαι
2575 2633 2671 2703 τὴν
2706 2633 2844 2705 ἔριν,
2879 2635 2975 2688 καὶ⁹
3004 2634 3173 2688 πολὺν
3213 2634 3374 2703 φόνον
3407 2633 3516 2687 τῶν
3551 2633 3827 2685 Βαανίτων

2252 2726 2466 2797 ῥυῆναι.
2532 2727 2859 2798 Ἐπεκράτει
2912 2728 3024 2800 γὰρ
3072 2728 3106 2798 ἡ
3152 2729 3320 2799 μερὶς
3364 2726 3592 2798 Σεργίου
3638 2724 3717 2794 τῷ
3767 2740 3827 2776 τε

2251 2817 2466 2887 πλήθει,
2499 2817 2592 2869 καὶ
2619 2819 2701 2870 δτι
2731 2819 2830 2886 τῆς
2863 2819 2920 2870 ὲν
2960 2819 3145 2882 αὐτοῖς
3181 2817 3467 2888 ὁπλιτικῆς
3495 2816 3777 2886 δυνάμεως
3802 2817 3830 2868 ὁ

2251 2910 2436 2980 ἄρχων
2485 2913 2551 2981 τῇ
2601 2909 2730 2980 δόξῃ
2782 2911 3182 2979 προσαπέκλινε
3219 2911 3468 2982 Σεργίου·
3528 2913 3622 2963 καὶ
3653 2909 3718 2963 ἂν
3751 2909 3831 2971 είς

2253 3002 2429 3068 τέλος,
2459 3002 2647 3074 ὥσπερ
2674 2999 2743 3074 ἦν
2775 3004 2945 3071 ἀξιον,
2983 3007 3030 3056 οἱ
3066 3004 3325 3057 Βαανῖται
3361 3003 3465 3056 ὑπὸ
3497 3003 3604 3055 τῶν
3636 3001 3830 3070 ὁμοδόο

577 3105 685 3157 tus,
716 3091 865 3146 cultu
903 3089 1124 3162 impius,
1161 3090 1206 3144 si
1239 3090 1360 3159 quis
1398 3089 1538 3142 alius
1586 3087 1758 3158 Sergii
1790 3085 2146 3155 comperegri-

2259 3095 2364 3160 ξων
2395 3096 2486 3149 κα)⁵
2514 3096 2802 3165 ὁμοφύλων
2835 3097 3034 3168 χειρῶν
3074 3094 3519 3166 ὠλοθρεύθησαν,
3550 3095 3598 3146 εί
3643 3095 3715 3163 μή
3746 3107 3832 3156 τις

574 3203 701 3252 nus,
734 3188 1070 3256 grassantem
1103 3183 1304 3237 caedem
1333 3180 1780 3252 compescuisset,
1812 3189 1869 3233 et
1896 3177 2159 3242 scdasset,

2257 3185 2508 3248 θεὸδοτος
2534 3185 2704 3254 ὄνομα
2722 3226 2734 3247 ,
2763 3184 3030 3256 δυσσεϐὴς
3062 3187 3110 3237 εί
3141 3183 3234 3238 καί
3258 3199 3343 3244 τις
3383 3182 3543 3244 ἀλλος
3567 3180 3665 3251 τὴν
3693 3179 3829 3250 θρη-

577 3288 693 3332 ῑιιιιι
721 3277 997 3331 blanditiae
1021 3276 1197 3346 plenis
1225 3275 1409 3330 verbis
1439 3289 1591 3337 usus,
1646 3283 1757 3326 tum
1803 3271 1966 3325 etiam
2007 3285 2146 3324 com-

2262 3277 2480 3342 σκείαν,
2523 3277 2856 3346 συνέκδημος
2913 3275 3145 3346 Σεργίου
3199 3274 3492 3344 λεγόμενος
3540 3271 3630 3324 τὸν
3675 3273 3833 3340 φόνον

574 3369 726 3424 muni
775 3370 852 3424 rei
899 3367 1152 3423 conferre
1205 3367 1483 3428 dictitans,
1533 3375 1696 3434 atque
1749 3363 1937 3417 multis
1992 3362 2156 3432 gestis

579 3462 870 3531 verbisque
915 3461 1182 3533 probans,
1228 3469 1516 3527 utramque
1573 3457 1863 3512 factionem
1913 3457 2156 3526 ejusdem

575 3569 702 3609 esse
754 3554 1000 3625 originis,
1065 3551 1372 3621 iisdemque
1432 3549 1924 3605 consuetudinibus
1969 3565 2159 3603 accre-

578 3649 746 3712 visse,
775 3660 1119 3700 communem
1149 3643 1407 3700 habuisse
1439 3645 1663 3708 victum,
1711 3642 2002 3697 concordia
2057 3642 2158 3696 sibi

583 3739 936 3793 securitatem
957 3752 1212 3808 parasse,
1243 3751 1366 3791 cum
1402 3736 1456 3790 in
1479 3734 1661 3789 dubiis
1683 3735 1826 3789 circa
1857 3734 2161 3788 doctrinam

586 3833 717 3887 nihil
746 3831 928 3900 magni
945 3831 1205 3885 momenti
1228 3840 1408 3894 esset;
1439 3829 1706 3897 annisque
1738 3828 1926 3882 multis
1947 3828 2018 3881 ita
2038 3843 2163 3897 per-

587 3941 865 3981 sevcrasse
893 3939 1064 3996 usque
1084 3923 1150 3978 ad
1171 3923 1346 3994 Sergii
1378 3922 1622 3994 magistri
1654 3920 2122 3990 inaugurationeu't
2145 3937 2158 3973 :

586 4033 696 4072 non
718 4027 971 4086 oportere
1001 4025 1082 4069 l0l.
1109 4030 1377 4069 annorum
1401 4028 1726 4069 consensum
1767 4021 1820 4066 οι
1849 4011 2160 4065 societatem

587 4112 643 4163 in
670 4108 988 4179 sanguinem
1031 4116 1088 4162 et
1123 4106 1299 4162 caedes
1340 4107 1612 4170 desinere,
1669 4120 1846 4174 neque
1898 4120 1996 4174 par
2043 4119 2164 4159 esse

587 4215 702 4263 eos,
736 4199 866 4268 quin
900 4200 953 4252 in
983 4197 1146 4252 rebus
1174 4196 1463 4267 prmeipuis
1497 4195 1659 4249 etiam
1694 4210 1844 4248 nunc
1886 4193 2162 4264 conjuncti

587 4301 643 4345 et
669 4291 917 4360 ejusdem
955 4289 1231 4360 Opinionis
1256 4297 1461 4352 essent,
1505 4287 1576 4341 ob
1627 4287 1888 4356 quasdam
1918 4296 2166 4341 recentes

585 4383 986 4436 controversias
1030 4381 1174 4434 ultro
1212 4379 1460 4448 citroque
1524 4377 1794 4440 subortas,
1850 4377 2003 4448 quasi
2047 4393 2167 4430 om-

587 4474 720 4529 nino
761 4473 1124 4528 heterodoxos
1171 4480 1226 4526 et
1278 4471 1473 4542 impios
1519 4469 1695 4541 gladio
1724 4479 1781 4522 et
1809 4469 1978 4523 exitio
2005 4469 2164 4523 tradi.

587 4565 812 4620 Talibus
863 4565 954 4619 ille
1002 4564 1165 4618 dictis
1200 4573 1444 4617 mutuam
1474 4562 1676 4616 caedem
1728 4572 2166 4631 compescuerat,

2259 3370 2426 3434 ὀξέως
2456 3369 2647 3440 ῥέοντα
2677 3368 2872 3438 ἀνέσχε
2900 3385 2959 3420 τε
2989 3368 3082 3420 καὶ
3105 3366 3386 3434 ἀνέκοψεν,
3411 3363 3590 3426 ἀλλοις
3618 3379 3675 3414 τε
3706 3361 3835 3415 πολ-

2258 3461 2370 3523 λοῖς
2401 3459 2670 3529 αἱμυλίοις
2696 3459 2873 3526 λόγοις
2903 3459 2997 3510 καὶ
3022 3457 3084 3510 τὸ
3117 3460 3269 3527 κοινῇ
3313 3459 3560 3510 συνοῖσον
3584 3453 3836 3523 εἰσηγού-

2263 3568 2443 3622 μενος,
2481 3550 2721 3620 φάμενός
2764 3568 2824 3602 τε
2867 3551 2960 3603 καὶ
3009 3549 3435 3617 διατεινόμενος,
3473 3548 3568 3600 καὶ
3619 3547 3836 3608 πολλοῖς

2259 3642 2688 3706 κατασκευάζων
2714 3641 2895 3713 ἔργοις
2917 3681 2930 3706 ,
2969 3643 3061 3695 καὶ
3087 3641 3267 3710 λόγοις
3299 3641 3361 3693 τὸ
3393 3640 3838 3710 προτεινόμενον.

2259 3736 2334 3798 ὡς
2357 3736 2595 3806 ἑκατέρα
2621 3737 2775 3806 μερὶς
2802 3736 2900 3804 τῆς
2921 3736 3090 3805 αὐτῆς
3117 3737 3222 3786 εἰσι
3249 3733 3603 3805 βλαστήματα
3631 3733 3840 3801 σπορᾶς

2259 3829 2356 3883 καὶ
2401 3831 2514 3892 τοῖς
2544 3829 2724 3890 αὐτοῖς
2753 3827 2900 3880 ἔθεσι
2935 3825 3352 3898 συνηυξήθησαν
3387 3828 3481 3880 καὶ
3506 3825 3689 3894 κοινὴν
3723 3824 3838 3893 (52)

2262 3921 2362 3990 τὴν
2393 3921 2604 3974 δίαιταν
2629 3915 2796 3988 εἶχον,
2820 3921 2914 3972 καὶ
2948 3920 3171 3990 ὁμονοίᾳ
3199 3918 3656 3990 περιετειχίζοντο
3685 3916 3839 3970 οὐδὲν

2266 4013 2408 4083 μέγα
2443 4015 2572 4084 περὶ
2613 4011 2722 4064 τῶν
2755 4011 3246 4082 ἀμφιϐαλλομένων
3297 4012 3709 4076 στασιάζοντες,
3748 4011 3842 4062 καὶ

2261 4107 2421 4160 τοῦτο
2441 4105 2666 4176 ἐκράτει
2685 4105 2896 4176 χρόνοις
2919 4104 3134 4169 πολλοῖς
3165 4106 3328 4177 μέχρι
3348 4107 3449 4177 τῆς
3477 4105 3569 4159 τοῦ
3597 4105 3846 4159 διδασκά-

2265 4199 2359 4252 λου
2393 4198 2621 4270 Σεργίου
2656 4197 2980 4260 ἀναδείξεως
3021 4198 3115 4251 καὶ
3157 4197 3232 4261 ὼς
3259 4197 3319 4251 οὐ
3360 4197 3466 4268 χρὴ
3507 4197 3568 4249 οὐ
3613 4196 3712 4266 μὲν
3751 4195 3845 4250 οὖν

2265 4291 2365 4362 τὴν
2396 4293 2453 4342 ὲν
2485 4288 2758 4352 τοσούτοις
2786 4285 3000 4360 χρόνοις
3016 4289 3322 4360 σύμπνοιάν
3339 4307 3399 4342 τε
3427 4289 3521 4344 καὶ
3547 4290 3846 4358 συνάφειαν

2267 4384 2347 4446 εἰς
2371 4382 2576 4452 αἵματα
2603 4381 2697 4434 καὶ
2725 4382 2941 4449 σφαγάς
2967 4381 3236 4444 διαλῦσαι,
3273 4381 3394 4435 οὐδὲ
3431 4379 3558 4443 τοὺς
3589 4381 3670 4443 είς
3703 4371 3846 4433 αὐτὰ

2267 4475 2338 4527 τὰ
2376 4475 2567 4545 καίρια
2613 4473 2724 4544 (55)
2769 4476 2864 4526 καὶ
2908 4472 3003 4526 νῦν
3057 4474 3438 4543 συνημμένους
3493 4472 3604 4544 (54)
3637 4489 3696 4526 τε
3751 4473 3848 4524 καὶ

2271 4564 2708 4635 ὁμοφρονοῦντας
2752 4567 2841 4619 διά
2881 4583 3032 4627 τινας
3079 4567 3409 4634 προσφάτως
3448 4564 3562 4636 (55)
3611 4566 3846 4636 ἀναρρι-

588 4658 734 4726 quod
771 4658 977 4711 utinam
1004 4656 1204 4710 factum
1225 4670 1332 4707 non
1366 4654 1556 4708 fuisset
1595 4671 1607 4705 :
1640 4652 1759 4707 lues
1801 4653 1944 4705 enim
1982 4653 2066 4706 illa
2093 4663 2146 4707 to

2278 4657 2565 4718 πισθείσας
2603 4657 2867 4728 διαφοράς
2896 4656 2970 4720 ὡς
3003 4655 3115 4722 (56)
3151 4657 3532 4727 ἑτεροπίστους
3571 4656 3858 4720 παντελῶς

588 4751 893 4803 animarum
924 4748 1222 4820 perniciem
1259 4762 1364 4800 non
1395 4756 1655 4816 parasset.

2281 4751 2376 4802 καὶ
2431 4749 2626 4813 ἀθέους
2679 4750 2758 4812 εἰς
2797 4749 2889 4801 τὸν
2941 4750 3028 4802 διὰ
3074 4747 3258 4816 ξίφους
3300 4749 3518 4818 ὄλεθρον
3553 4747 3663 4820 (ῑξῗ)
3694 4747 3852 4814 ἀφει-

590 4844 696 4906 δῶς
723 4842 1137 4912 παραπέμπειν.
1178 4840 1316 4892 Ἀλλ’
1345 4841 1373 4890 ὁ
1401 4841 1500 4908 μὲν
1523 4841 1785 4905 τοιούτοις
1813 4840 1924 4892 τισὶ
1954 4840 2164 4911 ῥήμασι
2197 4842 2288 4895 τὸν
2315 4842 2436 4897 κατ’
2457 4843 2704 4912 ἀλλήλων
2739 4841 2832 4908 (ὡς
2862 4840 2974 4893 εἴθε
3001 4841 3074 4912 μὴ
3101 4838 3328 4909 ὤφελεν·
3355 4840 3415 4893 οὐ
3434 4841 3543 4911 γὰρ
3575 4839 3683 4892 ave
3711 4839 3853 4908 ψυχ-

590 4935 811 5004 ὀλεθρος
838 4934 1056 4994 πλείους
1092 4930 1400 5002 ἐπενεμήθη
1426 4931 1624 5001 ψυχὰς)
1661 4932 1852 5002 ἔστησε
1881 4930 2060 4998 φόνον.

1692 5042 1923 5098 VARle
1960 5041 2340 5097 LECTIONES
2377 5042 2464 5096 ET
2509 5041 2746 5097 ΝΟΤΑΞ.

669 5157 776 5230 (49)
818 5156 1203 5230 Πρά-ττεσοαι.
1237 5155 1425 5220 Recte,
1451 5172 1558 5226 .pro
1579 5171 1644 5210 eo
1677 5157 1822 5225 quod
1860 5165 2046 5212 noster
2071 5158 2163 5210 ha—

593 5227 688 5287 bet
718 5227 1134 5298 πραττ-εύεσθαι.

668 5296 778 5369 (50)
818 5297 1154 5365 Ἀκροατήν.
1179 5296 1436 5369 Optime;
1467 5296 1945 5369 nostermcndose
1964 5296 2160 5365 ἀκροα-

593 5366 711 5432 τάξ.
744 5373 953 5424 De.uno
989 5371 1136 5423 cnim
1169 5367 1359 5436 Sergio
1396 5382 1574 5420 sermo
1623 5366 1711 5419 hic
1751 5376 1864 5430 est,
1913 5377 2168 5435 tanquam

590 5441 684 5509 qui
709 5439 905 5493 multos
937 5455 1001 5492 ex
1033 5437 1509 5509 praestantiorihus
1531 5436 1844 5509 doctoribus
1879 5438 2165 5509 audiverit.

593 5506 629 5633 l-
669 5509 778 5590 (δι)
819 5506 1052 5578 Σχῖσαιζ
1089 5509 1254 5561 [lecte
1295 5522 1394 5575 pro
1425 5506 1672 5575 σχίσθαι,
1702 5508 1845 5575 quod
1884 5508 1938 5560 in
1982 5517 2172 5560 nostro

617 5591 812 5633 eattur.

617 5591 812 5635 emtur.

651 5621 779 5719 0(5'2)
820 5648 1060 5713 Κοινήν.
1122 5647 1196 5700 lta
1234 5646 1447 5719 restitui
1488 5661 1549 5700 ex
1605 5657 1827 5712 nostro,
1864 5661 1964 5716 pro
1997 5649 2169 5716 κοινῇ,

593 5717 739 5792 quod
776 5721 1010 5792 habebat
1035 5717 1417 5792 Quislinianus.

665 5790 778 5862 (55)
808 5791 1032 5862 Καίρια,
1063 5789 1119 5840 ld
1147 5797 1247 5850 est,
1275 5789 1569 5857 prarripum,
1596 5788 1896 5858 palmaria'.
1929 5787 2018 5840 Sic
2049 5787 2172 5840 rhe-

596 5860 805 5919 fotibus
842 5860 1029 5929 καίρια
1082 5869 1346 5914 vocantur
1394 5876 1456 5913 ca
1491 5869 1810 5931 argumenta
1834 5899 1848 5925 ,
1895 5874 2017 5928 qua:
2056 5874 2167 5911 rem

2265 5156 2584 5226 conficiunt.
2617 5154 2756 5209 Vide
2785 5155 3090 5226 Longinum
3124 5157 3259 5224 Περὶ
3290 5156 3478 5225 ὕψους,
3505 5169 3640 5212 sect.
3676 5158 3765 5222 10,
3796 5160 3851 5213 1.

2263 5225 2465 5298 Confer
2486 5225 2675 5280 Claud.
2707 5225 3053 5298 Salrnasiurn,
3086 5229 3164 5280 Ad
3191 5227 3542 5297 Simplicium,
3582 5245 3637 5298 p.
3663 5231 3717 5282 4.

2342 5296 2452 5366 (Μ)
2509 5295 2960 5366 Συνημμένους.
3023 5296 3240 5366 Optime
3299 5295 3397 5368 pro
3462 5295 3858 5368 συνηγμένους,

2270 5369 2414 5438 quod
2476 5369 2949 5438 nosterrlegebat.
3010 5368 3172 5422 Prius
3235 5371 3457 5438 proprie
3527 5371 3860 5438 conjunctus

2272 5437 2474 5500 animo,
2505 5437 2773 5506 posterius
2801 5437 2918 5490 loco
2940 5439 3161 5506 junctos
3187 5437 3430 5493 denotat.

2346 5509 2457 5576 (55)
2508 5507 2894 5575 Προσφάτως.
2948 5507 3118 5563 Recte
3168 5509 3536 5564 (Zoislinianus
3593 5527 3605 5562 :
3667 5521 3863 5565 noster

2270 5578 2640 5650 προσφάτους,
2673 5578 2866 5650 eodem
2909 5579 3128 5650 quidem
3177 5595 3361 5641 sensu,
3395 5583 3487 5633 sed
3529 5583 3713 5635 minus
3743 5583 3864 5634 ele-

2271 5657 2652 5728 ganterucum
2696 5649 3014 5704 adverbium
3062 5649 3153 5704 hic
3187 5651 3360 5721 magis
3388 5654 3641 5719 quadret,
3689 5668 3859 5721 quam

2269 5729 2636 5789 partietptum.

2345 5790 2455 5855 (56)
2494 5789 2610 5854 Ὧς.
2643 5789 2841 5851 Recte,
2875 5805 2974 5860 pro
3016 5807 3125 5860 quo
3151 5791 3419 5846 mendose
3476 5792 3532 5846 in
3563 5804 3755 5846 nostro
3783 5795 3858 5848 εἰ.

2345 5860 2454 5932 (57)
2486 5861 2794 5928 Ὀλεθρον.
2821 5861 3019 5919 Noster
3041 5863 3270 5918 θάνατον
3299 5862 3428 5936 legit
3447 5864 3639 5920 eodem
3663 5879 3836 5918 sensu
