4110 6420
273 419 343 481 77
1369 417 1676 479 CONTRA
1715 414 2179 478 MANICH/EOS
2213 418 2447 478 LIBER
2485 417 2531 477 Ι.
3492 409 3564 472 78

349 530 476 582 KA'.
506 527 730 598 Μιχαὴλ
761 528 1013 599 μέντοιγε
1043 526 1155 600 (58)
1179 528 1272 582 τοῦ
1305 529 1595 600 βασιλέως,
1619 530 1689 583 τά
1730 528 1866 584 Ῥω-

2046 528 2237 586 XXIV.
2276 528 2509 583 Michael
2544 542 2697 593 vero,
2754 526 2846 595 qui
2904 522 3317 596 imperatoriam
3351 530 3565 578 vestem

274 622 457 694 μαϊκά
489 622 747 693 σκῆπτρα
780 621 1082 689 διέποντος,
1115 622 1175 687 ὃς
1197 623 1263 675 ἐκ
1290 622 1393 691 τῆς
1433 621 1709 692 βασιλείου
1742 639 1865 675 στο-

271 711 375 782 λῆς
406 714 487 775 είς
526 711 588 764 τὸ
634 712 746 765 τῶν
784 714 1038 785 μοναχῶν
1078 713 1326 785 ἠμείφθη
1377 715 1597 785 σχῆμα,
1630 715 1727 767 καὶ
1771 712 1867 766 τοῦ

275 805 402 873 μετ’
425 805 587 857 αὐτὸν
618 804 1040 873 βασιλεύσαντος
1062 807 1290 871 Λέοντος
1312 808 1413 861 οὐκ
1453 810 1511 860 ἐν
1535 808 1614 879 τῷ
1637 808 1868 881 ρᾳθύμῳ

272 893 379 961 τὴν
405 892 742 964 ἀναζήτησιν
766 894 861 948 καὶ⁵
891 894 1123 965 ἔρευναν
1148 896 1250 966 τῆς
1279 897 1617 957 ἁποστασίας
1644 897 1869 966 τιθεμέ-

273 999 411 1045 νων,
435 984 571 1037 ἀλλὰ
592 987 688 1039 καὶ
710 986 949 1055 σπουδὴν
970 986 1067 1057 τὴν
1094 988 1412 1057 πρέπουσαν
1428 988 1864 1058 ἀναδεξαμένων,

273 1075 596 1130 στέλλονταί
644 1096 789 1142 τινες
828 1078 939 1134 τῶν
985 1081 1087 1134 οὐκ
1129 1083 1362 1152 ἀσήμων
1396 1082 1502 1135 ἀνά
1550 1084 1729 1136 πᾶσαν
1770 1082 1871 1153 τὴν

288 1165 611 1239 Ῥωμαϊκὴν
653 1170 829 1241 ἀρχὴν
849 1213 863 1236 ,
892 1174 1050 1237 τοὺς,
1086 1174 1138 1227 εῖ
1167 1190 1313 1237 τινες
1332 1173 1399 1228 ἂν
1433 1174 1740 1246 φωραθεῖεν
1770 1176 1871 1244 τῆς

272 1258 544 1331 τοιαύτης
571 1262 795 1331 κάτοχοι
818 1262 1151 1335 θεομαχίας,
1197 1266 1432 1338 ἐπείπερ
1477 1266 1741 1330 πολλάκις
1768 1268 1868 1320 αὐ-

278 1352 413 1416 τοὺς
427 1354 482 1405 αἱ
502 1353 611 1406 τῶν
628 1354 930 1425 ἀρχιερέων
950 1357 1044 1410 καὶ
1059 1358 1249 1428 ἱερέων
1265 1358 1539 1414 νουθεσίαι
1557 1360 1650 1413 καὶ
1672 1376 1874 1428 παραι-

280 1444 465 1504 νέσεις
487 1443 636 1495 οὐδὲν
656 1441 781 1495 οὔτε
798 1442 1040 1514 ῶνησαν,
1064 1445 1190 1499 οὔτε
1213 1447 1567 1516 μεταϐάλλειν
1590 1448 1703 1521 (59)
1725 1447 1873 1501 ἐπει-

278 1550 387 1586 σαν
407 1532 509 1605 τὴν
532 1533 812 1600 ἀσέϐειαν,
833 1535 1057 1600 τούτους
1076 1536 1288 1601 οὕτωςὰ
1298 1538 1626 1608 μεταθέτως
1648 1538 1873 1609 ἔχοντας

278 1626 363 1689 ὡς
394 1626 583 1696 κοινὴν
604 1625 783 1699 λύμην
813 1627 909 1682 καὶ⁸
926 1628 1133 1697 φθορὰν
1165 1628 1260 1682 τοῦ
1282 1629 1471 1697 γένους
1490 1630 1629 1701 πρὸς
1657 1631 1749 1685 τὸν
1784 1630 1874 1684 διὰ

279 1718 477 1783 ξίφους
499 1717 728 1772 θάνατον
757 1721 1011 1789 ὑπάγειν.
1043 1717 1222 1775 Ἧκεν
1251 1718 1344 1776 οὖν
1374 1722 1444 1775 τὰ
1471 1723 1875 1794 προστάγματα

281 1812 383 1864 καὶ
416 1813 495 1874 είς
536 1812 634 1882 τὴν
678 1812 1023 1883 καλουμένην
1070 1812 1255 1884 χώραν
1296 1814 1406 1868 τῶν
1471 1814 1871 1888 Ἀρμενιακῶν.

1967 621 2022 677 in
2051 623 2431 677 monachalem
2454 620 2831 683 commutavit,
2878 618 3077 689 eteius
3104 632 3390 674 successor
3433 614 3565 680 Leo,

1968 712 2036 767 de
2065 710 2374 783 hujusmodi
2392 713 2661 785 apostasia
2695 712 3151 783 perquisitioncm
3198 710 3314 764 fieri
3342 725 3454 764 non
3485 709 3571 763 in-

1972 804 2269 875 diligenter
2298 817 2582 869 curarunt,
2634 806 2729 860 sed
2759 822 2864 875 qua
2915 822 3014 876 par
3046 814 3166 863 erat
3204 805 3572 860 sollicitudine

1968 912 2068 967 per
2093 912 2286 952 omnes
2339 897 2554 967 imperii
2606 897 2840 951 Romani
2908 897 3046 951 lines
3096 898 3246 951 viros
3306 896 3573 967 dignitate

1968 995 2293 1057 prmstantes
2324 986 2617 1053 miserunt,
2646 998 2728 1051 ut,
2758 987 3202 1057 quandoquidem
3221 987 3289 1042 ab
3303 987 3572 1057 episcopis

1969 1088 2026 1133 et
2091 1078 2473 1134 sacerdotibus
2520 1078 2841 1149 frequenter
2890 1080 3081 1134 moniti
3136 1079 3284 1150 impii
3341 1079 3418 1134 illi
3471 1095 3576 1135 nec

1969 1172 2515 1241 obtemperaverant,
2579 1188 2683 1227 nec
2725 1173 3095 1244 resipuerant,
3127 1173 3173 1227 si
3203 1188 3342 1243 quos
3375 1173 3574 1244 depre-

1970 1263 2393 1319 henderenttali
2424 1263 2694 1333 irnpietati
2731 1264 3021 1329 obnoxios,
3056 1266 3150 1335 qui
3183 1264 3250 1318 ad
3290 1264 3577 1320 meliorem

1971 1370 2030 1410 se
2058 1354 2269 1427 frugem
2316 1354 2563 1426 recipere
2604 1356 2851 1421 nollent,
2894 1356 3048 1425 quasi
3088 1372 3438 1411 communem
3480 1371 3579 1426 pe-

1978 1460 2117 1503 stem
2143 1460 2200 1504 et
2226 1449 2444 1521 generis
2471 1449 2697 1503 humani
2730 1448 3031 1520 perniciem
3053 1447 3228 1519 gladio
3251 1447 3576 1518 plecterent.

1975 1542 2105 1597 Haec
2148 1542 2333 1612 itaque
2383 1541 2538 1612 jussa
2569 1550 2847 1597 venerunt
2888 1541 2942 1595 in
2980 1535 3581 1612 regionem'Armenia-

1974 1649 2165 1689 eorum
2193 1634 2418 1689 dictam.
2461 1634 2703 1689 Thomas
2742 1648 2873 1688 vero
2910 1642 3039 1687 tunc
3063 1632 3431 1686 Neocaesareaa
3458 1633 3580 1702 epi-

1976 1740 2174 1795 seopus
2201 1734 2341 1792 erat,
2365 1724 2554 1780 aderat
2577 1734 2632 1779 et
2649 1724 2788 1779 alius
2811 1723 3030 1795 quidam
3064 1720 3287 1776 nomine
3305 1719 3581 1777 Paraeon-

1977 1818 2160 1884 daces,
2191 1818 2284 1888 qui
2348 1826 2479 1873 tunc
2535 1817 2805 1888 temporis
2846 1815 3127 1871 eminebat
3162 1815 3304 1871 inter
3333 1829 3448 1881 eos,
3485 1813 3579 1884 qui

282 1902 494 1972 Θωμᾶς
537 1903 596 1957 δὲ
635 1899 704 1974 ἦν
750 1904 1053 1975 τηνικαῦτα
1096 1905 1534 1977 Νεοκαισαρείας
1577 1906 1878 1969 ἐπίσκοπος

1993 1914 2276 1969 honestate
2313 1926 2529 1967 morum
2561 1910 2796 1983 prazditi,
2843 1908 3220 1964 sublimiorem
3260 1906 3387 1962 vitae
3409 1907 3582 1961 ratio-

284 1995 385 2048 καί
407 2013 490 2059 τις
512 1996 600 2050 ἐτε
610 2014 701 2066 ρος
718 1997 1149 2070 Παρακονδάκης
1174 1998 1465 2071 ἐπώνυμος
1484 1999 1730 2071 ἐξάρχων
1756 1998 1877 2054 κατ’

285 2089 472 2141 ἐκεῖνο
504 2087 699 2162 καιροῦ
723 2089 833 2142 τῶν
859 2090 974 2144 ὅσοι
1003 2091 1103 2162 τῆς
1126 2091 1269 2146 κατά
1287 2091 1380 2146 τὸν
1405 2091 1519 2162 βίον
1549 2092 1881 2164 σεμνότητος

286 2179 535 2249 εἴχοντο,
582 2181 679 2235 καὶ
729 2184 833 2253 τῆς
877 2181 1221 2255 ὑψηλοτέρας
1272 2183 1550 2247 πολιτείας
1599 2183 1881 2238 ἐποιοῦντο

289 2270 627 2343 ἐπάγγελμα
652 2276 942 2344 συντηρεῖν
966 2275 1037 2327 τὰ
1062 2274 1282 2344 δέσμια.
1310 2276 1532 2330 Τούτων
1554 2277 1738 2330 τοίνυν
1769 2276 1883 2330 τῶν

282 2366 507 2437 ἀνδρῶν
543 2366 795 2436 ἑκάτεροι
830 2367 948 2437 ἅμα
981 2368 1352 2439 συνεδριάζειν
1380 2368 1521 2437 μετά
1550 2369 1648 2423 καὶ
1680 2370 1885 2440 ἐτέρων

290 2456 458 2509 τινῶν
482 2454 679 2524 λογίων
712 2455 989 2525 βασιλικὸν
1012 2455 1302 2527 δεξάμενοι
1329 2456 1644 2527 θέσπισμα,
1675 2454 1772 2520 οὓς
1810 2456 1879 2509 ἂν

292 2548 409 2601 τῶν
466 2548 789 2602 ἀποστατῶν
837 2549 872 2620 ἡ
926 2550 1179 2620 πολιτικὴ
1229 2550 1353 2621 χεὶρ
1386 2547 1645 2620 ε’ύρισκέν
1689 2564 1750 2602 τε
1790 2548 1887 2602 καὶ

300 2638 730 2709 συνελάμϐανεν,
752 2641 849 2693 καὶ
869 2642 1006 2711 πρὶς
1028 2641 1228 2704 αὐτοὺς
1247 2640 1604 2711 διεπέμπετο,
1626 2638 1889 2711 ἐξήταζον

305 2747 369 2784 τε
394 2731 489 2784 καί
518 2731 870 2800 ἐλογοθέτουν
891 2732 1396 2803 λεπτομερέστερον
1416 2772 1431 2797 ,
1453 2734 1550 2786 καὶ
1574 2733 1704 2796 τοὺς
1726 2733 1889 2785 ὑπαι-

304 2820 455 2884 τίους
468 2820 574 2875 τῶν
601 2821 859 2876 ἀναιτίων
882 2821 1335 2893 φυλοκρινοῦντες
1358 2823 1485 2887 τοὺς
1504 2822 1607 2892 μὲν
1629 2822 1889 2887 ἀπέλυον,
1916 2814 1921 2817 μ

303 2913 423 2967 ἐστι
467 2913 513 2966 δ’
565 2912 660 2977 οὓς
699 2915 795 2967 καὶ
840 2914 1140 2985 ἐπιτιμίοις
1169 2916 1650 2985 ὲκκλησιαστικοῖς
1680 2914 1893 2969 καθυπ-

297 3006 531 3061 έϐαλλον
548 3046 566 3072 ,
591 3007 718 3071 τοὺς
744 3006 801 3059 δὲ
835 3007 1120 3071 παντελῶς
1153 3008 1409 3072 ἀνιάτους
1435 3010 1485 3063 οί
1508 3008 1775 3062 πολιτικοὶ
1805 3008 1892 3061 νό-

301 3116 421 3170 μοι,
463 3101 694 3155 καὶτῶν
729 3103 788 3154 ἐν
822 3103 1005 3166 αὐτοῖς
1050 3104 1330 3174 ἀρχόντων
1357 3103 1785 3175 παρελάμϐανεν
1832 3103 1895 3155 τὸ

294 3192 694 3264 δικαιωτήριον
720 3192 857 3265 (60).
888 3195 1047 3249 Οὕτω
1072 3195 1139 3267 δὴ
1160 3196 1263 3265 τῆς
1290 3198 1521 3268 ἐρεύνης
1552 3215 1612 3251 τε
1642 3197 1738 3251 καὶ
1769 3197 1893 3277 κρίς

303 3303 446 3348 σεως
496 3286 591 3338 καὶ
641 3286 736 3339 τοῦ
792 3286 1103 3356 λογοθεσίου
1162 3290 1297 3360 (lii),
1353 3292 1448 3344 καὶ
1498 3291 1596 3360 τῆς
1635 3286 1924 3360 πράξεωςῖ

301 3377 608 3448 προϊούσης
654 3378 972 3449 μερίζονται
1018 3381 1128 3434 τῶν
1176 3383 1485 3453 εἰρημένων
1537 3382 1743 3454 κριτῶν
1792 3382 1892 3451 τὴν

305 3470 527 3539 σφαγὴν
551 3470 605 3523 οἵ
623 3487 686 3522 τε
729 3470 1013 3542 λεγόμενοι
1056 3473 1435 3545 Κυνοχωρίται
1480 3473 1617 3545 (69.),
1662 3475 1758 3527 καὶ
1797 3472 1892 3538 οὓς

306 3562 665 3631 ἐπωνόμαζον
722 3563 1038 3627 Ἀστάτους.
1099 3558 1282 3618 Ἦσαν
1332 3564 1390 3617 δὲ
1445 3557 1593 3619 οὗτοι
1639 3565 1748 3618 τῶν
1795 3565 1890 3619 τοῦ

309 3653 541 3723 Σεργίου
590 3653 849 3724 μαθητῶν
890 3656 942 3709 οί
970 3656 1215 3724 λογάδες.
1263 3657 1326 3711 Οί
1368 3657 1466 3727 μὲν
1507 3652 1601 3711 οὖν
1636 3658 1895 3711 Ἀστατοι

314 3746 546 3815 μηδενὸς
574 3747 768 3818 ἐτέρου
808 3747 1097 3818 δεηθέντες
1142 3748 1299 3802 αὐτοὶ
1339 3750 1463 3804 καθ’
1493 3750 1724 3814 ἑαυτοὺς
1756 3749 1894 3820 δόλῳ

310 3839 408 3890 καὶ
438 3839 702 3909 προδοσίᾳ
730 3839 1177 3908 κατασφάξουσιν
1206 3839 1298 3893 τὸν
1321 3840 1613 3912 εἰρημένον
1641 3840 1891 3911 ἔξαρχον.

309 3929 437 3993 Τοῖς
459 3929 517 3983 δὲ
549 3930 962 4002 Κυνοχωρίταις
990 3931 1227 4005 ἐπείπερ
1256 3932 1429 3988 ἐνέδει
1463 3933 1772 4005 στρατηγὸς
1800 3931 1895 3986 τοῦ

312 4022 648 4093 μιάσματος,
685 4019 765 4086 εἷς
798 4024 907 4078 τῶν
934 4026 1243 4096 εἰρημένων
1278 4025 1557 4079 Ἀστάτων
1582 4026 1896 4095 ἐφίσταται,

310 4116 411 4171 καὶ
445 4116 857 4185 κατασφάζουσι
893 4117 990 4171 καὶ
1026 4118 1182 4171 αὐτοὶ
1218 4119 1309 4172 τὸν
1343 4120 1608 4191 ἀρχιερέα
1638 4120 1734 4173 τοῦ
1765 4118 1897 4173 Θεοῦ

310 4209 539 4277 θωμᾶν.
584 4208 833 4278 ’Δναίδην
863 4208 919 4262 δὲ
948 4209 1153 4264 τούτων
1182 4210 1326 4265 οὕτω
1354 4210 1860 4283 παρανομηθέντων
1882 4252 1898 4277 ,

310 4300 391 4365 ὼς
424 4300 594 4373 ἔφην,
633 4302 901 4372 ἑκατέρας
937 4305 1257 4374 μιαιφονίας
1303 4306 1726 4376 ἀρχιτέκτονες,
1770 4308 1902 4375 φεύ-

312 4410 477 4462 γουσι
509 4394 610 4465 μὲν
629 4394 730 4449 σὺν
749 4396 864 4458 τοῖς
888 4395 1180 4466 ἑπομένοις
1219 4397 1423 4469 σπουδῇ
1450 4398 1560 4469 (65)
1586 4398 1695 4452 ἀπὸ
1721 4400 1903 4469 πάσης

312 4486 442 4557 τῆς,
476 4486 544 4555 ἣν
573 4487 601 4538 ὁ
625 4487 971 4557 Χριστιανῶν
990 4488 1217 4558 ἐκόσμει
1241 4489 1442 4561 θεσμὸς
1464 4530 1479 4555 ,
1505 4491 1903 4562 παραγίνονται

1982 2020 2109 2060 nem
2142 2004 2559 2075 proﬁtebantur.
2621 2002 2798 2056 Ambo
2848 2000 3015 2073 igitur
3072 1996 3427 2069 imperatorio
3484 1995 3584 2052 de-

1981 2105 2145 2153 creto
2182 2111 2309 2151 cum
2344 2095 2467 2150 aliis
2492 2093 2822 2165 quibusdam
2861 2091 3093 2149 eruditis
3113 2090 3246 2146 viris
3271 2089 3586 2146 consultare

1978 2188 2149 2260 jussi,
2198 2194 2475 2258 apostatas
2505 2201 2537 2240 a
2572 2183 2792 2256 politica
2848 2199 3017 2238 manu
3062 2180 3133 2236 ad
3170 2180 3276 2236 hoc
3321 2180 3585 2251 deputata

1985 2280 2360 2350 deprehensos
2396 2290 2451 2334 et
2479 2278 2690 2333 oblatos
2720 2275 3130 2340 examinabant,
3189 2284 3247 2329 et
3269 2271 3584 2329 minutatim

1986 2372 2419 2444 interrogabant,
2450 2380 2751 2441 sontesque
2779 2371 2847 2425 ab
2869 2366 3180 2425 insontibus
3228 2374 3586 2437 sequestran-

1987 2472 2091 2529 tes,
2114 2463 2247 2518 alios
2260 2463 2481 2533 quidem
2511 2462 2894 2524 absolvehant,
2917 2459 3213 2515 nonnullos
3252 2455 3587 2513 ecclesiasti-

1989 2556 2069 2611 cis
2087 2554 2267 2626 poznis
2299 2554 2704 2625 subiiciebant;
2733 2552 2954 2623 penitus
2988 2549 3318 2606 insanabiles
3347 2548 3588 2620 politicis

1990 2648 2204 2719 legibus
2229 2658 2281 2703 et
2319 2649 2738 2719 magistratuum
2786 2643 3044 2700 tribunali
3103 2643 3409 2698 tradebant.
3444 2640 3586 2696 Dum

1996 2754 2255 2806 examen,
2277 2738 2569 2811 judicium,
2605 2735 2965 2808 interrogatio
3003 2746 3060 2791 et
3124 2745 3245 2791 acta
3273 2734 3355 2790 sic
3388 2749 3587 2806 proce-

1992 2832 2191 2888 derent
2222 2874 2238 2896 ,
2278 2830 2691 2904 Cynochoritaa,
2723 2838 2784 2883 ut
2812 2829 3105 2891 vocabant,
3137 2837 3193 2882 et
3233 2816 3275 2881 ii
3320 2826 3414 2896 qui
3439 2825 3590 2881 dice-

1991 2924 2198 2979 bantur
2239 2921 2450 2987 Astati;
2476 2927 2633 2975 erant
2677 2926 2863 2973 autem
2894 2917 3098 2973 selecta
3129 2932 3260 2988 pars
3284 2916 3589 2987 discipulo-

1994 3034 2119 3073 rum
2155 3016 2365 3088 Sergii;
2398 3014 2783 3086 praedictorum
2822 3013 3075 3084 judicum
3121 3011 3328 3066 czedem
3364 3022 3593 3082 patran-
3679 3070 3684 3074 _

1996 3111 2123 3166 dam
2174 3110 2322 3164 inter
2353 3125 2414 3163 se
2462 3107 2736 3163 dividunt.
2778 3106 2953 3162 Astati
2984 3104 3168 3177 igitur,
3230 3104 3379 3159 nulla
3418 3103 3595 3175 petita.

2000 3221 2127 3277 ope.
2165 3212 2531 3259 memoratum
2563 3200 2885 3271 pmfectum
2914 3198 3039 3254 dolo
3055 3206 3111 3252 et
3136 3196 3445 3267 proditione
3463 3208 3595 3249 cet.-

1999 3299 2237 3365 fodiunt,
2284 3296 2668 3369 Cynochoritae
2711 3310 2843 3350 vero
2873 3308 2998 3348 cum
3027 3291 3170 3347 duce
3201 3289 3271 3345 ad
3296 3303 3596 3345 exsecran-

1999 3392 2128 3446 dum
2156 3391 2372 3446 facinus
2401 3397 2646 3460 egerent,
2678 3394 2960 3455 assumpto
2990 3400 3056 3439 ex
3086 3382 3293 3439 Astatis
3313 3386 3444 3447 'un'o,
3480 3380 3599 3452 epi-

2000 3498 2224 3552 scopum
2244 3480 2511 3535 Thomam
2543 3495 2575 3533 a
2607 3479 2714 3533 Deo
2731 3475 3465 3543 constitutumlobtruncant.
3500 3469 3602 3527 llis

2001 3572 2259 3627 audacter
2288 3571 2477 3642 gestis,
2513 3568 2709 3631 Astati,
2740 3567 2855 3637 qui,
2893 3576 2955 3621 ut
3002 3581 3167 3636 supra
3206 3564 3339 3626 dixi.
3389 3563 3599 3619 utrius-

2001 3676 2109 3732 que
2138 3660 2416 3731 parricidii
2444 3668 2698 3714 auctores
2711 3666 2889 3723 erant,
2923 3672 3049 3712 cum
3068 3655 3386 3727 sequacium
3416 3664 3599 3710 turma

2004 3755 2327 3810 festinantes
2354 3754 2574 3825 fugiunt
2627 3753 2696 3807 ab
2753 3751 3024 3807 universis
3074 3749 3408 3823 regionibus,
3476 3764 3603 3819 quae

2006 3847 2320 3903 Christiana
2353 3846 2472 3917 lege
2518 3845 2837 3908 utebantur,
2897 3853 2954 3899 et
3004 3842 3301 3898 Melitinam
3344 3839 3603 3897 secundae

2006 3936 2279 3994 Armenia:
2306 3937 2521 4001 urbem,
2576 3951 2635 3991 se
2660 3934 2974 3997 conferunt,
3038 3947 3201 4004 quam
3232 3941 3366 3987 tunc
3396 3931 3602 3986 Christi

2007 4044 2196 4086 osores
2223 4028 2483 4085 Saraceni
2509 4027 2840 4093 incolebant,
2872 4026 3073 4096 quibus
3102 4025 3350 4089 Ameras,
3374 4023 3602 4079 nomine

2011 4121 2431 4177 Monocherares
2481 4120 2803 4190 imperabat,
2858 4118 2973 4188 qui,
3036 4116 3241 4172 Christi
3316 4115 3596 4181 inimicus,

2011 4215 2217 4271 Christi
2246 4214 2485 4269 inimicis
2519 4212 2764 4284 profugis
2798 4212 3033 4282 benigne
3058 4210 3323 4281 exceptis,
3365 4220 3422 4264 et
3447 4209 3597 4264 omni

2010 4316 2160 4364 metu
2189 4306 2455 4371 liberatis,
2490 4306 2727 4376 Argaum
2765 4304 2844 4359 sic
2888 4305 3097 4359 dictum
3132 4301 3455 4373 oppidulum
3505 4302 3603 4357 dat

2010 4400 2383 4456 incolendum.
2428 4397 2754 4455 Confluentc
2812 4406 2997 4452 autem
3058 4396 3253 4451 eodem
3305 4396 3599 4466 impiorum

2011 4492 2382 4555 multitudine,
2422 4489 2497 4545 ita
2534 4498 2594 4545 ut
2622 4490 2733 4556 jam
2764 4488 3111 4559 prtedatoriis
3157 4487 3472 4542 incursibus
3502 4500 3602 4556 pa-

313 4580 373 4633 δέ
396 4583 454 4633 ἐν
474 4581 736 4652 Μελιτινῇ
771 4581 927 4635 πόλει
958 4582 1058 4652 τῆς
1088 4582 1347 4652 δευτέρας
1396 4583 1712 4653 Ἀρμενίας,
1747 4583 1888 4637 πολι·

2000 4590 2103 4640 res
2126 4591 2332 4649 essent,
2362 4581 2527 4638 vicini
2549 4580 2851 4635 Christiani
2885 4579 3040 4634 multi
3068 4579 3136 4634 ab
3176 4578 3244 4633 iis
3276 4577 3601 4648 frequenter

316 4672 469 4726 τείαν
494 4668 660 4727 οὖσαν
697 4675 820 4727 τότε
862 4674 973 4727 τῶν
1013 4676 1384 4746 μισοχρίστων
1419 4673 1792 4745 Σαρακηνῶν,
1838 4669 1907 4747 ἧς

316 4768 417 4822 καὶ⁸
456 4769 706 4841 Ἀμηρᾶς
749 4768 860 4841 (64)
892 4764 1065 4843 ἦρχεν
1087 4809 1103 4832 ,
1138 4770 1198 4823 ὃν
1246 4770 1552 4826 ἐπεκάλουν
1588 4770 1907 4841 Μονοχερά-

321 4878 425 4932 ρην
448 4861 564 4932 (65)
585 4877 598 4890 ·
624 4861 718 4915 καὶ
750 4857 908 4925 οὗτος
932 4863 962 4915 ὁ
984 4862 1336 4933 μισόχριστος
1361 4863 1491 4925 τοὺς
1520 4863 1907 4931 μισοχρίστους

2019 4678 2075 4733 in
2106 4674 2483 4747 captivitatem
2512 4673 2736 4729 abducti
2778 4681 2906 4727 sunt
2935 4690 2949 4725 :
2978 4682 3033 4726 et
3060 4671 3202 4725 malo
3224 4671 3277 4724 in
3306 4670 3425 4724 dies
3447 4669 3601 4723 inva-

2011 4773 2253 4828 lescente
2282 4784 2390 4825 non
2424 4768 2590 4823 modo
2610 4776 2822 4822 veteres
2846 4764 3140 4836 impietatis
3166 4764 3407 4818 cultores
3430 4762 3602 4818 libere

2016 4870 2315 4937 potuerunt
2346 4862 2405 4916 in
2442 4876 2506 4916 ea
2539 4875 2915 4931 perseverare,
2989 4858 3087 4911 sed
3141 4856 3303 4911 etiam
3335 4855 3602 4925 quosdam

1423 5045 1659 5101 VARI/l3
1702 5046 2090 5104 LECTIONES
2134 5046 2223 5102 ΕΤ
2253 5044 2489 5103 NOTAE.

396 5184 512 5254 (58)
564 5183 845 5254 Μιχαήλ,
888 5184 1249 5255 Curopalates
1285 5184 1534 5247 scilicet,
1582 5182 1913 5255 cegnomine

322 5254 641 5329 ilhancabe,
673 5256 871 5329 dequo
900 5254 1130 5326 ejusque
1153 5270 1473 5311 successore
1499 5254 1677 5310 Leone
1706 5255 1916 5329 legatur

323 5327 630 5387 Cedrenus,
658 5342 713 5394 p.
741 5325 846 5381 596
869 5325 987 5396 seq.

398 5397 511 5466 (59)
542 5396 978 5467 Μεταϐἀλλειν.
1013 5396 1212 5452 Noster
1237 5396 1586 5467 μεταϐαλεῖν.

398 5470 513 5538 (ϐυ)
539 5466 978 5537 Δικαιωτήριον.
1014 5466 1277 5539 Optime:
1312 5476 1499 5522 noster
1537 5466 1876 5535 δικαιότερον
1897 5505 1912 5530 ,

328 5555 436 5594 non
470 5542 591 5592 sine
626 5538 845 5594 mendo.

401 5610 512 5679 (tit)
540 5610 931 5677 Λογοθεσιου.
958 5609 1115 5664 Medii
1147 5609 1250 5664 aevi
1279 5626 1405 5674 vox,
1431 5609 1573 5663 sicut
1593 5617 1648 5662 et
1671 5608 1918 5678 proxime

329 5681 1009 5810 σὲιιοςοάειιξῖἷιογοθετέω
1059 5681 1185 5736 vide
1229 5680 1486 5736 Dufresn.
1546 5680 1603 5735 in
1651 5680 1920 5735 Glossario

376 5768 501 5805 ra'c.
535 5768 587 5810 Ι).
746 5792 758 5803 .
1388 5784 1393 5787 .

360 5751 501 5805 ἔναιε.
535 5768 587 5821 p.
631 5751 728 5805 3‘21
746 5792 758 5803 .

535 5784 970 5890 Ιίξυῖιξχῶρῖται.
1001 5822 1073 5875 De
1089 5821 1177 5877 his
1204 5821 1328 5876 vide
1353 5784 1688 5880 Cedrcnum.
1711 5836 1766 5890 p.
1794 5818 1922 5874 455.

2014 5193 2162 5240 recte
2192 5203 2206 5238 :
2232 5199 2432 5240 sensus
2459 5185 2606 5239 enim
2639 5184 2847 5254 optimc
2877 5179 3308 5254 respondet._Cl.
3331 5179 3606 5254 Montfau-

2013 5256 2209 5310 eonius
2229 5271 2292 5309 ex
2315 5255 2651 5311 Coisliniano
2670 5251 2831 5309 habet
2853 5251 3089 5319 σπουδῆς
3109 5251 3294 5306 addito
3315 5252 3602 5311 asterisco.

2013 5328 2165 5395 quasi
2195 5326 2403 5398 aliquid
2440 5327 2459 5398 (
2484 5327 2539 5380 ni
2568 5326 2884 5398 conjectura
2911 5323 3196 5398 rnefallit)
3223 5324 3465 5376 deesset.
3492 5321 3605 5376 Sed

2015 5393 2197 5450 «iutilia
2229 5393 2333 5451 sibi
2368 5393 2645 5459 constant,
2675 5393 2736 5449 et
2762 5393 3019 5465 gignendi
3052 5409 3212 5448 casus
3237 5402 3400 5447 natus
3427 5402 3605 5447 estex

2016 5467 2375 5539 sequentibus
2402 5467 2631 5539 vocibus
2663 5466 2846 5539 πάσης
2875 5468 2997 5539 γῆςτ

2091 5532 2200 5609 (64)
2247 5534 2519 5609 Ἀμηρᾶς.
2547 5535 2665 5609 Non
2700 5532 3271 5609 ignotum“historicis
3310 5533 3475 5609 hujus
3502 5532 3606 5588 aevi

2016 5604 2218 5663 nomen
2250 5630 2263 5664 :
2297 5604 2420 5665 ride
2452 5604 2763 5664 Cedrenum
2784 5645 2798 5671 ,
2832 5621 2887 5676 p.
2916 5605 3043 5659 550.
3090 5605 3241 5660 Idem
3269 5619 3401 5660 vero
3443 5604 3515 5659 de
3544 5619 3608 5660 re

2018 5690 2205 5751 nostra
2233 5682 2474 5747 exponit,
2498 5697 2563 5751 p._
2586 5678 2676 5734 44.

2092 5750 2206 5811 (65)
2254 5744 2707 5819 Μόνοχὲράρην,
2769 5746 2847 5801 Ita
2896 5744 3607 5819 Colhcrtinnsetmoster,

2021 5835 2147 5873 cum
2190 5820 2393 5887 quibus
2423 5814 2640 5877 'Petr'ns‘
2685 5819 2938 5879 Siculus,
2990 5834 3043 5886 p.
3101 5817 3189 5871 70.
3240 5814 3614 5874 Coislinianus

403 5888 517 5964 (65)
559 5888 826 5962 ramea.
859 5894 934 5947 Ita
968 5903 1155 5947 noster
1182 5893 1407 5957 diserte,
1454 5904 1506 5948 et
1537 5888 1728 5962 procul
1757 5890 1886 5945 dubi

2022 5890 2207 5965 itaque
2238 5890 2619 5962 Μονοχεράνης
2659 5891 2930 5954 scribens,
2965 5888 3019 5943 in
3052 5888 3251 5943 mendo
3281 5888 3465 5943 cubat.
