4088 6416
565 383 635 444 79
1732 377 1998 438 PHOTII
2035 377 2547 438 PATRIARCII/E
2588 379 2701 439 ΟΡ.
3755 380 3824 442 83

566 509 631 546 ex
654 491 887 562 captivis
938 492 1003 546 ad
1040 509 1159 547 eam
1186 491 1625 563 amplectendam
1651 505 1866 560 cogere.
1895 487 2139 558 Contigit

2251 488 2489 558 φυγάδας
2540 489 2610 542 τά
2651 507 2709 542 τε
2747 488 2880 542 ἄλλα
2931 487 3470 559 φιλοφρονησάμενος
3497 488 3684 553 δεξιῶς
3730 489 3824 541 καὶ

561 589 762 644 autem,
784 591 843 633 ιιι
871 580 1114 651 Sergius.
1142 583 1301 651 cujus
1333 581 1589 650 frequens
1623 578 1830 638 mentio
1859 577 1999 631 facta
2031 586 2138 641 est,

560 681 848 741 postquam
880 672 1059 741 aliquo
1103 681 1345 742 tempore
1393 687 1516 725 eum
1573 669 1871 740 transfugis
1895 680 2142 723 versatus

561 759 760 825 fuerat,
826 758 1020 812 iisdem
1073 758 1130 812 in
1188 759 1464 826 impietate
1491 757 1880 812 conﬁrmandis
1921 757 2142 812 intentis

560 851 772 906 debitas
807 851 1022 906 caelitus
1059 865 1253 921 ptenas
1284 850 1480 904 lueret.
1538 849 1704 918 Ligna
1726 848 1962 904 caedendi
2003 858 2141 902 tem-

562 959 664 1013 pus
696 954 835 1007 erat.
867 959 970 998 nec
1021 943 1261 1014 lignaria:
1282 943 1412 995 artis
1436 942 1724 1010 imperitus
1755 950 1873 995 erat
1897 941 2140 1010 Sergius,

563 1033 880 1102 solebatque
903 1031 1046 1086 illam
1071 1047 1350 1096 exercere,
1379 1042 1710 1100 truncosque
1733 1030 1787 1083 in
1820 1046 2030 1084 asseres
2057 1046 2144 1084 sc-

562 1141 709 1180 care.
743 1125 878 1178 Cum
914 1133 1096 1178 autem
1130 1123 1182 1176 in
1211 1131 1450 1176 montem
1503 1124 1667 1194 Argai
1710 1123 1960 1192 proximo
2015 1123 2144 1178 huic

565 1216 717 1286 operi
809 1225 1052 1280 vacaret,
1139 1215 1342 1268 Tzanio
1411 1214 1632 1283 quidam
1706 1213 2143 1284 Nicopolitanus,

564 1309 822 1380 religione
908 1307 1073 1380 pius.
1169 1308 1354 1360 animo
1431 1305 1788 1376 manibusque
1863 1315 2141 1368 strenuus,

565 1412 622 1455 ut
672 1401 805 1454 vidit
853 1400 1002 1454 illum
1057 1399 1151 1452 Dei
1211 1399 1426 1453 hostem
1495 1398 1783 1468 praestigiis
1816 1397 1929 1450 suis
1973 1397 2146 1451 ﬁden-

565 1502 694 1553 tem,
750 1500 805 1546 ct
859 1491 1139 1546 veneﬁciis
1200 1491 1365 1544 vitam
1428 1491 1873 1553 concredentem,
1954 1491 2026 1544 ita
2089 1500 2148 1544 ut

562 1586 710 1638 solus
792 1585 937 1654 ligna
1025 1583 1236 1638 caedere
1301 1582 1560 1643 auderet,
1648 1598 1842 1653 magna
1920 1592 1974 1637 et
2059 1582 2146 1636 iu-

563 1677 707 1747 genti
743 1685 932 1729 contra
981 1674 1325 1729 seductorem
1369 1675 1568 1736 emissa
1599 1690 1749 1737 voce,
1791 1690 1912 1744 qua:
1941 1683 2147 1730 terrore

564 1776 892 1836 stupor-eque
933 1764 1208 1819 hominem
1255 1765 1503 1834 replevit,
1546 1765 1768 1818 inermis
1805 1783 1929 1821 cum
1977 1777 2144 1832 esset,

2245 583 2446 646 παντὸς
2483 582 2857 652 ἐλευθερώσας
2903 583 3247 654 ἀνθρωπίνου
3312 583 3506 645 δέους,
3552 583 3613 635 τὸ
3696 583 3823 653 Ἀρ-

2243 676 2411 743 γαοῦν
2439 675 2572 746 (66),
2638 674 2913 744 πολίχνιον
2973 673 3116 728 οὕτω
3177 673 3512 743 καλούμενον
3542 675 3825 743 ἐπιχωρίῳ

2243 768 2495 840 γλώττῃ,
2550 769 2716 820 οίκεῖν
2769 765 3082 836 ἐπιτρέπει·
3136 765 3504 835 ἀθροίσματος
3556 764 3613 817 δὲ
3645 767 3706 818 ὲν
3759 765 3823 816 οὐ

2245 861 2426 930 πολλῷ
2451 860 2626 928 χρόνῳ
2647 858 2754 911 τῶν
2777 858 2879 927 τὴν
2911 860 3248 911 ἀποστασίαν
3271 859 3609 927 φρονούντων
3632 859 3797 927 συνεῤ
3813 879 3827 896 '-

2247 951 2540 1020 ρυηκότος,
2579 949 2656 1012 ὡς
2698 950 2793 1002 καὶ
2829 952 2909 1010 είς
2962 949 3262 1020 λῃστρικὴν
3304 947 3557 1015 ἐξαρκεῖν
3604 949 3822 1016 ἐπιδρο-

2250 1037 2358 1106 μήν
2395 1053 2454 1087 τε
2479 1038 2572 1089 καὶ
2598 1038 2776 1105 χεῖρα,
2807 1035 2974 1105 πολλὴ
3009 1036 3104 1088 καὶ
3132 1036 3392 1098 πολλάκις
3436 1035 3546 1088 τῶν
3598 1037 3824 1106 πλησιο-

2247 1129 2438 1197 χώρων
2487 1128 2829 1197 Χριστιανῶν
2862 1127 3210 1196 αίχμαλωσία
3253 1129 3363 1190 τοῖς
3395 1126 3577 1189 ἀθέοις
3623 1129 3825 1197 ἐπετη-

2245 1217 2450 1270 δεύετο.
2493 1218 2760 1270 Κάκεῖθεν
2789 1217 3222 1287 κραταιούμενον
3249 1217 3313 1270 τὸ
3355 1218 3524 1270 κακὸν
3552 1218 3614 1272 οὐ
3659 1219 3822 1287 μόνον

2245 1311 2372 1372 τοὺς
2411 1309 2504 1361 ἀπ’
2531 1310 2707 1381 ἀρχῆς
2751 1309 3093 1379 θεραπευτὰς
3135 1309 3308 1373 ἀδεῶς
3340 1310 3507 1363 ἐδίδου
3549 1309 3648 1380 την
3686 1311 3818 1363 ἀσέ-

2247 1401 2402 1452 ϐειαν
2432 1401 2781 1471 θρησκεύειν,
2811 1401 2947 1454 ἀλλὰ
2975 1402 3069 1453 καί
3103 1418 3254 1463 τινας
3281 1403 3391 1454 τῶν
3421 1400 3822 1472 αἰχμαλωτίζο-

2252 1493 2430 1562 μένων
2454 1492 2656 1562 πολλὴν
2693 1498 2955 1562 παρεῖχεν
2973 1494 3071 1564 τὴν
3096 1494 3345 1557 ἐξουσίαν
3365 1493 3820 1563 συναναγκάζειν,

2250 1586 2328 1648 είς
2361 1584 2457 1656 τὴν
2487 1585 2654 1655 αὐτὴν
2684 1586 2866 1648 αὐτοῖς
2899 1587 3264 1639 καταπίπτειν
3294 1586 3580 1656 ἀθεότητα,
3610 1589 3826 1641 Γίνεται

2252 1677 2318 1749 δὴ
2347 1678 2442 1729 καὶ
2475 1677 2721 1748 Σέργιος,
2753 1671 2815 1731 οὗ
2847 1678 3105 1742 πολλάκις
3141 1678 3266 1749 ἔσχε
3309 1682 3532 1750 μνήμην
3563 1683 3592 1734 6
3635 1680 3825 1748 λόγος,

2252 1772 2432 1824 ἐκεῖσε
2452 1814 2466 1836 ,
2500 1772 2595 1825 καὶ
2625 1771 2818 1840 χρόνον
2845 1773 2968 1824 τινὰ
2991 1776 3102 1836 τοῖς
3128 1775 3332 1841 φυγάσι
3377 1773 3666 1844 διατρίψας
3687 1814 3701 1836 ,
3734 1775 3828 1826 καὶ

565 1873 811 1910 securem
849 1873 880 1911 e
919 1857 1169 1910 manibus
1197 1857 1316 1926 ejus
1346 1859 1600 1922 abstulit,
1637 1858 2040 1929 scelestumque
2069 1859 2140 1914 ita

2251 1866 2483 1937 βαθύνας
2511 1867 2694 1928 αὐτοῖς
2717 1866 2811 1918 ἐπὶ
2837 1866 2998 1919 πλέον
3029 1867 3128 1937 τῆς
3156 1868 3408 1931 ἀσεϐείας
3443 1841 3512 1920 τά
3535 1841 3784 1936 δόγματα
3811 1909 3828 1932 ,

567 1950 855 2018 percussit,
887 1959 944 2003 ut
968 1964 1114 2004 mors
1144 1950 1263 2017 ejus
1295 1959 1636 2018 sequeretur.
1673 1950 1763 2006 Sic
1801 1950 2024 2006 fallacia:
2053 1951 2142 2006 ille

565 2057 692 2096 vere
739 2041 998 2111 spiritus,
1050 2041 1322 2111 pernicies
1376 2042 1737 2098 humanarum
1791 2044 2138 2110 animarum,

565 2134 759 2188 acerba
808 2133 899 2187 illa
924 2143 980 2187 ct
1005 2133 1274 2202 profunda
1304 2133 1587 2203 apostasia;
1633 2133 1806 2199 radix,
1835 2145 2140 2190 extremum

565 2234 618 2278 ct
647 2224 942 2294 pessimum
993 2225 1257 2279 malorum
1289 2225 1555 2289 omnium,
1598 2242 1718 2296 quae
1745 2237 1872 2281 ante
1900 2227 2140 2295 fuerunt,

567 2335 762 2374 manus
786 2327 839 2374 et
867 2319 1001 2374 artis
1029 2336 1140 2374 sua:
1174 2319 1537 2373 instrumento
1563 2319 1920 2374 obtruncatus
1953 2321 2145 2392 impio-

569 2428 710 2474 rum,
743 2413 1214 2482 superborumque
1249 2427 1584 2474 sermonum,
1616 2428 1877 2467 vanarum
1909 2415 2144 2483 promis-

569 2506 784 2560 sionum
816 2517 872 2560 et
899 2504 1386 2573 exspectationum,
1413 2505 1691 2575 ipsiusque
1712 2506 1836 2561 vita:
1863 2509 2025 2564 ﬁnem
2055 2524 2146 2564 ac-

567 2599 733 2668 cepit,
775 2609 832 2654 et
891 2599 947 2654 in
1003 2599 1181 2669 ignem
1219 2598 1721 2668 inexstinguibilem
1761 2609 2140 2672 aatemumque

568 2705 690 2743 cum
737 2689 902 2760 impia
940 2705 1038 2744 sua
1065 2689 1336 2743 sententia
1360 2689 1683 2743 amandalus
1715 2701 1817 2745 est.

2248 1960 2346 2027 τὴν
2387 1959 2595 2012 ἄνωθεν
2621 1959 2769 2028 ὅμως
2805 1958 2960 2029 δίκην
2998 1958 3059 2012 οὒ
3095 1959 3372 2030 διδράσκει
3405 1959 3540 2030 (67).
3583 1959 3828 2030 Ξυλουρ-

2248 2052 2374 2120 γίας
2422 2047 2490 2120 ἦν
2539 2051 2567 2102 6
2621 2049 2832 2121 καιρὸς,
2867 2052 2960 2104 καὶ
3017 2053 3338 2120 τεκτονικῆς
3389 2054 3418 2105 6
3466 2052 3691 2122 Σέργιος
3728 2053 3830 2104 οὐκ

2250 2137 2703 2212 ἀμελέτητος-ἦν,
2745 2143 2840 2194 καὶ
2871 2141 2937 2209 δὴ
2977 2141 3070 2194 καὶ
3121 2142 3360 2213 συνήθης
3409 2137 3478 2214 ἦν
3524 2141 3831 2212 κεχρῆσθαι

2241 2235 2309 2303 τῇ
2339 2233 2524 2302 τέχνη,
2547 2232 2641 2284 καὶ
2665 2232 2744 2295 είς
2771 2231 2987 2294 σανίδας
3016 2231 3268 2297 ἁποξὲειν
3312 2233 3420 2287 τῶν
3454 2235 3719 2305 πρέμνων
3751 2233 3823 2286 τὰ

2243 2327 2547 2395 ἐπιτήδεια.
2623 2318 2791 2388 Οὗτος
2850 2325 2994 2378 κατὰ
3043 2326 3105 2378 τὸ
3158 2325 3388 2398 σύνηθες
3419 2331 3496 2390 είς
3529 2327 3590 2378 τὸ
3642 2343 3828 2395 παραυ

2243 2421 2494 2489 κείμενον
2546 2417 2672 2484 ὅρος
2719 2416 2811 2472 τοῦ
2864 2418 3100 2488 Ἀργαοῦ
3153 2419 3552 2488 παραγεγονὼς
3583 2418 3827 2491 ἔπραττε

2243 2512 2312 2567 τὰ
2371 2510 2575 2575 αὐτοῦ,
2639 2513 2735 2564 καὶ
2791 2512 2870 2574 εἰς
2938 2510 3160 2574 σανίδας
3229 2511 3298 2563 τὰ
3357 2511 3490 2576 ξύλα
3556 2511 3825 2576 ἁπέξεεν·

2247 2603 2384 2673 πρὸς
2414 2603 2586 2672 ταύτῃ
2632 2602 2688 2654 δὲ
2731 2601 2858 2654 ὄντα
2897 2604 2963 2671 τῇ
2998 2601 3232 2673 ἐργασίᾳ
3276 2601 3523 2665 Τζανίων
3554 2601 3664 2671 (68)
3701 2603 3822 2654 δνο-

2265 2712 2361 2765 μα,
2408 2693 2564 2761 γένος
2611 2693 2674 2744 ὲκ
2703 2692 3074 2755 Νικοπόλεως,
3109 2691 3338 2760 εὐσεϐὴς
3370 2691 3468 2762 τὴν
3503 2691 3825 2760 θρησκείαν,

566 2785 664 2857 τὴν
695 2784 922 2854 γνώμην
959 2785 1225 2856 ἀνδρεῖος,
1254 2786 1350 2838 κα),
1371 2785 1470 2848 τὰς
1498 2788 1688 2857 χεῖρας
1726 2787 2135 2860 παραπλήσιος,
2175 2791 2251 2858 ὼς
2277 2788 2420 2843 εἶδεν
2471 2787 2617 2842 οὓτω
2654 2787 2748 2842 τὸν
2787 2785 3059 2856 θεομάχον
3119 2789 3241 2848 ταῖς
3313 2785 3677 2856 μαγγανείαις
3713 2783 3828 2852 (69)

569 2877 736 2930 αὐτοῦ
782 2876 1186 2949 τεθαῤῥηκότα,
1234 2877 1330 2929 καὶ
1369 2879 1490 2940 ταῖς
1536 2877 1819 2947 γοητείαις
1843 2880 1943 2948 τὴν
1996 2881 2142 2952 ζωὴν
2180 2881 2611 2942 πεπιστευκότα.
2687 2879 2782 2933 κα).
2830 2879 3148 2948 καταμόνας
3193 2877 3509 2949 ξυλουργεῖν
3573 2875 3830 2946 ἐπηρμέ-

569 2988 680 3030 νον.
735 2969 875 3039 μέγα
948 2986 1001 3021 τι
1050 2970 1144 3022 καὶ
1198 2969 1446 3040 διάτορον
1511 2969 1656 3022 κατὰ
1703 2968 1800 3022 τοῦ
1871 2972 2190 3037 ἀπατεῶνος
2230 2975 2508 3046 ὲμὸοήσας
2552 2975 2646 3026 καὶ
2698 2973 2763 3041 τῇ
2814 2972 2966 3040 φωνῇ
3017 2969 3184 3038 φόϐου
3235 2987 3295 3022 τε
3367 2971 3462 3022 καὶ
3512 2967 3830 3038 ἐκπλήξεως

572 3062 892 3134 πληρώσας,
928 3061 1246 3132 ἀφαιρεῖται
1287 3060 1386 3132 μὲν
1420 3061 1603 3128 αὐτὸς,
1634 3062 1747 3132 (70)
1780 3062 2015 3128 ἄνοπλος
2045 3065 2144 3131 ῶν,
2185 3067 2284 3137 τὴν
2300 3067 2492 3136 ἀξίνην
2520 3064 2630 3118 τῶν
2659 3063 2882 3134 χειρῶν,
2908 3061 3060 3116 παίει
3085 3062 3142 3117 δὲ
3201 3062 3292 3115 τὸν
3319 3062 3519 3116 πλάνον
3580 3061 3822 3132 καιρίαν,

571 3157 665 3210 καὶ
688 3156 881 3217 αὐταῖς
917 3156 1038 3220 ταῖς
1069 3152 1305 3222 πληγαῖς
1328 3155 1356 3206 ό
1386 3152 1582 3222 πικρὸς
1614 3153 2029 3223 ἐπηκολούθησε
2052 3156 2148 3210 τοῦ
2186 3157 2477 3226 ἀλιτηρίου
2504 3156 2755 3216 θάνατος.
2793 3152 2951 3206 Οὕτω
2993 3153 3092 3223 μὲν
3126 3152 3214 3222 δὴ,
3251 3151 3397 3204 οὕτω
3425 3153 3483 3205 τὸ
3523 3153 3622 3223 τῆς
3681 3154 3830 3206 ἀπά-

573 3269 672 3320 της
704 3249 780 3312 ὡς
812 3247 1030 3318 ἀληθῶς
1062 3247 1311 3319 πνεῦμα,
1353 3249 1380 3300 ὁ
1412 3247 1522 3300 τῶν
1568 3247 1928 3318 ἀνθρωπίνων
1958 3249 2147 3320 ψυχῶν
2187 3252 2412 3322 όλετὴρ,
2448 3252 2481 3320 ἡ
2531 3247 2709 3318 πικρὰ
2769 3247 2865 3299 κα).
2936 3245 3128 3314 βαθεῖα
3165 3246 3264 3314 τῆς
3331 3243 3663 3306 ἀποστασίας
3704 3246 3834 3312 ῥίζα

574 3345 635 3396 τδ
659 3343 887 3414 ἔσχατον
919 3343 1012 3395 καὶ
1037 3344 1221 3411 χεῖρον
1248 3341 1356 3394 τῶν
1388 3341 1701 3411 ἔμπροσθεν
1728 3341 1897 3394 αὐτοῦ
1925 3343 2146 3396 πάντων
2185 3345 2370 3398 κακῶν
2396 3344 2496 3413 τῆς
2527 3342 2737 3403 οἰκείας
2767 3338 2936 3392 αὑτοῦ
2967 3337 3150 3408 χειρὸς
3169 3339 3262 3391 κα)⁴
3320 3337 3518 3406 τέχνης
3582 3335 3659 3404 τῷ
3681 3337 3836 3408 ὅπλῳ

534 3420 539 3426 ’
576 3437 931 3498 κατακοπεὶς,
965 3433 1074 3486 τῶν
1144 3451 1201 3485 τε
1270 3432 1556 3504 θεομάχων
1601 3434 1697 3497 καὶ
1743 3433 2113 3504 ὑπερηφάνων
2139 3435 2334 3504 λόγων,
2397 3437 2494 3488 καὶ
2543 3431 2848 3505 βδελυκτῶν
2906 3433 3002 3484 καὶ
3045 3430 3281 3483 ἀνοσίων
3345 3431 3526 3499 ἔργων
3570 3430 3664 3482 καὶ
3724 3432 3834 3482 τῶν

531 3516 538 3524 ’
577 3529 875 3599 ἀμηχάνων
909 3526 1259 3597 ὑποσχέσεων
1298 3527 1395 3580 καὶ
1448 3527 1707 3590 ἐλπίδων,
1732 3530 1828 3581 καὶ
1858 3530 2030 3600 αὐτῆς
2055 3531 2155 3601 τῆς
2193 3531 2338 3602 ζωῆς
2371 3530 2628 3598 ἐξεκόπη,
2673 3531 2769 3581 καὶ
2815 3528 2896 3590 είς
2967 3525 3029 3580 τὸ
3071 3527 3338 3580 ἄσϐεστον
3385 3527 3497 3598 πῦρ
3563 3528 3657 3581 καὶ
3719 3527 3834 3609 (71)

577 3621 798 3672 αἰώνιον
825 3617 974 3688 αὐτῷ
1012 3617 1091 3688 τῷ
1126 3617 1380 3687 θεομὰχῳ
1409 3619 1722 3688 φρονήματι
1749 3622 2141 3692 παρεπέμφθη.

645 3709 813 3763 XXV.
857 3707 1075 3762 Tertius
1122 3717 1172 3760 et
1231 3708 1687 3779 quadragesimus
1731 3718 1787 3762 et
1834 3712 2147 3766 trecentesi-

2332 3709 2462 3763 KE'.
2505 3707 2701 3775 Τρίτον
2723 3704 2814 3759 καὶ
2839 3705 3278 3774 τεσσαρακοστὸν
3306 3705 3400 3758 καὶ
3422 3708 3834 3777 τριακοσιοττὸν

578 3818 700 3860 mus
753 3809 876 3871 post
921 3798 1100 3852 sexies
1155 3799 1510 3853 millesimum
1554 3816 1583 3853 a
1619 3803 1897 3856 creatione
1969 3804 2157 3858 mundi

578 3909 756 3948 annus
798 3891 1195 3960 complebatur,
1231 3906 1354 3947 cum
1400 3890 1599 3959 impius
1627 3892 1716 3946 ille
1748 3903 1924 3948 morte
1950 3895 2156 3949 scelera

579 3985 701 4056 luit.
740 3982 1045 4052 Discipulos
1090 3991 1272 4036 autem
1320 3981 1541 4051 reliquit
1570 3984 1858 4052 apostasia:
1888 3983 2156 4054 improbi-

581 4079 816 4147 tatisque
859 4092 989 4140 suae,
1023 4076 1116 4146 qui
1158 4076 1212 4128 in
1243 4074 1484 4145 mysticis
1524 4076 1802 4131 maleﬁciis
1838 4077 1953 4132 suis
1991 4086 2155 4148 atque

579 4166 866 4239 prastigiis
886 4167 1088 4236 primas
1110 4166 1392 4230 tenebant,
1408 4174 1517 4219 tres
1538 4181 1787 4231 numero,
1807 4167 2146 4231 Michaelem,

580 4261 914 4314 Kanacarem
940 4267 996 4311 et
1016 4257 1302 4319 Joannem,
1334 4256 1660 4326 quibuscum
1685 4259 2150 4314 annumerabatur

580 4358 914 4406 memoratus
944 4365 1108 4420 supra
1143 4347 1490 4404 Theodotus:
1528 4357 1652 4418 post
1679 4348 1800 4403 illos
1833 4358 2013 4402 autem
2046 4347 2148 4401 Ba-

580 4446 732 4501 silius
760 4457 815 4500 et
860 4441 1129 4504 Zosimus,
1163 4448 1217 4493 et
1257 4439 1348 4493 alii
1386 4440 1716 4509 complures.
1761 4439 1868 4495 Sed
1903 4441 1958 4494 hi
2002 4441 2148 4496 illius

580 4535 950 4594 scelestissimi
997 4532 1232 4588 hominis
1259 4540 1342 4585 ter
1391 4531 1662 4586 maledicti
1707 4531 1980 4602 discipuli,
2012 4548 2150 4602 quos

581 4631 806 4699 decepta
842 4628 993 4698 plebs
1027 4624 1468 4694 comperegrinos
1506 4625 1762 4693 appellat,
1813 4625 2069 4694 populum
2097 4626 2151 4680 in

580 4722 740 4792 Argai
769 4721 946 4775 locum
975 4725 1383 4787 congregatum,
1413 4718 1628 4770 tametsi
1662 4718 1914 4773 acerbam
1936 4726 1991 4770 et
2011 4717 2152 4771 divi-

2263 3801 2400 3870 πρὸς
2445 3803 2556 3862 τοῖς
2612 3805 2663 3863 ς’
2708 3799 2802 3851 ἀπ’
2833 3798 3011 3868 ἀρχῆς
3043 3799 3141 3865 τῆς
3187 3799 3580 3867 κοσμογενείας
3638 3801 3833 3870 ἠνύετο

2259 3890 2378 3952 ἔτος
2412 3889 2546 3959 (7‘2).
2581 3889 2669 3942 ὅτε
2693 3889 2786 3939 τὸν
2820 3887 2994 3957 βίαιον
3025 3889 3139 3958 (75)
3164 3891 3192 3942 6
3219 3889 3488 3958 θεομάχος
3543 3885 3696 3952 οὗτος
3730 3894 3827 3944 ἀπο

2259 3983 2404 4036 έτισε
2434 3983 2687 4036 θάνατον.
2735 3981 2924 4034 Λείπει
2955 3981 3012 4034 δὲ
3056 3981 3306 4052 μαθητὰς
3337 3982 3439 4050 τῆς
3461 3983 3626 4036 αὑτοῦ
3659 4001 3830 4053 μυσα-

2260 4075 2484 4146 ρότητος
2527 4074 2623 4126 καὶ
2669 4074 3036 4138 ἀποστασίας,
3091 4075 3141 4128 οἳ
3181 4075 3242 4127 τὸ
3297 4078 3566 4146 πρωτεῖον
3599 4076 3659 4128 ἐν
3712 4079 3834 4139 ταῖς

2261 4169 2550 4238 μυστικαῖς
2611 4167 2972 4235 μαγγανείαις
3017 4185 3073 4221 τε
3119 4167 3213 4220 καὶ
3272 4168 3554 4237 γοητείαις
3609 4167 3832 4237 ἔφερον,

2256 4261 2425 4330 τρεῖς,
2458 4251 2538 4311 ὧν
2563 4259 2592 4310 6
2621 4258 2721 4328 μὲν
2748 4259 2990 4328 Μιχαὴλ.
3022 4261 3052 4312 6
3079 4259 3136 4313 δὲ
3173 4261 3508 4332 Κανακὰρης
3539 4260 3675 4329 (74),
3705 4262 3732 4312 ὁ
3773 4261 3834 4312 δὲ

2255 4351 2437 4420 τρίτος
2476 4339 2731 4418 Ἰωάννης
2761 4350 3098 4419 ὠνομάζετο,
3133 4345 3215 4414 οἷς
3249 4353 3399 4405 καὶὸ
3434 4351 3834 4420 μνημονευθεὶς

2255 4441 2460 4496 ἄνωθεν
2490 4441 2746 4505 Θεόδοτος
2795 4444 3148 4514 συνητάζετο.
3202 4445 3266 4497 Οἱ
3318 4443 3375 4496 δὲ
3422 4445 3541 4512 μετ’
3584 4445 3834 4503 ἐκείνους

2259 4533 2539 4596 Βασίλειός
2567 4551 2625 4586 τε
2647 4535 2743 4588 καὶ
2767 4534 3038 4604 Ζώσιμος,
3077 4538 3169 4589 καὶ
3191 4536 3368 4604 ἓτεροι
3409 4535 3627 4598 πλείους
3663 4532 3830 4604 ἦσαν·

2258 4627 2374 4679 ἀλλ’
2407 4621 2555 4680 οὗτοί
2580 4643 2642 4696 γε
2667 4629 2714 4679 oi
2743 4627 2835 4682 τοῦ
2865 4626 3274 4698 τρισαλιτηρίου
3298 4629 3508 4682 ἐκείνου
3532 4634 3833 4699 τρισκατάο

2265 4701 2417 4788 ρατοι
2456 4717 2717 4786 μαθηταὶ,
2750 4716 2844 4781 οὒς
2869 4717 2962 4771 καὶ
2995 4717 3366 4786 συνεκδήμους
3392 4717 3454 4770 τὸ
3475 4719 3832 4788 ἠπατημένον

1661 4827 1897 4892 VARIIE
1937 4828 2327 4894 LECTIONES
2376 4829 2463 4882 ET
2494 4827 2723 4884 NOTAE.

656 4947 765 5017 (66)
805 4941 1213 5017 Ἆργαοῇνηιιιι
1245 4941 1613 5017 Coislinianus
1635 4983 1662 5017 ,_
1687 4951 1743 4996 et
1774 4942 1984 5017 Petrus
2000 4941 2157 4996 Sicu-

582 5012 686 5080 lus,
802 5012 910 5078 70,7
934 5024 988 5067 et
1013 5013 1316 5087 Ce_dr_euus_,
1369 5029 1423 5080 p.
1463 5012 1586 5066 444.
1637 5013 1929 5067 Deserendi
1973 5014 2155 5087 itaque

583 5081 942 5143 sunt-noster
969 5093 1024 5138 et
1066 5081 1429 5147 Colbertiuus,
1481 5097 1711 5152 quorum
1753 5094 1983 5152 uterque
2028 5081 2158 5154 legit

594 5157 846 5218 ’Apyoﬁv.

656 5175 1130 5296 ἴὲξῖῖιδράσκει.
1161 5222 1358 5296 Noster
1385 5221 1772 5291 διαδιδράσκει,
1798 5223 1942 5296 quod
1970 5224 2159 5296 puere.

582 5293 812 5352 rendum
837 5306 988 5366 puto.
1014 5295 1243 5352 Pbotius
1263 5293 1409 5349 enim
1436 5304 1583 5347 amat
1612 5295 1932 5363 com-positis
1958 5295 2035 5350 uti
2059 5312 2158 5365 pro

583 5367 946 5425 simplicibus.

657 5384 1086 5507 ?i?t;;c';{"::sr~lwr.
1121 5434 1320 5507 Confer
1349 5436 1572 5491 Petrum
1603 5433 1870 5507 Siculum,
1913 5436 2084 5507 p._70.

656 5504 766 5579 (69)
788 5508 1206 5579 Μαγγανείαις.
1243 5506 1474 5579 Magicas
1493 5513 1642 5579 artes
1666 5504 1942 5579 jamalias
1970 5504 2159 5579 Noster

585 5574 903 5635 ManiChieis
932 5574 1304 5644 exprobravit.
1331 5574 1562 5631 'Eadem
1593 5574 1713 5627 dica
1752 5575 1997 5644 pluribus
2038 5575 2158 5628 aliis

587 5649 854 5702 haereticis
902 5643 1105 5717 scripta
1133 5657 1293 5717 cstia
1339 5645 1620 5717 veteribus
1669 5660 1682 5696 :
1722 5643 1843 5717 vide
1893 5643 2156 5712 Speuceri

586 5717 746 5771 Notas
775 5719 841 5772 ad
863 5714 1170 5786 Orige—nem,
1211 5716 1403 5772 Contra
1435 5715 1668 5776 Celsum,
1709 5731 1758 5783 p.
1796 5714 1828 5768 6
1858 5729 2008 5786 seqq.

655 5791 765 5859 (70)
806 5782 1119 5852 'Aroiloq.
1180 5787 1376 5842 Noster
1425 5787 1652 5847 ἄοπλος·
1702 5782 1946 5854 Utraque
1981 5782 2153 5838 forma

2254 4943 2397 5013 apud
2450 4941 3008 5013 Grazcosradliibetur.

2325 5013 2437 5081 (71)
2480 5013 2589 5064 Καὶ
2621 5012 2815 5068 Addidi
2845 5028 2912 5066 ex
2946 5022 3155 5076 nostro,
3192 5012 3336 5082 quod
3365 5013 3630 5068 orationis
3657 5017 3835 5071 series

2295 5085 2514 5136 ostulat.

2255 5100 2675 5221 Ροῗξὲἴὶῗετος.
2721 5151 2918 5207 Addidi
2949 5167 3016 5206 ex
3045 5161 3255 5216 nostro,
3310 5153 3377 5207 ad
3427 5169 3647 5208 sensum
3676 5174 3832 5214 com-

2277 5224 2535 5278 ilendum.

2257 5240 2601 5367 Ψῖῐὶὲῗηᾶῖόν
2625 5291 3148 5367 αιοπθάᾼνατοη·
3185 5289 3380 5367 Nqswr
3409 5293 3538 5367 lpgn
3565 5298 3657 5350 τὸν
3718 5297 3834 5367 pi“

2257 5363 2648 5436 θανάτου.μὸοᾱ
2681 5363 2891 5436 insueta
2938 5363 3052 5436 iure
3084 5362 3299 5436 pltrasis
3323 5372 3426 5436 est
3459 5362 3484 5418 τ’
3505 5366 3684 5436 itaque
3715 5362 3834 5424 ina-

2256 5435 2349 5488 lim
2380 5432 2730 5502 acquiescere
2764 5433 2816 5484 in
2849 5433 3082 5486 lectione
3111 5432 3430 5486 Coisliniaui
3461 5432 3684 5493 codicis.

2330 5503 2440 5578 (ῖς)
2579 5503 2646 5578 δὲ
2669 5502 3045 5578 Κιινακᾴρης.
3077 5502 3154 5555 Ita
3185 5503 3375 5578 scripsi
3405 5516 3708 5578 ex_n()stro,
3729 5505 3835 5578 pro

2254 5589 2362 5641 quo
2390 5573 2757 5648 Coislinianus
2790 5589 2802 5624 :
2848 5573 2940 5648 τὴν
2972 5573 3027 5625 δὲ
3083 5575 3606 5648 κανακ-άρηντῄιιιιιιί
3661 5573 3837 5648 magis

2256 5644 2549 5711 respondet
2580 5643 2679 5710 τῷ,
2711 5642 3043 5711 ὠνομάζετο·
3067 5659 3190 5698 cum
3219 5642 3387 5698 altera
3412 5645 3500 5700 illa
3523 5648 3684 5702 lectio
3712 5642 3838 5706 sine

2261 5713 2436 5783 ellipsi
2469 5713 2644 5767 locum
2676 5712 2874 5767 habere
2898 5729 3004 5767 non
3036 5713 3224 5783 possit.
