4110 6430
252 507 322 571 81
1334 505 1638 566 CONTRA
1672 498 2134 562 MANICHXEOS
2170 497 2404 557 LIBER
2456 498 2504 558 I.
3468 481 3540 557 82'

253 618 464 691 πλῆθος
497 617 956 689 ἐπονομάζουσιν,
986 618 1080 669 τὸν
1114 615 1475 686 ἀθροισθέντα
1504 615 1635 668 λαὸν
1669 613 1728 665 ἐν
1765 609 1842 680 τῷ

1959 606 2096 660 situs
2129 605 2426 659 immissam
2457 591 2700 675 magistri
2749 615 2982 660 mortem
3015 605 3284 671 viderant,
3319 613 3372 658 et
3401 605 3535 658 nihil

268 712 530 783 Ἀργαού,
565 712 745 765 καίτοι
791 713 880 766 τὸν
933 712 1131 780 πικρὸν
1160 711 1254 762 καὶ
1306 709 1568 775 θεήλατον
1622 705 1718 758 τοῦ
1769 705 1846 756 δι-

250 807 534 860 δασκάλου
594 805 826 859 θάνατον
876 804 996 873 ὄψει
1050 802 1346 866 λαϐόντες,
1399 802 1496 853 καὶ
1554 800 1737 861 οὐδὲν,
1773 791 1847 850 ὧν

253 898 558 967 ἐθεομάχει
615 898 708 950 καὶ
759 894 1138 966 ἐτερατεύετο,
1197 893 1483 965 προελθὸν,
1533 893 1683 962 ὅμως
1737 893 1849 952 τοῖς

252 992 468 1060 ὁμοίοις
498 993 687 1051 κακοῖς
707 989 1082 1060 διεφθείροντό
1107 1006 1165 1040 τε
1206 989 1301 1040 καὶ
1361 986 1846 1055 κατελυμαίνοντο,

251 1083 358 1134 οὐκ
399 1081 480 1133 ἔτι
519 1081 616 1150 μὲν
656 1083 736 1143 εἰς
777 1080 873 1133 ἕνα
904 1079 1090 1150 τινάἥ
1125 1082 1205 1142 είς
1231 1080 1325 1132 δύο
1366 1078 1429 1131 τὸ
1460 1077 1849 1130 ’διδασκαλικὸν

250 1174 357 1241 τῆς
415 1171 717 1242 θεομαχίας
767 1173 1139 1240 ἀναφέροντες
1197 1173 1440 1242 ἀξίωμα,
1479 1171 1764 1242 ὀμοτίμως
1791 1170 1849 1222 δὲ

251 1262 516 1332 ἀλλήλοις
558 1264 713 1316 αὐτοὶ
750 1265 893 1315 κατὰ
924 1263 1129 1332 πλῆθος
1154 1263 1257 1332 τῆς
1294 1264 1506 1334 πλάνης
1544 1261 1622 1331 τῷ
1647 1261 1847 1330 πλήθει

253 1355 693 1427 καθηγούμενοι.
737 1356 930 1426 Ὅμως
981 1356 1038 1408 δέ
1074 1357 1170 1410 καὶ
1206 1356 1624 1426 ὑποϐεϐηκότας
1667 1356 1849 1408 αὐτῶν

253 1463 416 1509 τινας
451 1446 676 1515 ἐτέρους
708 1446 952 1511 ἔταττον,
985 1445 1077 1509 οὒς
1111 1449 1206 1500 καὶ
1226 1447 1511 1518 νοταρίους
1537 1445 1846 1515 ὠνόμαζον,

253 1538 352 1592 καί
382 1556 503 1591 τινα
532 1538 640 1592 τῶν
679 1540 1010 1610 ἀπορρήτων
1047 1541 1144 1592 καὶ
1177 1539 1482 1609 βδελυκτῶν
1531 1539 1736 1609 ὀργίων
1771 1541 1852 1598 εἰς

256 1631 498 1700 ἐποψίαν
527 1637 622 1683 καὶ
654 1631 978 1700 τελεστικὴν
1013 1630 1290 1702 ἁφώριζον
1319 1632 1666 1701 ἐπιμέλειαν.

331 1722 479 1790 KQ".
534 1723 670 1775 ’Υπὺ
722 1723 778 1774 δὲ
833 1723 965 1786 τοὺς
1033 1724 1234 1788 αὐτοὺς
1294 1725 1652 1792 ἀναφαίνεται
1725 1741 1852 1777 και-

257 1816 390 1886 ροὺς
433 1815 544 1887 (75)
580 1816 675 1870 καί
707 1817 736 1867 ὁ
765 1816 1178 1886 τρισαλιτήριος
1218 1814 1477 1884 Καρϐἐας
1525 1814 1661 1885 (76),
1711 1813 1851 1883 ἀνὴρ

254 1910 432 1971 δεινὸς
473 1909 573 1978 μὲν
611 1909 867 1961 ὑπελθεῖν
894 1908 1072 1978 ὄχλον,
1107 1908 1370 1971 στεγανὸς
1403 1907 1460 1959 δὲ
1488 1905 1756 1975 κρύπτειν
1790 1905 1852 1957 τὸ

1950 711 2162 762 eorum,
2197 714 2318 767 quae
2356 697 2446 751 ille
2476 708 2792 766 portentosa
2829 697 3191 762 confluxerat,
3225 697 3536 760 accidisset,

1951 790 2232 859 populum,
2263 792 2503 858 inquam,
2532 790 2680 844 illum
2701 805 3080 860 corrumpere,
3107 800 3161 844 et
3184 791 3541 858 pessumdare

1950 879 2253 948 pergebant
2289 898 2302 932 :
2337 895 2441 934 nec
2501 881 2641 934 ultra
2701 882 3000 951 impietatis
3054 879 3424 952 magisterium
3475 883 3540 935 ad

1956 988 2125 1025 unum
2157 974 2238 1025 vel
2267 974 2404 1026 duos
2431 973 2765 1030 referebant.
2795 973 2904 1030 Sed
2932 975 3051 1044 pari
3079 975 3222 1029 inter
3246 990 3305 1028 se
3333 975 3541 1028 honore

1953 1066 2286 1119 umltitudini
2319 1067 2760 1137 przeficiebautur
2789 1086 2804 1121 :
2832 1078 3071 1123 attamen
3103 1069 3365 1138 quosdam
3400 1067 3542 1120 infe-

1954 1161 2115 1213 rioris
2149 1161 2346 1230 gradus
2374 1162 2802 1227 constituerunt,
2826 1177 2975 1231 -quos
3009 1162 3358 1232 appellabant
3385 1170 3540 1214 nota—

1956 1251 2098 1315 rios,
2180 1253 2382 1321 quibus
2450 1268 2640 1307 curam
2713 1255 3006 1324 quamdam
3062 1266 3118 1308 et
3169 1255 3406 1309 ollicium
3487 1253 3541 1306 in

1953 1343 2340 1399 abominandis
2381 1345 2498 1399 suis
2539 1345 2709 1416 orgiis
2756 1358 2811 1400 ct
2850 1347 3250 1402 initiationibus
3293 1345 3545 1416 assigna—

1956 1435 2109 1490 bant.

2026 1723 2216 1778 XXVI.
2259 1724 2373 1779 Sub
2401 1725 2505 1779 hoc
2535 1734 2748 1795 tempus
2776 1726 3054 1781 eminebat
3086 1726 3545 1782 sceleratissimus

1955 1815 2217 1881 Carbeas,
2265 1817 2346 1872 vir
2372 1818 2440 1870 ad
2467 1818 2878 1871 subornandam
2908 1817 3122 1887 plebem
3158 1826 3372 1880 acutus,
3398 1817 3548 1871 calli-

1955 1910 2060 1964 dus
2090 1909 2157 1962 ad
2183 1924 2247 1962 ea
2274 1911 2623 1977 occultanda,
2666 1927 2788 1979 qua:
2823 1909 3024 1965 efferre
3059 1925 3158 1980 par
3186 1926 3298 1964 non
3328 1920 3465 1973 erat,
3491 1918 3548 1964 et

254 2001 592 2072 ἀνέκφορον,
628 2005 724 2054 καὶ
761 2004 875 2064 τοῖς
921 1999 1156 2071 χείλεσιν
1195 2000 1332 2054 ἀλλα
1364 2001 1664 2070 προφέρειν
1697 1998 1851 2069 παρά

1959 2003 2024 2057 ad
2054 2004 2158 2056 alia
2192 2003 2594 2072 persuadeuda,
2633 2019 2796 2073 quam
2829 2019 2952 2074 qua:
2987 2005 3043 2056 in
3075 2003 3241 2058 corde
3276 2003 3542 2066 latebant,

253 2095 355 2165 τὴν
387 2097 447 2148 ἐν
477 2097 543 2163 τῇ
577 2094 776 2165 καρδία
821 2094 1054 2164 μελέτην
1084 2091 1485 2156 πιθανώτατος,
1534 2095 1630 2146 καὶ
1667 2092 1848 2145 πίστιν

258 2185 363 2254 μὲν
414 2185 524 2238 οὐδ’
564 2186 760 2255 ἥντινα
796 2185 1066 2256 στέργων,
1111 2185 1236 2237 ἐπεὶ
1283 2185 1379 2238 καὶ
1425 2185 1494 2238 τὰ
1526 2185 1638 2237 τῶν
1681 2183 1848 2254 ’Ᾰρά-

256 2277 370 2330 ϐων
401 2277 516 2348 (Π)
552 2278 796 2341 θειάζειν
819 2278 1232 2348 ἐσχηματίσατο
1256 2295 1270 2308 ·
1315 2276 1456 2349 πλὴν
1482 2278 1583 2348 τῆς
1615 2278 1852 2329 ἀποστα-

258 2372 383 2434 σίας
431 2371 675 2441 ἐραστὴς
727 2373 823 2424 καὶ
873 2370 1132 2439 λέγεσθαι
1177 2372 1272 2424 καὶ
1323 2370 1645 2440 νομίζεσθαι
1695 2369 1854 2432 κλέος

261 2461 614 2531 ποιούμενος,
651 2462 772 2515 οὐδὲ
802 2463 902 2532 τῆς
945 2463 1087 2515 κατὰ
1122 2463 1361 2532 πόλεμον
1391 2463 1692 2532 ἐμπειρίας
1737 2461 1850 2529 (78)

258 2553 636 2623 ἀγύμναστος.
669 2554 761 2605 Διὸ
785 2555 881 2607 καὶ
910 2553 1010 2623 τῆς
1046 2555 1424 2623 ἀποστατικῆς
1460 2554 1677 2622 ἐκείνης
1707 2551 1853 2621 πλη-

259 2644 393 2705 θύος
448 2645 550 2716 ἤδη
600 2646 740 2716 πρὸς
781 2649 942 2716 χεῖρα
996 2646 1308 2716 πολεμικήν
1361 2663 1422 2697 τε
1473 2645 1566 2698 καὶ
1623 2643 1852 2715 βαρεῖαν

268 2736 663 2808 ἀδρυνομένης,
701 2737 892 2808 ἄρχειν
951 2739 1058 2792 ὑπὸ
1094 2738 1190 2791 τοῦ
1269 2735 1515 2809 πλήθους
1560 2736 1756 2809 ᾑρέθη,
1796 2738 1856 2800 ὃς

267 2828 364 2878 ἐπὶ
414 2829 612 2897 μᾶλλον
663 2828 842 2895 αύξων
887 2847 950 2882 τε
999 2831 1094 2882 καὶ
1142 2829 1431 2900 κρατύνων
1471 2830 1533 2882 τὺ
1586 2829 1855 2899 θεομάχον

264 2919 562 2991 ἄθροισμα,
595 2923 720 2975 ἐπεὶ
742 2924 807 2993 τῇ
838 2922 1106 2993 βαρύτητι
1130 2923 1226 2976 τοῦ
1258 2921 1558 2992 πολυχνίου
1587 2938 1857 2992 στενοχω-

261 3015 532 3087 ρούμενος
559 3011 670 3068 εἶδε
698 3016 826 3079 τοὺς
855 3016 962 3069 ὑπὸ
994 3019 1177 3088 χεῖρα,
1209 3015 1366 3069 πόλιν
1407 3016 1579 3086 ἄλλην
1608 3017 1857 3086 εὐρυχω-

262 3107 502 3178 ροτέραν
524 3107 751 3177 ἐγείρει,
788 3109 855 3179 ἥν
905 3109 1234 3178 ἐπωνόμαζε
1269 3108 1552 3180 Τεφρικὴν
1586 3108 1721 3178 (79),
1761 3109 1858 3162 καὶ

260 3199 468 3271 ταύτην
521 3204 632 3264 τοῖς
683 3201 974 3271 ἑπομένοις
1011 3201 1262 3266 πολίζει,
1294 3201 1430 3271 ὁμοῦ
1471 3202 1574 3271 μὲν
1628 3203 1723 3254 καὶ
1753 3203 1854 3270 τὴν

1955 2095 2157 2149 nullam
2195 2112 2381 2150 revera
2420 2107 2614 2150 tenens
2665 2095 2865 2160 fidem,
2915 2097 3118 2166 quippe
3165 2097 3257 2165 qui
3306 2097 3545 2149 Arabum

1955 2190 2274 2261 religionem
2305 2206 2364 2244 se
2401 2189 2658 2244 admirari
2721 2191 3002 2243 simularet
3041 2209 3053 2244 :
3097 2199 3356 2243 creterum
3413 2203 3545 2256 apo-

1955 2282 2136 2336 stasizn
2194 2291 2494 2335 amatorem
2546 2291 2602 2336 et
2641 2281 2748 2336 dici
2798 2294 2853 2335 et
2892 2281 3200 2336 existimari
3248 2281 3445 2335 honori
3492 2290 3548 2334 et

1956 2375 2140 2442 gloria:
2169 2374 2272 2426 sibi
2304 2390 2426 2428 esse
2461 2374 2716 2437 ducebat,
2752 2387 2931 2442 neque
2962 2372 3170 2427 bellic.'e
3206 2371 3284 2425 rei
3316 2371 3547 2439 imperi-

1958 2475 2044 2517 tus
2076 2470 2216 2517 erat.
2248 2463 2614 2529 Quamobrem
2651 2479 2776 2518 cum
2807 2462 3110 2532 apostatica
3137 2461 3227 2515 illa
3255 2459 3548 2514 multitudo

1951 2555 2062 2624 jam
2092 2571 2158 2608 eo
2211 2555 2539 2609 incrementi
2590 2555 2849 2615 venisset.
2885 2565 2946 2610 ut
2979 2554 3273 2608 militarem
3321 2567 3545 2606 manum

1958 2647 2307 2716 suppeditare
2339 2657 2543 2716 posset,
2575 2648 2643 2702 ad
2675 2646 2958 2717 imperium
2989 2646 3056 2700 ab
3080 2646 3168 2699 illa
3191 2653 3417 2700 evectus
3440 2653 3546 2706 est,

1959 2747 2149 2806 utpote
2175 2739 2266 2807 qui
2299 2739 2689 2808 impiissimum
2721 2749 2924 2793 emtum
2952 2746 3008 2792 et
3031 2753 3232 2808 augere
3260 2746 3317 2790 et
3347 2733 3548 2790 confir-

1967 2846 2122 2885 mare
2142 2847 2304 2901 posse
2326 2832 2665 2886 crederetur.
2680 2832 2816 2886 Cum
2832 2841 3017 2885 autem
3040 2830 3283 2900 oppiduli
3300 2827 3551 2900 angustia

1958 2939 2177 2993 pressos
2207 2932 2457 2978 cerneret
2488 2924 2758 2990 subditos,
2793 2923 2956 2977 aliam
3001 2921 3324 2993 ampliorem
3357 2920 3550 2974 urbem

1958 3016 2236 3080 excitavit,
2283 3033 2445 3085 quam
2495 3015 2822 3085 Tephricam
2869 3014 3213 3078 nominavit,
3265 3013 3552 3083 ipsamque

1961 3109 2290 3178 sequacibus
2322 3110 2438 3163 suis
2473 3110 2819 3164 incolendam
2867 3109 3038 3172 dedit,
3075 3119 3134 3163 et
3169 3107 3549 3161 imminentem

1961 3201 2330 3256 Melitinorum
2387 3202 2729 3271 tyrannidem
2777 3201 3097 3257 declinaret.
3143 3200 3283 3255 Nam
3337 3197 3553 3253 etiamsi

259 3293 674 3364 ἐπιφερομένην
706 3293 818 3346 τῶν
845 3292 1209 3347 Μελιτινιτῶν
1257 3293 1370 3363 (80)
1416 3293 1729 3347 ἀποκλίνων
1761 3311 1854 3346 τυ-

1963 3298 2120 3353 initio
2189 3298 2605 3368 perhumaniter
2652 3300 2720 3353 ab
2769 3299 2876 3352 illis
2933 3297 3145 3367 excepti
3186 3297 3445 3360 fuissent,
3499 3305 3554 3348 ct

263 3387 514 3458 ραννίδα.
559 3387 664 3439 Καὶ
694 3387 806 3457 γὰρ
846 3389 895 3440 εί
923 3387 1043 3440 κατ’
1072 3388 1249 3457 ἀρχὰς
1286 3386 1629 3458 φιλοφρόνως
1662 3386 1858 3440 ὑπεδέ-

261 3481 448 3547 ξαντο,
500 3481 614 3532 ἀλλ’
654 3477 749 3534 οὖν
805 3479 1179 3544 πλουτοῦντας
1223 3480 1486 3550 ὁρῶντες,
1542 3481 1641 3534 καὶ
1692 3480 1858 3534 πλέον

262 3565 344 3625 ὧν
381 3574 630 3644 ἤλπιζον,
665 3575 787 3636 ταῖς
831 3573 956 3628 καθ’
995 3573 1217 3644 ἡμέραν
1264 3572 1599 3644 λῃστρικαῖς
1649 3571 1860 3640 ἐφόδοις

266 3667 353 3729 είς
378 3667 640 3736 εὐπορίαν
667 3667 1005 3732 ἐπιδιδόντας
1029 3667 1130 3719 οὐκ
1153 3665 1233 3719 ἔτι
1249 3666 1343 3719 τὸν
1370 3664 1650 3736 ὀφθαλμὸν
1670 3665 1858 3729 αὐτοῖς

267 3758 586 3813 ἐπιϐάλλειν
626 3759 826 3828 φθόνου
869 3761 1042 3831 χωρὶς
1084 3759 1181 3814 καὶ
1217 3757 1538 3822 πλεονεξίας
1567 3756 1854 3828 ἠδύναντο.

266 3853 364 3905 Διὸ
395 3851 932 3924 λαφυραγωγοῦντες
979 3852 1181 3916 αὐτοὺς
1229 3850 1453 3921 τέχναις
1485 3849 1713 3913 πολλαῖς
1761 3848 1860 3902 καὶ

267 3943 519 4012 μεθόδοις
549 3945 651 3997 οὐκ
693 3943 967 3997 ἐνέλιπον.
1003 3943 1122 3998 Μία
1155 3943 1337 3996 τοίνυν
1369 3943 1465 3995 καὶ
1503 3942 1642 4012 αὑτὴ
1685 3939 1857 4005 αἰτία,

261 4037 334 4089 δι’
363 4037 432 4109 ἦν
458 4037 535 4100 ὡς
567 4039 842 4109 ἀπωτέρω
873 4038 973 4109 τῆς
1003 4037 1283 4108 προτέρας
1307 4037 1580 4106 οἰκήσεως
1614 4033 1860 4098 πολίζειν

264 4127 412 4196 ἔγνω
451 4129 514 4182 τὺ
549 4129 814 4198 ὑπήκοον.
852 4129 976 4182 Ἔτι
1007 4129 1064 4181 δὲ
1116 4129 1214 4182 καὶ
1259 4127 1340 4198 τῷ
1374 4127 1722 4197 ἀνεπιμίκτῳ
1749 4125 1860 4178 τῶν

265 4223 452 4277 ἄλλων
481 4223 794 4296 ἀνθρώπων
824 4227 907 4288 εἰς
935 4226 1036 4288 τὰς
1056 4223 1437 4295 δαιμονιὼδεις
1463 4227 1559 4277 καὶ
1590 4225 1857 4287 ἐκτόπους

261 4315 378 4368 τῶν
421 4315 703 4385 πράξεων,
755 4315 852 4370 ἆτε
901 4317 966 4387 δὴ
1003 4314 1125 4368 καθ’
1176 4316 1408 4377 ἑαυτοὺς
1462 4315 1644 4377 ὄντας,
1684 4313 1860 4376 ἀδεῶς

263 4410 468 4478 χωρεῖν
513 4408 608 4460 καὶ
652 4408 753 4462 σὺν
788 4407 1078 4480 παρρησίᾳ
1141 4407 1570 4477 προνοούμενος.
1619 4407 1715 4458 Ἐκ
1743 4422 1859 4474 γει-

1960 3398 2093 3445 tnnc
2119 3407 2245 3444 cum
2279 3385 2399 3445 illos
2427 3391 2627 3446 divites
2661 3407 2783 3446 esse
2810 3399 3105 3446 cernerent
3133 3406 3197 3445 ac
3219 3389 3554 3460 quotidianis

1957 3481 2457 3551 deprmdationibus
2481 3498 2668 3536 rerum
2698 3484 2855 3552 copia
2886 3491 3220 3546 crescentes.
3256 3496 3366 3534 nou
3400 3487 3554 3549 pote-

1959 3582 2084 3628 rant
2117 3589 2215 3629 eos
2239 3575 2361 3630 sine
2396 3575 2602 3629 invidia
2626 3583 2682 3630 et
2715 3575 3015 3645 cupiditate
3041 3574 3336 3643 respicere.
3371 3571 3553 3638 Quare

1956 3677 2067 3717 non
2123 3664 2416 3719 cessabant
2461 3664 2542 3719 eis
2585 3665 2869 3728 insidiari,
2916 3673 2975 3719 ut
3024 3664 3202 3735 spolia
3251 3662 3552 3732 eriperent.

1958 3759 2092 3826 Quae
2113 3760 2336 3830 quidem
2367 3777 2477 3814 una
2505 3761 2605 3830 ipsi
2634 3776 2799 3815 causa
2829 3758 2953 3823 fuit,
2979 3774 3079 3813 cur
3108 3757 3299 3828 procul
3323 3771 3352 3810 a
3374 3755 3552 3825 prima

1957 3852 2294 3907 habitatione
2317 3854 2566 3909 subditos
2596 3869 2748 3908 suam
2775 3853 2962 3908 sedem
2994 3867 3199 3922 ponere
3221 3847 3548 3904 decreverit.

1955 3945 2038 4000 Ad
2074 3946 2191 4001 hrec
2218 3955 2402 4001 autem
2434 3948 2683 4010 curabat,
2717 3956 2776 4001 ut
2803 3946 3040 4016 separati
3074 3960 3104 3999 a
3128 3943 3343 3999 caeteris
3370 3942 3552 3996 horni-

1957 4039 2146 4103 nibus,
2181 4040 2537 4095 daamoniacis
2565 4049 2619 4094 et
2641 4040 2898 4096 absurdis
2930 4040 3093 4093 rebus
3127 4037 3361 4092 seorsim
3385 4034 3550 4105 positi

1961 4131 2194 4186 liberius
2233 4144 2287 4187 et
2319 4149 2445 4187 cum
2487 4135 2682 4188 tiducia
2720 4141 3000 4188 vacarent.
3033 4131 3171 4186 Cum
3214 4129 3359 4184 enim
3390 4136 3551 4182 antea

1966 4224 2180 4279 vicinos
2229 4226 2497 4286 haberent
2525 4226 2848 4288 Saracenos,
2883 4238 3076 4278 eorum
3123 4221 3284 4276 simul
3333 4220 3470 4274 ritus
3499 4227 3552 4272 et

1967 4330 2098 4369 suos
2120 4315 2524 4381 observabant;
2558 4316 2654 4370 sed
2685 4331 2876 4370 eorum
2912 4314 3053 4368 ritus
3087 4311 3354 4368 theatrico
3376 4327 3552 4372 more,

1970 4421 2100 4461 suos
2131 4423 2264 4462 vero
2290 4409 2522 4479 mystico
2549 4409 2720 4462 cultu.

261 4503 439 4554 τόνων
472 4503 584 4573 γὰρ
615 4502 833 4572 ἔχοντες
862 4504 1130 4576 πρότερον
1167 4504 1300 4564 τοὺς
1353 4501 1732 4572 Σαρακηνοὺς,
1772 4501 2032 4556 ἐσέϐοντο
2074 4505 2173 4576 μὲν
2216 4505 2330 4574 (sl)
2373 4503 2444 4556 τὰ
2507 4503 2709 4569 αὐτῶν,
2750 4501 3003 4555 ἐσέϐοντο
3075 4499 3132 4552 δὲ
3168 4499 3264 4552 καὶ
3302 4497 3374 4552 τά
3407 4496 3552 4552 ἐκεί-

265 4615 382 4651 νων
402 4615 418 4629 ο
447 4598 587 4652 ἀλλὰ
617 4599 688 4652 τὰ
713 4599 812 4669 μὲν
839 4599 952 4670 (82)
987 4598 1216 4650 ἐκείνων
1237 4595 1642 4666 θεατρίζοντες,
1671 4598 1740 4648 τὰ
1770 4595 1826 4649 δέ
1861 4598 2041 4652 οίκεία
2068 4600 2592 4672 μυστηριαζόμενοι.

342 4701 475 4754 KZ'.
525 4699 650 4751 Ἐπὶ
685 4697 901 4761 τούτοις
955 4695 1014 4748 δὲ
1055 4695 1152 4748 καὶ
1180 4694 1470 4764 ἐπίκαιρος
1514 4692 1691 4745 ἐδόκει
1723 4693 1854 4764 πρὸς

2043 4699 2256 4755 XXVII.
2299 4698 2571 4754 Praeterea
2619 4699 2750 4754 urbs
2796 4699 2884 4754 illa
2917 4715 2949 4754 a
2977 4713 3037 4755 se
3084 4707 3292 4756 structa
3346 4711 3550 4766 oppor-

266 4793 372 4855 τὰς
405 4790 761 4860 καταδρομὰς
810 4792 912 4859 τῆς
956 4787 1275 4857 Ῥωμαῖκῆς
1327 4787 1502 4856 ἀρχῆς
1544 4787 1611 4854 ἣν
1655 4785 1860 4857 ἀνέστη

265 4885 451 4937 πόλιν.
480 4883 703 4939 Μᾶλλόν
741 4900 802 4934 τε
832 4883 944 4952 γάρ
967 4879 1272 4950 ἐπλησίαζε
1308 4881 1421 4941 τοῖς
1458 4878 1630 4948 αὐτῆς
1663 4877 1856 4946 ὁρίοις.

279 4978 448 5032 Ἀλλά
467 4979 563 5032 καὶ
593 4976 648 5029 εἴ
663 4994 748 5040 τις
769 4975 1092 5044 αὐτομολεῖν
1122 4973 1333 5027 ἐκεῖθεν
1351 4972 1606 5026 ἐϐούλετο
1627 4973 1735 5026 τῶν
1759 4973 1860 5044 τὴν

263 5071 446 5144 αὐτὴν
497 5069 760 5125 ἀσέϐειαν
812 5069 1106 5138 ἐγκόλπιον
1161 5067 1463 5137 φερόντων,
1499 5066 1860 5136 ἑτοιμοτέραν

1971 4801 2101 4847 tuna
2136 4791 2420 4846 videbatur
2447 4805 2568 4846 esse
2597 4791 2669 4846 ad
2701 4792 3008 4846 Romanum
3038 4791 3331 4861 imperium
3361 4790 3549 4842 incur-

1969 4885 2220 4947 sandum,
2257 4891 2449 4953 utpote
2496 4883 2640 4938 illius
2683 4883 2889 4938 finibus
2912 4884 3167 4938 vicinior.
3201 4881 3346 4946 Quin
3386 4878 3552 4934 etiam

1971 4971 2015 5025 si
2043 4971 2166 5039 quis
2217 4971 2345 5024 inde
2393 4971 2735 5042 transfugere
2781 4972 2946 5026 vellet
2979 4987 3045 5026 ex
3090 4971 3181 5035 iis,
3233 4969 3328 5041 qui
3373 4968 3554 5024 eidem

1972 5063 2235 5134 impietati
2285 5065 2749 5128 assentiebantnr,
2806 5063 3133 5135 paratiorem
3167 5065 3237 5120 ad
3287 5064 3472 5136 fugam
3499 5071 3557 5119 et

1369 5199 1609 5256 VARle
1647 5199 2038 5256 LECTIONES
2081 5200 2168 5254 ET
2207 5201 2437 5258 ΝΟΤᾸΞ.

349 5325 464 5398 (75)
501 5325 776 5398 Κατροὺς.
805 5322 1006 5398 N_oster
1042 5322 1288 5398 καιριᾴς,
1320 5319 1610 5374 mendose.

346 5394 460 5466 (76)
498 5397 782 5461 Καρϐἐας.
847 5394 922 5466 lla
946 5394 1238 5466 rescripsi
1271 5407 1334 5466 ex
1369 5400 1699 5466 nostropro
1721 5406 1863 5457 καρ-

271 5459 453 5530 ϐαίας
482 5459 807 5521 Coisliuiaui
844 5465 1088 5520 Codicis.
1143 5459 1440 5518 Nobiscum
1488 5459 1618 5512 facit
1666 5459 1863 5513 Petrus

273 5540 520 5596 Siculus.
549 5554 605 5606 p.
636 5535 726 5598 7‘2,
761 5545 816 5589 et
847 5535 1154 5598 Cedrenns,
1182 5532 1399 5606 μυί,
1425 5532 1516 5601 qui
1555 5546 1669 5583 rem
1697 5531 1861 5593 hanc,

273 5619 440 5682 prout
467 5604 620 5682 gesta
642 5617 762 5682 est,
797 5605 923 5682 data
948 5621 1112 5674 opera
1147 5604 1361 5658 recitat.

348 5670 796 5745 (77.)‘1’Apd6’wr.
838 5670 1024 5735 Recte,
1063 5691 1161 5743 pro
1184 5689 1292 5744 quo
1329 5683 1514 5745 uoster
1551 5670 1862 5743 ’Ᾱρῤἀϐων,

347 5740 462 5821 (7S)
518 5740 881 5816 Ἐξιιπειρίας.
937 5740 1105 5800 Addit
1128 5740 1318 5800 noster
1355 5740 1424 5814 ἦν
1447 5784 1463 5810 ,
1519 5740 1629 5813 quo
1656 5740 1862 5796 tamen

272 5835 416 5890 opus
459 5833 568 5874 non
595 5829 700 5874 est.
751 5891 758 5892 ί
861 5886 878 5892 _
1663 5882 1696 5892 η
1741 5883 1752 5892 .

347 5895 460 5956 (7!!)
511 5891 824 5958 Τερρίκὴν.
861 5886 936 5942 Ita
965 5897 1112 5941 recte
1141 5897 1350 5958 noster.
1387 5901 1485 5958 pro
1520 5899 1629 5958 quo
1658 5880 1860 5958 (leisli-

275 5953 478 6018 uiauus
515 5953 656 6016 male
691 5959 949 6028 Τεφικόν,
979 5960 1136 6029 pejus
1176 5953 1627 6013 [’clrus’Siculus
1669 5953 1860 6024 Τιϐρι-

1963 5319 2092 5385 κήν.
2119 5318 2226 5372 Pro
2261 5328 2448 5372 nostra
2485 5319 2785 5388 scriptione
2820 5316 2950 5372 facit
2987 5325 3044 5372 et
3068 5317 3240 5372 codex
3269 5313 3552 5372 Colberti-

1964 5406 2092 5450 nus,
2124 5397 2179 5442 et
2209 5389 2514 5448 Cedrcuus.
2553 5406 2606 5458 p.
2636 5389 2761 5442 4M.

2039 5460 2150 5528 (80)
2173 5457 2588 5512 Μελίτη-ιτῶή
2611 5459 2800 5526 Recte,
2826 5475 2926 5530 pro
2951 5473 3061 5530 quo
3081 5467 3268 5514 noster
3289 5457 3555 5514 mendose

1964 5531 2336 5584 Μελιπνιτὼν.

1977 5623 1980 5626 ’
2040 5602 2152 5671 (8i)
2193 5601 2466 5654 Ἕσεϐον.
2503 5599 2744 5670 Bis..pro
2783 5617 2893 5671 quo
2922 5603 3181 5669 utrinque
3215 5609 3402 5655 noster
3431 5599 3553 5652 ἐσέ-

1965 5672 2146 5725 ϐοντο.
2181 5671 2287 5725 Sed
2327 5673 2481 5742 bene
2501 5671 2667 5726 habet
2698 5680 2932 5742 utraque
2962 5673 3112 5726 verbi
3143 5671 3339 5742 forma.

2037 5743 2149 5811 (8?)
2197 5743 2385 5795 Ἀλλὰ
2425 5741 2499 5793 τὰ
2554 5742 2688 5810 μέν.
2724 5742 2933 5797 Sensus
2979 5752 3098 5804 cst,
3154 5741 3552 5796 Saracenorum

1965 5814 2214 5868 instituta
2245 5828 2340 5865 eos
2370 5812 2589 5882 publice
2638 5822 2694 5867 et
2745 5815 2798 5866 in
2829 5823 3130 5881 conspectu
3167 5813 3419 5875 aliorum,
3455 5812 3551 5866 do-

1963 5884 2189 5940 mestica
2228 5899 2358 5939 vero
2389 5883 2528 5938 clam
2569 5893 2625 5940 ct
2653 5883 2866 5940 occulte
2897 5890 3138 5938 sectatos
3177 5898 3318 5937 esse.
