4088 6404
208 404 288 468 8‘5
1341 420 1638 481 CONTRA
1668 421 2133 482 MANICHAios
2174 420 2408 481 LIBER
2444 423 2492 481 I.
3421 423 3492 488 se

846 522 1067 577 ΛΟΓΟΣ
1106 526 1182 579 Β’.

428 610 696 679 Ἀπορίαι
721 612 818 665 καὶ
846 615 1061 680 λύσεις
1094 615 1215 671 τῶν
1246 622 1610 689 Μανιχαίων.

285 700 368 752 A'.
414 702 475 753 Εξ
507 701 535 753 6
578 703 807 769 Ἀγαθὸς
840 705 939 775 μὲν
975 707 1075 776 τὴν
1096 708 1273 781 ψυχὴν
1309 711 1665 783 δημιουργεῖ,
1694 716 1721 767 6
1749 715 1806 769 δὲ

211 792 458 862 πονηρὸς
486 794 549 846 τὸ
590 794 747 865 σῶμα
768 837 783 857 ς
818 797 936 861 πῶς
966 800 1230 871 ἠνέσχετο
1269 803 1297 854 δ
1344 804 1572 871 Ἀγαθδί
1598 807 1806 878 ἑνωθῆ“

208 901 301 935 ναι
325 884 388 936 τὸ
414 886 644 954 πλάσμα
672 888 839 940 αὐτοῦ
862 890 937 958 τῷ
961 890 1240 960 πλάσματι
1268 894 1379 962 (89)
1399 895 1494 948 τοῦ
1524 897 1802 969 Πονηροῦ;

210 974 333 1037 πῶς
369 976 428 1029 δὲ
464 979 558 1030 καὶ
594 980 853 1049 ὑπέμεινε
877 982 974 1053 τὴν
1000 983 1195 1036 ἕνωσιν
1217 986 1245 1036 6
1278 986 1551 1058 Πονηρός;
1598 990 1663 1042 Ἦ
1696 990 1804 1062 γὰρ

209 1065 412 1129 ἓνωσις
454 1067 488 1138 ἢ
538 1069 933 1141 ἀγαθοποιήσει
977 1074 1039 1127 τὸ
1080 1075 1240 1145 σῶμα
1264 1117 1277 1139 ,
1313 1077 1449 1148 ὅπερ
1492 1079 1551 1131 οὐ
1578 1080 1686 1151 χρὴ
1714 1082 1806 1134 τὸν

225 1158 460 1228 Ἀγαθὸν
486 1160 583 1214 τοῦ
604 1163 789 1216 Κακοῦ
810 1166 872 1217 τὸ
888 1165 1438 1237 ἐργονξάγαθοποιεῖνο
1459 1172 1807 1245 ῆκακοποιή-

217 1267 306 1302 σει
332 1252 427 1322 τὴν
450 1253 652 1323 ψυχὴν,
680 1257 817 1325 ὅπερ
858 1259 992 1311 πολὺ
1039 1260 1404 1332 ἀτοπώτερον,
1441 1265 1707 1335 ἡττᾶσθαι
1745 1268 1806 1319 τὸ

214 1342 609 1415 δημιούργημα
637 1349 733 1399 τοῦ
767 1348 905 1401 Θεοῦ
940 1350 1044 1404 ὑπὸ
1073 1351 1168 1404 τοῦ
1204 1354 1531 1425 πλάσματος
1569 1358 1665 1410 τοῦ
1701 1359 1805 1412 Πο-

212 1436 409 1505 νηροῦ.
430 1440 583 1490 Διατί
612 1440 671 1492 δὲ
705 1442 800 1492 καὶ
833 1442 1096 1513 ἠνέσχετο
1115 1447 1142 1497 6
1169 1448 1374 1515 ἀγαθὸς
1400 1448 1533 1511 Θεὸς
1554 1450 1616 1503 τὸ
1645 1450 1805 1522 ἔργον

212 1528 384 1580 αὐτοῦ
422 1530 692 1611 ἑνωθῆναι
720 1533 797 1602 τῷ
833 1533 980 1605 ἔργῳ
1024 1537 1118 1589 τοῦ
1156 1539 1434 1608 Πονηροῦ,
1480 1542 1575 1594 καὶ
1620 1560 1804 1597 κακω-

213 1620 377 1688 θῆναι
408 1621 502 1673 ὑπ’
530 1624 697 1677 αὑτοῦ
723 1641 737 1690 ;
766 1627 794 1677 6
852 1628 1095 1699 Πονηρὸς
1139 1630 1196 1683 δὲ
1236 1633 1399 1686 πάλιν
1431 1633 1551 1697 πῶς
1592 1635 1802 1707 ὑπέστη

213 1710 588 1778 άγαθύνεσθαι
631 1715 692 1767 τὸ
733 1716 893 1785 ἔργον
927 1720 1093 1773 αὐτοῦ
1122 1720 1258 1792 (90);
1295 1724 1466 1794 χωρὶς
1500 1723 1559 1776 δὲ
1589 1726 1698 1778 τῶν
1725 1728 1803 1778 εί-

220 1804 475 1872 ρημένων
518 1805 604 1868 τίς
635 1809 922 1877 άπήρξατο
950 1810 1052 1880 τῆς
1082 1812 1329 1878 ὲνὼσεως
1356 1832 1371 1881 ;
1416 1815 1477 1868 Et
1514 1816 1612 1884 μὲν
1640 1819 1751 1889 γάρ
1774 1818 1803 1869 6

231 1896 481 1963 ’Δγαθὸς,
510 1899 630 1963 πῶς
669 1900 768 1953 οὐκ
806 1902 1063 1973 ἐκακώθη
1108 1904 1253 1957 κατὰ
1289 1906 1448 1959 τοῦτο
1476 1908 1539 1960 τὸ
1565 1909 1802 1982 πονηρὸν

218 1986 376 2058 ἔργον
424 1988 911 2061 προσλαϐόμενος;
956 1994 1006 2045 εἰ
1051 1993 1108 2046 δὲ
1159 1996 1188 2047 6
1235 1996 1498 2068 Πονηρὸς,
1533 1997 1693 2068 δῆλον
1726 1999 1802 2063 ὡς

217 2081 307 2131 καὶ
337 2080 505 2143 αὐτὸς
529 2081 673 2149 ἠγαθ
684 2082 813 2155 ύνθη
840 2085 983 2137 κατά
1005 2086 1181 2151 τοῦτο,
1220 2086 1399 2157 ἔρωτα
1422 2088 1602 2143 λαϐὼν
1642 2090 1804 2160 Ἀγα-

217 2170 307 2223 θοῦ
333 2172 849 2243 δημιουργήματος,
866 2177 926 2229 τό
942 2194 1002 2229 τε
1038 2178 1268 2246 Ἀγαθὸν
1292 2182 1516 2248 γέγονεν
1547 2184 1665 2251 ἅμα
1693 2184 1803 2236 Πο-

216 2264 380 2333 νηρόν
408 2281 470 2317 τε
498 2267 593 2317 καὶ⁸
631 2265 880 2333 Ἀγαθόν.
921 2266 987 2321 Ἦ
1018 2269 1129 2339 γάρ
1168 2269 1364 2334 ἓνωσις
1390 2272 1491 2342 τὴν
1537 2273 1801 2346 ἐκατέρου

217 2356 377 2424 φύσιν
399 2359 466 2427 τῇ
494 2359 753 2430 κοινωνίᾳ
778 2361 1098 2431 συγχέουσα,
1113 2364 1173 2417 τό
1190 2381 1250 2418 τε
1272 2366 1471 2419 οἰκεῖον
1492 2366 1805 2440 ἐλωϐήσατο

217 2450 311 2501 καὶ
337 2450 399 2502 τὸ
422 2452 707 2520 ἀλλότριον
740 2452 1057 2523 ᾠκειώσατο
1080 2472 1094 2486 ⁶
1127 2456 1271 2511 ὥστε
1297 2460 1391 2512 καὶ
1418 2462 1446 2513 6
1471 2461 1677 2529 ἀγαθὸς
1705 2480 1805 2515 πο-

217 2544 383 2614 νηρόν
404 2561 463 2596 τε
486 2545 601 2615 ἅμα
630 2546 727 2599 καὶ
758 2549 960 2615 ἀγαθὸν
992 2551 1162 2604 ἐποίει
1204 2553 1265 2605 τὸ
1291 2552 1453 2623 ἔργον
1486 2554 1674 2621 αὑτοῦ,
1706 2557 1804 2609 καὶ

224 2638 253 2687 ὁ
279 2637 519 2707 ΙΙονηρὸς
551 2640 787 2709 πονηρόν
813 2659 870 2693 τε
893 2643 1011 2713 ἅμα
1042 2646 1136 2697 καὶ
1166 2644 1391 2713 ἀγαθόν.
1425 2640 1501 2701 Οῦ
1532 2647 1584 2700 τί
1617 2648 1683 2702 ἂν
1715 2650 1803 2720 εἴη

226 2729 638 2801 ἀνοητότερονῆ
677 2732 1060 2804 άτοπώτερον;
1091 2735 1250 2789 Οῦτω
1293 2738 1391 2808 μὲν
1415 2734 1527 2800 οῦν,
1568 2741 1618 2792 εἰ
1660 2757 1802 2810 συμ-

222 2822 466 2891 προῆλθε
496 2826 559 2894 τῇ
596 2824 702 2876 τῶν
743 2827 922 2895 ἔργων
946 2828 1280 2900 δημιουργίᾳ
1324 2831 1419 2882 καὶ
1451 2830 1721 2901 ήὲνωσις·
1754 2833 1805 2885 εἰ

219 2912 267 2965 6'
293 2908 363 2983 ἦν
395 2914 639 2983 ἀλλήλων
671 2918 802 2970 ποτὲ
827 2921 1210 2990 κεχωρισμένα
1238 2921 1413 2975 ταῦτα
1438 2923 1532 2976 καὶ
1562 2923 1652 2991 ὑφ’
1675 2925 1805 2976 ἑκα-

218 3004 379 3074 τέρου
412 3006 655 3060 πλάστου
683 3012 938 3081 προνοίας
964 3029 1023 3064 τε
1048 3014 1142 3065 καὶ
1168 3013 1489 3083 ἐπιμελείας
1521 3016 1581 3068 τὸ
1604 3016 1803 3068 οἰκεῖον

216 3098 445 3168 πλάσμα
470 3101 711 3169 ἠξιοῦτο,
754 3104 951 3172 ἀμιγὲς
979 3105 1413 3176 συντηρούμενον
1438 3106 1531 3159 τοῦ
1566 3107 1805 3160 ἀντικει-

220 3194 405 3262 μένου,
436 3196 523 3259 τίς
549 3193 617 3267 ἦν
644 3198 805 3261 αὐτὸς
830 3199 858 3250 ὁ
885 3199 1005 3251 τότε
1026 3201 1124 3269 τῆς
1146 3200 1476 3270 διακρίσεως
1505 3201 1799 3273 λογισμός;
1830 3226 1872 3283 c

218 3287 310 3339 καὶ
355 3287 526 3340 πόθεν
556 3287 785 3360 ὕστερον
823 3292 903 3354 είς
943 3292 1042 3364 τὴν
1082 3293 1182 3362 τῆς
1225 3294 1475 3357 ὲνώσεως
1504 3294 1805 3367 ἠλλοιώθη-

221 3396 350 3443 σαν;
383 3382 455 3433 Ἢ
482 3380 594 3451 γὰρ
619 3383 884 3456 πρότερον
908 3386 1043 3454 πρὸς
1071 3385 1132 3439 τὸ
1160 3388 1360 3438 οἰκεῖον
1398 3388 1676 3458 συμφέρον
1707 3389 1803 3442 καὶ

219 3471 412 3525 ἑαυτοῦ
448 3478 545 3527 καὶ
572 3476 668 3527 τοῦ
711 3476 1033 3547 πλάσματος
1084 3480 1371 3550 συνετήρει
1402 3480 1666 3551 ἑκάτερος
1705 3482 1804 3533 ἀν-

221 3567 545 3636 επίμικτον,
584 3569 617 3639 ἢ
668 3569 990 3642 ἀσύμφορον
1018 3572 1296 3642 εὑρόντες,
1331 3574 1806 3644 ἐκεῖθενὲσωφρο-

221 3659 479 3729 νίσθησαν
520 3663 659 3731 πρὸς
692 3662 789 3733 τὴν
822 3663 1037 3717 ἕνωσιν.
1081 3666 1191 3718 Καὶ
1218 3668 1391 3729 πόσας
1410 3667 1580 3726 ἄλλας
1610 3668 1805 3720 δυσσε-

220 3750 368 3814 ὗείας
413 3769 476 3804 τε
542 3754 640 3806 καὶ
687 3754 875 3817 ἀνοίας
924 3754 1078 3827 βρύει
1121 3758 1154 3827 ἠ
1204 3756 1394 3828 πρώτη
1453 3758 1551 3827 τῆς
1594 3758 1804 3830 πλάνης

219 3843 475 3908 ὑπόθεσις
496 3844 644 3899 οὕτω
664 3846 929 3917 θεομάχον
948 3866 1006 3900 τε
1039 3849 1132 3901 καὶ
1161 3850 1404 3919 ἐμμανὲς
1431 3850 1526 3903 uati.
1552 3851 1803 3920 ἀνόητον,

216 3939 274 3991 τὸ
321 3940 488 3993 ἄλλον
543 3942 644 4012 μὲν
686 3943 785 4012 τῆς
837 3944 1038 4015 ψυχῆς,
1082 3943 1271 4015 ἕτερον
1308 3944 1366 3998 δὲ
1408 3944 1502 3998 τοῦ
1552 3944 1806 4016 σώματος

216 4032 556 4105 δημιουργὸν
582 4036 971 4107 τερατεύεσθαι
1002 4039 1016 4092 ι

284 4300 361 4353 B’.
410 4301 486 4354 Τὸ
516 4300 574 4353 δὲ
605 4300 840 4369 φάσκειν
883 4303 1012 4364 τοὺς
1049 4302 1107 4354 ὲν
1149 4304 1215 4373 τῇ
1274 4301 1452 4375 πλάνῃ
1495 4301 1806 4373 κατεχομέ-

215 4410 337 4456 νους
364 4394 446 4453 ὡς
488 4394 697 4463 ἐνοχλεῖ
729 4395 877 4463 ἡμᾶς
912 4394 1047 4465 πρὸς
1094 4396 1292 4449 κακίαν
1330 4397 1358 4449 ὁ
1393 4396 1669 4467 Πονηρὸς,
1706 4396 1807 4465 τῆς

216 4486 481 4557 ἀληθείας
509 4488 680 4551 ἐστὶν,
736 4486 849 4540 ἀλλ’
890 4488 951 4539 οὐ
996 4490 1095 4558 τῆς
1135 4486 1344 4559 πλάνης
1383 4489 1519 4553 ὁδός.
1552 4490 1665 4543 Καὶ
1694 4490 1805 4560 γὰρ

1833 532 1882 589 Α

2543 529 2773 585 SERMO
2810 532 2876 585 ll.

2191 625 2363 678 Dubia
2397 633 2447 678 et
2476 624 2761 677 solutiones
2779 624 3209 679 Munia/tworum.

1983 716 2021 769 Ι.
2047 714 2103 769 Si
2141 716 2323 771 Bonus
2353 716 2539 787 (Deus)
2565 718 2799 771 animam
2842 716 3059 785 quidem
3102 715 3322 781 format,
3380 717 3493 771 Ma-

1908 808 1992 861 lus
2010 824 2137 861 vero
2157 824 2377 877 corpus,
2401 810 2674 878 quomodo
2698 808 2878 861 Bonus
2905 808 2993 862 ille
3015 817 3317 862 creaturam
3339 825 3494 864 suam

1908 916 2030 953 cum
2061 910 2311 955 creatura
2365 900 2485 953 Mali
2528 900 2686 954 istius
2719 900 2976 970 conjungi
3012 916 3202 969 passus
3230 900 3350 955 est?
3386 903 3495 954 inm

1908 988 2001 1057 qui
2056 988 2501 1055 conjunctionem
2556 987 2802 1041 eamdem
2870 986 3042 1042 Malus
3094 988 3345 1043 admisit?
3399 999 3496 1043 aut

1908 1080 2053 1133 enim
2095 1079 2421 1147 compositio
2456 1078 2546 1131 illa
2580 1079 2780 1131 bonum
2829 1077 3029 1134 eﬂiciet
3082 1093 3301 1147 corpus,
3350 1079 3497 1146 quod

1909 1182 2056 1226 certe
2081 1188 2185 1224 non
2206 1172 2477 1231 convenit,
2498 1171 2622 1238 quia
2652 1171 2730 1224 sic
2755 1169 2963 1224 Bonum
2993 1169 3115 1223 Mali
3145 1170 3297 1239 operi
3328 1170 3496 1237 prod—

1908 1274 2052 1318 eSSet
2086 1282 2098 1316 :
2132 1272 2225 1317 aut
2282 1263 2475 1315 malam
2502 1262 2697 1316 eﬂicict
2734 1263 2991 1329 animam,
3049 1262 3103 1317 id
3162 1263 3307 1332 quod
3336 1263 3497 1333 longe

1908 1355 2050 1409 foret
2077 1355 2390 1413 absurdius.
2434 1354 2559 1424 quia
2600 1354 2704 1408 hoc
2758 1354 2921 1407 modo
2953 1354 3230 1425 opificium
3281 1356 3375 1409 Dei
3427 1358 3497 1408 ah

1908 1462 2074 1515 opere
2106 1445 2230 1499 mali
2268 1454 2641 1515 superaretur.
2676 1443 2809 1509 Qua:
2841 1460 2971 1499 vero
3020 1460 3187 1499 causa
3244 1446 3367 1505 fuit.
3397 1461 3496 1500 cur

1909 1537 2053 1593 Deus
2082 1539 2259 1592 bonus
2285 1553 2424 1607 Opus
2468 1553 2626 1593 suum
2676 1537 2826 1607 jungi
2857 1547 3137 1608 pateretur
3169 1539 3319 1608 operi
3350 1539 3496 1599 Mali.

1907 1644 2064 1699 aquo
2099 1629 2241 1683 malo
2272 1630 2609 1695 inliceretur,
2639 1638 2692 1683 et
2725 1630 2814 1698 qui
2838 1630 3076 1683 vicissim
3098 1631 3367 1685 sustinuit
3394 1631 3498 1684 Ma-

1908 1723 2011 1786 lus,
2075 1732 2135 1775 ut
2167 1738 2305 1792 opus
2361 1739 2519 1777 suum
2571 1723 2891 1777 redderetur
2936 1723 3178 1776 bonum?
3225 1721 3495 1777 I’raztcrea

1909 1830 2039 1869 vero
2066 1815 2188 1884 quis
2216 1815 2432 1867 unionis
2470 1814 2613 1869 illius
2658 1825 2847 1870 auctor
2869 1815 2986 1869 est?
3018 1814 3075 1869 Si
3117 1815 3317 1880 Bonus,
3358 1830 3495 1885 quo-

1909 1907 2071 1961 modo
2109 1907 2153 1961 is
2182 1921 2291 1960 non
2323 1908 2497 1962 malus
2512 1907 2742 1961 effectus
2771 1916 2874 1969 est,
2905 1907 3047 1962 malo
3078 1908 3303 1969 ,scilicet
3331 1924 3497 1978 Opere

1908 2008 2128 2069 recepto
2157 2017 2172 2065 ;
2201 2002 2286 2055 sin
2316 2001 2508 2063 Malus,
2537 1998 2884 2054 manifestum
2920 2009 3005 2055 est
3030 2016 3155 2055 eum
3197 2000 3253 2054 in
3284 2009 3494 2056 tantum

1907 2094 2114 2148 Bonum
2161 2094 2420 2158 evasisse,
2455 2108 2578 2147 cum
2608 2109 2793 2147 amore
2832 2093 2886 2146 in
2921 2093 3125 2147 bonum
3166 2110 3304 2164 opus
3326 2095 3497 2149 ferre-

1908 2196 2017 2249 tur,
2047 2186 2188 2241 sicut
2214 2185 2453 2240 vicissim
2494 2185 2703 2238 Bonum
2740 2184 2902 2239 simul
2948 2194 3003 2239 et
3046 2186 3249 2239 bonum
3291 2194 3347 2239 ct
3389 2202 3498 2239 ma-

1906 2281 2019 2334 lum
2052 2279 2253 2333 factum
2280 2278 2538 2348 oportuit.
2570 2277 2897 2346 Conjunetio
2924 2277 3069 2331 enim
3102 2278 3191 2331 illa
3215 2279 3500 2347 utriusque

1906 2380 2158 2427 naturam
2182 2372 2422 2426 miscens
2447 2369 2853 2424 etconfundens
2883 2369 2956 2433 id,
2998 2370 3143 2439 quod
3196 2370 3364 2424 altera
3398 2370 3498 2423 Ita-

1906 2466 2071 2520 bebat
2101 2465 2404 2535 proprium,
2452 2463 2651 2531 injuria
2704 2460 2901 2525 affecit.
2963 2464 3207 2517 alienum
3237 2478 3368 2517 vero
3394 2462 3496 2519 sibi

1906 2560 2224 2621 vindicavit,
2283 2558 2419 2611 adeo
2477 2568 2538 2611 ut
2599 2557 2856 2613 etBonus
2906 2570 3045 2626 Opus
3098 2571 3259 2621 suum
3304 2557 3495 2610 eadem

1906 2667 2073 2721 opera
2099 2652 2304 2705 bonum
2331 2668 2393 2706 ac
2438 2652 2665 2718 malum,
2697 2651 2870 2705 Malus
2902 2664 3034 2703 vero
3070 2648 3270 2703 malum
3294 2656 3351 2703 et
3396 2649 3501 2703 bo-

1907 2760 2036 2797 num
2063 2744 2321 2809 efﬁceret,
2358 2761 2466 2814 quo
2517 2746 2653 2799 nihil
2698 2752 2880 2815 potest
2924 2757 3045 2797 esse
3081 2741 3169 2796 vel
3204 2742 3498 2796 absurdius

1906 2835 1990 2887 vel
2026 2834 2371 2888 insolentius.
2402 2834 2578 2904 Atque
2613 2835 2685 2889 ita
2717 2850 2803 2890 res
2837 2850 2895 2889 se
2932 2833 3158 2888 omnino
3193 2833 3403 2898 habuit,
3421 2832 3493 2885 si—

1906 2925 2293 2996 quidemjuxta
2320 2941 2443 2980 cum
2464 2926 2785 2981 formatione
2809 2941 3034 2996 operum
3068 2926 3283 2980 illorum
3311 2933 3364 2979 et
3382 2924 3496 2994 ipsa

1907 3016 2221 3085 coujunctio
2251 3017 2429 3070 locum
2492 3017 2681 3074 habuit
2714 3037 2726 3072 :
2760 3017 2905 3087 quod
2938 3017 2983 3070 si
3021 3032 3149 3071 vero
3204 3016 3498 3085 aliquando

1906 3123 1936 3160 a
1973 3123 2030 3161 se
2061 3108 2293 3162 invicem
2320 3110 2563 3177 sejuncta
2598 3110 2686 3163 illa
2707 3110 2881 3173 fuere,
2913 3110 3233 3164 alterutrum
3273 3108 3496 3163 alterius

1907 3196 2205 3251 conditoris
2232 3213 2416 3251 curam
2446 3215 2507 3253 ac
2532 3198 2930 3268 providentiam
2960 3198 3061 3252 sibi
3091 3198 3367 3269 propriam
3401 3198 3498 3252 ha-

1904 3286 2043 3351 buit,
2064 3286 2127 3342 et
2155 3288 2224 3342 ab
2257 3288 2492 3358 oppositi
2542 3292 2661 3344 labe
2710 3291 2954 3344 immune
3005 3290 3328 3360 permansit,
3361 3305 3499 3360 quo-

1905 3380 2067 3433 modo
2101 3380 2155 3433 in
2191 3381 2575 3450 cogitationem
2601 3382 2932 3437 discriminis
2958 3392 3244 3446 venerunt,
3280 3391 3334 3437 et
3359 3398 3500 3452 quo-

1904 3474 2066 3527 modo
2090 3482 2278 3540 postea
2304 3474 2464 3526 aliam
2497 3474 2565 3526 de
2591 3474 2978 3543 conjunctione
3029 3473 3277 3528 facienda
3308 3490 3499 3529 susce-

1904 3566 2142 3637 perunt?
2169 3566 2276 3620 Aut
2303 3566 2451 3620 enim
2488 3566 2902 3636 prius‘uterque
2951 3566 3195 3636 seipsum
3238 3575 3294 3620 et
3357 3582 3499 3637 opus

1905 3673 2064 3712 suum
2093 3658 2147 3710 in
2174 3658 2454 3727 proprium
2486 3658 2832 3711 commodum
2867 3657 3246 3712 intaminatum
3274 3674 3499 3712 conser—

1904 3745 2072 3811 vavit,
2104 3756 2218 3812 aut,
2252 3762 2375 3802 eum
2418 3747 2470 3802 id
2528 3747 2633 3801 sibi
2673 3747 2895 3801 noxium
2941 3762 3064 3802 esse
3112 3746 3496 3819 intelligerent,

1905 3838 2033 3893 facti
2066 3839 2448 3909 prudentiores
2492 3839 2549 3894 in
2577 3839 3019 3908 conjunctionem
3074 3849 3494 3895 consenserunt.

1906 3930 2084 3985 Taceo
2116 3932 2277 4003 impia
2316 3942 2370 3987 et
2391 3932 2625 3987 absurda
2662 3931 2788 3995 alia.
2810 3932 3010 4002 quibus
3030 3932 3267 4002 primum
3295 3932 3499 3987 erroris

1908 4027 2073 4095 hujus
2095 4026 2511 4082 fundamentum
2536 4028 2798 4081 abundat.
2848 4027 3001 4082 Adeo
3033 4027 3145 4082 Deo
3187 4026 3497 4098 oppositum

1909 4119 2201 4188 furoreque
2240 4134 2303 4173 ac
2360 4119 2568 4173 insania
2620 4119 2843 4188 plenum
2900 4127 3003 4183 est,
3061 4119 3225 4172 alium
3276 4120 3495 4189 quidem

1909 4211 2128 4274 animae,
2172 4210 2339 4264 alium
2369 4226 2499 4265 vero
2524 4211 2768 4279 corporis
2809 4209 3012 4281 ﬁngere
3060 4212 3423 4265 conditorem.

1979 4302 2045 4359 ll.
2080 4301 2237 4368 Quod
2262 4318 2391 4356 vero
2430 4303 2528 4365 illi.
2559 4302 2651 4371 qui
2696 4302 2767 4356 ita
2799 4309 3006 4366 errant,
3030 4301 3260 4366 dicunt,
3291 4302 3494 4356 malum

1907 4409 2009 4449 nos
2037 4395 2105 4449 ad
2122 4394 2381 4448 malitiam
2416 4394 2768 4464 compellere,
2794 4395 2844 4447 id
2868 4395 3092 4449 omnino
3116 4394 3350 4461 veritati,
3385 4409 3497 4449 non

1911 4495 2093 4539 autem
2129 4486 2324 4548 errori,
2370 4486 2763 4556 patrocinatur.
2796 4485 2955 4551 Quod
2986 4486 3131 4540 enim
3180 4486 3495 4550 incitamur,

216 4582 308 4633 καὶ
330 4580 471 4633 αὐτὸ
505 4579 664 4632 τοῦτο
692 4580 753 4631 τὸ
788 4583 1216 4651 παρατραπῆναι
1250 4581 1495 4651 μερίζειν
1522 4584 1673 4653 ἡμᾶς
1712 4584 1805 4635 τὸν

1915 4588 1974 4632 ut
2007 4578 2391 4633 indivisibilem
2426 4587 2481 4633 et
2510 4577 2927 4647 inseparabilem
2958 4576 3051 4631 Dei
3078 4586 3400 4647 potestatem
3434 4592 3500 4632 ac

213 4672 461 4742 ἄτμητον
492 4672 589 4723 καὶ
615 4670 922 4740 ἀδιαίρετον
951 4671 1044 4724 τοῦ
1073 4671 1208 4724 Θεοῦ
1240 4673 1416 4742 ἀρχὴν
1442 4672 1539 4725 καὶ
1561 4672 1812 4737 ἐξουσίαν

213 4769 294 4829 εἰς
325 4768 464 4827 δύο,
514 4767 614 4835 τῆς
654 4766 1044 4836 πολυμηχάνου
1094 4766 1190 4819 καὶ
1243 4768 1481 4837 σφοδρᾶς
1533 4767 1811 4839 ὀχλήσεως

214 4861 331 4913 ἐστι
376 4859 475 4911 τοῦ
508 4858 781 4930 Πονηροῦ.
826 4859 973 4929 Πλὴν
1011 4862 1219 4922 ἐκεῖνος
1254 4860 1355 4930 μὲν
1391 4861 1617 4923 δυνατός
1660 4862 1809 4913 ἐστιν

212 4953 421 5021 ὀχλεῖν,
454 4953 578 5005 οὐδὲ
634 4954 797 5021 ἡμεῖς
861 4952 919 5005 δὲ
963 4952 1336 5021 ἀδυνατοῦμεν
1382 4953 1807 5023 διακρούσασθαι

212 5044 309 5113 την
329 5043 561 5112 ὄχλησιν
602 5041 789 5096 αὐτοῦ.
822 5044 1236 5117 Διακρουόμεθα
1263 5044 1319 5097 δὲ
1348 5044 1436 5098 διά
1462 5062 1523 5097 τε
1556 5045 1808 5116 σώματος

213 5136 309 5187 καὶ
359 5136 566 5205 ψυχῆς.
612 5136 774 5188 Ὥστε
818 5140 868 5189 εί
908 5137 969 5189 τὸ
1014 5138 1174 5206 σῶμα
1214 5138 1376 5207 ἡμῶν
1414 5137 1638 5192 δύναται
1694 5140 1811 5194 δια.-

212 5228 557 5299 κρούσασθαι
608 5229 709 5297 τὴν
760 5228 982 5299 ὄχλησιν
1030 5230 1123 5281 τοῦ
1158 5230 1406 5300 Πονηροῦ
1450 5232 1545 5282 καὶ
1592 5233 1652 5283 οὐ
1693 5232 1811 5285 δια-

211 5320 560 5393 κρούσασθαι
594 5320 777 5389 μόνον,
799 5320 936 5374 ἀλλὰ
958 5323 1054 5374 καὶ
1077 5321 1407 5375 καταϐαλεῖν
1428 5322 1594 5376 αὐτοῦ
1630 5326 1811 5379 πᾶσαν

1914 4672 2202 4741 imperium
2260 4671 2315 4725 in
2360 4672 2470 4725 duo
2519 4671 2849 4735 dividamus,
2893 4670 2944 4725 id
2978 4671 3196 4740 quidem
3248 4686 3278 4723 a
3308 4670 3498 4724 doloso

1910 4774 1965 4819 et
1993 4765 2318 4819 vehemente
2374 4764 2612 4834 impulsu
2655 4764 2775 4818 Mali
2831 4765 3220 4833 proﬁciscitur.
3274 4765 3345 4817 At
3405 4762 3498 4816 ille

1909 4855 2127 4925 quidem
2154 4864 2366 4908 tentare
2411 4870 2513 4908 nos
2542 4862 2597 4908 et
2628 4855 2891 4924 impetere
2930 4861 3128 4922 potest,
3176 4851 3335 4906 nobis
3364 4867 3498 4907 vero

1910 4949 2250 5003 irritamenta
2279 4949 2397 5017 ejus
2424 4947 2730 5017 propellere
2756 4947 2982 5002 omnino
3015 4946 3161 5001 licet.
3208 4946 3499 5016 Propulsa-

1908 5059 2031 5098 mus
2068 5058 2200 5095 vero
2232 5051 2346 5095 tum
2384 5055 2633 5110 corpore,
2663 5050 2777 5093 tum
2826 5040 3030 5094 anima.
3065 5038 3223 5105 Quod
3268 5038 3313 5092 si
3365 5054 3497 5093 vero

1908 5155 2109 5208 corpus
2134 5145 2380 5192 nostrum
2410 5136 2677 5205 impulsus
2703 5136 2821 5204 ejus
2846 5135 3164 5206 prepulsare
3186 5135 3331 5190 valet
3348 5175 3363 5199 ,
3388 5134 3496 5189 imo

1910 5246 2017 5284 non
2054 5230 2371 5299 propulsare
2396 5228 2590 5292 solum,
2618 5228 2711 5281 sed
2735 5243 2929 5283 omnes
2956 5244 3173 5298 quoque
3203 5236 3352 5283 artes
3377 5226 3497 5296 ejus

1912 5321 2160 5393 frangere
2189 5321 2463 5386 quomodo
2492 5321 2612 5391 ejus
2633 5321 2887 5376 conditor
2933 5321 3132 5376 fuerit?
3154 5321 3310 5387 Quod
3344 5322 3495 5377 enim

1332 5446 1563 5501 VARUE
1604 5448 1988 5510 LECTIONES
2026 5452 2115 5507 ΕΤ
2150 5450 2383 5506 NOTAE.

283 5587 406 5656 (89)
446 5586 725 5653 Πλάσμα.
766 5588 903 5640 Cum
945 5587 1047 5640 hac
1091 5602 1224 5642 voce
1262 5587 1578 5656 frequenter
1624 5598 1809 5646 utatur

212 5657 438 5719 Noster,
464 5657 634 5729 semel
665 5659 941 5711 monuisse
966 5658 1271 5715 suffecerit.
1301 5674 1420 5711 eam
1451 5658 1550 5725 ipsi
1591 5674 1810 5729 semper

213 5729 292 5783 rei
326 5728 566 5782 conditae
606 5744 703 5781 seu
730 5738 987 5781 creatura:
1019 5730 1240 5783 notione
1265 5729 1539 5798 usurpari.
1572 5731 1647 5782 De.
1686 5728 1809 5787 aliis

214 5801 373 5871 vocis
412 5798 817 5871 Asigniﬁcatibus
874 5800 992 5868 lege
1036 5798 1236 5855 Ezech.
1285 5797 1712 5871 Spanitemium,
1738 5804 1805 5857 ad

212 5869 424 5926 Iuliani
450 5871 761 5933 Orationes,
792 5886 847 5940 p.
881 5871 945 5926 18
977 5880 1031 5925 et
1062 5871 1145 5925 19.

1983 5591 2094 5662 (90)
2139 5588 2381 5662 Τὰὲργα
2406 5589 2615 5662 αὐτοῦ.
2657 5588 3088 5662 Similialtistet
3140 5587 3493 5662 fortiora__a|i_a

1906 5656 2235 5734 argumenta
2246 5659 2566 5734 Manichteis
2581 5660 2783 5734 opponi
2790 5669 2809 5713 t
2830 5657 2985 5734 Titus
3000 5656 3324 5734 bostrensis,
3342 5656 3491 5734 lib._l,

1906 5727 2050 5802 apud
2085 5733 2165 5787 tjl.
2201 5730 2523 5801 Basnagium
2555 5727 2969 5785 in’Lectiom'bus
2989 5727 3314 5795 Canisiam’s,
3346 5742 3399 5797 p.
3425 5729 3495 5783 92

1906 5819 2020 5873 seq.
