4110 6436
216 426 294 490 89
1289 439 1588 502 CONTRA
1632 441 2096 504 MANICH/EOS
2133 443 2372 505 LIBER
2405 446 2458 506 Ι.
3434 445 3506 508 90

214 541 341 603 πῶς
382 538 546 594 πάλιν
582 540 677 595 τοῦ
716 543 941 609 σκότους
976 546 1071 599 καὶ
1106 546 1197 601 τοῦ
1240 552 1404 618 πυρὸς
1439 550 1672 622 ποιητὴν
1713 549 1799 603 λέ-

1912 566 2069 620 quam
2107 551 2241 606 illud
2291 553 2435 622 quod
2488 559 2917 622 progenuerunt,
2981 551 3346 622 principatum
3401 552 3504 607 sibi

213 650 415 702 γουσιν
455 633 547 687 τὸν
608 635 889 706 Πονηρόν;
929 637 989 689 Et
1021 639 1077 691 δὲ
1107 641 1208 692 οὑκ
1260 640 1376 693 ἔστι
1409 643 1504 695 τοῦ
1558 642 1729 712 πυρὸς
1775 643 1803 694 ὁ

213 726 469 795 Πονηρὸς
523 728 776 798 ποιητὴς,
837 729 951 782 ἐστι
1006 730 1062 783 δὲ
1115 731 1176 783 τὸ
1206 733 1318 804 πῦρ
1372 734 1649 803 αἰσθητὸν,
1687 733 1804 797 πῶς

213 815 473 885 λέγουσιν
497 858 513 882 ,
536 818 618 871 ὅτι
652 820 680 871 6
708 820 915 887 ἀγαθὸς
944 820 1078 885 Θεὸς
1115 824 1268 876 οὐδὲν
1304 824 1562 895 ἐποίησεν
1604 824 1803 895 αἰσθη-

212 910 347 973 τόνς
379 910 441 961 El
480 910 591 979 γὰρ
630 912 947 983 αἰσχυνθείη
984 914 1045 965 τὸ
1094 915 1449 984 ἀναίσχυντον
1486 917 1666 969 αὐτῶν
1702 916 1803 984 τῆς

219 1001 462 1071 πλάνης,
495 1002 677 1056 δοῦναι
704 1005 782 1074 τῷ
820 1006 1048 1077 Ιιονηρῷ
1074 1008 1173 1077 τὴν
1213 1008 1431 1073 γένεσιν
1464 1009 1559 1061 τοῦ
1608 1010 1802 1079 πυρὸς,

215 1095 311 1148 ἵνα
346 1097 444 1165 μὲν
469 1096 564 1150 νῦν
596 1098 693 1167 μὲν
725 1099 995 1169 πλάστην,
1032 1100 1128 1152 νῦν
1171 1101 1227 1154 δὲ
1282 1101 1511 1171 πλάσμα
1554 1101 1616 1153 τὸ
1671 1100 1804 1155 αὐτὸ

210 1187 554 1259 διελέγχοιτο
580 1190 843 1259 ληροῦσα,
876 1194 956 1254 εἰς
987 1192 1137 1245 οὐδὲν
1179 1194 1437 1246 ἐλάττονα
1483 1192 1799 1262 γινωσκέτω

209 1284 683 1351 καταστρέφουσα
760 1282 1026 1353 αἰσχύνην
1062 1299 1077 1313 ο
1134 1284 1461 1354 ὁμολογήσει
1513 1284 1621 1353 γὰρ
1705 1283 1803 1334 καὶ

208 1373 429 1426 ἄκουσα
459 1374 556 1426 καὶ
596 1374 805 1443 σιγῶσα
827 1374 920 1427 τοῦ
951 1375 1158 1441 ἀγαθοῦ
1193 1372 1331 1428 εἶναι
1357 1374 1493 1428 Θεοῦ
1535 1373 1804 1445 δημιούρ-

209 1481 380 1534 γημα
410 1482 426 1496 ’
461 1466 599 1536 ὅπερ
626 1466 794 1519 αὐτοῦ
836 1466 988 1539 πάσῃ
1018 1467 1221 1537 σπουδῇ
1253 1468 1348 1520 καὶ
1377 1467 1647 1537 μηχαναῖς
1703 1466 1801 1533 ἁφ-

207 1560 407 1628 ἷῖρεῖτο
454 1561 677 1621 πάσαις.
713 1558 938 1622 Πάντως
978 1561 1095 1629 γὰρ
1138 1559 1199 1611 τὸ
1232 1558 1487 1629 αἰσθητὸν
1512 1557 1642 1628 πῦρ,
1677 1557 1802 1608 ὅσον

209 1649 282 1701 ἂν
314 1650 737 1719 ἐσκοτίσθησαν,
770 1650 892 1703 οὔτε
924 1652 1181 1721 ἄναρχον,
1212 1649 1338 1703 οὔτε
1358 1650 1529 1703 ἀΐδιον
1560 1647 1798 1718 ἐροῦσιν.

1910 641 2252 695 vindicavit?
2285 642 2576 704 Praeterea,
2612 643 2654 696 si
2690 641 2887 695 Malum
2931 656 2998 695 ex
3024 641 3269 695 tenebris
3299 650 3354 696 et
3382 641 3506 712 igne

1911 733 2135 803 prodiit,
2159 734 2436 802 quomodo
2507 733 2745 788 vicissim
2794 732 2992 787 Malum
3052 733 3401 787 tenebrarum
3450 741 3508 788 et

1911 824 2053 895 ignis
2112 828 2336 880 tradunt
2386 827 2721 881 auctorem?
2769 826 2976 881 Sivero
3020 826 3219 880 Malunt
3272 842 3381 880 non
3421 837 3509 882 est

1910 914 2241 985 principium
2294 916 2458 984 ignis,
2501 916 2639 987 ignis
2697 933 2827 971 vero
2895 918 3149 972 sensibus
3226 919 3508 988 subjectus

1910 1016 2012 1071 est,
2054 1007 2327 1075 quomodo
2357 1008 2567 1071 dicunt,
2624 1009 2785 1063 deum
2816 1009 3019 1063 bonum
3068 1010 3227 1068 nihil.
3263 1010 3406 1079 quod
3438 1026 3508 1079 ap

1911 1116 2107 1155 sensus
2150 1102 2410 1170 pertinet,
2448 1102 2803 1156 condidisse?
2856 1102 2913 1156 Si
2967 1103 3113 1157 enim
3145 1102 3508 1172 impudentis—

1911 1192 2080 1247 simos
2108 1193 2359 1248 homines
2407 1195 2615 1264 pudere
2673 1207 2859 1264 posset
2910 1196 3075 1265 hujus
3123 1195 3350 1259 erroris,
3397 1210 3507 1265 quo

1910 1284 2052 1356 ignis
2081 1286 2346 1354 originem
2368 1287 2420 1339 in
2454 1286 2651 1340 Malum
2680 1288 2944 1345 referunt.
2971 1298 3335 1357 eaverentque
3367 1286 3507 1341 adeo

1910 1373 2035 1439 sibi,
2070 1390 2137 1427 ne
2156 1390 2306 1431 nunc
2335 1376 2555 1445 quidem
2593 1378 2952 1443 conditorem,
2997 1394 3145 1433 nunc
3191 1393 3324 1432 vero
3369 1393 3507 1447 opus

1910 1464 2087 1534 ipsum
2120 1466 2312 1522 iisdem
2343 1469 2820 1524 criminationibus
2869 1470 3225 1537 impetere-nt;
3289 1469 3376 1523 vel
3424 1468 3509 1523 sic

1911 1564 2091 1611 tamen
2116 1573 2228 1612 rem
2254 1575 2361 1613 non
2398 1561 2579 1614 minus
2605 1562 2907 1630 pudendam
2943 1562 3275 1615 admissuros
3302 1577 3360 1616 se
3386 1576 3507 1616 esse

1912 1650 2107 1703 sciant.
2141 1651 2490 1707 Proﬁtebitur
2510 1654 2659 1707 enim
2696 1654 2860 1708 factio
2893 1654 3009 1707 inve
3047 1655 3209 1707 etiam
3261 1654 3428 1708 invita
3452 1662 3509 1708 et

210 1743 405 1806 tacita,
440 1744 567 1797 boni
605 1743 691 1798 dei
736 1760 855 1799 esse
894 1761 1052 1816 opus,
1089 1745 1234 1815 quod
1268 1754 1429 1798 antea
1482 1744 1630 1797 omni
1663 1742 1841 1796 studio
1880 1752 1935 1797 et
1966 1758 2134 1813 Opere
2163 1748 2310 1800 omni
2357 1748 2459 1817 ipsi
2492 1749 2842 1818 snrripiebat.
2876 1747 3111 1803 Omnino
3152 1748 3296 1802 enim
3325 1748 3504 1819 ignem

210 1837 474 1892 sensibus
494 1838 928 1909 pereeptibilem,
974 1850 1461 1911 quantumcunque
1517 1841 1683 1894 etiam
1737 1839 2081 1895 obtenebrati
2116 1842 2245 1907 sint,
2275 1858 2378 1899 nec
2434 1844 2590 1898 initio
2658 1860 2865 1908 carere,
2922 1860 3025 1900 nec
3083 1854 3347 1899 aeternum
3386 1861 3509 1901 esse

212 1931 421 1987 dicent.

287 2027 359 2079 E’.
411 2021 545 2079 Εἶτα
583 2026 678 2080 τοῦ
720 2028 946 2091 σκότους
1008 2029 1265 2095 πάλιν,εί
1314 2030 1410 2084 καὶ
1467 2029 1544 2101 μὴ
1597 2029 1800 2091 πάντες

1981 2028 2041 2082 V.
2085 2028 2221 2083 Tum
2253 2048 2401 2095 vero,
2432 2032 2475 2085 si
2508 2050 2616 2086 non
2651 2050 2864 2100 omnes,
2914 2032 3080 2102 aliqui
3114 2042 3263 2086 certe
3290 2047 3504 2100 eorum,

213 2118 418 2185 αὐτῶν,
448 2119 580 2173 ἔνιοι
610 2120 667 2174 δὲ
701 2122 849 2190 ὅμως
872 2120 1164 2186 ἀναδύντες
1192 2123 1431 2191 λέγουσι,
1469 2122 1561 2174 τὸν
1599 2119 1802 2188 ἀγαθὸν

220 2212 360 2265 Θεὸν
389 2212 541 2283 ἒχειν
562 2214 660 2284 μὲν
689 2215 756 2267 τὰ
785 2216 1104 2287 ἐπουράνια,
1144 2215 1240 2269 καὶ
1275 2213 1612 2285 δημιουργὸν
1656 2209 1803 2287 εἶναι

216 2304 310 2357 τοῦ
336 2280 575 2375 οὐρανοῦ
617 2306 709 2358 καὶ
741 2280 978 2376 χορηγὸν
1018 2303 1159 2359 εἶναι
1194 2308 1308 2368 τοῖς
1329 2280 1641 2377 ἀνθρῶποις
1656 2280 1806 2374 πρά-

217 2396 374 2462 ξεων,
413 2400 473 2451 οὐ
525 2396 687 2469 μέχρι
713 2398 909 2452 πολλοῦ
939 2400 994 2453 δὲ
1021 2401 1121 2470 τὴν
1162 2400 1329 2470 ἀχλὺν
1354 2401 1809 2467 ἀποσκευασάμε-

220 2508 299 2545 νοι
353 2492 517 2546 πάλιν
556 2492 956 2562 δυσφημοῦσιν,
985 2492 1109 2546 οὕτε
1150 2494 1251 2563 τῆς
1281 2494 1383 2562 γῆς
1417 2493 1803 2564 δημιουργίαν,

222 2582 345 2638 οὔτε
408 2585 518 2638 τῶν
567 2586 625 2640 ὲν
682 2586 832 2657 μέσῳ
878 2586 1027 2655 αὐτῷ
1090 2585 1579 2656 συναρμόττοντες,
1618 2584 1806 2655 ἕτερον

227 2676 284 2729 δὲ
333 2677 662 2747 δημιουργὸν
706 2678 1095 2746 ἐπεισάγοντες
1122 2693 1137 2707 ⁶
1170 2680 1313 2740 τινες
1362 2678 1420 2730 δὲ
1452 2676 1633 2729 αὐτῶν
1678 2678 1805 2746 (πο-

230 2768 477 2842 λυσχιδὴς
502 2772 611 2844 γὰρ
664 2773 697 2842 ἡ
734 2772 930 2843 πλάνη)
960 2773 1054 2826 καὶ
1091 2771 1184 2824 τὸν
1233 2771 1467 2842 οὐρανὸν
1514 2770 1675 2824 αὐτὸν
1715 2769 1808 2821 καὶ

235 2865 299 2916 τὰ
347 2866 405 2916 ἐν
451 2863 601 2935 μέσῳ
660 2864 839 2917 πάντα
882 2864 1251 2934 τετολμήκασι
1299 2862 1478 2930 λέγειν
1527 2863 1809 2931 ποιήματα.

226 2954 316 3008 τοῦ
354 2955 605 3027 Ἐχθροῦ.
652 2954 794 3010 Ἀλλ’
827 2956 983 3026 εἴπερ
1016 2957 1165 3008 ἐστὶν
1191 2957 1220 3009 6
1261 2955 1489 3024 οὐρανὸς
1533 2953 1674 3006 κατὰ
1708 2952 1808 3021 τὴν

225 3047 448 3100 ἐκείνων
488 3048 890 3119 ἐμϐροντησίαν
921 3049 1083 3120 ἔργον
1142 3046 1237 3101 τοῦ
1287 3046 1560 3117 Πονηροῦ,
1603 3045 1721 3108 πῶς
1780 3045 1809 3097 ὀ

223 3140 424 3207 ἀγαθὸς
436 3140 569 3204 Θεὸς
596 3143 652 3193 ἐν
677 3143 788 3203 τοῖς
806 3141 1153 3213 ἐπουρανίοις
1175 3141 1555 3206 ἀναπαύεται;
1585 3138 1681 3191 καὶ
1712 3140 1759 3191 εἰ
1782 3140 1810 3191 6

222 3234 447 3303 οὐρανὸς
478 3234 724 3306 περιέχει
745 3237 837 3289 τὸν
854 3236 992 3305 ἀέρα
1032 3237 1127 3290 καὶ
1151 3234 1250 3307 τὴν
1284 3238 1387 3303 γῆν
1412 3235 1507 3287 καὶ
1558 3231 1634 3301 to;
1665 3230 1810 3302 ὕδωρ

224 3331 341 3392 (καὶ
398 3324 510 3396 γὰρ
550 3328 645 3379 καὶ
690 3326 758 3379 τὰ
807 3327 1138 3397 καταχθόνια
1178 3328 1494 3397 περιέχεται
1526 3328 1582 3378 ἐν
1610 3322 1805 3395 αὐτῷ),

224 3418 339 3481 πῶς
380 3420 409 3471 6
453 3417 684 3489 οὐρανὸς
725 3418 818 3471 τοῦ
877 3418 1208 3488 ἐπουρανίου
1250 3417 1387 3471 Θεοῦ
1429 3414 1578 3480 οἶκος
1614 3416 1691 3469 ῶν
1740 3416 1811 3468 τὰ

222 3510 315 3563 τοῦ
348 3508 593 3581 Πονηροῦ
626 3509 783 3579 ἔργα,
829 3509 1078 3562 τουτέστι
1104 3508 1209 3578 γῆν
1253 3508 1483 3579 καὶπῦρ
1525 3508 1620 3560 καὶ
1674 3507 1813 3577 ἀέρα

223 3602 492 3672 περιέχει,
533 3602 628 3654 καὶ
680 3603 740 3655 οὐ
785 3602 1027 3673 περιέχει
1075 3601 1258 3671 μόνον,
1289 3600 1425 3653 ἀλλὰ
1474 3601 1568 3652 καὶ
1613 3599 1809 3652 διακυ-

224 3696 439 3764 6ερνᾷ;
470 3694 565 3748 Ἐκ
620 3694 730 3764 γὰρ
781 3698 881 3763 τῆς
905 3693 1169 3763 ἀνατολῆς
1218 3692 1312 3745 τοῦ
1376 3693 1529 3762 ἡλίου
1573 3692 1671 3745 καὶ
1713 3692 1813 3761 τῆς

220 3786 452 3852 δύσεως,
487 3788 579 3841 καὶ
603 3787 710 3840 τῶν
739 3787 978 3858 ἄστρων,
1001 3786 1035 3840 ἆ
1064 3788 1172 3839 εἰσι
1197 3785 1294 3838 τοῦ
1326 3784 1580 3855 οὐρανοῦ,
1606 3786 1702 3838 καὶ
1740 3785 1810 3856 γῆ

220 3881 320 3931 καὶ
352 3877 520 3945 ὕδωρ,
556 3879 651 3930 καὶ
689 3878 819 3949 αὴρ,
856 3878 951 3930 καὶ
986 3876 1119 3948 πῦρ,
1152 3881 1220 3947 τῇ
1250 3875 1344 3928 τοῦ
1382 3876 1517 3929 Θεοῦ
1559 3874 1807 3946 προνοίᾳ,

218 3972 320 4025 καὶ
363 3970 465 4039 τῆς
496 3970 791 4040 εὐκρασίας
822 3969 1178 4032 ἀπολαύουσι,
1209 3970 1307 4022 καὶ
1340 3968 1441 4039 τὴν
1477 3970 1557 4032 εἰς
1605 3967 1811 4038 ἄλληλα

221 4061 533 4134 μεταϐολὴν
572 4063 663 4114 ἐπὶ
728 4060 895 4132 κοινῴ
944 4060 1288 4132 καρποῦνται
1338 4060 1670 4131 συμφέροντι
1718 4058 1811 4111 καὶ

218 4156 305 4227 τῷ
354 4155 686 4225 ἀνθρωπίνῳ
724 4155 896 4224 γένει,
925 4155 1019 4207 καὶ
1067 4155 1181 4217 τοῖς
1226 4153 1414 4216 ἄλλοις
1462 4150 1625 4217 ζώοις
1673 4152 1811 4222 πρὸς

214 4251 324 4321 τὴν
356 4247 641 4321 παροῦσαν
689 4248 879 4318 χρείαν
915 4247 1275 4319 ἁρμόζονται.
1315 4246 1458 4299 Ἀλλ’
1497 4248 1546 4298 εί
1586 4247 1685 4315 τῆς
1714 4264 1814 4298 πο-

216 4343 398 4414 vqpt’i;
423 4341 598 4411 ἀρχῆς
623 4342 650 4393 6
675 4341 927 4407 οὐρανὸς,
945 4340 1063 4403 πῶς
1087 4340 1115 4391 6
1139 4340 1330 4409 Σωτὴρ
1363 4338 1525 4409 ἡμῶν
1553 4336 1811 4407 εὔχεσθαι

215 4434 323 4506 τὴν
350 4434 662 4503 θαυμασίαν
696 4432 913 4504 ἐκείνην
949 4433 1041 4486 καὶ
1071 4431 1305 4502 φρικτὴν
1336 4430 1671 4483 ἐκδιδάσκων
1717 4432 1812 4483 καὶ

215 4527 577 4599 παραδιδούς
594 4528 788 4595 Πάτερ
808 4526 998 4596 ἡμῶν,
1019 4526 1200 4597 φησϊν,
1222 4528 1254 4579 ὀ
1268 4525 1337 4578 ἐν
1352 4525 1478 4590 τοῖς
1497 4526 1776 4593 οὐρανοῖς
1793 4542 1812 4586 ξ

214 4622 339 4675 καί·
394 4620 757 4689 Ἁγιασθήτω
808 4619 876 4673 τὸ
914 4618 1104 4688 ὄνομά
1152 4634 1292 4680 σου,
1326 4617 1409 4684 ὡς
1461 4618 1532 4671 ἐν
1574 4616 1811 4687 οὐρανῷ

1905 2138 1973 2177 ex
2008 2125 2249 2178 tenebris
2299 2126 2501 2181 emersi
2545 2127 2753 2191 dicunt,
2823 2127 3029 2181 bonum
3086 2125 3304 2195 quidem
3341 2124 3503 2178 deum

1906 2216 2146 2269 coelestia
2188 2226 2395 2282 tenere,
2451 2228 2503 2272 et
2564 2220 2812 2288 Opiﬁcetn
2848 2235 2969 2273 esse
3008 2218 3151 2283 emli,
3218 2234 3281 2271 ac
3330 2217 3508 2272 homi—

1907 2308 2068 2360 nibus
2103 2309 2371 2363 bonarum
2424 2312 2701 2365 actionum
2748 2321 3028 2365 auctorem
3088 2310 3386 2373 exsistere;
3452 2318 3509 2363 at

1910 2399 2071 2453 iidem
2113 2401 2399 2470 caliginem
2451 2418 2606 2455 suam
2640 2418 2751 2455 non
2789 2419 2980 2473 magna
3017 2412 3268 2472 exparte
3300 2401 3507 2456 amoliti

1909 2491 2105 2544 iterum
2131 2502 2428 2561 nugantur,
2498 2495 2718 2562 quando
2764 2510 2867 2547 nec
2920 2503 3096 2555 terrze,
3160 2509 3263 2547 nec
3316 2508 3507 2547 eorum

1908 2599 2028 2653 quae
2062 2584 2115 2636 in
2146 2584 2259 2653 ipsa
2296 2595 2443 2647 suut,
2497 2586 2827 2640 creationem
2862 2587 3165 2650 ascribunt,
3204 2585 3298 2639 sed
3338 2585 3508 2639 alium

1910 2674 2092 2744 potius
2133 2674 2472 2729 conditorem
2501 2675 2878 2729 introducunt.
2941 2673 3171 2739 Quidam
3225 2688 3357 2726 vero
3408 2687 3506 2725 eo-

1911 2783 2029 2819 rum
2081 2767 2154 2837 (in
2193 2768 2389 2821 multas
2416 2767 2561 2820 enim
2591 2776 2776 2836 partes
2806 2783 2962 2820 error
2999 2766 3154 2833 abit),
3199 2774 3255 2819 et
3307 2765 3507 2819 ccelum

1910 2857 2113 2929 ipsum,
2143 2866 2197 2910 et
2225 2873 2345 2926 quze
2372 2858 2423 2909 in
2456 2873 2522 2911 eo
2547 2866 2675 2910 sunt
2698 2856 2902 2921 Omnia,
2946 2855 3119 2909 hostis
3136 2855 3342 2909 audent
3364 2853 3510 2907 fetus

1911 2950 2286 3021 pronuntiare.
2326 2949 2618 3005 Enimvero
2649 2950 2693 3005 si
2750 2965 2847 3020 pro
2879 2958 3104 3018 stupore
3142 2964 3354 3013 eorum,
3389 2962 3505 3001 caa-

1911 3044 2023 3098 lum
2050 3044 2170 3097 Mali
2207 3060 2347 3114 opus
2368 3052 2473 3103 est.
2503 3044 2779 3114 quomodo
2811 3044 2989 3097 bonus
3018 3042 3155 3096 deus
3179 3041 3232 3093 in
3265 3040 3512 3094 cmlesti-

1911 3136 2014 3192 bus
2043 3136 2271 3199 habitat,
2316 3147 2373 3191 et
2402 3137 2447 3190 si
2475 3136 2671 3191 coelum
2718 3133 3138 3205 comprehendit
3167 3148 3293 3186 acra
3319 3140 3375 3185 et
3403 3141 3513 3185 ter-

1912 3245 2049 3294 ram,
2071 3239 2127 3284 et
2159 3245 2355 3299 aquam
2386 3231 2532 3299 (nam
2559 3239 2614 3284 et
2646 3228 3002 3283 subterranea
3029 3242 3095 3280 eo
3112 3225 3509 3292 continentur),

1912 3322 2184 3391 quomodo
2204 3322 2424 3386 coelum,
2455 3322 2547 3376 Dci
2578 3321 2814 3377 cwlestis
2837 3317 3511 3379 habitaculmncxsistens,

1912 3415 2035 3469 Mali
2056 3430 2243 3485 opera,
2278 3414 2382 3469 hoc
2409 3422 2514 3479 est,
2550 3424 2770 3477 terram,
2803 3413 2986 3483 ignem
3016 3419 3071 3465 et
3109 3425 3290 3463 aerem
3341 3409 3515 3462 conti-

1913 3520 2026 3573 net,
2055 3525 2158 3565 nec
2180 3510 2427 3565 continet
2447 3508 2645 3575 solum,
2695 3507 2789 3562 sed
2824 3518 2879 3560 et
2910 3505 3213 3577 gubernat?
3262 3501 3338 3555 Ex
3386 3512 3512 3555 ortu

1914 3603 2058 3656 enim
2088 3610 2142 3655 ct
2179 3617 2375 3656 occasu
2430 3600 2581 3665 solis,
2614 3608 3016 3667 astrorumque,
3066 3612 3187 3667 qure
3214 3596 3335 3650 cmli
3361 3603 3509 3659 sunt,

1914 3705 1969 3749 et
1992 3706 2156 3761 terra,
2191 3705 2245 3748 et
2278 3711 2437 3764 aqua,
2467 3706 2523 3748 et
2546 3709 2661 3754 aer,
2696 3702 2751 3747 et
2797 3691 2955 3764 ignis,
2990 3676 3195 3745 divinis
3222 3687 3508 3755 auspiciis,

1916 3799 2027 3842 lum
2082 3787 2225 3841 bona
2283 3803 2379 3841 sua
2417 3796 2786 3857 temperatura
2835 3784 3094 3855 gaudent,
3152 3793 3263 3837 tum
3320 3789 3510 3835 mutua

1914 3882 2056 3936 inter
2094 3897 2153 3935 se
2184 3880 2588 3951 permutatione
2631 3880 2685 3934 in
2722 3893 3013 3934 commune
3058 3878 3261 3932 bonum
3295 3874 3511 3945 perfru-

1914 3981 2102 4036 untur,
2135 3975 2479 4043 humanoque
2519 3972 2704 4042 generi
2759 3973 2991 4041 aliisque
3022 3967 3398 4024 animantibus
3440 3967 3510 4021 ad

1913 4076 2214 4137 praesentes
2262 4067 2621 4121 necessitates
2677 4066 3040 4134 opitulantur.
3107 4062 3263 4128 Quod
3309 4062 3355 4116 si
3380 4076 3511 4115 vero

1914 4158 2165 4229 principii
2194 4158 2322 4212 ntali
2364 4173 2503 4228 Opus
2540 4158 2740 4213 cmlnm
2777 4168 2880 4222 est,
2938 4159 3214 4227 quomodo
3252 4157 3512 4211 Servator

1912 4260 2102 4305 noster
2120 4252 2488 4305 venerandam
2520 4251 2663 4304 illam
2686 4251 3061 4305 ettnirantlatn
3104 4248 3361 4321 precandi
3395 4247 3513 4303 for-

1914 4343 2118 4398 mulam
2151 4344 2355 4398 docens
2375 4354 2431 4399 et
2464 4345 2824 4414 prwseribens
2860 4343 3024 4397 Pater
3054 4354 3249 4409 uoster,
3313 4342 3510 4412 inquit,

1914 4438 2003 4507 qui
2036 4438 2092 4489 in
2120 4436 2259 4491 (telis
2288 4454 2341 4491 es
2371 4440 2413 4491 ’.
2475 4438 2789 4506 lterumquc
2826 4455 2839 4491 :
2899 4438 3262 4507 sattctiﬁcetur
3322 4452 3513 4490 nomen

1915 4538 2084 4593 tuum,
2105 4530 2237 4582 sicut
2264 4530 2315 4582 in
2339 4533 2465 4583 σαιιο
2488 4518 2605 4582 etin
2637 4540 2781 4583 terra
2820 4530 2883 4582 ιο.
2925 4528 3213 4595 Quomodo
3251 4529 3434 4597 itaque
3454 4526 3511 4581 in

1913 4621 2087 4674 aliena
2114 4632 2362 4676 creatura
2387 4621 2567 4675 onmis
2587 4630 2856 4676 creaturae
2879 4621 3064 4692 opifex
3099 4619 3329 4685 habitat,
3361 4633 3513 4688 quee-

212 4713 324 4768 καὶ
359 4712 456 4765 ἐπὶ
492 4711 604 4781 τῆς
627 4711 779 4781 γῆς;
813 4713 938 4775 Πῶς
968 4707 1061 4764 οὖν
1088 4713 1145 4763 ὲν
1186 4710 1454 4781 ἀλλοτρίῳ
1484 4710 1747 4780 κτίσματι
1783 4712 1807 4764 ὁ

1917 4729 2023 4785 que
2054 4723 2109 4768 et
2139 4715 2276 4768 mala
2298 4716 2369 4769 sit
2398 4724 2451 4768 et
2483 4715 2606 4768 mali
2645 4714 2902 4784 principii
2934 4729 3093 4785 opus.
3120 4712 3260 4766 Alibi
3292 4727 3510 4782 quoque

213 4808 408 4876 πάσης
457 4806 791 4875 δημιουργὸς
820 4805 1051 4869 κτίσεως
1091 4806 1330 4870 ἐνοικεῖ,
1368 4806 1462 4857 καὶ¹
1492 4804 1570 4874 τῷ
1606 4821 1666 4856 τε
1700 4804 1810 4856 Πο-

213 4898 498 4972 νηρῷ(95)
527 4900 623 4952 καὶ
652 4899 813 4969 ἔργον
839 4899 1143 4970 ὑπάρχοντι
1169 4899 1436 4969 Πονηροῦ.
1464 4897 1729 4967 Ἀλλαχοῦ
1752 4897 1811 4951 δὲ

214 4991 538 5063 συμπαθεῖς
570 4985 711 5043 εἶναι
745 4991 883 5061 πρὸς
914 4991 1181 5060 ἀλλήλους
1203 4990 1511 5061 νομοθετῶν
1532 4991 1559 5043 6
1591 4990 1808 5060 Σωτὴρ,

226 5086 382 5142 Ἐὰν
402 5083 619 5153 ἀφῆτε,
655 5084 811 5154 φησὶι
842 5083 968 5150 τοῖς
1000 5082 1336 5151 ἀνθρώποις
1382 5085 1454 5139 τὰ
1494 5083 1812 5150 παραπτώ-

208 5194 381 5248 ματα
406 5175 629 5238 αὐτῶν,
671 5176 897 5245 ἀφήσει
924 5176 1023 5228 καὶ
1047 5176 1193 5244 ὑμῖν
1243 5179 1276 5230 ὀ
1334 5175 1539 5243 Πατὴρ
1573 5176 1745 5245 ὑμῶν
1777 5179 1810 5231 ὀ

214 5270 529 5340 οὐράνιος.
566 5270 678 5323 Καὶ¹
727 5269 889 5322 πάλιν
920 5268 998 5338 τῷ
1030 5268 1296 5338 θελήματι
1342 5266 1435 5319 τοῦ
1461 5268 1598 5321 Θεοῦ
1636 5286 1807 5321 κατα-

213 5364 504 5418 κολουθεῖν
551 5362 857 5434 παραινῶν,
900 5363 1025 5415 ἐπεὶ
1052 5362 1217 5424 αὐτὸς
1257 5361 1477 5432 πρῶτον
1508 5362 1807 5432 ὑπερφυῶς

215 5457 512 5511 ἐτελείωσε
540 5456 602 5509 τὸ
625 5457 837 5526 θέλημα
854 5454 1043 5519 αὑτοῦ,
1069 5456 1283 5518 ’Ὅστις
1312 5455 1411 5517 ἂν,
1437 5456 1594 5524 φησι,
1623 5456 1803 5523 ποιή-

217 5565 306 5619 σῃ
334 5550 402 5603 τὸ
434 5548 670 5617 θέλημα
724 5549 832 5602 τοῦ
864 5547 1096 5615 Πατρός
1122 5564 1242 5615 μου
1270 5546 1378 5600 τοῦ
1410 5546 1481 5600 ἐν
1503 5550 1805 5618 ου’μρανοῖς,

288 5668 315 5703 ⁸
353 5668 548 5723 Matth.
576 5668 725 5732 v1.9.
805 5668 849 5700 ¹⁰
881 5666 1085 5731 ibid.v,
1104 5666 1265 5731 9,10.
1343 5666 1383 5697 ’ί
1422 5664 1659 5721 ibidJ-i.

1920 4807 2182 4862 Servatur
2218 4807 2469 4860 homines
2509 4808 2563 4860 in
2608 4822 2667 4861 se
2719 4806 2952 4861 invicem
3010 4805 3352 4874 indulgentes
3387 4817 3512 4857 esse

1916 4902 2190 4970 cupiens:
2237 4897 2296 4953 Si
2337 4900 2670 4965 remiseritis,
2725 4900 2924 4968 inquit,
2970 4897 3273 4951 hominibus
3331 4894 3512 4961 lapsus

1916 5009 2119 5059 eorum,
2169 5002 2216 5046 et
2247 4994 2386 5047 vobis
2429 4993 2593 5047 Pater
2631 5003 2796 5047 vester
2834 4991 3054 5045 carlestis
3088 5001 3283 5043 vestros
3328 4988 3513 5041 remit-

1914 5089 2077 5143 tet“.
2139 5088 2281 5142 Alibi
2338 5087 2483 5142 idem
2538 5087 2805 5141 voluntati
2858 5085 2951 5139 Dei
3015 5080 3512 5139 obseeundandum

1916 5180 2262 5253 prmeipiens,
2300 5180 2443 5234 sicut
2483 5188 2539 5234 et
2581 5179 2696 5249 ipse
2732 5178 2968 5248 primum
3004 5176 3341 5232 voluntatem
3392 5175 3514 5245 ejus

1922 5276 2233 5330 eminenter
2265 5271 2509 5343 implevit
2550 5289 2563 5328 :
2594 5269 2917 5339 Quicunque,
2959 5267 3157 5338 inquit,
3188 5268 3513 5322 voluntatem

1917 5368 2095 5421 Patris
2133 5369 2254 5429 mei,
2314 5367 2403 5436 qui
2432 5368 2487 5418 in
2542 5363 2681 5417 caelis
2714 5370 2811 5425 est,
2841 5362 3145 5431 perfecerit,
3189 5362 3234 5414 is
3262 5371 3309 5413 et
3344 5361 3515 5429 frater

1914 5476 2078 5519 metu,
2126 5468 2173 5511 et
2200 5475 2349 5511 soror
2375 5468 2423 5510 et
2450 5466 2623 5510 mater
2676 5455 2889 5508 exsistit
2909 5455 2975 5508 ".
3026 5455 3104 5509 Ex
3136 5451 3511 5507 misericordia

1915 5550 2129 5605 scilicet
2153 5550 2438 5604 hominum
2461 5546 2838 5603 amantissima
2862 5546 2916 5603 id
2933 5547 3148 5603 donans
3168 5544 3310 5611 aliis,
3362 5541 3517 5614 quod.

1736 5670 1779 5701 ¹¹
1815 5670 2001 5727 Matth.
2033 5687 2133 5737 xu,
2166 5668 2255 5725 50.

1358 5798 1593 5855 γΑιιιΑι
1641 5802 2029 5861 LECTIONES
2062 5803 2150 5859 ET
2179 5800 2409 5859 NOTAE.

299 5924 413 5997 (95)
446 5924 533 5992 Τῷ
584 5941 670 5982 τε.
718 5922 796 5978 lta
828 5920 1025 5993 scripsi
1076 5935 1176 5992 pro
1202 5920 1344 5990 τότε,
1397 5918 1544 5990 quod
1592 5918 1647 5974 in
1698 5935 1804 5976 ms.
1844 5928 2040 5978 exstat.
