4110 6414
618 411 686 478 91
1755 411 2017 474 ΡΗΟΤΙῘ
2056 410 2192 470 ΡΛΤ

2296 411 2566 470 ARCHE
2618 413 2730 471 cr.
3797 400 3877 464 92

619 525 736 595 ipse
756 530 947 576 natura
978 523 1289 592 possidebat
1316 541 1329 577 :
1367 524 1483 595 ipse
1512 524 1662 578 enim
1684 521 1852 578 Filius
1881 522 2054 576 Patris
2071 534 2180 571 non

2296 519 2465 583 αὐτός
2495 537 2615 586 μου
2641 517 2906 587 ἀδελφὸς
2937 517 3033 571 καί
3058 516 3301 584 ἀδελφὴ
3331 516 3432 569 καὶ
3453 514 3653 584 μήτηρ
3676 513 3813 567 ἐστι
3842 529 3863 548 ο

620 613 921 669 secundum
986 614 1237 683 gratiam,
1292 615 1386 670 sed
1437 615 1734 669 secundum
1787 622 2037 667 naturam
2083 620 2187 666 est.

618 704 754 760 Cum
778 721 907 759 vero
930 715 988 760 ut
1009 706 1171 760 homo
1200 707 1529 760 voluntatem
1560 706 1679 775 ejus
1708 704 2045 774 perfecisset,
2073 718 2189 765 eos,

617 797 711 866 qui
731 796 1029 851 imitatione
1084 796 1226 851 idem
1274 797 1611 865 exprimunt,
1678 796 1733 849 iu
1788 797 1925 850 filios
1974 795 2189 864 recipit,

617 888 955 957 fratrumque
1016 889 1237 942 nomine
1289 889 1629 942 cohonestat.
1663 886 1729 941 Et
1788 888 2188 956 quid,qu:eso,

619 976 904 1044 quisquam
949 976 1245 1030 obverterit
1290 976 1393 1037 eis,
1424 992 1519 1044 per
1539 992 1660 1045 quin
1687 976 1944 1030 Servatur
1974 977 2189 1031 Patrem

619 1082 777 1120 suum
808 1068 1086 1121 caelestem
1118 1076 1173 1121 et
1221 1067 1274 1120 in
1315 1068 1467 1121 caelis
1517 1068 1865 1122 exsistentetn
1899 1069 2193 1138 praedicat?

620 1157 686 1212 Et
723 1160 848 1227 quid
872 1169 1063 1213 cietcra
1091 1160 1553 1213 commemorem?
1579 1162 1852 1227 quomodo
1876 1160 2193 1215 sacerrimo-

619 1265 737 1303 runt
781 1250 1060 1303 hominum
1113 1249 1449 1319 impudentia
1508 1266 1616 1303 non
1664 1251 1949 1322 frangitur,
2009 1254 2191 1307 audita

617 1336 827 1390 Domini
881 1354 1012 1393 voce
1043 1355 1056 1391 ε
1087 1338 1346 1405 Conﬁteor
1380 1339 1495 1402 tibi,
1533 1340 1716 1404 Pater,
1748 1342 1967 1396 Domine
2006 1344 2119 1396 coeli
2145 1353 2193 1397 et

619 1438 771 1482 terra:
802 1431 864 1484 ".
892 1430 993 1485 Ubi
1025 1448 1147 1486 eum
1177 1448 1286 1487 non
1316 1436 1489 1489 solum
1517 1434 1661 1499 coeli,
1694 1435 1789 1489 sed
1803 1445 1857 1489 et
1889 1443 2048 1489 terra:
2088 1436 2193 1487 Do—

620 1522 827 1575 minum
859 1534 1044 1589 aperte
1076 1529 1430 1594 pronuntiat?
1494 1537 1549 1582 et
1577 1528 1708 1597 quid
1742 1528 1846 1582 hoc
1880 1528 2193 1581 testimonio

618 1611 816 1666 clarius
839 1624 940 1675 est,
965 1616 1203 1686 quidque
1238 1621 1408 1689 magis
1438 1620 1617 1674 valere
1652 1629 1833 1690 potest
1855 1621 1919 1674 ad
1954 1620 2193 1675 efﬁcien-

616 1702 768 1765 dum,
798 1713 854 1758 ut
886 1705 1096 1762 Patrem
1129 1709 1338 1765 Domini
1365 1713 1533 1767 nostri
1551 1711 1679 1775 Jesu
1704 1712 1907 1768 Christi
1939 1713 2191 1782 opificem

618 1802 673 1847 et
721 1796 1007 1851 Dominum
1053 1802 1220 1855 totius
1274 1802 1514 1857 universi
1560 1803 1973 1868 constituamus,
2031 1812 2087 1857 et
2124 1804 2191 1856 de

619 1882 940 1941 defectionis
967 1888 1085 1958 ejus
1110 1889 1392 1959 impietate
1431 1892 1873 1962 triumphemus?

687 2062 775 2117 Vl.
803 2063 1047 2135 Cumque
1070 2068 1197 2122 alibi
1222 2069 1435 2134 Petrus,
1453 2072 1822 2141 apostolorum
1844 2073 2188 2144 coryphmus.

617 2169 969 2212 communem
1002 2170 1247 2215 nostrum
1279 2163 1591 2234 Magistrum
1628 2174 1682 2219 et
1704 2166 1873 2219 Deum
1911 2166 2193 2235 professus

617 2257 786 2313 esset,
833 2248 879 2303 is
926 2250 1090 2319 hujus
1145 2253 1504 2323 professionis
1539 2257 1824 2325 praemium
1878 2258 1977 2326 ipsi
2034 2258 2188 2326 quasi

619 2338 893 2393 relaturus
920 2341 1139 2397 beatum
1185 2345 1405 2413 quidem
1433 2361 1557 2400 eum
1580 2347 1861 2416 pradicat,
1899 2350 2191 2402 revelatio-

618 2444 743 2482 nem
774 2446 903 2485 vero
925 2433 1065 2487 hanc
1086 2435 1299 2489 Patrem
1334 2436 1387 2490 in
1416 2437 1571 2491 coalis
1603 2438 1705 2508 ipsi
1741 2440 2056 2494 exhibuisse
2088 2442 2189 2495 do-

617 2538 785 2575 cens:
817 2521 1015 2579 Beatus
1035 2543 1104 2586 es,
1142 2527 1337 2596 inquit,
1367 2528 1446 2596 ﬁli
1474 2529 1642 2592 J0me,
1676 2534 1799 2601 quia
1833 2549 1955 2585 caro
1990 2544 2037 2585 et
2061 2550 2189 2585 san-

614 2615 733 2682 guis
760 2606 863 2668 non
894 2617 1141 2671 revelavit
1173 2620 1283 2683 tibi,
1313 2623 1403 2673 sed
1432 2620 1593 2675 Pater
1616 2640 1760 2677 meus
1788 2626 1843 2677 in
1878 2627 2038 2679 caelis.
2079 2627 2188 2695 Ego

616 2719 736 2756 vero
763 2704 878 2757 dico
911 2706 1005 2758 tibi
1036 2708 1147 2760 :Tu
1170 2725 1222 2761 es
1252 2708 1461 2773 Petrus,
1494 2722 1541 2764 et
1565 2712 1619 2765 in
1646 2714 1745 2765 hac
1770 2726 1924 2778 petra
1958 2717 2191 2785 a'diﬁca-

616 2796 678 2849 bo
712 2796 1001 2851 Ecclesium
1028 2816 1223 2863 meam,
1258 2811 1305 2853 et
1331 2812 1496 2870 portw
1520 2805 1809 2875 inferorum
1846 2808 1891 2860 ei
1922 2826 2023 2861 non
2049 2828 2189 2878 pro:-

616 2887 880 2942 valebunt.
925 2888 990 2943 Et
1047 2892 1182 2945 dabo
1245 2892 1355 2945 Tibi
1384 2894 1555 2949 claves
1607 2899 1753 2968 regni
1796 2900 2086 2966 coalurum;
2143 2912 2191 2956 et

619 2981 874 3052 quidquid
903 2982 1146 3053 ligaveris
1174 2985 1227 3038 iu
1253 2998 1395 3039 terra
1424 3030 1438 3052 ,
1481 2990 1698 3059 ligatum
1727 2993 1825 3044 erit
1855 2995 1908 3046 in
1936 2995 2102 3059 aulis,
2142 3005 2191 3049 et

619 3074 875 3143 quidquid
902 3074 1115 3129 solveris
1152 3076 1207 3129 in
1262 3088 1426 3143 terra,
1469 3080 1697 3135 solutum
1726 3086 1823 3137 erit
1866 3086 1921 3137 in
1945 3087 2085 3141 cadis
2124 3089 2188 3144 “.

2294 609 2698 681 φιλανθρώποις
2734 610 3078 681 δωρούμενος
3136 608 3485 676 σπλάγχνοις,
3534 608 3673 675 ὅπερ
3704 606 3873 668 αὐτὸς

2294 696 2407 769 εἶχε
2438 700 2577 752 κατά
2604 700 2786 770 φύσιν.
2821 701 2993 763 Αὐτὸς
3022 700 3121 769 μὲν
3142 700 3253 768 γὰρ
3288 697 3416 759 Υἱὸς
3438 695 3533 749 τοῦ
3564 697 3779 759 Πατοος
3804 695 3870 747 οὐ

2293 796 2433 848 κατά
2480 796 2659 866 χάριν,
2690 795 2828 849 ἀλλά
2856 795 2999 849 κατά
3039 794 3232 863 φύσινο
3268 792 3490 863 πληρῶν
3534 792 3591 844 δὲ
3625 792 3768 844 κατά
3807 792 3875 843 τὸ

2293 885 2635 954 ἀνθρώπινον
2675 888 2736 939 τὸ
2790 887 3001 955 θέλημα
3044 885 3229 939 αὐτῶν
3274 885 3403 947 τοὺς
3452 883 3593 935 κατά
3635 881 3873 952 μίμησιν

2294 974 2591 1043 πληρωτὰς
2631 977 2712 1036 εἰς
2742 975 3015 1028 υἱοθεσίαν
3060 974 3205 1041 ἄγει,
3244 973 3339 1026 καὶ
3368 974 3428 1027 τὸ
3460 973 3571 1025 τῶν
3617 970 3874 1039 ἀδελφῶν

2295 1064 2575 1133 χαρίζεται
2604 1065 2792 1133 ὄνομα.
2821 1067 2928 1117 Καὶ
2952 1066 3005 1117 τί
3039 1064 3105 1116 ἄν
3132 1082 3214 1127 τις
3236 1063 3514 1130 ἀναλέγοι.
3553 1062 3620 1115 δι’
3654 1054 3729 1114 ὦν
3778 1062 3877 1113 οὑ-

2306 1155 2487 1223 ράνιον
2506 1155 2601 1207 καὶ
2622 1156 2678 1206 ἐν
2700 1155 2949 1225 οὐρανοῖς
2975 1158 3002 1207 ὁ
3031 1154 3222 1224 Σωτὴρ
3236 1153 3327 1205 τὸν
3357 1151 3577 1222 Πατέρα
3606 1152 3864 1220 ἁνυμνεῑ;

2294 1248 2360 1299 Τί
2392 1249 2449 1300 δὲ
2497 1247 2663 1301 τᾶλλα
2693 1248 2873 1315 λέγως
2911 1246 3027 1309 πῶς
3054 1246 3165 1299 τῶν
3196 1245 3555 1315 παλαμναίων
3599 1243 3661 1296 οὐ
3696 1258 3876 1295 κατα-

2292 1339 2477 1392 δύεται
2506 1339 2565 1391 τὸ
2593 1342 2947 1409 ἀναίσχυντον
2994 1339 3094 1408 τῆς
3131 1337 3469 1403 Δεσποτικῆς
3496 1335 3729 1405 ἐχούσης
3756 1331 3876 1397 (96)

2294 1432 2501 1499 φωνῆς’
2533 1450 2551 1481 ‹
2575 1430 3039 1499 Ἐξομολογοῦμαί
3062 1447 3143 1492 σε,
3163 1430 3367 1501 Πάτερ,
3391 1428 3562 1498 Κύριε
3593 1427 3688 1479 τοῦ
3706 1425 3881 1496 οὐρα.-

2295 1518 2387 1570 νοῦ
2417 1521 2517 1571 καὶ
2545 1520 2644 1589 τῆς
2668 1520 2801 1588 γῆ;;
2827 1537 2844 1569 ι
2866 1519 2926 1570 οὐ
2950 1518 3059 1587 γὰρ
3080 1519 3239 1587 μόνον
3260 1515 3493 1569 ἐνταῦθα
3517 1515 3612 1568 τοῦ
3633 1513 3877 1585 οὐρανοῦ

2295 1609 2520 1679 Κύριον.
2556 1610 2689 1663 ἀλλὰ
2720 1610 2812 1662 καὶ
2838 1613 2935 1677 τῆς
2956 1611 3058 1679 γῆς
3076 1609 3422 1679 τρανολογεί·
3458 1609 3553 1660 καὶ
3580 1607 3631 1660 τί
3663 1607 3877 1674 ταύτης

2294 1702 2392 1771 τῆς
2421 1701 2723 1772 μαρτυρίας
2769 1705 3143 1772 σαιρέστερον;
3177 1702 3229 1752 τί
3282 1701 3337 1753 δὲ
3368 1699 3738 1768 δυνατώτερον
3776 1698 3880 1750 καὶ

2294 1793 2384 1845 τὸν
2420 1794 2636 1863 Πατέρα
2657 1793 2750 1845 τοῦ
2784 1793 2987 1864 Κυρίου
3040 1792 3199 1862 ἡμῶν
3240 1790 3415 1861 Ἰησοῦ
3464 1786 3731 1860 Χριστοῦ,
3768 1788 3871 1856 δη-

2296 1887 2559 1958 μιουργὸν
2589 1888 2683 1941 καὶ
2719 1887 2922 1957 Κύριον
2966 1885 3317 1956 παραστῆσαι
3364 1883 3459 1936 τοῦ
3510 1880 3733 1946 παντὸς,
3769 1880 3874 1933 καὶ

2292 1980 2351 2032 τὸ
2374 1980 2641 2050 θεομάχον
2673 1980 2773 2048 τῆς
2817 1978 3156 2039 ἀποστασίας
3184 1975 3585 2046 θριαμϐεῦσαι;

2364 2064 2453 2137 (4".
2483 2070 2883 2138 Θεολογήσαντι
2911 2068 3023 2140 (97)
3049 2067 3105 2119 δὲ
3131 2066 3295 2120 πάλιν
3314 2065 3393 2134 τῷ
3427 2062 3717 2131 κορυφαίῳ
3755 2060 3873 2113 τῶν

2290 2161 2605 2215 ἀποστόλων
2650 2160 2842 2230 Πέτρῳ
2868 2159 2959 2212 τὸν
3000 2156 3178 2211 κοινὸν
3208 2155 3364 2227 ἡμῶν
3407 2152 3747 2208 Διδάσκαλον
3773 2149 3876 2204 καὶ

2296 2254 2675 2324 Θεδν,⁶ὦσπερ
2712 2254 2810 2323 τῆς
2842 2252 3125 2318 θεολογίας
3157 2250 3319 2313 αὐτὸς
3355 2245 3747 2308 ἀνταποδιδοὺς
3783 2262 3879 2314 μι-

2294 2349 2439 2411 σθὸν,
2486 2346 2781 2417 μακαρίζει
2818 2345 2919 2413 μὲν
2964 2344 3056 2397 τὸν
3088 2342 3337 2410 θεολόγον
3363 2337 3720 2410 θεοπρεπῶς·
3771 2337 3877 2407 τὴν

2292 2438 2638 2507 ἀποκάλυψιν
2661 2438 2717 2489 δὲ
2738 2437 2941 2507 ταύτην
2974 2437 3065 2488 τὸν
3099 2437 3157 2487 ὲν
3183 2434 3429 2505 οὐρανοῖς
3464 2432 3687 2499 Πατέρα
3720 2429 3876 2481 ἐκδι-

2290 2532 2479 2585 δάσκει
2516 2532 2819 2599 παρασχεῖν
2867 2528 3015 2597 αὐτῷ
3042 2545 3055 2558 ·
3104 2525 3410 2593 Μακάριος
3430 2520 3507 2584 εἴ,
3540 2522 3699 2593 φησὶ,
3746 2523 3876 2589 βὰρ

2303 2623 2493 2686 Ἰωνᾶ,
2536 2622 2625 2676 ὅτι
2658 2621 2815 2690 σὰρξ
2849 2622 2947 2675 καὶ
2998 2616 3141 2690 allia
3176 2620 3287 2673 οὐκ
3341 2615 3706 2684 ἀπε-κάλυψε
3748 2630 3875 2675 σοι,

2291 2715 2427 2769 ἀλλ’
2450 2717 2483 2769 ὁ
2520 2714 2721 2782 Πατήρ
2747 2730 2866 2782 μου
2896 2716 2929 2767 ὁ
2957 2713 3027 2765 ἐν
3074 2711 3198 2777 τοῖς
3237 2709 3540 2778 οὐρανοῖς.
3590 2706 3771 2776 Κάγὼ
3807 2703 3878 2759 δέ

2292 2823 2391 2859 σοι
2418 2807 2572 2875 λέγω
2592 2822 2606 2836 ’
2641 2806 2724 2859 Σὺ
2747 2800 2805 2858 εἷ
2830 2805 3069 2871 Πέτρος,
3102 2803 3200 2856 καὶ
3226 2802 3325 2855 ἐπὶ
3369 2802 3552 2866 ταύτῃ
3579 2797 3654 2865 τῇ
3685 2801 3879 2863 πέτρᾳ

2292 2895 2672 2965 οἰκοδομήσω
2690 2912 2808 2964 μου
2831 2894 2944 2961 τὴν
2963 2894 3350 2959 Ἐκκλησίαν,
3376 2891 3473 2944 καί
3503 2891 3694 2943 πύλαι
3722 2887 3876 2956 ᾅδου

2292 2989 2365 3040 οὺ
2419 2987 2907 3054 κατισχύσουσιν
2948 2981 3141 3050 αὐτῆς
3185 2999 3197 3012 ·
3249 2980 3348 3034 καί
3393 2979 3567 3032 δώσω
3613 2994 3715 3031 σοι
3769 2976 3877 3039 τὰς

2293 3078 2459 3143 κλεῖς
2486 3076 2595 3145 τῆς
2617 3076 2940 3141 βασιλείας
2966 3073 3083 3126 τῶν
3107 3072 3380 3141 οὐρανῶν
3399 3089 3411 3101 ·
3438 3070 3539 3124 καί
3566 3069 3597 3123 ὃ
3624 3068 3738 3122 ἐὰν
3769 3066 3878 3133 δή·

619 3162 784 3217 Millia
815 3165 1081 3234 ejusmodi
1119 3169 1171 3221 in
1204 3169 1637 3226 confutationem
1670 3174 1849 3244 impiae
1874 3177 2036 3247 hujus
2066 3195 2189 3233 scn-

2296 3184 2413 3237 σῃς
2441 3166 2540 3221 ἐπὶ
2568 3165 2678 3234 τῆς
2712 3163 2843 3235 γῆς,
2876 3166 3046 3219 ἔσται
3075 3162 3395 3229 δεδεμένον
3417 3162 3486 3213 ἐν
3523 3160 3650 3223 τοῖς
3700 3159 3877 3223 cupa.

621 3256 804 3309 tentize
820 3272 884 3310 ex
910 3259 1079 3311 sacris
1101 3257 1275 3313 Libris
1299 3260 1494 3316 afferre
1526 3263 1730 3318 liceret.
1754 3266 2036 3337 Perpende
2067 3287 2195 3327 vero

619 3354 673 3399 et
702 3346 824 3401 hoc:
851 3346 999 3401 Jesus
1016 3350 1315 3419 baptizatus
1330 3354 1603 3423 confestim
1623 3372 1689 3409 ea:
1712 3373 1853 3426 aqua
1875 3363 2109 3416 ascendit
2129 3364 2191 3418 “.

621 3438 701 3492 En
737 3439 973 3511 linguam
1006 3441 1172 3511 impia
1196 3443 1628 3501 declamantem!
1660 3447 1793 3503 Boni
1828 3449 2002 3507 Patris
2029 3454 2197 3511 Filius

619 3532 861 3600 optimus
910 3533 965 3586 in
1012 3543 1261 3588 creatura
1298 3534 1392 3590 Dei
1424 3537 1728 3607 baptizatus
1762 3545 2074 3611 exsceudit;
2102 3557 2193 3602 et:

622 3620 758 3675 Ecce
786 3624 900 3677 caeli
933 3641 1087 3693 super
1116 3627 1286 3695 ipsum
1336 3630 1656 3698 aperiuntur
1683 3632 1763 3685 ιιι
1800 3634 1876 3687 En
1911 3635 2006 3689 tibi
2035 3638 2197 3693 aliant

622 3718 779 3772 malae
807 3734 1002 3773 manus
1031 3723 1371 3776 creaturam!
1403 3738 1501 3777 cur
1532 3740 1664 3778 vero
1712 3727 1885 3796 aperti
1940 3740 2070 3785 sunt
2098 3772 2112 3795 ,
2144 3740 2199 3787 et

622 3810 781 3879 cujus
813 3811 1020 3865 causa?
1051 3811 1209 3875 Vidit,
1242 3811 1440 3883 inquit,
1469 3812 1729 3882 Spiritum
1757 3818 1856 3872 Dei
1883 3820 2199 3877 descenden-

624 3910 729 3953 tem
768 3901 938 3954 instar
972 3901 1225 3957 columbw
1253 3905 1317 3959 ".
1349 3903 1595 3960 Tertium
1642 3908 1758 3965 haec
1806 3926 1977 3981 pauca
2034 3918 2195 3973 verba

620 3989 688 4042 de
711 3988 991 4058 impietate
1024 3990 1398 4060 triumphandi
1416 4003 1804 4063 argumentum
1824 3999 2192 4068 suppeditant.

620 4074 903 4140 Quomodo
933 4079 1080 4133 enim
1108 4094 1207 4150 per
1229 4094 1341 4135 rem
1362 4120 1377 4142 ,
1414 4096 1443 4134 a
1473 4084 1617 4137 malo
1643 4086 1943 4154 profectam
1992 4090 2196 4159 princi-

620 4167 734 4235 pio,
761 4169 1000 4238 Spiritus
1025 4170 1118 4226 Dei
1150 4173 1541 4232 adumbratur?
1573 4177 1759 4231 Prodit
1793 4179 1879 4232 illa
1920 4197 1987 4235 ex
2015 4184 2197 4252 operi-

622 4260 725 4314 bus
757 4261 948 4326 hostis,
979 4273 1142 4334 atque
1166 4265 1292 4320 inde
1321 4284 1606 4340 progressa
1630 4269 1916 4326 descendit
1945 4273 1999 4327 in
2030 4274 2196 4328 Chri-

622 4357 788 4404 stum.
840 4351 1066 4406 Accedit
1122 4363 1374 4422 quartum
1436 4356 1730 4426 impietatis
1788 4369 2195 4429 argumentum.

620 4438 735 4492 Vox
752 4441 899 4494 enirn
930 4457 961 4496 e
990 4444 1131 4497 cmlo
1153 4456 1338 4499 sonat:
1369 4447 1467 4500 Hic
1497 4458 1569 4501 est
1594 4449 1761 4503 Filius
1786 4468 1929 4505 meus
1951 4453 2191 4517 dilectus,

2294 3260 2443 3325 νοῖς·
2477 3260 2575 3313 καὶ
2603 3258 2634 3311 ὃ
2674 3257 2783 3311 ἐὰν
2808 3257 3009 3323 λύσῃς
3051 3254 3149 3308 ἐπὶ
3181 3253 3291 3322 τῆς
3318 3252 3451 3323 γῆς,
3483 3252 3659 3304 ἔσται
3690 3252 3877 3302 ,λελυ-

2289 3350 2481 3421 μένον
2528 3350 2599 3403 ἐν
2644 3350 2767 3415 τοῖς
2810 3347 3089 3417 οὐρανοῖς
3116 3361 3129 3375 ⁸
3190 3347 3285 3398 καὶ
3340 3344 3509 3416 μυρία
3557 3342 3622 3396 ἄν
3671 3359 3757 3404 τις
3796 3342 3877 3402 είς

2296 3444 2520 3514 ἔλεγχον
2547 3444 2647 3512 τῆς
2684 3441 2916 3503 ἀσεϐοῦς
2983 3439 3222 3503 διανοίας
3261 3439 3325 3490 ἐκ
3360 3438 3471 3490 τῶν
3533 3434 3697 3506 ἱερῶν
3749 3450 3879 3487 συν-

2297 3538 2494 3605 αγάγοι
2523 3536 2752 3603 Λογίιυν.
2795 3535 2935 3604 Ὀρα
2964 3533 3021 3585 δὲ
3051 3532 3146 3585 καὶ
3205 3529 3393 3583 τοῦτο’
3422 3525 3800 3590 Βαπτισθεὶς
3843 3526 3879 3575 ὁ

2308 3626 2538 3693 Ἰησοῦς
2562 3626 2796 3679 ἄνεισιν
2819 3622 3000 3687 εὐθὺς
3026 3621 3144 3677 ἀπὸ
3171 3621 3278 3675 τοῦ
3308 3620 3547 3685 ὕδατος.
3605 3619 3671 3669 Ὢ
3692 3615 3878 3684 γλώσ-

2300 3737 2399 3788 σης
2436 3716 2750 3788 μελετώσης
2783 3714 3142 3769 δυσσέϐειανί
3187 3714 3277 3767 Ἑν
3325 3712 3404 3782 τῷ
3452 3711 3738 3780 πλάσματι
3780 3708 3878 3760 τοῦ

2298 3810 2547 3881 Πονηροῦ
2583 3811 2612 3860 ὁ
2639 3807 2733 3861 τοῦ
2765 3805 2973 3875 ἀγαθοῦ
3008 3804 3223 3876 Πατρὸς
3259 3802 3464 3871 ἀγαθὸς
3517 3803 3644 3864 Υἱὸς
3677 3801 3881 3870 βαπτι-

2299 3902 2448 3965 σθεὶς
2481 3901 2688 3955 ἐκεῖθεν
2729 3900 2923 3962 ἄνεισι,
2948 3899 3043 3951 καὶ
3090 3896 3237 3951 Ἰδοὺ
3287 3893 3686 3962 ἀνεῴχθησαν
3714 3888 3880 3953 αὐτῷ

2296 3996 2350 4048 οἱ
2384 3990 2665 4061 οὐρανοί]
2699 3989 2862 4042 ’Ἄλλο
2888 3989 3112 4058 πλάσμα
3153 3987 3313 4040 πάλιν
3354 3986 3599 4054 πονηρᾶς
3646 3983 3835 4053 χειρός
3857 3997 3872 4012 ο

2296 4085 2437 4139 διατι
2484 4085 2542 4137 δὲ
2585 4081 2965 4152 ἀνεῴχθησαν,
3030 4081 3123 4133 καὶ
3172 4081 3318 4141 τίνος
3360 4078 3556 4149 χάριν;
3607 4072 3751 4130 Εἷδε
3811 4072 3881 4127 τὸ

2296 4179 2538 4247 Πνεῦμα
2578 4175 2684 4229 τοῦ
2722 4175 2891 4235 Θεοῦ,
2928 4174 3082 4242 φησι,
3130 4170 3487 4226 καταϐαῖνον
3522 4168 3671 4222 ὡσεί
3713 4184 3881 4235 περι-

2296 4269 2519 4338 στεράν
2537 4309 2552 4323 .
2581 4266 2777 4337 Τρίτος
2806 4258 2960 4327 οὗτος
2980 4266 3077 4333 τῆς
3104 4264 3360 4325 ἀσεϐείας
3381 4264 3436 4315 ἐν
3464 4262 3669 4329 ὀλίγοις
3690 4262 3880 4332 ῥήμα-

2298 4380 2380 4415 σιν
2409 4358 2696 4431 θρίαμϐος.
2739 4356 2861 4416 Πῶς
2881 4356 2989 4424 γὰρ
3019 4358 3075 4406 ἐν
3112 4354 3188 4425 τῷ
3224 4355 3458 4423 σχήματι
3489 4351 3584 4405 τοῦ
3613 4352 3878 4421 πλάσμα-

2298 4469 2387 4513 τος
2418 4449 2513 4501 τοῦ
2547 4443 2793 4515 Πονηροῦ
2824 4444 2887 4496 τὸ
2912 4443 3005 4496 τοῦ
3033 4443 3168 4495 Θεοῦ
3202 4441 3425 4509 Πνεῦμα
3449 4440 3746 4501 τυποῦται,
3782 4441 3883 4492 καὶ

621 4528 676 4581 in
699 4545 800 4594 quo
822 4530 1111 4584 delectatus
1134 4550 1251 4586 sum
1284 4534 1345 4588 ⁸⁸.
1384 4534 1702 4601 Considera,
1750 4554 1932 4607 quwso
1961 4583 1976 4606 ,
2015 4542 2192 4614 singu-

2303 4544 2547 4599 κάτεισιν
2575 4536 2759 4589 ἐκτῶν
2789 4535 2965 4604 ἒργων
2991 4532 3084 4584 τοῦ
3104 4530 3234 4601 Ἒχθ
3247 4530 3360 4599 ροῦ,
3380 4529 3641 4582 κάκεῖθεν
3675 4528 3886 4581 κατιὼν

622 4620 702 4674 las
732 4636 916 4685 voces,
948 4631 1005 4676 ut
1034 4637 1157 4676 cum
1184 4624 1265 4678 eis
1311 4626 1512 4681 invicta
1556 4628 1854 4696 impietatis
1892 4632 2196 4690 confutatio

695 4756 738 4788 ¹³
775 4757 965 4813 Matth.
1008 4774 1085 4828 ιι,
1121 4761 1212 4816 25.
1292 4763 1336 4795 "
1370 4763 1502 4820 ibid.
1577 4763 1619 4796 “
1643 4765 1832 4822 Matth.
1890 4785 1978 4823 xvi
2012 4811 2027 4836 ,
2063 4772 2150 4837 Π,
2182 4775 2192 4826 l

2347 4771 2392 4801 ω
2423 4763 2616 4819 Matth.
2644 4775 2724 4823 ιιι,
2756 4758 2844 4812 is.
2920 4757 2964 4787 ιε
2994 4755 3126 4809 una.
3166 4754 3251 4809 ιδ.
3330 4755 3371 4785 ιτ
3420 4753 3555 4807 ibid.
3640 4754 3685 4785 ιιι

623 4826 711 4882 i7.

2294 4617 2524 4705 ἔρχεται
2547 4629 2641 4682 ἐπὶ
2668 4628 2759 4679 τὸν
2789 4625 3024 4694 ἰησοῦν;
3049 4624 3159 4675 Καὶ
3192 4622 3425 4691 τετάρτη
3451 4622 3623 4690 στήλη
3646 4621 3759 4691 (98)
3788 4622 3888 4689 τῆς

3747 4753 3883 4806 ibid.

1721 4957 1955 5013 γ’Αῆιῶ
1988 4958 2374 5015 LECTIONES
2404 4956 2490 5009 ET
2528 4952 2759 5008 NOTAE.

692 5071 804 5193 (triti)
871 5071 1185 5141 Ἐχούσης.
1223 5068 1484 5143 Legerem
1535 5071 1773 5127 libenter
1823 5071 2085 5142 ἡκούσης,
2129 5089 2197 5127 ex

695 5159 719 5193 ε
746 5159 795 5193 ν.
1276 5188 1277 5191 η

695 5159 795 5196 ειν.
1276 5188 1277 5191 η

620 5144 808 5282 ﬁxis?)
848 5188 1314 5282 Θεολογήσαντι.
1369 5211 1655 5278 Θεολογεῖν
1719 5211 1861 5282 idem
1918 5211 2008 5265 hic
2057 5227 2197 5276 esse,

620 5282 766 5352 quod
822 5282 985 5335 Deum
1033 5283 1263 5352 aliquem
1313 5282 1569 5351 proﬁteri,
1616 5295 1714 5349 pro
1753 5281 1867 5352 ὓεοΔ
1888 5282 2095 5352 habere,
2131 5299 2197 5335 ex

623 5350 861 5409 Matthxi
909 5354 1028 5406 loco
1065 5350 1321 5422 allegato,
1370 5362 1425 5404 et
1472 5352 1688 5404 Petrina
1739 5350 2082 5422 confessione
2123 5352 2199 5404 ibi

624 5432 943 5485 memorata,
977 5438 1074 5491 per
1107 5420 1366 5492 sepatet.
1397 5423 1572 5492 Atque
1598 5421 1711 5492 ista
1737 5420 1884 5492 vocis
1916 5423 2064 5492 notio
2093 5436 2195 5492 an-

625 5494 771 5563 tiqua
793 5488 1081 5548 admodum
1127 5488 1551 5563 etjDoctoribus
1584 5488 2197 5563 Qhristianisperfami-

621 5557 771 5618 lia-ris
828 5570 929 5617 est.
991 5564 1123 5617 Vide
1180 5562 1267 5616 Jo.
1322 5560 1548 5628 Gaspar.
1583 5557 1813 5628 iSviceri
1876 5558 2195 5628 Thesaurum

619 5635 929 5694 ecclesiast..
961 5648 1018 5703 p.
1046 5633 1219 5697 1555;
1245 5626 1558 5703 Dionysium
1577 5626 1880 5703 Petavium,
1902 5627 1953 5678 in
1979 5628 2192 5703 praefat.

622 5704 689 5758 ad
724 5714 928 5758 tomum
963 5697 1003 5757 ⁷1
1032 5703 1348 5772 Dogmatum
1383 5697 1691 5772 theologia,
1721 5706 1781 5772 et
1835 5711 1950 5772 eos,
2002 5697 2091 5763 qui
2124 5697 2192 5749 ad

623 5789 925 5843 cognomen
955 5764 1182 5843 Joantiis
1211 5764 1578 5843 evangelistae,
1602 5766 1691 5831 qui
1713 5764 2003 5843 _Theologus
2035 5780 2194 5843 voca:

626 5833 733 5909 ιιιῖ,
765 5841 1117 5899 commentati
1180 5851 1328 5893 sunt.
1356 5833 1633 5891 'Similem
1682 5833 2041 5903 significatum
2074 5835 2192 5889 voci

2309 5068 2579 5133 Θεολογεα,
2611 5065 2704 5134 qui
2739 5072 2795 5117 et
2831 5064 2920 5117 hic
2947 5064 3107 5134 paulo
3150 5069 3288 5134 post
3326 5059 3589 5134 occurrit.
3629 5072 3886 5134 respectu

2308 5129 2501 5194 Christi
2533 5138 2584 5189 in
2609 5129 2801 5203 primis
2832 5129 3439 5203 vindicavitluculentis
3463 5138 3722 5203 veterum
3753 5132 3890 5185 locis

2308 5209 2394 5263 Jo.
2447 5198 2685 5260 l’earson
2734 5204 2786 5256 in
2819 5202 2972 5257 Notis
3022 5203 3087 5255 ad
3136 5200 3323 5267 Ignatii
3376 5198 3672 5265 Epistolas,
3722 5217 3777 5269 p.
3834 5203 3887 5255 7.

2308 5278 2456 5330 Alias
2493 5275 2761 5340 θεολογεῖν
2807 5282 2861 5325 et
2908 5271 3157 5338 θεολογία
3199 5272 3265 5323 de
3316 5269 3633 5340 laudatione
3661 5280 3717 5324 ct
3750 5270 3895 5324 cclc-

2306 5347 2553 5400 bratione
2602 5337 2694 5396 Dei
2749 5342 2992 5395 adhiberi
3024 5337 3265 5393 ostendit
3316 5337 3485 5389 Henr.
3525 5339 3785 5393 Valesius
3823 5340 3892 5392 ad

2302 5416 2520 5469 Eusebii
2553 5413 2752 5466 Histor.
2782 5413 2959 5464 eccles.
2990 5426 3043 5472 χ,
3073 5411 3126 5467 5.
3156 5424 3275 5477 pag.
3302 5406 3422 5459 190.

2378 5486 2490 5553 (98)
2520 5482 2741 5553 Στήλη.
2771 5481 2996 5553 Proprie
3032 5480 3359 5553 columnam.
3396 5486 3519 5553 tum
3571 5493 3710 5553 vero
3762 5479 3895 5532 titu-

2301 5547 2415 5608 lum
2452 5547 2515 5605 ac
2538 5547 2972 5618 insCriptionem,
3002 5548 3268 5600 columnis
3299 5547 3523 5601 inscribi
3566 5549 3813 5609 solitam,
3842 5557 3896 5602 et

2300 5625 2462 5677 aliam
2496 5632 2899 5689 quamcunque,
2930 5633 2993 5670 ac
3022 5618 3148 5689 hinc
3199 5622 3382 5689 notam
3440 5633 3571 5670 cum
3621 5618 3897 5689 dedecore

2297 5684 2646 5759 conjunctam
2676 5684 2937 5759 denotare
2966 5686 3120 5759 solet.
3144 5684 3236 5753 qui
3267 5694 3584 5759 postremus
3609 5687 3896 5759 signiﬁca-

2302 5753 2511 5815 tus'bic
2534 5772 2749 5827 quoque
2779 5758 2957 5827 locum
2991 5753 3511 5827 obtinere_vide_tur,
3555 5753 3729 5827 quem
3762 5756 3898 5810 alias

2302 5834 2357 5886 in
2411 5821 2632 5883 vocibus
2663 5821 2812 5881 'hiuc
2859 5826 3117 5879 derivatis
3155 5821 3454 5890 στηλιτεύω
3490 5837 3545 5879 et
3575 5821 3899 5895 “στηλιτευο
