4110 6402
545 427 619 490 95
1678 424 1936 483 I’IIOTII
1980 418 2483 481 PATRIARCllgE
2540 418 2645 477 (ΞΡ.

3733 406 3841 471 96'

545 537 723 601 nium,
750 534 953 590 Paulus
978 535 1247 607 obsignat.
1276 534 1556 600 Quomodo
1580 548 1708 586 vero
1736 533 1968 601 paleam,
1998 546 2118 598 (μη

2244 527 2457 597 >ητικὴν
2493 524 2701 596 ταύτην
2755 524 2940 594 φωνὴν
3002 524 3075 587 ὼς
3126 525 3189 577 ὲκ
3244 522 3379 575 Θεοῦ
3449 525 3541 575 καὶ
3594 522 3763 574 θείαν
3802 524 3837 574 ὁ

546 639 899 701 peccatorum
952 630 1230 683 levitatem
1282 628 1545 697 designat,
1594 636 1855 681 creaturae
1916 624 2035 676 Mali
2072 624 2123 675 in

548 722 876 791 supplicium
910 721 1093 781 tradit,
1145 719 1580 788 quandoquidem
1637 733 1755 770 eam
1802 718 1924 785 igne
1974 716 2127 767 inex-

548 809 848 879 stinguibili
892 807 1312 863 comburendam
1357 820 1476 858 esse
1518 804 1732 856 nuntiat
1762 802 1845 853 "‘2'
1888 802 1948 853 lit
1990 814 2127 867 quo-

550 900 715 953 modo
750 898 985 952 domitor
1040 897 1211 950 hostis
1250 896 1416 955 venit,
1476 904 1534 947 ut
1580 894 1757 962 ignem
1816 892 2019 959 jacerct
2074 890 2127 941 in

552 1000 752 1044 terram
776 991 841 1055 ",
876 990 1044 1043 hostis
1105 1004 1239 1056 opus
1295 988 1372 1041 sic
1410 986 1746 1052 amplitieans
1775 992 1831 1036 et
1875 980 2129 1051 augens?

554 1080 829 1148 quomodo
901 1080 1028 1131 item
1084 1077 1304 1131 diabolo
1357 1085 1582 1145 paratus
1660 1082 1745 1126 est
1811 1072 1949 1141 ignis
1975 1072 2045 1134 ",
2082 1070 2127 1122 si

555 1171 674 1241 ipse
729 1181 813 1224 est
865 1170 984 1237 ejus
1042 1167 1325 1225 conditor?
1355 1182 1535 1235 neque
1562 1165 1707 1219 enim
1742 1165 1856 1232 ipse
1901 1162 1998 1218 sibi
2032 1178 2126 1230 pa-

557 1264 701 1316 rabit
723 1262 1068 1331 supplicium.
1112 1260 1361 1314 Vicissim
1388 1275 1538 1320 vero,
1571 1258 1614 1309 si
1643 1255 1812 1309 hostis
1840 1255 2040 1324 ignem,
2073 1264 2130 1308 ut

555 1356 792 1418 videtur,
828 1372 936 1409 non
972 1353 1202 1424 paravit,
1234 1368 1343 1406 non
1388 1349 1780 1420 paravitetiam
1812 1347 2130 1414 quidquam,

558 1460 657 1515 per
678 1446 821 1513 quod
847 1446 1095 1498 homines
1136 1444 1253 1497 sine
1279 1439 1661 1496 emendatione
1701 1445 1991 1506 peccantes
2027 1450 2135 1503 pu-

559 1535 680 1588 nire
713 1536 902 1604 possit,
934 1551 1109 1603 neque
1146 1535 1322 1602 ipsum
1355 1532 1527 1591 illum,
1554 1530 1646 1597 qui
1680 1528 1885 1581 zizania
1913 1526 2133 1595 sparsit,

562 1641 662 1695 per
692 1642 854 1693 quem
886 1627 1087 1692 justam
1120 1633 1300 1678 sumat
1336 1623 1621 1677 ultionem.
1662 1620 1727 1673 Et
1776 1620 1901 1689 quis
1949 1619 2134 1673 omnia

562 1715 832 1787 ejusmodi
858 1715 1239 1770 enumerarit?

637 1920 777 1974 Vill.
812 1919 1078 1986 Quoniam
1129 1935 1263 1974 vero
1314 1916 1577 1973 maledica
1626 1928 1683 1971 et
1738 1916 1906 1983 impia
1953 1914 2137 1982 lingua

572 2014 853 2069 terrestria
884 2014 947 2066 ad
977 2013 1176 2066 malum
1212 2010 1543 2080 principium
1567 2009 1730 2062 audet
1753 2010 1978 2071 referre,
2009 2019 2144 2074 quo-

569 2105 730 2159 modo
773 2120 834 2158 ea
869 2121 966 2157 sua
998 2105 1130 2157 dicit
1188 2102 1502 2156 communis
1534 2111 1723 2153 noster
1776 2098 2039 2151 Dominus
2089 2104 2143 2149 et

574 2196 869 2250 Servator?
888 2196 950 2250 In
977 2200 1190 2265 propria
1219 2196 1357 2247 enim
1394 2195 1553 2257 venit,
1590 2192 1789 2261 inquit,
1821 2192 1910 2243 sed
1935 2190 2017 2242 sui
2042 2204 2144 2240 non

568 2298 868 2355 receperunt
893 2305 1009 2341 eum
1034 2288 1101 2340 ’⁸.
1138 2286 1293 2352 Quod
1330 2287 1373 2340 si
1395 2286 1634 2341 dixerint
1662 2293 1949 2355 apostataa,
2012 2298 2142 2353 pro-

568 2378 688 2449 prie
726 2378 816 2431 hie
847 2378 953 2433 dici
989 2393 1273 2432 sermones
1305 2377 1657 2447 prophetieos
1685 2418 1699 2440 ,
1753 2376 1807 2429 in
1858 2376 1960 2429 hos
2012 2391 2143 2429 vero

570 2470 788 2525 venisse
820 2470 1121 2531 Christum,
1161 2470 1308 2539 ipsos
1357 2486 1489 2524 vero
1533 2485 1658 2523 eum
1690 2484 1799 2522 non
1845 2468 2139 2538 recepisse,

567 2559 713 2625 vide,
742 2576 947 2629 quaeso.
978 2559 1243 2627 insignem
1269 2574 1456 2612 eorum
1479 2558 1745 2611 insaniam
1774 2569 1829 2611 et
1852 2557 2142 2627 impuden-

570 2648 719 2701 tiam.
757 2647 995 2702 Primum
1024 2648 1192 2711 enim,
1234 2648 1512 2717 quomodo
1546 2649 1897 2717 propheticos
1928 2663 2143 2702 sermo-

569 2755 668 2794 nes
690 2742 938 2811 proprios
952 2740 1149 2796 Christi
1172 2756 1294 2794 esse
1315 2741 1497 2801 aiunt,
1524 2756 1647 2794 cum
1675 2742 1821 2810 ipsos
1848 2742 2144 2810 prophetas

568 2837 626 2883 et
662 2830 1077 2899 inspirationem
1108 2845 1300 2884 eorum
1340 2830 1406 2882 ad
1441 2829 1645 2882 malum
1677 2830 1960 2882 referant?
1984 2830 2145 2881 Dein-

569 2923 660 2982 de,
687 2922 961 2991 quomodo
1008 2923 1062 2975 in
1093 2922 1445 2991 prOpheticos
1472 2936 1758 2975 sermones
1785 2921 1937 2975 venit
1987 2920 2146 2974 Chri-

570 3014 730 3070 stus?
761 3014 941 3068 Primo
970 3016 1112 3068 enim
1143 3054 1157 3077 ,
1190 3016 1333 3083 quod
1364 3025 1419 3069 et
1463 3015 1566 3085 ipsi
1613 3014 1791 3075 aiunt,
1833 3014 1900 3067 ad
1934 3014 2144 3067 alienos

584 3106 756 3167 venit,
790 3106 1093 3175 prophetici
1123 3106 1269 3159 enim
1306 3121 1588 3159 sermones
1633 3105 1795 3158 alieni
1826 3106 1959 3173 quid
1992 3115 2141 3167 sunt,

572 3206 828 3265 tanquam
855 3198 924 3250 ab
947 3197 1127 3250 alieno
1156 3197 1406 3265 inspirati
1429 3237 1443 3259 ,
1477 3212 1579 3250 nec
1608 3197 1675 3249 ad
1711 3197 1912 3250 bonum
1970 3198 2138 3251 Deum
2166 3218 2210 3280 ρ

572 3288 870 3358 pertinent.
919 3287 1146 3353 Deinde,
1176 3288 1450 3357 quomodo
1502 3288 1728 3341 omnino
1780 3288 1987 3357 pr0prii
2020 3304 2145 3342 esse

572 3391 806 3450 possunt
833 3380 1031 3435 Christi
1062 3396 1343 3435 sermones
1372 3381 1696 3451 prophetici,
1721 3382 1811 3451 qui
1844 3397 1952 3434 non
1988 3396 2143 3435 rece-

572 3478 776 3539 perunt
820 3473 988 3525 eum?
1040 3472 1248 3527 Dicitur
1276 3474 1459 3528 enim:
1512 3474 1573 3527 In
1619 3490 1715 3527 sua
1750 3475 1910 3535 venit,
1941 3474 2032 3526 sed
2064 3474 2146 3526 sui

572 3578 691 3614 eum
724 3579 825 3615 non
854 3575 1177 3632 receperunt.
1204 3563 1394 3627 Porro,
1434 3565 1634 3634 quibus
1666 3572 1990 3634 potestatem
2016 3562 2148 3618 fecit

571 3653 846 3719 Christus,
877 3665 936 3709 ut
964 3656 1056 3709 lilii
1090 3658 1185 3711 Dei
1214 3657 1406 3711 fierent
1431 3657 1454 3709 ?
1480 3668 1609 3710 num
1639 3656 1991 3709 sermonibus
2016 3670 2148 3724 pro-

572 3744 849 3814 phetieis?
878 3746 1118 3800 Hoccine
1140 3762 1252 3799 non
1283 3755 1368 3800 est
1409 3745 1640 3815 nugari?
1678 3745 1972 3799 Sermones
2002 3744 2149 3797 enim

574 3836 618 3889 si
654 3852 721 3891 ex
750 3837 859 3891 Deo
902 3848 1051 3902 sunt,
1087 3853 1153 3892 eo
1196 3839 1313 3909 ipso
1344 3838 1549 3908 proprii
1597 3848 1724 3893 sunt
1758 3846 1813 3892 et
1864 3836 2150 3891 domestici

576 3925 702 4007 Dei;
745 3928 791 3981 si
827 3944 957 3984 vero
1000 3930 1149 3991 mali,
1179 3930 1454 3998 quomodo
1528 3928 1621 3982 ﬁlii
1674 3929 1768 3982 Dei
1803 3926 2154 3982 eﬂicientur?

576 4016 740 4083 Tum,
763 4020 941 4089 qualis
971 4037 1152 4076 sermo
1194 4021 1548 4091 prwhcticus
1578 4036 1644 4075 ex
1699 4020 2059 4091 sanguinibus
2096 4028 2154 4072 et

573 4112 854 4165 voluntate
884 4113 984 4166 viri
1010 4122 1065 4168 et.
1093 4129 1157 4167 ex
1196 4116 1479 4167 voluntate
1511 4114 1690 4168 carnis
1732 4123 1997 4184 pronatus
2025 4112 2155 4165 est?

574 4203 740 4259 Addit
769 4206 914 4259 enim
946 4223 959 4260 :
998 4205 1099 4270 Qui
1140 4222 1241 4259 non
1274 4223 1337 4259 ea:
1364 4207 1729 4276 sanguinibus,
1764 4222 1858 4259 nec
1886 4223 1950 4259 ex
1971 4206 2157 4258 volun-

580 4304 691 4347 tate
721 4296 843 4360 viri,
873 4313 966 4349 nec
989 4312 1054 4350 ex
1087 4295 1354 4349 voluntate
1400 4298 1595 4361 carnis,
1626 4295 1718 4349 sed
1778 4311 1843 4349 ex
1890 4295 2001 4348 Deo
2041 4294 2154 4347 nati

576 4397 697 4439 sunt
726 4388 793 4440 ’⁸.
824 4388 925 4453 Qui
958 4389 1122 4458 igitur
1157 4398 1287 4443 sunt
1312 4388 1386 4441 illi
1418 4403 1702 4442 sermones
1727 4427 1740 4447 ,
1774 4402 1840 4440 ex
1871 4385 2155 4457 sanguini-

578 4479 681 4533 bus
714 4481 986 4549 prognati,
1023 4488 1078 4534 et
1101 4483 1190 4550 qui
1221 4481 1374 4533 non?
1410 4478 1602 4533 Nullus
1627 4479 1773 4533 enim
1802 4493 2003 4542 sermo,
2039 4478 2155 4532 sive

2167 1862 2214 1919 Β

2230 620 2438 682 Παῦλος
2467 618 2560 671 καὶ
2588 619 2687 687 τῆς
2724 616 2981 686 ἀληθείας
3026 616 3481 684 ἐπισφραγίζεται
3516 617 3832 685 κήρυγμα.

2229 711 2340 763 Καὶ
2379 712 2441 762 τὸ
2483 711 2684 779 ἄχυρον
2739 708 2794 760 δὲ
2846 708 2873 760 ὃ
2922 707 3031 760 τῶν
3097 707 3440 777 ἁμαρτωλῶν
3495 708 3688 777 μηνύει
3760 704 3839 755 τὸ

2230 803 2523 871 ἄχρηστον,
2581 801 2697 863 πῶς
2761 800 2925 852 πάλιν
2980 798 3060 869 τῷ
3108 800 3389 869 πλάσματι
3433 799 3839 870 παραδίδωσιν

2231 898 2310 955 εἰς
2356 894 2578 945 κόλασιν
2626 893 2719 945 τοῦ
2747 891 2973 962 Ἐχθροῦ
3003 911 3017 958 ;
3047 893 3181 961 πυρὶ
3212 893 3321 963 γὰρ
3366 890 3613 960 ἀσϐέστῳ
3668 889 3840 957 φησὶ

2234 984 2645 1038 κατακαίεσθαι.
2686 985 2793 1036 Καὶ
2851 983 2962 1045 πῶς
3012 979 3145 1052 ἦλθε
3186 982 3296 1051 πῦρ
3348 982 3529 1052 βαλεῖν
3573 983 3667 1034 ἐπὶ
3706 981 3841 1049 τὴν

2233 1076 2336 1145 γῆν
2368 1078 2394 1127 ό
2421 1074 2753 1144 καθαιρέτης
2795 1073 2890 1126 τοῦ
2933 1073 3186 1143 Ἐχθροῦ,
3220 1073 3281 1126 τὸ
3315 1074 3474 1144 ἔργον
3524 1072 3846 1126 πλατύνων

2237 1167 2332 1217 καὶ
2351 1164 2529 1231 αὔξων
2562 1164 2658 1217 τοῦ
2682 1165 2910 1233 Ἐχθροῦ
2938 1181 2952 1228 ;
2994 1166 3110 1227 πῶς
3142 1165 3198 1217 δὲ
3232 1166 3325 1217 καὶ
3373 1164 3698 1234 ἡτοίμασται
3744 1163 3847 1232 τῷ

2234 1256 2463 1325 διασόλῳ
2492 1256 2552 1308 τὸ
2591 1256 2723 1326 πῦρ,
2755 1257 2803 1307 εί
2836 1256 3041 1318 ἐκεῖνός
3080 1259 3230 1308 ἐστιν
3262 1257 3291 1308 ὁ
3317 1255 3508 1308 τούτου
3542 1256 3843 1325 δημιουρ-

2236 1348 2371 1415 γός;
2408 1349 2481 1399 Oti
2534 1349 2641 1416 γὰρ
2666 1346 2828 1410 αὐτὸς
2857 1347 3037 1416 ἑαυτῷ
3080 1347 3178 1417 τὴν
3230 1347 3473 1418 τιμωρὸν
3522 1348 3849 1416 ὑφίστησιν

2235 1439 2392 1508 δίκην
2428 1438 2561 1508 (99).
2602 1438 2812 1501 ’Λλλως
2864 1439 2941 1500 δὲ,
3000 1440 3047 1489 εί
3091 1439 3165 1508 μὴ
3218 1439 3277 1490 τὸ
3305 1440 3439 1509 πῦρ,
3489 1439 3563 1502 ὡς
3611 1438 3849 1500 ἔοικεν,

2238 1533 2540 1599 ύπέστησεν
2564 1532 2591 1583 ὁ
2618 1531 2864 1601 Ἐχθρὸς,
2899 1531 3024 1583 οὔτε
3054 1533 3122 1584 δι’
3152 1528 3210 1585 οῦ
3240 1532 3367 1595 τοὺς
3400 1534 3848 1603 άνεπιστρόςρως

2240 1624 2653 1693 ἁμαρτάνοντας
2694 1624 2936 1687 κολάσει,
2973 1622 3098 1675 οὔτε
3151 1624 3315 1677 αὐτὸν
3348 1625 3553 1695 σπορέα
3584 1624 3694 1677 τῶν
3732 1625 3809 1688 ξι
3832 1653 3848 1663 ο

2240 1714 2459 1779 ζανίων,
2501 1712 2565 1767 δι’
2597 1708 2658 1767 οῦ
2687 1714 2783 1784 τὴν
2838 1715 3051 1768 δικαίαν
3094 1716 3449 1784 εἰσπράξεται
3485 1717 3660 1787 δίκην.
3700 1716 3851 1769 Καὶ

2244 1807 2384 1858 πόσα
2408 1806 2473 1859 άν
2495 1823 2579 1868 τις
2601 1806 3052 1877 ἀπαριθμήσαιτο
3093 1809 3319 1860 τοιαῦτα
3340 1826 3354 1874 ;

2318 1914 2400 1970 H'.
2450 1915 2591 1969 Ἀλλ’
2623 1917 2779 1986 εἰπερ
2823 1916 2962 1988 ὼςή
3018 1919 3335 1988 βλάσφημος
3393 1919 3488 1971 καὶ
3548 1919 3849 1991 δυσσεϐὴς

2246 2006 2571 2078 θρασύνεται
2616 2008 2857 2075 γλῶσσα,
2892 2010 2960 2060 τά
2995 2010 3212 2076 ὲπίγεια
3272 2012 3368 2061 τοῦ
3404 2009 3671 2079 Πονηροῦ,
3701 2012 3848 2072 πῶς·

2244 2101 2393 2166 λέγει
2428 2099 2565 2151 αύτὰ
2594 2099 2697 2151 ἴδια
2723 2102 2750 2151 ὁ
2775 2100 2952 2161 κοινὸς
2980 2100 3135 2169 ἡμῶν
3153 2101 3431 2169 Δεσπότης
3462 2102 3555 2153 καὶ
3582 2103 3795 2174 Σωτήρ
3822 2121 3843 2168 ;

2245 2196 2348 2257 Εἰς
2382 2195 2454 2249 τὰ
2496 2194 2617 2247 ἴδια
2642 2195 2752 2263 γὰρ
2782 2192 2948 2262 ἦλθε,
2978 2197 3130 2264 φησι,
3161 2195 3257 2248 καὶ
3289 2198 3343 2249 οἱ
3368 2196 3504 2249 ἴδιοι
3528 2198 3717 2250 auter
3743 2201 3843 2250 οὐ

2246 2285 2614 2353 παρέλαϐον.
2669 2288 2726 2338 Εἰ
2752 2286 2808 2337 δὲ
2827 2285 3033 2353 λέγοιεν
3058 2288 3107 2339 οἱ
3130 2288 3453 2349 ἀποστάται,
3476 2286 3582 2341 tota.
3614 2289 3713 2357 μὲν
3737 2283 3843 2340 εἷ-

2244 2394 2333 2429 ναι
2357 2379 2483 2439 τοὺς
2514 2379 2882 2446 προφητικοὺς
2904 2378 3091 2444 λόγους
3115 2380 3210 2447 (l),
3240 2381 3413 2431 ἐλθεῖν
3439 2380 3494 2432 δὲ
3514 2382 3589 2441 είς
3621 2383 3841 2443 αὐτοὺς

2244 2466 2334 2518 τὸν
2362 2467 2614 2535 Χριστὸν,
2647 2468 2887 2531 ἐκείνους
2934 2468 2988 2520 δὲ
3028 2470 3215 2520 ττιῦτον
3252 2470 3327 2540 μὴ
3369 2470 3785 2539 παραδέξασθαι
3820 2490 3839 2503 ο

2245 2560 2345 2628 ὅρα
2390 2560 2487 2628 τὴν
2521 2559 2967 2629 ὑπερϐάλλουσαν
3018 2560 3205 2612 αὐτῶν
3262 2562 3448 2615 ἄνοιαν
3514 2564 3609 2615 καὶ
3658 2566 3844 2615 ἀναι-

2248 2649 2521 2719 σχυντίαν.
2555 2649 2775 2720 Πρῶτον
2809 2649 2909 2718 μὲν
2944 2649 3059 2713 πῶς
3096 2649 3315 2716 λέγουσι
3359 2651 3485 2713 τοὺς
3554 2669 3842 2721 προφητι-
3940 2695 3959 2705 -

2245 2738 2375 2799 κοῦς
2397 2737 2586 2801 λόγους
2640 2737 2803 2800 ἰδίους
2840 2732 2979 2789 εἶναι
3024 2736 3120 2789 τοῦ
3157 2735 3420 2807 Χριστοῦ,
3460 2736 3658 2799 αὐτοὺς
3694 2737 3838 2800 τοὺς

2246 2828 2533 2897 προφήτας
2559 2826 2811 2895 λέγοντες
2862 2826 3088 2896 πλάσμα
3115 2844 3174 2879 τε
3215 2823 3355 2880 εἶναι
3391 2828 3484 2880 καὶ
3532 2829 3842 2881 ἐπίπνοιαν

2245 2917 2495 2987 δέχεσθαι
2524 2918 2619 2971 τοῦ
2651 2919 2933 2989 Πονηροῦς
2995 2920 3259 2991 Δεύτερον
3288 2921 3368 2984 δὲ,
3415 2921 3530 2983 πῶς
3579 2923 3658 2984 είς
3698 2923 3840 2985 τοὺς

2250 3013 2622 3080 προφητικοὺς
2652 3011 2844 3078 λόγους
2879 3007 3043 3083 ἦλθεν
3083 3015 3111 3065 ὁ
3155 3013 3429 3084 Χριστός;
3462 3013 3684 3085 Πρῶτον
3726 3015 3838 3083 μὲν

2247 3103 2357 3169 γὰρ
2395 3101 2475 3163 είς
2506 3100 2822 3172 ἀλλοτρίους
2866 3098 3025 3171 ἦλθε,
3059 3103 3201 3155 κατά
3244 3103 3334 3155 τὸν
3380 3103 3603 3156 ἐκείνων
3633 3102 3788 3171 λόγον
3815 3119 3833 3131 ο

2247 3192 2529 3263 ἀλλότριον
2603 3194 2711 3262 γὰρ
2752 3193 2801 3245 oi
2850 3196 3180 3265 προφητικοὶ
3227 3194 3397 3262 λόγοι,
3429 3195 3505 3257 ὡς
3552 3195 3611 3259 ἐξ
3666 3195 3837 3247 ἀλλος

2245 3284 2397 3354 τρίου
2429 3285 2821 3355 ὲμπνεόμενοι,
2872 3287 2967 3341 καὶ
2997 3288 3097 3339 οὐκ
3154 3290 3217 3340 ὲκ
3259 3288 3353 3340 τοῦ
3387 3287 3598 3351 ἀγαθοῦ
3667 3288 3833 3341 Θεοῦ.

2212 3420 2216 3425 .
2249 3378 2478 3430 Ἔπειτα
2506 3378 2561 3430 δὲ
2596 3378 2714 3441 πῶς
2743 3377 2995 3432 δύνανται
3026 3380 3163 3442 ὅλως
3196 3379 3317 3432 ἴδιοι
3339 3375 3480 3432 εἶναι
3522 3382 3569 3431 οί
3608 3398 3838 3451 προφη-

2244 3471 2386 3522 τικοὶ
2402 3470 2548 3537 λόγοι
2582 3469 2675 3522 τοῦ
2702 3470 2956 3539 Χριστοῦ,
2990 3471 3186 3533 οἵτινες
3204 3472 3302 3524 οὐκ
3332 3472 3581 3537 ἐδέξαντο
3609 3472 3776 3524 αὐτόν
3801 3488 3821 3535 ;

2245 3563 2409 3629 Λέγει
2435 3563 2563 3632 γὰρ,
2609 3564 2714 3627 Εἰς
2741 3563 2811 3615 τὰ
2839 3561 2963 3617 ἴδια
3012 3560 3181 3631 ἦλθε,
3228 3563 3328 3615 καὶ
3365 3566 3416 3616 οἱ
3458 3564 3594 3616 ἴδιοι
3641 3564 3839 3616 αὐτόν

2247 3656 2319 3707 οὐ
2349 3654 2707 3722 παρέλαϐον.
2771 3655 2893 3706 Ἐτι
2949 3654 3005 3706 δὲ
3058 3655 3208 3717 τίνας
3264 3655 3466 3707 ἔδωκεν
3512 3657 3541 3708 ὁ
3590 3655 3835 3726 Χριστὸς

2248 3747 2497 3810 ἐξουσίαν
2528 3748 2694 3799 τέκνα
2722 3746 2859 3799 Θεοῦ
2894 3748 3184 3815 γενέσθαις
3238 3744 3345 3818 ἆρα
3397 3750 3522 3811 τοὺς
3551 3764 3827 3816 προφητι-

2250 3840 2380 3899 κοὺς
2402 3839 2765 3905 λόγουςς;1(αἳ¹
2805 3838 2923 3902 πῶς
2969 3840 3030 3891 ού
3071 3840 3280 3909 μακρὸς
3328 3840 3492 3908 λῆρος
3523 3841 3720 3904 τοῦτο;
3763 3841 3828 3891 υἱ

2250 3931 2398 3998 λόγοι
2429 3932 2559 4000 γὰρ,
2599 3932 2647 3983 εί
2696 3931 2793 4000 μὲν
2835 3932 2899 3985 ὲκ
2929 3931 3064 3984 Θεοῦ
3092 3934 3253 3995 εἰσιν,
3283 3933 3509 3986 αὐτόθεν
3555 3931 3738 4001 ἔχουσι
3771 3932 3835 3985 τὸ

2254 4022 2394 4075 εἶναι
2431 4024 2625 4075 οἰκεῖοι
2666 4022 2837 4075 Θεοῦ·
2867 4025 2915 4075 εἰ
2965 4024 3022 4076 δὲ
3065 4026 3314 4095 πονηροὶ.
3362 4025 3479 4087 πῶς
3526 4023 3591 4077 ἂν
3624 4041 3832 4077 τεκνω-

2255 4115 2401 4166 θεῖεν
2429 4114 2588 4184 ﬂed);
2624 4115 2743 4167 Ἔτι
2788 4114 2867 4179 δὲ,
2918 4118 3069 4178 ποῖος
3120 4117 3221 4185 μὲν
3272 4116 3428 4183 λόγος
3486 4116 3830 4189 προφητικὸς

2255 4206 2315 4271 ἐξ
2353 4207 2601 4276 αἱμάτων
2637 4208 2733 4260 καὶ
2756 4208 2818 4260 ἐκ
2841 4207 3147 4277 θελήματος
3181 4210 3392 4281 ἀνδρὸς,
3430 4211 3525 4261 καὶ
3569 4211 3632 4260 ὲκ
3673 4208 3830 4275 θελή-

2260 4316 2427 4368 ματος
2463 4300 2664 4369 σαρκδς
2695 4301 2997 4370 ὲγεννήθη;
3043 4302 3268 4369 Ἐπάγει
3304 4302 3410 4371 γάρ
3437 4318 3451 4332 ο
3488 4302 3556 4354 Οἳ
3590 4304 3703 4355 οὐκ
3762 4300 3830 4364 ἐξ

2254 4390 2539 4458 αἱμάτων,
2570 4392 2713 4443 οὐδὲ
2749 4392 2817 4443 ἐκ
2865 4393 3199 4461 θελήματος
3258 4393 3498 4461 ἀνδρὸς,
3574 4394 3717 4447 οὐδὲ
3764 4393 3830 4445 ἐκ

2258 4481 2592 4550 θελήματος
2610 4481 2859 4549 σαρκὸς,
2885 4482 3023 4536 ἀλλ’
3080 4484 3147 4536 ὲκ
3202 4482 3351 4537 Θεοῦ
3385 4484 3829 4552 ἐγεννήθησαν.

578 4569 779 4637 bonus,
804 4571 919 4625 sive
946 4572 1143 4637 malus,
1171 4572 1285 4626 sive
1316 4586 1504 4636 verus,
1537 4571 1655 4626 sive
1675 4570 1845 4625 falsus
1860 4570 1952 4636 sit,
1982 4570 2098 4624 sive
2125 4584 2144 4623 ε

2263 4573 2419 4634 Τίνες
2447 4568 2541 4625 οῦν
2566 4574 2615 4625 οἱ
2651 4573 2708 4639 ἐξ
2763 4575 3015 4645 αἱμάτων
3069 4576 3459 4644 γεγεννημένοι
3511 4575 3701 4641 λόγοι;
3741 4572 3829 4625 καὶ

577 4663 745 4723 bono,
786 4664 898 4718 sive
927 4681 956 4718 a
990 4664 1131 4718 malo
1156 4664 1266 4718 Deo
1296 4664 1701 4733 proﬁciscatur,
1750 4676 1899 4717 certe
1929 4678 1997 4717 ex
2028 4677 2157 4717 san-

576 4755 853 4825 guinibus,
875 4755 1124 4825 quamvis
1152 4755 1522 4824 maximopere
1573 4754 1854 4809 insaniant
1878 4755 2148 4822 ejusmodi

576 4862 665 4902 res
689 4848 1053 4918 proferentes,
1076 4857 1240 4903 natus
1263 4848 1495 4903 dicetur.
1529 4846 1717 4916 Itaque
1742 4846 1797 4900 in
1833 4846 1923 4899 his
1940 4846 2153 4899 Domini

575 4940 758 4994 verbis
775 4941 1083 5011 prophetici
1103 4956 1387 4995 sermones
1412 4940 1623 4994 nullum
1638 4941 1816 4994 locum
1842 4939 2151 4993 inveniunt.

579 5028 686 5085 Sed
711 5034 929 5101 propria
957 5033 1030 5087 ibi
1063 5032 1297 5101 appellat
1328 5033 1593 5087 mundum
1616 5070 1632 5095 ,
1662 5031 1805 5085 sicut
1833 5040 1889 5085 et
1928 5030 2054 5084 alibi
2086 5031 2154 5084 ad

577 5119 875 5190 discipulos
907 5137 1034 5177 suos
1055 5123 1169 5176 ait:
1203 5122 1336 5177 Ecce
1368 5123 1507 5176 venit
1536 5124 1687 5187 hora,
1720 5131 1768 5174 et
1780 5122 1901 5191 jam
1923 5122 2061 5175 venit
2082 5129 2138 5173 ut

578 5212 947 5282 disperguntur
973 5213 1168 5284 singuli
1195 5214 1253 5267 in
1293 5230 1395 5267 sua
1434 5214 1506 5267 ³⁸.
1538 5214 1669 5279 Qua:
1721 5214 1887 5283 igitur
1939 5212 2012 5266 ibi
2060 5227 2157 5266 sua

676 5339 721 5370 ’⁵
750 5339 881 5395 Luc.
951 5342 1170 5405 "1,17.
1280 5342 1325 5375 '°
1346 5342 1480 5397 Luc.
1536 5358 1629 5407 xu,
1684 5342 1772 5397 49.

578 5424 690 5474 Ivt,
723 5410 813 5463 δὲ.

1887 5342 1931 5374 ’τ
1967 5341 2157 5396 Matth.
2217 5360 2341 5409 xxv,
2394 5344 2485 5397 Η.

2252 4662 2396 4725 τινες
2441 4664 2491 4715 οἱ
2541 4665 2655 4733 μή;
2688 4664 2875 4727 Οὐδεὶς
2907 4666 3014 4736 γὰρ
3047 4665 3224 4733 λόγος.
3262 4664 3385 4717 οὔτε
3424 4665 3654 4732 ἀγαθὸς,
3708 4664 3831 4716 οὔτε

2254 4753 2512 4823 πονηρὸς,
2544 4753 2657 4806 ἀλλ’
2681 4752 2804 4806 οὔτε
2830 4754 3059 4824 ἀληθὴς,
3097 4753 3221 4807 οὔτε
3264 4740 3483 4823 eadem,
3516 4754 3620 4806 κᾶν
3646 4756 3709 4805 ἐκ
3740 4752 3832 4805 τοῦ

2253 4844 2460 4911 ἀγαθοῦ
2490 4846 2625 4898 Θεοῦ
2659 4847 2929 4917 πρόεισιν,
2955 4845 3058 4899 κᾶν
3104 4848 3168 4898 ἐκ
3203 4844 3297 4898 τοῦ
3326 4845 3586 4916 πονηροῦ,
3639 4848 3701 4898 ού
3738 4863 3831 4913 μευ

2253 4936 2377 4988 νοῦν
2408 4936 2465 5001 ἐξ
2494 4938 2764 5006 αἱμάτων,
2829 4940 2878 4991 εἰ
2930 4940 3025 4991 καὶ
3077 4938 3239 4991 πλέον
3299 4940 3537 5007 μανῶσιν
3573 4940 3622 4991 οἱ
3659 4939 3832 4992 ταῦτα

2254 5029 2527 5098 λέγοντες,
2559 5032 2640 5093 [ob
2686 5032 3036 5102 γεγέννηται.
3086 5032 3251 5085 Ὥστε
3282 5033 3468 5103 χώραν
3526 5036 3583 5086 ἐν
3627 5034 3832 5093 τούτοις

2253 5124 2368 5185 τοῖς
2403 5126 2754 5187 Δεσποτικοῖς
2798 5126 3041 5193 ῥήμασιν
3092 5125 3346 5194 οὐδεμίαν
3400 5126 3448 5176 οί
3494 5124 3831 5194 προφητικοὶ

2252 5214 2400 5283 λόγοι
2430 5214 2823 5284 λαμϐάνουσιν.
2882 5215 3024 5269 Ἀλλ’
3077 5216 3183 5269 ἴδια
3228 5217 3329 5287 μὲν
3374 5217 3530 5269 καλεῖ
3583 5216 3672 5268 τὸν
3734 5216 3823 5268 κό-

2599 5345 2642 5375 ¹⁸
2692 5338 2849 5399 Joan.
2904 5362 2942 5413 I,
2980 5346 3066 5399 Η.
3182 5346 3227 5378 ³⁸
3257 5346 3387 5401 ibid.
3431 5348 3519 5401 50.
3597 5346 3641 5377 ³⁸⁵
3672 5344 3828 5399 Joan.

1655 5526 1886 5583 VARUE
1940 5524 2322 5580 LECTIONES
2360 5524 2448 5579 ΕΤ
2479 5526 2714 5581 NOTAE.

651 5656 763 5731 (99)
792 5658 991 5731 ᾼίκῃν.
1012 5659 1089 5712 Ita
1112 5675 1329 5731 quoque
1350 5671 1763 5731 argumentatur
1786 5661 1963 5720 Titus,
1999 5660 2091 5731 lib.
2114 5675 2153 5721 ι,

582 5728 724 5796 apud
762 5729 831 5782 cl.
893 5728 1141 5798 Basnag.’
1175 5728 1346 5798 p.’85
1375 5749 1388 5783 :
1418 5728 1589 5784 ’Ἰδοὺ
1628 5734 1690 5782 τὸ
1736 5732 1845 5798 πῦρ
1903 5729 2064 5783 ἑαυτὸ
2093 5731 2153 5782 οὐ

583 5798 752 5852 καίει’
788 5799 972 5868 ἕτερον
998 5802 1107 5869 γάρ
1133 5802 1229 5852 καὶ
1264 5802 1361 5868 οὐχ
1400 5803 1560 5853 ἑαυτῆ
1582 5802 1869 5855 ἀναλώσει.

660 5868 737 5937 (1)
770 5868 1176 5939 "mmmam
1234 5871 1480 5940 λόγους.
1540 5869 1679 5925 Hinc
1731 5881 1877 5925 recte
1936 5872 2158 5942 colligas

2254 5658 2507 5716 homines
2530 5662 2830 5717 infrunitos
2855 5663 2923 5715 τά
2955 5662 3064 5717 ῐδια
3108 5664 3163 5717 in
3185 5673 3293 5718 tam
3336 5664 3575 5717 alienum
3608 5679 3828 5717 sensum

2253 5730 2589 5855 (detorquere
2622 5735 2835 5798 solitos,
2864 5748 3029 5803 quem
3058 5735 3147 5789 vix
3170 5735 3492 5789 somniando
3521 5736 3644 5804 quis
3699 5751 3828 5804 pro-

2291 5812 2417 5855 am.

2291 5812 2417 5855 ατη.
