4110 6424
199 415 263 476 sq
1258 404 1561 466 CONTRA
1599 397 2061 462 MANICHIEOS
2093 396 2326 459 LIBER
2363 397 2413 456 Ι.
3381 406 3457 470 98

192 531 342 587 βμον
359 515 458 585 (2),
491 513 568 576 ὥς
593 529 696 565 που
729 511 824 566 καὶ
857 511 1093 582 ἀλλαχοῦ
1127 527 1260 582 φησι
1285 511 1424 583 πρὸς
1449 511 1577 573 τοὺς
1603 510 1770 582 μαθη-

1881 505 2080 562 vocat?
2129 522 2258 561 num
2293 518 2574 562 sermones
2611 505 3004 576 propheticus?
3035 523 3104 563 an
3151 513 3457 581 possessio-

195 609 322 673 τὰς·
374 606 523 665 Ἰδοὺ
548 606 786 674 ἔρχεται
817 603 958 674 ὥρα,
1017 605 1116 660 καὶ
1159 604 1277 660 νῦν
1325 603 1652 670 ἐλήλυθεν,
1676 604 1770 657 ἵνα

1877 613 2003 652 nem
2033 604 2090 652 et
2117 599 2340 654 domum
2378 597 2679 667 cujusque?
2719 597 2873 654 Sicut
2911 601 3079 672 igitur
3116 602 3186 656 ibi
3218 621 3316 658 sua
3367 607 3460 676 (τὰ

197 694 626 766 σκορπισθῆτε,
655 696 914 762 ἕκαστος
939 699 1026 761 είς
1053 695 1127 749 τὰ
1161 695 1302 747 ἴδια.
1334 696 1470 747 Ποῖα
1520 690 1615 748 οὖν
1669 694 1770 746 ἴδια

1879 689 2003 759 tota)
2033 701 2196 760 prout
2218 691 2291 744 illi
2317 690 2536 760 quidem
2563 700 2877 761 nugantur,
2921 708 3033 747 non
3063 695 3303 764 appellat
3335 712 3457 752 ser-

196 790 342 857 λέγει
373 787 643 853 ὲνταῦθα;
694 783 806 858 ἆρα
855 788 983 852 τοὺς
1039 787 1417 858 προφητικοὺς
1456 786 1686 853 λόγουςς
1741 785 1770 854 ἢ

1877 797 2069 836 mones
2092 784 2464 854 propheticos,
2494 783 2593 839 sed
2617 785 2895 854 propriam
2923 787 3192 856 cujusque
3230 789 3454 844 domum

193 878 444 949 δηλονότι
497 877 558 930 τὸ
613 877 796 946 κτῆμα
833 876 929 928 καὶ
975 875 1076 944 τὴν
1148 873 1434 928 κατοικίαν
1509 873 1772 937 ὲκάστου;

197 972 412 1038 Ὠσπερ
441 966 536 1024 οὖν
566 969 803 1024 ἐνταῦθα
845 970 954 1024 ίδια
1007 969 1129 1039 οὐχὶ
1184 969 1328 1021 κατὰ
1357 968 1450 1020 τὸν
1492 965 1776 1036 μεμηνότα

192 1062 360 1131 λῆρον
402 1064 528 1124 τοὺς
600 1060 975 1132 προφητικοὺς
1028 1060 1220 1128 λόγους
1279 1059 1452 1127 λέγει,
1517 1057 1654 1112 ἀλλὰ
1713 1057 1775 1110 τὸ

190 1154 427 1208 ἑκάστου
490 1153 679 1222 κτῆμα
735 1153 829 1206 καὶ
883 1152 985 1222 τὴν
1041 1153 1181 1207 ίδίαν
1225 1154 1405 1207 οἰκίαν
1462 1150 1628 1204 οὓτω·
1677 1149 1775 1204 καὶ

192 1247 419 1300 ἐπειδὰν
439 1247 595 1317 λέγῃ·
631 1249 735 1313 Είς
756 1247 828 1300 τὰ
864 1246 987 1299 ιδια
1007 1242 1176 1318 ἦλθε,
1208 1246 1306 1300 καὶ
1340 1249 1394 1300 οὶ
1415 1245 1556 1299 ἴδιοι
1584 1244 1776 1300 αὐτὸν

186 1340 259 1392 οὐ
292 1340 666 1406 παρέλαϐον,
696 1339 802 1392 ἴδια
829 1340 931 1410 μὲν
955 1340 1045 1394 τὸν
1069 1339 1328 1410 αἰσθητὸν
1369 1342 1576 1410 κόσμον
1600 1339 1770 1406 λέγει·

188 1431 377 1498 κτῆμα
410 1431 520 1501 γὰρ
557 1430 725 1484 αὐτοῦ
776 1431 870 1484 καὶ
905 1431 1118 1502 ποίημα
1174 1425 1365 1494 οὗτος·
1401 1429 1667 1493 ὡσαύτως
1717 1429 1774 1482 δὲ

188 1520 281 1578 καὶ
307 1523 364 1572 οἱ
391 1522 450 1572 ὲν
479 1521 648 1590 αὐτῷ,
699 1515 774 1574 ὧν
825 1523 873 1576 oi
905 1525 1034 1591 ιμὲν
1082 1523 1394 1596 παρέλαϐον
1452 1520 1621 1578 αὑτοῦ
1673 1520 1772 1594 τὴν

187 1614 608 1682 μυσταγωγίαν,
656 1617 704 1668 oi
738 1616 795 1670 δὲ
827 1615 909 1672 οὔ.
941 1618 1050 1674 Καὶ
1099 1616 1336 1688 ἀλλαχοῦ
1392 1615 1556 1670 πάλιν
1609 1615 1774 1677 αὐτὸς

186 1707 214 1756 ὁ
266 1706 482 1775 Ἰησοῦς
531 1710 560 1760 ό
621 1709 813 1780 Σωτὴρ
868 1709 1027 1780 ἡμῶν
1083 1710 1185 1780 τὴν
1247 1710 1385 1764 ἰδίαν
1429 1709 1771 1780 περιτρέχων

188 1796 449 1864 πατρίδα,
482 1797 576 1848 καὶ
631 1797 730 1866 τὴν
776 1798 960 1851 αἰτίαν
983 1799 1085 1866 τῆς
1116 1799 1452 1870 περιδρομῆς
1485 1798 1772 1859 ἀποδιδους

184 1887 537 1958 ἐμαρτύρησε
569 1887 765 1957 λέγων,
823 1890 905 1943 ὃτι
961 1890 1280 1960 Προφήτης
1307 1891 1378 1944 ἐν
1403 1889 1480 1958 τῇ
1512 1889 1630 1956 ίδίᾳ
1659 1902 1772 1942 πα·-

188 1978 337 2045 τρίδι
405 1979 586 2048 τιμὴν
638 1982 749 2033 οὐκ
797 1981 946 2050 ἔχει.
1012 1983 1259 2054 Φανερᾶς
1310 1983 1492 2036 τοίνυν
1536 1997 1770 2052 γεγενη-

190 2069 357 2138 μένης
434 2071 534 2141 τῆς
622 2072 806 2142 φωνῆς
877 2072 938 2137 ἐξ
1004 2073 1184 2126 αὐτῶν
1237 2073 1347 2126 τῶν
1404 2073 1772 2142 εύαγγελικῶν

189 2161 456 2230 ῥημάτων
487 2163 595 2230 τῆς.
614 2163 992 2234 σημαινούσης
1023 2165 1096 2217 τὰ
1119 2164 1261 2231 ἴδια,
1306 2167 1387 2218 ὅτι
1428 2165 1519 2218 τὸν
1567 2166 1771 2235 κόσμον

191 2257 280 2307 καὶ
304 2255 408 2325 τὴν
439 2257 501 2308 ὲν
556 2256 634 2324 τῷ
671 2257 864 2328 κόσμῳ
914 2259 1149 2330 πατρίδα
1188 2260 1220 2328 ἢ
1275 2260 1338 2314 τὸ
1368 2260 1553 2329 κτῆμα
1583 2258 1768 2330 δηλοῖ·

191 2349 304 2414 πῶς
342 2351 410 2404 ού
445 2355 726 2422 μεμήνασι
759 2355 1143 2427 φανερώτερον
1165 2357 1214 2409 oi
1238 2355 1377 2425 πρὸς
1430 2355 1632 2427 μύθους
1673 2357 1772 2408 καὶ

191 2438 389 2512 λήρους
439 2445 508 2497 τὰ
554 2442 695 2497 οὕτω
731 2449 1008 2516 περιφανῆ
1067 2447 1578 2518 καταστρέφοντες;
1648 2448 1771 2500 Τῶν

192 2532 316 2599 γοῦν
346 2535 696 2588 Δεσποτικῶν
749 2535 945 2604 λογίων
989 2538 1094 2590 ίδια
1149 2538 1250 2607 μὲν
1299 2538 1394 2591 τοῦ
1445 2537 1650 2608 Κυρίου
1679 2539 1770 2590 τὸν

193 2625 390 2695 κόσμον
421 2627 712 2694 λεγόντων,
762 2627 927 2692 ἰδίους
983 2628 1041 2682 δὲ
1094 2631 1224 2693 τοὺς
1281 2631 1338 2682 ὲν
1368 2628 1539 2698 αύτῷ,
1581 2627 1681 2684 κᾶν
1709 2645 1770 2680 τε

197 2714 386 2770 ἔλαϐον
421 2719 606 2783 αὑτὸν,
641 2719 745 2772 κᾶν
769 2735 829 2771 τε
963 2719 1034 2790 (oi
1075 2720 1171 2791 μὲν
1200 2721 1308 2791 γὰρ
1330 2719 1585 2783 λαϐόντες
1633 2720 1772 2789 μετὰ

198 2813 293 2865 τοῦ
328 2809 463 2869 εῖναι
521 2815 645 2869 tam
696 2815 772 2879 ὡς
839 2816 1126 2887 ποιήματα
1154 2811 1342 2881 αὐτοῦ,
1395 2817 1490 2869 καὶ
1534 2814 1771 2870 ἐτεκνώ-

200 2903 365 2976 θησαν
424 2907 595 2977 αὐτῷ,
649 2907 936 2978 δεξάμενοι
986 2907 1078 2960 τὸν
1129 2907 1226 2962 ἐπὶ
1271 2910 1340 2978 τῇ
1397 2905 1548 2976 σφῶν
1590 2907 1770 2960 αὐτῶν

195 2997 437 3069 σωτηρίᾳ
489 2998 942 3069 παραγεγονόταο
995 3000 1046 3053 οἱ
1102 2999 1161 3056 δὲ
1219 2998 1297 3070 μὴ
1356 2997 1770 3070 παραλαϐόντες

193 3085 369 3151 αὐτὸν,
405 3087 512 3140 κᾶν
544 3088 666 3142 ἴδιοι
690 3084 849 3155 ὦσιν,
905 3091 982 3154 ὡς
1025 3089 1254 3159 πλάσμα
1301 3090 1489 3154 αὑτοῦ,
1520 3089 1636 3144 ἀλλ’
1676 3085 1770 3143 οὖν

1876 881 1929 928 et
1953 872 2264 939 facultates,
2294 876 2367 930 ita
2396 883 2450 930 et
2474 917 2489 942 ,
2519 876 2742 945 quando
2767 878 2902 932 dixit
2927 896 2941 933 :
2990 877 3058 932 In
3085 895 3185 934 sua
3218 883 3377 948 venit,
3405 891 3458 935 et

1873 970 1958 1022 sui
1984 983 2088 1021 non
2110 978 2412 1036 receperunt
2441 985 2560 1023 eum
2582 1010 2598 1035 ,
2650 985 2747 1024 sua
2775 970 2996 1039 quidem
3021 973 3287 1028 mundum
3323 988 3456 1028 sen-

1876 1057 2089 1112 sibilem
2123 1065 2316 1123 vocat;
2357 1059 2632 1128 possessio
2660 1059 2804 1113 enim
2847 1061 2966 1131 ejus
2995 1071 3051 1117 et
3078 1074 3326 1119 creatura
3365 1065 3455 1120 ille

1874 1148 2166 1204 estzsicut
2189 1157 2243 1202 et
2267 1147 2391 1213 isti,
2438 1149 2532 1219 qui
2579 1149 2634 1202 in
2668 1163 2735 1204 eo
2769 1159 2917 1218 sunt,
2977 1161 3033 1207 et
3084 1168 3315 1221 quorum
3363 1155 3452 1209 alii

1875 1240 2176 1296 doctrinam
2197 1240 2319 1310 ejus
2345 1250 2690 1311 receperunt,
2725 1242 2815 1296 alii
2845 1245 3049 1300 minus.
3073 1245 3212 1300 Alibi
3235 1262 3456 1317 quoque

1874 1333 1992 1404 ipse
2021 1332 2181 1388 Jesus
2229 1333 2486 1388 Servator
2541 1342 2727 1388 noster
2765 1350 2918 1390 suam
2968 1325 3299 1392 cii-cumiens
3353 1354 3454 1408 pa-

1877 1425 2058 1489 triam,
2086 1434 2249 1496 atque
2279 1425 2442 1494 hujus
2487 1425 2571 1480 sui
2602 1425 2839 1480 instituti
2890 1428 3154 1484 rationem
3203 1430 3454 1485 redditu-

1874 1533 1987 1582 rus,
2022 1527 2250 1573 testatus
2283 1526 2370 1574 est
2429 1518 2656 1573 dicens:
2723 1517 2992 1588 Propheta
3024 1521 3078 1574 in
3125 1523 3304 1590 patria
3352 1539 3452 1577 sua

1873 1610 2126 1664 honorem
2160 1627 2264 1666 non
2293 1610 2443 1666 habet
2491 1611 2557 1666 υ.
2604 1611 2740 1666 Cum
2791 1613 2973 1683 itaque
3021 1613 3188 1668 dictio
3240 1616 3358 1670 haec
3385 1631 3453 1670 ex

1875 1701 2012 1771 ipsis
2035 1700 2310 1772 Evangelii
2337 1703 2523 1758 verbis
2553 1703 2625 1758 ita
2661 1705 2929 1760 illustrata
2972 1707 3062 1770 sit,
3091 1712 3152 1760 nt
3183 1721 3282 1775 per
3327 1724 3454 1775 pro.-

1874 1792 1994 1861 pria
2023 1793 2289 1846 mundum
2313 1832 2328 1856 ,
2361 1802 2413 1848 et
2450 1809 2570 1862 qua:
2610 1795 2666 1849 in
2701 1810 2770 1850 eo
2797 1804 2918 1862 est,
2953 1797 3183 1865 patriam
3220 1798 3452 1852 indicari

1872 1893 2168 1954 appareat;
2195 1899 2380 1944 nonne
2410 1884 2698 1940 manifeste
2721 1886 3022 1953 insaniunt,
3054 1889 3148 1957 qui
3175 1899 3281 1944 tam
3306 1891 3452 1944 clara

1873 1976 2092 2030 oracula
2125 1978 2192 2031 ad
2225 1977 2458 2047 ineptias
2485 1988 2542 2032 et
2567 1993 2739 2049 nugas
2772 1979 3154 2036 transferunt?
3179 1981 3451 2048 Quoniam

1873 2067 2042 2138 igitur
2067 2069 2280 2124 Domini
2307 2069 2472 2126 verba
2523 2070 2743 2140 prepria
2773 2071 2989 2128 Domini
3045 2075 3313 2129 mundum
3353 2091 3452 2129 vo-

1871 2171 2023 2227 cant,
2050 2163 2302 2233 proprios
2324 2179 2454 2218 vero
2479 2164 2620 2233 ejus,
2652 2164 2744 2234 qui
2785 2165 2840 2218 in
2875 2183 2942 2222 eo
2971 2175 3118 2234 sunt,
3149 2169 3263 2222 sive
3293 2183 3448 2223 rece-

1871 2254 2056 2323 perint
2077 2269 2223 2319 eum,
2257 2254 2372 2308 sive
2400 2255 2584 2310 minus
2610 2259 2758 2325 (nam
2788 2259 2881 2326 qui
2912 2267 3257 2329 receperunt,
3295 2269 3451 2329 post.

1871 2361 2056 2414 quam,
2083 2354 2142 2400 ut
2162 2355 2448 2411 creaturae,
2478 2347 2596 2418 ejus
2615 2347 2727 2416 jam
2754 2348 2990 2414 fuerant,
3017 2349 3181 2402 etiam
3205 2349 3299 2404 lilii
3330 2349 3450 2418 ejus

1871 2440 2050 2497 effecti
2081 2449 2230 2503 sunt,
2256 2455 2418 2509 quam
2451 2441 2689 2510 primum
2722 2455 2846 2493 eum
2869 2477 2884 2502 ,
2929 2441 3020 2510 qui
3074 2442 3266 2496 salutis
3298 2442 3450 2511 ipso.

1872 2549 1992 2586 rum
2018 2547 2179 2586 causa
2205 2541 2448 2597 venerat,
2487 2530 2724 2600 amplexi
2749 2540 2913 2586 sunt:
2945 2533 3038 2602 qui
3065 2549 3195 2587 vero
3217 2549 3329 2587 non
3364 2549 3450 2589 reo

1871 2631 2157 2691 ceperunt,
2188 2622 2436 2692 quamvis
2473 2621 2682 2693 proprii
2720 2622 2854 2684 sint,
2886 2629 3146 2692 tanquam
3193 2630 3449 2678 creatura

1870 2714 2012 2782 ejus,
2049 2713 2149 2777 illi,
2182 2728 2290 2766 non
2349 2712 2699 2782 recipientes,
2762 2712 2974 2783 seipsos
2999 2714 3262 2785 dignitate
3309 2713 3452 2770 ﬁlio-

1871 2821 1992 2859 rum
2045 2803 2410 2876 spiritualium
2456 2804 2787 2874 privarunt),
2821 2805 3078 2874 quoniam
3112 2846 3126 2870 ,
3187 2808 3408 2876 inquam
3432 2848 3451 2875 ,

1871 2898 2183 2967 evangelica
2231 2896 2397 2951 verba
2438 2898 2655 2966 prapria
2689 2905 2740 2950 et
2782 2898 3022 2966 proprios
3068 2897 3142 2950 ita
3183 2898 3454 2968 interpre-

1873 2996 2076 3052 tantur,
2107 2989 2383 3059 quomodo
2411 3004 2519 3043 non
2541 2988 2941 3044 ahominandus
2956 2997 3039 3044 est
3057 3004 3246 3046 eorum
3272 3007 3450 3058 error,

1871 3081 1964 3149 qui
1997 3081 2158 3135 aliam
2189 3082 2470 3136 notionem
2502 3082 2684 3137 verbis
2730 3082 3073 3151 subjiciunt?
3102 3083 3262 3147 Quod
3321 3099 3452 3139 vero

192 3178 250 3228 ού
280 3179 717 3250 παραδεξάμενοι
743 3182 928 3245 αὐτὸν,
959 3183 1058 3251 τῆς
1088 3181 1350 3250 δευτέρας
1398 3182 1491 3236 καὶ
1525 3199 1769 3252 πνευμα-

1873 3177 2087 3244 propria
2121 3177 2384 3230 mundum
2427 3187 2602 3245 vocet,
2639 3179 2766 3234 inde
2797 3179 2963 3234 etiam
2993 3179 3294 3236 clarissime
3329 3197 3454 3252 per-

193 3269 348 3339 τιιιῆς
387 3271 663 3334 υἱοθεσίας
716 3272 1066 3336 ἅπεξένωσαν
1122 3272 1405 3344 ἑαυτούς)·
1445 3272 1589 3326 οὕτω
1637 3273 1770 3341 γοῦν

190 3359 299 3412 τῶν
330 3362 532 3430 λογίων
557 3363 622 3415 τὰ
653 3363 773 3416 ἴδια
807 3364 903 3417 καὶ
928 3366 1056 3427 τοὺς
1091 3364 1284 3432 ἰδίους
1329 3365 1767 3436 ὲρμηνευόντων,

193 3450 312 3515 πῶς
347 3454 408 3505 οὐ
434 3453 721 3522 βδελυκτδν
745 3455 847 3522 τῆς
878 3455 1093 3524 πλάνης
1125 3456 1310 3526 ἕτερόν
1343 3473 1395 3508 τι
1429 3459 1542 3519 τοῖς
1585 3458 1769 3527 ῥήμα-

193 3559 277 3595 σιν
303 3545 766 3615 ύποόαλλόμενοις
803 3547 926 3598 ’Ὁτι
971 3547 1025 3599 δὲ
1057 3547 1180 3600 ἴδια
1226 3547 1318 3599 τὸν
1373 3547 1577 3616 κόσμον
1610 3546 1766 3616 φησὶ,

192 3633 294 3687 καὶ
327 3637 389 3686 ὲκ
447 3637 653 3690 τούτων
712 3639 828 3691 ἔστι
889 3638 1076 3704 σαφῶς
1143 3641 1394 3707 συνορᾷν.
1453 3635 1574 3696 Ἦν
1634 3639 1767 3709 γὰρ,

192 3727 354 3794 φησὶ,
383 3728 450 3780 τὸ
480 3727 602 3796 φῶς
630 3729 698 3782 τὸ
733 3731 1047 3797 ἀληθινὸν,
1096 3729 1127 3782 ὃ
1167 3728 1400 3798 φωτίζει
1435 3728 1632 3782 πάντα
1663 3729 1769 3782 ἄν·

188 3820 432 3886 θρωπον
455 3819 782 3889 ἐρχόμενον
811 3825 894 3888 εἰς
923 3823 1032 3874 τὸν
1057 3823 1307 3890 κόσμον.
1343 3823 1504 3875 Ποῖον
1527 3823 1766 3891 κόσμονς

185 3909 437 3979 δηλονότι
500 3910 590 3963 τὸν
646 3912 925 3980 αἰσθητόν.
983 3913 1091 3964 Καὶ
1150 3914 1280 3964 πότε
1338 3912 1633 3980 ἐφώτισεν;
1682 3914 1769 3964 ὅτε

185 4003 574 4072 παραγέγονεν
624 4003 683 4056 ἐν
746 4003 913 4074 αὐτῷ.
973 4005 1111 4057 Πότε
1175 4004 1231 4056 δὲ
1276 4005 1662 4075 παραγέγονε;
1697 4006 1770 4056 Τὸ

185 4092 528 4162 Εὑαγγέλιον
767 4097 869 4149 Ἐν
920 4095 1000 4161 τῷ
1050 4097 1257 4165 κόσμῳ
1295 4097 1404 4165 γὰρ
1441 4095 1538 4166 ἦν,
1591 4099 1767 4166 φησί’

182 4186 412 4250 πάντως
439 4187 551 4257 γὰρ
574 4189 634 4240 ἐν
653 4186 729 4257 τῷ
760 4187 1004 4259 αἰσθητῷ
1022 4190 1214 4260 κόσμῳ
1248 4189 1324 4242 ὢν
1355 4190 1448 4243 τὸν
1474 4191 1770 4260 ἐρχόμενον

180 4280 263 4339 εἰς
293 4279 389 4330 τὸν
421 4279 682 4348 αἰσθητὸν
705 4280 909 4349 κόσμον
959 4280 1244 4350 ἐφώτιζεν.
1280 4278 1413 4336 Εἶτα
1456 4282 1602 4344 τίνος
1647 4279 1714 4353 ἦν
1741 4285 1770 4336 ό

180 4370 395 4438 κόσμος
429 4369 661 4440 ποίημα,
706 4373 764 4424 ὲν
790 4365 832 4436 ᾧ
853 4390 912 4425 τε
944 4373 1107 4436 αὐτὸς
1131 4368 1219 4443 ἦν,
1251 4374 1458 4427 καὶτὸν
1479 4374 1769 4444 ἐρχόμενον

179 4462 262 4524 είς
287 4461 455 4513 αὐτὸν
507 4463 585 4531 (5)
635 4463 920 4530 ἐφώτιζεν,
989 4466 1089 4516 οὐκ
1145 4463 1367 4517 ἄλλοθεν
1413 4464 1526 4516 ἔστι
1578 4464 1769 4534 μαθεῖν

1873 3268 2006 3337 spici
2056 3278 2258 3338 potest.
2317 3268 2453 3324 Erat
2501 3273 2680 3336 enim,
2737 3272 2962 3342 inquit,
3019 3273 3111 3328 lux
3156 3291 3300 3340 uera,
3336 3291 3455 3346 qua

1873 3360 2139 3414 illuminat
2189 3362 2450 3416 hominem
2504 3380 2710 3418 onmem
2793 3367 2847 3418 in
2917 3368 3174 3421 mundum
3240 3370 3454 3422 veniet:-

1873 3461 1974 3505 tem
2033 3452 2100 3507 ³’.
2161 3453 2336 3518 Quem
2408 3455 2589 3510 innuit
2653 3457 2966 3510 mundum?
3040 3458 3266 3512 omnino
3313 3474 3445 3513 sen-

1872 3542 2108 3598 sibilem.
2169 3543 2400 3609 Quando
2458 3561 2588 3600 vero
2637 3546 3003 3601 illuminavit?
3046 3563 3171 3602 cum
3217 3550 3272 3604 in
3323 3565 3452 3605 eum

1871 3634 2042 3688 venit.
2120 3635 2348 3700 Quando
2429 3651 2560 3688 vero
2626 3637 2832 3690 venit?
2905 3638 3262 3708 Evangelium
3337 3640 3451 3695 cla-

1869 3736 2021 3780 mat:
2085 3726 2150 3780 In
2222 3728 2416 3781 mundo
2469 3729 2607 3781 enim
2673 3739 2812 3795 erat,
2887 3730 3174 3799 inquiens;
3226 3733 3452 3788 omnino

1871 3817 2084 3870 enimin
2111 3819 2351 3873 sensibili
2377 3820 2580 3874 mundo
2599 3821 2878 3876 exsistens
2906 3823 3182 3877 hominem
3213 3824 3265 3876 in
3292 3841 3456 3878 mun-

1872 3907 1999 3961 dum
2031 3910 2344 3963 sensibilem
2385 3911 2694 3966 venientem
2727 3912 3070 3968 illuminavit.
3106 3912 3274 3968 Porro
3294 3916 3458 3985 cujus

1871 4001 2038 4056 fuerit
2095 4015 2345 4058 creatura
2398 4005 2656 4068 mundus,
2709 4005 2762 4058 in
2814 4022 2922 4076 quo
2979 4017 3034 4060 et
3075 4008 3192 4076 ipse
3228 4019 3363 4071 erat,
3396 4019 3452 4065 et

1871 4095 2179 4149 venientem
2213 4097 2264 4150 in
2299 4098 2447 4150 illum
2485 4098 2842 4162 illuminabat,
2873 4114 2979 4153 non
3007 4099 3230 4153 aliunde
3249 4102 3455 4156 rectius

1872 4188 2123 4249 discitur,
2160 4205 2320 4257 quam
2355 4206 2418 4243 ex
2449 4190 2581 4258 ipsis
2611 4190 2793 4245 verbis
2824 4191 3188 4258 evangelicis:
3221 4196 3452 4247 Mundus

1872 4281 2034 4340 enim,
2062 4280 2258 4349 inquit,
2288 4297 2379 4348 per
2404 4282 2573 4349 ipsum
2609 4285 2778 4349 factus
2809 4291 2884 4335 est
2925 4291 2972 4334 et
3005 4285 3228 4336 mundus
3277 4285 3452 4352 ipsum

1874 4387 1974 4424 non
2009 4372 2244 4440 cognovit
2267 4371 2396 4424 “.ld
2415 4373 2558 4439 quod
2576 4372 2753 4425 simile
2786 4381 2870 4426 est
2909 4372 3065 4424 alteri
3099 4372 3208 4426 illi:
3260 4373 3322 4426 In
3352 4390 3452 4428 sua

1872 4461 2032 4525 venit,
2067 4469 2116 4514 et
2152 4461 2237 4513 sui
2276 4477 2380 4513 non
2426 4471 2734 4528 receperunt
2783 4477 2922 4514 eum.
2961 4460 3140 4525 Vides,
3180 4464 3456 4532 quomodo

177 4555 358 4625 ἀλλ’ἢ
388 4554 448 4619 ἐξ
478 4555 659 4608 αὐτῶν
679 4556 790 4609 τῶν
812 4557 1189 4624 εὐαγγελικῶν
1251 4559 1536 4626 ῥημάτων.
1580 4559 1632 4609 '0
1665 4560 1764 4611 κό-

1878 4551 2077 4609 veritas
2118 4551 2465 4621 undiquaque
2506 4552 2609 4606 sibi
2663 4552 3034 4607 testimonium
3066 4555 3235 4615 ferat,
3270 4565 3325 4610 et
3361 4557 3454 4610 lux

178 4663 343 4714 σμος
379 4648 512 4716 γὰρ,
544 4649 698 4718 φησὶ,
734 4647 809 4700 δι’
844 4648 1032 4702 αὐτοῦ
1063 4650 1322 4715 ἐγένετο,
1354 4650 1451 4701 καὶ
1476 4653 1507 4700 ὀ
1539 4653 1768 4716 κόσμος

176 4738 378 4791 αὑτὸν
433 4741 546 4791 οὐκ
595 4739 764 4807 ἔγνω.
809 4742 873 4793 Ὃ
926 4740 1038 4792 ἴσον
1074 4742 1192 4792 ἐστὶ
1248 4739 1356 4811 τῷ,
1402 4743 1505 4803 Εἰς
1554 4740 1623 4793 τὰ
1650 4740 1771 4794 ἴδια

178 4826 359 4898 ἦλθε,
387 4829 484 4881 καὶ
507 4831 562 4882 οι
589 4829 727 4882 ἴδιοι
752 4829 942 4882 αὐτόν
968 4833 1040 4884 οὐ
1065 4830 1425 4898 παρέλαϐον.
1471 4829 1632 4901 Ὀρᾷς
1655 4833 1772 4897 πῶς

176 4919 532 4990 πανταχόθεν
577 4921 715 4992 αὑτὴ
761 4922 928 4991 ἑαυτῇ
978 4923 1248 4992 μαρτυρεί
1293 4924 1324 4992 ἡ
1382 4921 1638 4992 ἀλήθεια;
1681 4926 1774 4975 καὶ

252 5055 301 5087 ³¹
332 5053 530 5111 Matth.
585 5072 708 5121 xm,
739 5056 827 5110 57.
946 5055 991 5088 ³²
1015 5055 1172 5110 Joan.
1198 5071 1235 5120 t,
1268 5055 1323 5110 9.

1875 4646 1992 4710 ejus
2025 4643 2194 4713 magis
2222 4646 2393 4714 magis
2418 4659 2522 4712 que
2549 4643 2800 4712 alfulgeat
2830 4645 3001 4713 ipsam
3048 4647 3454 4714 quaerentibus?

1878 4733 2328 4804 Quandoquidem
2349 4737 2513 4807 igitur
2532 4739 2874 4794 sanctissima
2890 4739 3107 4792 oracula
3123 4748 3177 4792 et
3193 4740 3454 4793 mundum

1865 4831 2026 4898 .lhunc
2073 4828 2336 4882 visibilem
2399 4831 2617 4896 propria
2677 4828 2988 4883 Servatoris
3041 4839 3218 4894 vocat;
3256 4837 3313 4882 et
3358 4844 3456 4898 per

1881 4937 2004 4978 eum
2035 4919 2234 4974 factum
2263 4935 2382 4974 esse
2400 4919 2737 4989 pronuntiat,
2771 4927 2827 4974 et
2854 4933 2970 4982 eos,
3000 4918 3091 4987 qui
3115 4918 3166 4972 in
3191 4921 3455 4976 mundum

1438 5057 1484 5089 ³³
1519 5057 1677 5112 Joan.
1713 5073 1752 5124 I,
1790 5058 1878 5112 19.

1293 5208 1531 5263 VARI/IS
1563 5209 1952 5265 LECTIONES
1979 5209 2065 5264 ET
2106 5209 2340 5266 NOTAE.

253 5345 338 5413 (2)
367 5343 633 5413 Κόσμον.
661 5344 738 5399 Ex
779 5345 1186 5400 recentioribus
1214 5351 1340 5413 Post
1370 5343 1618 5398 Grotium
1651 5345 1772 5413 ple-

175 5412 349 5484 rique
378 5415 446 5464 τὰ
473 5412 580 5466 [δια
624 5413 693 5469 de
733 5417 918 5479 domo,
979 5430 1143 5484 quam
1181 5412 1530 5484 nennulliﬂde
1572 5412 1773 5484 templo

176 5483 540 5555 interpretati
573 5494 724 5548 sunt,
752 5486 1074 5555 accipienda
1107 5493 1391 5555 putarunt.
1418 5483 1554 5539 Vide
1575 5483 1773 5538 Fulleri

177 5552 540 5610 Hiscellanea
572 5571 747 5622 sacra,
785 5552 892 5617 ιν(
920 5556 1021 5617 l7;
1073 5552 1128 5608 et
1186 5553 1269 5607 J0.
1309 5552 1510 5608 Vorstii
1572 5555 1777 5608 Disser-

178 5635 315 5679 tau.
353 5623 413 5678 S.
447 5625 539 5695 lib.
568 5640 652 5685 ιιι,
685 5641 737 5680 c.
767 5627 870 5681 12:
902 5624 1228 5678 Lambertus
1253 5624 1376 5688 Bos,
1417 5625 1491 5677 De
1531 5626 1776 5695 mysterio

178 5697 433 5767 eiiipseos
466 5694 660 5767 Graecia
682 5696 972 5767 liilgquill
1005 5695 1252 5750 eamdem
1273 5694 1605 5767 sententiam
1635 5695 1770 5767 sub-

181 5765 462 5835 intelligit
518 5764 820 5835 οἰκήματα.
877 5765 1012 5820 Cum
1055 5777 1264 5835 nostro
1319 5764 1444 5819 facit
1483 5765 1765 5835 Theophy-

178 5833 467 5892 laetus’ad
495 5835 673 5890 locum
702 5833 952 5901 Joannis,
984 5834 1069 5890 vel
1099 5834 1365 5891 mundum
1395 5835 1481 5891 vel
1527 5833 1769 5891 Judaeam

1873 5346 2158 5419 speciatim
2195 5347 2286 5403 hic
2316 5349 2613 5419 signiﬁcari
2654 5349 2924 5405 scribens.
2986 5349 3120 5402 Ἴδια
3155 5347 3340 5419 αύτοῦ,
3375 5350 3460 5404 in-

1873 5417 1997 5489 quit
2021 5416 2084 5476 is,
2116 5417 2146 5486 ἢ
2178 5419 2269 5470 τὸν
2303 5416 2423 5472 ὅλον
2448 5423 2652 5488 κόσμον
2683 5421 2897 5488 νοήσεις
2954 5420 2986 5489 ἦ
3030 5419 3130 5489 τὴν
3176 5417 3455 5476 Ἰουδαίαν.

1948 5487 2024 5558 (57)
2062 5489 2171 5558 Τόν
2191 5490 2519 5558 ἐρχόμενον
2537 5487 2625 5555 εὶς
2659 5487 2869 5545 αὐτόν.
2901 5487 3094 5544 Verba
3125 5489 3305 5557 itaque
3344 5492 3459 5544 haec

1877 5556 1964 5626 ad,
1992 5556 2290 5626 ἄνθρωπον
2333 5556 2513 5614 refert
2582 5561 2833 5623 Photius,
2901 5556 3312 5616 consentientes
3353 5560 3458 5614 sibi

1880 5625 2419 5698 liabens’plerosque
2450 5646 2661 5685 omnes.
2698 5631 2918 5685 Interim
2953 5638 3101 5692 sunt,
3129 5631 3220 5698 qui
3263 5638 3460 5698 putant

1881 5697 2000 5771 hinc
2029 5697 2097 5771 ad
2131 5697 2385 5771 ςπῖιςείνθ
2436 5699 2718 5771 ςιιτίειιιιιι
2763 5701 2945 5771 ipsum
2995 5697 3459 5771 respiCere._l.ege

1879 5763 1941 5888 ἐξ.
1973 5763 2116 5904 ἓξὲξ)
2150 5768 2382 5837 Fechtii,
2429 5763 2800 5826 Philocaliam'
2835 5788 2974 5826 σαι-ι’.
3041 5763 3267 5824 ιΙιέεὶὺιιε
3300 5763 3455 5822 bibli-

1910 5852 1974 5900 ις,
2122 5876 2133 5890 .

1880 5851 1974 5900 ets,
1998 5851 2024 5900 ε
2047 5851 2133 5891 zu.
