4110 6398
658 390 733 455 99
1808 384 2073 449 PHOTII
2110 382 2621 446 PATRIARCH/E
2662 384 2770 444 (ΣΡ.

3836 368 3945 436 100

670 507 921 573 veniunt,
958 522 1069 562 non
1103 506 1293 572 alium,
1332 520 1497 575 quam
1534 506 1713 576 ipsum
1744 502 2072 566 illuminare,
2109 515 2246 555 con-

2371 496 2411 549 :b
2445 498 2560 566 φῶς
2610 498 2783 567 αὐτῆς
2830 495 3033 567 μᾶλλον
3069 492 3380 563 ἀναλάμπει
3432 490 3545 552 τοῖς
3593 484 3945 556 ἐπιζητοῦσιν

664 600 866 665 tirmat,
897 600 1172 669 quomodo
1217 614 1324 654 non
1364 599 1791 654 contremiscunt
1828 595 2101 659 homines,
2149 593 2248 647 de-

669 693 925 747 iectionis
976 708 1104 747 vera
1166 692 1471 763 progenies,
1530 699 1586 745 et
1641 689 1767 744 mali
1820 687 2074 757 principii
2132 685 2250 750 lilii,

663 787 886 855 quando
917 786 1080 841 alium
1134 786 1352 856 quidem
1396 784 1585 838 mundi
1632 782 1862 837 visibilis
1913 780 2254 836 conditorem

665 882 873 944 ferunt,
908 880 1075 933 alium
1107 895 1237 933 vero
1259 894 1405 937 eum,
1437 876 1529 945 qui
1563 874 1874 929 venientem
1906 872 1960 926 in
1992 870 2257 925 mundum

662 972 952 1037 illuminet,
984 986 1259 1042 quemque
1290 969 1611 1023 substantia:
1640 964 1999 1035 intelligibilis
2034 973 2247 1018 tantum

662 1064 911 1133 epilieem
951 1064 1321 1135 profitentur?

2350 589 2545 652 αὑτόνς
2571 590 2694 643 Τῶν
2719 585 2813 643 οὖν
2845 586 3010 660 ἱερῶν
3044 586 3304 661 ῥημάτων
3338 584 3435 637 καὶ
3462 582 3585 636 ἴδια
3618 579 3715 634 τοῦ
3758 580 3947 651 Σωτῆ-

2357 699 2448 753 ρος
2489 683 2705 736 τουτονὶ
2754 682 2847 735 τὸν
2904 681 3185 752 ὁρώμενον
3230 679 3438 749 κόσμον
3476 674 3810 742 καλούντων,
3847 674 3947 727 καὶ

2353 776 2420 829 δι’
2474 776 2641 829 αὑτοῦ
2692 776 3075 847 κηρυττόντων
3126 771 3295 826 αὑτδν
3342 768 3633 839 γενέσθαι,
3682 766 3778 819 καὶ
3817 765 3948 829 τοὺς

2356 870 2688 940 ἐρχομένους
2738 869 2821 931 εἰς
2859 867 2953 920 τὸν
2998 868 3205 936 κόσμον
3252 864 3357 917 οὐκ
3404 861 3585 925 ἄλλον,
3635 859 3752 913 ἀλλ’
3784 859 3948 913 αὑτὸν

2359 958 2497 1015 εἶναι
2529 963 2620 1015 τὸν
2646 959 2977 1029 φωτίζονταο
3012 960 3132 1023 πῶς
3159 959 3222 1011 οὐ
3256 955 3559 1027 πεφρίκασι
3584 953 3653 1007 τὰ
3678 953 3778 1021 τῆς
3809 954 3950 1007 ἀπο.

2365 1056 2591 1119 στασίας
2634 1056 2710 1119 ὼς
2772 1054 2988 1124 ἀληθῶς
3040 1052 3367 1122 πλάσματα,
3427 1048 3521 1102 καὶ
3566 1046 3659 1101 τοῦ
3701 1044 3949 1115 Πονηροῦ

662 1156 863 1221 τέκνα,
895 1159 1055 1213 ἄλλον
1088 1163 1185 1231 μὲν
1216 1162 1528 1229 εἰσάγοντες
1549 1160 1880 1232 δημιουργὸν
1928 1157 2022 1211 τοῦ
2061 1153 2341 1227 ὁρωμένου
2374 1155 2605 1226 κόσμου,
2646 1154 2835 1225 ἓτερον
2869 1154 2925 1206 δὲ
2989 1152 3081 1204 τὸν
3150 1149 3459 1220 φωτίζοντα
3519 1144 3612 1200 τὸν
3655 1144 3953 1216 ἐρχόμενον

664 1254 745 1315 εἰς
772 1252 866 1305 τὸν
897 1252 1121 1322 κόσμον,
1177 1255 1403 1325 κόσμον,
1448 1254 1508 1307 ὃν
1558 1256 1657 1323 τῆς
1711 1254 1908 1323 νοητῆς
1961 1252 2121 1321 μόνον
2181 1248 2515 1319 δημιουργὸν
2542 1248 2968 1302 καταλείπουσιν
2999 1244 3393 1305 ὑποστάσεως;

734 1342 826 1397 IX.
850 1345 1317 1402 Etabsurditatem
1338 1349 1415 1402 rei
1435 1349 1882 1418 aliundequoque
1905 1347 2253 1401 manifestam

666 1433 848 1488 facere
873 1434 1022 1489 licet.
1053 1436 1109 1490 Si
1140 1438 1285 1491 enim
1319 1439 1596 1493 terrestria
1634 1438 1757 1492 Mali
1798 1448 1945 1502 sunt,
1983 1438 2256 1507 quomodo

662 1527 945 1591 sustinuit,
980 1529 1229 1599 frugibus
1275 1532 1375 1597 uti,
1408 1548 1545 1601 quas
1572 1542 1821 1586 creatura
1846 1531 1969 1586 Mali
2004 1531 2251 1602 protulit,

666 1618 742 1673 ita
771 1628 834 1672 ut
857 1635 1009 1675 nunc
1058 1638 1126 1676 ex
1168 1624 1411 1694 quinque
1460 1624 1713 1694 panibus,
1739 1640 1887 1679 nunc
1934 1641 1999 1679 ex
2020 1634 2254 1695 septem,

2429 1343 2506 1399 6’.
2528 1343 2639 1396 Καὶ
2660 1340 2956 1412 ἀλλαχόθεν
2972 1342 3037 1395 ἄν
3055 1357 3140 1403 τις
3169 1340 3229 1391 τὸ
3254 1338 3454 1392 ἄτοπον
3474 1332 3729 1399 ἐπιδείξω.
3750 1331 3956 1385 ἀνακα¹⁹

2356 1436 2715 1506 λυπτόμενον.
2742 1435 2805 1490 Εἰ
2826 1435 2934 1504 γάρ
2968 1434 3038 1487 τὰ
3058 1427 3523 1501 ἐπίγειάἐστιτοῦ
3541 1423 3811 1496 Πονηροῦ,
3839 1422 3953 1485 πῶς

2360 1527 2623 1597 ἠνέσχετο
2650 1525 2740 1580 διὰ
2768 1526 2875 1578 τῶν
2906 1523 3159 1595 καρπῶν,
3189 1522 3282 1583 οὓς
3326 1521 3495 1590 ἔφυσε
3526 1516 3586 1573 τὸ
3621 1518 3835 1587 ποίημα
3862 1514 3952 1568 τοῦ

2362 1618 2637 1691 Πονηροῦ,
2667 1618 2830 1671 τοῦτο
2856 1618 2955 1689 μὲν
2984 1617 3082 1670 καὶ
3110 1618 3175 1669 ἐκ
3201 1614 3364 1669 πέντε
3397 1614 3597 1681 ἄρτων,
3623 1609 3783 1663 τοῦτο
3804 1608 3863 1662 δὲ
3898 1607 3954 1671 ἐξ

666 1711 868 1765 multas
890 1714 1161 1783 myriadas
1174 1716 1816 1771 saluraret?Multoenim
1841 1717 2013 1771 satius
2038 1715 2256 1786 Deoque

2371 1711 2538 1777 ἑπτὰ,
2597 1710 2800 1773 πολλὰς
2848 1710 3119 1781 μυριάδας
3169 1708 3479 1779 χορτάσαις
3514 1706 3671 1775 Πόσῳ
3731 1701 3845 1773 γάρ
3891 1696 3954 1770 ἦν

665 1804 1090 1860 convenientius
1133 1816 1251 1861 erat
1280 1807 1584 1878 disciplinae
1627 1824 1741 1863 sua:
1772 1808 2023 1863 alumnos
2042 1824 2154 1863 non
2187 1824 2254 1863 ex

666 1895 936 1952 fructibus
956 1898 1171 1965 alienis,
1194 1899 1289 1955 sed
1321 1900 1389 1955 de
1411 1900 1526 1955 suis
1542 1901 1708 1955 rebus
1725 1916 1971 1971 pascere.
1992 1900 2103 1956 lmo
2118 1917 2256 1968 quo-

668 1976 833 2043 modo
857 1990 911 2043 in
947 1991 1260 2046 universum
1279 1992 1402 2047 cibo
1427 2002 1523 2047 aut
1552 2003 1684 2062 potu
1712 1992 1828 2062 ipse
1861 2007 1992 2046 usus
2007 2001 2110 2057 est,
2138 2000 2257 2045 tan-

668 2097 831 2151 quam
873 2081 1143 2137 fructibus
1180 2099 1408 2155 operum
1460 2084 1710 2156 principii
1754 2083 1934 2139 mali?
1972 2084 2256 2166 Quomodo

668 2173 869 2229 iterum
904 2190 1052 2231 caeco
1076 2177 1265 2232 oculos
1298 2176 1574 2233 fabricans
1612 2194 1722 2233 non
1763 2195 1828 2233 ex
1860 2179 1963 2234 alia
2004 2178 2254 2241 materia,

667 2281 830 2335 quam
862 2281 926 2320 ex
964 2276 1105 2322 terra
1139 2278 1194 2323 et
1231 2285 1390 2338 aqua,
1418 2287 1538 2339 qua:
1571 2280 1729 2324 erant
1744 2270 1890 2334 Mali,
1941 2270 2118 2325 visum
2166 2284 2256 2323 re-

671 2358 874 2425 stituit,
903 2374 1098 2429 operas
1113 2376 1235 2414 cum
1258 2362 1412 2417 hoste
1447 2363 1696 2433 partitus,
1723 2375 1886 2434 atque
1928 2363 2002 2417 illi
2035 2362 2256 2433 quidem

671 2450 884 2521 potiora
914 2454 1258 2521 permittens,
1287 2454 1401 2524 ipse
1428 2470 1554 2509 vero
1580 2466 1789 2525 partem
1814 2472 1968 2510 suam
2002 2472 2066 2511 ex
2081 2456 2259 2510 aliena

670 2541 921 2605 materia,
942 2551 1196 2612 tanquam
1213 2542 1303 2612 qui
1337 2544 1551 2613 pmpria
1578 2544 1649 2598 sit
1669 2544 1985 2607 destitutus,
2004 2554 2061 2597 et
2084 2542 2257 2596 aliena

669 2635 988 2688 accessione
1006 2634 1252 2703 explens.
1269 2634 1444 2704 Hujus
1466 2644 1635 2697 certe,
1658 2634 1701 2688 si
1734 2634 1937 2687 nullius
1963 2642 2252 2704 praeterea,

670 2728 879 2799 pudere
898 2727 1399 2783 debebathomines
1422 2729 1841 2798 perditissimus,
1871 2739 1931 2782 ut
1948 2726 2263 2782 considera-

674 2827 800 2872 rent
820 2817 1097 2887 quod,qui
1126 2819 1315 2872 oculos
1338 2818 1594 2872 formavit
1626 2835 1690 2873 ex
1728 2818 1864 2883 luto,
1898 2818 2153 2886 ipsevere
2177 2824 2263 2870 est

675 2910 749 2973 is,
792 2912 883 2980 qui
917 2911 986 2964 ab
1028 2911 1185 2965 initio
1235 2912 1513 2966 liotninem
1544 2926 1611 2965 ex
1655 2912 1770 2965 luto
1799 2910 2063 2965 condidit.
2092 2910 2263 2980 Cujus

675 3002 824 3057 enim
857 3002 1098 3056 materiae
1136 3018 1263 3071 pars
1288 3012 1389 3065 est,
1425 3003 1671 3071 ejusdem
1701 3018 1919 3073 quoque
1950 3011 2036 3055 est
2052 3010 2259 3055 totum:

676 3100 733 3146 et
762 3107 923 3162 quem
951 3093 1295 3147 conditorem
1320 3093 1513 3148 habuit
1534 3094 1872 3157 universum,
1899 3108 2026 3147 eum
2048 3099 2104 3147 et
2138 3103 2263 3161 pars

678 3184 891 3240 habuit.
920 3185 1071 3241 Adde
1111 3186 1232 3241 bis:
1260 3187 1306 3241 si
1337 3204 1539 3258 corpus
1565 3204 1595 3241 a
1629 3186 1771 3241 Malo
1801 3185 2113 3257 profectum
2155 3191 2266 3246 est,

679 3278 956 3347 quomodo
993 3278 1143 3334 ﬂevit
1190 3280 1327 3351 ipse,
1371 3296 1496 3333 cum
1555 3280 1607 3334 id
1639 3280 1692 3334 iu
1718 3280 1925 3334 Lazaro
1954 3278 2181 3348 periret,
2213 3284 2269 3329 et

679 3369 956 3440 quomodo
1016 3385 1156 3439 opus
1205 3370 1326 3424 Mali
1386 3371 1656 3424 abolitum
1704 3370 1819 3440 ipse
1870 3370 2162 3423 restituere
2214 3377 2269 3421 et

679 3462 737 3516 in
793 3463 960 3516 vitam
992 3461 1296 3527 vindicare,
1328 3478 1392 3516 ac
1432 3463 1697 3517 Lazarum
1731 3463 2063 3518 resuscitare
2098 3465 2267 3519 susti-

679 3555 844 3610 nuit?
879 3555 1058 3624 ipsum
1088 3570 1309 3624 quoque
1333 3556 1552 3608 Patrem
1576 3570 1642 3608 eo
1662 3564 1909 3624 tempore
1941 3556 2267 3625 implorans,

680 3657 743 3702 ut
772 3656 1077 3701 creaturam
1109 3646 1231 3700 Mali
1260 3646 1464 3717 optime
1507 3647 1774 3717 perditam
1809 3648 1925 3716 ipse
1954 3646 2150 3701 iterum
2186 3664 2264 3701 re-

687 3739 879 3796 ﬁceret
906 3749 963 3795 et
1002 3740 1055 3793 in
1104 3740 1268 3794 vitam
1317 3741 1639 3795 revocaret?
1670 3740 1783 3794 lmo
1835 3740 1879 3793 si
1912 3755 2114 3809 corpus
2143 3738 2269 3793 mali

681 3840 770 3887 est
797 3831 1079 3901 principii,
1120 3832 1395 3901 quomodo
1445 3832 1614 3885 tilium
1647 3831 1825 3885 vidua}
1865 3840 2143 3884 mortuum
2182 3846 2271 3884 re-

683 3924 1015 3979 suscitavit?
1041 3923 1315 3993 quomodo
1356 3933 1436 3977 tot
1462 3923 1611 3977 mille
1638 3922 1742 3975 alia
1766 3920 2046 3986 miracula,
2073 3920 2273 3990 quibus

684 4016 974 4070 hominum
1014 4016 1221 4085 profuit
1266 4015 1610 4085 corporibus,
1669 4012 2055 4083 perpetravit?
2092 4028 2274 4066 nonne

684 4107 923 4176 denique
971 4108 1313 4161 centurionis
1360 4124 1519 4177 puer,
1547 4105 1694 4159 Petri
1731 4121 1944 4169 socrus,
1980 4105 2176 4159 mulier
2206 4120 2274 4157 ex

685 4198 880 4252 morbo
897 4198 1155 4268 depressa
1177 4200 1221 4229 ³⁵
1248 4198 1451 4252 femina
1477 4196 1759 4265 sanguinis
1783 4197 1928 4249 ﬂuxu
1959 4213 2055 4266 per
2075 4197 2275 4250 multus

685 4307 862 4346 annos
896 4291 1203 4354 debilitata,
1235 4290 1495 4359 omnique
1547 4289 1740 4342 salutis
1787 4304 1883 4358 spe
1927 4289 2157 4359 privata,
2198 4289 2277 4343 le-

685 4383 856 4454 prosi,
911 4383 1209 4454 paralytiei,
1261 4381 1463 4448 claudi,
1516 4380 1690 4445 surdi,
1754 4389 1917 4451 atque
1972 4381 2118 4435 mille
2172 4380 2277 4435 alia

2363 1806 2586 1875 ἄμεινον
2626 1805 2721 1858 καὶ⁵
2752 1804 3222 1873 θεοπρεπέστερον
3266 1800 3341 1872 μὴ
3378 1800 3437 1865 ἐξ
3471 1795 3769 1868 ἀλλοτρίων
3816 1812 3953 1863 καρ-

2362 1894 2501 1957 πῶν,
2535 1896 2652 1949 ἀλλ’
2694 1893 2753 1960 ἐξ
2781 1896 2997 1948 οίκείων
3032 1892 3539 1965 δημιουργημάτων
3584 1891 3806 1962 τρέφειν
3832 1888 3953 1948 τοὺς

2368 1991 2931 2062 μυσταγωγουμένους
2961 1988 3111 2059 αὐτῷ
3146 1990 3160 2043 i
3197 1987 3416 2043 Μᾶλλον
3440 1986 3497 2040 δέ
3524 1984 3643 2048 πῶς
3665 1983 3803 2047 ὅλως
3833 1999 3953 2052 τρο-

2365 2086 2528 2157 φὴνῆ
2565 2088 2727 2139 ποτὸν
2754 2084 2917 2147 αὐτὸς
2950 2080 3391 2154 προσηνέγκατο,
3426 2078 3462 2132 ἃ
3510 2077 3723 2149 καρπὸς
3753 2071 3827 2146 ἦν
3859 2073 3955 2127 τῶν

2366 2179 2544 2251 ἔργων
2582 2178 2676 2231 τοῦ
2713 2175 2997 2249 Πονηροῦ;
3054 2175 3178 2238 Πῶς
3208 2175 3265 2228 δὲ
3314 2174 3478 2227 πάλιν
3508 2170 3827 2242 ὀφθαλμοὺς
3867 2168 3956 2237 δη-

2369 2270 2648 2342 μιουργῶν
2681 2268 2760 2339 τῷ
2814 2268 3001 2339 τυφλῷ
3022 2269 3123 2321 οὐκ
3157 2267 3215 2333 ἐξ
3244 2265 3411 2336 ἄλλης
3444 2262 3578 2335 ὕλης
3604 2259 3720 2315 ἀλλ’
3756 2261 3826 2314 ἐκ
3856 2258 3957 2329 γῆς

2366 2362 2464 2416 καὶ
2497 2361 2722 2427 ὓδατος,
2754 2360 2899 2432 άπερ
2922 2356 2991 2430 ἦν
3016 2358 3109 2413 τοῦ
3150 2355 3422 2429 Πονηροιλ
3464 2358 3565 2426 τὴν
3591 2354 3713 2423 ὄψιν
3742 2352 3955 2406 ἐκαινο-

2368 2454 2534 2519 ποίει,
2566 2454 2853 2524 μονονουχὶ
2889 2452 3363 2524 συμμεριζόμενος
3394 2451 3470 2520 τῷ
3492 2447 3728 2519 Ἐχθρῷ,
3758 2446 3861 2499 καὶ
3886 2443 3955 2514 τῷ

2372 2546 2472 2618 μὲν
2508 2546 2664 2615 ἀφεὶς
2695 2545 2755 2599 τὸ
2788 2544 2951 2598 πλέον
2974 2548 3149 2598 ποιεῖν
3171 2559 3184 2573 ’
3220 2543 3380 2605 αὐτὸς
3413 2542 3468 2595 δὲ
3496 2542 3556 2594 τδ
3589 2540 3754 2611 μέρος
3786 2538 3849 2601 ἐξ
3874 2537 3957 2589 ἀλ-

2369 2638 2589 2710 λοτρίας
2629 2636 2761 2708 ὕλης
2808 2636 2998 2708 ὥσπερ
3043 2636 3270 2708 ἀπορῶν
3327 2635 3496 2697 ἰδίας,
3550 2632 3643 2685 τοῦ
3675 2630 3955 2701 ἀλλοτρίου

2371 2730 2690 2800 πλάσματος
2717 2730 3093 2802 ἀναπληρῶν;
3157 2728 3350 2782 Καίτοι
3384 2728 3433 2779 εἰ
3466 2726 3541 2797 μή
3566 2742 3619 2777 τι
3652 2723 3781 2777 ἄλλο
3802 2761 3820 2786 ,
3853 2719 3958 2776 ἀλλ’

2371 2823 2506 2876 αὑτό
2538 2840 2602 2891 γε
2632 2822 2791 2877 τοῦτο
2835 2824 2963 2886 τοὺς
3006 2822 3228 2883 ἀθλίους
3281 2820 3388 2873 ἔδει
3443 2816 3839 2887 δυσωπηοῆναι
3872 2816 3957 2869 καὶ

2374 2916 2732 2987 κατανοῆσαι,
2790 2916 2874 2969 ὅτι
2913 2915 3083 2978 ὄντως
3125 2918 3153 2967 ὁ
3184 2913 3397 2973 πλάσας
3434 2911 3524 2965 τὸν
3570 2909 3856 2980 ὁφῢαλμδν
3899 2909 3959 2961 ἐκ

2374 3007 2581 3077 πηλοῦ,
2630 3009 2792 3073 αὐτός
2821 3009 3025 3061 ἐστινὸ
3059 3007 3155 3061 καὶ
3202 3006 3324 3061 κατ’
3377 3005 3551 3076 ἀρχὰς
3606 3003 3826 3068 πλάσας
3876 3001 3958 3055 et:

2295 3118 2338 3177 ο
2373 3100 2662 3171 ἄνθρωπον
2688 3101 2754 3153 ἐκ
2797 3099 2993 3169 πηλοῦ.
3034 3098 3167 3163 Οἴας
3196 3101 3303 3169 γὰρ
3352 3097 3483 3168 ὖλης
3514 3096 3632 3150 ἐστὶ
3674 3096 3734 3148 τὸ
3766 3095 3956 3166 μέρος,

2370 3190 2470 3258 τῆς
2500 3191 2671 3262 αὐτῆς
2703 3192 2800 3244 καὶ
2827 3191 2888 3244 τὸ
2919 3191 3038 3244 ὅλον
3059 3207 3072 3221 ’
3104 3193 3197 3244 καὶ
3220 3190 3280 3242 ὃν
3312 3190 3437 3258 ἔσχε
3467 3188 3528 3241 τὸ
3558 3189 3678 3241 ελον
3707 3188 3959 3256 δημιουρ-

2371 3284 2489 3352 γὸν,
2526 3284 2619 3336 τὸν
2664 3284 2830 3338 αὑτὸν
2868 3284 2964 3337 καὶ
3007 3284 3070 3336 τὸ
3108 3284 3295 3353 μέρος.
3335 3281 3545 3345 ’Δλλως
3594 3297 3653 3332 τε
3700 3280 3795 3345 δέ,
3835 3281 3881 3331 εξ
3913 3277 3961 3329 τὸ

2375 3377 2540 3446 σῶμά
2580 3379 2729 3430 ἐστιν
2766 3380 2831 3430 ἐκ
2860 3377 2954 3430 τοῦ
2988 3376 3256 3449 Ιιονηροῦ,
3303 3376 3421 3439 πῶς
3447 3374 3678 3428 ἐκλαυσε
3720 3373 3959 3441 διαςιςθειο

2375 3471 2609 3541 ρομένου
2638 3469 2806 3524 αὐτοῦ
2845 3470 2939 3523 ἐπὶ
2964 3469 3059 3522 τοῦ
3090 3468 3385 3539 Λαζάρου;
3423 3468 3516 3519 καὶ
3557 3466 3675 3529 πῶς
3708 3466 3957 3536 ὑπέμεινε

2371 3563 2728 3632 διαλυόμενον
2767 3561 2829 3613 τὸ
2862 3560 3024 3631 ἔργον
3054 3559 3147 3613 τοῦ
3189 3555 3437 3629 Πονηροῦ
3479 3556 3639 3619 αὐτὸς
3674 3557 3842 3609 πάλιν
3877 3572 3957 3607 συ-

2375 3654 2601 3724 σφίγξαι
2632 3654 2727 3707 καὶ
2773 3654 3141 3723 ζωοποιῆσαι,
3177 3652 3272 3704 καὶ
3305 3651 3398 3704 τὸν
3440 3648 3693 3720 Λάζαρον
3732 3648 3955 3714 ἀναστῆ-

2377 3762 2467 3797 σαι
2491 3785 2506 3810 ,
2559 3744 2657 3797 καὶ
2683 3745 2803 3797 τότε
2843 3747 2937 3798 τὸν
2974 3745 3105 3797 ἴδιον
3145 3742 3574 3814 ἐπικαλούμενος
3606 3742 3855 3810 Πατέρα,
3880 3743 3957 3792 ἵνα

2375 3840 2437 3891 τὸ
2457 3838 2686 3906 πλάσμα
2712 3835 2807 3890 τοῦ
2840 3835 3088 3906 Πονηροῦ
3117 3835 3297 3899 καλῶς
3326 3833 3779 3905 διαφθειρόμενον
3812 3832 3958 3893 αὐτὰ

2378 3929 2542 3983 πάλιν
2570 3928 2829 4001 ἀνασώσῃ
2854 3929 2949 3982 καὶ
2980 3927 3175 3999 ζωώσῃ
3198 3946 3211 3992 ;
3242 3929 3352 3982 Καὶ
3377 3928 3425 3979 εἰ
3452 3926 3513 3980 τὸ
3540 3926 3703 3995 σῶμά
3731 3927 3847 3979 ἐστι
3877 3922 3958 3975 τοῦ

2378 4022 2647 4093 ιιονηροῦ,
2672 4022 2790 4083 πῶς
2814 4023 2905 4074 τὸν
2932 4020 3031 4090 τῆς
3050 4022 3222 4093 χήρας
3246 4021 3361 4073 υἱὸν
3383 4018 3654 4072 τεθνεῶτα
3674 4018 3956 4086 ἀνέστησες

2378 4114 2498 4177 πῶς
2536 4114 2635 4178 τὰς
2685 4113 2852 4175 ἄλλας
2904 4113 3105 4183 μυρίας
3171 4111 3533 4181 Θεοσημείας,
3563 4111 3718 4172 ὅσαις
3760 4109 3827 4162 τὰ
3864 4106 3959 4160 τῶν

2378 4208 2682 4278 ἀνθρώπων
2712 4206 3039 4276 εὐεργέτησε
3094 4204 3359 4273 σώματα,
3410 4202 3774 4271 διεπράξατος
3820 4201 3878 4255 '0
3910 4198 3958 4251 δὲ

2376 4300 2471 4353 τοῦ
2509 4299 2915 4370 ἑκατοντάρχου
2967 4300 3097 4360 παῖς
3118 4336 3133 4361 ,
3168 4299 3202 4367 ἡ
3235 4295 3291 4348 δὲ
3326 4294 3420 4348 τοῦ
3457 4295 3665 4365 Πέτρου
3698 4293 3957 4364 πενθερὰ,

2380 4395 2415 4462 ἡ
2456 4391 2849 4459 συγκύπτουσα
2888 4390 2966 4461 τῷ
3010 4389 3173 4444 πάθει
3211 4391 3371 4459 γυνὴ,
3422 4392 3455 4460 ἡ
3504 4388 3583 4459 τῷ
3634 4387 3961 4459 πολυχρονίῳ

687 4476 1057 4531 calamitatum
1090 4485 1146 4529 et
1188 4476 1505 4529 morborum
1540 4475 1813 4545 exempla,
1853 4491 1883 4528 a
1921 4476 2122 4544 quibus
2150 4490 2266 4529 cor-

2384 4484 2617 4556 ρεύματι
2647 4484 3073 4553 κατασυρομένη
3103 4482 3198 4535 τοῦ
3225 4483 3460 4550 αἵματος
3494 4482 3589 4533 καὶ
3648 4482 3834 4533 πᾶσαν
3867 4480 3960 4544 ἀς-

690 4586 821 4640 pora
854 4569 1115 4624 immunia
1146 4568 1418 4623 reddidit:
1450 4584 1658 4633 nonne,
1694 4568 1938 4637 inquam,
1961 4570 2063 4622 ista
2088 4568 2271 4623 omnia

689 4663 888 4718 idonea
949 4672 1078 4714 sunt
1140 4661 1205 4714 ad
1253 4660 1665 4730 perfundendos
1717 4663 1917 4715 rubore
1977 4661 2119 4725 illos,
2180 4661 2275 4731 qui

690 4773 921 4823 corpora
971 4757 1255 4811 hominum
1316 4755 1441 4809 Mali
1495 4768 1803 4811 creaturam
1862 4757 2090 4812 dicunt?
2127 4757 2274 4823 Quo-

692 4851 855 4906 modo
884 4850 1030 4903 enim
1059 4866 1199 4919 opus
1224 4850 1398 4904 hostis
1422 4850 1699 4920 perditum
1728 4850 1907 4905 bonus
1933 4850 2075 4904 Deus
2111 4865 2276 4904 reno-

696 4956 864 5009 vavit,
913 4959 1091 5012 neque
1141 4943 1315 4997 solum
1364 4958 1576 5008 eorum,
1608 4943 1700 5012 qui
1732 4943 1797 4996 ad
1824 4944 2002 5013 ipsum
2033 4958 2093 4997 se
2137 4942 2278 4996 reci-

694 5037 940 5108 piebant,
989 5036 1131 5089 mala
1185 5036 1590 5098 averruncavit,
1637 5036 1732 5091 sed
1794 5044 1849 5090 et
1904 5036 2019 5105 ipse
2073 5036 2139 5090 ad
2182 5051 2281 5090 eos

698 5128 951 5182 aecvssit.
998 5127 1147 5182 Jesus
1188 5129 1323 5181 cnim
1353 5128 1506 5180 urbes
1535 5144 1713 5180 omnes
1744 5139 1792 5181 et
1842 5130 1977 5181 vicos
2013 5128 2158 5189 obiit,
2190 5132 2283 5179 do-

702 5237 820 5273 cens
857 5220 913 5271 in
937 5221 1215 5289 synagogis
1252 5220 1508 5287 ipsorum,
1552 5229 1599 5273 et
1651 5220 1855 5272 morbos
1896 5220 2063 5272 omnis
2081 5219 2284 5289 generis

706 5330 768 5366 ac
804 5313 1146 5381 inﬁrmitates
1206 5315 1490 5367 sanans”.
1566 5312 1754 5383 Neque
1784 5314 1959 5366 solum
2017 5312 2283 5366 medelam

706 5406 813 5459 illis
867 5406 1067 5467 attulit,
1121 5406 1426 5477 factamque
1470 5407 1639 5461 tacuit
1680 5406 2031 5467 medicinam,
2076 5405 2170 5459 sed
2208 5414 2283 5468 et,

709 5506 769 5550 ut
802 5506 1095 5549 narrarent
1133 5497 1278 5561 aliis,
1317 5498 1604 5567 prazcepit:
1649 5496 1846 5550 Etmtes
1881 5498 2043 5559 enim,
2081 5494 2283 5563 inquit,

706 5590 1002 5643 rcmmtiate
1057 5586 1286 5643 Joanni:
1321 5588 1456 5644 Cruci
1507 5589 1706 5653 vident,
1754 5588 1932 5642 claudi
1983 5586 2283 5650 ambulant,

711 5682 885 5752 (prosi
926 5692 1249 5753 purgantur,
1301 5684 1434 5736 muti
1469 5683 1717 5745 audiunt,
1762 5691 1810 5735 et
1866 5681 2061 5735 mortui
2108 5695 2287 5733 resur-

769 5866 818 5900 ”
844 5866 977 5924 Luc.
1018 5882 1134 5934 xm,
1168 5865 1255 5922 Η.
1334 5865 1379 5899 ³⁵
1400 5861 1593 5920 Matth.
1628 5876 1703 5929 ix,
1738 5858 1828 5915 55.

2380 4579 2637 4649 ῃρημένη
2667 4578 2942 4647 σωτηρίας
2979 4576 3190 4640 ἐλπίδα,
3220 4577 3268 4629 0i
3293 4573 3486 4646 λεπροὶ⁵
3507 4617 3520 4640 ,
3552 4573 3602 4625 οἱ
3636 4572 3961 4643 παράλυτοι,

2383 4671 2432 4723 οἱ
2463 4670 2659 4739 κωφοὶ,
2692 4670 2759 4721 τά
2794 4670 2967 4737 μυρία
2996 4667 3105 4720 τῶν
3151 4666 3342 4721 παοῶν
3383 4666 3478 4719 καὶ
3520 4666 3628 4717 τῶν
3654 4665 3963 4735 νοσημάτων

2381 4764 2537 4833 γένη,
2571 4757 2645 4814 ὧν
2672 4762 2927 4815 ἁπάντων
2966 4760 3208 4831 καθαρὸν
3236 4759 3437 4812 ἀπέλυε
3481 4758 3542 4811 τὸ
3572 4758 3750 4828 σῶμα,
3796 4755 3964 4810 Ταῦτα

2386 4856 2568 4909 πάντα
2595 4856 2695 4925 οὐχ
2726 4854 2888 4907 ἱκανά
2925 4852 3287 4922 καταισχῦναι
3316 4852 3442 4909 τοὺς
3483 4851 3738 4919 λέγοντας
3776 4850 3845 4901 τὰ
3868 4847 3962 4899 τῶν

2385 4944 2692 5016 ἀνθρώπων
2752 4944 2984 5013 σώματα
3026 4942 3323 5013 πλάσματα
3371 4940 3465 4994 τοῦ
3512 4940 3801 5011 Πονηροῦ;
3853 4937 3963 4997 Πῶς

2382 5040 2494 5109 γὰρ
2526 5040 2587 5091 τὸ
2609 5036 2839 5107 πλάσμα
2859 5036 2953 5089 τοῦ
2976 5035 3206 5106 Ἐχοροῦ
3236 5038 3264 5087 ὁ
3284 5035 3489 5103 ἀγαθὸς
3514 5035 3645 5097 Θεὸς
3672 5030 3965 5103 διαφθειρό-

2392 5145 2553 5198 μενον
2586 5127 2899 5190 ἀνεκαίνιζε
2926 5168 2942 5189 ,
2980 5129 3073 5179 καὶ
3097 5126 3159 5178 οὐ
3190 5126 3523 5196 προσιόντων
3556 5126 3716 5194 μόνον
3745 5121 3964 5187 τὰπάθη

2392 5220 2726 5289 ἀπήλαυνεν,
2772 5219 2909 5270 ἀλλὰ
2949 5224 3047 5271 καὶ
3093 5218 3256 5281 αὐτὸς
3292 5218 3520 5279 ἐκείνοις
3554 5217 3848 5284 ἐπιφοιτῶν
3882 5214 3963 5264 καὶ
3992 5272 3993 5275 η

2388 5310 2861 5379 παραγινόμενοςς
2893 5310 3142 5379 Περιῆγε
3170 5312 3277 5379 γὰρ
3302 5316 3333 5365 ό
3371 5312 3609 5378 Ἰησοῦς
3640 5312 3745 5375 τὰς
3774 5312 3963 5370 πόλεις

2386 5404 2591 5467 πάσας
2614 5403 2709 5455 καὶ
2746 5404 2843 5466 τὰς
2885 5404 3429 5471 κώμας,διδάσκων
3455 5406 3523 5457 ἐν
3549 5404 3677 5468 ταῖς
3706 5420 3964 5471 συναγω-

2387 5497 2519 5567 γαῖς
2540 5494 2759 5559 αὐτῶν,
2794 5496 2891 5548 καὶ
2924 5499 3265 5565 θεραπεύων
3290 5497 3499 5553 πᾶσαν
3530 5500 3719 5551 νόσον
3744 5497 3840 5551 καὶ
3868 5493 3965 5549 πᾶ·

2390 5605 2513 5641 σαν
2540 5588 2870 5656 μαλακίαν.
2929 5589 3038 5641 Καὶ
3079 5590 3180 5643 οὐκ
3215 5592 3547 5660 ἐθεράπευσε
3585 5592 3682 5660 μὲν
3721 5592 3959 5649 τούτους.

2400 5678 2557 5747 ἐσίγα
2582 5678 2638 5731 δέ
2681 5678 2779 5749 τὴν
2814 5678 3133 5749 θεραπείαν,
3179 5681 3321 5734 ἀλλὰ
3348 5684 3440 5735 καὶ
3470 5682 3803 5752 προσέτασσε
3833 5680 3965 5746 διατ-
