4110 6418
217 379 319 446 101

1287 375 1587 441 CONTRA
1627 375 2088 439 MANICHIEOS
2118 375 2352 436 LIBER
2392 375 2444 436 Ῑ.

3371 371 3474 438 102

214 493 531 560 γέλλεσθαι.
573 489 979 559 Πορευθέντες
1018 488 1148 560 γὰρ,
1178 489 1363 561 φησὶν,
1389 489 1794 559 ἀπαγγείλατε

1915 498 2026 556 ιαηι
2063 489 2132 542 ³⁸.
2179 487 2471 558 Discipulis
2511 501 2641 542 vero
2679 487 2893 559 signum
2922 489 3182 559 potentiae
3213 501 3326 545 suae
3357 493 3463 543 vir-

227 585 502 654 Ἰωάννῃο
555 584 780 653 Τυφλοὶ
816 581 1262 646 ἀναϐλέπουσι,
1310 581 1497 651 χωλοὶ
1545 594 1794 650 περιπα-

216 675 395 730 τοῦσι
417 715 433 740 ,
485 674 698 743 λεπροὶ
739 673 1179 744 καθαρίζονται,
1233 674 1420 742 κωφοὶ
1471 673 1795 737 ἀκούουσι,

213 767 323 822 καί
364 768 568 836 νεκροί
604 767 969 836 ἐγείρονται,
1000 767 1110 820 Καὶ
1151 770 1263 829 τοῖς
1301 766 1571 838 μαθηταῖς
1599 766 1656 819 δὲ
1701 783 1800 836 ση-

222 862 377 931 μεῖον
417 859 518 928 τῆς
548 858 714 912 αὑτοῦ
756 859 1038 928 δυνάμεως
1067 859 1163 912 καὶ
1195 858 1380 929 ἰσχύος
1415 859 1512 912 καὶ
1545 859 1796 929 χάριτος,

212 952 281 1004 τὸ
311 953 406 1004 ἐπὶ
437 951 754 1021 ἀρρώστους
802 953 993 1020 χεῖρας
1039 949 1308 1003 ἐπιθεῖναι
1344 951 1439 1004 καὶ
1486 949 1668 1004 ἰᾶσθαι
1717 950 1798 1003 δι-

211 1043 408 1097 ιδωσιν.
451 1041 636 1106 Οὕτως
669 1040 748 1104 ὡς
791 1042 994 1094 οἰκείου
1045 1041 1361 1111 πλάσματος
1420 1043 1658 1094 ἐποιεῖτο
1702 1042 1800 1112 τὴν

215 1134 500 1203 πρόνοιαν,
548 1133 576 1184 ὅ
609 1133 702 1186 καὶ
735 1133 834 1203 τὴν
870 1132 1046 1203 ψυχὴν
1083 1134 1177 1186 καὶ
1204 1133 1266 1185 τὸ
1295 1132 1456 1202 σῶμα
1487 1150 1799 1203 παραγεγο-

216 1226 328 1291 νὼς
350 1228 520 1281 σῶσαι
547 1227 780 1297 Χριστὸς
806 1228 834 1280 ὀ
861 1227 993 1289 Θεὸς
1015 1229 1196 1298 ἡμῶν,
1218 1228 1312 1280 καὶ
1333 1228 1393 1280 οὑ
1422 1226 1615 1296 μέχρις
1638 1225 1800 1279 αὐτοῦ

215 1319 318 1389 τὴν
358 1319 678 1390 εὐεργεσίαν
716 1319 882 1372 αὐτοῦ
933 1322 1318 1390 περιγράφων.
1366 1317 1504 1372 ἀλλὰ
1551 1319 1643 1370 καὶ
1689 1319 1802 1380 τοῖς

216 1411 492 1482 μαθηταῖς
516 1411 586 1464 τά
615 1413 705 1464 ίσα
731 1415 906 1464 ποιεῖν
926 1411 1104 1475 διδοὺς
1127 1411 1228 1482 τὴν
1250 1409 1518 1476 ἐξουσίαν.
1544 1411 1607 1463 Εἰ
1639 1409 1697 1462 δὲ
1727 1409 1803 1472 ὼς

215 1505 288 1558 τά
315 1505 412 1558 τοῦ
444 1504 690 1575 Πονηρτῶ
759 1504 1005 1576 στόματα
1051 1504 1346 1576 θεομαχεῖ,
1389 1505 1450 1558 τὸ
1499 1503 1659 1574 σῶμά
1687 1505 1803 1556 ἐστι

215 1596 314 1651 τοῦ
344 1597 588 1668 Πονηροῦ
609 1638 624 1661 ,
649 1596 766 1658 πῶς
789 1596 858 1650 δι’
894 1596 1060 1650 αὑτοῦ
1087 1597 1154 1648 τά
1196 1596 1432 1666 μέγιστα
1459 1593 1569 1648 τῶν
1604 1609 1804 1664 κατορ-

215 1688 494 1760 θωμάτων
577 1689 925 1759 πράττομεν,
993 1686 1386 1758 σωφροσύνην,
1438 1685 1802 1757 ἐγκράτειαν,

217 1778 558 1850 ἀγρυπνίαν,
589 1779 796 1843 στάσιν,
844 1778 980 1848 πρὸς
1016 1777 1086 1830 τά
1112 1775 1266 1830 δεινά
1311 1778 1630 1846 καρτερίαν,
1661 1792 1803 1847 μαρ-

216 1870 411 1940 τυρίου
442 1871 674 1934 πόνους,
708 1869 744 1924 ά
791 1869 980 1924 πάντα·
1011 1868 1260 1940 σώματος
1310 1868 1511 1937 μᾶλλον
1555 1867 1589 1938 ἢ
1626 1866 1803 1937 ψυχῆς

217 1963 372 2026 ὅντα,
412 1965 491 2024 εἰς
546 1962 710 2030 δόξαν
762 1962 1095 2032 ἀναφέρεται
1146 1961 1244 2015 τοῦ
1294 1960 1534 2012 πλάστου
1583 1959 1679 2014 καὶ⁸
1707 1958 1804 2029 δη-

222 2052 532 2125 μιουργοῦ;
567 2055 676 2109 Καὶ
703 2053 812 2124 γάρ
834 2053 1034 2125 ἡψυχὴ
1063 2052 1185 2106 καθ’
1216 2051 1414 2124 ἑαυτὴν
1444 2049 1568 2104 οὔτε
1599 2050 1803 2122 πρᾶξαι

216 2148 396 2202 ταῦτα
449 2150 587 2220 πρὸς
636 2149 852 2218 ἀγῶνας
900 2148 1044 2202 ἔλθοι
1078 2147 1178 2220 (4),
1211 2147 1338 2202 οὔτε
1375 2147 1554 2216 λόγον,
1597 2147 1678 2201 ὃτι
1729 2147 1802 2219 μὴ

218 2242 484 2313 ἔπραξεν,
510 2241 972 2313 είσπραχθήσεται
1002 2241 1404 2312 πλημμελείας.
1445 2240 1569 2306 Πῶς
1617 2236 1712 2294 οῦν
1743 2242 1804 2294 τὸ

221 2333 439 2402 ποίημα
458 2333 553 2386 τοῦ
589 2331 831 2403 Πονηροῦ
864 2335 1093 2403 πράττει
1120 2331 1190 2384 τὰ
1222 2331 1402 2400 ἀγαθὰ
1423 2370 1439 2395 ,
1479 2332 1575 2384 καὶ
1607 2347 1798 2402 συνερ-

221 2427 315 2494 γεῖ
338 2427 407 2495 τῇ
434 2423 579 2495 ψυχῇ
611 2423 986 2493 κατορθῶσαι,
1015 2423 1072 2489 ἂ,
1108 2424 1182 2493 μὴ
1210 2423 1498 2495 παρόντος,
1531 2421 1800 2492 οὐμενοῦν

222 2519 288 2571 οὐ
319 2517 566 2590 κρίνεται
597 2515 1030 2588 κατορθώματα;
1059 2515 1134 2568 Σὺ
1165 2514 1222 2568 δὲ
1256 2514 1474 2585 λογίζου
1505 2514 1599 2568 καὶ
1624 2513 1804 2568 τοῦτο’

224 2611 277 2662 εἰ
311 2608 374 2661 τὸ
398 2607 558 2678 σῶμα
582 2604 648 2678 ἦν
678 2607 771 2660 τοῦ
794 2606 1062 2679 Πονηροῦ,
1096 2605 1213 2670 πῶς
1239 2608 1268 2660 ὀ
1295 2605 1506 2668 Παῦλος
1536 2605 1802 2670 ἐλυπεῖτο,

227 2699 506 2764 νοσοῦντος
563 2699 660 2753 τοῦ
745 2699 1176 2770 Ἐπαφροδίτου,
1270 2698 1365 2750 καὶ
1459 2697 1674 2765 ἔλεγεν,
1725 2698 1807 2750 ὅτι

231 2791 519 2860 Ἐλέησον
562 2791 750 2846 αὐτὸν
777 2795 810 2846 ό
856 2793 1027 2858 Θεὸς,
1077 2795 1190 2848 οὐκ
1237 2790 1473 2845 ἐκεῖνον
1500 2789 1568 2842 δὲ
1593 2790 1804 2858 μόνον,

227 2882 394 2938 ἀλλὰ
436 2884 534 2935 καὶ
571 2882 697 2951 ἐμὲ,
729 2883 828 2935 ἵνα
866 2882 953 2950 μὴ
979 2883 1186 2952 λύπην
1213 2883 1313 2937 ἐπὶ
1343 2883 1509 2949 λύπῃ
1534 2879 1708 2950 σχῶ;
1744 2879 1810 2932 Τί

225 2973 339 3044 γάρ
373 2973 480 3026 ἔδει
511 2973 798 3028 λυπεῖσθαι
827 2974 918 3027 τὸν
947 2973 1182 3038 Παῦλον,
1215 2973 1430 3047 ὁρῶντα
1459 2973 1720 3042 λυόμενον
1749 2972 1811 3026 τδ

226 3065 458 3133 πλάσμα
482 3064 578 3116 τοῦ
606 3063 883 3134 Πονηροῦς
910 3064 1004 3116 καὶ
1042 3064 1090 3115 εί
1119 3064 1181 3116 τὸ
1215 3064 1443 3134 πλάσμα
1466 3059 1536 3134 ἦν
1569 3061 1662 3116 τοῦ
1696 3063 1809 3116 Πο-

1898 579 2032 632 tutis
2060 594 2126 633 ac
2159 580 2344 650 gratiae
2358 579 2602 650 largitur;
2632 586 2692 632 ut
2716 579 2934 650 aegrotis
2960 595 3155 635 manus
3186 580 3473 650 imponam

1897 675 2086 741 eisque
2110 673 2453 727 medeantur.
2475 672 2626 727 Adeo
2672 671 2946 739 Christus,
2973 672 3118 728 Deus
3148 680 3355 735 noster,
3377 673 3484 742 qui-

1899 761 1969 816 ad
2013 763 2336 816 servandam
2395 764 2634 817 animam
2665 773 2721 818 et
2753 778 2954 833 corpus
2990 764 3161 830 venit,
3200 763 3471 834 corporis,

1901 859 2156 922 tanquam
2224 853 2426 923 proprii
2477 854 2678 923 operis,
2735 870 2922 909 curam
2976 856 3237 925 suscepit,
3295 870 3476 926 neque

1903 944 2326 999 beneﬁcentiam
2361 961 2512 1000 suam
2564 947 2620 1000 in
2662 961 2730 1000 eo
2769 947 2933 1015 jussit
2971 948 3338 1016 acquiescere,
3379 947 3474 1002 sed

1901 1045 1974 1099 et.
2017 1045 2076 1090 ut
2117 1037 2306 1092 eadem
2363 1039 2630 1102 facerent,
2671 1039 3108 1109 discipulis‘suis
3150 1047 3476 1109 potestatem

1903 1127 2051 1182 fecit.
2088 1128 2144 1181 Si
2176 1144 2332 1194 vero,
2367 1130 2510 1199 quod
2536 1131 2660 1184 mali
2687 1132 2940 1202 principii
2965 1147 3058 1186 ora
3079 1142 3268 1186 contra
3302 1131 3476 1185 Deum

1902 1220 2251 1290 proﬁtentur,
2306 1237 2504 1291 corpus
2554 1241 2586 1276 a
2631 1225 2775 1277 man
2826 1235 3005 1278 ortum
3055 1236 3158 1287 est,
3201 1225 3488 1294 quomodo

1902 1329 2002 1383 per
2043 1314 2172 1368 illud
2219 1315 2634 1385 praeclarissima
2663 1333 2891 1386 quaaqne
2932 1317 3219 1382 efﬁcimus,
3268 1326 3478 1389 tempe-

1903 1406 2156 1472 rantiam,
2186 1423 2240 1462 ν.
2272 1424 2352 1477 gr.
2389 1407 2803 1472 continentiam,
2830 1410 3184 1480 vigilantiam,
3213 1411 3479 1466 resisten-

1907 1497 2060 1564 tiam,
2088 1499 2408 1569 patientiam
2445 1500 2500 1553 in
2527 1500 2790 1566 adversis,
2816 1503 3062 1572 martyrii
3096 1503 3332 1562 labores.
3356 1518 3482 1573 qua:

1905 1590 2124 1658 quidem
2179 1591 2364 1645 omnia
2413 1593 2481 1645 ad
2547 1607 2748 1661 corpus
2802 1593 2974 1663 magis
3022 1607 3184 1662 quam
3232 1593 3474 1648 animum

1905 1683 2242 1752 pertinentia
2308 1683 2363 1738 in
2429 1684 2749 1740 Conditoris
2803 1686 3186 1754 Creatorisque
3250 1687 3476 1757 gloriam

1908 1775 2161 1830 tendunt.
2186 1776 2380 1830 Anima
2405 1777 2575 1840 enim,
2611 1777 2712 1832 sibi
2737 1777 2942 1840 relicta,
2965 1792 3075 1832 non
3101 1778 3484 1849 ingrederetur

1912 1882 2148 1935 unquam
2179 1868 2418 1923 studium
2451 1870 2518 1922 ad
2551 1869 2816 1938 ejusmodi
2848 1870 3180 1937 praestanda,
3215 1886 3395 1940 neque
3433 1873 3478 1926 si

1905 1961 2204 2024 omitteret,
2241 1960 2311 2015 ad
2373 1961 2710 2016 reddendam
2754 1961 3023 2016 rationem
3050 1963 3231 2019 vocari
3273 1973 3477 2034 posset.

1905 2049 2190 2116 Quomodo
2211 2051 2398 2122 itaque
2430 2061 2678 2108 creatura
2709 2053 2830 2107 Mali
2851 2054 3066 2124 perlicit
3086 2057 3250 2122 bona,
3275 2065 3330 2111 et
3351 2073 3479 2114 suc-

1905 2143 2077 2196 currit
2113 2143 2311 2198 animae
2343 2144 2410 2198 ad
2436 2145 2695 2215 praeclara
2727 2146 2816 2199 illa
2847 2147 3200 2216 perficienda,
3233 2164 3376 2218 quae,
3409 2165 3482 2205 eo

1905 2233 2153 2296 absente,
2207 2233 2470 2303 perﬁcere
2521 2250 2632 2290 non
2677 2236 2979 2305 judicatur.
3011 2235 3095 2292 Tu
3139 2253 3269 2294 vero
3306 2240 3478 2294 etiam

1906 2324 2012 2381 hoc
2036 2325 2195 2380 velim
2231 2327 2578 2383 consideres:
2616 2329 2659 2383 si
2692 2343 2892 2399 corpus
2920 2329 3041 2384 Mali
3081 2331 3182 2386 fuit
3205 2332 3506 2402 principii,’

1906 2417 2180 2486 quomodo
2209 2416 2429 2480 Paulus,
2469 2428 2768 2490 aegrotante
2799 2422 3191 2492 Epaphrodito,
3235 2425 3507 2480 tristatus

1909 2507 2034 2571 fuit,
2067 2519 2122 2562 et
2145 2509 2281 2564 dixit
2311 2529 2324 2565 :
2359 2511 2497 2565 Deus
2548 2514 2792 2568 misertus
2823 2525 2896 2569 est
2923 2515 3088 2581 illius,
3121 2533 3214 2570 nec
3233 2517 3378 2571 illius
3405 2535 3484 2572 so-

1909 2599 2039 2664 lum,
2070 2602 2160 2656 sed
2203 2611 2252 2656 et
2310 2606 2434 2668 mei,
2475 2621 2538 2658 ne
2576 2607 2846 2662 tristitiam
2883 2624 3040 2678 super
3073 2611 3294 2664 tristitia
3325 2611 3486 2666 liabe-

1910 2709 2020 2745 rem
2069 2695 2136 2748 υ.
2184 2693 2326 2762 Quid
2376 2696 2520 2751 enim
2571 2709 2928 2755 necesseerat
2980 2701 3204 2757 Paulum
3252 2704 3510 2768 tristari,‘

1909 2783 2210 2851 videntem,
2248 2787 2392 2854 quod
2424 2798 2672 2843 creatura
2714 2789 2840 2845 Mali
2897 2793 3108 2862 perdita
3162 2794 3278 2850 sit:
3320 2804 3394 2856 et,
3434 2796 3485 2850 si

1911 2885 2162 2930 creatura
2211 2876 2406 2933 fuisset
2443 2879 2589 2942 Maii.
2631 2883 2904 2950 quomodo
2952 2884 3096 2938 idem
3131 2886 3216 2938 vir
3264 2885 3510 2941 divinus'

1912 2968 2131 3038 sex‘ipsit
2150 2968 2442 3025 Timotheo
2470 2988 2482 3023 ε
2518 2972 2632 3027 Vini
2650 2990 2842 3043 parum
2860 2977 3048 3030 adhibe
3075 2985 3134 3030 ob
3161 2979 3488 3032 stomachum

1914 3069 2084 3124 tuum,
2134 3070 2183 3114 et
2241 3063 2447 3116 morbos
2490 3065 2865 3136 frequentiores
2910 3067 2977 3121 ³⁸.
3037 3068 3286 3123 Divinum
3337 3071 3489 3125 enim

229 3154 419 3225 νηροῦ,
472 3155 589 3217 πῶς
629 3153 920 3207 ἐπέστελλε
971 3153 1224 3225 Τιμοθέῳ
1253 3156 1281 3208 ὁ
1331 3153 1493 3218 αὐτὸς
1520 3155 1812 3224 μετάρσιος

1918 3151 2070 3206 illum
2121 3155 2427 3219 doctorem,
2463 3157 2732 3226 siquidem
2762 3175 2891 3214 vere
2930 3161 2998 3215 de
3026 3161 3314 3216 Timotheo
3335 3163 3489 3218 solli-

229 3248 519 3318 ἄνθρωπος
541 3264 555 3278 ο
589 3248 740 3314 Οίνῳ
762 3247 944 3315 ὀλίγῳ
966 3245 1089 3316 χρῶ
1108 3246 1204 3299 διὰ
1225 3246 1334 3299 τὸν
1359 3246 1668 3315 στόμαχόν
1693 3258 1811 3298 σου

234 3339 337 3391 καὶ
381 3340 490 3405 τὰς
535 3337 772 3404 πυκνάς
829 3353 946 3392 σου
980 3337 1339 3402 ἀσθενείαςς
1374 3337 1521 3390 Ἔδει
1571 3336 1680 3405 γὰρ
1720 3334 1814 3387 τὸν

231 3432 488 3503 οὐράνιον
521 3433 728 3485 ἐκεῖνον
751 3431 1089 3493 διδάσκαλον,
1125 3431 1284 3502 είπερ
1327 3427 1609 3501 ἐφρόντιζε
1642 3429 1814 3498 Τιμο-

241 3526 398 3588 θέου,
427 3526 547 3578 ἐπεὶ
574 3525 694 3579 καθ’
723 3526 868 3595 ὑμᾶς
891 3524 1116 3594 πλάσμα
1141 3519 1210 3595 ἦν
1237 3524 1298 3576 τὸ
1323 3523 1481 3592 σῶμα
1507 3521 1603 3575 τοῦ
1639 3522 1816 3592 Πονη-

242 3619 368 3690 ροῦ,
387 3621 616 3687 γράφειν
645 3617 813 3688 αὐτῷ’
857 3616 1100 3688 μηδόλως
1125 3617 1366 3686 κέχρησο
1389 3615 1536 3684 οἴνῳ,
1568 3612 1656 3666 ἵνα
1685 3612 1817 3665 θᾶτ-

236 3727 337 3764 τον
362 3712 501 3780 ραγῇ
543 3711 603 3761 τὸ
638 3709 860 3777 πλάσμα
905 3708 999 3760 τοῦ
1028 3707 1294 3777 Πονηροῦ,
1325 3707 1418 3760 καὶ
1449 3704 1820 3776 ὲλευθερωθῇς

237 3799 337 3852 τοῦ
375 3798 568 3869 βάρους
618 3796 806 3852 αὑτοῦ.
844 3799 953 3850 Καὶ
993 3799 1040 3850 εί
1073 3798 1141 3850 τὰ
1177 3795 1406 3866 σώματά
1431 3797 1536 3848 είσι
1579 3795 1673 3849 τοῦ
1711 3795 1817 3847 IIo-

235 3890 432 3962 νηροῦ,
473 3890 590 3951 πῶς
626 3889 832 3957 λέγειὸ
867 3889 1070 3958 Κύριος
1104 3888 1260 3959 ἡμῶν
1299 3886 1507 3958 Ἰησοῦς
1544 3887 1816 3957 Χριστὸς,

237 3983 394 4052 Οὐχὶ
423 3981 532 4035 δύο
557 3981 842 4048 στρουθία
871 3981 1171 4054 ἀσσαρίου
1201 3979 1503 4044 πωλεῖται,
1530 3979 1628 4033 καὶ
1651 3977 1720 4031 ἒν
1749 3976 1819 4041 ἐξ

233 4073 443 4130 αὐτῶν
477 4077 548 4128 οὐ
579 4073 848 4127 πεσεῖται
879 4072 1024 4126 ἄνευ
1061 4072 1168 4126 τοῦ
1193 4071 1425 4139 Πατρός
1451 4088 1570 4140 μου
1612 4069 1720 4122 τοῦ
1749 4069 1821 4121 ἐν

234 4168 544 4235 οὐρανοῖς.
579 4166 645 4218 Τί
696 4166 806 4236 γάρ
838 4165 990 4235 μέλει
1035 4163 1115 4235 τῷ
1153 4163 1344 4234 ἀγαθῷ
1381 4163 1500 4232 Θεῷ
1532 4162 1672 4231 ὑπὲρ
1710 4160 1820 4212 τῶν

236 4257 586 4326 πλασμάτων
616 4255 710 4309 τοῦ
751 4255 1019 4326 Πονηροῦ,
1053 4252 1135 4317 οἷς
1161 4253 1284 4307 οὕτε
1318 4255 1629 4325 περίκειται
1659 4249 1819 4319 ἆθλα,

233 4351 364 4406 οὔτε
399 4349 513 4421 ζωὴ
549 4350 800 4413 αἰώνιος,
841 4347 963 4401 οὔτε
1002 4349 1035 4419 ἡ
1089 4346 1334 4416 βασιλεία
1383 4345 1491 4399 τῶν
1540 4345 1819 4416 οὐρανῶν,

247 4442 399 4495 Ἀλλ’
421 4441 503 4494 ὅτι
519 4439 745 4509 κτίστης
771 4437 949 4492 αὐτῶν
971 4439 1064 4491 κει)⁸
1088 4439 1312 4509 Κύριος,
1331 4439 1423 4490 καὶ
1443 4436 1816 4506 ὲξουσιαστὴς,

1919 3240 2061 3294 citus
2107 3240 2231 3306 fuit,
2284 3245 2587 3298 secundum
2637 3262 2753 3306 vos.
2800 3248 2925 3317 quia
2969 3265 3170 3320 corpus
3210 3251 3332 3307 Mali
3371 3263 3512 3308 erat-

1918 3344 2192 3397 creatura,
2247 3336 2488 3391 scribere
2549 3339 2827 3396 decebat:
2877 3345 3102 3397 omnino
3151 3361 3261 3400 non
3338 3357 3496 3403 utere

1917 3427 2068 3488 vino,
2123 3437 2182 3482 ut
2237 3443 2304 3483 co
2358 3429 2523 3484 citius
2572 3431 2646 3496 id,
2696 3435 2841 3500 quod
2878 3434 3001 3489 Mali
3041 3447 3142 3502 est,
3190 3439 3489 3511 frangatur,

1919 3527 2089 3586 tuque
2138 3533 2307 3574 onere
2368 3520 2491 3589 ejus
2547 3522 2766 3577 leveris.
2819 3525 2975 3590 Quod
3036 3529 3082 3582 si
3129 3545 3361 3601 corpora
3423 3536 3490 3589 ad

1918 3609 2116 3664 Malum
2158 3612 2422 3683 originem
2463 3631 2616 3670 suam
2673 3619 2954 3685 referunt,
3012 3627 3284 3692 quomodo
3331 3625 3514 3684 Jesus'

1919 3697 2190 3760 Christus,
2225 3699 2487 3758 Dominus
2516 3715 2722 3771 noster,
2759 3707 2874 3762 ait:
2902 3709 3088 3765 Nonne
3125 3714 3231 3768 duo
3253 3732 3493 3786 passeres

1921 3804 2026 3840 uno
2050 3790 2257 3843 assario
2279 3792 2592 3854 vendantur,
2621 3810 2784 3863 neque
2814 3807 2991 3850 tamen
3023 3815 3155 3854 unus
3179 3818 3358 3856 eorum
3381 3807 3496 3860 sine

1922 3877 2087 3933 Patre
2112 3894 2300 3946 vestro,
2354 3884 2444 3951 qui
2472 3884 2528 3936 in
2562 3885 2702 3939 castis
2731 3897 2827 3950 est,
2879 3891 3019 3942 cadit
3043 3891 3108 3946 ³⁸,
3157 3891 3298 3958 Quid
3346 3897 3518 3950 enim»

1920 3971 2066 4026 bono
2106 3972 2214 4028 Deo
2247 3990 2391 4029 cura:
2415 3985 2497 4030 est
2545 3978 2614 4032 de
2645 3982 2908 4035 creaturis
2958 3981 3103 4049 Mali,
3153 3985 3352 4054 quibus
3395 4005 3524 4044 nec-

1921 4065 2166 4135 prtemia.
2218 4083 2320 4123 ιιιιο
2365 4068 2473 4122 vita
2524 4081 2749 4136 aeterna,
2803 4090 2906 4130 nec
2952 4091 3177 4147 regnum
3235 4081 3498 4136 cmlornm

1925 4156 2205 4224 proposita
2223 4158 2392 4211 sunt?
2420 4161 2490 4213 At
2511 4161 2766 4226 quoniam
2793 4160 3056 4218 Dominus
3073 4182 3262 4221 eorum
3286 4179 3342 4223 et
3362 4185 3498 4224 con-

1925 4247 2068 4302 ditor
2098 4257 2153 4303 et
2181 4249 2429 4318 superior
2461 4261 2564 4314 est,
2608 4251 2732 4307 ideo
2760 4269 2939 4324 neque
2977 4256 3066 4310 illa
3097 4258 3214 4312 sine
3239 4260 3357 4329 ipso
3390 4263 3525 4315 vita-

1924 4339 2228 4408 privantur.
2306 4337 2591 4404 Quomodo
2655 4357 2788 4396 vero
2861 4343 3112 4400 Christus
3163 4348 3216 4401 in
3271 4365 3527 4420 corpore-

1925 4431 2078 4485 Pauli
2129 4430 2541 4502 gloriﬁcabitur,
2593 4433 2861 4504 siquidem
2915 4453 3116 4508 corpus
3169 4456 3199 4494 a
3233 4441 3370 4496 Malo
3416 4455 3524 4499 est‘

231 4533 330 4587 διὰ
352 4531 512 4584 τοῦτο
539 4530 661 4584 οὐδὲ
710 4528 882 4583 ταῦτα
908 4529 1077 4600 χωρὶς
1096 4528 1260 4582 αὐτοῦ
1283 4529 1626 4596 στερίσκεται
1650 4527 1812 4597 ζωῆς.

1923 4519 2215 4576 formatum
2244 4522 2268 4576 ?
2312 4521 2425 4577 lmo
2471 4527 2744 4593 quomodo
2771 4529 3155 4598 mysteriorum
3187 4531 3499 4589 divinorum

235 4625 372 4687 Πῶς
417 4623 475 4676 δὲ
523 4623 620 4676 καὶ
671 4619 1141 4691 μεγαλυνθήσεται
1195 4621 1431 4691 Χριστὸς
1476 4623 1535 4673 ὲν
1587 4618 1666 4689 τῷ
1725 4617 1818 4671 τοῦ

237 4713 461 4771 Παύλου
504 4711 738 4782 σώματι,
772 4712 930 4782 εἴπερ
960 4710 1022 4763 τὸ
1060 4710 1220 4780 σῶμα
1256 4710 1487 4779 πλάσμα
1510 4709 1603 4763 τοῦ
1644 4712 1818 4778 Πονη-

236 4807 377 4878 ροῦ;
412 4805 523 4859 Ka‘t
561 4803 725 4858 πάλιν
755 4803 917 4866 αὐτὸς
947 4805 975 4856 ὁ
1012 4801 1109 4854 τοῦ
1140 4802 1276 4854 Θεοῦ
1327 4801 1643 4871 μυστηρίων
1686 4801 1822 4853 ὑπο-

237 4902 448 4969 φήτης,
483 4897 644 4967 εἴπερ
668 4897 768 4948 οὒκ
787 4891 856 4966 ἦν
898 4894 959 4946 τὸ
995 4893 1155 4964 σῶμα
1186 4893 1417 4963 πλάσμα
1441 4894 1536 4946 τοῦ
1566 4895 1659 4946 ἐπὶ
1685 4894 1823 4946 πάν-

322 5014 367 5044 ³⁰⁵
403 5011 592 5067 Matth.
626 5028 700 5078 χι,
741 5012 794 5066 5.
873 5013 916 5043 ³⁷
948 5009 1187 5079 Philipp.
1212 5009 1384 5072 11,27.
1451 5007 1496 5039 ³⁵³
1519 5007 1539 5061 l
1563 5006 1707 5061 Tim.
1733 5025 1786 5067 ν.
1816 5006 1908 5062 25.

1927 4631 2129 4686 praeco,
2180 4615 2224 4670 si
2278 4631 2477 4687 corpus
2527 4634 2634 4672 non
2681 4618 2785 4674 fuit
2831 4631 3080 4686 creatura
3127 4625 3244 4690 Dei,
3294 4627 3385 4695 qui
3419 4637 3503 4681 est

1927 4721 2092 4776 super
2119 4706 2324 4772 omnia,
2383 4723 2580 4775 corpus
2634 4717 2690 4764 et
2717 4709 2972 4780 spiritum
3022 4725 3078 4767 et
3110 4716 3348 4768 animam
3377 4731 3526 4784 pre--

1929 4808 2087 4854 catur
2123 4809 2288 4856 totam
2326 4801 2656 4864 conservari,
2717 4803 2882 4872 idque
2919 4805 2986 4858 ad
3035 4805 3248 4860 Domini
3296 4810 3526 4862 adven-~

1931 4894 2083 4947 tum?
2109 4893 2199 4946 Ait
2219 4893 2366 4947 enim
2397 4912 2411 4948 :
2450 4893 2587 4947 Deus
2612 4912 2730 4949 vero
2761 4898 2908 4965 pacis
2936 4899 3228 4967 sancti/iret
3254 4916 3342 4954 vos
3367 4901 3504 4954 inte-

1986 5008 2030 5039 "
2064 5006 2256 5061 Matth.
2285 5023 2340 5073 Χ,
2365 5007 2455 5062 29.

1354 5139 1587 5196 unus
1646 5123 2030 5195 LECTIONES
2067 5138 2153 5192 ET
2184 5139 2418 5194 NOTAE.

320 5266 399 5335 (4)
459 5265 615 5334 Πρὸς
654 5264 889 5335 ἀγῶνας
919 5264 1128 5335 γέλθοι.
1171 5261 1404 5335 Phrasis
1469 5260 1820 5335 gymnastica,

320 5283 399 5335 (ο)
459 5283 615 5334 “pec
654 5283 692 5320 a
777 5283 889 5330 νας
944 5283 1128 5318 ευιυοι.
1182 5283 1404 5315 Ιίιτίιδιδ
1469 5283 1820 5332 gyumusucu,

233 5339 408 5404 cujus
446 5353 550 5390 vox
595 5283 776 5390 Incidi:
814 5334 980 5387 variis
1012 5333 1401 5404 signiﬁcatibus
1435 5333 1681 5404 subjecta?
1709 5341 1820 5404 est,

233 5401 386 5478 quas
419 5406 734 5460 Eustathius
773 5401 1103 5478 summatim,
1130 5405 1206 5478 ad
1239 5402 1437 5478 Ili_ado_s
1488 5403 1543 5462 Σ,
1578 5419 1631 5470 p.
1659 5403 1685 5478 _1

234 5471 321 5534 ila
350 5478 668 5546 complexus
691 5487 774 5531 est
805 5494 816 5528 :
870 5477 927 5526 ὐ
960 5475 1017 5546 δε
1044 5475 1192 5546 ἁγὼν
1223 5473 1638 5546 πολυσήμαντος
1659 5471 1822 5546 λέξις,

232 5550 394 5604 κατά
417 5540 543 5608 τοῦς
579 5546 863 5610 παλαιούς.
901 5542 1070 5611 Ἀγὼν
1103 5545 1231 5612 γὰρ,
1268 5540 1452 5626 φησιν,
1485 5543 1692 5626 ᾆμιλοξ,
1725 5540 1824 5626 κύ-

233 5620 411 5680 κλος,
449 5618 618 5686 μάχη,
668 5618 802 5685 ἔρις,
835 5621 1037 5683 ἀγορά,
1083 5613 1504 5686 συναγωγὴ-καὶ
1543 5612 1822 5686 ἐπίδειξιςτ

237 5692 365 5760 Ego
400 5681 488 5740 hic
517 5681 717 5760 locum,
752 5689 804 5740 in
827 5681 1233 5760 qudccrtamep
1262 5683 1575 5760 suscipitur,
1601 5681 1826 5760 indicari

243 5752 440 5830 putem
467 5774 561 5830 per
599 5752 1062 5830 ἀγκῶναςξίιιιιιιιι.
1091 5753 1242 5830 vocis
1277 5753 1564 5830 notionem
1597 5752 1826 5830 (ient-0n:

240 5820 582 5888 stravit-10.
639 5820 834 5900 Georg.
894 5820 1159 5895 Granius,
1210 5825 1263 5879 in
1306 5824 1449 5879 notis
1500 5823 1567 5879 ad
1603 5820 1827 5877 Hesiodi

1940 5260 2185 5336 :Acrtiaa.
2211 5277 2264 5336 ν.
2282 5261 2404 5315 διε.
2424 5261 2646 5336 Ποριιιίἰε
2667 5260 3150 5336 signiﬁcationibus
3172 5265 3288 5336 lege
3307 5264 3504 5324 Ezech.

1932 5331 2343 5404 Spanhemium.
2396 5334 2460 5385 ad
2497 5331 2780 5404 orationes
2808 5331 3040 5395 Juliani,
3073 5350 3125 5404 p.
3156 5331 3250 5399 11,
3274 5337 3367 5400 12;
3395 5337 3508 5392 Lu-

1931 5403 2106 5456 dovic.
2154 5403 2513 5478 (ircsollium,
2545 5402 2608 5478 in
2647 5402 2873 5478 T_heat_ro
2901 5402 3185 5478 rhetorum
3239 5418 3286 5460 et
3327 5411 3508 5478 sophi-

1932 5485 2156 5531 starum,
2192 5471 2283 5525 lib.
2332 5515 2345 5537 ,
2373 5490 2429 5526 ιιι
2455 5488 2499 5525 c.
2539 5472 2637 5537 H;
2669 5474 2940 5528 Gottl'red.
2976 5473 3248 5531 Olearium
3293 5481 3358 5533 ad
3386 5471 3510 5536 Phi-

1932 5542 2140 5615 llistrali
2176 5542 2314 5615 Vitas
2346 5544 2723 5610 sophistarum,
2755 5544 2788 5596 Ι.
2822 5561 2954 5608 χχιι,
2987 5545 3014 5615 §
3046 5551 3093 5612 l,
3124 5563 3180 5601 n.
3213 5550 3280 5609 ιι
3316 5562 3368 5604 cl
3392 5551 3510 5608 Jac.

1935 5613 2168 5685 Tolliu_m
2194 5615 2258 5665 ad
2293 5613 2596 5685 Longinum
2643 5615 2774 5682 περὶ
2823 5613 3044 5684 ὕψους,
3090 5628 3224 5672 sect.
3260 5621 3292 5673 9
3337 5629 3390 5674 et
3424 5625 3508 5685 11,

1935 5699 1990 5736 ιι.
2018 5685 2068 5737 1.
2108 5683 2351 5758 Pertinet
2395 5685 2501 5758 huc
2524 5684 2746 5758 phrasis
2776 5683 2925 5758 ἅγιον
2956 5687 3244 5758 πρόκειται
3265 5727 3278 5741 .
3312 5691 3378 5742 de
3405 5683 3511 5758 qua

1934 5754 2156 5825 exponit
2179 5754 2364 5810 Lamb.
2394 5753 2498 5810 Bos
2518 5756 2574 5811 in
2599 5754 2751 5812 Notis
2779 5755 2845 5810 ad
2881 5755 2946 5810 Ν.
2982 5756 3072 5824 Ἰ“.,
3101 5773 3156 5827 p.
3183 5758 3308 5812 254.
