4088 6428
582 365 686 430 103

1741 368 2007 430 PHOTII
2046 366 2562 430 PATRIARCHAZ
2601 368 2710 430 ΟΡ.

3760 365 3865 430 104.

577 499 722 556 gros,
755 492 803 538 et
833 491 970 538 totus
999 481 1231 553 Spiritus
1262 494 1452 550 vester,
1501 491 1550 539 et
1576 483 1760 538 anima
1786 491 1834 536 et
1867 496 2058 551 corpus
2083 481 2172 534 in-

2278 497 2382 534 των
2415 479 2578 544 Θεοῦ,
2611 479 2730 544 πῶς
2760 480 2822 534 τδ
2846 479 3007 552 σῶμα
3039 481 3136 536 καὶ
3163 481 3224 535 τὸ
3253 480 3476 552 πνεῦμα
3495 483 3594 536 καὶ
3625 481 3727 554 τὴν
3755 490 3864 553 ψυ-

579 574 802 644 culpata
856 586 1230 632 conserventur
1288 578 1345 631 in
1398 576 1685 630 adventum
1733 573 1952 628 Domini
2003 573 2170 627 nostri

576 663 703 719 .iesu
729 663 923 720 Christi
945 664 1015 719 ⁸ο.
1048 663 1257 720 Praeter
1281 680 1412 720 vero
1441 665 1565 728 ista,
1626 662 1672 718 si
1721 662 1906 717 anima
1942 662 2170 717 alterius

578 756 842 828 principii
893 772 1034 827 opus
1086 757 1411 820 exsisteret,
1469 754 1696 810 alterius
1741 769 1874 809 vero
1930 767 2167 825 corpus,

577 850 850 921 quomodo
900 865 1060 904 verus
1107 851 1278 904 nostri
1330 849 1582 903 conditor
1628 855 1685 902 et
1760 848 1925 915 Deus,
1981 861 2171 903 servos

577 957 708 998 suos
733 942 881 996 curis
919 958 1029 997 non
1059 942 1351 997 distractos
1379 954 1502 995 esse
1527 940 1780 1011 cupiens.
1830 941 1898 995 de
1932 949 2165 1012 utroque

577 1034 831 1105 praecipit
866 1033 1058 1088 dicens
1088 1051 1101 1087 :
1152 1031 1234 1086 Ne
1275 1041 1457 1085 curate
1486 1031 1550 1084 de
1586 1031 1768 1085 anima
1796 1039 1992 1095 vestra,
2045 1031 2173 1101 quid

578 1125 748 1181 edatis
781 1133 875 1179 aut
909 1125 1120 1189 bibatis,
1148 1141 1313 1190 neque
1347 1123 1556 1194 corpori
1595 1132 1788 1190 vestro,
1821 1124 1949 1192 quid
1979 1124 2175 1177 indua-

578 1217 645 1270 tis
670 1217 736 1268 “.
768 1214 962 1270 Postea
1021 1215 1200 1268 adhuc
1263 1213 1435 1285 magis
1493 1215 1747 1284 exemplo
1815 1214 2049 1283 quodam
2105 1213 2174 1269 ad

578 1305 958 1376 percipiendas
987 1305 1390 1360 admonitiones
1421 1305 1788 1375 perducturus
1834 1322 1848 1358 :
1896 1303 2171 1373 Inspicite,

489 1427 493 1430 λ
577 1397 774 1466 inquit,
809 1399 865 1451 in
914 1397 1152 1452 volucres
1201 1398 1362 1463 casti,
1408 1399 1533 1468 quia
1558 1413 1661 1451 non
1689 1405 1888 1461 serunt,
1942 1412 2034 1450 nec
2061 1413 2173 1450 nte-

579 1502 718 1558 tunt,
754 1510 918 1562 neque
963 1494 1019 1547 in
1057 1494 1317 1564 granaria
1368 1494 1762 1563 congerunt";
1804 1499 1860 1545 et
1895 1491 2038 1545 unde
2066 1490 2174 1545 illis

579 1584 754 1639 victus
787 1585 1067 1654 suppetit?
1115 1584 1282 1640 Pater
1311 1595 1482 1639 vester
1517 1584 1742 1638 cazlestis
1788 1583 1951 1637 nutrit
1987 1599 2075 1636 eas
2105 1582 2170 1637 ⁸³.

580 1678 636 1731 Si
666 1678 847 1748 itaque
888 1677 1102 1732 Patrem
1156 1686 1405 1732 nostrum
1435 1677 1716 1732 caelestem
1753 1691 1898 1740 eum,
1955 1675 2048 1745 qui
2077 1690 2173 1729 vo-

2274 571 2374 644 χὴν
2392 571 2689 642 ὀλόκληρον
2705 571 3000 643 ἐπεύχεται
3015 573 3174 644 διατη
3183 573 3414 646 ρηθῆναι
3438 575 3534 629 καὶ
3579 574 3698 629 τότε
3718 575 3780 629 ἒν
3791 577 3861 648 τῇ

2273 665 2370 719 τοῦ
2395 663 2606 737 Κυρίου
2633 664 2933 737 παρουσίας
2960 666 3125 733 Λέγει
3151 665 3262 736 γάρ
3279 682 3295 697 ⁸
3341 667 3536 733 Αὐτὸς
3558 666 3628 721 δὲ
3653 671 3686 721 ὀ
3715 667 3865 733 Θεὸς

2273 754 2386 824 τῆς
2406 753 2658 823 είρήνης
2675 755 2920 824 ἁγιάσαι
2941 755 3099 826 ὑμᾶς
3115 757 3444 824 ὁλοτελεῖς,
3464 758 3565 812 καί
3595 761 3863 826 ὀλόκλη-

2265 863 2381 916 ρον
2401 844 2565 915 ὑμῶν
2581 848 2648 899 τὸ
2665 847 2899 916 πνεῦμα
2916 849 3012 902 καί
3027 850 3066 916 ἡ
3081 848 3254 918 ψυχὴ
3269 849 3370 903 καί
3393 850 3461 903 τὸ
3486 849 3659 918 σῶμα
3676 851 3866 921 ἁμέμ·

2275 955 2436 1005 πτως
2467 939 2537 993 ἐν
2574 939 2649 1006 τῇ
2691 942 2999 1009 παρουσίᾳ
3041 941 3150 996 τοῦ
3184 944 3407 1012 Κυρίου
3448 941 3622 1012 ἡμῶν
3654 943 3863 1010 Ἰησοῦ

2275 1030 2537 1100 Χριστοῦ
2555 1031 2960 1102 διατηρηθείη.
2979 1035 3164 1102 Χωρὶς
3182 1034 3239 1087 δὲ
3261 1034 3468 1088 τούτων
3490 1036 3538 1088 εἰ
3559 1033 3726 1104 ἄλλης
3760 1034 3863 1104 μὲν

2273 1119 2343 1194 ἦν
2374 1125 2551 1195 ἀρχῆς
2590 1124 2758 1194 ἔργον
2793 1128 2826 1197 ὴ
2853 1125 3024 1196 ψυχὴ,
3058 1126 3253 1197 ἑτέρας
3289 1127 3348 1180 δὲ
3371 1127 3433 1180 τὸ
3464 1126 3645 1196 σῶμα,
3683 1127 3800 1188 πῶς
3832 1125 3862 1178 6

2274 1213 2482 1284 ἀληθὴς
2535 1215 2692 1284 ἡμῶν
2766 1218 3011 1289 πλάστης
3061 1218 3158 1271 καὶ
3217 1217 3352 1281 Θεὸς
3407 1217 3862 1288 ἀπερισπάστους

2276 1302 2417 1361 εἶναι
2468 1308 2818 1378 βουλόμενος,
2871 1311 3000 1371 τοὺς
3052 1309 3218 1363 αὐτοῦ
3252 1309 3519 1363 νουθετῶν
3553 1307 3861 1376 λατρευτάς

2275 1404 2536 1472 παραινεί
2573 1405 2701 1472 περὶ
2731 1402 2998 1472 ἑκατέρου
3038 1401 3244 1469 λέγων’
3294 1401 3391 1468 Μὴ
3430 1398 3753 1469 μεριμνᾶτε
3784 1399 3862 1469 τῇ

2273 1493 2448 1564 ψυχῇ
2474 1494 2660 1564 ὑμῶν,
2692 1496 2749 1548 τί
2786 1495 3036 1565 φάγητε,
3064 1494 3102 1563 ἢ
3133 1495 3191 1548 τί
3215 1496 3411 1562 πίητε,
3435 1494 3592 1564 μηδὲ
3620 1493 3700 1559 τῷ
3737 1493 3861 1547 σώ-

2269 1603 2414 1654 ματι
2439 1584 2624 1654 ὑμῶν,
2655 1588 2712 1640 τί
2731 1587 3112 1654 ἐνδύσησθες
3137 1583 3270 1641 Εἶτα
3297 1589 3390 1640 καὶ
3421 1587 3580 1640 πλέον
3609 1588 3756 1656 ἡμᾶς
3784 1583 3862 1655 τῷ

2276 1677 2686 1748 παραδείγματι
2727 1679 2864 1748 πρὸς
2911 1678 3013 1749 τὴν
3049 1679 3332 1733 νουθεσίαν
3362 1677 3566 1740 ἕλκων,
3623 1675 3864 1745 Ἐμϐλέ-

576 1770 755 1827 lucres
789 1771 914 1827 caeli
942 1771 1136 1836 nutrit,
1167 1780 1222 1827 et
1265 1771 1535 1841 agnoscit,
1573 1778 1629 1826 et
1665 1769 1902 1840 appellat
1929 1768 2175 1822 veritatis

2278 1771 2456 1836 ψατε,
2485 1771 2672 1837 φησὶν,
2701 1770 2788 1834 είς
2819 1768 2891 1822 τὰ
2937 1769 3178 1823 πετεινὰ
3208 1769 3315 1823 τοῦ
3350 1769 3634 1838 οὐρανοῦ,
3665 1768 3754 1820 ὅτι
3785 1769 3859 1821 οὐ

575 1862 721 1928 fons,
773 1864 883 1919 imo
916 1879 1046 1919 vero
1086 1879 1312 1935 gramen
1361 1863 1497 1935 agri,
1559 1862 1613 1916 in
1646 1860 1926 1916 fornacem
1970 1860 2170 1929 conjici

2278 1862 2659 1928 σπείρουσιν,
2701 1861 2846 1914 οὐδὲ
2893 1860 3254 1929 θερίζουσιν,
3281 1861 3423 1915 οὐδὲ
3475 1860 3861 1930 συνάγουσιν

577 1955 822 2018 solitum.
871 1957 940 2012 ab
988 1957 1182 2012 eodem
1231 1956 1366 2021 Deo,
1417 1971 1479 2010 ea
1517 1955 1694 2010 forma
1745 1953 1897 2008 indui
1929 1954 2026 2015 ait,
2065 1968 2172 2022 qua

2278 1955 2365 2018 είς
2396 1952 2734 2018 ἁποθήιιαςο
2763 1954 2859 2006 καὶ
2893 1953 3059 2006 πόθεν
3085 1954 3269 2017 αὐτοῖς
3297 1955 3330 2024 ή
3367 1953 3515 2022 ζωῆς
3565 1951 3618 2006 ’0
3652 1954 3858 2020 Πατὴρ

579 2064 684 2105 nec
719 2047 976 2104 Salomon
1003 2050 1077 2116 {in
1109 2049 1260 2104 omni
1290 2065 1384 2103 sua
1416 2047 1586 2120 gloria
1617 2047 1950 2117 conspicuus
1981 2045 2168 2113 fuerit,

575 2142 850 2211 quomodo
896 2141 1159 2198 effrenata
1214 2140 1516 2210 impietatis
1571 2155 1665 2194 ora
1711 2139 1880 2192 alium
1930 2137 2161 2207 quidem

576 2237 860 2307 graminis,
887 2246 943 2292 et
962 2237 1144 2292 avium
1176 2243 1232 2290 et
1251 2235 1499 2304 corporis
1531 2241 1587 2288 et
1619 2249 1801 2288 rerum
1827 2231 2168 2287 sensibilium

576 2327 823 2382 omnium
875 2328 1218 2384 conditorem
1250 2327 1592 2391 renuntiant,
1651 2324 1811 2379 alteri
1841 2337 1974 2377 vero
2001 2321 2166 2376 dimi-

575 2418 728 2474 dium
759 2420 1112 2490 principitum
1144 2436 1210 2474 ex
1243 2428 1412 2491 gratia
1449 2418 1603 2488 quasi
1637 2415 1984 2488 largiuntur?

2278 2043 2446 2114 ὑμῶν
2505 2048 2538 2098 ό
2585 2047 2869 2114 οίιριίνιος
2907 2046 3108 2116 τρέφει
3167 2046 3340 2100 αὑτά.
3379 2047 3446 2099 Ei
3493 2043 3586 2100 οὖν
3633 2046 3860 2115 Πατέρα

2279 2134 2436 2204 ἡμῶν
2462 2137 2716 2206 οὐράνιον
2751 2139 2841 2191 τὸν
2871 2139 3143 2206 τρέφοντα
3187 2138 3257 2190 τά
3289 2137 3515 2192 πετεινά
3550 2137 3644 2190 τοῦ
3689 2137 3858 2207 οὐρα-

2278 2225 2392 2290 νοῦ,
2437 2227 2530 2278 καὶ
2559 2222 2667 2279 οἶδε
2699 2227 2796 2280 καὶ
2826 2225 2979 2294 λέγει
3011 2227 3114 2296 τῆς
3149 2226 3408 2297 ἀληθείας
3440 2228 3474 2296 ἡ
3511 2225 3680 2295 πηγή,
3707 2225 3860 2292 λέγει

2275 2317 2333 2371 δὲ
2373 2321 2470 2372 καὶ
2520 2319 2611 2371 τὸν
2649 2319 2842 2390 χόρτον
2873 2319 2970 2372 τοῦ
3017 2319 3190 2391 ἀγροῦ
3241 2319 3334 2374 τὸν
3370 2320 3450 2384 εἰς
3476 2318 3568 2372 τὸν
3599 2317 3860 2371 κλίϐανον

2279 2410 2608 2481 βαλλόμενον
2638 2412 2742 2464 ὑπὸ
2769 2412 2866 2466 τοῦ
2897 2411 3065 2467 αὐτοῦ
3098 2411 3261 2478 Θεοῦ,
3314 2412 3510 2474 κάλλος
3557 2410 3860 2480 ἀμφιέννυ-

583 2513 730 2578 σθαι,
767 2514 879 2567 οἷον
911 2514 1035 2568 οὐδὲ
1091 2511 1346 2581 Σολομὼν
1396 2512 1457 2566 ἐν
1482 2512 1581 2585 ὅλῃ
1609 2509 1775 2566 αὑτοῦ
1816 2507 2173 2581 περιεϐάλετο
2209 2507 2274 2576 τῇ
2327 2503 2478 2576 δόξῃ·
2513 2504 2634 2569 πῶς
2702 2505 2773 2560 τὰ
2816 2505 3081 2560 ἁπύλωτα
3139 2505 3240 2575 τῆς
3281 2504 3538 2567 ἀσεϐείας
3585 2503 3857 2573 στόματα,

577 2607 734 2661 ἄλλον
760 2607 861 2678 μὲν
887 2607 979 2661 τοῦ
1009 2607 1205 2679 χόρτου
1257 2609 1352 2662 καὶ
1384 2606 1490 2661 τῶν
1524 2607 1789 2660 πετεινῶν
1866 2605 1962 2659 καὶ
2025 2600 2121 2657 τοῦ
2185 2599 2459 2672 σώματος,
2518 2603 2616 2656 καὶ
2658 2602 2768 2657 τῶν
2819 2601 3103 2674 αἰσθητῶν
3156 2601 3415 2656 ἁπάντων
3482 2599 3859 2672 χειροτονοῦσι

574 2702 931 2772 δημιουργὸν,
953 2702 1126 2774 ἑτέρῳ
1155 2703 1213 2756 δὲ
1232 2705 1333 2773 τὴν
1350 2701 1619 2772 ἡμίτομον
1639 2700 1956 2772 χαρίζονται
1975 2701 2150 2771 ἀρχὴν
2171 2721 2187 2770 ;

650 2793 718 2847 Χ.
747 2792 904 2858 Quod
943 2809 1077 2848 vero
1107 2795 1251 2849 idem
1290 2795 1382 2860 sit,
1415 2793 1510 2864 qui
1553 2802 1610 2848 et
1652 2793 1937 2848 saecularia
1971 2794 2088 2849 haec
2117 2801 2174 2849 et

578 2887 844 2944 cwlorum
877 2902 1106 2957 regnum
1134 2887 1386 2958 largitur,
1421 2887 1610 2956 paucis
1631 2894 2166 2941 commonstraturus

579 2980 839 3035 Servator
873 2995 888 3032 :
919 2977 1076 3032 Novit
1101 2979 1264 3042 enim,
1291 2979 1488 3048 inquit,
1523 2978 1691 3032 Pater
1738 2987 1901 3033 vester
1931 2979 2171 3043 cwlcstis,

2344 2793 2404 2849 Υ.
2441 2793 2565 2846 Ὀτι
2595 2791 2651 2844 δὲ
2677 2793 2705 2844 6
2722 2789 2884 2852 αὐτὸς
2915 2791 3064 2842 ἔστιν
3083 2790 3111 2842 6
3130 2787 3228 2842 καὶ
3247 2784 3423 2841 ταῦτα
3447 2784 3517 2840 τά
3536 2785 3858 2859 πρόσκαιρα

2273 2885 2473 2949 διδοὺς,
2502 2883 2598 2937 καὶ⁹
2627 2881 2726 2951 τὴν
2765 2880 3048 2952 βασιλείαν
3099 2879 3208 2932 τῶν
3233 2878 3478 2951 οὐρανῶν
3517 2877 3858 2949 λεπτομερέ-

2276 2992 2468 3046 στερον
2500 2972 2735 3043 βεϐαιῶν
2765 2972 2826 3024 τὸ
2855 2971 3035 3041 δόγμα
3059 2983 3074 3000 ⁶
3106 2965 3244 3022 Οἵδε
3275 2969 3407 3038 γὰρ,
3444 2968 3629 3037 φησὶν,
3676 2971 3708 3022 d
3743 2971 3861 3021 Πα-

577 3073 716 3142 quod
759 3072 838 3125 his
890 3074 1130 3124 omnibus
1174 3072 1442 3141 indigetis.
1498 3069 1733 3136 Quwrite
1781 3088 1901 3125 vero
1937 3073 2170 3142 primum

2278 3069 2386 3138 τὴρ
2429 3066 2594 3136 ὑμῶν
2629 3069 2662 3119 ό
2691 3063 2992 3132 οὐράνιος,
3025 3062 3114 3116 ὅτι
3137 3060 3381 3130 χρῄζετε
3406 3062 3632 3114 τούτων
3661 3060 3860 3115 ἁπάν-

581 3181 801 3235 regnum
835 3163 951 3227 Dei,
1006 3172 1055 3216 et
1088 3163 1361 3232 justitiam
1405 3162 1556 3233 ejus,
1606 3173 1655 3216 et
1689 3164 1792 3216 ista
1819 3165 1998 3217 omnia
2025 3164 2170 3232 adji-

2279 3179 2416 3217 των.
2431 3159 2682 3228 ,Ζητεῖτε
2705 3158 2773 3211 δὲ
2802 3156 3041 3226 πρῶτον
3061 3155 3176 3223 τὴν
3195 3156 3526 3220 ,ϐασιλείαν
3552 3154 3658 3207 τοῦ
3683 3153 3857 3218 Θεοῦ,

581 3257 786 3310 cientur
815 3257 954 3310 vobis
987 3255 1054 3307 “.
1087 3255 1256 3324 Cujus
1290 3263 1398 3320 est,
1450 3256 1617 3310 homo
1647 3255 2035 3324 perditissime,
2083 3272 2174 3311 re-

2278 3255 2375 3309 καὶ
2434 3253 2552 3320 τὴν
2597 3251 2993 3316 δικαιοσύνην
3031 3247 3238 3310 αὑτοῦ,
3283 3247 3383 3301 καί
3426 3247 3612 3300 ταῦτα
3659 3245 3862 3299 πάντα

582 3363 752 3418 gnum
805 3346 1093 3409 caelorum,
1143 3357 1200 3400 et
1227 3346 1386 3414 cujus
1411 3356 1496 3401 est
1519 3347 1730 3416 justitia
1757 3347 1921 3417 ejus?
1967 3356 2024 3402 et
2053 3349 2176 3418 quis

583 3437 895 3508 suppeditat
957 3437 1384 3491 necessitatibus
1461 3437 1715 3506 corporis
1784 3438 2178 3493 consultura?

584 3546 767 3584 nonne
795 3530 937 3585 idem
971 3530 1136 3595 Deus,
1192 3530 1282 3599 qui
1338 3545 1482 3584 unus
1539 3538 1622 3584 est
1676 3538 1732 3585 et
1763 3532 1911 3586 solus
1939 3532 1961 3584 ?
1991 3547 2175 3585 nonne

583 3622 894 3676 communis
927 3621 1235 3676 formator?
1277 3639 1460 3677 nonne
1491 3625 1736 3678 omnium
1780 3623 2086 3678 Dominus?
2119 3624 2176 3677 Si

585 3729 716 3767 vero
755 3713 849 3782 qui
880 3712 1051 3767 solem
1103 3728 1262 3767 suum
1306 3713 1436 3766 oriri
1485 3712 1616 3767 facit
1675 3729 1840 3783 super
1902 3714 2072 3768 malos
2122 3723 2177 3767 et

583 3804 782 3868 bonos,
815 3812 871 3858 et
906 3805 1146 3874 pluviam
1177 3805 1539 3873 superjustos
1569 3815 1623 3859 et
1649 3807 1882 3874 injustos
1914 3805 2173 3872 demittit,

585 3896 731 3951 idem
761 3905 867 3961 est,
931 3897 1022 3966 qui
1071 3898 1136 3950 ad
1165 3897 1528 3964 perliciendas
1555 3899 1790 3952 virtutes
1821 3912 1924 3950 nos
1955 3897 2009 3950 in
2039 3898 2177 3953 ﬁlios

583 3987 905 4056 adoptavit;
957 3987 1046 4042 hic
1076 4002 1208 4041 vero
1241 3997 1322 4042 est
1357 3988 1516 4042 Pater
1555 3997 1762 4054 noster,
1811 3989 1901 4057 qui
1939 3988 1992 4041 in
2024 3989 2175 4043 cmlis

583 4089 687 4135 est.
721 4080 914 4134 Nonne
964 4081 1318 4136 vehementer
1363 4083 1728 4136 abominanda
1776 4093 1866 4136 est
1900 4093 2176 4152 apostata-

584 4187 708 4225 rum
749 4171 1049 4238 impietas?
1093 4173 1206 4244 Ego
1237 4175 1399 4237 enim,
1463 4175 1643 4243 inquit
1696 4172 1990 4236 Servalor,
2034 4173 2177 4226 vobis

584 4263 703 4317 dico
733 4279 752 4317 :
777 4263 994 4334 Ditigite
1025 4265 1267 4319 inimicos
1312 4276 1530 4328 vestros,
1567 4266 1858 4334 benefacite
1908 4266 2026 4318 odio
2055 4281 2179 4333 pro-

585 4351 913 4420 sequentibus
935 4367 1021 4404 vos
1052 4352 1116 4405 ‘5.
1156 4350 1360 4422 Pergit,
1415 4353 1462 4406 si
1494 4362 1770 4422 quaeratur
1814 4367 2064 4420 quasnam
2107 4353 2177 4406 sit

586 4441 914 4497 obedientiaa
947 4444 1206 4497 merces?
1249 4445 1312 4499 Ut
1348 4445 1492 4510 ﬁatis
1535 4444 1633 4512 ﬁlii
1683 4443 1864 4497 Patris
1894 4445 2051 4497 vestri
2076 4461 2174 4498 cae-

2278 3345 2756 3416 προστεθήσεται
2787 3343 2950 3412 ὑμῖν.
2994 3341 3150 3404 Τίνος
3185 3340 3358 3406 ἐστὶν,
3395 3339 3578 3406 ἄθλιε,
3619 3340 3654 3410 ἡ
3703 3339 3860 3410 βασι-

2277 3441 2398 3494 λεία
2435 3438 2529 3492 τοῦ
2567 3436 2725 3501 Θεοῦ,
2770 3437 2864 3488 καὶ
2898 3434 3043 3497 τίνος
3087 3435 3119 3503 ἡ
3149 3431 3468 3502 δικαιοσύνη
3521 3431 3724 3498 αὐτοῦ;
3761 3431 3861 3485 καὶ

2277 3537 2362 3597 τίς
2398 3535 2424 3586 6
2457 3529 2773 3600 προστιθεὶς
2801 3529 2898 3580 καὶ
2921 3528 2989 3579 τὰ
3020 3528 3099 3589 είς
3127 3525 3226 3596 τὴν
3251 3525 3442 3596 χρείαν
3476 3522 3572 3576 τοῦ
3605 3524 3862 3594 σώματος

2277 3623 2635 3697 διαρκῆ;οὐχ
2685 3624 2712 3674 ὁ
2745 3619 2906 3682 αὐτὸς
2942 3619 3074 3682 θεὸς
3118 3619 3146 3670 6
3190 3613 3270 3680 εἷς
3324 3619 3417 3670 καὶ
3459 3618 3652 3687 μόνος;
3691 3618 3794 3686 οὐχ
3832 3617 3863 3668 6

2279 3718 2456 3780 κοινὸς
2490 3716 2736 3784 πλάστης
2759 3729 2772 3777 ;
2805 3714 2919 3782 Οὐχ
2945 3714 2973 3765 6
3005 3713 3223 3764 πάντων
3250 3709 3584 3781 δημιουργός
3611 3725 3625 3774 ;
3658 3710 3722 3762 Ei
3749 3710 3807 3762 δὲ
3835 3712 3864 3762 6

2280 3808 2372 3860 τὸν
2405 3808 2559 3877 ἥλιον
2591 3803 2756 3857 αὑτοῦ
2783 3801 3093 3856 ἀνατέλλων
3130 3801 3223 3852 ἐπὶ
3273 3801 3544 3869 πονηροὺς
3575 3799 3668 3852 καὶ
3718 3801 3863 3868 ἀγα-

2282 3901 2431 3963 θοὺς,
2462 3899 2559 3952 καὶ
2596 3896 2805 3966 βρέχων
2837 3895 2927 3947 ἐπὶ
2953 3894 3198 3956 δικαίους
3236 3894 3331 3945 καὶ
3362 3891 3600 3955 ἀδίκους,
3628 3894 3656 3944 6
3695 3892 3864 3956 αὐτὸς

2279 3997 2427 4048 ἐστιν
2459 3994 2487 4044 6
2515 3994 2608 4045 καὶ
2639 3991 2725 4042 διὰ
2749 3989 2848 4059 τὴν
2881 3988 3162 4041 τελείωσιν
3200 3987 3308 4039 τῶν
3350 3986 3566 4056 ἀρετῶν
3592 3985 3864 4041 υίοθετού-

2283 4104 2443 4157 μενος
2479 4088 2646 4156 ἡμᾶς,
2689 4077 2846 4144 οὗτος
2875 4081 2930 4134 δέ
2965 4083 3112 4134 ἐστιν
3135 4083 3164 4135 6
3188 4080 3376 4149 Πατὴρ
3409 4079 3566 4150 ἡμῶν
3602 4081 3630 4133 6
3657 4083 3715 4132 ἐν
3745 4083 3862 4142 tot;

2279 4174 2550 4242 οὐρανοῖς·
2594 4169 2710 4231 πῶς
2760 4168 2880 4238 οὐχὶ
2936 4168 3139 4239 σφόδρα
3207 4167 3498 4238 βδελυκτὸν
3546 4170 3579 4238 ἡ
3633 4169 3863 4220 ἀσέϐεια

2278 4263 2392 4316 τῶν
2422 4260 2780 4325 ἁποστατῶν;
2836 4259 2984 4328 Ἐγὼ
3034 4259 3170 4327 γὰρ,
3214 4260 3381 4329 φησὶν
3410 4259 3438 4310 6
3467 4258 3677 4334 Σωτὴρ,
3718 4259 3868 4328 ὑμῖν

2279 4356 2458 4426 λέγωο
2475 4353 2758 4424 Ἄγαπᾶτε
2773 4353 2916 4419 τοὺς
2933 4352 3187 4421 ἐχθροὺς
3209 4351 3396 4420 ὑμῶν,
3425 4351 3621 4418 καλῶς
3639 4352 3867 4406 ποιεῖτε

2282 4447 2406 4515 τοῖς
2433 4447 2729 4518 μισοῦσιν
2759 4444 2935 4514 ὑμᾶς.
2995 4438 3127 4497 Εἶτα
3179 4444 3275 4496 καὶ
3308 4443 3391 4508 τίς
3419 4445 3446 4496 6
3472 4446 3584 4506 τοῖς
3605 4445 3868 4514 πειθομέ-

588 4533 750 4589 testis.
803 4534 938 4600 Quis
984 4551 1114 4589 vero
1167 4545 1252 4590 est
1296 4536 1457 4590 Pater
1508 4537 1796 4591 caelestis?
1855 4536 1958 4601 Qui
2006 4539 2171 4591 solent

2284 4559 2397 4604 νοις
2449 4539 2677 4610 μισθός;
2739 4539 2942 4602 ’Ὅπως
2993 4536 3254 4604 γένησθε
3310 4535 3430 4588 υἱοὶ
3468 4535 3577 4587 τοῦ
3627 4537 3868 4603 Πιιτρὸς

587 4643 744 4681 suum
786 4629 918 4680 oriri
951 4628 1079 4697 facit
1119 4645 1276 4697 super
1313 4629 1481 4681 malos
1523 4637 1570 4682 et
1619 4630 1811 4694 bonos,
1870 4630 2172 4696 etplaviam

588 4717 750 4769 mittit
787 4733 944 4785 super
978 4717 1156 4786 justas
1189 4727 1238 4770 et
1287 4718 1532 4782 injustas.
1580 4717 1708 4772 Sitis
1750 4721 1917 4790 igitur
1963 4720 2176 4789 perfecti

588 4825 696 4872 vos,
727 4810 863 4863 sicut
894 4809 1052 4863 Pater
1080 4819 1250 4863 vester
1273 4811 1494 4864 cwlestis
1520 4812 1780 4881 perfectus
1804 4821 1879 4866 est
1900 4813 1964 4863 ⁵⁸.
1992 4811 2177 4866 Peric-

593 4910 714 4954 ctus
744 4901 907 4970 igitur
957 4902 1134 4967 Pater,
1160 4916 1322 4970 quem
1376 4903 1576 4956 imitari
1627 4919 1726 4956 nos
1751 4904 1927 4970 jubet,
1960 4903 2050 4972 qui
2083 4919 2181 4956 ua-

597 5001 720 5046 tura
757 5002 813 5047 et
836 4991 1027 5059 Filius,
1081 4994 1224 5047 idem
1261 4994 1352 5047 ille
1387 5003 1490 5058 est,
1528 5011 1635 5062 non
1690 4995 1828 5050 alius
1876 4995 1968 5064 qui
2016 4996 2186 5049 solem

593 5087 861 5141 visibilem
885 5087 1018 5140 oriri
1044 5087 1195 5148 facit,
1223 5088 1424 5156 quique
1448 5088 1623 5142 lucem
1655 5088 1972 5142 sensibilem
2003 5089 2185 5150 nobis,

595 5181 687 5248 qui
733 5180 987 5234 sensibus
1026 5180 1260 5247 subjecti
1315 5196 1521 5241 sumus,
1571 5182 1902 5250 suppeditat,
1964 5191 2016 5234 et
2052 5181 2189 5249 pluit

597 5288 762 5341 super
784 5272 958 5340 justos
997 5281 1053 5325 et
1085 5272 1340 5342 injustos,
1395 5282 1455 5328 ut
1510 5274 1721 5329 fructus
1768 5275 1912 5328 ferre
1965 5284 2021 5328 et
2070 5275 2173 5328 coli

600 5371 741 5416 terra
773 5363 964 5433 possit,
1002 5373 1189 5433 utque,
1252 5367 1298 5420 si
1347 5366 1476 5436 quid
1535 5368 1604 5420 ob
1643 5367 1954 5420 aritlitatem
2003 5367 2068 5421 ad
2099 5368 2186 5419 in-

599 5455 917 5523 temperiem
950 5464 1158 5525 vergat,
1211 5472 1326 5523 aer,
1385 5473 1497 5527 quo
1523 5459 1591 5513 ad
1623 5460 2036 5529 respirationem
2079 5460 2188 5513 uti-

603 5561 745 5608 mur,
775 5560 874 5615 per
903 5545 1191 5602 humorem
1231 5548 1430 5618 pluviae
1459 5559 1820 5620 temperetur.
1882 5552 1982 5607 libi
2026 5554 2190 5624 igitur

603 5647 733 5690 sunt
760 5637 982 5692 nefandi
1017 5638 1093 5692 illi
1129 5639 1345 5710 imperii
1381 5642 1475 5696 Dei
1509 5645 1823 5712 partitores,
1870 5646 1961 5715 qui
2005 5653 2185 5710 terrm,

672 5749 1001 5822 ‘r'rliThiess.
1048 5768 1102 5818 ν,
1149 5752 1243 5809 25.
1359 5756 1402 5788 ⁸⁸
1446 5757 1639 5812 Matth.
1679 5773 1756 5822 Vl,
1784 5757 1837 5811 2.

607 5818 652 5852 ’⁸⁸
687 5821 817 5877 ibid.
866 5821 956 5891 45,
991 5822 1084 5878 48.

1950 5758 1994 5792 ⁸³
2037 5758 2168 5813 ibid.
2213 5759 2305 5814 9.6.

2282 4631 2451 4702 ὑμῶν
2481 4632 2587 4685 τοῦ
2622 4631 2694 4683 ἐν
2720 4629 2845 4694 τοῖς
2883 4629 3182 4695 οὐρανοῖς.
3240 4627 3400 4679 Ἀλλὰ
3434 4628 3516 4690 τίς
3547 4629 3575 4680 6
3608 4627 3664 4678 ὲν
3694 4627 3867 4696 οὐρα-

2284 4729 2395 4788 νοῖς
2429 4725 2655 4793 Πατήρ;
2699 4723 2763 4774 Ὀ
2802 4720 2911 4774 τὸν
2959 4721 3139 4787 ἥλιον·
3165 4719 3354 4773 αὐτοῦ
3386 4719 3737 4773 ἀνατέλλων
3764 4719 3872 4772 ἐπὶ

2285 4817 2581 4884 πονηροὺς
2619 4815 2716 4870 καί
2743 4813 3022 4880 ἀγαθοὺς,
3066 4813 3161 4866 καὶ
3193 4811 3438 4879 βρέχων
3466 4812 3563 4864 ἐπὶ
3593 4812 3872 4877 δικαίους

2286 4911 2382 4963 καὶ
2434 4909 2705 4972 ἀδίκους.
2756 4909 3019 4959 ’Έσεσυε
3049 4901 3163 4959 οὖν
3210 4905 3379 4973 ὑμεῖς
3423 4904 3660 4966 τέλειοι,
3709 4905 3788 4969 ὡς
3835 4907 3873 4958 ό

2288 5002 2490 5067 Πατὴρ
2535 4999 2705 5068 ὑμῶν·
2749 5001 2781 5051 ό
2818 4997 2888 5050 ἐν
2949 4997 3229 5064 οὐρανοῖς
3273 4996 3502 5060 τέλειός
3555 4996 3746 5048 ἐστιν.
3807 4997 3871 5046 '0

2287 5091 2416 5160 γοῦν
2450 5090 2656 5151 τέλειος
2708 5088 2919 5158 Πατὴρ,
2969 5086 3026 5138 ὃν
3075 5087 3222 5155 ἡμᾶς
3275 5085 3563 5154 μιμεῖσθαι
3626 5085 3654 5135 ὁ
3703 5083 3872 5151 φύσει

2289 5183 2550 5253 παραινεί
2580 5181 2728 5244 Υἱὸς,
2762 5179 2926 5242 αὐτὸς
2955 5171 3108 5240 οὗτός
3141 5179 3312 5237 ἐστιν,
3355 5177 3456 5228 οὐκ
3486 5175 3662 5239 ἄλλος,
3705 5177 3734 5228 6
3771 5176 3873 5227 τὸν

2284 5275 2562 5344 ὁρώμενον
2609 5270 2916 5324 ἀνατέλλων
2951 5270 3131 5338 ἣλιον·
3185 5269 3280 5320 καὶ
3314 5267 3372 5319 τὸ
3409 5268 3524 5333 φῶς
3577 5269 3708 5335 ἡμῖν
3753 5269 3873 5329 τοῖς

2287 5368 2563 5436 αἰσθητοῖς
2598 5365 2658 5416 τὸ
2714 5362 2973 5431 αἰσθητὸν
3032 5361 3306 5431 χορηγῶν,
3363 5363 3458 5413 καὶ
3507 5359 3714 5430 βρέχων
3771 5359 3874 5410 ἐπὶ

2284 5459 2528 5520 δικαίους
2562 5459 2655 5509 καὶ
2698 5455 2916 5514 ἀδίκους
2939 5493 2953 5515 ,
2986 5452 3078 5504 ἐπὶ
3112 5452 3463 5522 καρπονρορίᾳ
3502 5451 3592 5502 καὶ
3619 5450 3876 5521 γεωργίᾳ

2286 5554 2382 5622 τῆς
2419 5551 2524 5620 γῆς
2549 5566 2561 5579 ⁸
2595 5549 2688 5601 καὶ
2717 5547 2793 5610 ὡς
2831 5545 2920 5608 ἂν,
2953 5545 3004 5597 εἴ
3043 5561 3092 5596 τι
3133 5546 3272 5615 πρὸς
3305 5543 3574 5612 ἀκρασίαν
3609 5541 3870 5593 ἐπέκλινε

2289 5645 2378 5697 διὰ
2431 5640 2725 5712 ξηρότητα,
2754 5631 2798 5705 ᾧ
2846 5634 3108 5705 χρώμεθα
3160 5635 3296 5705 πρὸς
3326 5634 3621 5703 ἀναπνοὴν,
3665 5633 3692 5684 ὁ
3733 5631 3870 5703 ἀὴρ,

2420 5757 2465 5787 ³³
2518 5755 2652 5812 ibid.
2732 5754 2777 5786 ⁸⁷⁵
2818 5751 3009 5807 Matth.
3046 5766 3122 5816 v1,
3175 5750 3264 5806 52.
3345 5749 3390 5782 ’⁵⁵
3421 5749 3611 5804 Matth.
3658 5765 3710 5813 ν,
3776 5749 3873 5803 ιιι.
