4088 6444
624 389 722 454 1οἾ

1751 384 2015 463 ΙῖΗΟΤΙΙ
2052 382 2563 445 ΡΑΤΗΙΑΒΟΗᾸΞ.
2599 380 2710 441 CP.

3782 373 3875 439 108

618 507 791 574 ipsum
851 516 1027 554 omnes
1067 499 1253 571 Angeti
1305 497 1404 553 Dei
1450 496 1517 551 ⁸⁸.
1552 494 1619 550 Ει
1656 466 1681 549 ε⁴
1726 495 1959 550 Thr-onus
2008 506 2205 561 tuus,o

2319 491 2421 563 ἐγὼ
2443 491 2711 561 σήμερον
2735 488 3065 561 γεγέννηκὰ
3089 505 3183 544 σε.
3214 490 3327 544 Καὶ
3355 490 3538 545 πάλιν·
3571 489 3719 560 Ἐγὼ
3746 490 3879 545 ἔσο-

618 595 777 656 Dens,
807 602 880 645 est
929 593 984 645 in
1021 590 1274 645 swculum
1310 590 1525 643 swculi:
1556 596 1818 656 sceptrum
1842 586 1989 657 regni
2020 587 2097 639 tui
2128 586 2197 633 ⁵³.

617 686 789 737 Porro
843 682 1150 751 (attendite,
1212 682 1381 743 surdi,
1431 690 1487 735 et
1545 680 1745 741 videte,
1786 679 2013 746 eiecit),
2050 676 2202 731 addit

617 774 763 827 enim
800 789 813 822 :
848 771 919 823 Tu
939 787 1058 824 vero
1082 788 1117 823 ιι
1142 769 1422 838 principio,
1457 769 1702 829 Domine,
1725 778 1926 820 terram
1943 766 2202 836 fundasti,

615 878 663 918 et
695 880 851 932 opera
874 878 1129 915 manuum
1170 872 1383 914 tuarum
1412 871 1530 913 sunt
1566 859 1705 913 cmli.
1742 858 1830 912 Illi
1856 860 2118 927 peribunt,
2146 869 2204 911 tu

617 972 736 1009 vero
762 955 1113 1026 permanebis.
1140 952 1204 1005 Et
1226 968 1403 1005 omnes
1452 953 1624 1005 instar
1644 951 1900 1004 invalucri
1938 949 2203 1003 convolves

618 1064 723 1111 eos,
790 1054 838 1099 et
895 1046 1337 1097 immutabuntur.
1398 1042 1471 1095 Tu
1518 1060 1640 1097 vero
1669 1044 1809 1095 idem
1859 1058 1931 1105 es,
1996 1051 2045 1095 et
2076 1044 2205 1096 anni

618 1142 697 1192 tui
737 1155 839 1191 non
868 1137 1108 1205 deﬁcient
1139 1138 1205 1189 δ’.
1234 1135 1387 1201 Quod
1413 1135 1459 1189 si
1477 1135 1577 1189 ista
1612 1136 1668 1188 in
1695 1133 1902 1204 Spiritu
1933 1133 2205 1204 praedixit,

619 1233 713 1301 qui
748 1233 838 1285 Dei
865 1233 1024 1285 Pater
1055 1240 1157 1296 est,
1189 1229 1383 1294 David,
1413 1229 1724 1299 obsignavit
1761 1237 1946 1283 autem
1988 1226 2207 1281 arcanis

618 1325 786 1380 sacris
818 1324 1061 1379 initiatus
1091 1336 1147 1377 et
1185 1323 1406 1376 initians
1434 1322 1572 1376 alios
1599 1322 1818 1384 Paulus,
1855 1320 2000 1390 quod
2056 1318 2204 1373 scili-

618 1426 704 1470 cet
736 1415 949 1469 Veteris
991 1413 1324 1468 Testamenti
1372 1414 1516 1466 Deus
1576 1410 1718 1465 idem
1760 1418 1843 1464 est
1893 1420 1949 1464 et
1997 1408 2208 1463 Domini

619 1509 790 1563 nostri
821 1508 950 1561 Jesu
967 1506 1170 1560 Christi
1221 1505 1382 1567 ﬁlius,
1414 1505 1669 1572 idemque
1697 1501 1954 1555 thronum
1997 1500 2077 1554 sui
2114 1516 2211 1553 na-

621 1604 742 1649 tura
769 1596 861 1648 [ilii
891 1594 947 1648 in
977 1594 1236 1648 saeculum
1272 1593 1453 1648 saeculi
1475 1592 1729 1660 ﬁrmavit,
1762 1600 1818 1645 et
1846 1592 2091 1645 omnium
2109 1607 2210 1645 an-

623 1688 867 1757 gelorum
891 1685 1113 1740 ordines
1140 1685 1419 1755 progeniei
1444 1700 1557 1738 sua:
1579 1684 1899 1738 adoratores
1923 1692 1979 1737 et
2031 1683 2211 1737 famu-

621 1779 704 1832 los
737 1776 1045 1842 constituit,
1094 1776 1203 1830 imo
1230 1777 1322 1845 qui
1361 1775 1528 1838 idem,
1561 1783 1617 1829 et
1667 1790 1777 1829 non
1812 1775 1972 1837 alius,
2012 1783 2210 1829 terram

2304 601 2411 653 μαι
2451 583 2611 648 αὐτῷ
2646 584 2734 647 είς
2763 580 3025 649 Πατέρα,
3067 582 3167 635 καί
3206 582 3389 648 αὐτὸς
3433 582 3609 636 ἔσται
3646 601 3750 651 μοι
3800 585 3879 647 εὶς

2321 675 2475 727 Υίόν.
2528 674 2637 726 Καὶ
2685 672 2866 726 πάλιν
2916 672 3026 726 Καὶ
3074 673 3680 741 προσκυνησάτωσαν
3730 671 3883 736 αὐτῷ

2310 766 2533 830 πάντες
2584 766 2825 835 ἄγγελοι
2875 763 3043 818 Θεοῦ.
3103 763 3254 817 Καί·
3296 764 3357 818 '0
3411 767 3622 832 θρόνος
3662 780 3807 830 σου,
3853 766 3885 818 ὁ

2315 858 2479 922 Θεὸς,
2509 858 2597 920 είς
2631 858 2738 908 τὸν
2769 854 2957 909 αἰῶνα
2986 853 3095 907 τοῦ
3126 854 3371 923 αἰῶνος-⁸
3393 855 3752 931 ριὶϐδοςοτῆς
3775 858 3887 921 ,βα-

2312 950 2549 1012 σιλείας
2566 965 2703 1002 σου.
2721 943 2853 1000 Εἶτα
2870 946 3166 1012 ἀκούσατε,
3192 949 3241 999 οἱ
3272 951 3467 1015 κωφοὶ,
3494 950 3649 1001 καὶοί
3677 948 3887 1016 τυφλοὶ,

2313 1042 2687 1110 ἀναϐλέψατεῑ
2730 1043 2924 1108 ἐπάγει
2944 1040 3054 1111 γάρ
3080 1056 3091 1068 ·
3127 1042 3236 1094 Καὶ
3268 1041 3350 1094 σὺ
3380 1040 3507 1094 κατ’
3538 1041 3747 1109 ἀρχὰς,
3780 1041 3890 1094 Κύ-

2306 1151 2419 1203 ριε,
2452 1133 2566 1200 τὴν
2593 1130 2711 1202 γῆν
2739 1134 3170 1200 ἐθεμελίωσας.
3202 1132 3302 1187 καί
3337 1132 3482 1201 ἔργα
3526 1132 3647 1185 τῶν
3684 1130 3894 1200 χειρῶν

2314 1226 2430 1281 σού
2461 1229 2620 1279 εἰσιν
2661 1228 2717 1279 oi
2752 1224 3019 1291 οὐρανοί.
3053 1223 3233 1279 Αὐτοὶ
3264 1224 3671 1289 ἀπολοῦνται,
3707 1224 3789 1277 σὺ
3831 1222 3895 1276 δὲ

2315 1316 2636 1386 διαμένεις.
2668 1314 2779 1368 Καὶ
2808 1314 3034 1379 πάντες
3057 1313 3137 1379 ὠς
3169 1313 3400 1382 ἱμάτιον
3434 1313 3895 1379 παλαιωθήσον-

2316 1426 2449 1473 ται,
2486 1408 2586 1461 καὶ
2617 1408 2760 1461 ὡσεί
2811 1407 3194 1473 περιϐόλαιον
3239 1405 3461 1470 ἑλίξεις
3502 1405 3750 1471 αὐτοὺς,
3800 1403 3897 1458 καί

2316 1500 2794 1568 ἀλλαγήσονται.
2837 1498 2921 1551 Σὺ
2950 1496 3018 1549 δὲ
3051 1500 3083 1550 ό
3106 1497 3289 1563 αὐτὸς
3312 1492 3385 1559 εἴ,
3418 1497 3512 1549 καὶ
3540 1498 3611 1551 τὰ
3639 1497 3744 1563 ἐτη
3784 1510 3897 1549 σου

2318 1596 2430 1648 οὐκ
2462 1593 2885 1660 ἐκλείψουσιν.
2921 1592 2978 1643 El
3027 1590 3202 1643 ταῦτα
3242 1593 3473 1660 προεῖπε
3510 1590 3607 1659 μὲν
3636 1592 3694 1641 ὲν
3735 1586 3900 1641 πνεύ-

2322 1704 2455 1757 ματι
2501 1688 2531 1739 6
2584 1685 2873 1755 θεοπάτωρ
2928 1684 3127 1746 Δαϐὶδ,
3181 1682 3558 1752 ὲπεσφρὰγισε
3604 1682 3660 1735 δὲ
3714 1684 3742 1734 ὁ
3794 1681 3900 1734 τῶν

2320 1782 2574 1852 ἀρρήτων
2608 1779 2818 1847 μύστης
2845 1779 2939 1829 καὶ
2971 1776 3351 1847 μυσταγωγὸς,
3380 1775 3455 1837 ὡς
3482 1778 3510 1828 6
3539 1776 3637 1845 τῆς
3668 1774 3901 1835 παλαιᾶς

620 1868 896 1933 fundavit,
918 1868 1149 1938 etcujus
1180 1884 1441 1923 manuum
1473 1883 1640 1938 opera
1671 1868 1792 1922 coeli
1841 1877 2007 1933 sunt;
2030 1882 2212 1921 nonne

2319 1866 2648 1937 νομοθεσίας
2678 1865 2810 1927 Θεὸς
2839 1864 2999 1924 αὐτὸς
3030 1864 3128 1934 μέν
3157 1866 3305 1916 ἐστιν
3338 1863 3366 1914 6
3388 1861 3481 1914 τοῦ
3514 1863 3722 1932 Κυρίου
3747 1863 3903 1933 ἡμῶν

622 1976 842 2014 omnem
870 1962 1203 2030 impietatem
1235 1960 1287 2013 in
1326 1960 1447 2013 sinu
1487 1960 1828 2015 reconditam
1863 1960 2088 2025 habent,
2119 1961 2211 2030 qui

621 2051 787 2104 alium
821 2052 1042 2121 quidem
1083 2050 1300 2107 Patrem
1352 2050 1565 2105 Domini
1596 2052 1770 2106 nostri
1805 2050 1934 2107 Jesu
1988 2051 2213 2118 Christi,

622 2144 789 2198 aiium
809 2159 940 2198 vero
971 2144 1093 2198 caeli
1123 2153 1353 2198 etterra:
1373 2143 1713 2198 conditorem
1747 2145 1976 2214 lingunt,
2012 2144 2216 2198 condi-

623 2233 729 2287 tori
760 2242 1039 2288 creaturas
1068 2248 1195 2287 suas
1225 2232 1561 2297 auferentes,
1604 2232 1936 2302 easdemque
1988 2233 2220 2287 zizanioo

623 2342 744 2379 rum
776 2327 942 2380 saturi
985 2325 1365 2380 vindicantes?
1410 2324 1515 2379 Pro
1568 2340 1677 2395 quo
1730 2336 1880 2379 certe
1932 2326 2217 2380 interitum

624 2421 760 2490 ipsis
789 2420 1079 2482 retribuet,
1112 2428 1171 2472 ut
1215 2419 1268 2472 in
1308 2434 1551 2488 pinnam,
1584 2434 1706 2487 qua:
1753 2418 1831 2472 illi
1876 2429 2063 2489 parata
2110 2429 2215 2483 est,

622 2527 749 2566 cum
782 2512 899 2579 ipso
929 2510 1219 2563 ducantur.
1247 2506 1456 2561 Similia
1485 2508 1646 2562 dictis
1676 2508 1731 2561 in
1777 2508 1929 2562 Actis
1983 2508 2219 2563 aﬂ'erens

626 2603 851 2657 divinus
884 2601 1081 2665 Lucas,
1117 2600 1389 2669 (quamvis
1440 2600 1677 2652 maxima
1714 2599 1912 2652 horum
1947 2609 2221 2673 apostata-

623 2709 745 2747 rum
773 2708 897 2763 pars
928 2691 1073 2747 dicta
1103 2692 1224 2760 ejus
1251 2706 1361 2745 non
1392 2690 1666 2760 recipiat),
1700 2692 1850 2746 Isaiae
1876 2692 2087 2747 scilicet
2131 2691 2219 2747 vel

625 2786 806 2857 potius
844 2784 1107 2855 Stephani
1165 2783 1349 2854 lingua
1404 2798 1558 2849 usus,
1618 2784 1833 2855 egregie
1872 2800 1972 2854 per
2000 2784 2219 2839 Judteos

625 2894 720 2932 ora
747 2878 853 2931 illis
874 2877 1111 2931 obturat.
1144 2875 1195 2930 ls
1215 2875 1387 2940 enim,
1418 2889 1543 2927 cum
1587 2875 1798 2944 primus
1826 2891 2081 2930 coronam
2136 2874 2220 2930 vi-

626 2969 850 3024 ctricem
877 2976 1233 3038 reportasset,
1266 2968 1321 3021 in
1352 2983 1448 3021 sua
1481 2967 1793 3021 Judaaorum
1820 2967 2215 3033 confutatione,

627 3065 773 3117 inter
795 3070 991 3117 caetera
1014 3068 1358 3131 argumenta,
1377 3060 1578 3130 quibus
1602 3059 1996 3129 impudentiam
2029 3073 2219 3113 eorum

625 3156 933 3221 confundit,
958 3155 1171 3209 Patrem
1208 3154 1417 3207 Domini
1449 3154 1618 3209 nostri
1648 3153 1777 3207 Jcsu
1817 3152 2021 3208 Christi
2049 3153 2221 3206 intro-

2331 1958 2506 2031 Ἰησοῦ
2559 1957 2802 2029 Χριστοῦ
2854 1957 3083 2027 Πατήρ·
3116 1956 3279 2019 αὐτὸς
3321 1954 3378 2008 δέ
3427 1956 3575 2007 ἐστιν
3606 1957 3633 2007 ὁ
3679 1956 3777 2008 καὶ
3815 1955 3904 2007 τὸν

2318 2052 2509 2124 θρόνον
2537 2050 2631 2103 τοῦ
2668 2050 2828 2119 φύσει
2861 2049 3051 2112 παιδὸς
3080 2048 3157 2117 (7)
3192 2050 3270 2111 είς
3301 2047 3393 2101 τὸν
3426 2046 3599 2104 αἰῶνα
3625 2049 3718 2100 τοῦ
3758 2047 3906 2101 αίῶ-

2318 2162 2446 2211 νος,
2504 2144 2913 2215 ὲδρασάμενος·
2971 2142 3067 2195 καὶ
3114 2142 3224 2194 τῶν
3273 2141 3521 2209 ἀγγέλων
3568 2141 3788 2195 πάντων
3837 2141 3905 2193 τὰ

2317 2238 2576 2307 τάγματα
2635 2234 2993 2307 προσκυνητά
3051 2237 3146 2289 καὶ
3201 2233 3366 2288 δοῦλα
3435 2233 3754 2303 πεποιηκὼς
3811 2234 3903 2288 τοῦ

2319 2330 2696 2398 γεννήματοςο
2731 2329 2761 2381 6
2813 2329 2978 2391 αὐτὸς
3011 2328 3069 2381 δὲ
3105 2328 3200 2380 καὶ
3245 2329 3345 2381 οὐκ
3372 2327 3530 2391 ἄλλος
3576 2329 3676 2399 τήν
3704 2344 3766 2381 τε
3803 2328 3907 2396 γῆν

2321 2421 2687 2492 ἐθεμελίωσε,
2740 2422 2837 2474 καὶ
2887 2420 3026 2491 ἔργα
3071 2420 3181 2471 τῶν
3234 2420 3432 2490 χειρῶν
3479 2420 3645 2473 αὐτοῦ
3689 2422 3831 2473 εἰσιν
3859 2422 3908 2473 οἱ

2320 2514 2541 2585 οὐρανοί
2567 2532 2579 2544 ·
2614 2514 2731 2577 πῶς
2779 2514 2840 2566 οὐ
2882 2514 3064 2566 πᾶσαν
3107 2511 3365 2565 ἀσέϐειαν
3419 2511 3907 2581 ἀποκρύπτουσιν,

2319 2610 2370 2662 οἱ
2403 2608 2561 2663 ἄλλον
2588 2607 2690 2677 μὲν
2723 2606 2815 2661 τὸν
2848 2607 3071 2676 Πατέρα
3106 2606 3356 2673 λέγοντες
3390 2605 3482 2658 τοῦ
3516 2606 3722 2676 Κυρίου
3752 2606 3910 2676 ἡμῶν

2334 2700 2513 2773 Ἰησοῦ
2551 2700 2815 2772 Χριστοῦ,
2870 2699 3028 2752 ἄλλον
3071 2698 3127 2752 δὲ
3159 2700 3251 2751 τὸν
3297 2698 3785 2769 δημιουργήσαντα
3820 2697 3910 2749 τὸν

2319 2792 2548 2863 οὐρανὸν
2582 2793 2677 2845 καὶ
2703 2791 2804 2860 τὴν
2836 2794 2962 2860 γῆν,
3002 2788 3365 2860 ἀφαιροῦντες
3400 2789 3499 2859 μὲν
3530 2789 3621 2841 τοῦ
3671 2789 3910 2843 Κτίστου

2320 2881 2390 2936 τὰ
2433 2882 2715 2952 κτίσματα
2740 2919 2756 2944 ,
2801 2881 3061 2951 νέμοντες
3104 2879 3161 2932 δὲ
3207 2877 3382 2933 ταῦτα
3440 2880 3517 2949 τῷ
3564 2883 3761 2949 σπορεῖ
3801 2878 3911 2932 τῶν

2321 2973 2603 3039 ζιζανίων,
2638 2973 2725 3041 ἐφ’
2750 2966 2796 3040 ᾧ
2828 2971 2927 3043 τὴν
2960 2972 3238 3025 ἀπώλειαν
3267 2972 3452 3034 αὐτοῖς
3485 2972 3908 3041 ἀνταμείψεται,

2322 3067 2418 3120 καὶ
2450 3067 2548 3137 τὴν
2577 3067 2991 3137 ἡτοιμασμένην
3035 3063 3181 3135 αὐτῷ
3217 3064 3491 3135 τιμωρίαν
3524 3064 3911 3133 συμμετέηον-

2320 3175 2432 3210 ται.
2474 3158 2557 3211 Τὰ
2612 3156 2702 3209 ἴσα
2732 3156 2789 3210 δὲ
2821 3157 2935 3218 τοῖς
2976 3156 3290 3226 εἰρημένοις
3335 3156 3438 3209 κάν
3470 3158 3592 3218 ταῖς
3637 3155 3914 3227 Πράξεσιν

627 3249 777 3305 ducit
799 3250 1125 3304 clamantem
1150 3257 1204 3300 et
1232 3246 1509 3301 dicentem
1543 3263 1558 3299 :
1586 3244 1784 3301 Casium
1829 3246 1955 3298 mihi
1999 3245 2212 3298 thronus

2319 3254 2346 3304 6
2380 3252 2521 3313 Θεῖος
2554 3250 2791 3312 Λουκᾶς,
2830 3250 2879 3300 εί
2905 3248 2997 3301 καὶ
3031 3247 3093 3298 τὸ
3127 3246 3379 3298 πλεῖστον
3419 3246 3518 3315 τῆς
3567 3246 3913 3308 ἀποστασίας

629 3352 724 3405 est,
747 3356 792 3395 et
826 3352 968 3395 terra
988 3340 1271 3394 scabellum
1296 3341 1487 3407 pedum
1518 3355 1772 3393 meorum.
1806 3335 1981 3401 Quam
2003 3338 2215 3391 domum

630 3432 959 3500 wdi/icabitis
994 3431 1233 3495 mihi,ait
1270 3429 1529 3483 Dominus
1561 3430 1627 3484 ⁵³.
1670 3428 1737 3483 Et
1769 3445 1889 3499 quae
1927 3428 1982 3482 in
2031 3430 2213 3483 Evan-

629 3524 784 3594 geliis
816 3521 1073 3577 Servator
1097 3522 1235 3576 dixit
1262 3523 1330 3576 de
1351 3522 1530 3586 Patre,
1559 3521 1817 3575 thronum
1848 3522 2068 3591 quidem
2095 3521 2216 3590 ejus

629 3616 846 3677 coelum,
884 3616 1183 3670 scabellum
1220 3630 1351 3669 vero
1383 3626 1610 3679 terram,
1645 3624 1701 3669 et
1725 3616 1915 3669 urbem
1937 3616 2057 3685 ejus
2087 3615 2216 3669 Hie-

630 3705 896 3774 rosolyma
946 3705 1401 3764 vocans,eadem
1465 3713 1697 3760 testatus
1753 3707 1963 3774 primus
2014 3716 2217 3777 martyr

631 3795 784 3848 Isaia:
813 3796 992 3849 verbis
1042 3795 1262 3849 Patrem
1316 3796 1617 3851 introducit
1666 3798 1858 3851 eadem
1922 3796 2214 3851 dicentem.

630 3887 770 3942 Alibi
802 3902 1018 3956 quoque
1042 3887 1239 3941 iterum
1290 3888 1570 3951 Servator,
1604 3888 2068 3958 vaniloquentiam
2123 3889 2215 3959 jn-

632 3979 868 4031 rantium
903 3979 1209 4048 reprimens
1249 3987 1305 4033 et
1328 3979 1593 4034 cohibens
1625 3979 1872 4033 eamdem
1913 3978 2216 4033 doctrinam

631 4069 844 4122 astruit.
872 4068 1035 4122 Stutti
1065 4071 1227 4133 enim,
1252 4071 1347 4133 ait,
1379 4079 1428 4123 et
1459 4071 1601 4134 cwci,
1631 4070 1746 4139 quis
1779 4070 1955 4139 major
1983 4078 2055 4122 est
2077 4070 2217 4121 ?auo

632 4177 838 4226 rumne,
874 4178 944 4214 an
974 4162 1246 4231 temptant,
1266 4165 1403 4232 quod
1417 4164 1713 4232 sanctiﬁcat
1747 4178 1940 4216 aurum
1979 4162 2027 4194 “
2057 4162 2080 4215 ?
2105 4161 2214 4215 Ita-

632 4269 739 4321 que
763 4253 1021 4320 templum
1068 4254 1270 4309 veteris
1314 4254 1665 4309 instrumenti
1703 4270 1813 4309 non
1863 4254 2039 4309 solum
2092 4268 2218 4308 san-

633 4354 781 4398 ctum
803 4352 938 4407 erat,
970 4343 1065 4398 sed
1085 4354 1140 4397 et
1168 4345 1549 4399 sanctiﬁcandi
1579 4346 1633 4400 vi
1666 4346 1922 4416 pollebat.
1970 4344 2172 4399 lterum
2201 4363 2215 4400 :

2320 3342 2501 3396 αὐτῶν
2540 3343 2640 3401 τὰς
2681 3342 2893 3395 ἐκείνου
2920 3340 3103 3408 φωνὰς
3124 3339 3185 3391 οὐ
3218 3338 3500 3409 προσίεται
3525 3354 3538 3367 ⁸
3570 3339 3723 3408 ὅμως
3767 3339 3919 3391 ἐκεῖ·

2319 3452 2408 3498 νος
2458 3436 2524 3504 τῇ
2572 3433 2799 3486 Ἡσαΐου
2841 3434 3024 3502 φωνῇ,
3061 3430 3259 3502 μᾶλλον
3292 3430 3350 3482 δὲ
3386 3433 3453 3501 τῇ
3485 3429 3580 3483 τοῦ
3632 3430 3913 3499 Στεφάνου

2321 3527 2662 3596 κεχρημένος
2698 3523 2943 3598 γλώσσῃ,
2971 3524 3243 3594 λαμπρῶς
3273 3523 3455 3576 αὐτῶν
3482 3522 3570 3575 διὰ
3600 3522 3771 3592 μέσου
3802 3522 3918 3574 τῶν

2333 3617 2607 3671 Ἰουδαίων
2640 3618 2945 3688 ἐμφράττει
2992 3615 3062 3668 τὰ
3096 3615 3341 3685 στόματα
3367 3632 3379 3644 ·
3426 3609 3579 3671 οὗτος
3610 3612 3723 3685 γὰρ
3764 3614 3794 3666 6
3822 3614 3919 3666 τὸν

2322 3708 2679 3779 ἀθλοφορικδν
2725 3707 2940 3778 πρῶτος
2971 3705 3383 3775 ἀναδησάμενος
3421 3704 3707 3779 στέφανον,
3749 3707 3809 3758 ἐν
3837 3704 3920 3773 τῷ

2322 3775 2478 3874 πρὸς
2508 3775 2635 3864 τοὺς
2680 3775 2969 3863 Ἰουδαίους
3008 3798 3239 3868 ἐλέγχῳ,
3286 3798 3468 3861 ἄλλοις
3519 3814 3578 3849 τε
3620 3775 3925 3868 ἐπιχειρή-

2327 3910 2460 3964 μασι
2495 3892 2555 3945 τὸ
2605 3891 2967 3960 ἀναίσχυντον
3025 3888 3208 3943 αὐτῶν
3262 3888 3642 3957 καταισχύνων
3699 3888 3926 3955 είσάγει

2323 3986 2419 4039 καὶ
2456 3983 2548 4037 τὸν
2580 3983 2805 4054 Πατέρα
2842 3982 2937 4033 τοῦ
2988 3981 3191 4052 Κυρίου
3244 3980 3399 4051 ἡμῶν
3442 3979 3620 4051 Ἰησοῦ
3666 3979 3926 4050 Χριστοῦ

2322 4076 2724 4146 διακεκραγότα
2753 4075 2845 4128 καὶ
2875 4074 3121 4143 λέγοντα·
3168 4075 3233 4126 '0
3258 4074 3512 4141 οὐρανός
3535 4090 3639 4141 μοι
3667 4076 3927 4141 θρόνος,

2323 4172 2362 4238 ἡ
2384 4168 2452 4222 δὲ
2476 4168 2552 4238 τῆ
2583 4167 2920 4223 ὑποπόδιον
2945 4166 3065 4220 τῶν
3094 4165 3297 4220 ποδῶν
3330 4183 3449 4235 μου
3472 4180 3485 4194 ·
3527 4165 3708 4218 ποῖον
3745 4163 3935 4219 οἶκον

2325 4260 2755 4330 οἰκοδομήσετέ
2778 4276 2901 4327 μοι,
2933 4258 3098 4327 λέγει
3126 4260 3344 4326 Κύριος
3366 4274 3385 4322 ;
3411 4260 3521 4312 Καὶ
3548 4258 3693 4328 ἅπερ
3728 4260 3790 4310 ὲν
3808 4262 3935 4321 τοῖς

2326 4353 2681 4423 Εὐαγγελίοις
2712 4355 2739 4405 6
2774 4352 2965 4422 Σωτὴρ
3005 4350 3111 4420 ἔφη
3145 4351 3273 4421 περὶ
3308 4349 3401 4403 τοῦ
3439 4351 3653 4421 Πατρδς
3675 4392 3691 4415 ,
3723 4351 3935 4422 θρόνον

637 4438 821 4492 Utrum
845 4436 1018 4505 majus
1071 4439 1186 4493 est?
1215 4440 1503 4504 donumne,
1530 4456 1603 4493 an
1647 4441 1838 4507 altare,
1880 4444 2212 4513 sanctiﬁcans

2329 4446 2428 4516 μὲν
2478 4443 2662 4499 καλῶν
2708 4444 2801 4496 τὸν
2829 4442 3081 4513 οὐρανὸν,
3114 4442 3402 4494 ὑποπόδιον
3432 4441 3489 4493 δὲ
3516 4443 3617 4511 τὴν
3643 4442 3771 4512 γῆν,
3825 4443 3940 4495 καὶ

632 4528 873 4581 donum?
912 4527 1014 4582 Ubi
1062 4528 1267 4582 diserte
1311 4531 1572 4597 ostendit,
1632 4541 1689 4585 et
1746 4533 1919 4587 altare
1969 4544 2212 4591 sanctum

2329 4537 2483 4589 πόλιν
2536 4534 2702 4589 αὐτοῦ
2741 4536 2809 4587 τὰ
2866 4534 3245 4605 Ἱεροσόλυμα·
3280 4534 3453 4586 ταῦτα.
3500 4534 3943 4605 συμμαρτυρῶν

632 4618 825 4681 fuisse,
860 4630 915 4674 et
941 4636 1063 4689 qua:
1088 4622 1143 4673 in
1182 4636 1247 4674 eo
1279 4621 1675 4689 oﬂerebantur,
1727 4633 1913 4679 saneta
1955 4626 2212 4684 eﬂecisse.

2326 4629 2355 4681 6
2378 4628 2781 4699 πρωτομάρτυς
2814 4625 2891 4697 τῷ
2924 4589 3170 4698 Ᾰεσπότξ]
3196 4626 3284 4678 διὰ
3315 4628 3414 4695 τῆς
3466 4589 3943 4694 Ἠσαίοσφοίνῆς

635 4712 700 4765 lit
728 4721 851 4781 post
906 4727 1080 4781 pauca
1127 4731 1140 4766 :
1178 4712 1245 4765 Et
1292 4715 1383 4783 qui
1431 4714 1619 4783 jurat,
1647 4714 1866 4785 inquit,
1908 4734 2001 4787 per
2044 4720 2212 4773 cwlun

2326 4721 2417 4773 τὸν
2449 4721 2669 4791 Πατέρα
2701 4719 2942 4790 παράγει
2973 4717 3206 4784 λέγοντα
3238 4717 3308 4769 τὰ
3336 4716 3495 4771 αὐτὰ.
3537 4715 3626 4770 Ἐν
3653 4717 3843 4780 ἄλλοις
3872 4718 3949 4770 δὲ

634 4805 828 4873 (aperi,
871 4803 1058 4869 homo,
1081 4819 1269 4857 aurem
1299 4820 1461 4875 quam
1492 4806 1560 4860 ad
1604 4807 1935 4863 audiendum
1977 4810 2212 4865 formavi

2327 4812 2492 4866 πάλιν
2534 4813 2562 4862 ὁ
2604 4809 2797 4881 Σωτὴρ
2826 4811 2926 4878 τὴν
2964 4810 3074 4861 τῶν
3114 4808 3425 4877 ὀμνυὸντων
3449 4808 3789 4876 στηλιτεύων
3826 4810 3953 4861 καὶ

634 4896 798 4961 Deus,
822 4896 1227 4951 transformavit
1263 4907 1445 4952 autem
1473 4898 1522 4952 is
1555 4899 1648 4968 qui
1668 4915 1799 4955 vere
1828 4903 2004 4956 malus
2028 4913 2133 4969 est,
2173 4921 2204 4958 ιι

2327 4902 2697 4973 ἐπιστομίζων
2756 4902 3171 4974 ματαιολογίαν,
3202 4901 3298 4973 τὴν
3342 4903 3513 4973 αὐτὴν
3548 4902 3816 4972 κρατύνει
3850 4901 3959 4954 δι-

634 4991 834 5043 snrdus
860 5004 1042 5052 esses;
1063 4990 1211 5054 audi,
1244 4989 1486 5060 inquam)
1514 4990 1843 5061 :Quijnrat,
1880 4994 2089 5064 inquit,
2131 5013 2212 5064 per

2326 4996 2645 5051 δασκαλίαν.
2678 4995 2872 5064 Μωροὶ
2903 4995 3034 5063 γὰρ,
3065 4993 3218 5062 φησὶ,
3262 4994 3363 5046 καὶ
3394 4995 3611 5063 τυφλοί
3631 5033 3646 5055 ,
3672 4995 3767 5059 τίς
3788 4996 3958 5060 μεί-

636 5077 843 5142 rwlum,
873 5077 1025 5145 jurat
1049 5094 1141 5145 per
1159 5080 1404 5133 thronum
1434 5081 1531 5136 Dei
1555 5095 1603 5136 et
1638 5099 1732 5151 per
1770 5100 1889 5138 eum
1954 5087 2046 5157 qui
2078 5086 2212 5141 sedet

2328 5088 2440 5149 ζων
2475 5089 2690 5154 ἐστίν;
2727 5091 2758 5142 ό
2806 5086 3035 5157 χρυσός
3071 5085 3109 5154 ἢ
3147 5088 3179 5139 ό
3238 5087 3416 5152 ναὸς,
3450 5089 3483 5139 ό
3511 5085 3767 5154 ἁγιάζων
3816 5086 3965 5140 τὸν

709 5235 754 5265 ⁵ο
774 5233 941 5289 llebr.
976 5252 1015 5304 1,
1046 5238 1097 5292 7.
1173 5237 1217 5269 ⁸¹
1254 5238 1388 5295 ibid.
1424 5240 1477 5295 8.
1554 5240 1601 5272 ⁵²
1626 5239 1768 5295 Psal.
1811 5255 1883 5306 cr,
1908 5242 1999 5308 ‘26,
2027 5240 2135 5308 27;
2169 5241 2212 5295 ll

2321 5279 2337 5295 .
2372 5259 2413 5309 ι,
2450 5243 2551 5308 10,
2591 5243 2679 5297 14.
2755 5243 2803 5274 ⁵³
2828 5243 2951 5297 Act.
2990 5242 3209 5307 νιι,ι49.
3287 5242 3335 5273 ⁵⁸
3380 5240 3576 5295 Matth.
3634 5258 3796 5306 χχιιι,
3826 5241 3970 5303 27.

1732 5416 1970 5471 νΑιιιΑι
2003 5416 2396 5473 LECTIONES
2437 5417 2524 5472 ET
2566 5417 2800 5473 ΙΝΟΤΑΕ.

662 5628 673 5639 .
705 5554 785 5639 (7)
819 5556 930 5611 Τοῦ
958 5558 1397 5639 φύσειῦπαιᾷός.
1420 5560 1481 5614 ιιι
1503 5558 1750 5639 est,_veri
1771 5558 1891 5628 filii,
1912 5578 2020 5615 non
2056 5561 2212 5639 adop-

2330 5561 2597 5639 Tlieolog_._,
2636 5561 2704 5616 de
2728 5570 2955 5639 peccato
2984 5559 3373 5639 _0ri_ginali_..p.
3404 5560 3531 5639 ξξΒΙ,
3572 5574 3727 5639 seqq.
3770 5568 3835 5639 et.
3882 5577 3980 5639 ex

662 5628 673 5639 .
705 5577 785 5639 μ)
823 5577 930 5611 ιου
958 5577 1137 5624 φυσει
1166 5577 1397 5625 παιονος.
1424 5577 1481 5614 tu
1503 5577 1608 5626 εει,
1640 5577 1747 5613 veri
1771 5577 1891 5628 pm,
1912 5578 2020 5615 non
2056 5577 2227 5631 auop-
2331 5577 2597 5632 1neomg.,
2636 5577 2704 5616 ae
2720 5577 2955 5687 (peccato
2990 5577 3248 5629 urtganau
3272 5600 3286 5618 .
3319 5577 3373 5629 p.
3404 5577 3531 5624 οδι,
3572 5577 3727 5628 seqq.
3770 5577 3835 5613 er.
3882 5577 3980 5618 ex

636 5636 756 5690 tm,
806 5630 1211 5700 nonputatitii.
1256 5630 1384 5685 llasc
1433 5631 1579 5684 enim
1605 5631 1757 5683 inter
1795 5640 2022 5686 caeteras
2071 5633 2223 5685 notio
2327 5633 2668 5687 nostratibus
2768 5632 3040 5700 hristoph.
3082 5630 3360 5693 Franchii,
3397 5630 3709 5683 Exercitatt.
3766 5633 3990 5684 Anti-

637 5700 803 5772 hujus
830 5698 977 5772 vocis
1011 5708 1095 5753 est
1125 5701 1268 5770 apud
1305 5700 1599 5772 scriptores
1628 5700 2055 5772 ecclesiasticos.
2088 5701 2222 5757 Vide
2325 5703 2621 5757 Limborch.
2677 5719 2731 5772 p.
2762 5702 2867 5756 246
2915 5698 3029 5772 seq.
3063 5710 3117 5755 et
3145 5703 3317 5756 celeb.
3351 5701 3511 5755 Joan.
3555 5700 3766 5754 Albert.
3832 5701 3993 5755 Fa-

638 5770 886 5843 inprimis
910 5770 1129 5843 Dionys.
1155 5770 1367 5843 Petavii
1387 5771 1667 5843 Dogmata
1697 5771 1964 5843 tneo/095.,
1991 5782 2123 5827 tom.
2152 5775 2217 5835 ll,
2326 5773 2580 5837 bricium,
2609 5770 2918 5827 ad'Sextum
2941 5770 3293 5841 Einpiricnm,
3313 5789 3368 5843 p.
3393 5772 3445 5827 9.
3480 5772 3572 5828 Sic
3600 5780 3820 5838 noster,
3860 5772 3993 5826 in-

640 5842 731 5895 lib.
762 5856 835 5907 IV,
868 5857 920 5895 c.
946 5842 1000 5907 2,
1034 5840 1160 5912 pag.
1185 5842 1317 5908 l90;
1354 5840 1536 5897 Mosen
1566 5841 1940 5911 Amyraldum,
1975 5843 2110 5900 Diss.
2145 5858 2222 5909 vr,
2329 5843 2433 5909 Ira,
2464 5846 2685 5914 γνήσιον
2715 5843 2831 5897 υἱὸν
2861 5843 3117 5913 appellat.
