4088 6454
563 400 658 467 111

1682 402 1946 464 ΡΙΙΟΤΙΙ
1986 401 2490 462 ΡΑΤΒΙΑΒΟΗίΕ
2528 404 2636 466 CP.

3726 401 3826 466 ΗΞ

554 516 799 588 inquinat
822 517 1085 572 hominem
1105 515 1172 571 '9.
1218 515 1360 571 Alibi
1392 531 1522 571 vero
1558 515 1756 570 iterum
1787 514 1984 585 paucis
2020 527 2140 567 ver-

2255 513 2683 588 :mpaprtipsrat
2711 514 2808 568 xui.
2839 516 2867 568 6
2890 515 3319 585 εύαγγελιστήςο
3343 517 3426 570 Οἵ)
3455 513 3522 569 τὸ
3559 515 3829 584 εισερχό-

556 609 642 662 bis
667 609 1010 664 concordiam
1042 617 1098 662 et
1124 609 1396 678 justitiam
1425 609 1567 661 inter
1615 606 1864 660 homines
1926 604 2140 658 stabili-

559 709 733 763 turus,
755 700 855 753 ista
882 700 1126 769 prsecipit
1154 718 1166 753 :
1192 698 1522 766 Qucecunque
1543 697 1812 751 volueritis
1849 705 1904 749 ut
1937 696 2141 767 faciant

557 791 696 844 vobis
736 792 988 856 homines,
1041 792 1224 845 eadem
1264 801 1313 843 et
1358 805 1443 842 vos
1491 790 1650 859 facile
1686 787 1791 841 illis
1839 789 1906 842 ⁸ο.
1988 787 2141 842 Hanc

558 896 710 934 suam
787 880 1216 935 admonitionem
1263 889 1319 933 et
1365 879 1537 949 legem
1599 890 1656 932 ut
1708 878 2038 948 inculpatam
2085 885 2142 930 et

557 970 746 1023 utilem
773 971 1274 1036 commendaturus,
1305 970 1490 1023 addito
1515 970 1695 1039 elogio
1732 971 1868 1041 legis
1911 978 1968 1024 et
2012 986 2140 1040 pro-

557 1061 866 1129 phetarum,
886 1062 1133 1130 obsignat
1156 1075 1170 1111 :
1195 1060 1279 1113 Ita
1301 1061 1462 1126 enim,
1488 1061 1763 1130 inquiens,
1785 1061 1940 1114 habet
1983 1061 2066 1114 lex
2091 1069 2140 1114 et

557 1159 824 1222 propheta:
864 1153 928 1207 “.
963 1153 1052 1206 Sic
1097 1164 1152 1206 et
1207 1152 1465 1221 parabole
1509 1153 1618 1213 illa,
1665 1153 1718 1205 in
1778 1169 1882 1223 qua
1913 1169 2139 1223 regnum

559 1247 819 1300 cmlortun
852 1245 1108 1298 Servator
1142 1253 1328 1298 noster
1353 1259 1477 1298 cum
1547 1245 1768 1299 homine
1828 1246 2034 1299 bonum
2084 1245 2139 1298 in

557 1355 744 1407 agrum
784 1352 968 1391 semen
1016 1343 1303 1407 spargente
1331 1346 1631 1406 comparat,
1662 1353 1772 1391 non
1817 1337 1998 1392 minus
2036 1337 2139 1391 im-

561 1432 680 1500 pios
712 1430 959 1484 homines
997 1429 1206 1499 pudore
1266 1428 1552 1483 sull'undit.
1582 1428 1774 1483 Nonne
1813 1429 1958 1482 enim
2002 1443 2140 1497 prte—

558 1539 686 1577 sens
724 1523 980 1583 mundus.
1006 1531 1060 1575 et
1099 1522 1190 1591 qui
1225 1521 1276 1574 in
1331 1522 1449 1590 ipso
1482 1531 1629 1585 sunt,
1653 1522 1720 1575 ad
1772 1536 1998 1591 regnum
2047 1519 2138 1573 Dei

558 1614 750 1669 referri
789 1615 1011 1671 debent.
1035 1613 1253 1682 quando
1303 1629 1488 1683 agrum
1526 1629 1684 1667 suum
1720 1612 1910 1666 iisdem
1960 1610 2140 1666 verbis

558 1717 715 1759 vocat
755 1721 862 1758 non
921 1705 1111 1769 semel,
1144 1704 1239 1758 sed
1295 1704 1421 1759 bis:
1475 1719 1662 1774 agrum
1696 1719 1830 1758 vero
1889 1703 1965 1758 ait
2017 1717 2140 1757 esse

559 1800 845 1864 mundum,
876 1800 1141 1854 mundum
1177 1807 1358 1852 autem
1387 1807 1447 1852 ut
1497 1815 1685 1869 agrum
1724 1798 1798 1852 ita
1830 1807 1884 1852 et
1911 1811 2138 1867 regnum

560 1906 740 1946 suum.
779 1889 1094 1944 Parabolam
1137 1889 1283 1942 enim
1333 1888 1610 1958 explicans
1640 1904 1658 1940 :
1710 1887 1898 1941 Serens
1953 1887 2144 1940 bonum

560 1989 754 2047 semen,
777 1983 972 2052 inquit,
995 1991 1069 2036 est
1092 1980 1264 2034 Filius
1306 1981 1550 2043 hominis,
1577 1997 1692 2049 aget
1731 1995 1851 2034 vero
1882 1987 1958 2032 est
1992 1993 2148 2030 mun-

561 2077 678 2129 dus.
728 2074 934 2128 Bonum
974 2089 1094 2128 vero
1147 2089 1322 2127 semen
1373 2081 1497 2126 sunt
1555 2072 1654 2142 lilii
1699 2072 1892 2142 regni:
1931 2070 2144 2124 zizania

563 2178 743 2220 autem
765 2167 864 2234 ﬁlii
902 2166 1066 2230 mali;
1091 2165 1249 2219 hostis
1274 2165 1513 2235 denique,
1538 2165 1632 2217 illa
1655 2180 1852 2227 serens,
1905 2162 2148 2216 diabolus

565 2266 640 2311 est
663 2258 730 2310 ".
763 2256 1028 2320 Audisne,
1070 2254 1345 2326 quomodo
1401 2255 1666 2309 mundum
1719 2254 1938 2324 quidem
1963 2268 2145 2319 suum,

565 2362 622 2404 et
643 2365 760 2414 eos,
790 2349 882 2420 qui
919 2352 974 2403 in
1023 2365 1089 2403 eo
1112 2357 1260 2412 sunt,
1286 2364 1472 2404 semen
1507 2364 1664 2402 suum
1721 2347 1976 2416 appellet,
2014 2361 2151 2415 quos

566 2453 623 2497 et
653 2442 792 2496 tilios
815 2441 964 2512 regni
997 2450 1174 2505 vocat,
1200 2441 1370 2495 solam
1395 2440 1727 2494 zizaniorum
1758 2439 2149 2510 projectionem

568 2538 624 2590 in
678 2535 894 2589 hostem
946 2532 1234 2587 referens?
1278 2533 1385 2587 Sed
1420 2532 1633 2602 inquire
1698 2530 2147 2600 argumentando,

570 2643 700 2682 num
727 2626 873 2697 quod
905 2641 1164 2680 manuum
1190 2624 1500 2679 Conditoris
1521 2623 1808 2694 vestigium
1841 2631 2018 2676 tecum
2045 2621 2152 2676 cir-

568 2717 875 2774 cumferas?
904 2716 964 2770 ιι]
998 2716 1357 2785 sequentibus
1385 2714 1529 2768 enim
1553 2713 1853 2768 clarissime
1886 2711 2150 2766 mundum

568 2825 795 2880 regnum
865 2823 1022 2863 suum
1074 2806 1414 2874 pronuntiat.
1451 2804 1775 2871 Quomodo?
1810 2805 1867 2857 in
1907 2819 2153 2857 consum-

571 2901 826 2964 matione,
852 2898 1108 2968 inquiens
1156 2895 1221 2962 ⁸³,
1263 2896 1446 2950 mundi
1493 2895 1672 2965 hujus,
1700 2911 1810 2950 non
1856 2905 2038 2950 autem
2069 2898 2154 2948 l'u-

572 2995 701 3056 turi,
724 2993 902 3048 mittet
927 2992 1094 3046 Filius
1109 2991 1346 3045 hominis
1375 2991 1594 3062 angelos
1629 3003 1777 3052 suos,
1808 2999 1862 3044 et
1903 2989 2155 3058 colligent

548 3109 642 3162 ex
672 3105 839 3161 regno
890 3089 1031 3157 eius,
1058 3097 1190 3156 puta
1238 3085 1496 3156 praesenti
1548 3083 1772 3148 mundo,
1807 3081 2151 3137 oll‘endieula.

2172 1854 2219 1914 B

2238 583 2447 675 peroro,
2474 583 2662 677 φήσιν,
2694 610 2782 672 εὶς
2806 607 2875 661 τὸ
2902 583 3098 676 στόμα
3128 583 3327 661 natura?
3353 608 3460 660 τὸν
3489 583 3827 675 ἄνθρωπον,

2242 698 2405 752 ἀλλὰ
2435 698 2502 751 τὸ
2536 699 3016 768 ἐκπορευόμενον
3047 701 3115 752 ἐκ
3137 699 3246 754 τοῦ
3285 699 3606 767 στόματος,
3633 699 3832 754 ἐκεῖνο

2243 787 2438 841 κοινοῖ
2461 788 2568 842 τὸν
2592 788 2927 856 ἄνθρωπον.
2977 789 3064 841 Ἐν
3098 789 3280 852 ἄλλοις
3311 789 3369 842 δὲ
3403 789 3569 842 πάλιν
3598 788 3826 859 βραχέσι

2245 881 2456 951 ῥήμασι
2494 877 2591 949 τὴν
2625 880 2682 930 ὲν
2713 876 3021 947 ἀνθρώποις
3071 878 3300 947 εἰρήνην
3343 878 3439 930 καὶ
3480 878 3832 947 δικαιοσύνην

2243 973 2527 1042 κρατύνων
2561 973 2655 1025 καὶ
2686 971 2998 1041 νομοθετῶν
3039 971 3106 1025 δι’
3150 964 3224 1024 ῶν
3255 971 3409 1038 ἔλεγε
3429 988 3442 1003 ο
3479 970 3682 1024 Πάντα
3713 971 3834 1022 ὅσα

2242 1066 2321 1120 ἂν
2369 1064 2580 1132 θέλητε
2625 1065 2726 1117 ἵνα
2777 1061 3034 1116 ποιῶσιν
3073 1061 3218 1132 ὑμῖν
3259 1065 3312 1116 οι
3361 1061 3681 1130 ἅνθρωποι,
3729 1063 3833 1116 καὶ

2241 1159 2414 1226 ὑμεῖς
2428 1157 2649 1211 ποιεῖτε
2670 1156 2894 1221 αὐτοῖς.
2916 1155 3134 1226 Ταύτης
3149 1155 3316 1208 αὑτοῦ
3333 1156 3432 1223 τῆς
3451 1156 3833 1226 παραινέσεως

2243 1254 2338 1307 καὶ
2367 1252 2694 1324 νομοθεσίας
2716 1254 2778 1304 τὸ
2801 1251 3172 1320 ἀνεπίληπτον
3197 1251 3291 1303 καὶ
3319 1250 3637 1304 λυσιτελοῦν
3683 1267 3797 1323 παρ
3814 1279 3833 1291 -

2245 1345 2441 1410 ιστῶν,
2477 1345 2555 1416 τῷ
2595 1343 2869 1413 ἀξιώματι
2911 1341 3006 1395 τοῦ
3039 1342 3203 1412 νόμου
3237 1342 3332 1395 καὶ
3381 1342 3489 1395 τῶν
3533 1342 3836 1412 προφητῶν

2243 1437 2674 1510 ὲπισφραγίζει·
2713 1436 2878 1490 Οὕτω
2903 1433 3014 1504 γάρ
3051 1435 3204 1498 ἐστι,
3239 1435 3426 1503 φησὶν,
3461 1437 3494 1487 o'
3521 1435 3706 1502 νόμος
3732 1432 3838 1485 καὶ

2242 1532 2296 1583 οἱ
2321 1529 2642 1598 προφῆται.
2671 1530 2780 1582 Ναὶ
2813 1528 2877 1598 δὴ
2909 1529 3003 1581 καὶ
3032 1529 3065 1598 ὴ
3115 1525 3436 1596 παραϐολὴ,
3477 1526 3600 1579 καθ’
3634 1525 3701 1596 ἦν
3727 1525 3836 1596 τὴν

2240 1622 2350 1675 τῶν
2378 1620 2624 1692 οὐρανῶν
2652 1619 2932 1690 βασιλείαν
2959 1615 3253 1680 ἀπεικάζει
3281 1619 3309 1670 6
3334 1617 3525 1688 Σωτὴρ
3554 1616 3652 1670 ἀνθ
3664 1615 3838 1687 ρώπῳ

2245 1713 2526 1781 σπείροντι
2571 1711 2734 1765 καλὸν
2779 1711 3004 1782 σπέρμα
3046 1711 3104 1762 ὲν
3143 1708 3221 1780 τῷ
3270 1707 3425 1778 ἀγρῷ
3468 1707 3636 1760 αὐτοῦ
3664 1747 3680 1772 ,
3727 1707 3837 1760 οὐκ

2247 1806 2468 1860 ἔλαττον
2490 1807 2843 1876 καταισχύνει
2867 1805 2966 1875 τὴν
2987 1803 3261 1858 ἀσέϐειαν.
3284 1802 3409 1864 Πῶς
3427 1803 3538 1874 γὰρ
3559 1803 3661 1854 οὐκ
3683 1800 3840 1854 ἐστιν

2250 1897 2278 1948 6
2313 1895 2506 1965 παρὼν
2539 1896 2744 1966 κόσμος
2775 1899 2873 1967 τῆς
2903 1893 3184 1966 βασιλείας
3219 1892 3314 1946 τοῦ
3355 1891 3491 1946 Θεοῦ
3513 1933 3528 1957 ,
3561 1892 3658 1945 καὶ
3690 1891 3742 1945 οἱ
3773 1894 3837 1944 ἐν

2250 1989 2420 2061 αὐτῷ,
2450 1989 2613 2042 ὁπότε
2643 1988 2806 2042 αὑτοῦ
2841 1988 2940 2059 μὲν
2965 1986 3058 2040 τὸν
3093 1985 3262 2056 ἀγρὸν
3296 1986 3489 2048 αὑταῖς
3521 1984 3671 2052 λέγει
3712 2001 3830 2053 (pto-

2250 2081 2391 2147 ναῖς,
2418 2081 2517 2150 οὐχ
2549 2078 2718 2146 ἅπαξ,
2746 2078 2882 2132 ἀλλά
2910 2078 3004 2131 καὶ
3034 2077 3137 2142 δὶς,
3165 2073 3305 2129 εἶναι
3327 2076 3382 2128 δὲ
3408 2076 3501 2129 τὸν
3535 2075 3705 2142 ἀγρὸν
3741 2076 3838 2127 τὸν

2251 2174 2479 2244 κόσμον,
2511 2173 2603 2225 τὸν
2626 2172 2684 2224 δὲ
2707 2171 2911 2241 κόσμον
2932 2169 3123 2237 ῶσπερ
3145 2169 3314 2238 ἀγρὸν
3339 2166 3530 2228 αὑτοῦ,
3557 2165 3702 2218 οὕτω
3728 2165 3830 2218 καὶ

2254 2265 2531 2336 βασιλείαν
2560 2263 2765 2330 αὐτοῦς
2808 2263 3194 2317 Ἀναπτύσσων
3222 2261 3332 2332 γὰρ
3355 2261 3455 2329 τὴν
3490 2256 3836 2328 παραϐολὴν,

2263 2357 2328 2410 '0
2374 2357 2642 2424 σπείρων
2678 2357 2748 2410 τὸ
2792 2357 2984 2410 καλὸν
3022 2358 3282 2423 σπέρμα,
3324 2351 3528 2421 φησιν,
3583 2350 3761 2403 ἐστὶν
3803 2351 3840 2401 ὀ

2261 2449 2395 2513 Υἱὸς
2421 2449 2530 2502 τοῦ
2569 2448 2907 2516 ἀνθρώπου,
2940 2451 2972 2502 ὀ
3009 2447 3079 2500 δὲ
3111 2445 3292 2515 ἀγρός
3318 2445 3490 2498 ἐστιν
3521 2445 3553 2496 o'
3579 2443 3838 2510 κόσμος.

2258 2543 2328 2597 Τὸ
2351 2542 2421 2594 δὲ
2452 2541 2645 2596 καλὸν
2677 2539 2935 2610 σπέρμα,
2964 2535 3133 2595 οὗτοι
3163 2539 3324 2591 είσιν
3356 2538 3410 2589 oi
3440 2533 3556 2588 υιοὶ
3589 2535 3701 2601 τῆς
3721 2534 3843 2596 βα-

2253 2636 2511 2700 σιλείας·
2543 2635 2615 2688 τὰ
2639 2634 2708 2687 δὲ
2738 2633 2953 2696 ᾇζὰνιὰ
2973 2637 3132 2688 εἰσιν
3152 2635 3206 2686 ol
3234 2632 3349 2686 υἱοὶ
3382 2627 3488 2683 τοῦ
3513 2626 3797 2694 Hor-aper}
3823 2641 3837 2654 ·

2253 2729 2286 2780 ό
2314 2726 2384 2778 δὲ
2419 2726 2637 2795 ἐχθρὸς
2669 2727 2701 2779 δ
2730 2725 3000 2793 σπείρων
3033 2723 3207 2786 αὐτὰ,
3245 2723 3420 2776 ἐστὶν
3451 2723 3485 2775 ὁ
3529 2718 3840 2782 διάϐολος.

2265 2816 2513 2881 Ἀκούεις
2550 2816 2667 2880 πῶς
2707 2817 2796 2870 τὸν
2843 2816 3046 2886 κόσμον
3096 2815 3196 2884 μὲν
3235 2813 3400 2868 αὐτοῦ
3432 2812 3614 2880 λέγει,
3648 2809 3843 2863 καὶτὸ

2256 2910 2482 2984 σπέρμα
2510 2908 2674 2963 αὑτοῦ
2703 2909 2829 2971 τοὺς
2853 2910 2911 2961 ὲν
2939 2907 3111 2977 αύτῷ,
3131 2905 3225 2970 οὓς
3251 2907 3348 2960 καὶ
3380 2907 3530 2967 υἱοὺς
3559 2905 3657 2974 τῆς
3675 2903 3842 2973 βασι-

2255 3001 2406 3062 λείας
2427 2999 2600 3068 λέγει,
2635 2999 2804 3070 μόνην
2847 2999 2904 3052 δὲ
2949 2997 3047 3069 τὴν
3079 2997 3187 3052 τῶν
3237 2997 3491 3062 ζιζανίων
3524 2996 3844 3064 ὲπισπορὰο

2256 3094 2336 3156 είς
2359 3091 2696 3164 τὺνἘχθρὸν
2726 3090 3067 3160 ἀποπέμπεις
3110 3088 3254 3142 Ἀλλ’
3273 3088 3566 3155 ἐπίστησον
3597 3087 3711 3148 τοῖς
3746 3086 3842 3138 λο-

573 3184 761 3254 Ncque
789 3182 936 3237 enim
978 3182 1030 3233 in
1058 3179 1243 3233 futuro
1273 3187 1326 3232 et
1348 3185 1560 3259 interno
1603 3192 1770 3246 regno
1806 3175 1890 3229 vel
1947 3174 2151 3229 zizania

2257 3184 2478 3254 γισμοῖς
2523 3183 2577 3235 εἴ
2609 3199 2661 3236 τι
2694 3180 2946 3252 λείψανον
2969 3181 3070 3250 τῆς
3109 3180 3204 3234 τοῦ
3249 3179 3496 3233 Πλάστου
3545 3178 3731 3248 χειρὸς
3783 3182 3845 3229 ἐν

573 3251 852 3334 crescunt,
887 3271 971 3326 vel
1001 3269 1134 3324 serit
1173 3283 1235 3322 ea
1275 3267 1466 3332 Malus,
1492 3251 1576 3321 vel
1606 3265 1933 3321 oll‘endicula
1976 3265 2154 3319 locum

575 3365 796 3429 habent,
829 3369 887 3416 ut
931 3376 994 3415 ex
1017 3376 1082 3414 eo
1103 3359 1280 3428 angeli
1312 3356 1433 3412 Filii
1469 3359 1706 3412 hominis
1760 3357 1864 3412 ista
1903 3355 2156 3427 colligere

575 3460 834 3514 valeant:
865 3455 1008 3509 sicut
1058 3461 1111 3506 et
1153 3462 1275 3522 post
1324 3451 1519 3506 factam
1572 3451 1732 3505 istam
1775 3449 2155 3504 collectionem

576 3552 786 3604 zizania
812 3548 864 3601 in
900 3547 1176 3600 fornacem
1233 3543 1372 3616 ignis
1404 3541 1789 3612 conjicientur.
1831 3539 1986 3593 Tunc
2025 3551 2157 3591 vero

575 3641 859 3712 ctjustiin
899 3652 1064 3709 regno
1107 3636 1283 3692 Patris
1331 3636 1414 3690 sui
1463 3635 1724 3690 lucebunt
1775 3632 1948 3686 instar
2002 3629 2154 3684 solis.

577 3737 719 3803 Quid
747 3736 832 3790 his
855 3732 1073 3788 Domini
1097 3731 1322 3785 vocibus
1347 3730 1474 3784 hinc
1502 3729 1571 3784 ad
1603 3724 2017 3797 depritnendam
2063 3722 2160 3776 de-

579 3829 844 3882 iectorum
871 3825 1228 3893 impietatem,
1263 3821 1392 3874 hinc
1415 3820 1483 3873 ad
1507 3815 1908 3887 provehendam
1952 3822 2009 3868 et
2045 3827 2161 3866 am-

578 3915 926 3987 pliﬁcandam
966 3913 1222 3982 pietatem
1262 3910 1531 3964 illustrius
1564 3917 1658 3962 aut
1713 3905 1988 3961 ellicacius
2037 3919 2160 3958 esse

579 4009 800 4080 potest?
832 4009 918 4060 Ea:
944 4006 1088 4060 enim
1114 4003 1403 4066 mundum,
1435 4013 1488 4055 et
1511 4016 1630 4069 quae
1658 4001 1713 4053 in
1742 4015 1808 4054 eo
1833 4007 1980 4062 sunt,
1999 3997 2160 4052 Chri-

579 4105 653 4159 sti
678 4111 732 4157 et
769 4097 1114 4162 Servatoris;
1142 4098 1317 4166 ipsum
1345 4103 1527 4148 autem
1553 4094 1840 4147 Dominum
1869 4100 1924 4146 et
1956 4093 2159 4163 Regem

577 4193 846 4258 universi,
881 4201 940 4245 ut
969 4189 1022 4242 in
1066 4188 1251 4242 futuro
1304 4186 1379 4239 ita
1400 4185 1454 4238 in
1503 4183 1758 4253 praesenti
1811 4197 1980 4252 regno
2040 4197 2160 4236 esse

577 4284 897 4357 praedicant.
930 4278 1070 4345 Quid
1104 4292 1234 4333 vero
1259 4276 1509 4329 homines
1540 4273 1711 4344 magis
1763 4287 1946 4338 sensu,
1997 4289 2158 4342 quam

578 4379 698 4447 ipsa
751 4365 1068 4432 inanimata,
1126 4367 1371 4422 destituti
1421 4381 1540 4421 esse
1614 4365 1881 4436 cupiunt?
1916 4364 2161 4434 quando-

577 4469 798 4539 quidem
835 4466 914 4520 sul
951 4475 1006 4518 et
1036 4473 1177 4518 terra
1211 4468 1266 4515 et
1291 4469 1480 4530 petrae,
1511 4459 1564 4512 in
1591 4468 1856 4528 quantum
1897 4473 2020 4512 cum
2053 4456 2160 4510 Do-

2258 3275 2436 3345 ἑαυτῷ
2480 3274 2824 3345 περιφέρεις.
2881 3274 2970 3326 Ἐν
3003 3273 3112 3343 γὰρ
3138 3273 3250 3335 τοῖς
3277 3271 3565 3342 ἑπομένοις
3596 3287 3844 3341 περιφα-

2257 3364 2364 3426 νῶς
2388 3362 2552 3415 αὑτοῦ
2585 3361 2862 3432 βασιλείαν
2893 3360 3259 3432 ἀνακηρύττει
3288 3359 3378 3413 τὸν
3405 3359 3629 3430 κόσμον.
3676 3359 3802 3421 Πῶς
3827 3377 3844 3419 ;

2271 3461 2375 3514 Ἐν
2398 3458 2475 3527 τῇ
2503 3458 2846 3525 συντελείᾳ,
2880 3457 3034 3528 φησι,
3067 3454 3174 3510 τοῦ
3206 3455 3422 3522 αἰῶνος
3453 3455 3694 3515 τούτου,
3721 3451 3849 3505 ἀλλ’

2258 3551 2382 3622 οὐχὶ
2407 3551 2503 3604 τοῦ
2543 3551 2852 3622 μέλλοντος,
2886 3551 3180 3604 ἀποστελεῖ
3207 3550 3235 3601 ὁ
3265 3549 3396 3612 Υἱὸς
3421 3547 3516 3601 τοῦ
3545 3546 3848 3617 ἀνθρώπου

2257 3642 2387 3705 τοὺς
2416 3641 2683 3710 ἀγγέλους
2721 3641 2907 3705 αὑτοῦ,
2939 3641 3033 3694 καὶ
3063 3637 3408 3703 συλλέξουσιν
3449 3639 3514 3690 ἐκ
3543 3637 3640 3705 τῆς
3685 3637 3854 3706 βασι-

2258 3731 2410 3795 λείας
2438 3731 2626 3796 αύτοῦ,
2657 3732 2899 3803 δηλονότι
2923 3731 3017 3784 τοῦ
3047 3731 3314 3802 παρόντος
3340 3729 3548 3799 κόσμου
3574 3733 3642 3782 τά
3669 3730 3853 3782 σκάνο

2260 3824 2414 3880 δαλα.
2446 3824 2521 3878 Οὐ
2569 3825 2677 3894 γὰρ
2708 3826 2766 3876 ἐν
2794 3827 2860 3894 τῇ
2903 3823 3173 3895 μελλούσῃ
3213 3821 3310 3876 καὶ
3336 3821 3679 3891 ἀτελευτήτῳ
3700 3862 3714 3884 ,
3744 3823 3855 3874 ού-

2265 3914 2458 3985 μενοῦν
2501 3913 2623 3967 οὔτε
2665 3914 2880 3978 ζιζάνια
2920 3913 3138 3981 φύεται,
3172 3912 3294 3966 οὔτε
3323 3913 3500 3966 ταῦτα
3549 3911 3770 3981 σπείρει
3821 3915 3858 3965 ὁ

2261 4002 2539 4072 Πονηρὸς,
2567 4000 2691 4055 οὗτε
2735 4001 3049 4054 συνίσταται
3083 3999 3351 4053 σκάνδαλα
3371 4039 3385 4063 ,
3415 3999 3502 4052 ἵνα
3533 4001 3595 4051 ἐκ
3633 3997 3858 4067 ταύτης

2260 4093 2309 4144 οί
2339 4090 2560 4160 ἄγγελοι
2581 4089 2676 4142 τοῦ
2712 4091 2750 4142 Γ
2755 4089 2835 4142 ἰοῦ
2871 4089 2967 4142 τοῦ
3001 4088 3290 4160 ἀνθρώπου
3319 4087 3643 4152 συλλέξωσιν
3674 4088 3852 4141 αύτάο

2261 4183 2386 4235 ἐπεὶ
2420 4181 2514 4234 καὶ
2556 4183 2696 4251 μετά
2727 4180 2828 4250 τὴν
2856 4181 2920 4233 ἐκ
2948 4179 3058 4233 τῶν
3093 4178 3329 4232 ἐνταῦθα
3366 4178 3630 4246 συλλογὴν
3669 4177 3862 4230 ταῦτα

2264 4274 2362 4344 μὲν
2392 4276 2472 4337 εἰς
2499 4273 2602 4344 τὴν
2643 4275 2877 4343 κάμινον
2918 4273 3011 4325 τοῦ
3057 4272 3229 4342 πυρὸς
3262 4271 3568 4341 βάλλονται.
3604 4270 3741 4323 Τότε
3792 4271 3863 4323 δὲ

2262 4366 2357 4418 καί
2404 4366 2453 4417 οἱ
2489 4365 2687 4418 δίκαιοι
2737 4368 2795 4419 ἐν
2849 4367 2917 4436 τῇ
2966 4364 3214 4434 βασιλείᾳ
3257 4363 3350 4416 τοῦ
3395 4363 3607 4430 Πατρὸς
3660 4362 3865 4414 αὐτῶν

2262 4455 2640 4525 ἐκλάμιπουσιν
2673 4455 2748 4519 ὡς
2787 4458 2815 4508 6
2843 4455 3016 4526 ἧλιος.
3055 4455 3120 4507 Τί
3151 4453 3356 4506 τούτων
3401 4454 3513 4506 τῶν
3546 4452 3867 4517 Κυριακῶν

582 4557 732 4612 mino
781 4555 1081 4625 patiuntur,
1111 4548 1476 4620 principatum
1525 4547 1647 4616 ejus
1669 4547 1884 4616 publice
1913 4547 2151 4601 edicunt.

2263 4547 2458 4617 φωνῶν
2501 4546 2885 4618 λαμπρότερον
2930 4547 2963 4618 ἢ
3012 4547 3421 4618 δυνατώτερον,
3455 4545 3707 4600 καθελεῖν
3745 4545 3870 4615 μὲν

576 4651 649 4704 At
706 4648 825 4702 illos
885 4661 954 4700 ne
991 4653 1107 4698 tum
1153 4641 1372 4711 quidem
1433 4639 1623 4708 pudet,
1661 4654 1784 4693 cum
1845 4640 2160 4710 impruden-

579 4741 709 4794 tiam
747 4754 902 4793 suam
931 4737 999 4791 ab
1039 4737 1103 4790 iis
1137 4734 1320 4788 vident
1350 4732 1690 4802 castigatam.
1734 4731 1780 4784 A
1823 4742 1970 4784 sexta
2001 4734 2160 4798 enim,

580 4831 780 4902 inquit,
807 4832 940 4883 hora
986 4843 1153 4898 usque
1173 4826 1243 4878 ad
1272 4839 1466 4878 nonam
1511 4821 1738 4874 tenebrat:
1767 4822 1920 4891 facta:
1937 4829 2078 4885 sunt,
2115 4829 2163 4873 et

581 4937 723 4978 terra
741 4931 1002 4977 commota
1027 4930 1123 4987 est,
1143 4929 1190 4974 et
1210 4929 1372 4989 petra:
1387 4920 1566 4974 scissa:
1579 4923 1701 4971 sunt
1735 4914 1800 4969 “.
1824 4913 1955 4980 Quae
2015 4913 2162 4966 enim

581 5019 722 5071 inter
745 5023 1056 5070 creaturam
1084 5015 1282 5072 malam
1311 5022 1364 5067 et
1391 5011 1725 5068 Dominicam
1748 5005 2160 5077 perpessionem

566 5108 900 5164 't'0mmuni0
925 5115 1019 5161 aut
1045 5104 1752 5161 commiseratiointercedit
1769 5100 1941 5154 ?Nam
1968 5112 2164 5154 secun-

582 5203 712 5256 dmn
746 5199 1037 5270 impiorum
1073 5198 1285 5252 illorum
1309 5198 1504 5268 placita
1537 5206 1737 5251 terram
1768 5191 2051 5263 superbire
2071 5191 2164 5246 de-

580 5294 737 5347 cebat
760 5303 816 5347 et
832 5291 1116 5362 splendido
1136 5290 1328 5345 habitu
1356 5289 1528 5352 indui,
1551 5285 1989 5358 quandoquidem
2012 5281 2163 5337 vidc-

582 5388 674 5440 bat
697 5401 843 5452 eum,
860 5385 952 5454 qui
979 5384 1250 5439 conditori
1278 5398 1379 5438 suo
1402 5380 1698 5453 perniciem
1721 5379 1983 5433 allaturus
2016 5383 2155 5439 erat,

584 5478 751 5532 tantis
784 5476 1120 5532 cruciatibus
1148 5475 1368 5546 exponi.
1400 5474 1683 5541 Quomodo
1729 5487 1858 5526 vero
1904 5479 2025 5539 post
2069 5486 2160 5524 re-

581 5570 1004 5632 surrectionem,
1046 5583 1169 5621 cum
1199 5564 1445 5620 nondum
1481 5564 1534 5618 in
1565 5561 1741 5617 Patris
1763 5562 1964 5625 sinum,
1997 5575 2160 5629 quem

578 5675 861 5728 nunquam
892 5658 1227 5721 deseruerat,
1264 5653 1531 5720 rcdiisset,
1562 5670 1591 5706 ιι
1614 5651 1770 5705 Patre
1805 5651 2011 5720 accepit
2059 5666 2163 5721 p0-

2257 4640 2359 4712 τὴν
2382 4640 2742 4703 ἀποστασίαν,
2775 4641 2990 4710 ὑψῶσαι
3029 4640 3086 4694 δὲ
3116 4642 3210 4694 καὶ
3247 4639 3516 4712 κρατῦναι
3553 4637 3652 4707 τὴν
3687 4640 3869 4691 εύσὲ-

2260 4735 2451 4798 6ειαν;
2485 4733 2554 4786 δι’
2589 4727 2665 4786 ὦν
2693 4733 2785 4786 τὸν
2819 4733 3023 4803 κόσμον
3063 4733 3158 4785 καὶ
3187 4733 3254 4785 τὰ
3289 4734 3345 4784 ὲν
3379 4730 3528 4800 αὐτῷ
3565 4728 3661 4781 τοῦ
3703 4730 3869 4800 Χρι-

2262 4823 2388 4875 στοῦ
2437 4823 2533 4877 καὶ
2573 4823 2823 4896 Σωτῆρος
2863 4823 3021 4894 ἡμῶν
3061 4821 3527 4892 ἀνακηρύττουσι·
3560 4820 3872 4889 Δεσπότην

2263 4913 2320 4966 δὲ
2349 4915 2443 4968 καὶ
2479 4915 2717 4969 Βασιλέα
2770 4915 2864 4967 τοῦ
2918 4915 3121 4978 παντὸς
3156 4913 3343 4985 ὥσπερ
3396 4915 3493 4983 τῆς
3541 4910 3876 4982 μελλούσης

2261 5004 2405 5058 οὕτω
2432 5005 2528 5058 καὶ
2557 5006 2656 5076 τῆς
2691 5006 2973 5077 παρούσης
3008 5007 3404 5077 ἀναγορεύουσι
3444 5005 3746 5076 βασιλείας.
3785 5005 3878 5056 Τί

2257 5096 2317 5150 δὲ
2369 5096 2736 5165 φιλονεικοῦσι
2764 5099 2873 5152 τῶν
2902 5098 3126 5170 ἀψύχων
3170 5098 3426 5167 γενέσθαι
3455 5095 3883 5164 ἀναισθητότεο

2265 5203 2384 5259 ροι;
2413 5187 2616 5240 ὁπόταν
2630 5187 2782 5258 ἥλιος
2813 5189 2933 5258 μὲν,
2963 5192 3061 5242 καὶ
3090 5190 3186 5258 γῆ,
3217 5189 3311 5241 καὶ
3336 5185 3638 5256 πέτραι,δι’
3665 5181 3746 5240 ῶν
3773 5187 3888 5258 τῷ

2262 5278 2581 5349 Δεσποτικῴ
2615 5279 2953 5350 συνέπασχον
2982 5279 3168 5344 πάθει,
3197 5279 3293 5350 τὴν
3328 5279 3494 5332 αὑτοῦ
3527 5278 3888 5331 δεσποτείαν

2266 5369 2639 5442 κηρύττουσι,
2678 5365 2824 5424 οὗτοι
2875 5372 2931 5425 δὲ
2982 5372 3251 5426 κάκείνων
3303 5371 3403 5444 τὴν
3435 5371 3622 5424 ἄνοιαν
3666 5370 3888 5423 αὐτῶν

2267 5463 2602 5534 ἐλεγχόντων
2631 5463 2732 5516 οὐκ
2765 5463 3130 5534 αἰσχύνονται.
3176 5463 3322 5519 Ἀπὸ
3352 5464 3462 5533 γὰρ
3499 5463 3612 5532 τῆς
3642 5461 3889 5530 ἕκτης,

2269 5559 2453 5627 φησὶν,
2494 5556 2652 5625 ὧρας
2674 5555 2788 5621 ἕως
2812 5554 3068 5624 ἐννάτης
3092 5558 3315 5624 σκότος
3353 5557 3620 5628 ἐγένετο,
3665 5555 3767 5608 καὶ
3821 5557 3912 5626 τῖ’

2270 5649 2346 5720 γῆ
2379 5649 2651 5718 ἐσείσθη,
2695 5649 2793 5703 καὶ
2832 5652 2893 5703 al
2935 5650 3142 5718 πέτραι
3166 5651 3574 5720 ἐσχίσθησαν.
3604 5648 3702 5711 Τίς
3743 5649 3900 5722 γὰρ

653 5858 697 5889 ⁶⁰
726 5857 919 5912 Matth.
950 5871 1047 5920 vn,
1076 5853 1140 5909 l2
1215 5853 1256 5885 “
1311 5827 1455 5907 ibid.
1532 5851 1577 5882 "
1618 5849 1805 5904 Matth.
1841 5848 2072 5917 xm,58.
2153 5846 2196 5879 ⁸³
2228 5843 2421 5902 Matth.
2451 5862 2598 5915 xxxv,
2639 5842 2726 5903 51'.
2807 5847 2850 5879 ⁸⁵
2882 5847 3070 5904 Matth.
3101 5847 3191 5914 27,
3234 5847 3323 5903 45.
