4110 6424
250 481 360 548 113

1314 488 1612 552 CONTRA
1647 486 2108 578 MANICHIEOS
2145 489 2372 548 LIBER
2413 487 2496 549 Ιῐ.

3387 478 3502 544 114-

249 596 512 652 κοινωνία
541 598 574 668 ἢ
607 598 921 668 συμπάθεια
951 597 1205 670 πονηροῦ
1239 599 1684 672 πλάσματοςκαὶ
1727 600 1825 651 Δε-

1930 607 2179 653 testalem
2213 597 2268 651 in
2294 597 2490 652 ctelum
2518 603 2571 649 et
2595 601 2815 656 terram,
2849 607 3103 662 quorum,
3135 590 3227 662 qui
3255 590 3500 653 dederat,

253 691 518 744 σποτικοῦ
549 692 784 757 πάθουςς
831 693 1028 763 Ἐχρῆν
1066 693 1174 762 γὰρ
1206 692 1410 763 μᾶλλον
1452 693 1595 756 ὅσον,
1637 693 1730 745 ἐπὶ
1753 690 1831 761 τῷ

249 783 368 834 τῶν
398 781 610 835 ἀσεϐῶν
641 782 899 852 δόγματι,
941 783 1355 854 λαμπρύνεσθαί
1394 801 1453 837 τε
1497 785 1593 837 καὶ
1624 784 1831 852 κόσμον

250 874 686 942 περιϐάλλεσθαι
726 874 950 944 μείζονά
977 892 1039 927 τε
1082 877 1175 928 καὶ
1205 875 1708 945 περιφανέστερον,
1744 872 1830 942 ἐφ’

246 959 299 1032 ᾧ
328 967 421 1018 τὸν
466 967 711 1019 καθελεῖν
749 969 1164 1037 παραγεγονότα
1215 968 1307 1020 τὸν
1353 967 1602 1038 πλάστην
1651 965 1830 1019 αὐτῶν

246 1057 576 1125 τηλικοῦτον
631 1058 800 1120 πάθος
861 1057 1088 1111 ἔϐλεπον
1141 1058 1530 1128 ὑφιστάμενον.
1591 1057 1714 1120 Πῶς
1771 1057 1829 1110 δὲ

254 1151 400 1219 μετά
435 1149 532 1220 τὴν
561 1150 857 1202 ἀνάστασιν
887 1149 1009 1218 μὲν,
1040 1149 1196 1204 οὔπω
1227 1150 1282 1204 δὲ
1313 1151 1449 1220 πρὸς
1484 1152 1610 1214 τοὺς
1634 1169 1832 1222 πατρι-

249 1243 390 1306 κοὺς
439 1242 466 1292 ό
505 1242 772 1311 μηδέποτε
808 1241 1032 1305 τούτους
1075 1242 1249 1296 λιπὼν
1285 1243 1524 1297 ἀνελθὼν
1554 1244 1789 1307 κόλπους
1811 1283 1828 1308 ,

251 1337 411 1402 παρὰ
446 1333 542 1385 τοῦ
575 1333 782 1403 Πατρὸς
809 1333 908 1402 τὴν
949 1333 1197 1398 ἐξουσίαν
1228 1335 1495 1406 λαμϐάνει
1531 1335 1626 1389 τοῦ
1659 1352 1715 1388 τε
1741 1336 1832 1388 ού-

252 1425 422 1494 ρανοῦ
445 1425 538 1477 καὶ
568 1425 666 1494 τῆς
687 1424 813 1494 γῆς,
841 1418 916 1478 ὧν
940 1426 1040 1478 οὐκ
1061 1421 1128 1495 ἦν
1155 1425 1358 1495 Κύριος
1382 1429 1411 1480 ὁ
1439 1427 1643 1494 διδούς;
1672 1425 1831 1481 Οὕτω

248 1516 365 1584 γάρ
416 1517 451 1583 ἡ
502 1515 768 1584 θεομάχος
826 1516 1049 1582 γλῶσσα
1097 1517 1389 1586 δυσφημεῖ.
1457 1519 1580 1569 Ἐπὶ
1617 1517 1830 1582 τούτοις

247 1605 309 1658 δὲ
342 1607 394 1657 εί
418 1606 578 1674 ἀγροὶ
611 1608 706 1659 καὶ
743 1608 913 1660 οἰκίαι
941 1611 1040 1677 τῆς
1068 1608 1252 1679 χειρός
1283 1611 1390 1661 είσι
1415 1608 1509 1661 τοῦ
1543 1609 1784 1678 Πονηροῦ
1811 1649 1826 1673 ,

249 1696 378 1760 πῶς
410 1699 438 1750 ὁ
480 1698 685 1765 ἀγαθὸς
727 1699 858 1760 Θεὸς
895 1701 924 1752 ὀ
961 1699 1151 1769 Σωτὴρ
1197 1700 1352 1770 ἡμῶν
1389 1704 1502 1762 τοῖς
1532 1701 1829 1771 προθύμως

247 1790 682 1860 ἡκολουθηκόσιν
728 1791 877 1861 αὐτῷ
912 1793 1052 1861 μετά
1089 1792 1197 1844 τῶν
1230 1793 1468 1845 αἰωνίων
1497 1794 1702 1863 ἀγροὺς
1736 1794 1829 1847 καὶ

247 1884 428 1946 οἰκίας
450 1883 848 1951 ἐπαγγέλλεται
880 1888 1202 1955 παρασχεῖν,
1229 1885 1266 1939 ἂ
1289 1887 1471 1955 φαῦλά
1495 1889 1554 1940 τέ
1585 1889 1702 1939 ἐστι
1735 1887 1827 1940 καὶ

249 1974 462 2040 φαύλου
500 1976 744 2045 ποιητοῦ,
786 1978 877 2028 καὶ
905 1970 979 2028 ὧν
1026 1975 1150 2029 οὔτε
1197 1977 1401 2047 Κύριος
1449 1979 1608 2040 αὐτὸς
1657 1977 1823 2046 ἔχειν,

246 2067 376 2120 οῦτε
411 2068 594 2129 ἄλλοις
621 2072 958 2138 παρασχεῖνξ
987 2069 1050 2122 Τί
1073 2069 1129 2122 δὲ
1160 2071 1252 2123 καὶ
1275 2073 1352 2132 εἰς
1381 2071 1571 2140 μισθὸν
1591 2070 1698 2123 ἔδει
1731 2071 1826 2137 φέ-

251 2175 370 2228 ρειν
399 2159 472 2211 τά
497 2158 590 2210 τοῦ
623 2158 746 2227 Ἐχο
758 2157 847 2228 ροῦ
872 2161 986 2221 τοῖς
1006 2159 1184 2212 πάντα
1211 2159 1456 2212 λιποῦσιν
1476 2161 1573 2212 καὶ
1602 2159 1826 2212 ἀκολουο

249 2251 485 2318 θήσασιν
521 2250 701 2320 αύτῷ,
731 2254 824 2305 καὶ
857 2252 1400 2322 συμπεριλαμϐάνειν
1439 2254 1619 2315 αὐτοῖς
1659 2255 1716 2304 ἐν
1749 2251 1826 2322 τῷ

248 2343 438 2412 δώρῳ.
494 2345 586 2396 καὶ
635 2343 732 2413 τὴν
786 2343 1005 2396 αίὼνιον
1057 2344 1201 2416 ζωὴν
1257 2344 1483 2412 ἀγαθοῖς
1531 2345 1826 2400 συνάπτειν

250 2434 434 2501 φαῦλα
453 2473 469 2498 ,
495 2435 589 2485 καὶ
615 2433 703 2486 διὰ
732 2435 826 2502 τῆς
854 2435 1172 2506 προσθήκης
1199 2436 1293 2489 τοῦ
1334 2437 1576 2506 χείρονος
1612 2436 1827 2506 ἐνυϐρί-

250 2527 366 2589 ζειν
395 2527 491 2579 καὶ
520 2526 548 2578 ὃ
576 2525 642 2578 ἀν
663 2521 730 2595 ἦν
756 2528 926 2596 χωρὶς
944 2527 1044 2596 τῆς
1071 2527 1387 2597 προσθήκης
1409 2527 1694 2581 κάλλιστον
1717 2527 1825 2582 τῶν

250 2617 474 2689 δώρωνς
505 2616 629 2679 Πῶς
660 2617 716 2670 δὲ
744 2616 904 2670 πάλιν
945 2618 1364 2687 ἐρωτησάμενος
1405 2619 1434 2669 ὁ
1471 2618 1664 2688 Σωτὴρ
1697 2620 1826 2689 περὶ

256 2711 366 2762 τῶν
415 2708 658 2778 νομικῶν
720 2707 946 2761 ἐντολῶν
1002 2707 1226 2779 πρώτην
1283 2709 1380 2778 μὲν
1437 2703 1579 2762 εἷναί
1624 2726 1822 2779 φησιν·

265 2805 497 2864 Ἀκουε,
544 2799 793 2866 Ἰσραήλ
819 2815 833 2829 ·
863 2801 1075 2868 Κύριος
1106 2804 1139 2852 ὁ
1165 2803 1312 2866 Θεός
1344 2817 1462 2855 σου
1493 2803 1710 2869 Κύριος
1738 2797 1827 2868 εἷς

257 2893 405 2946 ἐστι.
445 2891 556 2946 Καὶ
616 2890 952 2959 ἀγαπήσεις
1000 2891 1219 2957 Κύριον
1256 2890 1364 2942 τὸν
1406 2892 1555 2945 Θεόν
1593 2908 1711 2945 σου
1755 2893 1826 2958 ἐξ

251 2983 403 3048 ὅλης
447 2981 558 3049 τῆς
591 2981 839 3048 καρδίας
875 2996 1013 3044 σου,
1057 2978 1158 3033 και
1197 2979 1268 3044 ἐξ
1296 2978 1446 3046 ὅλης
1478 2980 1589 3048 τῆς
1615 2981 1828 3050 ψυχῆς

252 3091 391 3137 σου,
434 3075 534 3126 καὶ
571 3073 637 3137 ἐξ
667 3073 819 3139 ὅλης
856 3070 966 3138 τῆς
1008 3072 1220 3140 ἰσχύος
1255 3088 1405 3136 σου,
1439 3073 1537 3128 καί
1574 3072 1642 3136 ἐξ
1679 3072 1828 3138 ὅλης

253 3167 360 3236 τῆς
380 3166 646 3232 διανοίας
666 3180 818 3227 σου;
848 3166 1118 3234 Δευτέραν
1145 3164 1221 3228 δὲ,
1253 3166 1319 3234 ἣν
1345 3164 1468 3218 οὐδὲ
1496 3167 1528 3234 ἡ
1560 3165 1828 3236 ἐρώτησις

255 3261 478 3332 ἀπῄτει·
519 3257 880 3325 Ἀγαπήσεις
907 3257 1015 3309 τὸν
1041 3257 1310 3320 πλησίον
1338 3272 1457 3310 σου
1487 3256 1566 3321 ὡς
1585 3257 1826 3312 ἑαυτόν.

255 3353 368 3406 Καὶ
395 3352 455 3404 οὐ
488 3351 646 3421 μέχρι
675 3350 866 3402 τούτου
891 3349 1042 3419 ἔστη,
1071 3348 1207 3401 ἀλλά
1235 3349 1440 3401 καὶτὸν
1470 3350 1831 3418 ἐπερωτῶντα

257 3444 549 3513 σύμψηφον
573 3443 744 3513 εὑρὼν
770 3442 830 3495 ού
876 3441 1094 3512 μακράν
1136 3442 1358 3494 ἀνεῖπεν
1382 3436 1521 3496 εἶναι
1553 3442 1650 3512 τὴν
1679 3443 1834 3512 βασι-

253 3537 409 3590 λείαν
446 3535 538 3587 τοῦ
573 3533 728 3586 Θεοῦ.
769 3535 894 3597 Πῶς
928 3531 1039 3603 γὰρ
1071 3533 1126 3586 al
1160 3533 1453 3585 Μωσαῖκαὶ
1494 3532 1828 3602 νομοθεσίαι,

259 3626 424 3697 εἴπερ
459 3622 594 3697 ἦσαν
618 3626 712 3679 τοῦ
758 3625 1007 3696 Ἐχθροῦ,
1043 3625 1262 3694 πρῶτον
1307 3625 1405 3694 μὲν
1437 3624 1530 3677 ἕνα
1557 3624 1692 3678 Θεὸν
1737 3625 1832 3679 καὶ

261 3717 470 3787 Κύριον
497 3715 876 3786 νομοθετοῦσιν
907 3715 1106 3767 εἰδέναι
1140 3715 1234 3767 καὶ
1272 3717 1448 3767 νοεῖνο
1491 3711 1612 3768 εἶτα
1643 3715 1832 3770 τοῦτον

259 3808 425 3878 μόνον
451 3809 669 3878 ἀγαπᾷν
711 3807 768 3872 ἐξ
796 3807 924 3877 ϐλης
957 3805 1204 3875 καρδίας,
1244 3804 1457 3858 καὶτὸν
1497 3805 1722 3876 πλησίον
1755 3807 1832 3871 ὡς

251 3900 471 3965 tant-6v;
500 3901 560 3951 E’.
587 3894 682 3952 οὖν
701 3898 796 3950 ἕνα
823 3898 954 3949 Θεὸν
975 3898 1068 3950 καὶ
1088 3895 1292 3965 Κύριον
1319 3897 1686 3967 ἀνακηρύττει
1703 3900 1831 3952 Μω-

254 3989 385 4056 σῆς,
421 3989 514 4040 καὶ
561 3989 712 4057 παρά
745 3985 933 4040 τοῦτον
961 3986 1120 4040 ἄλλον
1158 3988 1296 4056 μήτε
1334 3987 1656 4057 λατρεύειν,
1691 3990 1830 4059 μήτε

251 4082 608 4151 προσκυνεῖν,
641 4079 779 4147 μετά
803 4079 860 4131 δὲ
885 4078 1091 4148 ταύτην
1126 4077 1226 4148 τὴν
1255 4078 1478 4149 πρώτην
1505 4080 1580 4144 ὡς
1615 4081 1832 4152 ἀληθῶς

249 4167 508 4236 ἐντολὴν,
539 4168 637 4219 καὶ
673 4166 732 4218 τὸ
759 4166 1084 4237 φιλάλληλον
1122 4168 1219 4221 καὶ
1260 4167 1646 4238 φιλάνθρωπον
1691 4172 1831 4226 κατά

247 4259 345 4312 τὸν
386 4260 570 4328 ὅμοιον
610 4259 810 4329 τρόπον
849 4257 942 4311 τοῦ
981 4260 1248 4330 σωτηρίου
1282 4262 1703 4332 προστάγματος
1742 4281 1831 4316 νο-

251 4349 502 4419 μοθετεῖ,
525 4350 628 4403 ποῦ
656 4351 690 4420 ἠ
731 4351 941 4421 πονηρά
968 4350 1068 4421 τῆς
1097 4352 1436 4415 ἀποστασίας
1467 4354 1609 4425 ἀρχή
1633 4371 1648 4420 ;
1693 4356 1831 4409 Ἀλλ’

243 4444 276 4494 ὁ
310 4440 416 4511 μὲν
453 4441 820 4512 Γραμματεὺς
852 4442 1054 4510 συνῆκε
1090 4441 1188 4496 τοῦ
1226 4443 1497 4496 Δεσπότου
1518 4485 1533 4507 ,
1563 4446 1662 4516 τὴν
1697 4448 1832 4501 Μω-

246 4529 456 4599 σαῖκὴν
499 4530 792 4596 κυροῦντος
821 4531 1024 4601 φωνὴν,
1057 4532 1138 4584 ὅτι
1167 4527 1248 4595 εἷς
1276 4535 1422 4588 ἐστιν
1460 4537 1489 4587 ό
1526 4535 1685 4602 Θεὸς,
1735 4538 1829 4591 καὶ

1931 707 2040 744 non
2063 690 2365 746 exsistebat
2413 685 2807 742 Dominus?lta
2839 685 2984 738 enim
3036 683 3213 754 lingua
3251 683 3360 737 Deo
3411 682 3508 737 ad-

1932 799 2089 838 versa
2146 781 2441 836 maledicit.
2481 780 2710 849 Insuper
2762 795 2894 833 vero
2943 777 2987 831 si
3018 777 3129 846 agri
3158 788 3214 830 et
3255 775 3448 830 domus
3476 794 3505 828 a

1933 890 2097 928 manu
2144 873 2266 927 Mali
2293 873 2734 943 proﬁciscuntur,
2797 870 3070 940 quomodo
3117 870 3294 923 bonus
3341 867 3506 926 Deus,

1935 967 2192 1020 Servatur
2216 972 2420 1027 noster,
2451 963 2670 1018 asseclis
2714 962 2829 1017 suis
2885 972 3082 1032 praeter
3107 971 3309 1013 aeterna
3363 958 3505 1011 bona

1931 1067 1987 1110 et
2014 1071 2171 1125 agros
2200 1063 2254 1109 et
2282 1056 2474 1110 domos
2497 1053 2860 1108 exhibiturum
2895 1068 2953 1105 se
2978 1051 3282 1120 pollicetur,
3308 1048 3506 1116 quippe

1931 1163 2050 1218 qua:
2073 1155 2129 1199 et
2149 1147 2284 1200 mala
2311 1154 2460 1208 sunt,
2485 1155 2538 1199 et
2572 1144 2696 1198 mali
2727 1143 3045 1203 conditoris.
3075 1150 3130 1195 et
3160 1142 3210 1193 in
3243 1155 3361 1208 qua:
3390 1138 3508 1207 ipse

1932 1246 2256 1306 potestatem
2285 1253 2391 1289 non
2426 1236 2591 1291 habet
2643 1234 2728 1289 vel
2771 1233 3080 1303 possidendi
3121 1247 3204 1297 ea,
3255 1231 3338 1284 vel
3390 1229 3511 1282 aliis

1933 1330 2222 1384 exhibendi
2251 1329 2272 1380 ?
2303 1328 2585 1393 Quomodo
2620 1343 2748 1381 vero
2775 1326 2858 1381 fas
2886 1335 3023 1382 erat.
3050 1340 3134 1385 ea.
3169 1337 3290 1391 quae
3336 1319 3509 1374 hostis

1933 1430 2079 1484 sunt,
2117 1421 2324 1491 pnemii
2352 1422 2470 1474 loco
2511 1421 2640 1474 dare
2672 1419 2739 1472 iis
2789 1418 2880 1486 qui
2941 1416 3123 1469 omnia
3148 1414 3508 1482 reliquerant,

1931 1524 1984 1567 et
2021 1513 2197 1582 ipsum
2223 1512 2392 1567 secuti
2428 1520 2603 1573 erant,
2637 1519 2692 1563 et
2718 1509 2860 1562 inter
2891 1507 3107 1576 praemia
3138 1505 3226 1558 illa
3247 1515 3506 1558 aeternam

1931 1621 2148 1676 quoque
2175 1603 2337 1656 vitam
2373 1617 2658 1670 reponere,
2684 1610 2846 1670 atque
2876 1600 3011 1652 adeo
3041 1597 3318 1650 malacum
3348 1595 3511 1649 bonis

1932 1697 2287 1767 conjungere,
2318 1704 2373 1750 et
2404 1694 2719 1749 accessione
2761 1693 2885 1747 mali
2926 1689 3231 1746 diminuere
3283 1689 3335 1742 id
3365 1689 3508 1757 quod

1932 1790 2050 1843 sine
2101 1790 2186 1842 illa
2232 1788 2544 1841 accessione
2587 1787 2854 1843 donorum
2909 1783 3153 1837 omnium
3197 1791 3315 1835 erat
3372 1796 3517 1850 prm-r

1933 1878 2367 1933 stantissimum?
2391 1877 2673 1942 Quomodo
2697 1891 2870 1930 verus
2899 1876 3062 1928 etiam
3100 1873 3353 1927 Servatur
3379 1886 3510 1924 nos-

1936 1976 2017 2022 ter
2045 1968 2112 2021 de
2136 1966 2418 2035 przeceptis
2440 1966 2701 2036 legalibus
2731 1967 3073 2034 interrogans
3114 1963 3352 2032 primum
3373 1961 3513 2014 dixit

1935 2073 2058 2113 esse
2079 2077 2091 2112 τ
2114 2057 2493 2122 Audi,lsrael:
2526 2057 2775 2110 Dominus
2796 2055 2935 2110 Deus
2964 2068 3082 2107 tuus
3097 2054 3351 2107 Dominus
3377 2067 3512 2104 unus

1935 2160 2030 2204 est.
2063 2153 2133 2204 Et
2159 2149 2343 2219 diliges
2385 2149 2666 2202 Dominum
2695 2147 2857 2200 Deum
2911 2157 3056 2199 (mm:
3096 2161 3157 2197 ex
3204 2153 3310 2195 toto
3359 2141 3511 2194 corde

1935 2250 2023 2294 tuo
2043 2251 2091 2294 et
2136 2249 2245 2294 tota
2279 2242 2460 2294 anima
2496 2250 2610 2302 tua,
2642 2248 2689 2292 et
2725 2255 2788 2292 ex
2813 2237 3049 2291 omnibus
3081 2233 3277 2288 viribus
3305 2233 3429 2292 tuis.
3461 2241 3510 2284 et

1931 2350 1995 2387 ea:
2037 2334 2178 2387 omni
2222 2342 2392 2386 mente
2421 2340 2511 2384 tua
2535 2332 2603 2384 ⁵⁸.
2647 2330 2888 2382 Alterum
2914 2325 3230 2395 vero,quod
3276 2326 3506 2393 quaestio

1931 2438 2000 2476 ne
2043 2422 2354 2490 requirebat
2379 2420 2633 2490 quidem;
2665 2419 2859 2488 Diliges
2882 2419 3177 2486 proximum
3200 2425 3347 2468 tuum
3378 2423 3430 2467 ut
3457 2420 3507 2467 te

1932 2515 2103 2584 ipsum
2116 2514 2180 2566 ⁸⁸.
2208 2513 2395 2582 Neque
2419 2512 2472 2565 in
2497 2526 2562 2565 eo
2587 2511 2878 2580 acquievit,
2903 2509 2995 2563 scd
3020 2524 3141 2562 cum
3163 2508 3509 2575 interrogan-

1933 2613 2042 2659 tem
2069 2605 2167 2659 sibi
2195 2603 2625 2658 conscntientem
2667 2611 2861 2656 nactus
2892 2610 3057 2663 esset,
3084 2615 3192 2652 non
3219 2597 3407 2666 procul
3441 2597 3509 2649 ab

1933 2711 1999 2749 co
2029 2711 2149 2749 esse
2179 2695 2312 2748 dixit
2362 2694 2456 2747 Dei
2505 2708 2751 2764 regnum.
2790 2691 3073 2758 Quomodo
3133 2698 3315 2743 autem
3365 2688 3510 2757 leges

1931 2787 2199 2849 Mosaicae,
2235 2786 2276 2840 si
2305 2785 2520 2856 quidem
2551 2785 2784 2839 fuissent
2806 2784 2997 2846 hostis,
3025 2783 3260 2852 primum
3289 2780 3506 2849 quidem

1932 2894 2103 2932 unum
2136 2877 2306 2931 Deum
2350 2884 2406 2930 et
2454 2876 2743 2930 Dominum
2799 2876 2937 2929 scire
2971 2889 3028 2929 se
3078 2881 3132 2928 ct
3190 2885 3506 2943 agnoscere,

1931 2981 2093 3042 atque
2117 2971 2367 3026 eumdem
2391 2969 2566 3024 solum
2590 2985 2657 3022 ex
2681 2977 2794 3022 toto
2817 2967 2998 3031 corde,
3026 2973 3081 3020 et
3115 2964 3422 3034 proximum
3450 2969 3511 3015 ut

1930 3063 2208 3118 hominem
2229 3063 2401 3132 ipsum
2423 3061 2714 3116 amandum
2737 3075 2858 3114 esse
2879 3055 3306 3128 proﬁterentur?
3327 3052 3386 3108 Si
3409 3052 3510 3122 igi-

1931 3166 2020 3209 tur
2039 3170 2207 3208 unum
2239 3155 2407 3206 Deum
2440 3162 2496 3207 et
2557 3151 2843 3205 Dominmn
2888 3149 3146 3218 praedicat
3183 3145 3382 3208 Moses,
3404 3159 3509 3197 nec

1859 3279 1901 3336 ο
1933 3255 2130 3316 ρταιιοτ
2157 3259 2281 3299 eum
2317 3244 2481 3298 alium
2509 3242 2615 3298 eoli
2649 3243 2736 3298 vel
2781 3240 2994 3296 adorari
3041 3239 3176 3303 vult,
3209 3245 3330 3307 post
3376 3236 3507 3289 illud

1935 3355 2066 3394 vero
2088 3339 2325 3409 primum
2347 3347 2682 3408 praeceptum
2707 3342 2956 3390 mutuum
2988 3333 3041 3386 in
3067 3332 3316 3386 homines
3357 3345 3510 3383 amo-

1933 3449 2047 3486 rem
2073 3439 2346 3501 prazcepto
2363 3430 2667 3485 Servaloris
2702 3427 2874 3482 nostri
2913 3424 3302 3480 convenienter
3327 3428 3507 3489 urget.

1933 3523 2245 3592 ubi,qua:so
2272 3530 2342 3587 te,
2363 3521 2562 3575 malum
2589 3527 2954 3590 apostatarum
2979 3515 3301 3587 principium
3329 3515 3506 3566 locum

1934 3618 2140 3674 habet?
2167 3619 2236 3671 At
2262 3617 2450 3672 Scriba
2471 3615 2686 3685 quidem
2713 3615 2802 3668 ille
2833 3612 3168 3682 intelligebat
3195 3609 3504 3669 Dominum,

1933 3712 2226 3766 Mosaicam
2265 3711 2439 3782 legem
2476 3708 2893 3778 approbantcm,
2936 3704 3082 3774 quod
3129 3702 3339 3757 scilicet
3365 3714 3508 3754 unus

1934 3803 2004 3857 sit
2031 3804 2192 3863 Deus,
2226 3816 2327 3856 nec
2363 3800 2503 3854 ullus
2523 3807 2721 3869 praeter
2749 3812 2895 3850 eum.
2924 3793 3029 3859 Qui
3060 3809 3188 3846 vero
3219 3790 3423 3844 Scribis
3453 3797 3509 3842 et

1933 3880 2503 3950 Pharisaeismeliores
2553 3905 2675 3945 esse
2725 3888 2861 3958 jussi
2909 3894 3058 3951 sunt,
3104 3900 3174 3940 ne
3224 3883 3508 3938 minimam

1932 3987 2150 4058 quidem
2173 3985 2387 4054 pietatis
2412 3993 2617 4052 partem
2633 3981 2733 4036 sibi
2756 3987 2992 4035 servant.
3015 3977 3190 4031 Lucas
3209 3991 3360 4035 vero,
3384 3989 3508 4026 vcr-

1933 4079 2125 4133 borum
2147 4075 2357 4130 Domini
2377 4075 2628 4143 scriptor,
2661 4072 2932 4142 quomodo
2956 4069 3278 4125 Zachariam
3309 4075 3363 4119 et
3398 4064 3507 4118 Eli-

1933 4173 2236 4233 sabetham,
2283 4169 2336 4222 in
2396 4167 2568 4222 veteri
2627 4175 2953 4220 testamento
2996 4163 3260 4225 viventes,
3309 4159 3507 4229 justos,

1933 4241 2138 4333 eosque
2160 4277 2340 4316 coram
2392 4259 2524 4323 Deo,
2551 4273 2664 4312 non
2706 4265 2914 4310 tantum
2965 4269 3149 4308 coram
3193 4249 3510 4306 hominibus

1933 4356 2122 4421 fuisse,
2141 4355 2267 4409 etin
2294 4352 2550 4407 omnibus
2571 4350 2664 4405 Dei
2686 4347 2974 4420 prmceptis
2996 4356 3050 4401 et
3081 4344 3296 4400 statutis
3333 4341 3506 4397 incul-

1932 4456 2055 4519 pate
2069 4455 2310 4502 versatos
2327 4444 2588 4500 testatur?
2605 4443 2888 4509 Qdomodo
2899 4443 2974 4497 ait
2990 4439 3304 4495 Zachariam
3327 4451 3506 4490 sacer-

1936 4538 2083 4593 dotio
2097 4552 2276 4591 coram
2304 4536 2415 4589 Deo
2437 4533 2825 4604 perfunctum?
2849 4531 3122 4601 quomodo
3145 4536 3249 4583 tem
3260 4527 3405 4596 plum
3428 4525 3506 4578 lc-

242 4622 352 4673 ούκ
385 4620 531 4672 ἐστιν
559 4621 716 4683 ἄλλος
737 4621 875 4690 πλὴν
902 4623 1087 4677 αὐτοῦ.
1133 4625 1197 4676 Οἱ
1219 4625 1275 4677 δὲ
1309 4625 1419 4676 τῶν
1453 4626 1828 4697 Γραμματέων

1935 4631 2072 4701 galc.
2105 4630 2160 4683 in
2187 4628 2332 4698 quod
2366 4627 2662 4688 introibat,
2722 4623 2986 4692 templum
3025 4621 3116 4674 Dei
3150 4619 3422 4689 appellat?
3451 4627 3506 4670 ct

249 4713 354 4766 καὶ
384 4714 696 4781 Φαρισαίων
723 4714 886 4766 πλέον
907 4714 1054 4784 ἔχειν
1079 4716 1513 4786 προσταχθέντες
1531 4757 1546 4781 ,
1587 4720 1708 4772 οὐδὲ
1729 4721 1828 4791 τὴν

241 4804 493 4873 ἐσχάτην
521 4806 714 4874 μοῖραν
755 4806 852 4874 τῆς
889 4806 1174 4869 εὐσεϐείας
1212 4809 1476 4873 σώζουσιν
1507 4812 1563 4862 ἐν
1591 4811 1826 4875 ἑαυτοῖς.

241 4894 471 4954 Λουκᾶς
504 4892 561 4945 δὲ
588 4895 616 4945 ὁ
645 4892 752 4946 τῶν
774 4895 1121 4947 Δεσποτικῶν
1155 4898 1412 4966 ῥημάτων
1452 4902 1825 4968 συγγραφεὺς,

238 4985 371 5045 πῶς
411 4983 504 5035 τὸν
535 4985 812 5053 Ζαχαρίαν
845 4986 938 5038 καὶ¹
976 4988 1075 5056 τὴν
1118 4988 1398 5043 Ἐλισάϐετ
1429 4991 1486 5042 ὲν
1517 4994 1581 5061 τῇ
1625 4992 1828 5062 παλαιᾷ

237 5075 548 5147 νομοθεσίᾳ
575 5075 845 5146 βιοῦντας.
871 5079 1136 5143 δικαίους,
1158 5082 1252 5133 καὶ
1277 5081 1402 5134 τότε
1429 5081 1656 5136 ἐνώπιον
1686 5101 1828 5154 μαρ-

233 5170 408 5238 τυρεῖ
438 5168 534 5222 τοῦ
563 5168 699 5222 Θεοῦ
726 5210 742 5233 ,
787 5171 903 5225 ἀλλ’
945 5173 1046 5224 οὐκ
1086 5173 1319 5226 ἐνώπιον
1365 5174 1668 5246 ἀνθρώπων
1689 5217 1701 5238 ,
1734 5178 1828 5230 καὶ

237 5259 656 5328 πορευομένους
688 5262 746 5312 ὲν
783 5261 984 5323 πάσαις
1011 5266 1132 5326 ταῖς
1166 5265 1408 5328 ἐντολαῖς
1441 5265 1535 5320 τοῦ
1565 5265 1700 5319 Θεοῦ
1733 5267 1827 5320 καὶ

235 5351 617 5419 δικαιώμασιν
655 5353 983 5422 ἀμέμπτως·
1018 5353 1136 5407 εἶτα
1176 5357 1271 5409 καὶ
1299 5357 1398 5428 τὴν
1431 5357 1709 5427 ἱερατείαν
1737 5359 1826 5412 τὸν

237 5443 529 5513 Ζαχαρίαν
564 5445 738 5498 τελεῖν
768 5444 999 5498 ἐνώπιον
1027 5445 1120 5498 τοῦ
1161 5447 1318 5500 Θεοῦ·
1354 5449 1450 5502 καὶ
1481 5450 1574 5502 τὸν
1602 5451 1821 5520 νομικὸν

237 5535 396 5595 ναὸν,
426 5535 486 5586 ὲν
510 5528 558 5602 ᾧ
584 5535 777 5606 εἰσῄει,
815 5535 940 5590 ναὸν
965 5539 1363 5608 προσαγορεύει
1392 5539 1486 5593 τοῦ
1517 5539 1653 5594 Θεοῦ
1679 5557 1693 5606 ;
1734 5542 1823 5595 Ἐν

235 5626 401 5696 αὐτῷ
454 5643 513 5679 τε
558 5627 650 5680 τὸν
693 5628 926 5696 ἄγγελον
980 5629 1210 5697 ὀφθῆναι
1261 5631 1506 5700 Κυρίου,
1552 5633 1648 5686 καὶ
1699 5632 1821 5686 τότε

235 5715 413 5782 τινας
461 5717 566 5772 Τὸν
603 5721 1045 5790 ἀρχιστράτηγον
1084 5719 1355 5791 Γαϐριὴλ,
1382 5721 1441 5787 ὃς
1485 5725 1581 5778 καὶ
1617 5723 1714 5796 τὴν
1759 5726 1821 5778 ἐκ

319 5919 367 5950 εδ
405 5914 598 5970 Matth.
637 5918 834 5977 “1,29.
915 5916 957 5948 ⁸⁸
992 5913 1121 5970 ihid.
1155 5914 1246 5969 50.

1930 4723 1986 4775 in
2010 4722 2128 4790 ipso
2161 4720 2411 4790 angelum
2440 4718 2556 4784 Dei,
2597 4731 2833 4784 eumque
2864 4713 3176 4768 Gabrielem
3220 4711 3501 4779 copiarum

1929 4814 2143 4875 ducem,
2165 4811 2256 4879 qui
2286 4819 2342 4864 et
2384 4809 2725 4862 nativitatem
2762 4803 2976 4859 Domini
3027 4819 3092 4856 ex
3123 4800 3342 4870 Virgine
3371 4840 3385 4862 ,
3449 4807 3506 4850 et

1929 4903 2031 4972 ipsi
2061 4901 2136 4956 illi
2158 4901 2493 4955 intemeratae
2521 4897 2727 4968 Virgini
2759 4905 2814 4952 et
2859 4911 2983 4950 eum
3008 4909 3074 4949 ea
3115 4891 3317 4946 mundo
3352 4905 3504 4943 nun-

1931 4994 2107 5055 tiavit,
2140 4992 2342 5055 visum,
2371 5005 2671 5060 precesque
2702 4987 3004 5042 sacerdotis
3061 4984 3346 5038 exauditas
3378 4997 3498 5037 esse

1928 5085 1980 5137 in
2015 5081 2319 5152 Evangeliis
2353 5078 2604 5141 aliirmat,
2630 5089 2972 5148 puerumque
3002 5074 3201 5127 ibidem
3235 5086 3515 5125 memora-a

1930 5186 2042 5230 tum
2083 5189 2334 5244 magnum
2360 5186 2540 5226 coram
2575 5170 2804 5224 Domino
2837 5168 3103 5228 futurum,
3137 5164 3340 5234 Spiritu
3369 5164 3497 5218 item

1926 5274 2115 5320 sancto
2144 5265 2382 5334 plenum,
2424 5263 2715 5330 multisque
2764 5258 2942 5329 magni
2997 5256 3175 5328 gaudii
3231 5257 3499 5324 interpre-

1929 5368 2058 5423 tem,
2084 5373 2188 5412 nec
2217 5357 2403 5426 paucis
2430 5355 2799 5409 lsraelitarum
2821 5349 3198 5406 conversionis
3237 5349 3304 5402 ad
3328 5347 3504 5401 Deum-

1931 5457 2232 5510 auclorcm,
2265 5445 2578 5515 Spirituque
2617 5458 2679 5496 ac
2704 5442 2904 5495 virtute
2935 5438 3066 5493 Elia:
3114 5443 3338 5492 usurum
3373 5451 3501 5504 pro-

1931 5539 2185 5594 nuntiat?
2209 5538 2394 5606 Itaque
2417 5533 2769 5604 evangelista,
2802 5532 2886 5586 vel
2945 5530 3124 5601 potius
3155 5527 3297 5582 Deus
3331 5569 3345 5592 ,
3401 5527 3494 5594 qui

1931 5633 2048 5687 lucc
2084 5645 2182 5701 per
2203 5626 2586 5696 archangelum
2619 5625 2860 5693 loquitur
2882 5666 2896 5688 ,
2959 5637 3070 5676 non
3099 5620 3362 5673 Joannem
3409 5631 3496 5670 so-

1927 5723 2063 5787 lum,
2091 5719 2183 5792 qui
2229 5717 2461 5790 gratiam.
2500 5715 2961 5787 propullulantem
2993 5711 3209 5767 videbat
3242 5752 3257 5776 ,
3297 5707 3397 5765 sed
3439 5717 3504 5762 et.
