4110 6400
601 489 702 554 115

1731 492 1992 552 ΡΙΙΟΤΙΙ
2033 483 2538 569 munitione
2577 481 2685 539 ce.

3752 456 3847 521 116

597 603 790 666 Eliam,
820 601 914 673 qui
939 602 1031 657 diu
1061 612 1189 658 ante
1218 605 1445 675 gratiam
1482 604 1711 666 exstitit,
1743 604 1953 657 animas
1977 617 2007 656 a
2039 616 2170 656 vero

2288 595 2546 664 Ἱαρθένου
2578 590 2672 644 τοῦ
2705 588 2977 642 Δεσπότου
3019 586 3306 655 γέννησιν,
3346 579 3483 647 αὐτῇ
3512 592 3572 628 τε
3603 576 3668 675 τῇ
3714 575 3850 675 ἀκη-

594 696 708 748 Deo
735 710 977 757 aversas,
1009 703 1063 749 et
1093 704 1217 765 post
1239 696 1493 751 Satanam
1516 705 1840 756 scortantes,
1872 694 1940 748 ad
1976 707 2164 747 verum

595 787 765 841 Deum
796 787 1135 841 convertisse
1161 788 1498 852 testimonio,
1524 787 1672 840 omni
1696 786 2018 855 exceptione
2049 800 2167 837 ma-

589 877 717 946 jori,
755 878 1059 933 confirmat.
1098 878 1300 933 lterum
1326 894 1459 934 vero
1500 878 1791 933 Zacharias
1819 877 2030 947 Spiritu
2072 875 2166 928 Dei

596 973 861 1042 repletur,
896 984 949 1027 et
978 974 1272 1043 prophetas
1298 974 1554 1043 antiquos
1586 982 1897 1027 sanctorum
1933 969 2171 1040 appellat

597 1065 849 1119 chorum.
887 1065 1069 1118 Erexit
1106 1066 1281 1129 enim,
1339 1066 1518 1135 inquit
1567 1066 1903 1135 prophetans
1964 1073 2018 1117 et
2073 1078 2172 1133 per

601 1157 861 1225 Spiritum
891 1165 1142 1211 sanctum
1165 1157 1394 1226 loquens
1418 1200 1433 1222 ,
1489 1175 1649 1211 cornu
1684 1155 1875 1209 salutis
1908 1158 1963 1209 in
2014 1155 2171 1208 domo

596 1250 839 1314 Davidis,
879 1249 980 1317 ﬁlii
1030 1249 1114 1303 sui
1156 1251 1221 1303 °".
1261 1248 1325 1303 Et
1368 1248 1511 1303 unde
1559 1249 1664 1304 hoc
1720 1249 2175 1304 demonstratur?

599 1341 747 1395 Sicut
781 1341 981 1396 locutus
1018 1352 1113 1407 est,
1144 1343 1340 1412 inquit,
1381 1360 1474 1410 per
1507 1360 1562 1396 os
1597 1353 1900 1397 sanctorum
1922 1361 1955 1396 a
1982 1343 2173 1398 swculo

598 1435 970 1502 prophetarum
1001 1452 1221 1488 suorum
1252 1433 1317 1487 ⁸⁸.
1354 1435 1774 1504 Prophetarum,
1820 1434 2016 1504 inquit,
2049 1453 2174 1487 suo-

601 1542 739 1589 rum,
767 1541 875 1578 non
903 1535 1084 1579 autem
1115 1526 1305 1580 hostis.
1348 1527 1490 1592 Quid
1528 1537 1708 1581 autem
1746 1527 2023 1581 vaticinati
2050 1536 2177 1580 sunt

601 1616 677 1669 illi
702 1616 723 1668 ?
749 1616 913 1669 Deum
936 1617 1333 1670 recordaturum
1357 1619 1658 1672 testamenti
1681 1620 1764 1672 sui
1780 1620 1951 1672 sancti
1979 1619 2044 1683 δ’,
2068 1634 2174 1670 non

602 1720 752 1771 sane,
785 1706 948 1759 homo
981 1706 1367 1775 perditissime,
1402 1708 1593 1763 hostis.
1622 1709 1815 1765 Adhuc
1847 1724 1977 1764 vero
2006 1709 2177 1779 magis

602 1796 897 1866 impiorum
963 1813 1058 1851 ora
1112 1797 1490 1854 refrenaturus
1538 1800 1911 1869 juramentum
1949 1843 1964 1866 ,
2032 1800 2179 1870 quod

605 1891 915 1945 Abrahatno
962 1892 1102 1962 patri
1153 1903 1344 1948 nostro
1379 1894 1605 1963 juravit,
1651 1895 1890 1960 adducit,
1928 1893 1997 1948 Ut
2029 1896 2180 1948 daret

606 1982 753 2036 nobis
785 1993 1117 2052 potestatem,
1142 2002 1207 2039 ex
1235 2003 1393 2039 manu
1421 1988 1757 2040 inimicorum
1786 1999 2086 2040 nostrorum
2120 1988 2184 2039 li‘

608 2073 803 2126 beratis
832 2075 944 2128 sine
975 2077 1163 2130 timore
1198 2078 1252 2129 in
1275 2080 1558 2131 sanctitate
1595 2090 1643 2132 et
1680 2080 1893 2149 justitia
1924 2080 2028 2148 ipsi
2070 2095 2183 2133 ser-

605 2163 781 2215 viendi
807 2164 873 2215 ⁷ο.
905 2163 1185 2234 Perpende
1226 2182 1347 2235 quae
1388 2167 1531 2221 dicta
1591 2175 1740 2220 sunt.
1783 2166 2019 2236 Spiritus
2054 2181 2182 2219 san-

608 2264 730 2307 ctus
761 2255 949 2325 implet
988 2255 1331 2322 Zachariam,
1364 2258 1559 2327 plenus
1591 2273 1657 2312 eo
1706 2258 2004 2328 prophetas
2038 2259 2182 2311 anti-

608 2360 747 2412 quos
797 2356 1017 2402 sanctos
1070 2346 1275 2417 Deique
1324 2350 1638 2404 saeerdotes
1703 2350 1983 2420 appellat,
2019 2350 2183 2406 Mosis

608 2436 737 2489 item
769 2444 1152 2492 testamentum
1183 2440 1443 2508 pradicat
1470 2454 1720 2495 sanctum
1748 2485 1763 2506 ,
1819 2442 2088 2512 nobisque
2121 2442 2186 2495 li-

609 2527 871 2582 bertatem
901 2531 1249 2598 praenuntiat,
1275 2526 1329 2585 et
1360 2547 1509 2598 eum,
1554 2533 1646 2602 qui
1675 2532 1984 2587 Abrahamo
2024 2535 2182 2605 jura-

607 2619 772 2682 verit,
804 2619 966 2689 hujus
1020 2622 1286 2676 libertatis
1309 2623 1554 2678 datorem
1592 2626 1706 2679 fore
1739 2664 1754 2689 ,
1806 2641 2009 2695 eosque
2039 2666 2055 2691 ,
2090 2627 2184 2695 qui

607 2711 815 2764 cultum
846 2712 945 2781 ipsi
980 2724 1237 2782 praestent
1264 2755 1279 2779 ,
1333 2715 1386 2768 in
1424 2715 1711 2769 sanctitate
1765 2725 1821 2771 et
1867 2716 2075 2785 justitia
2133 2719 2183 2773 ei

608 2804 816 2857 servire
840 2816 1135 2860 asseverat.
1163 2806 1219 2859 Si
1256 2806 1373 2860 haec
1401 2797 1583 2860 omnia
1617 2806 1908 2861 Zacharias
1929 2851 1943 2874 ,
1979 2806 2185 2885 Spiritu

607 2903 800 2948 sancto
829 2895 1092 2964 repletus,
1122 2896 1399 2963 edisserit,
1436 2913 1620 2951 nonne
1648 2898 1845 2967 spiritu
1877 2899 2018 2953 malo
2040 2900 2185 2969 pleni

602 2986 881 3055 judicandi
907 2998 1054 3049 sunt,
1083 2990 1175 3059 qui
1200 2991 1472 3043 contraria
1506 2990 1590 3043 bis
1612 2990 1797 3044 omnia
1815 2992 2188 3047 contendant?

609 3077 752 3142 Quid
783 3095 913 3133 vero
951 3080 1135 3135 dicent
1162 3080 1485 3135 amarulenti
1519 3082 1652 3152 legis
1680 3082 1928 3138 Mosaicze
1961 3099 2187 3138 accusa-

610 3178 778 3237 tores,
811 3173 895 3226 vel
919 3173 1101 3241 potius
1126 3174 1459 3243 principatus
1496 3175 1587 3229 Dei
1620 3176 1934 3245 partitores,
1968 3178 2187 3246 quando

606 3263 795 3318 vident
820 3263 1003 3318 Jesum
1043 3265 1099 3318 in
1135 3264 1441 3336 Evangeliis
1476 3266 1811 3338 Jerosolyma
1838 3270 2181 3338 perductum,

609 3356 789 3425 ibique
822 3356 1056 3413 M‘osaica
1088 3358 1336 3413 instituta
1364 3362 1770 3424 observantem,
1805 3363 2068 3418 sacrificia
2100 3379 2187 3417 se-

584 3449 845 3502 cundum
872 3460 1205 3520 praeceptum
1238 3450 1370 3520 legis
1402 3451 1615 3508 Domini
1645 3453 2003 3520 offerentem,
2059 3456 2187 3510 bra-

607 3538 853 3609 chiisque
886 3541 1019 3610 justi
1054 3541 1343 3612 Symeonis
1377 3544 1548 3597 instar
1570 3545 1698 3600 doni
1722 3555 2059 3617 susceptum,
2096 3549 2186 3618 qui

609 3632 753 3685 inter
781 3643 976 3687 ca-tera
1010 3635 1226 3703 pictatis
1258 3646 1313 3691 ct
1336 3637 1563 3706 iustitia:
1588 3649 1906 3708 argumenta
1938 3656 2032 3709 per
2063 3639 2189 3711 Spi-

607 3723 771 3776 ritum
811 3735 1061 3779 sanctum
1104 3729 1389 3782 oraculum
1439 3738 1675 3794 nactus,
1733 3740 1787 3785 ct
1841 3748 2187 3788 communem

610 3813 955 3870 Servatorem
987 3818 1228 3873 brachiis
1256 3821 1572 3890 complexus
1602 3830 1705 3886 est,
1737 3832 1791 3876 et
1816 3823 2094 3879 benedixit
2116 3826 2188 3892 ei,

608 3913 663 3958 et
698 3908 1083 3973 praenuntiavit
1113 3949 1127 3973 ,
1155 3924 1280 3963 eum
1312 3910 1366 3964 in
1400 3917 1627 3965 salutem
1659 3913 1951 3969 advenisse
2006 3932 2190 3971 coram

610 3994 750 4050 facie
780 3997 1021 4053 omnium
1058 4002 1412 4071 populorum,
1437 4012 1491 4056 et
1516 4003 1689 4057 instar
1718 4005 1855 4061 lucis
1881 4007 1949 4060 ad
1983 4008 2191 4062 illumi-

609 4089 890 4144 nationem
928 4094 1193 4163 gentium,
1226 4111 1348 4165 qua:
1378 4097 1620 4165 posthaec
1640 4098 1695 4151 in
1719 4113 1842 4151 eum
1870 4099 1979 4153 sint
2010 4101 2191 4155 credi-

612 4192 771 4246 turae,
797 4182 1016 4239 divinus
1038 4201 1170 4241 vero
1213 4189 1550 4259 evangelista
1579 4204 1689 4244 non
1724 4191 1855 4245 satis
1898 4192 2085 4247 habuit
2113 4194 2187 4259 id,

613 4275 759 4342 quod
795 4284 925 4331 tunc
956 4287 1165 4348 gestum
1197 4290 1337 4344 erat,
1360 4283 1786 4354 contraimpios
1810 4284 1911 4341 hos
1941 4286 2193 4341 homines

613 4383 1064 4435 commemorare,
1088 4372 1182 4426 sed
1202 4372 1603 4443 impudentiam
1628 4390 1839 4442 eorum,
1865 4385 1924 4430 ut
1950 4377 2189 4444 videtur,

613 4456 941 4526 przevidens,
973 4458 1137 4514 etiam
1167 4462 1403 4527 Annam,
1434 4462 1594 4532 cujus
1633 4465 1809 4519 tribus
1827 4466 2051 4522 Aserem
2090 4469 2192 4522 ha-

612 4548 778 4603 bebat
801 4560 1103 4615 auctorem,
1147 4568 1273 4607 cum
1326 4570 1458 4609 sene
1501 4555 1596 4611 illo
1627 4567 1976 4626 praesentem,
2011 4560 2192 4615 Domi-

613 4657 862 4712 numque
885 4644 1276 4710 celebrantem,
1308 4654 1365 4700 et
1393 4646 1462 4701 de
1488 4649 1768 4701 communi
1813 4649 2043 4705 Domino
2095 4668 2188 4705 ea-
2218 4646 2270 4705 D

614 4737 738 4787 dem
770 4750 835 4788 ac
871 4734 1069 4790 similia
1101 4735 1475 4805 proferentetn
1506 4738 1563 4793 in
1594 4754 1744 4793 sacra
1773 4740 1999 4794 historia
2026 4743 2189 4796 sistit.

614 4825 773 4890 Quod
800 4842 932 4881 vero
953 4835 1141 4894 postea
1172 4829 1438 4898 contigit,
1492 4830 1722 4883 multum
1779 4832 2007 4885 omnino
2054 4833 2193 4889 valet

614 4916 683 4969 ad
732 4918 1115 4986 reprimendus
1141 4928 1195 4973 et
1221 4920 1559 4989 dejiciendos
1594 4937 1688 4976 eos
1720 4922 1813 4991 qui
1846 4925 2194 4993 supercilium

618 4998 882 5061 adversus
906 5006 1146 5061 divinam
1171 5008 1397 5080 gloriam
1423 5010 1678 5066 efferunt.
1708 5011 1845 5067 Cum
1870 5014 2014 5068 enim
2040 5015 2197 5071 Jesus

620 5111 730 5150 una
760 5112 885 5151 cum
916 5096 1138 5168 Virgine
1180 5099 1349 5155 Matre
1383 5117 1511 5168 sua,
1549 5102 1695 5173 quod
1742 5104 1810 5158 ad
1858 5121 2103 5168 carnem,
2139 5116 2193 5161 et

618 5197 776 5259 patre
798 5204 898 5244 suo
950 5190 1205 5260 putatitio
1241 5192 1621 5265 Hierosolyma
1674 5195 1954 5263 profectus
2007 5206 2195 5260 esset,

613 5281 853 5349 peractis
894 5282 990 5345 ibi,
1024 5298 1144 5352 quae
1192 5300 1347 5340 sacer
1378 5287 1563 5342 Codex
1623 5288 1949 5357 praescribit,
2004 5292 2196 5356 sacris,

615 5371 866 5441 ipsisque
896 5383 1085 5443 postea
1110 5377 1333 5431 domum
1371 5380 1795 5445 revertentibus,
1829 5390 1884 5433 et
1909 5380 1977 5434 ob
2001 5382 2200 5435 absen-

615 5470 728 5516 tem
788 5478 1021 5533 puerum
1073 5475 1187 5520 tum
1234 5467 1401 5523 Matre
1453 5472 1759 5523 secundum
1790 5485 2036 5531 carnem,
2077 5479 2191 5524 tum

616 5553 782 5607 Patre
802 5557 1061 5623 putatitio
1088 5559 1337 5614 sollicitis
1363 5600 1378 5625 ,
1432 5571 1486 5614 et
1507 5600 1522 5623 ,
1573 5575 1741 5628 quem
1782 5560 2189 5625 desiderabant,

617 5649 1011 5713 quzerentibus,
1051 5650 1117 5715 is,
1149 5652 1240 5721 qui
1276 5652 1520 5705 omnium
1549 5652 1767 5721 quidem
1799 5651 2069 5715 conditor,
2096 5652 2195 5706 sed

620 5738 691 5793 ob
713 5754 955 5795 amorem
975 5742 1028 5796 in
1052 5743 1309 5798 homines
1333 5742 1571 5813 Virginis
1589 5752 1709 5797 erat
1733 5742 1873 5797 ﬁlius
1893 5759 1907 5796 :
1927 5742 2065 5807 Quid
2090 5759 2192 5808 me,

619 5929 663 5963 "
698 5929 831 5987 Luc.
870 5946 908 5999 ι,
938 5930 1026 5987 69.
1108 5933 1150 5963 εδ
1186 5931 1321 5987 ibid.
1352 5929 1442 5985 70.
1522 5931 1565 5964 ⁶⁹
1589 5929 1722 5986 ibid.
1764 5930 1849 5987 72.

2277 692 2423 758 ράτῳ
2463 686 2617 757 Κόρῃ
2643 726 2657 748 ,
2702 682 2798 735 καὶ
2847 682 2913 734 δι’
2966 679 3137 748 αὐτῆς
3188 676 3266 746 τῷ
3318 673 3509 765 κόσμῳ
3532 664 3851 765 Αεύηγγελί-

2278 753 2435 831 σατο’
2468 753 2562 829 καί
2582 753 2681 843 τήν
2714 788 2772 824 τε
2803 767 3111 842 προσευχὴν
3135 765 3228 820 τοῦ
3278 762 3469 832 ἱερέως
3500 753 3851 843 είσηκοῦσθαι

2277 865 2365 920 διὰ
2393 863 2505 917 τῶν
2558 842 2893 930 εὐαγγελίων
2958 855 3278 917 ἐϐεϐαίωσε,
3333 851 3429 904 καὶ
3473 848 3568 899 τὸν
3623 846 3689 897 ὲκ
3745 842 3852 895 τῶν

2279 955 2629 1026 Εὑαγγελίων
2664 953 2829 1006 παῖδα
2868 950 3042 1022 μέγαν
3093 945 3325 1000 ἐνώπιον
3349 939 3569 994 ἔσεσθαι
3619 933 3853 1026 Κυρίου,

2279 1053 2373 1105 καί
2419 1025 2853 1118 πεπληρωμένον
2904 1042 3225 1109 Πνεύματος
3284 1034 3461 1102 ἁγίου,
3499 1032 3593 1083 καὶ
3653 1025 3857 1118 πολλῆς

2282 1142 2496 1205 πολλοῖς
2524 1117 2899 1208 ἀγαλλιάσεως
2931 1128 3210 1203 πρόξενον,
3230 1125 3453 1180 καὶτῶν
3474 1122 3607 1175 υἱῶν
3640 1117 3859 1208 Ἰσραὴλ

2279 1235 2378 1288 οὐκ
2405 1234 2605 1301 ὀλίγοις
2651 1228 2987 1297 ἐπιστροφῆς
3017 1222 3188 1275 αἴτιον
3225 1215 3480 1288 γενέσθαι
3512 1213 3615 1305 τῆς
3644 1209 3738 1261 ἐπὶ
3764 1207 3858 1305 τὸν

2280 1328 2435 1389 Θεὸν,
2477 1324 2555 1394 τῷ
2576 1321 2850 1389 πνεύματι
2878 1318 2974 1369 καὶ
3002 1316 3068 1384 τῇ
3097 1312 3324 1380 δυνάμει
3372 1304 3713 1400 κεχρημένον
3756 1314 3854 1400 τοι»

2293 1420 2496 1473 Ἡλίου.
2532 1416 2693 1468 Ὥστε
2750 1414 2780 1465 6
2812 1405 3227 1477 εὐαγγελιστὴς,
3291 1398 3491 1471 μᾶλλον
3540 1395 3596 1447 δὲ
3624 1394 3652 1446 6
3682 1394 3855 1444 ταῦτα

2282 1510 2369 1563 διὰ
2417 1507 2512 1561 τοῦ
2574 1501 2916 1575 ἀρχαγγέλου
2966 1496 3143 1565 λέγων
3191 1492 3346 1554 Θεὸς,
3394 1480 3551 1549 οὗτος
3598 1484 3719 1553 οὐχὶ
3766 1481 3856 1534 τὸν

2286 1601 2541 1667 Ἰωάννην
2600 1596 2778 1667 μόνον,
2823 1592 2881 1653 ὃς
2930 1588 3026 1659 τὴν
3060 1587 3219 1658 χάριν
3270 1578 3375 1635 εἶδε
3428 1577 3854 1667 βλαστάνουσαν,

2284 1696 2418 1750 ἀλλὰ
2441 1666 2535 1745 καὶ
2563 1690 2653 1742 τὸν
2688 1685 2898 1748 Ἦλίαν,
2929 1681 2988 1745 ὃς
3008 1676 3186 1743 πολλῷ
3214 1672 3538 1744 προϋπῆρχε
3565 1668 3663 1733 τῆς
3696 1666 3857 1736 χάρι-

2286 1803 2399 1850 τος,
2424 1783 2523 1844 τὰς
2544 1774 2900 1846 πλανωμένας
2925 1770 3101 1841 ψυχὰς
3125 1767 3233 1821 ἀπὸ
3259 1766 3353 1817 τοῦ
3384 1758 3642 1830 ἀληθινοῦ
3691 1756 3854 1850 Θεου,

2288 1849 2392 1930 καί
2407 1873 2583 1926 ὀπίσω
2633 1867 2742 1921 τῶν
2795 1862 3089 1932 δαιμονίων
3134 1852 3569 1923 ἑκπορνευούσας
3623 1850 3719 1903 ἐπὶ
3765 1849 3857 1900 τὸν

2214 1962 2255 2017 Β
2285 1962 2538 2034 ἀληθινὸν
2569 1955 2898 2027 ἐπιστρέψαι
2924 1951 3078 2011 Θεὸν,
3108 1949 3552 2034 ἀπαράγραπτον
3720 1956 3858 2009 μαρ-

2284 2030 2476 2124 τυρίαν
2505 2050 2827 2118 παρέχεται.
2857 2042 3026 2096 Πάλιν
3054 2040 3111 2093 δὲ
3143 2039 3171 2089 6
3221 2033 3499 2105 Ζαχαρίας
3540 2030 3858 2124 Πνεῦματος

2286 2121 2442 2214 ἀγ-ίου
2472 2142 2681 2211 γίνεται
2709 2137 2944 2207 πλήρης,
2973 2133 3069 2185 καὶ
3101 2132 3228 2193 τοὺς
3262 2127 3356 2181 ἀπ’
3388 2124 3597 2178 αἰώνων
3646 2121 3860 2214 προφή-

2284 2212 2381 2299 τας
2411 2233 2570 2306 χορὸν
2603 2230 2773 2299 ἁγίων
2801 2226 3086 2296 κηρύσσει.
3120 2224 3353 2290 Ἥγειρε
3386 2217 3514 2287 γὰρ,
3542 2212 3675 2284 φηςὴ⁵
3726 2228 3864 2306 προ-

2285 2304 2537 2399 φητεύων
2566 2323 2661 2376 καί
2700 2322 2789 2374 διὰ
2818 2318 2912 2372 τοῦ
2943 2314 3257 2404 Πνεύματος
3288 2309 3382 2404 του
3428 2309 3587 2404 ἁγίου
3620 2304 3865 2404 ιρθεγγόί

2288 2394 2468 2488 μενος,
2492 2412 2665 2481 κέρας
2699 2408 2997 2476 σωτηρίας
3029 2403 3174 2473 ἡμῖν
3203 2402 3272 2454 ἐν
3322 2400 3466 2463 οἴκῳ
3525 2394 3704 2450 Δαΰὶδ
3750 2394 3866 2488 tot.)

2286 2486 2501 2573 παιδὸς
2526 2503 2736 2560 αὐτοῦ.
2770 2503 2880 2554 Kal
2902 2498 3067 2552 πόθεν
3091 2498 3126 2566 ἡ
3152 2493 3461 2557 ἀπόδειξις;
3493 2489 3697 2553 Καθὼς
3726 2486 3867 2540 ἐλάα

2285 2606 2462 2669 intra,
2499 2598 2654 2667 φησὶ,
2679 2595 2777 2648 διὰ
2801 2594 3099 2661 στόματος
3117 2588 3236 2642 τῶν
3255 2587 3439 2656 ἁγίων
3459 2582 3576 2636 τῶν
3598 2582 3699 2635 ἀπ’
3721 2579 3867 2633 αἰῶ-

2286 2710 2393 2758 νος
2408 2687 2730 2759 προφητῶν
2759 2684 2968 2747 αὐτοῦ,
2989 2680 3241 2748 ἀλλὀὐχ).
3264 2678 3357 2730 τοῦ
3396 2673 3643 2746 Ἐχθροῦ.
3669 2673 3780 2725 Καὶ
3808 2671 3871 2724 τί

2287 2783 2734 2856 προεφήτευσαν;
2791 2771 3147 2841 Μνησθῆνιιι
3206 2770 3313 2823 τὸν
3371 2768 3521 2821 Θεὸν
3570 2764 3867 2856 διαθήκης

2286 2855 2460 2943 ἁγίας
2488 2869 2697 2930 αὑτοῦ,
2727 2865 2840 2921 ἀλλ’
2862 2865 3004 2934 οὐχί,
3028 2859 3440 2935 τρισάθλιε,τοῦ
3481 2855 3868 2927 Ἐχθροῦ.Ἒτι

2286 2965 2343 3019 δὲ
2381 2962 2583 3030 μᾶλλον
2612 2960 2720 3013 τῶν
2744 2956 2959 3012 ἀσεϐῶν
2992 2954 3228 3025 χαλινῶν
3276 2953 3345 3005 τά
3383 2950 3648 3017 στόματα,
3675 2949 3867 3017 ὅρκον,

2289 3059 2349 3112 ὃν
2368 3055 2551 3125 ὤμοσε
2581 3052 2720 3123 πρὸς
2765 3048 3017 3119 Ἀϐραὰμ
3048 3046 3140 3099 τὸν
3182 3044 3394 3113 πατέρα
3428 3039 3605 3112 ἡμῶν,
3641 3040 3867 3107 ἐπάγει·

2300 3148 2411 3204 Τοῦ
2432 3146 2645 3200 δοῦναι
2668 3142 2816 3211 ἡμῖν
2843 3140 3082 3209 ἀφόϐως
3106 3138 3175 3191 ἐκ
3216 3134 3415 3203 χειρὸς
3480 3131 3597 3185 τῶν
3634 3128 3871 3198 ἐχθρῶν·

2289 3240 2459 3312 ἡμῶν
2500 3236 2844 3308 ῥυσθέντας
2889 3232 3205 3300 λατρεύειν
3250 3229 3412 3294 αὐτῷ
3470 3229 3538 3282 ἐν
3596 3229 3870 3294 ὁσιότητι

2289 3334 2393 3388 καὶ
2415 3330 2801 3395 δικαιοσύνῃ.
2841 3322 3167 3391 Συλλογίζου
3200 3323 3266 3375 τά
3310 3322 3595 3392 εἰρημένα.
3639 3321 3871 3390 Πνεῦμα

2291 3425 2447 3493 ἆγιον
2475 3423 2671 3492 πληροῖ
2700 3421 2791 3472 τὸν
2824 3417 3121 3488 Ζαχαρίαν,
3165 3416 3260 3468 καὶ
3294 3414 3603 3484 πληρωθεὶς
3654 3412 3871 3466 ἐκεῖθεν

2292 3515 2482 3582 ἁγίους
2519 3511 2647 3574 τοὺς
2678 3511 2771 3564 ἀπ’
2795 3509 2991 3571 αἰῶνος
3024 3510 3308 3577 προφήτας
3351 3504 3446 3557 καὶ
3474 3502 3612 3556 Θεοῦ
3655 3504 3872 3571 θυηπό-

2290 3606 2416 3667 λους
2437 3601 2784 3671 ἀναγορεύει,
2818 3600 2914 3653 καὶ
2939 3598 3037 3667 τὴν
3088 3596 3406 3666 ἐλευθερίαν
3462 3594 3619 3664 ἡμῶν
3652 3611 3874 3663 προφη-

2290 3694 2459 3758 τεύει,
2493 3691 2701 3746 καὶτὸν
2722 3690 2998 3760 ὀμόσαντα
3017 3686 3154 3757 πρὸς
3188 3686 3280 3738 τὸν
3323 3684 3594 3754 Ἀϐραὰμ,
3654 3685 3872 3736 ἐκεῖνον

2291 3788 2389 3856 τῆς
2427 3783 2742 3853 ἐλευθερίας
2791 3779 2933 3834 εἶναι
2980 3780 3182 3849 δοτῆρα
3226 3776 3531 3849 κηρύσσει’
3586 3776 3681 3827 καὶ
3738 3776 3871 3837 τοὺς

2292 3875 2675 3948 προσάγοντας
2701 3871 2851 3942 αὑτῷ
2885 3871 2985 3939 τὴν
3014 3868 3266 3937 λατρείαν
3293 3870 3351 3920 ὲν
3379 3867 3617 3933 ὁσιότητι
3644 3866 3737 3918 καὶ
3782 3866 3872 3918 δι-

2293 3967 2559 4040 καιοσύνῃ
2580 3965 2887 4035 λατρεύειν.
2918 3964 2981 4015 Ei
3008 3961 3183 4014 ταῦτα
3208 3960 3470 4030 πλησθεὶς
3504 3961 3532 4011 6
3593 3958 3875 4027 Ζαχαρίας

2293 4062 2617 4132 Πνεύματος
2662 4057 2820 4127 ἁγίου
2862 4056 3072 4125 διῆλθε,
3133 4053 3250 4116 πῶς
3311 4052 3434 4121 οὐχὶ
3470 4050 3565 4103 τοῦ
3623 4049 3871 4121 πονηροῦ

2293 4153 2629 4225 πλησθέντες
2652 4149 2964 4219 πνεύματος
2986 4148 3035 4198 οί
3074 4144 3333 4199 τάναντία
3384 4141 3597 4203 τούτοις
3630 4139 3875 4205 ἀπελέγ-

2293 4263 2480 4317 χονται
2503 4242 2806 4313 φωνοῦντες
2831 4257 2846 4301 ;
2880 4239 2924 4293 Τ
2932 4238 2946 4290 ί
2970 4239 3016 4291 δ’
3041 4237 3107 4291 ἂν
3139 4238 3298 4307 φαῖεν
3324 4234 3377 4286 oi.
3402 4233 3589 4304 πικροὶ
3604 4230 3703 4299 τῆς
3733 4230 3872 4283 Μω-

2296 4339 2490 4408 σαῖκῆς
2512 4338 2812 4407 κατήγοροι
2842 4330 3126 4400 διαθήκης,
3160 4327 3361 4398 μᾶλλον
3388 4325 3443 4378 δὲ
3473 4325 3572 4391 τῆς
3598 4321 3694 4374 τοῦ
3730 4320 3872 4372 Θεοῦ

2296 4429 2573 4503 βασιλείας
2598 4424 2874 4497 μερισταὶ,
2910 4424 3038 4475 ὅταν
3090 4422 3259 4491 ὁρῶσι
3284 4418 3374 4472 διὰ
3400 4416 3497 4470 τοῦ
3534 4414 3872 4483 Εὐαγγελίου

2295 4522 2633 4592 ἀναγόμενον
2658 4519 2757 4589 μὲν
2788 4518 2869 4579 είς
2894 4515 2964 4568 τὰ
2999 4513 3347 4582 Ἱεροσόλυμα
3382 4511 3475 4562 τὸν
3516 4508 3746 4575 Ἰησοῦν,
3778 4524 3875 4559 τε-

2296 4614 2491 4668 λοῦντα
2520 4612 2577 4665 δὲ
2606 4610 2676 4663 τὰ
2708 4606 3003 4669 Μωσαῖκά,
3030 4603 3385 4674 καὶφέροντα
3414 4599 3601 4652 θυσίαν
3627 4599 3771 4652 κατά
3805 4599 3875 4650 τὸ

2296 4705 2586 4778 εἰρημένον
2614 4705 2671 4755 ἐν
2705 4701 2854 4771 νόμῳ
2879 4697 3107 4769 Κυρίου,
3135 4696 3402 4764 ἀγκάλαις
3442 4692 3500 4745 δὲ
3528 4691 3876 4761 δωροφορούο

2301 4814 2459 4867 μενον
2480 4794 2574 4848 τοῦ
2598 4792 2809 4846 δικαίου
2842 4786 3091 4859 Συμεὼν,
3125 4786 3183 4849 ὃς
3215 4785 3355 4855 μετά
3385 4786 3482 4853 τῆς
3519 4783 3686 4851 ἄλλης
3718 4782 3877 4832 εὐσε-

2298 4890 2452 4949 ϐείας
2475 4887 2569 4939 καὶ
2598 4880 2968 4950 δικαιοσύνης,
3021 4880 3151 4950 περὶ
3197 4878 3291 4931 τοῦ
3344 4878 3497 4945 ἁγίου
3553 4873 3877 4943 Πνεὺματος

2298 4977 2686 5053 χρηματισμὸν
2711 4974 2893 5028 λαῦὼν
2914 4974 3031 5045 ἅμα
3052 4990 3110 5026 τε
3135 4969 3520 5042 ὲνηγκαλίζετο
3546 4968 3638 5020 τὸν
3692 4965 3881 5019 κοινὸν

2297 5072 2598 5142 λυτρωτὴν,
2631 5068 2850 5138 ηὐλόγει
2875 5083 2937 5119 τε
2993 5064 3154 5118 αὑτὸν
3182 5062 3275 5115 καὶ
3305 5059 3571 5127 θεολογῶν
3626 5057 3877 5125 προειρήσ-

2295 5182 2424 5219 τευε
2481 5161 2755 5232 σωτηρίαν
2785 5154 3191 5231 παραγενέσθαι
3241 5152 3385 5205 κατά
3423 5155 3712 5220 πρόσωπον
3746 5148 3879 5199 πάνα

2296 5275 2404 5310 των
2422 5256 2535 5309 τῶν
2557 5254 2722 5320 λαῶν,
2755 5253 2849 5305 καὶ
2872 5250 2987 5319 φῶς
3031 5248 3111 5309 είς
3145 5242 3490 5311 ἀποκάλυψιν
3548 5240 3719 5292 ἐθνῶν
3765 5238 3880 5290 τῶν

2301 5350 2440 5420 μετά
2463 5344 2637 5398 ταῦτα
2685 5339 3128 5396 πεπιστευκότων
3167 5338 3246 5399 είς
3293 5334 3490 5397 αὑτόν;
3525 5330 3584 5385 Ὀ
3628 5330 3686 5383 δὲ
3733 5329 3880 5390 θεῖος

2299 5437 2689 5509 εὐαγγελιστὴς
2736 5435 2841 5488 οὐκ
2870 5429 3113 5503 ἠρκέσθη
3143 5430 3205 5482 τὸ
3260 5428 3382 5479 τότε
3432 5425 3593 5495 μόνον
3644 5436 3881 5489 γεγενηφ

2306 5537 2468 5606 μένον
2508 5532 2651 5586 κατά
2683 5529 2791 5583 τῶν
2817 5524 3032 5583 ἀσεϐῶν
3071 5525 3278 5585 εἰπεῖν,
3314 5519 3451 5582 ἀλλ’,
3499 5516 3575 5579 ὼς
3616 5515 3783 5606 ἔοικε,
3814 5514 3881 5564 τὸ

2301 5629 2654 5698 ἀναίσχυντον
2681 5623 2861 5677 αὐτῶν
2887 5618 3175 5692 προειδὼς,
3205 5616 3300 5670 καὶ
3330 5617 3428 5684 τὴν
3479 5614 3702 5671 Ἀνναν,
3732 5602 3803 5680 ἧς
3840 5607 3880 5677 ἡ

2302 5722 2445 5793 φυλὴ
2479 5722 2567 5775 τὸν
2603 5717 2771 5789 Ἀσὴρ
2800 5714 3038 5788 ἀρχηγὸν
3092 5707 3227 5781 εἶχε,
3288 5701 3686 5779 συμπαροῦσάν
3712 5716 3774 5753 τε
3801 5701 3881 5768 τῷ

1923 5933 1965 5965 ⁷⁰
1991 5931 2123 5987 ibid.
2159 5929 2247 5996 Ἠ,
2281 5928 2370 5983 Ἱὸ.
