4110 6408
598 449 698 514 11’)

1724 449 1985 510 PHOTII
2025 446 2535 507 PATRIARCILE
2577 448 2687 510 (ΖΡ.

3764 451 3863 515 1’20

594 564 761 617 alium
809 560 890 614 vel
925 567 1301 614 accusatorem
1342 557 1425 611 vel
1462 554 1747 615 victorem,
1777 571 1940 624 quam
1990 551 2175 606 Mosen

2297 569 2485 621 (μασιν
2532 555 2634 605 οὐκ
2671 552 2831 607 ἄλλον
2885 553 3195 624 κατήγορον
3251 554 3346 607 καὶ
3387 554 3679 626 θρίαμϐον,
3731 557 3862 614 ἀλὶά

597 654 775 707 alrert.
806 652 886 706 Ne
916 651 1221 705 eaistimetis
1246 649 1407 711 enim,
1435 647 1632 716 inquit,
1654 648 1792 716 quod
1812 663 1904 716 ego
1924 662 2011 699 ros
2034 647 2176 714 apud

597 746 815 800 Patrem
840 753 1184 796 accusaturus
1211 759 1327 795 sum
1358 743 1423 794 ⁷⁵.
1455 738 1571 794 Non
1607 755 1739 793 sane
1763 780 1775 803 ,
1805 738 1897 792 sed
1930 748 2015 792 est
2035 779 2049 801 ,
2084 738 2177 807 qui

598 854 695 893 vos
736 846 989 899 accusat,
1030 834 1206 889 Moses
1254 834 1487 895 scilicet,
1537 832 1682 901 apud
1725 831 1963 885 Palrcm.
2007 830 2179 897 Hujus

600 931 746 984 enim
797 931 943 999 leges
975 929 1091 997 ipse
1130 926 1231 981 sibi
1286 926 1525 979 creditas
1568 940 1674 977 una
1719 938 1845 976 cum
1886 922 2178 992 prophetia

599 1024 666 1075 de
694 1022 915 1075 Christo
950 1030 1159 1083 nactus,
1188 1027 1474 1072 accusator
1498 1015 1723 1069 omnino
1756 1015 1860 1068 ﬁde
1900 1015 2097 1084 dignus
2126 1020 2180 1066 et

602 1112 759 1166 testis
799 1110 946 1163 omni
992 1108 1311 1178 exceptione
1354 1108 1530 1175 major
1566 1105 1672 1159 erit
1723 1114 1911 1158 contra
1946 1119 2043 1157 eos
2086 1102 2179 1171 qui

598 1204 747 1273 leges
767 1204 885 1272 ejus
917 1212 971 1255 et
996 1201 1176 1255 colere
1214 1208 1270 1254 et
1317 1214 1503 1261 amare
1535 1199 1766 1252 multum
1799 1197 2019 1265 quidem
2061 1195 2179 1266 glo-

599 1297 831 1359 rientur,
871 1293 1011 1347 nihil
1060 1308 1190 1347 vero
1220 1306 1411 1345 eorum
1461 1289 1731 1359 recipiant
1777 1303 1898 1357 quae
1940 1287 2007 1341 ab
2061 1288 2179 1355 ipso

599 1389 667 1443 de
698 1388 972 1442 communi
1000 1396 1187 1440 nostro
1228 1383 1459 1437 Domino
1495 1392 1550 1438 et
1589 1382 1880 1436 Servatore
1922 1381 2180 1450 pnedicta

598 1491 755 1542 sunt.
788 1481 932 1550 quod
964 1489 1142 1533 tamen
1166 1487 1220 1533 et
1253 1490 1450 1547 caput,
1488 1486 1542 1530 et
1577 1492 1715 1545 apex
1755 1484 1808 1530 et
1845 1474 2062 1527 initium
2094 1483 2180 1527 to—

602 1575 708 1627 tius
739 1571 1091 1643 legislationis
1113 1572 1232 1640 ejus
1270 1579 1423 1634 erat;
1474 1569 1584 1622 imo
1614 1584 1713 1621 nec
1741 1567 2084 1636 correptione
2110 1566 2181 1618 ob

602 1666 965 1720 temeritatem
996 1680 1185 1717 eorum
1230 1671 1285 1715 et
1316 1677 1551 1731 pugnam
1584 1660 1845 1713 adversus
1889 1673 2015 1711 eum
2036 1698 2051 1722 ,
2089 1657 2180 1726 qui

601 1757 1004 1829 praenuntiatus
1044 1757 1114 1810 ab
1157 1770 1223 1809 eo
1262 1764 1365 1817 est,
1415 1753 1611 1807 factam
1660 1751 1985 1805 aﬂiciantur.
2028 1750 2181 1803 Post-

603 1865 764 1919 quam
800 1848 964 1918 igitur
990 1847 1174 1900 multis
1202 1846 1417 1900 Domini
1463 1845 1682 1906 verbis,
1713 1845 1824 1898 imo
1858 1861 1965 1897 non
1999 1843 2182 1897 verbis

2283 645 2373 697 τὸν
2399 644 2604 714 hic):ij
2642 646 2871 713 εἰσάγει.
2914 645 3011 709 Mi;
3060 646 3170 715 γὰρ
3232 645 3483 709 δοκεῖτε,
3537 651 3723 719 φησιν,
3776 651 3864 704 ὅτι

2284 738 2398 807 ἐγὼ
2429 738 2823 806 κατηγορήσω
2878 737 3044 806 ὑμῶν
3073 740 3221 807 πρὸς
3270 740 3377 791 τὸν
3419 741 3653 808 Πατέρα
3676 758 3690 771 ·
3718 744 3861 812 οὐχὶ,

2285 831 2423 883 ἀλλά
2448 832 2531 893 τίς
2562 834 2711 882 ἐστιν
2738 832 2765 882 ὁ
2788 830 3112 900 κατηγορῶν
3150 830 3326 900 ὑμῶν,
3365 833 3569 902 Μωσῆς
3598 834 3865 904 δηλονότι,

2286 927 2435 991 πρὸς
2460 923 2567 975 τὸν
2594 921 2843 988 Πατέρα·
2876 914 2936 974 οὗ
2968 923 3092 984 τοὺς
3110 923 3311 991 νόμους
3336 922 3501 986 αὐτὸς
3530 926 3863 989 πιστευθεὶς,

2287 1014 2381 1067 καλ⁵
2411 1013 2509 1084 τὴν
2545 1014 2674 1084 περὶ
2730 1012 2970 1085 Χριστοῦ
3027 1014 3388 1084 προφητείαν,
3433 1015 3752 1080 ἀξιόπιστος
3802 1020 3866 1071 ἂν

2286 1109 2593 1179 κατήγορος
2651 1106 2760 1176 εἴη,
2818 1109 2912 1160 καὶ
2963 1108 3408 1177 ἁπαράγραπτος
3479 1110 3693 1179 μάρτυς
3757 1114 3866 1164 τῶν

2290 1199 2780 1273 μεγαλαυχούντων
2812 1201 2911 1269 μὲν
2958 1200 3123 1254 αὑτοῦ
3148 1203 3275 1262 τοὺς
3324 1202 3523 1270 νόμους
3559 1204 3658 1257 καὶ
3702 1207 3867 1275 τιμᾷν

2287 1296 2383 1349 καὶ
2411 1295 2677 1365 στέργειν,
2714 1292 2881 1364 μηδὲν
2910 1292 2967 1344 δὲ
3000 1292 3110 1345 τῶν
3141 1293 3235 1345 ὑπ’
3264 1294 3430 1347 αὐτοῦ
3460 1314 3524 1347 πε
3537 1298 3588 1364 pi
3621 1299 3718 1349 τοῦ
3750 1316 3865 1351 κοι-

2287 1389 2380 1441 νοῦ
2441 1386 2716 1439 Δεσπότου
2772 1387 2869 1438 καὶ
2923 1386 3176 1455 Σωτῆρος
3246 1386 3407 1456 ἡμῶν
3463 1388 3868 1443 θεσπισθέντων

2291 1480 2693 1549 προσιεμένων,
2716 1477 2745 1530 ὃ
2770 1479 3068 1545 κεφάλαιον
3094 1474 3163 1548 ἦν
3186 1479 3281 1531 καὶ
3301 1481 3530 1548 κρηπὶς,
3552 1481 3648 1532 καὶ
3682 1484 3868 1551 προοί-

2292 1589 2414 1642 μιον
2468 1572 2567 1640 τῆς
2605 1571 2732 1639 ὅλης
2765 1569 2932 1623 αὑτοῦ
2960 1569 3306 1638 νομοθεσίας,
3340 1570 3476 1622 ἀλλὰ
3515 1569 3650 1641 μηδὲ
3687 1574 3871 1625 συναίο

2291 1664 2483 1733 σθησιν
2516 1662 2817 1730 ἀναστολῆς
2849 1661 3123 1715 λαϐόντων
3172 1662 3271 1732 τῆς
3317 1663 3397 1726 εἰς
3427 1662 3519 1715 τὸν
3554 1679 3871 1734 προφητευο

2290 1757 2453 1810 θέντα
2483 1756 2773 1825 παροινίας
2804 1772 2863 1807 τε
2896 1754 2992 1807 καὶ
3025 1754 3349 1824 θεομαχίας.
3381 1755 3482 1808 Διὰ
3515 1756 3730 1809 πολλῶν
3764 1760 3873 1809 τοί-

2290 1865 2383 1900 νυν
2410 1844 2762 1899 Δεσποτικῶν
2807 1844 3024 1912 φωνῶν,
3062 1844 3159 1897 καὶ
3187 1845 3249 1897 οὐ
3282 1845 3479 1913 φωνῶν
3516 1846 3697 1915 μόνον,
3735 1848 3871 1900 ἀλλά

604 1941 815 1999 solum,
844 1938 937 1992 sed
985 1949 1039 1992 et
1083 1938 1236 1992 factis
1288 1937 1693 2006 apostolorum,
1739 1951 1981 1989 errorem
2033 1935 2181 1988 illum

2297 1943 2385 1994 καὶ
2408 1940 2687 2010 πράξεων,
2707 1938 2797 1992 να).
2819 1937 2884 2008 δὴ
2911 1938 3006 1990 καὶ
3032 1937 3122 1991 διὰ
3146 1937 3257 1990 τῶν
3280 1938 3667 1992 ἀποστολικῶν
3695 1938 3872 2008 ἔργων

605 2035 945 2086 conl‘utattun
976 2030 1247 2093 dedimus,
1280 2029 1372 2099 qui
1416 2029 1783 2097 principatum
1817 2028 1966 2098 regni
2002 2026 2092 2080 Dei
2130 2027 2183 2079 in

606 2124 743 2178 duas
769 2122 1070 2176 contrarias
1120 2131 1299 2190 partes
1344 2119 1576 2183 scindit,
1622 2135 1785 2189 quam
1830 2118 2043 2171 tandem
2090 2134 2185 2169 ve-

606 2217 751 2271 niam
795 2231 1015 2285 sperare
1050 2223 1281 2283 possunt
1320 2213 1393 2265 illi
1440 2213 1534 2282 qui
1602 2222 1725 2282 post
1767 2220 1845 2265 tot
1890 2211 2188 2279 impietatis

606 2308 1007 2364 confutationes
1032 2307 1213 2360 adhuc
1236 2306 1362 2359 mali
1384 2305 1634 2375 principii
1663 2304 1929 2357 voluntati
1956 2304 2042 2364 iis,
2068 2318 2189 2370 quae

608 2400 827 2469 sapiunt
868 2410 923 2454 et
963 2399 1171 2462 vivunt,
1197 2398 1611 2459 obsecundant,
1646 2407 1701 2451 et
1738 2395 2190 2450 [’atremfamilias

612 2492 851 2545 universi
900 2490 1187 2545 Beelzebul
1228 2500 1454 2549 vocant.
1507 2488 1795 2543 Beelzebul
1842 2503 1973 2541 vero
2019 2486 2188 2540 Deum

608 2584 911 2645 occultum,
952 2592 1007 2636 et
1028 2582 1391 2646 ineﬂ'abilem,
1426 2589 1480 2635 et
1508 2580 1741 2642 Bonum,
1765 2588 1819 2633 et
1855 2578 2093 2641 Patrem,
2132 2586 2191 2631 ut

607 2674 836 2729 tardiora
871 2691 977 2728 non
1001 2675 1178 2728 dicam
1201 2714 1215 2737 ,
1246 2674 1585 2736 renuntiant,
1622 2689 1725 2726 nec
1762 2672 2045 2725 victoriam
2084 2669 2189 2723 Do-

608 2768 743 2822 mini
787 2784 815 2821 a
862 2768 1322 2821 calumniantibus
1351 2766 1553 2820 Judzeis
1595 2766 1819 2819 relatam
1858 2772 2082 2832 stupent
2129 2778 2194 2816 ac

609 2870 955 2925 reverentur,
987 2876 1151 2929 quam
1178 2875 1275 2929 per
1318 2860 1533 2913 illorum
1580 2859 1723 2911 latus
1767 2874 1876 2911 non
1911 2858 2112 2920 minus,
2147 2856 2189 2909 si

610 2968 720 3006 non
755 2952 925 3022 magis
958 2960 1013 3005 et
1046 2951 1337 3014 illustrius,
1390 2967 1419 3004 a
1456 2952 1710 3020 praesenti
1754 2948 2062 3004 defectione
2102 2962 2191 2999 re-

610 3045 866 3115 portavit.
912 3044 1250 3112 lmpietatem
1287 3044 1455 3105 enim,
1491 3059 1652 3112 quam
1687 3042 1905 3111 utrique
1946 3056 2193 3095 comnm-

611 3152 739 3189 nem
781 3135 1009 3197 habent,
1044 3132 1255 3186 etiamsi
1297 3148 1471 3186 novus
1518 3133 1606 3185 ille
1646 3140 1894 3202 apostata
1933 3129 2193 3184 audacius

612 3244 672 3283 se
713 3230 814 3282 hac
861 3228 912 3281 in
956 3237 1107 3297 parte
1150 3226 1351 3292 jactat,
1398 3226 1681 3295 objectaus
1726 3225 1942 3279 dicebat
1977 3242 1989 3278 :
2024 3223 2190 3279 Omne

610 3337 830 3389 regnum
862 3321 913 3373 in
946 3330 1125 3388 partes
1156 3320 1375 3372 scissum
1398 3360 1411 3382 ,
1445 3337 1545 3373 non
1568 3320 1808 3373 consistet
1830 3320 1895 3373 7‘.
1922 3319 2190 3386 Quoniam

612 3416 759 3468 enim
794 3414 1025 3481 improbi
1057 3423 1113 3467 et
1146 3414 1351 3482 stupidi
1376 3413 1571 3479 Judaei,
1598 3414 1849 3467 videntes
1879 3413 2194 3467 Creatorem

612 3515 669 3560 et
696 3506 907 3560 animas
924 3516 977 3560 et
1009 3522 1237 3575 corpora
1287 3508 1492 3561 morbis
1526 3507 1872 3571 liberautem,
1910 3506 2199 3561 Beelzebul

613 3600 875 3654 miracula
929 3601 1045 3654 hare
1085 3601 1587 3671 transcripserunt,
1638 3601 1712 3655 ita
1769 3610 1823 3654 et
1870 3598 2197 3655 defectionis

613 3689 777 3760 hujus
816 3702 1250 3763 prepugnatores
1279 3708 1440 3761 Opera
1473 3708 1735 3746 manuum
1777 3692 1898 3760 ejus
1939 3692 1994 3744 in
2042 3707 2199 3745 enm-

612 3786 737 3837 dem
792 3785 1148 3839 transferunt.
1182 3784 1476 3855 Propterea
1521 3800 1587 3838 ex
1615 3784 1811 3838 merito
1856 3784 2046 3837 eadem
2090 3783 2199 3837 Do-

614 3875 750 3929 mini
782 3890 916 3929 voce
943 3876 1224 3944 utriusque
1248 3878 1419 3945 partis
1449 3892 1686 3946 pugnam
1716 3876 1828 3929 Deo
1870 3878 2198 3928 intentatam

616 3967 949 4021 eoufuderis.
995 3968 1151 4033 Quod
1189 3968 1234 4023 si
1279 3970 1424 4023 enim
1464 3969 1754 4022 indivisum
1798 3968 2199 4036 Omnipotentis

616 4060 909 4129 imperium
970 4061 1263 4122 dividatur,
1307 4060 1545 4114 divisum
1588 4074 1866 4128 nunquam
1910 4058 2198 4111 consistet.

616 4154 724 4207 Sed
756 4154 926 4222 prima
968 4153 1055 4207 illa
1109 4152 1308 4207 divisio
1349 4152 1492 4205 viam
1544 4158 1786 4212 sternet,
1836 4157 1898 4203 ut
1931 4149 1989 4202 in
2046 4149 2195 4202 mille

618 4246 845 4299 distrahi
879 4256 1065 4314 queat,
1087 4262 1188 4299 nec
1212 4260 1448 4314 unquam
1472 4252 1678 4297 certam
1705 4242 1890 4296 sedem
1910 4242 2201 4310 locumque

618 4341 877 4408 consequi
929 4339 1119 4407 possit.
1179 4337 1648 4403 Quemadmodum
1719 4336 1903 4405 itaque
1973 4344 2202 4403 uterque

620 4433 1055 4501 deprehenditur
1085 4440 1275 4484 contra
1324 4428 1493 4482 Deum
1530 4444 1805 4499 pugnare,
1846 4425 2070 4481 Judieus
2100 4424 2203 4478 sci-

619 4525 749 4577 licet
792 4534 847 4577 et
875 4518 1145 4592 apostata,
1190 4521 1277 4574 ille
1317 4519 1538 4589 quidem
1580 4519 1875 4583 miracula,
1938 4518 2027 4572 hic
2069 4532 2201 4572 vero

2287 2053 2346 2087 τε
2377 2036 2471 2089 καὶ
2498 2033 2764 2105 ῥημάτων
2793 2033 2893 2100 τῆς
2927 2032 3137 2103 πλάνης
3170 2032 3541 2102 ὴλεγχμένης.
3584 2034 3617 2101 ἢ
3652 2032 3712 2083 τὸ
3734 2034 3871 2101 κράο

2287 2144 2380 2191 τος
2406 2130 2505 2196 τῆς
2553 2124 2648 2177 τοῦ
2676 2124 2812 2177 Θεοῦ
2846 2123 3126 2193 βασιλείας
3156 2126 3234 2186 εἰς
3274 2124 3448 2193 ἀρχὰς
3486 2125 3874 2193 ἀντικειμένας

2290 2219 2487 2289 σχίζει,
2530 2220 2654 2273 τίνα
2687 2219 2876 2271 λοιπὸν
2907 2218 3243 2287 συγγνώμην
3277 2217 3491 2287 ἔχουσιν
3522 2220 3571 2270 οἱ
3617 2218 3757 2287 μετά
3780 2236 3873 2271 το-

2293 2312 2517 2375 σούτους
2541 2313 2637 2380 τῆς
2661 2311 2918 2374 ἀσεϐείας
2941 2312 3197 2380 ἐλέγχους
3247 2311 3326 2363 ἔτι
3359 2311 3438 2381 τῷ
3474 2310 3569 2363 τοῦ
3604 2311 3874 2381 Πονηροῧ,

2292 2404 2362 2457 δι’
2391 2398 2465 2457 ὧν
2499 2421 2558 2456 τε
2582 2403 2843 2473 φρονοῦσι
2864 2404 2959 2456 καὶ
2984 2403 3050 2455 δι’
3080 2396 3156 2455 ὧν
3192 2402 3393 2472 βιοῦσι,
3427 2403 3878 2472 καθυπηρετοῦν-

2290 2512 2382 2559 τες
2408 2494 2712 2565 θελήματι·
2744 2496 2838 2548 καὶ
2858 2494 2949 2547 τὸν
2977 2496 3077 2563 μὲν
3112 2494 3520 2564 Οἱκοδεσπότην
3546 2496 3642 2547 τοῦ
3671 2497 3879 2557 παντὸς

2293 2588 2620 2653 Βεελζεϐοὺλ
2641 2587 2955 2650 καλοῦντες,
2998 2588 3091 2640 τὸν
3128 2587 3183 2639 δὲ
3213 2587 3541 2651 Βεελζεόοὺλ
3576 2588 3711 2639 Θεὸν
3741 2588 3881 2656 κρύ-

2294 2700 2415 2752 φιον
2444 2682 2539 2735 καὶ
2595 2681 2857 2752 ᾰρρητον,
2919 2681 3016 2732 καὶ
3069 2680 3297 2747 ἀγαθὸν,
3333 2681 3429 2733 καὶ
3470 2681 3707 2750 πατέρα,
3759 2680 3883 2732 ἀλλ’

2291 2776 2392 2826 οὐκ
2423 2774 2490 2827 ἂν
2529 2773 2744 2841 εἴποιμι
2784 2772 2845 2825 τὸ
2897 2772 3229 2841 ἀθειὸτερον,
3277 2772 3676 2841 ἀποφαίνοντες
3700 2788 3717 2802 ·
3779 2776 3881 2825 καὶ

2296 2867 2432 2936 μηδὲ
2460 2866 2553 2917 τὸν
2597 2867 2733 2935 πρὸς
2788 2865 2915 2926 τοὺς
2969 2863 3389 2935 δυσφημοῦντας
3441 2864 3549 2916 τῶν
3601 2863 3885 2917 Ἰουδαίων

2292 2957 2619 3011 Δεσποτικὸν
2638 2956 3003 3025 ὲκτεθηπότες
3023 2957 3115 3009 καὶ
3146 2957 3628 3026 καταπτήσσοντες
3665 2956 3874 3026 θρίαμ-

2302 3052 2417 3114 ϐον,
2448 3050 2507 3102 ὃν
2534 3049 2603 3101 δι’
2635 3047 2860 3101 ἐκείνων
2887 3048 3040 3100 οὐδὲν
3077 3048 3326 3112 ἔλαττον,
3358 3051 3406 3101 εἰ
3434 3048 3528 3101 καὶ
3567 3049 3640 3118 μὴ
3671 3048 3885 3116 μᾶλλον

2294 3144 2439 3197 κατά
2486 3144 2585 3211 τῆς
2647 3141 2743 3194 νῦν
2795 3141 3152 3203 ἀποστασίας.
3207 3140 3406 3193 Kmva
3440 3140 3549 3210 γὰρ
3609 3141 3794 3203 αὐτοῖς
3821 3150 3886 3192 το

2298 3235 2610 3305 θεομαχεῖν,
2666 3234 2714 3285 εί
2747 3233 2840 3285 καὶ
2883 3230 3283 3302 νεανικώτερον
3328 3232 3357 3283 ὁ
3396 3232 3713 3300 ἀποστάτης
3742 3231 3885 3299 θρα-

2300 3327 2521 3380 σύνεται
2547 3325 2850 3395 προτείνων
2878 3324 3052 3391 ἔλεγεο
3087 3321 3264 3378 Πᾶσα
3286 3324 3581 3387 ,ϐασιλεία
3616 3323 3708 3390 ἐφ’
3738 3324 3885 3375 ἑαυο

2295 3422 2412 3487 τὴν
2446 3418 2823 3489 μεριζομέγη,
2863 3420 2935 3473 οὺ
2970 3416 3450 3482 συσταθήσεται.
3496 3417 3651 3469 Ἐπεὶ
3682 3416 3791 3485 γὰρ
3834 3418 3887 3468 οἱ

2296 3508 2407 3563 τῶν
2478 3508 2750 3561 Ἰουδαίων
2804 3507 3126 3577 ἀγνώμονες
3175 3506 3269 3558 τὸν
3323 3506 3587 3574 Πλάστην
3646 3506 3889 3576 ὁρῶντες

2300 3602 2683 3656 ἀπελαύνοντα
2737 3600 2834 3655 καὶ
2897 3600 3090 3670 ψυχῶν
3130 3601 3226 3653 καὶ
3282 3600 3555 3670 σωμάτων
3611 3600 3677 3650 τά
3710 3600 3889 3667 πάθη,

2298 3695 2390 3747 τὸν
2423 3693 2754 3757 Βεε).ζε6οὺλ
2814 3695 2938 3756 ταῖς
2982 3692 3335 3762 θεοσημείαις
3392 3692 3757 3761 ἐπεφήμιζον,
3788 3696 3889 3743 καὶ

2299 3789 2347 3839 οἱ
2383 3790 2481 3857 τῆς
2504 3784 2845 3848 ἀποστασίας
2883 3785 3196 3855 ὑπερμαχοι
3228 3786 3298 3840 τὰ
3335 3784 3473 3856 ἔργα
3512 3784 3623 3837 τῶν
3684 3783 3891 3853 χειρῶν

2300 3880 2468 3932 αὑτοῦ
2502 3880 2581 3943 είς
2610 3878 2701 3931 τὸν
2727 3879 2890 3931 αὑτὸν
2948 3880 3307 3948 ἀναφέρουσι.
3337 3880 3437 3932 Διά
3468 3879 3627 3932 τοῦτο
3656 3880 3890 3939 δικαίως

2301 3974 2366 4039 τῇ
2398 3970 2535 4039 αὐτῇ
2574 3972 2881 4040 Δεσποτικῇ
2945 3972 3097 4039 φωνῇ
3133 3970 3226 4022 καὶ
3263 3968 3322 4022 τὸ
3378 3969 3648 4037 θεομάχον
3681 3970 3897 4037 ἀμφοῖν

2304 4062 2658 4133 στηλιτεύοιτ’
2701 4062 2789 4116 ἄν.
2843 4063 2953 4115 Καὶ
3000 4064 3111 4131 γὰρ
3142 4062 3304 4132 εἴπερ
3333 4064 3366 4132 ἡ
3423 4061 3524 4130 μία
3557 4060 3652 4113 τοῦ
3680 4078 3857 4113 παντο

2302 4156 2573 4225 κράτορος
2608 4156 2753 4226 ἀρχὴ
2779 4155 3137 4225 διατέτμηται
3161 4194 3175 4217 ,
3230 4156 3332 4207 οὐκ
3373 4155 3441 4207 ἂν
3474 4152 3705 4222 συσταίη
3741 4170 3891 4222 τμη-

2301 4247 2480 4301 θεῖσα.
2532 4247 2735 4318 nam;
2798 4246 2991 4318 πρώτη
3036 4248 3180 4318 τομὴ
3226 4248 3346 4311 ὁδὸς
3398 4247 3730 4301 καθέσταται
3785 4246 3893 4299 τοῦ

2302 4345 2397 4395 καὶ
2422 4345 2501 4405 είς
2544 4344 2713 4413 μυρία
2746 4344 3114 4413 διαιρεθῆναι,
3152 4346 3247 4398 καὶ
3280 4341 3555 4415 μηδεμίαν
3594 4343 3759 4413 ἕδραν
3791 4345 3894 4395 καὶ

2306 4436 2496 4487 στάσιν
2540 4437 2737 4504 μηκέτι
2766 4435 3030 4489 δύνασθαι
3088 4435 3295 4489 λαϐεῖν.
3330 4437 3542 4504 Ὥσπερ
3575 4435 3669 4488 οὖν
3699 4436 3894 4487 ἑκάτε-

2309 4544 2402 4598 ρος
2435 4528 2719 4581 ἁλίσκεται
2770 4526 3079 4597 θεομαχῶν,
3141 4527 3236 4579 καὶ
3302 4530 3332 4580 ὁ
3394 4527 3647 4590 Ἰουδαῖος
3704 4530 3797 4580 καὶ
3862 4532 3895 4581 ὁ

618 4626 898 4671 creaturas
922 4616 1013 4668 Dei
1049 4615 1192 4668 hosti
1221 4614 1568 4674 adscribens,
1610 4613 1683 4665 ita
1704 4620 1895 4665 contra
1937 4624 2192 4681 utrosque

2308 4621 2647 4689 ἀποστάτης,
2676 4621 2704 4672 ὁ
2740 4619 2839 4689 μὲν
2870 4617 2970 4679 τὰς
2999 4617 3348 4688 θεοσημείας,
3374 4620 3402 4670 ὁ
3428 4618 3485 4671 δὲ
3514 4618 3582 4671 τὰ
3619 4618 3892 4687 δημιουρ-

618 4713 765 4767 valet
790 4710 1100 4766 communis
1123 4719 1178 4764 et
1208 4708 1540 4762 invincibilis
1566 4707 1781 4761 Domini
1810 4708 2059 4777 rejectio.

692 4977 835 5032 XIV.
874 4977 982 5031 Sed
1022 4992 1131 5046 quo
1155 4975 1447 5037 devenitis,
1498 4975 1781 5029 homines!
1832 4991 1931 5031 cur
1972 4975 2205 5029 Domino

625 5071 835 5135 relicto,
872 5084 1199 5123 conservqu
1232 5080 1474 5121 vestrum
1500 5106 1516 5131 ,
1548 5067 1632 5121 vel
1677 5067 1860 5136 potius
1901 5082 2118 5119 servum
2153 5074 2207 5120 et

624 5175 951 5238 apostatam,
981 5174 1037 5218 et
1061 5163 1332 5216 universa:
1350 5170 1550 5237 nostrae
1569 5171 1775 5215 natura}
1806 5160 1930 5214 inde
1956 5161 2024 5215 ab
2057 5160 2212 5214 initio

626 5260 999 5315 insidiatorem
1061 5255 1403 5309 conditorem
1471 5240 1626 5307 vobis
1687 5252 2060 5307 constituitis?
2114 5267 2213 5306 cur

627 5351 874 5405 Creatori
907 5349 1285 5404 renuntiantes
1315 5347 1363 5401 ei
1398 5362 1496 5402 vos
1527 5346 1764 5410 traditis,
1793 5346 1882 5416 qui
1926 5343 2211 5398 interitum

628 5448 877 5495 nostrum
918 5440 1129 5509 quaerit,
1165 5448 1221 5494 et
1262 5454 1373 5494 non
1411 5438 1609 5492 animae
1651 5437 1850 5501 solum,
1883 5435 2053 5489 sedet
2086 5450 2209 5489 cor-

628 5535 751 5605 pori
806 5533 1105 5603 perniciem
1160 5533 1357 5588 afferre
1414 5531 1683 5588 conatur?
1735 5546 1835 5583 cur
1898 5529 1967 5583 ad
2031 5529 2207 5583 lucem

630 5626 934 5683 caecutitis?
963 5642 1061 5680 cur
1083 5642 1211 5682 vero
1243 5626 1495 5681 tenebras
1518 5639 1644 5677 cum
1674 5623 1795 5675 luce
1821 5621 2212 5691 permutastis?

630 5719 897 5793 Evigilate
929 5735 993 5774 ex
1052 5719 1300 5789 crapula,
1350 5717 1558 5787 surgite
1613 5731 1683 5770 ex
1730 5716 1920 5770 lelhali
1992 5731 2211 5787 sopore,

705 5928 750 5962 ⁷⁸
789 5922 948 5982 Joan.
982 5941 1033 5994 ν,
1074 5922 1160 5977 45.
1242 5923 1285 5954 ⁷⁸
1325 5919 1543 5987 Matth,
1582 5936 1681 5987 ιιι,

2302 4710 2531 4778 γήματα
2591 4708 2684 4761 τοῦ
2725 4707 2861 4761 Θεοῦ
2913 4706 3090 4770 διδοὺς
3146 4707 3226 4777 τῷ
3281 4707 3516 4779 Ἐχθρῷ,
3568 4708 3709 4760 οὕτω
3769 4710 3897 4760 κατ’

2302 4802 2506 4871 ἀμφοιν
2566 4799 2725 4870 κοινὴ
2779 4801 2874 4852 καὶ
2914 4799 3157 4869 ἄφυκτος
3206 4802 3241 4870 ἡ
3270 4800 3550 4868 ἀπόφασις
3590 4801 3639 4868 ,ὴ
3684 4804 3896 4849 Δεσπο-

2304 4896 2455 4965 τική.

2376 4990 2476 5043 IA'.
2552 4985 2694 5038 Ἀλλ’
2754 4979 2800 5038 ὦ
2862 4988 2955 5039 ποῖ
3012 4987 3268 5057 φέρεσθε,
3327 4985 3639 5055 ἄνθρωποιῐ
3692 4984 3744 5036 τί
3798 4984 3898 5037 τον

2307 5078 2588 5147 Δεσπότην
2630 5077 2860 5147 ἀφέντες
2895 5079 2989 5129 τὸν
3015 5078 3349 5147 6μέδουλον,’
3372 5077 3573 5147 μᾶλλον
3614 5077 3671 5130 δὲ
3703 5075 3898 5129 δοῦλον

2309 5170 2405 5224 καὶ
2434 5168 2773 5236 ἀποστάτην,
2818 5168 2912 5219 καὶ
2948 5166 3050 5235 τῆς
3097 5166 3225 5237 ὅλης
3256 5166 3414 5236 ἡμῶν
3439 5164 3536 5218 ἀπ’
3560 5165 3736 5233 ἀρχῆς
3774 5165 3899 5215 ἐπί-

2311 5260 2503 5315 ϐουλον
2525 5258 2743 5328 φύσεως
2789 5257 3122 5328 δημιουργὸν
3157 5258 3367 5316 ἑαυτοῖς
3437 5256 3809 5327 ὲπιγράφετες
3841 5255 3901 5307 τί

2310 5352 2400 5406 τὸν
2432 5351 2688 5420 Πλάστην
2740 5348 3063 5411 ἀθετοῦντες
3108 5346 3187 5418 τῷ
3214 5349 3315 5418 τὴν
3377 5346 3587 5418 φθορὰν
3608 5345 3892 5418 ήμῶνζη-

2313 5444 2498 5499 τοῦντι
2546 5444 2641 5497 καὶ
2697 5440 3097 5507 σπουδάζοντι,,
3119 5440 3180 5492 οὐ
3243 5441 3339 5511 τὴν
3372 5443 3471 5511 τῆς
3499 5440 3677 5510 ψυχῆς
3712 5440 3899 5507 μόνον,

2316 5538 2454 5594 ἀλλά
2520 5538 2614 5591 καὶ
2671 5536 2766 5589 τοῦ
2832 5534 3083 5604 σώματος
3140 5536 3367 5596 ἑαυτοὺς
3425 5532 3793 5602 ἐγχειρίζετε;
3844 5532 3901 5584 τί

2318 5631 2458 5702 πρὸς
2488 5629 2550 5682 τὸ
2581 5629 2695 5697 φῶς
2734 5626 3081 5696 ἐτυφλώθητε
3113 5644 3127 5692 ;
3166 5627 3219 5678 τί
3250 5626 3307 5678 δὲ
3334 5626 3395 5677 τὸ
3428 5626 3617 5686 σκότος
3660 5623 3755 5676 τοῦ
3791 5641 3902 5692 φω⁸

2316 5722 2409 5787 τὸς
2438 5721 2775 5791 ⁴ηλλάξασθε;
2814 5720 3117 5793 Ἐκνήψατε
3143 5718 3241 5788 τῆς
3277 5717 3447 5788 μέθης
3468 5734 3480 5747 ·
3507 5716 3777 5785 ἀνάστητε
3802 5714 3899 5770 τοῦ
