4088 6438
261 485 352 549 121
1256 493 1557 557 CONTRA
1600 492 1850 554 MANIC]

1954 491 2059 551 EOS
2098 493 2332 553 LIBER
2362 493 2479 554 Ill.

3422 477 3525 544 122

254 601 598 671 ψυχοροόρου
659 603 832 674 κάρον
859 621 874 638 ο
912 606 1214 662 ἀναλάϐετε
1244 609 1348 680 τῆς
1396 609 1673 671 ἀπωλείας
1699 609 1829 662 ἐαυ-

1954 608 2133 678 ιτίρίιε
2185 623 2284 664 vos
2335 603 2652 678 perditioni.
2721 599 3006 669 Quomodo
3062 602 3193 652 vero
3251 593 3366 650 fleri
3421 595 3526 647 hoc

256 690 397 757 τούς.
444 695 558 748 Καὶ
586 695 707 759 πῶς
737 697 803 750 ἀν
831 697 1045 766 γένοιτο
1077 699 1274 769 τοῦτο;
1315 703 1365 755 εἰ
1392 701 1502 754 τῶν
1556 701 1836 772 πράξεων,

258 791 311 840 ἐν
335 783 428 850 αἷς
468 789 586 860 ἔχει
610 791 670 842 τὸ
699 793 903 863 κράτος
932 795 960 846 ὀ
1003 795 1251 866 Ἐχθρὸς,
1288 797 1645 868 ἀποστροφὴν
1678 797 1839 866 μελε-

258 881 498 949 τήσοιτε,
537 883 803 954 πρότερον
849 887 1126 955 πορνείαν,
1162 888 1230 940 δι’
1279 884 1348 958 ἦς
1407 888 1688 959 φθείρεται
1741 890 1841 958 μὲν

258 971 314 1023 τὺ
361 973 551 1042 σῶμα,
596 974 879 1046 φθείρεται
919 978 977 1032 δὲ
1020 979 1120 1049 τὴν
1148 979 1544 1052 χαλεπωτέραν
1569 980 1777 1052 φθορὰν
1807 983 1840 1050 ἠ

258 1063 428 1134 ψυχὴ,
460 1065 523 1116 τὸ
550 1066 942 1122 αὐτοδέσποτον
964 1069 1184 1124 διδοῦσα
1221 1070 1502 1125 δουλεύειν
1529 1073 1644 1134 τοῖς
1675 1070 1844 1124 πάθε-

261 1171 382 1205 σιν·
420 1156 658 1221 ἀδικίαν,
725 1154 794 1230 ἦς
846 1161 1258 1232 ἐπικρατούσης
1304 1162 1432 1216 οὐτε
1485 1163 1656 1226 οίκία,
1715 1161 1841 1216 οὐτε

261 1245 436 1308 πὸλις,
507 1247 632 1302 οὐτε
693 1249 805 1319 βίος
865 1252 1004 1315 ὅλως
1060 1253 1404 1325 ἀνθρώπινος
1467 1254 1840 1318 διασώζεται·

263 1339 572 1407 ἐπιορκίαν.
613 1340 712 1411 τὴν
744 1341 1070 1412 βυθίζουσαν
1095 1345 1193 1417 τὴν
1221 1346 1402 1417 ψυχὴν
1451 1352 1531 1412 εἰς
1555 1347 1844 1415 καταφρό-

264 1444 417 1492 νησιν
451 1429 552 1482 τοῦ
595 1431 732 1486 Θεοῦ
760 1450 775 1465 ο
810 1437 1187 1504 μισαδελφίαν,
1217 1439 1284 1492 δι’
1332 1435 1403 1513 ἦς
1426 1441 1454 1493 δ
1485 1439 1664 1503 κοινὸς
1687 1438 1846 1510 ὐϐρί-

264 1518 414 1581 ζεται
469 1520 758 1593 πλάστης·
807 1526 836 1577 δ
879 1525 990 1597 γὰρ
1035 1528 1096 1580 τὸ
1140 1529 1366 1598 πλάσμα
1396 1531 1570 1600 μισῶν
1609 1529 1841 1601 δωρεὰν,

424 1613 650 1708 είςᾼτδν
685 1616 954 1708 Πλάστην
1004 1619 1310 1684 διαϐιϐάζει
1383 1623 1691 1692 παροινίαν.
1735 1625 1848 1677 Μι-

267 1703 468 1772 σήσατε
517 1704 891 1776 ψευδολογίαν,
949 1712 1248 1778 συνιέντες,
1277 1713 1354 1777 ὡς
1395 1715 1424 1767 ὀ
1480 1715 1575 1768 τοῦ
1617 1714 1848 1784 ψεύδους

265 1795 452 1865 πατὴρ
525 1799 554 1849 δ
624 1799 872 1865 διάϐολός
939 1803 1080 1858 ἐστι.
1156 1806 1489 1878 Μυσάχθητε
1577 1823 1850 1875 συκοφαν-

267 1888 419 1949 τίαν,
489 1891 618 1961 ἣτις
679 1894 788 1946 τῶν
856 1896 1198 1951 ἀνελπίστων
1274 1899 1460 1953 κακῶν
1522 1899 1692 1952 πολλά
1754 1900 1846 1952 καὶ

1942 702 2158 772 potest?
2187 702 2232 756 si
2277 701 2346 756 ab
2395 699 2702 756 actionibus
2731 696 2858 760 illis,
2902 696 2957 748 in
3003 691 3204 763 quibus
3245 688 3420 744 hostis
3445 687 3526 739 vis

1944 795 2116 864 posita
2151 803 2252 857 est,
2294 801 2542 849 avertere
2569 806 2666 847 vos
2689 787 2950 844 laboretis
2982 805 2996 842 :
3034 795 3090 840 et
3116 784 3352 854 primum
3394 795 3527 849 qut-

1943 887 2065 941 dem
2112 902 2143 940 a
2200 885 2569 950 scortatione,
2619 898 2717 954 per
2776 895 2938 951 quam
2987 877 3235 947 perditur
3291 887 3524 940 corpus.

1943 980 2224 1049 multoque
2271 978 2440 1047 magis
2499 977 2719 1039 anima,
2768 990 2798 1028 a
2839 988 2942 1042 qua
2976 971 3280 1025 libertatem
3316 963 3528 1018 habetis

1943 1070 2259 1142 indulgendi
2291 1069 2616 1126 affectibus:
2662 1075 2776 1120 tum
2801 1065 2868 1117 ab
2897 1061 3185 1131 injustitia,
3215 1071 3321 1126 qua
3352 1051 3528 1142 domi-

1944 1172 2111 1218 nante
2137 1177 2240 1216 nec
2290 1159 2518 1222 domus,
2561 1169 2666 1210 nec
2704 1154 2934 1216 civitas,
2997 1164 3102 1203 nec
3135 1147 3246 1202 vita
3290 1140 3529 1197 hominis

1945 1257 2172 1312 omnino
2211 1261 2603 1315 conservatur;
2651 1264 2680 1302 a
2724 1246 2986 1316 periurio,
3013 1239 3159 1312 quod
3198 1237 3435 1290 animam
3473 1232 3528 1286 iit

1947 1344 2409 1414 contemptionem
2473 1340 2568 1394 Dei
2636 1337 2975 1408 praecipitem
3034 1331 3190 1402 agit:
3252 1327 3320 1380 ah
3402 1323 3530 1377 odio

1947 1412 2205 1508 proximi,
2231 1450 2330 1504 per
2355 1431 2501 1502 quod
2553 1427 2860 1484 communis
2881 1424 3106 1480 Creator
3137 1418 3335 1489 injuria
3359 1412 3530 1469 affici-

1948 1538 2080 1584 tur:
2116 1527 2210 1596 qui
2250 1525 2396 1580 enim
2427 1531 2733 1578 creaturam
2790 1517 2910 1572 sine
2960 1529 3124 1569 causa
3165 1510 3316 1572 odit,
3349 1508 3529 1573 impo-

1949 1620 2174 1675 tentiam
2211 1632 2363 1671 suam
2397 1616 2451 1669 in
2483 1615 2665 1683 ipsum
2695 1609 3036 1666 conditorem
3076 1601 3362 1661 transfert.
3391 1596 3530 1650 Odia

1948 1726 2115 1781 porro
2165 1708 2406 1763 habeatis
2459 1703 2846 1762 mendacium,
2898 1698 3202 1768 cogitantes
3259 1687 3527 1746 mendacii

1950 1811 2158 1872 patrem
2186 1815 2307 1855 esse
2339 1797 2614 1853 diabolum
2647 1810 2663 1861 ;
2701 1789 3032 1848 aversemini
3074 1782 3530 1843 fraudulentiam,

1951 1907 2072 1960 qua:
2125 1889 2266 1944 mala
2310 1888 2474 1941 etiam
2517 1900 2630 1938 non
2681 1889 2898 1951 Sperata
2957 1873 3306 1938 conciliavit;
3364 1869 3528 1936 fugite

227 2020 230 2021 ν
268 1979 496 2046 ὁρᾶσθαι
529 1984 948 2052 κατεπράξατο’
983 1986 1189 2054 φύγετε
1237 1987 1336 2058 τὴν
1361 1988 1676 2058 μιαιφονίαν
1705 2005 1719 2018 ·
1749 1989 1845 2041 ἀπ’

1954 1982 2357 2037 homicidium:
2422 1977 2599 2032 hostis
2684 1973 2828 2028 enitn
2892 1972 2962 2024 ab
3031 1967 3187 2022 initio
3259 1961 3532 2018 homicida

270 2069 437 2138 ἀρχῆς
474 2071 589 2140 γὰρ
621 2074 649 2125 ὁ
689 2073 917 2144 Ἐχθρὸς
949 2077 1397 2147 ἀνθρωποκτόνος
1418 2075 1508 2151 ἦν·
1534 2081 1630 2149 τὴν
1653 2079 1850 2149 φιλαρ-

268 2159 484 2229 γυρίαν,
506 2162 556 2213 εί
584 2165 716 2233 μήτι
743 2163 890 2228 ἀλλο,
928 2166 1017 2218 τὸν
1061 2167 1264 2221 Ἰούδαν
1289 2169 1632 2230 ἐννοοῦντεςο
1663 2168 1849 2238 βδελύο

271 2249 427 2314 ξασθε
482 2253 695 2324 κλοπὴν
751 2257 846 2308 καὶ
893 2256 1079 2320 δόλους
1129 2260 1270 2313 κατά
1292 2259 1389 2312 τοῦ
1441 2260 1692 2331 πλησίον,
1755 2260 1850 2312 καὶ

270 2341 463 2411 γάμων
487 2343 790 2413 ἀλλοτρίων
818 2346 1138 2418 διαφθορὰς,
1182 2351 1278 2403 καὶ
1309 2351 1548 2420 τρυφὴν,
1583 2350 1682 2404 καὶ
1721 2352 1851 2404 ἀκο-

269 2429 476 2494 λασίαν,
511 2435 609 2486 καὶ
640 2435 813 2505 μέθην
844 2438 942 2506 τῆς
971 2439 1251 2503 πολιτείας
1285 2441 1440 2510 ὐμῶν
1465 2440 1812 2511 ἐκκαθάρατε
1833 2456 1846 2474 ο

271 2520 478 2585 τούτοις
499 2523 613 2594 γὰρ
635 2525 1070 2597 συνεισέρχεται,
1094 2529 1308 2593 τούτοις
1337 2532 1568 2602 ἥδεταιὸ
1603 2531 1846 2602 Ἐχθρός.

287 2616 374 2669 Ἐν
397 2618 610 2682 τούτοις
654 2619 924 2688 λαμϐάνει
957 2623 1056 2694 τὴν
1095 2624 1253 2694 ἰσχὺν
1296 2625 1709 2679 καταδουλῶσαι
1747 2626 1850 2697 μὲν

282 2704 345 2756 τὸ
391 2708 644 2778 φρόνημα
691 2710 867 2780 ὐμῶν,
911 2714 1005 2765 καὶ
1048 2713 1340 2784 διαστῆσαι
1369 2715 1464 2769 τοῦ
1502 2716 1848 2787 δημιουργή-

281 2799 670 2886 σαντοςΘεού,
709 2806 898 2858 πεῖσαι
945 2805 1002 2858 δὲ
1053 2806 1382 2876 πλάσματα,
1433 2809 1528 2860 καὶ
1569 2806 1712 2862 εἶναι
1752 2809 1851 2863 καὶ

271 2887 634 2958 ὀνομάζεσθαι
691 2892 858 2947 αὐτοῦ
889 2910 904 2925 ο
939 2893 1007 2948 ἀν
1042 2895 1153 2948 τῶν
1214 2895 1392 2966 ἔργων
1441 2894 1609 2948 αὐτοῦ
1648 2895 1758 2949 τῶν
1791 2911 1852 2947 τε

268 2983 572 3052 εἰρημένων
619 2984 714 3037 καὶ
775 2985 885 3038 τῶν
937 2985 1336 3057 παραπλησίων
1399 2986 1700 3056 ἀποστῆτε,
1755 2987 1853 3040 καὶ

267 3074 420 3137 αὐτὸς
454 3074 760 3142 ἀφίσταται
805 3078 898 3146 ἀφ’
927 3077 1104 3147 ὑμῶν,
1146 3079 1247 3132 οὐκ
1282 3077 1418 3148 ἔχων
1471 3074 1552 3142 οἷς
1591 3077 1850 3150 ὲδρασθῇ,

267 3173 357 3225 καὶ
401 3167 485 3235 οἷς
521 3175 983 3245 ὲπαναπαύσηται
1037 3178 1094 3229 ὲν
1126 3177 1277 3246 ὑμῖν.
1326 3179 1437 3230 Καὶ
1473 3179 1595 3230 τότε
1648 3179 1778 3249 ὑμῖν
1815 3181 1849 3249 η

1951 2085 2108 2139 erat;
2179 2073 2461 2129 avaritiam
2509 2070 2664 2130 item,
2718 2064 2946 2126 Judam,
3012 2060 3118 2114 nisi
3189 2055 3335 2110 aliud
3374 2051 3535 2122 quid—

1949 2183 2161 2238 quam,
2256 2165 2665 2234 recogitantes;
2749 2151 3110 2213 exsecremini
3192 2149 3397 2203 fut-tum
3478 2149 3538 2197 et

1951 2260 2105 2315 dolos
2133 2265 2324 2312 contra
2370 2257 2707 2325 proximum,
2758 2251 3000 2316 itemque
3055 2240 3423 2300 adulterium,
3476 2243 3532 2288 et

1950 2351 2140 2406 luxum
2176 2353 2242 2414 ζει
2281 2343 2768 2406 incontinentiam,
2817 2349 2871 2394 et
2915 2333 3289 2392 temulentiam
3331 2345 3362 2382 a
3407 2327 3533 2381 vita:

1950 2451 2149 2497 vestra:
2180 2438 2485 2494 rationibus
2515 2437 2749 2489 alienam
2794 2428 3064 2485 habeatis.
3102 2425 3196 2479 His
3225 2421 3370 2476 enim
3399 2432 3536 2471 con-

1953 2534 2180 2595 suescit,
2215 2532 2302 2586 his
2327 2530 2629 2584 delectatur
2691 2524 2896 2587 hostis;
2960 2521 3017 2574 in
3076 2519 3161 2572 bis
3221 2513 3534 2569 facultatem

1953 2626 2150 2695 accipit
2175 2631 2386 2678 mentes
2411 2629 2620 2675 vestras
2649 2618 2751 2673 sibi
2785 2613 3136 2686 subjiciendi,
3167 2621 3222 2664 et
3249 2601 3535 2661 avertendi

1953 2735 1984 2774 a
2033 2719 2147 2774 Deo
2204 2715 2524 2780 conditore,
2578 2709 3057 2782 persuadendique
3113 2699 3420 2762 creaturis,
3477 2703 3535 2747 ut

1954 2825 2067 2866 suae
2111 2819 2168 2864 et
2205 2809 2315 2863 sint
2369 2815 2426 2861 et
2469 2805 2818 2874 appellentur
2853 2820 2867 2856 :
2899 2801 2944 2855 si
2975 2812 3110 2852 vero
3159 2795 3228 2848 ab
3275 2788 3538 2858 operibus

1953 2905 2074 2970 ejus
2124 2911 2239 2955 tum
2287 2894 2736 2952 commemoratis
2804 2902 2920 2946 tum
2991 2887 3214 2941 illorum
3272 2877 3540 2933 similibus

1954 2967 2301 3051 abstineatis,
2353 2986 2518 3042 etiam
2560 2986 2679 3052 ipse
2735 2975 3041 3035 abstinebit
3093 2988 3122 3026 a
3179 2967 3370 3028 vobis,
3428 2977 3539 3014 non

1955 3086 2167 3142 habens
2195 3081 2518 3152 quidquam,
2554 3077 2608 3131 in
2639 3089 2750 3144 quo
2801 3070 3072 3126 innitatur
3101 3076 3159 3120 et
3206 3058 3537 3129 acquiescat.

1956 3179 2111 3233 Tunc
2128 3150 2260 3230 vero
2292 3172 2477 3228 divina
2505 3167 2676 3241 gratia
2721 3164 2988 3233 aﬂ‘ulgens
3045 3150 3374 3212 illutninabit
3418 3160 3537 3241 vos,

267 3264 380 3318 θεία
397 3265 562 3335 χάρις
591 3235 950 3335 ὲπιλάμψοίσα
981 3235 1272 3334 ἑναυγάσει
1290 3267 1539 3338 πλάστην
1556 3235 1850 3336 ιέπιγιιγνώζ

1957 3278 2016 3324 ut
2055 3267 2394 3324 conditorem
2440 3271 2497 3316 et
2530 3259 2783 3330 opificem
2827 3249 3160 3323 agnoscatis,
3201 3258 3312 3298 non
3357 3235 3540 3292 inimi-

268 3374 413 3409 σκειν
460 3358 563 3410 καὶ
618 3357 974 3427 δημιουργὸν,
1026 3358 1087 3410 ού
1149 3357 1243 3410 τὸν
1300 3359 1593 3412 ἐπίϐουλον
1634 3360 1847 3431 ἐχθρὸν,

266 3450 397 3503 ἀλλά
427 3451 526 3502 τὸν
549 3450 757 3518 ἀγαθὸν
795 3451 890 3503 καὶ
928 3449 1317 3520 φιλάνθρωπον
1357 3451 1512 3515 Θεὺν,
1549 3454 1607 3503 ὲν
1632 3445 1678 3520 ᾧ
1705 3452 1853 3505 ἐκτί-

268 3541 366 3608 σθη
395 3541 468 3593 τὰ
499 3541 676 3612 ὁρατά
705 3543 798 3593 καὶ
821 3541 890 3593 τὰ
910 3540 1139 3609 ἀόρατα,
1165 3540 1360 3610 ἀρχαὶ,
1387 3542 1483 3594 καὶ
1526 3541 1730 3610 θρόνοι,
1757 3542 1851 3595 καὶ

268 3632 528 3699 ἐξουσίαι,
559 3633 654 3686 καὶ
672 3633 954 3702 δυνάμεις,
984 3632 1078 3684 καὶ
1096 3633 1124 3684 ὁ
1142 3632 1333 3702 παρὼν
1361 3632 1583 3702 σύμπας
1605 3636 1697 3686 καὶ
1711 3633 1852 3704 ὁρώο

269 3744 426 3796 μενος
456 3727 690 3795 κόσμος.
718 3725 826 3778 Καὶ
856 3724 966 3793 γὰρ
993 3724 1060 3776 δι’
1091 3723 1259 3776 αὐτοῦ
1291 3726 1470 3778 πάντα
1508 3726 1725 3793 γέγονε,
1751 3726 1854 3780 κᾶν

265 3823 296 3888 ἡ
333 3817 674 3879 ἀποστασία,
698 3816 1195 3887 προκαταλαϐοὖσα
1223 3817 1324 3885 τῆς
1344 3817 1524 3888 ψυχῆς
1558 3818 1628 3871 τὰ
1665 3819 1853 3889 ὄμμα-

262 3928 349 3974 τα,
379 3909 475 3961 τὸν
507 3907 848 3978 δημιουργὸν
901 3906 1121 3976 βλέπειν
1168 3907 1230 3960 οὐ
1270 3907 1506 3961 δίδωσιν.
1541 3909 1686 3972 Ἕως
1712 3910 1757 3962 δ’
1786 3909 1853 3964 ἂν

263 4008 372 4068 τοῖς
397 4003 494 4056 τοῦ
531 4002 780 4073 Πονηροῦ
811 4001 1235 4072 καθυπηρετῆτε
1269 4003 1591 4072 θελήμασιν,
1643 4006 1737 4057 καὶ
1763 4003 1842 4074 τῷ

265 4096 520 4167 βορϐόρῳ
557 4095 670 4147 τῶν
717 4093 958 4164 αἰσχρῶν
991 4091 1196 4162 ἡδονῶν
1244 4092 1725 4165 συναναφύρησθε,
1759 4096 1855 4148 καὶ

267 4191 386 4242 ἀντὶ
414 4189 528 4242 τῶν
577 4187 864 4258 σωτηρίων
904 4187 1083 4240 πόνων
1131 4188 1198 4256 τῇ
1229 4185 1566 4257 ψυχοφθόρῳ
1599 4188 1854 4260 ῥᾳστώνῃ

264 4281 809 4353 συναναστρέφησθε,
856 4281 1123 4351 οὐμενοῦν
1165 4283 1268 4333 οὐκ
1294 4281 1359 4334 ἂν
1395 4281 1580 4350 ὐμ-ἰνὴ
1614 4281 1734 4334 θεία
1759 4282 1854 4335 καὶ

262 4377 520 4447 οὐράνιος
571 4371 890 4443 ἐναστρᾶψῃ
954 4371 1115 4441 αἴγλη
1171 4372 1293 4425 οὐδὲ
1365 4374 1704 4443 ἐκστήσηται
1757 4373 1851 4426 τοῦ

263 4468 507 4538 κράτους
557 4465 670 4518 τῶν
735 4463 922 4534 ψυχῶν
974 4463 1130 4533 ὐμῶν
1179 4464 1275 4516 καὶ
1339 4464 1450 4517 τῶν
1502 4464 1780 4535 λογισμῶν
1827 4467 1856 4520 δ

274 4560 533 4631 Ἑιορδς,
565 4560 684 4620 τοῖς
719 4557 902 4627 ἔργοις
935 4555 1075 4625 ἔχων
1103 4556 1559 4626 δεδουλωμένους.
1594 4557 1741 4627 Πλὴν
1770 4557 1853 4611 ἔτι·

1958 3378 2082 3418 cum
2111 3361 2262 3414 illum
2295 3355 2700 3415 insidiatorem,
2739 3349 2834 3404 sed
2865 3348 3071 3400 bonum
3098 3340 3246 3394 illum
3279 3345 3334 3388 et
3364 3328 3543 3386 homi-

1957 3469 2088 3508 num
2121 3450 2360 3506 amicum
2389 3447 2585 3508 Deum,
2615 3457 2712 3512 per
2754 3453 2917 3510 quem
2964 3441 3148 3489 creata
3180 3436 3308 3482 sunt
3336 3421 3540 3480 omnia.

1960 3543 2192 3600 visibilia
2256 3549 2311 3596 et
2355 3536 2674 3596 invisibilia.
2729 3532 3098 3601 magistratus,
3145 3533 3201 3577 et
3231 3517 3434 3578 throni,
3489 3521 3544 3566 et

1959 3642 2279 3706 potestates,
2325 3638 2383 3685 et
2428 3628 2684 3691 virtutes,
2723 3633 3040 3692 etprtesens
3086 3612 3267 3668 omnis
3309 3623 3371 3662 ac
3410 3604 3544 3660 visi-

1957 3703 2082 3784 bilis
2112 3723 2367 3779 mundus.
2407 3719 2508 3774 Per
2538 3718 2718 3787 ipsum
2767 3713 2916 3768 enim
2959 3706 3141 3764 omnia
3197 3703 3334 3757 facta
3389 3703 3543 3755 sunt,

1959 3817 2209 3888 quamvis
2253 3812 2492 3868 defectio
2548 3810 2665 3875 illa,
2718 3803 2922 3861 mentis
2975 3799 3162 3856 oculos
3224 3790 3542 3888 fascina-ns:

1960 3907 2298 3964 conditorem
2336 3903 2522 3957 videre
2561 3914 2674 3953 non
2705 3895 2967 3968 patiatur.
3007 3885 3196 3956 Quoad
3230 3881 3376 3938 enim
3419 3875 3546 3931 Mali

1961 3999 2228 4056 voluntati
2276 3992 2684 4054 obsecundatis,
2736 3998 2792 4044 et
2847 3984 3102 4041 sordibus
3155 3975 3394 4046 turpium
3447 3984 3545 4023 vo-

1960 4093 2230 4160 luptatum
2273 4083 2646 4148 maculamini,
2693 4090 2752 4136 et
2770 4094 2868 4150 pro
2905 4072 3236 4130 salutaribus
3263 4062 3553 4122 laboribus

1959 4183 2183 4239 delicias
2233 4179 2430 4234 animae
2472 4176 2664 4230 noxias
2710 4165 3018 4230 sectamini,
3068 4171 3351 4228 nunquam
3396 4163 3554 4207 certe

1961 4276 2179 4331 divinus
2234 4281 2288 4326 et
2343 4268 2584 4324 caelestis
2659 4261 2919 4333 Splendor
2983 4271 3082 4310 vos
3149 4244 3552 4305 illustraverit,

1960 4379 2140 4434 neque
2194 4367 2518 4431 potestatem
2574 4356 2629 4408 in
2682 4352 2892 4406 animas
2947 4354 3004 4402 et
3064 4350 3277 4397 mentes
3334 4343 3554 4391 vestras

1962 4455 2208 4513 amiserit
2232 4453 2422 4513 hostis,
2453 4463 2590 4519 quas
2615 4445 2823 4500 scilicet
2847 4457 2943 4511 per
2985 4438 3230 4492 actiones
3271 4429 3372 4483 sibi
3415 4426 3552 4482 sub—

1959 4550 2132 4620 jectas
2187 4546 2371 4600 habet.
2409 4542 2634 4597 Interim
2682 4549 3068 4608 nequaquam,
3116 4527 3425 4602 posthabita
3458 4523 3547 4577 in-

261 4659 384 4717 ταῖς
429 4656 519 4706 διὰ
567 4650 663 4704 τοῦ
696 4651 854 4718 ἀγίου
908 4649 1226 4718 Πνέύματος
1276 4649 1611 4719 μαρτυρίαις
1641 4650 1850 4720 ὁδηγεῖν

1960 4618 2187 4702 dustria,
2237 4634 2565 4692 testimdniis
2612 4631 2854 4702 Spiritus
2902 4625 3075 4682 sancti
3115 4638 3212 4677 vos
3253 4620 3318 4674 ad
3366 4618 3551 4670 lucem-

266 4747 424 4816 ὑμᾶς
452 4743 593 4815 πρὸς
632 4741 693 4794 τὸ
732 4739 846 4808 φῶς
899 4739 1000 4805 τῆς
1038 4737 1322 4801 εὐσεϐείας
1370 4739 1464 4790 καὶ
1490 4738 1591 4807 τὴν
1613 4739 1855 4792 ἀποστα-

261 4841 390 4892 σίαν
436 4837 708 4905 ἐλέγχειν,
743 4831 1005 4902 οὐμενοῦν
1059 4832 1159 4884 οὐκ
1193 4830 1260 4883 ἂν
1289 4829 1382 4882 τὸν
1432 4829 1591 4882 ὄκνον
1618 4832 1716 4901 τῆς
1738 4833 1860 4884 ὲπι-

263 4931 497 5002 μελείας
527 4926 894 4998 προελοίμεθα
907 4967 920 4979 .

907 5031 1124 5086 ΛΟΓΟΣ
1162 5030 1236 5084 Γ’.

328 5156 419 5208 A'.
478 5151 591 5206 Καί
648 5165 739 5220 μοι
793 5147 892 5210 τὰς
939 5146 1107 5208 ἀκοὰς
1149 5144 1518 5211 ἀδεκάστους,
1547 5144 1644 5198 κοιλ¹
1672 5144 1857 5215 τμηδὲν

257 5245 469 5315 λῆμμα
501 5243 612 5311 (11)
640 5239 736 5292 τοῦ
764 5235 1007 5308 Πονηροῦ
1036 5237 1306 5307 φερούσας
1329 5234 1701 5286 ἀναπετάςατε
1723 5275 1738 5299 ,
1762 5235 1858 5288 καὶ

261 5333 726 5393 συνδιασκοπεῖτέ
785 5346 874 5400 μοι
917 5327 1026 5380 τῶν
1073 5327 1173 5397 τὴν
1223 5325 1467 5380 Παλαιὰν
1512 5325 1855 5394 Νομοθεσίαν

1959 4733 2181 4804 pietatis
2245 4729 2483 4792 ducere,
2551 4733 2610 4781 et
2683 4721 3050 4778 defectionem
3127 4713 3414 4770 confutare
3451 4705 3553 4783 pi—

1960 4823 2262 4896 grabimur.

2573 5023 2809 5083 SERMO
2847 5022 2934 5077 ΠΙ.

2033 5150 2077 5202 Ι.
2115 5145 2337 5217 Aperite
2389 5141 2547 5206 mihi,
2592 5157 2625 5196 o
2674 5138 2804 5202 mei,
2868 5151 3030 5192 aures
3079 5141 3298 5197 castas,
3341 5141 3395 5186 et
3426 5139 3552 5200 qua

1965 5242 2177 5296 nullum
2211 5237 2336 5292 Mali
2375 5236 2568 5306 dogma
2599 5233 2802 5297 forant,
2837 5243 3168 5298 mecumque
3203 5225 3552 5280 considerate

1965 5330 2191 5402 injurias
2219 5329 2274 5382 in
2311 5327 2479 5381 Deum
2522 5321 2824 5379 sententias
2866 5336 3057 5376 eorum
3087 5319 3176 5389 qui
3218 5317 3383 5371 Vetus
3410 5313 3549 5370 Tes-

1383 5460 1613 5515 VABIzE
1647 5462 2034 5522 LECTIONES
2071 5463 2160 5518 ET
2201 5460 2436 5518 ΝΟΤᾹΞ.

335 5589 462 5660 (H)
487 5586 740 5660 Λῆμμα.
806 5583 916 5637 Vox
948 5580 1264 5660 dialecticis
1284 5578 1562 5660 familiaris
1593 5591 1709 5660 est,
1753 5599 1859 5652 qua

301 5651 687 5730 repositio'ites
715 5653 1023 5725 argumenti
1053 5668 1086 5730 a_
1111 5651 1465 5707 conclusione
1496 5651 1858 5720 distinguunt.

347 5725 462 5784 titti
516 5728 706 5782 itidem
755 5741 852 5796 per
891 5725 1240 5796 sumptionem
1270 5729 1489 5796 vertunt
1515 5763 1529 5783 ,
1583 5734 1862 5796 praeeunte

259 5804 566 5859 Cicerone,
591 5798 688 5852 lib.
723 5789 783 5859 η’,
810 5795 882 5848 De
901 5789 1224 5848 divinatione
1256 5805 1272 5843 :
1297 5789 1398 5844 Sed
1413 5789 1594 5843 demus
1613 5793 1704 5844 tibi
1731 5795 1864 5848 duas

262 5875 408 5925 istas
429 5871 776 5938 sumptiones,
802 5875 848 5918 ct
869 5881 985 5938 qua:
1003 5862 1266 5938 λήμματα
1289 5860 1556 5938 appellant
1578 5861 1861 5938 dialectici.

261 5943 483 5999 Confer
537 5931 828 6010 Diogenem
882 5931 1170 5992 'Laertiitm
1221 5932 1300 5986 De
1354 5931 1471 5984 vitis
1532 5931 1864 6004 philosopho-

1961 5602 2098 5649 rum,
2132 5583 2226 5638 lib.
2281 5597 2342 5645 tt,
2380 5579 2407 5651 §
2455 5579 2579 5641 107,
2607 5578 2845 5651 et_adde
2888 5575 3190 5651 Ezechielis
3229 5572 3547 5651 Spatthemii

1960 5642 2128 5710 Notas
2152 5654 2218 5708 ad
2251 5642 2636 5719 Arisiophanis
2671 5649 2865 5712 Nubes,
2902 5665 2957 5707 ν,
2991 5646 3116 5699 456.
3145 5646 3299 5719 Apud
3332 5642 3545 5719 Stoicos

1963 5726 2106 5780 idem
2137 5731 2222 5778 est
2269 5713 2463 5790 λῆμμα
2486 5721 2630 5790 quod
2671 5721 2804 5775 alias
2845 5719 3047 5790 dicitur
3072 5717 3361 5790 πρότασις.
3409 5713 3550 5790 Lege

1963 5795 2142 5866 Algid.
2177 5785 2811 5866 Menti-giumfadL-acrt.
2837 5806 2934 5866 v_tt,
2958 5789 3044 5842 75.
3069 5785 3183 5855 Ego
3213 5785 3266 5838 in
3298 5785 3548 5866 versione

1963 5855 2086 5919 voci
2139 5855 2461 5932 attiplioi'em
2505 5861 2713 5930 subjeci
2761 5861 3082 5932 notionem,
3130 5872 3293 5924 quam
3341 5855 3555 5912 Scilicet

1967 5928 2251 6006 scriptoris
2281 5948 2437 5990 mens
2461 5928 2729 6004 subjicere
2758 5930 2861 6002 ipsi
2893 5928 3196 5986 videbatur.
