4088 6412
540 438 641 503 123
1663 453 1936 516 ΡΗΟΤΙῙ.
1963 457 2154 522 ΡΑἸἯ

2200 457 2472 519 ΑΒΕΗΕ
2509 457 2618 518 CP.
2753 480 2760 484 ·
3696 454 3814 518 124·

535 567 836 614 tamentam
865 560 1290 620 calumniantur.
1320 564 1476 632 Quod
1498 566 1544 622 si
1575 569 1720 623 enim
1751 570 1882 626 illud
1905 586 1934 626 a
1973 571 2110 628 Malo
2138 605 2149 634 λ

2213 572 2602 643 ἐνυϐριζόντων
2633 569 2729 624 τοῦ
2777 572 3125 642 φρονήματος
3169 568 3231 623 τὸ
3271 569 3516 624 ἀντίθεον
3549 570 3686 638 (ω.
3731 570 3799 624 Et

536 659 640 712 est.
671 653 944 721 quomodo
964 655 1109 710 illius
1142 657 1384 712 codicem
1413 661 1478 724 is,
1503 660 1592 729 qui
1616 662 1682 716 ad
1713 662 2108 720 destruendum

2213 665 2326 734 γάρ
2349 666 2497 717 ἐστιν
2535 663 2673 734 αὕτη
2704 661 2800 716 τοῦ
2836 661 3105 733 Πονηροῦ,
3141 661 3260 726 πῶς
3305 665 3567 733 ἠνέσχετο
3608 662 3797 717 λαϐεῖν

538 742 738 797 Malum
764 746 934 809 venit.
983 749 1225 818 recipere
1255 750 1533 817 sustinuit,
1559 760 1624 806 ..et
1658 754 1844 809 multis
1876 755 2107 809 audien-

2211 757 2272 810 τὸ
2311 757 2514 827 βιὸλίον
2541 755 2768 826 ταύτης,
2806 757 2835 808 6
2862 755 2954 808 τὸν
2983 755 3225 824 Πονηρδν
3262 754 3512 808 καθελεῖν
3545 771 3794 824 παραγε-

537 835 682 890 tibus
706 837 884 907 legere
913 853 974 892 ea
1005 855 1125 908 quae
1155 841 1223 894 de
1251 856 1309 894 se
1337 843 1698 909 praenuntiata
1726 855 1904 909 erant,
1927 861 2107 914 neque

2211 850 2382 920 γονὼς
2403 869 2417 914 ;
2441 851 2536 903 καὶ
2559 851 2640 911 είς
2665 847 2875 902 πολλῶν
2928 848 3236 916 ἀναγνῶναι
3257 847 3447 909 ἀκοὰς,
3469 846 3535 899 δι’
3555 841 3630 899 ὧν
3660 864 3799 917 προ-

539 927 714 997 legere
744 930 940 992 solum.
993 933 1088 986 sed
1124 943 1180 986 et
1205 935 1412 992 testari.
1433 949 1501 989 ac
1534 937 1716 990 dicere
1746 955 1758 989 :
1804 936 1928 990 Ha’c
1972 954 2110 992 nunc

2213 941 2548 1014 εκηρὺττετο
2585 941 2654 994 τὰ
2692 941 2821 1011 περὶ
2851 939 3068 1004 ἑαυτοῦ,
3100 939 3193 993 καὶ
3222 940 3320 992 οὑκ
3359 938 3666 1005 ἀναγνῶναι
3701 939 3820 1008 μό..

539 1017 753 1086 impleta
784 1029 904 1074 sunt
947 1022 1002 1073 in
1041 1023 1256 1075 auribus
1308 1025 1490 1078 vestris
1517 1026 1584 1088 '";
1617 1041 1680 1080 ac
1712 1037 1970 1096 praeterea
2008 1046 2110 1082 an-

2212 1031 2490 1106 νονηὰλλὰ
2523 1029 2618 1083 καὶ
2645 1029 3123 1099 διαμαρτύρασθαι
3150 1071 3166 1093 ,
3199 1029 3282 1082 ὃτι
3311 1028 3500 1082 Ταῦτα
3545 1027 3662 1080 νῦν
3700 1041 3804 1080 πε-

540 1129 665 1164 nam
727 1112 897 1176 illum,
953 1112 1044 1182 qui
1103 1123 1183 1167 est
1237 1115 1496 1184 periodus
1554 1126 1862 1187 temporum
1895 1159 1911 1184 ,
1970 1119 2115 1174 sicut

2213 1124 2519 1192 πλήρωται
2546 1123 2617 1175 ἐν
2653 1121 2779 1188 τοῖς
2807 1121 2962 1174 ὠσὶν
2999 1121 3168 1188 om»
3191 1137 3206 1151 °
3239 1121 3335 1174 καὶ
3369 1121 3474 1173 τὸν
3502 1120 3801 1182 ἐνιαυτὸν,

540 1213 754 1272 tempus
785 1215 865 1257 εει
902 1220 1157 1258 mensura
1202 1215 1382 1260 motus
1415 1208 1707 1274 sensibilis,
1760 1220 1817 1262 ut
1844 1221 2112 1280 acceptant

2214 1218 2272 1280 ὃς
2306 1219 2422 1269 ἐστι
2455 1215 2702 1287 περίοδος
2738 1215 2945 1285 χρόνων
2975 1215 3087 1284 (15)
3112 1255 3126 1278 ,
3178 1214 3207 1265 6
3250 1213 3307 1264 δὲ
3358 1212 3552 1282 χρόνος
3605 1213 3804 1280 μέτρον

540 1296 648 1350 Deo
683 1297 970 1366 praedicare
1000 1298 1064 1351 ⁷⁸.
1094 1297 1378 1363 Quomodo
1403 1315 1535 1354 vero
1573 1302 1735 1356 etiam
1764 1302 1820 1356 in
1853 1304 2108 1372 parabola

2215 1311 2485 1380 κινήσεως
2533 1307 2841 1377 αἰσθητῆς.
2894 1307 3115 1360 τοῦτον
3159 1305 3533 1372 ἀνακηρύξτιι
3587 1303 3805 1356 ὄεκτὸν

539 1387 607 1441 de
647 1387 850 1441 Lazaro
890 1396 946 1440 et
974 1387 1143 1442 divite
1171 1388 1412 1458 optimus
1454 1400 1509 1444 et
1538 1391 1816 1446 hominum
1845 1393 2110 1446 amantis-

2216 1403 2450 1469 Kvpltp;
2480 1400 2606 1462 Πῶς
2634 1401 2691 1453 δὲ
2737 1399 2900 1452 πάλιν
2939 1399 2998 1451 ἐν
3037 1401 3104 1468 τῇ
3139 1397 3233 1450 τοῦ
3268 1397 3520 1467 Λαζάρου
3568 1399 3663 1454 καὶ
3708 1394 3805 1448 τοῦ

539 1481 708 1534 simus
737 1481 998 1535 Dominus
1027 1490 1214 1537 noster
1245 1481 1430 1537 Mosen
1460 1495 1513 1536 et
1539 1485 1834 1552 prophetas
1857 1486 2113 1543 salutaris

2216 1497 2471 1549 πλουσίου
2501 1493 2785 1564 παραϐολῇ
2815 1495 2844 1546 6
2868 1491 3255 1561 φιλάνθρωπος
3281 1491 3376 1544 καὶ
3405 1490 3610 1558 ἀγαθὸς
3643 1489 3806 1559 ⁴ημῶν

538 1573 912 1627 conversionis
986 1582 1043 1627 et
1122 1574 1458 1643 paenitentiae
1523 1575 1808 1644 magistros
1839 1577 2115 1647 appellat?

2216 1589 2492 1658 Δεσπότης
2525 1587 2728 1641 Μωσέα
2759 1587 2856 1640 καὶ
2893 1587 3020 1649 τοὺς
3063 1586 3350 1655 προφήτας
3390 1584 3488 1653 τῆς
3534 1581 3807 1652 σωτηρίου

530 1666 738 1718 Habent
771 1666 928 1727 enim,
964 1664 1446 1734 iuquieus,‘Mosen
1484 1677 1532 1719 et
1554 1671 2113 1736 prophetasmudiant

2219 1681 2553 1750 ἐπιστροφῆς
2578 1680 2675 1733 καὶ
2707 1678 3074 1750 μεταμελείας
3115 1675 3472 1738 διδασκάλους
3501 1675 3804 1737 ἀποκαλεῖς

540 1755 662 1810 illos
699 1757 765 1811 ⁷³.
790 1755 1046 1826 Nunquid
1095 1757 1240 1811 enim
1270 1757 1315 1812 is
1347 1759 1436 1827 qui
1470 1761 1526 1814 in
1559 1774 1906 1814 communem
1939 1761 2116 1816 homi-

2222 1773 2474 1840 Ἔχουσι
2501 1773 2612 1842 γὰρ
2633 1813 2648 1837 ,
2681 1773 2838 1842 φησὶ,
2870 1770 3086 1827 Μωσὲα
3134 1769 3236 1823 καὶ
3268 1769 3411 1834 τοὺς
3455 1766 3768 1836 προφήτας
3789 1781 3803 1794 ⁸

539 1865 670 1904 num
706 1851 936 1904 salutem
965 1861 1205 1904 nostram
1250 1861 1498 1904 naturam
1523 1853 1786 1922 suscepit,
1836 1853 2110 1910 doctrinae
2150 1917 2153 1934 η

2220 1865 2663 1919 ἀκουσάτωσαν
2705 1863 2924 1918 αὐτῶν.
2976 1859 3127 1934 τΛρα
3157 1862 3267 1931 γὰρ
3303 1861 3332 1913 6
3378 1862 3472 1914 ἐπὶ
3522 1861 3674 1930 κοινῇ
3710 1857 3806 1910 τοῦ

540 1959 654 1998 sua:
703 1944 965 2007 initiatos,
1026 1944 1176 1998 etab
1201 1959 1389 1998 errore
1419 1911 1704 2008 liberatos:
1743 1945 1809 2001 ad
1843 1963 2029 2002 servos
2059 1958 2115 2004 et
2149 1915 2154 1969 1

2221 1959 2409 2025 γένους
2439 1957 2548 2028 (14)
2587 1957 2833 2029 σωτηρίᾳ
2859 1955 2960 2024 τὴν
2985 1911 3142 2026 ήμίὖν
3170 1911 3340 2023 ⁶φύσιν
3377 1911 3808 2015 ἀναλαϐὼπλώς

539 2036 820 2090 ministros
855 2035 1028 2091 hostis
1060 2036 1382 2100 amandarit,
1419 2047 1476 2090 ut
1502 2037 1693 2092 salutis
1725 2038 1858 2092 [iant
1886 2055 2115 2110 compo-

2223 2049 2791 2120 μυσταγωγουμένους
2844 2047 2976 2118 παρ’
3029 2047 3192 2100 αὑτοῦ
3222 2087 3238 2110 ,
3291 2047 3387 2098 καὶ
3443 2044 3544 2112 τῆς
3597 2043 3811 2110 πλάνης

541 2129 659 2182 tes?
684 2128 816 2193 Quis
835 2137 1082 2184 creatura
1114 2128 1207 2183 Dei
1241 2129 1532 2193 exsistens,
1567 2146 1693 2185 vere
1716 2139 1771 2186 et
1801 2133 1944 2188 serio
1969 2134 2116 2190 hunc

2222 2141 2734 2211 ἀπαλλαττομένους
2755 2183 2768 2206 ,
2806 2141 2887 2201 εἰς
2919 2141 3044 2202 τοὺς
3091 2139 3430 2208 θεράποντας
3474 2137 3569 2190 καὶ
3597 2135 3806 2206 ὑπηρέ-

540 2230 704 2275 tanta:
756 2221 980 2276 insania:
1023 2222 1246 2292 gradum
1281 2222 1533 2276 admittat
1573 2224 1596 2277 ?
1635 2223 1806 2278 Porro
1834 2225 1880 2279 si
1913 2228 2117 2282 veteris

2221 2250 2318 2295 τας
2339 2234 2623 2300 ἀνέπεμπε
2649 2230 2743 2283 τοῦ
2771 2230 2896 2300 Ἐχθ
2908 2229 3024 2302 ρού,
3045 2229 3138 2283 καὶ
3157 2231 3280 2282 τότε
3296 2228 3571 2298 σωτηρίας
3587 2230 3771 2296 τυχεῖν
3788 2243 3807 2294 ;

539 2314 888 2368 instrumenti
946 2323 1136 2368 auctor
1181 2315 1358 2370 Malus
1403 2324 1506 2381 est,
1570 2317 1843 2385 quomodo
1871 2318 2116 2374 veritatis

2222 2324 2334 2377 Καὶ
2367 2323 2452 2386 τίς
2475 2323 2542 2376 ἂν
2563 2323 2852 2392 ἀνάσχοιτο
2881 2322 3110 2392 πλάσμα
3135 2319 3272 2373 Θεοῦ
3304 2321 3568 2390 ὑπάρχων
3592 2318 3810 2389 ἀληθῶς

539 2405 664 2460 fons
716 2405 960 2474 praecipit
1012 2424 1026 2460 :
1081 2404 1410 2459 Scrutamini
1457 2405 1766 2475 Scripturas
1802 2449 1818 2473 ,
1868 2410 1994 2478 quia
2061 2411 2116 2463 in

2221 2417 2320 2487 τῆς
2345 2415 2615 2486 τοσαύτης
2641 2416 2901 2477 ἀπονοίας
2929 2415 3029 2485 τὴν
3054 2413 3364 2484 ὑπερϐολήν
3389 2429 3403 2477 ;
3443 2413 3613 2466 Πάλιν
3648 2412 3728 2476 δὲ,
3759 2413 3809 2465 εί

539 2497 646 2550 illis
672 2498 940 2550 invenietis
973 2499 1132 2550 vitam
1161 2508 1418 2550 aeternam
1445 2497 1528 2552 ’"i
1571 2497 1668 2552 Ubi
1699 2501 1846 2552 enim
1894 2510 1980 2553 est
2007 2501 2115 2555 vita

2221 2515 2321 2583 τῆς
2351 2513 2593 2576 Παλαιᾶς
2637 2511 2916 2580 Διαθήκης
2959 2510 3261 2581 νομοθέτης
3304 2510 3332 2561 6
3363 2507 3644 2577 Πονηρὸς,
3689 2505 3811 2570 πῶς

539 2599 762 2655 aeterna,
802 2591 854 2644 in
886 2591 1083 2660 quibus
1113 2591 1339 2646 aculeus
1369 2591 1578 2660 peccati
1612 2591 1963 2646 dominatur?
2008 2593 2113 2648 Ubi

2222 2606 2369 2674 λέγει
2406 2604 2502 2674 τῆς
2539 2601 2876 2670 ἀγαθότητος
2912 2603 2945 2672 ἡ
2977 2603 3152 2672 πηγή·
3208 2597 3517 2666 Ἑρευνᾶτε
3549 2597 3661 2666 (15)
3701 2595 3812 2660 τὰς

538 2684 648 2737 vita
700 2694 940 2748 aeterna,
987 2683 1043 2737 in
1091 2683 1292 2752 quibus
1337 2683 1610 2737 homicida
1665 2684 1809 2754 leges
1861 2685 2004 2750 fert,
2062 2695 2119 2740 et

2224 2697 2498 2765 Γραφὰς.
2532 2694 2621 2748 ὅτι
2653 2696 2724 2748 ἐν
2757 2693 2970 2758 αὐταῖς
3015 2693 3304 2760 εὑρήσετε
3346 2691 3500 2758 ζωὴν
3526 2688 3812 2751 αιώνιον;

539 2777 820 2848 ρι’ωοίρίιῖ
843 2776 991 2830 Talia
1021 2777 1228 2832 scilicet
1258 2775 1442 2847 lingua
1478 2776 1593 2830 Deo
1623 2777 1841 2832 inimica
1874 2778 2120 2848 proferre

2225 2788 2336 2844 Ποῦ
2365 2787 2529 2858 γὰρὴ
2560 2786 2778 2848 αἰώνιος
2805 2785 2940 2855 ζωὴ,
2972 2787 3030 2837 ὲν
3061 2779 3142 2846 οἷς
3171 2785 3231 2836 τό
3261 2782 3486 2853 κέντρον
3509 2779 3608 2848 τῆς
3630 2780 3813 2849 ἀμαρ-

541 2868 726 2922 audet.
783 2867 840 2922 Si
907 2877 1170 2938 praeterea
1238 2876 1398 2921 vetus
1450 2875 1840 2922 testamentum
1895 2887 1923 2923 a
1979 2869 2118 2922 Malo

2223 2879 2342 2940 τίας
2370 2876 2747 2940 πολιτεύεταις
2779 2875 2886 2928 ποῦ
2927 2877 2960 2944 ἡ
3005 2873 3226 2936 αἰώνιος
3257 2874 3370 2939 ζωὴ
3393 2913 3406 2936 ,
3442 2873 3499 2924 ὲν
3529 2865 3611 2933 οἷς
3648 2870 3678 2922 ὁ
3713 2870 3815 2922 ἁν-

543 2969 647 3023 est,
677 2961 950 3029 quomodo
995 2960 1203 3014 Veritas
1236 2958 1353 3029 ipsa
1381 2959 1499 3014 ait:
1553 2957 1613 3014 Si
1649 2962 1926 3015 crederetis
1961 2961 2114 3025 Mosi,

2226 2968 2603 3040 θρωποκτόνος
2639 2967 2957 3037 νομοθετεῖ,
3001 2965 3100 3018 καὶ
3139 2962 3614 3034 παρακελεύεται;
3653 2957 3815 3013 τοῦτο

544 3052 822 3106 crederetis
857 3061 905 3105 et
929 3052 1058 3104 mihi
1090 3068 1103 3104 :
1154 3052 1218 3104 de
1249 3067 1331 3104 me
1373 3051 1514 3104 enim
1567 3051 1612 3104 is
1655 3052 1864 3120 scripsit
1891 3053 1958 3106 δι.
1995 3053 2117 3106 Non

2225 3061 2335 3132 γὰρ
2366 3062 2399 3129 ἡ
2434 3058 2701 3128 θεομάχος
2742 3057 2961 3125 γλῶσσα
2992 3056 3347 3125 θρασύνεται.
3379 3055 3566 3124 Χωρὶς
3593 3052 3650 3106 δὲ
3701 3049 3814 3103 τῶν

545 3158 678 3197 sane
709 3143 784 3196 ait
813 3163 826 3197 :
865 3141 918 3196 Si
956 3142 1009 3194 in
1028 3141 1311 3195 nonnullis
1337 3140 1636 3195 crederetis
1667 3141 1818 3205 Mosi,
1849 3143 1946 3196 sed
1986 3144 2120 3198 sim-

2225 3150 2560 3222 εἰρημένων,
2600 3151 2650 3202 εί
2681 3151 2713 3216 ἡ
2734 3148 2950 3202 Παλαιὰ
2977 3147 3072 3201 τοῦ
3108 3146 3374 3217 Ποκθηροῦ,
3402 3147 3518 3207 πῶς
3560 3144 3813 3214 Ἀλήθεια

543 3236 759 3306 pliciter
784 3235 960 3304 ipsum
1007 3245 1065 3288 ut
1097 3233 1200 3287 [ide
1229 3234 1452 3304 dignum
1483 3233 1781 3287 renuntiat.
1835 3234 2119 3297 Quomodo
2147 3277 2157 3324 ‘

2225 3243 2394 3308 λέγει’
2428 3244 2498 3296 Ei
2520 3242 2867 3295 ἐπιστεύετε
2895 3239 3117 3304 Μωσεῖ,
3156 3239 3505 3293 ἐπιστεύετε
3537 3237 3614 3291 ἂν
3643 3238 3778 3306 ἐμοι
3795 3253 3811 3268 ·

544 3341 675 3380 vero
707 3326 902 3379 iterum
931 3323 1198 3377 adversus
1225 3337 1342 3385 eos,
1378 3321 1471 3390 qui
1509 3320 1655 3375 circa
1700 3320 2118 3375 dissolutionem
2153 3320 2158 3325 ’

2221 3335 2354 3404 περὶ
2385 3333 2495 3404 γὰρ
2519 3332 2667 3402 ἐμοῦ
2694 3333 2927 3397 ἐκεῖνος
2959 3332 3255 3402 inceden;
3291 3333 3404 3385 Οὐκ
3433 3327 3605 3384 εἶπεν·
3641 3331 3704 3382 El.
3755 3330 3815 3383 ἐν

543 3412 781 3482 coniugii
826 3426 1124 3480 suspensos
1175 3426 1235 3465 se
1274 3411 1558 3480 gerebant,
1601 3418 1763 3479 atque
1796 3411 1848 3463 in
1879 3411 2120 3480 patroei--

2220 3443 2362 3480 τισιν
2393 3425 2708 3478 ἐπιστεύετε
2737 3422 3104 3484 Μωσεῖ,.ἁλλ⁹
3140 3423 3329 3485 ἁπλῶς
3371 3421 3535 3474 αὑτοῦ
3563 3420 3625 3473 τὸ
3662 3421 3817 3486 ἀξιόο

545 3509 700 3561 nium
747 3503 1178 3576 perturbationis
1217 3519 1329 3558 sum
1371 3503 1438 3558 ad
1486 3502 1672 3558 Mosen
1726 3504 2118 3572 provocabant,

2222 3536 2412 3573 πιστον
2441 3517 2767 3588 ἀνεκήρυξε.
2802 3516 2925 3576 Πῶς
2950 3515 3006 3568 δὲ
3061 3516 3225 3569 πάλιν
3258 3515 3394 3585 πρὸς
3426 3513 3552 3572 τοὺς
3586 3513 3816 3582 κεχηνό-

545 3607 799 3667 suscepta
846 3607 1068 3652 strenue
1115 3595 1466 3666 chislatoris
1505 3609 1670 3650 causa
1720 3595 1794 3647 ait
1825 3611 1843 3648 :
1871 3593 2032 3648 Moses
2058 3594 2119 3646 ob

2220 3629 2321 3675 τας
2364 3612 2494 3680 περὶ
2535 3611 2636 3681 τὴν
2664 3610 2911 3662 διάλυσιν
2949 3609 3060 3662 τῶν
3103 3611 3300 3678 γάμων
3339 3609 3434 3662 καὶ
3477 3607 3570 3661 τὸν
3606 3608 3815 3675 Μωσῆν

546 3691 795 3744 duritiem
817 3689 986 3742 cordis
1005 3688 1161 3742 vestri
1196 3687 1430 3754 permisit
1453 3686 1591 3739 vobis
1620 3687 1884 3739 dimittere
1913 3702 2119 3740 uxores.

2224 3705 2304 3766 είς
2328 3703 2654 3773 συνηγορίαν
2679 3701 2773 3756 τοῦ
2807 3701 3014 3764 πάθους
3043 3700 3516 3769 προϐαλλομένους
3543 3698 3816 3767 λαμπρῶς

546 3783 626 3834 Ab
660 3781 810 3833 initio
840 3795 962 3833 vero
989 3794 1089 3832 non
1123 3786 1237 3830 erat
1280 3777 1379 3829 ita.
1402 3776 1469 3829 ⁸³.
1512 3773 1669 3830 Unde
1701 3784 1884 3830 autem
1915 3775 1966 3828 id
1996 3789 2131 3844 pro-l

2223 3792 2564 3862 ὑπερμαχῶν
2610 3791 2704 3844 τοῦ
2741 3790 3036 3858 νομοθέτου
3069 3790 3260 3860 φησὶν.
3289 3791 3371 3842 ὅτι
3421 3786 3644 3854 Μωσῆς
3664 3787 3817 3854 πρὸς

547 3871 678 3926 bat?
729 3870 834 3936 Qui
868 3871 1007 3924 enim
1039 3870 1157 3941 fecit
1185 3885 1290 3931 eos,
1337 3868 1532 3938 inquit,
1563 3883 1762 3921 marem
1791 3876 1838 3921 et
1866 3868 2121 3937 feminam

2225 3882 2340 3950 τὴν
2382 3882 2871 3951 σκληροκαρδίαν
2907 3880 3074 3950 ὑμῶν
3113 3880 3444 3948 ἐπέτρεψεν
3490 3877 3634 3947 ὑμῖν
3663 3878 3815 3931 ἁπο-

549 3965 672 4037 fecit
700 3964 769 4020 ⁸³.
827 3963 1014 4052 Itaque
1041 3978 1128 4027 ea,
1179 3978 1300 4032 quae
1325 3960 1584 4017 Servator
1629 3961 1683 4015 in
1717 3959 2028 4032 Evangeliis
2055 3960 2122 4014 de

2223 3973 2412 4028 λῦσαι
2443 3973 2552 4038 τὰς
2595 3972 2906 4042 γυναῖκας.
2951 3972 3077 4026 Ἀπ’
3119 3971 3312 4039 ἀρχῆς
3347 3971 3416 4024 δὲ
3461 3971 3533 4024 οὐ
3567 3967 3816 4038 γέγονεν

552 4055 814 4127 coniugio
843 4055 1052 4121 sanxit,
1096 4056 1164 4110 ab
1197 4055 1289 4110 illo
1319 4053 1586 4125 proﬁcisci
1633 4053 1709 4106 ait
1731 4053 1823 4121 qui
1854 4052 2123 4106 creaturis

2224 4066 2434 4131 οὕτως.
2471 4065 2582 4118 Καὶ
2614 4064 2780 4118 πόθεν
2815 4067 2916 4134 τὴν
2945 4061 3222 4126 ἀπόδειξιν
3267 4061 3532 4132 προάγει;
3593 4060 3658 4114 '0
3703 4060 3815 4130 γὰρ

548 4148 664 4201 suis
685 4155 743 4200 et
771 4147 1032 4216 operibus
1054 4147 1200 4218 leges
1231 4146 1428 4211 ﬁxerit,
1462 4155 1515 4200 et
1545 4145 1729 4199 Mosen
1763 4151 1992 4198 testatur
2011 4157 2121 4196 non

2225 4158 2487 4224 ποιήσας
2502 4157 2744 4223 αὐτοὺς,
2770 4160 2956 4226 φησιν,
2982 4158 3174 4225 ἄρσεν
3218 4156 3317 4208 καὶ
3340 4154 3500 4220 θῆλυ
3521 4154 3817 4220 ἐποίησεν

549 4240 944 4309 contempsisse
986 4241 1132 4312 leges
1172 4242 1225 4296 in
1257 4243 1536 4298 creatione
1569 4242 1728 4305 latas,
1778 4240 1872 4294 sed
1901 4254 1971 4293 ex
2001 4254 2124 4293 cer-

2225 4251 2483 4315 αὺτούς’
2545 4248 2688 4302 ὥστε
2736 4250 2880 4320 ἅπερ
2927 4248 3243 4319 ἐνομοθέτει
3286 4249 3315 4300 6
3353 4247 3548 4315 Σωτὴρ
3593 4246 3654 4298 ἐν
3701 4247 3815 4307 τοῖς

547 4333 622 4387 tis
656 4333 1082 4388 circumstantiis
1124 4333 1191 4388 de
1231 4333 1520 4402 postulatis
1567 4331 1688 4400 ejus
1719 4330 1925 4400 aliquid
1957 4331 2125 4384 remi-

2225 4340 2582 4409 Εὑαγγελίοις
2613 4341 2744 4411 περὶ
2785 4342 2886 4410 τῆς
2920 4341 3216 4406 συζυγίας,
3253 4340 3318 4392 ὲκ
3348 4337 3442 4390 τοῦ
3481 4336 3710 4406 θεμένου
3755 4337 3815 4388 ἐν

548 4426 705 4480 sisse.
747 4424 869 4496 Legi
904 4427 1050 4480 enim
1078 4426 1374 4481 creationis
1407 4426 1475 4480 ab
1501 4425 1657 4478 initio
1685 4425 1842 4478 facta:
1857 4439 2012 4484 mea,
2042 4424 2126 4477 in-

2225 4435 2336 4495 τοῖς
2363 4431 2524 4484 αὑτοῦ
2549 4430 2832 4501 πλάσμασι
2860 4431 2955 4483 καὶ
2979 4430 3250 4498 ποιήμασι
3273 4428 3399 4489 τοὺς
3429 4425 3589 4493 φύσει
3612 4425 3819 4494 νόμους

547 4520 687 4588 quit,
720 4518 805 4572 lex
833 4520 1150 4586 concordat,
1179 4519 1378 4573 solutio
1407 4531 1537 4571 vero
1565 4515 1805 4584 eonjugii
1835 4531 1865 4568 a
1898 4515 2124 4584 dispen-

2228 4522 2512 4592 προελθεῖν
2541 4521 2729 4592 ἐδήλου
2774 4523 2868 4575 καὶ
2912 4520 3003 4573 τὸν
3049 4520 3253 4590 Μωσῆν
3283 4519 3344 4572 οὑ
3391 4514 3816 4585 καταψρονητὴν

547 4612 760 4667 satione
795 4621 850 4666 et
874 4612 1230 4682 dispositione
1264 4610 1427 4664 Mosis
1458 4609 1680 4679 pendet.
1733 4605 1815 4662 οι)
1853 4606 2115 4661 duritiem

2222 4610 2331 4663 τῶν
2361 4609 2448 4662 διὰ
2475 4609 2576 4680 τῆς
2605 4609 2858 4673 πλάσεως
2891 4609 3192 4678 δεδομένων
3238 4608 3438 4677 νόμων,
3473 4606 3589 4660 ἀλλ’
3621 4608 3686 4659 ὲκ
3718 4622 3819 4657 πε-

619 4728 664 4760 ⁷⁷
687 4725 818 4781 Luc.
864 4742 937 4794 Iv,
982 4727 1071 4782 21.
1151 4726 1197 4758 ⁷⁸
1242 4725 1375 4780 ibid.
1420 4725 1507 4780 19.
1585 4724 1630 4756 ⁷⁸
1660 4723 1790 4779 Luc.
1821 4721 2049 4786 xv:,29.

546 4797 595 4831 ⁸⁸
625 4797 758 4853 ibid.
806 4799 859 4854 9.

2200 4723 2406 4778 ’Joan.
2453 4739 2506 4791 v,
2562 4722 2654 4778 59.
2761 4722 2808 4756 “
2863 4722 2996 4777 ibid.
3033 4722 3126 4778 46.
3234 4722 3282 4754 ⁸²
3313 4721 3506 4776 Matth.
3568 4738 3680 4785 XIX,
3753 4720 3814 4775 8.

625 4814 758 4853 ιυια.
806 4814 859 4853 U-

1643 4905 1878 4962 VARIIE
1920 4906 2315 4963 LECTIONES
2357 4908 2442 4962 ET
2479 4906 2709 4965 NOTAE.

621 5026 735 5097 (12)
768 5026 846 5081 Ex
874 5025 1065 5080 limine
1082 5024 1191 5097 hoc
1220 5021 1493 5097 sermonis
1520 5035 1706 5097 patere
1748 5023 1965 5077 videtur
1994 5039 2119 5077 eum
2147 5023 2200 5083 D
2225 5025 2235 5076 ἑ

929 5025 1065 5079 mine
1082 5024 1191 5097 hoc
1220 5021 1493 5097 sermonis
1520 5035 1706 5097 patere
1748 5023 1965 5077 videtur
1994 5039 2119 5077 eum
2147 5023 2200 5083 D
2225 5025 2543 5097 δραμόντος,

546 5092 646 5170 pro
675 5092 941 5170 concione
971 5095 1214 5170 habitum
1237 5093 1406 5170 fuisse
1429 5094 1496 5147 ad
1521 5092 1827 5170 audientes,
1852 5109 1990 5164 quos
2019 5096 2125 5170 sci—_
2257 5092 2266 5096 ⁷
2305 5096 2350 5170 (_i
2365 5095 2416 5163 b)
2437 5093 2670 5170 ferae,
2707 5092 3466 5170 hominnmijtauvertendum
3494 5107 3616 5148 esse
3646 5107 3821 5170 supra

547 5162 676 5224 licet
705 5168 792 5221 hic
822 5167 887 5221 ad
924 5166 1284 5236 attentionem
1316 5164 1385 5218 iis
1425 5165 1606 5219 verbis
1640 5162 1884 5236 excitatf
1903 5165 2124 5236 qua3__ad
2225 5162 2449 5236 prebavi
2474 5166 2526 5218 iu
2547 5165 2690 5218 uotis
2712 5163 2778 5218 ad
2808 5163 2902 5218 lib.
2929 5162 3161 5230 tPhotii,
3180 5180 3233 5234 p.
3257 5163 3358 5218 159
3379 5164 3567 5235 (supra
3593 5163 3699 5218 col.
3721 5163 3816 5230 85,

548 5241 788 5308 legentes
817 5253 925 5290 non
960 5252 1112 5304 aeque
1133 5235 1272 5308 bene
1295 5235 1692 5289 accommodari
1733 5246 1982 5308 possunt.
2014 5233 2129 5308 ilu-
2225 5233 2343 5308 not.
2364 5236 2489 5308 786).

545 5303 636 5379 jus
672 5308 748 5361 rei
781 5303 1092 5379 vestigiaet
1132 5305 1269 5379 infra
1301 5316 1626 5379 occurrent,
1671 5303 2128 5379 quemadmodum
2302 5307 2414 5379 (i5)
2454 5303 3118 5379 'Epevrﬁ_re._lmperandi
3144 5304 3326 5379 itaque
3356 5305 3580 5358 notione
3605 5305 3823 5374 accepit

550 5375 606 5432 et
634 5380 688 5432 in
713 5379 998 5445 iiuebujus
1029 5375 1192 5428 libelli
1223 5377 1422 5429 diserte
1457 5377 1661 5429 mentio
1684 5375 1862 5441 Ιὶιτῆς
1892 5377 2126 5444 ὁμιλίας.
2231 5377 2457 5430 verbum
2509 5377 2614 5430 hoc
2655 5375 2919 5438 Photius,
2958 5375 3415 5444 quemadmodum
3469 5385 3524 5429 et
3566 5385 3820 5430 vett-rum

553 5449 619 5502 Et
644 5464 834 5517 parum
868 5449 1041 5508 abest,
1072 5446 1202 5515 quin
1239 5446 1378 5500 idem
1402 5446 1468 5501 de
1492 5445 1956 5515 superiorilibello
1978 5461 2130 5499 asse-
2231 5445 2487 5500 Ecclesiae
2513 5446 2715 5500 Graeca:
2745 5447 3026 5517 doctorum
3057 5445 3544 5517 plcriquegomnes,
3579 5461 3818 5517 quorum

552 5514 873 5590 ram._cujus
907 5514 1151 5572 extrema
1177 5517 1360 5590 verba.
1391 5532 1511 5586 quae
1553 5517 1717 5590 etiam
1758 5517 2128 5590 continuatio-
2232 5517 2347 5571 loca
2383 5517 2658 5590 cumulate
2687 5515 2882 5590 attulit
3037 5515 3257 5590 Caspar.
3304 5515 3563 5590 §uicerus
3595 5516 3648 5590 in
3681 5514 3820 5590 Tne-

553 5605 677 5642 nem
698 5588 860 5655 hujus
877 5587 1348 5641 conuneutationis
1374 5584 1593 5656 sperare
1618 5586 2129 5653 jubent,concionis
2229 5603 2388 5649 sonro
2414 5587 2779 5656 ecclesiastico,
2800 5584 2930 5638 tom.’
2955 5585 2996 5650 l,
3031 5603 3081 5654 p.
3111 5584 3268 5638 i‘2l0.
3304 5585 3379 5638 Ex
3418 5585 3820 5656 recentioribus

554 5673 723 5712 sacrm
758 5659 998 5712 habitum
1022 5659 1152 5711 satis
1179 5655 1451 5712 luculente
1485 5659 1702 5711 sistunt.
2232 5656 2491 5711 Erasmus
2525 5655 2837 5710 Schmidius
2864 5656 2915 5708 in
2947 5656 3496 5708 Animadversionibns
3535 5657 3604 5708 ad
3643 5655 3713 5711 N.
3756 5655 3815 5712 Τ.

627 5727 1056 5799 (ιὸληερίοδος
1099 5729 1346 5796 χρόνων.
1402 5727 1621 5780 Plenius
1653 5737 1708 5799 et
1744 5726 2002 5799 disertius
2031 5741 2098 5799 an
2234 5743 2241 5780 ε

2234 5743 2398 5799 super
2431 5730 2575 5780 hunc
2597 5727 2785 5799 locum
2802 5726 3076 5779 indicandi
3100 5727 3380 5779 notionem
3413 5725 3815 5799 prwfrgrettdani

554 5795 685 5852 nuin
723 5795 927 5853 deﬁnit
963 5795 1172 5862 Pollux,
1208 5799 1244 5852 l.
1286 5814 1413 5851 LIV:
1462 5797 1756 5858 Ἐνιαυτὸς,
1793 5797 1931 5860 ἔτος,
1966 5795 2130 5848 δωδε-

2233 5795 2478 5851 studiose
2535 5797 2853 5859 contendit,
2910 5811 3112 5864 paucos
3143 5805 3338 5848 nactus
3390 5796 3815 5864 approbatores.

554 5869 795 5938 κὰμηνος
849 5869 1038 5939 χρόνος
1089 5867 1238 5939 ἡλίου
1318 5866 1563 5938 περίοδος
1629 5865 2003 5939 περιελθόντος
2067 5865 2127 5931 ἐξ

2233 5866 2372 5921 Vide
2417 5867 2721 5939 quzegolim_
2747 5866 2801 5939 in
2841 5867 2980 5939 hanc
3013 5882 3126 5939 rem
3174 5865 3365 5939 scripsi
3412 5867 3480 5923 ad
3527 5866 3820 5922 Casaubo—

553 5935 710 6005 ὡρῶν
735 5941 813 6005 εἰς
843 5935 990 6003 ὦόας
1028 5935 1119 5993 τοῦ
1163 5935 1321 6006 θέιιῦ,
1353 5935 1550 5992 κύκλον
1581 5935 1676 5991 τοῦ
1704 5935 1931 6008 ἀστέρος
1968 5953 2123 6011 περι-

1742 5937 1931 6008 στερός
1968 5953 2123 6011 περι·
2230 5939 2413 6005 niaua,
2436 5935 2502 6008 7p.
2530 5937 2657 5993 297.
2689 5935 2797 5994 Sed
2827 5938 2893 5993 de
2921 5935 3023 5993 hoc
3050 5937 3168 5993 ioco
3195 5936 3350 5992 alias.
