4110 6462
567 491 678 559 ῙΞῚ
1676 490 1941 553 ΡΗΟΤΙΙ
1971 487 2482 551 ,ΡΑΤΒΙΑΒΟΗΔΕ
2521 487 2632 547 CP.
3743 467 3844 532 128

562 610 732 666 factio
758 616 965 677 septem
993 606 1148 662 ﬁnxit
1176 606 1393 672 fratres,
1425 618 1730 674 eorumque
1763 601 1994 671 singulis
2019 616 2144 656 snc-
2173 649 2176 660 ,

2275 614 2430 653 ικουε.
2477 596 2672 649 Ἦνίκα
2716 593 2826 665 γὰρ
2872 590 2932 646 τὸ
2959 586 3333 644 Σαδδουκαίων
3375 585 3606 642 ἄπιστόν
3631 604 3696 638 τε
3753 589 3845 642 καὶ

565 718 725 758 cessu
758 699 1019 770 temporis
1063 716 1224 754 unam
1255 699 1615 766 eamdemque
1663 709 1886 749 uxorem
1933 692 2144 758 tribuit,

2275 689 2548 758 περίεργον
2595 685 2734 740 ἑπτὰ
2783 685 2881 754 μὲν
2938 683 3200 735 ἔπλαττεν
3256 679 3537 747 ἀδελφοὺς.
3589 678 3733 748 μίαν
3789 677 3846 732 δὲ

565 802 734 862 atque
755 793 860 847 hoc
903 791 1161 862 figmento
1190 806 1290 845 suo
1337 803 1630 858 corporum
1685 785 2147 840 resurrectionem

2275 784 2352 834 ιαὶ
2371 781 2470 850 τὴν
2500 780 2671 851 αὐτὴν
2701 775 2851 848 παρὰ
2892 776 3059 845 μέρος
3082 771 3324 844 ἦρμοζον
3358 772 3541 834 αὐτοῖς
3569 772 3846 838 γυναῖκα,

481 901 496 914 δ
566 893 818 939 avertere
846 892 1038 937 conata
1073 890 1174 945 est,
1201 881 1457 936 Servator
1488 880 1594 934 illis
1635 877 1930 933 insolubile
1955 917 1968 937 ,
2001 874 2149 945 quod

2275 874 2350 927 cal.
2378 873 2477 942 τὴν
2502 871 2609 924 τῶν
2641 870 2911 939 σωμάτων
2960 867 3260 920 ἀνάστασιν
3297 864 3542 935 ἀναιρεῖν
3573 863 3658 931 τῷ
3707 862 3849 915 πλά-

570 979 624 1031 in
655 986 969 1030 commento
994 991 1094 1030 suo
1132 990 1253 1028 esse
1280 973 1646 1042 opinabantur
1670 1011 1684 1033 ,
1718 968 2148 1040 opponentibus,

2275 983 2428 1036 ςματι
2457 961 2884 1034 διεμηχανῶντο,
2911 961 2948 1012 ‘6
2971 959 3162 1028 Σωτὴρ
3188 955 3721 1024 διαπυνθανομένοις
3749 957 3850 1008 αὖ·

570 1069 1074 1138 qmerentibusqne,
1105 1067 1389 1136 cujusnam
1419 1080 1484 1119 ex
1531 1074 1741 1134 septem
1791 1061 1912 1117 istis
1963 1060 2150 1115 futura

2275 1061 2374 1122 τοῖς
2410 1057 2472 1110 τὸ
2516 1055 2604 1109 διὰ
2644 1053 2740 1106 τοῦ
2783 1052 3120 1120 πλάσματος,
3177 1050 3253 1112 ὡς
3293 1046 3560 1118 ἐνόμιζον,
3615 1048 3849 1116 ᾶποων,

571 1159 640 1210 sit
667 1173 800 1210 uxor
833 1197 848 1221 ,
911 1157 1144 1226 primum
1196 1154 1416 1226 quidem
1473 1153 1826 1224 exprobravit
1892 1163 2151 1221 tanquam

2275 1150 2350 1204 ιαὶ
2381 1149 2526 1211 τίνος
2555 1147 2708 1199 ἔσται
2747 1144 2855 1198 τῶν
2883 1142 3020 1195 ἑπτὰ
3051 1142 3210 1209 γυνὴ,
3247 1138 3594 1202 ἀπαιτοῦσιν,
3629 1138 3852 1205 πρῶτον

572 1248 882 1316 Scripturas
910 1246 1283 1314 ignorantibus
1317 1244 1388 1299 ⁸⁸.
1419 1245 1489 1298 At
1516 1244 1790 1313 quomodo
1812 1244 2154 1297 animadver-

2275 1241 2363 1294 iév
2390 1238 2720 1308 ἐπετίμησεν
2745 1236 2930 1298 αὐτοῖς
2966 1233 3067 1300 τῆς
3108 1231 3310 1300 πλάνης
3343 1232 3419 1293 ὡς
3461 1229 3559 1292 τὰς
3621 1228 3853 1296 Γραςὰς

572 1338 656 1390 sio
690 1337 742 1389 in
783 1352 876 1390 eos
937 1337 1081 1390 cadit
1139 1336 1230 1405 qui
1278 1336 1531 1406 ignorant
1571 1351 1692 1404 qua:
1718 1335 1837 1387 Mali
1870 1333 2038 1387 sunt?
2084 1333 2154 1386 At

2275 1335 2358 1388 >ύκ
2387 1332 2571 1386 εἰδόσι.
2614 1330 2805 1383 Καίτοι
2834 1328 2919 1391 τίς
2970 1326 3285 1393 ἐπιτίμησις
3317 1326 3430 1385 τοῖς
3484 1320 3754 1388 ἀγνοοῦσι
3789 1320 3854 1370 τὰ

571 1429 660 1483 ille
693 1444 758 1481 ex
793 1428 1136 1497 ignoratione
1180 1428 1588 1497 Scripturarum
1627 1428 1775 1481 aliud
1832 1427 1995 1497 idque
2027 1442 2154 1496 gra-

2275 1426 2352 1479 τοῦ
2409 1422 2698 1493 Πονηροῦ;
2735 1422 2799 1474 Ὃ
2847 1419 2904 1471 δὲ
2956 1417 3311 1488 προστίθησιν
3362 1417 3426 1467 ὲκ
3465 1415 3563 1484 τῆς
3616 1411 3851 1480 ἀγνοίας

575 1521 698 1575 vius
728 1520 863 1588 ipsis
897 1520 1148 1589 impingit
1186 1520 1465 1589 probrum,
1488 1519 1634 1588 quod
1668 1519 1875 1574 scilicet
1901 1535 2004 1572 nec
2051 1533 2152 1587 po-

2275 1519 2368 1570 ιῶν
2409 1514 2639 1586 Γραφῶν
2675 1554 2690 1578 ,
2724 1512 2913 1581 ἕτερον
2972 1509 3156 1571 αὐτοῖς
3224 1504 3530 1574 ὀνειδισμὸν
3593 1501 3854 1571 χαλεπώ-

573 1615 799 1664 tentiam
830 1611 924 1664 Dei
950 1611 1156 1665 norint.
1191 1611 1330 1671 llinc
1367 1613 1687 1681 mysterium
1734 1613 2154 1667 resurrectionis

2275 1627 2418 1680 τερον
2455 1649 2470 1672 ,
2537 1607 2672 1677 μηδὲ
2723 1605 2818 1675 τὴν
2889 1603 3116 1671 δύναμιν
3185 1600 3384 1661 αὐτοὺς
3461 1596 3669 1649 εἰδέναι
3753 1593 3844 1647 τοῦ

573 1702 777 1758 clarius
800 1703 1191 1772 expositurus:
1237 1703 1300 1756 In
1336 1706 1711 1758 resurrectione
1743 1707 1920 1770 enim,
1957 1706 2153 1775 inquit,

2275 1703 2419 1757 Θεοῦ.
2479 1697 2611 1754 Εἶτα
2665 1698 2987 1769 τρανότερον
3046 1695 3106 1748 τὸ
3171 1696 3271 1762 τῆς
3318 1691 3674 1751 ἀναστάσεως
3734 1691 3857 1742 ἁνα-

586 1809 748 1861 neque
777 1808 966 1847 uxores
997 1797 1215 1860 ducunt,
1250 1811 1411 1864 neque
1443 1795 1738 1863 elocanmr,
1774 1802 1864 1850 sed
1894 1807 1950 1850 ut
1979 1797 2156 1867 angeli

2275 1795 2520 1847 πτύσσων
2543 1791 2840 1861 μυστήριον
2859 1806 2873 1820 ·
2908 1789 3009 1842 Ἐν
3034 1786 3143 1854 γὰρ
3160 1783 3234 1852 τῇ
3261 1782 3618 1846 ἀναστάσει,
3659 1780 3851 1848 φησὶν.

577 1882 677 1936 Dei
706 1885 762 1936 in
805 1883 932 1937 calo
957 1894 1076 1938 sunt
1099 1886 1165 1938 ⁸³.
1208 1885 1320 1941 lmo
1348 1887 1761 1956 imprudentiam
1789 1888 1928 1942 hanc
1979 1889 2159 1944 adhuc

2275 1887 2402 1940 οὔτε
2431 1883 2749 1953 γαμοῦσιν,
2777 1881 2916 1934 οὐτε
2958 1875 3389 1946 ἑκταμίζονται,
3419 1873 3559 1927 ἀλλ’
3612 1873 3700 1936 ὠς
3752 1872 3858 1939 ἅγ-

578 1971 774 2024 fortius
807 1971 1193 2042 efficaciusque
1224 1977 1610 2045 castigaturus,
1643 1985 1699 2030 et
1738 1977 1934 2045 partim
1967 1977 2156 2048 gratia:

2275 1979 2425 2047 Γελοι
2476 1974 2584 2028 τοῦ
2616 1972 2764 2028 Θεοῦ
2786 1972 2855 2024 ἐν
2886 1967 3120 2036 οὐρανῷ
3149 1971 3325 2022 εἰσιν.
3377 1967 3500 2019 Ἔτι
3525 1964 3580 2016 δὲ
3615 1963 3850 2032 σφοδρό-

580 2076 647 2114 ac
673 2057 808 2129 legis
840 2063 1167 2118 concordem
1198 2063 1536 2118 harmoniam
1579 2065 1932 2134 expositurus
1965 2065 2157 2119 iisdem

2275 2065 2420 2136 rspév
2447 2081 2505 2118 τε
2535 2064 2630 2116 καὶ
2669 2062 3023 2133 ἰσχυρότερον
3067 2058 3360 2128 διελέγχων
3387 2056 3486 2126 τὴν
3514 2056 3731 2116 ἄνοιαν,
3757 2055 3852 2107 καὶ

577 2169 735 2219 vero,
777 2169 840 2208 ac
868 2155 1056 2208 eadem
1083 2171 1248 2224 Opera
1271 2157 1584 2211 recentibus
1621 2157 1951 2210 adversariis
1978 2156 2161 2226 plagas

2275 2154 2379 2224 ipa
2405 2155 2504 2222 μὲν
2538 2157 2642 2224 τῆς
2694 2155 2915 2224 χάριτος
2965 2152 3059 2206 καὶ
3101 2149 3195 2204 τοῦ
3260 2149 3424 2218 νόμου
3465 2147 3563 2218 τὴν
3615 2150 3852 2216 σύμφω-

582 2259 648 2296 ex
674 2244 791 2314 lege
832 2245 1063 2300 Mosaica
1098 2246 1438 2302 inllicturus:
1471 2250 1656 2301 Nonne
1693 2247 1924 2317 legistis,
1962 2248 2159 2316 inquit,

2275 2262 2352 2297 νον
2381 2245 2489 2313 (21)
2535 2242 2892 2312 ἀλληλουχίαν
2927 2238 3290 2310 τρανολογῶν,
3315 2238 3433 2308 ἅμα
3477 2237 3534 2289 δὲ
3585 2237 3684 2290 καὶ
3716 2235 3853 2304 πλη-

580 2335 719 2402 quod
744 2352 774 2386 a
802 2334 907 2388 Deo
933 2337 1131 2388 dictum
1163 2346 1276 2391 est:
1309 2337 1420 2408 Ego
1462 2356 1579 2392 sum
1607 2338 1745 2392 Deus
1779 2338 2086 2402 Abrahami,
2113 2346 2160 2390 et

2275 2337 2366 2406 γὴν
2408 2336 2516 2403 (‘22)
2548 2335 2732 2396 αὐτοῖς
2770 2333 2857 2386 διὰ
2889 2333 2985 2401 τῆς
3026 2329 3331 2400 Μωσαῖκῆς
3367 2327 3698 2399 νομοθεσίας
3752 2344 3850 2379 κα-

586 2426 724 2478 Deus
750 2425 948 2491 Isaaei,
977 2437 1026 2480 et
1049 2427 1188 2480 Deus
1222 2428 1406 2482 Jacobi
1439 2431 1505 2483 ’°.
1539 2429 1657 2495 Quo
1698 2430 1815 2499 ipso
1845 2430 2047 2484 diserte
2069 2444 2163 2483 os-

2275 2429 2423 2491 Dtalg,
2464 2429 2558 2480 καὶ
2615 2426 2681 2478 δι’
2739 2425 2963 2478 ἐκείνων
3013 2426 3126 2486 τοῖς
3169 2422 3264 2476 νῦν
3311 2422 3650 2484 ἀποστάταις
3677 2461 3692 2482 ,
3730 2421 3850 2471 Οὐκ

584 2517 782 2578 tendit,
816 2519 961 2587 quod
987 2519 1261 2573 Abraham
1288 2531 1343 2574 et
1365 2521 1515 2574 Isaac
1537 2530 1592 2575 et
1615 2521 1781 2576 Jacob
1801 2530 2017 2576 aeternae
2037 2521 2162 2576 vitae

2275 2521 2582 2591 ἀνέγνωτε,
2626 2520 2780 2589 φησὶ,
2829 2517 2896 2571 τὸ
2929 2517 3118 2585 ῥηθὲν
3149 2515 3268 2570 ὑπὸ
3319 2515 3424 2570 τοῦ
3470 2514 3655 2567 Θεοῦ·
3705 2513 3852 2581 Ἐγώ

583 2609 829 2662 luercdes
861 2610 990 2674 sint,
1038 2620 1091 2665 et
1121 2611 1264 2681 quod
1319 2613 1462 2666 Deus
1491 2621 1747 2678 aeternus,
1789 2628 1852 2668 ac
1886 2627 2162 2667 resurrec-

2275 2617 2380 2679 εἱμι
2403 2616 2434 2666 ό
2455 2612 2599 2676 Θεὸς
2631 2611 2907 2678 Ἀϐραὰμ,
2927 2609 3025 2662 καὶ
3050 2612 3082 2662 ὁ
3101 2608 3244 2672 Θεὸς
3275 2606 3493 2664 Ἰσαὰκ,
3513 2605 3611 2658 καὶ
3639 2607 3673 2658 ὁ
3707 2602 3851 2663 Θεὸς

584 2700 747 2754 tionis
784 2712 993 2765 auctor,
1019 2711 1093 2767 et,
1127 2704 1216 2773 qui
1252 2704 1380 2757 hinc
1422 2704 1645 2774 pendet,
1685 2704 1895 2759 fructus
1940 2704 2162 2774 largitor

2279 2705 2518 2768 Ἰακώϐ;
2581 2703 2794 2765 δεικνύς
2846 2721 2904 2756 τε
2997 2701 3244 2770 ἐναργῶς
3330 2698 3418 2752 διὰ
3485 2695 3700 2750 τούτων
3771 2694 3850 2746 ὃτι

582 2788 798 2843 illorum
853 2791 924 2844 sit
958 2791 1121 2844 Deus.
1185 2793 1450 2862 Adjungit
1507 2809 1638 2847 vero
1694 2793 1747 2847 in
1805 2795 2162 2864 sequentibus

2280 2795 2531 2864 Ἀϐραὰμ
2569 2795 2661 2848 καὶ
2697 2794 2883 2846 Ἰσαὰκ
2913 2791 3009 2846 xui.
3063 2791 3254 2844 Ἰακὼϐ
3286 2793 3385 2860 τῆς
3429 2788 3651 2842 αἰωνίου
3705 2786 3849 2853 ζωῆς

584 2878 702 2933 lucc
729 2896 742 2931 :
783 2878 905 2932 Non
930 2882 1107 2949 itaque
1129 2883 1266 2935 Deus
1304 2892 1631 2937 mortuorum
1666 2885 1804 2937 Deus
1837 2895 1933 2949 est,
1961 2889 2050 2938 sed
2084 2887 2164 2937 vi-

2275 2889 2618 2959 κληρονὸμοι,
2652 2888 2746 2940 καὶ
2779 2887 2861 2940 ὃτι
2889 2885 3020 2948 Θεὸς
3051 2883 3288 2948 αἰώνιος,
3317 2882 3411 2934 xa‘t
3453 2880 3553 2948 τῆς
3603 2877 3850 2933 ἀναστά-

585 2972 817 3024 υε.ιιὶιιιη
839 2971 906 3028 9‘.
941 2974 1116 3043 Atque
1147 2975 1262 3030 haec
1284 2977 1515 3041 monuit,
1538 2986 1598 3030 ut
1627 2991 1842 3030 omnem
1873 2977 2165 3046 impiorum

2275 2998 2406 3044 σεως
2459 2978 2776 3048 εἰσηγητὴς,
2819 2978 2913 3030 καὶ
2955 2976 3054 3039 τῆς
3113 2974 3321 3027 ἐκεῖθεν
3360 2970 3718 3032 ἀπολαύσεως
3773 2967 3845 3020 δυ’

588 3061 874 3116 hominum
911 3073 1231 3133 praetextum
1259 3067 1528 3122 eluderet.
1562 3067 1749 3136 Neque
1786 3069 1949 3122 etiam
1985 3068 2169 3123 omisit

2275 3074 2374 3143 τὴρ
2404 3072 2432 3124 6
2465 3071 2671 3124 τούτων
2697 3070 2850 3132 Θεός.
2875 3068 3144 3121 Συνάπτει
3167 3067 3220 3120 δὲ
3244 3066 3336 3119 καὶ
3361 3064 3502 3118 κατὰ
3533 3063 3849 3132 συνέχειανο

588 3170 1021 3212 commemorare
1047 3197 1061 3222 ,
1113 3159 1202 3212 ubi
1235 3159 1337 3212 ista
1369 3159 1572 3229 scripta
1597 3168 1814 3214 exstent
1848 3201 1862 3224 ,
1923 3161 2019 3216 sed
2069 3178 2167 3232 per

2275 3167 2396 3218 Οὐκ
2412 3165 2585 3217 ἐστιν
2606 3158 2719 3217 οὖν
2739 3165 2772 3216 ὁ
2805 3163 2948 3227 Θεὸς
2973 3161 3116 3225 Θεὸς
3144 3157 3394 3227 νεκρῶν,
3413 3155 3571 3211 ἀλλὰ
3597 3154 3849 3216 ζώντων.

590 3256 838 3302 sanctum
857 3246 1094 3301 Marcum
1120 3250 1404 3313 exclamat,
1430 3249 1487 3302 in
1510 3251 1647 3303 libro
1673 3249 1836 3304 Mosis
1861 3249 2030 3304 Deum
2052 3253 2167 3306 habe

2275 3256 2384 3309 Καὶ
2403 3254 2575 3306 ταῦτα
2607 3250 2783 3314 εἶπεν,
2812 3253 2900 3306 ἵνα
2929 3253 3107 3304 πᾶσαν
3132 3251 3240 3302 τῶν
3268 3246 3544 3302 δυσσεὸῶν
3576 3263 3642 3298 πε
3654 3243 3850 3316 ρικόψῃ

601 3337 668 3390 ad
701 3337 879 3406 ipsum
908 3339 1112 3394 dixisse
1134 3342 1201 3415 ξ’.
1235 3339 1390 3406 Quod
1421 3341 1462 3394 si
1494 3341 1656 3412 igitur
1688 3339 1828 3395 Deus
1847 3342 1992 3396 Dens
2016 3358 2166 3396 mor-

2613 3303 2986 3407 Di‘aSélvévOa
3037 3343 3370 3412 γέγραπται,
3427 3303 3847 3408 παραλέλοιπενῖ

595 3440 814 3484 tuorum
855 3447 960 3484 non
985 3442 1084 3495 est,
1117 3434 1212 3488 sed
1251 3435 1430 3504 potius
1456 3435 1599 3504 apud
1636 3450 1760 3489 eum
1802 3435 1937 3489 vivit
2002 3436 2172 3490 Abra-

2275 3436 2414 3488 άλλὰ
2445 3437 2533 3489 διὰ
2557 3433 2652 3487 τοῦ
2680 3433 2828 3504 ἱεροῦ
2866 3432 3164 3502 ἀνακράζει
3190 3431 3441 3500 Μάρκου,
3475 3429 3550 3492 ὡς
3581 3430 3640 3481 ὲν
3675 3431 3742 3496 τῇ
3777 3425 3852 3496 βί-

596 3521 746 3586 ham,
783 3525 914 3578 vivit
945 3527 1111 3589 Isaac,
1145 3527 1275 3581 vivit
1316 3527 1503 3590 Jacob,
1538 3543 1857 3599 omnesque,
1889 3527 1981 3598 qui
2014 3544 2164 3583 eam-

2276 3528 2388 3599 ὅλῳ
2435 3528 2684 3590 Μωσέως
2716 3528 2744 3580 6
2781 3526 2913 3590 Θεὸς
2962 3523 3134 3579 ταῦτα
3177 3517 3525 3592 εἴρηκε’πρὸς
3575 3521 3762 3573 αὐτόν.
3792 3517 3851 3568 Εἰ

595 3614 719 3668 dem
752 3615 964 3670 vivendi
992 3619 1256 3672 rationem
1290 3622 1480 3675 sectati
1505 3631 1652 3684 sunt,
1681 3622 1995 3692 similesque
2046 3631 2174 3676 sunt

2275 3614 2368 3672 οὖν
2399 3620 2426 3672 6
2462 3619 2594 3681 Θεὸς
2626 3618 2758 3680 Θεὸς
2785 3617 2881 3686 μὲν
2915 3615 3124 3687 νεκρῶν
3161 3616 3262 3668 οὐκ
3293 3614 3460 3674 ἐστιν,
3489 3613 3621 3665 ἀλλὰ
3648 3612 3716 3680 ζῇ
3755 3608 3850 3680 μὲν

603 3708 812 3778 angelis
847 3707 939 3763 Dei
973 3709 1026 3762 in
1055 3712 1216 3772 caelo,
1243 3712 1515 3780 quomodo
1539 3728 1567 3765 a
1589 3714 1730 3766 tnalo
1753 3713 2041 3782 principio,
2070 3727 2172 3766 ceu

2277 3709 2406 3778 παρ’
2439 3706 2588 3777 αύτῷ
2623 3707 2892 3777 Ἀϐραὰμ,
2935 3706 3000 3776 ζῇ
3052 3704 3108 3757 δὲ
3143 3703 3352 3766 Ἰσαὰκ,
3399 3701 3464 3772 ζῇ
3521 3700 3577 3752 δὲ
3632 3696 3848 3755 Ἰακὼϐ,

597 3798 749 3867 impii
793 3800 879 3853 isti
906 3811 1203 3871 nugantur,
1240 3802 1346 3854 orti
1368 3802 1735 3866 dieenturilli,
1765 3803 1855 3872 qui
1879 3802 1946 3856 ad
1971 3801 2174 3857 veteris

2276 3800 2374 3853 καὶ
2419 3801 2621 3862 πάντες
2646 3799 2760 3852 ὅσοι
2791 3799 2888 3868 τὴν
2917 3798 3094 3852 αὐτῶν
3126 3796 3403 3865 ἐζήλωσαν
3436 3792 3734 3854 πολιτείαν,
3761 3790 3852 3843 καὶ

597 3888 907 3942 testamenti
937 3891 1255 3959 praescripta
1287 3905 1344 3944 se
1375 3891 1849 3960 composuerunt?

2277 3893 2416 3944 εἰσὶν
2436 3891 2510 3954 ὠς
2537 3891 2757 3960 ἄγγελοι
2797 3889 2891 3942 τοῦ
2921 3889 3056 3942 Θεοῦ
3087 3891 3144 3940 ὲν
3177 3887 3413 3957 οὐρανῷ,
3456 3885 3571 3948 πῶς
3609 3883 3851 3952 πονηρᾶς

2275 3985 2471 4054 ἀρχῆς,
2496 3984 2570 4046 ὼς
2615 3985 2649 4054 ὴ
2691 3982 2928 4054 πονηρία
2981 3982 3240 4052 (meimei.
3289 3980 3429 4034 κατὰ
3469 3979 3566 4050 τὴν
3614 3974 3850 4032 παλαιάν

2278 4075 2606 4146 βεϐιωκότες
2637 4073 2937 4136 πολιτείανς

669 4147 759 4205 Ill.
786 4151 978 4206 Adhuc
1011 4168 1141 4208 vero
1176 4153 1348 4224 magis
1379 4155 1550 4209 refelli
1583 4163 1763 4225 potest
1801 4165 2175 4225 apostatarum

2347 4168 2423 4220 1".
2457 4167 2579 4218 Ἔτι
2611 4165 2668 4218 δὲ
2697 4165 2896 4233 μᾶλλον
2928 4163 3256 4232 διελέγχοιτο
3285 4161 3349 4215 ἂν
3379 4162 3476 4230 τῆς
3517 4157 3852 4220 ἁποστασξας

600 4244 892 4306 sententia,
931 4244 1372 4314 quandoquidem
1407 4246 1668 4302 Servator
1707 4262 1821 4312 eos,
1855 4246 1948 4317 qui
1975 4249 2174 4302 cmlum

2277 4256 2338 4310 τὸ
2377 4257 2654 4326 φρόνημα,
2683 4255 2903 4309 ἐπειδὰν
2935 4256 3062 4317 τοὺς
3103 4253 3462 4323 βουλομένους
3510 4253 3699 4321 τυχεῖν
3746 4249 3845 4314 τῆς

599 4333 808 4402 ingredi
839 4335 1086 4404 cupiant,
1124 4337 1191 4391 ad
1228 4337 1469 4391 studium
1507 4353 1607 4408 per
1639 4346 1926 4408 angustam
1962 4349 2174 4409 portam

2279 4345 2484 4398 εἰσόδου
2513 4345 2623 4398 τῶν
2651 4344 2896 4415 οὐρανῶν
2941 4342 3447 4414 παρακελευόμενος
3480 4343 3508 4394 6
3528 4340 3719 4410 Σωτὴρ
3768 4335 3852 4389 διὰ

600 4422 912 4479 introeundi
937 4427 1276 4490 exhortatus,
1322 4428 1558 4483 vicissim
1622 4429 1957 4499 negligentes
2013 4431 2176 4499 hujus

2278 4439 2377 4506 τῆς
2410 4437 2604 4506 στενῆς
2635 4436 2812 4506 πύλης
2838 4435 3202 4505 ἀγωνίζεσθαι
3259 4434 3544 4496 εἰσελθεῖν,
3578 4434 3707 4494 τοὺς
3757 4429 3850 4500 μὲν

601 4516 865 4580 mandati,
900 4525 1155 4587 tanquam
1181 4520 1459 4588 operarios
1509 4519 1735 4574 incuriae
1769 4521 1899 4574 illuc
1939 4521 2173 4590 ablegat,

2279 4528 2730 4599 ἐῤῥᾳθυμηκότας
2747 4544 2813 4579 πε
2823 4529 2876 4596 pl.
2893 4527 2989 4597 τὴν
3012 4525 3249 4596 ἐντολὴν,
3273 4525 3347 4587 ὡς
3377 4526 3473 4593 τῆς
3488 4523 3716 4594 ἁκηδίας
3737 4521 3844 4590 (9.3)

603 4603 696 4658 ubi
719 4605 788 4659 sit
818 4605 976 4662 fletus
998 4618 1052 4663 et
1080 4611 1280 4664 stridor
1309 4611 1578 4665 dentium.
1617 4614 1864 4682 (Eumque
1903 4613 2175 4682 undiqua-

2285 4619 2540 4690 ἐργάτας,
2571 4618 2697 4672 ἔνθα
2730 4621 2758 4672 6
2784 4617 3059 4684 κλαυθμὸς
3105 4617 3201 4670 καὶ
3237 4617 3265 4668 6
3308 4616 3554 4686 βρυγμὸς
3583 4614 3690 4667 τῶν
3719 4612 3850 4665 ὀδόν·

602 4710 708 4765 que
739 4699 1035 4770 colligeret,
1065 4702 1158 4772 qui
1201 4718 1261 4756 se
1307 4704 1591 4758 studiosos
1624 4706 1879 4774 przecepti
1919 4705 1975 4758 in
2007 4722 2176 4776 regno

2283 4728 2390 4764 των
2433 4709 2776 4778 ἀποπέμπει.
2811 4709 3033 4775 Είσάγει
3089 4707 3166 4772 δὲ,
3217 4707 3553 4775 πανταχόθεν
3608 4707 3849 4771 συνάγων

604 4803 704 4842 suo
733 4793 1120 4858 praestiterint,
1187 4794 1359 4863 iisque
1405 4795 1580 4849 locum
1622 4795 1676 4848 in
1723 4812 1788 4850 eo
1837 4797 2175 4867 assignaret,

2283 4803 2410 4865 τοὺς
2438 4802 2846 4864 σπουδάσαντας
2878 4803 3006 4870 περὶ
3033 4800 3131 4870 τὴν
3149 4799 3388 4869 ἐντολὴν,
3415 4801 3473 4852 ἐν
3503 4803 3566 4868 τῇ
3609 4795 3850 4867 βασιλείᾳ

607 4879 868 4947 (adverte,
890 4897 922 4935 ο
943 4881 1129 4946 homo,
1163 4894 1399 4938 mentem
1421 4883 1482 4954 ι),
1519 4884 1852 4950 Abrahamo,
1875 4895 1933 4940 et
1975 4885 2176 4954 lsaaco,

2285 4891 2473 4954 αὐτοῦ,
2511 4892 2605 4944 καὶ
2627 4891 2850 4952 τούτους
2877 4890 3183 4942 ἀνακλίνων
3215 4891 3270 4942 ὲν
3327 4890 3463 4958 αὑτῇ
3513 4887 3844 4958 (ἐπίστησον,

605 4977 662 5022 et
690 4969 890 5027 Jacobo
919 4975 1153 5044 primum
1176 4976 1434 5029 vindicat.
1465 4975 1554 5029 Ait
1582 4976 1727 5030 enim
1753 4995 1765 5030 :
1797 4977 1850 5030 Si
1873 4977 2064 5032 audire
2087 4992 2176 5032 n0-

2286 4981 2560 5053 ἄνθρωπε,
2592 4981 2683 5033 τὸν
2709 4980 2891 5050 νοῦνί)
2918 4982 3008 5032 τὸν
3065 4979 3318 5051 ’Λϐραᾶμ
3358 4979 3452 5032 καὶ
3509 4978 3712 5041 Ἰσαὰκ,
3761 4973 3848 5026 καὶ

678 5102 724 5135 ⁸⁸
755 5103 943 5157 Matth.
965 5121 1096 5166 xxn,
1125 5105 1215 5158 ‘29.
1292 5105 1336 5136 ⁸⁹
1367 5105 1502 5160 ibid.
1527 5105 1616 5160 50.
1693 5105 1740 5136 ⁹⁰
1781 5105 1913 5160 ibid.
1946 5107 2004 5160 3|
2033 5145 2048 5172 ,
2079 5109 2170 5164 5‘2.

2276 5110 2290 5140 ¹
2317 5109 2450 5162 ibid.
2526 5109 2572 5140 θ’
2594 5107 2758 5161 Mare.
2786 5123 2885 5169 xu,
2910 5108 2999 5161 9.6.

1674 5239 1911 5295 VARle
1954 5242 2338 5297 LECTIONES
2379 5243 2466 5297 ΕΤ
2497 5242 2732 5296 NOTAE.

680 5349 790 5427 (2])
836 5350 954 5427 Τὴις
998 5353 1443 5427 comparamus!
1497 5355 1614 5426 lego
1673 5371 1771 5425 pro
1828 5361 2168 5427 συμφωνίαν,

2275 5361 2498 5413 insidias
2519 5361 2774 5415 dixerunt
2795 5359 2908 5414 alii.

608 5420 752 5502 quod
788 5430 915 5502 erat.
939 5421 991 5475 in
1048 5438 1150 5501 ms.
1174 5425 1364 5502 _Atque
1404 5426 1474 5502 _id_
1514 5420 1732 5494 quidem
1795 5420 1974 5482 locum
2035 5420 2169 5483 tueri
2275 5497 2317 5502 __
2345 5431 2453 5498 (“23)
2491 5431 2788 5502 ’ᾼκηδίαςῃ
2824 5429 3001 5502 \‘idcri
3051 5438 3263 5502 poterat
3293 5429 3576 5502 legendum
3619 5428 3842 5502 ἀδικίαςο

610 5500 839 5569 poterat,
874 5495 918 5544 si
961 5495 1273 5569 particulam
1331 5497 1426 5569 καὶ
1464 5497 1612 5569 inter
1655 5507 1944 5568 utramque
1985 5515 2175 5554 vocem
2275 5495 2400 5553 Haec
2428 5495 2575 5553 enim
2618 5495 2839 5553 Christi
2906 5495 3118 5569 phrasis
3165 5509 3248 5553 est
3301 5495 3458 5553 Lit-xc
3508 5516 3626 5563 xm,
3657 5501 3744 5553 Ξῖ.
3775 5498 3845 5551 Ac

611 5563 1283 5638 excidisse_statuas:_bed
1312 5566 1488 5638 placet
1537 5567 1711 5634 prius.
1853 5563 1871 5568 ’
2272 5581 2538 5638 ρτιιιιοτειι
2567 5586 2632 5622 ex
2664 5563 2920 5623 velerum'
2965 5570 3174 5623 ratione
3237 5571 3626 5638 pronuntiandi
3654 5587 3688 5637 η
3714 5584 3804 5637 per
3829 5581 3843 5616 ι

683 5629 795 5698 (2‘2)
821 5631 1088 5699 Πληγήν.
1117 5629 1374 5709 Ιςαθιέναι
1406 5629 1642 5709 πληγήν,
1676 5652 1828 5706 teque
1861 5648 2004 5709 recte
2042 5638 2176 5692 dici-

2275 5629 2390 5693 iieri
2419 5640 2572 5694 facile
2597 5649 2828 5708 poterat,
2861 5649 2917 5693 ut
2959 5641 3172 5702 ἀδικίας
3208 5629 3305 5708 νἰοο
3340 5641 3565 5709 ἁκηδίας
3621 5658 3650 5693 a
3678 5629 3845 5692 'lihra-

612 5705 719 5781 tur,
751 5715 910 5781 quam
948 5703 1282 5781 καταφέρειν
1308 5706 1541 5781 πληγήν,
1573 5703 1677 5781 qua
1697 5703 1894 5781 phrasi
1920 5724 2059 5781 usus
2094 5717 2176 5762 est

2283 5710 2365 5764 rio
2399 5703 2746 5781 scriberetur.
2781 5710 2886 5764 Sed
2926 5710 3177 5781 tuendam
3210 5703 3397 5781 tamen
3431 5703 3634 5765 codicis
3667 5710 3844 5781 lectio-

613 5766 957 5854 l’lutarit-bus,
994 5766 1212 5854 nam“
1244 5774 1319 5827 De
1375 5766 1606 5854 [bigqm‘
1641 5766 1950 5854 Alemondri,
1989 5779 2177 5831 obser-
2283 5795 2428 5854 nem
2459 5780 2732 5854 existit-no,
2756 5784 2881 5848 quia
2925 5780 2992 5833 de
3038 5779 3436 5852 negligentibus
3471 5790 3523 5837 et
3568 5777 3847 5835 incuriosis

619 5848 781 5922 vante
800 5839 1031 5922 llenrico
1063 5843 1342 5922 Stephano
1375 5839 1426 5898 in
1458 5845 1718 5922 Thesauro
1747 5839 1960 5922 (iugum,
1980 5864 2176 5922 quent-
2284 5849 2598 5906 hominibus
2633 5839 2930 5908 hicvs'crmo
2957 5860 3061 5906 est.

621 5909 910 5966 admodum
957 5912 1121 5968 etiam
1162 5909 1431 5968 “καοιέναι
1508 5915 1664 5986 λόχον
1716 5909 1844 5988 υτον
1871 5909 2176 5974 submittere
