4110 6404
271 394 379 458 I29

1301 388 1598 451 CONTRA
1638 385 2098 447 MANICIM‘IOS
2132 385 2364 446 LIBER
2394 385 2510 449 ΙΙΙ.

3433 344 3544 447 130

280 505 479 561 ’ῐακὼϐ
502 505 596 558 καὶ
626 504 753 566 τοὺς
767 500 1054 573 προφήτας
1085 471 1491 570 προανακλίνει.
1511 496 1676 565 Λέγει
1703 495 1810 566 γάρ
1830 512 1845 527 ο

1954 497 2083 564 litis,
2116 497 2266 568 (quid
2297 497 2450 566 ﬂet?)
2482 491 2574 550 ubi
2599 492 2878 559 videritis,
2931 505 2988 550 et
3015 493 3384 550 Abrahamum
3411 533 3428 560 ,
3480 507 3542 552 et

263 597 388 648 Κᾶν
424 594 497 664 μὴ
550 589 813 661 βούλησθε
854 589 1072 642 ἀκούειν
1097 605 1113 622 ·
1145 588 1272 641 ὅταν
1336 585 1541 658 ὄψησθε
1599 585 1853 656 Ἀϐρααμ

264 690 364 741 καὶ
401 685 587 739 Ἰσαὰκ
617 683 712 737 καὶ
747 680 940 735 Ἰακὼϐ
987 682 1079 733 καὶ⁴
1130 681 1337 744 πάντας
1389 680 1518 741 τοὺς
1565 677 1853 749 προφήτας

264 781 324 831 ἐν
347 780 414 848 τῇ
436 776 686 846 βασιλείᾳ
711 773 806 827 τοῦ
838 771 996 835 Θεοῦ,
1018 773 1158 843 ὑμᾶς
1181 771 1238 824 δὲ
1255 770 1689 840 ἐκϐαλλομένους
1709 769 1846 834 ἐξω;

267 869 385 921 Καὶ
415 867 558 929 τίνες
584 866 640 918 ,οἱ
669 864 1054 933 ἐκϐαλλόμενοι
1080 863 1204 927 ἔξω,
1229 863 1260 933 ἢ
1291 862 1532 932 δηλονότι
1563 862 1676 916 ὅσοι
1707 861 1850 914 κατὰ

269 962 507 1031 μίμησιν
549 959 643 1011 τοῦ
690 957 942 1028 Ἀϐραὰμ
986 958 1080 1010 καὶ
1137 957 1325 1010 Ἰσαάκ
1374 956 1470 1008 καὶ
1503 954 1723 1016 Ἰακὼϐ,
1756 955 1852 1007 καὶ

259 1054 378 1105 τῶν
409 1050 703 1123 προφητῶν
747 1051 848 1102 ούκ
892 1049 1346 1114 ἐπολιτεύσαντο;
1379 1049 1441 1100 Εἰ
1487 1048 1542 1100 δὲ
1594 1049 1707 1100 ὅσοι
1758 1047 1850 1100 τὸν

265 1145 386 1216 βίον
431 1143 608 1196 αὐτῶν
642 1143 733 1196 xui.
782 1143 878 1214 τὴν
938 1141 1220 1195 εὐσέϐειαν
1248 1142 1349 1194 οὐκ
1394 1139 1698 1209 ἐζήλωσαν,
1747 1140 1848 1209 τῆς

263 1237 548 1306 βασιλείας
575 1235 930 1288 ἐκϐάλλονται
961 1234 1056 1288 τοῦ
1091 1233 1250 1298 Θεοῦ,
1301 1233 1398 1288 καὶ
1434 1236 1514 1296 είς
1545 1234 1636 1286 τὸν
1683 1233 1851 1288 κλαυ-

261 1329 403 1398 θμὸν
431 1329 526 1381 καὶ
562 1327 814 1397 βρυγμὲν
855 1327 962 1380 τῶν
1003 1327 1228 1381 ὀδόντων
1279 1327 1734 1398 ἀπορῤίπτονται,
1765 1325 1850 1389 τίς

261 1421 332 1472 ἂν
373 1418 619 1482 ἀντάξιος
665 1417 920 1488 εὑρεθείη
974 1419 1216 1489 τιμωρία
1273 1420 1384 1480 τοῖς
1432 1418 1528 1470 ἐπὶ
1590 1417 1849 1472 τοσοῦτον

259 1507 650 1578 ίξοιστρήσασι
701 1507 936 1578 μανίας;
967 1509 1031 1560 Ὢ
1089 1509 1374 1579 στομάτων
1410 1507 1710 1562 ἀπυλώτων
1753 1512 1850 1563 καὶ

255 1603 342 1673 τῷ
382 1603 550 1673 πατρὶ
577 1601 672 1654 τοῦ
715 1600 943 1670 ψεύδους
983 1601 1216 1672 ἑτοίμως
1261 1601 1742 1672 ὑπηρετουμένων,
1773 1603 1848 1669 ὡς

256 1699 361 1750 καὶ
407 1695 608 1766 λῃστὰς
665 1695 764 1747 καὶ
821 1695 1060 1757 κλέπτας
1107 1695 1203 1747 καὶ
1252 1694 1348 1747 τοῦ
1399 1694 1646 1765 Πονηροῦ
1708 1693 1847 1750 πλά-

259 1806 472 1858 σματα,
496 1789 591 1841 καί
611 1788 894 1858 ὑπηρέτας
919 1788 1138 1860 πολμᾷν
1171 1787 1477 1860 ἐνυϐρίζειν
1499 1789 1512 1839 l
1535 1789 1596 1841 Οί
1624 1789 1681 1841 δὲ
1715 1789 1848 1860 μηδέ

260 1881 427 1949 μέχρι
474 1880 667 1932 τούτου
710 1879 809 1950 τὴν
863 1879 1065 1934 λύσσαν
1113 1880 1392 1947 ἰστῶντες,
1435 1880 1570 1934 ἀλλὰ
1606 1883 1700 1934 καὶ
1755 1882 1847 1936 τὸν

254 1973 626 2043 χαριζόμενον
679 1971 812 2040 ἡμῖν
843 1971 942 2043 τὴν
983 1972 1204 2024 αἰώνιον
1234 1972 1400 2042 ζωὴν,
1438 1973 1532 2025 καὶ
1556 1973 1656 2044 τὴν
1697 1971 1848 2042 βασι-

255 2063 410 2116 λείαν
443 2065 553 2118 τῶν
580 2063 845 2133 οὐρανῶν,
873 2064 932 2128 ὃς
961 2065 1225 2128 ἐστιθεδς
1258 2065 1509 2138 Ἀϐραὰμ
1534 2066 1627 2119 καὶ
1665 2067 1850 2120 Ἰσαὰκ

253 2156 358 2208 καὶ
416 2155 632 2219 Ἰακὼϐ,
663 2158 796 2220 Θεὸς
848 2157 1067 2220 ζώντων
1101 2158 1197 2210 καὶ
1234 2158 1295 2210 ού
1335 2159 1565 2230 νεκρῶν,
1602 2161 1850 2231 πονηρὰν

254 2248 438 2319 ἀρχὴν
461 2250 553 2302 καὶ
577 2250 827 2321 πονηρῶν
854 2251 1030 2320 ἔργων
1060 2249 1390 2320 δημιουργὸν
1413 2251 1847 2323 δυσφημοῦντες,

255 2345 328 2397 τὰ
363 2343 440 2407 ὡς
481 2335 710 2415 ;ἆληθῶς
767 2345 861 2398 τοῦ
913 2344 1160 2416 Πονηροῦ
1237 2345 1534 2416 πλάσματα
1572 2367 1576 2372 ·
1612 2343 1700 2419 ἆρ’
1729 2348 1851 2419 οὐχὶ

256 2438 360 2507 τὴν
410 2439 500 2490 διὰ
542 2439 712 2510 πυρὸς
756 2440 850 2492 καὶ
895 2439 989 2493 τοῦ
1034 2440 1258 2502 σκότους
1300 2440 1712 2512 ἡτοιμασμένην
1772 2441 1850 2512 τῷ

259 2527 502 2598 διαϐόλῳ
531 2527 721 2599 ποινὴν
751 2529 1042 2592 διαπαντὸς
1077 2533 1535 2603 εἰσπραττόμενοι
1560 2534 1662 2585 ούκ
1689 2532 1851 2586 ἐλάτ-

261 2635 392 2671 τονα
415 2620 509 2690 τῆς
535 2621 740 2690 τόλμης
767 2621 976 2674 τίσουσι
1002 2623 1164 2692 δίκην
1191 2640 1205 2688 ;
1238 2623 1372 2676 Ούδέ
1405 2624 1466 2676 τὸ
1493 2625 1682 2694 χάσμα
1707 2624 1765 2678 δέ
1791 2624 1852 2679 τὸ

273 2706 472 2773 μεταξὺ
499 2707 592 2760 τοῦ
629 2709 886 2762 πλουσίου
934 2713 1028 2764 xui.
1061 2711 1156 2764 τοῦ
1208 2713 1460 2782 Λαζάρου
1493 2715 1849 2785 πεφρίκασιν,

203 2839 208 2844 -
269 2801 298 2854 ὃ
325 2799 705 2873 ά[πο]τειχίζει
739 2803 835 2872 μὲν
857 2805 982 2867 τοὺς
1008 2805 1146 2876 μετὰ
1163 2806 1254 2859 τοῦ
1286 2806 1537 2878 Ἀϐραάμ
1563 2808 1853 2876 εὐφραινο-

269 2893 486 2962 μένους,
529 2894 637 2947 άπὺ
682 2895 792 2948 τῶν
846 2896 903 2947 ἐν
957 2899 1076 2960 ταῖς
1135 2897 1391 2968 βασάνοις
1447 2898 1849 2970 κολαζομένων.
1885 2914 1897 2926 ⁵

281 2984 421 3037 Ἀλλ’
452 2986 632 3055 οἴμοιί
663 2985 766 3040 κᾶν
793 2989 866 3057 μὴ
892 2989 1005 3060 (24)
1038 2989 1135 3044 νῦν
1162 2991 1259 3061 τὴν
1290 2991 1547 3061 αἴσθησιν
1565 2993 1665 3062 τῆς
1680 3010 1854 3062 τιμω-

267 3078 391 3146 plu;
415 3080 516 3131 οὐκ
545 3079 760 3150 ἔχοντες
791 3080 888 3152 τὴν
919 3082 1149 3154 ἀπειλὴν
1179 3079 1273 3136 τοῦ
1310 3085 1560 3156 Σωτῆρος
1605 3087 1665 3137 ού
1695 3086 1855 3157 τεθή-

1954 588 2232 654 lsaacum,
2283 596 2340 643 et
2386 587 2673 652 Jacobum,
2714 596 2769 642 et
2805 602 2996 642 omnes
3025 587 3320 658 prophetas
3362 587 3418 642 in
3447 603 3537 643 re-

1954 699 2059 756 gno
2087 682 2217 746 Dei,
2254 699 2351 738 vos
2395 697 2528 736 vero
2565 681 2710 736 foras
2766 681 3015 750 ejectos?
3061 679 3164 747 Qui
3209 695 3345 735 vero
3401 690 3534 735 sunt

1953 776 2112 845 ejecti
2138 777 2234 842 illi,
2265 775 2368 831 nisi
2411 775 2524 841 isti,
2549 774 2641 846 qui
2671 775 2739 830 ad
2785 775 3096 844 exemplum
3133 774 3429 828 Abraltami
3481 783 3539 827 ct:

1954 870 2120 925 lsaaci
2148 879 2203 924 et
2229 869 2414 925 Jacobi
2443 869 2610 923 vitam
2649 883 2758 922 non
2781 868 3246 939 composuerunt?
3295 866 3450 934 Quod
3487 866 3535 922 si

1951 980 2085 1021 vero
2117 980 2147 1019 e
2185 981 2352 1036 regno
2393 964 2486 1019 Dei
2542 962 2850 1033 expellendi
2907 971 3076 1028 sunt,
3115 971 3172 1018 et
3219 961 3286 1017 ad
3341 961 3534 1015 ﬂetum

1951 1067 2116 1128 atque
2164 1059 2457 1112 stridorem
2499 1057 2745 1112 dentium
2785 1056 3118 1111 amandandi
3156 1098 3171 1123 ,
3216 1056 3307 1126 qui
3365 1056 3535 1109 vitam

1950 1149 2319 1219 pietatemque
2355 1165 2544 1204 eorum
2600 1151 2902 1205 imitatione
2949 1165 3059 1203 non
3117 1157 3531 1218 expresserunt,

1950 1257 2071 1310 quae
2094 1241 2310 1295 tandem
2351 1256 2511 1310 poena
2537 1242 2826 1296 statuenda
2849 1251 2932 1296 est
2954 1241 3116 1313 digna
3159 1241 3265 1296 illis
3289 1283 3304 1304 ,
3345 1242 3436 1311 qui
3469 1257 3536 1296 eo

1953 1331 2177 1386 insaniae
2202 1333 2629 1401 processerunt?
2671 1332 2714 1388 Ο
2768 1333 3031 1388 elfrenata
3083 1333 3367 1387 hominum
3412 1351 3532 1398 ora,

1950 1423 2097 1479 Patri
2133 1425 2563 1481 mendaeiiadeo
2618 1427 3057 1491 inservientium,
3102 1438 3161 1481 ut
3202 1434 3256 1482 et
3291 1428 3535 1482 latrones

1951 1529 2007 1572 et
2035 1518 2205 1582 fures,
2247 1527 2300 1572 et
2324 1519 2444 1573 Mali
2481 1519 2796 1590 progeniem
2832 1536 2894 1575 ac
2919 1536 3108 1576 servos
3133 1537 3227 1576 eos
3257 1521 3535 1592 appellare

1950 1610 2223 1665 audeant!
2253 1611 2447 1664 Nonne
2474 1627 2604 1665 vero
2633 1611 2731 1676 illi,
2769 1612 2860 1682 qui
2887 1628 2957 1667 ne
2991 1612 3081 1668 hic
3110 1613 3328 1683 quidem
3358 1616 3534 1670 furori

1951 1715 2054 1754 suo
2079 1701 2290 1755 obicem
2314 1710 2545 1772 ponunt,
2585 1703 2679 1757 sed
2701 1713 2755 1758 et
2783 1720 2930 1769 eum,
2955 1705 3046 1775 qui
3080 1706 3248 1760 vitam
3271 1715 3534 1762 :eternam

1953 1808 2292 1863 regnumque
2336 1794 2560 1848 cmleste
2605 1795 2764 1848 nobis
2816 1793 3075 1866 largitur,
3115 1795 3206 1865 qui
3261 1796 3403 1850 idem
3451 1804 3536 1850 est;

1952 1883 2096 1936 Deus
2127 1881 2422 1937 Abraltami
2455 1893 2511 1939 et
2533 1885 2701 1940 lsaaci
2729 1893 2783 1940 et
2806 1885 3017 1948 Jacobi,
3058 1887 3202 1942 Deus
3230 1887 3535 1941 viventium

1950 1991 2059 2030 non
2089 1985 2275 2030 autem
2308 1987 2672 2040 mortuorum,
2696 1986 2950 2050 tanquam
2978 1981 3178 2035 malum
3208 1979 3532 2050 principium

1951 2079 2008 2125 et
2036 2069 2304 2123 malorum
2336 2086 2562 2140 operum
2594 2072 2842 2142 opiﬁcem
2867 2073 3299 2138 calumniantur;
3324 2087 3531 2139 nonne,

1951 2161 2197 2230 inquam,
2240 2163 2550 2233 illi,utpote
2590 2163 2714 2218 Mali
2775 2180 2903 2219 vere
2934 2166 3224 2238 progenies
3255 2207 3270 2233 ,
3320 2166 3534 2237 suppli-

1952 2252 2120 2315 cium,
2144 2269 2243 2322 per
2274 2254 2452 2325 ignem
2485 2265 2539 2308 et
2564 2255 2821 2309 tenebras
2847 2257 3062 2311 diabolo
3085 2266 3370 2328 paratum,
3405 2275 3532 2327 pcr-

1953 2357 2121 2416 pctuo
2146 2357 2531 2416 provocantes,
2599 2348 2816 2418 dignam
2878 2348 3124 2404 facinore
3173 2349 3534 2406 audacissimo

1954 2451 2170 2506 poenam
2203 2438 2396 2491 luent?
2422 2437 2488 2490 Et
2511 2452 2580 2490 ne
2605 2437 2683 2490 sic
2710 2437 2931 2506 quidem
2966 2436 3198 2499 hiatum,
3257 2437 3351 2506 qui
3393 2440 3536 2491 inter

1954 2527 2180 2582 divitem
2217 2537 2272 2582 et
2303 2529 2568 2583 Lazarum
2591 2529 2916 2598 interjectus
2949 2540 3052 2592 est,
3083 2530 3282 2600 quique
3301 2530 3534 2595 animas,

1955 2637 2081 2676 cum
2111 2623 2421 2677 Abrahamo
2468 2622 2866 2686 convivantes,
2899 2623 2966 2676 ab
3017 2622 3121 2676 illis
3159 2632 3405 2691 separat,
3437 2621 3532 2690 qui

1964 2713 2185 2767 aeternis
2211 2713 2547 2767 cruciatibus
2588 2712 2921 2784 amiguntur,
2947 2713 3358 2783 expavescunt?
3396 2711 3533 2775 Vah,

1955 2819 2118 2874 quam
2152 2805 2353 2859 misere
2395 2805 2649 2859 homines
2674 2845 2689 2870 ,
2721 2805 2813 2874 qui
2853 2805 3062 2858 nullum
3099 2821 3274 2874 paenae
3312 2821 3534 2859 sensum

1956 2911 2104 2951 nunc
2135 2896 2403 2951 habentes
2436 2897 2505 2951 ab
2537 2896 2673 2966 ipsis
2731 2897 3035 2952 Servatoris
3075 2897 3240 2951 minis
3271 2898 3370 2953 sibi
3424 2913 3538 2953 non

1957 2985 2174 3045 timent.
2199 3001 2284 3049 eo,
2313 3001 2398 3049 eo,
2433 2986 2656 3056 inquam
2676 3027 2690 3052 ,
2719 2995 2966 3056 tempore
2993 2986 3346 3040 acerbitatem
3381 2987 3538 3040 dolo-

1957 3094 2079 3131 rum
2108 3079 2448 3147 experiundo
2473 3079 2678 3141 edocti,
2707 3079 3033 3148 nullumque
3078 3094 3259 3147 operae
3309 3093 3420 3132 sua:
3457 3079 3541 3132 Iu-

266 3187 427 3234 πασι,
465 3171 586 3222 τότε
617 3171 703 3242 δὴ,
736 3173 858 3224 τότε
905 3174 1073 3246 πείρα¹
1110 3174 1172 3226 τὸ
1225 3175 1422 3245 πικρὸν
1470 3177 1569 3245 τῆς
1619 3175 1852 3246 βασάνου

1959 3187 2114 3226 crum
2145 3172 2456 3241 capientes,
2489 3181 2678 3226 contra
2710 3188 2768 3226 se
2795 3172 2941 3241 ipsos
2967 3171 3181 3235 duram,
3232 3170 3448 3241 longam
3484 3179 3542 3225 et

269 3261 560 3332 μαθόντες,
593 3267 698 3316 κᾶν
734 3265 886 3318 οὐδὲν
910 3264 1104 3335 κέρδος
1139 3267 1486 3338 εὑρήσουσιν,
1529 3269 1730 3340 πολλὴν
1759 3271 1855 3324 καὶ

273 3354 497 3424 μακρὰν
545 3357 640 3408 xui.
694 3357 1058 3428 ἀτελεύτητον
1121 3360 1330 3412 ἑαυτῶν
1379 3362 1695 3431 ποιήσονται
1756 3363 1856 3434 τὴν

273 3451 658 3514 κατάγνωσινί
693 3450 947 3503 Μάλιστα
1000 3451 1111 3521 γὰρ
1153 3453 1372 3505 ἐπειδὰν
1435 3453 1526 3506 τὸν
1580 3456 1854 3526 Ἀϐραὰμ,

276 3542 422 3592 κατὰ
451 3542 547 3609 τὴν
593 3541 686 3596 τοῦ
724 3544 979 3596 πλουσίου
1015 3543 1350 3614 παραϐολὴν,
1397 3546 1478 3608 εἰς
1533 3546 1856 3614 ἐπικουρίαν

280 3629 606 3697 καλοῦντες,
669 3633 730 3687 ὃν
781 3633 1108 3704 ἐχλεύαζον,
1167 3634 1420 3688 ἐλεοῦντα
1459 3636 1557 3705 οὐχ
1593 3637 1858 3707 εὑρήσου-

277 3739 366 3773 σιν
402 3722 533 3791 (‘25).
576 3725 637 3777 Εἰ
677 3725 788 3796 γὰρ
831 3726 858 3777 ὁ
884 3727 963 3789 εἰς
987 3725 1079 3779 τὸν
1109 3726 1357 3796 Λάζαρον
1381 3728 1719 3799 παροινήσας
1747 3729 1856 3783 τῶν

286 3814 662 3885 Ἀϐραμιαίων
696 3819 913 3871 κόλπων
935 3819 1151 3890 φοϐερῷ
1180 3819 1417 3889 χάσματι
1445 3821 1854 3893 ὑπερορίζεται,

265 3907 367 3957 καὶ
390 3906 468 3975 τῷ
498 3907 782 3977 ἀκοιμήτῳ
814 3909 948 3979 πυρὶ
982 3909 1080 3979 τὴν
1119 3908 1273 3980 δίκην
1307 3912 1406 3980 τῆς
1431 3909 1853 3980 άφιλανθρῶπου

265 4000 500 4068 γνώμης
541 4001 856 4053 ἁπαιτείται
886 4014 900 4028 ⁶
937 4002 1160 4072 καὶτῆς
1199 4001 1480 4073 μακαρίας
1510 4001 1725 4072 ἐκείνης
1768 4003 1857 4055 εὑ-

264 4092 548 4162 φροσύνης
601 4095 696 4144 καὶ
751 4093 1111 4156 ἀναπαύσεως
1149 4094 1396 4164 γλίχεται
1439 4095 1560 4164 μὲν,
1587 4096 1853 4166 ἀπείργε-

260 4201 361 4237 ται
385 4183 463 4250 δὲ,
499 4185 596 4237 καὶ
630 4183 888 4254 φλέγεται
929 4186 1027 4255 μὲν
1059 4185 1158 4256 τὴν
1184 4187 1458 4253 γλῶσσαν,
1489 4188 1743 4242 όδυνᾶται
1793 4187 1851 4242 δὲ

261 4277 477 4345 πικρὰς
507 4277 699 4342 ὀδύνας
725 4295 740 4309 ·
774 4278 868 4331 καὶ
916 4282 1040 4331 τότε
1072 4281 1168 4348 τῆς
1199 4281 1488 4350 παροινίας
1543 4278 1732 4352 οὔσης,
1765 4283 1849 4336 ὅτι

263 4369 351 4438 μὴ
401 4369 671 4439 μετέδωκε
708 4371 784 4442 τῷ
815 4370 1048 4441 ὁμοφυεῖ
1099 4372 1466 4442 συμπαθείας,
1501 4373 1615 4426 ἀλλ’
1647 4376 1746 4446 οὐχ
1767 4376 1850 4428 ὅτι

258 4460 469 4530 χλεύην
499 4464 824 4531 ἐπήνεγκεν,
859 4464 891 4534 ἢ
927 4465 1226 4535 δυσφημῶν
1260 4463 1414 4536 ῶφθη
1446 4483 1459 4496 ·
1497 4467 1616 4532 πῶς
1658 4470 1756 4522 ούκ
1782 4467 1848 4521 ἂν

1960 3283 2073 3320 non
2101 3267 2461 3321 revocandam
2507 3267 2837 3321 sententiam
2867 3267 3076 3321 ferent!
3115 3265 3280 3334 quue
3327 3265 3379 3319 in
3414 3266 3533 3336 pri-

1963 3359 2068 3412 mis
2100 3368 2250 3423 tunc,
2279 3359 2367 3413 ubi
2403 3360 2703 3414 secundum
2733 3359 3044 3428 parabolam
3072 3359 3141 3414 de
3171 3358 3337 3413 divite
3361 3359 3543 3428 prola-

1963 3461 2068 3505 tam
2111 3451 2474 3504 Abrahamum
2507 3452 2562 3504 in
2589 3451 2850 3505 auxilium
2886 3462 3168 3514 vocantes,
3205 3468 3352 3516 eunt,
3377 3466 3541 3520 quem

1960 3554 2120 3598 antea
2154 3543 2395 3598 ludibrio
2433 3541 2786 3608 habuerunt,
2846 3544 2995 3598 nulla
3052 3543 3135 3597 sui
3186 3543 3540 3597 miseratione

1963 3646 2167 3691 tactum
2193 3635 2494 3690 invenient.
2530 3635 2586 3688 Si
2616 3634 2762 3688 enim
2797 3633 2963 3688 homo
3005 3634 3059 3687 in
3086 3634 3350 3687 Lazarum
3394 3635 3542 3702 inju-

1960 3728 2074 3782 rius
2105 3727 2173 3782 ab
2202 3727 2496 3781 Abrahami
2521 3726 2643 3780 sinu
2670 3741 2768 3795 per
2799 3724 3146 3779 tremendum
3190 3723 3394 3777 hiatum
3444 3739 3540 3776 ex-

1959 3819 2218 3882 cluditur,
2253 3827 2308 3873 et
2360 3819 2484 3889 igne
2516 3833 2797 3889 nunquam
2837 3816 3076 3870 finiendo
3122 3814 3541 3868 inhumanitatis

1959 3927 2073 3966 suae
2106 3927 2320 3980 pwnam
2353 3911 2474 3974 luit,
2504 3927 2568 3964 ac
2587 3921 2805 3965 aeterna:
2833 3909 2976 3961 illius
3009 3907 3279 3962 beatitatis
3304 3916 3358 3961 et
3386 3907 3542 3977 quie-

1960 4003 2029 4057 tis
2068 4002 2339 4056 desiderio
2364 4003 2577 4071 capitur
2609 4002 2852 4071 quidem,
2889 4001 2983 4055 sed
3024 4014 3136 4052 non
3173 4000 3408 4066 potitur;
3436 3997 3538 4050 lin-

1957 4111 2170 4166 guaque
2236 4095 2462 4165 insuper
2527 4095 2746 4160 uritur,
2799 4102 2854 4148 et.
2923 4093 3307 4147 acerbissimos
3370 4091 3539 4145 sentit

1956 4184 2212 4249 dolores,
2281 4187 2350 4240 ob
2395 4200 2516 4239 eam
2571 4194 2777 4239 tantum
2824 4185 3204 4250 insolentiam,
3257 4185 3534 4254 quodnon

1957 4277 2213 4332 misertus
2268 4285 2352 4331 est
2404 4277 2643 4332 hominis
2686 4277 2790 4332 sibi
2847 4278 3084 4343 sin'iilis,
3149 4293 3260 4331 non
3312 4287 3532 4342 autem,

1952 4369 2099 4438 quod
2157 4368 2392 4423 ludibrio
2456 4377 2551 4423 aut
2617 4368 2882 4424 conviciis
2964 4369 3181 4434 all‘ecit,
3261 4372 3534 4441 quomodo

1952 4477 2063 4515 non
2117 4461 2276 4532 longe
2333 4461 2551 4532 gravius
2611 4461 2830 4515 illorum
2894 4477 2955 4515 os
3003 4471 3058 4516 ct
3122 4463 3299 4532 lingua
3336 4463 3532 4516 etvis-

258 4530 691 4616 πολλαπλασίως
739 4530 1144 4625 καταφλεχθείη
1195 4557 1290 4608 καὶ
1316 4530 1606 4627 ἐιδ-στόμα
1662 4559 1758 4611 καὶ
1813 4559 1845 4629 ή

1954 4567 2080 4606 cera
2107 4554 2291 4606 omnia
2324 4562 2575 4616 urentur,
2610 4554 2701 4620 qui
2734 4554 2787 4606 in
2831 4554 3202 4608 Abrahamutn
3234 4570 3292 4608 se
3318 4565 3426 4608 tam
3452 4556 3534 4608 in-

258 4642 518 4711 γλῶσσα,
542 4645 635 4696 καὶ
676 4643 745 4696 τὰ
773 4645 1061 4715 σπλάγχνα
1094 4647 1292 4711 πάντα,
1312 4647 1418 4699 τῶν
1449 4648 1706 4720 τοιαύτην
1757 4666 1852 4704 xu-

257 4737 577 4806 ταχεόντων
636 4738 923 4809 παροινίαν
966 4739 1060 4792 τοῦ
1128 4734 1398 4811 Ἀϐραὰμ,
1436 4742 1530 4795 καὶ
1579 4742 1648 4795 δι’
1684 4743 1850 4797 αὑτοῦ

261 4831 412 4901 πρὶς
446 4829 539 4882 τὸν
566 4831 744 4882 κοινὸν
780 4831 1058 4900 Δεσπότην
1086 4833 1182 4884 καὶ
1211 4833 1560 4904 Δημιουργὸν
1590 4834 1690 4906 τὴν
1727 4835 1851 4890 θεο-

263 4920 478 4991 μαχίαν
529 4921 1046 4994 παραπεμπόντων;
1079 4925 1153 4976 Σὺ
1202 4923 1259 4978 δέ
1313 4943 1412 4995 μοι
1451 4925 1687 4982 συνέπου
1737 4932 1852 4994 τοῖς

257 5014 470 5082 ἐφεξῆς
503 5016 600 5066 κα)⁸
626 5016 1040 5069 συνεπισκόπει.

342 5111 417 5160 Δ’.
463 5107 525 5160 '0
550 5108 741 5180 Σωτὴρ
773 5111 831 5162 ἐν
870 5113 982 5173 τοῖς
1014 5112 1368 5180 Εὑαγγελίοις
1394 5114 1454 5166 τὸ
1472 5114 1853 5184 μεγαλαύχοῦν

257 5200 381 5253 τῶν
410 5200 681 5253 Ἰουδαίων
706 5201 796 5252 καὶ
818 5203 1101 5270 μιαιφόνον
1120 5203 1215 5256 καὶ
1235 5205 1462 5258 ἄπιστον
1500 5205 1853 5276 στηλιτεύων,

258 5294 366 5344 καὶ
418 5291 672 5357 ἀναξίους
715 5293 915 5362 κρίνων
953 5295 1115 5362 γονῆς
1164 5295 1264 5364 τῆς
1324 5295 1708 5366 Ἀϐραμιαίας,
1754 5299 1856 5351 κᾶν

257 5382 485 5436 ἐκεῖθεν
539 5384 724 5445 αὐτοῖς
777 5383 969 5456 κατῄει
1017 5385 1078 5438 τὺ
1128 5385 1314 5455 φῦναι,
1381 5391 1451 5442 El
1488 5389 1673 5445 τέκνα
1721 5388 1848 5461 ἦτε,

259 5474 430 5544 φησὶ,
477 5473 585 5527 τοῦ
658 5475 936 5544 Ἀϐραὰμ,
995 5475 1246 5531 ἐποιεῖτε
1289 5477 1367 5531 ἂν
1415 5480 1488 5533 τὰ
1547 5481 1691 5551 ἔργα
1742 5482 1849 5536 τοῦ

339 5571 387 5605 ³³
417 5570 580 5626 Joan.
636 5589 758 5636 vm,
816 5572 905 5626 59.

340 5784 459 5858 (ἐξ)
492 5783 611 5852 Μή.
639 5785 720 5858 _Ita
749 5799 850 5838 ms.
882 5782 1272 5858 llalimrlegere
1303 5787 1420 5858 μέν.

1949 4641 2189 4696 solentes
2227 4643 2602 4710 przestiterint,
2637 4653 2692 4697 et
2715 4659 2814 4714 per
2846 4645 2966 4714 eius
3016 4645 3154 4698 latus
3182 4660 3527 4699 communem

1951 4730 2238 4785 Dominum
2269 4742 2324 4787 et
2344 4735 2682 4789 conditorem
2739 4735 2915 4790 instar
2957 4736 3198 4790 hostium
3249 4752 3530 4806 oppugna-

1951 4824 2098 4879 rint?
2129 4823 2211 4878 Tu
2242 4841 2372 4881 vero
2404 4836 2460 4881 et
2487 4827 2694 4896 reliqua
2725 4843 2940 4884 mecum
2993 4829 3276 4884 considera
3310 4845 3373 4885 ac
3402 4847 3524 4903 per-

1950 4919 2152 4988 pende.

2021 5123 2112 5180 lV.
2147 5125 2405 5182 Servator
2427 5129 2814 5200 arrogantiam,
2862 5130 3156 5188 homicidia
3191 5143 3247 5189 et
3279 5135 3534 5191 incredu-

1953 5217 2159 5272 litatem
2189 5216 2503 5275 Judaeorum
2551 5221 2606 5274 in
2658 5220 2965 5292 Evangeliis
2987 5211 3297 5295 castigans;
3330 5242 3532 5298 eosque

1954 5309 2126 5377 stirpe
2161 5309 2478 5374 Abrahami,
2507 5312 2757 5380 quamvis
2774 5314 2900 5368 hinc
2916 5315 3018 5368 orti
3047 5327 3250 5381 essent,
3287 5318 3534 5389 indignos

1922 5457 1924 5465 ι
1952 5398 2228 5469 judicans,
2261 5398 2320 5454 Si
2351 5401 2472 5469 ﬁlii,
2506 5403 2703 5471 inquit,
2751 5404 3044 5458 Abrahami
3075 5409 3268 5464 essetis.
3296 5409 3536 5462 Abraha-

1960 5490 2032 5542 mi
2080 5505 2237 5559 opera
2256 5493 2509 5562 faceretis.
2537 5493 2601 5549 ".
2646 5493 2801 5550 Tunc
2839 5511 2940 5552 nec
2968 5497 3055 5552 hic
3093 5498 3417 5564 subsistens,
3441 5499 3536 5555 sed

1377 5693 2042 5804 VARUE‘LECTIONES
2094 5702 2178 5756 ET
2229 5703 2462 5762 ΝΟΤᾸΕ.

341 5855 458 5925 alii)
488 5855 901 5922 Εὑρήσουσιν.
941 5855 1032 5910 Sic
1071 5855 1189 5926 lego
1226 5855 1326 5926 pro
1360 5859 1665 5930 εὑρίσουσιν
1695 5863 1844 5932 quod

1954 5872 1996 5918 at
2031 5863 2084 5916 iu
2116 5877 2222 5918 ms.
