  <div class='ocr_page' id='page_1' title='image "/cluster/home/n/w/nwhite01/storage/ocr_20150623/102/hvd.32044012543948/071.png"; bbox 0 0 4110 6414; ppageno 0'>
   <div class='ocr_carea' id='block_1_1' title="bbox 614 324 709 391">
    <p class='ocr_par' dir='ltr' id='par_1_1' title="bbox 614 324 709 391">
     <span class='ocr_line' id='line_1_1' title="bbox 614 324 709 391; baseline -0.011 0"><span class='ocrx_word' id='word_1_1' title='bbox 614 324 709 391; x_wconf 82' lang='grc'><strong>131</strong></span> 
     </span>
    </p>
   </div>
   <div class='ocr_carea' id='block_1_2' title="bbox 1726 323 3863 391">
    <p class='ocr_par' dir='ltr' id='par_1_2' title="bbox 1726 323 3863 391">
     <span class='ocr_line' id='line_1_2' title="bbox 1726 323 3863 391; baseline -0.005 -4"><span class='ocrx_word' id='word_1_2' title='bbox 1726 324 1992 387; x_wconf 85' lang='grc' dir='ltr'><strong>ΡΗΟΤΙΙ</strong></span> <span class='ocrx_word' id='word_1_3' title='bbox 2031 323 2540 387; x_wconf 66' lang='grc' dir='ltr'><strong>ΡΑΤΒΙΑΒΟΗΕ</strong></span> <span class='ocrx_word' id='word_1_4' title='bbox 2592 324 2703 384; x_wconf 74' lang='grc' dir='ltr'><strong>(ΣΡ.</strong></span> <span class='ocrx_word' id='word_1_5' title='bbox 3773 327 3863 391; x_wconf 78' lang='lat'><strong>132</strong></span> 
     </span>
    </p>
   </div>
   <div class='ocr_carea' id='block_1_3' title="bbox 606 430 2185 505">
    <p class='ocr_par' dir='ltr' id='par_1_3' title="bbox 606 431 2185 505">
     <span class='ocr_line' id='line_1_3' title="bbox 606 431 2185 505; baseline -0.003 -16"><span class='ocrx_word' id='word_1_6' title='bbox 606 434 838 490; x_wconf 86' lang='lat' dir='ltr'><strong>ulterius</strong></span> <span class='ocrx_word' id='word_1_7' title='bbox 861 433 1215 505; x_wconf 79' lang='lat' dir='ltr'><strong>progrediens</strong></span> <span class='ocrx_word' id='word_1_8' title='bbox 1238 433 1293 488; x_wconf 90' lang='lat' dir='ltr'><strong>in</strong></span> <span class='ocrx_word' id='word_1_9' title='bbox 1330 432 1705 505; x_wconf 91' lang='lat' dir='ltr'><strong>triumphante</strong></span> <span class='ocrx_word' id='word_1_10' title='bbox 1732 433 1800 489; x_wconf 83' lang='lat' dir='ltr'><strong>de</strong></span> <span class='ocrx_word' id='word_1_11' title='bbox 1831 434 1899 488; x_wconf 90' lang='lat' dir='ltr'><strong>iis</strong></span> <span class='ocrx_word' id='word_1_12' title='bbox 1931 431 2185 487; x_wconf 81' lang='lat' dir='ltr'><strong>confuta-</strong></span> 
     </span>
    </p>
   </div>
   <div class='ocr_carea' id='block_1_4' title="bbox 2284 430 3861 505">
    <p class='ocr_par' dir='ltr' id='par_1_4' title="bbox 2303 430 3861 505">
     <span class='ocr_line' id='line_1_4' title="bbox 2303 430 3861 505; baseline 0.005 -21"><span class='ocrx_word' id='word_1_13' title='bbox 2303 430 2573 499; x_wconf 80' lang='grc' dir='ltr'>Ἀϐραάμ.</span> <span class='ocrx_word' id='word_1_14' title='bbox 2611 431 2721 485; x_wconf 77' lang='grc' dir='ltr'><strong>Καὶ</strong></span> <span class='ocrx_word' id='word_1_15' title='bbox 2772 432 2800 485; x_wconf 87' lang='grc' dir='ltr'><strong>ό</strong></span> <span class='ocrx_word' id='word_1_16' title='bbox 2842 430 3112 503; x_wconf 83' lang='grc' dir='ltr'>θρίαμϐος</span> <span class='ocrx_word' id='word_1_17' title='bbox 3132 432 3195 486; x_wconf 93' lang='grc' dir='ltr'><strong>οὑ</strong></span> <span class='ocrx_word' id='word_1_18' title='bbox 3229 435 3394 505; x_wconf 84' lang='grc' dir='ltr'>μέχρι</span> <span class='ocrx_word' id='word_1_19' title='bbox 3450 434 3678 501; x_wconf 87' lang='grc' dir='ltr'>τούτων,</span> <span class='ocrx_word' id='word_1_20' title='bbox 3734 439 3861 492; x_wconf 76' lang='grc' dir='ltr'>ἀλλὰ</span> 
     </span>
    </p>
   </div>
   <div class='ocr_carea' id='block_1_5' title="bbox 606 526 2189 597">
    <p class='ocr_par' dir='ltr' id='par_1_5' title="bbox 606 526 2189 597">
     <span class='ocr_line' id='line_1_5' title="bbox 606 526 2189 597; baseline -0.003 -15"><span class='ocrx_word' id='word_1_21' title='bbox 606 529 775 590; x_wconf 83' lang='lat' dir='ltr'><strong>tione,</strong></span> <span class='ocrx_word' id='word_1_22' title='bbox 804 527 1084 597; x_wconf 82' lang='lat' dir='ltr'><strong>subjungit</strong></span> <span class='ocrx_word' id='word_1_23' title='bbox 1121 546 1134 582; x_wconf 90' lang='lat'><strong>:</strong></span> <span class='ocrx_word' id='word_1_24' title='bbox 1170 526 1290 580; x_wconf 85' lang='lat' dir='ltr'><strong>Non</strong></span> <span class='ocrx_word' id='word_1_25' title='bbox 1335 529 1460 580; x_wconf 73' lang='lat' dir='ltr'><strong>esti:</strong></span> <span class='ocrx_word' id='word_1_26' title='bbox 1506 528 1607 595; x_wconf 83' lang='lat' dir='ltr'><strong>ﬁlii</strong></span> <span class='ocrx_word' id='word_1_27' title='bbox 1652 527 1896 591; x_wconf 72' lang='lat' dir='ltr'><strong>Abrahae,</strong></span> <span class='ocrx_word' id='word_1_28' title='bbox 1950 527 2040 579; x_wconf 73' lang='lat' dir='ltr'><strong>sed</strong></span> <span class='ocrx_word' id='word_1_29' title='bbox 2068 526 2189 579; x_wconf 90' lang='lat' dir='ltr'><strong>dia-</strong></span> 
     </span>
    </p>
   </div>
   <div class='ocr_carea' id='block_1_6' title="bbox 608 615 2189 687">
    <p class='ocr_par' dir='ltr' id='par_1_6' title="bbox 608 615 2189 687">
     <span class='ocr_line' id='line_1_6' title="bbox 608 615 2189 687; baseline -0.001 -16"><span class='ocrx_word' id='word_1_30' title='bbox 608 618 712 671; x_wconf 83' lang='lat' dir='ltr'><strong>boli</strong></span> <span class='ocrx_word' id='word_1_31' title='bbox 740 618 812 671; x_wconf 78' lang='lat'><strong>&quot;.</strong></span> <span class='ocrx_word' id='word_1_32' title='bbox 843 618 921 673; x_wconf 85' lang='lat' dir='ltr'><strong>Ita</strong></span> <span class='ocrx_word' id='word_1_33' title='bbox 940 618 1084 671; x_wconf 90' lang='lat' dir='ltr'><strong>enim</strong></span> <span class='ocrx_word' id='word_1_34' title='bbox 1108 619 1246 672; x_wconf 82' lang='lat' dir='ltr'><strong>ratio</strong></span> <span class='ocrx_word' id='word_1_35' title='bbox 1272 627 1513 673; x_wconf 81' lang='lat' dir='ltr'><strong>statuere</strong></span> <span class='ocrx_word' id='word_1_36' title='bbox 1535 618 1711 684; x_wconf 83' lang='lat' dir='ltr'><strong>jubet,</strong></span> <span class='ocrx_word' id='word_1_37' title='bbox 1738 617 1884 671; x_wconf 89' lang='lat' dir='ltr'><strong>illius</strong></span> <span class='ocrx_word' id='word_1_38' title='bbox 1897 615 2189 687; x_wconf 89' lang='lat' dir='ltr'><strong>quemdam</strong></span> 
     </span>
    </p>
   </div>
   <div class='ocr_carea' id='block_1_7' title="bbox 606 707 2187 781">
    <p class='ocr_par' dir='ltr' id='par_1_7' title="bbox 606 707 2187 781">
     <span class='ocr_line' id='line_1_7' title="bbox 606 707 2187 781; baseline -0.002 -18"><span class='ocrx_word' id='word_1_39' title='bbox 606 719 663 764; x_wconf 90' lang='lat' dir='ltr'><strong>et</strong></span> <span class='ocrx_word' id='word_1_40' title='bbox 695 725 894 763; x_wconf 88' lang='lat' dir='ltr'><strong>nomen</strong></span> <span class='ocrx_word' id='word_1_41' title='bbox 935 719 989 763; x_wconf 87' lang='lat' dir='ltr'><strong>et</strong></span> <span class='ocrx_word' id='word_1_42' title='bbox 1013 726 1184 781; x_wconf 81' lang='lat' dir='ltr'><strong>genus</strong></span> <span class='ocrx_word' id='word_1_43' title='bbox 1208 710 1435 773; x_wconf 83' lang='lat' dir='ltr'><strong>referre,</strong></span> <span class='ocrx_word' id='word_1_44' title='bbox 1479 709 1635 779; x_wconf 86' lang='lat' dir='ltr'><strong>cujus</strong></span> <span class='ocrx_word' id='word_1_45' title='bbox 1668 724 1851 763; x_wconf 83' lang='lat' dir='ltr'><strong>mores</strong></span> <span class='ocrx_word' id='word_1_46' title='bbox 1886 715 1941 762; x_wconf 92' lang='lat' dir='ltr'><strong>et</strong></span> <span class='ocrx_word' id='word_1_47' title='bbox 1970 707 2187 778; x_wconf 80' lang='lat' dir='ltr'><strong>genium</strong></span> 
     </span>
    </p>
   </div>
   <div class='ocr_carea' id='block_1_8' title="bbox 604 799 2189 871">
    <p class='ocr_par' dir='ltr' id='par_1_8' title="bbox 604 799 2189 871">
     <span class='ocr_line' id='line_1_8' title="bbox 604 799 2189 871; baseline 0 -18"><span class='ocrx_word' id='word_1_48' title='bbox 604 800 659 853; x_wconf 92' lang='lat' dir='ltr'><strong>in</strong></span> <span class='ocrx_word' id='word_1_49' title='bbox 696 801 803 854; x_wconf 92' lang='lat' dir='ltr'><strong>vita</strong></span> <span class='ocrx_word' id='word_1_50' title='bbox 835 801 1096 855; x_wconf 83' lang='lat' dir='ltr'><strong>imitando</strong></span> <span class='ocrx_word' id='word_1_51' title='bbox 1129 801 1402 871; x_wconf 80' lang='lat' dir='ltr'><strong>exprimit.</strong></span> <span class='ocrx_word' id='word_1_52' title='bbox 1426 799 1581 865; x_wconf 84' lang='lat' dir='ltr'><strong>Quod</strong></span> <span class='ocrx_word' id='word_1_53' title='bbox 1606 800 1651 854; x_wconf 91' lang='lat' dir='ltr'><strong>si</strong></span> <span class='ocrx_word' id='word_1_54' title='bbox 1681 815 1810 854; x_wconf 89' lang='lat' dir='ltr'><strong>vero</strong></span> <span class='ocrx_word' id='word_1_55' title='bbox 1838 812 1997 855; x_wconf 87' lang='lat' dir='ltr'><strong>vetus</strong></span> <span class='ocrx_word' id='word_1_56' title='bbox 2020 807 2189 854; x_wconf 85' lang='lat' dir='ltr'><strong>testa-</strong></span> 
     </span>
    </p>
   </div>
   <div class='ocr_carea' id='block_1_9' title="bbox 613 890 2189 961">
    <p class='ocr_par' dir='ltr' id='par_1_9' title="bbox 613 890 2189 961">
     <span class='ocr_line' id='line_1_9' title="bbox 613 890 2189 961; baseline -0.001 -16"><span class='ocrx_word' id='word_1_57' title='bbox 613 900 863 945; x_wconf 86' lang='lat' dir='ltr'><strong>mentum</strong></span> <span class='ocrx_word' id='word_1_58' title='bbox 887 891 1035 955; x_wconf 88' lang='lat' dir='ltr'><strong>mali,</strong></span> <span class='ocrx_word' id='word_1_59' title='bbox 1067 907 1165 945; x_wconf 87' lang='lat' dir='ltr'><strong>ceu</strong></span> <span class='ocrx_word' id='word_1_60' title='bbox 1195 892 1377 960; x_wconf 90' lang='lat' dir='ltr'><strong>inepte</strong></span> <span class='ocrx_word' id='word_1_61' title='bbox 1408 891 1648 955; x_wconf 87' lang='lat' dir='ltr'><strong>tradunt,</strong></span> <span class='ocrx_word' id='word_1_62' title='bbox 1682 890 1933 961; x_wconf 87' lang='lat' dir='ltr'><strong>principii</strong></span> <span class='ocrx_word' id='word_1_63' title='bbox 1953 901 2117 954; x_wconf 90' lang='lat' dir='ltr'><strong>esset,</strong></span> <span class='ocrx_word' id='word_1_64' title='bbox 2133 898 2189 944; x_wconf 91' lang='lat' dir='ltr'><strong>et</strong></span> 
     </span>
    </p>
   </div>
   <div class='ocr_carea' id='block_1_10' title="bbox 605 981 2186 1053">
    <p class='ocr_par' dir='ltr' id='par_1_10' title="bbox 605 981 2186 1053">
     <span class='ocr_line' id='line_1_10' title="bbox 605 981 2186 1053; baseline -0.001 -17"><span class='ocrx_word' id='word_1_65' title='bbox 605 984 878 1037; x_wconf 83' lang='lat' dir='ltr'><strong>Abraham</strong></span> <span class='ocrx_word' id='word_1_66' title='bbox 910 984 976 1037; x_wconf 91' lang='lat' dir='ltr'><strong>ad</strong></span> <span class='ocrx_word' id='word_1_67' title='bbox 1004 983 1135 1037; x_wconf 90' lang='lat' dir='ltr'><strong>illud</strong></span> <span class='ocrx_word' id='word_1_68' title='bbox 1171 984 1490 1053; x_wconf 83' lang='lat' dir='ltr'><strong>pertineret,</strong></span> <span class='ocrx_word' id='word_1_69' title='bbox 1530 983 1821 1037; x_wconf 90' lang='lat' dir='ltr'><strong>dicendum</strong></span> <span class='ocrx_word' id='word_1_70' title='bbox 1849 982 2059 1045; x_wconf 79' lang='lat' dir='ltr'><strong>fuisset.</strong></span> <span class='ocrx_word' id='word_1_71' title='bbox 2095 981 2186 1035; x_wconf 82' lang='lat' dir='ltr'><strong>ﬁlii</strong></span> 
     </span>
    </p>
   </div>
   <div class='ocr_carea' id='block_1_11' title="bbox 605 1072 2185 1143">
    <p class='ocr_par' dir='ltr' id='par_1_11' title="bbox 605 1072 2185 1143">
     <span class='ocr_line' id='line_1_11' title="bbox 605 1072 2185 1143; baseline -0.002 -15"><span class='ocrx_word' id='word_1_72' title='bbox 605 1075 738 1128; x_wconf 82' lang='lat' dir='ltr'><strong>estis</strong></span> <span class='ocrx_word' id='word_1_73' title='bbox 762 1075 1055 1129; x_wconf 84' lang='lat' dir='ltr'><strong>Abrahami</strong></span> <span class='ocrx_word' id='word_1_74' title='bbox 1099 1084 1154 1128; x_wconf 90' lang='lat' dir='ltr'><strong>et</strong></span> <span class='ocrx_word' id='word_1_75' title='bbox 1201 1074 1294 1127; x_wconf 86' lang='lat' dir='ltr'><strong>ﬁlii</strong></span> <span class='ocrx_word' id='word_1_76' title='bbox 1321 1074 1560 1139; x_wconf 89' lang='lat' dir='ltr'><strong>diaboli;</strong></span> <span class='ocrx_word' id='word_1_77' title='bbox 1616 1089 1683 1128; x_wconf 81' lang='lat' dir='ltr'><strong>ex</strong></span> <span class='ocrx_word' id='word_1_78' title='bbox 1735 1083 1968 1143; x_wconf 91' lang='lat' dir='ltr'><strong>utroque</strong></span> <span class='ocrx_word' id='word_1_79' title='bbox 2017 1072 2185 1138; x_wconf 90' lang='lat' dir='ltr'><strong>enim,</strong></span> 
     </span>
    </p>
   </div>
   <div class='ocr_carea' id='block_1_12' title="bbox 604 1164 2185 1236">
    <p class='ocr_par' dir='ltr' id='par_1_12' title="bbox 604 1164 2185 1236">
     <span class='ocr_line' id='line_1_12' title="bbox 604 1164 2185 1236; baseline -0.002 -16"><span class='ocrx_word' id='word_1_80' title='bbox 604 1166 750 1236; x_wconf 90' lang='lat' dir='ltr'><strong>quod</strong></span> <span class='ocrx_word' id='word_1_81' title='bbox 775 1176 834 1220; x_wconf 90' lang='lat' dir='ltr'><strong>ut</strong></span> <span class='ocrx_word' id='word_1_82' title='bbox 862 1166 1003 1220; x_wconf 87' lang='lat' dir='ltr'><strong>Deus</strong></span> <span class='ocrx_word' id='word_1_83' title='bbox 1030 1166 1175 1231; x_wconf 91' lang='lat' dir='ltr'><strong>odio,</strong></span> <span class='ocrx_word' id='word_1_84' title='bbox 1223 1166 1297 1221; x_wconf 86' lang='lat' dir='ltr'><strong>ita</strong></span> <span class='ocrx_word' id='word_1_85' title='bbox 1357 1180 1545 1220; x_wconf 88' lang='lat' dir='ltr'><strong>amore</strong></span> <span class='ocrx_word' id='word_1_86' title='bbox 1604 1164 1776 1219; x_wconf 89' lang='lat' dir='ltr'><strong>hostis</strong></span> <span class='ocrx_word' id='word_1_87' title='bbox 1816 1164 2185 1234; x_wconf 87' lang='lat' dir='ltr'><strong>prosequitur,</strong></span> 
     </span>
    </p>
   </div>
   <div class='ocr_carea' id='block_1_13' title="bbox 601 1254 2189 1327">
    <p class='ocr_par' dir='ltr' id='par_1_13' title="bbox 601 1254 2189 1327">
     <span class='ocr_line' id='line_1_13' title="bbox 601 1254 2189 1327; baseline -0.002 -15"><span class='ocrx_word' id='word_1_88' title='bbox 601 1257 1082 1327; x_wconf 66' lang='lat' dir='ltr'><strong>Judaaiutrumqne</strong></span> <span class='ocrx_word' id='word_1_89' title='bbox 1115 1258 1364 1311; x_wconf 90' lang='lat' dir='ltr'><strong>colentes</strong></span> <span class='ocrx_word' id='word_1_90' title='bbox 1385 1256 1714 1327; x_wconf 86' lang='lat' dir='ltr'><strong>reprehendi</strong></span> <span class='ocrx_word' id='word_1_91' title='bbox 1738 1265 2008 1327; x_wconf 87' lang='lat' dir='ltr'><strong>poterant.</strong></span> <span class='ocrx_word' id='word_1_92' title='bbox 2043 1254 2189 1322; x_wconf 86' lang='lat' dir='ltr'><strong>Quo-</strong></span> 
     </span>
    </p>
   </div>
   <div class='ocr_carea' id='block_1_14' title="bbox 602 1346 2186 1418">
    <p class='ocr_par' dir='ltr' id='par_1_14' title="bbox 602 1346 2186 1418">
     <span class='ocr_line' id='line_1_14' title="bbox 602 1346 2186 1418; baseline -0.002 -14"><span class='ocrx_word' id='word_1_93' title='bbox 602 1350 762 1405; x_wconf 89' lang='lat' dir='ltr'><strong>modo</strong></span> <span class='ocrx_word' id='word_1_94' title='bbox 796 1366 925 1405; x_wconf 85' lang='lat' dir='ltr'><strong>vero</strong></span> <span class='ocrx_word' id='word_1_95' title='bbox 949 1350 1075 1403; x_wconf 89' lang='lat' dir='ltr'><strong>alibi</strong></span> <span class='ocrx_word' id='word_1_96' title='bbox 1110 1349 1305 1403; x_wconf 87' lang='lat' dir='ltr'><strong>iterum</strong></span> <span class='ocrx_word' id='word_1_97' title='bbox 1330 1349 1588 1403; x_wconf 83' lang='lat' dir='ltr'><strong>Servator</strong></span> <span class='ocrx_word' id='word_1_98' title='bbox 1610 1349 1734 1415; x_wconf 89' lang='lat' dir='ltr'><strong>illis,</strong></span> <span class='ocrx_word' id='word_1_99' title='bbox 1766 1348 1859 1418; x_wconf 88' lang='lat' dir='ltr'><strong>qui</strong></span> <span class='ocrx_word' id='word_1_100' title='bbox 1893 1346 2186 1403; x_wconf 88' lang='lat' dir='ltr'><strong>Abrahami</strong></span> 
     </span>
    </p>
   </div>
   <div class='ocr_carea' id='block_1_15' title="bbox 601 1439 2184 1511">
    <p class='ocr_par' dir='ltr' id='par_1_15' title="bbox 601 1439 2184 1511">
     <span class='ocr_line' id='line_1_15' title="bbox 601 1439 2184 1511; baseline 0 -17"><span class='ocrx_word' id='word_1_101' title='bbox 601 1440 728 1504; x_wconf 90' lang='lat' dir='ltr'><strong>sint,</strong></span> <span class='ocrx_word' id='word_1_102' title='bbox 752 1456 980 1511; x_wconf 84' lang='lat' dir='ltr'><strong>regnum</strong></span> <span class='ocrx_word' id='word_1_103' title='bbox 1002 1440 1264 1494; x_wconf 66' lang='lat' dir='ltr'><strong>malorum</strong></span> <span class='ocrx_word' id='word_1_104' title='bbox 1324 1439 1662 1494; x_wconf 77' lang='lat' dir='ltr'><strong>hzereditatis</strong></span> <span class='ocrx_word' id='word_1_105' title='bbox 1690 1441 1861 1494; x_wconf 91' lang='lat' dir='ltr'><strong>instar</strong></span> <span class='ocrx_word' id='word_1_106' title='bbox 1886 1440 2184 1508; x_wconf 84' lang='lat' dir='ltr'><strong>adjudieat,</strong></span> 
     </span>
    </p>
   </div>
   <div class='ocr_carea' id='block_1_16' title="bbox 601 1529 2188 1601">
    <p class='ocr_par' dir='ltr' id='par_1_16' title="bbox 601 1529 2188 1601">
     <span class='ocr_line' id='line_1_16' title="bbox 601 1529 2188 1601; baseline -0.001 -17"><span class='ocrx_word' id='word_1_107' title='bbox 601 1530 817 1598; x_wconf 86' lang='lat' dir='ltr'><strong>illisque</strong></span> <span class='ocrx_word' id='word_1_108' title='bbox 846 1530 1028 1601; x_wconf 81' lang='lat' dir='ltr'><strong>jungit</strong></span> <span class='ocrx_word' id='word_1_109' title='bbox 1055 1546 1149 1583; x_wconf 83' lang='lat' dir='ltr'><strong>eos</strong></span> <span class='ocrx_word' id='word_1_110' title='bbox 1178 1529 1269 1599; x_wconf 91' lang='lat' dir='ltr'><strong>qui</strong></span> <span class='ocrx_word' id='word_1_111' title='bbox 1302 1545 1360 1583; x_wconf 92' lang='lat' dir='ltr'><strong>se</strong></span> <span class='ocrx_word' id='word_1_112' title='bbox 1390 1545 1454 1583; x_wconf 79' lang='lat' dir='ltr'><strong>ex</strong></span> <span class='ocrx_word' id='word_1_113' title='bbox 1484 1538 1596 1583; x_wconf 94' lang='lat' dir='ltr'><strong>toto</strong></span> <span class='ocrx_word' id='word_1_114' title='bbox 1613 1532 1775 1583; x_wconf 85' lang='lat' dir='ltr'><strong>corde</strong></span> <span class='ocrx_word' id='word_1_115' title='bbox 1791 1530 2188 1600; x_wconf 78' lang='lat' dir='ltr'><strong>etsineexcep—</strong></span> 
     </span>
    </p>
   </div>
   <div class='ocr_carea' id='block_1_17' title="bbox 601 1622 2187 1693">
    <p class='ocr_par' dir='ltr' id='par_1_17' title="bbox 601 1622 2187 1693">
     <span class='ocr_line' id='line_1_17' title="bbox 601 1622 2187 1693; baseline 0.001 -18"><span class='ocrx_word' id='word_1_116' title='bbox 601 1622 750 1675; x_wconf 85' lang='lat' dir='ltr'><strong>tione</strong></span> <span class='ocrx_word' id='word_1_117' title='bbox 769 1631 1162 1690; x_wconf 58' lang='lat' dir='ltr'><strong>praceptorum</strong></span> <span class='ocrx_word' id='word_1_118' title='bbox 1188 1622 1465 1675; x_wconf 88' lang='lat' dir='ltr'><strong>studiosos</strong></span> <span class='ocrx_word' id='word_1_119' title='bbox 1478 1622 1851 1691; x_wconf 68' lang='lat' dir='ltr'><strong>praestiterint,</strong></span> <span class='ocrx_word' id='word_1_120' title='bbox 1880 1635 2187 1693; x_wconf 88' lang='lat' dir='ltr'><strong>purumque</strong></span> 
     </span>
    </p>
   </div>
   <div class='ocr_carea' id='block_1_18' title="bbox 600 1712 2185 1774">
    <p class='ocr_par' dir='ltr' id='par_1_18' title="bbox 600 1712 2185 1774">
     <span class='ocr_line' id='line_1_18' title="bbox 600 1712 2185 1774; baseline 0.001 -7"><span class='ocrx_word' id='word_1_121' title='bbox 600 1714 806 1767; x_wconf 90' lang='lat' dir='ltr'><strong>cultum</strong></span> <span class='ocrx_word' id='word_1_122' title='bbox 834 1713 1205 1774; x_wconf 83' lang='lat' dir='ltr'><strong>exhibueriut,</strong></span> <span class='ocrx_word' id='word_1_123' title='bbox 1238 1712 1374 1767; x_wconf 88' lang='lat' dir='ltr'><strong>adeo</strong></span> <span class='ocrx_word' id='word_1_124' title='bbox 1420 1722 1480 1767; x_wconf 91' lang='lat' dir='ltr'><strong>ut</strong></span> <span class='ocrx_word' id='word_1_125' title='bbox 1509 1714 1818 1768; x_wconf 88' lang='lat' dir='ltr'><strong>convictum</strong></span> <span class='ocrx_word' id='word_1_126' title='bbox 1850 1729 1975 1768; x_wconf 88' lang='lat' dir='ltr'><strong>cum</strong></span> <span class='ocrx_word' id='word_1_127' title='bbox 2003 1714 2110 1768; x_wconf 87' lang='lat' dir='ltr'><strong>illis</strong></span> <span class='ocrx_word' id='word_1_128' title='bbox 2131 1714 2185 1768; x_wconf 90' lang='lat' dir='ltr'><strong>in</strong></span> 
     </span>
    </p>
   </div>
   <div class='ocr_carea' id='block_1_19' title="bbox 2292 523 3856 597">
    <p class='ocr_par' dir='ltr' id='par_1_19' title="bbox 2292 523 3856 597">
     <span class='ocr_line' id='line_1_19' title="bbox 2292 523 3856 597; baseline 0.006 -22"><span class='ocrx_word' id='word_1_129' title='bbox 2292 524 2385 576; x_wconf 80' lang='grc' dir='ltr'><strong>καὶ</strong></span> <span class='ocrx_word' id='word_1_130' title='bbox 2410 524 2763 594; x_wconf 86' lang='grc' dir='ltr'>σφοδρότερον</span> <span class='ocrx_word' id='word_1_131' title='bbox 2787 523 2965 577; x_wconf 85' lang='grc' dir='ltr'>αὐτῶν</span> <span class='ocrx_word' id='word_1_132' title='bbox 2990 526 3403 596; x_wconf 82' lang='grc' dir='ltr'><strong>καθαπτόμενος</strong></span> <span class='ocrx_word' id='word_1_133' title='bbox 3424 527 3642 597; x_wconf 79' lang='grc' dir='ltr'><strong>ἐπάγει,</strong></span> <span class='ocrx_word' id='word_1_134' title='bbox 3660 530 3827 596; x_wconf 86' lang='grc' dir='ltr'>λέγων</span> <span class='ocrx_word' id='word_1_135' title='bbox 3843 550 3856 564; x_wconf 87' lang='grc'><strong>·</strong></span> 
     </span>
    </p>
   </div>
   <div class='ocr_carea' id='block_1_20' title="bbox 2286 617 3859 691">
    <p class='ocr_par' dir='ltr' id='par_1_20' title="bbox 2286 617 3859 691">
     <span class='ocr_line' id='line_1_20' title="bbox 2286 617 3859 691; baseline 0.008 -23"><span class='ocrx_word' id='word_1_136' title='bbox 2286 618 2409 669; x_wconf 83' lang='grc' dir='ltr'><strong>Οὐκ</strong></span> <span class='ocrx_word' id='word_1_137' title='bbox 2442 617 2583 670; x_wconf 81' lang='grc' dir='ltr'>ἐστὲ</span> <span class='ocrx_word' id='word_1_138' title='bbox 2602 618 2785 672; x_wconf 79' lang='grc' dir='ltr'>τέκνα</span> <span class='ocrx_word' id='word_1_139' title='bbox 2807 618 2914 673; x_wconf 87' lang='grc' dir='ltr'>τοῦ</span> <span class='ocrx_word' id='word_1_140' title='bbox 2958 620 3224 691; x_wconf 78' lang='grc' dir='ltr'>Ἀϐραὰμ,</span> <span class='ocrx_word' id='word_1_141' title='bbox 3251 622 3412 675; x_wconf 74' lang='grc' dir='ltr'>ἀλλὰ</span> <span class='ocrx_word' id='word_1_142' title='bbox 3442 623 3549 677; x_wconf 84' lang='grc' dir='ltr'>τοῦ</span> <span class='ocrx_word' id='word_1_143' title='bbox 3588 623 3859 681; x_wconf 76' lang='grc' dir='ltr'>διαϐόλου</span> 
     </span>
    </p>
   </div>
   <div class='ocr_carea' id='block_1_21' title="bbox 2287 710 3861 789">
    <p class='ocr_par' dir='ltr' id='par_1_21' title="bbox 2287 710 3861 789">
     <span class='ocr_line' id='line_1_21' title="bbox 2287 710 3861 789; baseline 0.006 -26"><span class='ocrx_word' id='word_1_144' title='bbox 2287 710 2449 765; x_wconf 78' lang='grc' dir='ltr'>ἐστέ.</span> <span class='ocrx_word' id='word_1_145' title='bbox 2476 711 2617 765; x_wconf 79' lang='grc' dir='ltr'>Πολὺ</span> <span class='ocrx_word' id='word_1_146' title='bbox 2648 711 2758 782; x_wconf 80' lang='grc' dir='ltr'>γὰρ</span> <span class='ocrx_word' id='word_1_147' title='bbox 2790 713 2822 783; x_wconf 88' lang='grc' dir='ltr'>ή</span> <span class='ocrx_word' id='word_1_148' title='bbox 2849 711 3043 785; x_wconf 82' lang='grc' dir='ltr'><strong>γνώμη</strong></span> <span class='ocrx_word' id='word_1_149' title='bbox 3076 716 3335 784; x_wconf 78' lang='grc' dir='ltr'>κραταιὸν</span> <span class='ocrx_word' id='word_1_150' title='bbox 3358 716 3493 785; x_wconf 69' lang='lat'><strong>(26),</strong></span> <span class='ocrx_word' id='word_1_151' title='bbox 3524 716 3733 771; x_wconf 86' lang='grc' dir='ltr'>ἐκείνου</span> <span class='ocrx_word' id='word_1_152' title='bbox 3770 722 3861 789; x_wconf 70' lang='grc' dir='ltr'>τὴν</span> 
     </span>
    </p>
   </div>
   <div class='ocr_carea' id='block_1_22' title="bbox 2288 803 3859 883">
    <p class='ocr_par' dir='ltr' id='par_1_22' title="bbox 2288 803 3859 883">
     <span class='ocr_line' id='line_1_22' title="bbox 2288 803 3859 883; baseline 0.006 -28"><span class='ocrx_word' id='word_1_153' title='bbox 2288 803 2501 874; x_wconf 87' lang='grc' dir='ltr'>κλῆσιν·</span> <span class='ocrx_word' id='word_1_154' title='bbox 2528 806 2620 857; x_wconf 75' lang='grc' dir='ltr'><strong>καὶ</strong></span> <span class='ocrx_word' id='word_1_155' title='bbox 2665 806 2727 859; x_wconf 88' lang='grc' dir='ltr'>τὺ</span> <span class='ocrx_word' id='word_1_156' title='bbox 2754 806 2911 873; x_wconf 85' lang='grc' dir='ltr'>γένος</span> <span class='ocrx_word' id='word_1_157' title='bbox 2951 807 3223 871; x_wconf 85' lang='grc' dir='ltr'>ὑπελθεῖν,</span> <span class='ocrx_word' id='word_1_158' title='bbox 3254 803 3314 862; x_wconf 79' lang='grc' dir='ltr'><strong>οὑ</strong></span> <span class='ocrx_word' id='word_1_159' title='bbox 3341 809 3400 861; x_wconf 84' lang='grc' dir='ltr'><strong>τὸ</strong></span> <span class='ocrx_word' id='word_1_160' title='bbox 3442 812 3665 880; x_wconf 85' lang='grc' dir='ltr'>γνήσιον</span> <span class='ocrx_word' id='word_1_161' title='bbox 3714 812 3770 863; x_wconf 79' lang='grc' dir='ltr'><strong>ἐν</strong></span> <span class='ocrx_word' id='word_1_162' title='bbox 3798 815 3859 883; x_wconf 80' lang='grc' dir='ltr'>τῇ</span> 
     </span>
    </p>
   </div>
   <div class='ocr_carea' id='block_1_23' title="bbox 2292 895 3862 970">
    <p class='ocr_par' dir='ltr' id='par_1_23' title="bbox 2292 895 3862 970">
     <span class='ocr_line' id='line_1_23' title="bbox 2292 895 3862 970; baseline 0.004 -23"><span class='ocrx_word' id='word_1_163' title='bbox 2292 896 2523 965; x_wconf 84' lang='grc' dir='ltr'><strong>μιμήσει</strong></span> <span class='ocrx_word' id='word_1_164' title='bbox 2551 896 2706 966; x_wconf 81' lang='grc' dir='ltr'>φέρει</span> <span class='ocrx_word' id='word_1_165' title='bbox 2732 899 2830 965; x_wconf 83' lang='grc' dir='ltr'>τῆς</span> <span class='ocrx_word' id='word_1_166' title='bbox 2854 896 3021 968; x_wconf 75' lang='grc' dir='ltr'>ζωῆς.</span> <span class='ocrx_word' id='word_1_167' title='bbox 3054 897 3117 950; x_wconf 85' lang='grc' dir='ltr'>Εἰ</span> <span class='ocrx_word' id='word_1_168' title='bbox 3137 895 3314 970; x_wconf 77' lang='grc' dir='ltr'><strong>δ’ἧνὴ</strong></span> <span class='ocrx_word' id='word_1_169' title='bbox 3357 900 3570 952; x_wconf 86' lang='grc' dir='ltr'>Παλαιά</span> <span class='ocrx_word' id='word_1_170' title='bbox 3600 902 3742 952; x_wconf 85' lang='grc' dir='ltr'><strong>κατὰ</strong></span> <span class='ocrx_word' id='word_1_171' title='bbox 3771 902 3862 965; x_wconf 77' lang='grc' dir='ltr'>τὰς</span> 
     </span>
    </p>
   </div>
   <div class='ocr_carea' id='block_1_24' title="bbox 2288 986 3860 1063">
    <p class='ocr_par' dir='ltr' id='par_1_24' title="bbox 2288 986 3860 1063">
     <span class='ocr_line' id='line_1_24' title="bbox 2288 986 3860 1063; baseline 0.004 -24"><span class='ocrx_word' id='word_1_172' title='bbox 2288 986 2515 1051; x_wconf 83' lang='grc' dir='ltr'>ἀθέτους</span> <span class='ocrx_word' id='word_1_173' title='bbox 2543 990 2724 1057; x_wconf 84' lang='grc' dir='ltr'>φωνὰς</span> <span class='ocrx_word' id='word_1_174' title='bbox 2755 988 2849 1043; x_wconf 80' lang='grc' dir='ltr'>τοῦ</span> <span class='ocrx_word' id='word_1_175' title='bbox 2893 990 3158 1061; x_wconf 81' lang='grc' dir='ltr'>Πονηροῢ,</span> <span class='ocrx_word' id='word_1_176' title='bbox 3196 992 3400 1062; x_wconf 80' lang='grc' dir='ltr'><strong>ταύτης</strong></span> <span class='ocrx_word' id='word_1_177' title='bbox 3437 992 3493 1044; x_wconf 82' lang='grc' dir='ltr'>δὲ</span> <span class='ocrx_word' id='word_1_178' title='bbox 3525 993 3554 1044; x_wconf 97' lang='lat'><strong>6</strong></span> <span class='ocrx_word' id='word_1_179' title='bbox 3600 992 3860 1063; x_wconf 70' lang='grc' dir='ltr'>Ἀϐραὰμ,</span> 
     </span>
    </p>
   </div>
   <div class='ocr_carea' id='block_1_25' title="bbox 2290 1075 3860 1154">
    <p class='ocr_par' dir='ltr' id='par_1_25' title="bbox 2290 1075 3860 1154">
     <span class='ocr_line' id='line_1_25' title="bbox 2290 1075 3860 1154; baseline 0.004 -23"><span class='ocrx_word' id='word_1_180' title='bbox 2290 1080 2403 1131; x_wconf 85' lang='grc' dir='ltr'>ῐσον</span> <span class='ocrx_word' id='word_1_181' title='bbox 2430 1075 2497 1151; x_wconf 82' lang='grc' dir='ltr'>ἦν</span> <span class='ocrx_word' id='word_1_182' title='bbox 2531 1083 2733 1134; x_wconf 74' lang='grc' dir='ltr'>εἰπεῖν·</span> <span class='ocrx_word' id='word_1_183' title='bbox 2764 1083 2947 1136; x_wconf 85' lang='grc' dir='ltr'>Τέκνα</span> <span class='ocrx_word' id='word_1_184' title='bbox 2974 1082 3067 1136; x_wconf 82' lang='grc' dir='ltr'>τοῦ</span> <span class='ocrx_word' id='word_1_185' title='bbox 3121 1084 3393 1154; x_wconf 80' lang='grc' dir='ltr'>Ἀϐραὰμ,</span> <span class='ocrx_word' id='word_1_186' title='bbox 3428 1086 3519 1139; x_wconf 75' lang='grc' dir='ltr'>καὶ</span> <span class='ocrx_word' id='word_1_187' title='bbox 3557 1086 3725 1138; x_wconf 88' lang='grc' dir='ltr'>τέκνα</span> <span class='ocrx_word' id='word_1_188' title='bbox 3770 1087 3860 1138; x_wconf 69' lang='grc' dir='ltr'>τοῦ</span> 
     </span>
    </p>
   </div>
   <div class='ocr_carea' id='block_1_26' title="bbox 2286 1170 3863 1246">
    <p class='ocr_par' dir='ltr' id='par_1_26' title="bbox 2286 1170 3863 1246">
     <span class='ocr_line' id='line_1_26' title="bbox 2286 1170 3863 1246; baseline 0.003 -23"><span class='ocrx_word' id='word_1_189' title='bbox 2286 1170 2531 1225; x_wconf 84' lang='grc' dir='ltr'>διαϐόλου</span> <span class='ocrx_word' id='word_1_190' title='bbox 2550 1190 2564 1202; x_wconf 88' lang='grc'><strong>·</strong></span> <span class='ocrx_word' id='word_1_191' title='bbox 2594 1173 2661 1226; x_wconf 79' lang='grc' dir='ltr'>δι’</span> <span class='ocrx_word' id='word_1_192' title='bbox 2689 1174 2950 1244; x_wconf 84' lang='grc' dir='ltr'>ἐκατέρου</span> <span class='ocrx_word' id='word_1_193' title='bbox 2976 1175 3083 1243; x_wconf 83' lang='grc' dir='ltr'>γὰρ</span> <span class='ocrx_word' id='word_1_194' title='bbox 3107 1174 3142 1229; x_wconf 76' lang='grc' dir='ltr'><strong>ἀ</strong></span> <span class='ocrx_word' id='word_1_195' title='bbox 3168 1178 3317 1245; x_wconf 86' lang='grc' dir='ltr'>μισεῖ</span> <span class='ocrx_word' id='word_1_196' title='bbox 3342 1175 3441 1244; x_wconf 85' lang='grc' dir='ltr'><strong>μὲν</strong></span> <span class='ocrx_word' id='word_1_197' title='bbox 3470 1178 3497 1228; x_wconf 87' lang='grc' dir='ltr'>ὁ</span> <span class='ocrx_word' id='word_1_198' title='bbox 3524 1176 3680 1239; x_wconf 77' lang='grc' dir='ltr'>Θεὸς,</span> <span class='ocrx_word' id='word_1_199' title='bbox 3715 1176 3863 1246; x_wconf 78' lang='grc' dir='ltr'>στέρ·</span> 
     </span>
    </p>
   </div>
   <div class='ocr_carea' id='block_1_27' title="bbox 2286 1265 3863 1338">
    <p class='ocr_par' dir='ltr' id='par_1_27' title="bbox 2286 1265 3863 1338">
     <span class='ocr_line' id='line_1_27' title="bbox 2286 1265 3863 1338; baseline 0 -18"><span class='ocrx_word' id='word_1_200' title='bbox 2286 1266 2447 1335; x_wconf 82' lang='grc' dir='ltr'>γειδὲ</span> <span class='ocrx_word' id='word_1_201' title='bbox 2477 1268 2505 1320; x_wconf 92' lang='lat'><strong>6</strong></span> <span class='ocrx_word' id='word_1_202' title='bbox 2541 1265 2787 1338; x_wconf 79' lang='grc' dir='ltr'>Ἐχθρὸς,</span> <span class='ocrx_word' id='word_1_203' title='bbox 2806 1266 3121 1338; x_wconf 84' lang='grc' dir='ltr'>ἐλέγχονται</span> <span class='ocrx_word' id='word_1_204' title='bbox 3144 1266 3409 1336; x_wconf 87' lang='grc' dir='ltr'>τιμῶντες</span> <span class='ocrx_word' id='word_1_205' title='bbox 3425 1268 3622 1337; x_wconf 85' lang='grc' dir='ltr'>ὁμοίως</span> <span class='ocrx_word' id='word_1_206' title='bbox 3647 1270 3699 1320; x_wconf 81' lang='lat' dir='ltr'><strong>oi</strong></span> <span class='ocrx_word' id='word_1_207' title='bbox 3739 1267 3863 1320; x_wconf 86' lang='grc' dir='ltr'>’1ου-</span> 
     </span>
    </p>
   </div>
   <div class='ocr_carea' id='block_1_28' title="bbox 2286 1353 3865 1428">
    <p class='ocr_par' dir='ltr' id='par_1_28' title="bbox 2286 1353 3865 1428">
     <span class='ocr_line' id='line_1_28' title="bbox 2286 1353 3865 1428; baseline 0.002 -22"><span class='ocrx_word' id='word_1_208' title='bbox 2286 1353 2443 1408; x_wconf 84' lang='grc' dir='ltr'>δαίοι.</span> <span class='ocrx_word' id='word_1_209' title='bbox 2479 1355 2604 1417; x_wconf 98' lang='grc' dir='ltr'><strong>Πῶς</strong></span> <span class='ocrx_word' id='word_1_210' title='bbox 2632 1356 2689 1408; x_wconf 81' lang='grc' dir='ltr'>δὲ</span> <span class='ocrx_word' id='word_1_211' title='bbox 2723 1356 2817 1408; x_wconf 76' lang='grc' dir='ltr'><strong>καὶ</strong></span> <span class='ocrx_word' id='word_1_212' title='bbox 2868 1355 3104 1426; x_wconf 86' lang='grc' dir='ltr'>ἀλλαχοῦ</span> <span class='ocrx_word' id='word_1_213' title='bbox 3134 1356 3296 1409; x_wconf 88' lang='grc' dir='ltr'>πάλιν</span> <span class='ocrx_word' id='word_1_214' title='bbox 3319 1358 3346 1408; x_wconf 91' lang='lat'><strong>6</strong></span> <span class='ocrx_word' id='word_1_215' title='bbox 3377 1357 3570 1425; x_wconf 81' lang='grc' dir='ltr'>Σωτὴρ</span> <span class='ocrx_word' id='word_1_216' title='bbox 3599 1360 3713 1419; x_wconf 84' lang='grc' dir='ltr'>τοῖς</span> <span class='ocrx_word' id='word_1_217' title='bbox 3744 1360 3865 1428; x_wconf 78' lang='grc' dir='ltr'>περὶ</span> 
     </span>
    </p>
   </div>
   <div class='ocr_carea' id='block_1_29' title="bbox 2308 1445 3863 1517">
    <p class='ocr_par' dir='ltr' id='par_1_29' title="bbox 2308 1445 3863 1517">
     <span class='ocr_line' id='line_1_29' title="bbox 2308 1445 3863 1517; baseline 0.002 -20"><span class='ocrx_word' id='word_1_218' title='bbox 2308 1445 2561 1515; x_wconf 83' lang='grc' dir='ltr'>Ἀϐραάμ</span> <span class='ocrx_word' id='word_1_219' title='bbox 2582 1447 2681 1516; x_wconf 74' lang='grc' dir='ltr'><strong>τὴν</strong></span> <span class='ocrx_word' id='word_1_220' title='bbox 2706 1446 2985 1516; x_wconf 83' lang='grc' dir='ltr'>βασιλείαν</span> <span class='ocrx_word' id='word_1_221' title='bbox 3006 1446 3114 1499; x_wconf 90' lang='grc' dir='ltr'><strong>τῶν</strong></span> <span class='ocrx_word' id='word_1_222' title='bbox 3141 1445 3383 1515; x_wconf 81' lang='grc' dir='ltr'>οὐρανῶν</span> <span class='ocrx_word' id='word_1_223' title='bbox 3412 1448 3490 1509; x_wconf 84' lang='grc' dir='ltr'><strong>είς</strong></span> <span class='ocrx_word' id='word_1_224' title='bbox 3540 1446 3743 1517; x_wconf 80' lang='grc' dir='ltr'>κλῆρον</span> <span class='ocrx_word' id='word_1_225' title='bbox 3770 1450 3863 1515; x_wconf 78' lang='grc' dir='ltr'>ἀφο</span> 
     </span>
    </p>
   </div>
   <div class='ocr_carea' id='block_1_30' title="bbox 2288 1538 3865 1611">
    <p class='ocr_par' dir='ltr' id='par_1_30' title="bbox 2288 1538 3865 1611">
     <span class='ocr_line' id='line_1_30' title="bbox 2288 1538 3865 1611; baseline 0.001 -20"><span class='ocrx_word' id='word_1_226' title='bbox 2288 1538 2481 1607; x_wconf 76' lang='grc' dir='ltr'>ορίζει,</span> <span class='ocrx_word' id='word_1_227' title='bbox 2513 1540 2608 1592; x_wconf 78' lang='grc' dir='ltr'><strong>καὶ</strong></span> <span class='ocrx_word' id='word_1_228' title='bbox 2640 1538 2922 1593; x_wconf 84' lang='grc' dir='ltr'>συντάττει</span> <span class='ocrx_word' id='word_1_229' title='bbox 2960 1539 3173 1603; x_wconf 87' lang='grc' dir='ltr'>τούτοις</span> <span class='ocrx_word' id='word_1_230' title='bbox 3220 1540 3345 1603; x_wconf 74' lang='grc' dir='ltr'>τοὺς</span> <span class='ocrx_word' id='word_1_231' title='bbox 3382 1538 3631 1611; x_wconf 76' lang='grc' dir='ltr'>όλοψύχῳ</span> <span class='ocrx_word' id='word_1_232' title='bbox 3674 1538 3865 1611; x_wconf 80' lang='grc' dir='ltr'>γνώμῃ</span> 
     </span>
    </p>
   </div>
   <div class='ocr_carea' id='block_1_31' title="bbox 2286 1627 3865 1700">
    <p class='ocr_par' dir='ltr' id='par_1_31' title="bbox 2286 1627 3865 1700">
     <span class='ocr_line' id='line_1_31' title="bbox 2286 1627 3865 1700; baseline 0.002 -19"><span class='ocrx_word' id='word_1_233' title='bbox 2286 1627 2395 1683; x_wconf 83' lang='grc' dir='ltr'><strong>τῶν</strong></span> <span class='ocrx_word' id='word_1_234' title='bbox 2418 1647 2476 1683; x_wconf 88' lang='grc' dir='ltr'><strong>τε</strong></span> <span class='ocrx_word' id='word_1_235' title='bbox 2529 1630 2969 1700; x_wconf 81' lang='grc' dir='ltr'>προσταγμάτων</span> <span class='ocrx_word' id='word_1_236' title='bbox 3022 1630 3269 1700; x_wconf 85' lang='grc' dir='ltr'>φύλακας</span> <span class='ocrx_word' id='word_1_237' title='bbox 3312 1632 3759 1700; x_wconf 75' lang='grc' dir='ltr'>ἀπροφασίστους</span> <span class='ocrx_word' id='word_1_238' title='bbox 3782 1631 3865 1684; x_wconf 84' lang='grc' dir='ltr'>δε-</span> 
     </span>
    </p>
   </div>
   <div class='ocr_carea' id='block_1_32' title="bbox 2286 1720 3860 1797">
    <p class='ocr_par' dir='ltr' id='par_1_32' title="bbox 2286 1720 3860 1797">
     <span class='ocr_line' id='line_1_32' title="bbox 2286 1720 3860 1797; baseline 0.003 -24"><span class='ocrx_word' id='word_1_239' title='bbox 2286 1720 2607 1792; x_wconf 83' lang='grc' dir='ltr'>δειγμένους</span> <span class='ocrx_word' id='word_1_240' title='bbox 2635 1723 2732 1777; x_wconf 72' lang='grc' dir='ltr'><strong>καὶ</strong></span> <span class='ocrx_word' id='word_1_241' title='bbox 2762 1724 3035 1795; x_wconf 82' lang='grc' dir='ltr'>καθαροὺς</span> <span class='ocrx_word' id='word_1_242' title='bbox 3082 1725 3230 1794; x_wconf 87' lang='grc' dir='ltr'>αὑτῷ</span> <span class='ocrx_word' id='word_1_243' title='bbox 3270 1723 3370 1795; x_wconf 75' lang='grc' dir='ltr'><strong>τὴν</strong></span> <span class='ocrx_word' id='word_1_244' title='bbox 3402 1724 3661 1795; x_wconf 80' lang='grc' dir='ltr'>λατρείαν</span> <span class='ocrx_word' id='word_1_245' title='bbox 3694 1742 3860 1797; x_wconf 81' lang='grc' dir='ltr'>προσ-</span> 
     </span>
    </p>
   </div>
   <div class='ocr_carea' id='block_1_33' title="bbox 600 1782 2185 1887">
    <p class='ocr_par' dir='ltr' id='par_1_33' title="bbox 600 1804 2184 1875">
     <span class='ocr_line' id='line_1_33' title="bbox 600 1804 2184 1875; baseline 0.001 -18"><span class='ocrx_word' id='word_1_246' title='bbox 600 1821 770 1875; x_wconf 79' lang='lat' dir='ltr'><strong>regno</strong></span> <span class='ocrx_word' id='word_1_247' title='bbox 796 1804 1055 1859; x_wconf 55' lang='lat' dir='ltr'><strong>caelorum</strong></span> <span class='ocrx_word' id='word_1_248' title='bbox 1089 1814 1346 1875; x_wconf 86' lang='lat' dir='ltr'><strong>tanquam</strong></span> <span class='ocrx_word' id='word_1_249' title='bbox 1370 1807 1691 1875; x_wconf 69' lang='lat' dir='ltr'><strong>praeclarum</strong></span> <span class='ocrx_word' id='word_1_250' title='bbox 1738 1806 1959 1875; x_wconf 84' lang='lat' dir='ltr'><strong>aliquod</strong></span> <span class='ocrx_word' id='word_1_251' title='bbox 1991 1815 2047 1859; x_wconf 90' lang='lat' dir='ltr'><strong>et</strong></span> <span class='ocrx_word' id='word_1_252' title='bbox 2078 1804 2184 1859; x_wconf 90' lang='lat' dir='ltr'><strong>mi-</strong></span> 
     </span>
    </p>
   </div>
   <div class='ocr_carea' id='block_1_34' title="bbox 2284 1782 3865 1887">
    <p class='ocr_par' dir='ltr' id='par_1_34' title="bbox 2287 1813 3865 1887">
     <span class='ocr_line' id='line_1_34' title="bbox 2287 1813 3865 1887; baseline 0.003 -23"><span class='ocrx_word' id='word_1_253' title='bbox 2287 1813 2637 1881; x_wconf 86' lang='grc' dir='ltr'>ενεγκόντας,</span> <span class='ocrx_word' id='word_1_254' title='bbox 2672 1816 2765 1869; x_wconf 74' lang='grc' dir='ltr'><strong>καὶ</strong></span> <span class='ocrx_word' id='word_1_255' title='bbox 2789 1813 2978 1885; x_wconf 81' lang='grc' dir='ltr'>ὥσπερ</span> <span class='ocrx_word' id='word_1_256' title='bbox 3006 1833 3059 1869; x_wconf 90' lang='grc' dir='ltr'><strong>τι</strong></span> <span class='ocrx_word' id='word_1_257' title='bbox 3086 1816 3231 1884; x_wconf 86' lang='grc' dir='ltr'>μέγα</span> <span class='ocrx_word' id='word_1_258' title='bbox 3284 1818 3381 1870; x_wconf 69' lang='grc' dir='ltr'><strong>καὶ</strong></span> <span class='ocrx_word' id='word_1_259' title='bbox 3427 1817 3733 1887; x_wconf 84' lang='grc' dir='ltr'>Θαυμάσιον</span> <span class='ocrx_word' id='word_1_260' title='bbox 3778 1816 3865 1869; x_wconf 77' lang='grc' dir='ltr'>ἐπ-</span> 
     </span>
    </p>
   </div>
   <div class='ocr_carea' id='block_1_35' title="bbox 600 1896 2183 1968">
    <p class='ocr_par' dir='ltr' id='par_1_35' title="bbox 600 1896 2183 1968">
     <span class='ocr_line' id='line_1_35' title="bbox 600 1896 2183 1968; baseline -0.001 -17"><span class='ocrx_word' id='word_1_261' title='bbox 600 1897 829 1951; x_wconf 79' lang='lat' dir='ltr'><strong>rauduiu</strong></span> <span class='ocrx_word' id='word_1_262' title='bbox 890 1899 1173 1967; x_wconf 67' lang='lat' dir='ltr'><strong>praemium</strong></span> <span class='ocrx_word' id='word_1_263' title='bbox 1221 1897 1580 1968; x_wconf 84' lang='lat' dir='ltr'><strong>polliceatur?</strong></span> <span class='ocrx_word' id='word_1_264' title='bbox 1644 1896 1768 1949; x_wconf 86' lang='lat' dir='ltr'><strong>Dico</strong></span> <span class='ocrx_word' id='word_1_265' title='bbox 1819 1898 1959 1951; x_wconf 86' lang='lat' dir='ltr'><strong>enim</strong></span> <span class='ocrx_word' id='word_1_266' title='bbox 2018 1896 2183 1958; x_wconf 74' lang='lat' dir='ltr'><strong>vobis.</strong></span> 
     </span>
    </p>
   </div>
   <div class='ocr_carea' id='block_1_36' title="bbox 600 1989 2185 2059">
    <p class='ocr_par' dir='ltr' id='par_1_36' title="bbox 600 1989 2185 2059">
     <span class='ocr_line' id='line_1_36' title="bbox 600 1989 2185 2059; baseline 0.001 -18"><span class='ocrx_word' id='word_1_267' title='bbox 600 1990 739 2059; x_wconf 85' lang='lat' dir='ltr'><strong>quod</strong></span> <span class='ocrx_word' id='word_1_268' title='bbox 774 1989 925 2042; x_wconf 82' lang='lat' dir='ltr'><strong>multi</strong></span> <span class='ocrx_word' id='word_1_269' title='bbox 958 1989 1020 2042; x_wconf 89' lang='lat' dir='ltr'><strong>ab</strong></span> <span class='ocrx_word' id='word_1_270' title='bbox 1048 1991 1247 2043; x_wconf 83' lang='lat' dir='ltr'><strong>oriente</strong></span> <span class='ocrx_word' id='word_1_271' title='bbox 1272 2001 1321 2043; x_wconf 88' lang='lat' dir='ltr'><strong>et</strong></span> <span class='ocrx_word' id='word_1_272' title='bbox 1354 1991 1619 2043; x_wconf 84' lang='lat' dir='ltr'><strong>occidente</strong></span> <span class='ocrx_word' id='word_1_273' title='bbox 1640 1990 1866 2055; x_wconf 81' lang='lat' dir='ltr'><strong>venient,</strong></span> <span class='ocrx_word' id='word_1_274' title='bbox 1900 1998 1946 2041; x_wconf 80' lang='lat' dir='ltr'><strong>et</strong></span> <span class='ocrx_word' id='word_1_275' title='bbox 1980 2006 2185 2042; x_wconf 83' lang='lat' dir='ltr'><strong>recum-</strong></span> 
     </span>
    </p>
   </div>
   <div class='ocr_carea' id='block_1_37' title="bbox 599 2083 2185 2155">
    <p class='ocr_par' dir='ltr' id='par_1_37' title="bbox 599 2083 2185 2155">
     <span class='ocr_line' id='line_1_37' title="bbox 599 2083 2185 2155; baseline -0.001 -16"><span class='ocrx_word' id='word_1_276' title='bbox 599 2086 717 2139; x_wconf 83' lang='lat' dir='ltr'><strong>bent</strong></span> <span class='ocrx_word' id='word_1_277' title='bbox 774 2102 891 2140; x_wconf 86' lang='lat' dir='ltr'><strong>cum</strong></span> <span class='ocrx_word' id='word_1_278' title='bbox 932 2085 1233 2139; x_wconf 81' lang='lat' dir='ltr'><strong>Abralramo</strong></span> <span class='ocrx_word' id='word_1_279' title='bbox 1280 2095 1328 2139; x_wconf 83' lang='lat' dir='ltr'><strong>et</strong></span> <span class='ocrx_word' id='word_1_280' title='bbox 1367 2085 1555 2140; x_wconf 79' lang='lat' dir='ltr'><strong>Isaaco</strong></span> <span class='ocrx_word' id='word_1_281' title='bbox 1586 2095 1632 2139; x_wconf 83' lang='lat' dir='ltr'><strong>et</strong></span> <span class='ocrx_word' id='word_1_282' title='bbox 1663 2083 1863 2138; x_wconf 84' lang='lat' dir='ltr'><strong>Jacobo</strong></span> <span class='ocrx_word' id='word_1_283' title='bbox 1922 2085 1977 2138; x_wconf 82' lang='lat' dir='ltr'><strong>in</strong></span> <span class='ocrx_word' id='word_1_284' title='bbox 2026 2100 2185 2155; x_wconf 83' lang='lat' dir='ltr'><strong>regno</strong></span> 
     </span>
    </p>
   </div>
   <div class='ocr_carea' id='block_1_38' title="bbox 599 2176 2181 2247">
    <p class='ocr_par' dir='ltr' id='par_1_38' title="bbox 599 2176 2181 2247">
     <span class='ocr_line' id='line_1_38' title="bbox 599 2176 2181 2247; baseline -0.001 -16"><span class='ocrx_word' id='word_1_285' title='bbox 599 2178 848 2232; x_wconf 73' lang='lat' dir='ltr'><strong>caelorum</strong></span> <span class='ocrx_word' id='word_1_286' title='bbox 885 2180 953 2231; x_wconf 84' lang='lat'><strong>”.</strong></span> <span class='ocrx_word' id='word_1_287' title='bbox 998 2178 1237 2233; x_wconf 87' lang='lat' dir='ltr'><strong>lloceine</strong></span> <span class='ocrx_word' id='word_1_288' title='bbox 1272 2194 1401 2232; x_wconf 87' lang='lat' dir='ltr'><strong>vero</strong></span> <span class='ocrx_word' id='word_1_289' title='bbox 1436 2178 1507 2232; x_wconf 87' lang='lat' dir='ltr'><strong>sit</strong></span> <span class='ocrx_word' id='word_1_290' title='bbox 1531 2178 1813 2247; x_wconf 61' lang='lat' dir='ltr'><strong>praemium</strong></span> <span class='ocrx_word' id='word_1_291' title='bbox 1849 2192 2037 2231; x_wconf 90' lang='lat' dir='ltr'><strong>eorum</strong></span> <span class='ocrx_word' id='word_1_292' title='bbox 2090 2176 2181 2247; x_wconf 89' lang='lat' dir='ltr'><strong>qui</strong></span> 
     </span>
    </p>
   </div>
   <div class='ocr_carea' id='block_1_39' title="bbox 604 2269 2183 2340">
    <p class='ocr_par' dir='ltr' id='par_1_39' title="bbox 604 2269 2183 2340">
     <span class='ocr_line' id='line_1_39' title="bbox 604 2269 2183 2340; baseline -0.001 -15"><span class='ocrx_word' id='word_1_293' title='bbox 604 2271 785 2340; x_wconf 89' lang='lat' dir='ltr'><strong>ipsum</strong></span> <span class='ocrx_word' id='word_1_294' title='bbox 822 2271 1199 2340; x_wconf 79' lang='lat' dir='ltr'><strong>agnoverunt?</strong></span> <span class='ocrx_word' id='word_1_295' title='bbox 1240 2270 1470 2325; x_wconf 87' lang='lat' dir='ltr'><strong>hoccine</strong></span> <span class='ocrx_word' id='word_1_296' title='bbox 1514 2270 1719 2329; x_wconf 85' lang='lat' dir='ltr'><strong>donum</strong></span> <span class='ocrx_word' id='word_1_297' title='bbox 1774 2284 1870 2339; x_wconf 88' lang='lat' dir='ltr'><strong>pro</strong></span> <span class='ocrx_word' id='word_1_298' title='bbox 1932 2270 2040 2323; x_wconf 90' lang='lat' dir='ltr'><strong>illis</strong></span> <span class='ocrx_word' id='word_1_299' title='bbox 2091 2269 2183 2339; x_wconf 92' lang='lat' dir='ltr'><strong>qui</strong></span> 
     </span>
    </p>
   </div>
   <div class='ocr_carea' id='block_1_40' title="bbox 598 2361 2178 2434">
    <p class='ocr_par' dir='ltr' id='par_1_40' title="bbox 598 2361 2178 2434">
     <span class='ocr_line' id='line_1_40' title="bbox 598 2361 2178 2434; baseline -0.002 -16"><span class='ocrx_word' id='word_1_300' title='bbox 598 2367 776 2418; x_wconf 69' lang='lat' dir='ltr'><strong>caedes</strong></span> <span class='ocrx_word' id='word_1_301' title='bbox 818 2380 915 2434; x_wconf 89' lang='lat' dir='ltr'><strong>pro</strong></span> <span class='ocrx_word' id='word_1_302' title='bbox 955 2379 1020 2417; x_wconf 92' lang='lat' dir='ltr'><strong>eo</strong></span> <span class='ocrx_word' id='word_1_303' title='bbox 1052 2363 1466 2417; x_wconf 85' lang='lat' dir='ltr'><strong>sustinuerunt?</strong></span> <span class='ocrx_word' id='word_1_304' title='bbox 1502 2363 1744 2417; x_wconf 68' lang='lat' dir='ltr'><strong>haeccine</strong></span> <span class='ocrx_word' id='word_1_305' title='bbox 1781 2361 2178 2432; x_wconf 71' lang='lat' dir='ltr'><strong>praerogativa?</strong></span> 
     </span>
    </p>
   </div>
   <div class='ocr_carea' id='block_1_41' title="bbox 600 2449 2181 2526">
    <p class='ocr_par' dir='ltr' id='par_1_41' title="bbox 600 2449 2181 2526">
     <span class='ocr_line' id='line_1_41' title="bbox 600 2449 2181 2526; baseline 0 -16"><span class='ocrx_word' id='word_1_306' title='bbox 600 2449 839 2511; x_wconf 74' lang='lat' dir='ltr'><strong>haeccine</strong></span> <span class='ocrx_word' id='word_1_307' title='bbox 886 2457 1135 2511; x_wconf 89' lang='lat' dir='ltr'><strong>merces?</strong></span> <span class='ocrx_word' id='word_1_308' title='bbox 1173 2455 1315 2526; x_wconf 91' lang='lat' dir='ltr'><strong>quod</strong></span> <span class='ocrx_word' id='word_1_309' title='bbox 1346 2472 1468 2511; x_wconf 93' lang='lat' dir='ltr'><strong>cum</strong></span> <span class='ocrx_word' id='word_1_310' title='bbox 1499 2457 1762 2511; x_wconf 85' lang='lat' dir='ltr'><strong>ministris</strong></span> <span class='ocrx_word' id='word_1_311' title='bbox 1785 2455 1909 2509; x_wconf 81' lang='lat' dir='ltr'><strong>Mali</strong></span> <span class='ocrx_word' id='word_1_312' title='bbox 1942 2465 1997 2509; x_wconf 90' lang='lat' dir='ltr'><strong>et</strong></span> <span class='ocrx_word' id='word_1_313' title='bbox 2022 2470 2143 2510; x_wconf 90' lang='lat' dir='ltr'><strong>esse</strong></span> <span class='ocrx_word' id='word_1_314' title='bbox 2166 2496 2181 2518; x_wconf 92' lang='lat'><strong>,</strong></span> 
     </span>
    </p>
   </div>
   <div class='ocr_carea' id='block_1_42' title="bbox 601 2545 2184 2617">
    <p class='ocr_par' dir='ltr' id='par_1_42' title="bbox 601 2545 2184 2617">
     <span class='ocr_line' id='line_1_42' title="bbox 601 2545 2184 2617; baseline 0.002 -19"><span class='ocrx_word' id='word_1_315' title='bbox 601 2554 660 2599; x_wconf 88' lang='lat' dir='ltr'><strong>et</strong></span> <span class='ocrx_word' id='word_1_316' title='bbox 702 2547 978 2601; x_wconf 88' lang='lat' dir='ltr'><strong>numerari</strong></span> <span class='ocrx_word' id='word_1_317' title='bbox 1006 2556 1059 2601; x_wconf 90' lang='lat' dir='ltr'><strong>et</strong></span> <span class='ocrx_word' id='word_1_318' title='bbox 1084 2546 1286 2601; x_wconf 87' lang='lat' dir='ltr'><strong>versari</strong></span> <span class='ocrx_word' id='word_1_319' title='bbox 1330 2546 1577 2617; x_wconf 85' lang='lat' dir='ltr'><strong>possint?</strong></span> <span class='ocrx_word' id='word_1_320' title='bbox 1622 2545 1906 2611; x_wconf 85' lang='lat' dir='ltr'><strong>Quomodo</strong></span> <span class='ocrx_word' id='word_1_321' title='bbox 1952 2546 2070 2601; x_wconf 70' lang='lat' dir='ltr'><strong>IIIBC</strong></span> <span class='ocrx_word' id='word_1_322' title='bbox 2129 2555 2184 2601; x_wconf 85' lang='lat' dir='ltr'><strong>et</strong></span> 
     </span>
    </p>
   </div>
   <div class='ocr_carea' id='block_1_43' title="bbox 598 2638 2185 2708">
    <p class='ocr_par' dir='ltr' id='par_1_43' title="bbox 598 2638 2185 2708">
     <span class='ocr_line' id='line_1_43' title="bbox 598 2638 2185 2708; baseline 0 -16"><span class='ocrx_word' id='word_1_323' title='bbox 598 2639 704 2692; x_wconf 90' lang='lat' dir='ltr'><strong>alia</strong></span> <span class='ocrx_word' id='word_1_324' title='bbox 750 2640 1063 2708; x_wconf 89' lang='lat' dir='ltr'><strong>hujnsmodi</strong></span> <span class='ocrx_word' id='word_1_325' title='bbox 1111 2640 1334 2696; x_wconf 87' lang='lat' dir='ltr'><strong>tulerint</strong></span> <span class='ocrx_word' id='word_1_326' title='bbox 1378 2653 1539 2693; x_wconf 87' lang='lat' dir='ltr'><strong>aures</strong></span> <span class='ocrx_word' id='word_1_327' title='bbox 1582 2638 1783 2696; x_wconf 77' lang='lat' dir='ltr'><strong>divinis</strong></span> <span class='ocrx_word' id='word_1_328' title='bbox 1836 2638 2185 2694; x_wconf 89' lang='lat' dir='ltr'><strong>sermonibus</strong></span> 
     </span>
    </p>
   </div>
   <div class='ocr_carea' id='block_1_44' title="bbox 607 2732 877 2787">
    <p class='ocr_par' dir='ltr' id='par_1_44' title="bbox 607 2732 877 2787">
     <span class='ocr_line' id='line_1_44' title="bbox 607 2732 877 2787; baseline 0.004 -2"><span class='ocrx_word' id='word_1_329' title='bbox 607 2732 877 2787; x_wconf 67' lang='lat' dir='ltr'><strong>assuetae?</strong></span> 
     </span>
    </p>
   </div>
   <div class='ocr_carea' id='block_1_45' title="bbox 669 3013 2185 3085">
    <p class='ocr_par' dir='ltr' id='par_1_45' title="bbox 669 3013 2185 3085">
     <span class='ocr_line' id='line_1_45' title="bbox 669 3013 2185 3085; baseline 0.002 -18"><span class='ocrx_word' id='word_1_330' title='bbox 669 3015 736 3072; x_wconf 77' lang='grc' dir='ltr'>ν.</span> <span class='ocrx_word' id='word_1_331' title='bbox 762 3015 818 3069; x_wconf 88' lang='lat' dir='ltr'><strong>Si</strong></span> <span class='ocrx_word' id='word_1_332' title='bbox 843 3026 1006 3071; x_wconf 80' lang='lat' dir='ltr'><strong>vetus</strong></span> <span class='ocrx_word' id='word_1_333' title='bbox 1034 3025 1422 3071; x_wconf 83' lang='lat' dir='ltr'><strong>testamentum</strong></span> <span class='ocrx_word' id='word_1_334' title='bbox 1455 3013 1718 3070; x_wconf 90' lang='lat' dir='ltr'><strong>adiabolo</strong></span> <span class='ocrx_word' id='word_1_335' title='bbox 1746 3024 1883 3078; x_wconf 87' lang='lat' dir='ltr'><strong>erat,</strong></span> <span class='ocrx_word' id='word_1_336' title='bbox 1910 3014 2185 3085; x_wconf 88' lang='lat' dir='ltr'><strong>quomodo</strong></span> 
     </span>
    </p>
   </div>
   <div class='ocr_carea' id='block_1_46' title="bbox 600 3107 2254 3195">
    <p class='ocr_par' dir='ltr' id='par_1_46' title="bbox 600 3107 2254 3195">
     <span class='ocr_line' id='line_1_46' title="bbox 600 3107 2254 3195; baseline 0 -33"><span class='ocrx_word' id='word_1_337' title='bbox 600 3107 885 3163; x_wconf 75' lang='lat' dir='ltr'><strong>Matlhteus</strong></span> <span class='ocrx_word' id='word_1_338' title='bbox 904 3119 959 3162; x_wconf 89' lang='lat' dir='ltr'><strong>et</strong></span> <span class='ocrx_word' id='word_1_339' title='bbox 984 3108 1178 3176; x_wconf 87' lang='lat' dir='ltr'><strong>Lucas,</strong></span> <span class='ocrx_word' id='word_1_340' title='bbox 1237 3108 1542 3163; x_wconf 87' lang='lat' dir='ltr'><strong>Servatoris</strong></span> <span class='ocrx_word' id='word_1_341' title='bbox 1587 3108 1955 3179; x_wconf 82' lang='lat' dir='ltr'><strong>genealogiam</strong></span> <span class='ocrx_word' id='word_1_342' title='bbox 1992 3124 2179 3163; x_wconf 88' lang='lat' dir='ltr'><strong>recen-</strong></span> <span class='ocrx_word' id='word_1_343' title='bbox 2208 3133 2254 3195; x_wconf 68' lang='grc' dir='ltr'><strong>ρ</strong></span> 
     </span>
    </p>
   </div>
   <div class='ocr_carea' id='block_1_47' title="bbox 599 3199 2177 3271">
    <p class='ocr_par' dir='ltr' id='par_1_47' title="bbox 599 3199 2177 3271">
     <span class='ocr_line' id='line_1_47' title="bbox 599 3199 2177 3271; baseline -0.002 -14"><span class='ocrx_word' id='word_1_344' title='bbox 599 3211 805 3265; x_wconf 89' lang='lat' dir='ltr'><strong>sentes,</strong></span> <span class='ocrx_word' id='word_1_345' title='bbox 838 3202 983 3256; x_wconf 90' lang='lat' dir='ltr'><strong>inter</strong></span> <span class='ocrx_word' id='word_1_346' title='bbox 1013 3202 1251 3271; x_wconf 85' lang='lat' dir='ltr'><strong>majores</strong></span> <span class='ocrx_word' id='word_1_347' title='bbox 1279 3201 1399 3271; x_wconf 83' lang='lat' dir='ltr'><strong>ejus</strong></span> <span class='ocrx_word' id='word_1_348' title='bbox 1428 3208 1485 3255; x_wconf 94' lang='lat' dir='ltr'><strong>et</strong></span> <span class='ocrx_word' id='word_1_349' title='bbox 1513 3208 1696 3270; x_wconf 89' lang='lat' dir='ltr'><strong>patres</strong></span> <span class='ocrx_word' id='word_1_350' title='bbox 1720 3208 2013 3254; x_wconf 81' lang='lat' dir='ltr'><strong>numerant</strong></span> <span class='ocrx_word' id='word_1_351' title='bbox 2038 3199 2177 3264; x_wconf 87' lang='lat' dir='ltr'><strong>illos,</strong></span> 
     </span>
    </p>
   </div>
   <div class='ocr_carea' id='block_1_48' title="bbox 598 3292 2179 3365">
    <p class='ocr_par' dir='ltr' id='par_1_48' title="bbox 598 3292 2179 3365">
     <span class='ocr_line' id='line_1_48' title="bbox 598 3292 2179 3365; baseline -0.001 -16"><span class='ocrx_word' id='word_1_352' title='bbox 598 3311 737 3365; x_wconf 92' lang='lat' dir='ltr'><strong>quos</strong></span> <span class='ocrx_word' id='word_1_353' title='bbox 764 3303 920 3350; x_wconf 90' lang='lat' dir='ltr'><strong>vetus</strong></span> <span class='ocrx_word' id='word_1_354' title='bbox 972 3296 1113 3349; x_wconf 89' lang='lat' dir='ltr'><strong>inter</strong></span> <span class='ocrx_word' id='word_1_355' title='bbox 1136 3294 1335 3349; x_wconf 89' lang='lat' dir='ltr'><strong>decora</strong></span> <span class='ocrx_word' id='word_1_356' title='bbox 1361 3308 1458 3348; x_wconf 88' lang='lat' dir='ltr'><strong>sua</strong></span> <span class='ocrx_word' id='word_1_357' title='bbox 1489 3294 1694 3347; x_wconf 87' lang='lat' dir='ltr'><strong>habet?</strong></span> <span class='ocrx_word' id='word_1_358' title='bbox 1743 3292 1997 3363; x_wconf 82' lang='lat' dir='ltr'><strong>Nunquid</strong></span> <span class='ocrx_word' id='word_1_359' title='bbox 2033 3292 2179 3347; x_wconf 91' lang='lat' dir='ltr'><strong>enim</strong></span> 
     </span>
    </p>
   </div>
   <div class='ocr_carea' id='block_1_49' title="bbox 599 3384 2182 3457">
    <p class='ocr_par' dir='ltr' id='par_1_49' title="bbox 599 3384 2182 3457">
     <span class='ocr_line' id='line_1_49' title="bbox 599 3384 2182 3457; baseline -0.003 -12"><span class='ocrx_word' id='word_1_360' title='bbox 599 3392 656 3445; x_wconf 90' lang='lat' dir='ltr'><strong>in</strong></span> <span class='ocrx_word' id='word_1_361' title='bbox 688 3392 892 3445; x_wconf 89' lang='lat' dir='ltr'><strong>bonum</strong></span> <span class='ocrx_word' id='word_1_362' title='bbox 934 3389 1105 3443; x_wconf 86' lang='lat' dir='ltr'><strong>Deum</strong></span> <span class='ocrx_word' id='word_1_363' title='bbox 1141 3387 1336 3443; x_wconf 89' lang='lat' dir='ltr'><strong>cadere</strong></span> <span class='ocrx_word' id='word_1_364' title='bbox 1384 3395 1563 3457; x_wconf 90' lang='lat' dir='ltr'><strong>potest</strong></span> <span class='ocrx_word' id='word_1_365' title='bbox 1596 3395 1823 3439; x_wconf 77' lang='lat' dir='ltr'><strong>externa</strong></span> <span class='ocrx_word' id='word_1_366' title='bbox 1868 3384 2083 3455; x_wconf 89' lang='lat' dir='ltr'><strong>species</strong></span> <span class='ocrx_word' id='word_1_367' title='bbox 2127 3394 2182 3440; x_wconf 92' lang='lat' dir='ltr'><strong>et</strong></span> 
     </span>
    </p>
   </div>
   <div class='ocr_carea' id='block_1_50' title="bbox 598 3476 2182 3549">
    <p class='ocr_par' dir='ltr' id='par_1_50' title="bbox 598 3476 2182 3549">
     <span class='ocr_line' id='line_1_50' title="bbox 598 3476 2182 3549; baseline -0.004 -12"><span class='ocrx_word' id='word_1_368' title='bbox 598 3482 912 3538; x_wconf 86' lang='lat' dir='ltr'><strong>simulatio?</strong></span> <span class='ocrx_word' id='word_1_369' title='bbox 936 3480 1068 3535; x_wconf 82' lang='lat' dir='ltr'><strong>Nam</strong></span> <span class='ocrx_word' id='word_1_370' title='bbox 1101 3496 1211 3535; x_wconf 90' lang='lat' dir='ltr'><strong>non</strong></span> <span class='ocrx_word' id='word_1_371' title='bbox 1242 3479 1463 3533; x_wconf 91' lang='lat' dir='ltr'><strong>minima</strong></span> <span class='ocrx_word' id='word_1_372' title='bbox 1503 3494 1629 3549; x_wconf 89' lang='lat' dir='ltr'><strong>pars</strong></span> <span class='ocrx_word' id='word_1_373' title='bbox 1661 3476 1985 3532; x_wconf 79' lang='lat' dir='ltr'><strong>defectionis</strong></span> <span class='ocrx_word' id='word_1_374' title='bbox 2017 3478 2182 3547; x_wconf 83' lang='lat' dir='ltr'><strong>hujus</strong></span> 
     </span>
    </p>
   </div>
   <div class='ocr_carea' id='block_1_51' title="bbox 598 3567 2180 3635">
    <p class='ocr_par' dir='ltr' id='par_1_51' title="bbox 598 3567 2180 3635">
     <span class='ocr_line' id='line_1_51' title="bbox 598 3567 2180 3635; baseline -0.004 -9"><span class='ocrx_word' id='word_1_375' title='bbox 598 3584 652 3629; x_wconf 84' lang='lat' dir='ltr'><strong>et</strong></span> <span class='ocrx_word' id='word_1_376' title='bbox 673 3583 834 3627; x_wconf 68' lang='lat' dir='ltr'><strong>secta:</strong></span> <span class='ocrx_word' id='word_1_377' title='bbox 856 3581 957 3635; x_wconf 91' lang='lat' dir='ltr'><strong>est,</strong></span> <span class='ocrx_word' id='word_1_378' title='bbox 997 3581 1055 3626; x_wconf 92' lang='lat' dir='ltr'><strong>nt</strong></span> <span class='ocrx_word' id='word_1_379' title='bbox 1080 3571 1341 3625; x_wconf 86' lang='lat' dir='ltr'><strong>adversus</strong></span> <span class='ocrx_word' id='word_1_380' title='bbox 1374 3567 1536 3623; x_wconf 87' lang='lat' dir='ltr'><strong>Verbi</strong></span> <span class='ocrx_word' id='word_1_381' title='bbox 1569 3568 1835 3622; x_wconf 88' lang='lat' dir='ltr'><strong>incarnati</strong></span> <span class='ocrx_word' id='word_1_382' title='bbox 1886 3567 2180 3621; x_wconf 83' lang='lat' dir='ltr'><strong>adventum</strong></span> 
     </span>
    </p>
   </div>
   <div class='ocr_carea' id='block_1_52' title="bbox 596 3659 2183 3728">
    <p class='ocr_par' dir='ltr' id='par_1_52' title="bbox 596 3659 2183 3728">
     <span class='ocr_line' id='line_1_52' title="bbox 596 3659 2183 3728; baseline -0.003 -9"><span class='ocrx_word' id='word_1_383' title='bbox 596 3666 680 3720; x_wconf 85' lang='lat' dir='ltr'><strong>vel</strong></span> <span class='ocrx_word' id='word_1_384' title='bbox 705 3666 811 3719; x_wconf 91' lang='lat' dir='ltr'><strong>hoc</strong></span> <span class='ocrx_word' id='word_1_385' title='bbox 848 3665 1011 3719; x_wconf 92' lang='lat' dir='ltr'><strong>modo</strong></span> <span class='ocrx_word' id='word_1_386' title='bbox 1036 3664 1292 3719; x_wconf 88' lang='lat' dir='ltr'><strong>insaniat.</strong></span> <span class='ocrx_word' id='word_1_387' title='bbox 1325 3664 1393 3715; x_wconf 83' lang='lat' dir='ltr'><strong>At</strong></span> <span class='ocrx_word' id='word_1_388' title='bbox 1421 3660 1702 3716; x_wconf 80' lang='lat' dir='ltr'><strong>enimvero</strong></span> <span class='ocrx_word' id='word_1_389' title='bbox 1734 3659 2009 3728; x_wconf 90' lang='lat' dir='ltr'><strong>quomodo</strong></span> <span class='ocrx_word' id='word_1_390' title='bbox 2041 3659 2183 3714; x_wconf 92' lang='lat' dir='ltr'><strong>Deus</strong></span> 
     </span>
    </p>
   </div>
   <div class='ocr_carea' id='block_1_53' title="bbox 596 3750 2183 3827">
    <p class='ocr_par' dir='ltr' id='par_1_53' title="bbox 596 3750 2183 3827">
     <span class='ocr_line' id='line_1_53' title="bbox 596 3750 2183 3827; baseline -0.003 -18"><span class='ocrx_word' id='word_1_391' title='bbox 596 3758 837 3827; x_wconf 87' lang='lat' dir='ltr'><strong>optimus</strong></span> <span class='ocrx_word' id='word_1_392' title='bbox 862 3756 947 3809; x_wconf 91' lang='lat' dir='ltr'><strong>vel</strong></span> <span class='ocrx_word' id='word_1_393' title='bbox 986 3755 1162 3823; x_wconf 83' lang='lat' dir='ltr'><strong>quoad</strong></span> <span class='ocrx_word' id='word_1_394' title='bbox 1193 3753 1431 3823; x_wconf 89' lang='lat' dir='ltr'><strong>speciem</strong></span> <span class='ocrx_word' id='word_1_395' title='bbox 1464 3760 1516 3805; x_wconf 92' lang='lat' dir='ltr'><strong>et</strong></span> <span class='ocrx_word' id='word_1_396' title='bbox 1540 3750 1816 3813; x_wconf 86' lang='lat' dir='ltr'><strong>simulate.</strong></span> <span class='ocrx_word' id='word_1_397' title='bbox 1860 3752 1945 3803; x_wconf 88' lang='lat' dir='ltr'><strong>vel</strong></span> <span class='ocrx_word' id='word_1_398' title='bbox 1975 3764 2101 3804; x_wconf 82' lang='lat' dir='ltr'><strong>vere</strong></span> <span class='ocrx_word' id='word_1_399' title='bbox 2128 3760 2183 3804; x_wconf 90' lang='lat' dir='ltr'><strong>et</strong></span> 
     </span>
    </p>
   </div>
   <div class='ocr_carea' id='block_1_54' title="bbox 595 3839 2182 3917">
    <p class='ocr_par' dir='ltr' id='par_1_54' title="bbox 595 3839 2182 3917">
     <span class='ocr_line' id='line_1_54' title="bbox 595 3839 2182 3917; baseline -0.006 -15"><span class='ocrx_word' id='word_1_400' title='bbox 595 3864 760 3917; x_wconf 84' lang='lat' dir='ltr'><strong>opere</strong></span> <span class='ocrx_word' id='word_1_401' title='bbox 789 3847 906 3916; x_wconf 91' lang='lat' dir='ltr'><strong>ipso</strong></span> <span class='ocrx_word' id='word_1_402' title='bbox 922 3861 1040 3908; x_wconf 92' lang='lat' dir='ltr'><strong>eos,</strong></span> <span class='ocrx_word' id='word_1_403' title='bbox 1069 3845 1160 3915; x_wconf 91' lang='lat' dir='ltr'><strong>qui</strong></span> <span class='ocrx_word' id='word_1_404' title='bbox 1189 3846 1243 3897; x_wconf 89' lang='lat' dir='ltr'><strong>in</strong></span> <span class='ocrx_word' id='word_1_405' title='bbox 1276 3852 1625 3905; x_wconf 87' lang='lat' dir='ltr'><strong>testamento,</strong></span> <span class='ocrx_word' id='word_1_406' title='bbox 1676 3841 1821 3911; x_wconf 92' lang='lat' dir='ltr'><strong>quod</strong></span> <span class='ocrx_word' id='word_1_407' title='bbox 1862 3840 1937 3894; x_wconf 91' lang='lat' dir='ltr'><strong>illi</strong></span> <span class='ocrx_word' id='word_1_408' title='bbox 1970 3841 2038 3895; x_wconf 87' lang='lat' dir='ltr'><strong>ad</strong></span> <span class='ocrx_word' id='word_1_409' title='bbox 2069 3839 2182 3893; x_wconf 83' lang='lat' dir='ltr'><strong>Ma-</strong></span> 
     </span>
    </p>
   </div>
   <div class='ocr_carea' id='block_1_55' title="bbox 595 3933 2182 4001">
    <p class='ocr_par' dir='ltr' id='par_1_55' title="bbox 595 3933 2182 4001">
     <span class='ocr_line' id='line_1_55' title="bbox 595 3933 2182 4001; baseline -0.004 -9"><span class='ocrx_word' id='word_1_410' title='bbox 595 3939 707 3993; x_wconf 92' lang='lat' dir='ltr'><strong>lum</strong></span> <span class='ocrx_word' id='word_1_411' title='bbox 742 3938 1003 3996; x_wconf 83' lang='lat' dir='ltr'><strong>referunt.</strong></span> <span class='ocrx_word' id='word_1_412' title='bbox 1051 3936 1416 3997; x_wconf 87' lang='lat' dir='ltr'><strong>etninuerant,</strong></span> <span class='ocrx_word' id='word_1_413' title='bbox 1479 3933 1712 4001; x_wconf 89' lang='lat' dir='ltr'><strong>majores</strong></span> <span class='ocrx_word' id='word_1_414' title='bbox 1756 3946 1886 3985; x_wconf 92' lang='lat' dir='ltr'><strong>suos</strong></span> <span class='ocrx_word' id='word_1_415' title='bbox 1910 3938 1966 3985; x_wconf 90' lang='lat' dir='ltr'><strong>et</strong></span> <span class='ocrx_word' id='word_1_416' title='bbox 2002 3941 2182 4001; x_wconf 88' lang='lat' dir='ltr'><strong>patres</strong></span> 
     </span>
    </p>
   </div>
   <div class='ocr_carea' id='block_1_56' title="bbox 594 4023 2183 4099">
    <p class='ocr_par' dir='ltr' id='par_1_56' title="bbox 594 4023 2183 4099">
     <span class='ocr_line' id='line_1_56' title="bbox 594 4023 2183 4099; baseline -0.005 -13"><span class='ocrx_word' id='word_1_417' title='bbox 594 4047 715 4086; x_wconf 89' lang='lat' dir='ltr'><strong>esse</strong></span> <span class='ocrx_word' id='word_1_418' title='bbox 733 4029 973 4099; x_wconf 85' lang='lat' dir='ltr'><strong>jusserit,</strong></span> <span class='ocrx_word' id='word_1_419' title='bbox 1002 4037 1163 4096; x_wconf 91' lang='lat' dir='ltr'><strong>atque</strong></span> <span class='ocrx_word' id='word_1_420' title='bbox 1202 4029 1338 4080; x_wconf 79' lang='lat' dir='ltr'><strong>adeo</strong></span> <span class='ocrx_word' id='word_1_421' title='bbox 1359 4024 1559 4094; x_wconf 86' lang='lat' dir='ltr'><strong>aliquid</strong></span> <span class='ocrx_word' id='word_1_422' title='bbox 1581 4023 1847 4093; x_wconf 89' lang='lat' dir='ltr'><strong>ejusmodi</strong></span> <span class='ocrx_word' id='word_1_423' title='bbox 1870 4038 2183 4093; x_wconf 88' lang='lat' dir='ltr'><strong>assumpse-</strong></span> 
     </span>
    </p>
   </div>
   <div class='ocr_carea' id='block_1_57' title="bbox 596 4116 2183 4190">
    <p class='ocr_par' dir='ltr' id='par_1_57' title="bbox 596 4116 2183 4190">
     <span class='ocr_line' id='line_1_57' title="bbox 596 4116 2183 4190; baseline -0.004 -14"><span class='ocrx_word' id='word_1_424' title='bbox 596 4123 687 4185; x_wconf 88' lang='lat' dir='ltr'><strong>rit,</strong></span> <span class='ocrx_word' id='word_1_425' title='bbox 714 4122 873 4190; x_wconf 87' lang='lat' dir='ltr'><strong>cujus</strong></span> <span class='ocrx_word' id='word_1_426' title='bbox 897 4119 1237 4174; x_wconf 90' lang='lat' dir='ltr'><strong>conditorem</strong></span> <span class='ocrx_word' id='word_1_427' title='bbox 1271 4118 1481 4171; x_wconf 90' lang='lat' dir='ltr'><strong>hostem</strong></span> <span class='ocrx_word' id='word_1_428' title='bbox 1502 4132 1622 4169; x_wconf 87' lang='lat' dir='ltr'><strong>esse</strong></span> <span class='ocrx_word' id='word_1_429' title='bbox 1650 4116 2053 4186; x_wconf 86' lang='lat' dir='ltr'><strong>nonignorabat</strong></span> <span class='ocrx_word' id='word_1_430' title='bbox 2076 4118 2183 4170; x_wconf 84' lang='lat' dir='ltr'><strong>?Et</strong></span> 
     </span>
    </p>
   </div>
   <div class='ocr_carea' id='block_1_58' title="bbox 594 4206 2182 4283">
    <p class='ocr_par' dir='ltr' id='par_1_58' title="bbox 594 4206 2182 4283">
     <span class='ocr_line' id='line_1_58' title="bbox 594 4206 2182 4283; baseline -0.003 -17"><span class='ocrx_word' id='word_1_431' title='bbox 594 4213 867 4283; x_wconf 81' lang='lat' dir='ltr'><strong>quomodo</strong></span> <span class='ocrx_word' id='word_1_432' title='bbox 890 4227 999 4265; x_wconf 90' lang='lat' dir='ltr'><strong>non</strong></span> <span class='ocrx_word' id='word_1_433' title='bbox 1028 4226 1091 4263; x_wconf 82' lang='lat' dir='ltr'><strong>ex</strong></span> <span class='ocrx_word' id='word_1_434' title='bbox 1117 4210 1224 4263; x_wconf 90' lang='lat' dir='ltr'><strong>alio</strong></span> <span class='ocrx_word' id='word_1_435' title='bbox 1252 4208 1454 4279; x_wconf 89' lang='lat' dir='ltr'><strong>popqu</strong></span> <span class='ocrx_word' id='word_1_436' title='bbox 1500 4218 1659 4260; x_wconf 89' lang='lat' dir='ltr'><strong>natus</strong></span> <span class='ocrx_word' id='word_1_437' title='bbox 1704 4215 1808 4268; x_wconf 87' lang='lat' dir='ltr'><strong>est,</strong></span> <span class='ocrx_word' id='word_1_438' title='bbox 1850 4206 1941 4275; x_wconf 91' lang='lat' dir='ltr'><strong>qui</strong></span> <span class='ocrx_word' id='word_1_439' title='bbox 1974 4207 2182 4261; x_wconf 77' lang='lat' dir='ltr'><strong>scilicet</strong></span> 
     </span>
    </p>
   </div>
   <div class='ocr_carea' id='block_1_59' title="bbox 594 4299 2182 4374">
    <p class='ocr_par' dir='ltr' id='par_1_59' title="bbox 594 4299 2182 4374">
     <span class='ocr_line' id='line_1_59' title="bbox 594 4299 2182 4374; baseline -0.004 -16"><span class='ocrx_word' id='word_1_440' title='bbox 594 4306 704 4358; x_wconf 83' lang='lat' dir='ltr'><strong>vim</strong></span> <span class='ocrx_word' id='word_1_441' title='bbox 743 4314 803 4359; x_wconf 82' lang='lat' dir='ltr'><strong>et&#39;</strong></span> <span class='ocrx_word' id='word_1_442' title='bbox 832 4302 1131 4374; x_wconf 87' lang='lat' dir='ltr'><strong>potentiam</strong></span> <span class='ocrx_word' id='word_1_443' title='bbox 1166 4300 1369 4356; x_wconf 87' lang='lat' dir='ltr'><strong>diaboli</strong></span> <span class='ocrx_word' id='word_1_444' title='bbox 1424 4315 1533 4353; x_wconf 88' lang='lat' dir='ltr'><strong>non</strong></span> <span class='ocrx_word' id='word_1_445' title='bbox 1574 4300 1803 4369; x_wconf 88' lang='lat' dir='ltr'><strong>repetita</strong></span> <span class='ocrx_word' id='word_1_446' title='bbox 1838 4299 1953 4353; x_wconf 84' lang='lat' dir='ltr'><strong>vice</strong></span> <span class='ocrx_word' id='word_1_447' title='bbox 1982 4314 2182 4368; x_wconf 87' lang='lat' dir='ltr'><strong>exper-</strong></span> 
     </span>
    </p>
   </div>
   <div class='ocr_carea' id='block_1_60' title="bbox 597 4387 2181 4461">
    <p class='ocr_par' dir='ltr' id='par_1_60' title="bbox 597 4387 2181 4461">
     <span class='ocr_line' id='line_1_60' title="bbox 597 4387 2181 4461; baseline -0.004 -13"><span class='ocrx_word' id='word_1_448' title='bbox 597 4403 685 4448; x_wconf 90' lang='lat' dir='ltr'><strong>tus</strong></span> <span class='ocrx_word' id='word_1_449' title='bbox 709 4394 797 4458; x_wconf 91' lang='lat' dir='ltr'><strong>sit,</strong></span> <span class='ocrx_word' id='word_1_450' title='bbox 826 4394 917 4447; x_wconf 87' lang='lat' dir='ltr'><strong>sed</strong></span> <span class='ocrx_word' id='word_1_451' title='bbox 960 4408 1024 4447; x_wconf 77' lang='lat' dir='ltr'><strong>ex</strong></span> <span class='ocrx_word' id='word_1_452' title='bbox 1060 4392 1149 4446; x_wconf 90' lang='lat' dir='ltr'><strong>illo</strong></span> <span class='ocrx_word' id='word_1_453' title='bbox 1171 4390 1393 4461; x_wconf 84' lang='lat' dir='ltr'><strong>prodiit,</strong></span> <span class='ocrx_word' id='word_1_454' title='bbox 1419 4404 1579 4458; x_wconf 85' lang='lat' dir='ltr'><strong>quem</strong></span> <span class='ocrx_word' id='word_1_455' title='bbox 1611 4389 1757 4458; x_wconf 80' lang='lat' dir='ltr'><strong>leges</strong></span> <span class='ocrx_word' id='word_1_456' title='bbox 1788 4387 1985 4442; x_wconf 86' lang='lat' dir='ltr'><strong>veteris</strong></span> <span class='ocrx_word' id='word_1_457' title='bbox 2016 4396 2181 4441; x_wconf 91' lang='lat' dir='ltr'><strong>testa-</strong></span> 
     </span>
    </p>
   </div>
   <div class='ocr_carea' id='block_1_61' title="bbox 2286 1904 3863 1982">
    <p class='ocr_par' dir='ltr' id='par_1_61' title="bbox 2286 1904 3863 1982">
     <span class='ocr_line' id='line_1_61' title="bbox 2286 1904 3863 1982; baseline 0.003 -23"><span class='ocrx_word' id='word_1_458' title='bbox 2286 1904 2449 1959; x_wconf 81' lang='grc' dir='ltr'>αθλον</span> <span class='ocrx_word' id='word_1_459' title='bbox 2471 1906 2667 1971; x_wconf 83' lang='grc' dir='ltr'>διδοὺς,</span> <span class='ocrx_word' id='word_1_460' title='bbox 2689 1907 2787 1977; x_wconf 79' lang='grc' dir='ltr'><strong>τὴν</strong></span> <span class='ocrx_word' id='word_1_461' title='bbox 2817 1909 2957 1977; x_wconf 85' lang='grc' dir='ltr'><strong>μετά</strong></span> <span class='ocrx_word' id='word_1_462' title='bbox 2985 1909 3094 1961; x_wconf 89' lang='grc' dir='ltr'><strong>τῶν</strong></span> <span class='ocrx_word' id='word_1_463' title='bbox 3112 1908 3322 1977; x_wconf 84' lang='grc' dir='ltr'>ἀνδρῶν</span> <span class='ocrx_word' id='word_1_464' title='bbox 3342 1908 3565 1962; x_wconf 79' lang='grc' dir='ltr'>ἐκείνων</span> <span class='ocrx_word' id='word_1_465' title='bbox 3590 1910 3647 1963; x_wconf 81' lang='grc' dir='ltr'><strong>ἐν</strong></span> <span class='ocrx_word' id='word_1_466' title='bbox 3662 1912 3733 1982; x_wconf 73' lang='grc' dir='ltr'>τῇ</span> <span class='ocrx_word' id='word_1_467' title='bbox 3761 1910 3863 1963; x_wconf 84' lang='grc' dir='ltr'><strong>τῶν</strong></span> 
     </span>
    </p>
   </div>
   <div class='ocr_carea' id='block_1_62' title="bbox 2284 1997 3865 2071">
    <p class='ocr_par' dir='ltr' id='par_1_62' title="bbox 2284 1997 3865 2071">
     <span class='ocr_line' id='line_1_62' title="bbox 2284 1997 3865 2071; baseline 0.004 -22"><span class='ocrx_word' id='word_1_468' title='bbox 2284 1997 2531 2067; x_wconf 83' lang='grc' dir='ltr'>οὐρανῶν</span> <span class='ocrx_word' id='word_1_469' title='bbox 2592 1998 2841 2071; x_wconf 75' lang='grc' dir='ltr'>βασιλείᾳ</span> <span class='ocrx_word' id='word_1_470' title='bbox 2880 2001 3280 2068; x_wconf 80' lang='grc' dir='ltr'>ἐπαγγέλλεται</span> <span class='ocrx_word' id='word_1_471' title='bbox 3338 2001 3667 2068; x_wconf 88' lang='grc' dir='ltr'>συναυλίαν;</span> <span class='ocrx_word' id='word_1_472' title='bbox 3708 2001 3865 2071; x_wconf 73' lang='grc' dir='ltr'>Λέγω</span> 
     </span>
    </p>
   </div>
   <div class='ocr_carea' id='block_1_63' title="bbox 2284 2088 3865 2162">
    <p class='ocr_par' dir='ltr' id='par_1_63' title="bbox 2284 2088 3865 2162">
     <span class='ocr_line' id='line_1_63' title="bbox 2284 2088 3865 2162; baseline 0.002 -20"><span class='ocrx_word' id='word_1_473' title='bbox 2284 2088 2397 2158; x_wconf 78' lang='grc' dir='ltr'>γὰρ</span> <span class='ocrx_word' id='word_1_474' title='bbox 2426 2090 2588 2159; x_wconf 84' lang='grc' dir='ltr'>ὑμῖν,</span> <span class='ocrx_word' id='word_1_475' title='bbox 2617 2090 2707 2144; x_wconf 83' lang='grc' dir='ltr'>ὅτι</span> <span class='ocrx_word' id='word_1_476' title='bbox 2747 2092 2968 2145; x_wconf 73' lang='grc' dir='ltr'>πολλοὶ</span> <span class='ocrx_word' id='word_1_477' title='bbox 2990 2092 3110 2147; x_wconf 80' lang='grc' dir='ltr'>ἀπὸ</span> <span class='ocrx_word' id='word_1_478' title='bbox 3147 2092 3466 2147; x_wconf 70' lang='grc' dir='ltr'>ἀνατολῶν</span> <span class='ocrx_word' id='word_1_479' title='bbox 3492 2094 3592 2147; x_wconf 77' lang='grc' dir='ltr'>καὶ</span> <span class='ocrx_word' id='word_1_480' title='bbox 3618 2094 3865 2162; x_wconf 80' lang='grc' dir='ltr'>δυσμῶν</span> 
     </span>
    </p>
   </div>
   <div class='ocr_carea' id='block_1_64' title="bbox 2287 2180 3861 2256">
    <p class='ocr_par' dir='ltr' id='par_1_64' title="bbox 2287 2180 3861 2256">
     <span class='ocr_line' id='line_1_64' title="bbox 2287 2180 3861 2256; baseline 0.003 -21"><span class='ocrx_word' id='word_1_481' title='bbox 2287 2180 2529 2249; x_wconf 79' lang='grc' dir='ltr'>ἥξουσι,</span> <span class='ocrx_word' id='word_1_482' title='bbox 2563 2184 2660 2237; x_wconf 77' lang='grc' dir='ltr'>καὶ</span> <span class='ocrx_word' id='word_1_483' title='bbox 2690 2184 3204 2251; x_wconf 71' lang='grc' dir='ltr'><strong>ἀνακλιθήσονται</strong></span> <span class='ocrx_word' id='word_1_484' title='bbox 3242 2190 3394 2255; x_wconf 78' lang='grc' dir='ltr'>μετὰ</span> <span class='ocrx_word' id='word_1_485' title='bbox 3444 2188 3706 2256; x_wconf 80' lang='grc' dir='ltr'>Ἀϐραὰμ</span> <span class='ocrx_word' id='word_1_486' title='bbox 3766 2189 3861 2240; x_wconf 80' lang='grc' dir='ltr'><strong>καί</strong></span> 
     </span>
    </p>
   </div>
   <div class='ocr_carea' id='block_1_65' title="bbox 2298 2276 3861 2349">
    <p class='ocr_par' dir='ltr' id='par_1_65' title="bbox 2298 2276 3861 2349">
     <span class='ocr_line' id='line_1_65' title="bbox 2298 2276 3861 2349; baseline 0.001 -20"><span class='ocrx_word' id='word_1_487' title='bbox 2298 2276 2498 2330; x_wconf 83' lang='grc' dir='ltr'>Ἰσαὰκ</span> <span class='ocrx_word' id='word_1_488' title='bbox 2536 2276 2633 2329; x_wconf 77' lang='grc' dir='ltr'><strong>καί</strong></span> <span class='ocrx_word' id='word_1_489' title='bbox 2682 2276 2883 2332; x_wconf 82' lang='grc' dir='ltr'>Ἰακὼϐ</span> <span class='ocrx_word' id='word_1_490' title='bbox 2913 2278 2982 2333; x_wconf 76' lang='grc' dir='ltr'><strong>ἐν</strong></span> <span class='ocrx_word' id='word_1_491' title='bbox 3001 2278 3075 2347; x_wconf 79' lang='grc' dir='ltr'>τῇ</span> <span class='ocrx_word' id='word_1_492' title='bbox 3107 2280 3397 2349; x_wconf 74' lang='grc' dir='ltr'><strong>βασιλείᾳ</strong></span> <span class='ocrx_word' id='word_1_493' title='bbox 3418 2280 3537 2335; x_wconf 80' lang='grc' dir='ltr'>τῶν</span> <span class='ocrx_word' id='word_1_494' title='bbox 3570 2278 3861 2345; x_wconf 71' lang='grc' dir='ltr'>οὐρανῶν.</span> 
     </span>
    </p>
   </div>
   <div class='ocr_carea' id='block_1_66' title="bbox 2284 2365 3866 2446">
    <p class='ocr_par' dir='ltr' id='par_1_66' title="bbox 2284 2365 3866 2446">
     <span class='ocr_line' id='line_1_66' title="bbox 2284 2365 3866 2446; baseline 0.003 -24"><span class='ocrx_word' id='word_1_495' title='bbox 2284 2365 2432 2440; x_wconf 74' lang='grc' dir='ltr'>Ἀρα</span> <span class='ocrx_word' id='word_1_496' title='bbox 2456 2370 2567 2443; x_wconf 77' lang='grc' dir='ltr'><strong>γάρ</strong></span> <span class='ocrx_word' id='word_1_497' title='bbox 2592 2371 2752 2425; x_wconf 77' lang='grc' dir='ltr'>τοῦτο</span> <span class='ocrx_word' id='word_1_498' title='bbox 2772 2371 3003 2427; x_wconf 79' lang='grc' dir='ltr'>ἔπαθλον</span> <span class='ocrx_word' id='word_1_499' title='bbox 3026 2374 3136 2436; x_wconf 77' lang='grc' dir='ltr'>τοῖς</span> <span class='ocrx_word' id='word_1_500' title='bbox 3160 2375 3527 2442; x_wconf 83' lang='grc' dir='ltr'>ἐπεγνωκόσιν</span> <span class='ocrx_word' id='word_1_501' title='bbox 3548 2375 3715 2428; x_wconf 87' lang='grc' dir='ltr'>αὑτόν</span> <span class='ocrx_word' id='word_1_502' title='bbox 3731 2394 3745 2441; x_wconf 90' lang='grc'>;</span> <span class='ocrx_word' id='word_1_503' title='bbox 3763 2370 3866 2446; x_wconf 78' lang='grc' dir='ltr'>ἄρα</span> 
     </span>
    </p>
   </div>
   <div class='ocr_carea' id='block_1_67' title="bbox 2283 2460 3861 2537">
    <p class='ocr_par' dir='ltr' id='par_1_67' title="bbox 2283 2460 3861 2537">
     <span class='ocr_line' id='line_1_67' title="bbox 2283 2460 3861 2537; baseline 0.004 -23"><span class='ocrx_word' id='word_1_504' title='bbox 2283 2460 2441 2515; x_wconf 83' lang='grc' dir='ltr'>τοῦτο</span> <span class='ocrx_word' id='word_1_505' title='bbox 2478 2463 2650 2533; x_wconf 87' lang='grc' dir='ltr'>δῶρον</span> <span class='ocrx_word' id='word_1_506' title='bbox 2686 2466 2818 2528; x_wconf 88' lang='grc' dir='ltr'>τοῖς,</span> <span class='ocrx_word' id='word_1_507' title='bbox 2852 2465 2969 2519; x_wconf 85' lang='grc' dir='ltr'>ὅσοι</span> <span class='ocrx_word' id='word_1_508' title='bbox 3018 2465 3116 2529; x_wconf 76' lang='grc' dir='ltr'><strong>τὰς</strong></span> <span class='ocrx_word' id='word_1_509' title='bbox 3167 2467 3383 2535; x_wconf 81' lang='grc' dir='ltr'>σφαγὰς</span> <span class='ocrx_word' id='word_1_510' title='bbox 3431 2466 3672 2537; x_wconf 76' lang='grc' dir='ltr'>ὑπέσχον</span> <span class='ocrx_word' id='word_1_511' title='bbox 3727 2468 3861 2537; x_wconf 82' lang='grc' dir='ltr'>ὑπὲρ</span> 
     </span>
    </p>
   </div>
   <div class='ocr_carea' id='block_1_68' title="bbox 2286 2552 3865 2629">
    <p class='ocr_par' dir='ltr' id='par_1_68' title="bbox 2286 2552 3865 2629">
     <span class='ocr_line' id='line_1_68' title="bbox 2286 2552 3865 2629; baseline 0.004 -24"><span class='ocrx_word' id='word_1_512' title='bbox 2286 2552 2485 2620; x_wconf 72' lang='grc' dir='ltr'>αὐτοῦς</span> <span class='ocrx_word' id='word_1_513' title='bbox 2539 2554 2698 2608; x_wconf 83' lang='grc' dir='ltr'>τοῦτο</span> <span class='ocrx_word' id='word_1_514' title='bbox 2755 2555 3075 2627; x_wconf 73' lang='grc' dir='ltr'>φιλοτιμίας</span> <span class='ocrx_word' id='word_1_515' title='bbox 3121 2558 3280 2610; x_wconf 73' lang='grc' dir='ltr'>τοῦτο</span> <span class='ocrx_word' id='word_1_516' title='bbox 3310 2558 3581 2625; x_wconf 79' lang='grc' dir='ltr'>ἔπαθλον,</span> <span class='ocrx_word' id='word_1_517' title='bbox 3614 2558 3675 2610; x_wconf 86' lang='grc' dir='ltr'><strong>τὸ</strong></span> <span class='ocrx_word' id='word_1_518' title='bbox 3733 2558 3865 2629; x_wconf 84' lang='grc' dir='ltr'><strong>μετά</strong></span> 
     </span>
    </p>
   </div>
   <div class='ocr_carea' id='block_1_69' title="bbox 2285 2642 3865 2716">
    <p class='ocr_par' dir='ltr' id='par_1_69' title="bbox 2285 2642 3865 2716">
     <span class='ocr_line' id='line_1_69' title="bbox 2285 2642 3865 2716; baseline 0.004 -22"><span class='ocrx_word' id='word_1_519' title='bbox 2285 2642 2393 2696; x_wconf 90' lang='grc' dir='ltr'><strong>τῶν</strong></span> <span class='ocrx_word' id='word_1_520' title='bbox 2444 2642 2855 2715; x_wconf 86' lang='grc' dir='ltr'>θεραπευόντων</span> <span class='ocrx_word' id='word_1_521' title='bbox 2903 2645 2997 2699; x_wconf 81' lang='grc' dir='ltr'><strong>τοῦ</strong></span> <span class='ocrx_word' id='word_1_522' title='bbox 3052 2645 3298 2716; x_wconf 80' lang='grc' dir='ltr'>Πονηροῦ</span> <span class='ocrx_word' id='word_1_523' title='bbox 3334 2649 3428 2700; x_wconf 81' lang='grc' dir='ltr'>καὶ</span> <span class='ocrx_word' id='word_1_524' title='bbox 3472 2648 3740 2711; x_wconf 86' lang='grc' dir='ltr'>συνεῖναι,</span> <span class='ocrx_word' id='word_1_525' title='bbox 3773 2648 3865 2700; x_wconf 77' lang='grc' dir='ltr'><strong>καὶ</strong></span> 
     </span>
    </p>
   </div>
   <div class='ocr_carea' id='block_1_70' title="bbox 2287 2735 3865 2806">
    <p class='ocr_par' dir='ltr' id='par_1_70' title="bbox 2287 2735 3865 2806">
     <span class='ocr_line' id='line_1_70' title="bbox 2287 2735 3865 2806; baseline 0.002 -19"><span class='ocrx_word' id='word_1_526' title='bbox 2287 2735 2764 2806; x_wconf 82' lang='grc' dir='ltr'>συναριθμεῖσθαι,</span> <span class='ocrx_word' id='word_1_527' title='bbox 2810 2737 2905 2790; x_wconf 75' lang='grc' dir='ltr'>καὶ</span> <span class='ocrx_word' id='word_1_528' title='bbox 2938 2737 3432 2806; x_wconf 78' lang='grc' dir='ltr'>συναγελάζεσθαι;</span> <span class='ocrx_word' id='word_1_529' title='bbox 3485 2740 3595 2793; x_wconf 78' lang='grc' dir='ltr'>Καὶ</span> <span class='ocrx_word' id='word_1_530' title='bbox 3646 2742 3865 2793; x_wconf 76' lang='grc' dir='ltr'>ποίαεν</span> 
     </span>
    </p>
   </div>
   <div class='ocr_carea' id='block_1_71' title="bbox 2228 2825 3865 2906">
    <p class='ocr_par' dir='ltr' id='par_1_71' title="bbox 2228 2825 3865 2906">
     <span class='ocr_line' id='line_1_71' title="bbox 2228 2825 3865 2906; baseline 0.003 -27"><span class='ocrx_word' id='word_1_531' title='bbox 2228 2892 2241 2906; x_wconf 50' lang='lat'><em>.</em></span> <span class='ocrx_word' id='word_1_532' title='bbox 2285 2825 2459 2879; x_wconf 80' lang='grc' dir='ltr'>ταῦτα</span> <span class='ocrx_word' id='word_1_533' title='bbox 2512 2827 2761 2894; x_wconf 79' lang='grc' dir='ltr'>ἀνέξεται</span> <span class='ocrx_word' id='word_1_534' title='bbox 2792 2826 2930 2900; x_wconf 74' lang='grc' dir='ltr'>ἀκοὴ</span> <span class='ocrx_word' id='word_1_535' title='bbox 2966 2830 3226 2900; x_wconf 78' lang='grc' dir='ltr'>ῥημάτων</span> <span class='ocrx_word' id='word_1_536' title='bbox 3269 2832 3407 2896; x_wconf 83' lang='grc' dir='ltr'>ὅλως</span> <span class='ocrx_word' id='word_1_537' title='bbox 3463 2830 3663 2902; x_wconf 80' lang='grc' dir='ltr'>ἔχουσα</span> <span class='ocrx_word' id='word_1_538' title='bbox 3696 2831 3865 2905; x_wconf 72' lang='grc' dir='ltr'>ἀκοὴν</span> 
     </span>
    </p>
   </div>
   <div class='ocr_carea' id='block_1_72' title="bbox 2287 2916 2492 2985">
    <p class='ocr_par' dir='ltr' id='par_1_72' title="bbox 2287 2916 2492 2985">
     <span class='ocr_line' id='line_1_72' title="bbox 2287 2916 2492 2985; baseline 0.01 -16"><span class='ocrx_word' id='word_1_539' title='bbox 2287 2916 2443 2970; x_wconf 81' lang='grc' dir='ltr'>θείων</span> <span class='ocrx_word' id='word_1_540' title='bbox 2477 2937 2492 2985; x_wconf 87' lang='grc'><strong>;</strong></span> 
     </span>
    </p>
   </div>
   <div class='ocr_carea' id='block_1_73' title="bbox 2358 3011 3864 3087">
    <p class='ocr_par' dir='ltr' id='par_1_73' title="bbox 2358 3011 3864 3087">
     <span class='ocr_line' id='line_1_73' title="bbox 2358 3011 3864 3087; baseline 0.004 -24"><span class='ocrx_word' id='word_1_541' title='bbox 2358 3011 2431 3064; x_wconf 86' lang='grc' dir='ltr'><strong>Ε’.</strong></span> <span class='ocrx_word' id='word_1_542' title='bbox 2459 3011 2567 3064; x_wconf 77' lang='grc' dir='ltr'><strong>Καὶ</strong></span> <span class='ocrx_word' id='word_1_543' title='bbox 2590 3013 2638 3065; x_wconf 85' lang='grc' dir='ltr'><strong>εί</strong></span> <span class='ocrx_word' id='word_1_544' title='bbox 2670 3012 2703 3083; x_wconf 77' lang='grc' dir='ltr'>ἠ</span> <span class='ocrx_word' id='word_1_545' title='bbox 2732 3011 2953 3067; x_wconf 81' lang='grc' dir='ltr'>Παλαιὰ</span> <span class='ocrx_word' id='word_1_546' title='bbox 2980 3013 3076 3067; x_wconf 82' lang='grc' dir='ltr'>τοῦ</span> <span class='ocrx_word' id='word_1_547' title='bbox 3106 3013 3355 3068; x_wconf 86' lang='grc' dir='ltr'>διαϐόλου</span> <span class='ocrx_word' id='word_1_548' title='bbox 3385 3012 3474 3087; x_wconf 79' lang='grc' dir='ltr'>ἦν,</span> <span class='ocrx_word' id='word_1_549' title='bbox 3508 3016 3623 3080; x_wconf 86' lang='grc' dir='ltr'><strong>πῶς</strong></span> <span class='ocrx_word' id='word_1_550' title='bbox 3652 3019 3680 3071; x_wconf 90' lang='grc' dir='ltr'><strong>ό</strong></span> <span class='ocrx_word' id='word_1_551' title='bbox 3714 3020 3864 3071; x_wconf 81' lang='grc' dir='ltr'>Ματ-</span> 
     </span>
    </p>
   </div>
   <div class='ocr_carea' id='block_1_74' title="bbox 2289 3104 3863 3177">
    <p class='ocr_par' dir='ltr' id='par_1_74' title="bbox 2289 3104 3863 3177">
     <span class='ocr_line' id='line_1_74' title="bbox 2289 3104 3863 3177; baseline 0 -19"><span class='ocrx_word' id='word_1_552' title='bbox 2289 3106 2437 3169; x_wconf 82' lang='grc' dir='ltr'>θαίος</span> <span class='ocrx_word' id='word_1_553' title='bbox 2460 3106 2555 3157; x_wconf 83' lang='grc' dir='ltr'>καὶ</span> <span class='ocrx_word' id='word_1_554' title='bbox 2595 3106 2809 3168; x_wconf 78' lang='grc' dir='ltr'>Λουκᾶς</span> <span class='ocrx_word' id='word_1_555' title='bbox 2832 3106 2929 3176; x_wconf 83' lang='grc' dir='ltr'>τὴν</span> <span class='ocrx_word' id='word_1_556' title='bbox 2982 3104 3078 3159; x_wconf 83' lang='grc' dir='ltr'>τοῦ</span> <span class='ocrx_word' id='word_1_557' title='bbox 3125 3107 3377 3177; x_wconf 80' lang='grc' dir='ltr'>Σωτῆρος</span> <span class='ocrx_word' id='word_1_558' title='bbox 3422 3107 3863 3170; x_wconf 74' lang='grc' dir='ltr'>ἀναπτύσσοντες</span> 
     </span>
    </p>
   </div>
   <div class='ocr_carea' id='block_1_75' title="bbox 2288 3196 3861 3269">
    <p class='ocr_par' dir='ltr' id='par_1_75' title="bbox 2288 3196 3861 3269">
     <span class='ocr_line' id='line_1_75' title="bbox 2288 3196 3861 3269; baseline 0.001 -20"><span class='ocrx_word' id='word_1_559' title='bbox 2288 3196 2663 3267; x_wconf 76' lang='grc' dir='ltr'>γενεαλογίαν,</span> <span class='ocrx_word' id='word_1_560' title='bbox 2716 3198 3017 3267; x_wconf 87' lang='grc' dir='ltr'>προγόνους</span> <span class='ocrx_word' id='word_1_561' title='bbox 3069 3197 3234 3250; x_wconf 83' lang='grc' dir='ltr'>αὑτοῦ</span> <span class='ocrx_word' id='word_1_562' title='bbox 3289 3199 3385 3251; x_wconf 80' lang='grc' dir='ltr'><strong>καὶ</strong></span> <span class='ocrx_word' id='word_1_563' title='bbox 3418 3196 3660 3269; x_wconf 78' lang='grc' dir='ltr'>πατέρας</span> <span class='ocrx_word' id='word_1_564' title='bbox 3716 3199 3861 3260; x_wconf 76' lang='grc' dir='ltr'>τοὺς,</span> 
     </span>
    </p>
   </div>
   <div class='ocr_carea' id='block_1_76' title="bbox 2283 3286 3865 3361">
    <p class='ocr_par' dir='ltr' id='par_1_76' title="bbox 2283 3286 3865 3361">
     <span class='ocr_line' id='line_1_76' title="bbox 2283 3286 3865 3361; baseline 0.001 -20"><span class='ocrx_word' id='word_1_565' title='bbox 2283 3286 2375 3351; x_wconf 77' lang='grc' dir='ltr'><strong>οὓς</strong></span> <span class='ocrx_word' id='word_1_566' title='bbox 2410 3290 2443 3356; x_wconf 80' lang='grc' dir='ltr'><strong>ἡ</strong></span> <span class='ocrx_word' id='word_1_567' title='bbox 2476 3288 2694 3342; x_wconf 81' lang='grc' dir='ltr'>Παλαιὰ</span> <span class='ocrx_word' id='word_1_568' title='bbox 2718 3289 2873 3349; x_wconf 81' lang='grc' dir='ltr'>κλέος</span> <span class='ocrx_word' id='word_1_569' title='bbox 2904 3286 3071 3360; x_wconf 78' lang='grc' dir='ltr'>εἶχεν,</span> <span class='ocrx_word' id='word_1_570' title='bbox 3096 3290 3475 3361; x_wconf 80' lang='grc' dir='ltr'>ἀναγράφουσι</span> <span class='ocrx_word' id='word_1_571' title='bbox 3499 3307 3513 3355; x_wconf 89' lang='lat'><strong>;</strong></span> <span class='ocrx_word' id='word_1_572' title='bbox 3542 3291 3665 3353; x_wconf 89' lang='grc' dir='ltr'><strong>Πῶς</strong></span> <span class='ocrx_word' id='word_1_573' title='bbox 3695 3291 3811 3359; x_wconf 75' lang='grc' dir='ltr'><strong>γὰρ</strong></span> <span class='ocrx_word' id='word_1_574' title='bbox 3837 3290 3865 3342; x_wconf 89' lang='grc' dir='ltr'><strong>ὀ</strong></span> 
     </span>
    </p>
   </div>
   <div class='ocr_carea' id='block_1_77' title="bbox 2284 3378 3863 3453">
    <p class='ocr_par' dir='ltr' id='par_1_77' title="bbox 2284 3378 3863 3453">
     <span class='ocr_line' id='line_1_77' title="bbox 2284 3378 3863 3453; baseline -0.001 -21"><span class='ocrx_word' id='word_1_575' title='bbox 2284 3379 2485 3447; x_wconf 80' lang='grc' dir='ltr'>ἀγαθὸς</span> <span class='ocrx_word' id='word_1_576' title='bbox 2513 3380 2646 3443; x_wconf 79' lang='grc' dir='ltr'>Θεὸς</span> <span class='ocrx_word' id='word_1_577' title='bbox 2739 3385 2795 3433; x_wconf 85' lang='grc' dir='ltr'><strong>ὲν</strong></span> <span class='ocrx_word' id='word_1_578' title='bbox 2825 3381 3063 3450; x_wconf 82' lang='grc' dir='ltr'>σχήματι</span> <span class='ocrx_word' id='word_1_579' title='bbox 3087 3379 3180 3432; x_wconf 77' lang='grc' dir='ltr'><strong>καὶ</strong></span> <span class='ocrx_word' id='word_1_580' title='bbox 3211 3381 3498 3451; x_wconf 77' lang='grc' dir='ltr'>ὑποκρίσει</span> <span class='ocrx_word' id='word_1_581' title='bbox 3518 3397 3534 3446; x_wconf 89' lang='grc'>;</span> <span class='ocrx_word' id='word_1_582' title='bbox 3558 3380 3718 3433; x_wconf 80' lang='grc' dir='ltr'>Ἐστι</span> <span class='ocrx_word' id='word_1_583' title='bbox 3737 3380 3863 3449; x_wconf 80' lang='grc' dir='ltr'>γάρ,</span> 
     </span>
    </p>
   </div>
   <div class='ocr_carea' id='block_1_78' title="bbox 2284 3472 3861 3544">
    <p class='ocr_par' dir='ltr' id='par_1_78' title="bbox 2284 3472 3861 3544">
     <span class='ocr_line' id='line_1_78' title="bbox 2284 3472 3861 3544; baseline 0.001 -21"><span class='ocrx_word' id='word_1_584' title='bbox 2284 3472 2400 3524; x_wconf 78' lang='grc' dir='ltr'>ἔστι</span> <span class='ocrx_word' id='word_1_585' title='bbox 2428 3489 2513 3534; x_wconf 88' lang='grc' dir='ltr'><strong>τις</strong></span> <span class='ocrx_word' id='word_1_586' title='bbox 2548 3474 2645 3542; x_wconf 78' lang='grc' dir='ltr'><strong>τῆς</strong></span> <span class='ocrx_word' id='word_1_587' title='bbox 2692 3472 3030 3536; x_wconf 87' lang='grc' dir='ltr'>ἀποστασίας</span> <span class='ocrx_word' id='word_1_588' title='bbox 3068 3472 3274 3544; x_wconf 83' lang='grc' dir='ltr'>ταύτης</span> <span class='ocrx_word' id='word_1_589' title='bbox 3321 3474 3421 3526; x_wconf 89' lang='grc' dir='ltr'><strong>οὑκ</strong></span> <span class='ocrx_word' id='word_1_590' title='bbox 3476 3472 3632 3542; x_wconf 81' lang='grc' dir='ltr'>ὀλίγη</span> <span class='ocrx_word' id='word_1_591' title='bbox 3673 3475 3861 3543; x_wconf 79' lang='grc' dir='ltr'>μοῖρα,</span> 
     </span>
    </p>
   </div>
   <div class='ocr_carea' id='block_1_79' title="bbox 2284 3565 3864 3640">
    <p class='ocr_par' dir='ltr' id='par_1_79' title="bbox 2284 3565 3864 3640">
     <span class='ocr_line' id='line_1_79' title="bbox 2284 3565 3864 3640; baseline -0.001 -22"><span class='ocrx_word' id='word_1_592' title='bbox 2284 3566 2376 3619; x_wconf 71' lang='grc' dir='ltr'>καὶ</span> <span class='ocrx_word' id='word_1_593' title='bbox 2404 3566 2610 3635; x_wconf 88' lang='grc' dir='ltr'>ταύτην</span> <span class='ocrx_word' id='word_1_594' title='bbox 2641 3566 2739 3638; x_wconf 82' lang='grc' dir='ltr'>τὴν</span> <span class='ocrx_word' id='word_1_595' title='bbox 2765 3566 2973 3620; x_wconf 89' lang='grc' dir='ltr'>λύσσαν</span> <span class='ocrx_word' id='word_1_596' title='bbox 3000 3568 3143 3619; x_wconf 87' lang='grc' dir='ltr'><strong>κατά</strong></span> <span class='ocrx_word' id='word_1_597' title='bbox 3177 3566 3278 3637; x_wconf 80' lang='grc' dir='ltr'><strong>τῆς</strong></span> <span class='ocrx_word' id='word_1_598' title='bbox 3316 3567 3585 3640; x_wconf 84' lang='grc' dir='ltr'>ἐνσάρκου</span> <span class='ocrx_word' id='word_1_599' title='bbox 3633 3566 3731 3618; x_wconf 74' lang='grc' dir='ltr'>τοῦ</span> <span class='ocrx_word' id='word_1_600' title='bbox 3764 3565 3864 3619; x_wconf 86' lang='grc' dir='ltr'><strong>Λό-</strong></span> 
     </span>
    </p>
   </div>
   <div class='ocr_carea' id='block_1_80' title="bbox 2282 3658 3861 3731">
    <p class='ocr_par' dir='ltr' id='par_1_80' title="bbox 2282 3658 3861 3731">
     <span class='ocr_line' id='line_1_80' title="bbox 2282 3658 3861 3731; baseline 0.001 -22"><span class='ocrx_word' id='word_1_601' title='bbox 2282 3674 2380 3725; x_wconf 89' lang='grc' dir='ltr'><strong>γου</strong></span> <span class='ocrx_word' id='word_1_602' title='bbox 2405 3659 2705 3729; x_wconf 87' lang='grc' dir='ltr'>παρουσίας</span> <span class='ocrx_word' id='word_1_603' title='bbox 2732 3660 3103 3731; x_wconf 87' lang='grc' dir='ltr'>προφέρουσα.</span> <span class='ocrx_word' id='word_1_604' title='bbox 3141 3658 3305 3712; x_wconf 80' lang='grc' dir='ltr'>Ἀλλὰ</span> <span class='ocrx_word' id='word_1_605' title='bbox 3337 3660 3453 3722; x_wconf 84' lang='grc' dir='ltr'><strong>πῶς</strong></span> <span class='ocrx_word' id='word_1_606' title='bbox 3490 3661 3518 3712; x_wconf 91' lang='lat'><strong>6</strong></span> <span class='ocrx_word' id='word_1_607' title='bbox 3564 3659 3803 3725; x_wconf 80' lang='grc' dir='ltr'>Ἀγαθὸς</span> <span class='ocrx_word' id='word_1_608' title='bbox 3829 3659 3861 3729; x_wconf 83' lang='grc' dir='ltr'>ἢ</span> 
     </span>
    </p>
   </div>
   <div class='ocr_carea' id='block_1_81' title="bbox 2283 3749 3863 3823">
    <p class='ocr_par' dir='ltr' id='par_1_81' title="bbox 2283 3749 3863 3823">
     <span class='ocr_line' id='line_1_81' title="bbox 2283 3749 3863 3823; baseline 0.002 -23"><span class='ocrx_word' id='word_1_609' title='bbox 2283 3749 2427 3801; x_wconf 84' lang='grc' dir='ltr'><strong>κατά</strong></span> <span class='ocrx_word' id='word_1_610' title='bbox 2450 3750 2830 3819; x_wconf 76' lang='grc' dir='ltr'>σχηματισμὸν</span> <span class='ocrx_word' id='word_1_611' title='bbox 2856 3750 2951 3803; x_wconf 73' lang='grc' dir='ltr'><strong>καὶ</strong></span> <span class='ocrx_word' id='word_1_612' title='bbox 2996 3750 3309 3821; x_wconf 87' lang='grc' dir='ltr'>ὑπόκρισιν,</span> <span class='ocrx_word' id='word_1_613' title='bbox 3340 3751 3373 3821; x_wconf 82' lang='grc' dir='ltr'><strong>ἢ</strong></span> <span class='ocrx_word' id='word_1_614' title='bbox 3412 3753 3468 3804; x_wconf 81' lang='grc' dir='ltr'><strong>ἐν</strong></span> <span class='ocrx_word' id='word_1_615' title='bbox 3498 3751 3735 3823; x_wconf 75' lang='grc' dir='ltr'>ἀληθείᾳ</span> <span class='ocrx_word' id='word_1_616' title='bbox 3769 3752 3863 3803; x_wconf 77' lang='grc' dir='ltr'>καὶ</span> 
     </span>
    </p>
   </div>
   <div class='ocr_carea' id='block_1_82' title="bbox 2284 3840 3861 3914">
    <p class='ocr_par' dir='ltr' id='par_1_82' title="bbox 2284 3840 3861 3914">
     <span class='ocr_line' id='line_1_82' title="bbox 2284 3840 3861 3914; baseline 0.002 -22"><span class='ocrx_word' id='word_1_617' title='bbox 2284 3840 2514 3909; x_wconf 78' lang='grc' dir='ltr'>ὑπάρξει</span> <span class='ocrx_word' id='word_1_618' title='bbox 2557 3843 2682 3905; x_wconf 84' lang='grc' dir='ltr'>τοὺς</span> <span class='ocrx_word' id='word_1_619' title='bbox 2715 3843 2771 3893; x_wconf 85' lang='grc' dir='ltr'><strong>ἐν</strong></span> <span class='ocrx_word' id='word_1_620' title='bbox 2797 3844 2862 3913; x_wconf 82' lang='grc' dir='ltr'>τῇ</span> <span class='ocrx_word' id='word_1_621' title='bbox 2905 3843 3117 3911; x_wconf 71' lang='grc' dir='ltr'>πονηρᾷ</span> <span class='ocrx_word' id='word_1_622' title='bbox 3162 3841 3571 3913; x_wconf 79' lang='grc' dir='ltr'>διαπρέψαντας</span> <span class='ocrx_word' id='word_1_623' title='bbox 3606 3844 3861 3914; x_wconf 78' lang='grc' dir='ltr'>Διαθήκῃ</span> 
     </span>
    </p>
   </div>
   <div class='ocr_carea' id='block_1_83' title="bbox 2282 3931 3860 4003">
    <p class='ocr_par' dir='ltr' id='par_1_83' title="bbox 2282 3931 3860 4003">
     <span class='ocr_line' id='line_1_83' title="bbox 2282 3931 3860 4003; baseline 0.004 -20"><span class='ocrx_word' id='word_1_624' title='bbox 2282 3931 2528 4001; x_wconf 84' lang='grc' dir='ltr'>πατέρας</span> <span class='ocrx_word' id='word_1_625' title='bbox 2557 3935 2650 3987; x_wconf 82' lang='grc' dir='ltr'><strong>καὶ</strong></span> <span class='ocrx_word' id='word_1_626' title='bbox 2678 3934 2975 4003; x_wconf 76' lang='grc' dir='ltr'>προγόνους</span> <span class='ocrx_word' id='word_1_627' title='bbox 3000 3933 3195 3987; x_wconf 84' lang='grc' dir='ltr'>ἐαυτοῦ</span> <span class='ocrx_word' id='word_1_628' title='bbox 3220 3935 3474 4001; x_wconf 87' lang='grc' dir='ltr'>γενέσθαι</span> <span class='ocrx_word' id='word_1_629' title='bbox 3509 3935 3860 4002; x_wconf 79' lang='grc' dir='ltr'>κατεδέξατο,</span> 
     </span>
    </p>
   </div>
   <div class='ocr_carea' id='block_1_84' title="bbox 2283 4023 3862 4097">
    <p class='ocr_par' dir='ltr' id='par_1_84' title="bbox 2283 4023 3862 4097">
     <span class='ocr_line' id='line_1_84' title="bbox 2283 4023 3862 4097; baseline 0.003 -22"><span class='ocrx_word' id='word_1_630' title='bbox 2283 4023 2377 4075; x_wconf 74' lang='grc' dir='ltr'><strong>καὶ</strong></span> <span class='ocrx_word' id='word_1_631' title='bbox 2410 4023 2651 4077; x_wconf 87' lang='grc' dir='ltr'>τοιούτου</span> <span class='ocrx_word' id='word_1_632' title='bbox 2707 4025 3021 4094; x_wconf 83' lang='grc' dir='ltr'>σπέρματος</span> <span class='ocrx_word' id='word_1_633' title='bbox 3061 4025 3441 4091; x_wconf 83' lang='grc' dir='ltr'>ἐπιλαϐέσθαι,</span> <span class='ocrx_word' id='word_1_634' title='bbox 3498 4023 3559 4082; x_wconf 74' lang='grc' dir='ltr'>οὗ</span> <span class='ocrx_word' id='word_1_635' title='bbox 3612 4027 3862 4097; x_wconf 88' lang='grc' dir='ltr'>πλάστην</span> 
     </span>
    </p>
   </div>
   <div class='ocr_carea' id='block_1_85' title="bbox 2281 4114 3864 4186">
    <p class='ocr_par' dir='ltr' id='par_1_85' title="bbox 2281 4114 3864 4186">
     <span class='ocr_line' id='line_1_85' title="bbox 2281 4114 3864 4186; baseline 0.003 -21"><span class='ocrx_word' id='word_1_636' title='bbox 2281 4114 2382 4167; x_wconf 86' lang='grc' dir='ltr'><strong>οὑκ</strong></span> <span class='ocrx_word' id='word_1_637' title='bbox 2431 4114 2616 4183; x_wconf 69' lang='grc' dir='ltr'>ἠγνόει</span> <span class='ocrx_word' id='word_1_638' title='bbox 2664 4114 2763 4167; x_wconf 77' lang='grc' dir='ltr'>τὸν</span> <span class='ocrx_word' id='word_1_639' title='bbox 2803 4114 3109 4185; x_wconf 85' lang='grc' dir='ltr'>Πολέμιον;</span> <span class='ocrx_word' id='word_1_640' title='bbox 3158 4116 3268 4167; x_wconf 73' lang='grc' dir='ltr'>Καὶ</span> <span class='ocrx_word' id='word_1_641' title='bbox 3302 4117 3419 4179; x_wconf 82' lang='grc' dir='ltr'><strong>πῶς</strong></span> <span class='ocrx_word' id='word_1_642' title='bbox 3458 4117 3532 4186; x_wconf 82' lang='grc' dir='ltr'>μὴ</span> <span class='ocrx_word' id='word_1_643' title='bbox 3587 4117 3647 4181; x_wconf 78' lang='grc' dir='ltr'>ἐξ</span> <span class='ocrx_word' id='word_1_644' title='bbox 3699 4118 3864 4170; x_wconf 83' lang='grc' dir='ltr'>ἄλλου</span> 
     </span>
    </p>
   </div>
   <div class='ocr_carea' id='block_1_86' title="bbox 2282 4204 3864 4279">
    <p class='ocr_par' dir='ltr' id='par_1_86' title="bbox 2282 4204 3864 4279">
     <span class='ocr_line' id='line_1_86' title="bbox 2282 4204 3864 4279; baseline 0.003 -22"><span class='ocrx_word' id='word_1_645' title='bbox 2282 4204 2471 4269; x_wconf 75' lang='grc' dir='ltr'>ἔθνους</span> <span class='ocrx_word' id='word_1_646' title='bbox 2534 4206 2801 4277; x_wconf 86' lang='grc' dir='ltr'>προῆλθεν</span> <span class='ocrx_word' id='word_1_647' title='bbox 2838 4207 3024 4270; x_wconf 81' lang='grc' dir='ltr'>αὑτὸς,</span> <span class='ocrx_word' id='word_1_648' title='bbox 3060 4207 3089 4259; x_wconf 82' lang='grc' dir='ltr'><strong><em>ὃ</em></strong></span> <span class='ocrx_word' id='word_1_649' title='bbox 3119 4207 3194 4277; x_wconf 83' lang='grc' dir='ltr'><strong>μὴ</strong></span> <span class='ocrx_word' id='word_1_650' title='bbox 3230 4208 3489 4279; x_wconf 80' lang='grc' dir='ltr'>δευτέραν</span> <span class='ocrx_word' id='word_1_651' title='bbox 3519 4204 3666 4278; x_wconf 73' lang='grc' dir='ltr'>εἶχεν</span> <span class='ocrx_word' id='word_1_652' title='bbox 3708 4211 3864 4278; x_wconf 76' lang='grc' dir='ltr'>ἐνέρ-</span> 
     </span>
    </p>
   </div>
   <div class='ocr_carea' id='block_1_87' title="bbox 2283 4294 3864 4368">
    <p class='ocr_par' dir='ltr' id='par_1_87' title="bbox 2283 4294 3864 4368">
     <span class='ocr_line' id='line_1_87' title="bbox 2283 4294 3864 4368; baseline 0.004 -23"><span class='ocrx_word' id='word_1_653' title='bbox 2283 4309 2441 4361; x_wconf 89' lang='grc' dir='ltr'>γειαν</span> <span class='ocrx_word' id='word_1_654' title='bbox 2463 4294 2558 4347; x_wconf 81' lang='grc' dir='ltr'>τοῦ</span> <span class='ocrx_word' id='word_1_655' title='bbox 2596 4296 2865 4367; x_wconf 86' lang='grc' dir='ltr'>Πονηροῦ,</span> <span class='ocrx_word' id='word_1_656' title='bbox 2895 4296 3009 4348; x_wconf 82' lang='grc' dir='ltr'>ἀλλ’</span> <span class='ocrx_word' id='word_1_657' title='bbox 3055 4296 3116 4361; x_wconf 79' lang='grc' dir='ltr'><strong>ἐξ</strong></span> <span class='ocrx_word' id='word_1_658' title='bbox 3150 4297 3362 4349; x_wconf 77' lang='grc' dir='ltr'>ἐκείνου</span> <span class='ocrx_word' id='word_1_659' title='bbox 3413 4299 3661 4368; x_wconf 81' lang='grc' dir='ltr'>πρόεισιν</span> <span class='ocrx_word' id='word_1_660' title='bbox 3690 4298 3719 4352; x_wconf 85' lang='grc' dir='ltr'>ὃ</span> <span class='ocrx_word' id='word_1_661' title='bbox 3766 4298 3864 4367; x_wconf 83' lang='grc' dir='ltr'><strong>τῆς</strong></span> 
     </span>
    </p>
   </div>
   <div class='ocr_carea' id='block_1_88' title="bbox 2286 4388 3863 4460">
    <p class='ocr_par' dir='ltr' id='par_1_88' title="bbox 2286 4388 3863 4460">
     <span class='ocr_line' id='line_1_88' title="bbox 2286 4388 3863 4460; baseline 0.002 -20"><span class='ocrx_word' id='word_1_662' title='bbox 2286 4388 2535 4450; x_wconf 81' lang='grc' dir='ltr'>Παλαιᾶς</span> <span class='ocrx_word' id='word_1_663' title='bbox 2560 4391 2609 4441; x_wconf 83' lang='grc' dir='ltr'><strong>οἱ</strong></span> <span class='ocrx_word' id='word_1_664' title='bbox 2642 4390 2799 4458; x_wconf 86' lang='grc' dir='ltr'>νόμοι</span> <span class='ocrx_word' id='word_1_665' title='bbox 2834 4390 3161 4460; x_wconf 78' lang='grc' dir='ltr'>διεμόρφουν</span> <span class='ocrx_word' id='word_1_666' title='bbox 3190 4407 3248 4443; x_wconf 88' lang='grc' dir='ltr'><strong>τε</strong></span> <span class='ocrx_word' id='word_1_667' title='bbox 3282 4390 3379 4444; x_wconf 75' lang='grc' dir='ltr'>καὶ</span> <span class='ocrx_word' id='word_1_668' title='bbox 3406 4391 3719 4453; x_wconf 83' lang='grc' dir='ltr'>διετίθεντο,</span> <span class='ocrx_word' id='word_1_669' title='bbox 3773 4392 3863 4444; x_wconf 74' lang='grc' dir='ltr'><strong>καὶ</strong></span> 
     </span>
    </p>
   </div>
   <div class='ocr_carea' id='block_1_89' title="bbox 596 4466 2185 4555">
    <p class='ocr_par' dir='ltr' id='par_1_89' title="bbox 596 4480 2179 4551">
     <span class='ocr_line' id='line_1_89' title="bbox 596 4480 2179 4551; baseline -0.004 -10"><span class='ocrx_word' id='word_1_670' title='bbox 596 4487 765 4541; x_wconf 83' lang='lat' dir='ltr'><strong>menti</strong></span> <span class='ocrx_word' id='word_1_671' title='bbox 801 4486 1104 4539; x_wconf 83' lang='lat' dir='ltr'><strong>formarunt</strong></span> <span class='ocrx_word' id='word_1_672' title='bbox 1130 4492 1185 4537; x_wconf 92' lang='lat' dir='ltr'><strong>et</strong></span> <span class='ocrx_word' id='word_1_673' title='bbox 1213 4482 1511 4542; x_wconf 79' lang='lat' dir='ltr'><strong>tinxerunt,</strong></span> <span class='ocrx_word' id='word_1_674' title='bbox 1547 4480 1743 4535; x_wconf 90' lang='lat' dir='ltr'><strong>deinde</strong></span> <span class='ocrx_word' id='word_1_675' title='bbox 1770 4496 1898 4534; x_wconf 87' lang='lat' dir='ltr'><strong>vero</strong></span> <span class='ocrx_word' id='word_1_676' title='bbox 1921 4486 2041 4549; x_wconf 93' lang='lat' dir='ltr'><strong>post</strong></span> <span class='ocrx_word' id='word_1_677' title='bbox 2064 4480 2179 4551; x_wconf 91' lang='lat' dir='ltr'><strong>pri-</strong></span> 
     </span>
    </p>
   </div>
   <div class='ocr_carea' id='block_1_90' title="bbox 2284 4466 3865 4555">
    <p class='ocr_par' dir='ltr' id='par_1_90' title="bbox 2289 4479 3865 4555">
     <span class='ocr_line' id='line_1_90' title="bbox 2289 4479 3865 4555; baseline 0.004 -26"><span class='ocrx_word' id='word_1_678' title='bbox 2289 4480 2428 4547; x_wconf 86' lang='grc' dir='ltr'><strong>μετά</strong></span> <span class='ocrx_word' id='word_1_679' title='bbox 2465 4479 2565 4549; x_wconf 88' lang='grc' dir='ltr'><strong>τὴν</strong></span> <span class='ocrx_word' id='word_1_680' title='bbox 2608 4482 2702 4533; x_wconf 84' lang='grc' dir='ltr'>ἀπ’</span> <span class='ocrx_word' id='word_1_681' title='bbox 2734 4482 2909 4551; x_wconf 80' lang='grc' dir='ltr'>ἀρχῆς</span> <span class='ocrx_word' id='word_1_682' title='bbox 2945 4485 3191 4555; x_wconf 81' lang='grc' dir='ltr'>πονηράν</span> <span class='ocrx_word' id='word_1_683' title='bbox 3246 4484 3445 4538; x_wconf 88' lang='grc' dir='ltr'>πλάσιν</span> <span class='ocrx_word' id='word_1_684' title='bbox 3478 4484 3865 4554; x_wconf 82' lang='grc' dir='ltr'>πονηροτέροις</span> 
     </span>
    </p>
   </div>
   <div class='ocr_carea' id='block_1_91' title="bbox 596 4570 2185 4646">
    <p class='ocr_par' dir='ltr' id='par_1_91' title="bbox 596 4573 2179 4646">
     <span class='ocr_line' id='line_1_91' title="bbox 596 4573 2179 4646; baseline -0.004 -12"><span class='ocrx_word' id='word_1_685' title='bbox 596 4596 738 4635; x_wconf 85' lang='lat' dir='ltr'><strong>mam</strong></span> <span class='ocrx_word' id='word_1_686' title='bbox 775 4579 920 4633; x_wconf 88' lang='lat' dir='ltr'><strong>illam</strong></span> <span class='ocrx_word' id='word_1_687' title='bbox 945 4590 1174 4646; x_wconf 90' lang='lat' dir='ltr'><strong>eamque</strong></span> <span class='ocrx_word' id='word_1_688' title='bbox 1223 4574 1421 4629; x_wconf 88' lang='lat' dir='ltr'><strong>malam</strong></span> <span class='ocrx_word' id='word_1_689' title='bbox 1458 4574 1790 4627; x_wconf 87' lang='lat' dir='ltr'><strong>creationem</strong></span> <span class='ocrx_word' id='word_1_690' title='bbox 1836 4573 1902 4627; x_wconf 90' lang='lat' dir='ltr'><strong>ad</strong></span> <span class='ocrx_word' id='word_1_691' title='bbox 1933 4573 2179 4627; x_wconf 87' lang='lat' dir='ltr'><strong>actiones</strong></span> 
     </span>
    </p>
   </div>
   <div class='ocr_carea' id='block_1_92' title="bbox 2284 4570 3847 4646">
    <p class='ocr_par' dir='ltr' id='par_1_92' title="bbox 2284 4570 3847 4643">
     <span class='ocr_line' id='line_1_92' title="bbox 2284 4570 3847 4643; baseline 0.002 -20"><span class='ocrx_word' id='word_1_692' title='bbox 2284 4570 2649 4641; x_wconf 71' lang='grc' dir='ltr'>ἄλλοιςέργοις</span> <span class='ocrx_word' id='word_1_693' title='bbox 2671 4574 2763 4625; x_wconf 74' lang='grc' dir='ltr'><strong>καὶ</strong></span> <span class='ocrx_word' id='word_1_694' title='bbox 2786 4573 2964 4627; x_wconf 78' lang='grc' dir='ltr'>ἔθεσιν</span> <span class='ocrx_word' id='word_1_695' title='bbox 2988 4574 3403 4643; x_wconf 83' lang='grc' dir='ltr'>ἐπαιδαγώγουν</span> <span class='ocrx_word' id='word_1_696' title='bbox 3420 4591 3477 4627; x_wconf 88' lang='grc' dir='ltr'><strong>τε</strong></span> <span class='ocrx_word' id='word_1_697' title='bbox 3501 4576 3594 4628; x_wconf 76' lang='grc' dir='ltr'><strong>καὶ</strong></span> <span class='ocrx_word' id='word_1_698' title='bbox 3618 4574 3847 4628; x_wconf 86' lang='grc' dir='ltr'>διέπλατ</span> 
     </span>
    </p>
   </div>
   <div class='ocr_carea' id='block_1_93' title="bbox 597 4661 2185 4739">
    <p class='ocr_par' dir='ltr' id='par_1_93' title="bbox 597 4665 2180 4739">
     <span class='ocr_line' id='line_1_93' title="bbox 597 4665 2180 4739; baseline -0.004 -15"><span class='ocrx_word' id='word_1_699' title='bbox 597 4686 887 4739; x_wconf 89' lang='lat' dir='ltr'><strong>moresque</strong></span> <span class='ocrx_word' id='word_1_700' title='bbox 916 4669 1073 4738; x_wconf 82' lang='lat' dir='ltr'><strong>longe</strong></span> <span class='ocrx_word' id='word_1_701' title='bbox 1108 4666 1323 4737; x_wconf 87' lang='lat' dir='ltr'><strong>pejores</strong></span> <span class='ocrx_word' id='word_1_702' title='bbox 1349 4666 1724 4734; x_wconf 77' lang='lat' dir='ltr'><strong>perduxerunt</strong></span> <span class='ocrx_word' id='word_1_703' title='bbox 1751 4674 1806 4718; x_wconf 90' lang='lat' dir='ltr'><strong>et</strong></span> <span class='ocrx_word' id='word_1_704' title='bbox 1839 4665 2180 4719; x_wconf 89' lang='lat' dir='ltr'><strong>incitarunt?</strong></span> 
     </span>
    </p>
   </div>
   <div class='ocr_carea' id='block_1_94' title="bbox 2284 4661 3853 4739">
    <p class='ocr_par' dir='ltr' id='par_1_94' title="bbox 2284 4661 3853 4737">
     <span class='ocr_line' id='line_1_94' title="bbox 2284 4661 3853 4737; baseline 0.003 -23"><span class='ocrx_word' id='word_1_705' title='bbox 2284 4679 2402 4730; x_wconf 73' lang='lat' dir='ltr'><strong>rov;</strong></span> <span class='ocrx_word' id='word_1_706' title='bbox 2426 4664 2536 4717; x_wconf 75' lang='grc' dir='ltr'>Καὶ</span> <span class='ocrx_word' id='word_1_707' title='bbox 2558 4666 2605 4717; x_wconf 85' lang='grc' dir='ltr'>εἰ</span> <span class='ocrx_word' id='word_1_708' title='bbox 2639 4665 2713 4735; x_wconf 85' lang='grc' dir='ltr'>μὴ</span> <span class='ocrx_word' id='word_1_709' title='bbox 2732 4661 2800 4733; x_wconf 80' lang='grc' dir='ltr'>ἦν</span> <span class='ocrx_word' id='word_1_710' title='bbox 2825 4667 2858 4737; x_wconf 84' lang='grc' dir='ltr'>ή</span> <span class='ocrx_word' id='word_1_711' title='bbox 2890 4666 3104 4720; x_wconf 82' lang='grc' dir='ltr'>Παλαιὰ</span> <span class='ocrx_word' id='word_1_712' title='bbox 3129 4666 3223 4720; x_wconf 82' lang='grc' dir='ltr'>τοῦ</span> <span class='ocrx_word' id='word_1_713' title='bbox 3254 4667 3411 4733; x_wconf 83' lang='grc' dir='ltr'>Θεοῦ,</span> <span class='ocrx_word' id='word_1_714' title='bbox 3438 4668 3556 4731; x_wconf 85' lang='grc' dir='ltr'><strong>πῶς</strong></span> <span class='ocrx_word' id='word_1_715' title='bbox 3576 4670 3703 4731; x_wconf 82' lang='grc' dir='ltr'>τοὺς</span> <span class='ocrx_word' id='word_1_716' title='bbox 3735 4668 3853 4721; x_wconf 81' lang='grc' dir='ltr'>ἀθε-</span> 
     </span>
    </p>
   </div>
   <div class='ocr_carea' id='block_1_95' title="bbox 599 4756 2176 4822">
    <p class='ocr_par' dir='ltr' id='par_1_95' title="bbox 599 4756 2176 4822">
     <span class='ocr_line' id='line_1_95' title="bbox 599 4756 2176 4822; baseline -0.004 -5"><span class='ocrx_word' id='word_1_717' title='bbox 599 4764 655 4817; x_wconf 91' lang='lat' dir='ltr'><strong>Si</strong></span> <span class='ocrx_word' id='word_1_718' title='bbox 689 4770 1244 4817; x_wconf 85' lang='lat' dir='ltr'><strong>vetustestamentum</strong></span> <span class='ocrx_word' id='word_1_719' title='bbox 1275 4758 1444 4811; x_wconf 89' lang='lat' dir='ltr'><strong>Deum</strong></span> <span class='ocrx_word' id='word_1_720' title='bbox 1495 4767 1776 4811; x_wconf 89' lang='lat' dir='ltr'><strong>auctorem</strong></span> <span class='ocrx_word' id='word_1_721' title='bbox 1822 4772 1932 4811; x_wconf 92' lang='lat' dir='ltr'><strong>non</strong></span> <span class='ocrx_word' id='word_1_722' title='bbox 1991 4756 2176 4822; x_wconf 83' lang='lat' dir='ltr'><strong>habet,</strong></span> 
     </span>
    </p>
   </div>
   <div class='ocr_carea' id='block_1_96' title="bbox 596 4848 2178 4925">
    <p class='ocr_par' dir='ltr' id='par_1_96' title="bbox 596 4848 2178 4925">
     <span class='ocr_line' id='line_1_96' title="bbox 596 4848 2178 4925; baseline -0.004 -17"><span class='ocrx_word' id='word_1_723' title='bbox 596 4854 869 4925; x_wconf 87' lang='lat' dir='ltr'><strong>quomodo</strong></span> <span class='ocrx_word' id='word_1_724' title='bbox 902 4851 1198 4905; x_wconf 84' lang='lat' dir='ltr'><strong>violatores</strong></span> <span class='ocrx_word' id='word_1_725' title='bbox 1247 4850 1425 4919; x_wconf 80' lang='lat' dir='ltr'><strong>legum</strong></span> <span class='ocrx_word' id='word_1_726' title='bbox 1469 4849 1769 4904; x_wconf 88' lang='lat' dir='ltr'><strong>conditoris</strong></span> <span class='ocrx_word' id='word_1_727' title='bbox 1826 4848 2178 4914; x_wconf 88' lang='lat' dir='ltr'><strong>naturalium,</strong></span> 
     </span>
    </p>
   </div>
   <div class='ocr_carea' id='block_1_97' title="bbox 597 4939 2185 5011">
    <p class='ocr_par' dir='ltr' id='par_1_97' title="bbox 597 4939 2185 5011">
     <span class='ocr_line' id='line_1_97' title="bbox 597 4939 2185 5011; baseline -0.004 -12"><span class='ocrx_word' id='word_1_728' title='bbox 597 4944 909 4999; x_wconf 76' lang='lat' dir='ltr'><strong>etlascivia:</strong></span> <span class='ocrx_word' id='word_1_729' title='bbox 934 4957 993 4996; x_wconf 92' lang='lat' dir='ltr'><strong>se</strong></span> <span class='ocrx_word' id='word_1_730' title='bbox 1027 4941 1432 5011; x_wconf 88' lang='lat' dir='ltr'><strong>permittentes,</strong></span> <span class='ocrx_word' id='word_1_731' title='bbox 1472 4940 1847 5008; x_wconf 87' lang='lat' dir='ltr'><strong>voluntatique</strong></span> <span class='ocrx_word' id='word_1_732' title='bbox 1880 4939 2052 4993; x_wconf 89' lang='lat' dir='ltr'><strong>hostis</strong></span> <span class='ocrx_word' id='word_1_733' title='bbox 2089 4954 2185 5008; x_wconf 87' lang='lat' dir='ltr'><strong>pe-</strong></span> 
     </span>
    </p>
   </div>
   <div class='ocr_carea' id='block_1_98' title="bbox 598 5030 2184 5102">
    <p class='ocr_par' dir='ltr' id='par_1_98' title="bbox 598 5030 2184 5102">
     <span class='ocr_line' id='line_1_98' title="bbox 598 5030 2184 5102; baseline -0.003 -13"><span class='ocrx_word' id='word_1_734' title='bbox 598 5038 746 5089; x_wconf 75' lang='lat' dir='ltr'><strong>nitus</strong></span> <span class='ocrx_word' id='word_1_735' title='bbox 779 5035 1081 5101; x_wconf 79' lang='lat' dir='ltr'><strong>subjectos,</strong></span> <span class='ocrx_word' id='word_1_736' title='bbox 1111 5032 1236 5102; x_wconf 81' lang='lat' dir='ltr'><strong>igne</strong></span> <span class='ocrx_word' id='word_1_737' title='bbox 1278 5032 1458 5101; x_wconf 89' lang='lat' dir='ltr'><strong>punit,</strong></span> <span class='ocrx_word' id='word_1_738' title='bbox 1516 5040 1571 5085; x_wconf 90' lang='lat' dir='ltr'><strong>et</strong></span> <span class='ocrx_word' id='word_1_739' title='bbox 1604 5030 1893 5100; x_wconf 89' lang='lat' dir='ltr'><strong>impiorum</strong></span> <span class='ocrx_word' id='word_1_740' title='bbox 1926 5047 2184 5086; x_wconf 88' lang='lat' dir='ltr'><strong>ausorum</strong></span> 
     </span>
    </p>
   </div>
   <div class='ocr_carea' id='block_1_99' title="bbox 598 5124 2187 5199">
    <p class='ocr_par' dir='ltr' id='par_1_99' title="bbox 598 5124 2187 5199">
     <span class='ocr_line' id='line_1_99' title="bbox 598 5124 2187 5199; baseline -0.002 -17"><span class='ocrx_word' id='word_1_741' title='bbox 598 5126 1176 5199; x_wconf 70' lang='lat' dir='ltr'><strong>pinnasluerejubct?</strong></span> <span class='ocrx_word' id='word_1_742' title='bbox 1227 5124 1426 5195; x_wconf 83' lang='lat' dir='ltr'><strong>Malum</strong></span> <span class='ocrx_word' id='word_1_743' title='bbox 1479 5126 1626 5179; x_wconf 89' lang='lat' dir='ltr'><strong>enim</strong></span> <span class='ocrx_word' id='word_1_744' title='bbox 1662 5140 1851 5193; x_wconf 74' lang='lat' dir='ltr'><strong>poenas</strong></span> <span class='ocrx_word' id='word_1_745' title='bbox 1900 5140 2187 5194; x_wconf 89' lang='lat' dir='ltr'><strong>reposcere</strong></span> 
     </span>
    </p>
   </div>
   <div class='ocr_carea' id='block_1_100' title="bbox 600 5216 2187 5290">
    <p class='ocr_par' dir='ltr' id='par_1_100' title="bbox 600 5216 2187 5290">
     <span class='ocr_line' id='line_1_100' title="bbox 600 5216 2187 5290; baseline -0.001 -17"><span class='ocrx_word' id='word_1_746' title='bbox 600 5219 913 5290; x_wconf 84' lang='lat' dir='ltr'><strong>impietatis,</strong></span> <span class='ocrx_word' id='word_1_747' title='bbox 943 5234 1047 5287; x_wconf 88' lang='lat' dir='ltr'><strong>qua</strong></span> <span class='ocrx_word' id='word_1_748' title='bbox 1074 5218 1187 5286; x_wconf 85' lang='lat' dir='ltr'><strong>ipse</strong></span> <span class='ocrx_word' id='word_1_749' title='bbox 1212 5217 1537 5281; x_wconf 82' lang='lat' dir='ltr'><strong>delectatur,</strong></span> <span class='ocrx_word' id='word_1_750' title='bbox 1593 5224 1648 5270; x_wconf 92' lang='lat' dir='ltr'><strong>et</strong></span> <span class='ocrx_word' id='word_1_751' title='bbox 1674 5217 1831 5285; x_wconf 87' lang='lat' dir='ltr'><strong>cujus</strong></span> <span class='ocrx_word' id='word_1_752' title='bbox 1858 5216 1973 5286; x_wconf 91' lang='lat' dir='ltr'><strong>ipse</strong></span> <span class='ocrx_word' id='word_1_753' title='bbox 1996 5228 2187 5271; x_wconf 89' lang='lat' dir='ltr'><strong>auctor</strong></span> 
     </span>
    </p>
   </div>
   <div class='ocr_carea' id='block_1_101' title="bbox 598 5310 2183 5382">
    <p class='ocr_par' dir='ltr' id='par_1_101' title="bbox 598 5310 2183 5382">
     <span class='ocr_line' id='line_1_101' title="bbox 598 5310 2183 5382; baseline -0.001 -16"><span class='ocrx_word' id='word_1_754' title='bbox 598 5324 701 5374; x_wconf 86' lang='lat' dir='ltr'><strong>est.</strong></span> <span class='ocrx_word' id='word_1_755' title='bbox 728 5312 819 5381; x_wconf 90' lang='lat' dir='ltr'><strong>qui</strong></span> <span class='ocrx_word' id='word_1_756' title='bbox 861 5314 945 5366; x_wconf 89' lang='lat' dir='ltr'><strong>vel</strong></span> <span class='ocrx_word' id='word_1_757' title='bbox 984 5311 1233 5382; x_wconf 77' lang='lat' dir='ltr'><strong>cogitarit</strong></span> <span class='ocrx_word' id='word_1_758' title='bbox 1263 5310 1488 5364; x_wconf 90' lang='lat' dir='ltr'><strong>omnino</strong></span> <span class='ocrx_word' id='word_1_759' title='bbox 1525 5310 1610 5364; x_wconf 87' lang='lat' dir='ltr'><strong>vel</strong></span> <span class='ocrx_word' id='word_1_760' title='bbox 1642 5310 1862 5375; x_wconf 79' lang='lat' dir='ltr'><strong>dixerit,</strong></span> <span class='ocrx_word' id='word_1_761' title='bbox 1905 5326 2089 5365; x_wconf 85' lang='lat' dir='ltr'><strong>nonne</strong></span> <span class='ocrx_word' id='word_1_762' title='bbox 2136 5311 2183 5366; x_wconf 89' lang='lat' dir='ltr'><strong>is</strong></span> 
     </span>
    </p>
   </div>
   <div class='ocr_carea' id='block_1_102' title="bbox 599 5399 2179 5467">
    <p class='ocr_par' dir='ltr' id='par_1_102' title="bbox 599 5399 2179 5467">
     <span class='ocr_line' id='line_1_102' title="bbox 599 5399 2179 5467; baseline -0.001 -12"><span class='ocrx_word' id='word_1_763' title='bbox 599 5401 840 5456; x_wconf 82' lang='lat' dir='ltr'><strong>insanire</strong></span> <span class='ocrx_word' id='word_1_764' title='bbox 870 5401 1064 5455; x_wconf 89' lang='lat' dir='ltr'><strong>merito</strong></span> <span class='ocrx_word' id='word_1_765' title='bbox 1098 5400 1384 5453; x_wconf 85' lang='lat' dir='ltr'><strong>credatur?</strong></span> <span class='ocrx_word' id='word_1_766' title='bbox 1430 5403 1691 5467; x_wconf 84' lang='lat' dir='ltr'><strong>Apostata</strong></span> <span class='ocrx_word' id='word_1_767' title='bbox 1714 5414 1845 5452; x_wconf 90' lang='lat' dir='ltr'><strong>vero</strong></span> <span class='ocrx_word' id='word_1_768' title='bbox 1862 5399 1938 5453; x_wconf 88' lang='lat' dir='ltr'><strong>ait</strong></span> <span class='ocrx_word' id='word_1_769' title='bbox 1968 5400 2179 5454; x_wconf 90' lang='lat' dir='ltr'><strong>hostem</strong></span> 
     </span>
    </p>
   </div>
   <div class='ocr_carea' id='block_1_103' title="bbox 664 5516 1835 5581">
    <p class='ocr_par' dir='ltr' id='par_1_103' title="bbox 664 5516 1835 5581">
     <span class='ocr_line' id='line_1_103' title="bbox 664 5516 1835 5581; baseline 0 -8"><span class='ocrx_word' id='word_1_770' title='bbox 664 5520 713 5552; x_wconf 66' lang='grc'>³⁸</span> <span class='ocrx_word' id='word_1_771' title='bbox 741 5519 899 5573; x_wconf 85' lang='lat' dir='ltr'><strong>Joan.</strong></span> <span class='ocrx_word' id='word_1_772' title='bbox 927 5536 1045 5581; x_wconf 81' lang='lat' dir='ltr'><strong>vui,</strong></span> <span class='ocrx_word' id='word_1_773' title='bbox 1074 5518 1162 5573; x_wconf 75' lang='lat'><strong>30.</strong></span> <span class='ocrx_word' id='word_1_774' title='bbox 1240 5516 1304 5572; x_wconf 80' lang='lat'><strong>&quot;.</strong></span> <span class='ocrx_word' id='word_1_775' title='bbox 1342 5517 1534 5572; x_wconf 80' lang='lat' dir='ltr'><strong>Matth.</strong></span> <span class='ocrx_word' id='word_1_776' title='bbox 1590 5533 1711 5580; x_wconf 85' lang='lat' dir='ltr'><strong>vm,</strong></span> <span class='ocrx_word' id='word_1_777' title='bbox 1748 5517 1835 5573; x_wconf 80' lang='grc' dir='ltr'><strong>Η.</strong></span> 
     </span>
    </p>
   </div>
   <div class='ocr_carea' id='block_1_104' title="bbox 2276 4756 3862 4829">
    <p class='ocr_par' dir='ltr' id='par_1_104' title="bbox 2276 4756 3862 4829">
     <span class='ocr_line' id='line_1_104' title="bbox 2276 4756 3862 4829; baseline 0.004 -23"><span class='ocrx_word' id='word_1_778' title='bbox 2276 4756 2546 4825; x_wconf 78' lang='grc' dir='ltr'>τήσαντας</span> <span class='ocrx_word' id='word_1_779' title='bbox 2576 4759 2705 4821; x_wconf 82' lang='grc' dir='ltr'>τοὺς</span> <span class='ocrx_word' id='word_1_780' title='bbox 2730 4760 2789 4810; x_wconf 90' lang='grc' dir='ltr'><strong>ἐν</strong></span> <span class='ocrx_word' id='word_1_781' title='bbox 2820 4764 2885 4829; x_wconf 81' lang='grc' dir='ltr'>τῇ</span> <span class='ocrx_word' id='word_1_782' title='bbox 2919 4758 3079 4828; x_wconf 85' lang='grc' dir='ltr'>φύσει</span> <span class='ocrx_word' id='word_1_783' title='bbox 3116 4761 3315 4829; x_wconf 86' lang='grc' dir='ltr'>νόμους</span> <span class='ocrx_word' id='word_1_784' title='bbox 3339 4759 3431 4813; x_wconf 83' lang='grc' dir='ltr'>τοῦ</span> <span class='ocrx_word' id='word_1_785' title='bbox 3477 4760 3743 4822; x_wconf 86' lang='grc' dir='ltr'>Πλάστου,</span> <span class='ocrx_word' id='word_1_786' title='bbox 3771 4760 3862 4812; x_wconf 54' lang='grc' dir='ltr'><strong>καλ</strong></span> 
     </span>
    </p>
   </div>
   <div class='ocr_carea' id='block_1_105' title="bbox 2279 4847 3861 4922">
    <p class='ocr_par' dir='ltr' id='par_1_105' title="bbox 2279 4847 3861 4922">
     <span class='ocr_line' id='line_1_105' title="bbox 2279 4847 3861 4922; baseline 0.003 -24"><span class='ocrx_word' id='word_1_787' title='bbox 2279 4848 2359 4908; x_wconf 84' lang='grc' dir='ltr'><strong>είς</strong></span> <span class='ocrx_word' id='word_1_788' title='bbox 2387 4847 2681 4916; x_wconf 80' lang='grc' dir='ltr'>ἀσέλγειαν</span> <span class='ocrx_word' id='word_1_789' title='bbox 2729 4849 2828 4919; x_wconf 84' lang='grc' dir='ltr'>μὲν</span> <span class='ocrx_word' id='word_1_790' title='bbox 2892 4850 3294 4915; x_wconf 77' lang='grc' dir='ltr'>ἐξοκείλαντας,</span> <span class='ocrx_word' id='word_1_791' title='bbox 3357 4851 3436 4921; x_wconf 79' lang='grc' dir='ltr'>τῷ</span> <span class='ocrx_word' id='word_1_792' title='bbox 3498 4851 3766 4922; x_wconf 77' lang='grc' dir='ltr'>θελήματι</span> <span class='ocrx_word' id='word_1_793' title='bbox 3810 4852 3861 4905; x_wconf 80' lang='grc' dir='ltr'>δὲ</span> 
     </span>
    </p>
   </div>
   <div class='ocr_carea' id='block_1_106' title="bbox 2284 4938 3861 5013">
    <p class='ocr_par' dir='ltr' id='par_1_106' title="bbox 2284 4938 3861 5013">
     <span class='ocr_line' id='line_1_106' title="bbox 2284 4938 3861 5013; baseline 0.003 -24"><span class='ocrx_word' id='word_1_794' title='bbox 2284 4938 2564 5002; x_wconf 74' lang='grc' dir='ltr'>παντελῶς</span> <span class='ocrx_word' id='word_1_795' title='bbox 2581 4941 3090 5006; x_wconf 78' lang='grc' dir='ltr'>καταδουλωθέντας</span> <span class='ocrx_word' id='word_1_796' title='bbox 3108 4941 3201 4995; x_wconf 83' lang='grc' dir='ltr'>τοῦ</span> <span class='ocrx_word' id='word_1_797' title='bbox 3224 4942 3451 5013; x_wconf 85' lang='grc' dir='ltr'>Ἐχθροῦ</span> <span class='ocrx_word' id='word_1_798' title='bbox 3474 4944 3607 5013; x_wconf 72' lang='grc' dir='ltr'>πυρὶ</span> <span class='ocrx_word' id='word_1_799' title='bbox 3627 4943 3861 5007; x_wconf 77' lang='grc' dir='ltr'>κολάζει.</span> 
     </span>
    </p>
   </div>
   <div class='ocr_carea' id='block_1_107' title="bbox 2285 5028 3858 5103">
    <p class='ocr_par' dir='ltr' id='par_1_107' title="bbox 2285 5028 3858 5103">
     <span class='ocr_line' id='line_1_107' title="bbox 2285 5028 3858 5103; baseline 0.004 -22"><span class='ocrx_word' id='word_1_800' title='bbox 2285 5030 2379 5082; x_wconf 77' lang='grc' dir='ltr'><strong>καὶ</strong></span> <span class='ocrx_word' id='word_1_801' title='bbox 2396 5028 2495 5100; x_wconf 84' lang='grc' dir='ltr'><strong>τὴν</strong></span> <span class='ocrx_word' id='word_1_802' title='bbox 2511 5029 2620 5082; x_wconf 91' lang='grc' dir='ltr'><strong>τῶν</strong></span> <span class='ocrx_word' id='word_1_803' title='bbox 2636 5030 3054 5101; x_wconf 85' lang='grc' dir='ltr'>τετολμημένων</span> <span class='ocrx_word' id='word_1_804' title='bbox 3071 5034 3226 5103; x_wconf 87' lang='grc' dir='ltr'>δίκην</span> <span class='ocrx_word' id='word_1_805' title='bbox 3244 5034 3494 5100; x_wconf 83' lang='grc' dir='ltr'>ἀπαιτεῖ;</span> <span class='ocrx_word' id='word_1_806' title='bbox 3514 5034 3605 5087; x_wconf 86' lang='grc' dir='ltr'>τὸν</span> <span class='ocrx_word' id='word_1_807' title='bbox 3624 5035 3766 5103; x_wconf 80' lang='grc' dir='ltr'>Πονη</span> <span class='ocrx_word' id='word_1_808' title='bbox 3775 5035 3858 5103; x_wconf 55' lang='grc' dir='ltr'><strong>ρος</strong></span> 
     </span>
    </p>
   </div>
   <div class='ocr_carea' id='block_1_108' title="bbox 2284 5122 3856 5198">
    <p class='ocr_par' dir='ltr' id='par_1_108' title="bbox 2284 5122 3856 5198">
     <span class='ocr_line' id='line_1_108' title="bbox 2284 5122 3856 5198; baseline 0.002 -23"><span class='ocrx_word' id='word_1_809' title='bbox 2284 5122 2395 5191; x_wconf 80' lang='grc' dir='ltr'>γὰρ</span> <span class='ocrx_word' id='word_1_810' title='bbox 2412 5122 2569 5193; x_wconf 85' lang='grc' dir='ltr'>δίκην</span> <span class='ocrx_word' id='word_1_811' title='bbox 2598 5125 2854 5177; x_wconf 85' lang='grc' dir='ltr'>ἀπαιτεῖν</span> <span class='ocrx_word' id='word_1_812' title='bbox 2872 5126 2971 5195; x_wconf 84' lang='grc' dir='ltr'>τῆς</span> <span class='ocrx_word' id='word_1_813' title='bbox 2990 5127 3155 5179; x_wconf 79' lang='grc' dir='ltr'>αὑτὸν</span> <span class='ocrx_word' id='word_1_814' title='bbox 3172 5126 3481 5198; x_wconf 84' lang='grc' dir='ltr'>τερπούσης</span> <span class='ocrx_word' id='word_1_815' title='bbox 3498 5127 3592 5179; x_wconf 68' lang='grc' dir='ltr'><strong>καὶ</strong></span> <span class='ocrx_word' id='word_1_816' title='bbox 3611 5127 3668 5193; x_wconf 78' lang='grc' dir='ltr'><strong>ἐξ</strong></span> <span class='ocrx_word' id='word_1_817' title='bbox 3702 5124 3856 5179; x_wconf 79' lang='grc' dir='ltr'>αὑτοῖ</span> 
     </span>
    </p>
   </div>
   <div class='ocr_carea' id='block_1_109' title="bbox 2286 5215 3860 5288">
    <p class='ocr_par' dir='ltr' id='par_1_109' title="bbox 2286 5215 3860 5288">
     <span class='ocr_line' id='line_1_109' title="bbox 2286 5215 3860 5288; baseline 0.002 -22"><span class='ocrx_word' id='word_1_818' title='bbox 2286 5215 2589 5285; x_wconf 86' lang='grc' dir='ltr'>προϊούσης</span> <span class='ocrx_word' id='word_1_819' title='bbox 2613 5219 2858 5288; x_wconf 84' lang='grc' dir='ltr'>πονηρᾶς</span> <span class='ocrx_word' id='word_1_820' title='bbox 2883 5218 3167 5287; x_wconf 83' lang='grc' dir='ltr'>ἐργασίας,</span> <span class='ocrx_word' id='word_1_821' title='bbox 3196 5218 3315 5282; x_wconf 85' lang='grc' dir='ltr'><strong>πῶς</strong></span> <span class='ocrx_word' id='word_1_822' title='bbox 3339 5220 3441 5272; x_wconf 77' lang='grc' dir='ltr'><strong>οὐκ</strong></span> <span class='ocrx_word' id='word_1_823' title='bbox 3470 5217 3536 5273; x_wconf 87' lang='grc' dir='ltr'>ἂν</span> <span class='ocrx_word' id='word_1_824' title='bbox 3554 5220 3640 5288; x_wconf 85' lang='grc' dir='ltr'><strong>είη</strong></span> <span class='ocrx_word' id='word_1_825' title='bbox 3670 5219 3805 5279; x_wconf 80' lang='grc' dir='ltr'>ὅλως</span> <span class='ocrx_word' id='word_1_826' title='bbox 3831 5218 3860 5269; x_wconf 69' lang='grc' dir='ltr'><strong>Ῥ</strong></span> 
     </span>
    </p>
   </div>
   <div class='ocr_carea' id='block_1_110' title="bbox 2288 5307 3859 5380">
    <p class='ocr_par' dir='ltr' id='par_1_110' title="bbox 2288 5307 3859 5380">
     <span class='ocr_line' id='line_1_110' title="bbox 2288 5307 3859 5380; baseline 0.003 -21"><span class='ocrx_word' id='word_1_827' title='bbox 2288 5307 2608 5378; x_wconf 83' lang='grc' dir='ltr'>ὲννοηθῆναι</span> <span class='ocrx_word' id='word_1_828' title='bbox 2628 5308 2685 5380; x_wconf 71' lang='grc' dir='ltr'><strong>[ἢ</strong></span> <span class='ocrx_word' id='word_1_829' title='bbox 2705 5308 2990 5380; x_wconf 74' lang='grc' dir='ltr'>λεχθῆναι]</span> <span class='ocrx_word' id='word_1_830' title='bbox 3008 5310 3066 5361; x_wconf 90' lang='grc' dir='ltr'><strong>οὑ</strong></span> <span class='ocrx_word' id='word_1_831' title='bbox 3092 5310 3317 5380; x_wconf 88' lang='grc' dir='ltr'>μανικόν</span> <span class='ocrx_word' id='word_1_832' title='bbox 3340 5327 3355 5373; x_wconf 91' lang='lat'><strong>;</strong></span> <span class='ocrx_word' id='word_1_833' title='bbox 3389 5309 3447 5363; x_wconf 79' lang='grc' dir='ltr'><strong>Ὀ</strong></span> <span class='ocrx_word' id='word_1_834' title='bbox 3475 5309 3532 5361; x_wconf 89' lang='grc' dir='ltr'><strong>δέ</strong></span> <span class='ocrx_word' id='word_1_835' title='bbox 3556 5310 3859 5374; x_wconf 71' lang='grc' dir='ltr'>ἀποστάτης</span> 
     </span>
    </p>
   </div>
   <div class='ocr_carea' id='block_1_111' title="bbox 2287 5398 3837 5473">
    <p class='ocr_par' dir='ltr' id='par_1_111' title="bbox 2287 5398 3837 5473">
     <span class='ocr_line' id='line_1_111' title="bbox 2287 5398 3837 5473; baseline 0.001 -21"><span class='ocrx_word' id='word_1_836' title='bbox 2287 5399 2397 5453; x_wconf 89' lang='grc' dir='ltr'><strong>τῶν</strong></span> <span class='ocrx_word' id='word_1_837' title='bbox 2453 5401 2707 5470; x_wconf 87' lang='grc' dir='ltr'>πονηρῶν</span> <span class='ocrx_word' id='word_1_838' title='bbox 2750 5401 2930 5469; x_wconf 77' lang='grc' dir='ltr'>ἔργων</span> <span class='ocrx_word' id='word_1_839' title='bbox 2981 5401 3109 5464; x_wconf 79' lang='grc' dir='ltr'>τοὺς</span> <span class='ocrx_word' id='word_1_840' title='bbox 3160 5399 3431 5473; x_wconf 78' lang='grc' dir='ltr'>πονηροὺς</span> <span class='ocrx_word' id='word_1_841' title='bbox 3477 5398 3696 5471; x_wconf 84' lang='grc' dir='ltr'>πονηρῷ</span> <span class='ocrx_word' id='word_1_842' title='bbox 3727 5398 3837 5453; x_wconf 83' lang='grc' dir='ltr'><strong>πλά</strong></span> 
     </span>
    </p>
   </div>
   <div class='ocr_carea' id='block_1_112' title="bbox 1676 5670 2747 5741">
    <p class='ocr_par' dir='ltr' id='par_1_112' title="bbox 1676 5670 2747 5741">
     <span class='ocr_line' id='line_1_112' title="bbox 1676 5670 2747 5741; baseline 0.001 -16"><span class='ocrx_word' id='word_1_843' title='bbox 1676 5670 1914 5741; x_wconf 69' lang='grc' dir='ltr'>γΑιιιιΕ</span> <span class='ocrx_word' id='word_1_844' title='bbox 1956 5670 2348 5728; x_wconf 83' lang='lat' dir='ltr'><strong>LECTIONES</strong></span> <span class='ocrx_word' id='word_1_845' title='bbox 2386 5671 2474 5727; x_wconf 83' lang='lat' dir='ltr'><strong>ET</strong></span> <span class='ocrx_word' id='word_1_846' title='bbox 2510 5670 2747 5727; x_wconf 66' lang='lat' dir='ltr'><strong>NOTAE.</strong></span> 
     </span>
    </p>
   </div>
   <div class='ocr_carea' id='block_1_113' title="bbox 674 5789 2185 5864">
    <p class='ocr_par' dir='ltr' id='par_1_113' title="bbox 674 5789 2185 5864">
     <span class='ocr_line' id='line_1_113' title="bbox 674 5789 2185 5864; baseline 0 -18"><span class='ocrx_word' id='word_1_847' title='bbox 674 5791 786 5864; x_wconf 73' lang='lat'>(26)</span> <span class='ocrx_word' id='word_1_848' title='bbox 822 5792 1135 5860; x_wconf 77' lang='grc' dir='ltr'>Κραταιόν.</span> <span class='ocrx_word' id='word_1_849' title='bbox 1175 5789 1357 5845; x_wconf 69' lang='lat' dir='ltr'><strong>Malim</strong></span> <span class='ocrx_word' id='word_1_850' title='bbox 1382 5790 1559 5861; x_wconf 75' lang='lat' dir='ltr'><strong>legere</strong></span> <span class='ocrx_word' id='word_1_851' title='bbox 1590 5792 1867 5859; x_wconf 85' lang='grc' dir='ltr'>κραταιοῖ,</span> <span class='ocrx_word' id='word_1_852' title='bbox 1895 5791 2020 5860; x_wconf 86' lang='lat' dir='ltr'><strong>quia</strong></span> <span class='ocrx_word' id='word_1_853' title='bbox 2051 5790 2185 5860; x_wconf 88' lang='lat' dir='ltr'><strong>alioq</strong></span> 
     </span>
    </p>
   </div>
   <div class='ocr_carea' id='block_1_114' title="bbox 2284 5789 2968 5864">
    <p class='ocr_par' dir='ltr' id='par_1_114' title="bbox 2284 5790 2968 5847">
     <span class='ocr_line' id='line_1_114' title="bbox 2284 5790 2968 5847; baseline 0 -2"><span class='ocrx_word' id='word_1_854' title='bbox 2284 5809 2290 5845; x_wconf 83' lang='grc' dir='ltr'><strong>ι</strong></span> <span class='ocrx_word' id='word_1_855' title='bbox 2319 5792 2498 5847; x_wconf 85' lang='lat' dir='ltr'><strong>hiulca</strong></span> <span class='ocrx_word' id='word_1_856' title='bbox 2529 5790 2744 5847; x_wconf 86' lang='lat' dir='ltr'><strong>videtur</strong></span> <span class='ocrx_word' id='word_1_857' title='bbox 2774 5790 2968 5845; x_wconf 90' lang='lat' dir='ltr'><strong>oratio.</strong></span> 
     </span>
    </p>
   </div>
  </div>
