4110 6422
332 362 437 426 133

1358 366 1654 429 CONTRA
1691 364 2147 429 MANICHAEOS
2183 368 2414 431 LIBER
2448 372 2560 433 III.

3477 364 3579 430 134

331 496 504 551 σματι
535 477 682 548 ἄλλῳ
726 475 806 548 τῷ
834 478 970 550 πυρί
1011 477 1110 547 τὴν
1160 479 1429 548 τιμωρίαν
1481 479 1901 550 εἰσπράττεσθαι

2006 481 2257 538 homines
2300 485 2568 539 malorum
2594 497 2819 554 operum
2860 491 3113 539 auctores
3135 499 3237 554 per
3267 493 3578 539 creaturam

326 572 479 639 λέγει
512 570 605 624 τὸν
646 569 872 641 Ἐχθρὸν
896 570 1011 639 (27)
1043 570 1180 623 ἐτῶν
1205 574 1318 634 τοῖς
1352 573 1552 641 σαρκὸς
1581 573 1778 626 πάθεσι
1798 590 1900 628 κα-

325 662 665 732 τασυρέντας
703 660 1070 731 κατακλυσμῷ
1098 661 1315 724 κολάζει
1346 663 1482 732 (28).
1514 665 1898 734 Μισοπονήρου

328 758 441 825 γάρ
471 758 587 807 ἐστι
618 754 709 807 καί
738 753 943 816 ἀγαθοῦ
994 754 1088 807 καὶ
1116 754 1345 818 δικαίου,
1382 756 1443 808 τό
1479 773 1542 810 τε
1572 757 1741 809 κακὸν
1773 758 1902 810 ἀνα-

328 846 595 911 στέλλειν,
628 846 875 908 καὶτοὺς
906 846 1040 916 πρὸς
1084 847 1182 915 τὴν
1240 847 1535 917 ἁμαρτίαν,
1589 849 1904 903 ἀναιδευσα-

330 938 531 1006 μένους
564 937 663 1006 τὴν
698 938 819 1007 ἴσην
846 936 1270 1006 εἰσπράττεσθαι
1296 939 1588 1008 τιμωρίαν,
1640 940 1756 993 ἀλλ’
1782 942 1904 1011 οὐχὶ

325 1027 570 1100 πονηροῦ
590 1029 774 1095 ποθεν,
801 1029 921 1082 οὐδὲ
948 1029 1226 1099 φιλοῦντος
1252 1030 1346 1083 καὶ
1369 1030 1784 1101 νομοθετοῦντος
1803 1033 1904 1103 τὴν

325 1121 625 1191 ἁμαρτίαν.

404 1215 494 1279 ς’.
529 1213 645 1266 Ἵνα
679 1212 737 1266 δὲ
767 1211 945 1285 μάθῃς
973 1212 1380 1283 ἀκριϐέστερον,
1404 1212 1479 1277 ὡς
1511 1214 1539 1266 6
1567 1213 1729 1277 αὑτός
1754 1216 1902 1267 ἐστιν

322 1305 537 1373 ἀγαθὸς
568 1306 663 1359 καὶ
696 1306 1077 1378 φιλάνθρωπος
1098 1306 1294 1370 Θεὸς,ὅ
1323 1305 1498 1359 τετοῦ
1520 1306 1732 1360 δικαίου
1761 1307 1904 1361 ἔκδι-

322 1413 425 1460 κος
466 1400 521 1449 έν
549 1401 615 1467 τῇ
660 1398 874 1468 Παλαιᾷ
908 1398 1002 1450 καὶ
1032 1400 1060 1450 6
1110 1399 1167 1451 ὲν
1205 1400 1271 1467 τῇ
1295 1398 1498 1468 χάριτι.
1532 1398 1772 1469 ξηραίνει
1805 1400 1902 1470 μὲν

322 1490 426 1556 τὴν
455 1489 625 1555 συκῆν
650 1488 860 1558 καρπὸν
884 1486 1034 1557 αὑτῷ
1057 1486 1131 1557 μὴ
1157 1488 1655 1557 προσενεγκοῦσαν,
1681 1488 1903 1558 μυρίαις

319 1584 384 1659 δὲ
414 1584 666 1645 ἀπειλαῖς
696 1582 990 1637 ὑποϐάλλει
1031 1584 1158 1644 τοὺς
1214 1580 1362 1652 αὐτῷ
1399 1583 1473 1653 μὴ
1514 1582 1901 1651 πειθομένους,

322 1676 424 1726 καί
446 1674 507 1725 τὸ
552 1674 905 1744 σφοδρότερόν
936 1691 994 1726 τε
1036 1674 1133 1728 καὶ
1166 1674 1439 1744 ἀμίμητον
1466 1673 1566 1743 τῆς
1591 1673 1889 1736 κολάσεως,

321 1767 409 1826 εἰς
438 1764 498 1817 τὸ
538 1764 801 1832 ἐξώτερον
845 1764 959 1834 πῦρ
1022 1765 1082 1817 τὸ
1118 1765 1517 1835 ἡτοιμασμένον
1546 1765 1622 1835 τῷ
1673 1764 1902 1834 διαϐόλῳ

2008 573 2165 627 aliam
2192 574 2409 633 malam,
2441 576 2618 645 ignem
2635 575 2859 639 scilicet,
2883 576 2948 629 ad
2974 591 3193 644 pmnam
3211 590 3426 640 vocare,
3453 591 3583 629 eos—

2008 682 2113 735 que
2160 666 2251 735 qui
2306 667 2690 736 cupiditatibus
2726 668 2907 722 carnis
2944 666 3155 736 abrepti
3202 665 3331 728 sint,
3375 665 3581 719 diluvio

2008 758 2225 826 punire.
2254 758 2371 813 Jam
2413 770 2595 814 autem
2632 768 2686 813 et
2712 760 2836 813 boni
2864 769 2919 813 et
2944 750 3075 827 justi
3099 767 3153 813 et
3182 758 3336 813 malis
3381 758 3581 813 infensi

2008 864 2146 917 opus
2177 857 2281 913 est,
2309 850 2509 903 malum
2536 850 2841 918 prohibere,
2899 848 3349 918 impudentesque
3377 863 3577 918 pecca-

2012 949 2157 994 tores
2172 940 2237 994 ad
2258 941 2478 1011 dignum
2494 956 2685 1010 rapere
2705 941 3053 1011 supplicium,
3068 957 3187 1010 qua:
3205 956 3334 994 sane
3354 941 3579 999 malum,

2007 1039 2102 1085 aut
2135 1042 2414 1102 peceatum
2444 1042 2738 1099 amantem,
2790 1033 2899 1087 imo
2942 1034 3150 1105 legibus
3171 1033 3580 1103 praecipientem

2008 1137 2118 1176 non
2142 1123 2357 1178 decent.

2079 1211 2167 1266 Vl.
2195 1210 2266 1268 Ut
2296 1228 2426 1267 vero
2470 1214 2647 1269 adhuc
2690 1215 2861 1285 magis
2909 1215 3199 1287 intelligas,
3260 1216 3403 1285 quod
3435 1216 3580 1271 idem

2008 1304 2185 1359 bonus
2216 1314 2270 1358 et
2294 1305 2575 1360 hominum
2604 1322 2792 1361 amans
2817 1306 2958 1362 Deus
2987 1318 3087 1370 est,
3117 1309 3209 1377 qui
3236 1317 3287 1363 et
3317 1309 3372 1363 in
3414 1309 3581 1362 veteri

2009 1406 2064 1451 et
2096 1398 2151 1450 in
2192 1412 2332 1452 novo
2368 1407 2692 1453 testamento
2729 1400 2938 1469 justum
2969 1410 3202 1464 tueatur,
3276 1400 3433 1455 ticum
3454 1416 3585 1455 exa-

2009 1504 2222 1543 reseere
2246 1489 2422 1557 jubet,
2486 1506 2607 1559 qua:
2645 1490 2880 1544 fructum
2932 1493 3139 1561 petenti
3198 1508 3305 1547 non
3351 1493 3582 1546 exhibe-

2007 1578 2100 1632 bat
2128 1579 2206 1645 '°,
2242 1578 2577 1649 inﬁnitisque
2610 1581 2773 1635 minis
2808 1582 2912 1637 sibi
2959 1599 3065 1636 non
3101 1584 3384 1638 audientes
3410 1599 3582 1653 expo-

2008 1671 2111 1734 nit,
2140 1670 2430 1743 legumque
2477 1688 2698 1725 suarum
2754 1683 3181 1744 transgressores
3211 1675 3441 1746 graviori
3478 1690 3582 1729 nec

2009 1757 2256 1813 imitabili
2288 1760 2575 1830 supplicio,
2632 1761 2742 1832 igni
2774 1763 2999 1825 scilicet,
3046 1764 3138 1833 qui
3162 1764 3377 1818 diabolo
3401 1773 3457 1819 et
3482 1780 3583 1819 an-

322 1858 424 1910 κα“ι
456 1860 568 1920 τοῖς
620 1856 870 1925 ἀγγέλοις
902 1855 1088 1921 αὐτοῦ,
1132 1856 1259 1920 τοὺς
1307 1856 1759 1927 παραϐεϐηκότας
1790 1856 1901 1928 (29)

2006 1850 2137 1922 gelis
2158 1851 2279 1920 ejus
2322 1862 2541 1921 paratus
2584 1864 2686 1915 est,
2715 1854 2951 1923 snhjicit.
3004 1856 3182 1924 Atque
3223 1858 3294 1910 ita
3343 1855 3580 1925 primum

320 1949 492 2003 αὐτοῦ
520 1950 645 2012 τοὺς
668 1949 864 2020 νόμους
895 1949 1271 2014 καταδικάζει.
1306 1950 1417 2004 Καὶ
1447 1950 1569 2003 κατ’
1592 1950 1770 2021 ἀρχὰς
1805 1951 1903 2021 μὲν

321 2038 651 2110 προσκαίρῳ
684 2040 816 2109 πυρὶ
840 2040 932 2091 καὶ
974 2038 1128 2092 ὕδατι
1154 2043 1495 2109 τιμωρεῖται,
1528 2041 1620 2093 ἐπὶ
1657 2041 1801 2093 τέλει
1845 2041 1903 2095 δὲ

320 2129 684 2194 διαιωνίζοντι
706 2130 799 2183 καὶ
819 2130 1183 2201 ἀτελευτήτῳ.
1217 2131 1380 2201 Ὀρᾷς
1402 2130 1519 2195 πῶς
1535 2131 1594 2184 τὸ
1617 2132 1904 2202 μισοπόνη-

325 2239 425 2293 ρον
459 2222 727 2290 πανταχοῦ
760 2220 949 2291 ὥσπερ
974 2222 1068 2274 καὶ
1101 2220 1162 2273 τὸ
1192 2220 1576 2291 φιλάνθρωπον
1612 2220 1903 2293 γνώρισμά

322 2317 450 2366 ἐστι
481 2314 573 2366 καὶ
615 2313 911 2384 μαρτύριον
941 2312 1042 2381 τῆς
1073 2312 1411 2382 ἁγαθότητος
1452 2312 1545 2364 τοῦ
1578 2311 1743 2378 Θεοῦ;
1792 2314 1904 2365 Καὶ

320 2404 429 2457 οὐκ
461 2402 619 2466 αὐτὸς
657 2403 753 2472 μὲν
783 2401 955 2456 ταῦτα
984 2404 1243 2471 πράττει,
1278 2404 1405 2465 τοὺς
1438 2402 1684 2473 μαθητὰς
1709 2404 1764 2456 δὲ
1796 2404 1899 2473 τῆς

320 2491 581 2562 τοιαύτης
615 2492 865 2562 πράξεως
892 2490 1242 2554 ἀναστέλλει;
1268 2490 1403 2543 ἀλλά
1431 2491 1636 2561 Πέτρος
1664 2492 1763 2558 μὲν
1785 2491 1811 2542 6
1844 2492 1901 2543 ἐν

322 2586 393 2653 τῇ
425 2583 609 2653 χάριτι
641 2581 890 2653 λαμπρὸς
918 2580 1009 2634 τὸν
1047 2580 1296 2633 Ἀνανίαν
1330 2582 1421 2634 καὶ
1449 2579 1548 2650 τὴν
1583 2580 1903 2650 Σάπφειραν

330 2672 686 2742 ψευδολογίας
736 2673 962 2725 θάνατον
1007 2669 1168 2722 ἔλαϐε
1198 2669 1297 2741 τὴν
1327 2670 1482 2740 δίκην
1508 2669 1641 2739 (50).
1692 2669 1904 2731 Παῦλος

325 2765 415 2827 δὲ,
444 2765 470 2815 ὁ
499 2764 699 2833 θερμὸς
727 2763 824 2833 τῆς
858 2762 1076 2833 χάριτος
1110 2762 1284 2832 κήρυξ
1316 2764 1409 2814 καὶ
1450 2761 1769 2824 διδάσκαλος
1803 2762 1903 2830 τῆς

323 2856 909 2926 οἰκουμένης,τυφλὸν
962 2855 1059 2925 μὲν
1105 2856 1265 2917 εὐθὺς
1321 2856 1467 2907 ποιεῖ
1496 2854 1583 2907 τὸν
1637 2853 1898 2923 Ἑλύμαν,

321 2952 489 3013 αὐτὸς
528 2949 735 3021 μαθὼν,
768 2950 827 3015 ea
860 2944 933 3004 ὧν
958 2950 1247 3014 πέπονθεν,
1279 2949 1403 3001 ὅσον
1440 2949 1473 3018 ή
1516 2946 1676 3018 ποινὴ
1711 2947 1902 3017 κέρδος

322 3045 505 3114 φέρει.
544 3045 646 3096 Τὸν
676 3043 735 3095 δὲ
766 3043 1178 3113 πεπορνευκότα
1226 3040 1514 3112 Κορίνθιον
1564 3039 1903 3111 παραδίδωσι

318 3137 404 3206 τῷ
438 3136 651 3206 Σατανᾷ
686 3138 765 3198 εἰς
793 3134 1013 3204 ὄλεθρον
1041 3133 1140 3203 τῆς
1179 3132 1403 3202 σαρκός.
1453 3131 1799 3202 Ἀλέξανδρον
1843 3129 1901 3184 δὲ

318 3232 407 3293 εἰς
436 3229 535 3300 τὴν
589 3228 798 3281 ἐκεῖθεν
856 3226 1213 3296 παραπέμπει
1263 3224 1498 3295 βάσανον
1544 3226 1636 3277 καὶ
1695 3222 1897 3294 κρίσιν.

321 3322 441 3375 Καὶ
473 3324 521 3374 εἰ
552 3319 690 3391 ὀργὴ
740 3320 835 3373 καὶ
895 3319 1069 3387 θλίψις
1110 3319 1204 3371 καλ.
1238 3317 1568 3387 στενοχωρία
1600 3315 1693 3369 ἐπὶ
1722 3317 1902 3369 πᾶσαν

320 3416 503 3486 ψυχὴν
524 3415 809 3481 ἀνθρώπου
840 3412 934 3466 τοῦ
957 3411 1436 3482 κατεργαζομένου
1470 3410 1531 3462 τὸ
1558 3408 1729 3462 κακὸν
1765 3407 1900 3477 (51),

326 3509 533 3579 σςρὸδρα
572 3506 1002 3578 διαμαρτύρεται
1054 3506 1083 3557 6
1146 3503 1377 3565 Παῦλος,
1415 3502 1607 3572 ὥσπερ
1639 3500 1770 3564 δόξα
1806 3500 1903 3553 καὶ

324 3600 465 3668 τιμὴ
496 3599 587 3652 καί⁸
620 3598 809 3667 εἰρήνη
856 3595 1019 3647 παντὶ
1053 3592 1130 3662 τῷ
1160 3590 1519 3663 ἐργαζομένῳ
1553 3589 1614 3641 τὸ
1671 3589 1900 3657 ἀγαθὸν,

327 3692 451 3754 πῶς
495 3688 927 3761 προσωποληψία
984 3686 1083 3740 οὐκ
1121 3685 1236 3737 ἔστι
1280 3686 1432 3755 παρὰ
1466 3681 1545 3753 τῷ
1597 3681 1745 3753 Θεῷ;
1788 3681 1903 3744 πῶς

325 3784 379 3834 οἰ
419 3780 837 3849 κατακριθέντες
872 3780 929 3832 ὲν
973 3781 1040 3848 τῇ
1079 3776 1290 3847 Παλαιᾷ
1319 3776 1416 3846 οὐχ
1449 3774 1554 3827 ὑπὸ
1587 3773 1682 3826 τοῦ
1734 3771 1901 3826 αὑτοῦ

324 3874 731 3944 κατεκρίθησαν
776 3870 978 3939 ἀγαθοῦ
1010 3870 1165 3933 Θεοῦ,
1202 3869 1261 3933 ὃς
1292 3870 1386 3923 καὶ
1414 3867 1515 3938 τὴν
1536 3866 1697 3937 χάριν
1739 3882 1904 3936 νομο-

322 3964 493 4025 θετεί,
522 3964 612 4016 καὶ
634 3963 692 4015 τὸ
707 3960 1213 4033 ἁπροσωπόληπτον
1248 3958 1435 4024 αὐτοῦ,
1458 3953 1540 4021 οἷς
1568 3958 1898 4026 ὑπέστησεν,

321 4056 626 4109 ἐϐεϐαίωσε
650 4071 677 4119 ;ι’
698 4056 805 4108 Καὶ
839 4054 1026 4127 πόσοις
1053 4054 1117 4107 ἄν
1142 4069 1226 4115 τις
1256 4051 1588 4116 ἐπιδείξαιτο
1610 4052 1709 4121 τὴν
1744 4066 1901 4120 μισο-

322 4148 563 4217 πόνηρον
589 4146 745 4215 δίκην
784 4148 842 4199 ὲν
876 4147 989 4208 τοῖς
1011 4144 1106 4215 τῆς
1136 4144 1358 4215 χάριτος
1390 4145 1578 4212 νόμοις
1608 4142 1669 4195 τὸ
1696 4142 1900 4212 κράτος

323 4241 557 4309 ἔχουσαν
590 4238 802 4308 ἄμαχον
820 4256 835 4304 ;

397 4334 472 4385 z',
502 4332 682 4401 Χωρίς
702 4330 759 4382 δὲ
787 4328 896 4381 τῶν
925 4330 1250 4399 εἰρημένων,
1279 4328 1326 4379 εἰ
1358 4326 1601 4395 πονηρᾶς
1624 4320 1692 4395 ἦν
1721 4325 1898 4395 ἀρχῆς

2004 1942 2222 2011 quidem
2245 1944 2366 2013 igne
2394 1953 2449 1998 et
2480 1960 2617 2014 aqua
2643 1945 2955 2014 temporali,
2981 1948 3196 2001 tandem
3218 1962 3345 2001 vero
3375 1958 3582 2001 aeterno

2003 2040 2059 2087 et
2085 2049 2365 2102 nunquam
2414 2034 2652 2090 ﬁniendo
2674 2036 2849 2105 punit.
2879 2036 3093 2102 Viden’,
3140 2038 3284 2107 quod
3314 2046 3369 2092 et
3397 2039 3583 2092 odium

2002 2128 2271 2181 malorum
2303 2137 2358 2181 et
2392 2118 2703 2182 humanitas
2755 2145 2974 2199 semper
3020 2138 3396 2201 argumentum
3430 2138 3485 2184 et
3510 2129 3584 2184 si-

2002 2235 2167 2291 gnum
2198 2220 2552 2274 sithonitatis
2586 2220 2726 2274 Dei?
2775 2221 2889 2274 Nec
2931 2221 3049 2290 ipse
3108 2221 3282 2274 solum
3337 2220 3411 2274 ita
3449 2221 3578 2290 agit,

2001 2312 2409 2381 discipulosque
2465 2312 2605 2366 forte
2632 2313 2700 2366 ab
2746 2314 3012 2381 ejusmodi
3061 2313 3365 2368 actionibus
3391 2312 3583 2382 prohi-

2002 2404 2119 2467 bet,
2152 2404 2248 2457 sed
2272 2413 2327 2457 et
2348 2403 2575 2458 illustris
2597 2404 2652 2457 in
2680 2420 2822 2457 novo
2840 2412 3165 2458 testamento
3194 2404 3405 2467 Petrus,
3437 2403 3585 2457 Ana-

2001 2495 2148 2549 niam
2181 2506 2236 2549 et
2263 2493 2587 2565 Sapphiram
2626 2505 2803 2550 morte
2828 2497 2880 2550 in
2912 2497 3180 2551 mendacii
3204 2513 3418 2566 pinnam
3445 2496 3583 2550 aﬂ'e-

2019 2586 2114 2641 cit.
2139 2585 2338 2640 Paulus
2360 2603 2597 2657 quoque,
2653 2600 2911 2643 strenuus
2966 2589 3242 2659 Evangelii
3278 2603 3475 2657 praeco,
3527 2596 3584 2643 et

2014 2679 2207 2733 doctor
2244 2680 2414 2744 orbis,
2476 2680 2717 2751 Elymam
2768 2696 2833 2735 ex
2867 2681 3098 2751 vestigio
3124 2696 3326 2736 czecum
3356 2680 3468 2734 ﬁeri
3495 2681 3586 2749 ju-

2002 2770 2097 2824 bet
2121 2772 2193 2831 ³⁷,
2263 2770 2381 2841 ipse
2419 2772 2629 2826 scilicet
2675 2788 2740 2826 ex
2788 2772 2873 2835 iis,
2932 2788 3054 2841 quae
3106 2787 3397 2841 perpessus
3443 2781 3581 2835 erat,

2003 2865 2251 2925 edoctus,
2295 2872 2558 2932 quantum
2609 2865 2952 2917 commodum
2991 2878 3148 2933 paena
3176 2863 3385 2916 atl'erat.
3438 2862 3583 2915 Idem

2006 2954 2289 3009 hominem
2312 2954 2678 3018 Corinthium,
2730 2955 3045 3009 seortationi
3078 2955 3343 3018 deditum,
3369 2954 3585 3007 Satanan

2003 3047 2059 3100 in
2095 3047 2394 3116 perniciem
2420 3047 2601 3101 carnis
2634 3046 2820 3108 tradit,
2852 3047 3221 3101 Alexandrum
3251 3062 3379 3101 vero
3403 3047 3583 3100 eidem

2005 3137 2267 3190 cruciatui
2306 3143 2361 3190 et
2390 3136 2597 3203 judicio
2651 3134 2926 3201 adjudicat
2988 3136 3055 3187 9°.
3116 3134 3229 3188 lmo
3279 3150 3401 3188 eum
3440 3133 3585 3187 idem

2006 3227 2206 3283 Paulus
2229 3236 2479 3292 testetur,
2509 3226 2655 3296 quod
2681 3228 2782 3292 ira,
2839 3226 3057 3281 amictio
3083 3236 3139 3281 et
3162 3226 3410 3297 angustia
3448 3240 3587 3279 ven-

2006 3328 2123 3374 tura
2142 3319 2214 3373 sit
2243 3333 2410 3388 super
2442 3334 2661 3373 omnem
2691 3320 2926 3373 animam
2974 3320 3211 3373 hominis
3248 3318 3450 3372 malum
3492 3333 3586 3387 pa-

2006 3412 2201 3465 trantis
2228 3413 2296 3475 ’9,
2344 3411 2485 3465 sicut
2531 3412 2767 3466 vicissim
2812 3412 2977 3482 gloria
3008 3420 3062 3466 et
3089 3412 3264 3466 honor
3289 3419 3346 3464 et
3386 3426 3486 3481 pax
3516 3410 3588 3464 sit

2013 3504 2250 3558 hominis
2297 3506 2500 3559 bonum
2557 3504 2855 3574 operantis,
2934 3519 3034 3557 nec
3083 3518 3372 3572 personam
3441 3503 3585 3555 Deus

2003 3596 2295 3664 respiciat:
2322 3595 2614 3665 quomodo,
2647 3595 2738 3664 qui
2764 3596 2816 3647 in
2844 3593 3022 3648 Veteri
3062 3592 3589 3647 Testamento'dam-

2003 3690 2114 3743 nati
2138 3696 2288 3753 sunt,
2320 3702 2429 3741 non
2456 3688 2524 3742 ab
2546 3687 2739 3741 eodem
2783 3687 3214 3741 condemnentur
3260 3686 3372 3739 Deo
3418 3685 3584 3749 bono,
3670 3698 3679 3711 ι

2006 3781 2097 3850 qui
2146 3791 2204 3835 et
2246 3779 2597 3850 Evangelium
2644 3778 3026 3848 promulgavit.
3080 3786 3156 3843 et,
3201 3793 3364 3846 quam
3402 3777 3587 3831 nullus

2008 3873 2154 3943 apud
2195 3888 2255 3926 se
2304 3872 2375 3925 sit
2416 3886 2774 3940 personarum
2812 3870 3076 3934 delectus,
3131 3870 3291 3925 factis
3354 3872 3586 3925 demon-

2010 3967 2246 4022 stravit?
2298 3967 2433 4032 Quis
2460 3981 2591 4021 vero
2620 3965 2897 4020 suﬂecerit
2923 3966 3246 4019 enarrandis
3273 3965 3457 4036 gratim
3488 3981 3587 4019 seu

2002 4061 2129 4115 novi
2178 4060 2490 4115 testamenti
2543 4059 2771 4129 legibus,
2821 4074 2940 4127 quae
3002 4057 3280 4123 evincant,
3318 4059 3586 4129 justitiam

2003 4152 2162 4205 malis
2193 4150 2472 4205 inimicam
2500 4149 2574 4204 ibi
2614 4156 2881 4219 perpetuo
2911 4147 3129 4203 valere?

2072 4323 2188 4378 νη.
2232 4325 2503 4378 Praeterea
2526 4338 2677 4386 vero,
2710 4323 2755 4377 si
2777 4333 2936 4379 vetns
2960 4334 3345 4380 testamentum
3361 4325 3588 4381 maliest

326 4420 363 4489 ἠ
394 4423 631 4482 Παλαιὰ,
668 4421 787 4484 πῶς
820 4424 848 4474 6
878 4421 1166 4490 μετάρσιος
1192 4419 1284 4471 καὶ
1318 4418 1568 4488 οὐράνιος
1591 4417 1897 4489 ἄνθρωπος,

2006 4414 2277 4485 principii,
2306 4414 2581 4483 quomodo
2618 4415 2840 4469 divinus
2874 4424 2930 4469 et
2964 4417 3201 4471 caelestis
3244 4417 3326 4471 vir
3362 4417 3582 4478 Paulus.

327 4508 565 4573 Παῦλος,
583 4511 742 4572 εὐθὺς
758 4511 1056 4580 ἀρχόμενος
1074 4509 1181 4560 τῶν
1197 4508 1253 4559 Ἐ
1265 4508 1528 4559 πιστολῶν
1544 4506 1633 4560 διά
1649 4508 1756 4559 τῶν
1770 4524 1900 4577 προσ

2006 4507 2185 4561 statim
2200 4507 2269 4560 ab
2284 4506 2439 4561 initio
2452 4507 2807 4577 epistolarum
2827 4524 3070 4571 suarum,
3090 4508 3375 4578 proﬁtetur
3414 4509 3581 4562 Deum

325 4602 515 4671 φητῶν
547 4601 711 4654 αὑτοῦ
744 4605 800 4655 ὲν
832 4602 1075 4671 Γραφαῖς
1097 4598 1282 4667 ἁγίαις
1308 4599 1398 4650 τὸν
1420 4598 1550 4651 Θεὸν
1574 4616 1743 4669 προσε
1755 4614 1892 4666 παγ-

2006 4616 2094 4671 per
2144 4600 2443 4669 prophetas
2499 4615 2628 4653 suos
2673 4600 2729 4653 in
2777 4599 3057 4669 Scriptura
3098 4616 3249 4655 sacra
3287 4602 3473 4655 testari
3516 4602 3585 4657 de

322 4692 615 4760 γέλλεσθαι
642 4693 810 4761 λέγει,
844 4693 971 4761 περὶ
994 4690 1087 4744 τοῦ
1120 4689 1251 4743 Υίοῦ
1279 4688 1444 4741 αὑτοῦ
1478 4688 1573 4741 τοῦ
1599 4688 1895 4758 γενομένου

2006 4690 2138 4746 Filio
2167 4706 2288 4753 suo,
2347 4706 2415 4744 ex
2467 4691 2678 4747 semine
2725 4693 2946 4747 Davidis
2988 4694 3302 4748 secundum
3361 4709 3580 4755 carnem

323 4786 391 4835 ἐκ
448 4782 763 4853 σπέρματος
811 4782 976 4834 Δαϐἰδ
1030 4781 1172 4833 κατὰ
1221 4780 1440 4849 σάρκα;
1494 4779 1557 4830 Εἰ
1610 4781 1717 4847 γὰρ
1765 4779 1901 4834 Θεοῦ

2006 4782 2211 4838 orituro
2240 4781 2295 4833 ‘?
2347 4779 2503 4846 Quod
2549 4782 2594 4836 si
2654 4783 2801 4837 enim
2853 4784 2947 4838 Dei
2992 4793 3120 4837 sunt
3181 4784 3481 4853 prophetae,
3526 4793 3582 4838 et

322 4874 609 4943 προφῆται
638 4874 731 4925 καὶ
760 4872 972 4943 Γραφαὶ
1002 4872 1177 4939 ἆγιαι,
1208 4870 1277 4923 δι’
1308 4864 1382 4923 ὧν
1410 4871 1438 4922 6
1466 4868 1595 4931 Θεὸς
1628 4887 1901 4942 προεπηγ-

2006 4874 2304 4942 Scriptura:
2343 4887 2536 4937 sacrae,
2564 4890 2664 4943 per
2692 4891 2829 4944 quas
2872 4875 3015 4930 Deus
3044 4875 3111 4929 de
3143 4874 3279 4927 Filio
3324 4890 3423 4928 suo
3455 4885 3583 4930 ante

322 4959 547 5025 γείλατο
576 4961 701 5027 περὶ
725 4960 817 5011 τοῦ
847 4959 974 5011 Υἱοῦ
1004 4959 1191 5024 αὑτοῦ,
1216 4958 1319 5011 ποῦ
1345 4961 1372 5011 6
1412 4958 1655 5028 Πονηρὸς
1680 4960 1901 5030 εὑρήσει

2010 4964 2304 5029 nuntiavit,
2350 4964 2445 5019 ubi
2507 4965 2678 5021 Malus
2716 4966 3041 5036 principium
3087 4965 3388 5019 invenerit?
3430 4967 3497 5020 Et
3539 4968 3582 5022 si

321 5044 425 5117 τὴν
458 5048 669 5118 ἀρχήν;
712 5048 819 5102 Καὶ
864 5048 914 5100 εἰ
948 5046 1019 5100 τά
1047 5048 1258 5118 ἀόρατα
1309 5046 1497 5113 αὑτοῦ,
1535 5049 1781 5101 τουτέστι
1808 5050 1901 5103 τοῦ

2011 5053 2306 5108 invisibilia
2333 5056 2477 5126 ejus,
2511 5057 2616 5113 hoe
2640 5067 2727 5113 est
2748 5059 2842 5112 Dei
2875 5068 2931 5113 et
2956 5056 3132 5112 Patris
3163 5056 3375 5111 Domini
3413 5059 3585 5113 nostri

398 5165 446 5196 "
476 5163 667 5219 Matth.
704 5182 817 5231 xxi,
842 5164 929 5221 l9.
1007 5165 1053 5198 ’⁷
1083 5166 1346 5221 Act.xm.
1382 5166 1437 5221 8.
1514 5165 1561 5197 ⁵⁸
1586 5164 1726 5219 Tim.
1762 5182 1800 5231 ι,
1822 5168 1901 5222 20.

2013 5170 2032 5200 ’
2063 5167 2223 5223 Rom.
2256 5186 2316 5236 ιι,
2343 5172 2399 5226 9.
2486 5174 2502 5205 ⁸
2528 5173 2691 5231 Rom.
2712 5175 2973 5245 1,25eqq.

1432 5321 1671 5378 VARUE
1707 5322 2090 5383 LECTIONES
2122 5328 2212 5383 ΕΤ
2241 5330 2476 5387 NOTAE.

294 5426 312 5526 ί
404 5438 518 5526 (22?
555 5438 765 5526 ἱβῖιέτ·
792 5439 939 5526 ιςεο
969 5441 1241 5526 “1399:-

2006 5519 2017 5526 _
2072 5448 2186 5526 (ὅθ)
2217 5455 2440 5526 Ἕλαϐε
2480 5453 2595 5526 τὴν
2626 5453 2824 5517 δίκην.
2841 5455 2942 5526 ADe
2974 5456 3267 5525 phrasibus
3293 5459 3495 5512 διδόναι
3530 5468 3587 5515 et

402 5510 518 5598 (25.2
546 5510 985 5598 wet-slew
1364 5584 1378 5598 .
1567 5585 1579 5598 .
1723 5586 1738 5598 .

2006 5510 2304 5598 λαμϐάνειν
2360 5524 2459 5598 τὴν
2496 5510 2666 5598 δίκην
2682 5510 2815 5598 vide_
2835 5510 3097 5598 Thomam
3144 5510 3493 5585 Gwatakiernm‘
3530 5510 3585 5584 εἶί

332 5650 347 5662 ο
380 5580 521 5665 η’(ἓθ)
562 5580 1069 5665 Παραϐεῦζηκότας.
1103 5581 1214 5637 Hoc
1255 5584 1416 5665 m_od_o
1438 5601 1534 5665 res
1567 5585 1681 5655 ipsa
1723 5586 1901 5665 [cgere

2006 5580 2232 5665 Dissert.
2264 5595 2326 5647 de
2350 5580 2487 5662 ειῄίο
2513 5593 2583 5648 Ν.
2611 5580 2679 5647 IT.
2709 5605 2765 5648 et
2789 5596 2873 5651 10.
2912 5580 3210 5665 Vorstium,

326 5649 508 5735 jubet,
541 5665 640 5735 pro
679 5651 1122 5735 περιϐεϐηκὸτξς,
1174 5654 1319 5734 quod
1367 5655 1530 5735 habet
1577 5649 1680 5735 ius.
1728 5649 1901 5735 supra

2006 5649 2499 5735 δηιίέ-ΝᾈΤερέίιι.
2531 5681 2569 5727 ι,
2600 5680 2650 5719 c.
2683 5665 2736 5727 7,
2774 5649 2981 5735 p.2l5.

333 5734 466 5773 vero
501 5721 577 5804 ad
618 5728 822 5773 tomum
859 5720 899 5785 Ι,
937 5737 991 5804 p.
1027 5721 1080 5802 ξ,
1132 5720 1343 5790 monui,
1376 5725 1457 5792 τὸ,
1481 5727 1632 5797 παρὰ
1673 5735 1729 5781 et
1777 5720 1901 5797 περί

2081 5733 2194 5804 (ει)
2226 5720 2508 5791 Ειτείἷίὶεεε
2544 5720 2631 5792 hic
2668 5720 2882 5791 videtur
2930 5720 3119 5794 vocula
3157 5738 3230 5802 ὡς
3257 5740 3339 5795 vel
3366 5740 3581 5796 similis.

330 5804 477 5860 smpe
507 5798 644 5846 inter
665 5805 723 5846 se
757 5798 1074 5861 permutari.
