4110 6432
551 357 654 422 135

1710 353 1974 418 ΡΗΟΤΙΙ
2013 349 2525 412 ΡΑΤΒΙΑΒΟΗᾹΞ
2574 351 2680 414 CP.

3715 350 3810 414 136

551 467 684 523 Jesu
715 467 944 534 Christi,
976 483 1007 524 a
1058 478 1244 525 creato
1270 468 1477 527 mundo
1519 484 1585 525 ex
1617 470 1877 540 operibus
1919 467 2134 540 cognita

2251 464 2372 518 θεοῦ
2403 466 2496 518 καὶ
2525 463 2740 536 Πατρὸς
2768 460 2860 516 τοῦ
2890 460 3097 533 Κυρίου
3131 460 3290 532 ἡμῶν
3334 459 3508 529 Ἰησοῦ
3545 462 3809 533 Χριστοῦ,

553 561 996 633 conspiciuntur,
1037 561 1093 616 in
1123 563 1325 633 quibus
1357 562 1574 617 tandem
1606 563 1789 633 Opiiex
1821 562 1999 616 malus
2036 576 2133 615 co-

551 664 846 725 gnoscetur
864 655 886 708 ?
902 654 1202 710 invisibilia
1227 665 1283 710 et
1301 666 1483 710 mente
1497 654 1837 725 assequenda
1861 653 1955 709 Dei
1974 662 2130 708 sunt:

553 749 672 801 haec
695 761 822 800 vero
841 762 903 800 ex
931 747 1207 802 creatione
1226 748 1364 802 visui
1383 756 1439 802 et
1456 747 1712 802 sensibus
1751 746 1995 816 subjecta
2018 758 2134 814 per-

553 836 880 905 Spiciuntur.
908 836 1022 890 Nisi
1051 838 1198 892 enim
1237 854 1302 894 ex
1324 839 1630 893 visibilibus
1651 838 1917 893 creaturis
1942 837 2135 892 invisi-

553 925 682 978 bilia
710 925 802 978 Dei
832 924 1290 997 intelligerentur,
1307 937 1457 982 certe
1485 927 1777 982 invisibilia
1801 928 1914 983 haec
1933 927 2137 982 abistis

557 1032 667 1070 non
702 1017 1062 1082 distinxisset,
1083 1034 1260 1088 neque
1279 1034 1343 1073 ex
1371 1019 1488 1074 istis
1518 1035 1580 1074 ea
1597 1019 1832 1089 perspici
1859 1019 2133 1089 jussisset.

552 1110 838 1174 Quomodo
854 1120 1034 1164 autem
1064 1110 1117 1164 in
1140 1111 1406 1165 creaturis
1426 1112 1806 1174 sensibilibus,
1829 1111 1934 1167 hoc
1950 1120 2054 1175 est,
2081 1113 2136 1165 in

553 1205 826 1258 creaturis
859 1204 984 1258 mali
1026 1204 1437 1276 perspiciuntur
1466 1205 1761 1260 invisibilia
1789 1203 1907 1272 Dei,
1940 1218 2138 1274 nempe

552 1308 754 1353 aeterna
782 1298 927 1352 illius
955 1299 1199 1368 potentia
1221 1308 1278 1353 et
1305 1298 1600 1353 divinitas?
1630 1297 1836 1352 Malitia
1871 1313 2006 1352 sane
2039 1313 2142 1367 po-

555 1391 662 1444 tius
689 1401 742 1444 et
765 1391 1043 1460 turpitudo
1066 1391 1190 1445 Mali
1209 1391 1262 1446 in
1286 1391 1352 1446 iis
1367 1392 1842 1461 conspicerentur,
1867 1390 2140 1461 siquidem

554 1483 609 1536 in
637 1484 954 1537 universum
982 1484 1120 1538 tales
1165 1485 1285 1555 ejus
1308 1495 1572 1539 creatura;
1607 1484 1951 1539 exsisterent.
1983 1481 2143 1550 Quod

553 1589 684 1627 vero
713 1573 796 1627 lex
838 1589 868 1627 a
907 1574 1053 1628 bono
1099 1574 1211 1628 Deo
1238 1575 1328 1637 sit.
1358 1575 1520 1630 etiam
1550 1577 1679 1630 hinc
1697 1575 1854 1631 facile
1879 1576 2141 1630 demons-

557 1665 809 1718 traveris.
842 1665 1042 1719 Paulus
1065 1665 1237 1731 enim,
1257 1681 1319 1721 os
1339 1665 1562 1731 Christi,
1591 1667 1686 1733 ait,
1710 1667 1852 1736 quod
1884 1683 1993 1722 non
2013 1681 2142 1720 aus-

556 1755 876 1820 cultator-es,
909 1755 1005 1809 sed
1053 1756 1440 1811 observatores
1470 1757 1605 1828 legis
1623 1758 1895 1827 justitiam
1940 1772 2144 1812 conse-

556 1857 815 1916 quenlur.
835 1847 1122 1913 Quomodo
1140 1849 1224 1904 lex
1251 1865 1282 1904 a
1316 1849 1461 1904 bono
1496 1849 1608 1905 Deo
1630 1850 1873 1921 profecta
1902 1865 2014 1905 non
2047 1849 2138 1918 sit,

558 1941 652 2009 qui
672 1957 770 2010 pro
793 1958 954 2011 poena
988 1942 1276 2013 irroganda
1293 1959 1406 2009 eos,
1427 1944 1520 2013 qui
1549 1944 1725 2015 legem
1754 1943 2138 2014 impleverunt,

554 2045 735 2100 justos
757 2035 1198 2104 pronuntiat?Et
1215 2037 1258 2090 si
1290 2044 1662 2107 transgressor
1683 2037 2015 2108 legis,etiam
2046 2035 2145 2089 cir-

559 2123 837 2178 cumcisus
863 2141 1106 2191 carnem,
1133 2143 1231 2196 pro
1251 2128 1576 2197 praeputiato
1595 2127 1848 2192 habetur,
1881 2136 1937 2182 et
1963 2126 2145 2181 divina

559 2214 730 2283 gratia
760 2215 1033 2286 indignus,
1053 2219 1412 2287 praeputiatus
1442 2235 1593 2284 vero,
1616 2220 1662 2274 si
1693 2219 1826 2289 legis
1847 2221 1997 2290 jussa
2026 2235 2145 2274 sec-

562 2297 735 2369 tetur,
757 2306 1231 2362 circumcisionem
1256 2309 1583 2364 sanctissimi
1611 2310 1848 2379 Spiritus
1871 2310 1925 2363 in
1960 2310 2142 2364 anima

559 2395 902 2458 circumfert,
923 2414 1105 2453 nonne
1127 2400 1212 2454 lex
1235 2416 1264 2453 a
1286 2401 1428 2454 bono
1452 2400 1562 2455 Deo
1593 2402 1764 2471 repeti
1783 2401 2004 2456 debebit
2027 2402 2050 2454 ί
2085 2401 2142 2455 Si

558 2506 693 2545 vero
717 2492 1158 2560 Christuslesus,
1179 2504 1343 2564 prout
1366 2495 1564 2550 Paulus
1603 2495 1936 2560 exclamat‘,
1962 2495 2145 2550 minis-

561 2592 646 2637 ter
671 2582 774 2637 fuit
801 2584 1259 2650 circumcisionis,
1313 2603 1412 2657 pro
1442 2589 1670 2643 veritate
1692 2589 1902 2643 scilicet
1931 2588 2049 2653 Dei,
2073 2587 2139 2642 ad

560 2675 962 2732 conﬁrmandas
978 2679 1370 2747 promissiones
1388 2681 1630 2750 patribus
1652 2681 1842 2747 factas,
1867 2695 2003 2749 quas
2022 2696 2142 2751 pro-

561 2764 687 2819 inde
708 2765 965 2821 Christus
981 2769 1240 2823 stabilivit
1260 2787 1276 2835 ;
1294 2769 1436 2824 idem
1463 2786 1593 2825 vero
1619 2772 1758 2826 Deus
1775 2773 2024 2841 patrihus
2042 2773 2141 2827 has

560 2859 960 2928 promissiones
977 2859 1125 2921 fecit,
1155 2862 1246 2931 qui
1265 2871 1320 2916 et
1347 2863 1546 2918 cmlum
1570 2865 1672 2918 hoc
1692 2865 1949 2920 sensibus
1971 2881 2142 2936 expc-

563 2948 730 3002 situm
752 2956 808 3002 et
835 2958 1033 3004 terram
1067 2953 1334 3017 condidit,
1394 2969 1668 3024 quemque
1696 2956 1872 3010 Moses
1895 2957 1948 3010 in
1972 2957 2144 3012 histo-

566 3038 645 3092 ria
682 3039 978 3092 creationis
1013 3040 1182 3095 Deum
1215 3043 1496 3111 priedicat,
1541 3045 1633 3114 qui
1665 3045 1890 3117 insuper
1916 3063 1946 3102 a
1979 3049 2148 3103 Paulo

566 3127 620 3179 in
650 3127 755 3180 hoc
780 3139 834 3180 et
864 3129 1138 3183 aliislocis
1169 3131 1414 3200 pluribus
1457 3134 1763 3191 Servatoris
1791 3139 1966 3192 nostri
1994 3148 2150 3209 pater
2173 3156 2219 3218 ρ

564 3220 892 3288 appellatur,
912 3222 1069 3290 cujus
1087 3225 1477 3293 promissiones
1503 3227 1618 3297 ipse
1641 3237 1699 3283 ut
1716 3231 1986 3301 genuinus
2011 3232 2152 3288 [ilius

567 3325 665 3379 per
694 3326 774 3374 se,
803 3328 911 3366 non
940 3330 1071 3368 vero
1097 3315 1272 3370 aliena
1297 3333 1460 3388 opera
1491 3335 1644 3382 usus,
1674 3330 1821 3376 ratas
1850 3331 1907 3377 et
1929 3324 2152 3379 stabiles

568 3416 693 3456 esse
715 3402 1196 3473 demonstraverit,
1215 3410 1308 3479 qui
1337 3410 1451 3465 fieri
1471 3423 1671 3482 potest,
1706 3415 2151 3484 utimpudentis-

569 3496 706 3550 sima
720 3507 1089 3566 apostatarum
1123 3503 1283 3556 factio
1300 3518 1409 3557 non
1428 3505 1834 3560 confundatur?
1853 3507 1994 3572 Quid
2021 3523 2153 3562 vero

569 3606 808 3659 provoco
831 3593 899 3646 ad
917 3593 1164 3661 Paulum,
1191 3596 1368 3651 virum
1394 3598 1632 3667 alioquin
1656 3601 1971 3670 cognitione
1991 3599 2156 3655 Vete-

473 3705 483 3718 ~
570 3683 646 3737 ris
663 3683 1020 3750 Testamenti,
1046 3697 1102 3741 et
1125 3689 1389 3757 sapientia
1404 3689 1538 3744 Novi
1562 3693 2152 3762 tnntopereillustrem,

569 3792 695 3831 cum
718 3794 1066 3834 communem
1093 3779 1378 3834 Dominum
1408 3782 1612 3835 audere
1646 3783 1806 3837 liceat
1837 3784 2157 3853 praecipien-

574 3880 684 3922 tem
705 3883 760 3924 et
785 3871 1058 3926 dicentem
1080 3891 1093 3926 :
1118 3872 1198 3925 Ne
1221 3875 1531 3927 existimetis
1551 3892 1630 3928 me
1648 3877 1847 3930 venisse
1867 3883 1936 3930 ad
1952 3878 2156 3931 solven-

571 3963 699 4014 dam
729 3961 891 4032 legem
914 3974 1008 4016 aut
1042 3963 1336 4033 Prophetas
1369 3981 1387 4018 :
1426 3982 1528 4018 non
1558 3969 1672 4020 veni
1705 3978 1761 4021 nt
1803 3969 2057 4023 solverem
2088 3971 2158 4024 le-

571 4069 710 4122 gem,
746 4055 835 4108 sed
864 4065 917 4108 ut
950 4056 1222 4124 implerem
1252 4057 1296 4109 '.
1326 4057 1393 4110 Et
1435 4057 1592 4110 alibi:
1617 4058 1799 4120 Amen,
1829 4076 2004 4126 auten,
2042 4065 2157 4116 diro

521 4195 524 4200 .
574 4147 745 4200 vobis:
778 4146 894 4200 Non
923 4150 1166 4202 transibit
1192 4151 1379 4206 ca'lnm
1409 4163 1458 4206 et
1502 4163 1668 4217 terra,
1704 4162 1798 4206 aut
1830 4154 1940 4206 iota
1974 4170 2154 4218 unum,

575 4255 772 4292 unusne
795 4257 948 4309 apex,
977 4243 1137 4296 donec
1161 4247 1338 4298 omnia
1360 4247 1462 4298 ista
1496 4247 1758 4298 evenerint
1783 4247 1824 4299 ⁸.
1845 4245 1954 4316 Ego
1974 4257 2030 4300 ut
2059 4247 2159 4301 im-

576 4331 821 4399 pleturus
868 4334 1039 4403 legem
1088 4337 1236 4400 veni,
1285 4337 1654 4396 aitChristus.
1677 4345 1732 4391 at
1768 4338 1915 4407 impii
1940 4339 2050 4392 oris
2075 4347 2158 4394 est

575 4425 762 4479 dicere
820 4441 908 4480 me
941 4426 1157 4481 venisse
1226 4438 1285 4481 ut
1335 4427 1512 4482 Patris
1562 4431 1732 4499 legem
1777 4430 2152 4484 dissolverem.

2233 553 2343 608 ἀπὸ
2367 553 2597 616 κτίσεως
2625 553 2828 623 κόσμου
2855 553 2968 615 τοῖς
3007 551 3276 622 ποιήμασι
3327 550 3632 618 νοούμενα,
3678 554 3783 605 καθ

2235 650 2427 720 ορᾶται
2448 688 2462 714 ,
2493 650 2550 702 ὲν
2582 647 2724 701 τίσιν
2766 647 2990 718 ὁραθείη
3017 646 3348 717 δημιουργὸς
3375 647 3403 698 6
3445 645 3706 716 Ἐχθρός;
3734 649 3812 702 Τὰ

2233 742 2446 813 ἀόρατα
2469 743 2564 796 καὶ
2590 741 2856 810 νοούμενα
2883 741 2976 793 τοῦ
3003 739 3137 793 Θεοῦ
3174 742 3290 792 ἐστι
3318 755 3332 770 ⁸
3362 739 3535 792 ταῦτα
3591 739 3652 792 δὲ
3685 740 3814 792 καθ-

2238 838 2434 908 ορᾶται
2465 836 2572 890 ἀπὸ
2597 835 2696 906 τῆς
2722 833 2987 904 αἰσθητῆς
3017 834 3113 887 καὶ
3153 834 3373 905 ὁρατῆς.
3397 835 3457 886 El
3488 833 3600 904 γὰρ
3633 833 3710 904 μὴ
3731 834 3816 889 διὰ

2235 930 2334 1000 τῆς
2363 928 2570 1000 ὁρατῆς
2599 928 2834 990 κτίσεως
2866 926 2935 980 τὰ
2959 926 3170 997 ἀόρατα
3199 925 3294 978 τοῦ
3325 925 3460 978 Θεοῦ
3493 928 3814 995 καθορᾶται,

2236 1023 2336 1075 οὐκ
2363 1023 2430 1075 ἂν
2471 1021 2568 1092 μὲν
2592 1018 2854 1073 διέστειλε
2897 1019 2965 1073 τὰ
3007 1019 3220 1090 ἀόρατα
3254 1017 3315 1080 ἐξ
3363 1017 3571 1086 αὐτῆς·
3613 1019 3718 1072 οὐκ
3757 1020 3820 1071 ἂν

2238 1114 2297 1167 δὲ
2347 1114 2436 1168 διὰ
2491 1113 2697 1184 ταύτης
2757 1112 2995 1178 ἐδίδαξεν
3048 1114 3237 1166 ὲκεῖνα
3293 1112 3661 1184 καθορᾶσθαι.
3700 1113 3820 1177 Πῶς

2237 1201 2332 1260 οὖν
2371 1208 2430 1261 ὲν
2465 1208 2580 1270 τοῖς
2618 1207 2888 1276 ποιήμασι
2932 1207 3047 1268 τοῖς
3092 1205 3370 1275 αἰσθητοῖς
3413 1204 3721 1275 καθορᾶται
3758 1209 3823 1258 τὰ

2237 1299 2452 1372 ἀόρατα
2477 1299 2574 1352 τοῦ
2616 1297 2753 1352 Θεοῦ
2775 1338 2790 1364 ,
2841 1299 2937 1351 καὶ
2964 1297 3087 1350 τότε
3133 1299 3165 1368 ἡ
3195 1298 3365 1361 ἀΐδιος
3397 1298 3563 1352 αὑτοῦ
3595 1297 3824 1368 δύναμις

2241 1392 2338 1445 καὶ
2369 1391 2584 1462 θειότης
2615 1391 2674 1444 ἐν
2697 1392 2810 1453 τοῖς
2838 1391 3110 1461 ποιήμασι
3143 1389 3238 1443 τοῦ
3267 1387 3511 1460 Πονηροῦ
3537 1405 3552 1456 ;
3585 1389 3822 1444 Τοῦναν-

2240 1485 2356 1538 τίον
2380 1484 2490 1556 γὰρ
2511 1486 2568 1540 ἐν
2585 1487 2698 1548 τοῖς
2720 1486 2991 1554 ποιήμασι
3017 1483 3113 1538 τοῦ
3145 1483 3397 1555 Ἐχθροῦ.
3423 1484 3582 1555 εἴπερ
3599 1479 3670 1554 ἦν
3695 1484 3826 1547 ὅλως

2241 1577 2386 1642 τινὰ,
2418 1579 2451 1648 ἡ
2481 1576 2720 1647 πονηρία
2771 1579 2864 1630 καὶ
2897 1576 3194 1646 αἰσχρότης
3227 1574 3395 1628 αὐτοῦ
3438 1574 3716 1643 καθορᾶτο
3742 1574 3822 1645 ἀν.

2246 1662 2368 1717 Ὀτι
2386 1664 2484 1716 δὲό
2512 1664 2677 1734 νόμος
2701 1665 2765 1717 ἐκ
2793 1664 2886 1718 τοῦ
2910 1663 3121 1731 ἀγαθοῦ
3149 1664 3307 1727 θεοῦ,
3337 1664 3637 1718 κάντεῦθεν
3664 1665 3729 1717 ἄν
3747 1682 3827 1726 τις

2247 1757 2564 1822 ὲπιδείξοιτο
2599 1759 2750 1829 ῥᾷον.
2787 1757 2953 1827 Λέγει
2984 1757 3093 1828 γὰρ
3117 1758 3145 1810 6
3177 1755 3412 1822 Παῦλος,
3438 1756 3500 1810 τὸ
3529 1756 3710 1828 στόμα
3737 1755 3825 1811 τοῦ

2247 1851 2508 1921 Χριστοῦ,
2541 1852 2734 1922 ὅτιπερ
2767 1851 2866 1922 οὐχ
2915 1851 2964 1904 οἱ
3008 1851 3280 1921 ιίικροαταί⁵
3304 1850 3399 1904 τοῦ
3429 1851 3597 1918 νόμου
3633 1850 3828 1904 δίκαιοι

2246 1945 2400 2013 παρά
2430 1943 2507 2015 τῷ
2539 1942 2687 2014 Θεῷ,
2721 1942 2837 1996 ἀλλ’
2873 1943 2924 1995 οἱ
2955 1943 3180 2013 ποιηταὶ
3207 1941 3302 1995 τοῦ
3338 1943 3502 2012 νόμου
3536 1940 3830 2012 δικαιωθή-

2248 2053 2452 2090 σονται.
2501 2035 2612 2090 Καὶ
2654 2035 2770 2099 πῶς
2798 2035 2898 2088 οὐκ
2940 2035 3088 2088 ἐστιν
3114 2036 3143 2088 6
3173 2035 3338 2104 νόμος
3379 2036 3444 2088 ὲκ
3474 2034 3573 2088 τοῦ
3623 2034 3827 2102 ἀγαθοῦ

2245 2126 2404 2192 Θεοῦ,
2435 2127 2495 2190 ὃς
2527 2126 2649 2179 ἀντὶ
2691 2125 2785 2178 τοῦ
2820 2125 3074 2185 κολάζειν
3103 2125 3345 2188 δικαίους
3373 2125 3671 2194 ἀποφαίνει
3711 2126 3830 2187 τοὺς

2247 2219 2538 2282 ποιοῦντας
2584 2218 2778 2283 αῦτόν;
2814 2219 2925 2271 Καὶ
2958 2218 3007 2270 εί
3038 2219 3067 2271 6
3117 2217 3451 2288 παραϐάτης
3485 2217 3582 2270 τοῦ
3625 2218 3826 2288 νόμου,

2247 2312 2351 2367 κᾶν
2397 2311 2876 2382 περιτετμημένος
2976 2308 3078 2380 τὴν
3123 2310 3336 2380 σάρκα,
3385 2310 3460 2373 ὡς
3493 2309 3831 2380 ἀκρόδυστος

2246 2403 2545 2474 λογίζεται,
2570 2405 2663 2456 καὶ
2687 2402 2906 2467 ἀνάξιος
2938 2404 3185 2473 κρίνεται
3207 2402 3301 2455 τοῦ
3328 2403 3488 2456 Θεοῦο
3518 2404 3548 2454 6
3578 2402 3638 2456 δὲ
3669 2401 3832 2472 ἀκρό-

2249 2499 2446 2562 6υστος
2473 2499 2542 2552 τὰ
2569 2497 2913 2568 δικαιώματα
2944 2497 3238 2565 φυλάσσων
3267 2495 3361 2548 τοῦ
3393 2497 3562 2566 νόμου
3599 2497 3700 2565 τὴν
3732 2511 3827 2546 πε-

2254 2592 2482 2664 ριτομὴν
2503 2589 2598 2645 τοῦ
2631 2590 2895 2660 παναγίου
2927 2590 3250 2662 Πνεῦματος
3277 2591 3436 2662 φέρει
3467 2591 3524 2642 ἐν
3555 2592 3623 2660 τῇ
3655 2590 3828 2659 ψυχῇ,

2251 2684 2368 2747 πῶς
2398 2684 2520 2754 οὐχὶ
2555 2685 2584 2737 6
2614 2684 2780 2755 νόμος
2811 2685 2876 2738 ὲκ
2907 2683 3002 2737 τοῦ
3033 2682 3240 2752 ἀγαθοῦ
3273 2683 3441 2749 Θεοῦ;
3470 2684 3533 2736 Εἰ
3576 2683 3658 2747 δὲ,
3694 2681 3830 2735 καθὰ

2251 2778 2618 2849 διακέκραγεν
2671 2779 2699 2832 6
2734 2778 2977 2844 Παῦλος,
3029 2777 3265 2849 Χριστὸς
3321 2777 3532 2847 Ἰησοῦς
3588 2777 3831 2831 διάκονος

2252 2869 2443 2938 γέγονε
2476 2875 2781 2941 περιτομῆς
2805 2910 2820 2935 ,
2861 2870 3036 2934 διατί;
3064 2869 3206 2941 ὑπὲρ
3246 2869 3507 2940 ἀληθείας
3554 2868 3725 2933 Θεοῦ,
3757 2869 3832 2930 είς

2250 2963 2314 3016 τὸ
2377 2963 2678 3035 βεϐαιῶσαι
2727 2963 2828 3026 τὰς
2879 2963 3213 3031 ἐπαγγελίας
3264 2965 3372 3016 τῶν
3414 2964 3697 3034 πατέρων,
3746 2962 3833 3014 καὶ

2252 3056 2456 3120 ταύτας
2515 3055 2845 3109 ἐϐεϐαίωσεν
2881 3057 2909 3108 ὁ
2960 3056 3231 3126 Χριστός;
3275 3057 3482 3117 ἐκεῖνος
3510 3055 3568 3107 δὲ
3593 3057 3711 3116 τοῖς
3743 3070 3835 3105 παο

2253 3149 2413 3218 τρὰσι
2443 3147 2650 3200 διέθετο
2671 3148 2770 3210 τὰς
2787 3147 3122 3215 ἐπαγγελίας
3143 3189 3158 3212 ,
3187 3149 3216 3200 6
3239 3147 3443 3199 καὶτὸν
3461 3145 3726 3216 αἰσθητὸν
3748 3143 3833 3196 τὸν

2253 3237 2480 3307 οὐρανὸν
2528 3238 2622 3291 καὶ
2675 3239 2777 3307 τὴν
2823 3237 2930 3307 γῆν
2983 3237 3402 3308 δημιουργήσας
3447 3235 3619 3299 Θεὸς,
3656 3235 3716 3288 ὃν
3748 3235 3837 3288 καὶ

2254 3332 2464 3402 Μωσῆς
2499 3334 2555 3384 ὲν
2601 3335 2666 3402 τῇ
2711 3331 3079 3403 κοσμογενείᾳ
3137 3330 3420 3398 θεολογεῖο
3469 3330 3754 3383 δείκνυται
3783 3328 3834 3380 δὲ

2253 3423 2321 3477 δι’
2353 3417 2429 3478 ὧν
2468 3425 2496 3477 ὁ
2541 3424 2752 3488 Παῦλος
2791 3424 3026 3478 ἐνταῦθα
3072 3425 3166 3476 καὶ⁸
3196 3425 3255 3476 ἐν
3285 3421 3503 3486 πολλοῖς
3537 3422 3724 3483 ἄλλοις
3751 3420 3836 3472 λέ-

2254 3533 2364 3586 γει,
2407 3516 2503 3569 τοῦ
2536 3516 2790 3586 Σωτῆρος
2819 3515 2978 3586 ἡμῶν
3021 3511 3176 3578 οὗτος
3209 3515 3411 3586 πατὴρ,
3444 3509 3506 3568 οὗ
3535 3514 3640 3578 τὰς
3672 3516 3836 3580 ἐπαγο

2255 3607 2441 3677 γελίας
2484 3609 2560 3671 ὡς
2590 3608 2811 3677 γνήσιος
2857 3607 2971 3670 υίὸς
3007 3605 3403 3676 ἀπαραϐάτους
3433 3623 3492 3658 τε
3531 3605 3629 3659 καὶ
3672 3605 3834 3673 ἀψευ-

2255 3697 2362 3762 δεῖς
2391 3698 2556 3761 αὐτὸς
2597 3697 2665 3750 δι’
2711 3697 2929 3761 ἑαυτοῦ,
2958 3697 3052 3749 καὶ
3094 3697 3155 3749 οὑ
3188 3697 3254 3750 δι’
3284 3696 3446 3751 ἄλλου
3491 3696 3830 3762 ἐπεδείξατο,

2257 3791 2375 3853 πῶς
2415 3789 2517 3860 τῆς
2542 3789 2883 3852 ἀποστασίας
2913 3789 2974 3842 οῦ
3001 3788 3332 3842 καταδύεται
3355 3787 3417 3841 τὸ
3450 3777 3830 3857 ἀναίσχυντονς

2267 3880 2430 3934 Ἀλλὰ
2458 3881 2510 3933 τί
2541 3899 2630 3950 μοι
2659 3881 2840 3948 λέγειν
2873 3880 3104 3942 Παῦλον,
3146 3880 3326 3934 καίτοι
3367 3879 3688 3949 τηλικοῦτον
3712 3878 3835 3931 ὄντα

2257 3976 2322 4044 τῇ
2343 3991 2400 4027 τε
2427 3973 2625 4042 γνώσει
2659 3973 2759 4043 τῆς
2795 3973 3042 4035 Παλαιᾶς
3077 3973 3171 4025 καὶ
3199 3975 3266 4042 τῇ
3311 3972 3474 4041 σοφίᾳ
3497 3973 3596 4042 τῆς
3621 3973 3835 4043 χάριτος

2257 4064 2446 4130 αὑτοῦ,
2505 4065 2668 4118 πάλιν
2715 4067 2844 4136 ἐνῆν
2869 4065 2964 4118 τοῦ
3007 4063 3187 4118 κοινοῦ
3230 4065 3498 4118 Δεσπότου
3541 4062 3832 4120 διακούειν,

2257 4157 2659 4228 διατεινομένου
2714 4159 2810 4211 καὶ
2857 4157 3142 4225 λέγοντος·
3207 4158 3302 4226 Μὴ
3359 4158 3686 4226 νομίσητε,
3753 4157 3835 4208 ὅτι

2255 4246 2450 4319 ἦλοον
2481 4250 2824 4304 καταλῦσαι
2874 4250 2982 4303 τὸν
3013 4251 3203 4320 νόμον
3223 4250 3269 4317 -ἣ
3319 4249 3460 4314 τσὺς
3493 4251 3833 4318 προφήτας·

2259 4346 2372 4397 οὐκ
2418 4339 2614 4413 ἦλθον
2651 4343 2993 4398 καταλῦσαι
3026 4343 3135 4396 τὸν
3161 4345 3370 4412 νόμον,
3397 4343 3559 4396 ἀλλὰ
3597 4339 3832 4410 πληρῶ·

2262 4451 2395 4496 σαι;
2427 4435 2565 4488 Καί·
2585 4435 2795 4504 Ἀμὴν,
2817 4435 3002 4504 ἀμὴν,
3021 4433 3176 4500 λέγω
3193 4433 3354 4502 ὑμῖν,
3373 4436 3444 4486 οὐ
3465 4433 3551 4502 μὴ
3572 4430 3834 4500 παρέλθῃ

581 4521 693 4590 Ego
725 4537 858 4575 vero
885 4521 1022 4574 nihil
1045 4524 1167 4590 ejus
1199 4538 1308 4576 non
1345 4523 1630 4593 impletum
1657 4526 1994 4594 relinquam;
2019 4527 2149 4580 nihil

2261 4529 2294 4580 ὁ
2327 4525 2585 4594 οὐρανὸς
2623 4498 2729 4582 καὶ.
2778 4528 2816 4596 ἡ
2841 4498 2996 4598 "ﬁ,
3020 4527 3058 4594 ἢ
3103 4498 3249 4580 -ίῶτιλ
3279 4525 3348 4580 ἓν
3399 4525 3438 4594 ἢ
3463 4498 3573 4594 ,αιά
3601 4498 3833 4591 κεραίαν

579 4613 634 4667 in
674 4628 738 4667 ea
767 4630 797 4667 a
836 4615 981 4668 Malo
1028 4615 1352 4686 inspiratam
1382 4626 1508 4678 est;
1556 4618 1697 4671 nihil
1729 4618 1920 4672 falsum
1963 4619 2158 4689 depre-

582 4708 893 4763 hendetur:
945 4709 1130 4762 omnia
1184 4709 1434 4762 veritatis
1489 4711 1648 4780 plena
1709 4720 1856 4764 sunt.
1892 4711 2004 4782 Ego
2039 4727 2159 4766 sum

581 4800 893 4869 praesidium
927 4817 1243 4856 sermonum
1291 4803 1758 4872 propheticorum.
1791 4803 1890 4858 Mei
1920 4804 2064 4858 enim
2107 4814 2164 4860 et

583 4892 758 4948 Patris
777 4895 916 4948 servi
940 4910 1003 4948 ac
1028 4894 1264 4947 ministri
1293 4894 1573 4964 propheta:
1597 4896 1850 4966 sunt,qni
1878 4905 1934 4951 et
1963 4897 2165 4952 adven-

582 4995 698 5040 tum
729 5003 935 5051 mcum,
973 4995 1028 5040 et
1049 4987 1255 5050 omnia,
1289 5003 1411 5055 quae
1460 4988 1566 5042 huc
1615 4989 1911 5057 pertinent,
1958 4989 2158 5059 praevio

579 5080 782 5133 derunt
811 5089 866 5132 et
894 5079 1354 5148 praenuntiamnt.
1395 5077 1582 5148 Itaque
1612 5095 1711 5134 nec
1747 5095 1972 5150 parvum
1999 5081 2161 5151 quid-

580 5187 769 5241 quam,
798 5188 901 5225 nec
932 5186 1188 5241 magnum
1235 5186 1446 5234 eorum,
1479 5187 1599 5240 qua:
1647 5171 1719 5224 illi
1768 5172 2157 5241 praedixerunt,

581 5264 665 5318 vel
712 5280 832 5332 quae
878 5264 965 5317 les
998 5263 1262 5324 continet,
1291 5265 1617 5333 przeteribit,
1655 5265 1803 5333 quod
1844 5281 1951 5319 non
1985 5281 2014 5319 a
2061 5281 2158 5319 ve-

577 5358 738 5410 ritate
763 5356 983 5409 tandem
1006 5355 1342 5426 obsignetur.
1365 5354 1422 5408 Si
1439 5356 1584 5408 enim
1604 5372 1704 5426 ego
1726 5357 2158 5412 circumcisionis

580 5447 830 5501 minister
861 5463 981 5500 sum
1015 5447 1082 5500 ad
1113 5447 1517 5501 conﬁrmandas
1551 5448 1966 5518 promissiones,
2020 5464 2159 5518 quas

580 5541 743 5595 l’ater
770 5540 898 5594 fecit
926 5541 1195 5610 patribus,
1228 5542 1504 5610 quomodo
1541 5541 1627 5596 vel
1663 5541 1770 5594 iota
1816 5556 2010 5606 unum,
2054 5539 2159 5595 hoe

575 5643 680 5702 est,
707 5635 994 5689 minimum
1019 5650 1206 5690 eorum
1232 5650 1396 5705 quam
1417 5635 1536 5704 lege
1567 5634 1649 5690 vel
1680 5636 1966 5706 prophetis
2003 5633 2149 5692 dicta

587 5791 592 5796 ’
652 5819 878 5876 “Rom.
907 5837 977 5877 ιγ
1007 5822 1058 5877 8.
1140 5819 1559 5885 ‘M:ittli.\',l7.
1637 5818 1819 5874 'ibid.
1863 5818 1944 5874 ιε.

2257 4619 2370 4685 ἕως
2416 4618 2496 4673 ἂν
2529 4620 2716 4674 ταῦτα
2781 4620 2980 4673 πάντα
3017 4619 3283 4688 γένηται.
3354 4616 3495 4685 Ἐγὼ
3547 4613 3834 4686 πληρωτὴς

2256 4706 2424 4781 ἦλθον
2454 4709 2550 4764 τοῦ
2581 4712 2747 4782 νόμου
2769 4726 2784 4740 ’
2814 4711 3100 4780 στομάτων
3131 4710 3248 4761 ἐστὶ
3273 4707 3528 4778 πονηρῶν
3557 4707 3617 4758 τὸ
3639 4705 3832 4771 λέγειν,

2261 4803 2363 4872 ἐμὲ
2397 4803 2810 4874 παραγενέσθαι
2860 4804 2987 4865 τοὺς
3041 4801 3345 4871 πατρικοὺς
3395 4796 3706 4870 παραλῦσαι
3755 4793 3838 4846 νό·

2271 4910 2427 4963 μους.
2481 4895 2648 4947 Οὐδὲν
2706 4893 2870 4947 αὑτοῦ
2919 4892 3242 4946 ἀτελείωτον
3295 4891 3470 4952 ἐάσω,
3519 4887 3671 4941 οῦδὲν
3719 4887 3835 4937 ἐπι-

2268 4986 2459 5048 πνοίας
2510 4988 2568 5038 ὲν
2617 4985 2767 5057 αὐτῷ
2799 4988 3076 5056 πονηρᾶς,
3117 4984 3267 5036 οὐδὲν
3301 4986 3381 5046 είς
3413 4981 3608 5052 ψεῦδος
3660 4977 3833 5052 λήξει·

2267 5078 2446 5130 πάντα
2485 5077 2659 5147 μεστά
2697 5077 2798 5147 τῆς
2842 5078 3122 5148 ἀληθείας.
3169 5073 3310 5144 Ἐγὼ
3345 5075 3456 5127 τῶν
3488 5069 3837 5142 προφητικῶν

2268 5169 2464 5236 φωνῶν
2495 5171 2528 5237 ὴ
2566 5169 2879 5240 βεϐαίωσις.
2930 5169 3085 5238 Ἐμοὶ
3114 5167 3222 5239 γὰρ
3263 5167 3414 5229 ὄντες
3458 5166 3552 5219 καὶ
3585 5163 3678 5217 τοῦ
3708 5159 3834 5230 ἐμοῦ

2273 5259 2487 5330 Πατρὸς
2522 5261 2796 5332 ὑπηρέται
2823 5262 2918 5314 καὶ
2947 5260 3184 5313 διάκονοι
3201 5261 3300 5327 τήν
3325 5275 3383 5310 τε
3410 5255 3712 5328 παρουσίαν
3743 5251 3833 5320 τὴν

2265 5351 2430 5421 ἐμὴν,
2473 5353 2570 5404 καὶ
2620 5353 2797 5406 πάντα
2834 5353 2903 5404 τὰ
2933 5355 3032 5423 τῆς
3076 5350 3376 5421 παρουσίας
3418 5350 3608 5418 σαφῶς
3646 5347 3836 5417 “Pod—

2264 5441 2355 5495 δόν
2395 5459 2455 5496 τε
2487 5444 2582 5495 καὶ
2607 5443 3002 5514 προήγγειλαν.
3025 5443 3114 5494 Διὸ
3140 5442 3200 5506 ἐξ
3229 5437 3304 5494 ὧν
3328 5458 3389 5494 τε
3423 5442 3620 5493 ἐκεῖνοι
3651 5435 3830 5509 προεῖ-

2263 5553 2366 5588 πον
2395 5536 2490 5590 καὶ
2510 5537 2540 5588 6
2561 5536 2723 5606 νόμος
2750 5535 3020 5606 περιέχει,
3044 5537 3102 5588 οὐ
3140 5535 3356 5607 μικρὸν,
3391 5533 3451 5585 οὑ
3513 5532 3657 5604 μέγα
3697 5542 3831 5594 παρ·

2257 5633 2538 5690 ελεύσεται
2557 5675 2572 5703 ,
2603 5633 2631 5687 ὃ
2654 5633 2732 5706 μὴ
2771 5634 2872 5704 τῆς
2901 5631 3162 5703 ἀληθείας
3182 5631 3260 5702 τῷ
3283 5633 3477 5702 πέρατι
3510 5621 3827 5699 σφραγισθῇ.
