4110 6420
252 376 359 458 137

1288 368 1585 450 CONTRA
1623 374 2086 448 MANICH/EOS
2124 366 2356 445 LIBER
2387 362 2500 445 in.

3425 376 3565 452 138⁷

251 502 322 557 Ei
345 501 463 574 γὰρ,
488 498 600 571 ἐγὼ
632 498 881 563 διάκονος
926 495 1231 568 περιτομῆς
1261 496 1342 560 εἰς
1370 496 1433 550 τὸ
1478 493 1846 566 βεϐαιωθῆναι

1950 502 2099 558 sunt,
2165 492 2393 548 omnino
2448 490 2734 562 praeterire
2783 500 2878 548 aut
2945 505 3056 547 non
3108 491 3321 565 impleri
3373 505 3528 565 pote-

249 595 359 659 τὰς
392 592 749 664 ἐπαγγελίας,
790 590 858 654 a;
885 590 916 643 6
948 586 1141 659 Πατὴρ
1170 587 1381 641 διέθετο
1417 590 1530 652 τοῖς
1572 584 1841 658 πατράσι,

1953 585 2023 640 rit
2039 586 2063 639 ἲ

252 687 379 752 πῶς
427 686 559 741 ίῶτα
594 685 674 750 ἓν,
720 682 965 739 τουτέστι
992 680 1056 735 τδ
1081 680 1369 753 ἐλάχιστον
1403 682 1514 738 τῶν
1552 683 1612 737 ἐν
1643 682 1723 755 τῷ
1754 682 1903 755 νόμῳ
1942 683 2038 738 καὶ
2066 686 2178 749 τοῖς
2208 684 2519 758 προφήταις
2561 682 2855 755 ῥηθέντων,
2885 674 3088 740 δύναιτ’
3115 683 3184 740 ἂν
3210 683 3350 750 ὅλως
3386 700 3528 759 παρ-

251 782 434 837 ελθεῖν
458 781 493 853 ἢ
527 780 603 852 μὴ
630 777 906 850 γενέσθαι.

325 877 411 932 H'.
456 876 598 930 Ἀλλ’
632 876 719 944 ἐφ’
758 862 947 945 ἕτερόν
988 891 1081 945 μοι
1128 874 1230 946 τὴν
1271 875 1510 947 Θεωρίαν
1564 891 1845 947 συμμετα·

250 970 427 1033 κίνει,
457 969 508 1021 εί
532 966 690 1037 λόγια
733 966 871 1021 Θεοῦ
915 966 987 1022 τὰ
1024 967 1085 1023 ἐν
1121 967 1201 1039 τῷ
1242 966 1412 1039 νόμῳ.
1454 968 1622 1037 Λέγει
1670 966 1780 1039 γὰρ
1816 969 1847 1019 6

249 1060 506 1124 Παῦλοςο
566 1062 665 1127 Τίς
718 1059 759 1129 ἡ
803 1059 1059 1130 ὠφέλεια
1098 1058 1215 1129 τῆς
1265 1058 1627 1130 περιτομῆς;
1671 1054 1843 1114 Εἶτα⁸

249 1144 468 1219 ηολλή
498 1151 650 1207 κατὰ
677 1150 878 1206 πάντα
909 1151 1154 1220 τρόπον.
1184 1150 1429 1220 Πρῶτον
1452 1151 1570 1221 μὲν
1597 1151 1710 1222 γὰρ
1753 1151 1844 1206 ὅτι

247 1244 706 1313 ἐπιστεύθησαν
757 1244 830 1298 τὰ
865 1244 1047 1314 λόγια
1102 1243 1212 1300 τοῦ
1264 1243 1436 1301 Θεοῦ.
1500 1246 1565 1300 Τί
1618 1244 1731 1316 γὰρ
1787 1245 1841 1301 εί

245 1318 611 1403 ⁴ἠπίστησάν·
652 1351 842 1401 τινες,
864 1335 951 1404 μή
983 1334 1023 1403 ἡ
1057 1335 1312 1391 ἀπιστία
1352 1335 1554 1390 αὐτῶν
1580 1335 1698 1405 τὴν
1739 1336 1840 1391 πί-

248 1441 396 1481 στιν
414 1424 522 1481 τοῦ
549 1425 698 1481 Θεοῦ
718 1425 1033 1495 καταργεῖς
1060 1425 1157 1496 Μὴ
1183 1424 1439 1497 γένοιτο.
1464 1425 1745 1482 Γενέσθω
1771 1422 1843 1482 δὲ

252 1522 294 1575 ὁ
326 1520 475 1587 Θεὸς
506 1518 770 1589 ἀληθὴς,
818 1518 940 1585 πᾶς
974 1520 1045 1574 δὲ
1067 1520 1381 1589 ἄνθρωπος
1402 1521 1700 1592 git-etiame.
1730 1520 1843 1577 Καὶ

250 1610 361 1666 οὐκ
372 1610 643 1681 ἀνέχεται
666 1610 765 1681 μὲν
790 1609 891 1680 τὴν
912 1609 1096 1664 πίστιν
1116 1610 1213 1665 τοῦ
1233 1610 1374 1665 Θεοῦ
1399 1610 1839 1683 καταργηθῆναι’

249 1702 436 1756 πάντα
462 1701 519 1756 δὲ
541 1701 826 1773 ἄνθρωπον
848 1698 1093 1773 ψεῦστην
1120 1690 1357 1775 αἱρεῖται
1391 1702 1736 1775 ἐλεγχθῆναι,
1754 1703 1843 1758 ἵνα

247 1793 287 1848 ὃ
306 1794 464 1861 Θεὸς,
492 1795 521 1848 6
543 1792 647 1865 τὴν
666 1793 969 1864 περιτομὴν
984 1792 1129 1859 δοὺς,
1160 1792 1579 1864 ὲπιγινώσκοιτο
1608 1795 1835 1868 ἀληθής.

250 1871 321 1940 Et
356 1882 453 1939 οὖν
490 1885 587 1939 καὶ
627 1884 791 1953 λόγια
817 1883 955 1939 Θεοῦ
992 1885 1154 1952 εἰσιν,
1182 1884 1220 1940 ἃ
1246 1886 1545 1959 ἐπιστεύθη
1598 1885 1836 1959 Ἰσραὴλ,

250 1978 355 2033 καὶ
382 1980 415 2049 ὴ
440 1976 671 2033 ἀπιστία
697 1976 880 2031 αὐτῶν
903 1975 1005 2049 τὴν
1026 1976 1123 2032 τοῦ
1143 1976 1286 2032 Θεοῦ
1318 1977 1501 2032 πίστιν
1530 1979 1592 2032 οὐ
1629 1990 1840 2051 καταρ-

248 2071 366 2139 γεῖ,
395 2069 492 2123 καὶ
515 2069 596 2123 δεῖ
625 2067 824 2140 μᾶλλον
851 2068 1096 2139 ψεύστας
1125 2068 1366 2140 νομίζειν
1393 2071 1518 2134 τοὺς
1541 2070 1838 2125 ἀπιστοῦν-

240 2179 359 2237 ,τας
409 2161 550 2234 Θεῷ,
591 2161 1069 2232 παναληθέστατον
1133 2161 1193 2216 δὲ
1247 2161 1340 2217 τὸν
1389 2162 1662 2218 δεδωκότα
1714 2163 1841 2229 τοῦς

250 2251 460 2323 νόμους
489 2251 567 2324 τῷ
607 2253 853 2324 Ἰσραήλίλ
884 2252 1003 2317 πῶς
1026 2251 1147 2324 οὐχὶ
1169 2251 1264 2307 τοῦ
1308 2252 1515 2323 ἀγαθοῦ
1548 2254 1685 2309 Θεοῦ
1725 2255 1843 2311 ἐστι

253 2345 615 2418 νομοθεσίαὴ
666 2345 905 2414 Παλαιά;
945 2345 1037 2418 Μή
1079 2345 1193 2418 γὰρ
1220 2346 1313 2400 τὸν
1357 2344 1621 2418 Πονηρὸν,
1658 2346 1719 2411 ὃς
1746 2348 1844 2402 ἀπ’

246 2438 439 2508 *ἀρχῆς
463 2434 704 2508 ψεύστης
729 2437 846 2491 ἐστὶ
864 2476 880 2503 ,
912 2436 1011 2491 καὶ
1037 2438 1098 2491 ἐν
1135 2439 1204 2510 τῇ
1233 2438 1464 2509 ἀληθείᾳ
1493 2438 1591 2510 οὐχ
1615 2438 1841 2509 ἔστηκε,

235 2528 454 2584 ’τοῦτον
494 2530 594 2600 μὶν
633 2528 894 2601 ἀληθείας
934 2529 1085 2597 λέγει
1112 2531 1142 2585 6
1188 2530 1404 2596 Παῦλος
1448 2534 1653 2603 πηγήν.
1702 2534 1844 2603 Προ-

256 2620 440 2692 κρίνει
459 2620 517 2675 δὲ
541 2620 750 2686 πάντας
769 2620 1092 2693 ἀνθρώπους
1115 2623 1197 2688 είς
1226 2621 1422 2694 ψεῦδος
1450 2622 1841 2695 ἀπενεχθῆναι,

259 2713 353 2766 ἵνα
383 2715 411 2767 6
432 2712 529 2767 τοῦ
565 2714 796 2780 ψεύδους
829 2714 1167 2786 ἀρχιτέκτων
1196 2714 1293 2769 καὶ
1334 2715 1668 2788 δημιουργὸς
1710 2715 1873 2805 ἀληῄ

260 2803 420 2868 θείας
453 2804 723 2877 κηρυχθῇ.
775 2805 886 2859 Καὶ
934 2807 984 2859 εί
1012 2806 1048 2878 ἡ
1087 2806 1406 2878 δικαιοσύνη
1449 2806 1545 2860 τοῦ
1571 2806 1708 2862 Θεοῦ
1742 2822 1842 2862 πε-

262 2896 615 2967 φανέρωται,
672 2896 1100 2968 μαρτυρουμένη
1132 2897 1239 2952 ὑπὸ
1264 2897 1360 2952 τοῦ
1392 2898 1561 2969 νόμου
1608 2899 1705 2954 καὶ
1735 2900 1845 2955 τῶν

260 2988 584 3058 προφητῶν,
611 2988 728 3052 πῶς
755 2988 879 3060 οὐχὶ
918 2991 947 3043 6
984 2989 1150 3061 νόμος
1177 2992 1274 3045 καὶ
1307 2991 1357 3044 0i
1390 2991 1703 3063 προφῆται,’
1724 2991 1847 3063 οὐχὶ

261 3077 372 3148 τῆς
401 3080 468 3133 ἐκ
493 3076 590 3132 τοῦ
619 3078 825 3148 ἀγαθοῦ
850 3076 989 3133 Θεοῦ
1016 3080 1305 3145 ἐπιπνοίας
1334 3080 1434 3135 καὶ
1456 3078 1714 3153 ἀληθείας
1743 3098 1847 3136 πε-

264 3167 623 3239 πληρωμένοι
652 3166 959 3240 νομίζοιντο
979 3167 1077 3237 ἀν;
1113 3168 1252 3222 Ἀλλ’
1280 3169 1383 3241 ὅρα
1412 3170 1474 3224 τὸ
1499 3171 1728 3244 φρικτὸν
1749 3171 1850 3244 τῆς

264 3256 569 3330 θεομαχίας
593 3259 684 3313 ἐπὶ
713 3259 880 3314 πλέον
905 3260 1001 3315 καὶ
1027 3260 1431 3317 κατάπτυστον.
1466 3263 1529 3317 El
1550 3265 1579 3317 6
1600 3261 1736 3329 Θεὸς
1761 3264 1852 3320 διὰ

262 3349 367 3405 τοῦ
400 3350 629 3419 αῖματος
664 3350 828 3405 αὑτοῦ
875 3352 1221 3424 ὲλυτρὼσατο
1261 3352 1355 3407 τὸν
1403 3354 1610 3426 κόσμον
1653 3358 1719 3409 ἐκ
1748 3359 1850 3429 τῆς

263 3434 515 3499 δουλείας
556 3436 655 3491 τοῦ
700 3438 957 3511 Ἐχθροῦ,
983 3440 1045 3494 τὸ
1070 3440 1129 3494 δὲ
1159 3435 1298 3513 αἷμα
1336 3444 1431 3497 καὶ
1458 3444 1492 3514 ή
1518 3444 1657 3517 σὰρξ
1685 3446 1851 3517 (ἀλλά

266 3527 512 3600 φρίττων
555 3529 647 3583 καὶ
684 3530 811 3595 τοὺς
860 3530 1155 3601 λογισμοὺς
1193 3534 1287 3587 καὶ
1313 3532 1415 3605 τὴν
1457 3534 1714 3603 γλῶσσαν
1738 3540 1852 3603 τοτς

265 3620 561 3691 θεομάχοις
612 3620 791 3689 λέγειν
827 3622 1033 3695 ἀφίημι
1068 3623 1129 3677 τὸ
1155 3624 1443 3698 ἑαυτῶν),
1473 3627 1595 3691 πῶς
1623 3627 1711 3681 διὰ
1735 3646 1849 3683 τοι·

264 3711 432 3765 οὐτου
462 3711 783 3784 πλάσματος
802 3713 865 3767 τὸ
888 3716 1047 3784 γένος
1070 3715 1229 3788 ἡμῶν
1251 3718 1502 3789 ἥρπασεν
1524 3720 1590 3773 ὲκ
1608 3721 1709 3791 τῆς
1732 3720 1851 3775 δου-

265 3802 422 3866 λείας
459 3802 555 3856 τοῦ
595 3803 824 3875 Ἐχθροῦ
848 3818 863 3872 ;
889 3806 1095 3877 Πολλῆς
1128 3807 1225 3877 μὲν
1246 3810 1355 3881 γὰρ
1382 3810 1449 3865 ἂν
1472 3810 1591 3881 ἅμα
1628 3811 1851 3884 χάριτος

265 3896 367 3949 καὶ
410 3896 567 3967 δόξης
619 3897 716 3951 καὶ
755 3900 923 3966 τιμῆς
954 3898 1104 3963 ἄξιος
1152 3896 1222 3971 ἦν
1265 3903 1297 3955 6
1334 3902 1529 3974 ἐχθρὸς
1576 3905 1756 3975 ήμῶν,
1801 3906 1850 3959 εί

265 3988 547 4059 παρέσχεν
578 3987 713 4061 ὓλην
756 3990 942 4057 αὐτὸς,
968 3990 1036 4046 δι’
1074 3986 1144 4065 ἧς
1170 3992 1237 4047 ἂν
1277 3993 1727 4068 ἀπαλλαγείημεν
1750 3996 1850 4067 τῆς

263 4080 584 4150 τυραννίδος
610 4079 798 4135 αὐτοῦ.
819 4081 1029 4154 Πολλῆς
1057 4082 1115 4137 δὲ
1143 4082 1331 4150 ἀνοίας
1360 4085 1478 4157 ἅμα
1503 4087 1599 4143 καὶ
1618 4087 1851 4156 γέλωτος

266 4171 475 4242 ἔνοχος,
499 4173 548 4225 εί
572 4173 826 4228 πλάττειν
846 4173 1086 4246 ἐπήρθη.
1112 4174 1180 4228 δι’
1208 4169 1284 4232 ὧν
1305 4178 1661 4252 ἀφῃρημινος
1696 4178 1849 4233 ἔσται

263 4263 331 4317 τὸ
354 4262 582 4335 κράτος,
626 4264 852 4318 καὶτῶν
884 4266 1155 4335 σωμάτων
1180 4266 1341 4338 ἡμῶν
1372 4269 1467 4321 καὶ
1493 4268 1600 4321 τῶν
1638 4267 1845 4340 ψυχῶν.

264 4355 336 4409 Τί
362 4354 418 4409 δὲ
437 4356 565 4409 ἀλλο
591 4355 787 4425 φύεται
810 4358 908 4429 τῆς
930 4358 1304 4427 ἀποστασίαςς
1335 4360 1501 4415 Οὐδὲν
1531 4361 1672 4431 μέγα
1687 4396 1703 4429 ,
1726 4361 1849 4416 οὐδὲ

1872 1761 1919 1820 Β

2025 872 2153 927 VIII.
2189 876 2257 927 At
2285 882 2545 928 converte
2572 887 2721 928 nunc
2752 888 2967 929 mecum
2995 885 3234 930 mentem
3281 868 3347 930 ad
3397 877 3526 942 alia,

1948 975 2009 1020 ut
2034 976 2297 1036 appareat
2320 968 2536 1022 oracula
2584 967 2721 1039 legis
2758 965 2941 1022 divina
2970 974 3113 1023 esse.
3139 966 3342 1025 Paulus
3378 971 3525 1025 enim

1946 1055 2058 1110 ait:
2099 1075 2118 1108 ι
2159 1055 2417 1121 Quwnam
2452 1068 2529 1113 est
2560 1060 2917 1129 praerogativa
2950 1059 3386 1115 ’circumciaorum
3412 1062 3474 1115 ’ἓ
3502 1077 3521 1113 ι

1945 1144 2011 1201 Ει
2074 1156 2306 1218 postea:
2361 1148 2557 1221 Magna
2617 1166 2712 1219 per
2767 1165 2974 1205 omnem
3035 1151 3271 1205 modum.
3343 1150 3525 1206 Prima

1945 1239 2181 1309 quidem,
2218 1242 2359 1311 quod
2401 1242 2533 1312 ipsis
2577 1242 2781 1297 credita
2806 1250 2933 1297 sunt
2960 1244 3178 1298 oracula
3224 1243 3346 1300 Dei.
3372 1248 3528 1300 Nmi-

1944 1332 2074 1402 quid
2102 1334 2264 1399 enim,
2290 1333 2415 1404 quia
2432 1334 2653 1405 quidam
2677 1349 2780 1389 non
2804 1335 3162 1402 crediderunt,
3183 1335 3528 1392 incredulitas

1945 1436 2127 1475 eorum
2161 1421 2321 1491 ﬁdem
2354 1422 2451 1478 Dei
2488 1423 2667 1478 tollit?
2696 1420 2845 1479 Absit
2874 1423 3059 1479 !Deus
3089 1443 3210 1480 vero
3235 1428 3304 1480 sit
3338 1442 3524 1490 uerax.

1944 1516 2116 1569 omnis
2141 1524 2323 1571 autem
2352 1516 2507 1571 homo
2544 1518 2775 1572 mendax
2800 1518 2842 1572 ⁵.
2878 1515 3071 1588 Neque
3094 1520 3303 1589 patitur
3324 1520 3436 1587 ille,
3465 1530 3527 1575 ut

1946 1606 2082 1663 fides
2132 1606 2229 1664 Dei
2281 1608 2593 1676 aboleatur,
2624 1610 2722 1665 sed
2749 1610 2868 1665 vult
2898 1608 3082 1681 potius
3108 1612 3384 1667 hominem
3408 1628 3528 1669 om-

1947 1710 2076 1754 nem
2123 1698 2401 1755 mendacii
2439 1699 2717 1766 convinci,
2764 1709 2825 1755 ut
2866 1685 3034 1763 Deus,
3089 1701 3529 1759 circumcisionis

1945 1798 2166 1858 auctor,
2196 1806 2361 1848 verax
2383 1796 2770 1864 cognoscatur.
2795 1791 2955 1860 Ουοά
2997 1793 3045 1849 si
3072 1793 3236 1867 igitur
3264 1795 3362 1851 Dei
3400 1806 3531 1852 sunt

1944 1883 2190 1951 oracula,
2236 1899 2361 1956 qua:
2397 1885 2607 1943 credita
2657 1895 2787 1942 sunt
2832 1885 3035 1953 lsracli,
3069 1896 3127 1941 et
3174 1887 3530 1944 incredulitas

1945 1987 2137 2029 eorum
2169 1974 2267 2031 Dei
2316 1976 2478 2032 fidem
2530 1991 2643 2031 non
2687 1977 2847 2042 tollit,
2874 1976 3206 2049 praestatque
3256 1978 3529 2046 homines,

1946 2064 2060 2122 Deo
2087 2080 2198 2122 non
2229 2067 2535 2134 credentes,
2558 2082 2658 2139 pro
2688 2067 3065 2135 mendacibus,
3105 2078 3231 2124 eum
3264 2085 3416 2137 vero,
3436 2071 3530 2142 qui

1946 2154 2120 2228 legem
2164 2156 2350 2214 lsraeli
2396 2148 2633 2225 dederit,
2710 2166 2809 2231 pro
2859 2160 3219 2216 veracissimo
3282 2160 3529 2228 habere;

1947 2261 2133 2303 nonne
2160 2248 2290 2304 hinc
2314 2248 2478 2306 etiam
2496 2250 2583 2306 lex
2602 2258 2763 2307 vetus
2790 2248 2859 2306 a'd
2891 2251 3095 2306 bonum
3128 2251 3298 2308 Deum
3336 2253 3530 2309 referri

1948 2340 2213 2397 debebit?
2241 2341 2430 2413 Neque
2468 2341 2616 2399 enim
2646 2343 2851 2399 Paulus
2886 2344 3112 2413 malum,
3145 2346 3237 2416 qui
3261 2346 3331 2401 ab
3371 2346 3532 2401 initio

1948 2433 2186 2488 mendax
2218 2432 2342 2502 fuit,
2378 2442 2435 2491 et
2488 2435 2545 2491 in
2592 2435 2826 2491 veritate
2873 2452 2984 2491 non
3017 2438 3275 2508 perstitit,
3317 2438 3528 2494 fontem

1948 2522 2194 2581 veritatis
2226 2527 2483 2597 appellat.
2516 2525 2633 2583 Imo
2662 2538 2793 2584 vero
2842 2524 3014 2584 satius
3036 2529 3248 2600 judieat
3278 2530 3531 2587 homines

1954 2629 2151 2674 omnes
2175 2618 2448 2675 mendacii
2491 2619 2816 2687 insimulari,
2866 2629 2927 2676 ut
2953 2629 3009 2675 et
3040 2621 3308 2676 mendacii
3339 2621 3530 2689 faber,

1951 2708 2009 2763 et
2036 2706 2284 2763 veritatis
2303 2714 2497 2764 auctor
2520 2708 2737 2779 publice
2757 2709 3125 2765 renuntietur.
3155 2708 3223 2765 Et
3250 2709 3294 2765 si
3319 2709 3531 2781 iustitia

1951 2803 2050 2859 Dei
2082 2801 2433 2858 manifestata
2465 2800 2572 2867 est,
2604 2814 2635 2855 a
2663 2800 2782 2873 lege
2812 2801 2929 2872 ipsa
2967 2808 3025 2858 et
3062 2801 3349 2874 prophetis
3371 2803 3534 2859 testi-

1952 2895 2198 2953 monium
2243 2893 2536 2964 accipiens,
2584 2893 2858 2963 quoinodo
2891 2907 3001 2950 non
3034 2894 3122 2951 lex
3162 2902 3221 2951 et
3248 2896 3534 2967 pr0phetat

1952 3003 2021 3044 ex
2059 2988 2189 3044 boni
2233 2986 2325 3042 Dei
2375 2985 2737 3057 inspiratione
2765 2985 2997 3057 profecti
3021 2995 3077 3042 et
3119 2988 3351 3042 veritate
3382 2987 3532 3057 pleni

1954 3079 2465 3137 existimabuntur?
2509 3076 2617 3134 Sed
2668 3078 2795 3135 vide
2845 3079 3079 3149 amplius
3110 3079 3439 3135 horrendam
3478 3087 3535 3135 et

1952 3169 2378 3228 abominandam
2436 3167 2683 3226 hostium
2734 3168 2830 3225 Dei
2876 3169 3237 3240 impietatem.
3285 3170 3343 3226 Si
3388 3171 3535 3227 Deus

1952 3279 2049 3335 per
2075 3262 2400 3334 sanguinem
2448 3276 2611 3317 suum
2654 3262 2919 3317 mundum
2968 3278 3000 3317 a
3047 3263 3311 3319 servitute
3360 3264 3535 3320 hostis

1952 3355 2204 3421 redemit,
2240 3353 2463 3425 sanguis
2478 3367 2611 3408 vero
2637 3362 2691 3408 et
2711 3357 2873 3426 caro(
2897 3355 2993 3410 sed
3019 3355 3250 3411 horrore
3275 3372 3340 3412 ex
3361 3356 3535 3413 ratio—

1952 3446 2114 3505 ciniis
2169 3457 2227 3502 et
2251 3446 2482 3503 vocibus
2511 3444 2607 3500 Dei
2643 3445 2883 3501 hostium
2916 3457 3207 3518 correptus
3261 3464 3359 3504 sua
3396 3449 3534 3520 ipsis

1954 3540 2282 3612 proferenda
2308 3538 2593 3610 relinquo)
2620 3539 2898 3608 quomodo
2938 3540 3209 3596 beneficio
3256 3542 3529 3612 eiusmodi

1952 3641 2217 3687 creaturae
2257 3646 2433 3702 genus
2465 3638 2713 3687 nostrum
2747 3646 2813 3686 ex
2862 3630 3127 3688 servitute
3156 3633 3329 3689 hostis
3355 3642 3533 3689 retra-

1952 3726 2070 3781 xit?
2100 3724 2195 3780 Ille
2240 3726 2387 3780 enim
2418 3724 2765 3779 adversarius
2810 3734 2999 3780 noster
3052 3726 3222 3781 multa
3262 3735 3318 3781 et
3358 3728 3533 3799 gratia

1951 3827 2008 3873 et
2033 3816 2205 3889 gloria
2230 3822 2286 3871 et
2329 3815 2541 3871 honore
2574 3814 2775 3886 dignus
2805 3824 2946 3881 erat,
2970 3816 3241 3886 siquidem
3273 3817 3390 3888 ipse
3421 3834 3536 3874 ma-

1952 3908 2147 3963 teriam
2178 3907 2558 3980 suggessisset,
2584 3918 2683 3977 per
2713 3920 2874 3977 quam
2906 3922 2936 3962 a
2985 3909 3275 3979 tyrannide
3306 3910 3426 3981 ejus
3466 3910 3534 3966 li-

1950 3999 2072 4057 beri
2111 3999 2493 4055 evaderemus.
2536 3998 2791 4054 Vicissim
2850 3999 2998 4055 idem
3050 4008 3107 4056 et
3144 4001 3533 4072 imprudentiae

1954 4089 2160 4161 probro
2209 4099 2267 4145 et
2292 4089 2427 4146 risui
2480 4089 2654 4145 multo
2706 4102 2767 4145 se
2830 4099 3150 4160 exponeret,
3198 4091 3243 4147 si
3295 4106 3359 4147 ea
3416 4092 3536 4163 ipse

1951 4181 2217 4245 ﬁnxisset,
2248 4194 2346 4252 per
2375 4196 2496 4252 quae
2526 4190 2803 4252 poteState
2850 4183 2905 4237 in
2940 4197 3174 4252 corpora
3227 4192 3284 4238 et
3318 4185 3536 4240 animas

1951 4282 2169 4328 nostras
2211 4272 2513 4329 excideret.
2566 4270 2711 4337 Quid
2750 4285 2882 4327 vero
2923 4272 3069 4326 aliud
3101 4289 3167 4327 ex
3215 4275 3321 4329 hoc
3346 4284 3536 4330 errore

1952 4363 2353 4435 consequitur?
2404 4362 2464 4419 Id
2513 4363 2760 4429 omnino,
2809 4364 2954 4435 quod
2980 4364 3243 4420 Servator
3273 4383 3377 4421 nec
3417 4384 3536 4423 ma-

263 4448 331 4500 τὸ
349 4446 472 4501 ὅλον
500 4447 828 4520 κατόρθωμα
853 4450 951 4522 τῆς
979 4451 1255 4523 σωτηρίας
1288 4451 1447 4522 ἡμῶν
1468 4451 1679 4506 οίκοθεν
1710 4470 1846 4507 κατ-

1949 4468 2112 4530 gnam
2149 4470 2253 4512 nec
2300 4470 2520 4512 omnem
2553 4465 2766 4527 partem
2800 4468 3066 4527 reparata:
3096 4457 3291 4513 salutis
3332 4467 3537 4513 nostra:

264 4539 529 4612 ὠρθωσεν
572 4541 600 4594 6
655 4541 868 4612 Σωτὴρ.
916 4542 1054 4598 ἀλλὰ
1096 4543 1157 4598 τὸ
1198 4543 1362 4598 πλέον
1394 4544 1518 4609 δοὺς
1572 4544 1715 4616 ἔχειν
1765 4546 1844 4618 τῷ

279 4634 516 4705 Ἐχθρῷ.
528 4634 592 4686 ’Ὠ
613 4634 809 4705 φρενὸς
831 4636 1141 4707 ὑποχειρίου
1160 4636 1237 4707 τῷ
1250 4637 1365 4708 (52)
1382 4638 1595 4708 Σατανᾷ
1615 4640 1628 4692 !
1652 4638 1847 4694 Λαϐὼν

261 4725 325 4777 δὲ
363 4724 491 4796 παρ’
514 4725 679 4779 αὑτοῦ
702 4720 763 4781 οὗ
794 4727 869 4798 μὴ
899 4727 1145 4799 πλάστης
1188 4724 1257 4798 ἦν
1285 4728 1471 4792 αὐτὸς,
1502 4730 1635 4783 αὐτό
1664 4747 1725 4784 τε
1743 4750 1846 4786 πα-

264 4816 383 4870 θὼν
425 4816 539 4888 (53)
580 4816 949 4885 ἀπαλλάττει,
1000 4819 1137 4891 ὅπερ
1168 4820 1269 4874 οὐκ
1311 4819 1480 4891 ἐχρῆν
1507 4819 1706 4893 (ἔργον
1744 4824 1854 4895 γὰρ

263 4913 406 4966 αὐτὸ
431 4912 576 4965 ποιεί
596 4912 630 4983 ὴ
652 4913 959 4967 ἀποστασία
977 4915 1072 4969 τοῦ
1093 4913 1339 4985 Πονηροῦ
1359 4915 1401 4982 ),
1424 4914 1520 4967 καὶ
1544 4917 1623 4981 είς
1648 4916 1855 4988 ἀφθαρο

263 5006 398 5061 σῐαν
432 5008 747 5075 μεταποιεῖν
786 5008 881 5061 καὶ
903 5006 966 5061 τὸ
992 5007 1163 5062 κακὸν
1198 5007 1387 5078 μένειν
1422 5007 1694 5064 ἀθάνατον
1733 5009 1853 5065 δια-

262 5097 593 5171 πράττεται.

338 5188 435 5259 ϐ’,Δ
466 5192 575 5245 Καὶ
627 5191 748 5256 πῶς
781 5190 849 5245 ἂν
878 5190 963 5262 εἴη
1016 5189 1113 5245 τοῦ
1152 5189 1345 5260 γένους
1374 5189 1531 5262 ἡμῶν
1577 5190 1791 5263 ἐχθρὸς,
1824 5194 1854 5247 6

263 5281 540 5356 τοσαύτην
567 5282 932 5356 συνεισφοράν
953 5283 1033 5347 είς
1052 5281 1153 5355 τὴν
1174 5282 1359 5353 κοινὴν
1382 5281 1541 5352 ἡμῶν
1572 5283 1849 5355 σωτηρίαν

260 5377 361 5433 διὰ
379 5376 475 5432 τοῦ
502 5377 705 5432 οἰκείου
731 5377 846 5449 (54)
871 5376 1360 5448 δημιουργήματος
1385 5375 1849 5445 συνεισενεγκώνς

340 5512 369 5546 ⁸
404 5512 564 5569 Rom.
601 5524 697 5577 tu,
728 5511 783 5567 1.
870 5510 892 5541 ⁸
944 5511 1075 5568 ibid.
1104 5511 1225 5567 2-5.

1948 4551 2016 4607 de
2050 4564 2152 4606 suo
2181 4548 2432 4619 perfecit,
2465 4549 2561 4604 sed
2593 4549 2688 4611 ita,
2716 4559 2777 4605 ut
2812 4550 3103 4605 maximam
3146 4560 3355 4621 partem
3388 4551 3531 4606 hosti

1948 4639 2164 4695 debeat.
2198 4635 2243 4694 Ο
2272 4646 2485 4693 mentes
2518 4636 2733 4693 Satanae
2760 4639 3058 4695 obnoxias!
3094 4639 3375 4696 Mutuatus
3416 4641 3527 4694 sci-

1950 4728 2080 4784 licet
2107 4729 2176 4783 ab
2219 4743 2285 4783 eo
2316 4728 2392 4794 id,
2429 4728 2589 4799 cuius
2621 4743 2732 4784 non
2766 4739 2886 4785 erat
2917 4729 3035 4800 ipse
3063 4731 3334 4796 conditor,
3382 4730 3527 4785 idem

1953 4820 2307 4892 perpessione
2366 4834 2485 4884 sua,
2530 4819 2677 4891 quod
2737 4830 2890 4875 certe
2946 4820 3060 4875 fieri
3126 4837 3235 4874 non
3265 4821 3522 4883 debebat,

1955 4915 2174 4971 redimit
2203 4915 2352 4987 (nam
2369 4916 2590 4971 erronei
2617 4916 2869 4971 homines
2890 4916 2944 4972 id
2966 4916 3093 4971 mali
3117 4925 3315 4971 vocant
3336 4916 3499 4989 opus)
3516 4955 3532 4981 .

1952 5016 2009 5063 et
2063 5008 2133 5063 ad
2177 5007 2639 5065 immortalitatem
2676 5009 2953 5073 transfert,
2990 5017 3045 5063 et
3075 5017 3133 5062 ut
3180 5009 3385 5064 malum
3416 5024 3534 5080 per-

1952 5107 2176 5168 petuum
2193 5097 2285 5165 sit,
2315 5099 2499 5157 edicit.

2023 5191 2112 5247 ix.
2155 5194 2223 5248 Et
2267 5194 2542 5265 quomodo
2569 5194 2790 5267 generis
2828 5194 3001 5249 nostri
3036 5194 3208 5249 hostis
3248 5194 3531 5250 habendus

1951 5283 2077 5349 erit,
2112 5285 2204 5355 qui
2256 5301 2351 5354 per
2394 5301 2547 5341 suam
2594 5293 2900 5341 creaturam
2930 5286 2984 5340 in
3010 5302 3357 5342 communem
3390 5286 3533 5341 salu-

1953 5384 2061 5430 tem
2106 5385 2351 5432 nostram
2403 5387 2510 5432 tam
2556 5377 2787 5433 multum
2842 5378 3105 5435 contulit?
3151 5378 3437 5445 Quomodo
3479 5380 3533 5433 in

1390 5598 1619 5660 νΑιιιιλΕ
1660 5598 2045 5663 LECTIONES
2079 5596 2165 5661 ET
2198 5605 2430 5664 NOTlE.

337 5696 455 5777 (3;;
498 5701 603 5770 Τῷ.
648 5702 742 5777 Sic
775 5702 1032 5777 rescripsi
1068 5718 1165 5772 pro
1189 5701 1330 5777 τοῦ).
1363 5700 1508 5771 quod
1536 5708 1619 5777 est
1649 5701 1704 5755 in
1741 5717 1844 5777 ms.

332 5771 451 5851 (τῇ)
498 5775 729 5851 Eadem
770 5771 963 5851 Malim
988 5771 1166 5851 legere
1192 5771 1383 5851 παθόν,
1409 5781 1466 5828 ut
1495 5771 1762 5829 referatur
1782 5773 1849 5829 ad
1877 5793 2074 5850 corpus
2102 5779 2244 5851 quod
2274 5778 2527 5837 Christus
2555 5773 2871 5849 assumpsit,
2891 5773 3143 5845 quodque
3169 5786 3390 5845 passum
3423 5778 3535 5827 est.

336 5841 451 5918 (54)
497 5846 751 5899 Οίκειου.
807 5845 904 5898 Ms.
929 5841 1189 5898 mendose
1211 5841 1401 5897 οίκίου.

588 5941 861 6005 ΡΑτιιοι..
906 5940 1021 5998 Gn.
1068 5933 1194 5998 Cll.

3176 5924 3215 5991 δ
