4088 6422
573 355 583 359 ’
604 358 706 426 139

1767 359 2027 424 pno'rn
2052 338 2575 421 “PATRIARCH/E
2623 362 2730 420 cr.

3763 361 3863 426 MO

600 475 917 531 universum
942 475 1143 530 malum
1184 477 1437 547 perfecit,
1475 487 1728 549 suscepta
1760 478 2004 548 corporis
2031 491 2170 531 crea-

2288 476 2396 528 Καὶ
2425 476 2543 538 πῶς
2577 475 2714 538 ὅλως
2750 472 2952 545 ἔπραξε
2988 470 3246 545 πονηρὸν,
3283 470 3495 537 πλάσας
3527 471 3588 526 τδ
3624 475 3805 545 σῶμα,
3837 478 3867 528 ὃ

602 567 773 633 tione,
810 568 958 637 quod
990 585 1099 623 non
1151 571 1328 625 solum
1379 578 1582 636 servat,
1610 579 1663 623 et
1688 579 1875 640 postea
1902 585 1932 623 a
1985 584 2179 623 corru-

601 665 788 733 ptione
817 663 1061 718 immune
1091 674 1331 734 praestat,
1368 664 1463 719 sed
1497 673 1553 718 et
1586 678 1685 733 per
1718 662 1850 717 illud
1892 662 2182 717 animabus

602 755 1021 825 insequentibus
1065 754 1360 818 benefacit,
1410 770 1641 824 corpora
1685 754 1893 808 scilicet
1921 771 2045 808 cum
2076 754 2182 808 illis

600 844 895 914 conjuncta
930 844 982 898 in
1019 845 1265 898 eamdem
1308 844 1774 897 immortalitatem
1804 842 2181 898 transferens?

600 937 753 991 Adeo
783 938 837 991 in
879 936 1151 1000 tenebras,
1186 937 1354 990 chaos
1378 944 1435 990 et
1464 936 1885 990 occxecationem
1928 935 2179 1002 rationis,

598 1030 839 1084 furorem
869 1030 995 1083 item
1025 1037 1079 1107 et
1102 1028 1427 1097 profundam
1457 1028 1853 1094 temulentiam,
1880 1029 1994 1084 abit
2019 1044 2181 1084 omne

599 1123 797 1177 horum
829 1124 1118 1177 hominum
1150 1122 1411 1187 studium,
1435 1122 1529 1192 qui
1554 1122 1857 1177 solitarium
1892 1123 2179 1193 imperium

596 1215 650 1268 in
677 1216 786 1271 duo
819 1215 1095 1281 scindunt,
1145 1221 1201 1269 et
1230 1230 1401 1269 unum
1451 1214 1766 1280 Dominum,
1800 1215 1987 1271 Jesum
2019 1216 2181 1270 Chri-

597 1317 765 1373 stum,
814 1309 1156 1363 conditorem
1205 1308 1474 1370 omnium,
1508 1308 1562 1361 in
1598 1307 1706 1362 duo
1741 1307 2009 1377 principia
2040 1307 2181 1361 divi-

594 1398 749 1461 dunt,
780 1405 835 1451 et
863 1397 1011 1451 aliud
1040 1398 1261 1467 quidem
1309 1395 1765 1467 intelligibilibus,
1812 1397 1959 1450 aliud
2002 1397 2183 1451 sensi-

508 1493 520 1501 ”
597 1487 799 1542 hilibus
834 1487 999 1543 rebus
1030 1487 1359 1557 praeficiunt.
1390 1487 1462 1540 At
1487 1486 1779 1556 quomodo,
1815 1502 1913 1557 per
1950 1486 2182 1557 Bythum

592 1589 647 1634 et
678 1580 875 1651 Sigen,
922 1579 1240 1635 Conditoris
1279 1580 1363 1635 sui
1414 1580 1691 1634 cruciatus
1741 1594 1853 1634 non
1896 1589 2181 1646 verentur,

592 1669 685 1738 qui
717 1685 921 1740 corpus
956 1679 1206 1725 nostrum
1238 1670 1363 1723 mali
1391 1670 1546 1724 aiunt
1571 1684 1694 1724 esse
1723 1670 2015 1741 principii?
2038 1671 2181 1726 Pau-

474 1771 481 1777 ‘
590 1762 678 1817 lus
727 1764 875 1817 enim
907 1778 975 1818 ex
1020 1763 1253 1818 adverso
1295 1763 1500 1819 diserte
1551 1764 1771 1831 clamat,
1830 1764 2030 1835 Corpus
2077 1782 2178 1820 non

590 1853 922 1915 scortationi,
956 1869 1078 1923 qua:
1127 1854 1253 1907 mali
1296 1869 1435 1924 opus
1460 1863 1565 1921 est,
1593 1857 1681 1909 sed
1715 1855 1959 1923 Domino,
1992 1866 2039 1911 et
2071 1857 2179 1910 Do-

591 1940 766 1994 minus
809 1942 1018 2009 corpori
1055 1942 1096 1995 δ.
1138 1940 1426 2006 Quomodo
1488 1944 1633 1997 enim
1702 1954 1951 2000 creatura
2008 1946 2181 2001 hostis

591 2031 818 2086 omnino
862 2042 1043 2101 potest
1072 2047 1193 2088 esse
1234 2032 1491 2088 Domini?
1526 2033 1667 2101 Quid
1702 2051 1837 2091 vero
1862 2036 2031 2092 refert
2058 2053 2177 2093 mo—

591 2138 746 2187 nere,
792 2123 925 2178 illud
978 2125 1300 2179 scortationi
1336 2141 1448 2179 non
1495 2127 1819 2181 tradendum
1868 2144 2022 2195 esse,
2052 2145 2175 2184 cum

592 2231 693 2285 per
727 2230 786 2270 se
815 2216 1017 2271 malum
1055 2216 1148 2281 sit,
1180 2225 1236 2272 et
1263 2218 1387 2271 mali
1436 2218 1692 2289 principii
1732 2235 1893 2290 opus.
1928 2229 1983 2275 et
2016 2237 2177 2291 pror-

591 2326 687 2365 sus
721 2327 751 2365 a
794 2311 1078 2365 voluntate
1126 2327 1189 2366 ac
1230 2312 1505 2367 creatione
1556 2312 1650 2369 Dei
1704 2314 1984 2370 alienum?
2041 2316 2176 2370 Cum

592 2401 763 2463 enim,
792 2402 935 2471 quod
972 2409 1239 2471 apostataa
1264 2401 1341 2456 illi
1376 2404 1588 2468 volunt,
1642 2420 1847 2475 corpus
1882 2412 1938 2460 et
1972 2404 2177 2459 forma-

593 2492 761 2557 tione,
812 2501 866 2547 et
916 2502 1110 2547 natura
1158 2501 1213 2548 et
1250 2493 1461 2565 legibus
1505 2494 1708 2550 malum
1758 2496 1850 2562 sit,
1896 2513 2174 2567 nunquam

588 2586 816 2639 omnino
862 2583 1079 2639 Domini
1127 2585 1375 2651 exsistet,
1408 2600 1586 2656 neque
1614 2587 1907 2657 quidquam
1952 2588 2172 2655 referet,

589 2685 773 2732 utrum
820 2678 1138 2732 scortationi
1183 2693 1242 2733 se
1272 2678 1456 2744 dedat,
1494 2694 1565 2733 an
1599 2680 1805 2735 minus.
1856 2680 1982 2736 Sive
2027 2681 2174 2736 enim

590 2767 668 2822 illi
703 2768 1037 2833 indulserit,
1081 2768 1197 2824 sive
1226 2769 1430 2834 minus,
1485 2770 1748 2840 utrinque
1796 2786 1909 2826 non
1954 2772 2168 2826 desinet

591 2875 712 2915 esse
754 2860 1095 2930 improbum,
1128 2868 1183 2915 et
1213 2861 1341 2915 mali
1374 2860 1626 2931 principii
1680 2877 1842 2931 opus.
1894 2863 2177 2933 Perpende

589 2968 724 3009 vero
749 2963 805 3008 et
836 2954 940 3008 hoc
976 2972 989 3007 :
1020 2953 1076 3008 Si
1107 2968 1307 3025 corpus
1335 2963 1422 3009 est
1449 2963 1695 3009 creatura
1724 2956 1872 3020 mali,
1901 2957 2174 3025 quomodo

591 3045 662 3109 is,
712 3046 805 3116 qui
851 3046 994 3102 malo
1040 3055 1267 3101 strenue
1312 3062 1371 3101 se
1404 3046 1669 3116 opponit,
1711 3056 1767 3101 et
1809 3062 1907 3117 pro
1943 3049 2173 3103 veritate

2290 566 2363 637 μὴ
2407 567 2568 636 μόνον
2597 566 2780 631 σώζει,
2814 568 2907 619 καὶ
2946 565 3224 636 ἄφθαρτον
3270 563 3499 635 ὕστερον
3532 568 3695 631 ποιεῖ,
3729 566 3865 622 ἀλλὰ

2284 657 2353 709 δι’
2387 656 2552 711 αὑτοῦ
2586 658 2681 710 καὶ
2711 658 2809 721 τὰς
2836 657 3109 727 ἑπομένας
3130 656 3311 726 ψυχὰς
3335 656 3635 727 εὐεργετεῖ,
3658 658 3739 721 είς
3763 658 3866 728 τὴν

2283 751 2475 820 ὁμοίαν
2520 749 2815 803 ἀθανασίαν
2844 749 2913 802 τὰ
2944 748 3211 802 ἐνωθέντα
3242 748 3434 812 αὑταῖς
3467 747 3694 818 σώματα
3726 747 3866 801 καθ-

2287 842 2479 906 ιστῶν;
2514 842 2701 905 Οὕτως
2761 842 2878 895 ἐστὶ
2927 841 3118 905 σκότος
3166 842 3260 894 καὶ
3304 842 3433 911 χάος
3471 839 3566 894 καὶ
3590 830 3868 909 τύφλωσις

2284 931 2583 1002 λογισμῶν,
2643 932 2737 986 καὶ
2792 932 2959 1003 μανία
3012 930 3107 984 καὶ
3157 930 3296 1001 μέθη
3351 929 3542 999 βαθεῖα
3581 929 3615 999 ἡ
3658 928 3867 998 σπουδὴ

2284 1023 2393 1075 τῶν
2417 1023 2497 1086 είς
2525 1023 2618 1075 δύο
2648 1023 2825 1093 ἀρχὰς
2873 1023 2974 1093 τὴν
3027 1022 3155 1093 μίαν
3188 1020 3484 1091 σχιζόντων
3533 1020 3735 1091 ἀρχὴν,
3768 1021 3869 1073 καὶ

2284 1114 2377 1167 τὸν
2425 1113 2523 1168 ἕνα
2579 1112 2785 1186 Κύριον
2842 1112 3051 1185 Ἰησοῦν
3103 1111 3336 1184 Χριστὸν
3375 1113 3466 1165 τον
3527 1110 3868 1182 δημιουργὸν

2286 1206 2564 1272 ἁπάντων,
2592 1208 2673 1271 είς
2692 1207 2785 1261 δύο
2807 1207 3256 1278 κατατεμνόντων
3279 1205 3453 1276 ἀρχάς
3475 1219 3490 1234 °
3516 1206 3613 1258 καὶ
3634 1203 3735 1273 τὴν
3764 1202 3869 1269 μὲν

2283 1301 2396 1362 τοῖς
2450 1301 2660 1369 νοητοῖς
2714 1299 3093 1367 ἐφιστάντων,
3147 1298 3247 1370 τὴν
3297 1298 3354 1351 δὲ
3387 1299 3499 1361 τοῖς
3538 1298 3867 1369 ὁρωμένοις.

2296 1390 2459 1444 Ἀλλὰ
2493 1391 2613 1456 πῶς
2643 1391 2781 1461 πρὸς
2809 1390 2905 1443 τὸν
2938 1388 3110 1444 Βυθδν
3141 1392 3235 1444 κα)⁵
3272 1390 3373 1460 τὴν
3412 1389 3579 1462 Σιγὴν
3623 1389 3740 1460 (55)
3764 1389 3866 1441 τοῦ

2284 1483 2530 1540 Πλάστου
2566 1484 2746 1538 αὐτῶν
2802 1483 2904 1547 τὰς
2948 1483 3146 1547 ὠδῖνας
3188 1483 3250 1536 ού
3285 1480 3663 1563 καταδύονται,
3713 1483 3764 1535 oi
3803 1482 3869 1533 τὸ

2288 1575 2447 1644 σῶμα
2470 1575 2630 1646 ήμῶν
2678 1574 2931 1643 λέγοντες
2984 1569 3127 1627 εἶναι
3157 1572 3253 1627 τοῦ
3304 1571 3585 1643 Πονηροῦ;
3635 1571 3868 1642 Τρανῶς

2284 1667 2393 1739 γάρ
2434 1666 2669 1729 ἐκείνοις
2696 1667 2792 1721 ἀπ’
2843 1666 3093 1729 ἐναντίας
3132 1666 3161 1719 ὁ
3195 1662 3407 1727 Παῦλος
3444 1664 3543 1733 βοᾷ
3566 1680 3582 1695 ο
3620 1663 3691 1717 Τὸ
3745 1661 3869 1731 μὲν

2283 1758 2456 1826 σῶμα
2483 1760 2555 1813 οὐ
2593 1757 2667 1827 τῇ
2707 1759 2979 1828 πορνείᾳ,
3010 1759 3134 1828 ἥτις
3162 1756 3311 1811 ἐστὶν
3341 1757 3503 1829 ἔργον
3544 1754 3640 1809 τοῦ
3683 1756 3872 1825 Πονη-

2212 1823 2253 1877 B
2286 1823 2384 1926 ροῦ
2405 1895 2421 1920 ,
2460 1823 2741 1920 ἀλλὰῡτῷ
2780 1823 2997 1923 Πυρίιρ,
3034 1823 3134 1907 οιαὶ
3174 1855 3207 1907 ὁ
3242 1823 3459 1921 Κύριος
3494 1850 3575 1917 τῷ
3609 1823 3869 1919 σώματι.

2283 1946 2407 2009 Πῶς
2429 1947 2537 2019 γὰρ
2574 1945 2670 1999 τοῦ
2713 1944 2937 2017 Ἑχθροῦ
2981 1944 3041 1997 τὸ
3071 1943 3298 2014 πλάσμα
3326 1942 3547 1999 δύναται
3580 1941 3718 2004 ὅλως
3763 1938 3867 1993 τοῦ

2281 2037 2489 2107 Κυρίου
2524 2031 2702 2102 εἷναι;
2740 2037 2805 2088 Τί
2836 2036 2891 2088 δὲ
2920 2035 3002 2089 δεῖ
3029 2034 3209 2102 λέγειν
3241 2034 3315 2104 μὴ
3351 2032 3662 2087 ἀνατιθέναι
3700 2030 3871 2084 τοῦτο

2280 2131 2344 2198 τῇ
2378 2128 2629 2200 πορνείᾳ,
2663 2127 2795 2182 αὐτὸ
2828 2126 2951 2181 καθ’
2968 2126 3126 2181 ἑαυτὸ
3169 2126 3406 2197 πονηρὸν
3435 2124 3516 2190 ὃν,
3551 2124 3648 2177 καὶ
3685 2140 3867 2194 πονη-

2284 2219 2382 2288 ρᾶς
2408 2218 2584 2288 ἀρχῆς
2626 2216 3041 2289 δημιούργημα,
3077 2216 3175 2270 καὶ
3221 2214 3504 2277 παντελῶς
3552 2213 3867 2283 ἀλλότριον,

2280 2312 2373 2366 καὶ
2397 2311 2490 2365 τοῦ
2513 2310 2819 2381 θελήματος
2851 2309 2948 2363 καὶ⁴
2971 2310 3070 2381 τῆς
3102 2308 3355 2372 πλάσεως
3389 2308 3483 2360 τοῦ
3510 2305 3681 2372 Θεοῦ;
3712 2305 3867 2359 Πλάο

2281 2421 2361 2459 σει
2390 2403 2498 2475 γὰρ
2530 2404 2625 2458 καὶ
2646 2402 2832 2473 νόμοις
2861 2400 2922 2455 τὸ
2954 2401 3132 2472 σῶμα,
3158 2399 3234 2463 ὡς
3261 2399 3295 2469 ἡ
3326 2396 3635 2453 ἀποστασία
3670 2395 3867 2467 βούλε-

2277 2514 2391 2561 ται,
2424 2494 2663 2566 πονηρὸν
2693 2495 2940 2565 ὑπάρχον
2960 2493 3063 2546 οὐκ
3102 2492 3170 2546 ἂν
3205 2491 3305 2562 μέν
3348 2508 3477 2545 ποτε
3524 2491 3736 2559 γένοιτο
3760 2487 3867 2542 τοῦ

2278 2588 2488 2661 Κυρίου
2509 2605 2524 2620 ο
2562 2587 2823 2659 πορνείας
2850 2586 2907 2639 δὲ
2930 2584 3209 2654 γενέσθαι,
3240 2584 3274 2655 ἢ
3304 2583 3380 2654 μὴ
3416 2583 3673 2651 γενέσθαι
3704 2581 3865 2635 οὐδὲν

2277 2682 2492 2735 διοίσει.
2542 2680 2667 2734 Εἴτε
2700 2680 2809 2751 γὰρ
2840 2677 3256 2749 ὲξεπόρνευσεν,
3284 2676 3396 2728 εἴτε
3427 2674 3540 2745 (56)
3568 2676 3666 2745 μὴ,
3703 2673 3868 2726 οὐδὲν

2275 2770 2439 2847 ἧττον
2469 2773 2570 2827 οὐκ
2597 2772 2895 2843 ἀφίσταται
2911 2770 3005 2825 τοῦ
3040 2769 3277 2842 πονηρὸν
3301 2765 3463 2830 εἶναι.
3495 2767 3591 2821 καὶ
3611 2768 3866 2836 πονηρᾶς

2276 2867 2672 2939 δημιούργημα
2712 2864 2914 2938 ἀρχῆς.
2959 2864 3284 2917 Ἐπισκόπει
3329 2862 3388 2916 δὲ
3412 2861 3507 2916 καὶ
3540 2853 3665 2915 ὦδε.
3698 2860 3772 2914 Ei
3802 2858 3866 2914 τὸ

2279 2960 2440 3031 σῶμα
2466 2958 2698 3028 πλάσμα
2728 2956 2821 3010 τοῦ
2847 2954 3115 3027 Πονηροῦ,
3136 2955 3254 3017 πῶς
3284 2956 3312 3009 ὁ
3338 2954 3448 3025 (57)
3481 2954 3575 3007 τοῦ
3610 2952 3865 3024 Πονηροῦ

2276 3050 2545 3122 λαμπρῶς
2568 3046 3061 3119 καταστρατηγῶν,
3083 3046 3299 3115 καὶτῆς
3322 3044 3577 3114 ἀληθείας
3599 3044 3863 3115 ὑπερμα-

590 3136 837 3217 dimicat,
888 3147 1137 3193 sanctum
1182 3138 1313 3193 illud
1363 3138 1779 3209 appellathVon
1818 3150 1982 3210 nupta
2010 3143 2170 3208 enim,

2276 3142 2388 3212 χῶν
2422 3141 2576 3210 ἅγιον
2608 3141 2740 3194 αὐτὸ
2773 3139 2957 3205 καλεϊ;
2996 3139 3069 3195 Ἦ
3102 3138 3331 3209 ἄγαμος
3368 3138 3502 3207 γὰρ,
3536 3138 3723 3209 φησὶν,
3750 3154 3866 3208 με·

590 3230 788 3301 inquit,
814 3240 1106 3302 curat'qua:
1129 3240 1249 3285 sunt
1278 3231 1519 3296 Domini,
1554 3240 1610 3285 ut
1640 3231 1707 3284 sit
1746 3240 1933 3285 sancta
1960 3249 2176 3301 corpore

592 3331 642 3377 et
674 3324 865 3392 spiritu
892 3324 934 3377 ‘.
966 3322 1021 3377 Si
1057 3338 1188 3379 vero
1228 3338 1431 3393 corpus
1479 3332 1730 3379 sanctum
1765 3333 1868 3389 est,
1918 3324 2063 3379 unde
2093 3334 2177 3380 est

596 3416 846 3470 malum?
875 3425 931 3470 ct
971 3416 1118 3471 unde
1160 3424 1245 3470 est
1289 3430 1429 3486 Opus
1476 3416 1773 3471 conditoris
1823 3418 1995 3471 mali?
2023 3418 2175 3474 Malae

590 3508 811 3577 quidem
844 3508 1109 3574 actiones,
1142 3524 1263 3577 quae
1312 3516 1618 3563 creaturam
1648 3508 1776 3563 boni
1823 3508 1919 3563 Dei
1958 3509 2174 3564 adulte-

590 3606 736 3665 rant,
794 3599 1073 3654 vindicant
1119 3599 1253 3653 illud
1301 3608 1356 3654 et
1412 3600 1707 3655 obnoxium
1758 3599 1965 3655 faciunt
2008 3602 2169 3657 malo.

589 3686 778 3752 Quoad
809 3703 941 3743 vero
966 3688 1110 3743 intra
1149 3688 1298 3757 leges
1324 3689 1627 3745 conditoris
1664 3704 1724 3744 se
1752 3691 2018 3755 continet,
2052 3706 2172 3746 ma-

588 3779 671 3851 gis
719 3780 774 3834 id
811 3779 1031 3849 quidem
1096 3780 1241 3834 valet
1290 3781 1359 3835 ad
1409 3782 1885 3837 averruncandum
1943 3784 2167 3851 malum,

588 3886 751 3941 quam
779 3872 955 3926 malus
982 3872 1049 3926 ad
1074 3872 1204 3927 illud
1236 3873 1336 3928 sibi
1368 3873 1792 3943 subjiciendum.

661 3963 728 4017 X.
771 3963 927 4028 Quod
970 3964 1151 4034 itaque
1185 3980 1288 4019 nec
1341 3964 1524 4020 dicere
1558 3980 1661 4020 nec
1708 3965 1915 4035 opinari
1958 3966 2042 4022 fas
2076 3968 2167 4032 sit,

588 4055 701 4112 duo
734 4071 906 4125 eaque
952 4056 1055 4111 sibi
1089 4056 1326 4112 invicem
1375 4059 1625 4129 opposita
1661 4058 1928 4128 principia
1959 4059 2075 4113 dari
2112 4060 2167 4114 in

588 4144 674 4207 iis,
722 4160 953 4215 quorum
1004 4146 1258 4202 voluntas
1305 4146 1360 4201 in
1405 4162 1465 4203 se
1497 4147 1669 4202 libera
1716 4146 1992 4202 illecebris
2038 4149 2165 4203 mali

587 4251 695 4291 non
732 4238 1109 4306 Subjecta-cst,
1141 4239 1360 4295 abunde
1390 4248 1524 4309 puto
1554 4240 1910 4310 disputatum.
1948 4239 2168 4310 Expen-

586 4329 781 4384 damus
828 4346 957 4385 vero
990 4346 1141 4386 nunc
1185 4331 1416 4387 alterum
1447 4331 1761 4402 apostaticae
1791 4332 2051 4387 doctrinm
2076 4348 2168 4388 ca-

2270 3231 2456 3303 ριμνᾷ
2485 3233 2559 3287 τὰ
2606 3232 2714 3286 τοῦ
2761 3231 3001 3300 Κυρίου,
3042 3231 3144 3284 ἵνα
3179 3225 3222 3301 ᾖ
3267 3231 3405 3300 ἁγία
3465 3230 3565 3283 καί
3626 3230 3867 3299 σώματι

2278 3325 2379 3379 καί
2405 3324 2717 3394 πνεύματι.
2744 3324 2805 3377 Ei
2831 3324 2887 3377 δὲ
2906 3322 3062 3390 ἅγιον
3087 3322 3150 3375 τὸ
3181 3321 3362 3392 σῶμα,
3388 3321 3556 3374 πόθεν
3583 3321 3864 3392 πονηρῶς

2278 3416 2373 3470 καὶ
2404 3416 2569 3470 πόθεν
2603 3415 2764 3488 ἔργον
2784 3414 3143 3485 δημιουργίας
3176 3415 3453 3483 πονηρᾶς;
3482 3413 3718 3485 Πράξεις
3758 3415 3865 3483 μὲν

2275 3508 2385 3579 γὰρ
2424 3509 2680 3579 πονηραὶ,
2716 3505 3135 3577 κιδδηλεύουσαι
3174 3505 3236 3559 τὸ
3264 3505 3490 3576 πλάσμα
3517 3505 3612 3559 τοῦ
3646 3506 3865 3575 ἀγαθοῦ

2276 3600 2435 3664 Θεοῦ,
2469 3599 2761 3654 οἰκειοῦσιν
2793 3599 2926 3653 αὐτὸ
2959 3600 3054 3654 καὶ
3099 3598 3463 3653 ὑποτάττουσι
3488 3599 3565 3670 τῷ
3597 3600 3861 3672 Πονηρῷ.

2287 3693 2375 3747 Ἐν
2399 3693 2457 3747 δὲ
2488 3694 2603 3756 τοῖς
2631 3691 2817 3761 νόμοις
2848 3689 2945 3743 τοῦ
2979 3691 3217 3745 πλάστου
3245 3691 3672 3763 διατηρούμενον
3699 3694 3865 3764 ἰσχὺν

2274 3784 2388 3854 ἔχει
2431 3782 2634 3853 μᾶλλον
2680 3782 2898 3836 διώκειν
2927 3782 3018 3836 τὸν
3072 3783 3334 3853 Πονηρὸν,
3390 3783 3507 3836 ἀλλ’
3555 3783 3656 3838 οὐκ
3688 3784 3864 3850 αὐτὸς

2272 3877 2452 3930 ἐκεῖνο
2481 3874 2864 3943 δουλαγωγεῖν.

2342 3968 2399 4020 l'.
2447 3965 2609 4018 ’Λλλά
2637 3965 2745 4034 γὰρ
2772 3965 2855 4018 ὅτι
2885 3965 2984 4034 μὲν
3018 3964 3117 4035 οὐχ
3144 3962 3255 4019 οἷόν
3274 3965 3337 4019 τέ
3374 3967 3493 4019 ἐστι
3517 3965 3638 4021 οὔτε
3667 3966 3861 4036 λέγειν

2269 4057 2395 4111 οὗτε
2435 4057 2657 4127 φρονεῖν
2702 4054 2796 4109 δύο
2826 4056 2923 4110 καὶ
2960 4056 3164 4121 ταύτας
3214 4057 3601 4128 ἀντικειμένας
3644 4060 3857 4131 ἀρχὰς,

2268 4140 2351 4208 οἷς
2371 4144 2435 4198 τὸ
2465 4143 2815 4210 αὐτεξούσιον
2845 4144 3147 4199 ἀδούλωτον
3183 4146 3339 4216 μένει
3367 4148 3480 4210 τοῖς
3514 4147 3716 4201 πάθεσι
3755 4150 3861 4202 τοῦ

2279 4235 2531 4307 Ἐχθροῦ,
2570 4236 2933 4307 ἀποχρώντως
2977 4233 3130 4307 οἶμαι
3192 4238 3282 4292 τὸν
3328 4237 3487 4308 λόγον
3531 4239 3859 4305 διεξελθεῖν.

2281 4328 2740 4399 Ἐπισκεψὼμεθα
2788 4330 2847 4384 δὲ
2882 4330 2979 4384 καὶ
3004 4331 3067 4383 τδ
3116 4329 3308 4401 ἕτερον
3361 4332 3462 4404 τῆς
3507 4333 3861 4399 ἀποστάσιας

583 4430 703 4489 put,
737 4422 879 4490 quod
902 4423 1123 4492 quidem
1153 4423 1205 4477 in
1238 4423 1614 4494 superioribus
1640 4424 1803 4478 etiam
1831 4440 1936 4479 non
1969 4424 2165 4479 leviter

2276 4421 2458 4493 μέρος,
2482 4419 2512 4474 ὃ
2532 4420 2731 4474 δέδωκε
2767 4421 2868 4491 μὲν
2890 4420 2983 4475 καὶ
3012 4421 3144 4475 αὐτὸ
3171 4423 3263 4477 διὰ
3281 4422 3391 4478 τῶν
3430 4426 3863 4497 προειρημένων

584 4530 685 4570 nec
730 4515 1100 4585 perfunctorie
1134 4517 1238 4571 sub
1268 4531 1501 4571 examen
1531 4525 1784 4570 vocatum
1816 4524 1871 4570 et
1898 4517 2158 4571 condem-

2276 4490 2327 4568 οὐ
2346 4490 2622 4586 ⁷μεμπτὰς
2642 4490 2799 4585 οἶμαι
2827 4514 2947 4567 οὐδὲ
2979 4515 3242 4586 βραχείας
3279 4517 3379 4581 τάς
3414 4490 3680 4582 εύθύνάςξ-
3700 4521 3864 4593 Πλὴν

580 4614 770 4659 natum
816 4616 917 4661 est.
954 4606 1060 4661 Sed
1101 4608 1188 4662 vel
1220 4608 1299 4663 sic
1347 4622 1413 4662 ex
1462 4608 1654 4661 eadem
1697 4606 1975 4676 Scriptura
2008 4622 2161 4662 sacra

580 4696 756 4750 cidem
801 4697 1035 4753 ulterius
1092 4698 1439 4768 subjiciatur.
1490 4696 1723 4761 Paulus,
1758 4696 1853 4766 qui
1920 4697 2160 4766 seipsum

580 4787 692 4843 Deo
726 4790 944 4858 penitus
984 4790 1344 4855 consecravit,
1378 4789 1529 4844 clara
1569 4804 1705 4844 voce
1748 4789 1985 4844 clamat:
2015 4788 2159 4843 Num

650 4927 715 4981 ⁸1
747 4929 873 4985 Cor.
911 4946 990 4995 ιιι,
1024 4929 1112 4984 13.
1190 4929 1209 4959 ⁸
1237 4928 1256 4983 l
1286 4929 1414 4984 Cor.
1449 4944 1546 4995 vn,
1579 4928 1670 4984 54.

2270 4606 2364 4659 καὶ
2395 4604 2493 4658 νῦν
2522 4604 2609 4659 διά
2642 4604 2742 4675 τῆς
2798 4606 2971 4676 αὐτῆς
3013 4606 3317 4677 ίερολογίας
3362 4608 3705 4663 ἀπαιτείσθω
3755 4614 3862 4666 καὶ

2267 4696 2365 4759 τὰς
2394 4693 2741 4764 λειπομένας.
2775 4694 2988 4758 Παῦλος
3023 4697 3052 4749 ὁ
3088 4695 3211 4749 καθ’
3237 4695 3475 4765 ἑκάστην
3509 4699 3705 4754 ἑαυτὸν
3734 4701 3860 4771 ἱερο
3886 4693 3903 4730 ί

2265 4786 2479 4858 ουργῶν
2507 4785 2586 4857 τῷ
2612 4784 2732 4855 Θεῷ
2759 4786 3057 4858 διαπρυσίᾳ
3084 4787 3182 4859 βοᾷ
3212 4789 3279 4859 τῇ
3312 4793 3499 4861 φωνῇ·
3553 4790 3651 4861 Μὴ
3693 4797 3862 4853 κατὰ

1701 4996 1937 5054 VARUE
1980 4997 2360 5059 LECTIONES
2397 4997 2487 5054 ET
2526 4996 2759 5054 NOTAE.
2820 5026 2821 5029 η

648 5090 761 5159 (55)
804 5090 958 5158 Πρὸς
998 5090 1106 5142 τὸν
1134 5088 1335 5144 Βυθὸν
1384 5088 1480 5143 καὶ
1516 5088 1629 5158 τὴν
1665 5089 1871 5159 Σιγήν.
1907 5092 2073 5146 Erant
2103 5092 2157 5147 hi

577 5161 687 5214 duo
710 5177 779 5214 ex
813 5162 1030 5230 triginta
1053 5161 1463 5231 :eonibusrquus
1489 5160 1767 5231 ﬁngebant
1789 5161 2156 5217 Valentiniani

577 5241 631 5285 et
662 5248 761 5299 pro
806 5232 909 5284 diis
938 5230 1213 5301 habebant
1261 5247 1274 5283 :
1308 5230 1451 5301 inter
1478 5230 1743 5285 eos'eniin
1777 5233 2015 5301 primum
2048 5234 2149 5287 ob-

580 5302 827 5355 tinebant
875 5301 1086 5371 locum,
1108 5300 1180 5353 ita
1221 5310 1283 5353 ut
1315 5300 1488 5371 prima
1521 5301 1752 5371 συζυγία
1777 5300 1853 5356 ab
1894 5302 2029 5371 ipsis
2059 5317 2156 5356 vo-

580 5380 860 5443 carentur,
886 5370 965 5443 τῷ
992 5369 1166 5443 Ιξνθῴ,
1184 5371 1298 5424 sive
1320 5370 1609 5443 Profunda,
1628 5370 1826 5443 Patris;
1853 5369 1983 5443 Σιγῇ
2001 5388 2153 5439 vero,

576 5458 673 5495 seu
714 5438 963 5505 Silentio,
1000 5438 1189 5494 Matris
1236 5438 1436 5495 nomen
1472 5440 1703 5496 ferente.
1755 5441 1889 5497 Vide
1925 5438 2066 5498 hanc
2097 5438 2154 5497 in

574 5526 692 5565 rem
718 5510 1005 5575 Irenznum,
1040 5510 1135 5562 lib.
1161 5512 1312 5572 i,c.l
1348 5520 1401 5565 et
1429 5512 1495 5576 5;
1528 5522 1582 5566 et
1604 5512 1738 5566 alios
1762 5528 1828 5566 ex
1856 5513 2150 5577 veteribus,

575 5598 714 5649 quos
731 5579 1079 5635 laudatJoan.
1097 5578 1335 5650 Baptista
1350 5582 1674 5645 Cotelerius,
1695 5583 1748 5635 in
1764 5583 1916 5637 Notis
1930 5583 1997 5637 ad
2015 5594 2147 5639 toni.

577 5651 594 5703 Ι
628 5651 1077 5722 Monupzentornm
1118 5650 1367 5706 Ecclesia:
1412 5651 1626 5716 ercaz,
1659 5668 1712 5722 p.
1743 5653 1846 5707 767
1873 5669 1887 5717 ;
1923 5668 1985 5707 ac
2018 5653 2154 5707 Gui-

575 5721 741 5776 lielm.
776 5720 1084 5794 Speitcerus
1106 5722 1172 5775 ad
1197 5722 1484 5794 Qrigenem
1507 5720 1700 5794 Contra
1723 5722 1945 5794 Celsum.
1976 5739 2027 5793 p.
2051 5724 2146 5787 78;

572 5807 640 5847 ex
663 5790 1057 5849 recentioribus
1080 5807 1208 5849 vero
1227 5790 1507 5849 Nicoiaum
1532 5791 1606 5848 Le
1635 5790 1868 5864 Nourry,
1899 5793 1951 5845 in
1976 5790 2151 5863 Appa-

2257 5094 2471 5165 ratugd
2494 5092 2746 5165 Biblioth.
2782 5095 3075 5165 Maximam
3139 5103 3339 5161 atrum,
3374 5106 3505 5153 tom.
3532 5098 3600 5161 ll,
3630 5098 3773 5153 diss.
3808 5116 3852 5165 ι,

2295 5202 2310 5216 .
2351 5163 2419 5215 77
2471 5179 2624 5233 seqq.
2676 5164 2781 5217 Per
2838 5164 3033 5218 horum
3066 5180 3197 5220 vero
3256 5163 3854 5225 commemorationem

2295 5248 2359 5287 oc
2408 5234 2527 5288 loco
2580 5235 2777 5289 factam
2836 5234 3021 5288 innuit
3074 5234 3292 5302 Noster,
3336 5238 3419 5293 vel
3468 5237 3852 5301 Paulicianos,

2254 5314 2443 5358 contra
2472 5320 2611 5373 quos
2635 5304 2896 5372 disputat,
2948 5305 3062 5359 haec
3099 5308 3323 5363 nomina
3370 5324 3399 5361 a
3438 5306 3854 5364 Valentinianis

2251 5373 2563 5448 adoptasse,
2583 5375 2667 5429 vel
2684 5375 2985 5448 comparari
3015 5375 3124 5429 duo
3149 5376 3389 5445 ipsorum
3417 5378 3686 5448 principia
3708 5394 3852 5435 cum

2254 5442 2341 5515 his
2369 5444 2585 5515 illorum
2644 5442 2909 5515 aeonihus
2945 5460 3125 5515 posse,
3169 5442 3636 5515 quemadmodum
3674 5458 3730 5503 et
3789 5452 3853 5505 in

2251 5513 2372 5583 aliis
2403 5514 2675 5583 capitibus
2722 5514 2847 5568 illos
2901 5513 3210 5569 imitentur.
3255 5516 3456 5574 Confer
3488 5518 3632 5575 Petri
3660 5520 3850 5577 Siculi

2250 5582 2631 5638 Narrationem
2661 5586 2723 5655 de
2746 5584 3067 5650 Manichwis,
3104 5601 3160 5655 p.
3182 5586 3272 5640 42.

2321 5656 2435 5731 (56)
2475 5655 2631 5709 Εἴτε.
2665 5652 2741 5731 Ita
2790 5655 2984 5725 scripsi
3008 5652 3119 5725 pro'
3144 5656 3259 5728 ἥτε,
3295 5658 3443 5729 quod
3478 5674 3577 5731 per
3622 5659 3852 5716 librarii

2250 5727 2509 5779 mendum
2546 5735 2665 5780 erat
2705 5726 2757 5779 in
2787 5740 2890 5779 ms.

2327 5796 2440 5866 (37)
2492 5795 2574 5848 '0.
2621 5797 2709 5850 Sic
2747 5795 2866 5865 lego
2899 5811 2997 5867 pro
3031 5797 3112 5867 τό,
3147 5798 3291 5868 quod
3332 5798 3569 5855 habebat
3591 5812 3695 5856 ms.
