4088 6424
280 338 377 413 ιιι

1313 336 1613 406 CONTRA
1652 280 2117 407 MiANICHZEOS
2141 346 2371 410 LIBER
2402 341 2519 411 III.

3451 350 3557 421 142

279 457 598 533 ἄνθρωπον
631 451 821 517 ταῦτα
850 452 1048 526 sane;
1075 460 1116 532 ἢ
1137 459 1275 531 οὐχὶ
1304 460 1409 516 καὶ
1425 450 1659 531 δνόμος
1682 457 1867 513 ταῦτα

1971 460 2254 515 secundum
2295 460 2557 519 hominem
2598 464 2710 519 [uec
2747 463 2968 537 loquor?
2994 467 3074 523 vel
3101 484 3271 524 nonne
3297 468 3473 541 potius
3504 484 3556 532 ct

279 556 477 627 deret;
512 556 581 610 Ὃ
603 556 719 610 ίσον
747 550 866 609 ὲστί
883 570 896 585 ’
932 550 1025 624 Μὴ
1049 554 1333 627 λογισμοῖς
1361 552 1671 625 ἀνθρώπων
1694 553 1878 623 ἐσφα-

280 650 502 721 λίξομεν
528 650 592 704 τὸ
623 645 813 721 ῥηθὲν,
848 645 882 720 ἦ
920 648 1043 720 οὐχὶ
1091 645 1188 703 καὶ
1236 642 1390 713 θείας
1434 646 1556 703 ἐστὶ
1593 648 1691 703 καὶ
1732 640 1880 721 ’ὗπέρ

281 743 573 814 ἄνθρωπον
616 742 945 812 νομοθεσίας
991 740 1055 795 τὸ
1107 738 1567 815 προτεινόμενονς
1626 740 1739 798 Kal.
1790 734 1876 807 τίς

280 828 454 891 ταῦτα
502 834 878 908 τεθεώρηκεν,
910 830 1073 901 αὐτὸς
1127 837 1455 909 σαφηνίζει·
1523 837 1628 894 Ἐν
1657 837 1769 908 ιῃὰρ
1793 837 1875 904 τῷ

281 928 545 996 Μωσέως
561 924 726 998 νόμῳ
751 927 1097 999 γέγραπται,
1119 930 1276 1001 φησι,
1300 932 1383 985 Οὐ
1408 927 1700 1003 φιμώσεις
1709 930 1876 997 ,Βοῦν

282 1019 588 1078 ἀλοῶντα.
623 1022 735 1077 Καὶ
778 1022 953 1078 ταῦτα
1010 1020 1185 1079 είπὼν
1239 1021 1530 1100 ἐπιφέρει·
1594 1022 1695 1095 Μὴ
1755 1025 1877 1083 τῶν

278 1109 449 1180 ,ϐοῶν
463 1110 638 1184 μέλει
664 1113 744 1180 τῷ
772 1113 895 1181 Θεῷ
914 1132 932 1179 ;
952 1110 1129 1171 Τίνων
1152 1115 1209 1170 δὲ
1240 1114 1444 1186 μᾶλλον
1465 1116 1640 1187 μέλει,
1659 1114 1877 1181 δεικνὺς

284 1207 482 1277 ἐπάγει
501 1226 515 1239 ο
547 1206 629 1262 Δι’
658 1198 817 1278 ἡμᾶς
842 1207 953 1279 γὰρ
985 1209 1227 1276 πάντως
1253 1209 1437 1280 λέγει,
1472 1210 1576 1265 καὶ
1612 1208 1688 1265 δι’
1715 1211 1874 1281 ἡμᾶς

283 1299 535 1370 ἐτράφη.
586 1300 757 1352 ⁷Ὥστε
796 1298 975 1355 κοινὸν
1027 1300 1086 1357 τὸ
1142 1301 1321 1373 δόγμα
1351 1300 1411 1357 τὸ
1446 1304 1505 1357 ὲν
1532 1300 1602 1375 τῇ
1658 1300 1875 1375 Παλαιᾷ

283 1391 560 1448 διαὸαῖνον
594 1394 690 1447 καὶ
714 1392 1136 1463 πολιτευόμενον
1163 1395 1257 1447 καὶ
1292 1390 1350 1449 ὲν
1381 1392 1448 1466 τῇ
1481 1395 1694 1467 χάριτι.
1732 1390 1868 1450 Εἶτα

282 1479 380 1558 τὴν
405 1484 645 1559 φυσικὴν
681 1486 978 1557 ὁμοιότητα
1017 1486 1155 1557 πρὸς
1205 1486 1298 1544 τὸν
1331 1488 1551 1560 Πατέρα
1603 1484 1698 1543 τοῦ
1737 1488 1870 1544 Υίοῢ

283 1579 380 1633 καὶ
405 1578 470 1633 τὸ
496 1576 920 1651 ἀπαράλλακτον
952 1577 1236 1652 ὖποδηλῶν
1264 1581 1330 1635 ὲκ
1356 1579 1457 1652 τῆς
1494 1580 1604 1635 τῶν
1639 1581 1869 1650 νομοθε-

283 1671 562 1741 τηθέντων
614 1666 939 1744 ὁμοιότητος
960 1715 976 1739 ,
1015 1672 1269 1743 Ὠσπερ,
1321 1672 1493 1743 φησὶ,
1528 1674 1870 1743 προσετάγη

284 1760 429 1830 τοὺς
476 1762 559 1830 τῷ
596 1764 1011 1834 θυσιαστηρίῳ
1063 1760 1588 1835 προσεδρεύοντας
1636 1756 1718 1830 τῷ
1765 1767 1871 1819 θυ-

285 1856 618 1925 σιαστηρίῳ
666 1856 1166 1927 συμμερίζεσθαι·
1226 1857 1381 1913 οὕτω
1436 1858 1535 1913 καί
1571 1860 1604 1914 ὁ
1656 1858 1901 1928 Κύριος

286 1944 662 2019 προσέταξεν
692 1944 835 2016 τοὺς
856 1950 921 2005 τὸ
945 1949 1316 2021 Εὐαγγέλιον
1343 1949 1870 2021 καταγγέλλοντας

285 2038 353 2093 ἐκ
395 2039 504 2095 τοῦ
538 2039 914 2111 Εὐαγγελιου
944 2033 1072 2110 ζῇν,
1118 2041 1376 2117 τοσοῦτον
1417 2043 1629 2113 ἐπάρας
1657 2039 1752 2096 τὸν
1782 2039 1871 2095 v6-

1972 553 2059 608 lex
2109 555 2212 609 ista
2282 558 2571 629 profert"?
2605 553 2762 627 Quod
2801 561 2945 617 idem
2983 572 3067 619 est
3108 578 3174 620 ac
3221 560 3267 621 si
3313 563 3553 624 diceret:

1970 644 2111 703 Num
2152 648 2457 706 ratiociniis
2500 651 2786 708 hominum
2828 654 2971 711 dicta
3009 656 3419 728 conﬁrmamus,
3451 672 3557 716 nec

1968 742 2157 810 potius
2182 743 2524 815 propositum
2554 756 2936 818 argumentum
2962 743 3163 805 divinae
3183 760 3239 806 et
3265 747 3555 822 plusquam

1969 835 2223 892 Mimans:
2251 832 2391 909 legis
2435 839 2551 897 est?
2579 838 2713 906 Quis
2740 856 2873 896 vero
2903 841 2992 896 illa
3020 842 3397 907 constituerit,
3435 840 3556 915 ipse

1966 928 2211 999 exponit,
2260 929 2326 985 In
2381 928 2549 986 Nesis
2596 926 2736 989 enim
2786 932 2919 1005 lege,
2966 933 3241 1004 inquiens,
3299 932 3556 1005 scriptum

1965 1029 2042 1075 est
2078 1036 2098 1075 :
2138 1018 2263 1076 Non
2310 1024 2579 1080 obturabis
2617 1042 2674 1080 os
2709 1024 2829 1082 boui
2855 1024 3133 1083 trituranti
3168 1028 3213 1084 ⁸.
3248 1025 3377 1086 Hzec
3424 1045 3556 1085 vero

1965 1111 2205 1168 aii‘erens
2258 1114 2543 1188 subiungit
2578 1135 2591 1173 :
2624 1116 2769 1173 Num
2827 1120 2979 1177 boues
3024 1136 3165 1176 cura:
3221 1126 3345 1176 sunt
3399 1122 3557 1177 Deo?

1965 1203 2210 1273 Quorum
2267 1224 2402 1264 vero
2458 1212 2740 1281 potiorem
2792 1228 2982 1271 curam
3026 1226 3187 1288 agat.
3229 1224 3556 1272 ostensurus

1966 1301 2163 1358 addit:
2195 1302 2421 1373 Propter
2470 1322 2563 1360 nos
2610 1302 2821 1362 omnino
2859 1307 2914 1362 id
2955 1305 3101 1375 dicit,
3136 1318 3185 1364 et
3213 1316 3426 1380 propter
3461 1326 3554 1363 nos

1966 1396 2225 1466 scriptum
2258 1408 2353 1455 est.
2385 1398 2574 1471 Itaque
2603 1403 2913 1459 communis
2946 1404 3196 1461 doctrina
3221 1414 3323 1473 est,
3355 1423 3480 1478 qua:
3501 1415 3557 1464 et

1962 1488 2020 1544 in
2049 1481 2250 1547 Vetere
2291 1489 2483 1557 valuit,
2506 1500 2561 1549 et
2605 1493 2662 1547 in
2710 1491 2861 1549 Novo
2910 1494 3150 1551 obtinuit
3174 1491 3552 1555 Testamento.

1961 1579 2181 1649 Postea,
2215 1584 2547 1649 naturalem,
2576 1601 2697 1655 qua:
2724 1582 2868 1641 inter
2898 1582 3111 1643 Patrem
3138 1598 3193 1643 et
3219 1584 3418 1645 Filium
3448 1601 3553 1655 est,

1961 1666 2375 1726 similitudinem
2420 1676 2477 1727 et
2518 1670 3017 1731 immutabilitatem
3071 1691 3138 1732 ex
3194 1675 3555 1736 similitudine

1960 1758 2140 1830 legum
2174 1762 2431 1833 utrinque
2460 1764 2695 1821 latarum
2742 1762 3119 1836 subindicans,
3154 1767 3324 1836 Sicut,
3354 1770 3552 1842 inquit,

1958 1862 2278 1922 pra’ceptum
2308 1862 2403 1919 est,
2439 1862 2517 1920 ut,
2541 1857 2632 1926 qui
2660 1855 2828 1911 altari
2850 1857 3105 1926 serviunt,
3150 1854 3346 1915 altaris
3391 1861 3556 1917 etiam

1958 1939 2092 2007 ﬁant
2145 1942 2465 2012 participes;
2510 1944 2588 1998 ita
2632 1954 2681 1999 et
2712 1941 2973 2002 Dominus
3018 1949 3290 2019 pra'cepit,
3340 1960 3418 2017 ut,
3466 1951 3555 2017 qui

1963 2028 2314 2105 Evangelium
2363 2037 2682 2106 pradicant,
2718 2054 2783 2093 ea:
2832 2036 3124 2113 Evangelia
3171 2041 3350 2097 vivant
3383 2045 3441 2110 ’;
3478 2043 3557 2098 leo

290 2144 410 2203 μον,
447 2132 548 2187 ἆτε
580 2132 646 2203 δὴ
672 2131 767 2186 τοῦ
791 2132 1007 2205 Πατρὸς
1036 2132 1189 2199 ὄντα,
1325 2135 1420 2188 καὶ
1452 2135 1545 2190 τὸν
1571 2136 1703 2191 Υίὸν
1727 2134 1869 2189 κατὰ
1898 2116 1942 2172 Β
1972 2138 2111 2194 Semo
2162 2136 2421 2198 tanquam
2450 2144 2481 2184 ³
2512 2126 2672 2186 Ρθῑτθ
2718 2131 3046 2201 Ρνοῖθεωωο
3080 2132 3218 2189 adeo
3265 2135 3553 2201 εΧῑοΙῘίὲηεν

289 2223 520 2294 μίμησιν
561 2225 772 2278 ἐκείνου
835 2224 905 2279 τὰ
958 2226 1361 2297 προστάγματα
1411 2226 1698 2298 προάγειν.
1756 2222 1869 2295 Τὴν

286 2316 585 2387 συνάφειαν
609 2316 669 2372 δὲ
702 2317 866 2373 πάλιν
914 2318 1010 2371 καὶ
1056 2317 1382 2388 συγγένειαν
1430 2313 1524 2373 τοῦ
1553 2317 1722 2389 νόμου
1771 2315 1868 2373 καὶ

285 2405 379 2480 τῆς
411 2410 640 2482 χάριτος
672 2408 765 2464 ἐπὶ
794 2407 954 2464 πλέον
997 2410 1364 2483 τρανολογῶν,
1400 2412 1483 2465 Οὺ
1531 2410 1685 2465 θέλω
1712 2406 1869 2479 ὑμᾶς

286 2497 548 2574 ἀγνοεῖν,
595 2500 784 2572 φησιν,
836 2500 1111 2572 ἀδελφοὶ,
1150 2501 1237 2556 ὅτι
1287 2502 1342 2557 οἱ
1395 2497 1649 2571 πατέρες
1697 2500 1870 2571 ἡμῶν

286 2592 505 2659 πάντες
532 2595 653 2648 ὑπὸ
694 2591 808 2663 τὴν
837 2591 1105 2664 νεφέλην
1143 2590 1325 2665 ἦσαν,
1362 2594 1461 2649 καὶ
1500 2587 1723 2660 πάντες
1771 2588 1870 2647 διὰ

287 2680 397 2751 τῆς
423 2683 752 2753 θαλάσσης
774 2682 1163 2754 διῆλθον-,καὶ
1186 2686 1411 2753 πάντες
1437 2687 1527 2752 είς
1570 2684 1679 2739 τὸν
1703 2687 1870 2738 Mani)-

287 2776 413 2845 σῆν
432 2775 912 2846 ἐϐαπτίσθησαν,
942 2776 1014 2832 ἐν
1035 2775 1110 2848 τῇ
1140 2778 1369 2849 νεφέλῃ
1408 2778 1508 2833 καί
1540 2776 1613 2832 ἐν
1652 2769 1727 2846 τῇ
1761 2779 1867 2831 θα-

285 2870 518 2939 λάσσῃ,
548 2870 649 2925 καί
680 2869 904 2938 πάντες
931 2870 998 2926 τὸ
1030 2868 1179 2927 αὐτὸ
1212 2866 1426 2943 ,ϐρῶμα
1460 2870 1868 2941 πνευματικὸν

286 2962 539 3033 ἔφαγον,
579 2961 681 3017 καί
704 2958 928 3031 πάντες
961 2963 1029 3017 τὸ
1059 2962 1207 3019 αὐτὸ
1256 2960 1420 3035 πόμα
1460 2962 1870 3034 πνευματικὸν

285 3054 481 3109 ἔπιον.
513 3052 618 3119 Δός
644 3072 738 3126 μοι
766 3054 952 3109 λοιπὸν
982 3055 1219 3111 ἐνταῦθα
1245 3056 1307 3110 τὸ
1337 3052 1437 3111 οὐκ
1459 3051 1744 3126 ἐλεύθερον
1768 3052 1867 3125 τῆς

287 3140 551 3216 βακχείας
610 3145 705 3200 τοῦ
765 3143 1022 3219 Ἐχθροῖν
1066 3148 1322 3203 Ἐπινον
1376 3145 1515 3219 γὰρ,
1552 3148 1737 3216 φησιν,
1797 3145 1867 3200 ἐκ

286 3230 706 3306 πνευματικῆς
733 3234 1195 3305 ἀκολουθούσης
1219 3236 1462 3305 πέτρας.
1505 3236 1581 3292 Ἠ
1600 3236 1668 3290 δὲ
1684 3233 1870 3305 πέτρα

288 3325 367 3400 ἦν
401 3333 436 3384 ὀ
464 3330 744 3398 Χριστός,
788 3327 1059 3397 Ἀκούεις,
1099 3328 1250 3391 ὅπως
1279 3331 1307 3384 6
1334 3328 1573 3401 Χριστὸς
1625 3327 1717 3381 τὸν
1760 3342 1869 3379 παι-

1976 2223 2035 2270 υι
2060 2214 2254 2272 Filium
2283 2219 2351 2273 ad
2383 2220 2695 2291 exemplum
2721 2219 2842 2292 ejus
2873 2232 3147 2295 praecepta
3176 2237 3273 2280 sua
3299 2226 3557 2282 statuisse

1971 2304 2189 2363 innuat.
2231 2306 2379 2365 Idem
2434 2325 2566 2367 vero
2619 2310 3022 2369 connexionem
3066 2322 3124 2370 et
3173 2317 3558 2388 cognationem

1971 2398 2109 2469 legis
2136 2408 2193 2455 et
2222 2401 2409 2472 gratiae
2442 2403 2623 2459 adhuc
2652 2406 2825 2476 magis
2852 2406 3204 2476 expositurus
3240 2423 3253 2461 :
3284 2406 3421 2463 Nolo
3443 2424 3554 2474 vos,

1972 2493 2170 2563 inquit,
2200 2496 2472 2566 ignorare,
2506 2499 2720 2569 fratres,
2772 2500 2911 2570 quod
2938 2506 3117 2569 patres
3167 2501 3334 2555 nostri
3377 2517 3555 2557 omnes

1969 2582 2064 2642 sub
2097 2588 2229 2641 nube
2283 2598 2457 2655 erant,
2493 2598 2542 2643 et
2575 2605 2752 2645 omnes
2799 2608 2892 2660 per
2926 2610 3071 2647 mare
3125 2590 3471 2662 transierunt,
3506 2601 3555 2650 et

1970 2696 2147 2735 omnes
2177 2681 2233 2735 in
2274 2681 2455 2735 Mosen
2484 2678 2741 2751 baptizati
2776 2688 2917 2747 sunt,
2960 2686 3015 2738 in
3061 2683 3194 2739 nube
3226 2695 3273 2740 et
3309 2687 3473 2754 mari,
3504 2696 3557 2741 et

1973 2784 2154 2826 omnes
2185 2774 2425 2827 eumdem
2456 2771 2626 2827 cibum
2655 2770 2991 2843 spiritualem
3025 2777 3265 2844 ederunt,
3301 2787 3349 2832 et
3378 2794 3557 2832 omnes

1971 2860 2215 2915 eumdem
2265 2870 2446 2930 potum
2496 2862 2832 2931 spiritualem
2900 2862 3141 2918 biberunt
3192 2861 3259 2919 ὀ.
3313 2862 3557 2919 Ostende

1974 2952 2113 3009 mihi
2154 2953 2247 3009 hic
2301 2963 2647 3009 momentum
2697 2953 2784 3009 vel
2813 2953 3035 3010 unicum
3090 2955 3236 3025 quod
3283 2970 3395 3009 non
3448 2955 3558 3010 im-

1970 3059 2139 3101 mune
2166 3045 2239 3101 sit
2269 3061 2301 3102 a
2333 3046 2553 3102 furente
2583 3042 2759 3102 hOStis
2781 3054 3053 3118 potestate
3076 3065 3090 3102 :
3113 3044 3369 3102 Biberunt
3393 3048 3554 3113 enim,

1971 3139 2169 3211 inquit,
2213 3157 2277 3195 ea:
2306 3140 2599 3210 spirituali,
2647 3151 2765 3211 qua:
2808 3139 3144 3212 sequebatur,
3183 3150 3334 3211 petra
3357 3157 3376 3196 :
3401 3148 3554 3211 petra

1970 3241 2151 3287 autem
2170 3241 2284 3287 erat
2302 3231 2541 3289 Christus
2565 3233 2628 3288 ”.
2651 3232 2896 3289 Audisne
2916 3234 3191 3304 quomodo
3207 3232 3369 3289 Pater
3386 3233 3555 3289 Israel

1970 3323 2189 3380 duxerit
2224 3323 2293 3379 ad
2322 3324 2532 3381 cultum
2577 3320 2704 3380 Filii
2732 3324 2817 3380 sui
2852 3334 2909 3381 et
2962 3324 3419 3381 conversionem?
3449 3323 3556 3380 Per

288 3421 474 3493 τρικὸν
525 3419 747 3486 ὲπὸτιζε
793 3420 943 3486 λαὸν,
981 3422 1076 3475 xal
1107 3420 1227 3484 πῶς
1255 3422 1283 3474 6
1317 3419 1507 3491 Πατὴρ
1539 3414 1739 3490 ὼδήγει
1777 3417 1870 3471 τὸν

1972 3432 2110 3488 quos
2139 3427 2323 3473 autem
2354 3419 2490 3473 alios
2514 3418 2618 3474 nisi
2652 3433 2749 3489 per
2778 3417 2966 3474 Mosen
2997 3428 3052 3474 et
3075 3419 3417 3490 prophetas?
3450 3415 3555 3474 Ubi

302 3512 520 3586 Ἰσραὴλ
546 3513 628 3579 είς
662 3513 761 3585 τὴν
791 3512 886 3568 τοῦ
916 3513 1050 3567 Υίοῦ
1080 3509 1339 3581 λατρείαν
1366 3514 1460 3567 καὶ
1492 3509 1865 3582 ὲπιστροφήν;

291 3606 387 3659 Διὸ.
414 3606 604 3671 τίνων,
632 3605 666 3677 ἢ
694 3606 856 3677 δῆλον
889 3606 973 3659 ὅτι
1001 3606 1090 3660 διὰ
1112 3603 1357 3670 Μωσέως
1392 3605 1487 3658 καὶ
1513 3603 1622 3657 τῶν
1649 3621 1869 3674 προφη-

291 3696 432 3763 τῶνς
463 3694 579 3751 Ποῦ
611 3696 706 3751 οὖν
734 3694 971 3751 ἐνταῦθα
1002 3696 1329 3768 ὁΠονηρός;
1359 3692 1464 3750 ποῦ
1494 3696 1593 3768 τῆς
1623 3695 1868 3765 πονηρᾶς

292 3790 467 3862 ἀρχῆς
495 3790 559 3844 τὸ
582 3788 780 3861 ἔργονς
814 3786 918 3844 ποῦ
951 3790 1002 3843 οί
1028 3790 1184 3861 νόμοι
1217 3788 1317 3860 τῆς
1336 3788 1722 3860 ἀντικειμένης
1747 3786 1872 3858 μοί-

295 3899 428 3954 ραςς
463 3883 560 3938 τοῦ
588 3884 890 3938 Μωσαῖκοῦ
919 3880 1076 3949 λαοῦ,
1103 3882 1199 3937 καὶ
1228 3881 1587 3954 πνευματικῷ
1618 3880 1869 3954 βρώματι

292 3976 648 4047 τρεφομένων
676 3974 775 4029 καὶ
805 3974 1181 4044 πνευματικοῦ
1226 3974 1472 4047 πόματος
1510 3973 1776 4028 πινόντων
1806 3974 1871 4026 ὲκ

291 4067 389 4139 τῆς
428 4065 700 4136 συνούσης
740 4081 802 4119 τε
848 4065 945 4119 καὶ
986 4064 1261 4136 ἑπομένης
1309 4063 1537 4135 πέτρας,
1578 4063 1699 4134 ἥτις
1728 4053 1799 4134 ἦν
1842 4062 1872 4114 6

293 4160 563 4232 Χριστόςς
601 4153 737 4212 Elea
780 4156 946 4211 πάλιν
989 4158 1017 4211 6
1056 4155 1373 4228 νομομαθὴς
1403 4145 1557 4219 οὗτος
1605 4154 1745 4226 ἀνὴρ
1777 4155 1873 4208 καὶ

292 4252 359 4305 τὰ
384 4250 555 4322 κέρδη
592 4249 794 4315 πάντα,
822 4241 904 4312 οἷς
933 4246 1263 4318 ἐσεμνύνετο
1303 4246 1590 4320 πρότερον,
1624 4245 1873 4301 σκύσαλα

292 4343 593 4414 ἡγούμενος
630 4342 722 4395 διὰ
766 4340 858 4394 τὸν
904 4340 1140 4412 Χριστὸν
1163 4380 1179 4406 ,
1223 4338 1390 4408 Μηδὲ
1439 4336 1873 4409 ἐκπειράζωμεν

292 4433 396 4508 τὸν
417 4434 700 4503 Χριστὸν,
732 4432 888 4504 φησι,
943 4430 1141 4499 καθὼς
1169 4432 1270 4486 καί
1299 4446 1459 4500 τινες
1479 4431 1679 4486 αὐτῶν
1708 4431 1873 4485 ἐπεί-

288 4537 510 4591 ρασαν.
539 4521 721 4585 Τίνες,
745 4520 780 4593 ἦ
803 4520 965 4591 δῆλον
995 4523 1076 4575 ὅτι
1097 4523 1126 4576 6
1162 4519 1549 4593 Ἰσραηλιτικὸς
1576 4521 1737 4589 λαός;
1765 4522 1875 4575 Καὶ

294 4614 415 4669 τίνα
442 4614 513 4669 τά
547 4614 803 4685 ἐπίχειρα
828 4630 843 4680 ;
878 4612 1019 4667 ’Υπὸ
1042 4614 1151 4667 τῶν
1176 4614 1355 4684 ὃφεων
1376 4613 1677 4668 ἀπώλοντο.
1708 4614 1873 4667 ’Ὥστε

296 4707 721 4778 ὲκπειράζοντες
742 4708 835 4760 τὸν
858 4708 917 4761 ὲν
943 4706 1023 4779 τῷ
1056 4708 1206 4779 νόμῳ
1236 4707 1391 4772 Θεὸν,
1424 4705 1514 4761 διὰ
1540 4707 1636 4761 τοῦ
1662 4706 1876 4779 Πατρὸς

1973 3508 2139 3582 igitur
2188 3509 2305 3565 hic
2340 3519 2425 3566 est
2467 3509 2665 3576 malus,
2722 3511 2818 3566 ubi
2871 3511 2999 3566 mali
3048 3511 3305 3581 principii
3367 3510 3556 3582 opus?

1972 3601 2065 3657 ubi
2097 3602 2245 3673 leges
2273 3602 2536 3673 oppositae
2583 3602 2791 3673 partis?
2837 3615 2963 3657 cum
3013 3603 3250 3673 pepulus
3283 3602 3555 3657 Mosaicus

1971 3704 2027 3752 et
2054 3694 2323 3766 spirituali
2351 3694 2476 3751 cibo
2504 3695 2746 3751 nutritus
2793 3695 2883 3762 sit,
2914 3699 2969 3751 et
2995 3693 3333 3767 spiritualem
3363 3702 3554 3766 potum

1972 3785 2174 3841 biberit
2204 3801 2270 3841 ex
2304 3786 2602 3842 comitante
2630 3795 2685 3843 et
2711 3786 3037 3857 insequente
3066 3796 3242 3857 petra.
3289 3802 3410 3857 qua:
3437 3793 3557 3840 erat

1971 3876 2267 3935 Christus?
2309 3874 2517 3935 Deinde
2572 3891 2760 3935 rursus
2795 3878 2938 3935 idem
2990 3877 3075 3933 vir
3114 3879 3291 3951 legem
3337 3878 3553 3944 doetus,

1972 3981 2136 4042 atque
2170 3971 2352 4027 omnia
2382 3970 2494 4036 illa,
2525 3972 2724 4043 quibus
2749 3972 2878 4028 olim
2904 3969 3256 4039 efferebatur,
3288 3988 3389 4043 pro
3418 3972 3559 4043 reje-

1974 4064 2141 4119 ctiliis
2194 4065 2477 4121 declarans
2539 4077 2762 4136 prepter
2799 4065 3102 4132 Christum,
3145 4065 3225 4121 Ne
3277 4076 3556 4127 tentemus,

1975 4155 2173 4227 inquit,
2206 4154 2493 4221 Christum,
2527 4158 2663 4211 sicut
2702 4154 2943 4211 nonnulli
2973 4173 3153 4213 eorum
3192 4166 3459 4212 tentarunt
3488 4158 3556 4212 ¹².

1975 4246 2208 4317 Quinam
2262 4249 2381 4303 illi?
2411 4266 2595 4305 nonne
2649 4249 2943 4306 lsraelitaz?
2994 4250 3128 4316 Qua:
3183 4267 3313 4307 vero
3364 4267 3557 4307 eorum

1975 4349 2133 4395 erant
2195 4340 2461 4409 praemia?
2505 4336 2585 4394 Ex
2636 4341 2983 4411 serpentibus
3039 4341 3316 4411 peribant.
3373 4340 3559 4411 Itaque

1975 4428 2073 4499 illi,
2114 4432 2205 4503 qui
2253 4432 2425 4487 Deum
2459 4430 2515 4487 in
2560 4433 2680 4505 lege
2724 4442 3051 4504 prazsentem
3103 4434 3410 4499 tentabant,
3462 4450 3562 4504 per

1976 4523 2194 4580 Patrem
2228 4525 2391 4581 etiam
2438 4523 2637 4580 Filium
2674 4524 2795 4596 ejus
2827 4525 3117 4580 Dominum
3150 4534 3402 4580 nostrum
3436 4534 3562 4579 ten-
3646 4554 3679 4589 ,-

1980 4626 2188 4671 larunt.
2225 4614 2483 4672 Tentavit
2516 4616 2663 4671 enim
2698 4616 2933 4688 populus
2980 4615 3315 4671 lsraeliticus
3341 4614 3562 4684 legisla-

1978 4715 2156 4769 torem
2206 4725 2402 4778 suum;
2449 4718 2504 4764 et
2556 4709 2778 4775 Paulus,
2832 4724 3034 4780 gnarus
3084 4707 3201 4777 ipse
3252 4715 3309 4761 et
3370 4705 3560 4759 doctor

298 4800 593 4873 ἐπείραζον
623 4801 719 4854 καὶ
744 4799 837 4854 τὸν
864 4800 993 4854 Υίὸν
1017 4799 1187 4854 αὑτοῦ
1214 4800 1306 4854 τὸν
1341 4800 1547 4872 Κύριον
1571 4799 1729 4872 ἡμῶν
1763 4801 1871 4872 ’1η-

1978 4805 2386 4879 mysteriorum,
2435 4801 2726 4871 imperium
2769 4799 2948 4855 Patris
2976 4806 3032 4853 et
3061 4796 3183 4851 Filii
3228 4792 3563 4850 indivisibile

297 4891 425 4945 σοῦν
478 4891 739 4963 Χριστόν.
794 4890 1086 4962 Ἐπείραζε
1144 4891 1244 4963 μὲν
1281 4893 1391 4964 γάρ
1437 4892 1466 4946 6
1529 4890 1874 4963 ἰσραηλίτης

295 4982 423 5046 λαὸς
450 4982 545 5035 τὸν
568 4982 867 5055 νομοθέτην
895 4982 1086 5049 αὑτοῦ,
1116 4983 1361 5055 ἄτμητον
1378 4983 1436 5037 δὲ
1466 4983 1565 5054 τὴν
1596 4982 1875 5054 βασιλείαν

296 5075 391 5129 καὶ
421 5074 701 5147 ἄρρηκτον
732 5074 827 5129 τοῦ
873 5075 1085 5146 Πατρὸς
1141 5076 1236 5130 καὶ
1272 5075 1366 5129 τοῦ
1405 5075 1533 5129 Υίοῦ
1575 5076 1605 5129 6
1668 5076 1880 5147 μύστης

300 5169 397 5222 καὶ
438 5166 805 5237 μυσταγωγὸς
842 5167 952 5221 τῶν
984 5168 1341 5240 ἀπορρήτων,
1377 5167 1535 5232 εἰδὼς
1560 5168 1618 5221 ὲν
1650 5167 1729 5241 τῷ
1760 5186 1881 5221 πει-

296 5262 563 5335 ράζεσθαι
590 5261 682 5315 τὸν
710 5261 806 5315 τοῦ
838 5262 1046 5331 ἀγαθοῦ
1105 5264 1304 5326 Παιδὸς
1343 5264 1566 5336 Πατέρα
1600 5264 1755 5329 Θεὸν,
1788 5264 1882 5318 καὶ⁵

294 5354 391 5406 τὸν
431 5352 671 5423 Χριστὸν
720 5352 1080 5420 πειράζεσθαι
1131 5353 1476 5408 διατείνεται.
1522 5354 1610 5418 Ὧς
1669 5355 1727 5406 ὲν
1780 5372 1878 5408 πο-

298 5445 568 5518 ρίσματος
605 5444 862 5518 δὲ’μοίρᾳ
894 5446 1209 5511 ἐπισκόπει,
1228 5447 1312 5500 ὅτι
1340 5448 1435 5501 καὶ
1476 5446 1692 5519 πληγὴν
1718 5448 1883 5511 εὐθὺς

296 5538 512 5609 ἀφῆκεν
542 5539 573 5591 6
612 5537 848 5609 Χριστὸς
877 5538 1019 5593 κατὰ
1062 5538 1170 5593 τῶν
1220 5539 1667 5610 ὲκπειρασάντων
1718 5540 1881 5594 αὐτὸν

293 5627 393 5683 τὸν
429 5627 520 5681 διὰ
545 5627 654 5682 τῶν
683 5627 861 5698 haec»)
890 5627 1131 5699 ὸλεθρον.
1163 5630 1273 5683 Καὶ
1296 5629 1502 5697 ταύτην
1526 5630 1753 5701 ὲπάγων
1774 5633 1875 5687 οὐκ

1976 4909 2032 4955 et
2059 4897 2368 4954 inviolabile
2418 4910 2540 4950 esse
2588 4906 2909 4964 persuasus,
2960 4888 3263 4951 contendit,
3304 4902 3371 4943 eo
3420 4886 3560 4957 ipso,

1977 5007 2087 5063 quo
2115 4989 2246 5046 boni
2296 4987 2420 5044 Filii
2453 4986 2612 5042 Pater
2640 4984 2784 5041 Deus
2807 4991 3045 5039 tentatus
3069 4980 3165 5045 sit,
3197 4979 3364 5035 etiam
3405 4977 3566 5035 Chri-

1982 5095 2096 5136 tum
2126 5095 2250 5135 esse
2292 5086 2583 5134 tentatum.
2633 5071 2968 5131 Consectarii
3017 5084 3147 5126 vero
3176 5071 3351 5126 instar
3378 5068 3565 5125 ethoc

1980 5188 2137 5244 cape,
2158 5171 2303 5243 quod
2342 5169 2593 5225 Christus
2618 5165 2800 5221 statim
2830 5167 2999 5236 plaga
3050 5162 3170 5219 loco
3202 5161 3329 5226 illis,
3384 5159 3477 5231 qui
3505 5175 3565 5216 se

1980 5272 2342 5331 tentaverant,
2401 5260 2691 5317 immiserit
2722 5256 3020 5327 perniciem
3068 5270 3133 5309 ex
3192 5252 3559 5323 serpentibus.

1980 5357 2134 5414 lianc
2159 5372 2289 5412 vero
2343 5353 2448 5409 illis
2482 5353 2730 5422 irrogans
2776 5363 3019 5403 amorem
3072 5346 3126 5400 in
3169 5343 3421 5399 homines
3449 5357 3561 5397 non

1981 5450 2209 5507 dimisit.
2232 5446 2371 5503 Alibi
2410 5446 2577 5517 (idem
2610 5439 2927 5512 Apostolus)
2972 5446 3222 5504 testatur,
3264 5437 3563 5509 prophetas

1980 5557 2045 5598 ex
2074 5540 2333 5597 mandato
2387 5537 2577 5593 interni
2612 5535 2707 5591 Dei
2741 5536 2951 5590 locutos
2986 5546 3129 5597 esse,
3195 5540 3251 5584 et
3295 5540 3363 5583 ex
3430 5538 3562 5580 vero

1983 5633 2379 5706 praenuntiasse
2435 5630 2752 5703 mysterium
2783 5638 2909 5685 ante
2951 5620 3147 5685 saecula
3181 5619 3564 5687 constitutum,

373 5806 399 5843 ²
426 5808 446 5864 ι
476 5808 602 5868 Cor.
636 5826 709 5879 ιι,
737 5810 793 5866 8.
868 5811 889 5843 ⁸
919 5808 1054 5869 ibid.
1083 5809 1137 5866 9.
1214 5813 1233 5845 ’
1260 5810 1390 5867 ibid.
1421 5810 1506 5865 l5.
1582 5810 1627 5843 ‘°
1654 5828 1672 5865 ι
1700 5810 1826 5868 Cor.
1862 5826 1916 5880 ι,
1949 5812 2002 5869 5.
2083 5812 2125 5846 “
2168 5810 2299 5869 ibid.
2324 5808 2380 5865 6.
2467 5806 2509 5898 ’f
2540 5807 2670 5864 ibid.
2706 5808 2760 5865 9.
