4110 6398
564 394 666 461 143

1730 395 1994 456 ΡΠΟΤΙΙ
2033 390 2542 452 ΡΛΤΙῖῐΑΙῖΟΙ-ῙΛΞ
2577 391 2687 451 CP.

3723 393 3821 462 144

559 506 704 576 quod
762 505 1103 579 principatus
1150 518 1205 564 ct
1262 515 1563 579 potestates
1613 507 1825 577 mundi,
1863 507 2134 577 ipsumque

2253 501 2535 574 ἀφῄρηται
2573 502 2636 556 τὸ
2681 500 3083 574 φιλάνθρωπον.
3125 501 3384 574 ’Δλλαχοῦ
3421 503 3478 558 δὲ
3501 503 3664 560 πάλιν
3705 495 3826 558 κατ⁴

558 597 696 652 adeo
743 599 933 654 mundi
975 599 1264 655 Dominum
1311 599 1554 656 latuerit.
1619 599 1907 666 Quomodo
1963 599 2144 668 itaque

557 689 838 759 prophetae.
869 701 965 746 aut
1009 692 1093 747 lex
1131 709 1162 748 a
1213 693 1357 748 malo
1413 693 1662 763 inspirati
1717 707 1840 747 esse
1889 701 2142 762 possunt,

556 783 1000 853 quandoquidem
1039 784 1116 840 illi
1151 784 1589 856 pr;cnuntiarunt
1619 784 1961 856 mysterium,
1997 782 2142 854 quod

557 873 861 930 artiﬁcibus
894 871 1073 930 omnis
1096 875 1390 946 impietatis
1419 875 1522 930 fuit
1553 875 1971 931 absconditum?
1999 875 2142 928 Rur-

557 980 650 1019 sus
686 965 808 1020 aliis
849 965 902 1020 in
948 965 1082 1021 locis
1109 967 1360 1021 eumdem
1397 967 1593 1034 Deum,
1625 982 1737 1021 non
1787 982 1918 1022 vero
1973 965 2141 1020 alium

557 1065 721 1126 atque
748 1057 939 1123 alium,
966 1056 1095 1112 olim
1125 1073 1223 1128 per
1254 1059 1572 1130 prophetas,
1635 1059 1851 1114 tandem
1882 1073 2014 1114 vero
2046 1073 2145 1129 per

559 1148 755 1204 Filium
779 1159 1006 1206 testatur
1035 1151 1272 1208 locutmn
1317 1173 1330 1208 :
1368 1153 1720 1224 Multifariam
1753 1154 1923 1217 cnim,
1960 1153 2057 1219 ait,
2093 1162 2144 1208 et

559 1241 736 1296 multis
761 1243 928 1297 modis
945 1240 1079 1297 'olim
1114 1244 1255 1298 Deus
1284 1245 1525 1314 patribus
1561 1246 1753 1298 nostris
1781 1262 1874 1315 per
1915 1246 2141 1316 prop/te-

556 1345 638 1389 tas
671 1335 896 1397 locutus,
932 1335 1139 1391 ultimis
1179 1337 1359 1391 diebus
1375 1338 1456 1391 his
1483 1354 1577 1409 per
1607 1338 1802 1391 Filium
1832 1337 2038 1392 locutus
2067 1347 2143 1392 est

555 1427 698 1480 nobis
723 1428 786 1481 η.
828 1428 1002 1497 Idem,
1032 1429 1280 1500 inquam,
1315 1446 1423 1485 non
1464 1431 1605 1485 alius
1637 1441 1800 1500 atque
1826 1428 1987 1484 alius.
2037 1428 2142 1496 Qui

445 1523 450 1530 ‘
554 1518 718 1588 igitur
748 1516 960 1574 Novum
999 1520 1410 1576 Testamentum
1437 1537 1536 1592 per
1570 1519 1768 1576 Filium
1796 1521 2001 1577 mundo
2036 1521 2142 1575 lar-

553 1611 698 1681 gitus
736 1620 843 1678 est,
897 1613 1066 1680 idem,
1113 1613 1270 1683 juxta
1315 1613 1565 1680 Paulum,
1601 1613 1716 1685 qui,
1753 1613 1801 1670 si
1831 1614 1956 1685 quis
1978 1613 2139 1683 alius,

551 1702 734 1758 divina
757 1703 1008 1770 callebat,
1041 1704 1279 1760 et-Vctus
1311 1723 1409 1777 per
1439 1705 1733 1776 prOphetas
1760 1705 1964 1761 sanxit.
1991 1704 2140 1772 Quo-

553 1795 716 1850 modo
748 1795 933 1867 itaque
983 1797 1282 1852 errantium
1325 1797 1492 1854 factio
1529 1799 1694 1853 alium
1719 1797 1942 1869 quidem
1972 1797 2138 1864 illius,

2247 596 2517 668 ἐπιταγὴν
2544 596 2638 651 τοῦ
2670 596 2892 652 αἰωνίου
2922 597 3058 651 Θεοῦ
3079 637 3094 661 ,
3129 599 3224 652 καὶ
3255 599 3428 653 εἰπεῖν
3461 598 3589 663 τοὺς
3617 604 3825 670 προφή-

2244 704 2345 752 τας
2373 687 2829 760 διαμαρτύρεται,
2862 689 2958 744 καὶ
2985 689 3234 760 ἀψευδῶς
3255 689 3601 762 προκηρύξαι
3631 693 3692 744 τὸ
3721 691 3826 761 πρὸ

2246 779 2458 833 αἰώνων
2495 781 2826 851 μυστήριον,
2861 781 2890 834 ὃ
2929 781 3028 845 τὰς
3067 779 3318 846 ἐξουσίας
3363 780 3456 834 τοῦ
3491 781 3701 853 κόσμου
3732 783 3827 837 καὶ

2246 873 2410 928 αὐτὸν
2435 874 2648 930 διέλαθε
2674 873 2764 928 τὸν
2789 853 3245 945 Κοσμοκρᾶτορα.
3273 875 3384 927 Καὶ
3405 873 3520 939 πῶς
3545 874 3611 928 ἂν
3637 876 3825 945 εῐησαν

2245 970 2292 1020 οἱ
2335 967 2615 1039 προφῆται
2653 969 2685 1040 ἢ
2718 969 2746 1022 ὁ
2795 967 2960 1038 νόμος
2989 966 3280 1032 ἐπιπνοίας
3309 969 3557 1040 πονηρᾶς
3580 1009 3594 1034 ,
3625 968 3825 1022 ὁπόταν

2244 1052 2389 1125 οὗτοι
2426 1059 2528 1131 μὲν
2558 1060 2968 1132 προεκήρυττον
2990 1059 3052 1113 τὸ
3081 1061 3408 1132 μυστήριον,
3440 1061 3540 1130 τῆς
3572 1060 3628 1114 δὲ
3659 1076 3823 1131 πονη-

2249 1150 2368 1224 ρίας
2398 1150 2582 1223 πάσης
2613 1151 2712 1224 τὴν
2741 1151 3156 1224 μηχανουργίαν
3185 1150 3530 1220 διελάνθανες
3573 1151 3743 1206 Πάλιν
3769 1152 3825 1205 δὲ

2245 1244 2340 1299 καλ⁹
2372 1245 2430 1297 ἐν
2465 1244 2644 1308 ἄλλοις
2677 1244 2840 1298 αὑτὸν
2876 1245 3009 1299 Θεὸν
3044 1245 3139 1300 καὶ
3177 1245 3279 1300 οὐκ
3308 1244 3466 1298 ἄλλον
3493 1244 3588 1300 καὶ
3627 1245 3786 1298 ἄλλον
3806 1286 3824 1310 ,

2245 1334 2414 1389 πάλαι
2442 1335 2542 1406 μὲν
2567 1336 2625 1390 ἐν
2645 1338 2755 1400 τοῖς
2783 1337 3092 1408 προφήταις
3108 1336 3540 1408 διαμαρτύρεται
3568 1335 3822 1408 λαλῆσαι,

2245 1423 2472 1499 ὕστερον
2497 1429 2554 1482 δὲ
2587 1428 2646 1482 ἐν
2674 1428 2749 1501 τῷ
2793 1428 2928 1499 Υίῷ.
2967 1426 3327 1498 Πολυμερῶς
3355 1428 3492 1502 γὰρ,
3527 1430 3697 1500 φησὶ,
3726 1430 3824 1484 καί

2243 1520 2636 1588 πολυτρόπως
2665 1519 2852 1574 πάλαι
2884 1523 2918 1575 ὁ
2957 1521 3100 1588 Θεὸς
3123 1520 3408 1590 λαλήσας
3435 1519 3560 1590 τοῖς
3601 1522 3824 1592 πατρά-

2242 1627 2349 1666 σιν
2377 1612 2447 1666 ἐν
2476 1612 2602 1682 τοῖς
2631 1612 2988 1684 προφήταις,
3022 1611 3116 1668 ἐπ’
3145 1612 3412 1683 ἐσχάτου
3436 1613 3559 1670 τῶν
3586 1617 3826 1686 ἡμερῶν

2242 1703 2810 1774 τούτων-ἐλάλησεν
2838 1705 2985 1775 ἡμῖν
3011 1705 3082 1760 ἐν
3105 1705 3234 1772 Υίῷο
3285 1707 3314 1760 ὁ
3342 1705 3527 1774 αὐτὸς,
3557 1707 3673 1762 ἀλλ’
3722 1710 3824 1763 οὐκ

2241 1795 2402 1860 ἄλλος
2430 1796 2526 1850 καὶ
2552 1795 2808 1861 ἄλλος.ὐ
2837 1792 2930 1852 οὗν
2961 1797 3064 1870 τὴν
3096 1796 3308 1869 Καινὴν
3345 1799 3625 1870 Διαθήκην
3663 1801 3721 1854 ὲν
3747 1801 3826 1872 τῷ

553 1886 725 1941 alium
760 1902 890 1942 vero
924 1885 1086 1955 Novi,
1136 1889 1502 1961 lcgislatorem
1553 1898 1612 1946 et
1645 1889 1819 1946 Deum
1851 1889 2043 1962 ﬁngit?
2079 1889 2134 1944 Si

2241 1883 2358 1955 Υἱῷ
2399 1889 2767 1956 χαρισάμενος
2803 1885 2881 1958 τῷ
2915 1887 3125 1958 κόσμῳ,
3170 1887 3198 1939 ὁ
3235 1887 3402 1951 αὐτὸς
3447 1889 3590 1944 κατὰ
3634 1893 3726 1944 τὸν
3753 1892 3824 1945 τὰ

551 1993 686 2033 vero
745 1979 909 2033 etiam
952 1979 1020 2033 ab
1063 1979 1221 2035 initio
1251 1989 1454 2036 terram
1494 1980 1741 2037 fundavit
1787 1980 1952 2050 Deus,
1995 1980 2138 2036 sicut

554 2069 699 2125 idem
749 2069 1136 2142 mysteriorum
1182 2087 1387 2143 gnarus
1430 2079 1486 2128 et
1545 2072 1736 2128 doctor
1781 2072 2137 2143 scriptionem

554 2161 696 2216 hanc
735 2176 949 2216 sacram
978 2159 1250 2234 obsignat,
1282 2172 1338 2219 et
1361 2162 1487 2219 caali
1514 2178 1680 2234 opera
1727 2179 1992 2219 manuum
2019 2163 2139 2233 ejus

550 2263 679 2309 sunt
736 2252 884 2326 (nam
918 2252 1165 2323 Davidis,
1207 2255 1300 2325 qui
1347 2254 1444 2312 Dei
1490 2265 1647 2327 pater
1692 2265 1798 2322 est,
1861 2258 2137 2312 canticum

551 2345 822 2403 adhibens
852 2347 1076 2417 suisque
1106 2346 1357 2419 cogitatis
1397 2356 1644 2406 attexens
1683 2347 1816 2404 illud
1841 2363 1872 2404 a
1908 2347 2019 2404 Deo
2049 2348 2136 2402 in-

550 2437 814 2508 spiratum
826 2453 949 2493 esse
971 2438 1170 2510 innuit)
1196 2457 1210 2508 ;
1226 2439 1499 2510 quomodo
1515 2439 1853 2495 defectorum
1874 2439 2138 2496 colluvies

551 2526 687 2583 falso
756 2528 1001 2598 quidem,
1065 2519 1163 2586 sed
1210 2541 1390 2586 tamen
1455 2540 1678 2586 externa
1747 2531 1949 2603 specie,
2017 2531 2136 2588 haec

549 2620 941 2691 praedicantem
963 2617 1247 2678 doctorem
1279 2639 1440 2680 suum
1473 2625 1766 2696 appellare
1823 2640 1935 2680 non
1976 2641 2136 2680 vere—

550 2713 674 2768 tur?
705 2711 950 2784 Namque
973 2715 1041 2768 ab
1071 2731 1138 2770 co
1163 2718 1346 2772 vocari
1387 2733 1448 2773 se
1485 2717 1696 2780 volunt,
1721 2718 1814 2788 qui
1845 2725 1902 2772 et
1929 2732 1996 2772 eo
2019 2719 2138 2788 ipso

541 2819 578 2859 -a
612 2805 728 2877 lege
747 2807 870 2877 ejus
893 2807 1182 2863 recedunt.
1220 2809 1361 2864 Num
1405 2809 1553 2864 enim
1591 2808 1794 2865 Paulus
1841 2810 2137 2866 cruciﬁxus

547 2907 633 2953 cst
665 2912 765 2968 pro
797 2899 979 2966 nobis,
1037 2910 1133 2956 aut
1168 2886 1300 2956 nunt
1335 2901 1389 2956 in
1419 2901 1569 2958 Pauli
1618 2919 1821 2958 nomen
1876 2903 2134 2974 baptizati

549 2993 785 3048 sumus?
812 2994 938 3063 Aut,
969 2995 1124 3066 (num
1152 2995 1336 3051 dicere
1382 2997 1565 3067 licet?)
1626 2997 1736 3068 Ego
1781 2997 1989 3068 quidem
2017 3014 2148 3074 sum

546 3083 735 3152 Pauli,
764 3101 857 3157 ego
891 3086 1100 3156 Apollo,
1133 3100 1227 3160 ego
1285 3103 1406 3144 vero
1457 3086 1679 3158 Cephw:
1743 3089 2006 3144 divisusne
2059 3099 2134 3144 est

540 3175 786 3232 'Christus
812 3179 896 3233 "?
927 3179 998 3233 At
1015 3178 1300 3235 enimvero
1331 3181 1603 3247 homines,
1651 3182 1742 3253 qui
1787 3183 1950 3238 etiam
1992 3191 2130 3249 tum,

559 3268 643 3324 ,ιὺί
660 3269 909 3340 speciose
931 3270 1250 3342 loquuntur,
1288 3288 1571 3329 sermones
1600 3290 1749 3341 suos,
1795 3276 1862 3331 ad
1895 3275 2132 3347 gravita-

541 3368 662 3414 ‘tcm
710 3362 1066 3432 compositos,
1125 3365 1437 3422 actionibus
1463 3366 1778 3438 deturpant,
1819 3369 1885 3422 ad
1928 3383 2133 3423 nomen

549 3455 890 3528 confugiunt,
922 3465 981 3512 ut
1002 3457 1234 3514 dedecus
1271 3459 1498 3524 evitent,
1533 3457 1588 3512 in
1616 3459 1762 3530 quod
1790 3473 1886 3514 eos
1907 3458 2134 3528 conjicit

549 3549 635 3603 vel
661 3548 837 3604 solum
861 3549 1007 3605 illius
1033 3566 1261 3617 nomen,
1285 3566 1450 3622 quem
1484 3551 1690 3606 erroris
1715 3551 1920 3607 habent
1943 3560 2132 3606 aucto-

545 3655 685 3694 rem.
718 3641 785 3696 At
808 3642 1084 3712 quomodo
1108 3659 1221 3697 non
1255 3643 1672 3699 confunduntur
1696 3643 1983 3710 homines,
2013 3642 2130 3713 qui,

549 3729 718 3784 Paulo
744 3747 876 3786 voce
908 3732 1167 3788 Davidica
1221 3734 1343 3789 (ξαιιί
1376 3744 1431 3788 et
1462 3742 1622 3791 terra:
1648 3734 2003 3791 Conditorem
2033 3751 2133 3790 ve-

548 3838 671 3878 rum
703 3833 758 3879 et
786 3825 988 3879 bonum
1021 3826 1193 3880 Deum
1222 3841 1342 3881 esse
1375 3827 1734 3896 praedicante,
1796 3828 1964 3882 alium
2005 3828 2132 3899 qui-

547 3916 672 3970 dem
714 3917 858 3981 coeli,
913 3917 1079 3971 alium
1127 3927 1287 3973 terra:
1339 3919 1681 3974 conditorem
1727 3935 1850 3975 esse
1887 3920 2129 3988 tradunt,

548 4023 727 4078 neque
758 4007 989 4064 audiunt
1017 4009 1134 4064 haec
1157 4011 1518 4065 clamantem:
1556 4010 1744 4066 Decuit
1769 4028 1908 4079 eum,
1942 4013 1994 4067 id
2024 4021 2128 4079 est,

551 4100 785 4166 Patrem,
849 4112 1063 4172 propter
1090 4119 1243 4173 quem
1273 4104 1473 4171 omnia,
1531 4112 1579 4157 et
1610 4120 1704 4172 per
1732 4121 1885 4175 quem
1926 4106 2127 4172 omnia,

547 4203 710 4263 atque
744 4193 847 4248 hoc
874 4193 990 4264 ipso
1022 4209 1130 4249 non
1156 4195 1376 4264 quidem
1401 4195 1786 4265 quorumdam,
1823 4195 2129 4267 aliquorum

550 4300 680 4339 vero
708 4300 816 4338 non
853 4283 1006 4351 item,
1057 4285 1154 4341 sed
1183 4286 1427 4341 omnium
1458 4286 1618 4342 simul
1660 4287 2013 4344 Conditorem
2045 4305 2129 4346 re-

549 4376 926 4431 nuntiantem?
946 4377 1103 4433 Unde
1130 4393 1260 4434 vero
1293 4389 1536 4450 apparet,
1556 4379 1702 4450 quod
1723 4380 1790 4436 de
1825 4379 1985 4436 Patre
2013 4381 2130 4435 haec

547 4471 838 4542 loquatur?
889 4469 1050 4527 Certe
1101 4473 1412 4541 verborumf
1460 4473 1632 4528 series
1700 4474 1924 4529 exhibet
1984 4491 2126 4539 cum,

2159 3223 2202 3282 C

2240 1975 2380 2040 Θεῖα,
2410 1977 2572 2048 εἴπερ
2608 1994 2693 2042 τις
2725 1977 2904 2044 ἄλλος,
2938 1978 3125 2048 σοφὸν,
3159 1983 3252 2033 καί⁵
3281 1981 3339 2033 ὲν
3370 1981 3484 2044 τοῖς
3511 1982 3823 2052 προφήταις

2237 2067 2446 2122 διέθετο
2476 2069 2579 2142 τὴν
2625 2070 2892 2125 Παλαιὰν.
2929 2072 3042 2124 Καὶ
3088 2071 3207 2137 πῶς
3239 2073 3273 2144 ή
3307 2071 3486 2143 πλάνη
3517 2072 3677 2127 ἄλλον
3724 2074 3824 2144 μὲν

2239 2160 2477 2231 ἐκείνης,
2497 2161 2685 2233 ἕτερον
2708 2162 2762 2216 δὲ
2783 2162 2881 2232 τῆς
2907 2163 3136 2234 Καινῆς,
3168 2163 3502 2218 ἀναπλάττει
3525 2163 3824 2235 νομοθέτην

2240 2251 2336 2305 καὶ
2366 2251 2533 2319 Θεόν;
2565 2253 2627 2307 El
2660 2253 2718 2307 δὲ
2749 2254 2842 2308 καὶ
2876 2253 2997 2308 κατ’
3027 2254 3204 2326 ἀρχὰς
3236 2255 3334 2328 μὲν
3368 2254 3470 2327 τὴν
3501 2255 3605 2326 γῆν
3647 2257 3675 2309 ὁ
3708 2254 3821 2308 Κύ-

2243 2361 2355 2413 ριος
2373 2343 2756 2414 ἐθεμελίωσεν,
2782 2345 2857 2410 ὡς
2881 2346 2909 2398 ὁ
2932 2346 3092 2409 αὐτὸς
3118 2346 3331 2418 μύστης
3357 2349 3465 2402 τῶν
3489 2344 3821 2420 ἀπορρήτων

2240 2437 2336 2490 καὶ
2379 2439 2736 2508 μυσταγωγὸς
2774 2439 2980 2511 ταύτην
3011 2439 3110 2513 τὴν
3159 2441 3309 2510 ίερὰν
3360 2441 3821 2512 ὲπισφραγίζεται

2238 2513 2486 2600 Γραςρὴν,⁵
2521 2531 2614 2584 καὶ
2643 2529 2780 2601 ἔργα
2824 2529 2932 2583 τῶν
2961 2531 3165 2603 χειρῶν
3192 2531 3357 2586 αὑτοῦ
3390 2533 3530 2586 εἰσιν
3563 2535 3611 2586 ol
3653 2532 3821 2604 ούραε

2238 2621 2321 2675 νο).
2353 2621 2483 2692 (καὶ
2511 2621 2622 2693 γὰρ
2649 2622 2749 2692 τὴν
2772 2621 2868 2675 τοῦ
2901 2621 3232 2694 θεοπάτορος
3269 2623 3380 2696 ('58)
3417 2623 3686 2696 μελῳδίαν
3723 2625 3819 2678 λα-

2237 2712 2369 2780 ϐὼν,
2392 2712 2619 2778 καὶτοῖς
2645 2714 2870 2778 οἰκείοις
2889 2715 3193 2785 ὲνυφαίνων
3217 2716 3451 2788 νοήμασι
3476 2715 3538 2770 τὸ
3568 2715 3820 2769 Θεόπνευ-

2239 2821 2363 2859 στον
2420 2805 2636 2877 ἐκείνης
2685 2806 2952 2878 βεϐαιοῖ),
3006 2807 3123 2871 πῶς
3170 2808 3271 2862 ούκ
3321 2807 3672 2880 αἰσχύνονται
3719 2808 3820 2878 τῆς

2237 2897 2579 2961 ἀποστασίας
2632 2899 2693 2951 τὸ
2752 2899 3072 2970 σύνταγμα,
3107 2901 3284 2955 καίτοι
3330 2899 3539 2971 ψευδῶς
3577 2900 3705 2973 μὲν,
3741 2901 3817 2954 δι-

2235 2991 2504 3044 δάσκαλον
2543 2991 2600 3046 δὲ
2639 2991 2811 3062 ὅμως,
2851 2992 2942 3046 τὸν
2974 2989 3149 3047 ταῦτα
3191 2991 3542 3066 κηρύσσοντα
3585 2993 3815 3064 ὐποκρι-

2234 3083 2452 3154 νόμενοι
2483 3083 2704 3150 καλεῖν;
2745 3084 2853 3137 Καὶ
2891 3083 3000 3158 γὰρ
3031 3086 3430 3157 ἐπιγράφονται
3459 3085 3649 3140 τοῦτον
3679 3087 3812 3157 (59),

2237 3174 2569 3247 πράττοντες
2600 3175 2700 3247 μὲν
2721 3176 2815 3230 καὶ
2837 3175 2995 3230 τοῦτο
3024 3178 3176 3248 παρὰ
3201 3179 3293 3232 τὸν
3322 3179 3484 3249 νόμον
3512 3177 3703 3232 αὑτοῦ.
3725 3179 3814 3248 Μὴ

2235 3269 2343 3340 γὰρ
2371 3269 2582 3332 Παῦλος
2618 3269 2936 3340 ἐσταυρώοη
2971 3270 3113 3342 ὑπὲρ
3152 3271 3332 3343 ήμῶν,
3372 3271 3405 3341 ἢ
3439 3273 3520 3336 είς
3559 3271 3618 3325 τὸ
3647 3271 3813 3340 ὄνομα

2235 3360 2447 3415 Παύλου
2494 3361 2930 3433 ἐϐαπτίσθημεν;
2955 3363 3234 3432 καὶ,ἘΊὼ
3259 3365 3377 3434 μέν
3401 3367 3517 3435 εἶμι
3547 3366 3810 3431 Παύλου,

2233 3456 2348 3526 ἐγὼ
2375 3455 2444 3509 δὲ
2477 3455 2684 3525 Κηφᾶ·
2719 3455 3069 3527 μεμέρισται
3101 3462 3136 3512 ὁ
3164 3461 3420 3528 Χριστός
3439 3476 3458 3524 ;
3489 3459 3638 3530 Πλὴν
3678 3459 3812 3512 ἀλλὰ

2233 3548 2331 3601 καὶ
2360 3551 2417 3602 ἐν
2441 3543 2485 3618 ᾧ
2511 3567 2568 3600 σε
2578 3548 2963 3619 μνολογοῦνται
2995 3550 3086 3603 διὰ
3117 3551 3216 3621 τῆς
3243 3551 3611 3622 παραϐάσεως
3637 3551 3812 3605 αὐτῶν

2233 3642 2550 3715 ὑϐρίζοντες
2573 3643 2634 3695 τὸ
2665 3642 3075 3713 σεμνολόγημα,
3108 3643 3520 3713 καταφεύγουσι
3548 3645 3685 3716 πρὸς
3714 3645 3812 3715 τὴν

2233 3736 2447 3806 κλῆσιν,
2489 3737 2576 3789 ἴνα
2608 3736 2822 3806 φύγωσι
2852 3737 2950 3808 τήν
2981 3736 3263 3810 αἰσχύνην,
3291 3739 3372 3802 εἰς
3398 3739 3464 3810 ἢν
3493 3739 3692 3804 αὐτοὺς
3715 3741 3812 3810 ὲμ-

2235 3830 2440 3894 ϐάλλει,
2467 3830 2563 3883 καὶ
2597 3830 2759 3901 μόνον
2791 3831 2979 3902 ῥηθεὶς
3006 3832 3034 3885 ὁ
3059 3831 3158 3902 τῆς
3189 3831 3530 3895 ἁποστασίας
3559 3832 3810 3885 διδάσκαο

2231 3922 2342 3986 λος.
2380 3922 2541 3976 Ἀλλὰ
2563 3923 2672 3994 γὰρ
2702 3923 2818 3987 πῶς
2843 3925 2904 3976 ού
2932 3923 3324 3990 καταδύονται;
3352 3925 3448 3978 τοῦ
3483 3924 3581 3996 μὲν
3600 3923 3821 3984 Παύλου,

2231 4013 2321 4067 διὰ
2351 4013 2449 4083 τῆς
2478 4013 2768 4085 Δαυῖδικῆς
2801 4015 3022 4084 φωνῆς,
3057 4013 3288 4086 ούρανοῦ
3321 4015 3415 4068 καὶ
3447 4016 3552 4086 γῆς
3583 4019 3808 4085 ποιητὴν

2231 4103 2322 4158 τὸν
2352 4104 2607 4176 ἀληθινὸν
2641 4105 2736 4158 καὶ
2767 4105 2970 4174 ἀγαθὸν
3017 4105 3150 4158 Θεὸν
3179 4105 3630 4172 ὲκδιδάσκοντος,
3661 4109 3807 4159 αὐτοὶ

2230 4194 2482 4261 λέγοντες
2527 4194 2686 4248 ἄλλον
2729 4194 2828 4266 μὲν
2857 4189 2996 4248 εἶναι
3029 4195 3119 4248 τὸν
3151 4195 3383 4265 ούρανοῦ
3415 4196 3670 4268 ποιητὴν,
3714 4199 3803 4262 δη-

2234 4305 2356 4360 μιου
2366 4288 2494 4359 ργὸν
2523 4287 2578 4340 δὲ
2595 4290 2693 4357 τῆς
2714 4285 2818 4357 γῆς
2843 4286 3054 4357 ἓτερον,
3072 4287 3191 4341 οὐδὲ
3216 4285 3379 4340 τοῦτο
3399 4288 3452 4341 δὲ
3473 4289 3806 4350 ἀναϐοῶντος

2231 4383 2492 4454 ἥκουσαν,
2531 4383 2615 4435 ὅτι
2652 4382 2956 4450 Ἔπρεπεν
2985 4379 3177 4447 αὐτῷ,
3212 4381 3458 4434 τουτέστι
3491 4381 3568 4453 τῷ
3616 4381 3803 4452 Πατρῖ,

2229 4473 2304 4528 δι’
2331 4472 2405 4527 ὃν
2434 4474 2506 4528 τὰ
2533 4471 2748 4537 πάντα,
2784 4471 2878 4525 καὶ
2909 4472 2983 4524 δι’
3011 4467 3083 4526 οὗ
3109 4472 3181 4525 τὰ
3213 4471 3434 4536 πάντα,
3462 4474 3611 4537 ὅπως
3637 4475 3694 4526 ού
3725 4481 3803 4525 τι-

544 4566 634 4635 qui
658 4563 794 4633 ﬁlios
827 4563 1017 4619 multos
1083 4565 1140 4618 in
1189 4564 1415 4638 gloriam
1463 4566 1670 4620 duxerit
1709 4567 1893 4620 ducent
1935 4568 2126 4622 salutis

2236 4565 2340 4619 νῶν
2363 4565 2482 4636 μὲν,
2513 4563 2676 4617 τινῶν
2702 4563 2757 4616 δὲ
2782 4562 2866 4627 οὒ,
2898 4562 3034 4615 ἀλλὰ
3067 4563 3282 4616 πάντων
3303 4562 3508 4632 ὁμοίως
3539 4569 3805 4636 Δημιουρ-

545 4670 747 4719 eorum,
766 4670 859 4723 per
881 4656 1148 4725 passiones
1175 4655 1783 4722 consummasse”.Quis
1810 4656 1958 4712 enim
1988 4675 2131 4728 pra:-

546 4757 630 4802 tcr
672 4763 865 4803 verum
910 4747 1078 4802 Deum
1142 4757 1197 4802 et
1250 4745 1464 4802 Patrem
1512 4747 1727 4802 Domini
1777 4749 1950 4804 nostri
1998 4747 2130 4804 Jesu

542 4839 770 4904 Christi,
794 4840 879 4894 vel
901 4839 1100 4894 multos
1121 4839 1260 4893 ﬁlios
1278 4838 1599 4904 introduxit,
1621 4839 1706 4893 vel
1726 4838 1918 4893 ducem
1937 4853 2129 4894 eorum

543 4945 642 5001 per
669 4931 954 5000 passiones
984 4929 1255 5000 perfecit?
1323 4930 1470 4984 Idem
1529 4946 1660 4984 vero
1709 4931 1791 4986 vir
1818 4931 2035 4987 divinus
2074 4943 2131 4988 et

542 5030 785 5084 sanctus,
834 5039 960 5078 cum
1015 5022 1308 5078 Dominum
1348 5033 1596 5077 nostrum
1631 5022 1819 5079 Iesum
1848 5024 2126 5081 Christum

541 5123 734 5170 nosset
759 5116 962 5171 habere
987 5125 1310 5187 potestatem
1340 5126 1395 5172 ct
1416 5116 1704 5188 imperium
1727 5133 1759 5172 a
1781 5117 1940 5174 Patre
1986 5118 2132 5174 indi-

543 5205 742 5271 visum,
777 5207 905 5262 alibi
928 5206 997 5262 de
1015 5221 1082 5262 eo
1111 5210 1228 5263 ait:
1263 5208 1416 5276 Quod
1445 5225 1509 5263 ea:
1539 5209 1672 5280 ipso,
1719 5217 1769 5263 et
1807 5227 1901 5280 per
1931 5212 2127 5281 ipsum,

617 5367 663 5400 "
679 5367 845 5424 llebr.
869 5385 908 5435 ι,
942 5369 994 5424 1.
1071 5367 1386 5436 “1Com,
1425 5368 1514 5436 12,
1549 5369 1638 5424 15.
1716 5369 1762 5401 ⁸⁸
1791 5369 2045 5442 ﬂabra",
2073 5372 2157 5428 l0.

2231 4656 2327 4726 τὸν
2356 4655 2726 4726 καταγγέλλῃ.
2755 4655 2862 4708 Καὶ
2893 4654 3057 4707 πὸοεν
3085 4654 3266 4723 δῆλον,
3303 4655 3387 4707 ὅτι
3416 4657 3545 4726 περὶ
3577 4656 3672 4708 τοῦ
3704 4657 3805 4708 Πα-

2227 4749 2359 4821 τρὺς
2417 4748 2574 4802 τοῦτό
2648 4764 2849 4818 φησινς
2929 4747 2992 4799 'll
3054 4747 3164 4802 τῶν
3233 4749 3498 4819 ῥημάτων
3561 4749 3804 4818 συνέχεια

2230 4843 2494 4912 παριστᾷ,
2525 4838 2799 4906 πολλοὺς
2834 4839 2999 4906 ιιὶοὺς
3029 4842 3111 4905 εἰς
3147 4839 3336 4902 δόξαν
3373 4839 3675 4909 ἀγαγόντα
3706 4839 3806 4890 τὸν

2228 4935 2501 5004 ἀρχηγὸν
2559 4934 2670 5001 τῆς
2722 4933 3019 5001 σωτηρίας
3058 4932 3256 4987 αὐτῶν
3306 4931 3403 4988 διὰ
3450 4932 3806 5002 παθημάτων

2229 5025 2565 5082 τελειῶσαι.
2612 5026 2708 5089 Τίς
2743 5025 2853 5097 γὰρ
2892 5026 3044 5095 παρὰ
3093 5025 3185 5078 τὸν
3227 5024 3481 5096 ἀληθινὸν
3532 5025 3664 5078 Θεὸν
3714 5022 3804 5074 καὶ

2229 5121 2454 5192 Πατέρα
2483 5121 2578 5174 τοῦ
2611 5120 2818 5191 Κυρίου
2842 5119 3000 5189 ήμῶν
3035 5118 3206 5187 Ἰησοῦ
3229 5118 3490 5188 Χριστοῦ,
3520 5119 3557 5191 ἢ
3586 5116 3805 5176 πολλοὺς

2228 5213 2529 5282 εἰσήγαγεν
2555 5211 2726 5275 υίοὺς,
2753 5211 2786 5281 ἦ
2815 5210 2906 5263 τὸν
2931 5210 3172 5280 ἀρχηγὸν
3200 5209 3382 5264 αὐτῶν
3410 5211 3690 5265 ἐτελείωσε
3719 5206 3806 5260 διὰ

1671 5480 1906 5538 VARle
1948 5479 2334 5536 LECTIONES
2371 5478 2460 5534 ET
2499 5477 2728 5534 ΝΟΤΑΞ.

611 5574 1153 5649 (δείϐεο-πὰτορος.
1204 5575 1282 5649 lla
1324 5576 1630 5649 appellatur
1664 5574 1829 5628 David
1871 5581 2124 5649 respectu

538 5641 768 5712 Christi,
789 5647 878 5716 qui
906 5662 973 5701 ex
997 5641 1204 5700 semine
1229 5641 1372 5714 ejus,
1398 5641 1464 5698 ut
1490 5648 1672 5707 homo,
1693 5641 2126 5716 Anatus_est.__lf3_q-

539 5710 905 5792 (ieiuno-mitte
923 5720 976 5792 is
988 5710 1411 5792 tenitDiohysjo
1437 5714 1956 5792 Areopagum-cpiast.
1985 5710 2099 5792 γιιοι
2112 5753 2125 5774 ,

539 5802 595 5843 et
640 5785 780 5852 aliis.
827 5787 1090 5842 Similiter
1134 5782 1308 5841 Maria
1335 5782 1824 5854 Θεομήτωρίιυᾱίι
1861 5782 2126 5852 Gregorio

538 5860 785 5930 Nysscno
807 5857 860 5911 in
886 5857 1036 5912 Orat.
1067 5857 1135 5913 de
1156 5873 1386 5913 occursu
1423 5855 1659 5909 Domini.

2306 5571 2418 5641 ('59)
2451 5571 2906 5647 Ἐπιγράξρνται
2927 5571 3160 5628 τοῦτον.
3182 5572 3316 5628 llinc
3336 5575 3473 5629 forte
3488 5592 3597 5631 non
3615 5589 3802 5647 prrctcr

2235 5657 2350 5694 rem
2392 5642 3047 5714 colligastl‘aulicianos
3098 5659 3294 5697 nomen
3349 5662 3505 5700 suum
3559 5642 3796 5703 a'l’aulo
3895 5690 3911 5714 ,

2233 5711 2812 5788 apostolorcpetiisse,
2836 5712 2926 5788 qui
2957 5729 3084 5788 vere
3105 5756 3118 5777 ,
3152 5721 3208 5766 ut
3231 5731 3389 5788 supra
3416 5717 3675 5772 traditum
3696 5729 3792 5784 est,

2233 5798 2264 5836 a
2294 5781 2464 5836 Pauli)
2493 5781 2649 5852 longe
2678 5785 2981 5838 recentiore
3013 5785 3085 5838 ita
3123 5781 3556 5854 appellabantur.
