4088 6408
494 410 597 518 ιιί

1664 462 1930 524 ΡΗΟΤΙΙ
1968 460 2475 523 ΡΑἸἪΙΑΗΟΗᾹΞ
2514 450 2625 523 CP.

3664 440 3765 511 148

492 575 564 629 te,
594 582 616 616 ι.
629 563 681 619 bi
702 572 978 622 tentarunt
1002 584 1085 624 me
1114 575 1295 639 patres
1324 571 1484 627 vestri
1505 612 1521 640 ,
1572 587 1682 641 me,
1728 590 1839 629 non
1897 584 2082 630 autem

2186 573 2536 645 ἐξελέγχεται
2567 568 2963 643 διαμαρτοῦσα.
3010 567 3067 623 Ὅ
3100 568 3157 621 δὲ
3191 564 3394 638 θερμὸς
3425 560 3633 625 ἔκεῖνος
3666 561 3765 615 καί

490 658 657 711 alium
696 667 746 712 et
784 658 1080 729 probarunt
1113 679 1229 728 me,
1286 671 1335 717 et
1390 679 1549 733 opera
1602 680 1721 718 mea
1748 664 2071 719 viderunt".

492 750 792 821 Propterea
826 753 1059 821 seducti,
1089 755 1220 825 quia
1248 754 1364 810 vias
1395 771 1548 810 meas
1589 770 1929 826 cognoscere
1983 770 2075 810 no-

490 840 735 907 luerunt,
765 847 820 897 in
846 845 1092 914 requiem
1120 860 1296 900 meam
1326 860 1439 900 non
1463 847 1848 905 introiverunt.
1882 849 2075 921 Itaque

488 947 583 1000 ne,
608 943 667 990 ut
690 935 765 991 illi
787 938 1186 993 exacerbarunt
1204 938 1397 1005 Deum,
1421 948 1608 995 etnon
1631 941 2003 1007 crediderunt,
2022 953 2077 999 et

489 1036 835 1083 recesserunt
865 1029 932 1084 ab
947 1044 1033 1096 eo,
1064 1046 1161 1086 vos
1174 1046 1394 1102 quoque
1411 1034 1679 1090 recedatis
1693 1050 1723 1089 a
1744 1036 1875 1099 Deo.
1894 1051 2075 1107 neque

492 1114 764 1173 induretis
799 1120 965 1175 corda
995 1130 1194 1187 vestra,
1221 1131 1279 1177 ut
1310 1123 1407 1190 illi,
1439 1140 1618 1195 neque
1647 1126 1937 1181 imitemini
1956 1142 2073 1195 eos,

489 1208 691 1279 quibus
724 1210 972 1267 infensus
1000 1212 1101 1269 fuit
1130 1214 1275 1272 Deus
1304 1232 1404 1287 per
1431 1218 1785 1289 quadraginta
1814 1235 1989 1276 annos
2021 1221 2076 1275 in

455 1369 459 1379 ί
490 1299 731 1366 deserto,
754 1318 986 1371 quorum
1008 1314 1065 1359 et
1081 1308 1325 1363 membra
1348 1309 1400 1363 in
1422 1326 1488 1364 eo
1512 1310 1750 1381 collapsa
1768 1321 1915 1366 sunt.
1939 1312 2074 1367 Nam

490 1405 590 1460 per
618 1392 1053 1449 incredulitatem
1102 1395 1178 1449 illi
1230 1412 1338 1451 non
1390 1407 1689 1468 potuerunt
1753 1399 1962 1475 ingredi
2020 1400 2075 1454 in

450 1480 731 1549 squietem
754 1480 872 1538 Dei.
906 1480 1209 1539 Vereamur
1239 1486 1445 1556 itaque,
1485 1502 1559 1542 ne
1590 1486 1645 1541 in
1701 1487 1812 1541 ullo
1862 1503 2073 1556 eorum,

456 1607 465 1617 ι
491 1587 611 1641 quae
634 1582 907 1643 praecepta
933 1584 1063 1630 sunt
1093 1616 1109 1640 ,
1151 1576 1473 1632 deﬁciamus
1505 1619 1521 1645 ,
1553 1586 1650 1633 aut
1693 1577 2076 1635 incredulitate

461 1728 466 1742 λ
492 1663 825 1720 laboremus.
857 1664 961 1731 Qui
982 1667 1129 1722 enim
1153 1668 1487 1725 crediderint
1506 1684 1573 1724 ex
1603 1669 1763 1725 nobis
1794 1670 1950 1742 ipsis,
1990 1672 2075 1725 in-

440 1738 819 1826 Qgredientur
848 1756 903 1811 in
933 1757 1172 1827 quietem
1198 1759 1338 1829 eius.
1364 1758 1541 1830 thue
1570 1738 1926 1833 intelligatur,
1952 1763 2075 1833 quis

472 1832 605 1900 ista
624 1848 899 1911 statuerit,
928 1849 1069 1904 dicta
1098 1850 1215 1906 haec
1240 1866 1337 1905 sua
1365 1852 1603 1923 amplius
1626 1832 1851 1920 acuens,
1889 1864 1945 1911 et
1974 1832 2077 1911 do-

2182 665 2445 736 διάπυρος
2472 663 2573 734 τῆς
2598 661 2858 733 ἀληθείας
2889 659 3125 732 ἐραστὴς
3146 658 3269 713 οὐδὲ
3310 658 3421 720 τοῖς
3452 652 3765 725 εἰρημένοις

2183 756 2473 828 ἀρκεσθεὶς
2518 756 2598 818 εἰς
2629 754 2690 807 τὸ
2720 751 2954 823 συνάψαι
2994 754 3086 806 τὸν
3120 749 3283 821 νόμον
3329 749 3394 819 τῇ
3423 746 3641 818 χάριτι,
3672 742 3766 795 καὶ

2182 846 2348 912 δεῖξαι
2371 842 2547 900 ταῦτα
2573 845 2730 898 κοινά
2751 841 2845 896 τοῦ
2874 841 3089 913 Πατρδς
3119 836 3327 893 καὶτοῦ
3352 834 3507 899 Υἰοῦ,
3538 832 3640 887 οὐκ
3671 830 3769 885 ἀλ-

2182 936 2274 991 λον
2299 934 2565 1008 πειράσαι
2590 935 2718 998 τοὺς
2746 930 3279 1004 παραπικράναντας
3312 925 3538 989 Munia,
3572 922 3668 976 καὶ
3695 920 3767 974 δι’

2182 1029 2348 1084 αὐτοῦ
2390 1028 2485 1083 τὸν
2521 1027 2690 1093 Θεὸν,
2739 1025 2855 1080 ἀλλ’
2906 1027 3136 1087 ἐκεῖνον,
3177 1022 3237 1076 ὃν
3287 1015 3651 1087 καταγγέλλει
3707 1013 3768 1066 τὸ

2184 1119 2409 1189 Πνεῦμα
2434 1118 2497 1171 τὸ
2518 1117 2693 1187 ἅγιον⁸
2717 1117 2876 1172 Κατὰ
2895 1114 3009 1185 τὴν
3029 1112 3258 1183 ἡμέραν
3281 1109 3390 1181 γὰρ
3406 1147 3420 1171 ,
3451 1107 3637 1180 φησὶν,
3660 1102 3771 1160 τοῦ

2183 1208 2517 1281 πειρασμοῦ
2552 1209 2623 1264 ἐν
2650 1207 2726 1277 τῇ
2760 1205 2959 1276 ἐρήμῳ
2990 1200 3062 1261 οὗ
3099 1200 3431 1271 ἐπείρασαν
3458 1216 3536 1268 με
3562 1199 3617 1251 οι
3656 1212 3766 1250 πα-

2182 1303 2353 1372 τέρες
2398 1300 2590 1372 ὑμῶν,
2640 1299 2741 1371 ἐμὲ
2784 1299 2879 1353 καὶ
2933 1297 3034 1351 οὐκ
3089 1295 3278 1361 ἄλλον,
3338 1290 3438 1344 καὶ
3482 1288 3768 1357 ἐδοκίμα-

2183 1396 2305 1451 σάν
2325 1395 2547 1465 με,καί
2597 1389 2763 1447 εἶδον
2797 1391 2872 1445 τὰ
2923 1390 3067 1459 ἔργα
3121 1404 3261 1457 μου.
3321 1384 3420 1439 Διά
3472 1382 3632 1436 τοῦτο
3670 1379 3768 1433 καὶ

2184 1486 2571 1558 πλανηθέντες,
2603 1485 2727 1538 ἐπεὶ
2767 1484 2844 1556 μὴ
2865 1481 3071 1552 γνῶναι
3095 1480 3194 1543 τὰς
3235 1476 3390 1539 ὁδούς
3440 1491 3544 1545 μου
3580 1472 3770 1545 ᾑρετί-

2185 1578 2491 1643 σαντο,ούκ
2520 1575 2771 1649 εἰσῆλθον
2817 1577 2897 1640 εἰς
2926 1575 3025 1645 τήν
3081 1568 3429 1627 κατάπαυσίν
3466 1583 3591 1638 μου.
3637 1561 3769 1618 Εἶτα

2187 1672 2264 1743 μὴ
2291 1667 2408 1737 οὖν,
2443 1667 2625 1733 καθὼς
2656 1670 2859 1723 ἐκεῖνοι
2907 1665 3332 1737 παρεπίκραναν
3352 1660 3447 1715 τὸν
3474 1657 3631 1723 Θεὸν,
3670 1656 3769 1710 καὶ

2183 1763 2496 1839 ἠπίστησαν
2521 1762 2616 1818 καὶ
2643 1760 2967 1831 ἀπέστησαν
2992 1755 3182 1821 αὑτοῦ,
3221 1754 3298 1828 μή
3342 1754 3438 1808 καῖ.
3472 1752 3634 1824 ὑμεῖς
3670 1748 3768 1802 τοῦ

2185 1855 2388 1927 ζῶντος
2434 1853 2712 1925 ἀποστῆτε
2754 1849 2915 1916 Θεοῦ,
2954 1848 3091 1922 μηδὲ
3127 1845 3472 1921 σκληρύνητε
3504 1843 3606 1905 τάς
3644 1857 3771 1913 καρ-

496 1956 637 1997 cens
660 1943 918 1999 eumdem
957 1944 1129 2000 Deum
1170 1947 1227 2001 in
1257 1945 1442 2002 Veteri
1470 1958 1525 2003 et
1545 1946 1698 2004 Novo
1726 1948 2079 2007 Testamento

2184 1948 2299 2013 δίας
2327 1947 2483 2020 ὑμῶν
2510 1948 2587 2011 ὡς
2616 1948 2836 2010 ἐκεῖνοι,
2875 1944 3011 2015 μηδὲ
3037 1941 3289 2013 ζηλοῦτε,
3337 1936 3422 2006 οἷς
3458 1935 3770 2020 προσώχθι-

498 2043 555 2090 et
582 2037 842 2102 condere,
874 2046 928 2093 et
956 2053 1198 2106 servare,
1232 2049 1288 2095 et
1334 2040 1561 2110 punire,
1586 2047 1643 2095 et
1690 2040 1919 2111 implere
1948 2058 2081 2113 pro-

496 2125 687 2192 missa,
720 2143 842 2183 cum
873 2128 1135 2201 singulari
1163 2130 1356 2186 fiducia
1383 2131 1570 2187 addit:
1601 2132 1688 2187 Ita
1709 2142 1765 2187 ut
1781 2133 2082 2203 juraverim

496 2218 554 2273 in
580 2219 663 2273 ira
701 2238 836 2286 utea,
866 2222 912 2275 si
934 2223 1294 2294 ingredientur
1314 2224 1369 2278 in
1400 2226 1626 2294 requiem
1644 2242 1817 2280 meam
1844 2226 1911 2281 '°.
1932 2227 2082 2284 Idem

497 2309 683 2381 igitur,
716 2312 809 2383 qui
841 2321 971 2368 tunc
991 2314 1213 2385 quidem
1256 2315 1375 2371 illos
1408 2314 1718 2373 incredulos
1762 2334 1872 2374 non
1909 2318 2086 2374 intro-

497 2402 676 2468 duxit,
700 2405 863 2459 etiam
888 2421 1036 2461 nunc
1079 2406 1331 2464 similiter
1364 2424 1476 2464 non
1506 2409 1794 2466 credentes
1825 2427 1855 2466 a
1896 2412 2085 2482 requie

444 2520 447 2521 ν
498 2492 757 2550 excludit.
792 2494 860 2551 Et
896 2495 1109 2552 infinita
1149 2497 1256 2553 alia
1296 2499 1563 2569 ejusmodi
1593 2500 1645 2553 in
1676 2502 1850 2557 sacris
1889 2519 2087 2559 oracu-

424 2598 431 2663 ς
497 2584 586 2650 lis,
616 2586 775 2663 nobis
798 2587 869 2642 ob
914 2588 1108 2644 oculos
1151 2589 1385 2659 positis,
1442 2593 1759 2662 expendeus
1815 2594 2086 2651 invenerit

497 2660 752 2734 eumdem
792 2680 988 2747 Deum,
1020 2697 1120 2752 per
1152 2680 1337 2737 Mosen
1362 2724 1377 2749 ,
1405 2660 1665 2755 populum
1703 2684 2082 2752 lsraeliticum,

496 2777 556 2826 et
577 2786 676 2841 per
694 2770 879 2827 Iesum
904 2774 1181 2830 Christum
1212 2776 1464 2846 homines
1483 2777 1538 2832 in
1564 2776 1716 2833 Novo
1732 2778 2086 2837 Testamento

2185 2060 2278 2096 σεν
2306 2042 2334 2095 ὁ
2361 2018 2493 2104 Θεὸς
2518 2039 2612 2093 ἐπὶ
2656 2039 3067 2109 τεσσαράκοντα
3098 2033 3193 2105 έτη
3229 2032 3288 2086 ὲν
3333 2031 3401 2104 τῇ
3444 2029 3662 2099 ἐρήμῳ,
3690 2018 3769 2080 ὧν

2185 2135 2279 2190 καὶ
2297 2133 2366 2187 τὰ
2387 2132 2542 2187 κῶλα
2566 2131 2776 2201 ξέπεσον
2805 2131 2864 2184 ὲν
2913 2128 3077 2198 αὐτῇ.
3110 2124 3221 2179 Kal.
3249 2122 3359 2195 γὰρ
3396 2121 3463 2176 δι’
3505 2120 3769 2176 ἀπιστίαν

2186 2227 2383 2280 ἐκεῖνοι
2421 2224 2523 2277 οὐκ
2554 2221 2906 2293 ἠδυνήθησαν
2931 2216 3198 2271 εἰσελθεῖν
3229 2216 3311 2278 εἰς
3349 2212 3450 2283 τήν
3474 2209 3764 2265 κατάπαυ-

2188 2334 2270 2371 σιν
2296 2315 2390 2370 τοῦ
2411 2314 2570 2369 Θεοῦ.
2601 2312 2936 2383 Φοδηθῶμεν
2967 2306 3061 2363 οὖν
3089 2307 3150 2361 έν
3185 2304 3378 2378 μηδενὶ
3401 2303 3511 2357 τῶν
3539 2317 3772 2373 προστε-

2184 2409 2473 2482 ταγμένων
2530 2404 2852 2477 ὑστερῆσαι,
2889 2403 2923 2475 ἢ
2971 2398 3233 2457 ἀπιστίαν
3268 2395 3517 2467 νοσῆσαι.
3550 2394 3613 2446 Ol
3669 2390 3771 2462 μὲν

2185 2502 2295 2573 γὰρ
2328 2497 2726 2560 πιστεύσαντες
2772 2493 2833 2560 ἐξ
2878 2493 3039 2564 ἡμῶν
3093 2488 3314 2555 αὐτῶν,
3363 2483 3768 2540 εἰσελεύσονται

2187 2595 2267 2655 εἰς
2291 2592 2392 2661 τὴν
2428 2588 2777 2645 κατάπαυσιν
2821 2583 3012 2638 αὐτοῦ.
3046 2581 3157 2634 Kal.
3194 2580 3277 2643 τις
3323 2578 3352 2631 ὀ
3383 2574 3772 2647 ψηφισάμενος

2187 2681 2368 2747 τοῦτο,
2404 2678 2750 2749 ὲπισφίγγων
2789 2675 2949 2730 πλέον
3002 2672 3071 2726 τὰ
3099 2669 3388 2743 εἰρημένα,
3434 2667 3529 2721 καί⁵
3555 2664 3772 2727 δεικνὺς

2185 2775 2279 2830 τὸν
2308 2773 2472 2827 αὑτὸν
2505 2771 2640 2824 Θεὸν
2666 2770 2760 2823 καὶ
2794 2768 2852 2820 ὲν
2880 2769 2947 2837 τῇ
2987 2763 3200 2833 Παλαιᾷ
3229 2761 3324 2815 καὶ
3367 2759 3427 2812 ὲν
3456 2759 3523 2827 τῇ
3560 2755 3772 2827 χάριτι,

499 2860 828 2932 gubernare.
887 2863 1038 2918 Idem
1069 2864 1160 2919 ille
1204 2865 1340 2920 alios
1372 2844 1614 2936 quidem
1672 2868 1974 2925 introducit
2031 2878 2082 2925 et

2188 2862 2284 2919 καὶ
2306 2860 2666 2935 δημιουργεῖν
2699 2856 2798 2911 καὶ
2827 2854 3023 2919 σώζειν
3052 2853 3147 2906 καί.
3196 2847 3446 2914 κολάζειν
3483 2846 3583 2947 καὶ
3631 2844 3775 2947 πλη-

499 2951 631 3007 olim
659 2962 715 3008 et
741 2969 892 3008 nunc
923 2955 980 3009 in
1023 2956 1201 3011 locum
1224 2957 1447 3027 quietis,
1500 2958 1636 3014 alios
1665 2975 1796 3015 vero
1851 2961 2082 3031 repellit.

2194 2954 2319 3028 ροῦν
2346 2952 2417 3007 τὰ
2436 2949 2847 3023 ἐπηγγελμένα,
2887 2946 3025 3018 μετά
3076 2944 3341 3051 λαμπρᾶέ
3371 2937 3627 3051 ἐπιφέρει
3673 2937 3777 3051 τῆς

500 3042 600 3100 Vir
648 3045 798 3101 enim
848 3048 1325 3118 contemplationis
1371 3049 1805 3108 studiosissimus
1837 3053 2082 3123 ejusdem

2191 3044 2525 3119 παρρησίας,
2564 3042 2664 3109 Ὠς
2696 3039 2905 3110 ὤμοσα
2946 3038 3016 3092 ἐν
3056 3036 3129 3105 τῇ
3155 3034 3327 3143 ⁹ὀργῇ
3356 3032 3604 3143 μου,αέ
3651 3028 3777 3137 sifor-

500 3134 655 3192 videt
694 3152 819 3193 esse
875 3148 930 3193 ct
974 3148 1219 3195 veterem
1261 3140 1409 3195 illam
1456 3142 1734 3213 requiem,
1770 3122 1894 3212 quae
1946 3153 2082 3201 terra

2192 3139 2550 3193 ελεύσονται
2566 3135 2652 3201 εἰς
2678 3132 2794 3202 τὴν
2818 3130 3207 3186 κατάπαυσίν
3229 3145 3369 3198 μου.
3388 3126 3446 3179 '0
3475 3122 3638 3186 αὐτὸς
3658 3122 3777 3182 οὖν,

501 3228 773 3299 promissa
823 3240 962 3300 erat,
1010 3240 1066 3288 et
1100 3232 1328 3289 alteram
1378 3234 1523 3289 illam
1568 3250 1803 3301 novam,
1851 3250 1976 3307 quas
2003 3245 2082 3292 esl

2192 3233 2253 3297 ὃς
2280 3231 2401 3285 τότε
2423 3229 2521 3302 μὲν
2544 3228 2787 3290 ἐκείνους
2803 3225 3213 3295 ἀπιστήσαντας
3232 3220 3333 3274 οὐκ
3347 3218 3657 3290 εἰσήνεγκε,
3681 3218 3781 3268 καὶ

502 3332 739 3389 regnum
784 3324 1007 3379 cmleste
1043 3342 1057 3379 :
1090 3324 1241 3380 videt
1265 3325 1519 3381 eumdem
1564 3334 1621 3395 ot
1668 3326 1935 3398 supplicio
1964 3345 2082 3400 pm-

2196 3325 2291 3379 νῦν
2318 3323 2519 3395 ὁμοίως
2556 3324 2685 3385 τοὺς
2726 3317 3095 3380 ἀπιστοῦντας
3120 3310 3439 3386 ύπερορίζει
3470 3312 3573 3381 τῆς
3603 3325 3781 3363 κατα-

505 3411 707 3469 Inerito
748 3414 965 3472 allicere
990 3454 1006 3479 ,
1061 3425 1118 3472 et
1160 3417 1392 3473 salutem
1429 3419 1638 3490 praemii
1690 3420 1864 3475 instar
1915 3421 2082 3478 distri-

2197 3415 2475 3477 παύσεως.
2516 3414 2625 3466 Kal.
2688 3410 2860 3482 μυρία
2906 3408 3043 3464 ἄλλα
3087 3409 3145 3462 ὲν
3206 3408 3327 3471 ταῖς
3387 3401 3782 3474 προκειμέναις

507 3503 697 3572 liuere,
726 3516 783 3562 et
802 3508 906 3563 alia
952 3509 1141 3564 multa.
1188 3507 1246 3565 Si
1275 3526 1409 3566 vero
1440 3549 1457 3575 ,
1511 3512 1659 3582 quod
1708 3522 2082 3583 apostatarum

2194 3507 2424 3570 ταύταις
2451 3506 2627 3578 ἰεραῖς
2645 3506 2851 3574 φωναῖς
2872 3505 2900 3557 ὁ
2921 3500 3235 3556 διασκοπῶν
3256 3498 3621 3606 ἐπιθεωρήσει
3641 3493 3781 3606 (t5),

507 3614 672 3653 tueris
698 3600 848 3666 vult,
899 3610 1084 3662 vetera
1132 3603 1221 3657 illa
1256 3617 1287 3658 a
1338 3602 1487 3659 malo
1532 3613 1753 3671 essent,
1810 3607 2082 3676 oporteba‘

2197 3599 2291 3653 τὸν
2324 3597 2487 3651 αὐτὸν
2523 3595 2658 3650 Θεὸν
2684 3596 2931 3667 εὑρήσει,
2976 3594 3074 3648 καὶ
3109 3592 3199 3648 διὰ
3241 3589 3485 3652 Μωσέως
3530 3586 3623 3690 τον
3644 3586 3784 3690 ’Σισ-

508 3707 626 3757 aes,
652 3692 745 3763 qui
777 3693 845 3748 ad
876 3693 1053 3765 ipsum
1084 3696 1428 3760 accederent,
1460 3705 1516 3752 et
1536 3697 1774 3766 praemiis
1800 3706 1857 3753 et
1879 3699 2082 3755 coroni:

2207 3690 2476 3765 ραηλίτην
2498 3689 2629 3742 λαὸν
2659 3687 3127 3759 διακυϐερνῶντα,
3170 3685 3265 3739 καὶ
3292 3683 3383 3737 διὰ
3426 3678 3604 3751 Ἰησοῦ
3644 3678 3784 3747 Χρι-

509 3784 679 3851 allici,
706 3797 868 3857 atque
889 3787 944 3843 in
974 3788 1213 3859 quietem
1242 3788 1490 3855 introire,
1514 3790 1762 3859 adeoque
1790 3805 1897 3846 nec
1922 3805 2082 3845 mem-

2202 3783 2331 3839 στοῦ
2362 3782 2454 3837 τὸν
2504 3783 2604 3854 τῆς
2648 3781 2891 3853 χάριτος.
2934 3779 2994 3835 '0
3034 3777 3196 3842 αὐτὸς
3228 3778 3435 3839 ἐκεῖνος
3483 3775 3630 3879 τοὺς,
3677 3769 3780 3842 μὲν

510 3876 613 3935 bra
646 3876 707 3931 in
734 3877 953 3935 deserto
977 3879 1287 3950 relinquere
1318 3921 1333 3948 ,
1379 3896 1483 3936 nec
1515 3880 1735 3953 pinnas?
1760 3881 1892 3937 dare
1936 3882 2082 3951 tales,

2203 3875 2415 3943 εἰσάγει
2448 3874 2544 3926 καὶ
2570 3872 2738 3927 πάλαι
2762 3872 2857 3925 καὶ
2889 3871 2985 3925 νῦν
3016 3871 3095 3935 εἰς
3125 3871 3216 3924 τὸν
3240 3868 3339 3938 τῆς
3381 3868 3783 3925 καταπαύσεως

512 3968 704 4039 quales
734 3979 940 4042 paratae
964 3980 1096 4032 sunt
1122 3972 1252 4038 illis,
1286 3973 1381 4043 qui
1411 3973 1468 4028 in
1518 3988 1711 4033 verum
1763 3972 1938 4028 Deum
1964 3988 2082 4044 pce-

2203 3969 2390 4033 τόπον,
2449 3968 2576 4031 τοὺς
2609 3966 2668 4020 δὲ
2719 3963 3109 4036 ἀποκηρύττει.
3162 3960 3270 4016 Τοῦ
3303 3958 3467 4013 αὐτοῦ
3514 3955 3709 4027 θεωρεῖ
3758 3954 3792 4007 ὁ

514 4068 665 4116 cant.
2206 4061 2552 4134 φιλοθεάμων
2599 4060 2694 4113 καὶ
2745 4058 2845 4129 τὴν
2904 4055 3146 4110 παλαιὰν
3199 4053 3546 4108 κατάπαυσιν
3608 4044 3774 4108 εἶναι,

513 4150 779 4228 ἥτιςῆνή
819 4155 1205 4229 ἐπηγγελμένη
1237 4158 1328 4229 γῆ,
1362 4160 1455 4214 καὶ
1484 4160 1586 4226 τὴν
1634 4158 1869 4231 ὕστερον
1911 4161 2281 4226 κατάπαυσιν,
2308 4157 2433 4227 ήτις
2475 4154 2679 4221 ὲστὶνή
2734 4150 2986 4222 οὐράνιος
3039 4145 3309 4218 βασιλεία,
3364 4144 3456 4198 τὸν
3479 4140 3641 4196 αὑτὸν
3688 4137 3791 4191 καὶ

516 4247 615 4320 τὴν
639 4251 881 4323 τιμωρὸν
913 4252 1141 4322 ἐπάγειν
1184 4253 1362 4326 δίκην,
1387 4255 1483 4308 καὶ
1526 4256 1625 4327 τὴν
1658 4254 1935 4326 σωτηρίαν
1966 4256 2279 4328 βραϐεύειν,
2311 4252 2410 4307 καὶ
2476 4248 2649 4344 πολλά
2685 4247 2821 4303 ἀλλα
2855 4246 2994 4344 (ιϐ).
3046 4246 3109 4299 Εἰ
3172 4243 3232 4344 θὲ
3245 4238 3345 4344 ’ἦν
3369 4282 3385 4309 ,
3406 4239 3510 4344 ,ὡς
3567 4238 3605 4344 ξ
3652 4236 3794 4344 dm:

520 4339 724 4412 πάτης
755 4342 1005 4412 βούλεται
1034 4325 1412 4414 λογισμὸς,τά
1439 4325 1650 4400 παλαιά
1675 4344 1771 4399 τοῦ
1814 4325 2083 4419 Πονηροῦ,
2125 4346 2233 4400 ἔδει
2270 4344 2399 4406 τοὺς
2439 4341 2541 4412 μὲν
2580 4338 3096 4412 προσκεκρουκότας
3132 4336 3282 4409 αὐτῷ
3334 4335 3429 4389 καὶ
3454 4331 3639 4404 γερῶν
3693 4325 3792 4381 καὶ

520 4437 805 4507 στεφάνων
832 4437 1154 4510 ἀξιωθῆναι,
1182 4440 1281 4494 καὶ
1331 4440 1413 4504 εἰς
1442 4440 1543 4512 τὴν
1606 4441 1953 4496 κατάπαυσιν
2010 4441 2302 4496 εἰσελθεῖν·
2371 4438 2468 4494 καὶ
2524 4437 2663 4508 μήτε
2708 4436 2775 4491 τὰ
2834 4434 2985 4489 κῶλα
3028 4432 3205 4487 λιπεῖν
3248 4434 3329 4487 εν
3388 4431 3601 4503 ἐρήμῳ,
3652 4425 3796 4498 μήτε

520 4532 707 4587 δοῦναι
729 4533 881 4598 δίκας
927 4533 1204 4603 τοιαύτας,
1258 4530 1369 4589 οἷαι
1398 4538 1512 4601 τοίς
1546 4536 1954 4608 ἁμαρτάνουσιν
2015 4540 2096 4603 εἰς
2134 4539 2227 4591 τὸν
2262 4533 2519 4607 ἀληθινὸν
2557 4532 2879 4586 ἀπόκεινται
2908 4529 3063 4584 Θεὸν.

592 4625 713 4681 XII.
758 4626 830 4679 At
874 4626 1151 4696 quomodo
1204 4626 1335 4683 alibi
1370 4627 1515 4683 idem
1567 4628 1658 4684 ille
1708 4629 1859 4685 orbis
1915 4629 2082 4687 docto

2184 4654 2185 4665 ι
2282 4627 2383 4681 IB’.
2411 4624 2577 4680 Ἀλλὰ
2607 4623 2725 4688 πῶς
2779 4624 2944 4679 πάλιν
2975 4622 3068 4676 τὸν
3119 4617 3355 4691 ’Λαρὼν,
3411 4619 3440 4672 ὁ
3486 4616 3651 4681 αὐτὸς
3691 4615 3798 4687 τῆς

521 4719 795 4775 Aaronem
819 4717 898 4773 ait
925 4733 956 4773 a
992 4718 1105 4773 Deo
1146 4727 1401 4775 vocatum
1436 4734 1556 4776 esse
1590 4736 1868 4777 summum
1924 4737 2082 4779 sacer

2207 4719 2532 4792 οἰκουμένης
2565 4717 2715 4787 λέγει
2743 4713 3066 4778 διδάσκαλος
3088 4713 3193 4767 ύπὺ
3222 4711 3314 4766 τοῦ
3341 4708 3477 4810 Θεοῦ
3508 4708 3788 4810 κληθῆιιαι

522 4811 703 4867 dotem
725 4851 741 4876 ,
785 4809 927 4866 sicut
954 4820 1012 4868 et
1056 4811 1383 4867 Christum?
1404 4813 1524 4867 Non
1556 4814 1701 4873 enim
1722 4814 1822 4875 sibi
1859 4815 1976 4884 ipsi,
2010 4816 2082 4871 ait

2209 4812 2473 4885 ἀρχιερέα
2493 4851 2508 4875 ,
2540 4809 2730 4880 ὥσπερ
2749 4808 2845 4862 καὶ
2867 4806 2959 4861 τὸν
2984 4804 3254 4876 Χριστόν;
3287 4804 3412 4871 Οὐχ
3442 4798 3634 4866 ἐαυτῷ
3662 4797 3799 4870 γὰρ,

524 4903 804 4973 quisquam
820 4902 983 4957 sumit
1011 4902 1280 4967 honorem,
1305 4907 1394 4957 sed
1445 4904 1535 4975 qui
1565 4914 1779 4959 vocatus
1805 4914 1881 4960 est
1919 4922 1952 4959 a
1981 4904 2082 4959 Deo

2210 4903 2367 4975 φησί,
2399 4902 2490 4968 εἰς
2510 4900 2801 4970 λαμϐάνει
2839 4898 2956 4967 τὴν
2992 4896 3194 4967 τιμήν,
3222 4896 3361 4950 ἀλλ’
3396 4897 3430 4948 ό
3489 4891 3792 4959 καλούμε-

524 4994 660 5047 siout
686 5003 736 5046 et
763 4993 978 5047 Aaron:
1001 4994 1079 5047 ita
1110 5003 1161 5048 et
1191 4993 1429 5049 Christus
1460 5011 1563 5049 non
1596 5012 1651 5051 se
1687 4997 1859 5065 ipsum
1884 4998 2081 5053 honora

2207 5014 2314 5062 νος
2346 4994 2466 5051 ὑπὸ
2498 4993 2605 5048 τεοῦ
2639 4991 2811 5057 Θεοῦ,
2860 4988 3129 5057 καθάπερ
3180 4987 3280 5041 καί
3334 4983 3585 5055 Ἀαρὼν,
3634 4982 3796 5037 οὕτω

524 5083 618 5143 vit,
650 5090 705 5134 ut
733 5082 880 5152 ﬁeret
902 5100 1139 5138 summus
1168 5085 1434 5150 sacerdos,
1461 5086 1552 5139 sed
1574 5086 1666 5156 qui
1699 5087 1901 5142 iocatus
1932 5098 2005 5143 est
2038 5106 2082 5142 al

2218 5088 2318 5142 καὶ
2349 5089 2383 5141 ὁ
2437 5088 2715 5155 Χριστὸς,
2772 5085 2885 5152 οὐχ
2939 5081 3160 5141 ἑαυτὸν
3208 5080 3467 5144 ἐδόξασε
3513 5075 3803 5147 γενέσθαι

412 5180 417 5181 ’
526 5175 699 5251 ipsum
718 5190 739 5230 :
770 5172 944 5233 Filius
970 5193 1113 5237 meus
1138 5193 1191 5234 es
1218 5186 1295 5243 tu,
1320 5194 1413 5250 ego
1431 5178 1584 5238 hodie
1604 5181 1759 5251 genui
1786 5190 1835 5236 te
1855 5182 1922 5236 “.
1938 5180 2082 5243 Sive

2218 5181 2507 5253 ἀρχιερέα,
2545 5180 2681 5235 ἀλλ’
2704 5181 2737 5235 ὁ
2757 5176 3042 5246 λαλήσας
3066 5174 3215 5244 πρὸς
3242 5173 3454 5237 αὐτὸν,
3495 5171 3629 5235 Υἱός
3670 5184 3799 5237 μου

529 5278 626 5328 ro,
656 5264 749 5335 qui
795 5266 1077 5323 Christum
1136 5268 1354 5325 vocavit
1410 5270 1752 5326 sacerdotem
1808 5288 2082 5329 summum

2218 5270 2277 5330 εἴ
2300 5273 2419 5340 σὺ,
2449 5273 2565 5342 ἐγὼ
2610 5271 2879 5343 σήμερον
2911 5266 3246 5341 γεγέννηκὰ
3278 5281 3374 5321 σε.
3424 5266 3488 5319 Εἰ
3535 5263 3594 5318 δὲ
3635 5264 3665 5316 ὁ
3710 5258 3812 5313 τὸν

529 5354 674 5409 idem
698 5364 805 5419 est,
835 5356 928 5428 qui
961 5366 1018 5413 et
1044 5359 1315 5416 Aaronem
1343 5374 1441 5431 per
1462 5358 1652 5422 Mosen
1676 5361 1853 5430 unxit,
1878 5372 1934 5419 et
1969 5380 2077 5427 neu

2225 5365 2462 5445 Χριστὸν
2501 5364 2739 5428 καλέσας
2766 5361 3052 5437 ἀρχιερέα,
3094 5355 3252 5427 οὗτός
3299 5362 3448 5418 ἐστιν
3503 5361 3533 5422 ὁ
3566 5356 3662 5413 καὶ
3710 5355 3813 5418 τὸν

593 5489 637 5523 ’⁸
666 5489 834 5547 Hebr.
862 5508 943 5559 tu,
975 5492 1030 5549 9.
1107 5493 1154 5527 ³⁸
1176 5493 1319 5553 Psal.
1346 5495 1593 5563 mm“.
1673 5497 1718 5533 “
1759 5495 1918 5553 Hebr.
1953 5515 2011 5574 ν,
2045 5498 2101 5566 4,
2130 5498 2185 5556 5.

1648 5606 1882 5665 VARM‘J
1921 5607 2304 5669 LECTIONES
2340 5610 2429 5667 ET
2462 5609 2700 5668 NO'LE.

609 5696 726 5769 (i5)
762 5698 1207 5784 ζεπιθεωρήονει.
1236 5698 1397 5757 Forte
1426 5711 1549 5772 post
1573 5701 1932 5784 lioqverbum
1967 5702 2115 5784 esci-
2223 5704 2441 5761 lineolis
2469 5707 2679 5784 aliquot
2712 5703 3017 5784 impletum,
3049 5703 3301 5784 relictum
3343 5712 3480 5763 erat.
3538 5701 3674 5784 Non.
3704 5718 3819 5784 pu-

538 5769 617 5827 dit
641 5770 907 5844 particula
938 5772 1074 5844 καὶ,
1120 5788 1244 5843 quae
1304 5769 1551 5844 sequens
1582 5772 1811 5844 verbum
1840 5788 1974 5844 cuni
2008 5772 2112 5828 isto
2222 5784 2331 5830 tem
2383 5792 2449 5832 eo
2498 5769 2725 5831 indicari
2756 5769 3011 5831 debuisse
3063 5774 3339 5844 lacunam,
3376 5790 3500 5831 cum
3540 5769 3822 5839 orationis

541 5841 875 5919 coniungat,
896 5841 1001 5919 nisi
1035 5841 1519 5919 pro'antecedente
1542 5843 1602 5895 ὲν
1627 5843 1809 5919 legere
1855 5842 2009 5919 malis
2040 5844 2110 5919 εἰ.
2222 5846 2391 5907 series
2424 5846 2501 5909 sic
2539 5847 2666 5909 satis
2696 5846 2836 5911 bello
2875 5844 3153 5919 procedat.

616 5912 727 5982 (46)
764 5912 983 5968 Ἄλλο.
1040 5914 1168 5970 Post
1225 5914 1341 5970 luec
1388 5914 1553 5969 verba
1616 5912 1848 5985 spatium
1896 5913 2114 5986 aliquod
