  <div class='ocr_page' id='page_1' title='image "/cluster/home/n/w/nwhite01/storage/ocr_20150623/102/hvd.32044012543948/080.png"; bbox 0 0 4088 6432; ppageno 0'>
   <div class='ocr_carea' id='block_1_1' title="bbox 288 434 387 501">
    <p class='ocr_par' dir='ltr' id='par_1_1' title="bbox 288 434 387 501">
     <span class='ocr_line' id='line_1_1' title="bbox 288 434 387 501; baseline 0.02 -3"><span class='ocrx_word' id='word_1_1' title='bbox 288 434 387 501; x_wconf 73' lang='grc' dir='ltr'>Ῑιίθ</span> 
     </span>
    </p>
   </div>
   <div class='ocr_carea' id='block_1_2' title="bbox 1302 444 2517 509">
    <p class='ocr_par' dir='ltr' id='par_1_2' title="bbox 1302 444 2517 509">
     <span class='ocr_line' id='line_1_2' title="bbox 1302 444 2517 509; baseline 0.001 -4"><span class='ocrx_word' id='word_1_2' title='bbox 1302 444 1597 505; x_wconf 84' lang='lat' dir='ltr'><strong>CONTRA</strong></span> <span class='ocrx_word' id='word_1_3' title='bbox 1638 445 2095 507; x_wconf 68' lang='grc' dir='ltr'><strong>ΜΑΝΙΟΙΙίΕΟΞ</strong></span> <span class='ocrx_word' id='word_1_4' title='bbox 2134 448 2367 509; x_wconf 84' lang='lat' dir='ltr'>LIBER</span> <span class='ocrx_word' id='word_1_5' title='bbox 2400 449 2517 509; x_wconf 83' lang='lat' dir='ltr'><strong>IlI.</strong></span> 
     </span>
    </p>
   </div>
   <div class='ocr_carea' id='block_1_3' title="bbox 3443 438 3545 503">
    <p class='ocr_par' dir='ltr' id='par_1_3' title="bbox 3443 438 3545 503">
     <span class='ocr_line' id='line_1_3' title="bbox 3443 438 3545 503; baseline -0.02 0"><span class='ocrx_word' id='word_1_6' title='bbox 3443 438 3545 503; x_wconf 81' lang='lat'><strong>150</strong></span> 
     </span>
    </p>
   </div>
   <div class='ocr_carea' id='block_1_4' title="bbox 298 547 1879 628">
    <p class='ocr_par' dir='ltr' id='par_1_4' title="bbox 298 547 1863 628">
     <span class='ocr_line' id='line_1_4' title="bbox 298 547 1863 628; baseline 0.004 -26"><span class='ocrx_word' id='word_1_7' title='bbox 298 547 510 619; x_wconf 80' lang='grc' dir='ltr'>’Δαρὼν</span> <span class='ocrx_word' id='word_1_8' title='bbox 550 547 639 602; x_wconf 71' lang='grc' dir='ltr'>διὰ</span> <span class='ocrx_word' id='word_1_9' title='bbox 667 549 911 615; x_wconf 78' lang='grc' dir='ltr'>Μωσέως</span> <span class='ocrx_word' id='word_1_10' title='bbox 939 552 1154 622; x_wconf 77' lang='grc' dir='ltr'>χρίσας,</span> <span class='ocrx_word' id='word_1_11' title='bbox 1212 554 1307 607; x_wconf 70' lang='grc' dir='ltr'>καὶ</span> <span class='ocrx_word' id='word_1_12' title='bbox 1356 555 1639 628; x_wconf 81' lang='grc' dir='ltr'><strong>οὐδέτερος</strong></span> <span class='ocrx_word' id='word_1_13' title='bbox 1669 556 1863 610; x_wconf 80' lang='grc' dir='ltr'>ἑαυτὸν</span> 
     </span>
    </p>
   </div>
   <div class='ocr_carea' id='block_1_5' title="bbox 1981 547 3542 628">
    <p class='ocr_par' dir='ltr' id='par_1_5' title="bbox 1981 550 3542 615">
     <span class='ocr_line' id='line_1_5' title="bbox 1981 550 3542 615; baseline -0.006 -4"><span class='ocrx_word' id='word_1_14' title='bbox 1981 574 2050 611; x_wconf 71' lang='grc' dir='ltr'>,ρι-</span> <span class='ocrx_word' id='word_1_15' title='bbox 2083 573 2277 615; x_wconf 89' lang='lat' dir='ltr'><strong>eorum</strong></span> <span class='ocrx_word' id='word_1_16' title='bbox 2320 557 2620 614; x_wconf 99' lang='lat' dir='ltr'><strong>sacerdotis</strong></span> <span class='ocrx_word' id='word_1_17' title='bbox 2669 554 2864 610; x_wconf 89' lang='lat' dir='ltr'><strong>summi</strong></span> <span class='ocrx_word' id='word_1_18' title='bbox 2897 554 3104 605; x_wconf 80' lang='lat' dir='ltr'><strong>lmnore</strong></span> <span class='ocrx_word' id='word_1_19' title='bbox 3148 567 3207 605; x_wconf 91' lang='lat' dir='ltr'><strong>se</strong></span> <span class='ocrx_word' id='word_1_20' title='bbox 3252 550 3542 613; x_wconf 83' lang='lat' dir='ltr'><strong>mactavit,</strong></span> 
     </span>
    </p>
   </div>
   <div class='ocr_carea' id='block_1_6' title="bbox 284 642 1860 717">
    <p class='ocr_par' dir='ltr' id='par_1_6' title="bbox 284 642 1860 717">
     <span class='ocr_line' id='line_1_6' title="bbox 284 642 1860 717; baseline 0.003 -23"><span class='ocrx_word' id='word_1_21' title='bbox 284 642 539 707; x_wconf 71' lang='grc' dir='ltr'>ἐδόξασεν</span> <span class='ocrx_word' id='word_1_22' title='bbox 567 642 849 712; x_wconf 72' lang='grc' dir='ltr'><strong>ἀρχιερέα,</strong></span> <span class='ocrx_word' id='word_1_23' title='bbox 879 642 993 695; x_wconf 85' lang='grc' dir='ltr'>ἀλλ’</span> <span class='ocrx_word' id='word_1_24' title='bbox 1024 645 1051 696; x_wconf 75' lang='grc' dir='ltr'><strong>ὁ</strong></span> <span class='ocrx_word' id='word_1_25' title='bbox 1070 643 1305 708; x_wconf 79' lang='grc' dir='ltr'><strong>καλέσας</strong></span> <span class='ocrx_word' id='word_1_26' title='bbox 1331 646 1529 709; x_wconf 81' lang='grc' dir='ltr'>αύτούς</span> <span class='ocrx_word' id='word_1_27' title='bbox 1547 663 1558 675; x_wconf 84' lang='lat'><strong><em>°</em></strong></span> <span class='ocrx_word' id='word_1_28' title='bbox 1591 645 1708 710; x_wconf 85' lang='grc' dir='ltr'><strong>πῶς</strong></span> <span class='ocrx_word' id='word_1_29' title='bbox 1740 647 1860 717; x_wconf 77' lang='grc' dir='ltr'>ούχὶ</span> 
     </span>
    </p>
   </div>
   <div class='ocr_carea' id='block_1_7' title="bbox 288 720 1863 805">
    <p class='ocr_par' dir='ltr' id='par_1_7' title="bbox 288 720 1863 805">
     <span class='ocr_line' id='line_1_7' title="bbox 288 720 1863 805; baseline 0.004 -18"><span class='ocrx_word' id='word_1_30' title='bbox 288 734 380 787; x_wconf 74' lang='grc' dir='ltr'>καὶ</span> <span class='ocrx_word' id='word_1_31' title='bbox 403 733 474 786; x_wconf 74' lang='grc' dir='ltr'>τὰ</span> <span class='ocrx_word' id='word_1_32' title='bbox 494 733 596 802; x_wconf 81' lang='grc' dir='ltr'>τῆς</span> <span class='ocrx_word' id='word_1_33' title='bbox 616 731 758 797; x_wconf 84' lang='grc' dir='ltr'>Νέας</span> <span class='ocrx_word' id='word_1_34' title='bbox 787 734 882 787; x_wconf 67' lang='grc' dir='ltr'><strong>καὶ</strong></span> <span class='ocrx_word' id='word_1_35' title='bbox 902 734 969 788; x_wconf 75' lang='grc' dir='ltr'>τὸ.</span> <span class='ocrx_word' id='word_1_36' title='bbox 1010 735 1109 805; x_wconf 83' lang='grc' dir='ltr'>τῆς</span> <span class='ocrx_word' id='word_1_37' title='bbox 1134 720 1375 801; x_wconf 66' lang='grc' dir='ltr'>Παλαιᾶς</span> <span class='ocrx_word' id='word_1_38' title='bbox 1402 737 1495 790; x_wconf 80' lang='grc' dir='ltr'><strong>τοῦ</strong></span> <span class='ocrx_word' id='word_1_39' title='bbox 1525 738 1691 791; x_wconf 79' lang='grc' dir='ltr'>αὐτοῦ</span> <span class='ocrx_word' id='word_1_40' title='bbox 1724 740 1863 793; x_wconf 81' lang='grc' dir='ltr'>εἰσιν</span> 
     </span>
    </p>
   </div>
   <div class='ocr_carea' id='block_1_8' title="bbox 302 823 1864 900">
    <p class='ocr_par' dir='ltr' id='par_1_8' title="bbox 302 823 1864 900">
     <span class='ocr_line' id='line_1_8' title="bbox 302 823 1864 900; baseline 0.004 -24"><span class='ocrx_word' id='word_1_41' title='bbox 302 823 535 891; x_wconf 66' lang='grc' dir='ltr'>Ἄγαθοῦ</span> <span class='ocrx_word' id='word_1_42' title='bbox 559 824 657 877; x_wconf 66' lang='grc' dir='ltr'><strong>καὶ</strong></span> <span class='ocrx_word' id='word_1_43' title='bbox 698 824 835 895; x_wconf 80' lang='grc' dir='ltr'>ἔργα</span> <span class='ocrx_word' id='word_1_44' title='bbox 868 825 962 878; x_wconf 71' lang='grc' dir='ltr'>καὶ</span> <span class='ocrx_word' id='word_1_45' title='bbox 986 825 1178 896; x_wconf 73' lang='grc' dir='ltr'>νόμοις</span> <span class='ocrx_word' id='word_1_46' title='bbox 1220 824 1367 900; x_wconf 66' lang='grc' dir='ltr'>*Αρα</span> <span class='ocrx_word' id='word_1_47' title='bbox 1413 829 1469 881; x_wconf 81' lang='grc' dir='ltr'>δὲ</span> <span class='ocrx_word' id='word_1_48' title='bbox 1500 829 1864 899; x_wconf 79' lang='grc' dir='ltr'>ἡάποστασία</span> 
     </span>
    </p>
   </div>
   <div class='ocr_carea' id='block_1_9' title="bbox 288 914 1868 991">
    <p class='ocr_par' dir='ltr' id='par_1_9' title="bbox 288 914 1868 991">
     <span class='ocr_line' id='line_1_9' title="bbox 288 914 1868 991; baseline 0.003 -23"><span class='ocrx_word' id='word_1_49' title='bbox 288 915 382 968; x_wconf 74' lang='grc' dir='ltr'><strong>ἐπὶ</strong></span> <span class='ocrx_word' id='word_1_50' title='bbox 409 914 573 969; x_wconf 81' lang='grc' dir='ltr'>πλέον</span> <span class='ocrx_word' id='word_1_51' title='bbox 602 916 1037 986; x_wconf 81' lang='grc' dir='ltr'>ἀναισχυντοῦσα</span> <span class='ocrx_word' id='word_1_52' title='bbox 1065 919 1160 971; x_wconf 74' lang='grc' dir='ltr'>καὶ</span> <span class='ocrx_word' id='word_1_53' title='bbox 1184 918 1281 989; x_wconf 88' lang='grc' dir='ltr'><strong>τὴν</strong></span> <span class='ocrx_word' id='word_1_54' title='bbox 1303 918 1564 991; x_wconf 80' lang='grc' dir='ltr'>ἀλήθειαν</span> <span class='ocrx_word' id='word_1_55' title='bbox 1602 919 1695 973; x_wconf 88' lang='grc' dir='ltr'><strong>τὸν</strong></span> <span class='ocrx_word' id='word_1_56' title='bbox 1734 920 1868 989; x_wconf 87' lang='grc' dir='ltr'>Χρι-</span> 
     </span>
    </p>
   </div>
   <div class='ocr_carea' id='block_1_10' title="bbox 290 1004 1868 1079">
    <p class='ocr_par' dir='ltr' id='par_1_10' title="bbox 290 1004 1868 1079">
     <span class='ocr_line' id='line_1_10' title="bbox 290 1004 1868 1079; baseline 0.003 -21"><span class='ocrx_word' id='word_1_57' title='bbox 290 1006 417 1059; x_wconf 83' lang='grc' dir='ltr'>στὸν</span> <span class='ocrx_word' id='word_1_58' title='bbox 444 1004 803 1075; x_wconf 69' lang='grc' dir='ltr'><strong>ψευδολογίας</strong></span> <span class='ocrx_word' id='word_1_59' title='bbox 876 1007 1140 1077; x_wconf 77' lang='grc' dir='ltr'><strong>γράφοιτο</strong></span> <span class='ocrx_word' id='word_1_60' title='bbox 1195 1009 1454 1079; x_wconf 80' lang='grc' dir='ltr'>γραφήν;</span> <span class='ocrx_word' id='word_1_61' title='bbox 1520 1008 1578 1061; x_wconf 79' lang='grc' dir='ltr'>Ὀ</span> <span class='ocrx_word' id='word_1_62' title='bbox 1622 1008 1722 1077; x_wconf 79' lang='grc' dir='ltr'>μὲν</span> <span class='ocrx_word' id='word_1_63' title='bbox 1758 1008 1868 1079; x_wconf 72' lang='grc' dir='ltr'>γὰρ</span> 
     </span>
    </p>
   </div>
   <div class='ocr_carea' id='block_1_11' title="bbox 291 1094 1869 1167">
    <p class='ocr_par' dir='ltr' id='par_1_11' title="bbox 291 1094 1869 1167">
     <span class='ocr_line' id='line_1_11' title="bbox 291 1094 1869 1167; baseline 0.003 -21"><span class='ocrx_word' id='word_1_64' title='bbox 291 1094 437 1161; x_wconf 84' lang='grc' dir='ltr'>λέγει</span> <span class='ocrx_word' id='word_1_65' title='bbox 464 1107 479 1121; x_wconf 91' lang='grc'><strong>·</strong></span> <span class='ocrx_word' id='word_1_66' title='bbox 522 1096 869 1149; x_wconf 74' lang='grc' dir='ltr'>Ἐλεύσεται</span> <span class='ocrx_word' id='word_1_67' title='bbox 905 1098 938 1149; x_wconf 86' lang='grc' dir='ltr'><strong>ό</strong></span> <span class='ocrx_word' id='word_1_68' title='bbox 971 1096 1077 1149; x_wconf 90' lang='grc' dir='ltr'>τοῦ</span> <span class='ocrx_word' id='word_1_69' title='bbox 1108 1098 1343 1165; x_wconf 79' lang='grc' dir='ltr'><strong>κόσμου</strong></span> <span class='ocrx_word' id='word_1_70' title='bbox 1381 1098 1601 1167; x_wconf 80' lang='grc' dir='ltr'>ἅρχων,</span> <span class='ocrx_word' id='word_1_71' title='bbox 1654 1097 1749 1151; x_wconf 78' lang='grc' dir='ltr'>καὶ</span> <span class='ocrx_word' id='word_1_72' title='bbox 1800 1097 1869 1151; x_wconf 82' lang='grc' dir='ltr'>ἐν</span> 
     </span>
    </p>
   </div>
   <div class='ocr_carea' id='block_1_12' title="bbox 290 1182 1870 1258">
    <p class='ocr_par' dir='ltr' id='par_1_12' title="bbox 290 1182 1870 1258">
     <span class='ocr_line' id='line_1_12' title="bbox 290 1182 1870 1258; baseline 0.003 -23"><span class='ocrx_word' id='word_1_73' title='bbox 290 1182 423 1251; x_wconf 75' lang='grc' dir='ltr'>ἐμοὶ</span> <span class='ocrx_word' id='word_1_74' title='bbox 456 1182 707 1251; x_wconf 80' lang='grc' dir='ltr'><strong>εὑρήσει</strong></span> <span class='ocrx_word' id='word_1_75' title='bbox 741 1183 941 1239; x_wconf 79' lang='grc' dir='ltr'>οὐδέν.</span> <span class='ocrx_word' id='word_1_76' title='bbox 989 1186 1054 1237; x_wconf 88' lang='grc' dir='ltr'>’Π</span> <span class='ocrx_word' id='word_1_77' title='bbox 1104 1184 1161 1238; x_wconf 86' lang='grc' dir='ltr'>δὲ</span> <span class='ocrx_word' id='word_1_78' title='bbox 1206 1186 1439 1254; x_wconf 77' lang='grc' dir='ltr'>λέγουσα</span> <span class='ocrx_word' id='word_1_79' title='bbox 1489 1188 1551 1241; x_wconf 91' lang='grc' dir='ltr'><strong>τὸ</strong></span> <span class='ocrx_word' id='word_1_80' title='bbox 1603 1188 1783 1258; x_wconf 87' lang='grc' dir='ltr'>σῶμα,</span> <span class='ocrx_word' id='word_1_81' title='bbox 1842 1186 1870 1239; x_wconf 85' lang='grc' dir='ltr'>ὃ</span> 
     </span>
    </p>
   </div>
   <div class='ocr_carea' id='block_1_13' title="bbox 291 1273 1869 1352">
    <p class='ocr_par' dir='ltr' id='par_1_13' title="bbox 291 1273 1869 1352">
     <span class='ocr_line' id='line_1_13' title="bbox 291 1273 1869 1352; baseline 0.005 -25"><span class='ocrx_word' id='word_1_82' title='bbox 291 1275 505 1347; x_wconf 70' lang='grc' dir='ltr'>ἐφόρει,</span> <span class='ocrx_word' id='word_1_83' title='bbox 539 1276 765 1348; x_wconf 83' lang='grc' dir='ltr'>πλάσμα</span> <span class='ocrx_word' id='word_1_84' title='bbox 793 1273 931 1332; x_wconf 75' lang='grc' dir='ltr'>εῖναι</span> <span class='ocrx_word' id='word_1_85' title='bbox 979 1276 1074 1331; x_wconf 80' lang='grc' dir='ltr'>τοῦ</span> <span class='ocrx_word' id='word_1_86' title='bbox 1127 1279 1397 1351; x_wconf 83' lang='grc' dir='ltr'>Πονηροῦ,</span> <span class='ocrx_word' id='word_1_87' title='bbox 1441 1281 1540 1351; x_wconf 79' lang='grc' dir='ltr'>τῆς</span> <span class='ocrx_word' id='word_1_88' title='bbox 1583 1282 1869 1352; x_wconf 76' lang='grc' dir='ltr'>Ἀληθείας</span> 
     </span>
    </p>
   </div>
   <div class='ocr_carea' id='block_1_14' title="bbox 294 1365 1872 1441">
    <p class='ocr_par' dir='ltr' id='par_1_14' title="bbox 294 1365 1872 1441">
     <span class='ocr_line' id='line_1_14' title="bbox 294 1365 1872 1441; baseline 0.004 -22"><span class='ocrx_word' id='word_1_89' title='bbox 294 1367 357 1419; x_wconf 83' lang='grc' dir='ltr'><strong>τὸ</strong></span> <span class='ocrx_word' id='word_1_90' title='bbox 403 1365 603 1435; x_wconf 69' lang='grc' dir='ltr'>ψεῦδος</span> <span class='ocrx_word' id='word_1_91' title='bbox 636 1368 897 1439; x_wconf 77' lang='grc' dir='ltr'>καταχέει</span> <span class='ocrx_word' id='word_1_92' title='bbox 946 1369 1182 1440; x_wconf 84' lang='grc' dir='ltr'>πικρῶς.</span> <span class='ocrx_word' id='word_1_93' title='bbox 1219 1371 1327 1424; x_wconf 78' lang='grc' dir='ltr'>Καὶ</span> <span class='ocrx_word' id='word_1_94' title='bbox 1365 1371 1394 1423; x_wconf 85' lang='grc' dir='ltr'><strong>ὁ</strong></span> <span class='ocrx_word' id='word_1_95' title='bbox 1440 1373 1537 1441; x_wconf 83' lang='grc' dir='ltr'><strong>μὲν</strong></span> <span class='ocrx_word' id='word_1_96' title='bbox 1570 1371 1645 1436; x_wconf 83' lang='grc' dir='ltr'>ὡς</span> <span class='ocrx_word' id='word_1_97' title='bbox 1678 1373 1872 1425; x_wconf 88' lang='grc' dir='ltr'>Δεσπό-</span> 
     </span>
    </p>
   </div>
   <div class='ocr_carea' id='block_1_15' title="bbox 294 1458 1872 1537">
    <p class='ocr_par' dir='ltr' id='par_1_15' title="bbox 294 1458 1872 1537">
     <span class='ocr_line' id='line_1_15' title="bbox 294 1458 1872 1537; baseline 0.005 -29"><span class='ocrx_word' id='word_1_98' title='bbox 294 1474 396 1527; x_wconf 87' lang='grc' dir='ltr'><strong>της</strong></span> <span class='ocrx_word' id='word_1_99' title='bbox 419 1458 644 1511; x_wconf 81' lang='grc' dir='ltr'>πάντων</span> <span class='ocrx_word' id='word_1_100' title='bbox 674 1459 770 1511; x_wconf 74' lang='grc' dir='ltr'>καὶ</span> <span class='ocrx_word' id='word_1_101' title='bbox 817 1458 1022 1529; x_wconf 82' lang='grc' dir='ltr'>Κύριος</span> <span class='ocrx_word' id='word_1_102' title='bbox 1049 1462 1145 1514; x_wconf 71' lang='grc' dir='ltr'><strong>καὶ</strong></span> <span class='ocrx_word' id='word_1_103' title='bbox 1200 1461 1555 1534; x_wconf 82' lang='grc' dir='ltr'>δημιουργὸς,</span> <span class='ocrx_word' id='word_1_104' title='bbox 1605 1464 1695 1516; x_wconf 83' lang='grc' dir='ltr'>ὅτε</span> <span class='ocrx_word' id='word_1_105' title='bbox 1735 1464 1872 1537; x_wconf 74' lang='grc' dir='ltr'>πρὸς</span> 
     </span>
    </p>
   </div>
   <div class='ocr_carea' id='block_1_16' title="bbox 260 1547 1873 1627">
    <p class='ocr_par' dir='ltr' id='par_1_16' title="bbox 260 1547 1873 1627">
     <span class='ocr_line' id='line_1_16' title="bbox 260 1547 1873 1627; baseline 0.005 -26"><span class='ocrx_word' id='word_1_106' title='bbox 260 1598 265 1601; x_wconf 90' lang='grc'><strong>.</strong></span> <span class='ocrx_word' id='word_1_107' title='bbox 295 1547 547 1603; x_wconf 79' lang='grc' dir='ltr'>ἑκούσιον</span> <span class='ocrx_word' id='word_1_108' title='bbox 570 1550 667 1604; x_wconf 75' lang='grc' dir='ltr'><strong>καὶ</strong></span> <span class='ocrx_word' id='word_1_109' title='bbox 714 1552 983 1623; x_wconf 83' lang='grc' dir='ltr'>σωτήριον</span> <span class='ocrx_word' id='word_1_110' title='bbox 1030 1552 1125 1607; x_wconf 80' lang='grc' dir='ltr'>τοῦ</span> <span class='ocrx_word' id='word_1_111' title='bbox 1176 1555 1387 1625; x_wconf 84' lang='grc' dir='ltr'>κόσμου</span> <span class='ocrx_word' id='word_1_112' title='bbox 1422 1554 1598 1619; x_wconf 72' lang='grc' dir='ltr'>πάθος</span> <span class='ocrx_word' id='word_1_113' title='bbox 1634 1556 1873 1627; x_wconf 88' lang='grc' dir='ltr'>παρεγέ-</span> 
     </span>
    </p>
   </div>
   <div class='ocr_carea' id='block_1_17' title="bbox 295 1643 1871 1719">
    <p class='ocr_par' dir='ltr' id='par_1_17' title="bbox 295 1643 1871 1719">
     <span class='ocr_line' id='line_1_17' title="bbox 295 1643 1871 1719; baseline 0.004 -24"><span class='ocrx_word' id='word_1_114' title='bbox 295 1659 436 1704; x_wconf 87' lang='grc' dir='ltr'>νετο,</span> <span class='ocrx_word' id='word_1_115' title='bbox 472 1643 679 1715; x_wconf 82' lang='grc' dir='ltr'><strong>Κύριον</strong></span> <span class='ocrx_word' id='word_1_116' title='bbox 734 1647 926 1699; x_wconf 79' lang='grc' dir='ltr'>ἑαυτὸν</span> <span class='ocrx_word' id='word_1_117' title='bbox 966 1647 1060 1701; x_wconf 72' lang='grc' dir='ltr'><strong>καὶ</strong></span> <span class='ocrx_word' id='word_1_118' title='bbox 1109 1647 1211 1719; x_wconf 80' lang='grc' dir='ltr'>τῆς</span> <span class='ocrx_word' id='word_1_119' title='bbox 1244 1648 1367 1701; x_wconf 72' lang='grc' dir='ltr'>ὄνου</span> <span class='ocrx_word' id='word_1_120' title='bbox 1410 1650 1506 1702; x_wconf 83' lang='grc' dir='ltr'><strong>καὶ</strong></span> <span class='ocrx_word' id='word_1_121' title='bbox 1559 1646 1655 1701; x_wconf 82' lang='grc' dir='ltr'>τοῦ</span> <span class='ocrx_word' id='word_1_122' title='bbox 1690 1648 1871 1701; x_wconf 82' lang='grc' dir='ltr'>πώλου</span> 
     </span>
    </p>
   </div>
   <div class='ocr_carea' id='block_1_18' title="bbox 297 1734 1875 1811">
    <p class='ocr_par' dir='ltr' id='par_1_18' title="bbox 297 1734 1875 1811">
     <span class='ocr_line' id='line_1_18' title="bbox 297 1734 1875 1811; baseline 0.004 -23"><span class='ocrx_word' id='word_1_123' title='bbox 297 1734 551 1806; x_wconf 78' lang='grc' dir='ltr'><strong>ἀπέφηνε</strong></span> <span class='ocrx_word' id='word_1_124' title='bbox 577 1736 713 1806; x_wconf 86' lang='grc' dir='ltr'>πρὸς</span> <span class='ocrx_word' id='word_1_125' title='bbox 745 1736 873 1800; x_wconf 75' lang='grc' dir='ltr'>τοὺς</span> <span class='ocrx_word' id='word_1_126' title='bbox 906 1737 1175 1809; x_wconf 78' lang='grc' dir='ltr'>μαθητάς.</span> <span class='ocrx_word' id='word_1_127' title='bbox 1226 1740 1333 1792; x_wconf 76' lang='grc' dir='ltr'>Καὶ</span> <span class='ocrx_word' id='word_1_128' title='bbox 1382 1740 1490 1810; x_wconf 78' lang='grc' dir='ltr'>γὰρ</span> <span class='ocrx_word' id='word_1_129' title='bbox 1539 1740 1875 1811; x_wconf 87' lang='grc' dir='ltr'>δημιουργή-</span> 
     </span>
    </p>
   </div>
   <div class='ocr_carea' id='block_1_19' title="bbox 298 1828 1871 1902">
    <p class='ocr_par' dir='ltr' id='par_1_19' title="bbox 298 1828 1871 1902">
     <span class='ocr_line' id='line_1_19' title="bbox 298 1828 1871 1902; baseline 0.004 -23"><span class='ocrx_word' id='word_1_130' title='bbox 298 1844 449 1897; x_wconf 88' lang='grc' dir='ltr'>ματα</span> <span class='ocrx_word' id='word_1_131' title='bbox 499 1828 595 1881; x_wconf 73' lang='grc' dir='ltr'><strong>καὶ</strong></span> <span class='ocrx_word' id='word_1_132' title='bbox 644 1828 748 1898; x_wconf 81' lang='grc' dir='ltr'>τῆς</span> <span class='ocrx_word' id='word_1_133' title='bbox 779 1828 976 1883; x_wconf 80' lang='grc' dir='ltr'>ἑαυτοῦ</span> <span class='ocrx_word' id='word_1_134' title='bbox 1012 1830 1337 1902; x_wconf 82' lang='grc' dir='ltr'>κυριότητος</span> <span class='ocrx_word' id='word_1_135' title='bbox 1388 1833 1482 1885; x_wconf 72' lang='grc' dir='ltr'>καὶ</span> <span class='ocrx_word' id='word_1_136' title='bbox 1526 1832 1871 1895; x_wconf 86' lang='grc' dir='ltr'>δεσποτείας,</span> 
     </span>
    </p>
   </div>
   <div class='ocr_carea' id='block_1_20' title="bbox 1972 638 3549 719">
    <p class='ocr_par' dir='ltr' id='par_1_20' title="bbox 1972 638 3549 719">
     <span class='ocr_line' id='line_1_20' title="bbox 1972 638 3549 719; baseline -0.006 -16"><span class='ocrx_word' id='word_1_137' title='bbox 1972 649 2067 703; x_wconf 90' lang='lat' dir='ltr'><strong>sed</strong></span> <span class='ocrx_word' id='word_1_138' title='bbox 2108 650 2151 703; x_wconf 89' lang='lat' dir='ltr'><strong>is</strong></span> <span class='ocrx_word' id='word_1_139' title='bbox 2176 649 2269 719; x_wconf 90' lang='lat' dir='ltr'><strong>qui</strong></span> <span class='ocrx_word' id='word_1_140' title='bbox 2317 664 2411 704; x_wconf 88' lang='lat' dir='ltr'><strong>eos</strong></span> <span class='ocrx_word' id='word_1_141' title='bbox 2443 647 2688 710; x_wconf 82' lang='lat' dir='ltr'><strong>vocavit,</strong></span> <span class='ocrx_word' id='word_1_142' title='bbox 2733 644 3009 715; x_wconf 89' lang='lat' dir='ltr'><strong>quomodo</strong></span> <span class='ocrx_word' id='word_1_143' title='bbox 3044 656 3268 697; x_wconf 88' lang='lat' dir='ltr'><strong>nonres</strong></span> <span class='ocrx_word' id='word_1_144' title='bbox 3309 638 3443 693; x_wconf 83' lang='lat' dir='ltr'><strong>Novi</strong></span> <span class='ocrx_word' id='word_1_145' title='bbox 3494 647 3549 693; x_wconf 87' lang='lat' dir='ltr'><strong>et</strong></span> 
     </span>
    </p>
   </div>
   <div class='ocr_carea' id='block_1_21' title="bbox 1972 731 3549 808">
    <p class='ocr_par' dir='ltr' id='par_1_21' title="bbox 1972 731 3549 808">
     <span class='ocr_line' id='line_1_21' title="bbox 1972 731 3549 808; baseline -0.006 -17"><span class='ocrx_word' id='word_1_146' title='bbox 1972 737 2183 794; x_wconf 85' lang='lat' dir='ltr'><strong>Veteris</strong></span> <span class='ocrx_word' id='word_1_147' title='bbox 2214 738 2545 795; x_wconf 89' lang='lat' dir='ltr'><strong>Testamenti</strong></span> <span class='ocrx_word' id='word_1_148' title='bbox 2576 736 2818 808; x_wconf 79' lang='lat' dir='ltr'><strong>ejusdem</strong></span> <span class='ocrx_word' id='word_1_149' title='bbox 2844 733 2970 789; x_wconf 90' lang='lat' dir='ltr'><strong>boni</strong></span> <span class='ocrx_word' id='word_1_150' title='bbox 2998 731 3093 787; x_wconf 91' lang='lat' dir='ltr'><strong>Dei</strong></span> <span class='ocrx_word' id='word_1_151' title='bbox 3124 740 3178 786; x_wconf 91' lang='lat' dir='ltr'><strong>et</strong></span> <span class='ocrx_word' id='word_1_152' title='bbox 3205 745 3370 800; x_wconf 82' lang='lat' dir='ltr'><strong>opera</strong></span> <span class='ocrx_word' id='word_1_153' title='bbox 3422 737 3549 789; x_wconf 70' lang='lat' dir='ltr'><strong>sunt</strong></span> 
     </span>
    </p>
   </div>
   <div class='ocr_carea' id='block_1_22' title="bbox 1973 821 3549 902">
    <p class='ocr_par' dir='ltr' id='par_1_22' title="bbox 1973 821 3549 902">
     <span class='ocr_line' id='line_1_22' title="bbox 1973 821 3549 902; baseline -0.008 -17"><span class='ocrx_word' id='word_1_154' title='bbox 1973 840 2027 885; x_wconf 90' lang='lat' dir='ltr'><strong>et</strong></span> <span class='ocrx_word' id='word_1_155' title='bbox 2057 830 2560 902; x_wconf 78' lang='lat' dir='ltr'><strong>leges?Num&#39;vero</strong></span> <span class='ocrx_word' id='word_1_156' title='bbox 2580 826 2901 884; x_wconf 78' lang='lat' dir='ltr'><strong>defectionis</strong></span> <span class='ocrx_word' id='word_1_157' title='bbox 2934 826 3091 880; x_wconf 88' lang='lat' dir='ltr'><strong>turba</strong></span> <span class='ocrx_word' id='word_1_158' title='bbox 3117 863 3133 889; x_wconf 93' lang='lat'><strong>,</strong></span> <span class='ocrx_word' id='word_1_159' title='bbox 3185 822 3327 877; x_wconf 88' lang='lat' dir='ltr'><strong>facta</strong></span> <span class='ocrx_word' id='word_1_160' title='bbox 3364 821 3549 894; x_wconf 66' lang='lat' dir='ltr'><strong>impu—</strong></span> 
     </span>
    </p>
   </div>
   <div class='ocr_carea' id='block_1_23' title="bbox 1973 913 3549 989">
    <p class='ocr_par' dir='ltr' id='par_1_23' title="bbox 1973 913 3549 989">
     <span class='ocr_line' id='line_1_23' title="bbox 1973 913 3549 989; baseline -0.007 -13"><span class='ocrx_word' id='word_1_161' title='bbox 1973 922 2210 985; x_wconf 85' lang='lat' dir='ltr'><strong>dentior,</strong></span> <span class='ocrx_word' id='word_1_162' title='bbox 2234 920 2534 988; x_wconf 79' lang='lat' dir='ltr'><strong>Christum,</strong></span> <span class='ocrx_word' id='word_1_163' title='bbox 2568 920 2851 975; x_wconf 88' lang='lat' dir='ltr'><strong>veritatem</strong></span> <span class='ocrx_word' id='word_1_164' title='bbox 2880 918 3075 989; x_wconf 85' lang='lat' dir='ltr'><strong>ipsam,</strong></span> <span class='ocrx_word' id='word_1_165' title='bbox 3106 913 3375 971; x_wconf 89' lang='lat' dir='ltr'><strong>mendacii</strong></span> <span class='ocrx_word' id='word_1_166' title='bbox 3418 921 3549 971; x_wconf 84' lang='lat' dir='ltr'><strong>nota</strong></span> 
     </span>
    </p>
   </div>
   <div class='ocr_carea' id='block_1_24' title="bbox 1974 1005 3549 1080">
    <p class='ocr_par' dir='ltr' id='par_1_24' title="bbox 1974 1005 3549 1080">
     <span class='ocr_line' id='line_1_24' title="bbox 1974 1005 3549 1080; baseline -0.004 -14"><span class='ocrx_word' id='word_1_167' title='bbox 1974 1012 2286 1067; x_wconf 90' lang='lat' dir='ltr'><strong>insimulare</strong></span> <span class='ocrx_word' id='word_1_168' title='bbox 2313 1012 2667 1067; x_wconf 90' lang='lat' dir='ltr'><strong>audeat?llle</strong></span> <span class='ocrx_word' id='word_1_169' title='bbox 2723 1011 2867 1066; x_wconf 90' lang='lat' dir='ltr'><strong>enim</strong></span> <span class='ocrx_word' id='word_1_170' title='bbox 2927 1008 3043 1063; x_wconf 86' lang='lat' dir='ltr'><strong>ait:</strong></span> <span class='ocrx_word' id='word_1_171' title='bbox 3084 1008 3257 1061; x_wconf 81' lang='lat' dir='ltr'><strong>Veniet</strong></span> <span class='ocrx_word' id='word_1_172' title='bbox 3307 1005 3549 1080; x_wconf 78' lang='lat' dir='ltr'><strong>princeps</strong></span> 
     </span>
    </p>
   </div>
   <div class='ocr_carea' id='block_1_25' title="bbox 1974 1099 3548 1169">
    <p class='ocr_par' dir='ltr' id='par_1_25' title="bbox 1974 1099 3548 1169">
     <span class='ocr_line' id='line_1_25' title="bbox 1974 1099 3548 1169; baseline -0.005 -13"><span class='ocrx_word' id='word_1_173' title='bbox 1974 1103 2177 1169; x_wconf 85' lang='lat' dir='ltr'><strong>mundi,</strong></span> <span class='ocrx_word' id='word_1_174' title='bbox 2200 1113 2247 1157; x_wconf 87' lang='lat' dir='ltr'><strong>et</strong></span> <span class='ocrx_word' id='word_1_175' title='bbox 2278 1105 2333 1157; x_wconf 89' lang='lat' dir='ltr'><strong>in</strong></span> <span class='ocrx_word' id='word_1_176' title='bbox 2366 1120 2446 1158; x_wconf 90' lang='lat' dir='ltr'><strong>me</strong></span> <span class='ocrx_word' id='word_1_177' title='bbox 2478 1104 2705 1158; x_wconf 81' lang='lat' dir='ltr'><strong>inveniet</strong></span> <span class='ocrx_word' id='word_1_178' title='bbox 2738 1100 2869 1156; x_wconf 82' lang='lat' dir='ltr'><strong>nihil</strong></span> <span class='ocrx_word' id='word_1_179' title='bbox 2897 1102 2963 1154; x_wconf 82' lang='grc'>²¹.</span> <span class='ocrx_word' id='word_1_180' title='bbox 3002 1099 3121 1169; x_wconf 91' lang='lat' dir='ltr'><strong>Ipsa</strong></span> <span class='ocrx_word' id='word_1_181' title='bbox 3152 1112 3286 1153; x_wconf 88' lang='lat' dir='ltr'><strong>vero</strong></span> <span class='ocrx_word' id='word_1_182' title='bbox 3328 1110 3548 1167; x_wconf 87' lang='lat' dir='ltr'><strong>corpus,</strong></span> 
     </span>
    </p>
   </div>
   <div class='ocr_carea' id='block_1_26' title="bbox 1975 1185 3553 1264">
    <p class='ocr_par' dir='ltr' id='par_1_26' title="bbox 1975 1185 3553 1264">
     <span class='ocr_line' id='line_1_26' title="bbox 1975 1185 3553 1264; baseline -0.006 -16"><span class='ocrx_word' id='word_1_183' title='bbox 1975 1195 2121 1264; x_wconf 89' lang='lat' dir='ltr'><strong>quod</strong></span> <span class='ocrx_word' id='word_1_184' title='bbox 2147 1194 2586 1261; x_wconf 82' lang='lat' dir='ltr'><strong>circumferebat,</strong></span> <span class='ocrx_word' id='word_1_185' title='bbox 2611 1202 2916 1249; x_wconf 91' lang='lat' dir='ltr'><strong>creaturam</strong></span> <span class='ocrx_word' id='word_1_186' title='bbox 2944 1190 3071 1246; x_wconf 92' lang='lat' dir='ltr'><strong>mali</strong></span> <span class='ocrx_word' id='word_1_187' title='bbox 3105 1189 3415 1253; x_wconf 90' lang='lat' dir='ltr'><strong>venditans,</strong></span> <span class='ocrx_word' id='word_1_188' title='bbox 3449 1185 3553 1240; x_wconf 79' lang='lat' dir='ltr'><strong>Ve—</strong></span> 
     </span>
    </p>
   </div>
   <div class='ocr_carea' id='block_1_27' title="bbox 1976 1277 3553 1354">
    <p class='ocr_par' dir='ltr' id='par_1_27' title="bbox 1976 1277 3553 1354">
     <span class='ocr_line' id='line_1_27' title="bbox 1976 1277 3553 1354; baseline -0.007 -15"><span class='ocrx_word' id='word_1_189' title='bbox 1976 1286 2191 1341; x_wconf 86' lang='lat' dir='ltr'><strong>ritatem</strong></span> <span class='ocrx_word' id='word_1_190' title='bbox 2234 1285 2502 1339; x_wconf 86' lang='lat' dir='ltr'><strong>virulente</strong></span> <span class='ocrx_word' id='word_1_191' title='bbox 2529 1284 2797 1339; x_wconf 88' lang='lat' dir='ltr'><strong>mendacii</strong></span> <span class='ocrx_word' id='word_1_192' title='bbox 2845 1282 3045 1354; x_wconf 79' lang='lat' dir='ltr'><strong>arguit.</strong></span> <span class='ocrx_word' id='word_1_193' title='bbox 3106 1281 3284 1350; x_wconf 84' lang='lat' dir='ltr'><strong>Atque</strong></span> <span class='ocrx_word' id='word_1_194' title='bbox 3312 1278 3399 1331; x_wconf 89' lang='lat' dir='ltr'><strong>ille</strong></span> <span class='ocrx_word' id='word_1_195' title='bbox 3428 1277 3553 1346; x_wconf 87' lang='lat' dir='ltr'><strong>qui-</strong></span> 
     </span>
    </p>
   </div>
   <div class='ocr_carea' id='block_1_28' title="bbox 1977 1370 3553 1444">
    <p class='ocr_par' dir='ltr' id='par_1_28' title="bbox 1977 1370 3553 1444">
     <span class='ocr_line' id='line_1_28' title="bbox 1977 1370 3553 1444; baseline -0.007 -13"><span class='ocrx_word' id='word_1_196' title='bbox 1977 1376 2123 1440; x_wconf 86' lang='lat' dir='ltr'><strong>dem,</strong></span> <span class='ocrx_word' id='word_1_197' title='bbox 2147 1384 2208 1431; x_wconf 90' lang='lat' dir='ltr'><strong>ut</strong></span> <span class='ocrx_word' id='word_1_198' title='bbox 2245 1375 2507 1430; x_wconf 88' lang='lat' dir='ltr'><strong>Dominus</strong></span> <span class='ocrx_word' id='word_1_199' title='bbox 2535 1376 2777 1429; x_wconf 91' lang='lat' dir='ltr'><strong>omnium</strong></span> <span class='ocrx_word' id='word_1_200' title='bbox 2803 1384 2858 1430; x_wconf 90' lang='lat' dir='ltr'><strong>et</strong></span> <span class='ocrx_word' id='word_1_201' title='bbox 2889 1375 3157 1444; x_wconf 86' lang='lat' dir='ltr'><strong>superior,</strong></span> <span class='ocrx_word' id='word_1_202' title='bbox 3188 1380 3242 1426; x_wconf 88' lang='lat' dir='ltr'><strong>et</strong></span> <span class='ocrx_word' id='word_1_203' title='bbox 3268 1370 3553 1431; x_wconf 85' lang='lat' dir='ltr'><strong>Conditor,</strong></span> 
     </span>
    </p>
   </div>
   <div class='ocr_carea' id='block_1_29' title="bbox 1978 1465 3556 1538">
    <p class='ocr_par' dir='ltr' id='par_1_29' title="bbox 1978 1465 3556 1538">
     <span class='ocr_line' id='line_1_29' title="bbox 1978 1465 3556 1538; baseline -0.005 -17"><span class='ocrx_word' id='word_1_204' title='bbox 1978 1468 2195 1538; x_wconf 87' lang='lat' dir='ltr'><strong>quando</strong></span> <span class='ocrx_word' id='word_1_205' title='bbox 2224 1467 2289 1521; x_wconf 91' lang='lat' dir='ltr'><strong>ad</strong></span> <span class='ocrx_word' id='word_1_206' title='bbox 2320 1466 2653 1537; x_wconf 84' lang='lat' dir='ltr'><strong>passionem,</strong></span> <span class='ocrx_word' id='word_1_207' title='bbox 2709 1467 2914 1521; x_wconf 90' lang='lat' dir='ltr'><strong>mundo</strong></span> <span class='ocrx_word' id='word_1_208' title='bbox 2948 1465 3289 1536; x_wconf 81' lang='lat' dir='ltr'><strong>profuturam</strong></span> <span class='ocrx_word' id='word_1_209' title='bbox 3313 1503 3327 1528; x_wconf 90' lang='lat'><strong>,</strong></span> <span class='ocrx_word' id='word_1_210' title='bbox 3363 1470 3556 1532; x_wconf 90' lang='lat' dir='ltr'><strong>sponte</strong></span> 
     </span>
    </p>
   </div>
   <div class='ocr_carea' id='block_1_30' title="bbox 1979 1553 3558 1623">
    <p class='ocr_par' dir='ltr' id='par_1_30' title="bbox 1979 1553 3558 1623">
     <span class='ocr_line' id='line_1_30' title="bbox 1979 1553 3558 1623; baseline -0.005 -13"><span class='ocrx_word' id='word_1_211' title='bbox 1979 1572 2075 1611; x_wconf 89' lang='lat' dir='ltr'><strong>sua</strong></span> <span class='ocrx_word' id='word_1_212' title='bbox 2098 1556 2367 1617; x_wconf 76' lang='lat' dir='ltr'><strong>veniebat,</strong></span> <span class='ocrx_word' id='word_1_213' title='bbox 2396 1571 2455 1610; x_wconf 90' lang='lat' dir='ltr'><strong>se</strong></span> <span class='ocrx_word' id='word_1_214' title='bbox 2481 1563 2535 1609; x_wconf 91' lang='lat' dir='ltr'><strong>et</strong></span> <span class='ocrx_word' id='word_1_215' title='bbox 2564 1554 2731 1609; x_wconf 73' lang='lat' dir='ltr'><strong>asina:</strong></span> <span class='ocrx_word' id='word_1_216' title='bbox 2752 1563 2805 1609; x_wconf 89' lang='lat' dir='ltr'><strong>et</strong></span> <span class='ocrx_word' id='word_1_217' title='bbox 2828 1554 2955 1623; x_wconf 87' lang='lat' dir='ltr'><strong>pulli</strong></span> <span class='ocrx_word' id='word_1_218' title='bbox 2983 1554 3265 1608; x_wconf 91' lang='lat' dir='ltr'><strong>dominum</strong></span> <span class='ocrx_word' id='word_1_219' title='bbox 3292 1553 3558 1607; x_wconf 88' lang='lat' dir='ltr'><strong>adversus</strong></span> 
     </span>
    </p>
   </div>
   <div class='ocr_carea' id='block_1_31' title="bbox 1979 1644 3557 1719">
    <p class='ocr_par' dir='ltr' id='par_1_31' title="bbox 1979 1644 3557 1719">
     <span class='ocr_line' id='line_1_31' title="bbox 1979 1644 3557 1719; baseline -0.006 -14"><span class='ocrx_word' id='word_1_220' title='bbox 1979 1649 2274 1719; x_wconf 87' lang='lat' dir='ltr'><strong>discipulos</strong></span> <span class='ocrx_word' id='word_1_221' title='bbox 2328 1648 2657 1704; x_wconf 87' lang='lat' dir='ltr'><strong>declarabat.</strong></span> <span class='ocrx_word' id='word_1_222' title='bbox 2713 1644 2847 1700; x_wconf 87' lang='lat' dir='ltr'><strong>Nam</strong></span> <span class='ocrx_word' id='word_1_223' title='bbox 2876 1655 3152 1700; x_wconf 83' lang='lat' dir='ltr'><strong>creaturas</strong></span> <span class='ocrx_word' id='word_1_224' title='bbox 3185 1644 3430 1699; x_wconf 89' lang='lat' dir='ltr'><strong>dominio</strong></span> <span class='ocrx_word' id='word_1_225' title='bbox 3457 1658 3557 1697; x_wconf 92' lang='lat' dir='ltr'><strong>suo</strong></span> 
     </span>
    </p>
   </div>
   <div class='ocr_carea' id='block_1_32' title="bbox 1981 1735 3555 1813">
    <p class='ocr_par' dir='ltr' id='par_1_32' title="bbox 1981 1735 3555 1813">
     <span class='ocr_line' id='line_1_32' title="bbox 1981 1735 3555 1813; baseline -0.004 -18"><span class='ocrx_word' id='word_1_226' title='bbox 1981 1751 2036 1795; x_wconf 91' lang='lat' dir='ltr'><strong>et</strong></span> <span class='ocrx_word' id='word_1_227' title='bbox 2069 1742 2298 1813; x_wconf 90' lang='lat' dir='ltr'><strong>imperio</strong></span> <span class='ocrx_word' id='word_1_228' title='bbox 2327 1758 2479 1812; x_wconf 68' lang='lat' dir='ltr'><strong>teque</strong></span> <span class='ocrx_word' id='word_1_229' title='bbox 2509 1741 2768 1806; x_wconf 79' lang='lat' dir='ltr'><strong>vindicat,</strong></span> <span class='ocrx_word' id='word_1_230' title='bbox 2809 1756 2870 1794; x_wconf 89' lang='lat' dir='ltr'><strong>ac</strong></span> <span class='ocrx_word' id='word_1_231' title='bbox 2919 1738 3203 1801; x_wconf 86' lang='lat' dir='ltr'><strong>mundum,</strong></span> <span class='ocrx_word' id='word_1_232' title='bbox 3237 1746 3291 1791; x_wconf 89' lang='lat' dir='ltr'><strong>et</strong></span> <span class='ocrx_word' id='word_1_233' title='bbox 3338 1753 3459 1806; x_wconf 74' lang='lat' dir='ltr'><strong>qua:</strong></span> <span class='ocrx_word' id='word_1_234' title='bbox 3499 1735 3555 1790; x_wconf 88' lang='lat' dir='ltr'><strong>in</strong></span> 
     </span>
    </p>
   </div>
   <div class='ocr_carea' id='block_1_33' title="bbox 1982 1829 3561 1904">
    <p class='ocr_par' dir='ltr' id='par_1_33' title="bbox 1982 1829 3561 1904">
     <span class='ocr_line' id='line_1_33' title="bbox 1982 1829 3561 1904; baseline -0.004 -16"><span class='ocrx_word' id='word_1_235' title='bbox 1982 1849 2047 1889; x_wconf 89' lang='lat' dir='ltr'><strong>co</strong></span> <span class='ocrx_word' id='word_1_236' title='bbox 2073 1844 2219 1890; x_wconf 90' lang='lat' dir='ltr'><strong>sunt.</strong></span> <span class='ocrx_word' id='word_1_237' title='bbox 2249 1832 2375 1889; x_wconf 87' lang='lat' dir='ltr'><strong>ideo</strong></span> <span class='ocrx_word' id='word_1_238' title='bbox 2404 1834 2505 1889; x_wconf 89' lang='lat' dir='ltr'><strong>ait:</strong></span> <span class='ocrx_word' id='word_1_239' title='bbox 2541 1833 2599 1889; x_wconf 81' lang='lat' dir='ltr'><strong>Si</strong></span> <span class='ocrx_word' id='word_1_240' title='bbox 2626 1834 2741 1904; x_wconf 89' lang='lat' dir='ltr'><strong>quis</strong></span> <span class='ocrx_word' id='word_1_241' title='bbox 2768 1832 3057 1901; x_wconf 80' lang='lat' dir='ltr'><strong>quidquam</strong></span> <span class='ocrx_word' id='word_1_242' title='bbox 3098 1830 3236 1884; x_wconf 76' lang='lat' dir='ltr'><strong>vobis</strong></span> <span class='ocrx_word' id='word_1_243' title='bbox 3264 1830 3457 1882; x_wconf 67' lang='lat' dir='ltr'><strong>dixerit</strong></span> <span class='ocrx_word' id='word_1_244' title='bbox 3480 1829 3561 1881; x_wconf 40' lang='lat' dir='ltr'><strong>dii</strong></span> 
     </span>
    </p>
   </div>
   <div class='ocr_carea' id='block_1_34' title="bbox 297 1917 1879 1994">
    <p class='ocr_par' dir='ltr' id='par_1_34' title="bbox 297 1917 1869 1994">
     <span class='ocr_line' id='line_1_34' title="bbox 297 1917 1869 1994; baseline 0.006 -24"><span class='ocrx_word' id='word_1_245' title='bbox 297 1917 492 1990; x_wconf 87' lang='grc' dir='ltr'>ῶσπερ</span> <span class='ocrx_word' id='word_1_246' title='bbox 520 1920 549 1973; x_wconf 85' lang='grc' dir='ltr'><strong>ό</strong></span> <span class='ocrx_word' id='word_1_247' title='bbox 574 1919 780 1989; x_wconf 67' lang='grc' dir='ltr'>κόσμος</span> <span class='ocrx_word' id='word_1_248' title='bbox 808 1922 903 1974; x_wconf 73' lang='grc' dir='ltr'><strong>καὶ</strong></span> <span class='ocrx_word' id='word_1_249' title='bbox 932 1920 1001 1975; x_wconf 74' lang='grc' dir='ltr'>τὰ</span> <span class='ocrx_word' id='word_1_250' title='bbox 1030 1923 1090 1975; x_wconf 81' lang='grc' dir='ltr'>ὲν</span> <span class='ocrx_word' id='word_1_251' title='bbox 1119 1922 1289 1994; x_wconf 74' lang='grc' dir='ltr'>αὐτῷ,</span> <span class='ocrx_word' id='word_1_252' title='bbox 1325 1921 1473 1977; x_wconf 73' lang='grc' dir='ltr'>οὕτω</span> <span class='ocrx_word' id='word_1_253' title='bbox 1519 1924 1615 1977; x_wconf 78' lang='grc' dir='ltr'><strong>καὶ</strong></span> <span class='ocrx_word' id='word_1_254' title='bbox 1674 1923 1869 1979; x_wconf 79' lang='grc' dir='ltr'>ταῦτα.</span> 
     </span>
    </p>
   </div>
   <div class='ocr_carea' id='block_1_35' title="bbox 1981 1917 3560 1994">
    <p class='ocr_par' dir='ltr' id='par_1_35' title="bbox 1981 1921 3560 1993">
     <span class='ocr_line' id='line_1_35' title="bbox 1981 1921 3560 1993; baseline -0.004 -14"><span class='ocrx_word' id='word_1_255' title='bbox 1981 1927 2109 1981; x_wconf 84' lang='lat' dir='ltr'><strong>cite:</strong></span> <span class='ocrx_word' id='word_1_256' title='bbox 2140 1926 2396 1981; x_wconf 82' lang='lat' dir='ltr'><strong>Dominus</strong></span> <span class='ocrx_word' id='word_1_257' title='bbox 2436 1926 2544 1980; x_wconf 88' lang='lat' dir='ltr'><strong>illis</strong></span> <span class='ocrx_word' id='word_1_258' title='bbox 2576 1942 2704 1993; x_wconf 87' lang='lat' dir='ltr'><strong>opus</strong></span> <span class='ocrx_word' id='word_1_259' title='bbox 2753 1923 2928 1977; x_wconf 84' lang='lat' dir='ltr'><strong>habet.</strong></span> <span class='ocrx_word' id='word_1_260' title='bbox 2962 1922 3155 1976; x_wconf 83' lang='lat' dir='ltr'><strong>Statim</strong></span> <span class='ocrx_word' id='word_1_261' title='bbox 3184 1937 3303 1976; x_wconf 80' lang='lat' dir='ltr'><strong>vero</strong></span> <span class='ocrx_word' id='word_1_262' title='bbox 3332 1921 3560 1974; x_wconf 79' lang='lat' dir='ltr'><strong>dimittet</strong></span> 
     </span>
    </p>
   </div>
   <div class='ocr_carea' id='block_1_36' title="bbox 297 2011 1875 2084">
    <p class='ocr_par' dir='ltr' id='par_1_36' title="bbox 297 2011 1875 2084">
     <span class='ocr_line' id='line_1_36' title="bbox 297 2011 1875 2084; baseline 0.005 -21"><span class='ocrx_word' id='word_1_263' title='bbox 297 2012 391 2064; x_wconf 85' lang='grc' dir='ltr'>Διό</span> <span class='ocrx_word' id='word_1_264' title='bbox 416 2028 618 2082; x_wconf 81' lang='grc' dir='ltr'>φησιν·</span> <span class='ocrx_word' id='word_1_265' title='bbox 661 2011 803 2066; x_wconf 83' lang='grc' dir='ltr'><strong>Ἐάν</strong></span> <span class='ocrx_word' id='word_1_266' title='bbox 833 2029 921 2079; x_wconf 86' lang='grc' dir='ltr'><strong>τις</strong></span> <span class='ocrx_word' id='word_1_267' title='bbox 945 2012 1085 2082; x_wconf 79' lang='grc' dir='ltr'>εἴπῃ</span> <span class='ocrx_word' id='word_1_268' title='bbox 1120 2015 1263 2084; x_wconf 82' lang='grc' dir='ltr'>ὑμῖν</span> <span class='ocrx_word' id='word_1_269' title='bbox 1317 2032 1391 2081; x_wconf 91' lang='grc' dir='ltr'><strong>τι,</strong></span> <span class='ocrx_word' id='word_1_270' title='bbox 1415 2015 1619 2084; x_wconf 81' lang='grc' dir='ltr'>ἐρεῖτε,</span> <span class='ocrx_word' id='word_1_271' title='bbox 1672 2017 1761 2071; x_wconf 79' lang='grc' dir='ltr'>ὅτι</span> <span class='ocrx_word' id='word_1_272' title='bbox 1815 2017 1875 2077; x_wconf 84' lang='lat' dir='ltr'><strong>&#39;Q</strong></span> 
     </span>
    </p>
   </div>
   <div class='ocr_carea' id='block_1_37' title="bbox 299 2102 1879 2174">
    <p class='ocr_par' dir='ltr' id='par_1_37' title="bbox 299 2102 1879 2174">
     <span class='ocr_line' id='line_1_37' title="bbox 299 2102 1879 2174; baseline 0.004 -18"><span class='ocrx_word' id='word_1_273' title='bbox 299 2104 515 2171; x_wconf 84' lang='grc' dir='ltr'>Κύριος</span> <span class='ocrx_word' id='word_1_274' title='bbox 540 2102 743 2157; x_wconf 84' lang='grc' dir='ltr'>αὐτῶν</span> <span class='ocrx_word' id='word_1_275' title='bbox 770 2105 981 2172; x_wconf 76' lang='grc' dir='ltr'>χρείαν</span> <span class='ocrx_word' id='word_1_276' title='bbox 1026 2104 1174 2174; x_wconf 74' lang='grc' dir='ltr'>ἔχει.</span> <span class='ocrx_word' id='word_1_277' title='bbox 1216 2105 1459 2173; x_wconf 81' lang='grc' dir='ltr'><strong>Εὐθέως</strong></span> <span class='ocrx_word' id='word_1_278' title='bbox 1497 2106 1565 2160; x_wconf 84' lang='grc' dir='ltr'>δὲ</span> <span class='ocrx_word' id='word_1_279' title='bbox 1623 2107 1879 2162; x_wconf 81' lang='grc' dir='ltr'>ἀποστε-</span> 
     </span>
    </p>
   </div>
   <div class='ocr_carea' id='block_1_38' title="bbox 297 2193 1877 2269">
    <p class='ocr_par' dir='ltr' id='par_1_38' title="bbox 297 2193 1877 2269">
     <span class='ocr_line' id='line_1_38' title="bbox 297 2193 1877 2269; baseline 0.004 -24"><span class='ocrx_word' id='word_1_280' title='bbox 297 2193 521 2264; x_wconf 68' lang='grc' dir='ltr'>λεῖμἸ)</span> <span class='ocrx_word' id='word_1_281' title='bbox 559 2194 734 2249; x_wconf 84' lang='grc' dir='ltr'>αὐτά.</span> <span class='ocrx_word' id='word_1_282' title='bbox 760 2196 913 2249; x_wconf 72' lang='grc' dir='ltr'>Καὶό</span> <span class='ocrx_word' id='word_1_283' title='bbox 955 2196 1054 2268; x_wconf 81' lang='grc' dir='ltr'>μὲν</span> <span class='ocrx_word' id='word_1_284' title='bbox 1092 2197 1331 2268; x_wconf 88' lang='grc' dir='ltr'>Χριστὸς</span> <span class='ocrx_word' id='word_1_285' title='bbox 1350 2197 1553 2269; x_wconf 80' lang='grc' dir='ltr'>Κύριον</span> <span class='ocrx_word' id='word_1_286' title='bbox 1584 2198 1777 2253; x_wconf 79' lang='grc' dir='ltr'>ἑαυτὸν</span> <span class='ocrx_word' id='word_1_287' title='bbox 1802 2198 1877 2263; x_wconf 84' lang='grc' dir='ltr'>ὡς</span> 
     </span>
    </p>
   </div>
   <div class='ocr_carea' id='block_1_39' title="bbox 297 2286 1876 2360">
    <p class='ocr_par' dir='ltr' id='par_1_39' title="bbox 297 2286 1876 2360">
     <span class='ocr_line' id='line_1_39' title="bbox 297 2286 1876 2360; baseline 0.003 -21"><span class='ocrx_word' id='word_1_288' title='bbox 297 2286 527 2359; x_wconf 79' lang='grc' dir='ltr'>κτίστης</span> <span class='ocrx_word' id='word_1_289' title='bbox 554 2287 655 2357; x_wconf 78' lang='grc' dir='ltr'>τῆς</span> <span class='ocrx_word' id='word_1_290' title='bbox 686 2304 746 2340; x_wconf 91' lang='grc' dir='ltr'><strong>τε</strong></span> <span class='ocrx_word' id='word_1_291' title='bbox 790 2288 913 2342; x_wconf 79' lang='grc' dir='ltr'>δνου</span> <span class='ocrx_word' id='word_1_292' title='bbox 966 2290 1062 2342; x_wconf 75' lang='grc' dir='ltr'><strong>καὶ</strong></span> <span class='ocrx_word' id='word_1_293' title='bbox 1122 2289 1220 2343; x_wconf 79' lang='grc' dir='ltr'>τοῦ</span> <span class='ocrx_word' id='word_1_294' title='bbox 1258 2288 1442 2343; x_wconf 82' lang='grc' dir='ltr'>πώλου</span> <span class='ocrx_word' id='word_1_295' title='bbox 1487 2289 1676 2359; x_wconf 81' lang='grc' dir='ltr'>λέγει’</span> <span class='ocrx_word' id='word_1_296' title='bbox 1738 2293 1771 2360; x_wconf 84' lang='grc' dir='ltr'>ὴ</span> <span class='ocrx_word' id='word_1_297' title='bbox 1820 2291 1876 2344; x_wconf 80' lang='grc' dir='ltr'>δὲ</span> 
     </span>
    </p>
   </div>
   <div class='ocr_carea' id='block_1_40' title="bbox 296 2378 1875 2451">
    <p class='ocr_par' dir='ltr' id='par_1_40' title="bbox 296 2378 1875 2451">
     <span class='ocr_line' id='line_1_40' title="bbox 296 2378 1875 2451; baseline 0.001 -20"><span class='ocrx_word' id='word_1_298' title='bbox 296 2378 609 2433; x_wconf 75' lang='grc' dir='ltr'>ἀποστασία</span> <span class='ocrx_word' id='word_1_299' title='bbox 674 2378 775 2432; x_wconf 74' lang='grc' dir='ltr'><strong>οὐκ</strong></span> <span class='ocrx_word' id='word_1_300' title='bbox 811 2379 1061 2450; x_wconf 76' lang='grc' dir='ltr'>ἀνέχεται</span> <span class='ocrx_word' id='word_1_301' title='bbox 1116 2378 1297 2444; x_wconf 81' lang='grc' dir='ltr'>τοῦτο,</span> <span class='ocrx_word' id='word_1_302' title='bbox 1361 2379 1501 2434; x_wconf 80' lang='grc' dir='ltr'>ἀλλὰ</span> <span class='ocrx_word' id='word_1_303' title='bbox 1555 2380 1655 2451; x_wconf 77' lang='grc' dir='ltr'>τῆς</span> <span class='ocrx_word' id='word_1_304' title='bbox 1710 2380 1875 2433; x_wconf 80' lang='grc' dir='ltr'>αὑτοῦ</span> 
     </span>
    </p>
   </div>
   <div class='ocr_carea' id='block_1_41' title="bbox 298 2469 1874 2544">
    <p class='ocr_par' dir='ltr' id='par_1_41' title="bbox 298 2469 1874 2544">
     <span class='ocr_line' id='line_1_41' title="bbox 298 2469 1874 2544; baseline 0.003 -23"><span class='ocrx_word' id='word_1_305' title='bbox 298 2469 547 2533; x_wconf 75' lang='grc' dir='ltr'>ἐξουσίας</span> <span class='ocrx_word' id='word_1_306' title='bbox 566 2470 889 2541; x_wconf 81' lang='grc' dir='ltr'>ἁρπάζουσα</span> <span class='ocrx_word' id='word_1_307' title='bbox 919 2471 1024 2525; x_wconf 81' lang='grc' dir='ltr'><strong>ὑπὸ</strong></span> <span class='ocrx_word' id='word_1_308' title='bbox 1046 2472 1146 2541; x_wconf 80' lang='grc' dir='ltr'>τὴν</span> <span class='ocrx_word' id='word_1_309' title='bbox 1168 2471 1533 2544; x_wconf 74' lang='grc' dir='ltr'>δημιουργίαν</span> <span class='ocrx_word' id='word_1_310' title='bbox 1565 2474 1752 2526; x_wconf 86' lang='grc' dir='ltr'>τάττει</span> <span class='ocrx_word' id='word_1_311' title='bbox 1780 2473 1874 2526; x_wconf 72' lang='grc' dir='ltr'>τοῦ</span> 
     </span>
    </p>
   </div>
   <div class='ocr_carea' id='block_1_42' title="bbox 314 2563 1877 2638">
    <p class='ocr_par' dir='ltr' id='par_1_42' title="bbox 314 2563 1877 2638">
     <span class='ocr_line' id='line_1_42' title="bbox 314 2563 1877 2638; baseline 0.001 -21"><span class='ocrx_word' id='word_1_312' title='bbox 314 2563 563 2635; x_wconf 82' lang='grc' dir='ltr'>Ἐχθροῦ.</span> <span class='ocrx_word' id='word_1_313' title='bbox 604 2564 752 2618; x_wconf 85' lang='grc' dir='ltr'>Ἔδει</span> <span class='ocrx_word' id='word_1_314' title='bbox 780 2564 921 2630; x_wconf 78' lang='grc' dir='ltr'>δὲ,εί</span> <span class='ocrx_word' id='word_1_315' title='bbox 971 2566 1100 2635; x_wconf 83' lang='grc' dir='ltr'>μήτι</span> <span class='ocrx_word' id='word_1_316' title='bbox 1124 2564 1272 2629; x_wconf 84' lang='grc' dir='ltr'>ἄλλο,</span> <span class='ocrx_word' id='word_1_317' title='bbox 1315 2566 1707 2638; x_wconf 85' lang='grc' dir='ltr'>δυσωπηθῆναι</span> <span class='ocrx_word' id='word_1_318' title='bbox 1750 2566 1877 2632; x_wconf 71' lang='grc' dir='ltr'>τοὺς</span> 
     </span>
    </p>
   </div>
   <div class='ocr_carea' id='block_1_43' title="bbox 298 2656 1876 2725">
    <p class='ocr_par' dir='ltr' id='par_1_43' title="bbox 298 2656 1876 2725">
     <span class='ocr_line' id='line_1_43' title="bbox 298 2656 1876 2725; baseline 0.003 -17"><span class='ocrx_word' id='word_1_319' title='bbox 298 2656 694 2725; x_wconf 69' lang='grc' dir='ltr'>ἀδυσωπήτους</span> <span class='ocrx_word' id='word_1_320' title='bbox 733 2656 949 2720; x_wconf 77' lang='grc' dir='ltr'>καὶτὰς</span> <span class='ocrx_word' id='word_1_321' title='bbox 982 2656 1148 2721; x_wconf 74' lang='grc' dir='ltr'>ἄλλας</span> <span class='ocrx_word' id='word_1_322' title='bbox 1182 2656 1279 2711; x_wconf 82' lang='grc' dir='ltr'>τοῦ</span> <span class='ocrx_word' id='word_1_323' title='bbox 1320 2658 1611 2712; x_wconf 76' lang='grc' dir='ltr'>θεσπεσίου</span> <span class='ocrx_word' id='word_1_324' title='bbox 1665 2658 1876 2712; x_wconf 84' lang='grc' dir='ltr'>Παύλου</span> 
     </span>
    </p>
   </div>
   <div class='ocr_carea' id='block_1_44' title="bbox 301 2741 1876 2825">
    <p class='ocr_par' dir='ltr' id='par_1_44' title="bbox 301 2741 1876 2825">
     <span class='ocr_line' id='line_1_44' title="bbox 301 2741 1876 2825; baseline 0.003 -28"><span class='ocrx_word' id='word_1_325' title='bbox 301 2747 507 2813; x_wconf 75' lang='grc' dir='ltr'>φωνάς.</span> <span class='ocrx_word' id='word_1_326' title='bbox 545 2747 781 2815; x_wconf 82' lang='grc' dir='ltr'>Λέγουσι</span> <span class='ocrx_word' id='word_1_327' title='bbox 835 2747 943 2819; x_wconf 76' lang='grc' dir='ltr'><strong>γὰρ</strong></span> <span class='ocrx_word' id='word_1_328' title='bbox 989 2741 1172 2815; x_wconf 76' lang='grc' dir='ltr'>αὗται,</span> <span class='ocrx_word' id='word_1_329' title='bbox 1209 2750 1433 2819; x_wconf 74' lang='grc' dir='ltr'>μείζονα</span> <span class='ocrx_word' id='word_1_330' title='bbox 1461 2750 1560 2820; x_wconf 81' lang='grc' dir='ltr'><strong>μὲν</strong></span> <span class='ocrx_word' id='word_1_331' title='bbox 1583 2748 1709 2825; x_wconf 36' lang='grc' dir='ltr'>τοῦ,</span> <span class='ocrx_word' id='word_1_332' title='bbox 1739 2750 1876 2819; x_wconf 68' lang='grc' dir='ltr'>ὀμως</span> 
     </span>
    </p>
   </div>
   <div class='ocr_carea' id='block_1_45' title="bbox 302 2839 1879 2914">
    <p class='ocr_par' dir='ltr' id='par_1_45' title="bbox 302 2839 1879 2914">
     <span class='ocr_line' id='line_1_45' title="bbox 302 2839 1879 2914; baseline 0.001 -22"><span class='ocrx_word' id='word_1_333' title='bbox 302 2839 533 2908; x_wconf 80' lang='grc' dir='ltr'>μοκότος</span> <span class='ocrx_word' id='word_1_334' title='bbox 576 2840 657 2909; x_wconf 80' lang='grc' dir='ltr'>τῷ</span> <span class='ocrx_word' id='word_1_335' title='bbox 704 2839 955 2911; x_wconf 75' lang='grc' dir='ltr'>Ἀϐραὰμ</span> <span class='ocrx_word' id='word_1_336' title='bbox 1007 2843 1082 2914; x_wconf 83' lang='grc' dir='ltr'>μὴ</span> <span class='ocrx_word' id='word_1_337' title='bbox 1132 2839 1269 2895; x_wconf 79' lang='grc' dir='ltr'>εῖναι</span> <span class='ocrx_word' id='word_1_338' title='bbox 1322 2841 1507 2914; x_wconf 77' lang='grc' dir='ltr'>ἕτερον</span> <span class='ocrx_word' id='word_1_339' title='bbox 1563 2842 1727 2907; x_wconf 87' lang='grc' dir='ltr'>Θεὸν,</span> <span class='ocrx_word' id='word_1_340' title='bbox 1786 2841 1879 2895; x_wconf 75' lang='grc' dir='ltr'><strong>καὶ</strong></span> 
     </span>
    </p>
   </div>
   <div class='ocr_carea' id='block_1_46' title="bbox 299 2934 1879 3003">
    <p class='ocr_par' dir='ltr' id='par_1_46' title="bbox 299 2934 1879 3003">
     <span class='ocr_line' id='line_1_46' title="bbox 299 2934 1879 3003; baseline -0.001 -16"><span class='ocrx_word' id='word_1_341' title='bbox 299 2934 640 3003; x_wconf 78' lang='grc' dir='ltr'>ἀμετάθετον</span> <span class='ocrx_word' id='word_1_342' title='bbox 668 2934 727 2988; x_wconf 78' lang='grc' dir='ltr'>ὲν</span> <span class='ocrx_word' id='word_1_343' title='bbox 750 2935 871 2997; x_wconf 90' lang='grc' dir='ltr'>ταῖς</span> <span class='ocrx_word' id='word_1_344' title='bbox 912 2934 1267 3003; x_wconf 76' lang='grc' dir='ltr'>ἐπαγγελίαις</span> <span class='ocrx_word' id='word_1_345' title='bbox 1291 2974 1305 2996; x_wconf 91' lang='grc'><strong>,</strong></span> <span class='ocrx_word' id='word_1_346' title='bbox 1355 2935 1449 2987; x_wconf 71' lang='grc' dir='ltr'><strong>καὶ</strong></span> <span class='ocrx_word' id='word_1_347' title='bbox 1486 2934 1749 2989; x_wconf 84' lang='grc' dir='ltr'>ἀδύνατον</span> <span class='ocrx_word' id='word_1_348' title='bbox 1777 2934 1879 2987; x_wconf 83' lang='grc' dir='ltr'>αύ-</span> 
     </span>
    </p>
   </div>
   <div class='ocr_carea' id='block_1_47' title="bbox 302 3022 1880 3097">
    <p class='ocr_par' dir='ltr' id='par_1_47' title="bbox 302 3022 1880 3097">
     <span class='ocr_line' id='line_1_47' title="bbox 302 3022 1880 3097; baseline 0.001 -21"><span class='ocrx_word' id='word_1_349' title='bbox 302 3024 395 3081; x_wconf 76' lang='grc' dir='ltr'><strong>τὸν</strong></span> <span class='ocrx_word' id='word_1_350' title='bbox 412 3022 718 3093; x_wconf 76' lang='grc' dir='ltr'>ψεύσασθαι</span> <span class='ocrx_word' id='word_1_351' title='bbox 753 3023 961 3095; x_wconf 81' lang='grc' dir='ltr'>(οὕτως</span> <span class='ocrx_word' id='word_1_352' title='bbox 986 3023 1137 3095; x_wconf 81' lang='grc' dir='ltr'><strong>αὑτῷ</strong></span> <span class='ocrx_word' id='word_1_353' title='bbox 1162 3023 1224 3077; x_wconf 88' lang='grc' dir='ltr'><strong>τὸ</strong></span> <span class='ocrx_word' id='word_1_354' title='bbox 1261 3025 1359 3095; x_wconf 80' lang='grc' dir='ltr'>τῆς</span> <span class='ocrx_word' id='word_1_355' title='bbox 1376 3024 1633 3095; x_wconf 82' lang='grc' dir='ltr'>ἀληθείας</span> <span class='ocrx_word' id='word_1_356' title='bbox 1662 3025 1880 3097; x_wconf 80' lang='grc' dir='ltr'>ἀξίωμα</span> 
     </span>
    </p>
   </div>
   <div class='ocr_carea' id='block_1_48' title="bbox 302 3114 1881 3187">
    <p class='ocr_par' dir='ltr' id='par_1_48' title="bbox 302 3114 1881 3187">
     <span class='ocr_line' id='line_1_48' title="bbox 302 3114 1881 3187; baseline 0.002 -19"><span class='ocrx_word' id='word_1_357' title='bbox 302 3114 706 3186; x_wconf 77' lang='grc' dir='ltr'>συνουσίωται)</span> <span class='ocrx_word' id='word_1_358' title='bbox 738 3116 832 3168; x_wconf 77' lang='grc' dir='ltr'>καὶ</span> <span class='ocrx_word' id='word_1_359' title='bbox 859 3116 959 3185; x_wconf 83' lang='grc' dir='ltr'><strong>τῆς</strong></span> <span class='ocrx_word' id='word_1_360' title='bbox 991 3115 1152 3187; x_wconf 77' lang='grc' dir='ltr'>ἡμῶν</span> <span class='ocrx_word' id='word_1_361' title='bbox 1178 3116 1287 3169; x_wconf 85' lang='grc' dir='ltr'>τῶν</span> <span class='ocrx_word' id='word_1_362' title='bbox 1342 3116 1685 3187; x_wconf 84' lang='grc' dir='ltr'>Χριστιανῶν</span> <span class='ocrx_word' id='word_1_363' title='bbox 1730 3117 1881 3171; x_wconf 74' lang='grc' dir='ltr'>ἐλπί-</span> 
     </span>
    </p>
   </div>
   <div class='ocr_carea' id='block_1_49' title="bbox 300 3206 1949 3314">
    <p class='ocr_par' dir='ltr' id='par_1_49' title="bbox 300 3206 1949 3314">
     <span class='ocr_line' id='line_1_49' title="bbox 300 3206 1949 3314; baseline -0.008 -42"><span class='ocrx_word' id='word_1_364' title='bbox 300 3208 393 3271; x_wconf 65' lang='grc' dir='ltr'><strong>ὣς</strong></span> <span class='ocrx_word' id='word_1_365' title='bbox 420 3208 686 3279; x_wconf 75' lang='grc' dir='ltr'>παραχέα.</span> <span class='ocrx_word' id='word_1_366' title='bbox 718 3208 827 3260; x_wconf 75' lang='grc' dir='ltr'>Καὶ</span> <span class='ocrx_word' id='word_1_367' title='bbox 859 3208 969 3278; x_wconf 84' lang='grc' dir='ltr'>γάρ</span> <span class='ocrx_word' id='word_1_368' title='bbox 994 3223 1161 3277; x_wconf 82' lang='grc' dir='ltr'>φησι·</span> <span class='ocrx_word' id='word_1_369' title='bbox 1200 3207 1283 3272; x_wconf 83' lang='grc' dir='ltr'><strong>Τῷ</strong></span> <span class='ocrx_word' id='word_1_370' title='bbox 1308 3206 1377 3261; x_wconf 83' lang='grc' dir='ltr'>δὲ</span> <span class='ocrx_word' id='word_1_371' title='bbox 1419 3207 1677 3278; x_wconf 76' lang='grc' dir='ltr'>Ἀθραὰμ</span> <span class='ocrx_word' id='word_1_372' title='bbox 1698 3208 1880 3279; x_wconf 81' lang='grc' dir='ltr'>ἐπαγ-</span> <span class='ocrx_word' id='word_1_373' title='bbox 1905 3254 1949 3314; x_wconf 74' lang='lat' dir='ltr'><strong>c</strong></span> 
     </span>
    </p>
   </div>
   <div class='ocr_carea' id='block_1_50' title="bbox 301 3298 1881 3375">
    <p class='ocr_par' dir='ltr' id='par_1_50' title="bbox 301 3298 1881 3375">
     <span class='ocr_line' id='line_1_50' title="bbox 301 3298 1881 3375; baseline -0.002 -14"><span class='ocrx_word' id='word_1_374' title='bbox 301 3305 660 3375; x_wconf 68' lang='grc' dir='ltr'>γειλὰμενος</span> <span class='ocrx_word' id='word_1_375' title='bbox 692 3306 725 3359; x_wconf 83' lang='grc' dir='ltr'><strong>ό</strong></span> <span class='ocrx_word' id='word_1_376' title='bbox 772 3304 936 3369; x_wconf 79' lang='grc' dir='ltr'>Θεὸς,</span> <span class='ocrx_word' id='word_1_377' title='bbox 964 3303 1095 3357; x_wconf 74' lang='grc' dir='ltr'>ἐπεὶ</span> <span class='ocrx_word' id='word_1_378' title='bbox 1150 3304 1278 3357; x_wconf 82' lang='grc' dir='ltr'>κατ’</span> <span class='ocrx_word' id='word_1_379' title='bbox 1305 3302 1555 3369; x_wconf 76' lang='grc' dir='ltr'>οὐδενὸς</span> <span class='ocrx_word' id='word_1_380' title='bbox 1608 3298 1735 3372; x_wconf 77' lang='grc' dir='ltr'>εἶχε</span> <span class='ocrx_word' id='word_1_381' title='bbox 1755 3304 1881 3374; x_wconf 83' lang='grc' dir='ltr'>μεί-</span> 
     </span>
    </p>
   </div>
   <div class='ocr_carea' id='block_1_51' title="bbox 308 3393 1881 3466">
    <p class='ocr_par' dir='ltr' id='par_1_51' title="bbox 308 3393 1881 3466">
     <span class='ocr_line' id='line_1_51' title="bbox 308 3393 1881 3466; baseline -0.002 -14"><span class='ocrx_word' id='word_1_382' title='bbox 308 3398 481 3464; x_wconf 69' lang='grc' dir='ltr'>ζονος</span> <span class='ocrx_word' id='word_1_383' title='bbox 534 3396 772 3466; x_wconf 83' lang='grc' dir='ltr'>ὀμόσαι,</span> <span class='ocrx_word' id='word_1_384' title='bbox 798 3393 996 3466; x_wconf 82' lang='grc' dir='ltr'>ὤμοσε</span> <span class='ocrx_word' id='word_1_385' title='bbox 1016 3394 1145 3449; x_wconf 82' lang='grc' dir='ltr'>καθ’</span> <span class='ocrx_word' id='word_1_386' title='bbox 1165 3394 1385 3449; x_wconf 75' lang='grc' dir='ltr'>ἑαυτοῦ</span> <span class='ocrx_word' id='word_1_387' title='bbox 1408 3395 1627 3463; x_wconf 76' lang='grc' dir='ltr'>λέγων,</span> <span class='ocrx_word' id='word_1_388' title='bbox 1658 3412 1714 3451; x_wconf 86' lang='grc' dir='ltr'><strong>κ.</strong></span> <span class='ocrx_word' id='word_1_389' title='bbox 1752 3412 1805 3450; x_wconf 91' lang='grc' dir='ltr'><strong>τ.</strong></span> <span class='ocrx_word' id='word_1_390' title='bbox 1829 3396 1881 3449; x_wconf 90' lang='grc' dir='ltr'>λ.</span> 
     </span>
    </p>
   </div>
   <div class='ocr_carea' id='block_1_52' title="bbox 304 3486 1883 3558">
    <p class='ocr_par' dir='ltr' id='par_1_52' title="bbox 304 3486 1883 3558">
     <span class='ocr_line' id='line_1_52' title="bbox 304 3486 1883 3558; baseline -0.002 -15"><span class='ocrx_word' id='word_1_391' title='bbox 304 3489 505 3552; x_wconf 75' lang='grc' dir='ltr'>καὶὼς</span> <span class='ocrx_word' id='word_1_392' title='bbox 554 3487 1031 3558; x_wconf 76' lang='grc' dir='ltr'>μακροθυμήσας</span> <span class='ocrx_word' id='word_1_393' title='bbox 1092 3489 1126 3541; x_wconf 83' lang='grc' dir='ltr'><strong>ό</strong></span> <span class='ocrx_word' id='word_1_394' title='bbox 1181 3486 1436 3556; x_wconf 77' lang='grc' dir='ltr'>Ἀϐραὰμ</span> <span class='ocrx_word' id='word_1_395' title='bbox 1487 3487 1745 3557; x_wconf 73' lang='grc' dir='ltr'>ἐπέτυχε</span> <span class='ocrx_word' id='word_1_396' title='bbox 1773 3486 1883 3554; x_wconf 85' lang='grc' dir='ltr'>τῆς</span> 
     </span>
    </p>
   </div>
   <div class='ocr_carea' id='block_1_53' title="bbox 310 3574 1885 3649">
    <p class='ocr_par' dir='ltr' id='par_1_53' title="bbox 310 3574 1885 3649">
     <span class='ocr_line' id='line_1_53' title="bbox 310 3574 1885 3649; baseline -0.004 -15"><span class='ocrx_word' id='word_1_397' title='bbox 310 3578 713 3649; x_wconf 48' lang='lat' dir='ltr'><strong>enarratur</strong></span> <span class='ocrx_word' id='word_1_398' title='bbox 764 3577 858 3629; x_wconf 70' lang='grc' dir='ltr'><strong>καὶ</strong></span> <span class='ocrx_word' id='word_1_399' title='bbox 903 3577 1007 3639; x_wconf 84' lang='grc' dir='ltr'>ὅτι,</span> <span class='ocrx_word' id='word_1_400' title='bbox 1037 3575 1418 3644; x_wconf 65' lang='grc' dir='ltr'>,βουλόμενος</span> <span class='ocrx_word' id='word_1_401' title='bbox 1451 3576 1483 3628; x_wconf 88' lang='grc' dir='ltr'><strong>ό</strong></span> <span class='ocrx_word' id='word_1_402' title='bbox 1514 3574 1698 3640; x_wconf 82' lang='grc' dir='ltr'>αὐτὸς</span> <span class='ocrx_word' id='word_1_403' title='bbox 1740 3574 1885 3639; x_wconf 84' lang='grc' dir='ltr'>Θεὸς</span> 
     </span>
    </p>
   </div>
   <div class='ocr_carea' id='block_1_54' title="bbox 308 3664 1887 3741">
    <p class='ocr_par' dir='ltr' id='par_1_54' title="bbox 308 3664 1887 3741">
     <span class='ocr_line' id='line_1_54' title="bbox 308 3664 1887 3741; baseline -0.004 -15"><span class='ocrx_word' id='word_1_404' title='bbox 308 3671 750 3741; x_wconf 66' lang='grc' dir='ltr'>περισσότερον</span> <span class='ocrx_word' id='word_1_405' title='bbox 801 3666 1095 3733; x_wconf 74' lang='grc' dir='ltr'>ἐπιδεῖξαι</span> <span class='ocrx_word' id='word_1_406' title='bbox 1154 3666 1280 3733; x_wconf 85' lang='grc' dir='ltr'>τοῖς</span> <span class='ocrx_word' id='word_1_407' title='bbox 1321 3666 1727 3735; x_wconf 66' lang='grc' dir='ltr'>κληρονόμοις</span> <span class='ocrx_word' id='word_1_408' title='bbox 1776 3664 1887 3734; x_wconf 81' lang='grc' dir='ltr'>τῆς</span> 
     </span>
    </p>
   </div>
   <div class='ocr_carea' id='block_1_55' title="bbox 306 3755 1887 3835">
    <p class='ocr_par' dir='ltr' id='par_1_55' title="bbox 306 3755 1887 3835">
     <span class='ocr_line' id='line_1_55' title="bbox 306 3755 1887 3835; baseline -0.006 -17"><span class='ocrx_word' id='word_1_409' title='bbox 306 3759 917 3835; x_wconf 52' lang='grc' dir='ltr'>ἐπαῃδελίαςωίτινές</span> <span class='ocrx_word' id='word_1_410' title='bbox 968 3760 1134 3829; x_wconf 73' lang='grc' dir='ltr'>ἐσμεν</span> <span class='ocrx_word' id='word_1_411' title='bbox 1164 3759 1349 3829; x_wconf 83' lang='grc' dir='ltr'>ἡμεῖς,</span> <span class='ocrx_word' id='word_1_412' title='bbox 1404 3757 1471 3810; x_wconf 86' lang='grc' dir='ltr'><strong>τὸ</strong></span> <span class='ocrx_word' id='word_1_413' title='bbox 1520 3755 1887 3827; x_wconf 79' lang='grc' dir='ltr'>ἀμετάθετον</span> 
     </span>
    </p>
   </div>
   <div class='ocr_carea' id='block_1_56' title="bbox 306 3845 1888 3926">
    <p class='ocr_par' dir='ltr' id='par_1_56' title="bbox 306 3845 1888 3926">
     <span class='ocr_line' id='line_1_56' title="bbox 306 3845 1888 3926; baseline -0.006 -15"><span class='ocrx_word' id='word_1_414' title='bbox 306 3855 422 3926; x_wconf 83' lang='grc' dir='ltr'>τῆς</span> <span class='ocrx_word' id='word_1_415' title='bbox 450 3851 697 3923; x_wconf 77' lang='grc' dir='ltr'>βουλῆς</span> <span class='ocrx_word' id='word_1_416' title='bbox 725 3852 911 3907; x_wconf 84' lang='grc' dir='ltr'>αὑτοῦ</span> <span class='ocrx_word' id='word_1_417' title='bbox 952 3849 1343 3920; x_wconf 82' lang='grc' dir='ltr'>ἐμεσίτευσεν</span> <span class='ocrx_word' id='word_1_418' title='bbox 1401 3846 1591 3918; x_wconf 65' lang='grc' dir='ltr'>ὅρκον</span> <span class='ocrx_word' id='word_1_419' title='bbox 1643 3848 1745 3903; x_wconf 81' lang='grc' dir='ltr'>ἳνα</span> <span class='ocrx_word' id='word_1_420' title='bbox 1787 3845 1888 3902; x_wconf 72' lang='grc' dir='ltr'>διὰ</span> 
     </span>
    </p>
   </div>
   <div class='ocr_carea' id='block_1_57' title="bbox 305 3936 1890 4016">
    <p class='ocr_par' dir='ltr' id='par_1_57' title="bbox 305 3936 1890 4016">
     <span class='ocr_line' id='line_1_57' title="bbox 305 3936 1890 4016; baseline -0.006 -13"><span class='ocrx_word' id='word_1_421' title='bbox 305 3949 422 4003; x_wconf 78' lang='grc' dir='ltr'>δύο</span> <span class='ocrx_word' id='word_1_422' title='bbox 470 3942 831 4016; x_wconf 71' lang='grc' dir='ltr'>πραγμάτων</span> <span class='ocrx_word' id='word_1_423' title='bbox 884 3942 1275 4012; x_wconf 81' lang='grc' dir='ltr'>ἀμεταθέτων,</span> <span class='ocrx_word' id='word_1_424' title='bbox 1330 3942 1401 3995; x_wconf 82' lang='grc' dir='ltr'>ἐν</span> <span class='ocrx_word' id='word_1_425' title='bbox 1454 3936 1545 4008; x_wconf 73' lang='grc' dir='ltr'>οἷς</span> <span class='ocrx_word' id='word_1_426' title='bbox 1587 3941 1890 3996; x_wconf 81' lang='grc' dir='ltr'>ἀδύνατον</span> 
     </span>
    </p>
   </div>
   <div class='ocr_carea' id='block_1_58' title="bbox 306 4033 1881 4110">
    <p class='ocr_par' dir='ltr' id='par_1_58' title="bbox 306 4033 1881 4110">
     <span class='ocr_line' id='line_1_58' title="bbox 306 4033 1881 4110; baseline -0.004 -16"><span class='ocrx_word' id='word_1_427' title='bbox 306 4040 663 4110; x_wconf 62' lang='grc' dir='ltr'><strong>⁴ιζπεύσιισθαι</strong></span> <span class='ocrx_word' id='word_1_428' title='bbox 706 4036 875 4100; x_wconf 86' lang='grc' dir='ltr'>Θεὸν,</span> <span class='ocrx_word' id='word_1_429' title='bbox 916 4036 1174 4105; x_wconf 76' lang='grc' dir='ltr'>ἰσχυρὰν</span> <span class='ocrx_word' id='word_1_430' title='bbox 1195 4033 1582 4103; x_wconf 71' lang='grc' dir='ltr'>παράκλησιν</span> <span class='ocrx_word' id='word_1_431' title='bbox 1622 4035 1881 4104; x_wconf 73' lang='grc' dir='ltr'>ἔχωμεν.</span> 
     </span>
    </p>
   </div>
   <div class='ocr_carea' id='block_1_59' title="bbox 307 4126 1891 4203">
    <p class='ocr_par' dir='ltr' id='par_1_59' title="bbox 307 4126 1891 4203">
     <span class='ocr_line' id='line_1_59' title="bbox 307 4126 1891 4203; baseline -0.004 -17"><span class='ocrx_word' id='word_1_432' title='bbox 307 4132 471 4194; x_wconf 85' lang='grc' dir='ltr'>Τίνες</span> <span class='ocrx_word' id='word_1_433' title='bbox 489 4130 601 4203; x_wconf 67' lang='grc'><strong>(48)</strong></span> <span class='ocrx_word' id='word_1_434' title='bbox 621 4145 636 4194; x_wconf 87' lang='grc'>;</span> <span class='ocrx_word' id='word_1_435' title='bbox 668 4128 858 4197; x_wconf 80' lang='grc' dir='ltr'>Ἡμεῖς</span> <span class='ocrx_word' id='word_1_436' title='bbox 874 4128 923 4181; x_wconf 86' lang='lat' dir='ltr'><strong>oi</strong></span> <span class='ocrx_word' id='word_1_437' title='bbox 937 4126 1343 4195; x_wconf 82' lang='grc' dir='ltr'>καταφυγόντες</span> <span class='ocrx_word' id='word_1_438' title='bbox 1361 4126 1635 4198; x_wconf 78' lang='grc' dir='ltr'>κρατῆσαι</span> <span class='ocrx_word' id='word_1_439' title='bbox 1651 4126 1748 4197; x_wconf 83' lang='grc' dir='ltr'>τῆς</span> <span class='ocrx_word' id='word_1_440' title='bbox 1766 4143 1891 4197; x_wconf 90' lang='grc' dir='ltr'>προ-</span> 
     </span>
    </p>
   </div>
   <div class='ocr_carea' id='block_1_60' title="bbox 309 4216 1891 4291">
    <p class='ocr_par' dir='ltr' id='par_1_60' title="bbox 309 4216 1891 4291">
     <span class='ocr_line' id='line_1_60' title="bbox 309 4216 1891 4291; baseline -0.002 -17"><span class='ocrx_word' id='word_1_441' title='bbox 309 4220 576 4291; x_wconf 72' lang='grc' dir='ltr'>κειμένης</span> <span class='ocrx_word' id='word_1_442' title='bbox 604 4216 843 4282; x_wconf 73' lang='grc' dir='ltr'>ὲλπίδος.</span> <span class='ocrx_word' id='word_1_443' title='bbox 868 4217 1176 4289; x_wconf 85' lang='grc' dir='ltr'>Προσέσχες</span> <span class='ocrx_word' id='word_1_444' title='bbox 1199 4217 1318 4289; x_wconf 70' lang='grc'><strong>(49)</strong></span> <span class='ocrx_word' id='word_1_445' title='bbox 1337 4218 1485 4281; x_wconf 81' lang='grc' dir='ltr'>ὅπως</span> <span class='ocrx_word' id='word_1_446' title='bbox 1513 4216 1737 4287; x_wconf 77' lang='grc' dir='ltr'>μείζονα</span> <span class='ocrx_word' id='word_1_447' title='bbox 1758 4217 1891 4272; x_wconf 88' lang='grc' dir='ltr'>Θεὸν</span> 
     </span>
    </p>
   </div>
   <div class='ocr_carea' id='block_1_61' title="bbox 306 4308 1891 4382">
    <p class='ocr_par' dir='ltr' id='par_1_61' title="bbox 306 4308 1891 4382">
     <span class='ocr_line' id='line_1_61' title="bbox 306 4308 1891 4382; baseline -0.003 -15"><span class='ocrx_word' id='word_1_448' title='bbox 306 4313 505 4367; x_wconf 84' lang='grc' dir='ltr'>ούδένα</span> <span class='ocrx_word' id='word_1_449' title='bbox 531 4310 684 4379; x_wconf 78' lang='grc' dir='ltr'>λέγει</span> <span class='ocrx_word' id='word_1_450' title='bbox 706 4310 893 4382; x_wconf 71' lang='grc' dir='ltr'>ἓτερον</span> <span class='ocrx_word' id='word_1_451' title='bbox 930 4308 1025 4362; x_wconf 79' lang='grc' dir='ltr'>τοῦ</span> <span class='ocrx_word' id='word_1_452' title='bbox 1069 4308 1445 4380; x_wconf 82' lang='grc' dir='ltr'>παρασχόντος</span> <span class='ocrx_word' id='word_1_453' title='bbox 1476 4308 1569 4361; x_wconf 80' lang='grc' dir='ltr'><strong>τὸν</strong></span> <span class='ocrx_word' id='word_1_454' title='bbox 1619 4309 1782 4378; x_wconf 83' lang='grc' dir='ltr'>ὅρκον</span> <span class='ocrx_word' id='word_1_455' title='bbox 1813 4308 1891 4379; x_wconf 84' lang='grc' dir='ltr'>τῷ</span> 
     </span>
    </p>
   </div>
   <div class='ocr_carea' id='block_1_62' title="bbox 323 4400 1887 4476">
    <p class='ocr_par' dir='ltr' id='par_1_62' title="bbox 323 4400 1887 4476">
     <span class='ocr_line' id='line_1_62' title="bbox 323 4400 1887 4476; baseline -0.001 -17"><span class='ocrx_word' id='word_1_456' title='bbox 323 4401 616 4476; x_wconf 78' lang='grc' dir='ltr'>’Δὸραάμς</span> <span class='ocrx_word' id='word_1_457' title='bbox 660 4402 781 4466; x_wconf 83' lang='grc' dir='ltr'>πῶς</span> <span class='ocrx_word' id='word_1_458' title='bbox 817 4402 875 4456; x_wconf 73' lang='grc' dir='ltr'><strong>δέ</strong></span> <span class='ocrx_word' id='word_1_459' title='bbox 925 4402 1109 4472; x_wconf 82' lang='grc' dir='ltr'>πάσης</span> <span class='ocrx_word' id='word_1_460' title='bbox 1159 4402 1323 4457; x_wconf 80' lang='grc' dir='ltr'>αὐτὸν</span> <span class='ocrx_word' id='word_1_461' title='bbox 1378 4400 1635 4473; x_wconf 81' lang='grc' dir='ltr'>ἀληθείας</span> <span class='ocrx_word' id='word_1_462' title='bbox 1678 4403 1887 4473; x_wconf 83' lang='grc' dir='ltr'>ἀνακη-</span> 
     </span>
    </p>
   </div>
   <div class='ocr_carea' id='block_1_63' title="bbox 310 4494 1891 4571">
    <p class='ocr_par' dir='ltr' id='par_1_63' title="bbox 310 4494 1891 4571">
     <span class='ocr_line' id='line_1_63' title="bbox 310 4494 1891 4571; baseline -0.003 -19"><span class='ocrx_word' id='word_1_463' title='bbox 310 4499 497 4571; x_wconf 85' lang='grc' dir='ltr'>ρύττει</span> <span class='ocrx_word' id='word_1_464' title='bbox 526 4497 716 4569; x_wconf 83' lang='grc' dir='ltr'>πηγήν</span> <span class='ocrx_word' id='word_1_465' title='bbox 739 4513 755 4562; x_wconf 86' lang='lat'><strong>;</strong></span> <span class='ocrx_word' id='word_1_466' title='bbox 781 4496 927 4559; x_wconf 83' lang='grc' dir='ltr'>ὅπως</span> <span class='ocrx_word' id='word_1_467' title='bbox 948 4494 1007 4549; x_wconf 80' lang='grc' dir='ltr'>δὲ</span> <span class='ocrx_word' id='word_1_468' title='bbox 1038 4494 1199 4565; x_wconf 76' lang='grc' dir='ltr'>ἡμεῖς</span> <span class='ocrx_word' id='word_1_469' title='bbox 1240 4495 1291 4548; x_wconf 78' lang='grc' dir='ltr'>οἱ</span> <span class='ocrx_word' id='word_1_470' title='bbox 1322 4494 1755 4560; x_wconf 71' lang='grc' dir='ltr'>πεπιστευκότες</span> <span class='ocrx_word' id='word_1_471' title='bbox 1809 4497 1891 4559; x_wconf 82' lang='grc' dir='ltr'><strong>είς</strong></span> 
     </span>
    </p>
   </div>
   <div class='ocr_carea' id='block_1_64' title="bbox 1980 2012 3559 2086">
    <p class='ocr_par' dir='ltr' id='par_1_64' title="bbox 1980 2012 3559 2086">
     <span class='ocr_line' id='line_1_64' title="bbox 1980 2012 3559 2086; baseline -0.003 -16"><span class='ocrx_word' id='word_1_472' title='bbox 1980 2018 2073 2072; x_wconf 90' lang='lat' dir='ltr'><strong>illa</strong></span> <span class='ocrx_word' id='word_1_473' title='bbox 2102 2018 2170 2073; x_wconf 78' lang='lat'><strong>&quot;.</strong></span> <span class='ocrx_word' id='word_1_474' title='bbox 2208 2018 2277 2073; x_wconf 89' lang='lat' dir='ltr'><strong>Et</strong></span> <span class='ocrx_word' id='word_1_475' title='bbox 2302 2017 2554 2073; x_wconf 84' lang='lat' dir='ltr'><strong>Christus</strong></span> <span class='ocrx_word' id='word_1_476' title='bbox 2587 2017 2830 2086; x_wconf 87' lang='lat' dir='ltr'><strong>quidem,</strong></span> <span class='ocrx_word' id='word_1_477' title='bbox 2865 2024 2925 2070; x_wconf 90' lang='lat' dir='ltr'><strong>ut</strong></span> <span class='ocrx_word' id='word_1_478' title='bbox 2954 2014 3227 2077; x_wconf 93' lang='lat' dir='ltr'><strong>conditor,</strong></span> <span class='ocrx_word' id='word_1_479' title='bbox 3266 2012 3559 2067; x_wconf 89' lang='lat' dir='ltr'><strong>Dominum</strong></span> 
     </span>
    </p>
   </div>
   <div class='ocr_carea' id='block_1_65' title="bbox 1978 2105 3559 2182">
    <p class='ocr_par' dir='ltr' id='par_1_65' title="bbox 1978 2105 3559 2182">
     <span class='ocr_line' id='line_1_65' title="bbox 1978 2105 3559 2182; baseline -0.004 -17"><span class='ocrx_word' id='word_1_480' title='bbox 1978 2126 2037 2165; x_wconf 88' lang='lat' dir='ltr'><strong>se</strong></span> <span class='ocrx_word' id='word_1_481' title='bbox 2060 2121 2115 2166; x_wconf 89' lang='lat' dir='ltr'><strong>et</strong></span> <span class='ocrx_word' id='word_1_482' title='bbox 2138 2111 2306 2166; x_wconf 80' lang='lat' dir='ltr'><strong>asinae</strong></span> <span class='ocrx_word' id='word_1_483' title='bbox 2328 2119 2383 2167; x_wconf 89' lang='lat' dir='ltr'><strong>et</strong></span> <span class='ocrx_word' id='word_1_484' title='bbox 2406 2110 2537 2182; x_wconf 86' lang='lat' dir='ltr'><strong>pulli</strong></span> <span class='ocrx_word' id='word_1_485' title='bbox 2568 2119 2756 2165; x_wconf 84' lang='lat' dir='ltr'><strong>vocat:</strong></span> <span class='ocrx_word' id='word_1_486' title='bbox 2785 2118 2842 2164; x_wconf 91' lang='lat' dir='ltr'><strong>at</strong></span> <span class='ocrx_word' id='word_1_487' title='bbox 2871 2117 3240 2180; x_wconf 84' lang='lat' dir='ltr'><strong>apostatarum</strong></span> <span class='ocrx_word' id='word_1_488' title='bbox 3273 2105 3559 2161; x_wconf 89' lang='lat' dir='ltr'><strong>factiohoc</strong></span> 
     </span>
    </p>
   </div>
   <div class='ocr_carea' id='block_1_66' title="bbox 1978 2197 3561 2272">
    <p class='ocr_par' dir='ltr' id='par_1_66' title="bbox 1978 2197 3561 2272">
     <span class='ocr_line' id='line_1_66' title="bbox 1978 2197 3561 2272; baseline -0.003 -16"><span class='ocrx_word' id='word_1_489' title='bbox 1978 2216 2088 2257; x_wconf 89' lang='lat' dir='ltr'><strong>non</strong></span> <span class='ocrx_word' id='word_1_490' title='bbox 2110 2201 2234 2268; x_wconf 88' lang='lat' dir='ltr'><strong>fert,</strong></span> <span class='ocrx_word' id='word_1_491' title='bbox 2263 2202 2357 2257; x_wconf 89' lang='lat' dir='ltr'><strong>sed</strong></span> <span class='ocrx_word' id='word_1_492' title='bbox 2381 2201 2634 2272; x_wconf 86' lang='lat' dir='ltr'><strong>potestati</strong></span> <span class='ocrx_word' id='word_1_493' title='bbox 2669 2202 2786 2272; x_wconf 85' lang='lat' dir='ltr'><strong>ejus</strong></span> <span class='ocrx_word' id='word_1_494' title='bbox 2822 2200 3128 2271; x_wconf 89' lang='lat' dir='ltr'><strong>surripiens</strong></span> <span class='ocrx_word' id='word_1_495' title='bbox 3158 2198 3414 2269; x_wconf 86' lang='lat' dir='ltr'><strong>potestati</strong></span> <span class='ocrx_word' id='word_1_496' title='bbox 3463 2197 3561 2252; x_wconf 83' lang='lat' dir='ltr'><strong>ho-</strong></span> 
     </span>
    </p>
   </div>
   <div class='ocr_carea' id='block_1_67' title="bbox 1978 2288 3561 2363">
    <p class='ocr_par' dir='ltr' id='par_1_67' title="bbox 1978 2288 3561 2363">
     <span class='ocr_line' id='line_1_67' title="bbox 1978 2288 3561 2363; baseline -0.005 -14"><span class='ocrx_word' id='word_1_497' title='bbox 1978 2293 2075 2349; x_wconf 89' lang='lat' dir='ltr'><strong>stis</strong></span> <span class='ocrx_word' id='word_1_498' title='bbox 2092 2293 2329 2363; x_wconf 86' lang='lat' dir='ltr'><strong>subjicit.</strong></span> <span class='ocrx_word' id='word_1_499' title='bbox 2354 2294 2423 2348; x_wconf 88' lang='lat' dir='ltr'><strong>At</strong></span> <span class='ocrx_word' id='word_1_500' title='bbox 2453 2292 2700 2347; x_wconf 86' lang='lat' dir='ltr'><strong>homines</strong></span> <span class='ocrx_word' id='word_1_501' title='bbox 2728 2292 2875 2347; x_wconf 90' lang='lat' dir='ltr'><strong>omni</strong></span> <span class='ocrx_word' id='word_1_502' title='bbox 2898 2291 3106 2363; x_wconf 90' lang='lat' dir='ltr'><strong>pudore</strong></span> <span class='ocrx_word' id='word_1_503' title='bbox 3125 2304 3327 2345; x_wconf 78' lang='lat' dir='ltr'><strong>vacuos</strong></span> <span class='ocrx_word' id='word_1_504' title='bbox 3356 2288 3561 2360; x_wconf 90' lang='lat' dir='ltr'><strong>pudere</strong></span> 
     </span>
    </p>
   </div>
   <div class='ocr_carea' id='block_1_68' title="bbox 1978 2377 3559 2437">
    <p class='ocr_par' dir='ltr' id='par_1_68' title="bbox 1978 2377 3559 2437">
     <span class='ocr_line' id='line_1_68' title="bbox 1978 2377 3559 2437; baseline -0.004 0"><span class='ocrx_word' id='word_1_505' title='bbox 1978 2381 2209 2437; x_wconf 86' lang='lat' dir='ltr'><strong>debebat</strong></span> <span class='ocrx_word' id='word_1_506' title='bbox 2232 2383 2314 2437; x_wconf 84' lang='lat' dir='ltr'><strong>vel</strong></span> <span class='ocrx_word' id='word_1_507' title='bbox 2342 2382 2411 2437; x_wconf 93' lang='lat' dir='ltr'><strong>ob</strong></span> <span class='ocrx_word' id='word_1_508' title='bbox 2438 2382 2604 2437; x_wconf 89' lang='lat' dir='ltr'><strong>divini</strong></span> <span class='ocrx_word' id='word_1_509' title='bbox 2636 2382 2786 2437; x_wconf 89' lang='lat' dir='ltr'><strong>Pauli</strong></span> <span class='ocrx_word' id='word_1_510' title='bbox 2811 2383 3048 2437; x_wconf 91' lang='lat' dir='ltr'><strong>oracula.</strong></span> <span class='ocrx_word' id='word_1_511' title='bbox 3092 2382 3183 2435; x_wconf 89' lang='lat' dir='ltr'><strong>Illa</strong></span> <span class='ocrx_word' id='word_1_512' title='bbox 3211 2380 3360 2435; x_wconf 88' lang='lat' dir='ltr'><strong>enim</strong></span> <span class='ocrx_word' id='word_1_513' title='bbox 3413 2377 3559 2432; x_wconf 82' lang='lat' dir='ltr'><strong>amr-</strong></span> 
     </span>
    </p>
   </div>
   <div class='ocr_carea' id='block_1_69' title="bbox 1978 2473 3560 2544">
    <p class='ocr_par' dir='ltr' id='par_1_69' title="bbox 1978 2473 3560 2544">
     <span class='ocr_line' id='line_1_69' title="bbox 1978 2473 3560 2544; baseline -0.004 -15"><span class='ocrx_word' id='word_1_514' title='bbox 1978 2482 2151 2539; x_wconf 91' lang='lat' dir='ltr'><strong>mant,</strong></span> <span class='ocrx_word' id='word_1_515' title='bbox 2188 2474 2451 2544; x_wconf 85' lang='lat' dir='ltr'><strong>majorem</strong></span> <span class='ocrx_word' id='word_1_516' title='bbox 2483 2488 2570 2539; x_wconf 89' lang='lat' dir='ltr'><strong>eo,</strong></span> <span class='ocrx_word' id='word_1_517' title='bbox 2619 2473 2710 2543; x_wconf 91' lang='lat' dir='ltr'><strong>qui</strong></span> <span class='ocrx_word' id='word_1_518' title='bbox 2742 2473 3010 2543; x_wconf 88' lang='lat' dir='ltr'><strong>juraverit</strong></span> <span class='ocrx_word' id='word_1_519' title='bbox 3036 2473 3349 2527; x_wconf 81' lang='lat' dir='ltr'><strong>Abrahamo</strong></span> <span class='ocrx_word' id='word_1_520' title='bbox 3382 2512 3397 2537; x_wconf 89' lang='lat'><strong>,</strong></span> <span class='ocrx_word' id='word_1_521' title='bbox 3449 2487 3560 2524; x_wconf 90' lang='lat' dir='ltr'><strong>non</strong></span> 
     </span>
    </p>
   </div>
   <div class='ocr_carea' id='block_1_70' title="bbox 1979 2560 3662 2633">
    <p class='ocr_par' dir='ltr' id='par_1_70' title="bbox 1979 2560 3662 2633">
     <span class='ocr_line' id='line_1_70' title="bbox 1979 2560 3662 2633; baseline -0.004 -14"><span class='ocrx_word' id='word_1_522' title='bbox 1979 2578 2101 2619; x_wconf 86' lang='lat' dir='ltr'><strong>esse</strong></span> <span class='ocrx_word' id='word_1_523' title='bbox 2131 2561 2297 2617; x_wconf 91' lang='lat' dir='ltr'><strong>alium</strong></span> <span class='ocrx_word' id='word_1_524' title='bbox 2338 2562 2531 2627; x_wconf 90' lang='lat' dir='ltr'><strong>Deum,</strong></span> <span class='ocrx_word' id='word_1_525' title='bbox 2560 2576 2793 2631; x_wconf 90' lang='lat' dir='ltr'><strong>eumque</strong></span> <span class='ocrx_word' id='word_1_526' title='bbox 2824 2562 2879 2616; x_wconf 91' lang='lat' dir='ltr'><strong>in</strong></span> <span class='ocrx_word' id='word_1_527' title='bbox 2933 2560 3393 2633; x_wconf 88' lang='lat' dir='ltr'><strong>promissionibus</strong></span> <span class='ocrx_word' id='word_1_528' title='bbox 3445 2560 3563 2615; x_wconf 90' lang='lat' dir='ltr'><strong>suis</strong></span> <span class='ocrx_word' id='word_1_529' title='bbox 3658 2582 3662 2587; x_wconf 84' lang='lat'><strong><em>-</em></strong></span> 
     </span>
    </p>
   </div>
   <div class='ocr_carea' id='block_1_71' title="bbox 1979 2651 3561 2724">
    <p class='ocr_par' dir='ltr' id='par_1_71' title="bbox 1979 2651 3561 2724">
     <span class='ocr_line' id='line_1_71' title="bbox 1979 2651 3561 2724; baseline -0.002 -16"><span class='ocrx_word' id='word_1_530' title='bbox 1979 2653 2393 2719; x_wconf 88' lang='lat' dir='ltr'><strong>immutabilem,</strong></span> <span class='ocrx_word' id='word_1_531' title='bbox 2431 2661 2486 2709; x_wconf 88' lang='lat' dir='ltr'><strong>et</strong></span> <span class='ocrx_word' id='word_1_532' title='bbox 2538 2653 2628 2724; x_wconf 86' lang='lat' dir='ltr'><strong>qui</strong></span> <span class='ocrx_word' id='word_1_533' title='bbox 2658 2653 2877 2707; x_wconf 89' lang='lat' dir='ltr'><strong>mentiri</strong></span> <span class='ocrx_word' id='word_1_534' title='bbox 2932 2666 3039 2707; x_wconf 90' lang='lat' dir='ltr'><strong>non</strong></span> <span class='ocrx_word' id='word_1_535' title='bbox 3077 2651 3248 2723; x_wconf 88' lang='lat' dir='ltr'><strong>possit</strong></span> <span class='ocrx_word' id='word_1_536' title='bbox 3281 2652 3412 2723; x_wconf 87' lang='lat' dir='ltr'><strong>(quo</strong></span> <span class='ocrx_word' id='word_1_537' title='bbox 3438 2651 3561 2723; x_wconf 89' lang='lat' dir='ltr'><strong>ipso</strong></span> 
     </span>
    </p>
   </div>
   <div class='ocr_carea' id='block_1_72' title="bbox 1979 2746 3562 2819">
    <p class='ocr_par' dir='ltr' id='par_1_72' title="bbox 1979 2746 3562 2819">
     <span class='ocr_line' id='line_1_72' title="bbox 1979 2746 3562 2819; baseline -0.002 -16"><span class='ocrx_word' id='word_1_538' title='bbox 1979 2748 2180 2803; x_wconf 88' lang='lat' dir='ltr'><strong>veritas</strong></span> <span class='ocrx_word' id='word_1_539' title='bbox 2224 2756 2480 2819; x_wconf 88' lang='lat' dir='ltr'><strong>tanquam</strong></span> <span class='ocrx_word' id='word_1_540' title='bbox 2512 2748 2579 2803; x_wconf 91' lang='lat' dir='ltr'><strong>ad</strong></span> <span class='ocrx_word' id='word_1_541' title='bbox 2608 2748 2900 2803; x_wconf 81' lang='lat' dir='ltr'><strong>essentiam</strong></span> <span class='ocrx_word' id='word_1_542' title='bbox 2925 2748 3041 2818; x_wconf 85' lang='lat' dir='ltr'><strong>ejus</strong></span> <span class='ocrx_word' id='word_1_543' title='bbox 3065 2746 3348 2819; x_wconf 89' lang='lat' dir='ltr'><strong>pertinens</strong></span> <span class='ocrx_word' id='word_1_544' title='bbox 3378 2746 3562 2803; x_wconf 87' lang='lat' dir='ltr'><strong>deela-</strong></span> 
     </span>
    </p>
   </div>
   <div class='ocr_carea' id='block_1_73' title="bbox 1982 2838 3563 2910">
    <p class='ocr_par' dir='ltr' id='par_1_73' title="bbox 1982 2838 3563 2910">
     <span class='ocr_line' id='line_1_73' title="bbox 1982 2838 3563 2910; baseline -0.001 -17"><span class='ocrx_word' id='word_1_545' title='bbox 1982 2840 2167 2910; x_wconf 91' lang='lat' dir='ltr'><strong>ratur)</strong></span> <span class='ocrx_word' id='word_1_546' title='bbox 2213 2848 2519 2909; x_wconf 74' lang='lat' dir='ltr'><strong>nostrmque</strong></span> <span class='ocrx_word' id='word_1_547' title='bbox 2559 2839 2997 2894; x_wconf 87' lang='lat' dir='ltr'><strong>Christianorum</strong></span> <span class='ocrx_word' id='word_1_548' title='bbox 3030 2838 3145 2908; x_wconf 91' lang='lat' dir='ltr'><strong>spei</strong></span> <span class='ocrx_word' id='word_1_549' title='bbox 3198 2847 3387 2893; x_wconf 89' lang='lat' dir='ltr'><strong>auctor</strong></span> <span class='ocrx_word' id='word_1_550' title='bbox 3419 2838 3563 2894; x_wconf 82' lang='lat' dir='ltr'><strong>exsi-</strong></span> 
     </span>
    </p>
   </div>
   <div class='ocr_carea' id='block_1_74' title="bbox 1981 2928 3561 3001">
    <p class='ocr_par' dir='ltr' id='par_1_74' title="bbox 1981 2928 3561 3001">
     <span class='ocr_line' id='line_1_74' title="bbox 1981 2928 3561 3001; baseline -0.002 -15"><span class='ocrx_word' id='word_1_551' title='bbox 1981 2940 2106 2986; x_wconf 83' lang='lat' dir='ltr'><strong>stat.</strong></span> <span class='ocrx_word' id='word_1_552' title='bbox 2138 2929 2224 2985; x_wconf 80' lang='lat' dir='ltr'><strong>Ait</strong></span> <span class='ocrx_word' id='word_1_553' title='bbox 2246 2928 2391 2984; x_wconf 88' lang='lat' dir='ltr'><strong>enim</strong></span> <span class='ocrx_word' id='word_1_554' title='bbox 2434 2946 2448 2983; x_wconf 92' lang='lat'><strong>:</strong></span> <span class='ocrx_word' id='word_1_555' title='bbox 2475 2930 2776 2983; x_wconf 74' lang='lat' dir='ltr'><strong>Abrahamo</strong></span> <span class='ocrx_word' id='word_1_556' title='bbox 2806 2946 2925 2983; x_wconf 82' lang='lat' dir='ltr'><strong>vero</strong></span> <span class='ocrx_word' id='word_1_557' title='bbox 2955 2929 3219 2998; x_wconf 76' lang='lat' dir='ltr'><strong>pollicitus</strong></span> <span class='ocrx_word' id='word_1_558' title='bbox 3246 2929 3402 2995; x_wconf 88' lang='lat' dir='ltr'><strong>Deus,</strong></span> <span class='ocrx_word' id='word_1_559' title='bbox 3435 2930 3561 3001; x_wconf 85' lang='lat' dir='ltr'><strong>quia</strong></span> 
     </span>
    </p>
   </div>
   <div class='ocr_carea' id='block_1_75' title="bbox 1981 3022 3564 3092">
    <p class='ocr_par' dir='ltr' id='par_1_75' title="bbox 1981 3022 3564 3092">
     <span class='ocr_line' id='line_1_75' title="bbox 1981 3022 3564 3092; baseline -0.001 -16"><span class='ocrx_word' id='word_1_560' title='bbox 1981 3039 2072 3091; x_wconf 82' lang='lat' dir='ltr'><strong>per</strong></span> <span class='ocrx_word' id='word_1_561' title='bbox 2098 3022 2355 3091; x_wconf 87' lang='lat' dir='ltr'><strong>majorem</strong></span> <span class='ocrx_word' id='word_1_562' title='bbox 2374 3022 2563 3092; x_wconf 87' lang='lat' dir='ltr'><strong>jurare</strong></span> <span class='ocrx_word' id='word_1_563' title='bbox 2603 3038 2705 3076; x_wconf 91' lang='lat' dir='ltr'><strong>non</strong></span> <span class='ocrx_word' id='word_1_564' title='bbox 2757 3024 2947 3092; x_wconf 90' lang='lat' dir='ltr'><strong>potuit,</strong></span> <span class='ocrx_word' id='word_1_565' title='bbox 2982 3039 3076 3091; x_wconf 88' lang='lat' dir='ltr'><strong>per</strong></span> <span class='ocrx_word' id='word_1_566' title='bbox 3141 3024 3371 3091; x_wconf 84' lang='lat' dir='ltr'><strong>scipsum</strong></span> <span class='ocrx_word' id='word_1_567' title='bbox 3400 3022 3564 3092; x_wconf 83' lang='lat' dir='ltr'><strong>jura-</strong></span> 
     </span>
    </p>
   </div>
   <div class='ocr_carea' id='block_1_76' title="bbox 1982 3111 3564 3182">
    <p class='ocr_par' dir='ltr' id='par_1_76' title="bbox 1982 3111 3564 3182">
     <span class='ocr_line' id='line_1_76' title="bbox 1982 3111 3564 3182; baseline 0 -15"><span class='ocrx_word' id='word_1_568' title='bbox 1982 3114 2075 3179; x_wconf 85' lang='lat' dir='ltr'><strong>vit,</strong></span> <span class='ocrx_word' id='word_1_569' title='bbox 2103 3113 2281 3167; x_wconf 85' lang='lat' dir='ltr'><strong>dicens</strong></span> <span class='ocrx_word' id='word_1_570' title='bbox 2312 3111 2398 3179; x_wconf 72' lang='lat'><strong>“;</strong></span> <span class='ocrx_word' id='word_1_571' title='bbox 2432 3120 2562 3179; x_wconf 92' lang='lat' dir='ltr'><strong>etc.;</strong></span> <span class='ocrx_word' id='word_1_572' title='bbox 2588 3112 2717 3167; x_wconf 90' lang='lat' dir='ltr'><strong>item</strong></span> <span class='ocrx_word' id='word_1_573' title='bbox 2740 3112 2883 3182; x_wconf 92' lang='lat' dir='ltr'><strong>quod</strong></span> <span class='ocrx_word' id='word_1_574' title='bbox 2919 3114 3272 3178; x_wconf 81' lang='lat' dir='ltr'><strong>Abrahamus,</strong></span> <span class='ocrx_word' id='word_1_575' title='bbox 3306 3114 3564 3182; x_wconf 76' lang='lat' dir='ltr'><strong>patientia</strong></span> 
     </span>
    </p>
   </div>
   <div class='ocr_carea' id='block_1_77' title="bbox 1981 3205 3566 3277">
    <p class='ocr_par' dir='ltr' id='par_1_77' title="bbox 1981 3205 3566 3277">
     <span class='ocr_line' id='line_1_77' title="bbox 1981 3205 3566 3277; baseline 0.003 -18"><span class='ocrx_word' id='word_1_576' title='bbox 1981 3205 2202 3275; x_wconf 85' lang='lat' dir='ltr'><strong>probata</strong></span> <span class='ocrx_word' id='word_1_577' title='bbox 2228 3206 2626 3273; x_wconf 73' lang='lat' dir='ltr'><strong>promissionem</strong></span> <span class='ocrx_word' id='word_1_578' title='bbox 2657 3214 2843 3259; x_wconf 85' lang='lat' dir='ltr'><strong>nactus</strong></span> <span class='ocrx_word' id='word_1_579' title='bbox 2882 3214 2956 3260; x_wconf 86' lang='lat' dir='ltr'><strong>est</strong></span> <span class='ocrx_word' id='word_1_580' title='bbox 2990 3207 3035 3238; x_wconf 79' lang='lat'>”</span> <span class='ocrx_word' id='word_1_581' title='bbox 3054 3223 3073 3272; x_wconf 89' lang='lat'><strong><em>;</em></strong></span> <span class='ocrx_word' id='word_1_582' title='bbox 3119 3222 3221 3262; x_wconf 89' lang='lat' dir='ltr'><strong>nec</strong></span> <span class='ocrx_word' id='word_1_583' title='bbox 3252 3222 3386 3271; x_wconf 89' lang='lat' dir='ltr'><strong>non,</strong></span> <span class='ocrx_word' id='word_1_584' title='bbox 3420 3207 3566 3277; x_wconf 88' lang='lat' dir='ltr'><strong>quod</strong></span> 
     </span>
    </p>
   </div>
   <div class='ocr_carea' id='block_1_78' title="bbox 1985 3297 3566 3371">
    <p class='ocr_par' dir='ltr' id='par_1_78' title="bbox 1985 3297 3566 3371">
     <span class='ocr_line' id='line_1_78' title="bbox 1985 3297 3566 3371; baseline 0 -18"><span class='ocrx_word' id='word_1_585' title='bbox 1985 3298 2128 3353; x_wconf 89' lang='lat' dir='ltr'><strong>idem</strong></span> <span class='ocrx_word' id='word_1_586' title='bbox 2159 3297 2315 3361; x_wconf 87' lang='lat' dir='ltr'><strong>Deus,</strong></span> <span class='ocrx_word' id='word_1_587' title='bbox 2351 3298 2525 3352; x_wconf 81' lang='lat' dir='ltr'><strong>adhuc</strong></span> <span class='ocrx_word' id='word_1_588' title='bbox 2548 3299 2718 3369; x_wconf 86' lang='lat' dir='ltr'><strong>magis</strong></span> <span class='ocrx_word' id='word_1_589' title='bbox 2745 3300 3036 3354; x_wconf 76' lang='lat' dir='ltr'><strong>Itwredibus</strong></span> <span class='ocrx_word' id='word_1_590' title='bbox 3060 3300 3442 3369; x_wconf 83' lang='lat' dir='ltr'><strong>promissionis,</strong></span> <span class='ocrx_word' id='word_1_591' title='bbox 3474 3299 3566 3371; x_wconf 90' lang='lat' dir='ltr'><strong>qui</strong></span> 
     </span>
    </p>
   </div>
   <div class='ocr_carea' id='block_1_79' title="bbox 1985 3391 3567 3453">
    <p class='ocr_par' dir='ltr' id='par_1_79' title="bbox 1985 3391 3567 3453">
     <span class='ocr_line' id='line_1_79' title="bbox 1985 3391 3567 3453; baseline 0.001 -10"><span class='ocrx_word' id='word_1_592' title='bbox 1985 3405 2087 3444; x_wconf 89' lang='lat' dir='ltr'><strong>nos</strong></span> <span class='ocrx_word' id='word_1_593' title='bbox 2115 3405 2326 3453; x_wconf 89' lang='lat' dir='ltr'><strong>sumus,</strong></span> <span class='ocrx_word' id='word_1_594' title='bbox 2360 3391 2639 3444; x_wconf 84' lang='lat' dir='ltr'><strong>consilium</strong></span> <span class='ocrx_word' id='word_1_595' title='bbox 2663 3396 2816 3445; x_wconf 85' lang='lat' dir='ltr'><strong>suum</strong></span> <span class='ocrx_word' id='word_1_596' title='bbox 2850 3400 2906 3445; x_wconf 90' lang='lat' dir='ltr'><strong>ut</strong></span> <span class='ocrx_word' id='word_1_597' title='bbox 2938 3408 3037 3445; x_wconf 88' lang='lat' dir='ltr'><strong>non</strong></span> <span class='ocrx_word' id='word_1_598' title='bbox 3071 3392 3325 3445; x_wconf 85' lang='lat' dir='ltr'><strong>mutabile</strong></span> <span class='ocrx_word' id='word_1_599' title='bbox 3353 3394 3567 3453; x_wconf 75' lang='lat' dir='ltr'><strong>demon-</strong></span> 
     </span>
    </p>
   </div>
   <div class='ocr_carea' id='block_1_80' title="bbox 1984 3481 3567 3552">
    <p class='ocr_par' dir='ltr' id='par_1_80' title="bbox 1984 3481 3567 3552">
     <span class='ocr_line' id='line_1_80' title="bbox 1984 3481 3567 3552; baseline 0.001 -18"><span class='ocrx_word' id='word_1_600' title='bbox 1984 3490 2269 3547; x_wconf 83' lang='lat' dir='ltr'><strong>straturus,</strong></span> <span class='ocrx_word' id='word_1_601' title='bbox 2304 3481 2693 3551; x_wconf 86' lang='lat' dir='ltr'><strong>jusjurandum</strong></span> <span class='ocrx_word' id='word_1_602' title='bbox 2737 3483 3069 3552; x_wconf 86' lang='lat' dir='ltr'><strong>interposuit,</strong></span> <span class='ocrx_word' id='word_1_603' title='bbox 3110 3492 3165 3536; x_wconf 87' lang='lat' dir='ltr'><strong>ut</strong></span> <span class='ocrx_word' id='word_1_604' title='bbox 3199 3500 3291 3551; x_wconf 87' lang='lat' dir='ltr'><strong>per</strong></span> <span class='ocrx_word' id='word_1_605' title='bbox 3320 3483 3423 3536; x_wconf 85' lang='lat' dir='ltr'><strong>duo</strong></span> <span class='ocrx_word' id='word_1_606' title='bbox 3465 3499 3567 3536; x_wconf 89' lang='lat' dir='ltr'><strong>non</strong></span> 
     </span>
    </p>
   </div>
   <div class='ocr_carea' id='block_1_81' title="bbox 1988 3571 3569 3643">
    <p class='ocr_par' dir='ltr' id='par_1_81' title="bbox 1988 3571 3569 3643">
     <span class='ocr_line' id='line_1_81' title="bbox 1988 3571 3569 3643; baseline 0.001 -18"><span class='ocrx_word' id='word_1_607' title='bbox 1988 3571 2285 3637; x_wconf 85' lang='lat' dir='ltr'><strong>mutabilia,</strong></span> <span class='ocrx_word' id='word_1_608' title='bbox 2308 3571 2361 3625; x_wconf 90' lang='lat' dir='ltr'><strong>in</strong></span> <span class='ocrx_word' id='word_1_609' title='bbox 2384 3573 2567 3641; x_wconf 83' lang='lat' dir='ltr'><strong>quibus</strong></span> <span class='ocrx_word' id='word_1_610' title='bbox 2598 3572 2784 3643; x_wconf 77' lang='lat' dir='ltr'><strong>fallere</strong></span> <span class='ocrx_word' id='word_1_611' title='bbox 2814 3572 2955 3627; x_wconf 88' lang='lat' dir='ltr'><strong>Deus</strong></span> <span class='ocrx_word' id='word_1_612' title='bbox 2978 3590 3081 3627; x_wconf 88' lang='lat' dir='ltr'><strong>non</strong></span> <span class='ocrx_word' id='word_1_613' title='bbox 3110 3582 3300 3643; x_wconf 87' lang='lat' dir='ltr'><strong>potest,</strong></span> <span class='ocrx_word' id='word_1_614' title='bbox 3353 3575 3569 3643; x_wconf 78' lang='lat' dir='ltr'><strong>ﬁrmum</strong></span> 
     </span>
    </p>
   </div>
   <div class='ocr_carea' id='block_1_82' title="bbox 1987 3662 3562 3735">
    <p class='ocr_par' dir='ltr' id='par_1_82' title="bbox 1987 3662 3562 3735">
     <span class='ocr_line' id='line_1_82' title="bbox 1987 3662 3562 3735; baseline 0.001 -19"><span class='ocrx_word' id='word_1_615' title='bbox 1987 3662 2237 3717; x_wconf 85' lang='lat' dir='ltr'><strong>solatium</strong></span> <span class='ocrx_word' id='word_1_616' title='bbox 2273 3662 2559 3717; x_wconf 82' lang='lat' dir='ltr'><strong>habeamus</strong></span> <span class='ocrx_word' id='word_1_617' title='bbox 2592 3664 2659 3717; x_wconf 84' lang='lat'><strong>&quot;.</strong></span> <span class='ocrx_word' id='word_1_618' title='bbox 2700 3663 2976 3729; x_wconf 82' lang='lat' dir='ltr'><strong>Quinam?</strong></span> <span class='ocrx_word' id='word_1_619' title='bbox 3018 3663 3128 3718; x_wconf 85' lang='lat' dir='ltr'><strong>Nos</strong></span> <span class='ocrx_word' id='word_1_620' title='bbox 3167 3663 3425 3729; x_wconf 88' lang='lat' dir='ltr'><strong>omnino,</strong></span> <span class='ocrx_word' id='word_1_621' title='bbox 3470 3664 3562 3735; x_wconf 91' lang='lat' dir='ltr'><strong>qui</strong></span> 
     </span>
    </p>
   </div>
   <div class='ocr_carea' id='block_1_83' title="bbox 1989 3752 3570 3827">
    <p class='ocr_par' dir='ltr' id='par_1_83' title="bbox 1989 3752 3570 3827">
     <span class='ocr_line' id='line_1_83' title="bbox 1989 3752 3570 3827; baseline 0 -18"><span class='ocrx_word' id='word_1_622' title='bbox 1989 3752 2335 3826; x_wconf 78' lang='lat' dir='ltr'><strong>confugimus</strong></span> <span class='ocrx_word' id='word_1_623' title='bbox 2364 3754 2431 3809; x_wconf 91' lang='lat' dir='ltr'><strong>ad</strong></span> <span class='ocrx_word' id='word_1_624' title='bbox 2453 3754 2743 3809; x_wconf 89' lang='lat' dir='ltr'><strong>tenendam</strong></span> <span class='ocrx_word' id='word_1_625' title='bbox 2778 3770 2929 3827; x_wconf 91' lang='lat' dir='ltr'><strong>spem</strong></span> <span class='ocrx_word' id='word_1_626' title='bbox 2963 3755 3331 3825; x_wconf 82' lang='lat' dir='ltr'><strong>propositam?</strong></span> <span class='ocrx_word' id='word_1_627' title='bbox 3370 3755 3570 3811; x_wconf 64' lang='lat' dir='ltr'><strong>Obsero</strong></span> 
     </span>
    </p>
   </div>
   <div class='ocr_carea' id='block_1_84' title="bbox 1990 3848 3570 3922">
    <p class='ocr_par' dir='ltr' id='par_1_84' title="bbox 1990 3848 3570 3922">
     <span class='ocr_line' id='line_1_84' title="bbox 1990 3848 3570 3922; baseline -0.005 -13"><span class='ocrx_word' id='word_1_628' title='bbox 1990 3848 2201 3909; x_wconf 82' lang='lat' dir='ltr'><strong>vastine</strong></span> <span class='ocrx_word' id='word_1_629' title='bbox 2249 3849 2397 3922; x_wconf 83' lang='lat' dir='ltr'><strong>quod</strong></span> <span class='ocrx_word' id='word_1_630' title='bbox 2426 3848 2598 3905; x_wconf 86' lang='lat' dir='ltr'><strong>Deum</strong></span> <span class='ocrx_word' id='word_1_631' title='bbox 2623 3848 2755 3904; x_wconf 90' lang='lat' dir='ltr'><strong>dicit</strong></span> <span class='ocrx_word' id='word_1_632' title='bbox 2785 3865 2893 3902; x_wconf 90' lang='lat' dir='ltr'><strong>non</strong></span> <span class='ocrx_word' id='word_1_633' title='bbox 2925 3848 3089 3901; x_wconf 87' lang='lat' dir='ltr'><strong>alium</strong></span> <span class='ocrx_word' id='word_1_634' title='bbox 3120 3849 3187 3903; x_wconf 87' lang='lat' dir='ltr'><strong>ab</strong></span> <span class='ocrx_word' id='word_1_635' title='bbox 3220 3862 3287 3902; x_wconf 90' lang='lat' dir='ltr'><strong>eo</strong></span> <span class='ocrx_word' id='word_1_636' title='bbox 3333 3848 3425 3917; x_wconf 88' lang='lat' dir='ltr'><strong>qui</strong></span> <span class='ocrx_word' id='word_1_637' title='bbox 3453 3848 3570 3917; x_wconf 87' lang='lat' dir='ltr'><strong>jus-</strong></span> 
     </span>
    </p>
   </div>
   <div class='ocr_carea' id='block_1_85' title="bbox 1986 3940 3569 4018">
    <p class='ocr_par' dir='ltr' id='par_1_85' title="bbox 1986 3940 3569 4018">
     <span class='ocr_line' id='line_1_85' title="bbox 1986 3940 3569 4018; baseline -0.004 -17"><span class='ocrx_word' id='word_1_638' title='bbox 1986 3944 2281 4018; x_wconf 87' lang='lat' dir='ltr'><strong>jurandum</strong></span> <span class='ocrx_word' id='word_1_639' title='bbox 2311 3944 2621 3999; x_wconf 80' lang='lat' dir='ltr'><strong>Abrahamo</strong></span> <span class='ocrx_word' id='word_1_640' title='bbox 2653 3944 2939 4013; x_wconf 66' lang='lat' dir='ltr'><strong>praestitit;</strong></span> <span class='ocrx_word' id='word_1_641' title='bbox 2965 3941 3111 4013; x_wconf 89' lang='lat' dir='ltr'><strong>quod</strong></span> <span class='ocrx_word' id='word_1_642' title='bbox 3143 3941 3395 3997; x_wconf 88' lang='lat' dir='ltr'><strong>eumdem</strong></span> <span class='ocrx_word' id='word_1_643' title='bbox 3423 3940 3569 3996; x_wconf 86' lang='lat' dir='ltr'><strong>veri-</strong></span> 
     </span>
    </p>
   </div>
   <div class='ocr_carea' id='block_1_86' title="bbox 1997 4018 3571 4106">
    <p class='ocr_par' dir='ltr' id='par_1_86' title="bbox 1997 4018 3571 4106">
     <span class='ocr_line' id='line_1_86' title="bbox 1997 4018 3571 4106; baseline -0.003 -14"><span class='ocrx_word' id='word_1_644' title='bbox 1997 4018 2123 4093; x_wconf 80' lang='lat' dir='ltr'><strong>tatis</strong></span> <span class='ocrx_word' id='word_1_645' title='bbox 2155 4035 2361 4091; x_wconf 87' lang='lat' dir='ltr'><strong>fontem</strong></span> <span class='ocrx_word' id='word_1_646' title='bbox 2396 4035 2693 4106; x_wconf 60' lang='lat' dir='ltr'><strong>praedicat;</strong></span> <span class='ocrx_word' id='word_1_647' title='bbox 2740 4034 2881 4104; x_wconf 87' lang='lat' dir='ltr'><strong>quod</strong></span> <span class='ocrx_word' id='word_1_648' title='bbox 2914 4041 2969 4088; x_wconf 90' lang='lat' dir='ltr'><strong>et</strong></span> <span class='ocrx_word' id='word_1_649' title='bbox 3005 4049 3126 4099; x_wconf 89' lang='lat' dir='ltr'><strong>nos,</strong></span> <span class='ocrx_word' id='word_1_650' title='bbox 3158 4034 3250 4105; x_wconf 90' lang='lat' dir='ltr'><strong>qui</strong></span> <span class='ocrx_word' id='word_1_651' title='bbox 3298 4033 3571 4089; x_wconf 82' lang='lat' dir='ltr'><strong>credimus</strong></span> 
     </span>
    </p>
   </div>
   <div class='ocr_carea' id='block_1_87' title="bbox 1992 4126 3571 4196">
    <p class='ocr_par' dir='ltr' id='par_1_87' title="bbox 1992 4126 3571 4196">
     <span class='ocr_line' id='line_1_87' title="bbox 1992 4126 3571 4196; baseline -0.003 -11"><span class='ocrx_word' id='word_1_652' title='bbox 1992 4130 2049 4185; x_wconf 88' lang='lat' dir='ltr'><strong>in</strong></span> <span class='ocrx_word' id='word_1_653' title='bbox 2087 4130 2387 4195; x_wconf 88' lang='lat' dir='ltr'><strong>Christum,</strong></span> <span class='ocrx_word' id='word_1_654' title='bbox 2421 4127 2548 4184; x_wconf 90' lang='lat' dir='ltr'><strong>inde</strong></span> <span class='ocrx_word' id='word_1_655' title='bbox 2578 4128 2848 4183; x_wconf 82' lang='lat' dir='ltr'><strong>habemus</strong></span> <span class='ocrx_word' id='word_1_656' title='bbox 2878 4128 3131 4183; x_wconf 84' lang='lat' dir='ltr'><strong>solatium</strong></span> <span class='ocrx_word' id='word_1_657' title='bbox 3163 4136 3219 4181; x_wconf 87' lang='lat' dir='ltr'><strong>et</strong></span> <span class='ocrx_word' id='word_1_658' title='bbox 3247 4126 3392 4182; x_wconf 91' lang='lat' dir='ltr'><strong>vires</strong></span> <span class='ocrx_word' id='word_1_659' title='bbox 3418 4140 3571 4196; x_wconf 81' lang='lat' dir='ltr'><strong>Spem</strong></span> 
     </span>
    </p>
   </div>
   <div class='ocr_carea' id='block_1_88' title="bbox 1991 4220 3573 4293">
    <p class='ocr_par' dir='ltr' id='par_1_88' title="bbox 1991 4220 3573 4293">
     <span class='ocr_line' id='line_1_88' title="bbox 1991 4220 3573 4293; baseline -0.003 -17"><span class='ocrx_word' id='word_1_660' title='bbox 1991 4222 2329 4293; x_wconf 87' lang='lat' dir='ltr'><strong>propositam</strong></span> <span class='ocrx_word' id='word_1_661' title='bbox 2363 4220 2770 4291; x_wconf 88' lang='lat' dir='ltr'><strong>consequendi?</strong></span> <span class='ocrx_word' id='word_1_662' title='bbox 2802 4220 2903 4275; x_wconf 88' lang='lat' dir='ltr'><strong>Ubi</strong></span> <span class='ocrx_word' id='word_1_663' title='bbox 2955 4220 3119 4292; x_wconf 78' lang='lat' dir='ltr'><strong>igitur</strong></span> <span class='ocrx_word' id='word_1_664' title='bbox 3156 4220 3340 4273; x_wconf 86' lang='lat' dir='ltr'><strong>Bonus</strong></span> <span class='ocrx_word' id='word_1_665' title='bbox 3391 4220 3482 4273; x_wconf 86' lang='lat' dir='ltr'><strong>ille</strong></span> <span class='ocrx_word' id='word_1_666' title='bbox 3515 4226 3573 4273; x_wconf 87' lang='lat' dir='ltr'><strong>et</strong></span> 
     </span>
    </p>
   </div>
   <div class='ocr_carea' id='block_1_89' title="bbox 1991 4311 3573 4376">
    <p class='ocr_par' dir='ltr' id='par_1_89' title="bbox 1991 4311 3573 4376">
     <span class='ocr_line' id='line_1_89' title="bbox 1991 4311 3573 4376; baseline -0.003 -7"><span class='ocrx_word' id='word_1_667' title='bbox 1991 4312 2165 4369; x_wconf 78' lang='lat' dir='ltr'><strong>Malus</strong></span> <span class='ocrx_word' id='word_1_668' title='bbox 2195 4323 2302 4376; x_wconf 87' lang='lat' dir='ltr'><strong>est,</strong></span> <span class='ocrx_word' id='word_1_669' title='bbox 2330 4313 2423 4367; x_wconf 87' lang='lat' dir='ltr'><strong>ubi</strong></span> <span class='ocrx_word' id='word_1_670' title='bbox 2472 4320 2559 4368; x_wconf 91' lang='lat' dir='ltr'><strong>est</strong></span> <span class='ocrx_word' id='word_1_671' title='bbox 2602 4311 2695 4366; x_wconf 92' lang='lat' dir='ltr'><strong>illa</strong></span> <span class='ocrx_word' id='word_1_672' title='bbox 2732 4311 2936 4367; x_wconf 75' lang='lat' dir='ltr'><strong>veteris</strong></span> <span class='ocrx_word' id='word_1_673' title='bbox 2977 4320 3032 4366; x_wconf 91' lang='lat' dir='ltr'><strong>et</strong></span> <span class='ocrx_word' id='word_1_674' title='bbox 3085 4312 3213 4365; x_wconf 78' lang='lat' dir='ltr'><strong>novi</strong></span> <span class='ocrx_word' id='word_1_675' title='bbox 3260 4312 3573 4367; x_wconf 67' lang='lat' dir='ltr'><strong>testamenti</strong></span> 
     </span>
    </p>
   </div>
   <div class='ocr_carea' id='block_1_90' title="bbox 1992 4403 3570 4477">
    <p class='ocr_par' dir='ltr' id='par_1_90' title="bbox 1992 4403 3570 4477">
     <span class='ocr_line' id='line_1_90' title="bbox 1992 4403 3570 4477; baseline -0.004 -15"><span class='ocrx_word' id='word_1_676' title='bbox 1992 4406 2232 4462; x_wconf 85' lang='lat' dir='ltr'><strong>divisio?</strong></span> <span class='ocrx_word' id='word_1_677' title='bbox 2262 4404 2398 4472; x_wconf 83' lang='lat' dir='ltr'><strong>Quis</strong></span> <span class='ocrx_word' id='word_1_678' title='bbox 2426 4419 2558 4461; x_wconf 85' lang='lat' dir='ltr'><strong>vero</strong></span> <span class='ocrx_word' id='word_1_679' title='bbox 2612 4413 2731 4469; x_wconf 85' lang='lat' dir='ltr'><strong>est,</strong></span> <span class='ocrx_word' id='word_1_680' title='bbox 2789 4403 2881 4477; x_wconf 90' lang='lat' dir='ltr'><strong>qui</strong></span> <span class='ocrx_word' id='word_1_681' title='bbox 2942 4420 3141 4458; x_wconf 88' lang='lat' dir='ltr'><strong>novum</strong></span> <span class='ocrx_word' id='word_1_682' title='bbox 3183 4412 3570 4458; x_wconf 89' lang='lat' dir='ltr'><strong>testamentum</strong></span> 
     </span>
    </p>
   </div>
   <div class='ocr_carea' id='block_1_91' title="bbox 1994 4491 3571 4565">
    <p class='ocr_par' dir='ltr' id='par_1_91' title="bbox 1994 4491 3571 4565">
     <span class='ocr_line' id='line_1_91' title="bbox 1994 4491 3571 4565; baseline -0.003 -14"><span class='ocrx_word' id='word_1_683' title='bbox 1994 4497 2156 4552; x_wconf 84' lang='lat' dir='ltr'><strong>etiam</strong></span> <span class='ocrx_word' id='word_1_684' title='bbox 2198 4510 2364 4565; x_wconf 83' lang='lat' dir='ltr'><strong>super</strong></span> <span class='ocrx_word' id='word_1_685' title='bbox 2410 4494 2630 4550; x_wconf 80' lang='lat' dir='ltr'><strong>domum</strong></span> <span class='ocrx_word' id='word_1_686' title='bbox 2679 4494 2819 4550; x_wconf 80' lang='lat' dir='ltr'><strong>Juda</strong></span> <span class='ocrx_word' id='word_1_687' title='bbox 2853 4492 3123 4564; x_wconf 88' lang='lat' dir='ltr'><strong>perfecit?</strong></span> <span class='ocrx_word' id='word_1_688' title='bbox 3169 4491 3286 4547; x_wconf 88' lang='lat' dir='ltr'><strong>Nisi</strong></span> <span class='ocrx_word' id='word_1_689' title='bbox 3340 4492 3443 4563; x_wconf 88' lang='lat' dir='ltr'><strong>ipsi</strong></span> <span class='ocrx_word' id='word_1_690' title='bbox 3474 4491 3571 4546; x_wconf 90' lang='lat' dir='ltr'><strong>tibi</strong></span> 
     </span>
    </p>
   </div>
   <div class='ocr_carea' id='block_1_92' title="bbox 309 4583 1879 4661">
    <p class='ocr_par' dir='ltr' id='par_1_92' title="bbox 309 4585 1879 4661">
     <span class='ocr_line' id='line_1_92' title="bbox 309 4585 1879 4661; baseline -0.003 -17"><span class='ocrx_word' id='word_1_691' title='bbox 309 4589 550 4661; x_wconf 84' lang='grc' dir='ltr'>Χριστὸν</span> <span class='ocrx_word' id='word_1_692' title='bbox 583 4586 795 4642; x_wconf 68' lang='grc' dir='ltr'>ἐκεῖθεν</span> <span class='ocrx_word' id='word_1_693' title='bbox 815 4586 1013 4657; x_wconf 73' lang='grc' dir='ltr'>ἔχομεν</span> <span class='ocrx_word' id='word_1_694' title='bbox 1059 4585 1405 4656; x_wconf 73' lang='grc' dir='ltr'>παράκλησιν</span> <span class='ocrx_word' id='word_1_695' title='bbox 1430 4585 1529 4639; x_wconf 75' lang='grc' dir='ltr'>καὶ</span> <span class='ocrx_word' id='word_1_696' title='bbox 1581 4586 1737 4656; x_wconf 83' lang='grc' dir='ltr'>ίσχὺν</span> <span class='ocrx_word' id='word_1_697' title='bbox 1790 4587 1879 4657; x_wconf 85' lang='grc' dir='ltr'>τῆς</span> 
     </span>
    </p>
   </div>
   <div class='ocr_carea' id='block_1_93' title="bbox 1981 4583 3571 4661">
    <p class='ocr_par' dir='ltr' id='par_1_93' title="bbox 1996 4583 3571 4657">
     <span class='ocr_line' id='line_1_93' title="bbox 1996 4583 3571 4657; baseline -0.004 -16"><span class='ocrx_word' id='word_1_698' title='bbox 1996 4586 2326 4657; x_wconf 89' lang='lat' dir='ltr'><strong>respondere</strong></span> <span class='ocrx_word' id='word_1_699' title='bbox 2358 4585 2551 4655; x_wconf 41' lang='lat' dir='ltr'><strong>placet»,</strong></span> <span class='ocrx_word' id='word_1_700' title='bbox 2584 4584 2711 4639; x_wconf 89' lang='lat' dir='ltr'><strong>audi</strong></span> <span class='ocrx_word' id='word_1_701' title='bbox 2746 4583 2971 4638; x_wconf 83' lang='lat' dir='ltr'><strong>Paulum</strong></span> <span class='ocrx_word' id='word_1_702' title='bbox 3021 4583 3304 4638; x_wconf 89' lang='lat' dir='ltr'><strong>doctorem</strong></span> <span class='ocrx_word' id='word_1_703' title='bbox 3339 4597 3571 4653; x_wconf 88' lang='lat' dir='ltr'><strong>respon-</strong></span> 
     </span>
    </p>
   </div>
   <div class='ocr_carea' id='block_1_94' title="bbox 308 4674 1879 4753">
    <p class='ocr_par' dir='ltr' id='par_1_94' title="bbox 308 4676 1879 4753">
     <span class='ocr_line' id='line_1_94' title="bbox 308 4676 1879 4753; baseline -0.003 -17"><span class='ocrx_word' id='word_1_704' title='bbox 308 4681 690 4753; x_wconf 80' lang='grc' dir='ltr'>προκειμένης</span> <span class='ocrx_word' id='word_1_705' title='bbox 758 4678 973 4742; x_wconf 78' lang='grc' dir='ltr'>ἐλπίδος</span> <span class='ocrx_word' id='word_1_706' title='bbox 1046 4678 1359 4750; x_wconf 83' lang='grc' dir='ltr'>κρατῆσαι;</span> <span class='ocrx_word' id='word_1_707' title='bbox 1423 4676 1533 4731; x_wconf 79' lang='grc' dir='ltr'>Ποῦ</span> <span class='ocrx_word' id='word_1_708' title='bbox 1604 4678 1783 4731; x_wconf 86' lang='grc' dir='ltr'>τοίνυν</span> <span class='ocrx_word' id='word_1_709' title='bbox 1864 4680 1879 4732; x_wconf 73' lang='lat' dir='ltr'><strong>l</strong></span> 
     </span>
    </p>
   </div>
   <div class='ocr_carea' id='block_1_95' title="bbox 1981 4674 3574 4753">
    <p class='ocr_par' dir='ltr' id='par_1_95' title="bbox 1991 4674 3574 4748">
     <span class='ocr_line' id='line_1_95' title="bbox 1991 4674 3574 4748; baseline -0.006 -12"><span class='ocrx_word' id='word_1_710' title='bbox 1991 4681 2211 4736; x_wconf 89' lang='lat' dir='ltr'><strong>dentem</strong></span> <span class='ocrx_word' id='word_1_711' title='bbox 2238 4696 2253 4746; x_wconf 90' lang='lat'><strong>;</strong></span> <span class='ocrx_word' id='word_1_712' title='bbox 2287 4678 2579 4748; x_wconf 88' lang='lat' dir='ltr'><strong>respondet</strong></span> <span class='ocrx_word' id='word_1_713' title='bbox 2600 4677 2746 4732; x_wconf 87' lang='lat' dir='ltr'><strong>enim</strong></span> <span class='ocrx_word' id='word_1_714' title='bbox 2787 4675 3105 4747; x_wconf 89' lang='lat' dir='ltr'><strong>prophetica</strong></span> <span class='ocrx_word' id='word_1_715' title='bbox 3136 4675 3393 4731; x_wconf 85' lang='lat' dir='ltr'><strong>vaticinia</strong></span> <span class='ocrx_word' id='word_1_716' title='bbox 3415 4674 3574 4729; x_wconf 88' lang='lat' dir='ltr'><strong>adhi-</strong></span> 
     </span>
    </p>
   </div>
   <div class='ocr_carea' id='block_1_96' title="bbox 322 4764 1879 4843">
    <p class='ocr_par' dir='ltr' id='par_1_96' title="bbox 322 4770 1879 4843">
     <span class='ocr_line' id='line_1_96' title="bbox 322 4770 1879 4843; baseline -0.003 -14"><span class='ocrx_word' id='word_1_717' title='bbox 322 4773 557 4843; x_wconf 84' lang='grc' dir='ltr'>’Δγαθὸς</span> <span class='ocrx_word' id='word_1_718' title='bbox 584 4774 679 4827; x_wconf 70' lang='grc' dir='ltr'><strong>καὶ</strong></span> <span class='ocrx_word' id='word_1_719' title='bbox 702 4774 731 4826; x_wconf 89' lang='grc' dir='ltr'><strong>ό</strong></span> <span class='ocrx_word' id='word_1_720' title='bbox 784 4770 1051 4843; x_wconf 76' lang='grc' dir='ltr'>Πονηρὸς,</span> <span class='ocrx_word' id='word_1_721' title='bbox 1084 4772 1177 4824; x_wconf 68' lang='grc' dir='ltr'><strong>καὶ</strong></span> <span class='ocrx_word' id='word_1_722' title='bbox 1203 4771 1237 4841; x_wconf 78' lang='grc' dir='ltr'>ἡ</span> <span class='ocrx_word' id='word_1_723' title='bbox 1278 4770 1379 4840; x_wconf 83' lang='grc' dir='ltr'>τῆς</span> <span class='ocrx_word' id='word_1_724' title='bbox 1429 4771 1675 4833; x_wconf 81' lang='grc' dir='ltr'>Παλαιᾶς</span> <span class='ocrx_word' id='word_1_725' title='bbox 1727 4788 1879 4825; x_wconf 78' lang='grc' dir='ltr'>κατα-</span> 
     </span>
    </p>
   </div>
   <div class='ocr_carea' id='block_1_97' title="bbox 1981 4764 3573 4843">
    <p class='ocr_par' dir='ltr' id='par_1_97' title="bbox 1993 4764 3573 4833">
     <span class='ocr_line' id='line_1_97' title="bbox 1993 4764 3573 4833; baseline -0.006 -7"><span class='ocrx_word' id='word_1_726' title='bbox 1993 4771 2167 4827; x_wconf 88' lang='lat' dir='ltr'><strong>bens:</strong></span> <span class='ocrx_word' id='word_1_727' title='bbox 2204 4770 2335 4825; x_wconf 81' lang='lat' dir='ltr'><strong>Ecce</strong></span> <span class='ocrx_word' id='word_1_728' title='bbox 2358 4770 2467 4823; x_wconf 86' lang='lat' dir='ltr'><strong>dies</strong></span> <span class='ocrx_word' id='word_1_729' title='bbox 2507 4768 2740 4832; x_wconf 87' lang='lat' dir='ltr'><strong>veniunt,</strong></span> <span class='ocrx_word' id='word_1_730' title='bbox 2773 4767 2851 4820; x_wconf 88' lang='lat' dir='ltr'><strong>ait</strong></span> <span class='ocrx_word' id='word_1_731' title='bbox 2885 4766 3160 4830; x_wconf 85' lang='lat' dir='ltr'><strong>Dominus,</strong></span> <span class='ocrx_word' id='word_1_732' title='bbox 3193 4773 3242 4819; x_wconf 90' lang='lat' dir='ltr'><strong>et</strong></span> <span class='ocrx_word' id='word_1_733' title='bbox 3295 4764 3573 4833; x_wconf 83' lang='lat' dir='ltr'><strong>perﬁciant</strong></span> 
     </span>
    </p>
   </div>
   <div class='ocr_carea' id='block_1_98' title="bbox 309 4857 1879 4936">
    <p class='ocr_par' dir='ltr' id='par_1_98' title="bbox 309 4860 1879 4936">
     <span class='ocr_line' id='line_1_98' title="bbox 309 4860 1879 4936; baseline -0.003 -17"><span class='ocrx_word' id='word_1_734' title='bbox 309 4865 496 4936; x_wconf 71' lang='grc' dir='ltr'>τομῆς</span> <span class='ocrx_word' id='word_1_735' title='bbox 542 4864 641 4927; x_wconf 80' lang='grc' dir='ltr'>Τίς</span> <span class='ocrx_word' id='word_1_736' title='bbox 692 4862 751 4917; x_wconf 83' lang='grc' dir='ltr'>δὲ</span> <span class='ocrx_word' id='word_1_737' title='bbox 792 4861 955 4917; x_wconf 76' lang='grc' dir='ltr'>πάλιν</span> <span class='ocrx_word' id='word_1_738' title='bbox 1001 4860 1148 4915; x_wconf 71' lang='grc' dir='ltr'>ἐστὶν</span> <span class='ocrx_word' id='word_1_739' title='bbox 1178 4862 1207 4915; x_wconf 83' lang='grc' dir='ltr'><strong>ὁ</strong></span> <span class='ocrx_word' id='word_1_740' title='bbox 1255 4860 1353 4932; x_wconf 77' lang='grc' dir='ltr'>τὴν</span> <span class='ocrx_word' id='word_1_741' title='bbox 1382 4861 1576 4931; x_wconf 79' lang='grc' dir='ltr'>καινὴν</span> <span class='ocrx_word' id='word_1_742' title='bbox 1624 4861 1879 4932; x_wconf 62' lang='grc' dir='ltr'>διαθήκηι</span> 
     </span>
    </p>
   </div>
   <div class='ocr_carea' id='block_1_99' title="bbox 1981 4857 3573 4936">
    <p class='ocr_par' dir='ltr' id='par_1_99' title="bbox 1991 4857 3573 4932">
     <span class='ocr_line' id='line_1_99' title="bbox 1991 4857 3573 4932; baseline -0.003 -15"><span class='ocrx_word' id='word_1_743' title='bbox 1991 4880 2146 4932; x_wconf 83' lang='lat' dir='ltr'><strong>super</strong></span> <span class='ocrx_word' id='word_1_744' title='bbox 2173 4864 2383 4916; x_wconf 87' lang='lat' dir='ltr'><strong>domum</strong></span> <span class='ocrx_word' id='word_1_745' title='bbox 2413 4862 2554 4916; x_wconf 77' lang='lat' dir='ltr'><strong>Iuda</strong></span> <span class='ocrx_word' id='word_1_746' title='bbox 2584 4869 2958 4915; x_wconf 88' lang='lat' dir='ltr'><strong>testamentum</strong></span> <span class='ocrx_word' id='word_1_747' title='bbox 3004 4875 3213 4912; x_wconf 86' lang='lat' dir='ltr'><strong>novum.</strong></span> <span class='ocrx_word' id='word_1_748' title='bbox 3244 4857 3459 4911; x_wconf 81' lang='lat' dir='ltr'><strong>Adhibe</strong></span> <span class='ocrx_word' id='word_1_749' title='bbox 3488 4898 3503 4921; x_wconf 88' lang='lat'><strong>,</strong></span> <span class='ocrx_word' id='word_1_750' title='bbox 3538 4872 3573 4912; x_wconf 91' lang='lat'><strong>0</strong></span> 
     </span>
    </p>
   </div>
   <div class='ocr_carea' id='block_1_100' title="bbox 312 4950 1879 5025">
    <p class='ocr_par' dir='ltr' id='par_1_100' title="bbox 312 4950 1879 5025">
     <span class='ocr_line' id='line_1_100' title="bbox 312 4950 1879 5025; baseline -0.004 -15"><span class='ocrx_word' id='word_1_751' title='bbox 312 4956 665 5019; x_wconf 81' lang='grc' dir='ltr'>συντελέσας,</span> <span class='ocrx_word' id='word_1_752' title='bbox 693 4954 789 5010; x_wconf 78' lang='grc' dir='ltr'><strong>καὶ</strong></span> <span class='ocrx_word' id='word_1_753' title='bbox 822 4954 917 5008; x_wconf 73' lang='grc' dir='ltr'><strong>ἐπὶ</strong></span> <span class='ocrx_word' id='word_1_754' title='bbox 940 4954 1032 5009; x_wconf 88' lang='grc' dir='ltr'><strong>τὸν</strong></span> <span class='ocrx_word' id='word_1_755' title='bbox 1067 4950 1214 5008; x_wconf 78' lang='grc' dir='ltr'>οἷκον</span> <span class='ocrx_word' id='word_1_756' title='bbox 1257 4952 1464 5019; x_wconf 77' lang='grc' dir='ltr'>Ἰούδας</span> <span class='ocrx_word' id='word_1_757' title='bbox 1490 4955 1553 5007; x_wconf 82' lang='lat' dir='ltr'><strong>Ei.</strong></span> <span class='ocrx_word' id='word_1_758' title='bbox 1600 4953 1677 5025; x_wconf 85' lang='grc' dir='ltr'>μὴ</span> <span class='ocrx_word' id='word_1_759' title='bbox 1714 4953 1879 5025; x_wconf 61' lang='grc' dir='ltr'>βούλει</span> 
     </span>
    </p>
   </div>
   <div class='ocr_carea' id='block_1_101' title="bbox 1981 4950 3574 5025">
    <p class='ocr_par' dir='ltr' id='par_1_101' title="bbox 1994 4952 3574 5021">
     <span class='ocr_line' id='line_1_101' title="bbox 1994 4952 3574 5021; baseline -0.004 -10"><span class='ocrx_word' id='word_1_760' title='bbox 1994 4958 2180 5018; x_wconf 87' lang='lat' dir='ltr'><strong>homo,</strong></span> <span class='ocrx_word' id='word_1_761' title='bbox 2214 4956 2491 5010; x_wconf 83' lang='lat' dir='ltr'><strong>mentem!</strong></span> <span class='ocrx_word' id='word_1_762' title='bbox 2523 4954 2643 5008; x_wconf 87' lang='lat' dir='ltr'><strong>Non</strong></span> <span class='ocrx_word' id='word_1_763' title='bbox 2679 4954 2967 5008; x_wconf 85' lang='lat' dir='ltr'><strong>secundum</strong></span> <span class='ocrx_word' id='word_1_764' title='bbox 3017 4960 3387 5005; x_wconf 83' lang='lat' dir='ltr'><strong>testamentum</strong></span> <span class='ocrx_word' id='word_1_765' title='bbox 3433 4952 3574 5021; x_wconf 87' lang='lat' dir='ltr'><strong>quod</strong></span> 
     </span>
    </p>
   </div>
   <div class='ocr_carea' id='block_1_102' title="bbox 309 5042 1879 5121">
    <p class='ocr_par' dir='ltr' id='par_1_102' title="bbox 309 5042 1879 5118">
     <span class='ocr_line' id='line_1_102' title="bbox 309 5042 1879 5118; baseline -0.001 -15"><span class='ocrx_word' id='word_1_766' title='bbox 309 5050 501 5118; x_wconf 88' lang='grc' dir='ltr'>λέγειν</span> <span class='ocrx_word' id='word_1_767' title='bbox 552 5047 736 5113; x_wconf 69' lang='grc' dir='ltr'>αὐτὸς,</span> <span class='ocrx_word' id='word_1_768' title='bbox 783 5046 1017 5102; x_wconf 78' lang='grc' dir='ltr'>ἄκουσον</span> <span class='ocrx_word' id='word_1_769' title='bbox 1073 5044 1167 5101; x_wconf 82' lang='grc' dir='ltr'>τοῦ</span> <span class='ocrx_word' id='word_1_770' title='bbox 1234 5042 1595 5116; x_wconf 85' lang='grc' dir='ltr'>μυσταγωγοῦ</span> <span class='ocrx_word' id='word_1_771' title='bbox 1636 5046 1879 5114; x_wconf 80' lang='grc' dir='ltr'>λέγοντος</span> 
     </span>
    </p>
   </div>
   <div class='ocr_carea' id='block_1_103' title="bbox 1981 5042 3575 5121">
    <p class='ocr_par' dir='ltr' id='par_1_103' title="bbox 1998 5043 3575 5121">
     <span class='ocr_line' id='line_1_103' title="bbox 1998 5043 3575 5121; baseline -0.007 -17"><span class='ocrx_word' id='word_1_772' title='bbox 1998 5050 2092 5121; x_wconf 75' lang='lat' dir='ltr'><strong>feci</strong></span> <span class='ocrx_word' id='word_1_773' title='bbox 2126 5050 2363 5118; x_wconf 87' lang='lat' dir='ltr'><strong>patribus</strong></span> <span class='ocrx_word' id='word_1_774' title='bbox 2410 5064 2588 5102; x_wconf 88' lang='lat' dir='ltr'><strong>eorum</strong></span> <span class='ocrx_word' id='word_1_775' title='bbox 2610 5087 2624 5112; x_wconf 90' lang='lat'><strong>,</strong></span> <span class='ocrx_word' id='word_1_776' title='bbox 2658 5048 2710 5099; x_wconf 89' lang='lat' dir='ltr'><strong>in</strong></span> <span class='ocrx_word' id='word_1_777' title='bbox 2739 5046 2823 5099; x_wconf 86' lang='lat' dir='ltr'><strong>die</strong></span> <span class='ocrx_word' id='word_1_778' title='bbox 2859 5043 2952 5097; x_wconf 89' lang='lat' dir='ltr'><strong>illo</strong></span> <span class='ocrx_word' id='word_1_779' title='bbox 2979 5082 2994 5109; x_wconf 91' lang='lat'><strong>,</strong></span> <span class='ocrx_word' id='word_1_780' title='bbox 3035 5059 3135 5115; x_wconf 89' lang='lat' dir='ltr'><strong>quo</strong></span> <span class='ocrx_word' id='word_1_781' title='bbox 3184 5059 3372 5096; x_wconf 86' lang='lat' dir='ltr'><strong>manus</strong></span> <span class='ocrx_word' id='word_1_782' title='bbox 3394 5058 3575 5097; x_wconf 88' lang='lat' dir='ltr'><strong>eorum</strong></span> 
     </span>
    </p>
   </div>
   <div class='ocr_carea' id='block_1_104' title="bbox 312 5131 1879 5211">
    <p class='ocr_par' dir='ltr' id='par_1_104' title="bbox 312 5134 1879 5209">
     <span class='ocr_line' id='line_1_104' title="bbox 312 5134 1879 5209; baseline -0.003 -15"><span class='ocrx_word' id='word_1_783' title='bbox 312 5140 534 5205; x_wconf 81' lang='grc' dir='ltr'>Παύλου</span> <span class='ocrx_word' id='word_1_784' title='bbox 561 5154 577 5170; x_wconf 77' lang='grc' dir='ltr'><strong><em>ο</em></strong></span> <span class='ocrx_word' id='word_1_785' title='bbox 621 5137 771 5208; x_wconf 88' lang='grc' dir='ltr'>λέγει</span> <span class='ocrx_word' id='word_1_786' title='bbox 822 5136 933 5209; x_wconf 80' lang='grc' dir='ltr'>γὰρ</span> <span class='ocrx_word' id='word_1_787' title='bbox 979 5134 1079 5201; x_wconf 78' lang='grc' dir='ltr'><strong>τὰς</strong></span> <span class='ocrx_word' id='word_1_788' title='bbox 1127 5135 1474 5208; x_wconf 76' lang='grc' dir='ltr'>προφητικὰς</span> <span class='ocrx_word' id='word_1_789' title='bbox 1512 5135 1879 5208; x_wconf 77' lang='grc' dir='ltr'>οἰκειούμενος</span> 
     </span>
    </p>
   </div>
   <div class='ocr_carea' id='block_1_105' title="bbox 1981 5131 3573 5211">
    <p class='ocr_par' dir='ltr' id='par_1_105' title="bbox 1999 5131 3573 5211">
     <span class='ocr_line' id='line_1_105' title="bbox 1999 5131 3573 5211; baseline -0.005 -15"><span class='ocrx_word' id='word_1_790' title='bbox 1999 5140 2353 5211; x_wconf 81' lang='lat' dir='ltr'><strong>apprehendi,</strong></span> <span class='ocrx_word' id='word_1_791' title='bbox 2393 5156 2509 5195; x_wconf 86' lang='lat' dir='ltr'><strong>cum</strong></span> <span class='ocrx_word' id='word_1_792' title='bbox 2549 5140 2847 5193; x_wconf 86' lang='lat' dir='ltr'><strong>reducerem</strong></span> <span class='ocrx_word' id='word_1_793' title='bbox 2893 5152 2979 5190; x_wconf 84' lang='lat' dir='ltr'><strong>eos</strong></span> <span class='ocrx_word' id='word_1_794' title='bbox 3016 5151 3080 5190; x_wconf 73' lang='lat' dir='ltr'><strong>ex</strong></span> <span class='ocrx_word' id='word_1_795' title='bbox 3130 5133 3360 5206; x_wconf 47' lang='lat' dir='ltr'><strong>{Egypto</strong></span> <span class='ocrx_word' id='word_1_796' title='bbox 3390 5151 3407 5189; x_wconf 87' lang='lat'><strong><em>:</em></strong></span> <span class='ocrx_word' id='word_1_797' title='bbox 3436 5131 3573 5205; x_wconf 80' lang='lat' dir='ltr'><strong>quod</strong></span> 
     </span>
    </p>
   </div>
   <div class='ocr_carea' id='block_1_106' title="bbox 391 5279 1879 5351">
    <p class='ocr_par' dir='ltr' id='par_1_106' title="bbox 391 5279 1855 5351">
     <span class='ocr_line' id='line_1_106' title="bbox 391 5279 1855 5351; baseline 0.003 -19"><span class='ocrx_word' id='word_1_798' title='bbox 391 5286 438 5317; x_wconf 71' lang='grc'>³³</span> <span class='ocrx_word' id='word_1_799' title='bbox 465 5283 625 5345; x_wconf 78' lang='lat' dir='ltr'><strong>Joan.</strong></span> <span class='ocrx_word' id='word_1_800' title='bbox 650 5299 764 5351; x_wconf 70' lang='lat' dir='ltr'><strong>xlv,</strong></span> <span class='ocrx_word' id='word_1_801' title='bbox 796 5282 890 5339; x_wconf 78' lang='lat'><strong>50.</strong></span> <span class='ocrx_word' id='word_1_802' title='bbox 966 5279 1219 5338; x_wconf 77' lang='lat' dir='ltr'><strong>&quot;Matth.</strong></span> <span class='ocrx_word' id='word_1_803' title='bbox 1252 5295 1328 5348; x_wconf 60' lang='grc' dir='ltr'><strong>ει,</strong></span> <span class='ocrx_word' id='word_1_804' title='bbox 1360 5279 1415 5335; x_wconf 81' lang='lat'><strong>3.</strong></span> <span class='ocrx_word' id='word_1_805' title='bbox 1493 5282 1538 5312; x_wconf 68' lang='grc' dir='ltr'><strong>’δ</strong></span> <span class='ocrx_word' id='word_1_806' title='bbox 1568 5280 1734 5336; x_wconf 88' lang='lat' dir='ltr'><strong>ilehr.</strong></span> <span class='ocrx_word' id='word_1_807' title='bbox 1778 5299 1855 5346; x_wconf 73' lang='lat' dir='ltr'><strong>v1,</strong></span> 
     </span>
    </p>
   </div>
   <div class='ocr_carea' id='block_1_107' title="bbox 1981 5279 2791 5351">
    <p class='ocr_par' dir='ltr' id='par_1_107' title="bbox 2052 5281 2791 5340">
     <span class='ocr_line' id='line_1_107' title="bbox 2052 5281 2791 5340; baseline -0.005 1"><span class='ocrx_word' id='word_1_808' title='bbox 2052 5285 2097 5316; x_wconf 80' lang='grc'><strong>’³</strong></span> <span class='ocrx_word' id='word_1_809' title='bbox 2124 5284 2258 5340; x_wconf 88' lang='lat' dir='ltr'><strong>ibid.</strong></span> <span class='ocrx_word' id='word_1_810' title='bbox 2298 5283 2387 5339; x_wconf 75' lang='grc'><strong>15.</strong></span> <span class='ocrx_word' id='word_1_811' title='bbox 2462 5282 2508 5314; x_wconf 79' lang='grc'><strong>²⁶</strong></span> <span class='ocrx_word' id='word_1_812' title='bbox 2538 5281 2671 5338; x_wconf 83' lang='lat' dir='ltr'><strong>ibid.</strong></span> <span class='ocrx_word' id='word_1_813' title='bbox 2702 5282 2791 5337; x_wconf 79' lang='grc'><strong>17.</strong></span> 
     </span>
    </p>
   </div>
   <div class='ocr_carea' id='block_1_108' title="bbox 1342 5413 2405 5476">
    <p class='ocr_par' dir='ltr' id='par_1_108' title="bbox 1342 5413 2405 5476">
     <span class='ocr_line' id='line_1_108' title="bbox 1342 5413 2405 5476; baseline 0.004 -7"><span class='ocrx_word' id='word_1_814' title='bbox 1342 5413 1581 5471; x_wconf 66' lang='grc' dir='ltr'>νΑιιιίΕ</span> <span class='ocrx_word' id='word_1_815' title='bbox 1622 5413 2010 5476; x_wconf 83' lang='lat' dir='ltr'><strong>LECTIONES</strong></span> <span class='ocrx_word' id='word_1_816' title='bbox 2051 5416 2139 5473; x_wconf 77' lang='grc' dir='ltr'><strong>ΕΤ</strong></span> <span class='ocrx_word' id='word_1_817' title='bbox 2169 5416 2405 5475; x_wconf 65' lang='lat' dir='ltr'><strong>NOTAE.</strong></span> 
     </span>
    </p>
   </div>
   <div class='ocr_carea' id='block_1_109' title="bbox 397 5530 3575 5605">
    <p class='ocr_par' dir='ltr' id='par_1_109' title="bbox 397 5530 3575 5605">
     <span class='ocr_line' id='line_1_109' title="bbox 397 5530 3575 5605; baseline -0.001 -16"><span class='ocrx_word' id='word_1_818' title='bbox 397 5530 957 5605; x_wconf 38' lang='grc' dir='ltr'>(47)]Λποστελεῖ.</span> <span class='ocrx_word' id='word_1_819' title='bbox 1014 5530 1095 5605; x_wconf 73' lang='lat' dir='ltr'><strong>ita</strong></span> <span class='ocrx_word' id='word_1_820' title='bbox 1116 5530 1333 5605; x_wconf 74' lang='lat' dir='ltr'><strong>scripsi</strong></span> <span class='ocrx_word' id='word_1_821' title='bbox 1402 5543 1468 5605; x_wconf 77' lang='lat' dir='ltr'><strong>ex</strong></span> <span class='ocrx_word' id='word_1_822' title='bbox 1507 5534 1657 5605; x_wconf 77' lang='lat' dir='ltr'><strong>textu</strong></span> <span class='ocrx_word' id='word_1_823' title='bbox 1714 5532 1899 5605; x_wconf 75' lang='lat' dir='ltr'><strong>sancti</strong></span> <span class='ocrx_word' id='word_1_824' title='bbox 2003 5549 2126 5605; x_wconf 86' lang='lat' dir='ltr'><strong>nem</strong></span> <span class='ocrx_word' id='word_1_825' title='bbox 2168 5534 2311 5605; x_wconf 86' lang='lat' dir='ltr'><strong>hanc</strong></span> <span class='ocrx_word' id='word_1_826' title='bbox 2342 5549 2441 5603; x_wconf 87' lang='lat' dir='ltr'><strong>pro</strong></span> <span class='ocrx_word' id='word_1_827' title='bbox 2461 5548 2548 5595; x_wconf 87' lang='lat' dir='ltr'><strong>eo,</strong></span> <span class='ocrx_word' id='word_1_828' title='bbox 2584 5532 2727 5605; x_wconf 89' lang='lat' dir='ltr'><strong>quod</strong></span> <span class='ocrx_word' id='word_1_829' title='bbox 2755 5540 3088 5605; x_wconf 18' lang='lat' dir='ltr'><strong>msunotam</strong></span> <span class='ocrx_word' id='word_1_830' title='bbox 3131 5530 3575 5601; x_wconf 83' lang='lat' dir='ltr'><strong>interrogationis</strong></span> 
     </span>
    </p>
   </div>
   <div class='ocr_carea' id='block_1_110' title="bbox 313 5596 1879 5676">
    <p class='ocr_par' dir='ltr' id='par_1_110' title="bbox 313 5596 1879 5676">
     <span class='ocr_line' id='line_1_110' title="bbox 313 5596 1879 5676; baseline -0.004 -14"><span class='ocrx_word' id='word_1_831' title='bbox 313 5596 693 5676; x_wconf 46' lang='lat' dir='ltr'><strong>evangelista</strong></span> <span class='ocrx_word' id='word_1_832' title='bbox 721 5617 822 5671; x_wconf 85' lang='lat' dir='ltr'><strong>pro</strong></span> <span class='ocrx_word' id='word_1_833' title='bbox 877 5602 1217 5676; x_wconf 71' lang='grc' dir='ltr'>αποστέλλει,</span> <span class='ocrx_word' id='word_1_834' title='bbox 1478 5612 1581 5651; x_wconf 91' lang='lat' dir='ltr'><strong>ms.</strong></span> <span class='ocrx_word' id='word_1_835' title='bbox 1640 5596 1879 5676; x_wconf 68' lang='lat' dir='ltr'><strong>habebat</strong></span> 
     </span>
    </p>
   </div>
   <div class='ocr_carea' id='block_1_111' title="bbox 1981 5596 3101 5676">
    <p class='ocr_par' dir='ltr' id='par_1_111' title="bbox 2001 5596 3101 5676">
     <span class='ocr_line' id='line_1_111' title="bbox 2001 5596 3101 5676; baseline -0.004 -19"><span class='ocrx_word' id='word_1_836' title='bbox 2001 5604 2171 5676; x_wconf 83' lang='lat' dir='ltr'><strong>refert</strong></span> <span class='ocrx_word' id='word_1_837' title='bbox 2201 5604 2268 5658; x_wconf 87' lang='lat' dir='ltr'><strong>ad</strong></span> <span class='ocrx_word' id='word_1_838' title='bbox 2298 5596 2838 5676; x_wconf 60' lang='lat' dir='ltr'><strong>séquenteniyocem</strong></span> <span class='ocrx_word' id='word_1_839' title='bbox 2866 5602 3101 5676; x_wconf 56' lang='grc' dir='ltr'>ἐλπίδος.</span> 
     </span>
    </p>
   </div>
   <div class='ocr_carea' id='block_1_112' title="bbox 313 5665 3571 5747">
    <p class='ocr_par' dir='ltr' id='par_1_112' title="bbox 313 5665 3571 5747">
     <span class='ocr_line' id='line_1_112' title="bbox 313 5665 3571 5747; baseline -0.002 -16"><span class='ocrx_word' id='word_1_840' title='bbox 313 5665 582 5743; x_wconf 72' lang='lat' dir='ltr'><strong>Quamvis</strong></span> <span class='ocrx_word' id='word_1_841' title='bbox 608 5665 754 5747; x_wconf 78' lang='lat' dir='ltr'><strong>enim</strong></span> <span class='ocrx_word' id='word_1_842' title='bbox 794 5672 935 5747; x_wconf 28' lang='lat' dir='ltr'><strong>et‘in</strong></span> <span class='ocrx_word' id='word_1_843' title='bbox 962 5672 1193 5747; x_wconf 77' lang='lat' dir='ltr'><strong>reliquis</strong></span> <span class='ocrx_word' id='word_1_844' title='bbox 1222 5665 1427 5747; x_wconf 74' lang='lat' dir='ltr'><strong>aliquid</strong></span> <span class='ocrx_word' id='word_1_845' title='bbox 1472 5675 1647 5747; x_wconf 70' lang='lat' dir='ltr'><strong>mutet</strong></span> <span class='ocrx_word' id='word_1_846' title='bbox 1679 5665 1896 5747; x_wconf 79' lang='lat' dir='ltr'><strong>Noster,</strong></span> <span class='ocrx_word' id='word_1_847' title='bbox 2069 5674 2181 5747; x_wconf 68' lang='lat' dir='ltr'><strong>(i9)</strong></span> <span class='ocrx_word' id='word_1_848' title='bbox 2208 5665 2575 5747; x_wconf 77' lang='grc' dir='ltr'>ΙΙροο-ἓσχες.</span> <span class='ocrx_word' id='word_1_849' title='bbox 2608 5671 2862 5747; x_wconf 77' lang='lat' dir='ltr'><strong>Fortasse</strong></span> <span class='ocrx_word' id='word_1_850' title='bbox 2907 5671 3195 5742; x_wconf 83' lang='lat' dir='ltr'><strong>legendum</strong></span> <span class='ocrx_word' id='word_1_851' title='bbox 3233 5669 3571 5747; x_wconf 84' lang='lat' dir='ltr'><strong>imperative,</strong></span> 
     </span>
    </p>
   </div>
   <div class='ocr_carea' id='block_1_113' title="bbox 315 5737 3574 5812">
    <p class='ocr_par' dir='ltr' id='par_1_113' title="bbox 315 5737 3574 5812">
     <span class='ocr_line' id='line_1_113' title="bbox 315 5737 3574 5812; baseline -0.002 -11"><span class='ocrx_word' id='word_1_852' title='bbox 315 5737 441 5801; x_wconf 57' lang='lat' dir='ltr'><strong>Haec</strong></span> <span class='ocrx_word' id='word_1_853' title='bbox 462 5754 648 5798; x_wconf 87' lang='lat' dir='ltr'><strong>tamen</strong></span> <span class='ocrx_word' id='word_1_854' title='bbox 678 5742 731 5795; x_wconf 90' lang='lat' dir='ltr'><strong>in</strong></span> <span class='ocrx_word' id='word_1_855' title='bbox 764 5741 933 5796; x_wconf 88' lang='lat' dir='ltr'><strong>verbo</strong></span> <span class='ocrx_word' id='word_1_856' title='bbox 962 5737 1397 5797; x_wconf 46' lang='lat' dir='ltr'><strong>isto—diversitas</strong></span> <span class='ocrx_word' id='word_1_857' title='bbox 1437 5737 1504 5791; x_wconf 89' lang='lat' dir='ltr'><strong>ab</strong></span> <span class='ocrx_word' id='word_1_858' title='bbox 1542 5737 1661 5805; x_wconf 83' lang='lat' dir='ltr'><strong>ejus</strong></span> <span class='ocrx_word' id='word_1_859' title='bbox 1710 5742 1891 5796; x_wconf 87' lang='lat' dir='ltr'><strong>consi-</strong></span> <span class='ocrx_word' id='word_1_860' title='bbox 2001 5737 2266 5812; x_wconf 53' lang='grc' dir='ltr'>πρόσκεςξ</span> <span class='ocrx_word' id='word_1_861' title='bbox 2314 5746 2366 5799; x_wconf 89' lang='lat' dir='ltr'><strong>id</strong></span> <span class='ocrx_word' id='word_1_862' title='bbox 2425 5737 2788 5808; x_wconf 27' lang='lat' dir='ltr'><strong>cEtVattcude,</strong></span> <span class='ocrx_word' id='word_1_863' title='bbox 2850 5737 3131 5811; x_wconf 60' lang='lat' dir='ltr'><strong>qua&#39;vocc</strong></span> <span class='ocrx_word' id='word_1_864' title='bbox 3198 5737 3341 5808; x_wconf 64' lang='lat' dir='ltr'><strong>saepe</strong></span> <span class='ocrx_word' id='word_1_865' title='bbox 3404 5742 3574 5798; x_wconf 83' lang='lat' dir='ltr'><strong>utitur</strong></span> 
     </span>
    </p>
   </div>
   <div class='ocr_carea' id='block_1_114' title="bbox 312 5812 2210 5883">
    <p class='ocr_par' dir='ltr' id='par_1_114' title="bbox 312 5812 2210 5883">
     <span class='ocr_line' id='line_1_114' title="bbox 312 5812 2210 5883; baseline -0.015 -9"><span class='ocrx_word' id='word_1_866' title='bbox 312 5819 392 5875; x_wconf 88' lang='lat' dir='ltr'><strong>lio</strong></span> <span class='ocrx_word' id='word_1_867' title='bbox 419 5830 525 5867; x_wconf 89' lang='lat' dir='ltr'><strong>non</strong></span> <span class='ocrx_word' id='word_1_868' title='bbox 562 5812 803 5883; x_wconf 75' lang='lat' dir='ltr'><strong>profecta</strong></span> <span class='ocrx_word' id='word_1_869' title='bbox 832 5812 1069 5883; x_wconf 84' lang='lat' dir='ltr'><strong>videtur.</strong></span> <span class='ocrx_word' id='word_1_870' title='bbox 1996 5812 2210 5871; x_wconf 47' lang='lat' dir='ltr'><strong>N051“.</strong></span> 
     </span>
    </p>
   </div>
   <div class='ocr_carea' id='block_1_115' title="bbox 393 5881 1891 5954">
    <p class='ocr_par' dir='ltr' id='par_1_115' title="bbox 393 5881 1891 5954">
     <span class='ocr_line' id='line_1_115' title="bbox 393 5881 1891 5954; baseline -0.001 -15"><span class='ocrx_word' id='word_1_871' title='bbox 393 5884 507 5949; x_wconf 60' lang='lat'><strong>(48)</strong></span> <span class='ocrx_word' id='word_1_872' title='bbox 542 5881 750 5947; x_wconf 76' lang='lat' dir='ltr'><strong>&#39;I‘trsc;</strong></span> <span class='ocrx_word' id='word_1_873' title='bbox 780 5881 854 5938; x_wconf 90' lang='lat' dir='ltr'><strong>Ita</strong></span> <span class='ocrx_word' id='word_1_874' title='bbox 896 5882 1389 5954; x_wconf 81' lang='lat' dir='ltr'><strong>interpungcndam</strong></span> <span class='ocrx_word' id='word_1_875' title='bbox 1429 5901 1630 5943; x_wconf 87' lang='lat' dir='ltr'><strong>censeo</strong></span> <span class='ocrx_word' id='word_1_876' title='bbox 1680 5884 1891 5947; x_wconf 76' lang='lat' dir='ltr'><strong>oratio-</strong></span> 
     </span>
    </p>
   </div>
  </div>
