4088 6404
228 422 328 501 853
1251 428 1547 494 CONTRA
1583 428 2042 493 MANICH/EOS
2078 430 2309 490 LIBER
2336 430 2450 498 III.
3386 429 3487 494 154

229 560 316 597 σαι
350 544 446 605 τὸν
473 542 916 615 προσερχόμενον
937 539 1016 612 τῷ
1052 539 1199 613 Θεῷ,
1247 542 1326 614 τῷ
1362 542 1539 599 ταῦτα
1568 545 1800 615 ἐνεργη-

1930 543 2177 607 ιοειιίςεο,
2198 559 2367 612 seque
2390 540 2709 613 peregrinos
2728 552 2787 598 et
2819 541 3061 599 advenas
3085 541 3292 614 fragilis
3322 543 3487 613 hujus

228 636 363 702 κότι,
397 635 616 707 πρῶτον
649 634 751 706 μὲν
780 634 865 687 ὅτι
888 632 1051 695 αὐτός
1095 633 1245 687 ἐστιν
1271 634 1300 687 6
1337 633 1541 704 κυρίως
1577 631 1675 699 ῶν,
1707 634 1804 687 καὶ

1930 635 2349 690 :ommorationis
2378 635 2700 699 credidisse,
2722 650 2903 705 neque
2928 636 3104 691 vereri
3124 634 3315 698 Deum,
3339 635 3488 706 ipsos

227 730 304 783 δτι
337 723 746 798 μισθαποδότης
796 722 1030 791 γίνεται,
1061 723 1109 776 εί
1129 721 1367 793 πονηρὸς
1410 716 1479 792 ἦν
1510 721 1607 774 καὶ
1637 738 1806 791 πονη-

1930 726 2237 781 lomesticos
2260 742 2391 783 suos
2423 741 2639 792 vocare,
2673 735 2770 783 aut
2804 734 2862 781 ut
2898 726 3143 798 ipsorum
3181 727 3356 782 Deum
3404 728 3489 783 iu-

234 819 337 891 ρῶν
370 817 552 888 ἔργων
574 812 917 884 αῦτουργόςς
958 812 1070 869 Καὶ
1093 812 1144 866 τί
1167 813 1250 866 δεῖ
1273 810 1398 866 καθ’
1424 810 1657 866 ἕκαστον
1718 809 1806 864 λέ-

1930 818 2118 885 'ocari;
2150 834 2312 889 quem
2346 821 2563 875 autem?
2608 835 2756 886 eum,
2791 820 2886 890 qui
2914 819 3046 890 ipsis
3081 821 3362 889 cielestcm
3406 820 3488 876 ci-

232 928 342 981 γειν
371 909 486 965 τῶν
515 911 574 964 ἐν
601 912 668 980 τῇ
702 906 920 978 Παλαιᾷ
950 904 1392 976 διαπρεψάντων,
1431 922 1505 958 ων
1548 903 1807 957 ἁπάντων

1930 897 2127 964 νὶιαιοω
2158 921 2462 980 paraverat.
2487 911 2773 977 Quomodo
2797 927 2931 967 vero
2960 911 3073 967 illis
3125 911 3354 967 cteleste
3396 927 3491 965 re-

233 1004 409 1059 πίστιν
442 1000 887 1073 ἐπιμαρτύρεται
912 997 1012 1070 τὴν
1037 1000 1116 1060 εἰς
1152 997 1245 1050 τὸν
1276 996 1430 1061 Θεὸν,
1460 995 1553 1049 τοῦ
1582 1013 1642 1051 τε
1667 995 1795 1049 Νῶε

1930 1016 2077 1073 gnum
2106 1010 2369 1072 parasset,
2404 1003 2510 1057 nisi
2540 1004 2597 1058 in
2620 1003 2728 1059 vita
2766 1013 2828 1059 ut
2864 1004 3007 1060 servi
3029 1003 3151 1073 ejus
3185 1013 3492 1073 praecepto-

233 1095 393 1165 φημὶ,
422 1092 644 1149 καὶτοῦ
692 1092 963 1163 Ἀϐραὰμ,
997 1090 1095 1146 καὶ
1162 1089 1369 1156 Ἰσαὰκ,
1411 1091 1506 1143 καὶ
1548 1090 1610 1146 οὐ
1645 1089 1807 1161 μόνον

1930 1111 2143 1166 rumque
2166 1097 2287 1167 eius
2316 1098 2700 1154 observatores
2735 1099 2906 1171 agniti
2929 1098 3186 1165 fuissent,
3217 1098 3495 1168 [idemque

233 1186 456 1250 πιστοὺς
486 1188 547 1241 ἐν
585 1184 692 1257 ὅλῳ
716 1183 797 1256 τῷ
827 1184 946 1258 βίῳ,
978 1182 1115 1238 ἀλλὰ
1157 1183 1253 1237 καὶ
1282 1183 1427 1237 κατὰ
1453 1182 1554 1255 τὴν
1601 1182 1807 1251 πίστιν,

1935 1187 2069 1259 psi,
2134 1206 2369 1260 quorum
2400 1191 2631 1247 omnino
2676 1192 2919 1249 caelestis
2965 1192 3159 1248 civitas
3202 1191 3494 1262 praemium

214 1277 429 1341 αὐτοὺς
473 1276 762 1332 ἀπολιπεῖν
808 1275 911 1347 τὴν
960 1273 1245 1346 παροῦσαν
1295 1273 1467 1344 ζωὴν,
1501 1274 1598 1329 καὶ⁸
1624 1274 1808 1341 ξένους

1930 1290 2020 1347 :st,
2050 1297 2176 1339 cum
2210 1298 2346 1354 pura
2393 1291 2448 1340 et
2496 1283 2820 1340 intemerata
2875 1285 3224 1343 confessione
3275 1300 3497 1341 servas-

237 1368 459 1432 ἐαυτοὺς
490 1368 585 1421 καὶ
606 1365 912 1437 παροίκους
936 1367 1039 1437 τῆς
1085 1365 1250 1437 ἐπική
1262 1382 1357 1437 pou
1386 1364 1629 1437 νομίζειν
1654 1366 1808 1421 πολι-
1916 1374 2084 1429 sem?

238 1460 401 1525 τείας,
451 1459 656 1531 καὶμὴ
700 1457 1129 1528 ἐπαισχύνεσθαι
1182 1457 1275 1511 τδν
1334 1457 1491 1524 Θεὸν,
1546 1459 1784 1525 οἰκείους
1819 1480 1880 1517 τε
1917 1464 2030 1537 (55)
2077 1466 2244 1522 αὐτοῦ
2282 1467 2547 1539 νομίζειν,
2573 1467 2673 1522 καὶ
2731 1467 2869 1523 Θεὸν
2904 1468 3071 1523 αὐτὸν
3114 1469 3233 1539 (56)
3296 1468 3497 1521 ἐπικαο

240 1552 444 1607 λείσθαι
470 1569 485 1585 ·
544 1552 727 1618 ποῖονς
775 1549 868 1606 τὸν
920 1549 1263 1621 ὴτοιμακότα
1318 1549 1421 1620 τὴν
1470 1551 1798 1623 ἐπουράνιον
1842 1555 1998 1611 πόλιν
2025 1558 2233 1623 αὐτοῖς.
2258 1560 2385 1625 Πῶς
2416 1559 2528 1633 γάρ
2558 1561 2747 1625 αὐτοῖς
2787 1559 2889 1631 τὴν
2952 1560 3209 1632 οὐράνιον
3267 1557 3499 1630 ἡτοιμά-

242 1667 367 1705 σατο
407 1647 709 1721 βασιλείαν,
770 1646 822 1701 εί
854 1646 931 1719 μὴ
975 1646 1167 1700 τούτου
1209 1644 1306 1699 καὶ
1339 1644 1676 1716 θεράποντες
1724 1650 1818 1703 καὶ
1852 1650 1964 1708 τῶν
2025 1656 2473 1726 προσταγμάτων
2503 1654 2748 1726 φύλακες
2796 1653 3161 1725 ἐγνωρίζοντο
3201 1653 3293 1708 διὰ
3358 1651 3498 1724 βίου,

243 1742 331 1797 καὶ
382 1740 489 1813 τὴν
543 1739 727 1794 πίστιν
772 1736 921 1810 αὐτῷ
970 1736 1320 1805 διεσώσαντο,
1366 1730 1451 1800 οἷς
1502 1736 1806 1813 ἔπαθλονή
1881 1744 2139 1816 οὐράνιος
2185 1746 2366 1814 πόλις,
2414 1745 2667 1819 καθαράν
2703 1763 2765 1801 τε
2810 1746 2911 1800 καὶ
2957 1744 3196 1817 ἄμικτον
3262 1744 3501 1816 ἀμφιϐο-

242 1836 353 1893 λίαν
379 1835 535 1907 (55);

308 1934 407 1989 ll".
433 1933 507 1986 Σὺ
531 1931 586 1988 δέ
608 1931 745 2003 μηδὲ
761 1931 863 2001 τὴν
877 1930 1075 1986 ἄθυτον
1096 1931 1190 1985 καὶ
1210 1930 1524 2003 θαυμασίαν
1564 1933 1818 2005 Ἀϐραὰμ

1988 1930 2135 1989 Xlll.
2169 1932 2252 1986 Tu
2284 1946 2414 1987 vero
2433 1946 2539 1986 nec
2559 1930 2811 1986 mirabile
2835 1929 2969 1985 illud
2992 1936 3048 1985 et
3074 1944 3183 1983 non
3204 1936 3499 1983 mactatum

245 2022 430 2079 θυσίαν
460 2021 852 2093 παραδράμῃς,
910 2020 1047 2074 Θεοῦ
1092 2022 1196 2093 μὲν
1248 2019 1652 2093 ἐκζητήσαντος
1683 2024 1817 2076 ταύ-

246 2129 362 2181 την,
392 2110 493 2165 καὶ
525 2110 623 2181 τὴν
647 2108 876 2181 γνώμην
912 2110 1322 2181 ἀποδεξαμένου
1352 2128 1367 2142 ·
1396 2112 1492 2165 τοῦ
1521 2113 1578 2165 δὲ
1606 2111 1815 2185 προθύ-

250 2222 359 2275 μως
405 2203 744 2268 πεισθέντος,
777 2201 873 2257 καὶ
912 2203 973 2256 οὐ
1004 2204 1321 2268 πεισθέντος
1346 2204 1531 2274 μόνον,
1559 2204 1697 2259 ἀλλὰ
1724 2206 1819 2259 καὶ

249 2293 656 2357 πιστεύσαντος,
685 2294 769 2348 ὅτι
794 2293 1021 2357 δυνατός
1048 2294 1198 2347 ἐστιν
1234 2294 1264 2347 6
1294 2294 1427 2359 Θεὸς
1461 2296 1558 2349 καὶ
1585 2296 1818 2370 νεκροὺς

250 2386 476 2457 ἐγεῖραι.
508 2386 607 2439 Διὰ
634 2385 795 2439 τοῦτο
828 2386 1105 2454 λογίζεται
1134 2385 1233 2455 μὲν
1260 2386 1412 2458 αὒτῷ
1438 2387 1518 2451 είς
1539 2386 1819 2442 δικαιοσύ-

251 2496 362 2549 νην,
390 2478 453 2543 τὸ
486 2477 755 2550 πατρικὸν
779 2476 836 2530 δὲ
866 2477 1090 2547 ἀξίωμα
1114 2477 1175 2529 οὐ
1208 2476 1352 2531 κατὰ
1382 2480 1481 2548 τῆς
1507 2478 1629 2531 τότε
1657 2478 1821 2548 μόνον

250 2572 457 2640 γενεᾶς,
519 2569 658 2624 ἀλλὰ
713 2571 809 2624 καὶ
840 2570 978 2640 μετὰ
1030 2568 1228 2631 ταῦτα,
1286 2569 1578 2641 λαμϐάνει,
1638 2568 1822 2632 καθὼς

253 2663 583 2733 γέγραπται,
611 2663 693 2715 ὅτι
719 2661 953 2730 Πατέρα
990 2660 1243 2716 πολλῶν
1258 2660 1450 2718 ἐθνῶν
1476 2659 1709 2716 τέθεικά
1724 2674 1819 2729 σε,

253 2757 562 2810 κατέναντι
591 2751 664 2812 οὗ
694 2755 1025 2809 ἐπίστευσε
1069 2749 1209 2823 Θεῷ.
1246 2754 1357 2808 Καὶ
1389 2753 1630 2825 πρόσχες
1663 2755 1823 2825 ἀκρι-

255 2849 378 2914 ϐῶς,
411 2850 557 2914 τίνος
595 2849 745 2919 λέγει
788 2848 949 2907 Θεοῦ.
1030 2848 1257 2916 Ἐπάγει
1307 2847 1417 2920 γάρ
1468 2847 1737 2901 διδάσκων
1794 2848 1824 2900 6

254 2944 476 3008 Παῦλος,
504 2943 611 2998 τοῦ
638 2941 1071 3008 ζωοποιοῦντος
1091 2941 1235 3009 τοὺς
1269 2940 1544 3011 νεκροὺς,
1581 2940 1680 2994 καί
1717 2956 1825 2995 κα-

253 3034 502 3101 λοῦντος
520 3033 593 3087 τὰ
615 3035 703 3103 μὴ
736 3034 882 3088 ὄντα
909 3034 987 3101 ὡς
1034 3033 1212 3087 ὄντω
1243 3033 1340 3087 καὶ
1375 3032 1536 3087 πάλιν
1565 3048 1579 3063 ο
1614 3035 1724 3100 Εἰς
1757 3030 1827 3085 δὲ

254 3125 363 3190 τὴν
391 3124 758 3195 ἐπαγγελίαν
777 3124 882 3178 τοῦ
908 3123 1057 3178 Θεοῦ
1082 3126 1154 3178 οὐ
1175 3122 1438 3193 διεκρίθη
1458 3123 1533 3192 τῇ
1547 3123 1824 3192 ἀπιστίᾳ,

255 3216 384 3281 ἀλλ’
414 3214 838 3286 ἐνεδυναμὼοη
891 3215 967 3287 τῇ
1019 3215 1243 3281 πίστει,
1302 3214 1449 3281 δοὺς
1510 3213 1703 3279 δόξαν
1747 3212 1827 3279 τῷ

1916 2025 2213 2080 Abrahami
2243 2024 2569 2079 sacriﬁcium
2602 2022 2913 2094 praeterito,
2970 2022 3117 2093 quod
3146 2022 3291 2077 Deus
3316 2022 3503 2092 requi-

1917 2118 2091 2183 rebat,
2119 2117 2571 2189 propositumque
2605 2117 2725 2187 ejus
2752 2116 3019 2187 probabat
3045 2133 3061 2183 ;
3090 2116 3235 2171 sicut
3257 2113 3501 2169 vicissim

1918 2209 1964 2266 is
1990 2210 2373 2281 (Abrahamus)
2409 2223 2521 2263 non
2547 2207 2754 2263 invitus
2793 2208 3061 2278 parebat,
3121 2222 3225 2261 nec
3275 2206 3503 2276 parebat

1918 2298 2117 2367 solum,
2138 2298 2234 2353 sed
2261 2305 2317 2352 et
2338 2298 2618 2362 credebat,
2642 2297 2816 2352 Deum
2848 2306 2905 2352 et
2962 2305 3214 2351 mortuos
3265 2295 3503 2350 excitare

1918 2409 2100 2465 posse.
2133 2391 2429 2462 Propterea
2461 2391 2765 2462 imputatur
2793 2392 2896 2446 hoc
2920 2390 2968 2446 ei
2996 2390 3051 2445 in
3073 2388 3341 2461 justitiam
3370 2427 3386 2453 ,
3418 2388 3504 2458 ip-

1920 2500 2087 2555 seque
2109 2494 2371 2556 pmterea
2403 2485 2573 2555 patris
2617 2484 2835 2539 titulum
2866 2499 2977 2537 non
3016 2483 3072 2537 in
3109 2483 3257 2538 illam
3291 2490 3504 2536 tantum

1921 2576 2015 2631 sed
2052 2584 2107 2631 et
2164 2587 2452 2630 secuturas
2503 2574 2888 2645 generationes
2929 2572 3146 2643 accipit,
3177 2572 3319 2627 sicut
3364 2570 3505 2625 scri-

1923 2676 2073 2735 ptum
2124 2674 2209 2720 est
2242 2664 2586 2721 :Multarum
2628 2666 2860 2736 gentium
2892 2673 3099 2733 patrem
3144 2672 3194 2717 te
3236 2660 3502 2716 constitui.

1924 2757 2030 2813 Pro
2053 2774 2154 2829 quo
2181 2758 2403 2812 credidit
2433 2757 2544 2811 Deo
2601 2757 2669 2811 “.
2706 2756 2791 2810 Tu
2839 2772 2969 2812 vero
3017 2755 3190 2828 probe
3245 2755 3502 2817 observa,

1923 2867 2085 2921 quem
2108 2851 2199 2907 hic
2238 2852 2492 2921 loquatur
2522 2850 2717 2904 Deum.
2753 2848 3047 2920 Subjuugit
3100 2848 3248 2903 enim
3303 2846 3511 2901 docens

1927 2941 2155 2997 Paulus:
2196 2941 2492 3010 Viviﬁcanti
2532 2948 2789 3004 mortuos,
2821 2946 2871 2994 et
2904 2938 3116 2994 vocanti
3143 2956 3206 2994 ea
3252 2951 3371 3009 qua:
3405 2950 3511 2990 non

1924 3045 2351 3105 sunt,tanquam
2399 3035 2504 3089 sint
2531 3034 2597 3089 ³⁸.
2636 3031 2702 3086 Ει
2758 3034 2995 3087 iterum:
3049 3032 3126 3086 De
3166 3028 3513 3099 promissione

1926 3142 2045 3182 vero
2070 3126 2167 3181 Dei
2192 3142 2296 3179 non
2321 3125 2585 3179 dubitavit
2616 3141 2710 3194 per
2736 3122 3191 3183 incredulitatem,
3214 3121 3305 3174 sed
3340 3122 3514 3190 potius

1929 3218 2272 3287 conﬁrmatus
2309 3226 2382 3271 est
2409 3216 2533 3285 ﬁde,
2574 3217 2708 3270 dans
2744 3215 2854 3270 Deo
2884 3214 3115 3285 gloriam
3151 3212 3217 3266 ³⁸.
3252 3210 3511 3276 Videsne,

258 3304 393 3373 θεῷ.
425 3307 612 3379 Ὁρᾷς,
642 3305 727 3369 τίς
764 3301 833 3379 ἦν
860 3306 889 3359 6
916 3288 1147 3377 ἐννόμῳ
1185 3304 1282 3358 καὶ
1307 3305 1623 3376 προφήταις
1653 3302 1825 3374 λαλή-

1930 3310 2056 3385 quis
2089 3310 2338 3375 fueritis,
2374 3309 2471 3379 qui
2509 3309 2565 3363 in
2587 3308 2706 3379 lege
2747 3317 2805 3363 et
2841 3306 3129 3377 prophetis
3156 3305 3376 3359 locutus
3408 3311 3514 3367 est,

258 3418 372 3465 σας,
399 3401 483 3454 ὅτι
513 3400 615 3461 οὐκ
649 3399 807 3463 ἄλλος
836 3399 984 3470 παρὰ
1031 3400 1122 3452 τὸν
1165 3398 1536 3471 χαρισάμενον
1560 3399 1696 3468 ἡμῖν
1723 3397 1824 3469 τὴν

254 3494 431 3565 χάριν,
445 3491 561 3546 ἀλλ’
589 3492 772 3556 αὐτός.
812 3492 1041 3561 Ἐπάγει
1062 3494 1173 3564 γάρ
1197 3510 1210 3524 ο
1238 3509 1257 3547 ι
1285 3491 1399 3545 Οὐκ
1424 3491 1643 3563 ὲγράᾳη
1674 3490 1728 3544 δὲ
1759 3491 1827 3544 δι’

256 3567 415 3638 αὐτὸν
456 3584 637 3656 μόνον,
664 3584 799 3638 ἀλλὰ
825 3582 922 3638 καὶ
950 3584 1018 3638 δι’
1072 3585 1240 3655 ἡμᾶς,
1273 3577 1355 3647 οἷς
1408 3584 1592 3653 μέλλει
1619 3582 1829 3651 λογίζε-

259 3676 379 3730 σθαι
407 3677 518 3740 τοῖς
552 3674 941 3730 πιστεύσουσιν
974 3675 1068 3729 ἐπὶ
1093 3677 1183 3729 τὸν
1227 3675 1521 3745 ἐγείραντα
1564 3674 1656 3726 τὸν
1713 3673 1829 3728 Κύ-

261 3783 372 3837 ριον
405 3766 564 3839 ἡμῶν
620 3766 831 3837 Ἰησοῦν
880 3765 1115 3837 Χριστόν
1144 3768 1208 3820 ἐκ
1261 3765 1493 3837 νεκρῶν.
1527 3782 1545 3816 ι
1573 3763 1831 3818 Οὐκοῦνό

259 3843 468 3931 πατέρα
495 3858 708 3913 πολλῶν
742 3858 912 3913 ἐθνῶν
958 3858 1183 3929 θέμενος
1212 3856 1307 3911 τὸν
1349 3855 1627 3928 Ἀϐραὰμ,
1660 3856 1828 3927 ὅρκον

258 3950 510 4021 ὑποσχὼν
540 3949 715 4021 αὐτῷ,
746 3950 775 4002 6
813 3950 872 4004 ἐν
898 3951 1018 4013 ταῖς
1051 3948 1414 4018 ἐπαγγελίαις
1442 3945 1830 4016 ἀδιάψευστος,

257 4045 285 4100 6
330 4044 401 4097 τά
430 4042 507 4115 μὴ
559 4043 692 4097 ὅντα
741 4040 925 4096 καλῶν
956 4041 1032 4107 ὡς
1080 4040 1232 4109 ὄντα,
1290 4040 1320 4093 6
1372 4038 1655 4105 ζωοποιῶν
1702 4038 1832 4102 τοὺς

257 4134 721 4207 νεκροὺς,ἀὺτός
749 4135 898 4188 ἐστιν
941 4133 971 4186 6
1012 4132 1232 4206 ἐγείρας
1282 4131 1373 4186 τὸν
1418 4132 1622 4203 Κύριον
1674 4129 1834 4202 ἡμῶν

271 4227 483 4300 Ἰησοῦν
511 4227 749 4297 Χριστὸν
778 4228 841 4280 ἐκ
860 4225 1093 4297 νεκρῶν⁸
1126 4224 1231 4279 κᾶν
1258 4224 1337 4291 ,τὸ
1359 4223 1461 4295 τῆς
1490 4224 1835 4289 ἀποστασίας

254 4319 499 4390 ὀλέθριον
536 4319 795 4390 φρόνημα
820 4319 901 4380 είς
927 4316 1021 4370 δύο
1041 4315 1363 4381 δεσποτείας
1401 4317 1496 4371 καὶ
1543 4315 1702 4380 θεοὺς
1734 4332 1835 4381 κα-

254 4410 529 4483 ταμερίζῃ
580 4409 803 4469 αὐτούς.
849 4410 921 4463 Σὺ
952 4407 1010 4463 δέ
1045 4425 1136 4479 μοι
1188 4408 1287 4463 καὶ
1323 4409 1453 4473 τοὺς
1500 4407 1749 4474 λοιποὺς,
1781 4405 1833 4462 οἱ

256 4503 575 4574 περιφανῶς
616 4501 939 4573 ἐδείχθησαν
981 4502 1039 4555 ἐν
1090 4502 1158 4573 τῇ
1211 4499 1431 4572 Παλαιᾷ
1485 4498 1835 4571 βεϐιωκότες,

255 4595 597 4666 ἐπιλογίζου,
632 4594 727 4650 τὸν
767 4592 1043 4665 Ἀϐραὰμ,
1086 4592 1178 4647 τὸν
1224 4591 1445 4658 Ἰακὼϐ,
1480 4591 1572 4644 τὸν
1613 4589 1833 4662 Ἰωσὴφ,

1933 3402 2143 3458 scilicet
2167 3418 2278 3456 non
2313 3401 2565 3457 diversus
2599 3402 2669 3456 ab
2703 3415 2792 3465 eo,
2839 3399 2934 3469 qui
2964 3398 3126 3453 nobis
3164 3397 3395 3468 largitus
3432 3403 3520 3449 est

1932 3494 2179 3565 gratiam,
2211 3493 2307 3549 sed
2332 3494 2497 3548 idem.
2528 3492 2696 3547 Addit
2736 3492 2917 3547 enim:
2946 3511 2965 3544 ι
2997 3490 3117 3545 Non
3146 3506 3275 3546 vero
3313 3488 3518 3558 scripta

1933 3587 2053 3643 haec
2074 3594 2203 3641 sunt
2227 3592 2453 3656 propter
2484 3586 2666 3656 ipsum
2697 3584 2901 3649 solum,
2928 3582 3024 3638 sed
3050 3590 3106 3637 ct
3133 3589 3360 3652 propter
3390 3595 3515 3646 nos,

1931 3679 2130 3749 quibus
2169 3679 2427 3748 imputari
2475 3677 2659 3741 debet,
2692 3674 2987 3731 crcdlturis
3034 3689 3237 3744 nempe
3267 3673 3323 3727 in
3363 3686 3516 3737 eum,

1931 3769 2021 3841 qui
2049 3769 2339 3824 Dominum
2365 3777 2619 3824 nostrum
2652 3766 2843 3822 Jesum
2869 3764 3149 3821 Christum
3184 3779 3249 3821 ex
3281 3762 3520 3821 mortuis

1932 3864 2190 3920 excitavit
2216 3862 2317 3920 "“.
2346 3882 2364 3915 ι
2388 3861 2656 3933 ltaqueis,
2680 3859 3171 3931 qui‘Abrahamutn
3223 3859 3521 3925 multarum

1933 3954 2174 4027 gentium
2220 3962 2433 4025 patrem
2474 3951 2782 4017 constituit,
2816 3951 2914 4022 qui
2976 3949 3362 4023 jusjurandum
3414 3948 3521 4018 ipsi

1934 4047 2206 4119 praestitit,
2233 4046 2325 4117 qui
2354 4045 2410 4100 in
2440 4043 2904 4117 promissionibus
2931 4058 3047 4099 non
3074 4041 3233 4106 fallit,
3277 4039 3371 4111 qui
3404 4055 3517 4109 non

1934 4136 2254 4194 exsistentia
2284 4144 2443 4192 vocat
2468 4144 2531 4191 ut
2559 4134 2881 4192 exsistentia
2901 4172 2919 4201 ,
2960 4132 3054 4204 qui
3095 4130 3338 4187 viviﬁcat
3371 4145 3523 4184 mor-

1937 4238 2080 4296 tuos,
2104 4228 2247 4285 idem
2273 4236 2379 4292 est,
2403 4226 2496 4298 qui
2526 4225 2816 4282 suscitavit
2839 4224 3133 4281 Dominum
3159 4230 3411 4278 nostrum
3431 4221 3523 4284 Jc-,

1936 4337 2055 4377 sum
2077 4320 2355 4376 Christum
2382 4336 2446 4375 ex
2475 4319 2709 4376 mortuis
2754 4336 2768 4376 :
2795 4316 3012 4375 etiamsi
3038 4315 3348 4389 perniciosa
3395 4314 3515 4370 haec

1936 4421 2303 4485 apostatarum
2329 4413 2577 4470 doctrina
2604 4412 2661 4468 in
2683 4412 2793 4469 duo
2822 4410 3051 4483 imperia
3086 4418 3144 4466 et
3176 4407 3309 4465 deos
3331 4406 3526 4462 distin-

1936 4518 2084 4579 guat.
2123 4505 2207 4562 Tu
2230 4522 2361 4562 vero
2389 4515 2446 4562 et
2468 4506 2731 4576 reliquos,
2753 4505 2847 4576 qui
2878 4505 2936 4560 in
2971 4502 3148 4561 veteri
3186 4507 3522 4558 testamento

1938 4615 2051 4670 pra:
2083 4599 2296 4655 caeteris
2318 4606 2819 4655 commonstrantur
2847 4637 2862 4664 ,
2916 4595 3217 4668 perpende,
3263 4591 3518 4651 Abraha-

256 4689 421 4743 αὖτὸν
454 4687 544 4741 τὸν
566 4686 794 4751 Μωσέα,
829 4683 921 4747 οὓς
950 4686 1009 4737 ἐν
1043 4683 1251 4756 ἐπαίνῳ
1278 4682 1605 4755 ποιούμενος
1638 4683 1667 4736 6
1692 4681 1829 4737 ῐΙαῦτ

1941 4705 2113 4753 mum,
2145 4687 2433 4754 Jacobum,
2481 4685 2783 4757 Joscphum
2820 4727 2835 4753 ,
2882 4685 3062 4756 ipsum
3108 4683 3273 4740 etiam
3309 4679 3522 4739 Mosen,

254 4782 345 4845 λος
376 4782 474 4838 καὶ
496 4783 596 4852 τὴν
643 4779 829 4833 πίστιν
885 4777 1065 4832 αὐτῶν
1098 4776 1372 4847 ἐξυμνῶν,
1421 4776 1552 4849 περὶ
1579 4774 1676 4829 τοῦ
1709 4777 1840 4830 Μω-

256 4875 395 4940 σέως
416 4872 801 4946 προστίθησινο
826 4871 961 4926 Ὀτι
985 4869 1086 4925 καί
1116 4869 1224 4925 τὸν
1246 4868 1592 4939 ὀνειδισμὸν
1605 4866 1840 4945 ὑπέστη

252 4971 362 5032 τοῦ
392 4969 680 5041 Χριστοῦ.
737 4968 906 5038 Λέγει
938 4968 1048 5041 γάρ
1094 4968 1335 5041 ῥήμασιν
1373 4966 1558 5031 αὐτοῖς
1607 4965 1841 5037 μείζονα

252 5064 366 5118 τῶν
422 5062 705 5133 Αἰγύπτου
757 5061 1051 5133 θησαυρῶν
1104 5058 1458 5133 ἡγησάμενος
1509 5058 1602 5113 τὸν
1644 5059 1842 5115 ὀνειδι-

256 5156 398 5228 σμὸν
428 5155 527 5210 τοῦ
558 5153 823 5226 Χριστοῦ,
879 5152 977 5208 καὶ
1024 5152 1125 5225 τὴν
1171 5152 1388 5206 αἰτίαν·
1425 5150 1704 5205 ἀπέϐλεπε
1730 5150 1839 5221 γὰρ

253 5249 336 5315 είς
385 5246 492 5320 τὴν
565 5243 1019 5318 μισθαποδοσίαν,
1070 5243 1141 5315 ἢν
1191 5242 1437 5314 δηλονότι
1496 5240 1724 5306 δυνατὸς
1767 5236 1838 5313 ἦν

1938 4798 2078 4855 quos
2098 4780 2275 4854 dignis
2303 4779 2560 4835 laudibus
2583 4778 2871 4849 excipiens
2922 4775 3125 4831 Paulus
3148 4813 3164 4840 ,
3217 4784 3522 4837 eorumque

1938 4876 2101 4932 {idem
2132 4873 2438 4937 celebrans,
2457 4871 2525 4927 de
2547 4870 2697 4925 Blose
2727 4869 2878 4924 addit
2896 4886 2910 4923 :
2928 4866 3080 4934 Quod
3101 4873 3150 4918 et
3176 4859 3526 4934 ignominiam

1938 4968 2133 5027 Christi
2160 4965 2523 5034 pertulerit".
2556 4962 2701 5019 Dicit
2733 4960 2880 5019 enim
2905 4998 2921 5022 ,
2976 4956 3123 5028 quod
3161 4951 3523 5025 ignominiam

1937 5060 2144 5118 Christi
2179 5058 2452 5115 thesauris
2476 5056 2693 5134 AEgypti
2721 5054 2989 5127 potiorem
3013 5049 3288 5115 habuerit,
3334 5061 3399 5104 ea
3452 5046 3523 5107 de

1946 5169 2130 5220 causa,
2166 5152 2294 5223 quia
2345 5150 2648 5222 respexerit
2695 5146 3043 5211 mercedem,
3095 5158 3261 5215 quam
3317 5140 3530 5215 scilicet

1945 5243 2092 5299 Deus
2113 5243 2214 5314 ipsi
2244 5252 2501 5315 praestare
2522 5240 2784 5313 potuerit.
2822 5239 2931 5296 Sed
2961 5237 3103 5307 nihil
3132 5236 3351 5311 attinet,
3381 5234 3531 5303 viros

317 5395 368 5443 ³⁸
390 5396 559 5452 Rom.
588 5392 783 5461 “7,17.
846 5392 894 5427 ³⁸
916 5390 1046 5448 ibid.
1084 5391 1173 5457 i9.
1249 5390 1296 5425 ³⁸
1325 5390 1459 5446 ibid.
1483 5390 1574 5446 20.
1650 5390 1717 5423 ³⁶⁴
1742 5389 1829 5446 ibit

1930 5389 1996 5460 15.
2072 5387 2117 5435 ³⁷
2148 5386 2318 5445 Hebr.
2340 5402 2417 5458 xi,
2446 5385 2539 5442 26.

1321 5542 1336 5565 r
1355 5505 1594 5563 VARUE
1628 5504 2018 5563 LECTIONES
2045 5504 2135 5561 ET
2166 5502 2403 5561 NOTAE.

325 5604 469 5728 εἷς.
505 5602 783 5728 singuli;-
805 5619 889 5657 τε.
949 5600 1274 5657 Subiudicat
1341 5600 1521 5656 locum
1549 5597 1840 5653 Paulinum

251 5672 469 5746 Ephes.
505 5689 564 5738 ιι,
599 5672 688 5727 19.

325 5744 452 5815 (5-6)
492 5744 707 5815 Αῦτόν,
744 5742 924 5815 Malim
976 5743 1157 5815 legere
1190 5739 1392 5815 αὐτῶν.
1423 5738 1480 5795 id
1531 5738 1680 5815 enim
1715 5736 1841 5815 sibi,

2017 5595 2127 5667 (55)
2173 5590 2571 5719 ’Ayﬁzo’oﬂar.
2602 5586 2803 5645 Nescio
2832 5583 2961 5657 quid
3008 5580 3112 5639 sibi
3146 5580 3251 5661 hoc
3276 5577 3397 5660 loco
3427 5575 3532 5657 ista

2018 5683 2049 5719 x
2083 5665 2234 5719 velit.
2320 5663 2447 5718 alim
2479 5662 2660 5719 lcaere
2683 5656 2999 5719 ὁμολογίαν,
3034 5660 3130 5707 aut
3170 5648 3347 5705 sumle
3373 5640 3532 5719 quid,

1945 5640 2999 5733 τιοὶνῖὧὶίῖἷιξιῖἶιιῖΪοέοξονόμολογίαν,
3034 5660 3130 5707 aut
3170 5648 3347 5733 simile
3373 5640 3532 5724 quid,

1946 5737 2209 5819 perquod
2243 5725 2753 5808 confessioﬁcilice't
2779 5727 2926 5796 ﬁdei,
2954 5725 3023 5782 de
3039 5737 3146 5794 qua
3176 5729 3530 5802 ante'sermg,

253 5816 308 5882 pi
332 5807 522 5877 i‘allor,
553 5813 781 5869 Photius
825 5813 961 5878 vult,
992 5807 1161 5868 Dieum
1189 5810 1477 5882 credentes
1514 5807 1847 5882 domesticos
1950 5807 2245 5866 indicetur.

256 5878 389 5963 suos
430 5884 733 5959 appellare,
768 5899 827 5940 se
862 5900 993 5941 vero
1023 5898 1213 5957 corum
1250 5881 1418 5955 Deum
1452 5879 1637 5957 vocari
1684 5878 1845 5953 velle.

448 5998 744 6020 ,κν-ουν·-
