4110 6408
607 447 712 517 155

1751 448 2011 510 PHOTII
2047 443 2558 508 PATRIARCIIAZ
2596 442 2702 503 ΟΡ.

3036 405 3041 411 ’
3738 416 3851 485 156

603 562 871 634 ejusmodi
904 562 1278 620 enumerando
1329 576 1681 635 percensere.
1731 561 1977 634 Occupat
2031 561 2175 617 enim

2284 560 2590 628 παρασχεῖν
2638 554 2788 627 αὖτῷ
2829 556 2858 610 ὁ
2902 554 3056 618 Θεὸς.
3093 550 3202 606 Καὶ
3259 549 3311 604 τί
3364 547 3445 602 δεῖ
3502 542 3867 615 καταριθμεῖν

605 668 707 712 nos
738 655 958 711 divinus
985 656 1087 721 vir,
1118 655 1371 726 inquiens
1403 672 1417 708 :
1450 654 1662 709 Deseret
1690 670 1772 708 me
1792 654 2011 725 :tempus
2044 654 2184 709 reci-

605 756 805 802 tantem
836 749 901 802 de
931 747 1183 812 Gideone,
1214 746 1443 813 Baraco,
1468 744 1703 801 Simsone
1725 755 1774 801 et
1790 745 2037 816 Jephtha,
2075 745 2184 801 Da-

606 838 723 893 side
757 839 902 905 item,
925 838 1175 894 Samuele
1202 846 1251 891 et
1276 836 1566 906 prophetis,
1600 835 1692 906 qui
1716 852 1809 905 per
1826 836 1984 905 ﬁdem
2002 836 2181 890 debel-

604 928 785 981 larunt
806 943 990 999 regna,
1031 927 1237 996 operati
1263 935 1388 980 sunt
1411 925 1685 995 justitiam
1705 966 1719 992 ,
1762 927 2027 980 consecuti
2059 934 2182 980 sunt

602 1017 1000 1087 promissiones,
1036 1032 1132 1070 ora
1161 1015 1369 1069 leonum
1399 1014 1786 1077 continuerunt,
1820 1014 2182 1068 exstinxerunt

602 1108 708 1161 vim
756 1107 912 1178 ignis,
967 1107 1259 1177 e/fugerunt
1305 1122 1401 1160 ora
1450 1105 1648 1177 gladii,
1691 1105 2017 1159 corroborati
2057 1112 2179 1157 sunt

601 1204 669 1258 ab
708 1203 1019 1273 inﬁrmitate
1041 1201 1108 1256 ³⁸.
1159 1200 1360 1256 Postea
1407 1208 1628 1255 sanctas
1671 1215 1861 1255 eorum
1912 1208 1968 1253 et
2012 1198 2179 1252 mira-

600 1295 739 1350 biles
775 1294 1025 1350 actiones
1048 1303 1103 1348 et
1118 1293 1509 1365 perpessiones
1537 1300 1669 1346 utet
1690 1290 2179 1346 commorationem

598 1386 652 1441 in
684 1386 904 1443 deserto
957 1401 1021 1440 ac
1051 1384 1376 1456 patientiam
1410 1383 1645 1439 dicendo
1675 1393 2001 1453 persecutus
2043 1384 2178 1439 sub-

594 1477 795 1550 iungit,
828 1477 1029 1545 Quibus
1062 1478 1288 1531 mundus
1312 1492 1415 1531 non
1442 1486 1555 1530 erat
1585 1476 1774 1545 dignus
1805 1476 1873 1530 ”.
1904 1475 2019 1530 imo
2048 1490 2179 1532 vero

596 1570 666 1626 ad
689 1570 1051 1626 imitationem
1069 1585 1259 1625 eorum
1282 1584 1382 1625 nos
1404 1569 1765 1634 excitaturus,
1781 1583 1986 1639 eosque
2005 1569 2180 1624 instar

599 1662 948 1718 incitamenti
986 1663 1055 1717 ad
1107 1661 1350 1717 studium
1383 1661 1607 1718 virtutis
1645 1661 1806 1717 nobis
1837 1676 2176 1733 proponens,

599 1754 755 1808 addit
784 1771 800 1811 :
834 1753 1060 1808 Tantam
1105 1756 1353 1809 habentes
1404 1754 1803 1824 circumjectam
1834 1756 2046 1809 testium
2076 1772 2179 1809 nu-

598 1841 734 1908 bem,
764 1841 1002 1911 deposito
1024 1844 1167 1896 omni
1206 1859 1380 1909 onere,
1422 1851 1468 1895 et
1499 1853 1712 1911 peccato
1742 1861 1833 1898 nos
1858 1844 2173 1900 circumval-

598 1927 765 1996 lante,
801 1931 855 1983 in
889 1932 1155 2000 patientia
1186 1948 1466 1986 curramus
1496 1932 1552 1985 in
1582 1933 1759 1987 stadio
1790 1934 1937 1988 nobis
1985 1951 2177 2005 propo-

596 2018 720 2085 sito,
757 2019 1088 2089 respicientes
1119 2022 1172 2073 in
1209 2021 1333 2089 ﬁdei
1384 2032 1657 2075 auctorem
1705 2031 1753 2076 et
1783 2030 2177 2077 consummato-

598 2123 711 2161 rem
734 2107 935 2171 Iesum,
966 2110 1056 2179 qui
1077 2118 1153 2162 est
1183 2109 1443 2163 Dominus
1472 2118 1650 2164 noster
1672 2107 1705 2163 J
1714 2126 1833 2166 esus
1850 2109 2173 2167 Christus“.

596 2198 789 2269 Itaque
834 2198 881 2254 is
917 2199 1041 2255 ﬁdei
1082 2199 1249 2267 illius,
1303 2199 1360 2254 in
1391 2216 1496 2270 qua
1526 2210 1712 2271 patres
1746 2202 1921 2257 nostri
1958 2201 2175 2257 candidi

595 2298 653 2342 et
680 2288 816 2344 ﬁrmi
848 2298 1285 2361 permanserant,
1317 2300 1507 2345 auctor
1530 2291 1654 2356 fuit,
1682 2300 1738 2346 et
1784 2303 1989 2348 nostra:
2020 2309 2176 2363 asque

596 2391 663 2432 ac
696 2375 914 2432 illorum
942 2377 1136 2433 salutis
1164 2387 1594 2433 consummator.
1625 2378 1783 2445 Quod
1810 2380 1855 2434 si
1876 2395 2007 2437 vero
2036 2381 2175 2437 nihil

592 2469 745 2524 aliud
770 2469 841 2525 ab
869 2484 1058 2526 errore
1084 2470 1205 2527 illos
1235 2486 1514 2535 revocare,
1556 2480 1611 2527 et
1655 2473 1722 2528 ad
1752 2475 2011 2543 pietatem
2052 2491 2176 2547 per-

594 2562 811 2616 trahere
862 2569 1070 2633 posset,
1114 2570 1266 2619 certe
1298 2564 1528 2619 decebat
1559 2580 1655 2620 eos
1706 2565 1793 2621 vel
1843 2567 2011 2623 exiis
2054 2583 2176 2637 quae

595 2667 721 2707 mox
778 2652 1105 2720 all‘erentur,
1171 2654 1458 2708 veritatem
1514 2658 1979 2725 agnoscereﬁgAit
2025 2658 2173 2713 enim

594 2740 803 2798 Paulus
841 2759 856 2796 :
894 2739 1034 2806 Quid
1063 2742 1229 2813 igitur
1261 2745 1541 2798 dicemus?
1590 2743 1737 2799 Num
1779 2745 1864 2799 lea:
1900 2757 2176 2815 peccatum

592 2837 706 2888 est?
750 2835 898 2889 Absit
920 2833 960 2865 δ’
987 2836 1000 2888 ι
1030 2834 1098 2889 Ει
1123 2835 1252 2890 alibi
1286 2853 1300 2889 :
1336 2834 1476 2890 Novi
1510 2836 1675 2902 enim,
1706 2844 1845 2907 quod
1888 2836 1973 2893 lex
2017 2840 2176 2908 spiri-

592 2926 759 2981 tualis
784 2938 881 2991 est,
912 2946 1004 3000 ego
1038 2945 1159 2984 vero
1181 2928 1420 2983 carnalis
1461 2945 1581 2983 sum
1602 2928 1670 2982 δ’.
1705 2927 1773 2983 Et
1802 2930 1999 2985 iterum
2033 2930 2178 2993 :De-

592 3020 757 3075 lector
769 3022 880 3093 lege
900 3024 1184 3078 secundum
1215 3023 1520 3078 interiorem
1538 3022 1803 3075 hominem
1823 3023 1883 3075 “.
1922 3020 2132 3077 Rursus
2159 3040 2172 3077 :

591 3112 788 3185 Itaque
819 3116 929 3184 ipse
957 3132 1051 3187 ego
1076 3125 1247 3170 mente
1286 3114 1496 3182 quidem
1547 3113 1715 3167 servio
1738 3112 1836 3182 legi
1865 3112 1982 3178 Dei,
2017 3129 2176 3166 carne

2284 650 2413 714 τοὺς
2468 650 2701 721 ἄνδρας;
2770 645 3067 718 Προλαδὼν
3116 642 3225 715 γὰρ
3277 643 3427 713 ἡμᾶς
3477 642 3506 694 ὁ
3567 636 3871 709 μετάρσιος

2284 740 2573 811 ἄνθρωπός
2622 754 2828 811 φησιν·
2900 735 3232 802 Ἐπιλείψει
3268 747 3346 802 με
3399 722 3869 811 διηγούμενον-ᾇ

2282 809 2506 902 χρόνος
2529 830 2662 899 περὶ
2687 809 2960 890 Γεδεὼν,
2992 823 3194 894 Βαράκ
3217 840 3281 877 τε
3318 821 3418 875 καί
3466 814 3733 886 Σαμψὼν
3761 809 3869 865 καὶ

2296 922 2547 992 Ἰεφθάε,
2579 920 2761 976 Δαυΐδ
2788 937 2853 975 τε
2886 917 2981 973 καὶ
3009 915 3295 987 Σαμουὴλ
3326 912 3425 967 καί
3478 908 3598 964 τῶν
3630 920 3873 975 προφη-

2282 1011 2422 1076 τῶν,
2454 1010 2512 1064 οἳ
2549 1010 2648 1064 διὰ
2681 1010 2941 1074 πίστεως
2975 1005 3467 1077 κατηγωνίσαηο
3510 993 3867 1064 βασιλείας.

2281 1103 2642 1172 είργάσαντο
2676 1101 3099 1168 δικαιοσύνην,
3133 1097 3434 1164 ἐπέτυχον
3460 1084 3870 1159 ἐπαγγελιῶν,

2281 1194 2553 1263 ἔφραξαν
2580 1193 2848 1264 στόματα
2869 1192 3135 1247 λεόντων
3158 1188 3296 1261 (56),
3314 1186 3584 1240 ἔσϐεσαν
3603 1181 3875 1245 δύναμιν

2281 1279 2509 1348 πυρὸς»
2561 1280 2792 1349 ἔφυγον
2855 1280 3125 1348 στόματα
3185 1274 3525 1347 μαχαίρας,
3569 1267 3871 1323 ἐνεδυνα-

2276 1372 2570 1442 μὼοησαν
2600 1371 2721 1427 ἀπὸ
2750 1371 3093 1437 ἀσθενείας.
3124 1364 3259 1423 Εῐτα
3280 1366 3373 1421 καὶ
3406 1366 3475 1418 τὰ
3508 1361 3641 1439 ἱερᾶ
3658 1359 3884 1419 abitum

2282 1465 2377 1518 stat
2415 1464 2700 1535 θαυμάσια
2737 1463 2872 1534 ἔργα
2898 1463 2994 1517 καὶ
3055 1460 3203 1531 πάθη
3254 1457 3497 1527 διεξιὼν,
3548 1460 3649 1513 καὶ
3683 1460 3787 1529 τὴν
3813 1458 3879 1509 έν

2281 1557 2489 1628 ἐρημίᾳ
2507 1555 2791 1627 διατριϐὴν
2814 1556 2906 1609 καὶ
2919 1551 3246 1627 καρτερίαν,
3268 1555 3490 1625 ἐπάγει,
3508 1547 3623 1608 Ὧν
3649 1553 3765 1606 οὐκ
3796 1544 3886 1619 ἦν

2280 1649 2451 1714 ἄξιος
2472 1652 2505 1704 ό
2534 1650 2782 1718 κόσμος.
2809 1647 2883 1700 Uis
2917 1646 3086 1718 μόνον
3101 1647 3181 1711 δὲ,
3202 1645 3342 1700 ἀλλὰ
3364 1645 3459 1699 καὶ
3482 1644 3623 1716 πρὸς
3652 1642 3756 1713 τὴν
3772 1640 3883 1694 αὐ-

2280 1743 2392 1797 τῶν
2422 1742 2702 1812 διεγείρων
2727 1742 2877 1812 ἡμᾶς
2908 1738 3167 1812 μίμησιν,
3208 1738 3304 1792 καὶ
3327 1737 3519 1809 ὥσπερ
3578 1732 3883 1805 παράκλη-

2284 1851 2368 1887 σιν
2395 1835 2476 1898 είς
2510 1833 2713 1905 ἀρετῆς
2740 1830 3031 1902 ἀντίληψιν
3061 1830 3305 1893 ἐκείνους
3325 1826 3607 1900 προτιθεὶς
3671 1821 3847 1891 ὲπιφέ
3866 1852 3881 1861 ι

2206 1903 2250 1960 Β
2282 1944 2364 1999 ρει
2396 1942 2411 1958 ο
2448 1903 2750 1980 Τοσοῦτον
2771 1923 3023 1995 ἔχοντες
3057 1922 3471 1991 περικείμενον
3503 1916 3653 1987 ἡμῖν
3682 1912 3882 1982 νέφος

2273 2018 2610 2089 μαρτύρων,
2661 2017 2847 2085 ὄγκον
2895 2015 3252 2084 ἀποθέμενοι
3299 2012 3520 2076 πάντα,
3587 2008 3689 2062 καὶ
3753 2005 3881 2072 τὴν

2277 2111 2715 2178 εὐπερίστατον
2743 2107 3061 2178 ἁμαρτίαν,
3093 2106 3169 2160 δι’
3208 2101 3527 2175 ὑπομονῆς
3564 2099 3883 2168 τρέχωμεν

2275 2204 2363 2268 εις
2386 2200 2496 2255 τὸν
2518 2200 2919 2269 προκείμενον
2950 2198 3097 2268 ἡμῖν
3123 2194 3348 2267 ἀγῶνα,
3401 2191 3752 2264 ἀφορῶντες
3784 2191 3881 2255 εις

2273 2295 2382 2349 τὸν
2402 2293 2511 2363 τῆς
2528 2293 2792 2359 πίστεως
2806 2291 3075 2361 ἀρχηγὸν
3089 2290 3187 2343 καὶ
3210 2285 3539 2355 τελειωτὴν
3576 2281 3834 2351 Ἰησοῦν
3859 2296 3877 2309 ³

2273 2389 2343 2455 ὅς
2369 2388 2543 2442 ἐστιν
2566 2388 2598 2441 d
2631 2387 2851 2455 Κύριος
2883 2384 3055 2455 ήμῶν
3094 2383 3338 2452 Ἰησοῦς
3378 2380 3658 2450 Χριστός.
3698 2376 3876 2427 ’Ὥστε

2274 2481 2371 2535 xai.
2391 2482 2459 2550 τῇ
2488 2480 2545 2532 ὲν
2647 2477 2827 2531 πίστει
2850 2477 3088 2546 γενναῖοι
3121 2474 3217 2529 καὶ
3246 2472 3455 2545 βέϐαιοι
3482 2467 3879 2541 μεμενήκασιν

2272 2574 2323 2627 οἱ
2352 2574 2594 2641 πατέρες
2623 2572 2656 2640 ἠ
2667 2570 2802 2640 μῶν,
2839 2568 3064 2638 γέγονεν
3083 2565 3349 2639 ἀρχηγὸς.
3382 2563 3476 2617 καὶ
3497 2562 3601 2631 τῆς
3624 2557 3790 2629 ημῶν
3813 2573 3879 2609 τε

2274 2662 2543 2716 κάκείνων
2576 2660 2852 2731 σωτηρίας
2868 2658 3182 2727 τελειωτής.
3223 2658 3285 2710 El
3320 2656 3377 2709 δὲ
3429 2658 3527 2709 καὶ
3584 2650 3759 2721 μηδὲν
3805 2643 3881 2718 ἦν

2272 2756 2459 2824 ἕτερον
2482 2753 2582 2823 τῆς
2616 2752 2827 2823 πλάνης
2856 2751 3055 2814 αὐτοὺς
3079 2747 3446 2820 ἀποστρέψαι,
3468 2743 3567 2799 καὶ
3598 2741 3880 2814 μεθελκὺ-

2276 2863 2367 2899 σαι
2401 2845 2502 2915 τὴν
2524 2843 2809 2897 εὐσέϐειαν
2841 2841 3187 2913 βιαζόμενον,
3217 2840 3333 2893 ἀλλ’
3361 2835 3457 2893 οὖν
3486 2836 3779 2909 προσῆκον
3808 2828 3881 2901 ἦν

2273 2938 2458 3001 αὐτοῖς
2480 2935 2569 2989 διὰ
2594 2935 2703 2989 τῶν
2739 2935 3133 3007 ῥηθησομένων
3160 2935 3356 2989 θᾶττον
3391 2928 3734 3001 μεταμαθεῖν
3773 2926 3881 2993 τὴν

2273 3021 2558 3094 ἀλήθειαν.
2587 3020 2748 3091 Λέγει
2779 3022 2887 3096 γὰρ
2918 3025 2945 3077 ὀ
2975 3022 3187 3087 Παῦλος
3213 3039 3227 3051 ·
3268 3021 3328 3076 Τί
3368 3015 3488 3075 οὖν
3509 3014 3817 3085 ἐροῦμενὶ
3843 3014 3879 3066 δ

2274 3115 2462 3182 νόμος
2488 3112 2782 3183 ἁμαρτία;
2828 3113 2915 3184 μὴ
2955 3114 3210 3184 γένοιτο.
3268 3113 3382 3168 Καὶ
3449 3109 3617 3163 πάλιν
3646 3124 3661 3139 ο
3725 3100 3882 3157 Οἶδα

592 3223 713 3261 vero
741 3207 843 3279 legi
867 3209 1069 3276 peccati
1094 3207 1161 3261 “.
1185 3206 1324 3262 Caro
1349 3206 1491 3259 enim
1508 3204 1825 3272 concupiscit
1856 3211 2039 3256 contra
2062 3203 2171 3270 spi-

2278 3201 2389 3273 γὰρ
2447 3204 2537 3257 ὅτι
2576 3206 2609 3257 o’
2644 3206 2829 3271 νόμος
2892 3204 3297 3274 πνευματικός
3374 3202 3570 3266 ἐστιν,
3630 3194 3753 3266 ἐγὼ
3810 3193 3883 3247 δε

590 3300 779 3363 ritum,
836 3299 1055 3370 spiritus
1111 3314 1234 3353 vero
1292 3308 1480 3351 contra
1531 3312 1746 3350 carnem
1792 3295 1858 3360 “,
1907 3294 2011 3349 hoc
2062 3303 2170 3356 est,

589 3392 796 3458 anima,
828 3391 1131 3447 secundum
1155 3390 1450 3461 imaginem
1482 3388 1578 3444 Dei
1609 3386 1853 3454 condita,
1880 3395 1937 3443 et
1956 3385 2173 3455 corpori

589 3482 659 3537 ab
684 3481 877 3537 eadem
911 3497 1077 3536 manu
1101 3480 1337 3536 formato
1369 3480 1583 3550 juncta,
1615 3479 1687 3535 ad
1717 3477 1988 3550 originem
2016 3492 2171 3533 suam

591 3569 874 3625 transferri
900 3568 1071 3640 cupit.
1109 3568 1248 3623 Caro
1277 3583 1431 3633 vero,
1465 3567 1519 3622 id
1553 3574 1660 3630 est,
1695 3565 1943 3620 carnales
1964 3563 2175 3636 cupidi-

590 3672 731 3718 tates
756 3662 852 3732 (ita
866 3662 1016 3718 enim
1038 3672 1092 3717 et
1120 3663 1222 3716 sub
1240 3661 1423 3732 priore
1444 3670 1499 3714 et
1522 3659 1625 3715 sub
1648 3659 1954 3729 posteriore
1979 3658 2173 3729 gratia,

586 3756 715 3826 quia
740 3771 838 3825 pro
868 3755 1065 3827 gratia,
1105 3754 1282 3825 gratia
1315 3752 1475 3808 nobis
1507 3751 1634 3807 data
1669 3759 1774 3816 est,
1813 3750 2047 3805 alIectus
2078 3751 2176 3803 hos

587 3842 866 3914 appellare
902 3842 982 3896 fas
1012 3842 1140 3911 est},
1168 3840 1273 3906 hae,
1298 3840 1544 3909 inquam,
1578 3837 1830 3892 carnales
1850 3835 2177 3905 cupiditates

594 3948 709 3989 non
733 3933 893 3989 facile
918 3932 1188 3989 voluntati
1212 3931 1411 3987 anima:
1441 3928 1844 3993 obsecundant,
1863 3927 1959 3983 sed
1988 3927 2178 3997 saepis-

587 4024 728 4079 sime
788 4030 845 4077 et
876 4021 1115 4095 graviter
1145 4022 1452 4085 decertant,
1481 4019 1686 4073 malum
1714 4018 1983 4072 habentes
2024 4032 2176 4071 com-

588 4111 921 4179 militonem,
939 4112 1048 4167 nisi
1068 4112 1193 4182 quis
1222 4110 1454 4181 vigilans
1482 4106 1748 4171 studiose,
1774 4114 1827 4187 et
1858 4120 1956 4175 per
1982 4121 2171 4175 preces

585 4217 892 4271 supernum
918 4210 1252 4257 consecutus
1287 4201 1553 4269 impetum
1598 4196 1667 4250 de
1700 4195 1806 4249 illis
1834 4196 2162 4266 triumphat.

2276 3295 2568 3361 σαρκικός
2593 3295 2711 3363 είμι
2733 3311 2747 3323 ’
2796 3293 2889 3347 καί
2921 3311 2936 3325 ο
2973 3293 3319 3364 Συνήδομαι
3351 3292 3433 3358 τῷ
3491 3291 3660 3359 νόμφ
3710 3286 3872 3340 κατὰ

2274 3384 2383 3438 τὸν
2400 3384 2522 3438 ἔσω
2566 3384 2901 3453 ἄνθρωπον.
2937 3386 3047 3440 Καὶ
3072 3386 3282 3440 πάλιν*
3346 3386 3489 3452 Ἄρα
3518 3382 3639 3452 μὲν
3682 3380 3884 3443 αὐτὸς

2274 3476 2387 3547 ἐγὼ
2423 3477 2504 3543 τῷ
2535 3477 2651 3547 μὲν
2667 3477 2763 3530 νοτ
2793 3476 3112 3531 δουλεύσω
3133 3478 3297 3547 νόμῳ
3331 3474 3504 3539 Θεοῦ,
3537 3472 3616 3541 τῇ
3638 3471 3711 3525 δὲ
3725 3486 3885 3538 crap-

2275 3568 2334 3623 xl
2366 3569 2525 3638 νόμῳ
2556 3568 2869 3637 ἁμαρτίας.
2899 3566 3011 3622 Kal
3034 3569 3147 3639 γὰρ
3174 3569 3212 3636 ἡ
3247 3568 3366 3637 μὲν
3394 3567 3556 3634 σὰρξ
3591 3560 3890 3632 ἐπιθυμεῖ

2276 3660 2425 3714 κατὰ
2462 3658 2569 3714 τοῦ
2607 3658 2969 3727 πνεύματος,
3008 3659 3076 3712 τὸ
3120 3659 3191 3713 δὲ
3232 3658 3476 3726 πνεῦμα
3525 3657 3689 3709 κατὰ
3759 3651 3881 3721 τῆς

2275 3750 2524 3817 σαρκὸς,
2572 3750 2850 3804 τουτέστιν
2880 3752 2915 3822 ἡ
2982 3750 3082 3823 μὲν
3130 3751 3279 3822 ψυχὴ
3329 3749 3454 3803 κατ’
3485 3747 3681 3802 εἰκόνα
3734 3742 3884 3799 Θεοῦ

2277 3839 2643 3911 γεγενημένη,
2667 3839 2761 3893 καὶ
2797 3841 2877 3914 τῷ
2915 3841 3303 3895 διαπλασθέντι
3344 3838 3498 3911 παρὰ
3529 3839 3635 3907 τῆς
3700 3834 3885 3901 αὐτῆς

2277 3932 2459 4002 χειρὸς
2510 3931 2721 4001 σώματι
2745 3933 3077 4001 συναφθεῖσα
3105 3932 3243 4004 πρὸς
3260 3932 3323 3986 τὸ
3351 3930 3679 4002 ἀρχέτυπον
3710 3925 3885 3980 πόθον

2279 4022 2393 4093 ἔχει
2420 4022 2810 4094 ἀναφέρεσθαι.
2865 4025 2931 4078 Ἠ
2953 4024 3008 4077 δὲ
3043 4024 3205 4095 σὰρξ,
3227 4025 3365 4094 ὅπερ
3388 4022 3545 4077 ἐστὶν
3572 4022 3635 4076 αἱ
3675 4037 3885 4090 σαρκι-

2286 4114 2382 4167 καὶ
2412 4114 2700 4186 ἐπιθυμίαι
2727 4132 2740 4146 ⁸
2769 4114 2931 4187 (οὕτω
2959 4115 3066 4186 γάρ
3107 4118 3225 4168 ἐστι
3256 4116 3352 4169 καὶ
3387 4115 3458 4185 τῇ
3487 4114 3625 4183 πρὶν
3677 4112 3780 4165 καὶ
3814 4111 3883 4180 τῇ

2279 4201 2397 4271 μετ’
2426 4202 2597 4273 αὐτὴν
2616 4204 2800 4275 χάριτι
2834 4220 2848 4235 ο
2878 4203 2972 4258 καὶ
3005 4205 3112 4274 γὰρ
3141 4205 3263 4260 ἀντὶ
3291 4204 3518 4273 χάριτος
3546 4203 3715 4273 χάρις
3745 4202 3884 4270 ἡμῖν

585 4291 747 4363 ὶδόθη
778 4291 892 4363 (57)
917 4291 989 4346 τὰ
1025 4290 1254 4345 τοιαῦτα
1283 4284 1755 4357 κατονομάξεσθαι
1793 4285 1986 4356 πάθη).
2039 4279 2214 4340 Abeat
2251 4285 2345 4345 οὖν
2378 4291 2435 4345 αἱ
2470 4295 2731 4363 σαρκικαὶ
2770 4294 3054 4365 ἐπιθυμίαι
3078 4295 3139 4346 οὐ
3179 4294 3381 4366 ῥαδίως
3424 4292 3761 4345 συνέπονται
3806 4290 3884 4358 τῷ

587 4383 854 4454 θελήματι
897 4382 1000 4452 τῆς
1039 4381 1242 4451 ψυχῆς,
1291 4377 1407 4431 ἀλλ’
1443 4376 1539 4431 ὲπὶ
1572 4376 1791 4439 πολλοῖς
1832 4375 1927 4429 καὶ
1957 4377 2164 4446 σφόδρα
2200 4379 2566 4452 διαμάχονται
2596 4382 2688 4436 τὸν
2745 4386 2983 4456 πονηρὸν
3012 4385 3237 4454 ἔχουσαι
3314 4381 3765 4451 συναγωνιστὴν,
3832 4372 3883 4436 ει

589 4475 666 4547 μῄ
684 4491 780 4547 τις
799 4474 990 4547 νήφων
1022 4472 1123 4543 μὲν
1146 4470 1447 4541 ἐπιμελῶς,
1475 4469 1651 4523 ἕλκων
1699 4467 1758 4522 δὲ
1784 4467 1871 4522 διὰ
1895 4469 2207 4541 προσευχῆς
2243 4472 2340 4524 καὶ⁹
2376 4472 2476 4543 τὴν
2517 4472 2722 4527 ἄνωθεν
2792 4476 2987 4545 ῥοπὴν,
3049 4477 3239 4547 στήσει
3268 4477 3539 4547 τρόπαιον
3594 4475 3725 4528 κατ’
3772 4472 3883 4527 aiio

583 4543 697 4599 τῶν
726 4543 861 4614 (58).

657 4610 798 4688 XIV.
816 4610 928 4686 Sed
944 4629 1089 4685 unde
1100 4625 1609 4692 nonnihildivertit,
1624 4640 1691 4682 eo
1704 4626 2040 4697 regrediatur
2050 4641 2144 4680 ora
2155 4656 2173 4666 -

2353 4629 2453 4681 lA'.
2498 4625 2637 4679 Ἀλλ’
2654 4625 2828 4679 ὅθενὸ
2874 4625 3031 4694 λόγος
3091 4610 3647 4699 μικρδνςπαρεξῆλθε
3699 4628 3881 4682 πάλιν

587 4726 687 4782 tio.
702 4723 987 4779 Praadictis
1014 4719 1163 4777 enim
1181 4718 1331 4774 addit
1353 4718 1473 4773 haec
1497 4717 1713 4773 dicens:
1736 4716 1924 4787 Itaque
1947 4716 2030 4771 lea:
2046 4717 2168 4801 qui-

584 4821 705 4873 dem
722 4826 908 4872 sancta
924 4821 1418 4882 est,etprceccptum
1431 4819 1692 4877 sanctum,
1722 4818 1771 4864 et
1780 4810 1987 4880 justum
2018 4818 2067 4863 et
2085 4806 2171 4862 bo-

585 4927 714 4983 num
730 4909 907 4967 “.Ubi
921 4910 1132 4965 clarum
1148 4914 1235 4961 est
1267 4920 1377 4960 non
1395 4905 1555 4960 aliam
1574 4904 1746 4976 legem
1759 4918 1880 4960 esse
1896 4911 2168 4967 sanctam,

660 5066 707 5098 ³⁸
741 5060 908 5119 Hebr.
939 5076 998 5119 ιι
1021 5103 1038 5129 ,
1068 5062 1174 5127 33,
1210 5061 1304 5117 54.
1398 5062 1443 5096 ³⁸
1482 5062 1616 5119 ibid.
1651 5061 1744 5120 58.
1834 5062 1881 5096 ⁸⁸
1929 5061 2095 5118 Hebr.
2122 5077 2175 5118 ιι

2275 5060 2333 5129 l,
2369 5060 2426 5114 2.
2520 5057 2567 5091 δε
2603 5058 2763 5115 Rom.
2793 5074 2907 5126 vn,
2939 5058 2995 5115 3.
3092 5059 3139 5093 “
3176 5060 3313 5117 ibid.
3336 5058 3428 5117 14.

580 5136 633 5195 .“
664 5134 800 5192 ibid.
835 5134 929 5191 25.
1005 5132 1053 5167 "
1074 5132 1208 5189 ibid.
1226 5132 1320 5189 26.
1392 5133 1445 5213 δξ
1474 5133 1614 5191 ibid.
1653 5133 1742 5189 12.

2276 4718 2537 4774 ἐπανίτω.
2576 4717 2701 4778 Τοῖς
2743 4716 2852 4786 γὰρ
2876 4719 3304 4789 προειρημένοις
3334 4719 3609 4772 συνάπτει
3640 4720 3835 4787 λέγων
3868 4734 3884 4749 ·

2278 4811 2461 4865 Ὥστε
2491 4810 2523 4861 ό
2539 4806 2656 4877 μὲν
2687 4806 2870 4875 νόμος
2900 4808 3087 4877 ἅγιος,
3124 4810 3223 4863 καὶ
3250 4811 3289 4880 ἠ
3321 4810 3552 4878 ἐντολὴ
3579 4810 3752 4880 ἁγία,
3780 4809 3885 4865 καὶ

2275 4900 2498 4965 δικαία,
2537 4897 2635 4951 καὶ
2662 4896 2877 4965 ἀγαθή.
2920 4898 3032 4952 Καὶ
3059 4899 3243 4970 δῆλον,
3300 4902 3379 4966 ὡς
3425 4901 3531 4955 οὐκ
3591 4901 3739 4972 ἄλλη
3784 4900 3887 4972 μὲν

3528 5060 3581 5094 ⁸³
3610 5059 3758 5117 ibid.
3792 5059 3885 5114 2‘2.

1674 5294 1687 5311 ’
1779 5288 2019 5346 VARle
2062 5280 2455 5343 LECTIONES
2494 5278 2583 5335 ET
2616 5276 2852 5335 ΝΟΤᾸεῖ.

662 5449 774 5521 (56)
802 5451 1079 5521 Λεόντων
1140 5449 1436 5521 στόματα.
1469 5449 1599 5521 ﬂare
1630 5446 1688 5502 in
1736 5461 1840 5521 ms.
1893 5445 2176 5521 desidera-

585 5513 810 5583 bantur,
845 5519 1049 5576 omissa
1081 5513 1291 5576 scilicet
1317 5520 1543 5587 librarii,
1571 5534 1601 5573 a
1630 5517 1863 5587 repetita
1889 5529 2024 5571 voce
2047 5513 2169 5566 στό-

589 5593 749 5662 ματα
764 5590 1004 5662 decepti,
1033 5588 1388 5662 negligentia.
1543 5656 1565 5662 _
1880 5650 1902 5662 _
2057 5650 2068 5662 ,

592 5650 607 5670 ⁷
662 5660 778 5729 (5⁷)
818 5650 1269 5729 Ἀὖτῖχάριῶς
1297 5659 1491 5729 χάρις.
1543 5656 1727 5729 Locus
1762 5650 2103 5729 est_J_oannis
2132 5665 2173 5729 ι,

580 5719 680 5796 46,
714 5719 878 5800 quem
912 5719 1642 5797 rarii'v'arie'eiplicarurit.
1688 5725 1824 5800 Cum
1860 5723 2079 5800 lfiostro,
2111 5719 2177 5800 ad

591 5792 763 5870 legerit
790 5809 846 5855 et
892 5799 1269 5868 Evangelium,
1292 5867 1300 5870 _
1327 5792 1588 5870 tanquam
1631 5794 1817 5864 gratiae
1854 5792 2182 5870 documenta

2279 5439 2490 5497 faciunt
2515 5437 2956 5507 Chrysostomus,
2978 5434 3131 5491 hom.
3172 5437 3260 5501 l4,
3294 5436 3351 5492 in
3386 5435 3581 5502 Joan.,
3615 5436 3889 5507 etjl‘beo‘

2265 5509 2572 5631 phLlactus,
2594 5505 2648 5559 in
2671 5506 2728 5559 h.
2749 5505 2811 5584 l..;
2842 5519 2911 5584 ex
2930 5507 3330 5561 recentioribus
3352 5522 3510 5571 vero,
3536 5516 3672 5577 post
3686 5505 3888 5561 Bezam

2270 5587 2325 5633 et
2394 5576 2653 5633 einsium,
2673 5588 2969 5627 novrsstme
3000 5573 3135 5628 Rev.
3164 5576 3427 5631 Salomon
3461 5576 3800 5633 Devlinaius
3826 5576 3882 5630 in

2270 5573 2325 5648 et
2344 5573 2653 5638 Heinsium,
2673 5573 2969 5648 novissime
3000 5573 3135 5628 Rev.
3164 5576 3427 5648 Salor_n_on
3461 5573 3800 5648 De'ylingius
3826 5576 3882 5630 in

2274 5647 2569 5702 Observatt.
2594 5643 2781 5703 sacris,
2822 5650 2963 5710 part.
2998 5657 3082 5704 ιιι,
3124 5645 3393 5699 ηυιη.’55.

2350 5715 2463 5782 (58)
2493 5710 2724 5794 Αυτεὶὖνε
2768 5710 2845 5794 Ιιέι
2869 5710 2971 5794 legi
3001 5712 3160 5792 jubet
3182 5729 3359 5794 nexus
3384 5718 3693 5784 orationis,
3754 5714 3885 5794 quia

2280 5779 2463 5840 sermo
2491 5792 2575 5835 est
2598 5781 2681 5852 de
2705 5779 3025 5850 ἐπιθυμίαις
3077 5781 3130 5837 in
3164 5783 3403 5852 plurium
3457 5779 3737 5847 nurnero.
3774 5779 3884 5842 ’Μειη

596 5848 1748 5937 sibi—invicemsubeeden'tia,respicieiitc,
1796 5878 1862 5917 ex
1909 5858 2186 5916 veteribus
2285 5852 2521 5910 habebat
2549 5848 2742 5915 αὐτῆς.
