4110 6480
268 497 387 567 157

1280 513 1577 578 CONTRA
1615 518 2079 582 MANICHAZOS
2118 520 2354 583 LIBER
2397 523 2515 586 III.

3432 522 3536 591 158

262 615 436 687 ἁγία,
472 616 607 689 ἄλλη
632 618 688 673 δὲ
705 619 913 687 δικαία,
951 621 1085 695 ἄλλη
1128 623 1185 678 δι
1206 625 1406 699 ἀγαθὴ,
1434 628 1551 685 ἀλλ’
1592 630 1625 701 ἡ
1659 629 1840 683 “αῦτοί

1960 628 2362 701 aliamjustam,
2384 630 2543 685 aliam
2567 628 2784 696 bonam,
2816 644 2978 701 quam
3006 629 3186 702 ipsum
3218 629 3353 705 legis
3389 648 3534 706 pra:-

262 707 374 762 τοῦ
401 709 569 782 νόμου
584 710 777 784 ὶντολὴ
793 715 884 769 καὶ
912 714 1006 768 τοῦ
1038 715 1201 770 αὑτοῦ
1223 717 1358 772 Θεοῦ
1387 721 1479 774 καὶ
1497 720 1733 786 δικαίου,
1758 722 1853 775 καὶ

267 802 465 871 ἁγίου,
498 804 593 858 καὶ
617 805 848 879 ἀγαθοῦ.
887 806 978 872 ἘΞ
1013 802 1073 863 οὗ
1100 809 1209 881 γὰρ
1241 810 1397 882 βρύει
1435 812 1496 866 τδ
1543 811 1701 882 ἅγιον
1760 814 1856 868 καὶ

263 892 487 948 δίκαιον
511 893 604 948 καὶ¹
623 894 848 964 ἀγαθὸν,
883 900 1116 969 χορηγὸς
1158 900 1261 970 μέν
1290 900 1407 953 ἐστι
1460 900 1661 954 τούτων
1694 901 1857 967 αὐτὸς

265 987 375 1041 καὶ
408 987 597 1059 δοτήρ.
630 988 790 1043 Κατὰ
814 989 874 1043 τὸ
899 990 1073 1044 αἴτιον
1099 991 1157 1046 δὲ
1188 993 1293 1064 πρὸ
1320 993 1561 1060 πάντων,
1581 989 1656 1050 ὧν
1672 995 1856 1060 ἄλλοις

266 1082 577 1151 μετασχεῖν
608 1082 904 1154 παρέσχεν,
939 1084 1102 1149 αὐτὸς
1132 1083 1367 1157 ὑπάρχει
1418 1086 1615 1153 ταῦτα,
1653 1088 1714 1142 οὑ
1757 1104 1855 1159 με-

263 1170 516 1242 τασχὼν,
546 1164 607 1225 οὗ
643 1171 713 1226 δι’
748 1173 1195 1245 ὑπερδλύζουσαν
1236 1175 1551 1248 ἀγαθότητα
1608 1178 1850 1248 μετέχει,

263 1262 374 1316 καὶ
403 1262 440 1318 ἃ
473 1263 724 1335 μετέσχε,
754 1266 1046 1337 μετουσίας
1063 1267 1415 1336 ἀγαθοειδοῦς
1441 1268 1575 1339 (59).
1612 1269 1724 1323 Καὶ
1756 1268 1853 1324 ἀλ-

262 1351 445 1425 λαχοῦ
476 1354 534 1408 δὲ
558 1354 720 1410 πάλιν
747 1358 776 1410 ὁ
813 1357 977 1421 αὐτὸς
1004 1358 1107 1428 τῆς
1130 1358 1388 1429 ἀληθείας
1412 1359 1586 1431 κήρυξ
1620 1358 1752 1430 βοᾷ¹,
1778 1359 1849 1413 Τὸ

261 1444 566 1517 δικαίωμα
591 1449 968 1517 πληροῦσθαι
997 1451 1104 1505 τοῦ
1132 1452 1321 1521 νόμου
1349 1452 1419 1505 ἐν
1445 1439 1569 1516 τοῖς
1583 1452 1668 1521 μὴ
1698 1453 1851 1506 κατὰ

262 1536 477 1604 σάρκα
507 1540 961 1607 περιπατοῦσιν,
1003 1542 1167 1596 ἀλλὰ
1209 1543 1360 1596 κατὰ
1388 1543 1847 1612 πνεῦμαίξτουτ-

261 1628 451 1691 ἐστιν,
484 1630 543 1683 έν
571 1625 654 1695 οἷς
680 1632 735 1685 αἱ
762 1633 999 1706 πονηραὶ
1024 1634 1254 1707 πράξεις
1289 1637 1382 1690 καὶ
1414 1636 1725 1708 ὑποσποραὶ
1750 1637 1844 1690 τοῦ

276 1723 544 1795 Ἐχθροῦ,
579 1727 673 1780 καὶ
699 1727 765 1781 τὰ
798 1728 1177 1801 ἁμαρτήματα
1204 1730 1356 1801 ίσχῦν
1385 1733 1486 1786 οὐκ
1505 1733 1642 1805 ἔχει,
1676 1734 1847 1806 ἀλλ’ἢ

262 1813 417 1867 κατὰ
466 1813 707 1886 πνεῦμα,
747 1819 1027 1874 τουτέστιν
1077 1822 1110 1892 ἡ
1164 1821 1286 1876 κατ’
1341 1824 1542 1896 ἀρετὴν
1566 1814 1662 1878 καὶ
1697 1827 1847 1883 Θείαν

262 1902 594 1973 συνέργειαν
626 1906 986 1978 κατορθοῦται
1010 1909 1276 1966 πολιτεία.
1311 1912 1373 1966 Et
1402 1912 1456 1967 δὲ
1477 1913 1539 1967 τὸ
1569 1914 1845 1986 δικαίωμα

1960 730 2201 791 ceptum,
2233 730 2288 777 et
2316 722 2558 793 ejusdem
2585 721 2678 777 Dei
2712 723 2999 793 tumjusti,
3028 732 3141 778 tum
3184 726 3384 791 sancti,
3420 737 3533 781 tum

1957 811 2107 866 boni.
2135 811 2213 866 Ex
2234 813 2497 883 quoenim
2511 813 2738 869 scaturit
2761 822 3031 882 sanetum,
3051 824 3105 869 et
3122 815 3353 886 justum,
3370 818 3536 873 etbo—

1955 917 2110 968 num,
2125 902 2269 958 idem
2291 912 2375 959 est
2400 902 2614 958 illorum
2634 913 2825 960 auctor
2836 914 2893 960 et
2915 905 3157 977 largitor.
3187 907 3248 961 ln
3263 917 3532 978 quantum

1955 1010 2087 1051 vero
2110 1010 2273 1051 causa
2296 1006 2401 1062 est,
2421 996 2563 1051 idem
2587 1013 2699 1067 pra:
2715 998 2971 1054 omnibus
2988 1014 3050 1054 ea
3073 999 3258 1054 omnia
3281 1010 3385 1066 est,
3406 1017 3536 1072 quo-

1955 1102 2075 1141 rum
2099 1086 2236 1141 alios
2258 1086 2557 1157 participes
2582 1087 2731 1152 fecit,
2755 1088 2969 1143 etiamsi
2992 1105 3103 1143 non
3146 1090 3341 1145 eodem
3367 1091 3532 1146 modo

1955 1176 2230 1247 possideat
2254 1193 2268 1242 ;
2302 1191 2369 1231 ex
2396 1178 2552 1247 cujus
2570 1177 2732 1231 etiam
2757 1177 3003 1234 bonitate
3050 1181 3533 1250 superabundante

1957 1267 2015 1322 lit
2037 1276 2119 1329 ut,
2160 1267 2426 1338 quidquid
2456 1269 2577 1338 ejus
2625 1268 2900 1339 particeps
2933 1280 3037 1336 est,
3066 1271 3119 1324 in
3144 1272 3532 1328 communione

1952 1358 2508 1415 Boniformiexsistat.
2531 1358 2599 1413 Et
2620 1359 2746 1413 alibi
2768 1359 2911 1415 idem
2936 1362 3185 1416 veritatis
3211 1378 3391 1432 praaco
3412 1364 3529 1417 ela-

1950 1459 2084 1512 mat.
2115 1460 2375 1521 praecepta
2416 1452 2541 1523 legis
2564 1452 2773 1522 impleri
2808 1454 2862 1506 in
2891 1454 2980 1518 iis,
3002 1455 3091 1524 qui
3118 1472 3219 1509 non
3244 1458 3529 1510 secundum

1951 1560 2165 1598 carnem
2181 1546 2477 1611 ambulant,
2489 1546 2580 1600 sed
2590 1546 3131 1617 secundumspiritunt
3144 1548 3215 1615 ⁸⁷,
3227 1548 3330 1604 hoc
3346 1556 3450 1616 est,
3472 1548 3529 1602 in

1949 1637 2147 1706 quibus
2165 1636 2409 1691 actiones
2423 1638 2578 1692 malze
2596 1646 2651 1692 et
2671 1638 2880 1693 semina
2894 1638 3086 1700 hostis,
3103 1646 3159 1693 et
3173 1647 3393 1710 peccata
3420 1638 3529 1695 vim

1948 1743 2057 1783 non
2078 1727 2300 1788 habent.
2318 1728 2414 1783 sed
2439 1729 2575 1783 ratio
2592 1729 2715 1785 vitae
2733 1729 3034 1785 secundum
3053 1729 3346 1800 “spiritum.
3366 1729 3418 1785 id
3442 1740 3527 1786 est

1948 1820 2205 1875 virtutem
2226 1830 2280 1876 et
2296 1820 2390 1875 Dei
2406 1821 2666 1876 auxilium
2685 1822 2988 1877 ordinatur.
3003 1822 3158 1888 Quod
3180 1822 3226 1877 si
3243 1837 3372 1877 vero
3383 1838 3528 1892 prte-

1950 1919 2107 1982 cepta
2134 1912 2267 1981 legis
2296 1928 2408 1968 non
2437 1929 2467 1967 a
2497 1914 2872 1983 peccatoribus
2901 1922 2957 1970 et
2985 1914 3144 1985 genio
3201 1913 3531 1986 indulgenti-

256 1994 362 2050 τοῦ
393 1997 562 2069 νόμου
588 1999 689 2053 οὐκ
712 1977 777 2054 ἐν
805 2002 919 2066 τοῖς
947 2002 1225 2072 έμπαθέσι
1252 2006 1349 2058 καὶ
1377 2006 1727 2078 ἁμαρτωλοῖς
1749 1977 1840 2063 τε·

1948 1977 2052 2057 bus
2078 1977 2396 2072 implentur,
2429 1977 2527 2058 sed
2557 2018 2587 2057 a
2616 1977 3013 2073 spiritualibus'
3033 2011 3088 2058 et
3118 2002 3303 2058 divino
3328 1977 3530 2057 auxilio

255 2086 465 2152 λεῖται,
497 2089 612 2142 ἀλλ’
669 2090 727 2143 ὲν
762 2094 874 2155 τοῖς
906 2098 1297 2166 πνευματικοῖς
1347 2098 1440 2150 καὶ
1476 2097 1843 2174 θεοσυνεργή-

251 2195 398 2246 τοις,
431 2180 550 2243 πῶς
570 2181 631 2235 οὐ
661 2182 947 2251 φρίττουσι
985 2185 1167 2254 λέγειν
1201 2187 1334 2242 αὐτὸ
1386 2192 1634 2263 πονηρᾶς
1684 2211 1843 2264 νομο-

255 2270 486 2338 θεσίαςς
522 2273 688 2327 Πάλιν
708 2274 763 2329 δὲ
788 2278 846 2330 έν
868 2276 1048 2342 ἄλλοις
1079 2278 1141 2333 τὸ
1169 2278 1434 2351 διάπυρον
1473 2283 1577 2354 τῆς
1606 2284 1842 2352 πίστεως

254 2361 428 2416 αὑτοῦ
464 2366 678 2420 καὶτοῦ
738 2368 948 2433 πάντας
994 2371 1247 2427 σπεύδειν
1294 2373 1556 2446 σωθῆναι,
1615 2377 1710 2431 καὶ⁵
1755 2378 1839 2441 είς

252 2454 402 2526 ὅπερ
458 2456 623 2510 αὐτθιν
670 2459 699 2513 δ
732 2459 965 2532 σφοδρὸς
1010 2461 1149 2533 ἔρως
1193 2464 1381 2531 ἐκίνει,
1432 2468 1686 2539 κατέχειν
1740 2470 1841 2523 οῦκ

256 2545 424 2617 ἔχων,
456 2549 736 2604 τουτέστιν
758 2552 837 2616 είς
865 2552 927 2605 τὸ
950 2554 1160 2618 πάντας
1186 2555 1265 2627 τῷ
1296 2558 1519 2630 Χριστῷ
1554 2577 1839 2632 προσαγα-

254 2642 399 2708 γεῖν·
444 2643 735 2713 Ηύχόμην
761 2643 875 2715 ἐγὼ
894 2646 1079 2713 αὐτὸς
1112 2647 1378 2717 ἀνάθεμα
1406 2645 1558 2704 εἶναι
1587 2652 1709 2707 ἀπὸ
1730 2642 1838 2707 τοῦ

252 2732 522 2801 Χριστοῦ
547 2734 697 2803 ὑπὲρ
727 2734 845 2790 τῶν
878 2736 1159 2808 ἀδελφῶν
1200 2759 1320 2808 μου
1362 2741 1482 2796 τῶν
1528 2744 1841 2815 συγγενῶν

250 2843 377 2901 μου
406 2826 557 2882 κατὰ
589 2828 805 2897 σάρκα,
851 2832 1065 2907 μεγάλῃ
1096 2834 1288 2905 κράζει
1313 2837 1379 2908 τῇ
1401 2840 1552 2908 φωνῇ
1584 2852 1598 2866 ·
1641 2832 1731 2892 ὧν
1778 2840 1841 2894 ιιι

253 2918 543 2989 διαθῆκαι
588 2922 687 2976 καὶ
734 2926 794 2977 at
839 2927 1187 2996 νομοθεσίαι
1224 2929 1325 2981 καὶ
1377 2932 1439 2984 at
1489 2929 1840 3001 ἐπαγγελίαι

257 3013 360 3065 καί
388 3014 450 3066 αι
482 3014 768 3083 λατρεῖαι,
809 3018 908 3072 καὶ
938 3021 1384 3090 περιφανέστατα
1408 3023 1646 3088 δεικνὺς,
1674 3023 1839 3079 πόθεν

254 3103 437 3160 ταῦτα
470 3109 563 3160 καὶ
591 3106 733 3172 τίνος
763 3110 997 3182 ἤρτηται
1026 3112 1313 3183 προνοίας·
1353 3114 1418 3167 '0
1441 3112 1527 3168 ὢν
1550 3114 1650 3169 ἐπὶ
1679 3113 1838 3170 πάν-

257 3213 381 3251 των
438 3196 583 3263 Θεὸς
634 3202 962 3271 εὐλογητὸς
1015 3206 1103 3271 εὶς
1153 3204 1296 3272 τοὺς
1343 3205 1586 3274 αἰῶνας.
1638 3206 1836 3279 Ἀμήν.

1944 2092 2106 2160 nixis,
2139 2094 2412 2163 quomodo
2434 2109 2543 2149 non
2580 2093 2811 2149 horrent
2837 2093 2925 2148 illa
2948 2093 3015 2148 ad
3045 2092 3243 2148 Malum
3292 2093 3532 2149 referre?

1943 2176 2086 2239 Alibi
2116 2184 2260 2240 idem
2290 2184 2564 2240 fervorem
2592 2184 2716 2240 ﬁdei
2740 2200 2876 2249 suae,
2909 2185 3260 2256 studiumque
3284 2185 3529 2239 omnium

1943 2278 2172 2335 salutem
2202 2278 2583 2348 promovendi,
2613 2278 3034 2343 continerenon
3065 2278 3274 2344 valens,
3306 2286 3401 2332 aut
3434 2293 3527 2334 re-

1943 2370 2181 2441 primere
2213 2369 2290 2433 id,
2325 2369 2391 2425 ad
2422 2370 2567 2440 quod
2599 2370 2778 2441 ipsum
2808 2370 3106 2426 vehemens
3131 2386 3286 2424 amor
3306 2384 3528 2441 permo-

1941 2463 2123 2526 vebat,
2154 2460 2398 2516 studium
2435 2461 2646 2516 scilicet
2680 2474 2875 2514 omnes
2905 2460 2974 2514 ad
3004 2459 3284 2514 Christum
3325 2461 3528 2530 perdu-

1941 2551 2123 2618 cendi,
2151 2551 2289 2605 elata
2315 2566 2449 2606 voce
2472 2551 2671 2605 clamat
2697 2567 2710 2604 :
2744 2549 2986 2619 Optarim
3010 2567 3102 2620 ego
3116 2551 3225 2618 ipse
3240 2551 3527 2605 anathema

1940 2661 2051 2700 esse
2076 2662 2108 2697 a
2130 2642 2338 2700 Christo
2366 2659 2461 2713 pro
2499 2643 2753 2714 fratribus
2784 2642 2912 2696 meis
2932 2681 2947 2707 ,
2985 2642 3113 2695 mihi
3138 2642 3276 2712 quod
3304 2643 3376 2695 ad
3407 2658 3530 2695 car-

1941 2753 2055 2792 nem
2076 2737 2331 2807 cognatis,
2368 2752 2590 2806 quorum
2615 2745 2735 2789 sunt
2761 2743 3096 2798 testamenta,
3121 2743 3169 2788 et
3187 2733 3454 2805 lcgislatio
3475 2742 3527 2787 et

1939 2829 2310 2898 promissiones
2336 2837 2381 2882 et
2413 2827 2590 2881 cultus
2618 2826 2686 2892 ⁸⁸,
2736 2826 2868 2892 Quae
2894 2826 3077 2881 omnia
3112 2826 3257 2880 unde
3281 2823 3526 2896 profecta

1940 2927 2051 2983 sint
2076 2936 2131 2981 et
2153 2941 2184 2980 a
2215 2926 2372 2994 cujus
2399 2938 2530 2979 cura
2558 2923 2854 2994 pendeant,
2887 2921 3190 2976 clarissime
3214 2920 3392 2987 docet,
3440 2919 3526 2973 in-

1938 3019 2132 3089 quiens
2158 3032 2176 3072 :
2211 3016 2314 3082 Qui
2338 3025 2411 3070 est
2442 3032 2601 3086 super
2638 3015 2817 3069 omnia
2845 3014 2986 3069 Deus
3016 3013 3314 3067 benedictus
3338 3013 3395 3065 in
3426 3027 3527 3066 sa:-

1939 3114 2081 3169 cula.
2114 3114 2281 3166 Amen
2316 3111 2383 3166 ".
2420 3111 2607 3180 Itaque
2628 3109 2746 3177 Dei,
2775 3124 2942 3177 super
2964 3106 3166 3163 'omnia
3191 3103 3525 3168 exsistentis,

1941 3215 2070 3262 sunt
2097 3213 2152 3260 et
2185 3205 2353 3277 leges,
2386 3210 2443 3258 et
2468 3203 2649 3259 cultus
2675 3210 2730 3258 et
2754 3199 3167 3273 promissiones,
3229 3198 3287 3252 in
3328 3196 3527 3267 quibus

261 3288 430 3343 Ὥστε
462 3290 557 3344 τοῦ
588 3292 682 3346 ἐπὶ
706 3293 925 3349 πάντων
947 3293 1082 3349 Θεοῦ
1108 3298 1204 3350 καὶ
1232 3299 1289 3352 αἱ
1314 3301 1627 3371 νομοθεσίαι
1660 3303 1754 3357 καὶ
1776 3304 1833 3358 al

1946 3310 2126 3373 patres
2154 3300 2480 3370 placuerunt
2517 3295 2649 3360 Deo,
2685 3304 2740 3351 et
2788 3311 2853 3350 ex
2882 3294 3107 3366 quibus,
3137 3290 3283 3363 quod
3320 3289 3389 3345 ad
3420 3289 3526 3343 hu-

257 3380 510 3452 λατρεῖαι
552 3386 645 3439 καὶ
674 3387 732 3439 αἱ
766 3388 1114 3457 ἐπαγγελίαι,
1142 3393 1201 3445 ὲν
1256 3387 1347 3457 αἷς
1391 3395 1442 3447 oi
1468 3394 1705 3468 πατέρες
1745 3399 1838 3453 εὐ-

257 3474 576 3547 ηρέστησαν
607 3477 746 3550 Θεῷ,
782 3481 876 3536 καὶ
906 3482 965 3548 ἐξ
989 3475 1063 3536 ὧν
1098 3484 1239 3540 κατὰ
1268 3484 1330 3539 τὸ
1356 3486 1697 3559 ἀνθρώπινον
1745 3490 1840 3545 ἀν-

258 3565 597 3639 εϐλάστησεν
634 3572 662 3624 ὁ
705 3573 959 3643 Χριστός.
990 3577 1100 3631 Καὶ
1130 3579 1190 3632 ἐν
1240 3579 1424 3644 ἄλλοις
1447 3581 1502 3635 δὲ
1533 3582 1689 3653 λόγον
1738 3586 1838 3657 μὲν

257 3658 608 3717 ἀδιάπτωτον
636 3664 730 3718 τοῦ
775 3665 910 3720 Θεοῦ
942 3667 1034 3721 τὸν
1087 3670 1386 3726 Μωσαῖκδν
1444 3674 1607 3744 νόμον
1638 3677 1834 3748 ὑμνεῖ·

263 3750 350 3803 Οὐ
370 3749 482 3819 γὰρ
504 3750 869 3822 ἐκπέπτωκε,
900 3756 1088 3827 φησὶν,
1111 3760 1144 3812 ὀ
1169 3758 1363 3828 λόγος
1382 3762 1489 3816 τοῦ
1509 3763 1678 3818 Θεοῦ.
1702 3764 1839 3836 Περὶ

257 3838 319 3892 δέ
340 3856 405 3909 γε
433 3842 527 3896 τοῦ
562 3843 755 3909 Ἰακὼό
780 3848 873 3901 καὶ
917 3847 1012 3901 τοῦ
1050 3848 1223 3904 Ἡσαῦ
1275 3851 1658 3923 διαλαμϐάνων
1700 3857 1834 3928 (60),

256 3933 341 4001 ὡς
369 3936 403 3988 ὀ
409 3933 625 4004 μείζων
645 3937 965 3995 δουλεύσει
983 3940 1062 4007 τῷ
1079 3942 1375 4011 ἐλάττονι,
1418 3947 1702 4017 μονονουχὶ
1745 3949 1839 4003 καὶ

256 4028 386 4092 τοὺς
413 4028 578 4083 πάλαι
593 4032 693 4098 τῆς
716 4032 925 4102 πλάνης
975 4035 1253 4107 ὑπηρέτας
1290 4038 1654 4109 ἐπιστομίζει.
1700 4043 1839 4113 Φησὶ

257 4118 373 4192 γάρ
395 4135 409 4150 ·
442 4121 537 4191 Μὴ
564 4123 791 4191 ,ἀδικία
844 4128 1006 4195 παρὰ
1036 4128 1116 4194 τῷ
1152 4129 1275 4195 Θεῷ
1298 4146 1317 4194 ;
1344 4129 1431 4200 μὴ
1469 4130 1719 4201 γένοιτο.
1753 4133 1838 4200 Τῷ

256 4213 373 4289 γὰρ
406 4216 610 4271 Μωσεῐ
627 4216 810 4287 λέγει·
843 4220 1129 4287 Ἐλεήσω.
1159 4222 1231 4277 ὃν
1278 4223 1355 4278 ἃν
1379 4222 1549 4292 ἐλεῶ,
1597 4226 1695 4279 καὶ
1750 4228 1834 4281 ol-

256 4306 576 4376 πειρήσω,
596 4307 669 4363 ὅν
685 4309 762 4364 ἂν
785 4312 1070 4380 οἰκτείρω.
1099 4314 1209 4368 Καὶ
1253 4314 1341 4368 ἵνα
1373 4316 1448 4387 μὴ
1480 4317 1609 4389 δόξῃ
1650 4335 1738 4381 τις
1777 4317 1837 4383 ἐξ

256 4398 478 4453 οἰκείων
507 4401 685 4454 πόνων
715 4403 811 4456 καί¹
846 4403 1086 4473 ἱδρώτων
1121 4407 1290 4477 χωρὶς
1315 4407 1416 4477 τῆς
1460 4408 1668 4464 ἄνωθεν
1712 4429 1838 4466 συν-

257 4490 483 4563 εργείας
506 4490 568 4545 τὸ
597 4495 704 4548 πᾶν
739 4495 978 4548 ἐκτελεῖν
1009 4496 1118 4549 τῶν
1154 4498 1626 4569 κατορθωμάτων,
1661 4507 1837 4558 συνεί-

260 4598 343 4652 ρει
358 4597 374 4613 ⁸
397 4583 535 4654 Ἄρα
552 4580 684 4649 οὖν,
699 4585 771 4643 ὃν
791 4585 970 4648 θέλει,
983 4587 1156 4653 ἐλεεῖ,
1175 4590 1248 4645 ὃν
1268 4590 1449 4656 θέλει,
1477 4597 1831 4663 σκληρύνει.

1939 3393 2281 3458 inanitatem,
2323 3399 2478 3446 ortus
2507 3398 2590 3445 est
2612 3388 2886 3444 Christus.
2913 3385 3058 3441 Alibi
3098 3383 3391 3440 Mosaicam
3444 3381 3525 3435 le-

1940 3497 2061 3555 gem
2077 3490 2138 3536 ut
2164 3482 2389 3538 verbum
2408 3479 2501 3534 Dei
2516 3494 2626 3533 non
2652 3479 2865 3533 irritum
2883 3476 3146 3531 celebrat.
3166 3474 3346 3545 Neque
3363 3471 3524 3536 enim,

1940 3574 2141 3646 inquit,
2181 3574 2367 3627 cecidit
2395 3572 2606 3626 verbum
2639 3571 2753 3625 Dei.
2788 3568 2934 3624 Idem
2976 3566 3181 3638 aliquid
3222 3565 3291 3619 de
3319 3562 3526 3618 Jacobo

1939 3676 1994 3721 et
2018 3667 2198 3721 Esauo
2213 3680 2510 3736 occupans,
2543 3671 2681 3737 quod
2712 3665 2908 3718 scilicet
2940 3662 3117 3732 major
3159 3661 3381 3715 serviret
3421 3656 3525 3713 mi-

1940 3760 2077 3825 nori,
2113 3757 2313 3814 erroris
2352 3756 2705 3813 administros
2729 3766 2838 3811 tam
2875 3764 3111 3819 veteres,
3143 3767 3308 3825 quam
3330 3766 3525 3806 recens

1938 3858 2179 3912 exortes,
2209 3848 2475 3903 confutat.
2505 3847 2597 3904 Ait
2619 3849 2799 3904 enim:
2823 3848 2961 3903 Num
2993 3845 3258 3917 injustitia
3283 3851 3358 3898 est
3379 3840 3523 3911 apud

1943 3943 2149 3996 Deum!
2190 3941 2378 3995 Absit!
2408 3941 2539 3996 Mosi
2572 3942 2708 3996 enim
2740 3941 2911 4012 inquit
2960 3956 2978 3995 :
3037 3936 3335 3999 Miserebor,
3367 3932 3524 4003 cujus

1941 4034 2242 4099 miserebor,
2265 4043 2313 4087 et
2337 4035 2559 4090 clemens
2581 4050 2689 4098 ero,
2710 4032 2794 4086 cui
2812 4032 3033 4085 clemens
3055 4046 3141 4084 ero
3156 4029 3221 4086 ⁵ο.
3241 4028 3388 4082 Etne
3404 4025 3526 4096 quis

1938 4131 2193 4202 opinetur
2214 4146 2273 4186 se
2308 4144 2407 4185 suo
2428 4128 2613 4182 labore
2643 4133 2698 4180 et
2727 4123 2931 4178 sudore
2965 4121 3085 4177 sine
3115 4120 3300 4176 divino
3323 4117 3525 4172 auxilio

1938 4230 2207 4292 przecepta
2234 4221 2417 4277 omnia
2444 4218 2709 4291 perlicere
2733 4231 2917 4287 posse,
2953 4212 3233 4284 subjungit
3268 4229 3283 4267 :
3314 4210 3524 4280 Itaque,

1937 4315 2089 4384 cujus
2118 4313 2252 4380 vult,
2289 4314 2584 4375 miseretur,
2602 4318 2649 4365 et
2680 4326 2833 4380 quem
2861 4306 2990 4373 vult,
3022 4305 3238 4359 indurat
3265 4304 3333 4357 ⁸¹.
3365 4301 3525 4356 Eum-

1938 4406 2064 4462 dem
2094 4406 2279 4476 itaque
2308 4405 2477 4459 Deum
2512 4401 2823 4465 celebrans,
2876 4407 3134 4467 tanquam
3184 4394 3277 4465 qui
3311 4392 3527 4448 miseri-

1937 4500 2139 4556 cordia:
2166 4498 2223 4553 in
2253 4498 2376 4554 illos
2394 4496 2487 4567 qui
2511 4494 2689 4566 ipsum
2735 4490 3048 4562 respiciant,
3099 4487 3221 4543 fons
3276 4486 3522 4551 exsistat,

1938 4594 2301 4665 superborum
2343 4605 2474 4645 vero
2518 4594 2575 4643 et
2629 4586 2897 4640 elatorum
2938 4581 3140 4635 fastum
3178 4593 3243 4637 ac
3271 4576 3523 4647 superci-

257 4674 365 4728 Τὸν
394 4676 560 4730 αὑτὸν
596 4676 730 4732 Θεὸν
756 4680 853 4737 καὶ
878 4680 972 4736 τοῦ
999 4683 1182 4748 ἐλέους
1216 4686 1329 4749 τοῖς
1351 4686 1488 4752 πρὸς
1502 4655 1663 4741 αὐτὸν
1690 4689 1831 4760 ὁρῶ-

1941 4686 2070 4740 lium
2129 4683 2399 4753 deprimat
2453 4691 2507 4736 at
2565 4687 2848 4741 coerceat;
2921 4672 3210 4734 eumdem,
3272 4668 3518 4760 inquam,

256 4782 343 4826 σιν
364 4766 681 4839 ὑπάρχοντα
713 4772 920 4845 πηγὴν,
951 4774 1171 4829 καὶτῶν
1190 4777 1272 4841 είς
1307 4777 1483 4849 ὀφρὺν
1505 4778 1832 4850 ἐπηρμένων

253 4855 621 4928 διελέγχοντα,
669 4862 764 4917 καὶ
791 4863 1225 4931 καταδάλλοντα,
1276 4865 1337 4919 τὸ
1382 4866 1700 4931 ἀλαζονικὸν
1740 4870 1834 4922 καὶ

255 4948 493 5022 σκληρόν
521 4968 537 4983 ·
572 4953 663 5007 τὸν
689 4955 854 5010 αὑτὸν
878 4956 934 5011 δὲ
964 4956 1120 5026 Θεὸν,
1145 4959 1205 5023 ὃς
1230 4961 1346 5014 ἐστι
1378 4960 1567 5031 [ἰατὴρ
1601 4961 1695 5015 τοῦ
1716 4963 1831 5015 Κυ-

254 5041 375 5113 ρίου
397 5044 554 5113 ἡμῶν
599 5047 774 5119 Ἰησοῦ
792 5050 1029 5121 Χριστοῦ
1060 5052 1448 5124 φιλάνθρωπον
1497 5054 1593 5109 καὶ
1627 5054 1833 5123 ἀγαθὸν

253 5133 532 5206 ἁνυμνῶν,
553 5138 651 5194 καὶ
678 5142 995 5215 πειθαρχεῖν
1036 5145 1136 5217 μὲν
1159 5146 1311 5218 αὖτῷ
1361 5147 1591 5215 πάντας,
1631 5147 1836 5220 μηδένα

251 5225 310 5285 δὲ
340 5228 839 5295 κατεξανίστασθαι
866 5236 956 5292 διὰ
989 5237 1099 5292 τῶν
1134 5238 1351 5295 οἴκοθεν
1395 5240 1675 5311 λογισμῶν
1730 5243 1832 5315 τῆς

251 5319 564 5408 emptam
583 5326 715 5380 κυὸε
724 5328 966 5399 ρνήσεως
982 5330 1148 5387 αὐτοῦ
1160 5332 1418 5407 ἐπιφέρει
1436 5351 1451 5366 ·
1472 5335 1717 5391 Μενοῦν
1735 5353 1823 5408 γε,

1929 4775 2124 4839 Deum,
2180 4773 2273 4844 qui
2316 4780 2401 4827 est
2461 4771 2621 4826 Pater
2660 4766 2876 4822 Domini
2914 4762 3090 4818 nostri
3118 4760 3252 4816 Jesu
3288 4756 3517 4815 Christi,

1929 4874 2205 4923 amantem
2236 4864 2522 4921 hominum
2547 4873 2602 4918 et
2622 4862 2827 4917 bonum
2846 4857 3155 4918 celebrans,
3189 4863 3514 4918 omnesque,

1930 4969 1991 5016 ut
2016 4958 2119 5031 ipsi
2150 4957 2436 5021 obediant,
2498 4954 2680 5009 nullus
2711 4966 2840 5007 vero
2895 4948 3137 5011 resistat,
3184 4938 3517 5014 argumentis

1935 5051 2255 5109 domesticis
2301 5058 2357 5105 et
2411 5064 2478 5104 ex
2527 5043 2843 5101 abscondita
2887 5052 3072 5095 rerum
3116 5031 3517 5108 gubernatione

1882 5141 1884 5143 ί
1938 5146 2118 5202 ductis
2137 5145 2555 5206 cxhortaturus,
2588 5134 2870 5207 subiungit
2902 5150 2916 5187 :
2955 5130 3257 5194 Enimvero,
3289 5143 3318 5181 ο
3340 5127 3515 5191 Ιιοηιο,

1930 5244 2047 5316 quis
2080 5252 2137 5296 tu
2170 5258 2222 5296 es
2250 5238 2565 5309 respondens
2591 5233 2699 5288 Deo
2723 5230 2811 5283 "1'
2858 5227 3107 5296 Cumque
3140 5231 3331 5316 postea
3363 5234 3517 5275 eum-

1928 5312 2052 5392 dem
2082 5334 2228 5391 clare
2247 5331 2603 5388 Conditorem
2622 5322 3019 5385 renuntiasset,
3042 5332 3146 5374 nec
3162 5312 3514 5371 Conditorem

247 5399 298 5472 ὦ
329 5408 624 5482 ἇνθρωπε,
661 5416 744 5471 σὺ
796 5419 886 5487 τίς
912 5416 975 5477 εἴ
1027 5424 1063 5477 ὁ
1120 5399 1827 5498 ἀνταποκρινόμενος

1941 5427 2125 5493 solum,
2161 5424 2258 5481 sed
2289 5432 2345 5480 ει
2363 5421 2603 5494 iudicem
2625 5414 2960 5478 absolutum,
2992 5420 3049 5467 et
3096 5407 3190 5483 qui
3222 5404 3516 5476 unicuique

324 5567 369 5606 "-
395 5566 557 5623 Rom.
597 5585 712 5637 vm,
739 5572 791 5628 4.
870 5572 917 5606 ⁸³
951 5574 1110 5632 Rom.
1142 5593 1220 5646 rx,
1244 5579 1300 5646 3,
1374 5580 1419 5614 “
1446 5581 1578 5637 ibid.
1610 5583 1665 5639 5.
1739 5584 1786 5616 ⁸⁸
1823 5583 1838 5639 i

1942 5621 1957 5638 .
1993 5582 2081 5638 15.
2158 5580 2201 5613 ⁸⁸
2232 5578 2367 5635 ibid.
2406 5576 2493 5634 18.
2568 5576 2614 5609 ⁸³
2641 5570 2774 5630 ibid.
2806 5570 2901 5628 20.

1332 5756 1567 5813 VARIA‘J
1604 5756 1991 5815 LECTIONES
2052 5756 2138 5811 ET
2180 5753 2414 5812 NOTAE.

248 5836 433 5968 c592?!)
446 5838 901 5966 ἀξῖαθοεθδοῧς·
924 5841 1003 5900 ιω
1032 5844 1152 5916 ιεεο
1177 5861 1279 5917 pro
1304 5847 1657 5919 ἀγαθοειδῶς,
1678 5851 1823 5920 quod

326 5978 438 6051 (60)
483 5982 931 6057 Διαλαμϐιίνων,
967 6004 1245 6065 occupans.
1275 5990 1493 6050 Scilicet
1538 5991 1813 6066 exceptio-

1936 5865 2083 5915 nem,
2109 5864 2230 5920 qua:
2260 5847 2376 5902 ﬁeri
2410 5853 2643 5918 poterat.
2678 5838 3011 5920 Hanc_enim
3043 5835 3193 5920 verbi
3216 5832 3379 5920 istius
3403 5833 3510 5920 hoc

1930 5904 2374 5975 loco'n'otionem
2408 5904 2530 5973 esse
2567 5928 2789 5970 censeo.
2815 5911 3020 5966 Confer
3079 5904 3353 5964 Lamberti
3403 5904 3507 5961 Dos

1927 5990 2416 6046 Animadversiones
2435 5988 2505 6042 ad
2528 5985 2823 6054 Scriptores
2852 5982 3079 6045 (ἔνατος,
3117 5992 3171 6051 p.
3202 5977 3291 6033 86.
