4022 6380
578 396 681 464 159

1709 406 1973 467 ΡΙΙΟΤΙΙ
2020 404 2527 467 PATRIABCILE
2563 404 2674 467 (ΖΡ.

3750 372 3865 453 160

574 516 651 583 id,
690 513 837 585 quod
876 513 1139 585 judicium
1170 516 1349 584 aliert,
1400 517 1642 590 irrogare
1671 520 1866 589 possit,
1914 518 2166 574 eumdem

2288 516 2437 583 ἓεῷς
2470 514 2604 571 Εἶτα
2638 516 2827 569 τοῦτον
2872 514 3115 585 πλάστην
3166 513 3434 583 λαμπρῶς
3486 509 3859 580 evung.

578 607 655 661 ait
684 606 760 659 ira
786 606 916 660 ferri
950 606 1003 660 in
1030 622 1177 673 vasa,
1213 608 1267 662 in
1299 609 1525 664 exilium
1550 620 1758 680 parata,
1798 610 2015 666 divitias
2060 626 2161 665 au-

582 708 689 751 tem
712 698 894 768 gloria:
946 714 1059 753 sure
1090 699 1313 771 largiter
1350 701 1633 770 impertire
1676 702 1785 756 illis
1827 703 1919 772 qui
1949 702 2166 758 miseri-

579 790 767 844 cordia
795 805 895 844 sua
920 789 1066 861 digni
1096 789 1225 845 sint.
1256 792 1433 861 Atque
1465 793 1627 863 hujus
1655 794 1819 848 etiam
1853 810 1962 848 non
1993 793 2165 865 parti-

580 882 731 951 cipes
756 881 928 936 factos
950 897 1071 935 esse
1100 882 1338 947 nuntiat,
1366 892 1701 953 prmparatos
1728 885 1939 940 scilicet
1963 894 2017 940 et
2041 895 2167 941 ante

581 981 801 1027 vocatos
814 972 879 1025 ad
899 972 1209 1026 lruitionem
1230 973 1522 1040 bonorum,
1538 982 1793 1045 tanquam
1812 976 1903 1046 qui
1930 977 2170 1032 credide-

585 1063 693 1117 rint
713 1063 767 1116 in
788 1062 1073 1117 Dominum
1094 1064 1545 1137 nostrumJesum
1567 1066 2016 1122 Christum.Alibi
2036 1084 2167 1124 vero

584 1154 782 1213 iterum
808 1155 1079 1222 scribens,
1094 1157 1240 1226 quod
1262 1173 1453 1213 verum
1474 1159 1642 1213 Deum
1663 1161 1847 1231 gratiae
1862 1176 1973 1215 sua:
1990 1160 2169 1230 paeni-

584 1254 698 1299 tere
716 1261 822 1303 non
843 1247 1035 1316 possit,
1055 1256 1111 1302 et
1134 1249 1279 1317 quod
1302 1249 1422 1319 ejus
1448 1249 1616 1305 fuerit
1638 1252 1873 1321 populus
1909 1252 2170 1308 israeliti-

584 1350 702 1400 cus,
725 1346 780 1390 et
796 1337 903 1401 les,
926 1346 1294 1408 etpraecepta,
1326 1349 1383 1395 et
1416 1341 1559 1411 quod
1597 1357 1705 1397 non
1740 1357 1933 1398 omnes
1946 1352 2173 1414 propter

586 1428 1071 1497 transgressionem
1099 1445 1129 1483 a
1150 1430 1383 1485 ﬁliorum
1402 1432 1527 1501 jure
1556 1434 1866 1498 removerit,
1891 1432 1968 1488 ait
1993 1433 2170 1489 :Num

586 1520 776 1586 repulit
817 1521 954 1576 Deus
984 1522 1236 1591 populum
1260 1541 1434 1585 suum,
1472 1542 1625 1597 quem
1662 1528 2009 1597 prmcognovit
2041 1526 2163 1580 "“?

585 1610 1055 1683 l’erspicuumque
1086 1613 1313 1682 faciens,
1335 1632 1496 1685 quem
1532 1617 1705 1671 Deum
1754 1618 1919 1681 dicat.
1946 1629 2001 1673 et
2023 1621 2170 1675 unde

591 1701 725 1756 lides
755 1702 848 1758 ﬁat
878 1706 1025 1775 quod
1053 1706 1315 1776 populum
1343 1722 1500 1761 suum
1532 1724 1641 1762 non
1676 1710 1956 1780 repulerit,
1979 1712 2167 1767 addit:

2265 610 2360 662 καὶ
2395 612 2456 663 οὐ
2488 610 2735 680 πλάστην
2754 608 2934 680 μόνον,
2951 606 3085 661 ἀλλὰ
3109 605 3206 662 καὶ
3238 605 3432 677 κριτὴν
3468 602 3865 669 αὐτεξούσιον,

2267 704 2361 757 καὶ
2388 701 2483 755 τοῦ
2512 701 2786 771 διανέμειν
2815 700 3032 769 ἑκάστῳ
3056 698 3193 769 (61),
3226 697 3293 751 ἂν
3325 696 3359 767 ἡ
3388 695 3577 766 κρίσις
3621 696 3863 764 ῆνεγκε,

2265 791 2554 862 δεσπότην,
2580 793 2679 860 τὴν
2712 790 2811 861 μὲν
2842 789 3011 861 ὀργὴν
3038 789 3223 859 φέρειν
3261 787 3599 852 ἐκδιδάσκει,
3650 786 3751 839 ἐπὶ
3794 788 3868 840 τὰ

2270 885 2440 956 σκεύη
2462 885 2529 938 τά
2556 884 2968 956 κατηρτισμένα
2994 884 3073 945 είς
3104 880 3381 936 ἀπώλειαν
3399 894 3415 911 ⁸
3444 879 3538 932 τὸν
3591 880 3650 932 δὲ
3690 878 3870 931 πλοῦο

2268 997 2361 1031 τον
2389 979 2488 1048 τῆς
2513 978 2671 1047 δόξης
2698 976 2865 1031 αὑτοῦ
2892 978 3005 1039 τοῖς
3034 974 3129 1028 τοῦ
3156 974 3342 1037 ἐλέους
3359 970 3867 1041 ἐπιδαψιλεύεσθαι

2271 1073 2461 1139 namq.
2494 1066 2569 1126 υἷι
2594 1071 2688 1124 καὶ
2710 1072 2855 1143 ἡμᾶς
2906 1067 3171 1138 μετόχους
3229 1062 3650 1133 εὐαγγελίζεται
3704 1059 3863 1114 εῖναι

2272 1165 2367 1220 ἆτε
2399 1164 2466 1235 δὴ
2494 1161 3043 1235 προητοιμασμένους
3092 1159 3188 1212 καὶ
3230 1154 3719 1229 προκεκλημένους
3782 1154 3871 1215 εἰς

2271 1258 2370 1329 τὴν
2401 1258 2705 1311 ἀπόλαυσιν
2736 1254 2846 1308 τῶν
2869 1252 3113 1322 ἀγαθῶν,
3136 1253 3265 1315 τοὺς
3297 1249 3744 1310 πεπιστευκότας
3783 1246 3872 1307 είς

2271 1350 2361 1403 τὸν
2403 1348 2626 1420 Κύριον.
2658 1347 2816 1418 ἡμῶν
2866 1343 3077 1417 Ἰησοῦν
3118 1341 3375 1415 Χριστόν.
3431 1340 3521 1394 Ἔν
3558 1338 3747 1401 ἄλλοις
3810 1336 3873 1388 δὲ

2272 1438 2433 1492 πάλιν
2456 1436 2877 1508 ἀμεταμέλητον
2908 1434 3067 1506 χάριν
3097 1431 3431 1503 ἀναγράφων
3461 1428 3560 1483 τοῦ
3586 1424 3867 1498 ἀληθινοῦ

2270 1529 2427 1595 Θεοῦ,
2453 1529 2545 1583 καὶ
2567 1528 2648 1581 ὃτι
2683 1527 2893 1580 ἐκείνου
2928 1523 2997 1598 ἦν
3025 1526 3054 1578 ὁ
3098 1523 3442 1598 Ἰσραηλίτης
3483 1521 3639 1586 λαὺς,
3687 1519 3791 1572 καὶ
3834 1517 3870 1585 ἠ

2272 1620 2583 1692 νομοθεσία,
2623 1618 2811 1673 καὶτὰ
2849 1617 3269 1689 προστάγματα,
3319 1614 3415 1668 καὶ
3456 1614 3540 1667 ὅτι
3596 1610 3674 1681 μὴ
3719 1608 3869 1662 πάν-

2268 1731 2359 1777 τες
2396 1712 2485 1765 διὰ
2544 1712 2641 1783 τὴν
2683 1711 2840 1764 ἐνίων
2903 1708 3213 1780 παράϐασιν
3266 1706 3365 1775 τῆς
3427 1698 3705 1762 υἱοθεσίας
3778 1698 3873 1762 ἐξ·

590 1791 735 1848 Nam
775 1805 823 1849 et
849 1796 959 1865 ipse
994 1814 1087 1869 ego
1122 1796 1342 1851 Iraelita
1362 1816 1577 1863 sum,ex
1597 1801 1794 1855 semine
1820 1802 2097 1869 Abraami,
2124 1812 2171 1857 et

2288 1802 2530 1874 ικήρυξε,
2557 1801 2719 1873 φησίν
2741 1817 2755 1831 ο
2784 1800 2880 1868 Μὴ
2915 1798 3198 1856 ἀπώσατο
3220 1800 3253 1851 ὀ
3272 1795 3413 1861 Θεὸς
3441 1795 3551 1847 τὸν
3571 1790 3730 1847 λαὸν
3750 1789 3869 1840 αὑ-

591 1886 730 1939 tribu
759 1886 1087 1959 Bcnjaminis
1106 1892 1173 1946 ⁸³.
1208 1890 1393 1961 Itaque
1414 1893 1506 1963 qui
1543 1909 1651 1949 non
1686 1896 1886 1965 repulit
1915 1894 2161 1963 Paulum,

590 1978 682 2031 sed
709 1994 835 2034 eum
887 1982 1103 2037 vocavit
1154 1982 1210 2037 iu
1280 1984 1624 2050 electionem,
1652 1986 1793 2041 idem
1832 1997 1937 2051 est,
1966 1988 2061 2059 qui
2114 1999 2169 2045 et

592 2067 864 2134 lsraeicm.
900 2073 1158 2145 populum
1186 2091 1369 2141 suum,
1400 2077 1455 2132 in
1501 2078 1644 2133 idem
1684 2079 1889 2150 posuit,
1932 2097 2170 2153 eumque

590 2174 701 2215 non
726 2162 941 2231 repulit,
972 2165 1067 2220 scd
1105 2180 1204 2235 per
1231 2166 1391 2221 ﬁdem
1443 2166 1498 2221 in
1530 2167 1811 2224 Christum
1853 2170 2097 2240 perfecit.

2275 1896 2404 1962 τοῦ,
2430 1894 2503 1949 ὃν
2533 1892 2837 1963 προέγνω;
2872 1891 2981 1944 Καὶ
3026 1889 3239 1951 δεικνὺς
3268 1884 3518 1959 ἐναργῶς
3560 1882 3689 1936 τίνα
3730 1878 3871 1933 Θεδν

2278 1986 2449 2055 λέγει,
2477 1989 2569 2039 καὶ
2596 1984 2760 2039 πόθεν
2778 1986 2811 2054 ἡ
2837 1985 3043 2048 πίστις,
3062 1982 3143 2035 ὅτι
3166 1980 3259 2034 τὸν
3284 1978 3413 2032 λαὸν
3443 1973 3615 2031 αὑτοῦ
3656 1972 3739 2044 μὴ
3762 1972 3875 2023 ἁπ-

2279 2076 2477 2130 ὠσατο.
2510 2075 2620 2130 Καὶ
2668 2074 2777 2145 γὰρ
2823 2073 2960 2144 ἐγὼ,
2997 2070 3578 2142 φησὶν,ἰσραηλίτης
3631 2064 3751 2133 ειμι
3800 2061 3873 2114 ἐκ

2281 2168 2626 2239 σπέρματος
2663 2166 2940 2236 Ἀϐραὰμ,
2963 2163 3167 2236 φυλῆς
3187 2162 3491 2232 Βενιαμίν.
3544 2160 3712 2210 Ὥστε
3734 2157 3763 2209 ὁ
3792 2152 3874 2225 μὴ

591 2252 954 2324 ἀπωσάμενος
982 2258 1213 2324 Παῦλον,
1249 2258 1384 2314 ἀλλὰ
1414 2260 1651 2325 καλέσας
1673 2261 1851 2328 ⁸αὑτὸν
1888 2264 1970 2327 είς
2011 2265 2262 2337 ἐκλογὴν,
2297 2257 2453 2326 οὗτός
2476 2262 2625 2314 ἐστιν
2661 2259 2801 2313 ὁκαὶ
2832 2259 2951 2327 λιτὸν
3024 2255 3242 2326 Ἰσραὴλ
3298 2249 3655 2321 λαδνξαὺτοῦ
3697 2249 3871 2321 θέμε-

592 2361 702 2409 νος.
731 2346 826 2398 καὶ
872 2347 948 2419 μὴ
979 2349 1343 2421 ἀπωσάμενος
1379 2346 1588 2420 τοῦτον,
1621 2352 1757 2407 ἀλλὰ
1804 2354 1892 2409 διὰ
1932 2357 2031 2427 τῆς
2085 2360 2323 2422 πίστεως
2366 2356 2466 2426 τῆς
2498 2355 2578 2417 εἰς
2608 2352 2842 2423 Χριστὸν
2857 2350 3150 2413 τελειώσας
3183 2347 3401 2412 αὐτούς.

666 2434 782 2491 Χν.
812 2437 950 2492 Alibi
988 2440 1232 2510 ejusdem
1261 2442 1357 2497 Dei
1400 2452 1455 2498 et
1492 2452 1649 2500 vetus
1678 2454 1732 2499 et
1762 2461 1963 2501 novum
2013 2456 2179 2504 testa-

595 2536 837 2583 mentum
870 2544 989 2584 esse
1010 2532 1375 2601 proclamans.
1409 2534 1484 2589 ita
1545 2544 1607 2593 ut
1647 2534 1753 2591 hoc
1787 2545 2048 2608 lanquam
2108 2556 2174 2597 ex

595 2618 739 2675 illius
765 2620 946 2676 radice
977 2625 1413 2693 progerminarit,
1446 2636 1749 2699 utrumque
1778 2646 1909 2686 vero
1965 2632 2175 2687 sancti-

2349 2450 2448 2503 IE'.
2484 2447 2652 2501 Πάλιν
2688 2445 2747 2499 δὲ
2792 2442 2886 2497 τοῦ
2921 2444 3041 2506 ἐνὸς
3070 2440 3206 2495 Θεοῦ
3249 2440 3350 2511 τήν
3376 2455 3436 2492 τε
3492 2435 3744 2491 Παλαιὰν
3775 2430 3867 2487 καὶ

2273 2541 2373 2612 τὴν
2403 2538 2610 2610 Καινὴν
2640 2534 3055 2608 ἀνακηρύττων,
3086 2533 3181 2587 καὶ
3230 2531 3308 2595 ὡς
3358 2532 3423 2585 ὲκ
3457 2528 3618 2601 ῥίζης
3648 2526 3871 2595 ἐκείνης

2271 2632 2473 2703 ταύτην
2496 2630 2777 2705 προελθεῖν
2814 2628 2911 2682 καὶ
2928 2627 3217 2695 ἁγιότητος
3239 2624 3517 2695 ἑκατέραν
3544 2622 3871 2691 μετασχεῖν,

598 2709 720 2763 tatis
737 2709 808 2764 sit
834 2710 1121 2781 particeps,
1149 2713 1226 2768 ait
1254 2712 1341 2769 :Si
1362 2731 1482 2770 vero
1501 2718 1753 2788 primitite
1770 2729 1992 2785 sancta',
2015 2722 2177 2775 etiam

2288 2720 2417 2775 ι’ύτω
2442 2720 2608 2790 φησίν
2627 2731 2642 2747 ⁸
2666 2722 2733 2773 El
2755 2719 2821 2772 δὲ
2844 2718 2881 2785 vi
2904 2715 3147 2787 ἀπαρχὴ
3172 2714 3334 2785 ἁγία,
3362 2715 3464 2771 καί
3500 2713 3569 2767 τὸ
3599 2712 3871 2782 φύραμα·

596 2812 771 2851 massa
795 2798 893 2851 erit
921 2815 935 2851 :
967 2808 1015 2852 et
1037 2800 1083 2854 si
1112 2802 1269 2856 radix
1312 2813 1523 2870 sancta,
1554 2807 1716 2861 etiam
1781 2810 1920 2862 rami
1949 2809 2017 2862 ⁸⁵.
2052 2809 2119 2864 Et
2160 2827 2174 2864 :

596 2885 717 2940 Non
741 2896 797 2940 tu
818 2889 1049 2943 radicem
1077 2891 1308 2960 fers,sed
1330 2895 1487 2948 radix
1508 2904 1556 2949 te
1573 2898 1639 2964 '5;
1661 2897 1789 2952 item
1812 2917 1824 2951 :
1844 2897 1903 2955 Si
1927 2899 2064 2955 Deus
2088 2918 2178 2953 ra—

598 2977 718 3042 mis,
742 2986 937 3031 natura
988 2981 1205 3048 talibus,
1232 3000 1335 3038 non
1371 2988 1601 3057 pepercit
1639 2989 1981 3056 (ceciderunt
2033 2991 2180 3047 enim

598 3068 842 3125 membra
879 3068 1050 3126 Deum
1083 3077 1409 3131 tentantium
1435 3078 1489 3132 in
1518 3080 1758 3145 deserto,
1800 3091 1855 3136 et
1890 3098 2013 3137 reos
2072 3083 2180 3138 cri.

2281 2815 2378 2869 κιιί
2407 2816 2461 2867 εί
2488 2812 2673 2881 ἠρίζα
2690 2812 2848 2882 ἁγία,
2877 2810 2977 2864 καί
3002 2813 3057 2865 ol
3079 2808 3292 2863 κλάδοι
3316 2823 3330 2837 ·
3363 2808 3459 2862 καί
3480 2822 3497 2838 ο
3526 2808 3612 2860 Οὐ
3639 2802 3728 2858 σὺ
3758 2801 3877 2869 τὴν

2274 2904 2447 2977 ῥίζαν
2468 2902 2817 2970 βαστάζεις,
2852 2902 2990 2958 ἀλλ’
3017 2902 3054 2970 ἡ
3078 2898 3211 2970 ῥίζα
3243 2898 3319 2953 σέ
3338 2915 3352 2929 ·
3389 2897 3484 2952 καί
3508 2914 3521 2927 ·
3550 2898 3624 2949 El
3654 2898 3688 2949 ό
3728 2895 3876 2959 Θεὸς

2284 2998 2403 3054 τῶν
2464 2997 2615 3052 κατὰ
2663 2997 2853 3066 φύσιν
2885 2993 3126 3049 κλάδων
3173 2996 3287 3048 οὐκ
3324 2992 3614 3063 ἐφείσατο
3671 2989 3878 3059 (ἔπεσε

2285 3093 2394 3161 γάρ
2421 3089 2532 3144 τῶν
2568 3086 3115 3159 ἐκπειρασάνταλνστὰ
3147 3084 3296 3138 κῶλα
3330 3085 3388 3136 ὲν
3410 3084 3479 3153 τῇ
3516 3082 3741 3153 ἐρήμῳ,
3781 3078 3879 3129 καὶ

599 3160 763 3215 minis
793 3161 976 3217 multa:
1008 3177 1402 3235 oppresserunt
1425 3171 1645 3241 preme),
1684 3189 1810 3226 cave
1832 3190 1895 3227 ne
1921 3173 2061 3229 idem
2086 3192 2179 3229 nec

2288 3148 2453 3235 πολλὰ
2484 3179 2618 3234 ἄλλα
2662 3148 2895 3250 μετῆλθε
2925 3148 3073 3247 πάθή
3114 3177 3243 3238 τοὺς
3276 3148 3564 3233 ὑπαιτίους
3583 3148 3641 3242 ),
3659 3148 3879 3240 μήπως

602 3252 696 3307 tibi
746 3268 953 3325 parcat,
1004 3273 1172 3326 seque
1208 3274 1314 3313 non
1350 3259 1519 3315 alium
1550 3260 1669 3326 tibi,
1721 3261 1888 3316 alium
1922 3263 2048 3331 illis,
2081 3264 2179 3320 sed

600 3349 852 3403 eumdem
888 3365 1136 3421 prorsus,
1163 3351 1431 3408 exhibeat.
1461 3350 1528 3406 Et
1554 3351 1789 3408 iterum:
1832 3352 1960 3409 Vide
2002 3356 2182 3426 itaque

602 3441 977 3514 benignitatem
1014 3454 1062 3499 et
1085 3446 1417 3500 severitatem
1439 3446 1461 3499 ί
1488 3444 1659 3516 Cujus
1689 3448 1908 3502 autem?
1935 3448 2140 3503 Christi
2165 3488 2181 3514 ,

603 3534 935 3588 severitatem
966 3536 1176 3607 quidem
1226 3536 1281 3589 in
1324 3536 1519 3606 lapsos,
1551 3539 1606 3592 in
1651 3548 1699 3592 te
1721 3556 1840 3594 vero
1886 3539 2185 3609 benignita-

604 3635 707 3681 tem
727 3628 794 3681 ⁸⁸.
820 3628 959 3697 Quid
978 3645 1106 3685 vero
1132 3630 1233 3685 sibi
1263 3630 1455 3685 volunt
1475 3631 1751 3700 primitiae,
1781 3641 1837 3687 et
1899 3648 2099 3698 massa,
2133 3640 2189 3688 et

606 3720 784 3787 radix,
820 3732 878 3778 et
926 3723 1085 3789 rami,
1114 3733 1169 3779 et
1220 3733 1415 3794 sponte
1472 3723 1607 3790 nati,
1637 3732 1692 3779 et
1728 3739 1827 3796 per
1868 3723 2186 3780 insitionem

605 3813 764 3879 tales,
803 3815 913 3870 nisi
966 3815 1113 3885 quod
1163 3816 1602 3871 convenientiam
1655 3826 1711 3871 et
1752 3816 2094 3882 aliinitatem,
2135 3823 2192 3872 ct

607 3904 875 3974 originem
918 3905 989 3960 ab
1023 3905 1216 3961 eodem
1248 3906 1559 3976 legislature
1588 3907 1967 3973 derivandam,
2003 3908 2193 3964 claris-

608 3996 749 4051 sima
780 4011 913 4052 voce
940 3996 1259 4053 inculcant?
1280 3999 1375 4052 Ait
1394 4014 1525 4055 vero
1554 3998 1753 4054 iterum
1773 4000 1841 4055 de
1875 4000 1982 4055 illis
2019 4001 2195 4056 israe—

608 4087 740 4151 litis,
773 4087 863 4156 qui
922 4088 991 4143 ad
1049 4088 1254 4145 Christi
1309 4090 1470 4145 ﬁdem
1528 4092 1774 4147 nondum
1808 4093 2193 4149 accesserint:

612 4176 913 4233 Secundum
938 4179 1287 4251 Evangelium
1326 4182 1542 4253 quidem
1586 4183 1790 4237 inimici
1817 4193 1939 4238 sunt
1981 4193 2198 4253 propter

612 4284 727 4334 nos,
738 4271 1023 4324 secundum
1038 4270 1342 4325 electionem
1357 4288 1478 4326 vero
1499 4272 1675 4326 dilecti
1693 4283 1906 4343 propter
1936 4284 2113 4345 patres
2129 4275 2195 4328 ".

613 4357 694 4415 ibi
723 4374 856 4416 sane
881 4375 978 4417 eos
1039 4361 1269 4418 dilectos
1322 4363 1699 4419 declaraturus
1731 4366 2074 4421 vocationem
2104 4365 2199 4421 Dei

2282 3277 2317 3330 ὁ
2342 3274 2525 3340 αὐτὸς
2547 3270 2690 3326 οὐδὲ
2708 3270 2825 3325 σοῦ
2846 3271 3149 3339 φείσηται,
3174 3267 3273 3321 οὑκ
3298 3267 3457 3330 ἄλλος
3490 3265 3594 3336 μὲν
3626 3261 3878 3319 ἐκείνων.

2284 3364 2442 3428 ἄλλος
2474 3363 2533 3416 δὲ
2580 3359 2675 3415 σοῦ
2698 3401 2713 3427 ,
2747 3360 2862 3415 ἀλλ’
2910 3360 2939 3412 ὁ
2967 3359 3152 3423 αὑτός.
3200 3357 3312 3411 Καὶ
3353 3356 3517 3411 πάλιν
3543 3367 3561 3385 ⁶
3597 3353 3728 3410 Ἴδε
3769 3346 3883 3405 οὖν

2286 3455 2668 3529 χρηστότητα
2696 3452 2792 3507 καί
2829 3452 3186 3521 ἀποτομίαν.
3230 3450 3424 3517 Τίνος;
3458 3445 3705 3518 Χριστοῦ
3728 3487 3744 3511 ,
3784 3444 3883 3497 ἐπὶ

2280 3545 2399 3616 μὲν
2439 3543 2581 3609 τοὺς
2634 3543 2931 3605 πεσόντας
2973 3539 3330 3610 ἀποτομίαν,
3369 3536 3471 3591 ἐπὶ
3502 3534 3576 3589 δὲ
3620 3534 3701 3588 σὲ
3733 3549 3880 3602 χρη-

2288 3639 2570 3705 στότητα.
2612 3635 2677 3689 Τί
2705 3634 2750 3687 δ’
2778 3634 2844 3688 ἂν
2876 3632 3152 3704 βούλοιντο
3184 3633 3217 3700 ή
3249 3628 3515 3702 ἀπαρχὴ,
3562 3627 3661 3680 καὶ
3689 3626 3755 3677 τὸ
3781 3622 3881 3692 φύ-

2295 3743 2466 3800 ραμα,
2498 3725 2651 3798 καὶὴ
2686 3723 2831 3799 ῥίζα,
2875 3723 2969 3777 καὶ
3003 3725 3052 3775 οἱ
3088 3721 3297 3785 κλάδοι,
3340 3721 3435 3773 καὶ
3464 3721 3514 3771 oi
3549 3717 3880 3785 αὐτοφυεῖς.

2292 3818 2391 3873 καὶ
2418 3818 2466 3871 οἱ
2502 3818 2572 3870 δι’
2601 3816 3025 3889 ὲγκεντρίσεως,
3058 3816 3106 3868 εἰ
3144 3814 3219 3885 μὴ
3256 3813 3355 3882 τὴν
3392 3807 3766 3880 ἀλληλουχίαν
3795 3806 3884 3858 καὶ

2297 3910 2617 3980 συγγένειαν
2640 3950 2656 3977 ,
2698 3909 2790 3963 καὶ
2827 3908 2910 3961 ὅτι
2949 3906 3053 3975 τοῦ,
3085 3903 3252 3960 αὐτοῦ
3293 3902 3595 3975 νομοθέτου
3625 3942 3641 3968 ,
3683 3900 3887 3969 φωναῖς

2295 4000 2547 4073 δηλοῦσιν
2596 3999 3054 4072 ὲναργεστάταις;
3093 3998 3230 4069 Φησὶ
3280 3996 3339 4050 δὲ
3387 3994 3558 4049 πάλιν
3606 3993 3741 4064 περὶ
3783 3989 3887 4043 τῶν

2297 4094 2450 4148 οὔπω
2476 4096 2542 4166 τῇ
2581 4094 2766 4147 πίστει
2794 4089 3033 4163 Χριστοῦ
3063 4086 3638 4160 προσδεδραμηκότων
3680 4082 3889 4152 Ἰσραη-

2298 4184 2482 4237 λιτῶψ
2522 4183 2683 4238 Κατὰ
2705 4181 2822 4248 μὲν
2860 4178 2927 4233 τὸ
2951 4176 3322 4247 Euan-satior
3348 4174 3555 4246 ἐχθροί
3604 4173 3684 4228 δι’
3708 4169 3883 4240 ἡμᾶς,

2301 4275 2451 4329 κατὰ
2499 4272 2568 4327 δὲ
2620 4269 2885 4339 ἐκλογὴν
2932 4268 3226 4337 ἀγαπητοί
3276 4266 3378 4321 διὰ
3419 4265 3567 4333 τοὺς
3604 4264 3884 4331 πατέρας.

2305 4365 2470 4423 Ὅθεν
2519 4361 2695 4434 δηλῶν
2747 4360 2829 4413 ὅτι
2859 4359 3168 4430 ἀγαπητοὶ,
3213 4358 3277 4411 τὸ
3317 4357 3748 4428 ἀμεταμέλητον
3782 4354 3887 4407 τῶν

613 4462 903 4521 memorat,
952 4470 1117 4526 quem
1169 4456 1438 4511 donorum
1478 4472 1702 4512 suorum
1762 4458 2031 4529 poenitere
2084 4475 2183 4514 non

2310 4456 2663 4531 χαρισμάτων
2726 4454 2820 4506 καὶ
2880 4451 2978 4521 τὴν
3034 4450 3227 4521 κλῆσιν
3284 4450 3533 4522 παράγει
3576 4448 3678 4504 τοῦ
3735 4447 3883 4543 Θεοῦ.

615 4544 811 4626 possit.
835 4544 1106 4599 Donorum
1128 4546 1265 4599 enim
1292 4563 1510 4600 suorum
1525 4556 1573 4600 et
1593 4550 1882 4603 vocationis
1904 4548 2069 4605 Deum
2092 4566 2201 4619 pae-

617 4635 783 4691 nitere
811 4652 914 4689 non
934 4646 1098 4704 potest
1123 4636 1194 4690 ⁸⁸.
1212 4636 1278 4690 Et
1301 4655 1315 4691 :
1345 4636 1473 4702 Qua:
1494 4647 1618 4693 ante
1647 4641 1841 4710 scripta
1865 4650 2008 4705 sunt,
2037 4641 2092 4694 in
2114 4658 2202 4695 ve-

614 4738 782 4801 stram
798 4729 1095 4794 doptrinam
1112 4728 1311 4797 scripta
1331 4739 1472 4785 sunt.
1501 4731 1650 4785 Cur?
1674 4741 1731 4786 ut
1753 4748 1848 4803 per
1879 4732 2201 4803 patientiam

614 4828 664 4887 et
690 4819 1100 4875 consolationem
1126 4818 1545 4889 Scripturarum,
1580 4823 1682 4877 sub
1708 4824 1910 4894 quibus
1937 4834 2094 4877 vetus
2116 4822 2202 4876 in-

617 4912 877 4989 telligitur
922 4919 1334 4980 testamentum,
1376 4929 1523 4984 spent
1567 4914 1854 4969 habeamus
1877 4916 1946 4969 ⁵³.
1993 4911 2202 4968 Deinde

615 5018 807 5058 verum
847 5002 1022 5058 Deum
1053 5002 1327 5075 patientiae
1361 5015 1416 5060 et
1446 5006 1834 5063 consolationis
1882 5006 2052 5060 Deum
2084 5021 2205 5061 esse

618 5097 1044 5167 conﬁrmaturus
1071 5097 1251 5170 (absit
1280 5098 1447 5165 enim,
1480 5108 1540 5153 ut
1571 5100 1711 5155 seni
1740 5099 1863 5154 Mali
1891 5101 2029 5154 adeo
2056 5100 2205 5153 insa-

620 5188 795 5253 niant,
856 5198 917 5244 ut
943 5189 1153 5243 hostem
1184 5189 1357 5246 Deum
1387 5191 1780 5244 consolationis
1811 5200 1865 5243 ct
1926 5188 2205 5259 patientiae

620 5280 940 5355 appellent),
972 5281 1157 5336 addit:
1190 5281 1331 5335 Deus
1354 5299 1472 5336 vero
1499 5282 1773 5351 patientia:
1795 5290 1843 5334 et
1873 5279 2206 5333 consolatio-

622 5369 702 5432 nis
722 5369 805 5422 det
826 5370 989 5436 vobis,
1014 5381 1069 5424 ut
1111 5372 1249 5427 idem
1301 5375 1441 5428 inter
1496 5393 1584 5430 vos
1624 5377 1889 5440 sentiatis,
1922 5376 2207 5428 secundum

622 5458 892 5536 Christum
935 5460 1140 5530 Jesum,
1171 5474 1229 5519 ut
1277 5481 1381 5520 uno
1404 5467 1589 5521 animo
1629 5476 1680 5521 et
1727 5483 1830 5521 uno
1851 5482 1942 5520 ore
1982 5464 2209 5518 laudetis

2313 4546 2754 4622 Ἀμεταμέλητα
2805 4542 2949 4614 γὰρ,
2995 4543 3153 4612 φησὶ,
3200 4548 3275 4596 τὰ
3317 4543 3673 4611 χαρίσματα
3712 4538 3808 4594 καί
3852 4539 3884 4605 ἡ

2301 4645 2524 4713 κλῆσις
2544 4638 2651 4695 τοῦ
2676 4635 2846 4691 Θεοῦ.
2890 4633 2999 4693 Καί
3023 4650 3036 4664 '
3071 4632 3641 4704 '00’a,:t‘p087pdg:n,
3664 4634 3753 4697 εις
3784 4631 3887 4696 τὴν

2300 4733 2593 4805 ἡμετέραν
2617 4726 3020 4782 διδασκαλίαν
3043 4724 3389 4794 προεγράφη
3412 4741 3425 4754 ·
3452 4724 3603 4778 διατί
3625 4741 3640 4789 ;
3671 4726 3771 4776 ἵνα
3799 4721 3885 4773 διὰ

2301 4827 2413 4896 τῆς
2458 4818 2773 4891 ὑπομονῆς
2813 4815 3053 4885 καὶτῆς
3090 4815 3543 4884 παρακλήσεως
3586 4815 3710 4870 τῶν
3748 4816 3883 4881 ppu-

2309 4918 2460 4990 φῶν.
2495 4915 2531 4968 ἆ
2572 4913 2769 4979 ἐστινὴ
2803 4909 3037 4975 Παλαιὰ,
3067 4908 3182 4975 τὴν
3208 4907 3433 4962 ἐλπίδα
3465 4907 3727 4976 ἔχωμεν.
3767 4901 3880 4958 Εἶτα

2308 5008 2411 5077 τῆς
2434 5000 2711 5072 ὑπομονῆς
2740 4997 2835 5051 καὶ
2858 4996 2955 5065 τῆς
2988 4995 3390 5067 παρακλήσεως
3410 4994 3547 5047 Θεὸν
3586 4990 3879 5063 ἀνακηρύτ-

2310 5116 2418 5153 των
2438 5095 2529 5148 τὺν
2556 5090 2810 5161 ἀληθινὸν
2833 5087 2964 5151 Θεὸν
3001 5086 3080 5157 (οὐ
3109 5086 3218 5157 γάρ
3242 5086 3309 5140 ἂν
3334 5086 3423 5157 εἴη
3451 5087 3593 5149 Θεδς
3612 5083 3878 5153 παρακλή-

2312 5204 2450 5251 σεως
2479 5183 2571 5238 καὶ
2603 5179 2879 5250 ὑπομονῆς
2899 5219 2915 5244 ,
2947 5177 3058 5231 οὐδ’
3086 5178 3154 5229 ἂν
3184 5178 3346 5230 πλέον
3384 5180 3681 5245 ἐκμανοῖεν
3727 5177 3769 5228 oi
3796 5171 3876 5227 τοῦ

2313 5273 2558 5345 Πονηροῦ
2590 5271 2941 5342 θεράποντες,
2962 5270 2990 5321 ὁ
3029 5267 3295 5339 Ἐχθρὸς),
3335 5268 3397 5321 '0
3432 5268 3504 5321 δὲ
3540 5268 3712 5335 Θεὸς,
3745 5265 3874 5335 φησι,

2317 5367 2426 5434 τῆς
2450 5360 2762 5431 ὑπομονῆς
2791 5358 2891 5413 καί
2926 5358 3039 5427 τῆς
3076 5359 3525 5428 παρακλήσεως
3568 5360 3697 5431 δῴη
3728 5356 3871 5426 ὑμῖν,

2318 5458 2386 5515 τὸ
2442 5453 2587 5508 αὐτὸ
2634 5448 2881 5520 φρονεῖν
2930 5449 3000 5502 ἐν
3046 5448 3375 5517 ἀλλήλοις,
3435 5451 3593 5505 κατὰ
3646 5444 3876 5517 Χριστὸν

690 5599 1071 5669 σε·ιιοτη.ιι,
1115 5603 1168 5658 ι.
1246 5603 1292 5637 δι
1321 5602 1455 5659 ibid.
1532 5602 1579 5637 ει
1602 5602 1734 5659 ibid.
1778 5602 1864 5656 ιδ.
1943 5600 1989 5632 δ’
2030 5598 2162 5653 ibid.

2353 5591 2400 5625 ⁸⁸
2426 5588 2560 5644 ibid.
2595 5586 2687 5639 2'2.
2762 5583 2978 5637 "ibid.
3012 5582 3103 5638 28.
3182 5585 3228 5616 ⁸³
3288 5582 3420 5639 ibid.
3454 5583 3550 5640 9.9.
3617 5582 3667 5615 ⁸⁸
3744 5578 3873 5639 Rom.

1716 5733 1956 5791 VARle
1998 5729 2383 5787 LECTIONES
2423 5728 2509 5781 ET
2550 5722 2783 5779 NOTAE.

702 5832 817 5917 (lii)
844 5834 1126 5907 Ἐξκὰστφ.
1150 5835 1315 5899 Forte
1341 5833 1649 5905 hiccxcidit
1673 5830 1887 5913 6,qttod
1902 5828 1971 5884 ad
1998 5844 2218 5887 sensum
2250 5824 2587 5907 implendum
2618 5820 2819 5890 requiri
2848 5818 3081 5883 videtur.

624 5684 713 5747 ην,
738 5670 794 5724 4.
