4022 6408
96 393 205 461 161

1104 396 1402 458 CONTRA
1442 393 1903 457 MANICIUEOS
1935 392 2167 456 LIBER
2208 393 2321 456 III.

3273 402 3375 468 16?.

108 514 393 587 Ἰησοῦν,
419 516 520 572 ἵνα
542 514 925 588 ὁμοθυμαδὸν
947 514 1018 570 ἐν
1035 515 1126 569 ἐνὶ
1152 517 1404 584 στόματι
1426 514 1704 580 δοξάζητε

1813 511 2035 567 Patrem
2062 512 2277 566 Domini
2295 512 2460 565 nostri
2470 509 2504 565 ,Ι
2510 528 2597 565 esu
2616 510 2807 567 Christi
2824 513 2889 565 ⁸⁸.
2905 511 3021 570 Νοιι
3042 515 3207 571 alium
3222 526 3385 589 atque

95 609 220 662 τὸν
262 607 499 675 Πατέρα
539 608 649 662 τοῦ
697 607 920 677 Κυρίου
960 605 1133 676 ’ἡμῶν
1169 606 1375 673 Ἰησοῦ
1414 604 1701 674 Χριστοῦ.

96 700 229 754 Οὐκ
262 700 427 756 ἄλλον
473 700 568 754 καὶ
606 700 802 764 ἄλλον,
838 698 976 754 ἀλλά
1014 699 1105 753 τὸν
1150 698 1705 770 προκαταγγείλαντα

100 792 216 862 μὲν
254 792 359 864 τὴν
380 792 593 847 ἐλευσιν
626 791 722 847 τοῦ
758 792 891 846 Υίοῦ
910 833 926 858 ,
959 792 1314 864 παρασχόντα
1343 793 1399 846 δὲ
1428 792 1531 857 τάς
1555 793 1703 862 Γρα-

98 883 240 952 (pic,
273 884 584 939 καλέσαντα
605 885 662 939 δὲ
693 886 773 949 εἰς
798 884 1015 956 τὴν,τοῦ
1044 884 1175 939 Υἰοῦ
1202 883 1367 939 αὑτοῦ
1389 885 1593 948 πίστιν,
1613 885 1704 937 τὸν

96 974 214 1045 τῆς
241 977 653 1049 παρακλήσεως
681 978 776 1031 καὶ⁴
817 978 1098 1049 ὑπομονῆς
1131 977 1285 1044 Θεὸν,
1317 977 1411 1031 τὸν
1434 977 1535 1048 τῆς
1568 979 1702 1049 ὁμο-

98 1066 395 1138 φροσύνης
447 1068 682 1140 δοτῆρα,
729 1061 791 1123 οὗ
828 1072 910 1134 είς
960 1069 1119 1137 δόξαν
1162 1069 1498 1142 προσέλαϐεν
1554 1071 1703 1140 ἡμᾶς

97 1161 133 1211 ὁ
188 1160 471 1231 Χριστὸς,
501 1160 752 1225 διάκονος
807 1161 1177 1233 γεγενημένος
1224 1164 1325 1233 τῆς
1373 1160 1701 1233 περιτομῆς.

114 1250 214 1303 Ἐν
268 1251 454 1315 ἄλλοις
504 1250 561 1305 δὲ
598 1251 763 1306 πάλιν
805 1251 1005 1323 φησίν·
1050 1252 1561 1322 Περιτετμημένος
1614 1268 1705 1317 τις

99 1342 391 1410 ἑκλήθη;
440 1341 526 1412 μὴ
591 1341 983 1397 ἐπισπάσθω·
1052 1341 1123 1395 ἐν
1180 1341 1549 1411 ἀκροϐυστίᾳ
1612 1358 1705 1407 τις

101 1434 381 1503 ἐκλήθιυ
408 1435 495 1504 μὴ
544 1434 1016 1504 περιτεμνέσθω·
1079 1433 1118 1501 ἡ
1176 1433 1465 1505 περιτομὴ
1524 1432 1705 1488 οὐδέν

97 1523 243 1579 ἐστι
266 1541 282 1555 ο
317 1525 415 1578 καὶ
458 1524 496 1593 ἠ
521 1525 911 1594 ίάκροϐυστία
941 1523 1124 1579 οὐδέν
1165 1525 1338 1579 ἐστιν
1360 1542 1374 1557 ·
1419 1520 1538 1579 εἶτα
1566 1524 1702 1596 πρό-

103 1616 279 1686 σχεςί
313 1613 476 1669 ἀλλὰ
501 1614 753 1684 τήρησις
781 1613 1049 1668 ἐντολῶν
1082 1613 1254 1669 Θεοῦ.
1288 1614 1362 1668 Οὐ
1392 1613 1551 1668 θεῶν.
1579 1613 1702 1667 Τῶν

98 1706 163 1761 δὲ
218 1708 454 1762 ἐντολῶν
500 1710 535 1780 ἡ
592 1708 691 1779 μὲν
737 1706 993 1761 ἐκέλευσε
1037 1707 1502 1779 περιτέμνεσθαι,
1554 1710 1588 1779 ἡ
1644 1707 1702 1761 δὲ

102 1800 186 1871 μή
209 1815 226 1831 ⁶
261 1794 342 1855 ὧν
387 1800 655 1872 ἑκάτερον
690 1787 806 1870 ἶϐἓ)
832 1799 1025 1853 ἀνεῖπε
1056 1798 1153 1852 τοῦ
1198 1798 1366 1854 αὐτοῦ
1396 1799 1556 1865 Θεοῦ,
1585 1799 1703 1853 ἀλλ’

1806 604 1997 668 alium,
2025 605 2121 659 sed
2150 619 2300 671 eum,
2331 604 2423 675 qui
2462 614 2591 659 ante
2630 606 2906 662 nuntiavit
2944 608 3238 663 adventum
3268 610 3388 668 Filii

1806 694 1913 762 sui,
1936 694 2031 764 qui
2077 694 2392 765 Seripturas
2442 696 2684 765 tradidit,
2726 698 2929 768 quique
2985 700 3051 754 ad
3118 700 3279 757 iidem
3332 703 3387 758 in

1807 783 2002 840 Filium
2039 802 2199 842 suum
2266 786 2504 855 vocavit,
2543 788 2711 844 Deum
2746 790 3137 847 consolationis
3171 801 3227 849 et
3291 809 3390 865 pa-

1806 878 2033 945 tientitn,
2068 880 2376 936 concordiae
2402 882 2669 950 datorem,
2701 882 2757 938 in
2805 884 2963 955 cujus
3014 885 3237 958 gloriam
3288 903 3387 943 nos

1805 974 2105 1045 assumpsit
2143 974 2422 1041 Christus,
2450 976 2702 1033 minister
2723 978 3157 1035 circumcisionis
3188 980 3382 1035 factus.

1804 1065 1947 1120 Alibi
1981 1082 2109 1121 vero
2138 1064 2335 1122 iterum
2373 1066 2451 1121 ait
2488 1086 2502 1123 :
2544 1066 2899 1123 Circumcisus
2938 1069 3134 1139 aliquis
3170 1079 3385 1123 vocatus

1804 1165 1899 1220 est,
1945 1174 2009 1211 ne
2047 1158 2333 1223 attrahat;
2358 1159 2730 1232 (praeputium)
2775 1162 2831 1214 in
2890 1161 3147 1229 prwputio
3194 1161 3388 1231 aliquis

1805 1258 2018 1303 vocatus
2064 1259 2161 1316 est,
2195 1267 2258 1305 ne
2279 1251 2723 1307 circumcidatur:
2748 1255 3073 1307 circumcisio
3103 1253 3232 1307 nihil
3287 1262 3384 1315 est,

1804 1350 1853 1395 et
1884 1343 2203 1411 prwputium
2230 1344 2363 1397 nihil
2398 1353 2473 1397 est
2499 1344 2543 1375 “
2578 1362 2592 1398 :
2624 1346 2845 1400 attende
2873 1362 3001 1400 vero
3044 1345 3112 1399 ad
3146 1360 3383 1414 sequen-

1806 1431 1912 1487 tia:
1933 1434 2024 1486 sed
2051 1433 2344 1488 observatio
2394 1435 2767 1490 mandatorum
2801 1436 2897 1490 Dei
2919 1438 2984 1502 ⁶²,
3005 1452 3111 1491 non
3135 1437 3382 1491 deorum.

1803 1523 2115 1580 Mandatum
2159 1541 2293 1581 vero
2332 1527 2479 1582 aliud
2501 1528 2669 1598 jussit
2698 1529 3042 1594 circumcidi,
3065 1529 3211 1583 aliud
3273 1545 3385 1583 non

1804 1616 1934 1671 item
1967 1634 1981 1671 :
2015 1626 2069 1671 et
2091 1624 2389 1688 utrumque
2411 1627 2591 1675 tamen
2623 1621 2868 1692 ejusdem
2891 1623 2967 1677 ait
2996 1636 3115 1677 esse
3138 1622 3254 1687 Dei,
3278 1637 3386 1677 non

1802 1718 1985 1764 autem
2022 1710 2272 1766 deorum.
2304 1712 2491 1783 Itaque
2524 1728 2667 1768 unus
2687 1714 2829 1770 Deus
2860 1729 3021 1770 verus
3043 1721 3147 1780 est,
3173 1724 3229 1769 et
3278 1713 3385 1769 Pa-

1806 1808 1889 1855 ter
1911 1799 2126 1856 Domini
2156 1804 2327 1858 nostri
2346 1801 2477 1859 Jesu
2518 1805 2742 1873 Christi,
2773 1806 2867 1877 qui
2918 1816 2974 1862 et
3011 1806 3389 1863 circumcisio-

98 1893 231 1963 οὐχὶ
260 1892 423 1946 θεῶν.
457 1892 621 1945 Ὥστε
654 1886 736 1957 εἷς
758 1890 892 1954 Θεὸς
918 1892 947 1945 ὁ
976 1890 1237 1961 ἀληθινὸς
1265 1892 1361 1945 καὶ
1390 1891 1583 1963 Πατὴρ
1606 1889 1697 1944 τοῦ

1810 1908 1929 1947 nem
1963 1910 2058 1964 per
2085 1896 2462 1951 Abrahamum
2498 1896 2555 1951 in
2577 1899 2817 1970 mysterii
2852 1900 3386 1955 consummationem

102 1984 322 2056 Κυρίου
361 1984 518 2055 ἡμῶν
558 1982 737 2055 Ἰησοῦ
766 1983 1031 2056 Χριστοῦ,
1064 1984 1093 2036 ό
1126 1982 1224 2038 καὶ
1259 1982 1359 2055 τὴν
1396 1982 1700 2055 περιτομὴν

98 2076 199 2132 διὰ
246 2077 345 2131 τοῦ
392 2076 645 2149 Ἀδραάμ
678 2077 758 2141 είς
806 2075 1113 2148 μυστηρίου
1148 2074 1428 2129 τελείωσιν
1481 2076 1698 2146 χρόνοις

96 2170 442 2243 ὡρισμένοις
486 2170 639 2238 δοὺς,
689 2170 784 2224 καὶ
831 2170 961 2233 τοὺς
998 2170 1059 2223 ὲν
1095 2167 1436 2241 ἀκροϐυστίᾳ
1473 2167 1563 2223 διὰ
1604 2168 1699 2223 τοῦ

102 2265 244 2317 Υἱοῦ
274 2261 444 2318 αὑτοῦ
474 2262 880 2336 προσειληφώς.
1182 2248 1186 2253 ’

180 2356 285 2410 ιε’.
349 2354 611 2426 Ἑτέρωθι
650 2354 708 2409 δὲ
756 2354 905 2425 λέγει
926 2355 1076 2423 ’,Δεῖ
1098 2356 1166 2412 τὸ
1208 2355 1478 2427 φθαρτὸν
1523 2347 1723 2409 τοῦτο’

101 2450 305 2516 (ποῖον
345 2448 378 2519 ἥ
412 2448 474 2501 τὸ
505 2447 776 2519 ἡμέτερον
807 2447 1033 2519 σῶμα;)
1066 2449 1441 2504 ἐνδύσασθαι
1474 2449 1701 2518 ἀφθαρ-

100 2543 282 2608 σίαν,
316 2541 449 2611 φησι
472 2540 610 2613 (63).
642 2541 742 2595 καὶ
767 2541 833 2595 τὸ
862 2542 1085 2610 θνητὸν
1115 2542 1294 2596 τοῦτο
1325 2542 1700 2597 ἐνδύσασθαι

100 2634 476 2688 ἀθανασίαν.
508 2634 621 2689 Καὶ
647 2634 763 2698 πῶς
790 2635 939 2688 ἐστιν
966 2633 1173 2703 ἀγαθοῦ
1205 2633 1367 2699 Θεοῦ,
1395 2635 1441 2688 εί
1473 2634 1701 2707 πλάσμα

99 2721 176 2797 ἦν
210 2725 273 2778 τὸ
304 2726 464 2796 σῶμα
501 2724 597 2778 τοῦ
639 2726 887 2797 Πονηροῦ
915 2766 932 2791 ,
975 2726 1041 2780 ἐκ
1075 2726 1318 2797 φθαρτοῦ
1355 2728 1453 2797 μὲν
1477 2727 1703 2799 ἀφθαρ-

101 2836 239 2883 τον,
278 2818 346 2871 ὲκ
399 2817 455 2872 δὲ
501 2816 699 2889 θνητοῦ
753 2817 1025 2873 ἀθάνατον
1071 2819 1205 2873 αὐτὸ
1258 2821 1699 2890 μετασκευάσαι;

105 2908 246 2961 Ὅτε
277 2909 388 2979 γὰρ
415 2908 477 2961 τὸ
501 2908 738 2979 πονηρὸν
772 2908 934 2980 σῶμα
957 2909 1052 2963 καὶ
1081 2908 1309 2981 πλάσμα
1334 2911 1427 2964 τοῦ
1454 2910 1699 2983 Πονηρῶ

103 3004 175 3054 ὲκ
220 3000 423 3073 θνητοῦ
465 3001 569 3068 μὲν
612 3002 693 3064 είς
726 3001 1061 3070 ἀθανασίαν,
1094 3005 1173 3068 εἰς
1209 3002 1522 3077 ἀφθαρσίαν
1551 3003 1606 3057 δὲ
1639 3006 1704 3058 ὲκ

103 3094 359 3165 φθαρτοῦ
384 3094 535 3167 παρά
550 3095 646 3149 τοῦ
668 3095 876 3165 ἀγαθοῦ
899 3097 1243 3170 μεταποιηθῇ
1267 3097 1424 3165 Θεοῦ,
1451 3098 1511 3151 οὐ
1540 3098 1702 3168 μόνον

1807 1994 2052 2057 tempore
2108 1988 2336 2044 deﬁnito
2374 1990 2577 2056 sanxit,
2602 2006 2827 2062 eosque,
2852 1991 2947 2062 qui
3010 1993 3066 2047 in
3120 1990 3389 2064 praeputio

1805 2088 1987 2146 erant,
2021 2096 2122 2152 per
2148 2080 2348 2137 Filium
2382 2096 2547 2163 suum
2580 2082 2647 2139 ad
2683 2098 2742 2139 se
2771 2083 2997 2157 recepit.

1875 2357 1993 2415 XV.
2025 2359 2168 2418 Alibi
2190 2377 2326 2421 vero
2374 2381 2390 2420 :
2452 2364 2663 2437 Oportet
2684 2368 3024 2439 corruptibile
3051 2371 3147 2425 hoc
3194 2372 3390 2443 (quod-

1802 2470 1929 2509 nam
1965 2471 2097 2511 vero
2134 2457 2281 2513 aliud
2314 2474 2479 2529 quam
2509 2474 2709 2530 corpus
2747 2463 3056 2533 nostrum?)
3076 2463 3292 2519 induere
3314 2467 3390 2519 in-

1803 2548 2316 2619 corruptibilitatem,
2345 2561 2394 2606 ct
2430 2554 2652 2608 mortale
2697 2554 2793 2608 hoc
2844 2555 3299 2610 immortalitatem
3321 2558 3387 2611 “.

1802 2639 2089 2705 Quomodo
2114 2657 2245 2697 vero
2277 2642 2434 2698 decet
2457 2643 2625 2698 Deum
2651 2644 2879 2713 bonum,
2910 2646 2956 2701 si
2993 2661 3194 2717 corpus
3235 2663 3390 2703 crea-

1805 2742 1927 2788 tura
1944 2733 2067 2789 Mali
2082 2743 2249 2802 esset,
2272 2750 2338 2790 ex
2353 2737 2691 2807 corruptibili
2712 2738 2928 2807 quidem
2948 2739 3389 2811 iucorruptibile,

1802 2841 1870 2881 ex
1904 2826 2119 2881 mortali
2155 2842 2288 2882 vero
2335 2827 2515 2884 facere
2555 2829 2900 2885 immortale?
2924 2830 2981 2886 Si
3011 2832 3160 2887 enim
3194 2846 3392 2904 corpus

1804 2917 2007 2971 malum
2028 2927 2083 2972 et
2100 2927 2349 2973 creatura
2368 2920 2494 2974 mali
2511 2936 2577 2976 ex
2595 2921 2810 2975 mortali
2829 2923 2882 2976 in
2901 2922 3389 2994 immortalitatem,

1805 3026 1871 3065 ex
1895 3010 2237 3080 corruptibili
2255 3027 2384 3065 vero
2406 3011 2459 3065 in
2479 3012 3055 3084 incorruptibilitatem
3072 3030 3101 3069 a
3122 3015 3230 3072 Deo
3248 3018 3393 3072 bono

1808 3101 2223 3167 transferretur,
2261 3118 2367 3157 non
2427 3105 2604 3159 solum
2650 3120 2760 3159 non
2809 3122 2998 3162 verum
3033 3106 3197 3174 foret,
3246 3111 3390 3180 quod

102 3190 214 3243 οὐκ
257 3188 551 3260 ἀληθεύσει
601 3192 630 3244 ό
670 3190 831 3261 λόγος
880 3194 907 3246 ὁ
952 3192 1379 3265 γεγραμμένος,
1413 3194 1497 3247 ὅτι
1545 3196 1700 3249 Κατ-

1810 3197 2073 3268 scriptum
2098 3208 2214 3252 est:
2236 3195 2294 3251 Μ
2298 3215 2381 3253 ars
2398 3199 2644 3271 absorpta
2668 3210 2742 3254 est
2768 3201 2822 3253 in
2837 3201 3113 3255 victoriam
3133 3201 3197 3269 “,
3217 3218 3396 3274 ψιθυ-

100 3284 304 3353 επόθη
348 3285 383 3337 ὀ
418 3283 673 3352 θάνατος
697 3286 784 3352 είς
812 3284 1001 3352 νῖκος,
1036 3287 1130 3339 καὶ
1163 3285 1245 3340 ὅτι
1275 3287 1369 3340 ἐπὶ
1409 3286 1555 3340 τέλει
1593 3286 1703 3340 τῶν

102 3375 331 3431 αἰώνων
384 3376 601 3431 πάντων
634 3379 985 3445 ἐκπεσεῖται,
1035 3377 1131 3432 καὶ
1179 3371 1255 3432 ὧν
1303 3379 1453 3443 ὅπως
1499 3378 1703 3451 δήποτε

102 3463 326 3539 ἦρχενὸ
351 3470 601 3542 Ἐχθρὸς,
624 3466 713 3525 οἷα
740 3470 1152 3544 προσκειμένων
1178 3470 1347 3525 αὐτοῦ
1375 3474 1490 3535 τοῖς
1522 3472 1705 3544 ἔργοις

103 3564 208 3615 τοῦ
252 3563 502 3634 Πονηροῦ
526 3580 539 3593 ’
577 3562 714 3618 ἀλλά
758 3564 853 3619 καὶ
887 3564 947 3617 τὸ
990 3563 1265 3618 ἀνάπαλιν
1310 3563 1613 3636 τηνικαῦτα
1644 3564 1706 3617 τὸ

106 3656 323 3727 κράτος
362 3657 782 3730 ἀναμφήριστόν
815 3675 875 3711 τε
912 3659 1008 3712 καὶ
1041 3657 1325 3729 ἀδιάδοχον
1355 3658 1573 3730 σχήσει,
1608 3654 1704 3709 τοῦ

105 3746 316 3819 θνητοῦ
351 3749 446 3802 καὶ
491 3749 734 3822 φθαρτοῦ
783 3750 1108 3821 πλάσματος
1149 3748 1318 3804 αὐτοῦ
1373 3751 1454 3813 εἰς
1501 3750 1705 3804 ἀθανα-

106 3838 240 3892 σίαν
297 3841 392 3892 καὶ
425 3840 736 3911 ἀφθαρσίαν
788 3842 1125 3913 ἀνηγμένου.
1171 3840 1319 3913 Ὅρα
1360 3840 1418 3894 δέ
1453 3858 1545 3912 μοι
1577 3841 1706 3895 κάν-

103 3931 308 3985 τεῦθεν
355 3932 446 3986 τὸν
510 3934 741 3989 πλοῦτον
790 3936 891 4006 τῆς
949 3935 1144 4005 σοφίας
1200 3933 1441 3998 Παύλου,
1476 3934 1576 4005 ἢν,
1629 3934 1706 3999 ὠς

104 4023 293 4076 ἔοικεν
313 4062 328 4085 ,
355 4022 544 4094 ἀρθεὶς
566 4024 657 4078 τὸν
680 4024 863 4096 τρίτον
881 4024 995 4098 (64)
1016 4024 1270 4098 οὐρανοῦ,
1291 4025 1536 4097 ιμυὴθη,
1555 4025 1705 4089 ὅπως

100 4116 379 4187 διαφορὰν
423 4116 519 4187 μὲν
564 4118 663 4186 τῆς
694 4118 904 4189 Καινῆς
937 4118 1160 4189 καὶτῆς
1205 4118 1445 4181 Παλαιᾶς
1474 4118 1704 4186 εἰσάγει.

107 4208 454 4278 Προϐλέπων
506 4209 562 4263 δὲ
614 4209 713 4282 τὴν
768 4210 1110 4264 ἀποστασίαν
1153 4209 1249 4264 καὶ
1294 4213 1476 4264 πᾶσαν
1532 4210 1705 4281 αὐτῆς

102 4299 405 4355 ἐκκόπτων
458 4301 875 4371 ματαιολογίαν,
924 4302 1089 4366 εὐθὺς
1133 4301 1299 4356 πάλιν
1347 4302 1523 4356 ταῦτα
1581 4319 1706 4355 συν-

104 4396 393 4467 επιφέρει.
448 4398 612 4468 Λέγει
669 4399 766 4467 μὲν
826 4399 933 4470 γὰρ
973 4397 1123 4467 (65),
1177 4400 1319 4454 ὥστε
1369 4398 1442 4450 ΕΖ
1495 4414 1589 4464 τις
1634 4397 1706 4449 ἐν

106 4488 353 4553 Χριστῷ
402 4489 581 4559 καινὴ
632 4492 853 4558 κτίσις,
885 4490 1327 4555 ἀνακαινίζεσθεο
1370 4490 1441 4545 τὰ
1485 4489 1705 4559 ἀρχαῖα

1807 3304 1915 3359 que
1958 3289 2011 3344 in
2050 3291 2157 3344 line
2189 3290 2513 3345 saeculorum
2547 3291 2760 3346 excidet
2792 3290 2858 3348 iis
2887 3293 3165 3360 omnibus,
3196 3293 3249 3348 in
3272 3310 3395 3366 qua:

1805 3379 1934 3434 olim
1969 3389 2295 3449 potestatem
2351 3380 2542 3435 habuit
2570 3381 2763 3450 hostis,
2796 3391 3054 3455 tanquam
3082 3385 3233 3450 talia,
3273 3402 3396 3457 quae

1806 3474 2063 3545 operibus
2082 3474 2201 3543 ejus
2240 3473 2398 3528 malis
2434 3476 2843 3529 accommodata
2868 3477 3014 3542 sint;
3048 3477 3145 3531 sed
3186 3488 3239 3532 et
3267 3493 3398 3533 con-

1808 3565 1973 3619 traria
2028 3564 2135 3620 illis
2191 3564 2372 3619 omnia
2408 3565 2713 3619 certissime
2767 3564 3396 3636 ﬁrmissimequelocnm

1807 3657 2111 3722 habebunt,
2138 3658 2181 3712 si
2213 3656 2461 3712 mortalis
2487 3666 2543 3711 et
2570 3656 2944 3727 corruptibilis
2972 3658 3094 3727 ejus
3141 3669 3396 3715 creatura

1809 3750 2136 3805 immortalis
2158 3757 2211 3803 et
2230 3766 2259 3805 a
2279 3750 2633 3819 corruptione
2670 3747 2843 3803 libera
2871 3749 3080 3805 reddita
3103 3750 3286 3807 fuerit.
3313 3752 3395 3806 Tn

1807 3860 1941 3899 vero
1961 3843 2085 3898 vide
2118 3842 2254 3898 mihi
2277 3842 2438 3898 ethic
2462 3842 2683 3898 divitias
2708 3841 2988 3912 sapientia:
3022 3841 3173 3897 Pauli
3208 3844 3395 3913 (quam

1811 3936 1868 3991 in
1903 3936 2125 3991 tertium
2151 3934 2352 3991 caalum
2375 3935 2623 3990 sublatus
2657 3934 2919 3990 didicisse
2973 3934 3235 4005 videtur),
3259 3952 3399 4006 quoo

1808 4026 1974 4081 modo
2014 4025 2383 4081 differentiam
2415 4025 2543 4080 novi
2568 4034 2622 4079 et
2653 4025 2852 4080 veteris
2880 4025 3189 4079 testamenti
3226 4040 3396 4097 expo-

1809 4127 1925 4172 nat.
1955 4116 2270 4173 Praavidens
2294 4132 2427 4173 vero
2457 4116 2791 4188 apostasiam
2837 4117 3000 4182 banc,
3023 4117 3253 4187 ejusque
3306 4135 3397 4171 va-

1812 4209 2053 4280 niloquia
2108 4209 2290 4264 omnia
2346 4223 2661 4271 eversurus,
2690 4208 2871 4263 statim
2935 4209 3038 4264 ista
3094 4210 3394 4279 subjnngit.

1812 4302 1901 4356 Ait
1927 4302 2073 4355 enim
2113 4320 2126 4356 :
2165 4300 2224 4355 Si
2259 4301 2375 4371 quis
2412 4301 2469 4353 in
2496 4299 2726 4364 Christo,
2756 4309 2949 4353 natura
2982 4317 3137 4365 nova,
3168 4317 3400 4357 renove-

1813 4391 2172 4455 mini,vetera
2204 4390 2551 4454 transierunt,
2587 4405 2703 4443 cccc
2748 4390 2926 4443 omnia
2951 4391 3094 4460 facta
3138 4400 3260 4444 sunt
3304 4410 3397 4445 no-

1810 4501 1875 4539 va
1892 4485 1958 4538 ⁸³.
1980 4482 2063 4538 Tu
2093 4499 2222 4539 vero
2250 4483 2371 4537 vide
2393 4482 2763 4553 prudentiam,
2787 4482 3109 4553 sapientiam
3132 4493 3185 4538 ct
3207 4484 3397 4539 dexte-

104 4577 431 4647 παρῆλθεν
456 4623 470 4646 ,
528 4582 658 4637 ιδοὺ
688 4585 898 4655 γέγονε
936 4586 1007 4639 τὰ
1048 4585 1247 4638 πάντα
1288 4583 1486 4638 καινά.
1560 4583 1702 4637 Ἀλλ’

1812 4577 2025 4633 ritalem
2056 4577 2184 4632 viri.
2218 4578 2407 4630 Omnia
2440 4594 2583 4643 vero,
2611 4576 2808 4646 inquit,
2846 4576 2898 4630 id
2932 4586 3016 4631 est
3071 4586 3125 4631 et
3152 4586 3309 4632 vetus
3341 4589 3396 4633 et

103 4672 216 4740 ὅρα
246 4671 309 4722 τὸ
334 4670 664 4745 δραστήριον
696 4676 788 4729 καὶ
820 4676 981 4745 σοφὴν
1013 4676 1108 4730 καὶ
1143 4675 1448 4748 περιδέξιον
1477 4674 1573 4729 τοῦ
1605 4677 1703 4729 ἀν-

103 4762 262 4831 δρός.
303 4764 380 4817 Τὰ
411 4764 479 4816 δὲ
500 4766 717 4833 πάντα,
763 4769 916 4839 φησὶ,
948 4769 1097 4839 καὶὴ
1132 4768 1246 4821 Νέα
1270 4767 1513 4840 δηλονότι
1544 4767 1637 4822 καί
1669 4768 1702 4839 ἡ

94 4855 354 4921 Παλαιὰ,
390 4856 457 4910 ἐκ
486 4858 591 4912 τοῦ
633 4858 804 4925 Θεοῦ,
851 4861 960 4915 τοῦ
1004 4860 1504 4926 καταλλάξαντος
1547 4857 1707 4927 ἡμᾶς

103 4943 347 5012 ἐαυτῷ,
396 4946 494 5001 διὰ
538 4949 645 5003 τοῦ
688 4951 909 5019 Κυρίου
944 4952 1114 5022 ἡμῶν
1170 4950 1368 5018 Ἰησοῦ
1420 4949 1703 5019 Χριστοῦ.

105 5037 334 5091 Οὐκοῦν
367 5041 465 5093 καὶ
519 5040 633 5095 τῶν
667 5043 1049 5115 παρελθόντων
1094 5045 1189 5097 καὶ
1216 5043 1325 5099 τῶν
1356 5044 1643 5115 παρόντων
1679 5043 1708 5095 ὁ

103 5127 210 5180 τοῦ
242 5129 497 5203 Σωτῆρος
542 5133 702 5205 ἡμῶν
740 5135 916 5206 Ἰησοῦ
949 5135 1191 5206 Χριστοῦ
1238 5134 1444 5205 ἀγαθὸς
1479 5135 1705 5205 Πατὴρ,

1804 4689 2008 4728 novum
2054 4681 2467 4736 testamentum,
2502 4689 2566 4727 ex
2592 4671 2699 4725 Deo
2732 4682 2874 4738 sunt,
2910 4674 3000 4743 qui
3038 4675 3393 4727 reconciliavit

1806 4782 1897 4820 nos
1918 4765 2017 4819 sibi
2041 4765 2142 4835 ipsi
2156 4780 2249 4833 per
2266 4764 2551 4819 Dominum
2580 4764 3012 4819 nostrumlcsum
3034 4765 3298 4820 Christum
3323 4767 3389 4820 ⁸⁸³.

1804 4859 1992 4927 Itaque
2040 4858 2218 4913 bonus
2258 4854 2423 4911 Pater
2452 4856 2758 4912 Servatoris
2804 4858 2973 4912 nostri
3011 4858 3139 4913 Jesu
3191 4858 3390 4913 Christi

1806 4950 1952 5006 idem
1975 4960 2095 5005 erat
2133 4957 2189 5004 et
2232 4950 2389 5005 dator
2432 4960 2487 5004 et
2530 4959 2851 5021 procurator
2891 4959 2946 5003 ct
2979 4961 3171 5004 auctor
3212 4966 3393 5003 rerum

1806 5040 2207 5112 praeteritarum
2238 5050 2293 5095 ct
2341 5042 2717 5112 praesentium.
2768 5041 3056 5107 Quomodo
3107 5056 3238 5096 vero
3271 5058 3394 5097 cor-

1806 5148 1912 5204 pus
1964 5142 2215 5188 creatura
2283 5132 2456 5187 hostis
2514 5134 2701 5201 fuerit,
2732 5148 2857 5188 cuin
2926 5134 3069 5189 idem
3115 5151 3144 5189 a
3186 5135 3394 5207 Spiritu

185 5285 237 5319 ⁸⁸
267 5282 426 5344 Rom.
459 5302 549 5352 xv,
577 5287 630 5342 5.
706 5285 796 5340 ιιι
828 5285 956 5343 Cor.
987 5286 1197 5353 "1,13.
1275 5287 1320 5320 ⁶²
1342 5286 1476 5342 ibid.
1552 5284 1600 5318 ”
1642 5284 1659 5338 Ι
1689 5285 1704 5338 t

1810 5282 2059 5349 .xv,53.
2137 5280 2452 5336 “ibid.54.
2530 5280 2990 5348 “llCor.v,l7.
3068 5282 3393 5341 “ibidis.
3480 5240 3487 5251 ’

1259 5422 1495 5478 νΑιιιΑε
1536 5417 1921 5476 LECTIONES
1967 5415 2056 5469 ET
2096 5412 2331 5469 NOTAE.

191 5524 316 5596 (62)
355 5523 694 5596 Ἑκάτερον.
727 5520 805 5575 lta
827 5515 1173 5572 scribendum
1203 5526 1288 5572 est
1309 5532 1408 5586 pro
1436 5514 1704 5584 ἑκατέρω,

108 5594 673 5669 nubilus-hebes-
830 5664 842 5669 -
961 5663 976 5669 -
1186 5658 1240 5669 ..
1482 5655 1514 5667 ..

186 5667 311 5733 (65)
339 5664 517 5731 Φησί.
550 5660 789 5717 Verbum
830 5664 933 5719 hoc
961 5663 1139 5717 locum
1186 5658 1276 5712 hic
1312 5655 1515 5733 librarii
1548 5655 1705 5733 culpa

112 5726 388 5798 mutasse,
412 5726 469 5788 et
495 5734 560 5787 ad
596 5734 754 5803 σῶμα
786 5734 1135 5788 referendum
1165 5745 1286 5803 esse
1317 5730 1517 5803 credo._
1537 5726 1708 5803 Ante-
1754 5728 1757 5731 '

112 5812 330 5936 calens
365 5796 513 5862 enim
544 5796 692 5873 λέγει
724 5805 861 5878 regit
892 5804 1117 5877 phrasin
1146 5798 1468 5855 ἐνδύσασθαι
1497 5796 1708 5867 ἀφθαρ-

113 5897 147 5934 σ
212 5898 266 5935 ν.
807 5892 814 5898 ·

113 5892 266 5935 σιαν.
807 5892 814 5898 ’

1878 5509 2005 5581 (64),
2030 5508 2140 5581 Τὸν
2179 5507 2400 5581 τρίτον.
2428 5503 2503 5560 ita
2533 5521 2638 5560 ms.
2658 5507 2741 5581 _E_t_
2761 5507 3125 5581 grammatich
3154 5509 3397 5581 rationes

1809 5590 1863 5635 et
1887 5575 2093 5652 sensus
2124 5578 2226 5652 legi
2269 5578 2504 5652 jubent,_
2526 5578 2672 5647 quod
2702 5575 2742 5630 ll
2768 5575 2913 5632 Cor.
2942 5594 3038 5643 xu,
3073 5580 3130 5643 2,
3172 5580 3395 5652 legitur,

1808 5652 1915 5714 ἕως
1942 5649 2038 5704 τοῦ
2065 5649 2251 5719 τρίτου
2274 5648 2531 5719 οὐρανοῦ.

1881 5721 1991 5791 (65)
2064 5716 2561 5791 Ἀνακαιρξιξζεσθε.
2609 5718 2848 5773 Verbum
2883 5719 2989 5791 hoc,
3019 5718 3397 5791 explicationis

1812 5788 1930 5845 loco
1960 5788 1990 5844 a
2024 5788 2222 5842 Photio
2248 5788 2491 5859 additum
2530 5804 2648 5843 esse
2685 5801 2837 5858 puto,
2884 5799 2941 5843 ut
2982 5789 3395 5859 intelligeretur,

1811 5871 2063 5918 sanctum
2095 5858 2415 5929 Apostolum
2436 5875 2591 5916 nova:
2615 5869 2882 5915 creaturae
2910 5858 3395 5934 studiumhrgere.
