4022 6394
665 332 767 399 163

1802 335 2065 398 ΡΗΟΤΙΙ
2106 334 2614 400 ΡΑΤΒΙΑΠΟΗᾸΞ
2654 340 2761 403 CP.

3825 342 3919 413 1δί

662 458 822 503 actus
843 446 1195 505 oralorlsaia:
1214 448 1534 506 vaticinium
1555 450 1831 517 adhibeat,
1847 460 1903 505 et
1922 450 2069 506 dicat
2090 467 2104 503 :
2136 447 2226 503 Vo:

2346 452 2509 517 αὐτὸς
2539 450 2607 526 ἦν
2634 456 2729 509 καὶ
2758 455 2945 529 δοτὴρ,
2978 454 3074 512 καὶ
3104 456 3414 529 προνοητὴς
3444 458 3541 514 καὶ
3572 459 3915 532 δημιουργός.

660 542 802 595 enim
861 541 1110 612 templum
1170 543 1268 597 Dei
1333 544 1436 597 vivi
1485 544 1649 606 estis;
1694 544 1827 596 sicut
1883 542 2017 595 dixit
2081 539 2238 605 Deus,

664 630 802 697 Quia
847 630 1089 686 habitabo
1134 633 1193 689 in
1228 628 1355 697 illis,
1383 641 1431 686 et
1478 630 1782 695 ambulabo,
1813 640 1860 685 et
1888 648 1974 685 ero
2031 630 2243 684 illorum

669 725 828 790 Deus,
848 726 949 795 ipsi
966 742 1087 779 vero
1110 735 1265 779 erunt
1288 723 1417 778 mihi
1437 724 1660 795 populus
1677 724 1743 777 ⁸⁷.
1769 722 1826 778 Si
1850 722 2013 795 igitur
2041 717 2243 777 Christi

658 833 760 872 nos
787 833 978 872 sumus
1010 817 1295 888 templum,
1336 828 1499 887 prout
1547 815 1746 871 Paulus
1796 816 2014 879 clamat,
2050 824 2241 870 testem

659 909 897 965 all'erens
923 909 1145 976 Isaiam,
1176 923 1354 978 neque
1370 908 1510 963 alius
1531 908 1919 980 fuitDeus,qui
1937 924 2033 978 per
2046 905 2239 962 Isaiam

657 1003 874 1058 locutus
887 1011 988 1069 est,
1013 1018 1175 1072 quam
1192 998 1308 1071 ipse
1322 1001 1417 1056 Dei
1433 998 1623 1067 Filius,
1653 1001 1811 1071 cujus
1827 1000 2086 1070 templum
2103 997 2243 1053 divi-

656 1112 761 1151 nus
790 1095 990 1150 Paulus
1015 1110 1117 1149 nos
1142 1109 1264 1149 esse
1308 1094 1483 1158 novit,
1511 1102 1566 1149 et
1586 1094 1723 1149 tales
1774 1102 1952 1158 vocat,
1978 1092 2067 1147 ubi
2126 1101 2246 1147 tan-

655 1188 779 1244 dem
810 1196 895 1243 est
917 1196 1167 1243 creatura
1205 1186 1369 1241 Mali?
1397 1186 1492 1241 ubi
1514 1186 1623 1243 duo
1655 1195 1709 1242 et
1739 1183 1990 1257 opposita
2026 1182 2128 1239 sibi
2154 1181 2243 1237 in-

654 1278 828 1332 vicem
862 1277 1175 1347 principia?

2341 542 2466 606 Πῶς
2494 544 2540 599 δ’
2566 545 2635 599 ἂν
2666 547 2753 619 εἴη
2782 549 3007 620 πλάσμα
3025 550 3086 603 τὸ
3117 552 3279 621 σῶμα
3301 550 3397 604 τοῦ
3441 551 3690 624 Ἐχθροῦ,
3708 554 3799 609 τοῦ
3828 558 3918 611 αὑ-

2340 631 2433 687 τοῦ
2462 640 2911 714 πνευματοτρόρου
2936 642 3189 714 ῥήτορος,
3213 643 3314 712 τὴν
3346 644 3573 698 Ἡσαΐου
3591 647 3916 718 προφητείαν

2340 721 2718 799 οίκειουμένου
2750 732 2845 785 καὶ
2890 732 3141 801 λέγοντος
3162 750 3177 764 ο
3214 732 3416 803 ’Υμεῖς
3450 728 3596 803 ναὸς
3630 729 3740 806 γὰρ
3778 738 3917 794 Θεοῦ

2339 817 2482 873 ἐστε
2512 814 2757 890 ζῶντοςο
2787 823 2982 891 καθὼς
3010 816 3181 880 εἶπεν
3205 827 3239 881 ὀ
3275 827 3443 893 Θεὸς,
3475 827 3597 881 Ὅτι
3630 827 3916 894 ὲνοικήσω

2340 910 2413 965 ἐν
2441 914 2649 983 αὐτοῖς
2675 917 2774 970 καί
2818 916 3317 989 ἐμπεριπατήσω·
3350 921 3449 974 καὶ
3476 922 3689 990 ἔσομαι
3730 920 3917 975 αὐτῶν

2344 1004 2509 1071 Θεὸς,
2550 1008 2648 1061 καί
2693 1009 2865 1065 αὐτοί
2916 1012 3165 1067 ἔσονταί
3187 1030 3291 1081 μοι
3331 1012 3527 1079 λαός⁹;
3557 1012 3619 1064 Εί
3671 1010 3765 1065 οὖν
3796 1012 3916 1081 Χρι-

2345 1095 2471 1149 στοῦ
2506 1098 2608 1167 μὲν
2656 1096 2819 1171 ἡμεῖς
2839 1101 2987 1168 ναὸς,
3033 1100 3110 1167 ὡς
3145 1103 3356 1167 Παῦλος
3394 1102 3514 1174 βοᾷ,
3555 1102 3813 1174 μάρτυρα
3836 1100 3915 1155 τὸν

2355 1184 2586 1240 Ἡσαΐαν
2647 1190 2937 1259 προῖστάς,
2989 1193 3085 1247 καὶ
3136 1193 3235 1247 οὐκ
3279 1189 3437 1256 ἄλλος
3488 1185 3557 1265 ἦν
3599 1192 3757 1255 Θεὸς,
3803 1193 3831 1244 6
3867 1192 3915 1245 ἐν

2359 1275 2557 1352 Ἡσαΐᾳ
2577 1280 2837 1351 λαλήσας,
2863 1282 2981 1339 ἀλλ’
3004 1284 3171 1350 αὐτὸς
3193 1288 3221 1341 6
3241 1285 3337 1341 τοῦ
3368 1284 3504 1340 Θεοῦ
3533 1284 3683 1354 Υίδς,
3706 1276 3771 1340 οῦ
3803 1284 3914 1337 vain

651 1370 799 1439 ἡμᾶς
845 1371 874 1423 6
929 1369 1219 1431 Θεσπέσιος
1254 1364 1469 1432 Παῦλος
1513 1364 1620 1423 οῐδε
1654 1365 1751 1423 καὶ
1794 1363 2080 1422 ἀποκαλεῖ.
2131 1361 2233 1416 ποῦ
2274 1365 2335 1420 τὸ
2371 1369 2599 1444 πλάσμα
2637 1373 2733 1429 τοῦ
2770 1375 3056 1449 Πονηροῦ;
3104 1378 3208 1432 ποῦ
3244 1378 3301 1434 δὲ
3374 1378 3409 1451 ἡ
3464 1374 3627 1433 διπλῖ·
3691 1380 3791 1433 ita).
3834 1380 3913 1433 άν-

650 1464 936 1535 τικειμένη
963 1462 1103 1538 ἀρχή
1127 1478 1143 1527 ς

720 1557 862 1613 XVI.
888 1556 1057 1613 Porro
1076 1558 1216 1614 idem
1234 1569 1487 1629 retegens
1516 1554 1765 1612 veritatis
1788 1552 1991 1616 lucem,
2026 1564 2235 1619 nosque

652 1651 720 1705 ad
755 1652 1048 1720 puritatem
1090 1660 1145 1705 et
1171 1651 1538 1706 secessionem
1567 1649 1636 1704 ab
1675 1646 1905 1717 impuris
1932 1642 2236 1700 faciendam

650 1743 991 1806 cohortatus,
1022 1742 1151 1797 utin
1186 1742 1328 1795 ﬁlios
1355 1750 1411 1796 et
1438 1741 1577 1795 ﬁlias
1614 1740 1707 1794 Dei
1766 1739 2090 1799 referamur,
2120 1734 2233 1789 ait:

2410 1546 2529 1613 1G”.
2584 1546 2703 1603 Ἔτι
2734 1550 2788 1604 δὲ
2834 1549 3236 1610 ἀνακαλύπτων
3272 1551 3331 1608 τὸ
3363 1557 3464 1627 τῆς
3495 1554 3758 1627 ἀληθείας
3798 1558 3909 1628 φέγο

2337 1653 2454 1706 γος,
2488 1639 2580 1692 καὶ
2618 1640 2895 1711 καθαροὺς
2924 1644 3072 1715 ἡμᾶς
3115 1645 3211 1698 καὶ
3254 1646 3675 1717 ἀφωρισμένους
3706 1666 3910 1721 παραγ·

2336 1728 2545 1799 γέλλων
2574 1728 2712 1788 εἷναι
2741 1735 2851 1788 τῶν
2888 1736 3215 1810 ἀκαθάρτων
3239 1778 3254 1803 ,
3285 1739 3366 1805 ὠς
3392 1739 3470 1792 ἂν
3500 1740 3589 1807 εις
3626 1739 3804 1807 υίοὺς
3828 1741 3909 1794 καί

663 1832 763 1887 Vos
789 1834 929 1887 enim
952 1834 1099 1886 eritis
1141 1832 1266 1886 mihi
1292 1834 1347 1887 in
1375 1833 1512 1903 ﬁlios
1550 1844 1596 1887 et
1631 1832 1771 1902 ﬁlias
1789 1833 1855 1885 ".
1890 1831 2226 1885 Commemo-

2340 1826 2701 1895 θυγατέρας,
2734 1829 2929 1899 ἐπάγει
2960 1831 3054 1885 καὶ
3082 1832 3172 1885 τὸν
3201 1832 3673 1904 ἐπαγγειλάμενον
3709 1832 3908 1900 ταῦτα,

653 1936 737 1980 rat
766 1942 897 1982 vero
931 1926 1095 1981 etiam
1113 1942 1259 1994 eum,
1282 1926 1375 1996 qui
1402 1928 1517 1981 haec
1554 1925 1627 1981 sit
1644 1924 1940 1995 pollicitus,
1965 1923 2108 1993 quod
2127 1920 2234 1976 sci-

652 2018 779 2073 licet
804 2016 1067 2073 Dominus
1106 2018 1178 2072 sit
1209 2019 1581 2089 omnipotens.
1614 2017 1787 2073 Simul
1825 2018 1987 2072 etiam
2034 2014 2233 2080 innuit,

650 2111 721 2167 ad
744 2127 883 2183 quos
913 2112 1229 2183 pertineant
1259 2113 1343 2167 hae
1368 2112 1783 2183 promissiones,
1810 2125 2005 2179 nempe
2036 2108 2103 2163 ad
2134 2122 2237 2161 nos

650 2221 751 2277 per
767 2214 970 2277 patres.
1005 2204 1297 2276 Subjungit
1319 2206 1466 2260 enim
1493 2223 1507 2260 :
1530 2205 1652 2260 Htec
1674 2207 1835 2275 igitur
1856 2202 2113 2272 promissa
2138 2198 2236 2253 Ita-

649 2302 844 2366 bentes,
876 2299 1074 2365 dilecti,
1097 2299 1432 2369 puri/icem‘us
1456 2316 1546 2353 nos
1594 2300 1736 2368 ipsos
1774 2297 1839 2350 ab
1864 2296 2101 2350 omnibus
2127 2310 2238 2347 sor-

648 2393 800 2447 dibus
832 2394 1006 2447 carnis
1040 2404 1090 2448 et
1142 2394 1380 2464 spiritus,
1414 2393 1740 2463 perﬁcientes
1762 2390 2235 2459 sanctiﬁcationem

646 2487 704 2540 in
729 2487 914 2542 timore
937 2487 1033 2541 Dei
1075 2487 1353 2558 ".ltaque
1409 2486 1569 2543 nobis
1616 2486 1731 2540 hare
1780 2484 2046 2554 promissa
2091 2481 2231 2537 facta

647 2585 798 2643 sunt,
833 2575 991 2631 initio
1016 2577 1160 2631 facto
1216 2592 1247 2631 a
1286 2577 1556 2648 patribus.
1588 2574 1653 2630 Et
1702 2575 1861 2646 cujus
1883 2572 1979 2629 Dei
2029 2572 2118 2628 ille
2147 2581 2231 2627 est

644 2668 906 2741 populus,
942 2669 1186 2740 ejusdem
1212 2686 1403 2725 sumus
1434 2678 1487 2725 et
1515 2684 1656 2725 nos:
1708 2678 1763 2722 et
1795 2669 1937 2723 sicut
1979 2666 2230 2722 homines

646 2762 771 2832 puri
800 2762 1047 2832 castique
1082 2763 1289 2818 veteris
1312 2762 1624 2818 testamenti
1666 2760 1925 2830 templum
1948 2768 2077 2815 sunt
2109 2758 2228 2825 Dei,

648 2852 723 2907 ita
747 2866 971 2922 quoque
991 2850 1113 2922 puri
1143 2852 1199 2907 in
1230 2868 1373 2908 novo
1402 2861 1731 2907 testamento
1778 2851 2038 2921 templum
2080 2849 2229 2919 ejus-

646 2944 771 2999 dem
818 2945 911 2999 Dei
943 2954 1092 3000 sunt.
1123 2944 1259 2999 Dum
1314 2957 1498 3000 autem
1563 2961 1687 2999 cum
1720 2946 2065 3000 conditorem
2109 2959 2229 2999 om.

646 3037 801 3091 nium
827 3037 969 3091 idem
1003 3036 1247 3092 veritatis
1272 3053 1449 3108 prazco
1498 3037 1800 3109 swpissime
1824 3036 2081 3108 appellat,
2114 3052 2225 3091 non

646 3130 829 3184 minus
875 3130 1095 3185 Patrem
1144 3131 1361 3186 Domini
1410 3123 1583 3188 nostri
1639 3131 1769 3188 Jesu
1804 3130 2029 3199 Christi,
2060 3145 2222 3202 quam

646 3238 837 3278 verum
867 3222 987 3293 ejus
1013 3221 1209 3278 Filium
1252 3224 1533 3295 praedicat,
1561 3226 1615 3279 in
1644 3225 1713 3281 iis
1750 3242 1968 3297 quoque
1992 3201 2147 3293 locis,
2171 3226 2225 3280 in
2251 3201 2296 3263 C

648 3314 853 3385 quibus
882 3315 1111 3385 gratiam
1170 3315 1275 3372 sibi
1319 3317 1525 3383 datam,
1558 3329 1613 3373 et
1672 3319 1783 3374 vim
1837 3320 2083 3391 mysterii
2123 3319 2225 3375 sibi

649 3406 841 3461 crediti
882 3407 1143 3463 celebrat.
1193 3408 1420 3467 Monens
1476 3412 1644 3478 enim,
1671 3413 1796 3478 sibi,
1837 3412 2063 3469 minimo
2101 3428 2225 3469 om-

646 3497 822 3563 nium,
876 3499 1059 3555 datam
1088 3516 1211 3556 esse
1251 3504 1476 3573 gratiam
1522 3505 1885 3561 annuntiandi
1926 3505 2225 3577 gentilibus

644 3588 865 3645 divitias
898 3590 1399 3661 imperscrutabiles
1428 3594 1652 3662 Christi,
1672 3605 1726 3651 et
1756 3596 1990 3652 docendi
2010 3611 2222 3665 omnes,

642 3696 766 3752 quae
834 3682 908 3736 sit
970 3684 1274 3739 oeconomia
1333 3688 1572 3757 mysterii
1623 3704 1652 3743 a
1708 3688 1924 3744 smculis
1993 3690 2047 3744 in
2108 3688 2222 3744 Deo

641 3772 987 3839 absconditi;
1047 3773 1229 3829 statim
1272 3775 1459 3831 addit:
1495 3776 1597 3842 Qui
1640 3780 1819 3832 omnia
1881 3780 2077 3833 creavit
2128 3795 2223 3848 per

640 3863 821 3917 Jesum
872 3862 1158 3919 Christum.
1209 3866 1398 3937 Itaque
1460 3868 1707 3923 omnium
1769 3868 2019 3925 conditor
2062 3870 2223 3925 Pater

640 3963 745 4017 est,
796 3955 1043 4011 omnium
1089 3972 1221 4013 vero
1280 3959 1532 4015 conditor
1581 3961 1742 4015 etiam
1816 3961 2003 4018 Filius.
2069 3963 2222 4020 Sicut

640 4048 787 4101 enim
846 4057 1058 4115 natura,
1107 4049 1179 4104 ita
1243 4058 1299 4105 et
1363 4061 1640 4123 potestas,
1706 4061 1761 4109 et
1828 4054 2138 4125 imperium,
2167 4065 2221 4111 et

641 4141 901 4208 potentia,
931 4151 985 4196 et
1025 4142 1228 4198 creatio
1268 4143 1562 4199 visibilium
1603 4146 1846 4201 omnium
1886 4154 1942 4202 et
1974 4147 2219 4203 invisibi-

640 4232 796 4299 lium,
815 4248 881 4287 ac
905 4248 1087 4287 rerum
1122 4249 1186 4289 ex
1208 4250 1317 4290 non
1341 4237 1733 4293 exsistentibus
1755 4238 1822 4292 ad
1842 4238 2214 4295 exsistentiam

638 4324 926 4395 productio
972 4327 1287 4381 communia
1336 4328 1555 4397 utrique
1602 4339 1659 4385 et
1687 4329 1916 4385 indivisa
1967 4341 2116 4386 sunt.
2148 4331 2215 4387 Et

638 4424 765 4486 post
788 4430 960 4487 pauca
992 4434 1005 4471 :
1039 4416 1330 4487 Propterea
1361 4421 1512 4488 [lecto
1538 4436 1709 4490 genua
1741 4438 1855 4475 mea
1887 4423 1959 4476 ad
1994 4422 2212 4477 Patrem

2338 1916 2422 1971 ὅτι
2468 1917 2673 1989 Κύριός
2712 1920 2829 1974 ἐστι
2860 1922 3284 1995 παντοκράτωρ’
3322 1925 3707 1979 συνδιαπλέκει
3739 1926 3797 1979 δὲ
3832 1925 3910 1979 καὶ

2338 2008 2475 2077 πρὸς
2518 2010 2671 2074 τίνας
2722 2013 2779 2065 αί
2826 2012 3184 2084 ἐπαγγελίαι,
3232 2017 3315 2071 ὅτι
3370 2016 3461 2070 διὰ
3513 2017 3624 2070 τῶν
3669 2019 3909 2090 πατέρων

2338 2097 2475 2167 πρὸς
2507 2100 2695 2171 ἡμᾶς’
2746 2103 2997 2175 ἐπιφέρει
3057 2104 3204 2177 γάρ’
3253 2108 3478 2174 Ταύτας
3533 2102 3648 2163 οὖν
3671 2109 3909 2178 ἔχοντες

2336 2191 2444 2260 τὰς
2463 2193 2846 2267 ἐπαγγελίας,
2874 2200 3075 2269 circum
3084 2202 3195 2266 τοί,
3226 2201 3645 2274 καθαρίσωμεν
3664 2200 3907 2270 ἑαυτοὺς

2335 2284 2455 2339 ἀπὸ
2489 2289 2720 2357 παντὸς
2747 2293 3072 2362 μολυσμοῦ
3116 2294 3344 2363 σαρκὸς
3384 2296 3485 2349 καὶ
3536 2297 3905 2365 πνεύματος,

2334 2376 2758 2449 ἐπιτελοῦντες
2802 2384 3148 2455 ἁγιωσύνην
3196 2386 3267 2440 ὲν
3312 2388 3475 2457 φόϐῳ
3522 2387 3694 2443 Θεοῦ.
3760 2389 3903 2442 Ὥστε

2334 2471 2498 2542 ἡμεῖς
2524 2473 2624 2544 μὲν
2646 2477 3036 2549 ὲπηγγέλμεθα
3065 2480 3261 2547 ταῦτα,
3285 2481 3601 2553 ἀρξαμένης
3620 2483 3727 2552 τῆς
3751 2484 3902 2549 ἐπαγ.

2332 2563 2521 2631 γελίας
2550 2567 2661 2620 ἀπὸ
2687 2568 2798 2622 τῶν
2829 2570 3105 2641 πατέρων.
3135 2574 3247 2626 Καὶ
3279 2565 3451 2643 οὗπερ
3486 2574 3700 2637 ἐκεῖνος
3725 2574 3755 2625 6
3792 2571 3900 2635 λαὸς

2330 2656 2487 2724 θεοῦ,
2510 2658 2603 2711 τοῦ
2632 2658 2798 2713 αὑτοῦ
2822 2661 2916 2715 καὶ⁸
2937 2664 3099 2732 ἡμεῖς
3118 2680 3132 2694 ·
3160 2665 3255 2717 καὶ
3278 2664 3353 2728 ὡς
3383 2664 3492 2719 τῶν
3521 2666 3581 2718 ὲν
3606 2667 3678 2735 τῇ
3706 2661 3899 2735 Παλαιᾷ

2328 2751 2379 2804 oi
2411 2752 2647 2823 καθαροὶ
2679 2753 2807 2819 ναὸς
2836 2754 2930 2808 τοῦ
2951 2755 3109 2821 Θεοῦ,
3134 2755 3275 2811 οῦτω
3302 2760 3395 2811 καὶ
3424 2756 3475 2811 oi
3502 2760 3558 2811 ὲν
3586 2758 3655 2829 τῇ
3677 2758 3793 2829 Νέᾳ
3815 2776 3896 2810 κα-

2330 2841 2488 2913 θαροὶ
2518 2845 2639 2909 ναὸς
2667 2845 2762 2899 τοῦ
2790 2845 2957 2901 αὑτοῦ
2989 2845 3148 2903 Θεοῦ.
3182 2848 3426 2921 Κτίστην
3453 2848 3510 2904 δὲ
3547 2846 3774 2906 πάντων
3809 2850 3897 2904 πά-

2329 2934 2412 2988 λιν
2438 2936 2697 3003 πολλάκις
2712 2940 2741 2992 6
2764 2940 2927 3004 αὐτὸς
2949 2940 3051 3011 τῆς
3077 2941 3334 3013 ἀληθείας
3355 2942 3695 3012 διαγγέλλων
3719 2940 3895 3015 κῆρυξ.

2327 3030 2422 3085 τόν
2451 3048 2510 3084 τε
2539 3032 2761 3103 Πατέρα
2778 3034 2871 3088 τοῦ
2904 3034 3110 3106 Κυρίου
3129 3035 3286 3105 ἡμῶν
3320 3034 3496 3107 Ἰησοῦ
3523 3036 3789 3108 Χριστοῦ,
3818 3038 3895 3089 καὶ

2328 3122 2493 3177 αὑτὸν
2530 3122 2620 3178 τὸν
2650 3123 2907 3196 ἀληθινὸν
2942 3125 3108 3179 αὐτοῦ
3148 3126 3277 3180 Υίὸν
3312 3128 3466 3182 οὐδὲν
3502 3121 3670 3200 ἦττον
3706 3146 3895 3197 καταγ-

2328 3218 2527 3287 γέλλει,
2554 3218 2650 3273 καὶ
2672 3219 2730 3275 ὲν
2758 3212 2840 3284 οἷς
2863 3218 3023 3291 ὑμνεί
3043 3219 3144 3292 τὴν
3164 3221 3324 3294 χάριν
3343 3222 3441 3295 τὴν
3464 3222 3720 3278 δοθεῖσαν
3741 3220 3893 3292 αὐτῷ,

2330 3311 2422 3364 καὶ
2469 3309 2563 3365 τοῦ
2604 3311 3137 3376 καταπιστευθέντος
3170 3314 3477 3385 μυστηρίου
3520 3313 3621 3387 τὴν
3655 3316 3890 3387 δύναμιν.

2326 3400 2513 3455 Εἰπὼν
2524 3402 2653 3473 γάρ,
2672 3402 2749 3465 ὠς
2772 3421 2791 3454 ι
2810 3399 2969 3475 Ἐμοὶ
2995 3404 3071 3475 τῷ
3088 3403 3487 3478 ἐλαχιστοτέρῳ
3509 3405 3735 3462 πάντων
3755 3407 3892 3476 ἐδόθη

2326 3494 2359 3565 ἡ
2398 3494 2561 3565 χάρις
2606 3492 2746 3565 αῦτη
2801 3495 2861 3548 ὲν
2897 3498 3011 3560 τοῖς
3054 3496 3265 3551 ἔθνεσιν
3306 3496 3773 3569 εὐαγγελίσασθαι
3815 3499 3891 3553 τὸν

2324 3586 2732 3658 ἀνεξιχνίαστον
2791 3587 3020 3643 πλοῦτον
3073 3587 3169 3644 τοῦ
3224 3591 3463 3662 Χριστοῦ
3518 3594 3613 3646 καὶ
3674 3594 3889 3665 φωτίσαι

2324 3676 2554 3744 πάντας,
2603 3679 2687 3744 τίς
2716 3681 2750 3751 ή
2786 3680 3074 3752 οἰκονομία
3109 3680 3204 3735 τοῦ
3240 3684 3543 3754 μυστηρίου
3581 3683 3681 3738 τοῦ
3708 3688 3889 3740 ἀποκε-

2324 3772 2643 3843 κρυμμένου
2674 3772 2785 3827 ἀπὸ
2812 3772 2923 3827 τῶν
2953 3772 3165 3828 αἰώνων
3182 3775 3239 3829 ὲν
3256 3775 3335 3845 τῷ
3352 3774 3522 3847 Θεῷ.»
3551 3775 3756 3832 αὐτίκα
3782 3794 3889 3831 συν.

2324 3864 2486 3917 άπτει
2508 3880 2522 3894 ·
2544 3862 2620 3933 τῷ
2645 3862 2718 3917 τὰ
2735 3861 2932 3919 πάντα
2959 3865 3234 3920 κτίσαντι
3253 3866 3351 3921 διὰ
3382 3868 3579 3936 Ἰησοῦ
3608 3869 3886 3939 Χριστοῡ’

2322 3955 2462 4009 ὥστε
2498 3954 2718 4011 πάντων
2751 3953 2853 4025 μὲν
2879 3942 3106 4028 κτίστης
3128 3960 3156 4011 6
3193 3955 3401 4030 Πατὴρ,
3436 3961 3661 4015 πάντων
3688 3963 3748 4016 δὲ
3792 3962 3884 4016 nsi-

2323 4066 2454 4119 στης
2471 4050 2499 4103 6
2514 4050 2665 4114 Υἱός.
2680 4048 2876 4105 Κοινον
2899 4050 3008 4120 γὰρ
3029 4051 3122 4103 καὶ
3142 4050 3437 4122 ἀδιάφορον
3457 4050 3703 4127 ὥσπερὴ
3723 4054 3885 4124 φύσις,

2321 4143 2418 4195 καὶ
2447 4143 2480 4213 ἠ
2512 4141 2737 4207 ἐξουσία
2767 4143 2862 4198 καὶ
2887 4144 2920 4215 ἡ
2948 4140 3220 4214 βασιλεία,
3256 4144 3407 4214 καὶὴ
3437 4144 3776 4219 δημιουργία
3796 4147 3887 4200 τῶν

2320 4233 2535 4305 ὁρατῶν
2558 4252 2619 4287 τε
2651 4234 2869 4288 πάντων
2892 4235 2987 4288 καὶ
3022 4234 3292 4305 ἀοράτων,
3326 4237 3421 4289 καὶ
3458 4238 3492 4307 ἡ
3516 4236 3578 4302 ἐξ
3602 4238 3709 4292 οἰκ
3736 4238 3886 4292 ὄντων

2317 4328 2398 4389 εἰς
2427 4324 2489 4378 τὸ
2532 4320 2674 4379 εἶναι
2704 4324 3006 4397 προαγωγὴ
3032 4326 3124 4379 καὶ
3151 4328 3424 4392 οὖσίωσις.
3476 4330 3588 4383 Καὶ
3626 4332 3751 4400 μετ’
3790 4330 3885 4383 ὀλί-

2316 4435 2440 4487 γον·
2479 4419 2701 4473 Τούτου
2727 4416 2905 4488 χάριν
2959 4417 3204 4488 κάμπτω
3238 4418 3310 4473 τὰ
3349 4420 3569 4491 γόνατά
3594 4440 3723 4491 μου
3753 4422 3885 4490 πρὸς

636 4508 853 4563 Domini
882 4510 1047 4563 nostri
1090 4509 1215 4564 Jesu
1244 4509 1459 4577 Christi,
1487 4528 1550 4566 ex
1576 4529 1677 4583 quo
1709 4514 1875 4568 omnis
1915 4517 2211 4585 paternitas

2328 4512 2424 4566 τὸν
2448 4512 2680 4581 Πατέρα
2700 4511 2821 4581 τοῦ,
2836 4514 3056 4580 Kvplov
3080 4514 3249 4583 ἡμῶν
3286 4514 3490 4583 Ἰησοῦ
3524 4516 3805 4586 Χριστοῦ,
3826 4514 3883 4579 ἐξ

635 4604 691 4657 in
719 4603 844 4657 caelo
874 4612 922 4658 et
950 4605 1007 4657 in
1032 4612 1174 4658 terra
1218 4605 1525 4659 nominatur
1564 4608 1629 4660 ⁷⁸.
1663 4605 1855 4663 Omnis
1890 4610 2211 4679 paternitas,

634 4693 847 4765 inquit,
879 4710 990 4750 non
1050 4704 1235 4751 autem
1271 4712 1286 4751 :
1322 4698 1524 4769 aliqua,
1574 4698 1679 4753 alia
1727 4714 1859 4755 vero
1900 4716 2011 4757 non
2058 4702 2211 4757 item.

630 4785 822 4856 Neque
862 4786 931 4843 de
980 4788 1129 4844 omni
1182 4788 1389 4845 cmlesti
1442 4790 1617 4846 solum
1674 4792 1947 4863 loquitur,
2004 4795 2099 4851 sed
2145 4795 2214 4851 de

631 4882 806 4947 omni,
829 4883 948 4938 sive
971 4882 1251 4938 caelestem
1271 4883 1438 4951 dicas,
1460 4885 1576 4940 sive
1594 4896 1933 4955 terrestrem,
1953 4889 2071 4943 sive
2089 4904 2211 4943 om-

628 4989 777 5041 nem,
830 4976 947 5031 sive
991 4984 1201 5046 partem
1239 4993 1253 5029 :
1288 4977 1533 5032 omnium
1587 4979 1805 5034 illorum
1850 4980 2101 5037 conditor
2128 4990 2212 5036 est

633 5066 778 5122 Deus
806 5074 862 5122 et
884 5065 1049 5121 Pater
1095 5067 1312 5123 Domini
1365 5071 1539 5126 nostri
1588 5070 1718 5128 Jesu
1765 5074 1974 5129 Christi
2010 5092 2024 5129 :
2055 5090 2119 5131 ex
2147 5090 2214 5130 eo

628 5154 777 5210 enim
826 5156 1006 5212 omnis
1054 5158 1355 5228 paternitas
1400 5159 1456 5214 in
1503 5161 1641 5216 coelo
1670 5170 1727 5217 et
1754 5162 1807 5217 in
1846 5172 2028 5230 terra,
2067 5163 2211 5218 sicut

629 5245 777 5299 clare
808 5244 1041 5312 Paulus,
1074 5257 1351 5317 spectator
1393 5250 1536 5306 idem
1563 5261 1620 5307 et
1646 5252 1841 5308 doctor
1869 5270 2053 5308 rerum
2079 5256 2208 5310 abs-

627 5336 1010 5402 eonditarum,
1066 5340 1426 5408 pronuntiat,
1485 5342 1824 5398 nominatur.
1883 5343 2026 5399 Alibi
2080 5360 2211 5399 vero

630 5429 826 5483 eodem
853 5430 1014 5485 modo
1043 5430 1109 5486 de
1144 5431 1252 5489 Deo
1274 5432 1555 5490 disserens
1586 5436 1663 5491 ait
1694 5454 1707 5490 :
1739 5435 1850 5491 Una
1884 5436 2042 5506 fides,
2073 5454 2207 5492 unus

632 5524 957 5592 baptismus,
1004 5542 1139 5579 unus
1180 5525 1318 5581 Deus
1352 5537 1401 5582 et
1446 5526 1615 5583 Pater
1670 5529 1937 5595 omnium,
1990 5530 2081 5599 qui
2138 5538 2213 5583 est

623 5630 784 5684 super
832 5616 1008 5670 omnia
1048 5625 1097 5670 et
1135 5633 1227 5686 per
1258 5619 1470 5685 ontnia,
1503 5628 1553 5674 et
1594 5620 1647 5673 in
1687 5618 1833 5674 nobis
1871 5620 2109 5675 omnibus
2142 5622 2210 5676 ⁷⁸.

2317 4599 2391 4660 οὗ
2420 4603 2591 4659 πᾶσα
2618 4603 2836 4672 πατριὰ
2869 4605 2939 4657 ἐν
2968 4603 3203 4675 οὐρανῷ
3230 4606 3328 4660 καὶ
3360 4607 3457 4661 ἐπὶ
3486 4608 3599 4677 τῆς
3624 4605 3882 4679 ὀνομάζει
3968 4616 3975 4679 I'

2316 4682 2431 4753 ται.
2456 4730 2525 4738 -
2553 4695 2731 4752 Πᾶσα
2761 4700 3002 4767 πατριὰ,
3033 4700 3219 4769 φησὶν,
3251 4700 3405 4771 οὐχί·
3456 4700 3542 4764 τὶς
3573 4702 3697 4772 μὲν,
3736 4704 3815 4765 τὶς
3845 4701 3881 4753 δ’

2311 4788 2396 4859 οὒ,
2424 4790 2545 4844 οὐδὲ
2578 4791 2728 4844 πᾶσα
2753 4791 2787 4860 ἡ
2834 4790 3085 4860 οὐράνιος
3134 4790 3294 4861 μόνη,
3326 4791 3461 4845 ἀλλὰ
3503 4792 3605 4846 κᾶν
3645 4795 3881 4864 οὐράνιον

2311 4882 2497 4953 εἴπῃς,
2547 4881 2652 4935 κᾶν
2704 4882 2968 4949 ἐπίγειον,
3031 4884 3134 4937 κᾶν
3167 4884 3354 4956 μέρος,
3404 4886 3611 4940 τούτων
3640 4888 3880 4941 ἀπάντων

2313 4975 2431 5028 ἐστὶ
2457 4974 2793 5046 δημιουργὸς
2821 4976 2850 5027 6
2880 4972 3011 5036 Θεὸς
3034 4974 3129 5027 καὶ
3161 4975 3352 5046 Πατὴρ
3374 4974 3470 5029 τοῦ
3498 4978 3705 5048 Κυρίου
3738 4976 3879 5047 ἡμῶν

2325 5067 2503 5139 Ἰησοῦ
2528 5066 2763 5138 Χριστοῦ
2790 5082 2804 5097 ·
2842 5067 2901 5132 ἐξ
2924 5066 3090 5120 αὐτοῦ
3116 5066 3226 5139 γάρ
3270 5068 3423 5121 πᾶσα
3455 5070 3666 5139 πατριά
3713 5070 3770 5123 ὲν
3798 5067 3876 5120 οὒ·

2316 5157 2466 5230 ρανῷ
2495 5159 2593 5212 καὶ
2621 5159 2716 5212 ἐπὶ
2748 5158 2872 5227 γῆς,
2898 5157 2974 5220 ὡς
3022 5157 3392 5227 ἀνακηρύττει
3433 5156 3707 5229 λαμπρῶς
3733 5158 3761 5210 6
3786 5154 3878 5210 τῶν

2314 5253 2646 5323 ἀπορρήτων
2677 5252 2772 5305 καὶ
2805 5249 3003 5320 θεατὴς
3028 5250 3126 5303 καὶ
3169 5249 3510 5314 διδάσκαλος,
3544 5250 3875 5320 ὀνομάζεται.

2313 5346 2423 5400 Καὶ
2440 5346 2495 5397 ὲν
2512 5343 2693 5413 ἀλλοις
2717 5343 2775 5397 δὲ
2792 5342 2860 5395 τὰ
2882 5342 3020 5395 αὑτὰ
3047 5342 3337 5409 θεολογῶν,
3356 5336 3461 5408 Εἷς
3477 5344 3719 5412 Κύριος,
3737 5341 3876 5411 φησὶ,

2312 5437 2424 5506 μία
2451 5437 2676 5502 πίστις,
2730 5433 2801 5488 ἓν
2827 5432 3165 5502 βάπτισμα,
3217 5428 3307 5500 εἷς
3349 5434 3495 5500 Θεὸς
3534 5435 3636 5489 καί
3696 5432 3877 5499 Πατὴρ

2318 5528 2578 5595 πάντων,
2612 5531 2647 5582 ό
2684 5525 2785 5580 ἐπὶ
2831 5523 3092 5590 πάντων,
3124 5524 3223 5579 καὶ
3272 5524 3370 5580 διὰ
3409 5524 3675 5593 πάντων,
3702 5523 3879 5579 καὶέν

2318 5621 2508 5677 πᾶσιν
2532 5620 2699 5690 ἡμῖν.
2743 5617 3090 5672 ’Λδιάστατον
3126 5617 3182 5671 δὲ
3211 5618 3307 5673 καὶ
3355 5617 3677 5694 ἀμέριστον,
3705 5616 3877 5685 ὥσπερ

695 5798 738 5831 ⁸⁷
775 5799 817 5855 Il
841 5800 965 5858 Cor.
998 5820 1070 5873 γι,
1108 5802 1188 5859 l6.
1267 5806 1310 5837 “
1340 5803 1472 5861 ibid.
1516 5805 1597 5862 l8.
1636 5806 1719 5882 AO"
1759 5806 1804 5862 ll
1827 5806 1953 5863 Cor.
1990 5824 2085 5878 ru,
2126 5810 2177 5865 t.
2255 5811 2299 5843 ⁷⁸
2331 5810 2533 5883 Ephes.
2565 5809 2764 5879 1",”.
2840 5810 2882 5842 τ’
2926 5807 3125 5879 Ephes.
3160 5822 3235 5877 tv,
3265 5808 3315 5867 5.
