4022 6410
188 377 298 443 165

1216 378 1508 443 CONTRA
1546 381 2005 445 MANICHIEOS
2043 382 2273 444 LIBER
2310 382 2424 445 III.

3347 379 3449 445 166

180 494 287 565 τὴν
313 489 477 561 φύσιν
498 490 594 545 καὶ
624 490 686 545 τὸ
716 491 953 562 θέλημα,
991 490 1136 547 οὕτω
1162 494 1257 547 καὶ
1272 494 1371 565 τὴν
1400 496 1768 566 δημιουργίαν

1873 497 2115 567 Cumque
2170 498 2313 551 idem
2349 504 2537 550 nosset
2564 493 2777 550 Patrem
2804 503 2861 550 ct
2886 493 3103 562 Filium,
3130 493 3274 550 sicut
3301 495 3447 566 quod

181 585 283 640 καὶ
314 584 378 637 τὸ
415 583 617 655 κράτος
670 583 824 647 εἰδὼς
856 583 949 637 τοῦ
984 585 1219 657 Πατρὸς,
1251 588 1347 641 καὶ
1389 587 1484 641 τοῦ
1518 586 1673 653 Υίοῦ,
1700 588 1769 643 τὰ

182 677 330 731 αὐτὰ
364 676 459 731 καὶ
487 676 618 747 περὶ
642 675 735 729 τοῦ
762 677 1016 747 Σωτῆρος
1056 680 1600 752 πεπαρῤησιασμένῃ
1632 680 1769 751 κρά-

182 767 270 832 ζει
291 771 469 839 φωνῇ.
512 768 615 822 Ἐν
640 766 801 833 αὐτῷ
830 771 960 838 γὰρ,
990 770 1147 841 φησὶ,
1170 771 1416 840 ἐκτίσθη
1444 773 1516 826 τὰ
1549 775 1765 829 πάντα.

182 859 433 929 Πρόσεχε
456 874 469 888 ’
495 858 571 913 Τὰ
598 858 818 924 πάντα,
837 860 905 913 τὰ
935 864 992 915 ὲν
1025 864 1139 923 τοῖς
1179 864 1430 934 οὐρανοῖς
1460 865 1556 917 καὶ
1581 863 1651 919 τὰ
1676 865 1769 918 ἐπὶ

180 949 287 1019 τῆς
310 949 435 1020 γῆς.
486 949 596 1002 Καὶ
647 950 735 1003 ῖνα
769 950 845 1022 μὴ
889 956 922 1023 ἡ
981 954 1147 1024 μανία
1179 954 1380 1026 λήρους
1412 956 1606 1020 ἄλλους
1648 959 1769 1021 ταῖς

184 1041 365 1111 ἱεραῖς
396 1044 600 1110 φωναῖς
641 1042 909 1115 ὑποϐάλῃ,
963 1043 1044 1098 ἔτι
1096 1048 1236 1103 κατὰ
1283 1049 1566 1119 συνέχειαν
1608 1049 1768 1116 ἐπεξ-

181 1134 429 1201 ηγεῖται,
447 1132 566 1187 τίνα
590 1135 699 1187 εἰσὶ
728 1135 797 1189 τὰ
825 1136 883 1188 ὲν
922 1140 1035 1202 τοῖς
1066 1138 1316 1211 οὐρανοῖς
1345 1142 1439 1194 καὶ
1464 1141 1531 1195 τὰ
1550 1143 1642 1197 ἐπὶ
1669 1144 1768 1213 τῆς

183 1223 319 1292 γῆς,
353 1225 434 1277 ὃτι
463 1224 531 1277 τὰ
560 1226 731 1293 δρατὰ
755 1228 851 1280 καὶ
878 1227 949 1281 τὰ
980 1230 1211 1300 ἀόρατα,
1243 1233 1337 1285 καὶ
1383 1232 1560 1288 ταῦτα
1593 1235 1769 1287 πάντα

184 1314 246 1366 ὲν
282 1314 436 1385 αὐτῴ
472 1332 607 1385 φησι
637 1317 907 1383 ἐκτίσθαι,
947 1323 1043 1375 καὶ
1066 1322 1135 1374 δι’
1163 1323 1327 1376 αὐτοῦ
1356 1326 1451 1377 καὶ
1480 1326 1559 1389 είς
1581 1327 1766 1380 αὐτόν.

187 1403 318 1467 [ιὼς
341 1400 434 1457 οῦν
468 1406 501 1476 ὴ
528 1407 868 1479 ἁποστατικὴ
891 1410 1067 1465 λύσσα
1102 1414 1212 1467 τῶν
1248 1416 1347 1485 μὲν
1370 1417 1582 1487 ὁρατῶν
1610 1419 1770 1473 ἄλλον

188 1496 426 1565 πράττει
471 1499 727 1569 ποιητὴν,
778 1500 936 1555 ἄλλον
966 1502 1024 1556 δὲ
1073 1504 1179 1558 τῶν
1224 1507 1515 1576 ἁοράτων;
1554 1512 1616 1564 Εἰ
1661 1511 1770 1582 γὰρ

189 1588 375 1641 πάντα
412 1587 500 1642 διὰ
549 1590 786 1659 Χριστοῦ
818 1592 912 1645 καὶ
958 1596 1038 1658 είς
1080 1596 1318 1666 Χριστὸν
1357 1598 1624 1664 ἔκτισται,
1676 1602 1772 1656 καὶ

188 1678 359 1741 αὐτός
388 1682 504 1732 ἐστι
532 1681 640 1750 πρὸ
673 1683 914 1751 πάντων,
950 1687 1042 1739 καὶ
1074 1687 1143 1740 τὰ
1174 1687 1353 1741 πάντα
1384 1692 1440 1743 ὲν
1464 1692 1614 1761 αὐτῷ
1640 1710 1768 1747 συν-

188 1770 421 1840 έστηκε,
454 1770 558 1825 ποῦ
605 1775 638 1845 ἡ
666 1774 997 1847 δημιουργία
1036 1779 1133 1831 τοῦ
1181 1780 1405 1852 Ἐχθροῦ
1428 1799 1443 1847 ;
1469 1785 1576 1837 Kal.
1607 1785 1771 1849 αὐτὸς

192 1860 298 1930 μὲν
320 1863 349 1914 ό
376 1861 601 1931 ’Δγαθὸς
626 1842 893 1934 προαγειτο
913 1842 1169 1938 προάγων
1196 1842 1507 1942 δέσῦνέχει,
1533 1842 1771 1947 συνέχων
1798 1842 1844 1900 Β

187 1950 247 2004 δὲ
274 1952 371 2005 καὶ
410 1953 509 2021 τῆς
558 1954 820 2026 διαμονῆς
863 1962 1195 2028 προνοεῖται.
1252 1963 1346 2017 Ἐκ
1393 1965 1554 2029 ποίας
1604 1967 1771 2039 ἄλλης

188 2042 474 2113 ἐνεργείας
512 2043 741 2097 δώσουσι
800 2046 908 2099 τῶν
951 2046 1045 2101 τοῦ
1086 2050 1221 2103 Θεοῦ
1265 2052 1771 2125 δημιουργημάτων

188 2131 292 2200 τὴν
312 2132 558 2198 ἐξουσίαν
582 2134 657 2205 τῷ
691 2136 919 2208 Ἐχθρῷ,
939 2139 988 2191 εί
1021 2142 1094 2210 μὴ
1122 2142 1230 2212 ἄρα
1261 2142 1325 2197 δι’
1346 2145 1544 2214 αὐτῶν,
1567 2149 1625 2202 ὲν
1641 2142 1684 2216 ᾧ
1710 2168 1771 2204 τε

190 2223 483 2293 πληρωταὶ
515 2226 622 2280 τῶν
638 2225 959 2298 θελημάτων
984 2232 1092 2284 εἰσὶ
1130 2234 1225 2288 τοῦ
1261 2236 1383 2307 Ἐχθ
1395 2238 1487 2307 ροῦ
1504 2281 1519 2305 ,
1545 2242 1638 2294 καὶ
1651 2243 1708 2295 ὲν
1726 2236 1772 2311 ᾧ

191 2314 271 2386 μὴ
306 2316 612 2387 πεφρίκασι
634 2319 923 2391 θεομαχεῖν
944 2339 960 2389 ;
983 2319 1142 2378 Οῦτοι
1171 2327 1280 2400 γὰρ
1311 2332 1451 2385 κατὰ
1471 2332 1568 2385 τοῦ
1588 2333 1770 2388 κοινοῦ

187 2406 467 2460 Δεσπότου
504 2410 599 2462 καὶ
629 2410 871 2467 πλάστου
928 2416 1106 2487 στόμα
1148 2418 1519 2487 πλατύναντες
1559 2424 1772 2496 δύσφη-

192 2516 320 2568 μον,
361 2500 458 2553 καὶ
485 2501 628 2555 κατὰ
650 2505 749 2575 τῆς
780 2505 1180 2581 δημιουργικῆς
1204 2513 1369 2568 αὐτοῦ
1399 2516 1769 2589 ἐπανιστάμε-

190 2607 276 2643 νοι
312 2592 654 2664 κυριότητος,
703 2596 798 2649 καὶ
850 2601 963 2662 τοῖς
1008 2600 1262 2666 ὲκτόποις
1301 2604 1532 2659 πάθεσιν
1559 2607 1771 2663 ὑποκα-

190 2682 554 2768 τακλίναντες
598 2687 848 2754 ἑαυτοὺς,
890 2691 949 2756 ἐξ
987 2686 1063 2746 ὧν
1096 2712 1155 2747 τε
1197 2694 1547 2767 θεομαχοῦσι,
1581 2701 1675 2753 καὶ
1714 2701 1771 2768 ἐξ
1828 2691 1832 2693 λ

191 2767 270 2828 ὧν
292 2774 464 2846 δρῶσι
501 2779 568 2831 τὰ
597 2778 831 2850 ἄθεσμα,
871 2782 1099 2847 ἑαυτοὺς
1133 2786 1519 2859 ὑπέφηνανδὼς
1556 2767 1773 2862 ἀληθῶς

190 2863 658 2939 δημιουργήματα
691 2871 787 2923 καὶ
808 2871 1027 2938 δούλους
1056 2874 1148 2928 106
1179 2876 1427 2949 Ἐχθροῦ.
1457 2872 1527 2951 ’ᾯ
1551 2882 1660 2953 γάρ
1688 2900 1773 2946 τις

192 2954 450 3026 ἥττηται,
478 2959 652 3032 τούτῳ
678 2963 771 3015 καὶ
798 2962 1138 3020 δεδούλωται.
1178 2967 1319 3021 Ἀλλ’
1338 2968 1488 3023 ὥσπε
1497 2988 1528 3043 ρ
1554 2973 1774 3039 ἑκόντες

192 3046 337 3116 πρὸς
364 3047 435 3101 τὰ
482 3048 631 3121 πάθη
664 3055 1099 3126 κατασυρόμενοι
1134 3058 1271 3130 (66),
1312 3063 1406 3115 καὶ
1449 3065 1590 3119 κατὰ
1617 3065 1773 3120 τοῦτο

1867 588 1934 640 ad
1975 595 2226 641 naturam
2256 594 2312 639 et
2339 584 2700 651 voluntatem,
2735 584 2812 639 ita
2844 594 2899 639 et
2936 584 3079 654 quod
3115 584 3181 639 ad
3210 586 3450 640 creatio-

1868 693 1991 733 nem
2032 688 2088 733 et
2112 677 2432 748 potentiam,
2472 676 2868 745 inseparabiles
2905 691 3027 731 esse
3053 684 3111 731 et
3158 675 3446 741 indivisos,

1866 770 2056 824 eadem
2089 769 2253 824 etiam
2290 768 2358 823 de
2393 766 2683 822 Servatore
2709 768 2882 823 libera
2910 782 3042 822 voce
3083 767 3446 839 proloquitur.
3530 763 3541 777 ’

1864 864 1929 920 In
1953 864 2067 933 ipso
2085 864 2247 930 enim,
2266 862 2543 933 inquiens,
2562 870 2741 916 creata
2753 873 2872 915 sunt
2898 861 3079 915 omnia
3099 861 3169 915 τ’.
3190 861 3444 916 Attende;

1867 955 2080 1022 Omnia,
2102 972 2222 1025 quae
2249 954 2303 1009 in
2332 955 2486 1011 caelis
2513 965 2569 1010 et
2612 955 2665 1009 in
2693 963 2836 1009 terra
2867 965 3018 1009 sunt.
3050 953 3117 1009 Et
3146 969 3217 1008 ne
3252 954 3447 1008 insana

1868 1048 2067 1102 cohors
2093 1062 2265 1117 nugas
2312 1061 2439 1101 suas
2467 1046 2649 1102 verbis
2684 1046 2856 1101 sacris
2890 1045 3189 1112 affricaret,
3223 1044 3278 1099 in
3305 1046 3448 1100 serie

1866 1138 2135 1194 orationis
2179 1138 2458 1203 edisserit,
2507 1153 2755 1207 quaenam
2805 1137 2916 1192 sint
2943 1152 3008 1191 ea
3036 1137 3091 1191 in
3125 1137 3279 1193 caelis
3306 1146 3361 1192 et
3392 1137 3445 1191 in

1868 1239 2047 1296 terra;
2076 1230 2236 1285 docet
2270 1231 2416 1285 enim
2454 1228 2687 1285 visibilia
2716 1238 2774 1283 et
2834 1228 3150 1294 invisibilia,
3181 1237 3238 1283 et
3261 1228 3447 1283 omnia

1868 1322 1924 1377 in
1955 1337 2021 1376 eo
2049 1330 2235 1376 creata
2272 1337 2414 1386 esse,
2465 1330 2521 1376 et
2559 1336 2659 1391 per
2683 1336 2831 1387 eum,
2866 1328 2923 1376 et
2955 1321 3009 1374 in
3044 1320 3245 1390 ipsum.
3295 1320 3448 1386 Quo-

1869 1414 2031 1468 modo
2070 1412 2252 1482 itaque
2292 1421 2663 1481 apostatarum
2698 1411 2879 1467 rabies
2927 1411 3091 1465 alium
3127 1410 3446 1477 visibilium,

1869 1504 2036 1560 alium
2108 1504 2467 1559 invisibilium
2530 1519 2712 1558 rerum
2780 1503 3119 1557 conditorem
3169 1502 3339 1557 facit?
3390 1504 3447 1558 Si

1869 1595 2017 1650 enim
2071 1595 2256 1650 omnia
2303 1610 2401 1665 per
2451 1594 2729 1649 Christum
2755 1602 2812 1649 et
2842 1593 2894 1647 in
2938 1592 3217 1648 Christum
3265 1603 3449 1649 creata

1872 1694 2022 1750 sunt,
2055 1692 2111 1739 et
2140 1685 2282 1739 idem
2306 1694 2389 1740 est
2414 1693 2541 1740 ante
2566 1684 2773 1752 omnia,
2801 1693 2857 1738 et
2883 1684 3065 1738 omnia
3095 1684 3147 1738 in
3179 1684 3298 1754 ipso
3317 1700 3449 1739 con-

1873 1777 2092 1843 sistunt,
2145 1777 2236 1832 ubi
2272 1778 2488 1831 tandem
2529 1785 2613 1831 est
2640 1775 2847 1832 crcatio
2900 1774 3110 1830 hostis?
3160 1776 3301 1830 Sane
3336 1776 3453 1847 ipse

1873 1869 1964 1924 ille
1986 1870 2163 1924 bonus
2189 1870 2331 1925 Deus
2352 1869 2636 1940 producit;
2668 1868 2983 1939 producens
3013 1882 3138 1921 vero
3168 1868 3449 1935 continet;

1872 1960 2162 2015 continens
2209 1976 2341 2016 vero
2373 1961 2635 2031 prospicit
2666 1971 2725 2015 ut
2752 1968 3142 2030 'perseverent.
3169 1959 3289 2024 Quo
3322 1975 3455 2015 vero

1871 2051 1981 2107 alio
2031 2061 2358 2124 argumento
2403 2053 2547 2108 hosti
2592 2060 2914 2123 potestatem
2958 2053 3011 2106 in
3040 2060 3321 2107 creaturas
3359 2053 3454 2108 bci

1872 2145 2246 2211 vindicabunt,
2282 2162 2442 2217 quam
2472 2162 2541 2201 ex
2573 2161 2661 2208 eo,
2693 2145 2838 2216 quod
2886 2144 2988 2215 ipsi
3028 2144 3325 2215 perficiunt
3356 2161 3456 2200 vo—

1872 2236 2135 2291 luntatem
2189 2236 2404 2302 hostis,
2449 2245 2507 2291 et
2553 2251 2665 2289 non
2719 2246 2982 2290 verentur
3035 2237 3206 2291 Deum
3274 2237 3453 2307 ipsqu

1871 2329 2216 2399 oppugnare?
2268 2327 2374 2399 Ipsi
2424 2329 2603 2394 enim,
2666 2327 2795 2382 dum
2856 2337 3051 2384 contra
3107 2344 3455 2384 communem

1872 2417 2161 2473 Dominum
2193 2427 2245 2473 et
2293 2420 2640 2474 conditorem
2705 2419 2909 2474 infame
2939 2436 3001 2475 os
3032 2421 3321 2490 aperiunt,
3356 2421 3458 2475 do-

1872 2511 2212 2580 miniumque
2250 2510 2408 2580 ejus,
2446 2514 2591 2580 quod
2650 2510 2891 2565 Creatori
2939 2513 3235 2581 competit,
3283 2528 3462 2583 oppu-

1873 2612 2070 2674 gnant,
2122 2602 2591 2673 insolentibusque
2654 2602 2945 2658 affectibus
3008 2604 3217 2675 seipsos
3286 2606 3458 2675 subji-

1872 2697 2046 2763 ciunt,
2096 2706 2209 2751 tum
2243 2710 2423 2767 pugna
2453 2710 2551 2767 sua
2582 2696 2639 2749 in
2671 2696 2865 2760 Deum,
2898 2705 3013 2750 tum
3046 2697 3251 2752 illicitis
3280 2697 3457 2751 actio-

1872 2788 2035 2843 nibus
2072 2789 2325 2860 probant,
2367 2803 2425 2843 se
2462 2788 2615 2858 ipsos
2656 2803 2785 2843 vere
2830 2797 3113 2843 creaturas
3161 2796 3219 2843 et
3268 2802 3459 2844 servos

1873 2879 2047 2936 hostis
2097 2896 2241 2936 esse.
2272 2880 2317 2934 A
2350 2896 2458 2950 quo
2510 2880 2656 2935 enim
2716 2880 2915 2950 aliquis
2975 2880 3156 2935 vietus
3210 2886 3334 2945 est,
3388 2880 3458 2935 ab

1873 2969 2065 3026 eodem
2115 2970 2170 3023 in
2220 2970 2539 3025 servitutem
2592 2979 2675 3024 est
2732 2969 3008 3027 redactus.
3061 2968 3217 3024 Sicut
3274 2978 3457 3024 autem

1875 3070 2068 3132 sponte
2099 3072 2287 3117 nostra
2316 3062 2370 3116 in
2402 3061 2630 3116 ali‘ectus
2667 3071 2890 3117 nostros
2920 3061 3134 3131 abrepti
3159 3060 3457 3131 providen-

188 3139 295 3245 τῇς
319 3140 716 3245 δημιουργικῇς
752 3147 1017 3245 ῐῖρονοίας
1051 3152 1145 3204 καὶ
1167 3152 1261 3224 τῆς
1294 3154 1429 3225 πρὸς
1458 3156 1548 3210 τὸν
1578 3157 1769 3231 ἀληθι-

1880 3153 1952 3208 tia
1986 3152 2257 3209 Creatoris
2304 3154 2533 3224 ejusque
2562 3163 2623 3208 ut
2649 3153 2761 3209 veri
2796 3153 3092 3209 conditoris
3113 3151 3461 3223 possessione

191 3230 300 3323 vim
320 3232 567 3323 πλάστην
618 3236 945 3302 οίκειώσεως
981 3241 1366 3315 διαπίπτομεν,
1405 3247 1497 3301 τὸν
1532 3250 1775 3323 Πονηρὸν

190 3317 251 3371 δὲ
279 3320 548 3393 δεσπότην
576 3325 791 3391 ἑαυτοῖς
824 3330 1214 3404 ἐπεισάγομεν,
1260 3339 1356 3390 καὶ
1388 3338 1488 3410 τὴν
1523 3317 1777 3411 γλῶσσαν

191 3412 410 3476 όξύνειν
457 3416 599 3470 κατὰ
642 3417 738 3471 106
789 3422 1078 3494 εὐεργέτου
1128 3428 1221 3481 καὶ
1273 3429 1510 3486 πλάστου
1541 3436 1645 3490 ὑπὸ
1682 3438 1775 3493 τοῦ

196 3503 470 3573 Πολεμίου
497 3509 940 3583 ἀναπεισθόμεθα
967 3532 981 3548 ·
1011 3514 1183 3583 οὕτως
1228 3520 1293 3574 ἂν
1339 3524 1449 3577 τῶν
1495 3529 1682 3585 παθῶν
1715 3532 1778 3588 τὸ

196 3591 397 3693 σκότος
415 3596 765 3669 ὲκφύγωμεν,
800 3604 897 3657 καὶ
945 3607 1047 3678 τήν
1094 3627 1152 3662 τε
1182 3610 1361 3684 ψυχὴν
1391 3617 1484 3669 καὶ
1516 3618 1578 3671 τὸ
1620 3621 1777 3693 σῶμα

192 3682 341 3778 Θεοῦ
357 3685 832 3778 ⁸δημιουργήματα
865 3698 1163 3769 ἐπιγνῶναι
1210 3682 1549 3778 θελήσωμεν,
1579 3682 1777 3769 αὐτίδια

327 3775 622 3876 ἐλαύνομεν
638 3784 735 3854 τῆς
756 3786 878 3841 καθ’
900 3790 1056 3860 ἡμῶν
1080 3773 1396 3865 τυραννίδος
1422 3773 1512 3853 τὸν
1529 3773 1773 3876 Ἐχθρὸν,

191 3869 296 3970 ita".
354 3870 654 3970 ὀφθαλμοῖς
724 3881 942 3953 ὁρῶμεν
1011 3890 1447 3963 κεκαθαρμένοις
1506 3869 1777 3970 μηδεμίαν

191 3959 390 4031 ἔχοντα
416 3964 538 4018 καθ’
564 3968 719 4038 ἡμῶν
754 3975 891 4045 μήτε
923 3977 1095 4049 ίσχύν,
1125 3959 1274 4051 μήτε.
1294 3959 1609 4059 κυριότητα,
1642 3959 1777 4047 and:

193 4068 261 4104 συ
270 4059 654 4146 μπατούμενον
674 4062 768 4115 καὶ
793 4064 1193 4139 διαγελώμενον
1221 4072 1311 4142 ὐφ’
1336 4075 1514 4146 ἡμῶν,
1538 4080 1698 4133 αὐτόν
1716 4098 1775 4135 τε

190 4140 508 4239 καὶ-πᾶσαν
545 4149 714 4203 αὐτοῦ
764 4152 865 4224 τὴν
910 4155 1161 4228 δύναμιν.
1206 4140 1331 4216 ’δέτι
1357 4140 1613 4221 ⁷ἀσπίδα
1643 4169 1772 4239 γὰρ,

192 4233 356 4302 φησὶ,
394 4238 491 4290 καὶ
522 4240 901 4303 βασιλίσκων
926 4247 1187 4319 ἐπιϐήσῃ
1208 4252 1304 4305 καί
1331 4233 1775 4325 καταπατήσειξ

189 4328 418 4423 ,θέοντα
439 4331 537 4423 καὶ
560 4333 881 4401 δράκοντα.
926 4339 1070 4405 Ἕως
1099 4343 1143 4396 δ’
1169 4344 1234 4397 ἂν
1256 4348 1378 4409 ταῖς
1409 4347 1775 4423 ψυχοφθόροις

189 4417 411 4514 ἡδοναῖς
439 4422 792 4495 ίλυσπὼμεθα
816 4429 951 4499 (67),
991 4432 1087 4485 καὶ
1115 4434 1291 4489 όπίσω
1320 4439 1428 4494 τῶν
1444 4417 1771 4514 ἐπιθυμιῶν,

1877 3245 2199 3311 excidimus,
2251 3246 2492 3301 vicissim
2532 3260 2666 3301 vero
2713 3245 2919 3300 malum
2962 3244 3249 3299 dominum
3296 3243 3459 3300 nobis

1876 3339 2219 3406 asciseimus,
2268 3348 2325 3395 et
2368 3340 2436 3395 ad
2478 3339 2776 3395 acuendam
2819 3339 2875 3393 in
2918 3338 3322 3394 benefactorem
3356 3338 3462 3393 lin-

1876 3446 2033 3502 guam
2062 3431 2131 3485 ab
2158 3430 2314 3485 hoste
2340 3429 2531 3485 adduci
2555 3445 2657 3483 nos
2686 3428 2958 3499 patimur;
2980 3430 3075 3492 ita,
3094 3428 3141 3483 si
3163 3427 3459 3485 affectuum

1876 3521 2161 3593 caliginem
2192 3519 2486 3592 fugiamus,
2516 3520 2675 3575 facile
2700 3528 2756 3576 et
2783 3520 3023 3574 animam
3048 3528 3106 3574 et
3128 3534 3330 3588 corpus
3357 3535 3460 3589 pro

1876 3614 2139 3671 creaturis
2213 3614 2308 3669 Dei
2373 3628 2669 3684 agnoscere
2734 3612 2969 3668 velimus
3000 3652 3018 3679 ,
3088 3620 3203 3665 tum
3274 3611 3456 3666 statim

1878 3709 2090 3764 hostem
2126 3724 2155 3762 a
2191 3707 2473 3779 lyrannico
2502 3706 2555 3760 in
2592 3720 2695 3759 nos
2746 3704 2975 3774 imperio
3015 3700 3368 3772 repellimus,
3401 3711 3460 3757 et

1876 3803 2029 3872 puris
2058 3801 2231 3856 oculis
2249 3815 2372 3856 cum
2398 3799 2542 3853 nulla
2573 3798 2838 3853 adversus
2865 3810 2967 3851 nos
2993 3794 3045 3851 vi
3068 3804 3162 3850 aut
3187 3803 3458 3865 potestate

1878 3894 2251 3959 instructum,
2306 3892 2402 3947 sed
2456 3891 2836 3946 coueulcatum
2894 3887 3075 3959 potius
3114 3902 3144 3942 a
3187 3887 3348 3942 nobis
3402 3898 3459 3943 rt

1876 3998 2000 4038 cum
2030 3983 2181 4038 omni
2212 3998 2309 4038 sua
2344 3974 2592 4052 potentia
2627 3980 2866 4035 ludibrio
2893 3978 3139 4034 habitum
3183 3978 3457 4050 conspici-

1876 4090 2019 4129 mus.
2066 4072 2235 4143 Super
2264 4073 2447 4143 aspide
2476 4074 2639 4137 enim,
2668 4071 2868 4142 inquit,
2894 4080 2943 4125 et
2972 4072 3217 4125 basilisca
3245 4072 3459 4140 gradie‘

1877 4168 1971 4230 ris,
2011 4167 2311 4237 leonemque
2354 4175 2402 4221 et
2431 4168 2711 4221 draronem
2764 4164 3088 4218 conculcabis
3119 4166 3185 4219 ⁷³.
3226 4164 3456 4230 Quando

1876 4273 2007 4313 vero
2037 4258 2089 4312 in
2122 4258 2521 4328 voluptatibus,
2567 4257 2764 4311 animae
2817 4255 3084 4326 pestibus,
3122 4256 3452 4320 volutamur,

1877 4356 1932 4401 et
1961 4347 2306 4418 cupiditates,
2334 4348 2388 4401 in
2420 4362 2558 4417 quas
2604 4346 2778 4401 hostis
2822 4359 2925 4399 nos
2973 4343 3223 4414 impellit,
3273 4356 3454 4401 secta-

1878 4456 2022 4507 mur,
2054 4455 2118 4495 ae
2156 4448 2271 4494 tum
2317 4438 2501 4510 lingua
2552 4446 2665 4493 tum
2704 4436 2814 4491 vita
2869 4435 3052 4490 minus
3083 4444 3139 4490 et
3172 4435 3303 4490 boni
3358 4437 3452 4491 Dei

193 4507 334 4604 πρὸς
362 4509 429 4573 ἃς
470 4514 665 4582 ήμᾶςό
708 4516 931 4590 Ἐχθρὸς
978 4525 1228 4589 συνωθεῖ,
1261 4507 1639 4601 πορευώμεθα,
1680 4507 1774 4591 καί

1880 4530 2049 4586 nostri
2083 4540 2335 4585 naturam
2364 4507 2421 4585 et
2452 4529 2763 4601 imperium,
2794 4540 2850 4586 et
2881 4532 3105 4588 creandi
3130 4531 3453 4604 dignitatem

191 4595 484 4694 τέμνωμεν
513 4607 577 4675 τῇ
603 4606 824 4683 γλώσσῃ
850 4612 945 4665 καὶ
983 4614 1062 4683 τῷ
1083 4615 1205 4687 βίῳ,
1230 4595 1346 4672 καὶ-
1366 4595 1675 4694 διχαζωμεν
1698 4630 1777 4693 είς

194 4690 519 4786 μξχομςένας
553 4698 748 4768 μοίρας
786 4702 879 4755 τοῦ
930 4705 1138 4773 ἀγαθοῦ
1171 4711 1266 4763 καὶ
1301 4712 1417 4776 ἐνὸς
1443 4690 1589 4767 Θεοῦ.
1621 4690 1778 4786 ἡμῶν

187 4777 297 4877 την
337 4780 500 4877 φῦσιν
531 4788 624 4839 καὶ
663 4788 764 4860 τὴν
814 4790 1111 4861 βασιλείαν,
1146 4800 1240 4852 καὶ
1276 4802 1337 4854 τὸ
1367 4802 1468 4871 τῆς
1515 4777 1778 4877 δημίουρ-

189 4867 326 4934 γίας
360 4870 597 4944 ἀξίωμα,
627 4878 890 4950 οὐμενοῦν
925 4884 1025 4938 οὐκ
1059 4885 1125 4940 ἂν
1159 4890 1315 4960 ἡμῶν
1343 4867 1518 4945 οὐδενὶ
1563 4867 1774 4961 γένοιτο

184 4962 296 5056 τῆς
327 4963 788 5056 ⁸ὐιττεξουσιότητος
832 4974 927 5027 καὶ
968 4980 1288 5048 τυραννίδος
1337 4982 1771 5056 ἐλευθερωθῆναι

183 5052 286 5146 106
325 5054 573 5130 Ἐχθροῦ,
626 5064 723 5117 καὶ
753 5067 887 5137 πρὸς
914 5068 1006 5122 τὸν
1050 5070 1476 5146 ἀληθινὸνήμῶν
1506 5052 1638 5131 Θεὸν
1666 5052 1772 5132 ⁷καὶ.

181 5145 463 5219 πλάστην,
503 5153 599 5206 xui.
626 5154 688 5207 τὸ
710 5156 826 5225 φῶς
859 5158 960 5229 τῆς
986 5162 1067 5224 είς
1097 5163 1261 5219 αὐτὸν
1304 5145 1586 5233 εὐσεϐείας
1611 5170 1771 5223 ἐναυ-

180 5238 489 5311 γασθῆναι.
534 5244 634 5300 Διὰ
660 5245 768 5319 γὰρ
795 5248 889 5303 τοῦ
924 5251 1107 5323 σχίσαι
1141 5254 1241 5326 τὴν
1287 5257 1417 5328 μίαν
1443 5260 1619 5331 ἀρχὴν
1674 5261 1768 5316 καὶ

258 5432 314 5468 ν’
338 5433 539 5507 Ephes.
567 5455 643 5506 tv,
662 5442 717 5498 6.
793 5444 839 5477 ⁷³
862 5445 1005 5502 Psal.
1033 5466 1118 5516 xc,
1156 5451 1237 5506 I5.

1875 4638 2124 4677 secamus
2158 4631 2215 4677 et
2247 4622 2302 4676 in
2337 4622 2617 4691 oppositas
2663 4630 2847 4691 partes
2878 4621 3195 4686 dividimus,
3246 4622 3453 4677 nemini

1874 4723 2123 4768 nostrum
2168 4722 2279 4768 tam
2326 4714 2486 4769 beato
2521 4728 2642 4768 esse
2679 4712 2892 4779 licebit,
2923 4722 2983 4768 ut
3024 4713 3093 4769 ab
3138 4714 3310 4769 hostis
3357 4727 3454 4768 su-

1873 4820 2057 4875 prema
2088 4813 2355 4874 potestate
2383 4814 2438 4859 et
2465 4804 2747 4876 tyrannide
2776 4804 3061 4871 liberetur,
3086 4813 3144 4861 et
3169 4806 3239 4861 ad
3262 4822 3452 4860 verum

1875 4895 2043 4951 Deum
2094 4905 2344 4951 nostrum
2385 4912 2449 4951 ac
2486 4896 2826 4951 conditorem
2880 4897 3165 4968 lucemque
3210 4898 3452 4969 pietatis.

1879 4987 1982 5057 ipsi
2023 4987 2351 5057 probandm,
2401 4987 2752 5057 perducatur.
2800 4988 2968 5042 Deum
3018 4988 3163 5043 enim
3204 5005 3453 5045 secamus

1880 5095 2052 5134 unum
2083 5090 2139 5135 et
2167 5079 2306 5134 idem
2337 5080 2689 5149 principium,
2716 5088 2772 5134 et
2799 5095 2899 5135 nos
2923 5080 2993 5135 ab
3028 5081 3146 5152 ipso
3172 5082 3452 5139 abstrahi-

1875 5187 2021 5236 mus,
2070 5181 2232 5243 atque
2284 5172 2422 5227 adeo
2469 5187 2656 5227 verum
2706 5180 3005 5226 creatorem
3056 5184 3113 5228 et
3161 5172 3448 5230 Dominum

1877 5265 2203 5338 abrogamus
2223 5306 2237 5333 ,
2287 5264 2498 5331 hostis,
2550 5262 2653 5319 hoc
2687 5263 2805 5335 ipso
2834 5279 3099 5338 .magnam
3131 5264 3184 5321 iu
3218 5282 3320 5322 nos
3350 5283 3451 5338 po-

1304 5587 1536 5658 mum
1578 5592 1965 5651 LECTIONES
2007 5592 2096 5649 ET
2127 5591 2358 5649 nom.

256 5688 392 5781 φρ).
406 5694 913 5781 Κατᾳσυρςξμενοι.
944 5700 1023 5781 Ita
1050 5701 1166 5781 lege
1192 5718 1288 5781 pro
1316 5711 1758 5781 κατασυρόμενα,

181 5760 337 5846 σιξοό
366 5760 918 5846 οοᾱθτοεκίιὶβςιηαρ
963 5772 1006 5823 si
1058 5760 1131 5846 ad
1159 5760 1305 5846 πάθη
1339 5760 1757 5839 νοττὲῗειῗεῆίῖἆ

183 5830 286 5898 sit,
315 5844 436 5889 cum
453 5833 638 5905 potius
657 5835 724 5893 ad
749 5830 963 5903 ἑκόντες
989 5844 1267 5911 pertinere
1292 5830 1757 5909 heias'diiiiéiii;

1868 5712 2523 5852 ?S|(%E}?a'ti1v0'ﬂcitﬁsoa.
2557 5781 2630 5838 De
2660 5782 2766 5838 hoc
2787 5781 2953 5837 verbo
2985 5782 3101 5852 108°
3133 5781 3445 5847 δθωυθιθω

1865 5850 2192 5909 Bocbartum
2214 5852 2269 5908 in
2302 5852 2650 5925 Hierozoiro,
2683 5863 2824 5925 part.
2856 5868 2915 5919 ιι,
2946 5868 3000 5924 p.
3037 5850 3160 5908 '798.
