4088 6416
614 338 713 408 167

1777 353 2041 417 ΡΗΟΤΙΙ
2077 353 2585 418 ΡΑΤΒΙΑΠΟΠιΈ
2626 354 2735 419 CP.

3766 346 3866 416 168

609 463 862 512 testatem
902 464 1120 523 nactus,
1153 470 1276 513 cum
1318 468 1514 535 magna
1552 461 1789 519 emcacia
1819 479 1918 518 nos
1945 464 2179 535 impellit,

2295 463 2501 534 ταύτης
2525 465 2671 535 ἡμᾶς
2693 463 2895 526 αὑτοὺς
2924 458 3256 533 ἀπορρῆξαι,
3279 457 3375 512 καὶ
3406 456 3499 512 τὸν
3534 456 3634 529 μὲν
3674 455 3866 529 άληθν»

607 562 748 618 quos
803 549 1015 605 scilicet
1061 552 1165 607 sibi
1209 553 1283 607 ita
1330 554 1442 624 jam
1500 555 1766 612 obnoxios
1825 557 2084 623 reddidit,
2120 557 2194 612 ιιι

609 649 831 697 creator
861 653 917 698 et
942 644 1206 701 Dominus
1234 648 1561 717 appelletur.
1595 647 1714 714 Quo
1749 649 1877 719 quid
1911 650 1996 705 vel
2024 648 2194 705 mise-

609 749 730 788 rum
759 735 931 807 magis
966 737 1051 792 vel
1081 736 1307 808 impium
1341 740 1568 811 cogitari
1600 741 1816 811 potest?
1861 741 2193 798 Accedimus

608 825 838 890 scilicet,
871 826 1064 883 relicto
1110 829 1394 895 Creatore,
1426 832 1493 886 ad
1526 832 1759 895 hostem,
1793 842 1847 887 et
1878 834 2192 889 deserentes

610 915 957 975 Servatorem
1001 922 1069 975 ad
1114 921 1449 992 perditorem
1500 924 1772 980 currimus
1808 943 1823 981 :
1860 925 2190 996 despicimus

606 1026 755 1076 eum,
804 1012 898 1081 qui
944 1027 1170 1082 regnum
1220 1014 1483 1069 caelorum
1513 1015 1675 1071 nobis
1708 1016 1885 1083 atl‘ert,
1930 1016 2021 1084 qui
2060 1030 2191 1071 vero

606 1100 673 1154 ad
715 1116 930 1171 poenam
967 1102 1072 1157 sibi
1116 1112 1360 1173 paratam
1415 1119 1517 1160 nos
1568 1106 1855 1176 pertrahit,
1900 1122 2027 1161 eum
2064 1121 2189 1161 cum

605 1193 785 1247 studio
828 1201 1125 1259 sectamur,
1157 1204 1212 1250 et
1243 1211 1371 1250 cum
1405 1196 1699 1268 deceptore
1738 1198 1951 1269 decepti
1998 1197 2099 1268 ipsi
2131 1197 2189 1253 in

606 1283 909 1354 gehennam
940 1286 1082 1356 ignis
1110 1287 1298 1342 aeterni
1339 1289 1693 1345 condemnari
1727 1289 2005 1345 volumus.

2291 554 2379 608 νὺν
2409 548 2641 625 ποιητὴν
2682 554 2777 607 καὶ
2806 552 3086 623 Δεσπότην
3121 551 3419 621 ἀθετῆσαι,
3454 549 3700 620 μεγάλην
3741 540 3865 602 καθ*

2288 646 2448 716 ἡμῶν
2504 644 2799 715 λαμϐάνων
2828 644 2927 715 τὴν
2970 644 3147 715 ἀρχὴν
3179 643 3209 695 ὁ
3246 641 3499 713 Ἐχθρὸς,
3533 638 3713 693 πείθει
3742 640 3865 693 τότε

2292 740 2432 811 μετά
2461 739 2664 810 πολλῆς
2711 738 2813 809 τῆς
2850 738 3123 803 ἔξουσίας,
3170 736 3263 800 οὓς
3294 736 3392 807 ἤδη
3425 734 3617 787 ἔλαϐεν
3654 731 3866 787 ὑποκύ-

2288 832 2497 902 ψαντας
2518 831 2682 885 αὐτοῦ
2704 833 2823 893 ταῖς
2841 833 3062 901 ὁρμαῖς,
3088 830 3182 883 καὶ
3202 829 3433 899 ποιητὴν
3464 827 3561 880 καὶ
3585 826 3867 894 Δεσπότην

2289 923 2452 977 αὑτὸν
2480 923 2855 994 ἀνομολογεῖν.
2886 922 2996 975 Καὶ
3018 922 3072 975 τί
3097 922 3162 975 ἂν
3191 920 3278 991 εἴη
3300 918 3493 972 τούτου
3513 915 3864 985 άθλιώτερονς

2288 1015 2692 1079 Καταλιπόντες
2720 1016 2813 1069 τὸν
2864 1014 3208 1087 Δημιουργδν
3254 1010 3609 1095 προέλθωμεν
3641 1008 3753 1080 (68)
3786 1008 3868 1078 τῷ

2299 1108 2528 1179 Ἐχθρῷ,
2576 1109 2672 1162 καὶ
2724 1108 2817 1161 τὸν
2844 1106 3072 1180 Σωτῆρα
3122 1103 3397 1177 φυγόντας
3426 1101 3503 1173 ’έῷ
3553 1099 3867 1172 φθοροποιῷ
3984 1160 3990 1171 .

2285 1199 2676 1270 προσδραμεῖν,
2710 1200 2805 1253 καὶ
2833 1198 2925 1253 τὸν
2955 1197 3265 1269 παρέχοντα
3293 1196 3393 1267 μὲν
3415 1194 3514 1267 τὴν
3541 1195 3653 1247 τῶν
3682 1192 3857 1263 οὑρα-

2286 1290 2393 1346 νῶν
2434 1290 2713 1363 βασιλείαν
2763 1290 3065 1361 ὑπεριδεῖν,
3096 1289 3176 1361 τῷ
3212 1290 3269 1342 δὲ
3300 1289 3439 1360 πρὸς
3482 1286 3583 1359 τὴν
3631 1288 3865 1356 ἡτοιμαά

606 1374 812 1446 σμένην
832 1375 981 1446 αὑτῷ
1016 1377 1237 1433 κόλασιν
1256 1379 1471 1434 ἕλκοντι
1513 1379 1820 1444 σπουδαίως
1845 1380 2288 1449 κατακολουθεῖν,
2342 1385 2440 1439 καὶ
2462 1386 2543 1449 είς
2568 1384 2667 1456 τὴν
2692 1384 2919 1453 γέενναν
2972 1369 3086 1452 satis
3150 1381 3515 1441 ἀτελευτήτου
3582 1376 3756 1449 πυρὸς
3784 1376 3866 1448 τῷ

603 1466 882 1520 ἀπατεῶνι
909 1468 1038 1533 τοὺς
1067 1470 1453 1541 ἀπατηθέντας
1481 1472 2073 1542 συγκαταδικάζεσθαι.

674 1558 838 1614 XVII.
878 1562 976 1625 At,
1013 1576 1047 1616 ο
1080 1577 1179 1619 vos
1225 1571 1436 1619 natum
1489 1574 1693 1620 nostra:
1743 1574 1799 1620 et
1848 1562 2180 1631 creationis,

602 1664 711 1719 quo
740 1660 921 1705 tamen
954 1651 1100 1707 dono
1126 1660 1183 1708 et
1205 1652 1329 1724 jure
1362 1655 1664 1722 excidistls,
1710 1656 2025 1727 participes,
2065 1656 2181 1711 evi-

2360 1561 2464 1621 lZ'.
2509 1565 2671 1629 Ἀλλ’,
2704 1559 2749 1619 ὦ
2786 1550 3036 1619 κθινωνολΙ
3080 1564 3180 1634 τῆς
3207 1562 3367 1636 ἡμῶν
3395 1562 3612 1633 φύσεως
3648 1562 3743 1618 καὶ
3772 1562 3868 1634 δη-

2288 1654 2603 1725 μιουργίας,
2633 1655 2739 1709 κᾶν
2766 1654 3014 1726 ὲξίστητε
3046 1656 3147 1726 τῆς
3182 1655 3412 1731 δωρεᾶς,
3450 1653 3552 1723 ὀψὲ
3575 1651 3709 1723 γοῦν
3730 1653 3866 1724 ἀνα-

603 1741 768 1812 gilate
834 1743 1052 1798 tandem
1114 1743 1443 1814 aliquando,
1491 1754 1546 1800 et
1592 1745 1809 1800 animas
1865 1754 2074 1801 vestras
2111 1744 2177 1801 ad

2284 1748 2552 1819 νήψαντες
2594 1748 2961 1820 ἐπιστρέψατε
2992 1748 3092 1812 τὰς
3130 1747 3357 1819 καρδίας
3395 1746 3551 1818 ὑμῶν
3585 1744 3725 1817 πρὸς
3769 1746 3865 1799 τὸν

602 1845 955 1887 communem
1001 1833 1288 1888 Dominum
1322 1843 1377 1889 et
1409 1834 1748 1890 conditorem
1779 1845 2053 1901 nostrum,
2088 1836 2182 1891 be-

603 1921 941 1977 nefactorem
997 1924 1126 1979 item
1172 1932 1228 1979 et
1270 1925 1648 1995 provisorem,
1719 1927 2051 1992 convertite,
2114 1926 2178 1981 ad

602 2028 749 2081 cum,
802 2015 1045 2084 inquam,
1094 2017 1187 2085 qui
1234 2032 1435 2089 corpus
1485 2017 1766 2086 formavit,
1815 2019 1906 2089 qui
1941 2020 2179 2075 animam

602 2104 925 2175 inspiravit,
962 2106 1056 2176 qui
1086 2116 1307 2178 propter
1343 2125 1442 2164 vos
1472 2124 1692 2164 carnem
1733 2111 2053 2181 assumpsit,
2087 2110 2180 2181 qui

603 2195 769 2251 homo
796 2196 991 2265 .l'actus
1020 2209 1136 2265 est,
1167 2208 1223 2254 et
1260 2199 1555 2254 cruciﬁxus
1577 2237 1592 2263 ,
1626 2208 1683 2254 et
1720 2200 2179 2254 resurrectionem

602 2291 829 2361 proprio
868 2306 972 2347 suo
1020 2306 1252 2363 corpore
1304 2292 1566 2348 restituit.
1627 2293 1921 2364 Agnost-ite
1977 2294 2178 2347 bonum

603 2383 725 2452 ejus
780 2382 1036 2449 Patrem,
1089 2383 1185 2453 qui
1235 2398 1333 2454 per
1384 2384 1580 2439 Filium
1630 2392 1685 2437 et
1718 2383 1978 2453 Spiritum
2018 2399 2180 2439 suum

604 2482 856 2528 sanctum
886 2475 1068 2528 omnia
1090 2490 1158 2530 ex
1184 2488 1293 2529 non
1319 2474 1705 2531 exsistcntibus
1747 2475 2022 2545 produxit,
2048 2476 2181 2531 visi-

604 2566 733 2620 bilia
777 2576 832 2621 et
878 2566 1209 2633 invisibilia,
1261 2577 1599 2639 poteStates,
1632 2578 1689 2624 et
1718 2569 2057 2639 principatus
2081 2609 2097 2634 ,
2128 2578 2181 2623 et

604 2658 780 2727 ipsum
795 2673 1013 2729 quoque
1031 2661 1265 2727 hostem;
1287 2675 1392 2715 non
1412 2660 1631 2731 quidem
1647 2661 1865 2715 malitiae
1881 2661 2179 2732 quidquam

603 2751 682 2805 illi
711 2752 957 2808 tribuens
986 2770 999 2807 :
1033 2754 1207 2808 absit!
1240 2753 1518 2824 quomodo
1559 2754 1705 2809 enim
1740 2770 1770 2808 a
1798 2755 1942 2809 bono
1976 2757 2181 2809 malum

604 2845 875 2914 proﬁcisci
895 2846 1115 2915 posset?
1148 2845 1243 2900 sed
1272 2845 1535 2901 bonitatis
1556 2846 1877 2916 participem
1908 2846 2142 2902 reddens
2162 2886 2179 2913 ,

602 2953 767 3009 quam
801 2939 920 3009 ipse
950 2938 1006 2991 in
1028 2938 1292 2993 malitiam
1314 2938 1607 3004 convertit,
1639 2953 1748 2993 non
1781 2939 1964 2993 minus
1998 2938 2180 3007 acilli,

601 3031 693 3100 qui
730 3031 831 3102 ipsi
875 3046 1023 3086 nunc
1065 3031 1463 3101 obsequuntur.
1494 3030 1630 3085 Nam
1664 3040 1721 3086 et
1760 3031 1859 3098 illi,
1892 3042 2179 3102 postquam

2286 1840 2464 1894 κοινὸν
2487 1839 2764 1912 Δεσπότην
2787 1844 2880 1893 καὶ
2901 1840 3264 1912 Δημιουργδν.
3292 1840 3429 1910 πρὸς
3448 1839 3541 1893 τὸν
3563 1838 3865 1911 εὐεργέτην

2284 1932 2378 1985 καὶ
2417 1932 2745 2003 προνοητὴν,
2768 1932 2905 2001 πρὸς
2923 1933 3015 1985 τὸν
3050 1931 3427 1987 διαπλάσαντα
3455 1929 3518 1983 τὸ
3549 1930 3738 2000 σῶμα,
3766 1930 3867 1983 καλ⁵

2283 2024 2669 2094 έμπνεύσαντα
2695 2023 2796 2096 τὴν
2826 2022 3027 2095 ψυχὴν,
3069 2023 3206 2095 πρὸς
3226 2023 3318 2077 τὸν
3361 2023 3430 2076 δι’
3459 2024 3607 2094 ἡμᾶς
3638 2039 3867 2093 σαρκω-

2284 2115 2465 2182 θέντα,
2499 2117 2593 2170 καὶ
2623 2116 3137 2186 ένανθρωπήσαντα,
3172 2115 3268 2168 καὶ
3300 2115 3709 2186 σταυρωθέντα,
3768 2114 3867 2168 καὶ

2281 2208 2381 2279 τὴν
2402 2210 2696 2263 ἀνάστασιν
2711 2208 2801 2263 διὰ
2816 2208 2909 2262 τοῦ
2938 2208 3142 2263 οἰκείου
3168 2207 3421 2279 σώματος
3446 2208 3864 2277 ἐγκαινίσαντα.

2295 2301 2595 2370 Ἐπίγνωτε
2641 2302 2735 2355 τὸν
2788 2300 2991 2368 ἀγαθὸν
3038 2301 3259 2373 Πατέρα
3312 2300 3500 2365 αὑτοῦ,
3532 2301 3592 2365 δς
3644 2300 3735 2354 διὰ
3762 2298 3866 2353 τοῦ

2283 2392 2413 2447 Υίοῦ
2452 2393 2549 2447 καὶ
2575 2392 2664 2447 διὰ
2700 2391 2795 2446 τοῦ
2816 2392 2973 2461 ἁγίου
3004 2392 3322 2464 Πνεὺματος
3346 2393 3510 2447 αὑτοῦ
3539 2393 3721 2448 πάντα
3752 2392 3867 2447 ὑπ-

2283 2482 2510 2553 έστησεν
2536 2485 2602 2537 ἐκ
2633 2484 2708 2555 μὴ
2754 2484 2946 2547 ὄντων,
2982 2484 3051 2538 τὰ
3075 2484 3249 2555 δρατὰ
3279 2484 3378 2538 καλ⁸
3403 2484 3473 2538 τά
3499 2484 3732 2555 ἀόρατα,
3763 2484 3869 2547 τὰς

2281 2571 2563 2641 δυνάμεις,
2586 2574 2685 2635 τάς
2708 2572 2978 2639 ἐξουσίας,
3003 2574 3097 2627 καὶ
3119 2574 3284 2627 αὑτὸν
3305 2575 3398 2629 τὸν
3416 2574 3630 2645 ἔχθρὸν,
3660 2575 3723 2628 οὐ
3761 2587 3868 2628 ποδ

2281 2664 2475 2733 νηρίας
2532 2663 2816 2734 μεταδούς.
2862 2665 2993 2736 μήτι
3043 2664 3300 2734 γένηταιί
3360 2665 3525 2720 πόθεν
3556 2665 3665 2736 γὰρ
3698 2664 3759 2718 ὲν
3786 2650 3868 2736 τῷ

2281 2754 2470 2825 ἀγαθῷ
2496 2756 2530 2826 ἡ
2563 2756 2845 2826 μετάδοσις
2869 2755 2963 2808 τοῦ
2994 2755 3199 2824 κακοῦ;
3224 2755 3342 2810 ἀλλ’
3368 2755 3706 2828 άγαθότητος
3725 2758 3870 2811 ἀπό-

2282 2846 2475 2901 λαυσιν
2500 2846 2822 2919 παρασχὼν,
2852 2849 2917 2919 ἣν
2946 2849 3157 2913 ἐκεῖνος
3194 2847 3494 2919 μετέϐαλεν
3522 2850 3602 2913 είς
3634 2848 3864 2914 κακίαν,

2282 2939 2470 3012 ῶσπερ
2493 2939 2587 2994 καὶ
2612 2940 2661 2993 οἱ
2690 2940 2785 2995 νῦν
2817 2939 3241 3011 πειθαρχοῦντες
3279 2939 3452 3011 αὐτῷ.
3494 2938 3605 2992 Καὶ
3632 2939 3747 3010 γάρ
3770 2938 3869 2991 καὶ

2282 3024 2430 3086 οὑτοι
2464 3030 2724 3095 λαϐόντες
2763 3031 2907 3103 μέγα
2965 3032 3169 3101 ἀγαθὸν
3206 3032 3268 3085 τὸ
3322 3031 3720 3085 αὑτοδέσποτον
3755 3029 3870 3085 τῶν

603 3119 892 3193 imperium
919 3124 972 3179 in
1001 3123 1268 3179 rationem
1292 3139 1471 3190 suam,
1491 3135 1746 3194 magnum
1780 3139 1911 3179 sane
1935 3125 2138 3179 bonum
2162 3163 2177 3189 ,

2284 3123 2578 3195 λογισμῶν,
2614 3125 2683 3179 δι’
2710 3116 2773 3178 οὗ
2802 3123 2897 3178 καὶ
2924 3123 3167 3194 πλάστης
3198 3124 3550 3189 είκονίζεται,
3573 3122 3872 3195 μετέστρὲ-

602 3216 746 3270 nacti
787 3225 937 3285 sunt,
982 3229 1078 3286 per
1106 3217 1252 3287 quod
1284 3216 1399 3287 ipse
1425 3217 1591 3271 etiam
1622 3216 1847 3272 Creator
1877 3232 2178 3288 reprtcsen-

604 3317 768 3376 tatur,
797 3309 852 3365 id
881 3308 1123 3380 quidem,
1154 3324 1315 3363 usum
1346 3308 1467 3379 ejus
1499 3319 1893 3379 pervertentes,
1924 3310 1976 3364 in
2005 3310 2181 3365 maxi-

603 3414 751 3454 mum
780 3400 984 3454 malum
1033 3399 1516 3455 transformarunt.
1546 3400 1701 3467 Quod
1731 3403 1876 3457 enim
1911 3403 1978 3457 ad
2010 3404 2178 3459 Crea-

605 3501 775 3544 torem
826 3488 1154 3545 laudandum
1189 3498 1551 3561 acceperant,
1581 3506 1647 3546 eo
1679 3491 1747 3546 ad
1787 3492 2177 3547 celebrandum

602 3581 813 3635 hostem
848 3582 933 3636 usi
985 3590 1161 3638 sunt:
1194 3591 1250 3637 et
1288 3598 1397 3653 quo
1436 3590 1583 3638 recte
1629 3583 1713 3637 usi
1762 3583 1877 3639 ﬁeri
1926 3594 2180 3655 poterant

604 3672 847 3729 ha-redes
881 3674 1034 3744 regni
1078 3674 1348 3739 etelestis,
1380 3690 1446 3730 eo
1471 3675 1625 3729 abusi
1674 3678 1976 3746 gehennam
2018 3678 2175 3748 ignis,

600 3764 821 3819 diabolo
864 3766 1080 3836 parati,
1131 3766 1339 3839 ingredi
1390 3767 1713 3823 allaborant.
1764 3767 1870 3822 Sed
1929 3768 2180 3837 evigilate

602 3859 841 3925 tandem,
873 3862 1098 3932 surgite,
1129 3862 1372 3934 vigilate,
1410 3874 1471 3919 ut
1500 3871 1742 3934 potestas
1784 3864 1956 3919 hostis
1994 3865 2178 3936 repel-

602 3950 746 4005 latur
792 3967 824 4007 a
869 3954 1061 4020 vobis;
1117 3970 1296 4026 neque
1339 3957 1405 4011 ad
1435 3972 1533 4011 vos
1579 3956 1750 4027 rapite
1806 3956 2053 4026 Apostoli
2092 3957 2176 4012 vel

601 4041 784 4110 potius
848 4043 1086 4114 Spiritus
1156 4046 1332 4101 sancti
1396 4046 1779 4118 praedictiones
1849 4048 2172 4118 implendas.

600 4132 838 4202 Spiritus
866 4135 1012 4190 enim
1059 4136 1265 4193 diserte
1292 4137 1369 4193 ait
1414 4154 1429 4192 :
1473 4138 1677 4194 Ultimis
1710 4140 2028 4208 temporibus
2060 4143 2175 4211 quid

600 4228 726 4280 dam
752 4245 785 4282 a
836 4229 939 4297 ﬁde
982 4234 1258 4297 recedent,
1311 4231 1638 4285 attendentes
1666 4232 1880 4301 spiritui
1909 4234 2102 4286 erroris
2127 4242 2175 4287 et

600 4322 851 4375 doctrinis
879 4323 1279 4391 dwmoniorum,
1313 4338 1407 4394 per
1444 4326 1744 4395 hypocrisin
1773 4324 2174 4396 falsiloquornn»

601 4429 821 4483 quorum
841 4417 1157 4470 conscientia
1191 4418 1431 4472 cauterio
1457 4419 1632 4473 inusta
1659 4429 1767 4473 est:
1794 4420 2175 4488 prohibentium

2284 3214 2392 3286 ψαν
2440 3213 2620 3282 τοῦτο,
2652 3216 2754 3286 τὴν
2798 3215 2995 3286 χρῆσιν
3049 3214 3218 3269 αὑτοῦ
3260 3214 3673 3287 διαφθείραντες
3722 3215 3873 3286 πρὸς

2286 3309 2511 3381 ἔσχατον
2530 3308 2701 3363 κακόν
2720 3324 2736 3342 ο
2753 3308 2823 3362 δι’
2842 3326 2904 3363 ου
2930 3310 3040 3381 γὰρ
3058 3310 3247 3387 ὑμνεῖν
3266 3308 3460 3364 ἔλαϐον
3483 3308 3577 3363 τὸν
3601 3308 3667 3379 δη
3676 3326 3874 3381 μιουρ⁴

2285 3402 2401 3471 γὸν,
2429 3402 2603 3473 τούτῳ
2632 3402 2767 3474 πρὸς
2784 3402 2986 3474 ὑμνους
3013 3405 3316 3475 ἐχρήσαντο
3342 3401 3438 3458 τοῦ
3479 3402 3726 3475 Ἐχθροῦ.
3756 3404 3875 3457 Καὶ

2285 3495 2367 3549 ὅτι
2397 3488 2441 3563 ᾧ
2487 3495 2805 3566 χρωμένους
2832 3494 2958 3566 ἐνῆν
2997 3496 3097 3566 τῆς
3147 3494 3257 3548 τῶν
3285 3494 3535 3566 οὐρανῶν
3582 3493 3875 3565 βασιλείας

2286 3588 2657 3659 κληρονόμους
2710 3587 2986 3657 γενέσθαι,
3016 3586 3190 3657 τούτῳ
3229 3585 3656 3658 παραχρώμενοι
3692 3600 3873 3643 σπου-

2284 3680 2505 3746 δάζουσι
2532 3680 2630 3750 τὴν
2648 3680 2873 3747 γέενναν
2894 3678 2989 3732 τοῦ
3017 3678 3211 3749 πυρὸς,
3236 3678 3264 3731 ὂ
3291 3679 3617 3749 ἡτοίμασται
3644 3676 3725 3747 τῷ
3746 3677 3874 3731 δια-

2286 3771 2449 3842 ϐόλῳ,
2475 3769 2748 3824 ὑπελθεῖν.
2780 3769 2918 3822 Ἀλλ’
2941 3769 3273 3840 άνανήψατε,
3292 3769 3639 3839 διανάστητε,
3658 3785 3879 3840 γρηγοέ

2288 3866 2511 3937 ρήσατε,
2526 3864 2666 3917 ὥστε
2682 3862 2774 3918 τοῦ
2802 3863 3030 3934 Ἐχθροῦ
3046 3864 3145 3935 τὴν
3161 3864 3411 3928 ἐξουσίαν
3440 3862 3879 3932 ἀποσκευασθῆ-

2287 3973 2374 4011 ναι
2396 3958 2489 4027 ἀφ’
2522 3957 2698 4029 ὑμῶν,
2741 3956 2875 4027 μηδὲ
2907 3956 2992 4026 ἐφ’
3015 3956 3159 4026 ὑμᾶς
3185 3955 3571 4027 παραστήσατε
3596 3953 3697 4017 τὰς
3727 3954 3878 4009 ἀπο*

2287 4050 2537 4113 στολικάς
2558 4050 2917 4122 προφητείας,
2939 4048 3137 4119 μᾶλλον
3158 4047 3215 4100 δὲ
3242 4048 3339 4111 τὰς
3375 4046 3469 4099 τοῦ
3509 4045 3843 4115 Πνεύματος
3859 4083 3876 4108 ,

2289 4145 2690 4218 πληρουμένας.
2730 4143 2841 4198 Καὶ⁸
2868 4142 2977 4213 γὰρ
3002 4142 3065 4194 τὸ
3096 4139 3318 4210 Πνεῦμα
3350 4138 3531 4210 ῥητῶς
3561 4138 3743 4205 λέγει·
3771 4138 3835 4190 Ἐ
3841 4154 3879 4191 ν

2289 4240 2558 4307 ὑστέροις
2606 4235 2832 4304 καιροῖς
2880 4232 3342 4302 ἀποστήσονταί
3392 4248 3553 4297 τινες
3600 4230 3716 4299 τῆς
3769 4233 3879 4285 ala

2292 4345 2472 4397 ττεως
2495 4329 3217 4398 προσέχοντεςζπνεύμασι
3247 4324 3484 4394 πλάνης
3505 4323 3616 4395 (69)
3648 4324 3755 4377 καὶ
3786 4324 3879 4377 διο

2284 4422 2644 4488 δασκαλίαις
2702 4421 3019 4492 δαιμόνων,
3087 4419 3402 4489 ὑποκρίσει
3466 4414 3883 4487 ψευδολόγων

601 4505 813 4572 nubere,
848 4507 1148 4577 jubentium
1201 4510 1459 4565 abstinere
1517 4528 1550 4565 a
1596 4512 1720 4566 cibis
1761 4528 1888 4583 quos
1939 4512 2077 4566 Deus
2123 4512 2178 4565 in

2284 4513 2884 4585 κεκαυτηριασμένων
2936 4512 3052 4581 τὴν
3101 4511 3259 4565 ἰδίαν
3308 4508 3688 4577 συνείδησιν,
3750 4522 3877 4558 κω·

600 4612 752 4650 usum
781 4600 1009 4653 condidit
1042 4601 1087 4633 "
1123 4619 1138 4669 ;
1181 4617 1323 4672 quaa,
1374 4602 1567 4673 inquit,
1624 4604 1786 4668 Deus,
1836 4620 1944 4659 non
1995 4614 2179 4660 autem

601 4689 774 4745 hostis
812 4692 1081 4748 condidit.
1135 4693 1348 4761 Quibus
1393 4698 1615 4752 autem?
1666 4696 1968 4761 Fidelihus,
2003 4706 2059 4753 et
2088 4698 2176 4763 iis,

599 4782 692 4850 qui
736 4784 1025 4839 veritatem
1078 4797 1440 4859 agnoverunt,
1494 4790 1638 4860 quod
1672 4805 1743 4845 ne
1774 4790 1915 4845 ullus
1962 4789 2055 4845 tibi
2086 4805 2174 4845 er-

599 4871 753 4927 randi
812 4882 1113 4944 praetextas
1166 4877 1552 4950 relinquatur,
1620 4881 1805 4937 statim
1871 4880 2171 4952 subjungit.

668 5048 717 5084 “
754 5052 771 5108 l
815 5050 962 5110 Tim.
1003 5072 1080 5125 tv,
1111 5055 1226 5115 1-5.

2277 4609 2553 4663 λυόντων
2588 4606 2816 4678 ταμεῖν,
2858 4604 3189 4673 ἀπέχεσθαι
3212 4601 3542 4673 βρωμάτων
3579 4601 3617 4655 d
3646 4600 3679 4652 ό
3710 4597 3879 4663 Θεὸς

2277 4703 2519 4756 ἔκτισεν
2543 4703 2629 4767 εὶς
2669 4700 3038 4771 μετάληψιν.
3076 4700 3144 4752 Ἀ
3164 4739 3180 4765 ,
3229 4698 3414 4769 φησὶν,
3445 4698 3472 4749 ὁ
3508 4693 3663 4758 Θεὸς,
3696 4691 3813 4763 οὑχ
3844 4690 3881 4743 ὁ

2288 4792 2512 4865 Ἐχθρὸς
2545 4792 2748 4845 ἔκτισε.
2781 4792 2887 4845 Καὶ
2914 4790 3089 4855 τίσινς
3131 4790 3216 4844 ἵνα
3248 4787 3489 4861 μηδεμία
3531 4801 3614 4838 σοι
3645 4782 3878 4853 πλάνης

2274 4888 2548 4958 πρόφασις
2572 4884 2869 4957 ὑπολειφθῇ
2902 4886 3018 4949 τοῖς
3052 4886 3264 4948 πιστοῖς
3298 4882 3462 4947 εὐθὺς
3489 4876 3879 4951 συναρμόττει

1689 5170 1922 5226 VARUS
1974 5164 2362 5225 LECTIONES
2396 5170 2482 5226 ET
2512 5126 2744 5229 NOTAE.

674 5308 784 5383 (68)
822 5306 1258 5383 "Melampu,
1286 5310 1467 5368 Series
1505 5312 1771 5367 orationis
1802 5310 1982 5381 legere
2024 5313 2180 5383 jubet

602 5382 889 5501 ἐτροελίέεῖν
923 5381 1043 5450 μὲν,
1074 5382 1217 5437 slcut
1247 5381 1302 5437 in
1346 5383 1703 5453 sequentibus
1727 5384 1971 5438 occurrit
2001 5381 2177 5456 προσ-

638 5466 775 5501 οααε
808 5470 861 5501 ν-
891 5462 997 5501 etc.

672 5454 861 5507 αμεῖν.
891 5462 997 5507 etc.

635 5467 1090 5593 ρῗδίῖίνῖιῖἀῗης.
1123 5524 1202 5579 Ita
1233 5524 1290 5579 in
1335 5525 1440 5580 hoc
1472 5523 1628 5579 Pauli
1652 5523 1775 5578 loco
1817 5523 2006 5593 legunt
2040 5539 2181 5577 non-

603 5591 737 5679 pulli
768 5595 1139 5679 expeteribus
1178 5595 1495 5679 doctoribus
1511 5611 1627 5679 (pro
1660 5591 1903 5679 πλάνοις,
1937 5595 2081 5679 quod
2125 5595 2179 5648 in

605 5661 884 5717 hodiernis
931 5664 1213 5719 codicibus
1263 5674 1458 5734 exstat.
1511 5661 1602 5720 Sic
1654 5673 1709 5719 et
1745 5666 1901 5734 pauci
1948 5661 2169 5734 Quidam

605 5746 770 5806 manu
792 5734 998 5806 exarati
1018 5735 1265 5789 eamdem
1282 5732 1584 5791 'Iectionem
1612 5732 1937 5806 sequuntur,
1968 5732 2082 5790 sive
2105 5750 2172 5789 ex

604 5802 747 5859 facili
808 5804 1091 5875 utriusque
1140 5807 1309 5872 vocis,
1365 5820 1432 5861 ex
1482 5802 2171 5878 eadem'pronuntiatione

2277 5321 2419 5396 grta,
2449 5315 2865 5395 permutatione,
2895 5314 3135 5396 sixeper
3155 5314 3420 5396 glossema
3453 5330 3520 5396 ex
3549 5312 3766 5396 lipan.
3792 5330 3883 5396 tv,

2277 5384 2330 5465 ϐ,
2384 5386 2655 5465 petitum,
2708 5402 2829 5456 qua:
2887 5384 3047 5438 Millii
3106 5384 3544 5465 estusententia.
3596 5384 3675 5439 lbi
3708 5387 3886 5465 enim

2277 5455 2495 5523 πνεῦμα
2539 5455 2747 5525 πλάνης
2792 5465 3146 5510 memoratur.
3191 5455 3368 5510 Nolim
3411 5471 3541 5511 sane
3580 5471 3706 5510 eum
3746 5455 3885 5514 Jos.

2278 5525 2455 5596 Medo,
2472 5525 2551 5588 τὸ,
2572 5527 2799 5593 πλάνης,
2818 5541 2918 5595 pro
2940 5526 3183 5596 genuina
3204 5526 3439 5581 lectione
3472 5526 3674 5581 habere
3695 5536 3764 5581 et
3805 5529 3888 5584 de

2278 5595 2584 5667 idololatria;
2621 5595 3122 5667 explicarct’quod
3168 5606 3460 5667 utrumque
3514 5597 3559 5651 is
3605 5598 3747 5652 facit
3817 5600 3886 5653 in

2279 5663 2620 5735 Fragmentis
2666 5663 2857 5719 sacris.
2912 5663 3031 5720 Non
3080 5674 3189 5719 tam
3236 5663 3387 5721 enini
3422 5667 3491 5723 de
3544 5667 3885 5723 idololatria

2280 5736 2582 5805 speciatim,
2626 5750 2787 5816 quam
2818 5735 2886 5789 de
2913 5737 3079 5817 variis
3114 5738 3391 5817 erroribus
3425 5751 3745 5794 sermonem
3778 5737 3887 5797 hic

2281 5822 2421 5875 esse,
2453 5814 2739 5876 sequentia
2758 5814 3032 5865 commata
3051 5814 3337 5865 evincunt:
