4022 6408
180 414 285 481 169

1210 414 1509 475 CONTRA
1543 409 1998 475 MANICII/EOS
2034 410 2267 471 LIBER
2301 409 2421 472 IlI.

3341 402 3443 471 170

178 531 278 585 καὶ
326 527 669 597 ἐπεγνωκόσι
695 524 796 597 τὴν
821 523 1102 596 ἀλήθειαν.
1129 523 1293 597 Ὥστε
1326 526 1436 589 πᾶς
1472 525 1574 596 μὲν
1610 526 1640 578 ὁ
1673 542 1769 578 πι-

1882 523 2057 593 Itaque
2094 523 2267 577 fidelis
2298 522 2499 588 omnis,
2545 531 2601 576 et
2624 520 2717 591 qui
2747 519 3033 577 veritatem
3066 517 3309 592 agnovit,
3342 522 3447 579 scit

178 624 308 683 στδς
347 619 443 672 καὶ
491 617 821 687 ἐπεγνωκὼς
856 615 959 689 τὴν
1004 616 1267 687 ἀλήθειαν
1290 604 1400 671 ὂῖδε
1457 617 1639 671 πάντα
1667 618 1765 671 καὶ

182 711 326 782 μετά
362 711 603 777 πάντων,
636 712 731 764 καὶ
768 710 839 763 τὰ
875 708 1144 780 βρώματα
1186 710 1460 780 κτίσματα
1490 705 1632 764 εἶναι
1669 708 1764 762 τοῦ

177 802 395 871 ἀγαθοῦ
427 802 585 858 Θεοῦ.
643 803 704 855 '0
738 802 798 854 δὲ
833 803 914 863 είς
957 800 1145 871 ἓτερον
1181 802 1468 872 ἀναφέρων
1493 800 1553 865 ἐξ
1583 799 1766 855 αὐτῶν

178 912 327 957 τινα,
383 888 539 956 οὗτός
591 894 708 946 ἐστι
758 893 890 963 περὶ
942 884 1006 945 οὗ
1045 893 1109 946 τὸ
1159 893 1315 962 ἆγιον
1349 889 1470 946 εἶπε
1504 891 1761 963 Πνεὸμα·

184 987 403 1038 Ἔστιν
455 986 489 1038 ὁ
542 982 982 1052 προσεσχηκὼς
1022 985 1327 1053 πνεύμασι
1371 984 1612 1052 πλάνης
1667 984 1766 1037 καὶ

180 1076 611 1142 διδασκαλίαις
640 1074 988 1145 δαιμονίων,
1033 1078 1130 1130 καὶ
1178 1077 1275 1147 τῆς
1327 1076 1561 1147 ἀληθοῦς
1608 1076 1768 1147 ἡμῶν

183 1170 294 1221 τῶν
329 1167 672 1237 Χριστιανῶν
720 1166 958 1234 πίστεως
1010 1168 1356 1238 ἀποστάτης·
1411 1167 1541 1239 περὶ
1568 1161 1643 1223 ὧν
1675 1168 1771 1222 καὶ

184 1259 419 1330 ἑτέρωθι
463 1261 493 1311 ό
533 1257 628 1312 τοῦ
676 1258 999 1328 Πνεύματος
1051 1258 1338 1329 ὑποφήτης
1394 1259 1766 1331 προφητεύειο

198 1353 308 1405 Ἔν
327 1350 618 1420 ἐσχάταις
635 1349 907 1419 ἡμέραις,
930 1350 1126 1419 λέγων,
1149 1351 1553 1418 ἐνστήσονται
1578 1349 1771 1419 καιροὶ

186 1441 449 1509 χαλεποί
463 1457 476 1470 ”
509 1440 754 1495 ἔσονται
781 1440 891 1511 γὰρ
928 1443 983 1495 οί
1020 1439 1316 1510 ἅνθρωποι
1338 1442 1639 1511 φίλαυτοι,
1675 1459 1769 1510 φι-

186 1528 499 1596 λάργυροι,
526 1529 815 1596 ἀλαζόνες
833 1570 848 1596 ,
872 1528 1254 1601 βλάσφημοι,
1286 1531 1573 1600 γονεῦσιν
1605 1534 1772 1586 ἀπει-

186 1621 338 1684 θεῖς.
372 1620 482 1672 Καὶ
517 1619 587 1673 τὰ
613 1618 750 1674 ἄλλα
792 1621 1064 1676 ἀκόλουθα
1114 1622 1431 1691 καταλέγων
1473 1623 1645 1694 πάθη,
1670 1623 1773 1692 τῆς

188 1710 533 1779 προφητείας
587 1712 761 1783 πέρας
824 1714 1092 1777 ποιεῖται·
1151 1716 1475 1785 Μόρφωσιν
1527 1715 1775 1784 ἔχοντες

1865 615 2050 669 omnia
2098 624 2156 669 et
2190 630 2315 669 cum
2346 614 2601 668 omnibus
2631 613 2799 668 etiam
2826 612 2979 668 cibos
3011 620 3291 671 creaturas
3316 610 3445 667 boni

1866 707 1964 761 Dei
1999 723 2145 763 esse.
2177 706 2282 774 Qui
2308 722 2441 763 vero
2465 707 2714 777 quaedam
2747 721 2813 762 ex
2840 705 2948 761 illis
2968 705 3037 760 ad
3058 705 3226 760 alium
3256 703 3445 769 refert,

1866 800 1915 855 is
1938 808 2043 867 est,
2079 801 2148 855 de
2185 816 2293 871 quo
2321 800 2558 870 Spiritus
2587 806 2811 854 sanctus
2846 799 2924 853 ait
2955 816 2970 854 :
3008 797 3125 863 Est,
3155 798 3245 869 qui
3275 807 3449 853 atten-

1865 893 1944 947 dit
1984 894 2255 964 spiritibus
2320 894 2516 947 erroris
2574 902 2621 946 et
2669 892 2922 945 doctrinis
2964 897 3285 956 daemonum,
3335 899 3449 945 eta

1867 1001 1996 1039 vera
2027 984 2461 1040 Christianorum
2499 983 2604 1038 ﬁde
2628 983 2874 1039 defector
2897 982 2922 1036 ?
2949 984 3025 1038 De
3058 984 3257 1039 talibus
3283 982 3449 1039 etiam

1868 1072 1997 1128 alibi
2023 1073 2260 1143 Spiritus
2306 1082 2532 1128 sanctus
2569 1087 2749 1142 praeco
2792 1072 3161 1128 vaticinatur:
3210 1070 3281 1126 1η
3317 1072 3451 1125 ulti—

1869 1162 1969 1216 mis
2004 1163 2204 1225 diebus,
2258 1160 2535 1231 inquiens,
2576 1170 2816 1230 tempora
2862 1161 3095 1230 diﬂicilia
3148 1161 3448 1217 imminent.

1874 1253 2045 1307 Erunt
2069 1255 2210 1307 enim
2238 1253 2471 1307 homines
2497 1253 2580 1306 sui
2610 1262 2871 1316 amantes,
2903 1252 3078 1319 avari,
3112 1261 3449 1324 arrogantes.

1871 1345 2178 1415 blasphemi,
2206 1345 2511 1414 parentibus
2535 1344 2882 1413 immorigeri.
2917 1343 3227 1401 Recensitis
3252 1344 3453 1401 deinde

1872 1437 1993 1492 aliis
2018 1436 2291 1492 similibus
2327 1435 2568 1506 ﬂagitiis,
2600 1436 2843 1489 vaticinii
2894 1436 3040 1490 hunc
3082 1435 3212 1491 facit
3240 1437 3403 1490 finem
3432 1454 3448 1492 :

1872 1529 1974 1595 Qui
1995 1529 2187 1584 habent
2204 1532 2431 1600 formam
2452 1531 2684 1598 pietatis,
2704 1531 2808 1583 vim
2824 1546 2943 1583 vero
2966 1529 3079 1598 ejus
3101 1529 3364 1599 abnegant
3380 1528 3450 1582 ⁷⁵.

1876 1619 1941 1674 Et
1985 1621 2426 1685 quemadmodum
2488 1620 2690 1674 Jannes
2754 1629 2803 1673 et
2848 1620 3087 1674 Jambres
3148 1620 3453 1674 restiterunt

1876 1709 2027 1775 Mosi,
2060 1711 2136 1764 ita
2167 1720 2215 1765 et
2246 1711 2329 1764 illi
2360 1711 2610 1765 resistunt
2642 1711 2709 1764 ⁷⁸.
2746 1710 2827 1765 lbi
2854 1710 3138 1782 conjungit
3168 1710 3452 1764 veritatem

187 1804 528 1870 εὐσεϐείας,
553 1803 669 1870 τὴν
694 1805 763 1860 δὲ
784 1805 1043 1875 δύναμιν
1071 1805 1260 1875 αὐτῆς
1283 1807 1628 1876 ἠρνημένοι.
1662 1806 1773 1862 Kal

1882 1819 2003 1858 cum
2033 1803 2207 1869 Mose,
2242 1811 2337 1860 eos
2385 1814 2570 1859 autem
2607 1805 2721 1874 qui,
2758 1804 2976 1860 veritati
3022 1804 3300 1869 resistant,
3332 1819 3455 1858 cum

188 1893 267 1947 ὃν
319 1865 542 1961 τρόπον
611 1865 859 1964 ⁷Ἰαννῆς
904 1865 1005 1951 καί
1074 1865 1351 1968 vagiam}
1398 1865 1776 1966 durOéa'tnxsr

1882 1894 2051 1951 Janne
2083 1908 2139 1952 et
2163 1896 2403 1953 Jambrc.
2424 1897 2479 1952 Si
2512 1912 2640 1952 vero
2668 1897 2845 1953 Moses
2875 1905 2931 1952 et
2956 1898 3159 1954 veritas
3188 1898 3241 1952 in
3265 1899 3456 1954 eadem

190 1983 415 2048 Μωσεῖ,
441 1984 598 2037 οὕτω
632 1986 732 2039 καὶ
774 1982 938 2042 οὗτοι
972 1988 1362 2043 ἀνθίστανται
1393 1987 1469 2058 τῇ
1498 1988 1774 2056 ἀληθείᾳ.

190 2077 306 2145 Καὶ
336 2077 447 2147 γᾲρ
490 2078 773 2132 συντάττει
817 2077 919 2150 τὴν
969 2079 1068 2149 μὲν
1111 2080 1373 2151 ἀλήθειαν
1421 2079 1500 2150 τῷ
1528 2081 1787 2152 Μωῦσῇ,

189 2169 322 2231 τοὺς
349 2170 407 2222 δὲ
444 2170 847 2239 ἀνθεστηκότας
894 2175 957 2243 τῇ
991 2171 1221 2244 ἀληθείᾳ
1246 2172 1326 2244 τῷ
1369 2173 1539 2245 Ἰαννῇ
1574 2174 1670 2229 καὶ.
1696 2174 1777 2245 τῷ

204 2255 461 2328 Ἳιαμδρῇ.
526 2259 589 2311 El
644 2258 702 2311 δὲ
751 2261 994 2331 Μωῠσῆς
1035 2264 1133 2332 μὲν
1160 2264 1254 2317 καὶ
1288 2265 1321 2334 ἠ
1362 2264 1588 2335 ἀλήθεια
1623 2269 1679 2320 ἐν
1707 2268 1775 2337 τῇ

191 2350 335 2420 αὐτῇ
365 2350 543 2416 τάξει,
602 2353 811 2423 Ἰαννῆς
850 2353 907 2408 δὲ
936 2355 1031 2407 καὶ
1069 2356 1329 2428 Ἰαμϐρῆς
1356 2357 1470 2427 (70)
1503 2358 1781 2429 σύστοιχοι

193 2444 309 2504 τοῖς
339 2441 756 2514 ἀνθισταμένοις
793 2448 860 2517 τῇ
902 2447 1161 2519 ἀληθείᾳ,
1205 2448 1321 2512 πῶς
1355 2449 1415 2503 οὐ
1450 2450 1571 2504 κατ’
1600 2450 1778 2505 αὐτῶν

191 2528 227 2596 ἡ
254 2528 571 2598 προφητεία
608 2531 782 2586 ταῦτα
809 2536 1106 2605 «poemati;
1141 2538 1203 2590 Οί
1229 2538 1339 2609 γὰρ
1368 2539 1509 2593 κατὰ
1534 2541 1780 2604 Μωσέως

196 2620 506 2685 λυττῶντες
525 2622 878 2680 ἀνθίστανται
908 2626 1009 2697 μὲν
1037 2631 1104 2698 τῇ
1137 2629 1389 2702 ἀληθείᾳ,
1433 2631 1779 2687 συνίστανται

192 2712 255 2766 δὲ
300 2714 394 2767 καὶ
445 2716 890 2787 συνδυσφημοῦσι
934 2720 1013 2791 τῷ
1055 2721 1230 2791 Ἰαννῇ
1265 2722 1359 2775 καὶ
1401 2723 1480 2794 τῷ
1526 2723 1777 2798 ἰαμϐρῇ.

195 2804 313 2859 Καὶ
337 2805 397 2870 ἐξ
429 2800 490 2857 οὗ
517 2804 748 2874 ψεύδους
782 2809 1102 2882 ἐπήρθησαν
1133 2812 1184 2864 οἱ
1228 2813 1453 2867 παλαιοὶ
1474 2815 1780 2870 ἀποστάται

199 2894 395 2948 στάσιν
424 2895 568 2949 κατά
592 2896 837 2961 Μωσέως
866 2899 1203 2971 ἀναστῆσαι,
1244 2902 1333 2956 διὰ
1364 2903 1458 2957 τοῦ
1488 2904 1653 2964 αὑτοῦ
1687 2907 1780 2959 καὶ

196 2985 247 3038 oi
276 2985 389 3037 νέοι
416 2985 846 3055 ἠλαζονεύσαντο
875 2992 1020 3055 κατά
1041 3009 1099 3045 τε
1131 2992 1240 3046 τῶν
1267 2995 1577 3055 Μωσαϊκῶν
1598 3012 1779 3066 γραμ-

199 3077 414 3146 μάτων,
448 3078 544 3131 καὶ
571 3078 665 3132 τοῦ
693 3079 866 3134 ταῦτα
896 3083 1363 3154 νομοθετήσαντος
1379 3088 1667 3156 τυραννίδα
1695 3105 1782 3142 κιε-

1877 1987 2053 2043 classe
2082 1996 2232 2049 sunt,
2277 1987 2485 2042 Jannes
2516 1997 2697 2042 autem
2736 1996 2792 2043 et.
2824 1987 3074 2043 Jambres
3125 1989 3460 2058 respondent

1881 2079 1945 2133 iis
1974 2080 2066 2150 qui
2097 2080 2360 2134 resistunt
2391 2079 2627 2144 veritati,
2684 2068 2962 2150 quomodo
3014 2096 3125 2134 non
3174 2081 3342 2135 etiam
3390 2082 3459 2137 dc

1878 2172 1984 2227 illis
2011 2172 2297 2242 prophetia
2325 2173 2442 2227 haec
2491 2172 2813 2242 accipienda
2849 2182 2931 2228 est
2960 2173 2983 2226 ?
3034 2172 3115 2226 Illi
3150 2174 3295 2227 enim
3326 2174 3457 2231 dum

1878 2263 1935 2318 in
1991 2262 2177 2318 Mosen
2232 2263 2559 2330 insaniunt,
2612 2264 2879 2319 resistunt
2934 2263 3157 2333 quidem
3204 2265 3455 2329 veritati,

1878 2356 2158 2426 conjuncti
2186 2370 2320 2411 vero
2350 2364 2481 2411 sunt
2506 2372 2631 2411 cum
2657 2355 2835 2411 Janne
2865 2366 2919 2410 et
2939 2356 3186 2419 Jambre,
3222 2371 3460 2426 cumque

1880 2448 1947 2503 iis
1984 2447 2413 2503 calumniantur.
2458 2448 2573 2503 lmo
2621 2449 2780 2518 cujus
2827 2449 3096 2503 mendacii
3144 2448 3196 2502 vi
3245 2458 3459 2505 veteres

1880 2545 1956 2599 illi
1995 2552 2258 2614 apostatae
2285 2543 2352 2599 ad
2395 2543 2748 2598 rebellionem
2778 2552 2968 2598 contra
3001 2543 3186 2609 Mosen
3213 2543 3461 2599 excitanv

1879 2634 2004 2689 dam
2046 2633 2278 2704 permoti
2309 2641 2458 2695 sunt,
2512 2633 2704 2687 eadem
2750 2640 2805 2687 et
2835 2631 3175 2687 recentiores
3204 2646 3264 2685 se
3298 2640 3461 2686 extu-

1882 2727 2065 2780 lerunt
2100 2724 2169 2779 ad
2200 2722 2565 2794 oppugnanda
2618 2721 2782 2776 Mosis
2831 2721 3035 2791 scripta
3069 2721 3318 2793 ejusque,
3366 2721 3461 2793 qui

1882 2820 1969 2874 illa
2014 2820 2188 2874 instar
2253 2819 2432 2889 legum
2510 2815 2775 2880 tradidit,
2816 2815 3142 2870 dominium.
3206 2815 3461 2871 Attamen

1856 2912 2027 2987 inter
2073 2926 2167 2967 eos
2213 2925 2277 2965 ea
2332 2918 2415 2965 est
2461 2906 2790 2969 differentia,
2828 2920 2951 2976 quae
2985 2907 3327 2959 recentiores
3362 2902 3464 2957 hos

1882 3002 2099 3072 pejores
2131 3000 2332 3056 reddit.
2377 2999 2535 3069 Apud
2576 2999 2792 3069 priores
2821 2996 2969 3053 enim
3006 2994 3214 3051 malitia
3244 2993 3300 3050 in
3328 3008 3465 3049 con-

1883 3095 2005 3150 silio
2034 3094 2384 3159 subsistebat,
2440 3093 2568 3161 quia
2595 3090 2925 3162 supplicium
2957 3097 3084 3143 ante
3111 3096 3464 3144 consecutam

197 3170 335 3223 νείν.
365 3168 512 3241 Πλὴν
564 3171 659 3225 ἐπὶ
702 3172 765 3225 τὸ
804 3175 984 3244 χεῖρον
1014 3176 1226 3240 τούτοις
1277 3178 1311 3247 ἡ
1339 3177 1593 3249 διαφορά.
1646 3180 1772 3244 Τοῖς

1882 3188 2154 3242 actionem
2178 3201 2294 3250 eos,
2321 3183 2413 3255 qui
2443 3182 2646 3253 aliquid
2674 3179 3041 3263 perpetraturi
3065 3179 3264 3233 malum
3286 3186 3464 3235 erant.

201 3260 307 3330 μὲν
339 3260 450 3332 γὰρ
479 3263 537 3315 ἐν
577 3262 778 3336 μελέτῃ
816 3265 928 3334 (71)
956 3265 1016 3320 τὸ
1050 3269 1217 3323 κακὸν
1246 3268 1409 3339 {cur
1441 3270 1541 3340 τῆς
1566 3272 1781 3343 πληγῆς

201 3350 312 3421 πρὸ
336 3351 437 3422 τῆς
459 3353 712 3424 πράξεως
732 3357 855 3421 τοὺς
877 3359 1192 3428 πράξαντας
1219 3360 1305 3427 ἂν,
1330 3363 1380 3416 εί
1415 3363 1489 3435 μὴ
1522 3365 1779 3436 μετῆλθε,

200 3444 303 3513 τῆς
353 3447 723 3518 ἐγχειρήσεως
779 3450 1119 3523 ἀπαγούσης.
1172 3455 1234 3508 Οἱ
1266 3454 1324 3507 δὲ
1376 3456 1783 3528 μεμελετήκασι

198 3536 504 3604 δυσσεϐῶς,
531 3540 632 3609 τῆς
658 3542 1073 3617 φιλανθρωπίας
1105 3546 1228 3600 ἀντὶ
1261 3546 1354 3600 τοῦ
1384 3550 1656 3620 τιμωρίαν
1684 3550 1783 3605 λα-

201 3624 323 3679 ϐεῖν
366 3628 465 3699 τὴν
509 3630 799 3700 μετάνοιαν
842 3634 1255 3707 ἀναμενούσης,
1287 3631 1374 3691 οἷα
1402 3636 1466 3710 δὴ
1507 3655 1789 3711 καταφρο-

204 3719 367 3788 νηταὶ
396 3721 490 3774 καὶ
518 3721 757 3795 δευτέρῳ
787 3726 942 3798 κακῷ
969 3727 1029 3780 τὸ
1057 3727 1326 3799 προλαϐδν
1356 3731 1538 3801 χεῖρον
1567 3731 1786 3786 ποιοῦν-

202 3826 321 3875 τες,
353 3812 447 3865 κα).
474 3811 576 3883 τὴν
596 3814 848 3882 γλῶσσαν
876 3817 1117 3882 ὁπλίζειν
1144 3820 1286 3875 κατά
1310 3821 1405 3875 τοῦ
1432 3824 1783 3895 Δημιουργοῦ

148 3954 151 3955 ,
205 3902 319 3957 τῶν
346 3904 484 3967 ὅλων
517 3907 579 3961 οὐ
630 3908 1084 3980 διαλιμπάνουσι,
1133 3912 1223 3967 διὰ
1267 3914 1366 3985 μὲν
1413 3915 1521 3972 τῶν
1550 3916 1783 3989 ὕϐρεων,

200 3991 275 4056 ἃς
309 3996 637 4065 καταχέουσι
665 3998 758 4053 τοῦ
797 4000 943 4054 θείου
981 4001 1340 4073 θεράποντος,
1376 4004 1785 4076 συνεξυ6ρίζον-

205 4104 323 4150 τες,
360 4090 453 4141 καὶ
486 4090 551 4154 ἃς
582 4091 831 4157 ἐδέξαντο
855 4094 1177 4165 νομοθεσίας
1209 4098 1573 4163 Δεσποτικάς,
1608 4098 1696 4153 διὰ
1727 4098 1785 4153 δὲ

204 4179 321 4232 τῶν
364 4183 445 4245 εἰς
484 4182 587 4246 τὰς
633 4186 953 4255 νομοθεσίας
981 4189 1278 4259 παροινῶν
1326 4191 1447 4244 κατ’
1486 4190 1651 4245 αὑτοῦ
1690 4192 1784 4246 τοῦ

206 4271 506 4340 νομοθέτου
561 4276 656 4329 καὶ
708 4276 926 4332 πάντων
989 4279 1323 4352 δημιουργοῦ
1379 4283 1479 4345 τὰς
1535 4282 1786 4351 ἀσελγεῖς

206 4362 429 4426 ὲκείνας
475 4366 571 4419 καὶ
598 4366 825 4432 ἀθέτους
846 4370 1278 4441 ἀπορρίπτοντες
1307 4373 1512 4442 φωνάς.
1548 4375 1786 4445 Τοιαύτη

205 4457 315 4525 τῆς
339 4456 677 4522 ἀποστασίας
706 4462 739 4531 ἡ
770 4462 865 4515 νέα
901 4464 998 4518 καὶ⁸
1028 4467 1340 4535 πρόσφατος
1383 4468 1528 4521 κατὰ
1563 4467 1657 4520 τοῦ
1685 4470 1787 4540 Δη-

1882 3275 1989 3331 nisi
2031 3290 2060 3328 a
2110 3282 2312 3330 conatu
2362 3274 2611 3337 retraxit,
2658 3270 2885 3326 omnino
2933 3258 3175 3323 sustulit.
3219 3266 3290 3321 At
3329 3266 3385 3321 bi
3412 3278 3467 3321 et

1884 3365 2127 3421 meditati
2163 3372 2291 3419 sunt
2328 3364 2553 3427 malum,
2580 3370 2634 3417 et
2657 3376 2781 3416 cum
2810 3359 3000 3415 divina
3038 3356 3347 3429 benignitas
3367 3370 3468 3426 pro

1884 3472 2045 3529 poena
2079 3456 2365 3527 irroganda
2396 3452 2777 3524 paenitentiam
2827 3452 3072 3521 ipsorum
3101 3456 3465 3519 exspectaret,

1886 3559 2144 3619 tanquam
2174 3554 2601 3616 contemptores,
2653 3545 2968 3613 malumque
3016 3542 3360 3612 geminantes
3389 3540 3470 3599 fa—

1885 3642 2044 3697 cinus
2091 3640 2420 3695 destinatum
2490 3642 2850 3708 perpetrant,
2908 3634 3263 3706 linguamque
3310 3646 3468 3685 suam

1886 3740 2075 3789 contra
2118 3730 2468 3787 Conditorem
2511 3728 2757 3784 omnium
2796 3741 2995 3781 acuere
3027 3740 3136 3779 non
3183 3723 3464 3788 desinunt,

1886 3826 2080 3881 iisdem
2098 3821 2361 3879 conviciis
2390 3864 2407 3889 ,
2438 3835 2560 3892 quae
2591 3820 2647 3875 in
2674 3820 2924 3874 divinum
2951 3817 3264 3871 ministrum
3287 3813 3468 3869 ell'un-

1886 3916 2025 3971 dunt
2056 3914 2221 3969 etiam
2254 3913 2403 3983 leges
2438 3910 2676 3976 Domini,
2732 3920 2869 3980 quas
2917 3914 3289 3977 receperunt,
3345 3920 3472 3975 pro—

1887 4007 2220 4070 scindentes,
2251 4018 2461 4073 suaque
2486 4002 2542 4055 in
2560 4002 2709 4072 leges
2738 3999 3027 4055 insolentia
3052 3999 3228 4069 ipsum
3250 4011 3471 4067 quoque

1887 4098 2252 4169 legislatorem
2279 4093 2640 4161 omniumque
2690 4090 2983 4145 Dominum
3036 4088 3266 4143 vocibus
3305 4097 3470 4156 petu-

1887 4191 2124 4246 lantibus
2160 4196 2215 4243 et
2240 4186 2421 4257 impiis
2448 4193 2719 4256 petentes.
2745 4183 2923 4251 Atque
2953 4181 3026 4238 ita
3066 4180 3287 4249 quidem
3317 4195 3470 4234 com-

1887 4293 2074 4354 parata
2103 4289 2192 4337 est
2229 4295 2373 4335 nova
2397 4279 2488 4333 illa
2522 4286 2579 4331 et
2613 4289 2811 4330 recens
2866 4282 3242 4344 apostatarum
3277 4280 3471 4325 contra

1886 4375 2205 4430 Creatorem
2260 4371 2503 4428 omnium
2562 4368 2878 4435 insolentia,
2934 4368 3021 4422 vel
3079 4365 3267 4436 potius
3317 4365 3469 4419 varia

1885 4450 2307 4536 inonstrosaque
2360 4480 2427 4520 ex
2467 4470 2729 4534 serpente
2756 4459 3043 4532 prOgenita
3073 4458 3284 4528 vipera,
3347 4472 3471 4525 quae

211 4548 480 4618 μιουργοῦ
515 4550 625 4604 τῶν
668 4552 806 4606 ὅλων
849 4557 1126 4627 τυραννὶς,
1155 4558 1358 4627 μᾶλλον
1397 4560 1456 4614 δὲ
1488 4562 1547 4613 τὸ
1571 4561 1657 4614 διὰ
1684 4537 1780 4632 τῆς

1892 4571 2142 4618 ventrem
2195 4559 2389 4614 matris
2442 4556 2679 4622 conficit,
2732 4564 2790 4610 et
2820 4554 3095 4625 copiosius
3124 4548 3474 4620 blasphemiae

213 4638 466 4702 Παλαιᾶς
511 4642 749 4713 ἐκείνης,
784 4645 972 4716 ὥσπερ
1010 4648 1069 4713 ἐξ
1098 4649 1311 4719 ἐχίδνης
1356 4649 1703 4720 πολύμορφόν
1732 4668 1786 4704 τι

1894 4667 2173 4708 venenum
2209 4651 2266 4704 in
2302 4649 2621 4706 Creatorem
2647 4646 2863 4702 effudit.
2897 4644 3004 4699 Sed
3036 4644 3104 4699 de
3136 4643 3224 4696 his
3258 4646 3468 4709 postea.

209 4735 311 4788 καὶ
354 4734 643 4790 ἀλλόκοτον
692 4739 990 4811 ἀποτεχθὲν
1034 4742 1223 4812 θηρίον
1280 4744 1415 4815 (72),
1473 4746 1794 4813 καταφαγὸν
1834 4748 1934 4819 μὲν
1960 4748 2059 4817 τὴν
2082 4744 2325 4816 γαστέρα
2349 4746 2449 4812 τῆς
2476 4742 2766 4817 τεκούσης,
2805 4740 2968 4796 πλέον
3029 4738 3085 4791 δὲ
3139 4736 3231 4791 τὸν
3270 4735 3346 4787 ίὸν
3371 4732 3471 4803 τῆς

209 4827 570 4897 βλασφημίας
604 4831 884 4891 ἀποπτύον
917 4836 1061 4889 κατά
1088 4835 1184 4889 τοῦ
1217 4837 1586 4908 Δημιουργοῠ.
1624 4837 1795 4893 ι⁹Αλλά
1829 4840 2001 4895 ταῦτα
2027 4839 2128 4910 μὲν
2159 4839 2254 4895 καὶ
2281 4837 2527 4912 ὕστερον,
2613 4826 2617 4831 ’

282 4949 331 4981 ’⁵
358 4948 403 5004 ιι
434 4948 572 5003 Tim.
611 4962 673 5002 ιιι
724 4946 778 5002 5.
853 4951 896 4983 ⁷⁸
927 4949 1059 5005 ibid.
1089 4951 1144 5008 8.

1325 5040 1560 5097 VARUE
1596 5040 1981 5099 LECTIONES
2018 5042 2107 5096 ΕΤ
2145 5042 2378 5100 ΝΟΤΕ.

287 5157 402 5226 (70)
443 5158 785 5225 Σύστοιχοι.
830 5156 943 5212 Vox
979 5159 1079 5213 iSIa
1106 5158 1352 5214 eamdem
1384 5160 1471 5214 hic
1502 5161 1667 5215 habet
1694 5177 1794 5216 no-

209 5231 641 5299 tionemtquam
673 5230 900 5299 verbum
931 5232 1260 5299 συστοιχεῖν,
1293 5246 1320 5283 a
1359 5247 1468 5299 quo
1492 5231 1794 5296 derivatur,

212 5307 404 5353 tuetur
434 5298 617 5370 σλιπ.
656 5298 858 5370 tv,_25,
881 5299 947 5353 ad
977 5298 1350 5370 quem'locum
1378 5298 1498 5355 vide
1526 5302 1798 5370 interpre-

212 5380 323 5429 tes,
353 5374 408 5421 et
434 5367 488 5420 in
512 5367 1015 5433 primis'Erasmum
1045 5369 1408 5436 Schmidium,
1442 5367 1768 5426 nostratem.

292 5438 406 5509 (7|)
473 5437 867 5509 Ἐνμμελέτῃ.
924 5438 1105 5495 Mente
1161 5441 1373 5495 scilicet
1411 5441 1567 5509 quasi
1622 5442 1801 5496 adhuc

211 5506 545 5580 volvebatur
582 5506 817 5572 facinus,
848 5517 905 5562 et
941 5509 995 5563 in
1044 5511 1235 5580 primis
1266 5506 1580 5565 versabatur
1607 5510 1799 5569 initiis.

212 5578 310 5651 Ita
327 5576 589 5651 Libanius
604 5594 736 5651 voce
764 5579 865 5633 hac
885 5576 1061 5651 utitur
1072 5582 1190 5651 loco
1213 5596 1334 5634 mox
1353 5581 1572 5635 citando
1592 5596 1648 5651 p.
1676 5580 1797 5647 168,

214 5648 314 5721 ubi
363 5647 412 5721 is
453 5647 563 5721 ita:
595 5650 858 5721 Δείσαντα
901 5648 1002 5717 τὴν
1028 5650 1125 5704 τοῦ
1171 5651 1496 5721 πράγματος
1546 5647 1798 5721 μελέτην,

212 5720 296 5843 g2
329 5718 581 5799 καὶπρὸς
605 5720 667 5772 τὸ
703 5719 963 5790 μέγιστον
982 5721 1092 5803 ἀπο
1121 5718 1231 5774 τῶν
1257 5718 1557 5802 ἐλαττόνων
1584 5718 1796 5792 βαδίσῃ.

300 5788 374 5842 let
397 5789 534 5843 altas
560 5790 678 5843 hac
701 5806 806 5843 vox
833 5805 1086 5843 usurpari
1113 5807 1143 5843 a
1170 5792 1484 5843 rhetoribus
1516 5791 1582 5843 de
1616 5791 1796 5843 decla-

300 5788 374 5860 let
397 5788 534 5843 alias
560 5790 678 5845 haec
701 5788 806 5846 vox
833 5791 1086 5860 usurpari
1113 5807 1143 5845 a
1170 5792 1484 5847 rhetoribus
1516 5788 1593 5846 de
1616 5788 1799 5846 decla-

211 5859 553 5916 mationibus
576 5860 777 5929 quibus
821 5859 1080 5930 juventus
1102 5863 1170 5918 ad
1203 5863 1499 5917 masculam
1532 5861 1798 5931 eloquen-

580 5954 855 6014 ΡΔΤΒΟΙ..
896 5953 1016 6015 Gn.
1060 5956 1182 6019 CII.

1895 5163 2024 5217 tiam
2066 5162 2269 5217 erudiri
2310 5162 2484 5216 solet:
2538 5161 2660 5217 vide
2691 5163 2939 5226 omnino,
2978 5161 3180 5216 Ezech.
3224 5161 3475 5232 Spanhe-

1894 5233 2089 5293 mium,
2126 5233 2192 5287 ad
2232 5232 2431 5302 Iuliani
2476 5240 2610 5285 orat.
2655 5232 2703 5295 1,
2733 5248 2786 5301 p.
2822 5232 2888 5287 14
2933 5246 3112 5302 seqq.,
3145 5231 3470 5287 etGodfrid.

1894 5302 2170 5425 Olezgi'um
2219 5304 2287 5358 ad
2327 5301 2739 5367 Philostratum,
2798 5303 2875 5357 De
2912 5303 3033 5357 vitis
3080 5304 3472 5372 sophistarum,

1899 5387 1953 5425 ι).
2100 5411 2114 5425 .

1970 5441 2356 5513 (72),Θηρζον.
2390 5441 2465 5495 De
2502 5441 2788 5497 venenatis
2811 5442 3004 5499 bestiis
3028 5443 3281 5513 usurpari
3314 5442 3473 5513 solet.

1900 5510 2036 5566 Vide
2074 5510 2225 5566 Sam.
2251 5511 2603 5581 Bcchartum,
2631 5521 2785 5581 parte
2814 5530 2876 5579 ιι,
2907 5510 3233 5579 Hierozoici,
3257 5529 3310 5580 p.
3334 5512 3431 5566 571
3457 5528 3472 5577 ;

1899 5591 1955 5636 et
1994 5581 2344 5636 Lambertum
2396 5580 2538 5647 Bos,
2587 5580 2826 5640 in'Notis
2860 5585 2928 5639 ad
2978 5584 3190 5640 Novum
3240 5583 3474 5644 Foedus,

1941 5692 1953 5704 .
2008 5652 2096 5706 90.
2140 5649 2491 5707 Transfertur
2533 5651 2732 5709 deinde
2783 5655 2850 5710 ad
2907 5656 3155 5710 homines
3203 5654 3259 5707 in
3307 5653 3477 5705 Deum

1941 5692 1953 5704 .
2008 5667 2096 5706 au.
2140 5667 2491 5707 ‘transrertur
2533 5667 2732 5709 uernae
2783 5667 2850 5710 ad
2907 5667 3155 5710 homines
3203 5670 3259 5707 tn
3307 5667 3477 5705 Deum

1899 5667 2227 5795 Hominesve
2263 5723 2530 5795 maxime
2549 5723 2801 5795 lnjurios.
2832 5724 2974 5795 Lege
3002 5721 3479 5795 JoannemAPear-

1899 5792 2117 5866 senium
2153 5794 2221 5847 ad
2258 5792 2455 5866 rlgnatii
2492 5790 2784 5866 Epistolas,
2817 5796 2881 5866 p.
2914 5790 3016 5863 7M;
3060 5806 3116 5851 et
3157 5792 3478 5866 Godfridum

1899 5860 2173 5918 Olearium
2202 5865 2269 5918 ad
2294 5860 2608 5921 Orationem
2640 5860 2852 5922 Libanii
2875 5882 2974 5937 pro
2998 5860 3309 5922 ulciscenda
3327 5863 3480 5919 caede

2998 5958 3035 6020 6
