4088 6410
553 409 647 474 171

1729 400 1989 462 ΡΗΟΤΙΙ
2031 397 2537 460 ΡΑΤΙὶΙΑΒΩΗίΕ
2572 398 2681 462 CP.

3718 390 3820 458 172

624 523 812 580 XVIII.
842 521 979 589 Quia
1007 533 1140 576 vero
1165 531 1347 574 sermo
1382 529 1540 571 meus
1571 523 1830 584 tanquam
1861 512 1916 566 in
1955 519 2137 565 trans-

2310 507 2416 562 IH'.
2471 508 2625 561 Ἐπεὶ
2669 505 2725 560 δέ
2755 504 2854 568 τὰς
2898 503 3197 577 ίερολογίας
3224 501 3253 557 ὁ
3285 501 3440 573 λόγος
3481 501 3558 567 ὡς
3599 502 3660 556 ἐν
3697 503 3819 556 ἐπι-

551 634 715 676 cursu
763 623 1082 687 persecutus
1127 621 1212 666 est
1258 609 1474 665 oracula
1517 620 1669 662 sacra
1696 644 1712 670 ,
1758 619 1880 674 qua:
1928 603 2134 658 bonum

553 713 772 766 Patrem
803 704 1018 762 Domini
1049 701 1226 758 nostri
1254 700 1387 756 Jesu
1418 697 1622 755 Christi
1641 738 1655 761 ,
1705 706 1760 752 et
1791 696 1970 766 ipsum
2004 693 2140 749 dile-

553 813 703 859 ctum
717 799 914 854 Filium
928 795 1268 852 conditorem
1293 791 1456 860 hujus
1479 786 1743 850 universi,
1765 796 1820 841 et
1835 796 2138 841 creatorem

555 895 826 958 omnium,
857 904 980 961 quae
1008 889 1154 943 inter
1184 882 1466 940 sensibilia
1520 889 1578 936 et
1626 878 1985 951 intelligibilia
2035 893 2142 932 nu-

557 994 859 1049 merantur,
909 983 1056 1037 clare
1099 975 1458 1049 pronuntiant
1504 981 1563 1027 et
1588 971 1889 1036 celebrant,
1917 969 2142 1025 consul-

560 1089 676 1134 tum
727 1074 861 1130 mihi
923 1072 1144 1126 videtur
1196 1067 1375 1122 adhuc
1425 1062 1777 1120 manifestius
1827 1062 2139 1128 ostendere,

559 1171 809 1239 quisnam
850 1164 1060 1236 primus
1088 1170 1143 1216 et
1171 1169 1356 1214 mente
1382 1166 1437 1212 et
1465 1155 1649 1212 verbis
1677 1153 1846 1224 hujus
1876 1153 1932 1207 in
1970 1152 2142 1206 Deum

562 1257 869 1314 insolentiae
908 1262 1103 1310 auctor
1141 1252 1245 1308 illis
1265 1250 1514 1314 exsistat,
1553 1246 1646 1319 qui
1668 1247 1895 1302 omnino
1924 1259 2144 1316 pmnam

562 1354 738 1413 luent.
782 1348 929 1419 quod
955 1361 1136 1418 regem
1166 1344 1330 1414 hujus
1369 1339 1614 1397 universi
1639 1353 1804 1409 super
1829 1352 1889 1394 se
1917 1349 2146 1408 regnare

563 1442 777 1506 nolunt,
809 1439 905 1494 sed
934 1453 1060 1492 cum
1089 1435 1211 1490 aliis
1245 1433 1411 1488 rebus
1442 1428 1795 1486 sensibilibus
1823 1425 1988 1482 etiam
2023 1440 2148 1479 cor-

564 1550 696 1605 pora
721 1548 818 1587 sua
848 1527 1131 1587 Conditori
1156 1525 1516 1587 subtrahunt,
1545 1530 1602 1577 et
1629 1518 1773 1576 hosti
1807 1518 2144 1588 niancipant.

563 1603 684 1677 Non
742 1634 875 1675 vero
929 1616 1148 1671 aliunde
1212 1615 1329 1669 hzec
1410 1607 1802 1666 commentatio
1883 1603 2150 1676 repetitur

565 1724 729 1780 quam
755 1723 820 1763 ex
843 1706 949 1760 illis
976 1704 1109 1774 ipsis
1143 1699 1313 1756 sacris
1347 1707 1403 1753 et
1437 1712 1467 1752 a
1509 1696 1620 1750 Deo
1649 1691 1930 1764 inspiratis
1953 1691 2152 1746 Oracu-

568 1803 655 1856 lis.
690 1798 833 1853 Audi
863 1797 1046 1865 itaque
1097 1789 1488 1861 evangelistam
1546 1786 1787 1840 Lucam:
1832 1783 1970 1838 nihil
1999 1780 2149 1836 enim

568 1890 824 1964 prohibet
856 1859 1032 1957 ipsum
1084 1859 1296 1938 audire.
1348 1877 1397 1934 Is
1443 1877 1589 1934 enim
1622 1874 2009 1938 tentationem,
2043 1887 2150 1942 qua
2175 1859 2224 1919 B

569 1994 758 2040 noster
784 1979 912 2034 inde
944 1978 1011 2032 ab
1034 1975 1242 2046 origine
1284 1986 1466 2026 rerum
1495 1967 1872 2040 supplantator
1902 1979 2153 2020 commu-

572 2091 698 2130 nem
730 2071 975 2128 omnium
1004 2067 1360 2123 Conditorem
1411 2063 1464 2117 in
1509 2067 1797 2130 assumpto
1831 2057 2025 2112 habitu
2050 2070 2154 2111 no-

571 2177 688 2222 stro
717 2166 1032 2234 despectum
1056 2171 1342 2230 aggressus
1357 2164 1460 2218 est,
1486 2153 1540 2206 in
1567 2166 1719 2206 sacra
1740 2149 1967 2206 historia
1989 2163 2154 2204 enar-

573 2268 816 2322 raturus,
851 2263 908 2309 et
941 2261 1066 2324 post
1095 2249 1417 2305 recensitam
1449 2245 1681 2316 primam
1723 2243 1890 2308 illam,
1925 2241 2155 2297 alteram

574 2350 924 2422 expositurus
963 2363 977 2399 :
1032 2342 1101 2397 Et
1147 2342 1414 2396 adducens
1455 2339 1653 2408 ipsum,
1678 2336 1888 2406 inquit,
1914 2333 2156 2389 diabolus

576 2444 632 2496 in
667 2449 892 2495 montem
927 2434 1210 2498 excelsum,
1239 2431 1462 2486 ostendit
1490 2430 1538 2483 ei
1576 2429 1757 2483 omnia
1795 2443 1958 2498 regna
1992 2425 2154 2481 orbis.

579 2534 647 2588 Et
676 2531 809 2586 dixit
859 2529 906 2584 ei
956 2526 1197 2582 diabolus
1224 2524 1292 2580 ⁷⁷,
1345 2522 1583 2577 Adverte
1621 2529 1886 2583 mentem,
1913 2535 1946 2572 ο
1972 2519 2156 2584 homo,

580 2635 643 2681 ut
675 2625 838 2690 scias,
880 2621 1026 2676 unde
1057 2619 1297 2690 primum
1334 2630 1436 2670 vox
1467 2613 1582 2668 haec
1615 2612 1729 2667 Deo
1763 2611 1996 2666 adversa
2026 2625 2158 2680 pro-

579 2721 722 2774 t'ecta
750 2717 842 2782 sit,
883 2724 940 2769 et
982 2711 1257 2783 quodnam
1317 2709 1389 2763 sit
1416 2704 1842 2762 abominandum
1874 2703 2161 2774 apostasia:

581 2795 822 2866 initium.
889 2805 1024 2873 Quis
1072 2804 1283 2874 primus
1330 2797 1610 2855 terrestria
1653 2809 1794 2866 Opus
1848 2805 1904 2851 et
1931 2809 2160 2866 regnum

583 2897 760 2953 hostis
788 2894 974 2950 dicere
1001 2906 1168 2947 ausus
1212 2889 1339 2946 est?
1388 2903 1586 2957 nempe
1617 2897 1766 2942 sator
1798 2886 2158 2950 zizaniorum,

582 2988 678 3059 qui
705 2983 978 3042 homicida
1022 2981 1125 3037 fuit
1161 2981 1230 3036 ab
1261 2979 1441 3045 initio,
1483 2979 1577 3049 qui
1623 2979 1834 3049 primus
1878 2979 1935 3032 in
1988 2978 2162 3032 Deum

584 3078 857 3135 cervicem
907 3075 1130 3138 extulit,
1177 3073 1270 3144 qui
1317 3087 1414 3143 per
1465 3072 1664 3126 fastum
1713 3081 1770 3127 et
1797 3071 2163 3144 arrogantiam

587 3173 764 3227 instar
790 3167 1018 3240 fulguris
1060 3181 1123 3221 ex
1161 3165 1300 3220 caelo
1340 3163 1631 3235 prolapsus
1661 3172 1764 3218 est.
1828 3162 1980 3218 Dixit
2014 3163 2162 3218 enim

586 3261 667 3315 illi
696 3258 935 3314 diabolus
982 3272 1001 3312 :
1052 3255 1162 3310 Tibi
1213 3254 1347 3308 dabo
1395 3256 1532 3306 hanc
1575 3261 1888 3322 potestatem
1905 3252 1975 3306 ’⁸.
2007 3251 2163 3319 Vide,

587 3367 882 3424 quemnam
921 3351 1202 3405 doctorem
1225 3346 1314 3402 hic
1341 3346 1611 3400 malorum
1642 3345 1966 3411 constituat,
2002 3361 2167 3416 quem

588 3447 806 3510 ducem,
839 3455 1000 3511 quem
1033 3437 1462 3510 praeceptorem!
1497 3434 1542 3490 Ο
1573 3435 1831 3491 miseram
1860 3451 2036 3491 meam
2067 3452 2172 3491 na-

590 3547 791 3601 turam,
822 3542 1084 3603 quantam
1117 3528 1259 3584 hosti
1291 3534 1617 3598 potestatem
1658 3527 1714 3580 in
1747 3541 1834 3581 me
1863 3526 1997 3581 feci!
2031 3528 2171 3582 Cum

590 3627 884 3699 Evangelia
917 3633 1026 3680 tam
1058 3623 1204 3678 clare
1237 3620 1493 3691 prodant,
1525 3617 1674 3674 unde
1703 3619 2017 3690 provenerit
2051 3629 2172 3674 tan-

594 3729 708 3774 tum
739 3717 1028 3789 apostasia
1054 3714 1278 3779 malum,
1330 3721 1387 3767 ct
1419 3711 1542 3782 quis
1576 3711 1697 3781 ejus
1729 3712 1801 3766 sit
1823 3721 2046 3778 auctor;
2077 3728 2167 3768 er-

592 3811 747 3867 ronei
785 3821 966 3865 tamen
1004 3805 1277 3868 homines,
1332 3811 1592 3873 tanquam
1628 3803 1897 3858 obturatis
1921 3805 2172 3873 auribus,

592 3911 690 3957 aut
742 3915 928 3956 carum
989 3914 1094 3953 usu
1142 3895 1366 3967 penitus
1419 3895 1619 3966 privati
1685 3895 1882 3950 nolunt
1934 3896 2122 3952 videre
2155 3940 2170 3964 ,

594 3997 752 4066 cujus
781 4010 840 4049 se
866 3992 1070 4047 faciant
1099 3987 1398 4058 discipulos
1418 4027 1434 4052 ,
1482 3995 1539 4042 et
1569 3987 1729 4057 cujus
1750 4003 1912 4043 voces
1944 4003 2070 4044 suas
2097 3989 2176 4044 fa-

595 4094 743 4147 ciant
788 4107 852 4146 ac
894 4087 1181 4158 recipiant.
1230 4085 1299 4140 Et
1337 4084 1475 4138 dixit
1503 4087 1551 4139 ei
1581 4084 1820 4140 diabolus
1842 4102 1861 4140 :
1893 4085 2006 4140 Tibi
2041 4087 2177 4140 dabo

597 4193 912 4254 potestatem
933 4183 1070 4236 hanc
1088 4195 1312 4242 omnem,
1349 4186 1398 4230 et
1429 4177 1655 4252 gloriam
1675 4194 1876 4244 eorum,
1899 4179 2024 4249 quia
2047 4179 2177 4232 mihi

598 4277 800 4330 tradita
844 4285 1004 4340 sunt,
1055 4285 1104 4330 et
1148 4276 1439 4346 cuicunque
1470 4273 1706 4338 voluero,
1750 4274 1859 4342 ipse
1907 4274 2059 4327 trado
2103 4274 2175 4328 ".

596 4367 852 4422 Percellit
900 4382 1028 4433 vos,
1067 4366 1344 4421 auditores
1381 4364 1474 4420 Dei
1511 4363 1907 4428 amantissimi,
1953 4364 2178 4420 audacia

598 4459 907 4523 mendacii,
968 4467 1024 4513 et
1075 4458 1382 4513 insolentiae
1434 4457 1753 4527 magnitudo
1789 4456 1846 4510 in
1893 4456 2178 4511 horrorem

2236 596 2412 669 δρομῇ
2456 595 2706 666 διῆλθεν,
2740 596 2798 649 αἱ
2841 595 2936 650 τὸν
2965 594 3171 664 ἀγαθὸν
3215 594 3438 664 Πατέρα
3475 592 3571 646 τοῦ
3615 593 3824 663 Κυρίου

2239 689 2398 760 ἡμῶν
2446 688 2623 759 Ἰησοῦ
2669 686 2942 760 Χριστοῦ,
2987 689 3086 742 καὶ
3126 686 3292 740 αὑτὸν
3325 684 3419 739 τὸν
3464 686 3827 756 ἠγαπημένον

2242 783 2372 838 Υίδν
2401 782 2732 854 δημιουργὸν
2758 778 2854 835 τοῦ
2885 780 3087 844 παντὸς
3116 780 3212 833 καὶ
3261 777 3509 850 κτίστην,
3540 778 3643 832 ὅσα
3671 795 3731 831 τε
3765 778 3819 834 ἐν

2239 877 2354 939 τοῖς
2390 875 2670 945 αίσθητοῖς
2718 873 2813 928 καὶ⁵
2849 874 2952 927 ὅσα
2980 874 3039 926 ἐν
3079 875 3194 936 τοῖς
3233 872 3446 943 νοητοῖς
3469 865 3825 936 ἐξετάζεται,

2242 965 2559 1038 περιφανῶς
2583 965 2804 1021 άνεῖπόν
2827 983 2886 1019 τε
2921 965 3016 1018 καὶ
3044 964 3410 1035 άνεκήρυξαν,
3451 961 3532 1016 ἔτι
3564 979 3654 1032 μοι
3681 961 3828 1015 δοκεῖ

2241 1059 2493 1124 διελθεῖν,
2522 1059 2617 1112 καὶ
2654 1059 3064 1130 ἐμφανέστερον
3097 1056 3388 1124 ἐπιδεῖξαι,
3419 1055 3506 1119 τίς
3528 1071 3588 1108 τε
3631 1050 3831 1108 ἐστὶν’ό

2243 1151 2460 1221 πρῶτος
2503 1150 2698 1222 γνώμῃ
2745 1151 2844 1221 μὲν
2871 1150 3142 1222 τολμηρᾷ,
3179 1151 3391 1220 ῥήμασι
3421 1146 3478 1200 δέ
3505 1147 3618 1209 τοῖς
3642 1146 3832 1208 αὐτοῖς

2244 1246 2344 1315 τῆς
2388 1242 2689 1314 θεομαχίας
2718 1241 3060 1307 διδάσκαλος,
3093 1240 3303 1311 ταύτης
3345 1237 3527 1309 ῥητῶς
3548 1237 3647 1308 τὴν
3675 1237 3833 1307 δίκην

2244 1334 2577 1405 τίσουσιν,ιοί
2596 1334 2688 1388 τὸν
2699 1333 2795 1387 τοῦ
2819 1333 3022 1397 παντὸς
3036 1331 3273 1387 Βασιλέα
3300 1328 3376 1402 μὴ
3394 1329 3722 1402 θελήσαντες
3743 1327 3834 1400 βα·

2249 1427 2484 1482 σιλεύειν
2515 1427 2602 1497 ἐφ’
2631 1425 2865 1492 ἑαυτῶν,
2888 1425 3025 1480 ἀλλὰ
3047 1423 3188 1497 μετὰ
3207 1423 3318 1478 τῶν
3348 1421 3527 1478 ἄλλων
3556 1420 3835 1492 αἰσθητῶν

2250 1520 2436 1575 καὶτὰ
2467 1519 2697 1591 σώματα
2723 1518 2904 1576 αὐτῶν
2932 1516 3025 1572 τοῦ
3071 1517 3317 1571 Πλάστου
3346 1515 3446 1587 μὲν
3471 1514 3832 1578 διασπῶντες,

2251 1616 2617 1679 συνάπτοντες
2655 1614 2712 1668 δέ
2743 1613 2822 1684 τῷ
2879 1611 3116 1684 Ἑχθρῷ.
3156 1610 3270 1663 Οὐκ
3314 1608 3538 1664 ἄλλοθεν
3562 1605 3620 1660 δέ
3651 1607 3763 1660 οὐδ’
3798 1606 3836 1676 ἡ

2249 1708 2384 1777 περὶ
2419 1705 2626 1759 τούτων
2673 1705 2923 1776 πρόεισιν
2962 1703 3272 1770 ἀπόδειξις,
3313 1699 3451 1756 ἀλλά
3481 1699 3569 1754 διά
3597 1698 3708 1753 τῶν
3735 1698 3840 1752 αὑ-

2251 1799 2364 1851 τῶν
2401 1797 2776 1852 θεοπνεύστων
2802 1798 2895 1850 καὶ
2925 1795 3086 1865 ἱερῶν
3122 1794 3355 1862 Λογίων.
3408 1793 3611 1846 Ἀκουε
3655 1790 3840 1843 τοίνυν

2252 1889 2346 1944 τοῦ
2397 1888 2790 1959 εὐαγγελιστοῦ
2836 1887 3063 1942 Λουκᾶ·
3124 1884 3278 1938 οὑδέν
3330 1881 3441 1954 γὰρ
3493 1876 3607 1935 οἷον
3670 1877 3840 1933 αὑτοῦ

2254 1981 2493 2038 ἀκούειν.
2518 1981 2632 2053 Τὴν
2657 1983 2852 2052 πεῖραν
2871 1971 3048 2044 οὗτος,
3099 1977 3167 2030 δι’
3196 1971 3264 2049 ἧς
3297 1977 3324 2029 ὀ
3363 1974 3460 2031 ἀπ’
3481 1972 3656 2044 ἀρχῆς
3680 1970 3842 2042 ἡμῶν

2254 2075 2583 2147 πτερνιστὴς
2613 2072 2970 2144 ἐπεχείρησεν
3001 2072 3060 2124 ἐν
3091 2069 3337 2141 ἡμετέρᾳ
3373 2069 3555 2139 μορφῇ
3582 2064 3840 2129 κατιδὼν,

2259 2168 2479 2225 καὶτὸν
2521 2166 2700 2222 κοινὸν
2731 2165 2993 2236 πειράσαι
3042 2163 3317 2233 Πλάστην,
3351 2159 3558 2229 ταύτην
3603 2156 3695 2212 διὰ
3742 2156 3845 2228 τῆς

2258 2261 2411 2333 ἱερᾶς
2442 2259 2685 2332 ἱστορίας
2713 2256 3022 2328 περιδιδοὺς
3047 2255 3157 2325 (75)
3181 2293 3196 2318 ,
3229 2263 3327 2309 καὶ
3369 2252 3510 2323 μετὰ
3555 2250 3656 2322 τὴν
3692 2246 3847 2321 πρώ-

2256 2370 2358 2424 την
2395 2353 2495 2425 τὴν
2533 2350 2794 2422 δευτέραν
2821 2346 3090 2414 ἐπεξιών·
3131 2346 3241 2402 Kal
3274 2341 3594 2416 ἀναγαγὼν
3633 2341 3846 2407 αὑτὸν,

2258 2444 2443 2515 φησίν,
2477 2441 2509 2495 ὁ
2533 2440 2813 2504 διάϐολος
2840 2441 2927 2505 εις
2955 2438 3096 2506 ὄρος
3118 2435 3385 2505 ὑψηλὸν,
3423 2432 3658 2498 ἔδειξεν
3685 2429 3852 2496 αὐτῷ

2258 2535 2463 2602 πάσας
2492 2533 2598 2600 τὰς
2619 2531 2947 2598 βασιλείας
2984 2527 3096 2597 τῆς
3125 2525 3502 2596 οίκουμένης.
3533 2523 3645 2578 Kal
3677 2518 3851 2577 εἶπεν

2259 2627 2421 2692 αὑτῷ
2446 2629 2478 2680 ό
2516 2623 2815 2688 διάϐολος.
2856 2620 3101 2693 Πρόσεχε
3133 2619 3224 2672 τὸν
3259 2618 3406 2683 νοῦν,
3434 2615 3711 2688 ἄνθρωπε,
3746 2613 3849 2668 πό-

2261 2719 2355 2774 θεν
2401 2718 2620 2791 πρῶτον
2649 2714 2877 2786 ἐξῆλθεν
2913 2716 2948 2784 ὴ
3001 2710 3268 2781 θεομάχος
3298 2707 3439 2780 αὕτη
3474 2707 3650 2779 φωνὴ,
3691 2706 3775 2769 τίς
3812 2705 3853 2775 ἡ

2264 2812 2490 2885 μυσαρὰ
2509 2809 2612 2880 τῆς
2633 2807 2971 2870 ἁποστασίας
3000 2805 3248 2876 ἀπαρχὴ.
3287 2803 3382 2866 Τίς
3408 2801 3677 2872 ἐτόλμησε
3700 2797 3857 2871 πρῶ-

2261 2923 2354 2970 τος
2395 2904 2466 2958 τά
2519 2905 2812 2974 περίγεια,
2858 2900 3021 2970 ἔργον
3069 2900 3165 2953 καὶ
3209 2896 3487 2968 βασιλείαν
3541 2895 3716 2947 είπεῖν
3751 2890 3852 2946 τοῦ

2276 2995 2504 3066 Ἐχθροῦ
2525 3013 2540 3063 ;
2578 2996 2662 3049 ὅτι
2690 2993 2800 3048 τῶν
2814 2991 3072 3057 ζιζανίων
3087 2993 3115 3045 ὁ
3145 2987 3588 3061 ἀνθρωποκτόνος
3610 2983 3857 3055 γεγονὼς

2266 3089 2362 3144 ἀπ’
2396 3087 2594 3159 ἀρχῆς,
2626 3087 2655 3139 ό
2682 3084 2898 3157 πρῶτος
2931 3083 3306 3156 τραχηλιάσας
3339 3079 3480 3134 κατὰ
3513 3077 3672 3144 Θεοῦ,
3698 3079 3726 3130 ό
3763 3076 3858 3130 διὰ

2265 3183 2329 3236 τὺ
2358 3180 2699 3252 μεγάλαυχον
2741 3177 2961 3233 καὶτὸν
3005 3175 3244 3241 ἀλαζόνα
3285 3173 3410 3228 νοῦν
3447 3172 3602 3243 δίκην
3642 3171 3858 3241 ἀστρα-

2271 3276 2380 3345 πῆς
2411 3271 2594 3326 πεσὼν
2627 3272 2692 3324 ἐκ
2720 3268 2814 3323 τοῦ
2857 3268 3089 3341 οὐρανοῦ
3111 3285 3125 3300 ·
3164 3267 3260 3321 καὶ
3285 3261 3457 3321 εἶπεν
3477 3261 3639 3330 αὑτῷ
3662 3265 3695 3318 ὁ
3723 3260 3859 3315 dui-

2272 3369 2472 3432 ϐολος,
2526 3364 2627 3418 Σοί
2669 3362 2843 3417 δώσω
2887 3361 3003 3429 τὴν
3042 3360 3339 3426 ἐξουσίαν
3381 3359 3626 3425 ταύτην.
3675 3355 3860 3427 Ὅρα,

2271 3460 2392 3514 τίνα
2423 3455 2745 3512 διδάσκαλον
2789 3454 2853 3507 τὸ
2881 3457 2981 3523 τῆς
3004 3452 3270 3523 πονηρίας
3310 3449 3528 3514 καθίζει
3556 3447 3861 3517 συνέδριον,

2272 3553 2395 3607 τίνα
2448 3547 2814 3622 μυσταγωγὸν
2860 3546 2956 3600 καὶ
3010 3543 3342 3616 εἰσηγητήνι
3399 3543 3464 3595 Ὢ
3506 3537 3862 3609 ταλαιπώρου

2272 3645 2374 3716 τῆς
2417 3643 2559 3714 ἐμῆς
2595 3639 2833 3710 φύσεως,
2878 3639 2944 3710 ἣν
2987 3637 3265 3708 παρέσχον
3295 3633 3546 3702 ἐξουσίαν
3571 3632 3695 3688 κατ’
3723 3630 3866 3701 ἐμοῦ

2273 3735 2352 3806 τῷ
2397 3731 2638 3806 Ἐχθρῷί
2672 3731 2859 3795 Οὕτως
2889 3727 3162 3801 λαμπρῶς
3209 3726 3318 3781 τῶν
3341 3726 3712 3796 Εὑαγγελίων,
3739 3725 3866 3778 ὅθεν

2277 3824 2490 3898 ἐρράγη
2535 3824 2630 3878 καὶ
2670 3821 2946 3894 προῆλθε,
2992 3818 3394 3890 κηρυττόντων,
3434 3816 3493 3871 τὸ
3541 3814 3866 3888 τηλικοῦτον

2276 3919 2377 3988 τῆς
2411 3915 2752 3980 άποστασίας
2802 3912 2994 3978 κακὸν,
3027 3913 3124 3966 καὶ
3146 3912 3231 3976 τίς
3270 3912 3300 3964 ό
3330 3911 3639 3983 ἀρξάμενος
3672 3909 3868 3980 ὥσπερ

2279 4009 2542 4081 βύσαντες
2572 4010 2620 4060 οἱ
2651 4006 3020 4078 πλανηθέντες
3039 4004 3109 4058 τά
3144 3997 3281 4067 ὦτα,
3307 4003 3340 4074 ἤ
3375 4002 3657 4065 παντελῶς
3683 4001 3871 4054 αὐτῶν

2277 4099 2629 4173 ἀφῃρημένοι
2653 4102 2752 4168 τὴν
2775 4099 2995 4170 χρῆσιν,
3029 4097 3130 4150 οὐκ
3158 4095 3405 4150 ἐθέλουσι
3440 4093 3695 4158 συνιδεῖν,
3721 4092 3874 4155 τίνος

2279 4195 2509 4255 ἑαυτοὺς
2528 4189 2745 4253 ποιοῦσι
2783 4187 3055 4258 μαθητὰς,
3087 4186 3183 4239 καὶ
3213 4185 3358 4248 τίνος
3397 4183 3728 4239 οίκειοῦνται
3769 4185 3875 4235 καὶ

2279 4285 2687 4340 ὑποϐάλλονται
2719 4282 2924 4350 φωνάς.
2950 4279 3064 4334 Kal
3091 4273 3264 4332 εζτεν
3303 4277 3464 4342 αὐτῷ
3491 4279 3526 4331 d
3558 4274 3871 4339 διάϐολοςο

2281 4377 2382 4433 Σοί
2399 4377 2572 4440 δώσῳ
2593 4375 2708 4443 τὴν
2735 4372 3026 4438 ἐξουσίαν
3071 4373 3298 4438 ταύτην
3329 4369 3597 4434 ἅπασαν,
3623 4368 3722 4422 καὶ
3750 4367 3879 4434 τὴν

2281 4468 2473 4534 δόξαν
2515 4465 2737 4532 αὐτῶν,
2773 4466 2863 4518 ὅτι
2909 4463 3040 4533 ἐμοί
3079 4461 3500 4531 παραδέδοται,
3531 4460 3631 4514 καί
3670 4454 3721 4527 ᾧ
3755 4460 3882 4514 ἐὰν

602 4553 947 4623 inOpinatum
982 4551 1210 4622 conjieit
1233 4564 1355 4606 :me
1387 4564 1519 4604 vero
1536 4548 1708 4604 multo
1729 4548 1899 4619 magis
1931 4548 2164 4618 percellit

2283 4558 2457 4622 θέλω,
2493 4558 2702 4627 δίδωμι
2743 4555 2959 4621 αὑτήν.
3004 4554 3392 4624 Καταπλήττει
3442 4569 3501 4606 σε
3554 4553 3616 4605 τὸ
3665 4552 3882 4624 θράσος

612 4645 978 4716 pessimorum
1025 4640 1246 4712 pessimi
1269 4639 1514 4710 magistri
1553 4639 1966 4709 discipulorum,
1989 4653 2189 4709 praece-

602 4746 815 4806 ptorem
845 4747 1005 4788 suum
1034 4729 1612 4802 superandistudium.
1635 4729 1731 4784 Ille
1759 4730 1928 4794 enim,
1947 4730 2183 4801 ali0quin

602 4842 703 4897 per
735 4825 920 4881 omnia
952 4823 1128 4878 audax
1156 4863 1171 4889 ,
1208 4831 1266 4877 et
1287 4821 1601 4892 impudens,
1632 4830 1687 4875 et
1710 4822 1975 4886 mendax,
2013 4834 2069 4878 et
2100 4831 2183 4878 te-

604 4918 906 4983 merarius,
930 4916 1189 4987 praedicat
1228 4924 1407 4969 tamen
1439 4928 1499 4968 se
1527 4914 1594 4968 ab
1620 4914 1726 4968 alio
1753 4915 1921 4969 dante
1957 4932 2185 4986 regnum

606 5012 662 5065 in
697 5020 842 5065 terra
885 5019 1107 5064 nactum
1139 5022 1283 5063 esse.
1315 5006 1446 5061 Mihi
1481 5006 1659 5072 enim,
1694 5006 1898 5076 inquit,
1939 5008 2027 5062 illa
2061 5009 2186 5065 data

605 5116 771 5171 sunt;
802 5121 911 5160 non
941 5119 1104 5159 vero:
1132 5119 1233 5174 ego
1262 5104 1378 5158 haec
1403 5118 1467 5157 ex
1495 5118 1604 5158 non
1638 5104 2030 5161 exsistentibus
2058 5123 2188 5163 con-

605 5199 739 5254 didi.
796 5199 867 5252 At
911 5196 1137 5270 genuini
1185 5195 1261 5250 illi
1315 5203 1370 5251 et
1417 5206 1753 5266 prmceptore
1813 5213 1914 5254 suo
1972 5203 2189 5272 pejores

676 5317 719 5348 '”
756 5314 947 5370 ﬂattlt.
981 5330 1056 5380 tv,
1080 5315 1131 5370 8.
1211 5314 1259 5346 ⁷⁸
1282 5313 1414 5368 ibid.
1491 5314 1534 5345 ⁷³
1565 5312 1697 5369 ibid.
1730 5313 1785 5374 9,

2283 4647 2380 4704 τοῦ
2402 4648 2655 4719 ψεύδους,
2673 4642 2719 4701 ὧ
2742 4647 2994 4717 φιλόθεον
3021 4647 3248 4720 θέατρον
3276 4644 3413 4714 (74),
3433 4645 3527 4698 καὶ
3558 4646 3638 4705 εἰς
3659 4643 3890 4713 θάμϐος

2285 4741 2523 4809 ἐξαίσιον
2568 4741 2776 4810 ἀπάγει
2828 4739 2932 4809 τῆς
2980 4736 3303 4801 ἀλαζονείας
3334 4737 3396 4790 τὸ
3451 4737 3682 4807 μέγεθος
3711 4753 3723 4766 ο
3764 4738 3886 4805 ἐμὲ

2280 4834 2340 4888 δὲ
2368 4833 2569 4903 μᾶλλον
2603 4816 2694 4886 τοῦ
2730 4831 2904 4887 κακοῦ
2943 4828 3264 4884 διδασκάλου
3298 4829 3408 4882 τῶν
3448 4827 3635 4882 κακῶν
3695 4827 3896 4898 μαθη-

2282 4927 2392 5004 τῶν
2416 4929 2450 4997 ὴ
2489 4925 2717 4996 σπουδὴ,
2749 4925 2842 4978 καὶ
2870 4921 2953 4988 οἷς
2983 4926 3077 4979 τὸν
3099 4921 3419 4978 διδάσκαλον
3458 4920 3898 4990 ἐφιλονείκησαν

2285 5019 2745 5091 ὑπερϐάλλεσθαι.
2792 5020 2852 5072 Ὀ
2893 5020 2993 5089 μέν
3022 5019 3156 5092 γὰρ,
3184 5018 3366 5071 καίτοι
3397 5016 3574 5076 πάντα
3603 5014 3900 5083 τολμηρὸς

2284 5114 2380 5166 καλ⁸
2401 5112 2760 5183 ἀναίσχυντος
2791 5112 2888 5166 καὶ
2908 5111 3146 5183 ψεύστης
3162 5109 3258 5164 καὶ
3284 5108 3489 5179 θρασὺς
3505 5107 3601 5170 ὢν,
3615 5107 3763 5176 ὅμως
3785 5107 3904 5160 ἀλ-

2286 5206 2380 5261 λου
2395 5205 2578 5270 δόντος
2600 5204 2789 5261 λαϐεῖν
2800 5204 2899 5276 τὴν
2921 5204 3199 5277 βασιλείαν
3226 5202 3328 5273 τὴν
3349 5201 3441 5255 ἐπὶ
3457 5200 3561 5272 γῆς
3586 5197 3911 5269 τερατεύε-

1720 5448 1958 5505 νΑῐιιΑῑ
1984 5450 2375 5511 LECTIONES
2423 5454 2512 5509 ET
2549 5454 2786 5514 ΝΟΤᾸΕ.

609 5568 831 5629 Juliani,
863 5582 984 5637 quae
1014 5575 1195 5621 exstat
1247 5566 1306 5620 in
1345 5565 1520 5637 ceileb.
1578 5564 1666 5637 Joi.
1712 5565 1922 5622 Alberti
1960 5565 2195 5624 Fabricii

613 5636 933 5693 Bibliotheca
956 5637 1163 5694 erca.
1189 5637 1298 5691 vol.
1327 5636 1440 5699 VII,
1468 5651 1525 5705 p.
1559 5636 1683 5691 166.

683 5710 795 5778 (73)
855 5707 1224 5788 ηερρὸιὸούς.
1286 5706 1599 5788 Legendum
1653 5717 1786 5788 puto
1845 5708 2193 5788 παραδιδούς,

611 5797 733 5850 qua:
762 5797 862 5833 vox
893 5779 1019 5833 huic
1044 5786 1389 5850 argumento
1407 5781 1832 5850 accommodata
1866 5789 1970 5834 est.
2005 5779 2196 5833 Solent

615 5846 797 5906 autem
823 5846 1239 5920 priepositiones
1277 5846 1430 5917 παρὰ
1464 5858 1518 5903 οι
1553 5851 1682 5921 περὶ
1710 5851 1853 5906 inter
1889 5866 1947 5905 se
1974 5866 2195 5921 permu-

2288 5851 2380 5922 jus
2418 5851 2585 5908 libelli
2611 5867 2642 5908 a
2667 5868 2753 5910 me
2793 5854 3082 5911 observata
3110 5864 3254 5911 sunt.

2293 5569 2395 5626 tari
2430 5570 2485 5624 in
2510 5586 2642 5625 mss.

2364 5641 2475 5711 (74)
2512 5640 2794 5723 Θέατρον.
2838 5640 3017 5723 Habes
3071 5643 3160 5699 hic
3205 5658 3406 5723 novum
3463 5656 3914 5723 argumentum,

2291 5725 2401 5792 quo
2451 5722 2702 5792 constare
2753 5716 3277 5792 poss_it_sermon,e_m
3329 5717 3421 5771 hic
3474 5716 3609 5792 legi,
3661 5718 3918 5786 publice

2292 5781 2843 5858 olitn__ad_a_udientes_
2865 5783 3129 5840 habitum.
3177 5781 3307 5842 Vide
3328 5800 3450 5858 qua:
3474 5781 3753 5844 iit—limine
3782 5791 3918 5851 hu-
