4088 6416
219 416 318 483 I73

1241 418 1538 481 CONTRA
1571 415 2030 480 MANICHIEOS
2071 415 2303 480 LIBER
2339 417 2456 480 III.

3384 414 3487 484 1⁸14

213 549 324 586 ται.
355 528 511 600 Ἐμοὶ
531 527 661 599 γάρ,
681 527 835 600 φησὶ,
849 527 1228 601 παραδέδοται,
1251 529 1367 583 ἀλλ’
1386 530 1486 583 ούκ
1498 529 1610 598 ἐγὼ
1623 529 1794 584 ταῦτα

1899 527 2184 599 discipuli,
2218 529 2362 599 quod
2396 541 2521 583 cum
2568 527 2794 584 horrore
2831 526 2974 596 dico,
3003 543 3069 585 ex
3099 543 3188 596 eo,
3215 530 3360 601 quod
3385 546 3480 588 ac-

214 624 280 677 ἑκ
319 622 396 694 μὴ
431 622 602 675 ὄντων
652 622 957 692 ὕφέστηκα.
983 622 1044 674 Οί
1077 621 1135 675 δὲ
1183 624 1422 691 γενναῖοι
1463 622 1559 677 καὶ
1605 622 1798 676 δυσσεο

216 715 466 784 ϐέστεροι
496 712 590 766 τοῦ
635 712 962 766 διδασκάλου
1009 712 1272 784 μαθηταὶ,
1305 713 1368 767 τὸ
1411 714 1798 786 φρυαξάμενον

216 807 410 871 εἰπεῖν,
431 807 495 860 ἐκ
509 804 604 859 τοῦ
617 804 953 874 παραλαϐεῖν
980 805 1124 875 ἔχειν
1145 804 1245 876 τὴν
1259 804 1536 875 βασιλείαν
1564 805 1674 860 τῶν
1704 805 1798 859 ἐπὶ

215 899 317 967 γῆς
341 895 444 964 τῆς
486 894 853 959 διδασκαλίας,
875 894 951 958 ὼς
981 895 1178 960 ἔοικεν,
1213 895 1263 948 οἳ
1296 894 1456 948 πλέον
1486 895 1794 961 ἀσεϐοῦσιν,

216 987 570 1057 ἀμειϐόμενοι
600 973 935 1056 δημιουργὸν
967 986 1064 1040 καὶ
1107 985 1354 1057 πλάστην
1388 985 1497 1039 τῶν
1537 986 1795 1056 ἐπιγείων

217 1078 702 1148 καταγγέλλουσιν.
733 1078 842 1130 Καὶ
877 1075 1051 1130 ταῦτα
1071 1079 1290 1149 φρονεῖν
1331 1078 1426 1131 καὶ
1453 1078 1634 1146 λέγειν
1671 1078 1795 1133 τολ-

219 1172 451 1242 μῶντες,
488 1170 614 1225 οὔτε
652 1170 1004 1240 πεφρίκασιν,
1030 1171 1154 1224 οὔτε
1221 1172 1455 1243 συνορᾷν
1500 1171 1796 1244 ἐϐουλήθη-

221 1263 435 1328 σαν,είς
449 1259 560 1316 οἷον
588 1262 866 1326 ἀπωλείας
900 1261 1064 1333 βυθὸν
1098 1263 1447 1320 καταδύουσι.
1475 1265 1547 1319 Σὺ
1568 1265 1625 1319 δὲ
1655 1265 1793 1336 μηδέ

220 1355 276 1407 τὸ
316 1354 446 1424 ἑξῆς
493 1353 886 1425 παραδράμῃς.
926 1353 1088 1423 Λέγει
1151 1356 1301 1427 γάρ,
1353 1356 1438 1410 Σὺ
1504 1352 1620 1412 οὖν
1683 1359 1794 1412 ἐὰν

221 1444 659 1513 προσκυνήσῃς
705 1443 964 1498 ἐνώπιόν
1007 1463 1168 1515 μου,
1207 1447 1381 1501 ἔσται
1434 1448 1552 1503 σοῦ
1601 1448 1790 1504 πᾶσα.

219 1536 381 1589 Ὥστε
413 1539 442 1590 ό
472 1537 743 1590 πιστεύων
772 1535 865 1589 τοῦ
893 1536 1140 1591 διαϐόλου
1167 1533 1308 1592 εἶναι
1336 1539 1406 1592 τά
1435 1539 1676 1608 ἐπίγεια,
1699 1540 1796 1592 καὶ

220 1630 349 1700 παρ’
392 1631 559 1686 αὐτοῦ
589 1633 890 1705 λαμϐάνειν
920 1632 1158 1702 νομίζων
1189 1632 1258 1686 τά
1306 1634 1364 1685 ἐν
1400 1635 1606 1696 αὐτοῖς,
1636 1627 1794 1696 οὗτός

219 1723 366 1777 ἐστιν
395 1726 423 1778 ό
463 1725 556 1778 τὸν
599 1725 842 1780 διάϐολον
877 1724 1220 1796 προσκυνῶν.
1253 1725 1331 1778 Ού
1361 1723 1470 1794 γὰρ
1522 1725 1610 1791 ἂν,
1661 1724 1793 1794 παρ’

221 1815 388 1870 αὐτοῦ
434 1817 621 1872 λαϐεῖν
658 1819 936 1889 ὁμολογῶν
980 1818 1016 1872 ἀ.
1047 1818 1147 1888 τῆς
1199 1818 1620 1888 προσκυνήσεως
1651 1815 1720 1888 ἦν
1761 1817 1792 1870 ὁ

225 1905 434 1975 μισθὸς,
455 1907 654 1962 δύναιτ’
685 1883 753 1962 ἀν
782 1883 882 1980 την
903 1883 1274 1979 προσκύνησιν
1289 1883 1687 1975 ἀπαρνεῖσθαι..
1703 1907 1790 1960 Τί·
1827 1883 1869 1942 Β

222 2017 307 2063 νες
356 1999 401 2052 δ’
445 2001 512 2054 ἂν
562 1998 672 2055 εἷεν
711 1995 939 2073 οὖτοι,ἧ
985 2003 1036 2055 οι
1097 2001 1229 2073 παρ’
1271 1999 1437 2055 αὐτοῦ
1496 2001 1596 2072 μὲν
1646 2000 1795 2071 ἐχειν

225 2092 611 2160 ὁμολογοῦντες
655 2092 720 2146 τὸ
768 2097 952 2164 σῶμα,
980 2094 1081 2165 τῆς
1130 2091 1299 2148 αὑτοῦ
1344 2093 1402 2146 δὲ
1431 2093 1794 2166 δημιουργίας

223 2179 314 2229 καὶ
347 2176 624 2247 βασιλείας
649 2179 807 2250 ἔργον
839 2179 974 2235 εἶναι
1004 2181 1164 2236 τοῦτο
1187 2199 1204 2250 ;
1233 2183 1330 2236 καὶ
1356 2182 1418 2236 ού
1438 2183 1500 2236 τὸ
1527 2183 1686 2253 σῶμα
1707 2183 1796 2254 μό-

222 2285 328 2332 νον,
360 2267 496 2322 ἀλλά
525 2270 620 2323 καὶ
662 2271 752 2324 τὸν
776 2272 940 2343 ἄρτον
967 2273 1061 2328 καὶ
1094 2273 1185 2328 τὸν
1212 2271 1377 2339 οἶνον,
1397 2274 1491 2328 καὶ
1527 2274 1589 2327 τὸ
1627 2274 1794 2346 ὕδωρ,

224 2361 313 2414 καὶ
343 2360 410 2414 τὰ
443 2361 578 2416 ἄλλα
609 2363 809 2427 πάντα.
830 2365 898 2418 δι’
923 2366 1067 2420 ὅσων
1097 2366 1159 2420 τὸ
1191 2367 1530 2438 ἀνθρώπινον
1564 2367 1794 2438 διακρα-

222 2456 388 2507 τεῖται
439 2455 534 2508 καὶ
583 2456 867 2527 συνέχεται
914 2457 1216 2529 σύγκριμα,
1256 2458 1355 2512 καὶ
1393 2457 1486 2512 τὸν
1537 2458 1797 2530 αίσθητὸν

223 2545 407 2600 τοῦτον
445 2547 859 2619 διαπορεύονται
899 2549 1034 2620 βίον.
1071 2549 1182 2603 Καὶ
1210 2549 1317 2621 γὰρ
1365 2550 1460 2603 καὶ
1507 2548 1716 2602 τούτων
1758 2549 1793 2619 ἠ

224 2639 456 2710 αἰσθητὴ
502 2640 700 2706 κτίσις,
734 2640 805 2694 τὰ
859 2643 957 2711 μὲν
1005 2640 1250 2712 προχέει,
1291 2639 1361 2695 τά
1415 2640 1475 2694 δὲ
1533 2640 1791 2710 γεωργεῖ.

221 2731 385 2786 Ὥστε
431 2734 478 2786 οί
507 2733 972 2805 δημιουργήματα
1005 2733 1104 2804 μὲν
1144 2731 1242 2786 τοῦ
1289 2732 1540 2786 διαϐόλου
1570 2731 1794 2802 καὶτῆς

224 2824 501 2894 βασιλείας
545 2824 735 2891 αὐτοῦ,
763 2826 833 2879 τὰ
894 2825 1152 2896 αίσθητά,
1183 2824 1245 2890 ἑξ
1291 2817 1368 2880 ὧν
1421 2823 1625 2895 ἔμαθον
1659 2823 1792 2896 παρ’

222 2917 388 2971 αὐτοῦ
417 2960 434 2986 ,
493 2919 674 2990 δόγμα
725 2916 1027 2983 ποιοῦντες,
1087 2917 1260 2972 ταῦτα
1326 2918 1384 2972 δὲ
1450 2917 1594 2988 ἔχειν
1661 2916 1794 2988 παρ’

220 3011 405 3078 αὑτοῦ,
436 3013 532 3064 καὶ
555 3010 769 3076 τούτοις
797 3011 989 3082 διαζῇν
1008 3012 1120 3074 τοῖς
1153 3010 1336 3082 ἔργοις
1365 3009 1790 3075 ἐπιδεικνύντες,

217 3097 366 3158 οὗτοι
409 3103 658 3174 φανερῶς
686 3102 785 3157 καὶ⁵
833 3102 1220 3173 ἀναμφιϐόλως
1247 3103 1376 3170 είσὶ,
1405 3103 1510 3156 κᾶν
1541 3101 1641 3174 τὴν
1684 3101 1794 3157 τῶν

1898 622 2063 690 cepit,
2092 621 2270 676 eidem
2295 620 2587 690 imperium
2629 621 2684 675 in
2711 628 2929 677 terrena
2955 622 3237 681 vindicant
3265 633 3479 679 creato-

1899 727 2013 767 rem
2045 712 2225 782 ipsum
2249 722 2306 767 et
2333 712 2678 768 conditorem
2710 714 3051 770 terrestrium
3082 716 3139 770 in
3167 716 3477 772 mercedem

1897 803 2109 858 scilicet
2154 813 2391 874 acceptae
2439 804 2508 860 ab
2549 819 2615 860 eo
2664 805 3004 874 disciplinze,
3064 807 3474 863 renuntiantes.

1896 895 2074 964 Atque
2107 894 2180 948 ita
2197 895 2479 962 sentirelet
2506 894 2653 966 loqui
2682 896 2947 952 audentes
2972 913 3074 954 nec
3100 898 3348 966 horrent,
3373 916 3478 956 nec

1899 986 2087 1042 videre
2113 987 2366 1057 cupiunt,
2399 986 2452 1041 in
2485 998 2748 1058 quantum
2781 990 2932 1044 exitii
2965 989 3286 1046 barathrum
3331 1008 3478 1063 pra:-

1898 1076 2091 1147 cipites
2122 1087 2373 1148 agantur.
2403 1075 2486 1132 Tu
2520 1092 2648 1132 vero
2695 1095 2798 1134 nec
2833 1082 3115 1150 sequentia
3159 1091 3475 1152 praetereas.

1900 1169 1991 1224 Ait
2021 1170 2169 1225 enim
2208 1187 2222 1225 :
2265 1170 2337 1224 Tu
2373 1171 2538 1241 igitur
2560 1172 2606 1224 si
2636 1189 2718 1225 me
2743 1173 3069 1238 adoraveris,
3103 1176 3204 1229 erit
3231 1187 3324 1230 tua
3359 1194 3476 1232 om-

1901 1261 2004 1315 nis.
2044 1259 2148 1327 Qui
2179 1261 2344 1332 igitur
2390 1263 2565 1318 credit
2595 1273 2807 1318 terrena
2854 1279 2976 1320 esse
3014 1267 3252 1335 diaboli,
3286 1284 3476 1339 seque,

1898 1370 2018 1424 quae
2055 1355 2108 1409 in
2143 1355 2248 1409 illis
2274 1367 2435 1422 sunt,
2465 1356 2534 1412 ab
2562 1355 2678 1426 ipso
2701 1357 2948 1428 accipere
2971 1359 3244 1430 opinatur,
3283 1362 3328 1418 is
3358 1364 3479 1418 dia-

1899 1444 2083 1498 bolum
2122 1445 2330 1500 adorat.
2367 1444 2553 1516 Neque
2583 1447 2766 1513 enim,
2804 1448 2896 1517 qui
2937 1449 3006 1504 ab
3039 1466 3104 1505 eo
3138 1467 3199 1506 se
3225 1453 3480 1523 accipere

1898 1535 2185 1604 profitetur
2237 1552 2336 1603 ea,
2399 1553 2521 1608 quae
2566 1539 2900 1594 adorationis
2948 1543 3227 1610 praemium
3281 1554 3476 1608 erant,

1897 1627 2270 1681 adorationem
2301 1629 2787 1701 ipsam-denegare
2833 1632 3025 1700 possit.
3061 1631 3295 1699 Quinam
3339 1651 3472 1691 vero

1899 1717 1974 1771 illi
2009 1717 2214 1773 fuerint
2238 1718 2349 1784 alii,
2380 1734 2542 1788 quam
2569 1720 2692 1785 isti,
2720 1721 2812 1792 qui
2844 1723 2912 1776 ab
2941 1738 3005 1777 ea
3047 1739 3106 1778 se
3148 1725 3350 1781 habere
3399 1727 3478 1781 ia-

1903 1816 2090 1863 tentur
2129 1824 2345 1879 corpus,
2373 1819 2537 1880 atque
2569 1810 2673 1866 hoc
2705 1812 2773 1866 ad
2806 1815 3140 1869 creationem
3171 1825 3227 1871 et
3250 1831 3475 1888 regnum

1899 1901 2020 1970 ejus
2049 1903 2324 1970 pertinere
2348 1901 2576 1959 dicunt?
2610 1904 2722 1959 lmo
2761 1921 2864 1961 nec
2900 1921 3100 1977 corpus
3133 1908 3331 1974 solum,
3380 1911 3476 1965 sed

1897 2003 1952 2048 et
1980 2009 2174 2063 panem
2203 2003 2260 2050 et
2293 1995 2515 2058 vinum,
2550 2005 2606 2050 et
2629 2012 2857 2067 aquam,
2902 2008 2957 2053 et
3005 1999 3213 2069 reliqua
3260 2003 3474 2066 omnia,

1897 2099 1992 2154 per
2019 2099 2140 2154 quae
2166 2085 2451 2141 hominum
2483 2089 2789 2143 substantia
2821 2090 3136 2146 continetur
3163 2102 3218 2146 et
3247 2108 3478 2148 conser-

1898 2183 2088 2238 vatur,
2143 2175 2422 2246 vitamque
2467 2177 2612 2233 hanc
2657 2179 2973 2234 sensibilem
3018 2181 3289 2252 producit.
3339 2182 3474 2238 Nam

1896 2267 2169 2322 sensibilis
2218 2279 2468 2324 creatura
2519 2285 2708 2326 eorum
2757 2272 2865 2326 alia
2911 2274 3228 2343 profundit,
3272 2275 3377 2329 alia
3407 2293 3470 2329 ex

1897 2369 2041 2414 terra
2068 2358 2292 2428 profert.
2328 2360 2505 2431 Atque
2554 2361 2628 2416 ita
2662 2361 2774 2429 illi,
2807 2363 2901 2433 qui
2944 2364 3222 2419 sensibilia
3272 2365 3474 2420 diaboli

1895 2460 2175 2506 creaturas
2203 2452 2394 2507 dicunt
2422 2460 2478 2508 et
2502 2452 2571 2508 ad
2610 2454 2897 2524 imperium
2922 2455 3063 2524 ejus,
3097 2472 3196 2526 pro
3227 2456 3474 2512 doctrina
3541 2523 3562 2534 -

1896 2543 1967 2596 ab
1999 2543 2117 2612 ipso
2140 2543 2332 2599 hausta
2353 2585 2367 2609 ,
2399 2544 2773 2611 constituunt,
2806 2555 2969 2615 atque
3010 2546 3127 2601 haec
3162 2546 3230 2601 ab
3265 2547 3385 2617 ipso
3414 2563 3476 2602 se

1899 2634 2123 2698 habere,
2151 2645 2206 2689 et
2233 2635 2286 2688 in
2316 2634 2401 2690 his
2432 2635 2616 2690 vivere
2646 2651 2812 2706 opere
2841 2637 2959 2707 ipso
2989 2638 3313 2705 ostendunt,
3357 2654 3472 2693 ma-

1896 2723 2096 2779 nifeste
2134 2732 2191 2780 et
2213 2725 2457 2792 indubie,
2475 2727 2688 2782 etiamsi
2715 2727 3012 2782 videntium
3029 2729 3218 2783 oculos
3237 2737 3294 2784 et
3313 2745 3476 2784 aures

1897 2815 2086 2872 fallere.
2123 2828 2414 2884 conentur,
2453 2820 2660 2874 cultum
2717 2819 2820 2890 ipsi
2866 2829 3146 2890 przestant.
3196 2822 3268 2876 At
3319 2821 3476 2878 facile

1897 2905 2176 2962 inveneris
2215 2908 2362 2962 aliud
2416 2909 2672 2966 amentia
2727 2926 2951 2976 eorum,
3001 2927 3105 2981 qua
3152 2913 3472 2984 magistrum

1897 2996 2074 3067 ipsum
2117 3009 2412 3069 superant,
2453 3000 2787 3072 exemplum.
2830 2999 2924 3057 Ille
2959 3003 3108 3058 enim
3144 3002 3298 3058 brevi
3333 3013 3474 3059 tem-

1898 3105 2029 3161 pore
2059 3099 2212 3146 terna
2243 3091 2544 3147 tentatione
2570 3092 2862 3148 Dominum
2889 3094 3136 3159 adortus,
3177 3103 3234 3149 et
3263 3104 3346 3150 ter
3373 3096 3474 3151 ob-

218 3193 472 3265 ὁρώντων
515 3194 638 3264 όψιν
675 3193 774 3247 καὶ
812 3191 982 3263 ἀκοὴν
1023 3190 1275 3245 κλέπτειν
1325 3189 1789 3262 διαμηχανῶνται,

1896 3185 2164 3257 jurgatus,
2201 3186 2417 3242 tandem
2450 3201 2509 3242 se
2533 3203 2565 3242 a
2597 3189 2903 3248 tentatione
2950 3188 3038 3244 illa
3060 3229 3076 3255 ,
3125 3188 3477 3260 fastuosaque

215 3286 318 3357 τὴν
351 3283 722 3356 προσκύνησιν
763 3282 912 3354 αύτῷ
952 3280 1432 3353 προσενηνοχότες.
1466 3280 1705 3352 Εὐρήσει
1745 3279 1792 3332 δ’

218 3379 285 3433 ἀν
327 3395 411 3442 τις
439 3376 647 3430 τούτων
674 3375 767 3429 καὶ
790 3375 984 3446 ἑτέραν
1019 3375 1278 3429 ἀπόνοιαν
1306 3373 1405 3445 τὴν
1427 3372 1522 3426 τοῦ
1545 3370 1796 3427 διδασκά-

217 3471 312 3525 λου
349 3471 612 3525 νικῶσαν.
651 3469 710 3524 '0
742 3469 841 3540 μὲν
871 3469 980 3540 γὰρ
1029 3470 1087 3522 ἐν
1127 3467 1320 3540 βραχεῖ
1360 3485 1420 3521 τε
1462 3467 1639 3539 χρόνῳ
1698 3465 1794 3519 καὶ

214 3564 364 3634 τρισὶ
397 3561 724 3634 προσϐαλὼν
749 3562 828 3633 τῷ
870 3560 1114 3633 Δεσπότη
1143 3561 1382 3633 πείραις,
1414 3561 1508 3613 καὶ
1528 3556 1795 3612 τοσαυτά-

214 3673 302 3720 κις
337 3654 685 3727 ἐπιτιμηθεὶς
735 3653 950 3726 ἀπέστη
1005 3653 1162 3707 τοῦτε
1217 3651 1498 3725 πειράζειν
1541 3651 1790 3716 τοιαῦτα,

214 3748 312 3801 καὶ
342 3746 444 3818 τῆς
488 3746 750 3811 ἀλαζόνος
784 3745 1002 3814 ἐκείνης
1042 3745 1138 3798 καὶ
1180 3742 1345 3798 ἀθέου
1399 3741 1790 3813 μεγαλαυχίας.

211 3839 276 3893 Ol
305 3839 364 3892 δὲ
390 3839 450 3892 οὐ
474 3839 595 3911 τρὶς
619 3838 782 3908 μόνον
806 3837 896 3890 διά
924 3831 1234 3904 τῶνιαύτῶν
1263 3830 1679 3904 ἑπιτιμηθέντες
1705 3831 1796 3884 Δε-

211 3931 492 3985 σποτικῶν
521 3929 718 4000 φωνῶν
749 3924 852 4002 (οἷς
884 3928 993 3998 γὰρ
1016 3930 1045 3982 ό
1070 3923 1391 3987 διδάσκαλος
1441 3919 1792 3993 ἐπιτιμηθεὶς

207 4022 466 4092 ἐσίγησε,
499 4021 589 4075 διὰ
615 4021 726 4075 τῶν
755 4019 937 4074 αὐτῶν
965 4020 1014 4074 oi
1049 4017 1290 4090 μαθηταὶ
1319 4013 1792 4084 κατεδικάσθησαν

205 4116 308 4189 τὴν
336 4115 523 4188 σιγήν)
545 4131 562 4148 ·
590 4114 726 4170 ἀλλά
756 4113 1036 4185 μυριάκις.
1073 4111 1273 4182 μᾶλλον
1297 4109 1355 4164 δὲ
1376 4108 1516 4177 ὑπὲρ
1536 4106 1790 4179 ἀριθμὸν,

205 4209 304 4264 καὶ
353 4207 638 4270 τοσούτοις
672 4206 869 4270 ἐτεσιν,
902 4203 962 4268 ἐξ
991 4198 1051 4258 οὗ
1099 4201 1480 4256 διαπέπτωκεν
1527 4199 1711 4261 αὐτοῖς
1755 4198 1788 4268 ἡ

1897 3277 1986 3332 illa
2016 3287 2072 3333 et
2099 3278 2263 3350 impia
2289 3279 2600 3345 insolentia,
2635 3281 2921 3337 abstinuit.
2963 3281 3042 3336 Illi
3075 3297 3206 3338 vero
3244 3298 3354 3337 non
3383 3282 3477 3337 tri-

1896 3367 2023 3438 plici
2071 3377 2281 3424 tantum
2317 3370 2440 3426 vice
2474 3372 2669 3428 iisdem
2700 3373 2916 3428 Domini
2957 3373 3183 3430 vocibus
3228 3374 3474 3446 castigati

1897 3459 1916 3528 (
1945 3459 2143 3529 quibus
2179 3461 2326 3515 enim
2370 3462 2551 3516 verbis
2582 3464 2950 3532 reprehensus
2983 3464 3232 3520 diabolus
3271 3464 3473 3526 tacuit.

1895 3551 2090 3607 iisdem
2137 3562 2193 3608 et
2225 3553 2474 3624 discipuli
2505 3555 2571 3609 ad
2611 3556 2890 3610 silentium
2919 3557 3160 3611 damnati
3181 3557 3351 3628 sunt),
3379 3557 3476 3612 sed

1897 3642 2042 3697 mille
2059 3683 2074 3707 ,
2091 3641 2200 3698 imo
2227 3641 2408 3712 potius
2427 3643 2656 3699 inﬁnitis
2678 3644 3196 3717 vicibus,annisque
3223 3648 3472 3714 totidem,

1893 3749 1960 3790 ex
2007 3749 2118 3803 quo
2160 3735 2516 3805 praeceptoris
2559 3735 2858 3792 insolentes
2903 3747 2958 3792 et
3001 3738 3180 3809 impia:
3225 3748 3375 3794 artes
3416 3741 3471 3794 in

1894 3823 2042 3894 ipsos
2075 3824 2416 3892 ceciderunt,
2443 3825 2644 3882 divinis
2670 3827 2906 3882 oraculis
2929 3818 3266 3897 reprehensi,
3293 3829 3475 3884 adhuc

1893 3917 2238 3987 impudentes
2279 3926 2334 3974 et
2375 3929 2694 3990 arrogantes
2721 3934 2781 3974 se
2811 3919 3093 3975 Gonditori
3133 3922 3464 3987 obvertunt,

1893 4011 2120 4081 ejusque
2142 4026 2369 4083 regnum
2398 4014 2507 4068 vita
2530 4021 2586 4068 et
2609 4013 2791 4068 verbis
2820 4013 3148 4079 dividentes,
3177 4013 3317 4068 hosti
3347 4029 3472 4083 per-

1893 4107 2141 4171 mittunt,
2166 4107 2417 4164 nolentes
2435 4124 2585 4175 vere,
2609 4119 2669 4164 ut
2692 4109 2998 4165 communis
3023 4109 3285 4164 Conditor
3307 4125 3474 4180 super

1897 4212 1957 4254 se
1988 4207 2196 4270 regnet.

203 4305 301 4360 τοῦ
338 4302 675 4370 ,διδασκάλου
707 4297 925 4364 ἀλαζών
949 4315 1009 4352 τε
1028 4297 1123 4351 καὶ
1171 4295 1439 4367 θεομάχος
1498 4291 1715 4364 μηχανὴ
1782 4291 2175 4361 ἐπιτιμώμενοι
2232 4293 2354 4356 ταῖς
2399 4293 2608 4356 θεῖκαῖς
2651 4295 2860 4360 φωναῖς
2907 4293 2988 4346 ἐτι
3043 4311 3472 4364 προσαναισχυν-

201 4401 364 4456 τοῦσι
405 4400 500 4453 καὶ
542 4397 1030 4462 καταυθαδίζονται
1068 4392 1161 4448 τοῦ
1201 4388 1569 4464 Δημιουργοῦ,
1606 4387 1699 4441 καὶ
1735 4387 1836 4457 τὴν
1871 4385 2146 4457 βασιλείαν
2181 4385 2347 4441 αὑτοῦ
2414 4387 2514 4458 βίῳ
2550 4389 2646 4442 καὶ
2699 4387 2843 4458 λόγῳ
2884 4386 3194 4458 δικάζοντες
3243 4390 3477 4460 ἐγχειρί·

197 4499 366 4565 ζουσι
387 4495 468 4568 τῷ
505 4492 739 4566 Ἐχθρῷ,
777 4491 854 4565 μὴ
873 4491 1115 4554 θέλοντες
1139 4488 1214 4551 ῶς
1243 4485 1577 4558 άληθῶς,τδν
1619 4483 1797 4538 κοινὸν
1833 4481 2109 4552 Δεσπότην
2140 4481 2443 4553 βασιλεύειν
2478 4482 2562 4551 ἐφ’
2607 4483 2834 4538 ἑαυτῶν.

272 4591 384 4646 ΙΘ⁹.
456 4589 595 4644 Ἀλλ’
661 4588 884 4660 ἴδωμεν,
937 4588 987 4641 εί
1035 4586 1203 4650 δοκεῖ,
1246 4583 1343 4638 καὶ
1399 4583 1484 4648 τίς
1534 4582 1719 4645 αὐτοῖς
1754 4581 1790 4651 ἡ

1966 4577 2110 4633 XIX.
2154 4577 2263 4634 Sed
2287 4577 2590 4641 videamus,
2633 4578 2676 4634 si
2729 4579 2926 4648 placet,
2967 4593 3130 4650 quam
3177 4579 3354 4636 ierant
3401 4596 3470 4637 ex

195 4680 595 4745 ἀνταπόδοσις⁹
609 4681 710 4750 τῆς
748 4676 1083 4748 συνηγορίας
1114 4675 1208 4730 καὶ
1239 4674 1661 4746 προσκυνήσεως
1697 4671 1792 4726 καὶ

195 4779 281 4840 εἰς
349 4771 580 4845 βασιλέα
634 4770 990 4843 ἀναρρήσεως
1020 4767 1116 4822 τοῦ
1176 4765 1409 4839 Ἐχθροῦ
1441 4781 1456 4795 ⁸
1491 4766 1586 4819 καὶ
1625 4765 1680 4819 τί
1731 4763 1793 4818 τὸ

196 4869 447 4924 ἔπαθλον
469 4865 552 4930 οἷς
577 4866 679 4920 οὐκ
697 4864 972 4938 ἠθέλησαν
1003 4863 1309 4936 βασιλεύειν
1349 4861 1437 4932 ἐφ’
1469 4859 1676 4916 ἑαυτῶν
1699 4859 1791 4912 τδν

196 4960 450 5034 βασιλέα
479 4958 573 5012 τοῦ
608 4958 828 5020 παντός.
866 4955 1256 5020 Ἀπεικάζουσι
1285 4953 1385 5025 μὲν
1420 4948 1515 5007 οὖν
1544 4952 1602 5006 αί
1643 4948 1789 5020 ίεραὶ

195 5053 524 5125 παραϐολαὶ
545 5053 639 5104 τὸν
681 5051 884 5121 Κύριον
916 5048 1075 5121 ἡμῶν
1115 5045 1325 5117 Ἰησοῦν
1366 5043 1623 5116 Χριστὸν,
1658 5041 1792 5114 μᾶλ-

193 5147 288 5201 λον
321 5146 386 5199 δὲ
413 5144 577 5206 αὐτὸς
609 5141 819 5207 ἑαυτὸν,
837 5140 1110 5213 ἀνθρώπῳ
1133 5140 1363 5208 εὐγενεῖ,
1395 5137 1446 5190 τί
1471 5137 1581 5208 γὰρ
1605 5135 1787 5204 θεότη-

190 5257 288 5304 τος
321 5236 760 5306 εύγενέστερονς
785 5235 846 5288 τὸ
866 5234 922 5288 δέ
950 5230 1291 5304 ἀνθρώπινον
1311 5229 1585 5300 σύστημα,
1616 5229 1704 5282 ίνα
1722 5226 1790 5280 τὰ

189 5333 338 5387 ἄλλα
375 5329 550 5391 ἐάσω,
591 5330 706 5390 τοῖς
735 5325 980 5388 πολίταις
1010 5322 1196 5385 αύτοῦ,
1219 5321 1315 5376 ἅτε
1341 5321 1638 5390 πλάσματα
1691 5317 1789 5372 αύ-

187 5425 317 5489 τοῦ,
363 5421 468 5476 καὶ
515 5420 600 5472 ὅτι
659 5415 822 5480 αὐτὸς
855 5413 1020 5469 αὑτοῦ
1061 5412 1311 5466 ἑπόλισεν
1344 5411 1404 5463 ἐν
1445 5413 1510 5480 τῇ
1552 5411 1660 5481 γῇ·
1691 5408 1787 5462 καὶ

185 5518 274 5571 ὅτι
325 5512 521 5583 σάρκα
551 5509 652 5578 τὴν
679 5505 958 5578 ἡμετέραν
987 5500 1193 5566 λαϐὼν,
1224 5501 1318 5555 καὶ
1345 5500 1592 5564 σύνοικος
1629 5498 1787 5569 ⁴ἡμῶν

184 5609 286 5664 καὶ
325 5623 403 5658 συ
414 5599 682 5673 μπολίτης
711 5596 911 5667 ἠξίωσε
943 5593 1311 5664 γενέσθαικαὶ
1339 5591 1621 5663 κληθῆναι.
1643 5592 1792 5664 Πλὴν

183 5694 309 5749 ἀλλ’
351 5694 387 5746 ὁ
431 5689 529 5757 τῆς
574 5687 825 5755 θεότητος
857 5683 956 5753 τὴν
983 5682 1260 5752 εὐγένειαν
1289 5681 1470 5753 φέρων
1495 5683 1552 5734 ἐν
1588 5681 1787 5750 ἑαυτῷ,

183 5789 282 5843 καὶ
311 5784 429 5855 τὴν
457 5777 736 5852 βασιλείαν
757 5774 936 5829 λαϐὼν
965 5774 1088 5846 ῐσην
1119 5774 1214 5828 καὶ
1242 5773 1606 5844 ἀναφαίρετον
1639 5775 1790 5843 παρὰ

180 5873 279 5929 τοῦ
317 5866 834 5940 Πατρὸς,.ἐπείπερ
883 5865 1101 5922 ἅπαντα
1159 5862 1350 5930 είδὼς,
1384 5863 1504 5918 οὐδὲ
1547 5865 1648 5936 τὴν
1694 5865 1789 5916 ἑπ-

1897 4685 1966 4727 eo
1986 4671 2314 4736 mercedem,
2350 4671 2494 4740 quod
2527 4672 2740 4726 hostem
2763 4671 2977 4742 iuvent,
3011 4673 3262 4736 adorent.
3306 4684 3362 4729 et
3409 4684 3474 4730 ut

1896 4775 2080 4834 regem
2112 4761 2454 4827 renuntient,
2474 4771 2530 4816 et
2555 4761 2700 4832 quod
2736 4763 3022 4832 praemium
3047 4763 3338 4834 accipiant,
3375 4764 3469 4835 qui

1895 4867 2079 4924 regem
2131 4853 2371 4907 universi
2427 4853 2526 4908 sibi
2583 4854 2854 4908 dominari
2909 4855 3226 4909 noluerunt.
3289 4855 3472 4911 Sacra

1895 4944 2075 5014 itaque
2096 4945 2366 5013 parabolae
2384 4943 2674 4998 Dominum
2692 4954 2940 5000 nostrum
2959 4945 3145 4999 Jesum
3165 4945 3470 5013 Christum,

1893 5037 1980 5092 vel
2011 5037 2194 5107 potius
2250 5037 2367 5106 ipse
2409 5051 2471 5092 se
2506 5046 2784 5107 comparat
2829 5053 2953 5092 cum
3007 5039 3228 5094 homine
3276 5042 3466 5096 nobili.

1894 5129 2178 5194 Quodnam
2222 5128 2367 5183 enim
2401 5128 2685 5183 divinitate
2731 5137 2816 5183 est
2858 5129 3132 5184 nobilius?
3181 5131 3468 5191 hominum

1893 5236 2022 5275 vero
2055 5222 2369 5285 cohortem,
2413 5230 2473 5275 ut
2520 5229 2715 5275 extera
2738 5221 3017 5288 omittam,
3067 5239 3192 5278 cum
3253 5227 3469 5282 civibus

1893 5313 2027 5378 suis,
2068 5324 2321 5383 tanquam
2352 5313 2442 5383 qui
2477 5321 2722 5368 creatura
2758 5328 2855 5368 sua
2887 5315 3019 5381 sint,
3053 5327 3109 5373 et
3131 5320 3331 5389 quibus
3357 5330 3468 5376 ter-

1896 5421 2012 5459 ram
2037 5420 2190 5460 suam
2219 5405 2562 5461 incolendam
2594 5404 2826 5470 dederit,
2870 5407 2982 5460 imo
3019 5423 3251 5478 quorum
3304 5426 3472 5467 carne

1893 5508 2167 5568 assumpta
2205 5497 2538 5553 domesticus
2563 5507 2618 5552 et
2651 5498 2892 5554 concivis
2919 5515 3108 5556 eorum
3139 5502 3254 5557 ﬁeri
3285 5513 3341 5558 et
3373 5520 3473 5559 voc

1891 5590 2000 5644 cari
2033 5587 2290 5644 voluerit.
2320 5588 2390 5640 At
2421 5586 2467 5642 is
2495 5586 2798 5644 divinitatis
2831 5589 3172 5645 nobilitatem
3231 5592 3470 5646 circum-

1893 5682 2098 5746 ferens,
2128 5695 2464 5752 regnumque
2499 5681 2707 5751 aequale
2740 5691 2797 5737 et
2854 5683 3218 5753 inseparabile
3249 5701 3278 5739 a
3311 5683 3471 5743 Patre

1894 5784 2108 5838 nactus,
2141 5789 2264 5828 cum
2293 5773 2475 5828 omnia
2513 5771 2711 5841 'scivit,
2746 5787 2860 5830 tum
2914 5792 3024 5831 non
3075 5776 3346 5848 ignoravit
3393 5794 3470 5833 re-

1896 5865 2216 5929 bellionem,
2248 5879 2409 5929 quam
2439 5864 2659 5934 quidam
2687 5865 2886 5920 civium
2937 5867 2991 5921 in
3044 5867 3223 5936 ipsqu
3275 5869 3469 5923 molie-
