4022 6412
643 391 746 457 175

1784 392 2047 455 ΡῘῙΟΤΙΙ
2088 390 2597 456 PATRIARCH/E
2653 397 2761 457 (ΣΡ.

3792 404 3880 472 ι’ἲθ

640 509 858 564 bantur.
884 505 959 561 Et
989 506 1062 560 illi
1096 506 1317 575 quidem
1362 515 1631 578 negarunt
1676 487 1899 574 regnum
1940 503 2081 573 ejus,
2119 516 2194 554 net

2294 552 2298 557 ,
2321 500 2617 554 ἀνάστασιν
2654 504 2941 573 ἠγνόησεν,
2968 505 3037 576 ἥν
3060 523 3203 570 τινες
3225 506 3333 561 τῶν
3364 508 3600 565 πολιτῶν
3634 511 3878 588 ἐμελέτηο

635 598 928 654 voluerunt
970 614 1094 653 emn
1134 613 1302 669 super
1349 613 1410 652 se
1467 612 1712 668 regnare.
1773 595 1871 651 llic
1928 594 2211 649 hominum

634 690 1046 745 amantissinms
1067 734 1081 754 ,
1114 691 1290 745 bonus
1336 689 1510 744 Patris
1534 689 1729 753 Filius,
1765 687 1889 743 fons
1918 688 2210 742 commise—

636 780 882 841 rationis.
909 781 1050 837 Deus
1079 782 1483 845 misericordia),
1512 781 1628 836 haec
1649 781 2038 837 misericordia:
2066 796 2210 835 nun-

633 889 799 944 quam
834 875 1113 929 vacuanda
1154 874 1399 937 viscera,
1434 889 1545 929 non
1598 874 1775 942 potuit
1823 873 1969 928 ferre
2001 882 2208 927 tantam

633 966 837 1021 civium
876 965 1211 1037 ingratorum
1245 965 1617 1021 insolentiam.
1653 965 1843 1036 Neque
1885 965 2031 1020 enim
2078 979 2208 1036 pec-

629 1067 877 1111 catorum
918 1057 1283 1112 humanorum
1330 1056 1545 1126 aliquod
1594 1057 1711 1111 ausi
1759 1068 1921 1112 erant
1964 1057 2060 1123 illi,
2110 1056 2207 1112 sed

630 1157 822 1203 contra
855 1149 1190 1214 Creatorem,
1223 1159 1412 1205 contra
1457 1159 1737 1205 auctorem
1760 1191 1774 1216 ,
1811 1159 2002 1207 contra
2034 1151 2207 1205 bene-

630 1239 915 1302 factorem,
968 1248 1158 1294 contra
1206 1240 1496 1310 providum
1546 1240 1785 1295 amentia
1824 1240 2136 1310 insurgebat
2186 1258 2201 1295 :

628 1332 740 1387 imo
775 1347 872 1400 pro
913 1333 1069 1387 home
1114 1332 1184 1387 ab
1218 1331 1432 1403 origine
1461 1332 1625 1395 malo.
1657 1348 1757 1403 pro
1790 1332 2057 1388 homicida
2088 1333 2203 1403 pri-

625 1440 820 1490 maavo,
868 1439 966 1494 pro
1004 1424 1323 1479 adversario
1378 1425 1619 1479 studium
1674 1425 1744 1479 ab
1774 1425 1839 1480 iis
1889 1426 2201 1495 probatur:

623 1532 693 1572 eo
726 1516 855 1582 fine,
892 1526 952 1572 ut
976 1517 1133 1579 alteri
1165 1517 1383 1587 quidem
1427 1516 1718 1586 imperium
1752 1518 2010 1584 demant,
2043 1518 2200 1572 alteri

622 1608 945 1679 largiantur.
982 1608 1122 1675 Quid
1151 1609 1314 1681 igitur
1336 1608 1485 1671 facit,
1509 1618 1563 1663 et
1590 1624 1750 1679 quam
1773 1625 1991 1680 ptenam
2019 1611 2202 1681 justus

618 1699 789 1767 judex
818 1698 887 1753 ab
926 1699 1188 1768 apostatis
1221 1699 1327 1753 illis
1364 1700 1600 1769 repetit?
1642 1705 1869 1759 Praestat
1911 1701 2057 1755 enim
2100 1716 2200 1755 au-

2319 614 2419 651 σαν
2452 600 2573 651 κατ’
2613 599 2801 654 αὑτοῦ.
2836 601 2945 656 Καὶ
2990 604 3297 674 ἠρνήσαντο
3331 603 3448 675 (75)
3479 606 3580 676 μὲν
3608 608 3709 680 τὴν
3739 608 3878 680 βασι-

2312 690 2463 745 λείαν
2527 693 2724 759 αὑτοῦ,
2769 695 2869 748 οὐκ
2926 694 3201 766 ἠθέλησαν
3251 698 3311 751 δὲ
3374 698 3684 768 βασιλεύειν
3731 705 3879 759 αὐτὸν

2312 783 2398 852 ἐφ’
2444 785 2673 839 ἑαυτῶν.
2704 778 2874 849 Οὗτος
2920 788 2949 839 6
3002 787 3409 861 φιλάνθρωπος,
3443 794 3472 845 ὀ
3514 794 3719 862 ἀγαθὸς
3775 798 3871 851 ﬂa-

2311 876 2436 946 τρδς
2470 878 2627 941 Παῖς,
2654 880 2688 948 ή
2735 880 2887 949 πηγὴ
2918 880 3020 949 τῆς
3070 883 3437 952 συμπαθείας,
3479 887 3507 938 6
3560 886 3657 940 τοῦ
3708 889 3881 955 ἐλέους

2309 965 2464 1030 Θεὸς,
2493 966 2561 1021 τὰ
2596 968 2704 1027 τῶν
2751 969 3055 1042 οἰκτιρμῶν
3100 972 3177 1042 μὴ
3224 973 3534 1043 κενούμενα
3581 978 3877 1049 σπλάγχνα,

2308 1057 2410 1111 οὐκ
2452 1059 2711 1130 ἠνέσχετο
2760 1060 2860 1131 τὴν
2888 1061 3160 1133 τοσαύτην
3206 1065 3497 1135 παροινίαν
3546 1066 3656 1120 τῶν
3694 1069 3877 1141 ἀχαρί-

2311 1167 2450 1204 στων
2469 1152 2635 1207 αὐτοῦ
2661 1153 2913 1208 πολιτῶν.
2946 1154 3212 1226 ¹Οὑδὲτγάρ
3244 1155 3302 1209 ἓν
3327 1174 3379 1211 τι
3400 1157 3510 1212 τῶν
3524 1158 3879 1229 ,ἀνθρωπίνων

2306 1244 2722 1315 ἁμαρτημάτων
2738 1240 2806 1317 ἦν
2835 1246 3125 1318 τολμηθὲν,
3156 1247 3293 1302 ἀλλά
3324 1249 3465 1303 κατά
3494 1248 3591 1305 τοῦ
3613 1251 3875 1315 Πλάστου,

2306 1335 2449 1388 κατά
2473 1335 2567 1389 τοῦ
2588 1336 2956 1407 Δημιουργοῦ,
2976 1337 3119 1393 κατὰ
3149 1338 3245 1392 τοῦ
3264 1340 3591 1411 Εὐεργέτου,
3627 1344 3772 1397 κατά
3791 1344 3875 1398 τοῦ

2305 1425 2603 1495 προνοητοῦ
2640 1416 2679 1497 ή
2706 1426 2954 1491 ἀπόνοια,
2977 1426 3092 1482 ἀλλ’
3122 1427 3261 1498 ὑπὲρ
3296 1428 3391 1482 τοῦ
3425 1428 3740 1498 ἁρχεκάκου
3790 1430 3873 1499 ἐχ-

2305 1517 2456 1588 θροῦ,
2485 1519 2624 1589 ὑπερ
2648 1518 2743 1573 τοῦ
2778 1520 2877 1573 ἀπ’
2905 1521 3082 1591 ἀρχῆς
3108 1519 3582 1591 ἀνθρωποκτόνου,
3604 1520 3637 1574 λὺ
3649 1522 3749 1592 πὲρ
3785 1521 3875 1575 τοῦ

2302 1610 2686 1681 ἀντικειμένου
2722 1612 2756 1680 ή
2794 1610 2999 1681 σπουδή
3025 1625 3038 1639 ·
3078 1610 3166 1663 ἴνα
3192 1607 3289 1665 τοῦ
3325 1608 3424 1680 μὲν
3453 1609 3767 1678 ἀφέλωνται
3785 1612 3875 1680 τὴν

2302 1701 2604 1773 βασιλείαν,
2632 1700 2711 1771 τῷ
2734 1701 2792 1755 δὲ
2821 1701 3177 1773 χαρίσωνται.
3211 1700 3303 1755 Διὸ
3318 1700 3372 1753 τί
3409 1704 3557 1754 ποιεῖ
3582 1718 3597 1765 ;
3634 1701 3731 1754 καὶ
3762 1701 3877 1757 τινα

622 1789 741 1845 dire
764 1790 940 1859 ipsam
968 1790 1115 1845 illam
1149 1792 1477 1845 sententiam
1500 1809 1514 1845 :
1534 1790 1788 1846 Inimicos
1811 1809 1971 1859 meos,
2000 1793 2194 1862 inquit,

2299 1795 2459 1865 δίκην
2497 1794 2625 1858 τοὺς
2669 1794 2982 1858 ἀποστάτας
3032 1796 3062 1847 6
3100 1792 3309 1857 δίκαιος
3360 1793 3586 1855 ἀπαιτεῖ
3652 1793 3873 1863 κριτήςς

622 1882 712 1951 qui
744 1880 1024 1935 noluerunt
1062 1897 1144 1935 me
1161 1898 1320 1951 super
1349 1898 1404 1936 se
1434 1898 1655 1953 regnare
1674 1884 1942 1946 adducite,
1976 1893 2025 1937 et
2060 1884 2194 1937 occi-

2316 1887 2477 1949 νΑλλά
2537 1883 2647 1958 γὰρ
2690 1886 2932 1957 ἄμεινον
3000 1886 3170 1954 αὐτῆς
3220 1884 3436 1955 ἐκείνης
3504 1884 3729 1939 ἀκούειν
3784 1885 3876 1955 τῆς

616 1974 728 2025 dite
756 1989 936 2026 coram
970 1989 1052 2027 me
1075 1974 1143 2026 ⁸ο.
1174 1973 1445 2039 Quoniam
1478 1975 1623 2028 enim
1667 1975 1840 2029 oculis
1878 1975 1994 2030 suis
2026 1974 2196 2030 Grea-

620 2072 794 2115 torem
847 2061 1179 2133 despiciunt,
1215 2063 1285 2117 ad
1311 2063 1776 2134 supplantatorem
1810 2064 2191 2134 respicientes,

618 2154 814 2208 merito
841 2153 894 2207 in
924 2155 1098 2209 oculis
1126 2154 1352 2224 justitia:
1383 2155 1566 2210 omnia
1596 2154 1835 2210 videntis
1861 2165 1917 2210 et
1949 2164 2195 2212 contem-

616 2247 814 2316 plantis
859 2248 929 2302 ad
970 2248 1187 2319 dignam
1238 2257 1503 2303 vocantur
1550 2262 1803 2319 pinnam.
1852 2247 1923 2303 Et
1963 2249 2196 2304 occidite

613 2354 923 2435 eosgoram
972 2356 1081 2405 me,
1114 2349 1175 2394 ιιι
1213 2355 1375 2411 quem
1406 2355 1527 2395 .non
1565 2339 1859 2395 voluerunt
1891 2354 2191 2411 agnoscere

612 2429 831 2504 regem,
884 2446 1011 2486 eum
1054 2430 1140 2485 vel
1193 2429 1351 2503 inviti
1376 2445 1444 2485 ex
1490 2429 1579 2495 iis,
1613 2429 1815 2499 quibus
1854 2430 2190 2499 plectuntur,

611 2526 792 2597 poenis
828 2534 882 2581 et
927 2524 1129 2598 Regem
1168 2534 1224 2581 et
1260 2524 1468 2595 justum
1491 2524 1733 2594 judicem
1770 2533 2090 2595 agnoscant.
2128 2524 2194 2578 Et

608 2620 864 2690 quoniam
891 2633 1089 2689 corpus
1110 2633 1141 2672 a
1164 2632 1251 2672 me
1269 2617 1563 2673 formatum
1580 2625 1636 2671 et
1662 2616 1848 2670 datum
1870 2615 1976 2670 illis
1998 2615 2193 2669 aliena:

609 2723 807 2765 manus
844 2723 983 2778 Opus
1011 2706 1380 2770 vcnditarunt,
1406 2703 1639 2759 occidite
1669 2702 1813 2767 illos,
1838 2711 1899 2757 ut
1921 2716 2019 2771 per
2043 2700 2191 2770 quod

611 2799 793 2870 injurii
829 2799 884 2852 in
920 2813 1006 2853 me
1035 2796 1277 2861 fuerunt,
1306 2795 1560 2866 quodque
1607 2808 1733 2849 meo
1776 2791 2011 2863 imperio
2055 2791 2190 2846 sub-

615 2897 835 2960 reptum
867 2888 1010 2943 hosti
1040 2886 1443 2957 manciparunt,
1471 2884 1540 2938 ab
1566 2896 1633 2937 eo
1672 2881 1907 2952 sejuncti
1949 2880 2191 2941 debitam

616 2981 909 3051 apostasia:
938 2994 1159 3050 poenam
1192 2977 1442 3033 solvant:
1467 2973 1710 3031 Occidite
1739 2988 1836 3028 eos
1861 2987 2045 3033 coram
2076 2971 2184 3031 mel

608 3073 968 3128 Considerate
1033 3085 1252 3141 pinnam
1280 3110 1295 3136 ,
1372 3084 1537 3138 quam
1602 3067 1676 3123 sit
1742 3064 2073 3123 inevitabilis
2136 3069 2195 3135 et

608 3166 826 3221 acerba.
863 3163 999 3231 Quis
1028 3163 1135 3218 fert
1163 3163 1494 3219 sententiam
1520 3160 1543 3213 ἲ
1569 3160 1738 3231 Cujus
1775 3168 1831 3214 et
1854 3157 1994 3217 illud
2037 3156 2191 3228 judi-

608 3258 790 3313 cium?
829 3256 913 3313 ΑΙ)
969 3258 1130 3312 hoste
1156 3255 1329 3311 occidi
1371 3255 1621 3324 quamvis
1667 3252 1897 3323 lugubre
1914 3250 2005 3315 sit,
2049 3249 2190 3304 mul-

610 3360 727 3405 tum
761 3356 944 3403 tamen
991 3346 1492 3404 solatiimateriam
1532 3343 1865 3414 suppeditat.
1906 3340 2194 3410 Relinquit

608 3441 756 3495 enim
812 3440 1101 3494 Dominum
1135 3440 1377 3493 futurum
1424 3436 1694 3501 ultorem,
1739 3444 1797 3491 et
1838 3448 1966 3505 spes
2003 3447 2191 3489 resur-

607 3532 893 3596 rectionis,
934 3546 997 3586 ac
1045 3546 1171 3587 cum
1230 3544 1297 3584 ea
1342 3527 1623 3599 conjuncti
1670 3526 1889 3600 gaudii,
1930 3534 2189 3594 tanquam

607 3623 828 3677 initium
910 3621 1153 3686 laatitiie,
1242 3620 1485 3691 cogitare
1545 3633 1674 3673 eum
1757 3615 1887 3671 facit
1944 3615 2014 3677 de
2081 3615 2189 3669 im-

604 3714 851 3768 minente
877 3714 1117 3767 hostium
1157 3712 1324 3766 caede.
1356 3710 1746 3781 Quandovero
1776 3706 2039 3777 Dominus
2072 3705 2189 3775 ipse

600 3803 757 3873 jubet
780 3801 983 3867 occidi,
1011 3817 1043 3858 a
1072 3816 1185 3870 quo
1219 3800 1375 3866 ultio,
1404 3815 1434 3853 a
1458 3814 1568 3869 quo
1597 3795 1992 3860 misericordia,
2014 3810 2045 3849 a
2077 3809 2188 3864 quo

604 3903 729 3963 post
760 3892 1221 3948 resurrectionem
1245 3891 1539 3947 exsultatio
1567 3901 1622 3945 et
1645 3888 1852 3954 laetitia,
1879 3902 1912 3945 a
1944 3900 2054 3957 quo
2077 3885 2187 3941 vita

602 3994 659 4040 et
684 3985 832 4039 salus
858 3984 1222 4054 proficiscitur
1255 4001 1268 4038 :
1299 3998 1423 4053 qua:
1447 3983 1624 4038 oratio
1650 3980 1880 4039 acerbas
1906 3988 1962 4034 et
1988 3977 2187 4037 intole-

601 4081 803 4135 rabiles
834 4079 1248 4151 reprzesentabit
1270 4077 1501 4149 poenas?
1521 4092 1643 4148 quae
1671 4076 1888 4132 dolores
1929 4073 2183 4140 acutissi-

598 4189 739 4240 mos,
766 4182 823 4229 et
843 4173 995 4228 nullo
1018 4172 1280 4228 levandos
1299 4170 1607 4228 solatio?ad
1629 4184 1790 4241 quem
1814 4167 2183 4245 confugietur?

597 4268 876 4338 quodnam
910 4267 1016 4321 erit
1034 4266 1376 4337 refrigerium
1408 4263 1511 4319 sub
1536 4261 1909 4319 cruciatuﬁne
1927 4271 2175 4323 carente,

595 4369 654 4413 et
676 4359 779 4414 sub
806 4373 966 4428 pcena
998 4355 1431 4412 interminabili?
1451 4356 1578 4411 Haec
1609 4353 1860 4425 cogitate,
1888 4353 2004 4409 baic
2031 4351 2179 4423 cogi-

593 4459 774 4507 tantes
788 4450 976 4505 timete
996 4449 1149 4505 vobis
1169 4464 1199 4503 a
1212 4463 1401 4519 poma,
1419 4462 1580 4518 quam
1605 4446 1660 4501 in
1688 4445 1809 4501 aliis
1825 4445 2022 4501 videtis
2041 4443 2175 4499 etab

2297 1978 2514 2051 ψήφου·
2570 1979 2717 2045 Τοὺς
2767 1978 3022 2049 ἐχθρούς
3072 1994 3215 2046 μου,
3266 1976 3401 2047 φησι
3429 1977 3615 2042 ,τοὺς
3650 1975 3739 2045 μὴ
3791 1978 3875 2029 θε-

2296 2070 2611 2137 λήσαντάς
2654 2087 2734 2139 με
2778 2070 3144 2134 βασιλεύειν
3185 2066 3278 2136 ἐφ’
3316 2054 3593 2131 ἑαυτῶν,
3628 2066 3875 2137 ἀγάγετε

2288 2162 2397 2216 καὶ
2434 2161 2862 2230 κατασφάξατε
2898 2157 3239 2231 ἔμπροσθέν
3281 2176 3425 2228 μου.
3494 2157 3712 2227 Ἐπειδὴ
3774 2157 3875 2227 γὰρ

2292 2255 2411 2317 τοῖς
2442 2252 2744 2323 ὀφθαλμοῖς
2787 2251 2970 2306 αὐτῶν
3026 2249 3279 2320 παρεῖδον
3335 2249 3434 2318 μὲν
3481 2247 3575 2301 τὸν
3616 2246 3870 2317 Ποιητὴν,

2295 2342 2610 2412 ἀπέϐλεψαν
2653 2342 2710 2396 δὲ
2760 2342 2895 2413 πρὸς
2927 2341 3017 2395 τὸν
3070 2337 3418 2411 πτερνιστὴν,
3446 2336 3537 2391 διά
3580 2336 3742 2401 τοῦτο
3792 2338 3873 2389 ὲν-

2284 2435 2470 2489 -ώπιον
2512 2436 2604 2488 τοῦ
2630 2433 2976 2504 παντεφόρου
3003 2432 3097 2486 καὶ
3122 2428 3564 2487 παντεπισκόπου
3595 2429 3692 2498 τῆς
3716 2428 3871 2498 δίκης

2292 2525 2576 2598 ὀφθαλμοῦ
2628 2527 2727 2597 τὴν
2764 2523 2923 2590 ἀξίαν
2977 2521 3336 2582 ἀπαιτοῦνται
3371 2520 3587 2590 ποινήν.
3628 2518 3741 2574 Καὶ
3778 2537 3871 2572 κα-

2286 2596 2611 2689 τασφάξατε
2655 2596 2854 2679 αὐτοὺς
2900 2612 3214 2686 ἔμπροσθέν
3242 2628 3370 2681 μου,
3398 2611 3507 2674 ἵνα,
3533 2609 3593 2673 δν
3623 2610 3727 2663 οὐκ
3753 2609 3871 2680 ὴθέο

2293 2709 2465 2780 λησαν
2510 2707 2810 2776 ἐπιγνῶναι
2858 2704 3123 2776 βασιλέα,
3177 2700 3445 2770 ἐπιγνῶσι
3494 2701 3590 2755 καὶ
3628 2700 3870 2766 ἄκοντες,

2293 2800 2376 2864 οἷς
2409 2799 2770 2855 ἀπαιτοῦνται
2798 2798 2896 2862 τὰς
2939 2795 3191 2860 εὐθύνας,
3215 2792 3442 2863 βασιλέα
3489 2793 3585 2845 καὶ
3644 2792 3869 2849 δίκαιον.

2293 2892 2405 2946 Καὶ
2429 2892 2551 2944 ἐπεὶ
2576 2890 2639 2943 τὸ
2666 2890 2797 2961 παρ’
2820 2888 2957 2959 ἐμοῦ
3000 2885 3160 2957 σῶμα
3198 2882 3437 2938 πλασθὲν
3468 2882 3655 2945 αὐτοῖς
3714 2880 3871 2935 ἀλλο-

2285 2982 2451 3052 ,τρίας
2486 2979 2669 3051 χειρὸς
2698 2977 2859 3049 ἔργον
2899 2976 3105 3041 ἔθεντο,
3137 2972 3522 3045 κατασφάξατε
3549 2974 3772 3038 αὐτοὺς,
3803 2975 3873 3038 ὡς

2278 3076 2364 3130 ,ἂν
2399 3074 2467 3128 δι’
2492 3066 2556 3128 οῦ
2599 3071 2931 3143 παρῴνησαν
2970 3070 3048 3132 είς
3075 3067 3176 3139 ἐμὲ
3204 3068 3298 3121 καὶ
3318 3068 3416 3139 τῆς
3445 3066 3585 3137 ἐμῆς
3610 3066 3871 3127 διελόντες

2294 3164 2703 3228 αὑτοσασιλείας
2732 3158 3105 3233 προσέρριψαν
3137 3159 3214 3231 τῷ
3247 3158 3479 3231 Ἐχθρῷ,
3509 3158 3698 3213 τούτου
3730 3158 3873 3227 διχα-

2295 3256 2515 3319 σθέντες
2547 3254 2645 3325 τὴν
2673 3253 3034 3324 ὀφειλομένην
3063 3245 3167 3311 ὦσι
3208 3250 3365 3321 δίκην
3394 3250 3492 3321 τῆς
3539 3250 3873 3325 ἀποστασίας

2292 3349 2652 3412 ἐκτετικότες.
2703 3344 3100 3414 Καωσφάξατε
3126 3343 3323 3406 αὐτοὺς
3373 3339 3684 3415 ἔμπροσθέν
3723 3341 3867 3411 pou!

2308 3441 2629 3510 Ἐννοήσατε
2659 3438 2760 3508 τῆς
2783 3438 3056 3510 τιμωρίας
3089 3435 3150 3489 τὸ
3183 3436 3422 3505 ἄφυκτον
3471 3434 3585 3506 (76)
3632 3435 3727 3487 καὶ
3785 3453 3868 3485 πι-

2291 3535 2446 3605 κρόν.
2484 3532 2580 3596 Τίς
2622 3534 2649 3586 6
2690 3531 2812 3594 δοὺς
2857 3528 2956 3599 τὴν
3013 3514 3227 3598 ψῆφονέ
3285 3528 3443 3590 Τίνος
3476 3528 3510 3597 ἡ
3565 3526 3865 3595 ἀπόφασιςς

2274 3620 2578 3691 ¹Σφαγῆναι
2610 3620 2710 3690 μὲν
2742 3618 2847 3675 ὑπὸ
2871 3616 2968 3670 τοῦ
3009 3614 3256 3688 Ἐχθροῦ,
3289 3615 3394 3669 κᾶν
3446 3616 3589 3687 φέρῃ
3622 3633 3674 3669 τι
3700 3616 3871 3684 λυπηο

2292 3712 2406 3785 ρδν,
2459 3710 2575 3765 ἀλλ’
2627 3705 2719 3763 οὖν
2760 3708 2963 3780 πολλὴν
3008 3707 3240 3778 παρέχει
3285 3706 3641 3780 παραμυθίας
3699 3707 3868 3777 ἀφορ-

2288 3804 2420 3873 μήν.
2460 3801 2776 3856 ’Υπολείπει
2818 3800 2927 3871 γὰρ
2981 3798 3075 3852 τὸν
3108 3798 3385 3870 Δεσπότην
3423 3796 3739 3868 ἐκδικητὴν,
3779 3797 3866 3861 καὶ

2285 3895 2386 3965 τῆς
2420 3892 2770 3955 ἀναστάσεως
2818 3892 2914 3945 καὶ
2962 3890 3063 3961 τῆς
3093 3890 3153 3942 ἐν
3204 3888 3342 3959 αὐτῇ
3388 3888 3563 3958 χαρᾶς
3617 3887 3654 3957 ή
3708 3886 3862 3950 ἐλπὶς

2286 3985 2574 4057 προοίμιον
2609 3984 2758 4054 αύτῷ
2806 3981 2911 4053 τῆς
2948 3978 3290 4051 εὐφροσύνης
3328 3979 3534 4033 ἐννοεῖν
3578 3979 3863 4049 ὑποτίθησι

2283 4078 2383 4149 τὴν
2416 4076 2653 4147 σφαγήν.
2692 4076 2863 4130 Ὅταν
2889 4073 2947 4127 δὲ
2975 4073 3004 4126 6
3036 4072 3318 4147 Δεσπότης
3353 4070 3515 4151 αὐτὸς
3546 4071 3863 4141 προστάσσῃ

2282 4169 2724 4240 κατασφαγῆναι,
2757 4167 2890 4239 παρ’
2913 4160 2974 4220 οῦ
2995 4165 3027 4236 ή
3050 4163 3351 4235 ἐκδίκησις,
3376 4163 3506 4233 παρ’
3526 4157 3589 4217 οὗ
3609 4161 3669 4215 τὸ
3692 4162 3859 4225 ἕλεος,

2282 4263 2411 4332 παρ’
2440 4255 2500 4316 οῦ
2534 4262 2566 4331 ή
2605 4258 2748 4333 μετά
2781 4260 2879 4327 τὴν
2928 4258 3228 4323 ἀνάστασιν
3266 4253 3591 4322 ἀγαλλίασις
3635 4254 3730 4307 καὶ
3771 4255 3859 4307 εύ-

2280 4355 2545 4426 φροσύνη,
2576 4352 2712 4422 παρ’
2729 4343 2789 4404 οῦ
2818 4352 2852 4422 ή
2880 4349 2995 4421 ζωὴ
3017 4349 3112 4421 καὶ
3137 4350 3171 4418 ή
3198 4346 3464 4418 σωτηρία,
3485 4345 3568 4409 τίς
3587 4342 3655 4399 ἂν
3676 4361 3859 4417 παραι

2279 4450 2457 4522 στήσῃ
2500 4447 2658 4515 λόγος
2698 4444 2760 4498 τὸ
2792 4442 2987 4516 πικρὸν
3031 4441 3126 4497 καὶ
3152 4442 3429 4525 ἀφόρητον
3465 4439 3565 4516 τῆς
3603 4438 3857 4509 πληγῆς;

592 4543 886 4598 horrendis
910 4542 1318 4612 tremendisque
1347 4540 1706 4606 cruciatibus,
1743 4549 2038 4609 antequam
2076 4551 2173 4592 eos

2294 4546 2339 4601 :6
2382 4538 2776 4619 ἀπαράκλητον
2809 4537 2907 4591 καὶ
2948 4535 3044 4602 ὀξὺ
3074 4533 3183 4588 τῶν
3222 4531 3522 4601 ἀλγεινῶν;
3559 4530 3698 4607 πρὸς
3739 4534 3859 4583 τινα

591 4635 926 4707 experiendo
947 4635 1188 4699 diseatis.
1208 4634 1470 4692 Reeedite
1490 4650 1521 4690 a
1546 4633 1710 4690 simili
1732 4634 1992 4698 amentia,
2016 4640 2175 4689 ante-

2294 4618 2426 4694 ἱσται
2450 4618 2489 4708 ἐή
2520 4630 2846 4701 καταφυγή;
2881 4627 2968 4692 τίς
3000 4625 3268 4696 ἀνάφυξις
3294 4622 3389 4677 τοῦ
3424 4622 3635 4685 πάθους
3676 4621 3735 4674 οὐ
3774 4621 3859 4674 δε-

589 4743 755 4799 quam
796 4726 1032 4782 similem
1073 4727 1391 4783 sustineatis
1431 4741 1673 4798 pinnam.
1722 4724 1828 4791 Qui
1870 4724 2020 4780 enim
2062 4722 2165 4795 sub

2294 4728 2504 4801 [ομένου
2537 4724 2713 4787 τέλος,
2746 4717 3110 4789 ἀτελευτήτου
3138 4716 3237 4785 τῆς
3265 4714 3536 4787 τιμωρίας
3569 4710 3859 4782 διαμενού-

588 4822 880 4877 afﬂictione
946 4819 1190 4875 nascitur
1248 4820 1413 4877 timor
1440 4830 1495 4876 et
1551 4815 1908 4890 paenitentia,
1958 4814 2169 4869 nullum

2294 4838 2374 4892 της
2399 4837 2415 4885 ;
2456 4815 2596 4871 Ἀλλ’
2626 4812 2918 4880 ἐννοήσατε
2946 4809 3144 4873 ταῦτα,
3175 4808 3269 4860 καὶ
3306 4805 3667 4875 ὲννοήσαντες
3692 4803 3857 4872 φοϐή-

588 4914 749 4969 aﬂert
828 4913 1065 4968 lucrum.
1140 4910 1330 4978 Quoad
1383 4909 1722 4982 pmnitentiai
1790 4917 2009 4980 tempus
2048 4912 2170 4975 est,

2294 4918 2403 4986 ὶητε
2427 4913 2527 4980 τὴν
2562 4905 2778 4977 πληγὴν
2808 4903 3043 4983 δρῶντες
3074 4901 3130 4954 ἐν
3156 4899 3385 4969 ἑτέροις,
3420 4897 3528 4968 πρὸ
3556 4896 3651 4949 τοῦ
3682 4898 3855 4966 ἐμπε-

588 5008 711 5063 eam
738 5006 1094 5062 admittamus
1137 5022 1152 5059 :
1192 5000 1385 5075 quoad
1416 5004 1590 5060 veniae
1624 5004 1794 5074 janua
1830 5014 2021 5074 aperta
2044 5014 2166 5070 est,

2294 5010 2392 5060 τείν
2430 5003 2511 5066 εις
2542 5001 2763 5070 πεῖραν,
2790 4995 2855 5048 τὸ
2881 4993 3109 5064 φρικτὸν
3144 4992 3245 5062 τῆς
3264 4990 3457 5060 ὀδύνης
3483 4989 3581 5044 καὶ⁵
3602 4988 3853 5059 φοϐερὸν,

586 5115 658 5155 ne
682 5100 957 5171 pigremur
992 5113 1090 5169 per
1121 5112 1243 5153 eam
1272 5096 1519 5152 introire.
1556 5096 1749 5164 Quoad
1785 5099 1949 5153 minae
1981 5098 2164 5154 immi—

2294 5098 2375 5151 καὶ
2404 5093 2685 5161 ἀπόστητε
2710 5088 2815 5159 τῆς
2846 5088 2967 5158 ῐσης
3003 5086 3264 5148 ἀπονοίας
3291 5084 3397 5155 πρὸ
3419 5083 3518 5154 τῆς
3545 5082 3669 5153 ἴσης
3692 5099 3857 5152 τιμω·

587 5200 743 5257 nent,
773 5190 1189 5246 conversionem
1215 5199 1499 5245 testemur.
1540 5175 1674 5245 Dato
1705 5189 1854 5244 enim
1897 5189 2079 5260 signo,
2107 5196 2163 5245 et

2294 5191 2420 5252 >ίας.
2461 5187 2519 5241 Ὀ
2553 5184 2662 5255 γὰρ
2693 5184 2751 5235 ἐν
2794 5179 2873 5251 τῷ
2914 5178 3076 5233 πάθει
3110 5178 3275 5248 φόϐος
3318 5177 3413 5229 καὶ⁵
3440 5176 3474 5245 ή
3519 5174 3854 5244 μεταμέλεια

585 5286 697 5342 vita
742 5286 941 5351 soluta,
976 5285 1125 5339 nulla
1158 5285 1393 5356 amplius
1414 5283 1614 5339 salutis
1649 5294 1904 5354 superest
1929 5283 2161 5350 via,nec

2294 5280 2426 5335 ’δδὲν
2457 5276 2633 5332 οἴδασι
2666 5271 2857 5343 κέρδος
2887 5270 3093 5340 φέρειν·
3134 5266 3280 5331 Ἕως
3317 5265 3507 5335 καιρὸς
3541 5264 3852 5334 μετανοίας,

653 5400 701 5433 ⁸ο
726 5400 858 5455 Luc.
899 5416 1008 5467 xix,
1038 5400 1129 5453 27.

1692 5506 1931 5563 VARUE
1984 5504 2376 5565 LECTIONES
2414 5503 2501 5557 ET
2540 5499 2775 5557 NOTAE.

650 5636 767 5709 (75)
808 5634 1204 5703 Ἢρνήσαντο.
1238 5631 1466 5709 Videtur
1488 5626 1886 5709 liicexcidisse“
1900 5627 2166 5707 particula
2276 5620 2539 5709 parabola
2570 5617 2962 5709 liomines‘usu‘a
2989 5608 3851 5709 nan.rerummD_o‘m‘iugﬂni?ffque

579 5679 1338 5778 nega‘i'ild(6:586:quod};liasw
1350 5679 1465 5753 fieri
1490 5679 1824 5778 consuevit:
1842 5679 1987 5750 Eam
2018 5679 2166 5750 enim
2279 5679 2540 5778 inutilem
2559 5686 2960 5778 agnoscebant,
2989 5679 3759 5778 noni-altilem-fev‘ere'bantur:

848 5745 2166 5847 ’Ξᾶὓεῖἓέἰῖνέ’ὶὲείῖέὶιέξέέζίῐιιῆρῐξᾷζῃςὲὲῇἰ
2343 5758 2463 5847 μϐ)
2518 5745 2843 5847 "diunon
2885 5745 2960 5810 Ita
3010 5754 3204 5826 scripsi
3264 5766 3364 5823 pro
3414 5749 3667 5817 ἇφικτον,
3707 5745 3853 5817 quod

579 5830 754 5919 ipsam
789 5846 843 5901 id
877 5844 1037 5900 velle.
1070 5830 1413 5912 Acceperaht
1460 5830 1627 5894 enim,
1665 5836 1927 5892 incuriosi
1972 5835 2050 5889 illi
2111 5836 2167 5890 in
2278 5839 2361 5886 est
2399 5830 2454 5883 in
2488 5842 2593 5883 ms.
