  <div class='ocr_page' id='page_1' title='image "/cluster/home/n/w/nwhite01/storage/ocr_20150623/102/hvd.32044012543948/095.png"; bbox 0 0 4014 6452; ppageno 0'>
   <div class='ocr_carea' id='block_1_1' title="bbox 509 444 611 514">
    <p class='ocr_par' dir='ltr' id='par_1_1' title="bbox 509 444 611 514">
     <span class='ocr_line' id='line_1_1' title="bbox 509 444 611 514; baseline 0.02 -3"><span class='ocrx_word' id='word_1_1' title='bbox 509 444 611 514; x_wconf 80' lang='grc'><strong>179</strong></span> 
     </span>
    </p>
   </div>
   <div class='ocr_carea' id='block_1_2' title="bbox 1649 435 2605 504">
    <p class='ocr_par' dir='ltr' id='par_1_2' title="bbox 1649 435 2605 504">
     <span class='ocr_line' id='line_1_2' title="bbox 1649 435 2605 504; baseline -0.007 0"><span class='ocrx_word' id='word_1_2' title='bbox 1649 439 1912 504; x_wconf 84' lang='lat' dir='ltr'><strong>PHOTII</strong></span> <span class='ocrx_word' id='word_1_3' title='bbox 1957 435 2465 498; x_wconf 72' lang='lat' dir='ltr'><strong>PATRIARCHIE</strong></span> <span class='ocrx_word' id='word_1_4' title='bbox 2498 438 2605 499; x_wconf 77' lang='grc' dir='ltr'><strong>ΟΡ.</strong></span> 
     </span>
    </p>
   </div>
   <div class='ocr_carea' id='block_1_3' title="bbox 3684 434 3785 502">
    <p class='ocr_par' dir='ltr' id='par_1_3' title="bbox 3684 434 3785 502">
     <span class='ocr_line' id='line_1_3' title="bbox 3684 434 3785 502; baseline 0.03 -3"><span class='ocrx_word' id='word_1_5' title='bbox 3684 434 3785 502; x_wconf 84' lang='grc'><strong>180</strong></span> 
     </span>
    </p>
   </div>
   <div class='ocr_carea' id='block_1_4' title="bbox 507 544 2093 630">
    <p class='ocr_par' dir='ltr' id='par_1_4' title="bbox 507 547 2090 630">
     <span class='ocr_line' id='line_1_4' title="bbox 507 547 2090 630; baseline -0.007 -17"><span class='ocrx_word' id='word_1_6' title='bbox 507 558 676 630; x_wconf 98' lang='lat' dir='ltr'><strong>igitur</strong></span> <span class='ocrx_word' id='word_1_7' title='bbox 702 569 987 615; x_wconf 81' lang='lat' dir='ltr'><strong>sermones</strong></span> <span class='ocrx_word' id='word_1_8' title='bbox 1025 557 1167 622; x_wconf 89' lang='lat' dir='ltr'><strong>illos,</strong></span> <span class='ocrx_word' id='word_1_9' title='bbox 1214 554 1419 627; x_wconf 90' lang='lat' dir='ltr'><strong>scripto</strong></span> <span class='ocrx_word' id='word_1_10' title='bbox 1463 553 1910 624; x_wconf 85' lang='lat' dir='ltr'><strong>comprehensos,</strong></span> <span class='ocrx_word' id='word_1_11' title='bbox 1943 547 2090 605; x_wconf 91' lang='lat' dir='ltr'><strong>desi-</strong></span> 
     </span>
    </p>
   </div>
   <div class='ocr_carea' id='block_1_5' title="bbox 2196 544 3785 630">
    <p class='ocr_par' dir='ltr' id='par_1_5' title="bbox 2196 544 3785 619">
     <span class='ocr_line' id='line_1_5' title="bbox 2196 544 3785 619; baseline -0.001 -21"><span class='ocrx_word' id='word_1_12' title='bbox 2196 544 2413 617; x_wconf 82' lang='grc' dir='ltr'>γραφήν</span> <span class='ocrx_word' id='word_1_13' title='bbox 2442 544 2854 616; x_wconf 84' lang='grc' dir='ltr'>ἀναληφθέντας</span> <span class='ocrx_word' id='word_1_14' title='bbox 2876 546 3244 619; x_wconf 76' lang='grc' dir='ltr'>ἐπεζήτησας,</span> <span class='ocrx_word' id='word_1_15' title='bbox 3278 546 3312 618; x_wconf 80' lang='grc' dir='ltr'><strong>ἡ</strong></span> <span class='ocrx_word' id='word_1_16' title='bbox 3338 547 3385 601; x_wconf 83' lang='grc' dir='ltr'>δ’</span> <span class='ocrx_word' id='word_1_17' title='bbox 3417 544 3643 617; x_wconf 81' lang='grc' dir='ltr'>ἁρπαγὴ</span> <span class='ocrx_word' id='word_1_18' title='bbox 3673 545 3785 598; x_wconf 75' lang='grc' dir='ltr'><strong>τῶν</strong></span> 
     </span>
    </p>
   </div>
   <div class='ocr_carea' id='block_1_6' title="bbox 503 642 2089 721">
    <p class='ocr_par' dir='ltr' id='par_1_6' title="bbox 503 642 2089 721">
     <span class='ocr_line' id='line_1_6' title="bbox 503 642 2089 721; baseline -0.008 -15"><span class='ocrx_word' id='word_1_19' title='bbox 503 650 742 717; x_wconf 84' lang='lat' dir='ltr'><strong>derasti,</strong></span> <span class='ocrx_word' id='word_1_20' title='bbox 787 651 980 721; x_wconf 85' lang='lat' dir='ltr'><strong>rapina</strong></span> <span class='ocrx_word' id='word_1_21' title='bbox 1005 665 1136 706; x_wconf 92' lang='lat' dir='ltr'><strong>vero</strong></span> <span class='ocrx_word' id='word_1_22' title='bbox 1160 648 1453 713; x_wconf 90' lang='lat' dir='ltr'><strong>librorum,</strong></span> <span class='ocrx_word' id='word_1_23' title='bbox 1491 645 1653 702; x_wconf 89' lang='lat' dir='ltr'><strong>etiam</strong></span> <span class='ocrx_word' id='word_1_24' title='bbox 1694 644 1913 699; x_wconf 89' lang='lat' dir='ltr'><strong>illorum</strong></span> <span class='ocrx_word' id='word_1_25' title='bbox 1953 642 2089 696; x_wconf 83' lang='lat' dir='ltr'><strong>irre-</strong></span> 
     </span>
    </p>
   </div>
   <div class='ocr_carea' id='block_1_7' title="bbox 504 737 2091 814">
    <p class='ocr_par' dir='ltr' id='par_1_7' title="bbox 504 737 2091 814">
     <span class='ocr_line' id='line_1_7' title="bbox 504 737 2091 814; baseline -0.004 -17"><span class='ocrx_word' id='word_1_26' title='bbox 504 742 802 813; x_wconf 87' lang='lat' dir='ltr'><strong>parabilem</strong></span> <span class='ocrx_word' id='word_1_27' title='bbox 833 742 1102 814; x_wconf 86' lang='lat' dir='ltr'><strong>jacturam</strong></span> <span class='ocrx_word' id='word_1_28' title='bbox 1146 741 1358 808; x_wconf 89' lang='lat' dir='ltr'><strong>attulit,</strong></span> <span class='ocrx_word' id='word_1_29' title='bbox 1390 754 1571 810; x_wconf 90' lang='lat' dir='ltr'><strong>neque</strong></span> <span class='ocrx_word' id='word_1_30' title='bbox 1605 737 1672 793; x_wconf 91' lang='lat' dir='ltr'><strong>ad</strong></span> <span class='ocrx_word' id='word_1_31' title='bbox 1703 750 1901 791; x_wconf 88' lang='lat' dir='ltr'><strong>manus</strong></span> <span class='ocrx_word' id='word_1_32' title='bbox 1941 748 2091 791; x_wconf 84' lang='lat' dir='ltr'><strong>nunc</strong></span> 
     </span>
    </p>
   </div>
   <div class='ocr_carea' id='block_1_8' title="bbox 505 829 2090 901">
    <p class='ocr_par' dir='ltr' id='par_1_8' title="bbox 505 829 2090 901">
     <span class='ocr_line' id='line_1_8' title="bbox 505 829 2090 901; baseline -0.005 -12"><span class='ocrx_word' id='word_1_33' title='bbox 505 843 591 889; x_wconf 85' lang='lat' dir='ltr'><strong>est</strong></span> <span class='ocrx_word' id='word_1_34' title='bbox 621 836 723 890; x_wconf 89' lang='lat' dir='ltr'><strong>ista</strong></span> <span class='ocrx_word' id='word_1_35' title='bbox 752 834 1177 901; x_wconf 84' lang='lat' dir='ltr'><strong>commentatio;</strong></span> <span class='ocrx_word' id='word_1_36' title='bbox 1210 832 1310 887; x_wconf 83' lang='lat' dir='ltr'><strong>tibi</strong></span> <span class='ocrx_word' id='word_1_37' title='bbox 1338 846 1469 888; x_wconf 82' lang='lat' dir='ltr'><strong>vero</strong></span> <span class='ocrx_word' id='word_1_38' title='bbox 1498 830 1626 895; x_wconf 87' lang='lat' dir='ltr'><strong>illis,</strong></span> <span class='ocrx_word' id='word_1_39' title='bbox 1656 846 1778 901; x_wconf 71' lang='lat' dir='ltr'><strong>quae</strong></span> <span class='ocrx_word' id='word_1_40' title='bbox 1811 829 1913 883; x_wconf 85' lang='lat' dir='ltr'><strong>ista</strong></span> <span class='ocrx_word' id='word_1_41' title='bbox 1953 844 2090 882; x_wconf 89' lang='lat' dir='ltr'><strong>con-</strong></span> 
     </span>
    </p>
   </div>
   <div class='ocr_carea' id='block_1_9' title="bbox 511 920 2088 992">
    <p class='ocr_par' dir='ltr' id='par_1_9' title="bbox 511 920 2088 992">
     <span class='ocr_line' id='line_1_9' title="bbox 511 920 2088 992; baseline -0.006 -12"><span class='ocrx_word' id='word_1_42' title='bbox 511 925 778 989; x_wconf 78' lang='lat' dir='ltr'><strong>tinentur,</strong></span> <span class='ocrx_word' id='word_1_43' title='bbox 810 940 936 980; x_wconf 91' lang='lat' dir='ltr'><strong>cum</strong></span> <span class='ocrx_word' id='word_1_44' title='bbox 990 924 1224 978; x_wconf 74' lang='lat' dir='ltr'><strong>maxime</strong></span> <span class='ocrx_word' id='word_1_45' title='bbox 1250 937 1390 992; x_wconf 89' lang='lat' dir='ltr'><strong>opus</strong></span> <span class='ocrx_word' id='word_1_46' title='bbox 1420 930 1539 988; x_wconf 89' lang='lat' dir='ltr'><strong>est;</strong></span> <span class='ocrx_word' id='word_1_47' title='bbox 1573 921 1717 977; x_wconf 87' lang='lat' dir='ltr'><strong>scias</strong></span> <span class='ocrx_word' id='word_1_48' title='bbox 1759 935 1824 975; x_wconf 86' lang='lat' dir='ltr'><strong>ea</strong></span> <span class='ocrx_word' id='word_1_49' title='bbox 1868 920 2051 974; x_wconf 84' lang='lat' dir='ltr'><strong>omnia</strong></span> <span class='ocrx_word' id='word_1_50' title='bbox 2072 958 2088 980; x_wconf 92' lang='lat'><strong>,</strong></span> 
     </span>
    </p>
   </div>
   <div class='ocr_carea' id='block_1_10' title="bbox 508 1013 2091 1087">
    <p class='ocr_par' dir='ltr' id='par_1_10' title="bbox 508 1013 2091 1087">
     <span class='ocr_line' id='line_1_10' title="bbox 508 1013 2091 1087; baseline -0.003 -16"><span class='ocrx_word' id='word_1_51' title='bbox 508 1032 631 1087; x_wconf 80' lang='lat' dir='ltr'><strong>quae</strong></span> <span class='ocrx_word' id='word_1_52' title='bbox 661 1032 727 1071; x_wconf 83' lang='lat' dir='ltr'><strong>ex</strong></span> <span class='ocrx_word' id='word_1_53' title='bbox 753 1015 1081 1087; x_wconf 88' lang='lat' dir='ltr'><strong>evangelicis</strong></span> <span class='ocrx_word' id='word_1_54' title='bbox 1106 1024 1162 1071; x_wconf 88' lang='lat' dir='ltr'><strong>et</strong></span> <span class='ocrx_word' id='word_1_55' title='bbox 1201 1014 1516 1086; x_wconf 87' lang='lat' dir='ltr'><strong>apostolicis</strong></span> <span class='ocrx_word' id='word_1_56' title='bbox 1555 1013 1797 1070; x_wconf 90' lang='lat' dir='ltr'><strong>oraculis</strong></span> <span class='ocrx_word' id='word_1_57' title='bbox 1844 1013 2091 1084; x_wconf 76' lang='lat' dir='ltr'><strong>germina</strong></span> 
     </span>
    </p>
   </div>
   <div class='ocr_carea' id='block_1_11' title="bbox 510 1102 2093 1183">
    <p class='ocr_par' dir='ltr' id='par_1_11' title="bbox 510 1102 2093 1183">
     <span class='ocr_line' id='line_1_11' title="bbox 510 1102 2093 1183; baseline 0.002 -27"><span class='ocrx_word' id='word_1_58' title='bbox 510 1103 638 1157; x_wconf 89' lang='lat' dir='ltr'><strong>novi</strong></span> <span class='ocrx_word' id='word_1_59' title='bbox 683 1103 829 1159; x_wconf 92' lang='lat' dir='ltr'><strong>illius</strong></span> <span class='ocrx_word' id='word_1_60' title='bbox 892 1102 1320 1159; x_wconf 68' lang='lat' dir='ltr'><strong>Manichaeorum</strong></span> <span class='ocrx_word' id='word_1_61' title='bbox 1370 1102 1577 1183; x_wconf 87' lang='lat' dir='ltr'><strong>surculi</strong></span> <span class='ocrx_word' id='word_1_62' title='bbox 1628 1118 1753 1159; x_wconf 91' lang='lat' dir='ltr'><strong>cum</strong></span> <span class='ocrx_word' id='word_1_63' title='bbox 1813 1102 2093 1159; x_wconf 83' lang='lat' dir='ltr'><strong>radicibus</strong></span> 
     </span>
    </p>
   </div>
   <div class='ocr_carea' id='block_1_12' title="bbox 508 1196 2091 1268">
    <p class='ocr_par' dir='ltr' id='par_1_12' title="bbox 508 1196 2091 1268">
     <span class='ocr_line' id='line_1_12' title="bbox 508 1196 2091 1268; baseline 0.001 -17"><span class='ocrx_word' id='word_1_64' title='bbox 508 1196 749 1251; x_wconf 85' lang='lat' dir='ltr'><strong>cvellunt</strong></span> <span class='ocrx_word' id='word_1_65' title='bbox 775 1196 793 1264; x_wconf 89' lang='lat'><strong>(</strong></span> <span class='ocrx_word' id='word_1_66' title='bbox 818 1210 944 1250; x_wconf 88' lang='lat' dir='ltr'><strong>nam</strong></span> <span class='ocrx_word' id='word_1_67' title='bbox 976 1196 1065 1250; x_wconf 91' lang='lat' dir='ltr'><strong>illa</strong></span> <span class='ocrx_word' id='word_1_68' title='bbox 1098 1211 1232 1251; x_wconf 91' lang='lat' dir='ltr'><strong>sane</strong></span> <span class='ocrx_word' id='word_1_69' title='bbox 1258 1212 1369 1268; x_wconf 73' lang='lat' dir='ltr'><strong>pra:</strong></span> <span class='ocrx_word' id='word_1_70' title='bbox 1389 1197 1603 1252; x_wconf 68' lang='lat' dir='ltr'><strong>cazteris</strong></span> <span class='ocrx_word' id='word_1_71' title='bbox 1623 1196 1880 1253; x_wconf 87' lang='lat' dir='ltr'><strong>omnibus</strong></span> <span class='ocrx_word' id='word_1_72' title='bbox 1911 1196 2091 1252; x_wconf 86' lang='lat' dir='ltr'><strong>inevi-</strong></span> 
     </span>
    </p>
   </div>
   <div class='ocr_carea' id='block_1_13' title="bbox 511 1288 2090 1359">
    <p class='ocr_par' dir='ltr' id='par_1_13' title="bbox 511 1288 2090 1359">
     <span class='ocr_line' id='line_1_13' title="bbox 511 1288 2090 1359; baseline 0.001 -17"><span class='ocrx_word' id='word_1_73' title='bbox 511 1289 753 1354; x_wconf 79' lang='lat' dir='ltr'><strong>tabilem,</strong></span> <span class='ocrx_word' id='word_1_74' title='bbox 775 1304 881 1358; x_wconf 90' lang='lat' dir='ltr'><strong>qua</strong></span> <span class='ocrx_word' id='word_1_75' title='bbox 902 1289 1319 1355; x_wconf 81' lang='lat' dir='ltr'><strong>exscindantur,</strong></span> <span class='ocrx_word' id='word_1_76' title='bbox 1347 1288 1541 1344; x_wconf 80' lang='lat' dir='ltr'><strong>falcem</strong></span> <span class='ocrx_word' id='word_1_77' title='bbox 1579 1288 1927 1359; x_wconf 90' lang='lat' dir='ltr'><strong>immittunt),</strong></span> <span class='ocrx_word' id='word_1_78' title='bbox 1954 1290 2090 1356; x_wconf 71' lang='lat' dir='ltr'><strong>haec,</strong></span> 
     </span>
    </p>
   </div>
   <div class='ocr_carea' id='block_1_14' title="bbox 512 1381 2094 1455">
    <p class='ocr_par' dir='ltr' id='par_1_14' title="bbox 512 1381 2094 1455">
     <span class='ocr_line' id='line_1_14' title="bbox 512 1381 2094 1455; baseline 0.001 -20"><span class='ocrx_word' id='word_1_79' title='bbox 512 1391 571 1435; x_wconf 90' lang='lat' dir='ltr'><strong>ut</strong></span> <span class='ocrx_word' id='word_1_80' title='bbox 592 1381 903 1435; x_wconf 81' lang='lat' dir='ltr'><strong>summatim</strong></span> <span class='ocrx_word' id='word_1_81' title='bbox 936 1382 1135 1449; x_wconf 91' lang='lat' dir='ltr'><strong>dicam,</strong></span> <span class='ocrx_word' id='word_1_82' title='bbox 1168 1383 1448 1451; x_wconf 86' lang='lat' dir='ltr'><strong>evincere,</strong></span> <span class='ocrx_word' id='word_1_83' title='bbox 1472 1384 1617 1455; x_wconf 87' lang='lat' dir='ltr'><strong>quod</strong></span> <span class='ocrx_word' id='word_1_84' title='bbox 1640 1383 1811 1455; x_wconf 82' lang='lat' dir='ltr'><strong>gratia</strong></span> <span class='ocrx_word' id='word_1_85' title='bbox 1843 1382 2094 1437; x_wconf 66' lang='lat' dir='ltr'><strong>Mosaicm</strong></span> 
     </span>
    </p>
   </div>
   <div class='ocr_carea' id='block_1_15' title="bbox 508 1471 2093 1540">
    <p class='ocr_par' dir='ltr' id='par_1_15' title="bbox 508 1471 2093 1540">
     <span class='ocr_line' id='line_1_15' title="bbox 508 1471 2093 1540; baseline 0.002 -16"><span class='ocrx_word' id='word_1_86' title='bbox 508 1471 576 1525; x_wconf 90' lang='lat' dir='ltr'><strong>de</strong></span> <span class='ocrx_word' id='word_1_87' title='bbox 601 1480 787 1526; x_wconf 85' lang='lat' dir='ltr'><strong>creato</strong></span> <span class='ocrx_word' id='word_1_88' title='bbox 814 1473 1020 1528; x_wconf 86' lang='lat' dir='ltr'><strong>mundo</strong></span> <span class='ocrx_word' id='word_1_89' title='bbox 1044 1474 1342 1531; x_wconf 86' lang='lat' dir='ltr'><strong>narrationi</strong></span> <span class='ocrx_word' id='word_1_90' title='bbox 1373 1485 1659 1540; x_wconf 90' lang='lat' dir='ltr'><strong>consonet,</strong></span> <span class='ocrx_word' id='word_1_91' title='bbox 1688 1490 1789 1529; x_wconf 89' lang='lat' dir='ltr'><strong>nec</strong></span> <span class='ocrx_word' id='word_1_92' title='bbox 1819 1474 1999 1529; x_wconf 90' lang='lat' dir='ltr'><strong>minus</strong></span> <span class='ocrx_word' id='word_1_93' title='bbox 2028 1488 2093 1528; x_wconf 90' lang='lat' dir='ltr'><strong>ca</strong></span> 
     </span>
    </p>
   </div>
   <div class='ocr_carea' id='block_1_16' title="bbox 508 1562 2095 1637">
    <p class='ocr_par' dir='ltr' id='par_1_16' title="bbox 508 1562 2095 1637">
     <span class='ocr_line' id='line_1_16' title="bbox 508 1562 2095 1637; baseline 0.003 -22"><span class='ocrx_word' id='word_1_94' title='bbox 508 1562 725 1630; x_wconf 87' lang='lat' dir='ltr'><strong>omnia,</strong></span> <span class='ocrx_word' id='word_1_95' title='bbox 750 1564 951 1634; x_wconf 81' lang='lat' dir='ltr'><strong>quibus</strong></span> <span class='ocrx_word' id='word_1_96' title='bbox 987 1580 1139 1621; x_wconf 88' lang='lat' dir='ltr'><strong>nunc</strong></span> <span class='ocrx_word' id='word_1_97' title='bbox 1166 1566 1307 1622; x_wconf 88' lang='lat' dir='ltr'><strong>ratio</strong></span> <span class='ocrx_word' id='word_1_98' title='bbox 1334 1576 1388 1622; x_wconf 88' lang='lat' dir='ltr'><strong>et</strong></span> <span class='ocrx_word' id='word_1_99' title='bbox 1418 1567 1665 1622; x_wconf 85' lang='lat' dir='ltr'><strong>instituta</strong></span> <span class='ocrx_word' id='word_1_100' title='bbox 1699 1566 1869 1622; x_wconf 87' lang='lat' dir='ltr'><strong>Deum</strong></span> <span class='ocrx_word' id='word_1_101' title='bbox 1900 1580 2095 1637; x_wconf 87' lang='lat' dir='ltr'><strong>cogno-</strong></span> 
     </span>
    </p>
   </div>
   <div class='ocr_carea' id='block_1_17' title="bbox 509 1655 2093 1730">
    <p class='ocr_par' dir='ltr' id='par_1_17' title="bbox 509 1655 2093 1730">
     <span class='ocr_line' id='line_1_17' title="bbox 509 1655 2093 1730; baseline 0.004 -23"><span class='ocrx_word' id='word_1_102' title='bbox 509 1655 697 1709; x_wconf 73' lang='lat' dir='ltr'><strong>scendi</strong></span> <span class='ocrx_word' id='word_1_103' title='bbox 719 1657 1073 1711; x_wconf 84' lang='lat' dir='ltr'><strong>continentur</strong></span> <span class='ocrx_word' id='word_1_104' title='bbox 1097 1666 1152 1714; x_wconf 89' lang='lat' dir='ltr'><strong>et</strong></span> <span class='ocrx_word' id='word_1_105' title='bbox 1177 1658 1488 1730; x_wconf 88' lang='lat' dir='ltr'><strong>diriguntur</strong></span> <span class='ocrx_word' id='word_1_106' title='bbox 1524 1677 1539 1714; x_wconf 89' lang='lat'><strong>:</strong></span> <span class='ocrx_word' id='word_1_107' title='bbox 1574 1659 1683 1715; x_wconf 91' lang='lat' dir='ltr'><strong>imo</strong></span> <span class='ocrx_word' id='word_1_108' title='bbox 1710 1669 1767 1714; x_wconf 86' lang='lat' dir='ltr'><strong>et</strong></span> <span class='ocrx_word' id='word_1_109' title='bbox 1789 1659 1931 1729; x_wconf 91' lang='lat' dir='ltr'><strong>quod</strong></span> <span class='ocrx_word' id='word_1_110' title='bbox 1951 1659 2093 1713; x_wconf 92' lang='lat' dir='ltr'><strong>idem</strong></span> 
     </span>
    </p>
   </div>
   <div class='ocr_carea' id='block_1_18' title="bbox 510 1751 2097 1819">
    <p class='ocr_par' dir='ltr' id='par_1_18' title="bbox 510 1751 2097 1819">
     <span class='ocr_line' id='line_1_18' title="bbox 510 1751 2097 1819; baseline 0.002 -16"><span class='ocrx_word' id='word_1_111' title='bbox 510 1764 830 1819; x_wconf 88' lang='lat' dir='ltr'><strong>corpoream</strong></span> <span class='ocrx_word' id='word_1_112' title='bbox 863 1760 920 1806; x_wconf 91' lang='lat' dir='ltr'><strong>et</strong></span> <span class='ocrx_word' id='word_1_113' title='bbox 949 1751 1216 1807; x_wconf 81' lang='lat' dir='ltr'><strong>visibilem</strong></span> <span class='ocrx_word' id='word_1_114' title='bbox 1248 1761 1555 1808; x_wconf 85' lang='lat' dir='ltr'><strong>creaturam</strong></span> <span class='ocrx_word' id='word_1_115' title='bbox 1592 1768 1659 1807; x_wconf 83' lang='lat' dir='ltr'><strong>ex</strong></span> <span class='ocrx_word' id='word_1_116' title='bbox 1690 1768 1799 1808; x_wconf 91' lang='lat' dir='ltr'><strong>non</strong></span> <span class='ocrx_word' id='word_1_117' title='bbox 1824 1752 2097 1808; x_wconf 78' lang='lat' dir='ltr'><strong>exsisten-</strong></span> 
     </span>
    </p>
   </div>
   <div class='ocr_carea' id='block_1_19' title="bbox 511 1841 2096 1918">
    <p class='ocr_par' dir='ltr' id='par_1_19' title="bbox 511 1841 2096 1918">
     <span class='ocr_line' id='line_1_19' title="bbox 511 1841 2096 1918; baseline 0.002 -23"><span class='ocrx_word' id='word_1_118' title='bbox 511 1841 658 1896; x_wconf 82' lang='lat' dir='ltr'><strong>tibus</strong></span> <span class='ocrx_word' id='word_1_119' title='bbox 690 1843 859 1897; x_wconf 89' lang='lat' dir='ltr'><strong>verbo</strong></span> <span class='ocrx_word' id='word_1_120' title='bbox 890 1844 1181 1911; x_wconf 86' lang='lat' dir='ltr'><strong>creaverit,</strong></span> <span class='ocrx_word' id='word_1_121' title='bbox 1211 1845 1304 1916; x_wconf 88' lang='lat' dir='ltr'><strong>qui</strong></span> <span class='ocrx_word' id='word_1_122' title='bbox 1336 1846 1732 1918; x_wconf 79' lang='lat' dir='ltr'><strong>intelligibilem</strong></span> <span class='ocrx_word' id='word_1_123' title='bbox 1768 1854 1822 1901; x_wconf 90' lang='lat' dir='ltr'><strong>et</strong></span> <span class='ocrx_word' id='word_1_124' title='bbox 1846 1844 2096 1900; x_wconf 87' lang='lat' dir='ltr'><strong>invisibi-</strong></span> 
     </span>
    </p>
   </div>
   <div class='ocr_carea' id='block_1_20' title="bbox 511 1913 2172 2008">
    <p class='ocr_par' dir='ltr' id='par_1_20' title="bbox 511 1913 2172 2008">
     <span class='ocr_line' id='line_1_20' title="bbox 511 1913 2172 2008; baseline 0.006 -24"><span class='ocrx_word' id='word_1_125' title='bbox 511 1931 616 1987; x_wconf 86' lang='lat' dir='ltr'><strong>lctn</strong></span> <span class='ocrx_word' id='word_1_126' title='bbox 654 1950 755 2004; x_wconf 91' lang='lat' dir='ltr'><strong>pro</strong></span> <span class='ocrx_word' id='word_1_127' title='bbox 787 1934 951 1990; x_wconf 86' lang='lat' dir='ltr'><strong>simili</strong></span> <span class='ocrx_word' id='word_1_128' title='bbox 986 1913 1271 2007; x_wconf 71' lang='lat' dir='ltr'><strong>sapientiae.</strong></span> <span class='ocrx_word' id='word_1_129' title='bbox 1313 1938 1469 2008; x_wconf 87' lang='lat' dir='ltr'><strong>copia</strong></span> <span class='ocrx_word' id='word_1_130' title='bbox 1495 1913 1776 2008; x_wconf 72' lang='lat' dir='ltr'><strong>produxit.</strong></span> <span class='ocrx_word' id='word_1_131' title='bbox 1820 1935 2093 1994; x_wconf 65' lang='lat' dir='ltr'><strong>Prmterea</strong></span> <span class='ocrx_word' id='word_1_132' title='bbox 2132 1913 2172 1969; x_wconf 74' lang='grc' dir='ltr'><strong>Β</strong></span> 
     </span>
    </p>
   </div>
   <div class='ocr_carea' id='block_1_21' title="bbox 507 2026 2096 2099">
    <p class='ocr_par' dir='ltr' id='par_1_21' title="bbox 507 2026 2096 2099">
     <span class='ocr_line' id='line_1_21' title="bbox 507 2026 2096 2099; baseline 0.004 -21"><span class='ocrx_word' id='word_1_133' title='bbox 507 2037 660 2089; x_wconf 75' lang='lat' dir='ltr'><strong>vero,</strong></span> <span class='ocrx_word' id='word_1_134' title='bbox 696 2026 840 2097; x_wconf 83' lang='lat' dir='ltr'><strong>quod</strong></span> <span class='ocrx_word' id='word_1_135' title='bbox 880 2042 1080 2097; x_wconf 89' lang='lat' dir='ltr'><strong>corpus</strong></span> <span class='ocrx_word' id='word_1_136' title='bbox 1134 2027 1436 2083; x_wconf 83' lang='lat' dir='ltr'><strong>humanum</strong></span> <span class='ocrx_word' id='word_1_137' title='bbox 1483 2043 1639 2099; x_wconf 59' lang='lat' dir='ltr'><strong>atque</strong></span> <span class='ocrx_word' id='word_1_138' title='bbox 1665 2043 1730 2083; x_wconf 88' lang='lat' dir='ltr'><strong>ac</strong></span> <span class='ocrx_word' id='word_1_139' title='bbox 1803 2028 1985 2084; x_wconf 90' lang='lat' dir='ltr'><strong>anima</strong></span> <span class='ocrx_word' id='word_1_140' title='bbox 2027 2029 2096 2085; x_wconf 86' lang='lat' dir='ltr'><strong>ab</strong></span> 
     </span>
    </p>
   </div>
   <div class='ocr_carea' id='block_1_22' title="bbox 508 2116 2095 2188">
    <p class='ocr_par' dir='ltr' id='par_1_22' title="bbox 508 2116 2095 2188">
     <span class='ocr_line' id='line_1_22' title="bbox 508 2116 2095 2188; baseline 0.003 -17"><span class='ocrx_word' id='word_1_141' title='bbox 508 2116 700 2172; x_wconf 78' lang='lat' dir='ltr'><strong>eadem</strong></span> <span class='ocrx_word' id='word_1_142' title='bbox 745 2118 1088 2188; x_wconf 83' lang='lat' dir='ltr'><strong>providentia</strong></span> <span class='ocrx_word' id='word_1_143' title='bbox 1144 2118 1389 2175; x_wconf 84' lang='lat' dir='ltr'><strong>benefica</strong></span> <span class='ocrx_word' id='word_1_144' title='bbox 1435 2127 1493 2175; x_wconf 91' lang='lat' dir='ltr'><strong>et</strong></span> <span class='ocrx_word' id='word_1_145' title='bbox 1534 2119 1818 2175; x_wconf 84' lang='lat' dir='ltr'><strong>hominum</strong></span> <span class='ocrx_word' id='word_1_146' title='bbox 1875 2128 2095 2177; x_wconf 88' lang='lat' dir='ltr'><strong>amante</strong></span> 
     </span>
    </p>
   </div>
   <div class='ocr_carea' id='block_1_23' title="bbox 508 2208 2092 2283">
    <p class='ocr_par' dir='ltr' id='par_1_23' title="bbox 508 2208 2092 2283">
     <span class='ocr_line' id='line_1_23' title="bbox 508 2208 2092 2283; baseline 0.003 -21"><span class='ocrx_word' id='word_1_147' title='bbox 508 2208 816 2279; x_wconf 90' lang='lat' dir='ltr'><strong>profectum</strong></span> <span class='ocrx_word' id='word_1_148' title='bbox 839 2209 943 2277; x_wconf 88' lang='lat' dir='ltr'><strong>sit;</strong></span> <span class='ocrx_word' id='word_1_149' title='bbox 978 2210 1232 2283; x_wconf 86' lang='lat' dir='ltr'><strong>quodque</strong></span> <span class='ocrx_word' id='word_1_150' title='bbox 1276 2209 1505 2282; x_wconf 87' lang='lat' dir='ltr'><strong>insuper</strong></span> <span class='ocrx_word' id='word_1_151' title='bbox 1537 2210 1653 2277; x_wconf 87' lang='lat' dir='ltr'><strong>illi,</strong></span> <span class='ocrx_word' id='word_1_152' title='bbox 1694 2211 1787 2282; x_wconf 93' lang='lat' dir='ltr'><strong>qui</strong></span> <span class='ocrx_word' id='word_1_153' title='bbox 1842 2210 1897 2265; x_wconf 93' lang='lat' dir='ltr'><strong>in</strong></span> <span class='ocrx_word' id='word_1_154' title='bbox 1920 2210 2092 2266; x_wconf 86' lang='lat' dir='ltr'><strong>veteri</strong></span> 
     </span>
    </p>
   </div>
   <div class='ocr_carea' id='block_1_24' title="bbox 508 2301 2093 2370">
    <p class='ocr_par' dir='ltr' id='par_1_24' title="bbox 508 2301 2093 2370">
     <span class='ocr_line' id='line_1_24' title="bbox 508 2301 2093 2370; baseline 0.001 -13"><span class='ocrx_word' id='word_1_155' title='bbox 508 2301 817 2357; x_wconf 82' lang='lat' dir='ltr'><strong>oeconomia</strong></span> <span class='ocrx_word' id='word_1_156' title='bbox 846 2302 1240 2370; x_wconf 81' lang='lat' dir='ltr'><strong>inclaruerunt,</strong></span> <span class='ocrx_word' id='word_1_157' title='bbox 1265 2303 1437 2358; x_wconf 89' lang='lat' dir='ltr'><strong>Deum</strong></span> <span class='ocrx_word' id='word_1_158' title='bbox 1464 2318 1655 2358; x_wconf 91' lang='lat' dir='ltr'><strong>verum</strong></span> <span class='ocrx_word' id='word_1_159' title='bbox 1683 2313 1740 2359; x_wconf 91' lang='lat' dir='ltr'><strong>et</strong></span> <span class='ocrx_word' id='word_1_160' title='bbox 1761 2304 1966 2361; x_wconf 89' lang='lat' dir='ltr'><strong>bonum</strong></span> <span class='ocrx_word' id='word_1_161' title='bbox 1996 2318 2093 2359; x_wconf 56' lang='lat' dir='ltr'><strong>co-</strong></span> 
     </span>
    </p>
   </div>
   <div class='ocr_carea' id='block_1_25' title="bbox 511 2394 2092 2467">
    <p class='ocr_par' dir='ltr' id='par_1_25' title="bbox 511 2394 2092 2467">
     <span class='ocr_line' id='line_1_25' title="bbox 511 2394 2092 2467; baseline 0.002 -19"><span class='ocrx_word' id='word_1_162' title='bbox 511 2394 755 2460; x_wconf 87' lang='lat' dir='ltr'><strong>luerunt,</strong></span> <span class='ocrx_word' id='word_1_163' title='bbox 787 2402 843 2449; x_wconf 88' lang='lat' dir='ltr'><strong>et</strong></span> <span class='ocrx_word' id='word_1_164' title='bbox 871 2394 1090 2449; x_wconf 65' lang='lat' dir='ltr'><strong>malitiae</strong></span> <span class='ocrx_word' id='word_1_165' title='bbox 1121 2410 1181 2450; x_wconf 91' lang='lat' dir='ltr'><strong>se</strong></span> <span class='ocrx_word' id='word_1_166' title='bbox 1210 2403 1607 2466; x_wconf 88' lang='lat' dir='ltr'><strong>opposuerunt.</strong></span> <span class='ocrx_word' id='word_1_167' title='bbox 1638 2398 1815 2467; x_wconf 83' lang='lat' dir='ltr'><strong>Atque</strong></span> <span class='ocrx_word' id='word_1_168' title='bbox 1843 2396 1946 2451; x_wconf 90' lang='lat' dir='ltr'><strong>ista</strong></span> <span class='ocrx_word' id='word_1_169' title='bbox 1966 2396 2092 2467; x_wconf 92' lang='lat' dir='ltr'><strong>qui-</strong></span> 
     </span>
    </p>
   </div>
   <div class='ocr_carea' id='block_1_26' title="bbox 507 2485 2090 2560">
    <p class='ocr_par' dir='ltr' id='par_1_26' title="bbox 507 2485 2090 2560">
     <span class='ocr_line' id='line_1_26' title="bbox 507 2485 2090 2560; baseline 0.003 -19"><span class='ocrx_word' id='word_1_170' title='bbox 507 2485 654 2550; x_wconf 86' lang='lat' dir='ltr'><strong>dem,</strong></span> <span class='ocrx_word' id='word_1_171' title='bbox 669 2486 848 2555; x_wconf 85' lang='lat' dir='ltr'><strong>qnoad</strong></span> <span class='ocrx_word' id='word_1_172' title='bbox 864 2501 961 2557; x_wconf 88' lang='lat' dir='ltr'><strong>per</strong></span> <span class='ocrx_word' id='word_1_173' title='bbox 971 2486 1114 2542; x_wconf 90' lang='lat' dir='ltr'><strong>vires</strong></span> <span class='ocrx_word' id='word_1_174' title='bbox 1126 2485 1362 2553; x_wconf 84' lang='lat' dir='ltr'><strong>licuerit,</strong></span> <span class='ocrx_word' id='word_1_175' title='bbox 1377 2486 1773 2559; x_wconf 77' lang='lat' dir='ltr'><strong>diﬁicultasque</strong></span> <span class='ocrx_word' id='word_1_176' title='bbox 1786 2498 2090 2560; x_wconf 88' lang='lat' dir='ltr'><strong>temporum</strong></span> 
     </span>
    </p>
   </div>
   <div class='ocr_carea' id='block_1_27' title="bbox 509 2578 2091 2652">
    <p class='ocr_par' dir='ltr' id='par_1_27' title="bbox 509 2578 2091 2652">
     <span class='ocr_line' id='line_1_27' title="bbox 509 2578 2091 2652; baseline 0.003 -20"><span class='ocrx_word' id='word_1_177' title='bbox 509 2578 843 2649; x_wconf 83' lang='lat' dir='ltr'><strong>permiserit,</strong></span> <span class='ocrx_word' id='word_1_178' title='bbox 871 2582 1316 2637; x_wconf 90' lang='lat' dir='ltr'><strong>commentationi</strong></span> <span class='ocrx_word' id='word_1_179' title='bbox 1349 2591 1550 2638; x_wconf 74' lang='lat' dir='ltr'><strong>nostra:</strong></span> <span class='ocrx_word' id='word_1_180' title='bbox 1574 2583 1934 2650; x_wconf 89' lang='lat' dir='ltr'><strong>destinantes,</strong></span> <span class='ocrx_word' id='word_1_181' title='bbox 1964 2583 2091 2652; x_wconf 88' lang='lat' dir='ltr'><strong>qui-</strong></span> 
     </span>
    </p>
   </div>
   <div class='ocr_carea' id='block_1_28' title="bbox 508 2671 2088 2745">
    <p class='ocr_par' dir='ltr' id='par_1_28' title="bbox 508 2671 2088 2745">
     <span class='ocr_line' id='line_1_28' title="bbox 508 2671 2088 2745; baseline 0.002 -18"><span class='ocrx_word' id='word_1_182' title='bbox 508 2674 613 2727; x_wconf 81' lang='lat' dir='ltr'><strong>bus</strong></span> <span class='ocrx_word' id='word_1_183' title='bbox 646 2671 779 2743; x_wconf 87' lang='lat' dir='ltr'><strong>ipsis</strong></span> <span class='ocrx_word' id='word_1_184' title='bbox 806 2673 996 2739; x_wconf 86' lang='lat' dir='ltr'><strong>etiam,</strong></span> <span class='ocrx_word' id='word_1_185' title='bbox 1025 2682 1179 2745; x_wconf 89' lang='lat' dir='ltr'><strong>puto,</strong></span> <span class='ocrx_word' id='word_1_186' title='bbox 1210 2674 1545 2730; x_wconf 87' lang='lat' dir='ltr'><strong>desiderium</strong></span> <span class='ocrx_word' id='word_1_187' title='bbox 1579 2684 1729 2732; x_wconf 90' lang='lat' dir='ltr'><strong>tuum</strong></span> <span class='ocrx_word' id='word_1_188' title='bbox 1762 2676 2088 2741; x_wconf 86' lang='lat' dir='ltr'><strong>absolvitur,</strong></span> 
     </span>
    </p>
   </div>
   <div class='ocr_carea' id='block_1_29' title="bbox 504 2765 2091 2839">
    <p class='ocr_par' dir='ltr' id='par_1_29' title="bbox 504 2765 2091 2839">
     <span class='ocr_line' id='line_1_29' title="bbox 504 2765 2091 2839; baseline 0.002 -18"><span class='ocrx_word' id='word_1_189' title='bbox 504 2765 777 2821; x_wconf 81' lang='lat' dir='ltr'><strong>sanctitati</strong></span> <span class='ocrx_word' id='word_1_190' title='bbox 802 2774 911 2820; x_wconf 70' lang='lat' dir='ltr'><strong>tuae</strong></span> <span class='ocrx_word' id='word_1_191' title='bbox 930 2782 1076 2823; x_wconf 91' lang='lat' dir='ltr'><strong>nunc</strong></span> <span class='ocrx_word' id='word_1_192' title='bbox 1102 2766 1392 2822; x_wconf 86' lang='lat' dir='ltr'><strong>mittimus.</strong></span> <span class='ocrx_word' id='word_1_193' title='bbox 1427 2766 1585 2834; x_wconf 88' lang='lat' dir='ltr'><strong>Quod</strong></span> <span class='ocrx_word' id='word_1_194' title='bbox 1611 2769 1658 2824; x_wconf 89' lang='lat' dir='ltr'><strong>si</strong></span> <span class='ocrx_word' id='word_1_195' title='bbox 1687 2779 1905 2839; x_wconf 86' lang='lat' dir='ltr'><strong>sperata</strong></span> <span class='ocrx_word' id='word_1_196' title='bbox 1935 2770 2091 2825; x_wconf 86' lang='lat' dir='ltr'><strong>inve-</strong></span> 
     </span>
    </p>
   </div>
   <div class='ocr_carea' id='block_1_30' title="bbox 504 2858 2091 2932">
    <p class='ocr_par' dir='ltr' id='par_1_30' title="bbox 504 2858 2091 2932">
     <span class='ocr_line' id='line_1_30' title="bbox 504 2858 2091 2932; baseline 0.005 -20"><span class='ocrx_word' id='word_1_197' title='bbox 504 2858 677 2926; x_wconf 88' lang='lat' dir='ltr'><strong>neris,</strong></span> <span class='ocrx_word' id='word_1_198' title='bbox 716 2858 771 2914; x_wconf 90' lang='lat' dir='ltr'><strong>id</strong></span> <span class='ocrx_word' id='word_1_199' title='bbox 800 2860 1022 2929; x_wconf 85' lang='lat' dir='ltr'><strong>quidem</strong></span> <span class='ocrx_word' id='word_1_200' title='bbox 1066 2861 1323 2932; x_wconf 90' lang='lat' dir='ltr'><strong>precibus</strong></span> <span class='ocrx_word' id='word_1_201' title='bbox 1368 2861 1476 2917; x_wconf 89' lang='lat' dir='ltr'><strong>tuis</strong></span> <span class='ocrx_word' id='word_1_202' title='bbox 1518 2868 1579 2917; x_wconf 76' lang='lat' dir='ltr'><strong>et‘</strong></span> <span class='ocrx_word' id='word_1_203' title='bbox 1603 2863 1841 2918; x_wconf 87' lang='lat' dir='ltr'><strong>orationi</strong></span> <span class='ocrx_word' id='word_1_204' title='bbox 1884 2864 1940 2919; x_wconf 91' lang='lat' dir='ltr'><strong>in</strong></span> <span class='ocrx_word' id='word_1_205' title='bbox 1984 2865 2091 2921; x_wconf 82' lang='lat' dir='ltr'><strong>fide</strong></span> 
     </span>
    </p>
   </div>
   <div class='ocr_carea' id='block_1_31' title="bbox 507 2949 2091 3028">
    <p class='ocr_par' dir='ltr' id='par_1_31' title="bbox 507 2949 2091 3028">
     <span class='ocr_line' id='line_1_31' title="bbox 507 2949 2091 3028; baseline 0.006 -24"><span class='ocrx_word' id='word_1_206' title='bbox 507 2949 664 3005; x_wconf 68' lang='lat' dir='ltr'><strong>facta:</strong></span> <span class='ocrx_word' id='word_1_207' title='bbox 692 2950 1042 3007; x_wconf 90' lang='lat' dir='ltr'><strong>tribuendum</strong></span> <span class='ocrx_word' id='word_1_208' title='bbox 1093 2951 1280 3008; x_wconf 91' lang='lat' dir='ltr'><strong>fuerit.</strong></span> <span class='ocrx_word' id='word_1_209' title='bbox 1327 2953 1385 3008; x_wconf 91' lang='lat' dir='ltr'><strong>Si</strong></span> <span class='ocrx_word' id='word_1_210' title='bbox 1425 2968 1558 3010; x_wconf 90' lang='lat' dir='ltr'><strong>vero</strong></span> <span class='ocrx_word' id='word_1_211' title='bbox 1604 2954 1914 3019; x_wconf 86' lang='lat' dir='ltr'><strong>inveneris,</strong></span> <span class='ocrx_word' id='word_1_212' title='bbox 1944 2958 2091 3028; x_wconf 89' lang='lat' dir='ltr'><strong>quod</strong></span> 
     </span>
    </p>
   </div>
   <div class='ocr_carea' id='block_1_32' title="bbox 506 3044 2088 3120">
    <p class='ocr_par' dir='ltr' id='par_1_32' title="bbox 506 3044 2088 3120">
     <span class='ocr_line' id='line_1_32' title="bbox 506 3044 2088 3120; baseline 0.006 -25"><span class='ocrx_word' id='word_1_213' title='bbox 506 3056 622 3096; x_wconf 86' lang='lat' dir='ltr'><strong>non</strong></span> <span class='ocrx_word' id='word_1_214' title='bbox 673 3052 1072 3113; x_wconf 81' lang='lat' dir='ltr'><strong>exspectasses,</strong></span> <span class='ocrx_word' id='word_1_215' title='bbox 1119 3044 1172 3100; x_wconf 90' lang='lat' dir='ltr'><strong>id</strong></span> <span class='ocrx_word' id='word_1_216' title='bbox 1212 3053 1493 3116; x_wconf 65' lang='lat' dir='ltr'><strong>perpetuae</strong></span> <span class='ocrx_word' id='word_1_217' title='bbox 1540 3045 1936 3113; x_wconf 72' lang='lat' dir='ltr'><strong>invaletutlini,</strong></span> <span class='ocrx_word' id='word_1_218' title='bbox 1982 3065 2088 3120; x_wconf 90' lang='lat' dir='ltr'><strong>qua</strong></span> 
     </span>
    </p>
   </div>
   <div class='ocr_carea' id='block_1_33' title="bbox 505 3136 2087 3213">
    <p class='ocr_par' dir='ltr' id='par_1_33' title="bbox 505 3136 2087 3213">
     <span class='ocr_line' id='line_1_33' title="bbox 505 3136 2087 3213; baseline 0.004 -23"><span class='ocrx_word' id='word_1_219' title='bbox 505 3149 632 3190; x_wconf 87' lang='lat' dir='ltr'><strong>cum</strong></span> <span class='ocrx_word' id='word_1_220' title='bbox 663 3136 1047 3206; x_wconf 82' lang='lat' dir='ltr'><strong>corpusculum</strong></span> <span class='ocrx_word' id='word_1_221' title='bbox 1080 3152 1266 3193; x_wconf 92' lang='lat' dir='ltr'><strong>meum</strong></span> <span class='ocrx_word' id='word_1_222' title='bbox 1297 3137 1663 3207; x_wconf 83' lang='lat' dir='ltr'><strong>conﬂictatur,</strong></span> <span class='ocrx_word' id='word_1_223' title='bbox 1696 3150 1750 3195; x_wconf 92' lang='lat' dir='ltr'><strong>et</strong></span> <span class='ocrx_word' id='word_1_224' title='bbox 1783 3150 2087 3213; x_wconf 89' lang='lat' dir='ltr'><strong>temporum</strong></span> 
     </span>
    </p>
   </div>
   <div class='ocr_carea' id='block_1_34' title="bbox 2200 634 3783 709">
    <p class='ocr_par' dir='ltr' id='par_1_34' title="bbox 2200 634 3783 709">
     <span class='ocr_line' id='line_1_34' title="bbox 2200 634 3783 709; baseline 0 -22"><span class='ocrx_word' id='word_1_225' title='bbox 2200 634 2424 705; x_wconf 79' lang='grc' dir='ltr'>βιϐλίων</span> <span class='ocrx_word' id='word_1_226' title='bbox 2466 635 2581 708; x_wconf 75' lang='grc'><strong>(85)</strong></span> <span class='ocrx_word' id='word_1_227' title='bbox 2619 636 2896 700; x_wconf 85' lang='grc' dir='ltr'>κάκείνοις</span> <span class='ocrx_word' id='word_1_228' title='bbox 2944 637 3234 709; x_wconf 79' lang='grc' dir='ltr'><strong>ὑπερόριον</strong></span> <span class='ocrx_word' id='word_1_229' title='bbox 3282 637 3489 707; x_wconf 78' lang='grc' dir='ltr'><strong>ζημίαν</strong></span> <span class='ocrx_word' id='word_1_230' title='bbox 3522 635 3783 700; x_wconf 78' lang='grc' dir='ltr'>ὲπέδαλε,</span> 
     </span>
    </p>
   </div>
   <div class='ocr_carea' id='block_1_35' title="bbox 2198 720 3784 797">
    <p class='ocr_par' dir='ltr' id='par_1_35' title="bbox 2198 720 3784 797">
     <span class='ocr_line' id='line_1_35' title="bbox 2198 720 3784 797; baseline -0.003 -18"><span class='ocrx_word' id='word_1_231' title='bbox 2198 725 2295 779; x_wconf 75' lang='grc' dir='ltr'>καὶ</span> <span class='ocrx_word' id='word_1_232' title='bbox 2334 725 2396 778; x_wconf 74' lang='grc' dir='ltr'><strong>οὐ</strong></span> <span class='ocrx_word' id='word_1_233' title='bbox 2447 725 2683 797; x_wconf 86' lang='grc' dir='ltr'>πάρεστι</span> <span class='ocrx_word' id='word_1_234' title='bbox 2726 726 2790 780; x_wconf 84' lang='grc' dir='ltr'><strong>τὸ</strong></span> <span class='ocrx_word' id='word_1_235' title='bbox 2828 725 3261 797; x_wconf 82' lang='grc' dir='ltr'>συνταγμάτιον’</span> <span class='ocrx_word' id='word_1_236' title='bbox 3295 723 3403 778; x_wconf 82' lang='grc' dir='ltr'><strong>τῶν</strong></span> <span class='ocrx_word' id='word_1_237' title='bbox 3445 723 3505 778; x_wconf 81' lang='grc' dir='ltr'>δὲ</span> <span class='ocrx_word' id='word_1_238' title='bbox 3538 725 3597 777; x_wconf 81' lang='grc' dir='ltr'><strong>ὲν</strong></span> <span class='ocrx_word' id='word_1_239' title='bbox 3629 720 3784 790; x_wconf 83' lang='grc' dir='ltr'><strong>αὐτῷ</strong></span> 
     </span>
    </p>
   </div>
   <div class='ocr_carea' id='block_1_36' title="bbox 2198 813 3785 890">
    <p class='ocr_par' dir='ltr' id='par_1_36' title="bbox 2198 813 3785 890">
     <span class='ocr_line' id='line_1_36' title="bbox 2198 813 3785 890; baseline -0.003 -19"><span class='ocrx_word' id='word_1_240' title='bbox 2198 817 2695 889; x_wconf 82' lang='grc' dir='ltr'>κατατεταγμένων</span> <span class='ocrx_word' id='word_1_241' title='bbox 2720 817 3110 890; x_wconf 80' lang='grc' dir='ltr'><strong>προηγουμένη</strong></span> <span class='ocrx_word' id='word_1_242' title='bbox 3141 833 3200 870; x_wconf 92' lang='grc' dir='ltr'>σε</span> <span class='ocrx_word' id='word_1_243' title='bbox 3227 816 3385 888; x_wconf 89' lang='grc' dir='ltr'>χρεία</span> <span class='ocrx_word' id='word_1_244' title='bbox 3413 815 3654 886; x_wconf 75' lang='grc' dir='ltr'><strong>κατέχει·</strong></span> <span class='ocrx_word' id='word_1_245' title='bbox 3679 813 3785 867; x_wconf 79' lang='grc' dir='ltr'><strong>ὅσα</strong></span> 
     </span>
    </p>
   </div>
   <div class='ocr_carea' id='block_1_37' title="bbox 2196 905 3786 979">
    <p class='ocr_par' dir='ltr' id='par_1_37' title="bbox 2196 905 3786 979">
     <span class='ocr_line' id='line_1_37' title="bbox 2196 905 3786 979; baseline -0.003 -15"><span class='ocrx_word' id='word_1_246' title='bbox 2196 908 2285 964; x_wconf 86' lang='grc' dir='ltr'><strong>διὰ</strong></span> <span class='ocrx_word' id='word_1_247' title='bbox 2317 909 2427 963; x_wconf 84' lang='grc' dir='ltr'>τῶν</span> <span class='ocrx_word' id='word_1_248' title='bbox 2456 909 2828 979; x_wconf 83' lang='grc' dir='ltr'>εὐαγγελικῶν</span> <span class='ocrx_word' id='word_1_249' title='bbox 2860 909 2956 964; x_wconf 60' lang='grc' dir='ltr'><strong>καὶ⁵</strong></span> <span class='ocrx_word' id='word_1_250' title='bbox 2984 907 3361 963; x_wconf 80' lang='grc' dir='ltr'>ἅποστολικῶν</span> <span class='ocrx_word' id='word_1_251' title='bbox 3393 906 3655 978; x_wconf 75' lang='grc' dir='ltr'><strong>ῥημάτων</strong></span> <span class='ocrx_word' id='word_1_252' title='bbox 3683 905 3786 976; x_wconf 84' lang='grc' dir='ltr'><strong>τῆς</strong></span> 
     </span>
    </p>
   </div>
   <div class='ocr_carea' id='block_1_38' title="bbox 2197 1001 3788 1076">
    <p class='ocr_par' dir='ltr' id='par_1_38' title="bbox 2197 1001 3788 1076">
     <span class='ocr_line' id='line_1_38' title="bbox 2197 1001 3788 1076; baseline -0.003 -17"><span class='ocrx_word' id='word_1_253' title='bbox 2197 1005 2546 1076; x_wconf 84' lang='grc' dir='ltr'>Μανιχαῖκῆς</span> <span class='ocrx_word' id='word_1_254' title='bbox 2585 1004 2903 1068; x_wconf 87' lang='grc' dir='ltr'>ἀποσπάδος</span> <span class='ocrx_word' id='word_1_255' title='bbox 2939 1003 3238 1075; x_wconf 73' lang='grc' dir='ltr'>πρόρριζον</span> <span class='ocrx_word' id='word_1_256' title='bbox 3274 1002 3375 1073; x_wconf 82' lang='grc' dir='ltr'><strong>τὴν</strong></span> <span class='ocrx_word' id='word_1_257' title='bbox 3414 1001 3651 1073; x_wconf 76' lang='grc' dir='ltr'><strong>βλάστην</strong></span> <span class='ocrx_word' id='word_1_258' title='bbox 3690 1003 3788 1054; x_wconf 82' lang='grc' dir='ltr'><strong>ὲκ-</strong></span> 
     </span>
    </p>
   </div>
   <div class='ocr_carea' id='block_1_39' title="bbox 2197 1091 3787 1167">
    <p class='ocr_par' dir='ltr' id='par_1_39' title="bbox 2197 1091 3787 1167">
     <span class='ocr_line' id='line_1_39' title="bbox 2197 1091 3787 1167; baseline -0.004 -17"><span class='ocrx_word' id='word_1_259' title='bbox 2197 1096 2384 1166; x_wconf 75' lang='grc' dir='ltr'>τέμνιι</span> <span class='ocrx_word' id='word_1_260' title='bbox 2440 1095 2461 1167; x_wconf 94' lang='grc'><strong>(</strong></span> <span class='ocrx_word' id='word_1_261' title='bbox 2487 1095 2584 1151; x_wconf 78' lang='grc' dir='ltr'><strong>καὶ</strong></span> <span class='ocrx_word' id='word_1_262' title='bbox 2620 1095 2729 1167; x_wconf 86' lang='grc' dir='ltr'>γὰρ</span> <span class='ocrx_word' id='word_1_263' title='bbox 2754 1094 3043 1150; x_wconf 78' lang='grc' dir='ltr'>καὶταῦτα</span> <span class='ocrx_word' id='word_1_264' title='bbox 3072 1094 3196 1148; x_wconf 89' lang='grc' dir='ltr'>κατ’</span> <span class='ocrx_word' id='word_1_265' title='bbox 3224 1093 3408 1147; x_wconf 80' lang='grc' dir='ltr'><strong>αὐτῶν</strong></span> <span class='ocrx_word' id='word_1_266' title='bbox 3431 1095 3548 1147; x_wconf 76' lang='grc' dir='ltr'>ἐστι</span> <span class='ocrx_word' id='word_1_267' title='bbox 3580 1091 3787 1163; x_wconf 81' lang='grc' dir='ltr'>μᾶλλον</span> 
     </span>
    </p>
   </div>
   <div class='ocr_carea' id='block_1_40' title="bbox 2196 1183 3789 1260">
    <p class='ocr_par' dir='ltr' id='par_1_40' title="bbox 2196 1183 3789 1260">
     <span class='ocr_line' id='line_1_40' title="bbox 2196 1183 3789 1260; baseline -0.004 -17"><span class='ocrx_word' id='word_1_268' title='bbox 2196 1189 2309 1244; x_wconf 87' lang='grc' dir='ltr'>τῶν</span> <span class='ocrx_word' id='word_1_269' title='bbox 2342 1189 2522 1243; x_wconf 78' lang='grc' dir='ltr'>ἄλλων</span> <span class='ocrx_word' id='word_1_270' title='bbox 2548 1188 2791 1260; x_wconf 79' lang='grc' dir='ltr'><strong>ἄφυκτον</strong></span> <span class='ocrx_word' id='word_1_271' title='bbox 2821 1187 2882 1242; x_wconf 77' lang='grc' dir='ltr'><strong>τὸ</strong></span> <span class='ocrx_word' id='word_1_272' title='bbox 2908 1188 3006 1258; x_wconf 82' lang='grc' dir='ltr'>τῆς</span> <span class='ocrx_word' id='word_1_273' title='bbox 3045 1186 3288 1258; x_wconf 81' lang='grc' dir='ltr'><strong>ὲκτομῆς</strong></span> <span class='ocrx_word' id='word_1_274' title='bbox 3319 1185 3623 1256; x_wconf 74' lang='grc' dir='ltr'>ὲπαφιέντα</span> <span class='ocrx_word' id='word_1_275' title='bbox 3667 1183 3789 1255; x_wconf 68' lang='grc' dir='ltr'><strong>δρέι</strong></span> 
     </span>
    </p>
   </div>
   <div class='ocr_carea' id='block_1_41' title="bbox 2199 1276 3785 1351">
    <p class='ocr_par' dir='ltr' id='par_1_41' title="bbox 2199 1276 3785 1351">
     <span class='ocr_line' id='line_1_41' title="bbox 2199 1276 3785 1351; baseline -0.006 -15"><span class='ocrx_word' id='word_1_276' title='bbox 2199 1283 2416 1350; x_wconf 85' lang='grc' dir='ltr'>πανον),</span> <span class='ocrx_word' id='word_1_277' title='bbox 2472 1282 2619 1344; x_wconf 87' lang='grc' dir='ltr'>τάδε,</span> <span class='ocrx_word' id='word_1_278' title='bbox 2654 1281 2731 1346; x_wconf 86' lang='grc' dir='ltr'><strong>ὡς</strong></span> <span class='ocrx_word' id='word_1_279' title='bbox 2770 1282 2830 1335; x_wconf 78' lang='grc' dir='ltr'><strong>ὲν</strong></span> <span class='ocrx_word' id='word_1_280' title='bbox 2868 1279 3152 1351; x_wconf 78' lang='grc' dir='ltr'><strong>κεφαλαίῳ</strong></span> <span class='ocrx_word' id='word_1_281' title='bbox 3187 1279 3391 1348; x_wconf 86' lang='grc' dir='ltr'>φάναι,</span> <span class='ocrx_word' id='word_1_282' title='bbox 3417 1276 3785 1341; x_wconf 65' lang='grc' dir='ltr'>ἐπιδείκνυσι,</span> 
     </span>
    </p>
   </div>
   <div class='ocr_carea' id='block_1_42' title="bbox 2198 1368 3784 1446">
    <p class='ocr_par' dir='ltr' id='par_1_42' title="bbox 2198 1368 3784 1446">
     <span class='ocr_line' id='line_1_42' title="bbox 2198 1368 3784 1446; baseline -0.005 -17"><span class='ocrx_word' id='word_1_283' title='bbox 2198 1375 2275 1439; x_wconf 89' lang='grc' dir='ltr'><strong>ώς</strong></span> <span class='ocrx_word' id='word_1_284' title='bbox 2302 1377 2336 1446; x_wconf 86' lang='grc' dir='ltr'><strong>ἡ</strong></span> <span class='ocrx_word' id='word_1_285' title='bbox 2364 1375 2522 1446; x_wconf 91' lang='grc' dir='ltr'>χάρις</span> <span class='ocrx_word' id='word_1_286' title='bbox 2548 1376 2616 1446; x_wconf 78' lang='grc' dir='ltr'><strong>τῇ</strong></span> <span class='ocrx_word' id='word_1_287' title='bbox 2649 1373 2918 1444; x_wconf 79' lang='grc' dir='ltr'>Μωσαῖκῇ</span> <span class='ocrx_word' id='word_1_288' title='bbox 2955 1371 3318 1443; x_wconf 79' lang='grc' dir='ltr'>κοσμογενείᾳ</span> <span class='ocrx_word' id='word_1_289' title='bbox 3343 1368 3784 1440; x_wconf 81' lang='grc' dir='ltr'>συμφθέγγεται,</span> 
     </span>
    </p>
   </div>
   <div class='ocr_carea' id='block_1_43' title="bbox 2200 1461 3790 1538">
    <p class='ocr_par' dir='ltr' id='par_1_43' title="bbox 2200 1461 3790 1538">
     <span class='ocr_line' id='line_1_43' title="bbox 2200 1461 3790 1538; baseline -0.005 -16"><span class='ocrx_word' id='word_1_290' title='bbox 2200 1467 2296 1522; x_wconf 72' lang='grc' dir='ltr'><strong>καὶ</strong></span> <span class='ocrx_word' id='word_1_291' title='bbox 2330 1468 2479 1530; x_wconf 83' lang='grc' dir='ltr'><strong>ὅσοις</strong></span> <span class='ocrx_word' id='word_1_292' title='bbox 2504 1466 2686 1529; x_wconf 78' lang='grc' dir='ltr'>ἄλλοις</span> <span class='ocrx_word' id='word_1_293' title='bbox 2715 1465 2841 1538; x_wconf 84' lang='grc' dir='ltr'>άρτι</span> <span class='ocrx_word' id='word_1_294' title='bbox 2874 1463 3120 1519; x_wconf 86' lang='grc' dir='ltr'>πολιτεία</span> <span class='ocrx_word' id='word_1_295' title='bbox 3153 1465 3285 1519; x_wconf 83' lang='grc' dir='ltr'>Θεὸν</span> <span class='ocrx_word' id='word_1_296' title='bbox 3314 1462 3609 1533; x_wconf 82' lang='grc' dir='ltr'>γινώσκειν</span> <span class='ocrx_word' id='word_1_297' title='bbox 3647 1461 3790 1516; x_wconf 85' lang='grc' dir='ltr'>καθ-</span> 
     </span>
    </p>
   </div>
   <div class='ocr_carea' id='block_1_44' title="bbox 2203 1555 3789 1631">
    <p class='ocr_par' dir='ltr' id='par_1_44' title="bbox 2203 1555 3789 1631">
     <span class='ocr_line' id='line_1_44' title="bbox 2203 1555 3789 1631; baseline -0.004 -18"><span class='ocrx_word' id='word_1_298' title='bbox 2203 1560 2468 1631; x_wconf 85' lang='grc' dir='ltr'><strong>ισταμένη</strong></span> <span class='ocrx_word' id='word_1_299' title='bbox 2511 1559 2943 1629; x_wconf 88' lang='grc' dir='ltr'>παιδαγωγεῖται</span> <span class='ocrx_word' id='word_1_300' title='bbox 2984 1558 3081 1613; x_wconf 74' lang='grc' dir='ltr'>καὶ</span> <span class='ocrx_word' id='word_1_301' title='bbox 3126 1557 3536 1613; x_wconf 77' lang='grc' dir='ltr'>κατευθύνεται.</span> <span class='ocrx_word' id='word_1_302' title='bbox 3569 1556 3677 1610; x_wconf 76' lang='grc' dir='ltr'><strong>Ναὶ</strong></span> <span class='ocrx_word' id='word_1_303' title='bbox 3716 1555 3789 1626; x_wconf 75' lang='grc' dir='ltr'>δὴ</span> 
     </span>
    </p>
   </div>
   <div class='ocr_carea' id='block_1_45' title="bbox 2201 1649 3790 1724">
    <p class='ocr_par' dir='ltr' id='par_1_45' title="bbox 2201 1649 3790 1724">
     <span class='ocr_line' id='line_1_45' title="bbox 2201 1649 3790 1724; baseline -0.003 -17"><span class='ocrx_word' id='word_1_304' title='bbox 2201 1652 2298 1707; x_wconf 72' lang='grc' dir='ltr'><strong>καὶ</strong></span> <span class='ocrx_word' id='word_1_305' title='bbox 2335 1652 2415 1706; x_wconf 73' lang='grc' dir='ltr'>ὅτι</span> <span class='ocrx_word' id='word_1_306' title='bbox 2462 1652 2561 1724; x_wconf 82' lang='grc' dir='ltr'><strong>τήν</strong></span> <span class='ocrx_word' id='word_1_307' title='bbox 2611 1651 2934 1724; x_wconf 79' lang='grc' dir='ltr'>σωματικὴν</span> <span class='ocrx_word' id='word_1_308' title='bbox 2980 1653 3075 1706; x_wconf 70' lang='grc' dir='ltr'>καὶ</span> <span class='ocrx_word' id='word_1_309' title='bbox 3113 1653 3316 1723; x_wconf 81' lang='grc' dir='ltr'>όρατὴν</span> <span class='ocrx_word' id='word_1_310' title='bbox 3355 1651 3532 1705; x_wconf 86' lang='grc' dir='ltr'>κτίσιν</span> <span class='ocrx_word' id='word_1_311' title='bbox 3575 1649 3790 1713; x_wconf 83' lang='grc' dir='ltr'>ἐκεῖνός</span> 
     </span>
    </p>
   </div>
   <div class='ocr_carea' id='block_1_46' title="bbox 2202 1741 3789 1816">
    <p class='ocr_par' dir='ltr' id='par_1_46' title="bbox 2202 1741 3789 1816">
     <span class='ocr_line' id='line_1_46' title="bbox 2202 1741 3789 1816; baseline -0.003 -19"><span class='ocrx_word' id='word_1_312' title='bbox 2202 1746 2349 1797; x_wconf 74' lang='grc' dir='ltr'>ἐστιν</span> <span class='ocrx_word' id='word_1_313' title='bbox 2379 1744 2407 1797; x_wconf 87' lang='grc' dir='ltr'><strong>ό</strong></span> <span class='ocrx_word' id='word_1_314' title='bbox 2433 1744 2497 1797; x_wconf 80' lang='grc' dir='ltr'>ὲκ</span> <span class='ocrx_word' id='word_1_315' title='bbox 2528 1744 2603 1816; x_wconf 81' lang='grc' dir='ltr'>μὴ</span> <span class='ocrx_word' id='word_1_316' title='bbox 2627 1742 2796 1798; x_wconf 73' lang='grc' dir='ltr'>ὄντων</span> <span class='ocrx_word' id='word_1_317' title='bbox 2824 1743 2969 1814; x_wconf 89' lang='grc' dir='ltr'>λόγῳ</span> <span class='ocrx_word' id='word_1_318' title='bbox 2992 1742 3461 1816; x_wconf 73' lang='grc' dir='ltr'><strong>ὑποστησάμενος,</strong></span> <span class='ocrx_word' id='word_1_319' title='bbox 3480 1741 3538 1807; x_wconf 79' lang='grc' dir='ltr'>ὃς</span> <span class='ocrx_word' id='word_1_320' title='bbox 3561 1743 3655 1796; x_wconf 71' lang='grc' dir='ltr'>καὶ</span> <span class='ocrx_word' id='word_1_321' title='bbox 3683 1742 3789 1813; x_wconf 76' lang='grc' dir='ltr'><strong>τήν</strong></span> 
     </span>
    </p>
   </div>
   <div class='ocr_carea' id='block_1_47' title="bbox 2204 1834 3789 1908">
    <p class='ocr_par' dir='ltr' id='par_1_47' title="bbox 2204 1834 3789 1908">
     <span class='ocr_line' id='line_1_47' title="bbox 2204 1834 3789 1908; baseline -0.004 -16"><span class='ocrx_word' id='word_1_322' title='bbox 2204 1837 2399 1908; x_wconf 90' lang='grc' dir='ltr'>νοεράν</span> <span class='ocrx_word' id='word_1_323' title='bbox 2426 1853 2487 1889; x_wconf 90' lang='grc' dir='ltr'>τε</span> <span class='ocrx_word' id='word_1_324' title='bbox 2531 1836 2625 1891; x_wconf 73' lang='grc' dir='ltr'><strong>καὶ</strong></span> <span class='ocrx_word' id='word_1_325' title='bbox 2652 1837 2886 1906; x_wconf 87' lang='grc' dir='ltr'>ἀόρατον</span> <span class='ocrx_word' id='word_1_326' title='bbox 2918 1836 3290 1908; x_wconf 82' lang='grc' dir='ltr'><strong>παραπλησίῳ</strong></span> <span class='ocrx_word' id='word_1_327' title='bbox 3331 1835 3521 1905; x_wconf 78' lang='grc' dir='ltr'>σοφίας</span> <span class='ocrx_word' id='word_1_328' title='bbox 3565 1834 3789 1905; x_wconf 78' lang='grc' dir='ltr'>πλούτῳ</span> 
     </span>
    </p>
   </div>
   <div class='ocr_carea' id='block_1_48' title="bbox 2199 1925 3788 2003">
    <p class='ocr_par' dir='ltr' id='par_1_48' title="bbox 2199 1925 3788 2003">
     <span class='ocr_line' id='line_1_48' title="bbox 2199 1925 3788 2003; baseline -0.002 -19"><span class='ocrx_word' id='word_1_329' title='bbox 2199 1933 2545 2003; x_wconf 82' lang='grc' dir='ltr'><strong>παρήγαγεν.</strong></span> <span class='ocrx_word' id='word_1_330' title='bbox 2593 1928 2732 1983; x_wconf 83' lang='grc' dir='ltr'>Ἀλλ’</span> <span class='ocrx_word' id='word_1_331' title='bbox 2770 1928 2852 1982; x_wconf 81' lang='grc' dir='ltr'>ὅτι</span> <span class='ocrx_word' id='word_1_332' title='bbox 2891 1928 3075 1983; x_wconf 75' lang='grc' dir='ltr'>καὶτὸ</span> <span class='ocrx_word' id='word_1_333' title='bbox 3110 1925 3450 1999; x_wconf 84' lang='grc' dir='ltr'>ἀνθρώπινον</span> <span class='ocrx_word' id='word_1_334' title='bbox 3489 1927 3649 1998; x_wconf 84' lang='grc' dir='ltr'>σῶμα</span> <span class='ocrx_word' id='word_1_335' title='bbox 3680 1926 3788 1997; x_wconf 75' lang='grc' dir='ltr'><strong>τῆς</strong></span> 
     </span>
    </p>
   </div>
   <div class='ocr_carea' id='block_1_49' title="bbox 2199 2018 3786 2095">
    <p class='ocr_par' dir='ltr' id='par_1_49' title="bbox 2199 2018 3786 2095">
     <span class='ocr_line' id='line_1_49' title="bbox 2199 2018 3786 2095; baseline -0.004 -17"><span class='ocrx_word' id='word_1_336' title='bbox 2199 2024 2370 2095; x_wconf 84' lang='grc' dir='ltr'>αὐτῆς</span> <span class='ocrx_word' id='word_1_337' title='bbox 2406 2025 2523 2077; x_wconf 75' lang='grc' dir='ltr'>ἐστι</span> <span class='ocrx_word' id='word_1_338' title='bbox 2556 2020 2945 2094; x_wconf 80' lang='grc' dir='ltr'>φιλανθρώπου</span> <span class='ocrx_word' id='word_1_339' title='bbox 2988 2022 3085 2076; x_wconf 74' lang='grc' dir='ltr'><strong>καὶ</strong></span> <span class='ocrx_word' id='word_1_340' title='bbox 3117 2018 3467 2092; x_wconf 82' lang='grc' dir='ltr'>ἀγαθουργοῦ</span> <span class='ocrx_word' id='word_1_341' title='bbox 3498 2019 3786 2090; x_wconf 85' lang='grc' dir='ltr'>προνοίας,</span> 
     </span>
    </p>
   </div>
   <div class='ocr_carea' id='block_1_50' title="bbox 2197 2114 3785 2187">
    <p class='ocr_par' dir='ltr' id='par_1_50' title="bbox 2197 2114 3785 2187">
     <span class='ocr_line' id='line_1_50' title="bbox 2197 2114 3785 2187; baseline -0.004 -16"><span class='ocrx_word' id='word_1_342' title='bbox 2197 2116 2387 2187; x_wconf 83' lang='grc' dir='ltr'>ὥσπερ</span> <span class='ocrx_word' id='word_1_343' title='bbox 2426 2115 2522 2170; x_wconf 74' lang='grc' dir='ltr'>καὶ</span> <span class='ocrx_word' id='word_1_344' title='bbox 2558 2116 2592 2187; x_wconf 85' lang='grc' dir='ltr'><strong>ή</strong></span> <span class='ocrx_word' id='word_1_345' title='bbox 2637 2114 2786 2186; x_wconf 76' lang='grc' dir='ltr'>ψυχὴ</span> <span class='ocrx_word' id='word_1_346' title='bbox 2827 2114 3234 2186; x_wconf 79' lang='grc' dir='ltr'>φιλοτέχνημα,</span> <span class='ocrx_word' id='word_1_347' title='bbox 3266 2115 3359 2168; x_wconf 67' lang='grc' dir='ltr'><strong>καὶ</strong></span> <span class='ocrx_word' id='word_1_348' title='bbox 3385 2114 3460 2179; x_wconf 87' lang='grc' dir='ltr'><strong>ώς</strong></span> <span class='ocrx_word' id='word_1_349' title='bbox 3486 2114 3535 2167; x_wconf 81' lang='grc' dir='ltr'>οἱ</span> <span class='ocrx_word' id='word_1_350' title='bbox 3578 2116 3643 2185; x_wconf 80' lang='grc' dir='ltr'><strong>τῇ</strong></span> <span class='ocrx_word' id='word_1_351' title='bbox 3689 2129 3785 2165; x_wconf 83' lang='grc' dir='ltr'><strong>νο⁶</strong></span> 
     </span>
    </p>
   </div>
   <div class='ocr_carea' id='block_1_51' title="bbox 2197 2206 3786 2281">
    <p class='ocr_par' dir='ltr' id='par_1_51' title="bbox 2197 2206 3786 2281">
     <span class='ocr_line' id='line_1_51' title="bbox 2197 2206 3786 2281; baseline -0.002 -18"><span class='ocrx_word' id='word_1_352' title='bbox 2197 2210 2335 2281; x_wconf 73' lang='grc' dir='ltr'>μικῇ</span> <span class='ocrx_word' id='word_1_353' title='bbox 2384 2208 2631 2281; x_wconf 80' lang='grc' dir='ltr'>πολιτείᾳ</span> <span class='ocrx_word' id='word_1_354' title='bbox 2659 2207 3059 2279; x_wconf 79' lang='grc' dir='ltr'>διαπρέψαντες</span> <span class='ocrx_word' id='word_1_355' title='bbox 3084 2206 3217 2260; x_wconf 84' lang='grc' dir='ltr'>Θεόν</span> <span class='ocrx_word' id='word_1_356' title='bbox 3239 2223 3297 2260; x_wconf 89' lang='grc' dir='ltr'>τε</span> <span class='ocrx_word' id='word_1_357' title='bbox 3331 2206 3423 2261; x_wconf 76' lang='grc' dir='ltr'><strong>τὸν</strong></span> <span class='ocrx_word' id='word_1_358' title='bbox 3466 2207 3642 2278; x_wconf 86' lang='grc' dir='ltr'>ἀληθῆ</span> <span class='ocrx_word' id='word_1_359' title='bbox 3682 2207 3786 2260; x_wconf 71' lang='grc' dir='ltr'><strong>καὶ</strong></span> 
     </span>
    </p>
   </div>
   <div class='ocr_carea' id='block_1_52' title="bbox 2193 2299 3789 2374">
    <p class='ocr_par' dir='ltr' id='par_1_52' title="bbox 2193 2299 3789 2374">
     <span class='ocr_line' id='line_1_52' title="bbox 2193 2299 3789 2374; baseline -0.004 -14"><span class='ocrx_word' id='word_1_360' title='bbox 2193 2307 2256 2374; x_wconf 67' lang='grc' dir='ltr'>ἀγ</span> <span class='ocrx_word' id='word_1_361' title='bbox 2269 2303 2397 2358; x_wconf 79' lang='grc' dir='ltr'>αθὸν</span> <span class='ocrx_word' id='word_1_362' title='bbox 2424 2302 2780 2374; x_wconf 77' lang='grc' dir='ltr'>ἐθεράπευον,</span> <span class='ocrx_word' id='word_1_363' title='bbox 2803 2301 2899 2357; x_wconf 81' lang='grc' dir='ltr'><strong>καὶ</strong></span> <span class='ocrx_word' id='word_1_364' title='bbox 2925 2300 3067 2357; x_wconf 90' lang='grc' dir='ltr'><strong>κατά</strong></span> <span class='ocrx_word' id='word_1_365' title='bbox 3087 2300 3188 2369; x_wconf 82' lang='grc' dir='ltr'><strong>τῆς</strong></span> <span class='ocrx_word' id='word_1_366' title='bbox 3214 2300 3482 2372; x_wconf 81' lang='grc' dir='ltr'>πονηρίας</span> <span class='ocrx_word' id='word_1_367' title='bbox 3509 2299 3789 2372; x_wconf 82' lang='grc' dir='ltr'>παρετάτ-</span> 
     </span>
    </p>
   </div>
   <div class='ocr_carea' id='block_1_53' title="bbox 2192 2387 3782 2467">
    <p class='ocr_par' dir='ltr' id='par_1_53' title="bbox 2192 2387 3782 2467">
     <span class='ocr_line' id='line_1_53' title="bbox 2192 2387 3782 2467; baseline -0.003 -17"><span class='ocrx_word' id='word_1_368' title='bbox 2192 2413 2368 2451; x_wconf 85' lang='grc' dir='ltr'>τοντο.</span> <span class='ocrx_word' id='word_1_369' title='bbox 2401 2394 2589 2451; x_wconf 85' lang='grc' dir='ltr'>Ταῦτα</span> <span class='ocrx_word' id='word_1_370' title='bbox 2616 2394 2706 2467; x_wconf 81' lang='grc' dir='ltr'>δὴ,</span> <span class='ocrx_word' id='word_1_371' title='bbox 2732 2394 2933 2462; x_wconf 84' lang='grc' dir='ltr'>ταῦτα,</span> <span class='ocrx_word' id='word_1_372' title='bbox 2958 2393 3189 2447; x_wconf 84' lang='grc' dir='ltr'>καθόσον</span> <span class='ocrx_word' id='word_1_373' title='bbox 3219 2387 3333 2447; x_wconf 78' lang='grc' dir='ltr'>οἷόν</span> <span class='ocrx_word' id='word_1_374' title='bbox 3354 2392 3413 2446; x_wconf 84' lang='grc' dir='ltr'><em>τέ</em></span> <span class='ocrx_word' id='word_1_375' title='bbox 3442 2393 3597 2446; x_wconf 76' lang='grc' dir='ltr'>ἐστιν</span> <span class='ocrx_word' id='word_1_376' title='bbox 3618 2393 3782 2463; x_wconf 82' lang='grc' dir='ltr'>ήμῖν,</span> 
     </span>
    </p>
   </div>
   <div class='ocr_carea' id='block_1_54' title="bbox 2194 2482 3783 2560">
    <p class='ocr_par' dir='ltr' id='par_1_54' title="bbox 2194 2482 3783 2560">
     <span class='ocr_line' id='line_1_54' title="bbox 2194 2482 3783 2560; baseline -0.004 -16"><span class='ocrx_word' id='word_1_377' title='bbox 2194 2490 2289 2544; x_wconf 69' lang='grc' dir='ltr'><strong>καὶ</strong></span> <span class='ocrx_word' id='word_1_378' title='bbox 2309 2490 2342 2560; x_wconf 88' lang='grc' dir='ltr'><strong>ή</strong></span> <span class='ocrx_word' id='word_1_379' title='bbox 2362 2486 2458 2543; x_wconf 81' lang='grc' dir='ltr'><strong>τοῦ</strong></span> <span class='ocrx_word' id='word_1_380' title='bbox 2479 2486 2676 2558; x_wconf 82' lang='grc' dir='ltr'>καιροῦ</span> <span class='ocrx_word' id='word_1_381' title='bbox 2694 2488 2969 2559; x_wconf 86' lang='grc' dir='ltr'>συγχωρεί</span> <span class='ocrx_word' id='word_1_382' title='bbox 2984 2485 3248 2557; x_wconf 80' lang='grc' dir='ltr'><strong>βαρύτης,</strong></span> <span class='ocrx_word' id='word_1_383' title='bbox 3268 2482 3783 2549; x_wconf 80' lang='grc' dir='ltr'>καθυποὸάλλοντες</span> 
     </span>
    </p>
   </div>
   <div class='ocr_carea' id='block_1_55' title="bbox 2195 2575 3786 2653">
    <p class='ocr_par' dir='ltr' id='par_1_55' title="bbox 2195 2575 3786 2653">
     <span class='ocr_line' id='line_1_55' title="bbox 2195 2575 3786 2653; baseline -0.002 -17"><span class='ocrx_word' id='word_1_384' title='bbox 2195 2582 2409 2636; x_wconf 71' lang='grc' dir='ltr'>ὲκδόσει</span> <span class='ocrx_word' id='word_1_385' title='bbox 2440 2581 2522 2653; x_wconf 80' lang='grc' dir='ltr'><strong>(ἐν</strong></span> <span class='ocrx_word' id='word_1_386' title='bbox 2550 2580 2763 2644; x_wconf 80' lang='grc' dir='ltr'>τοῦτοις</span> <span class='ocrx_word' id='word_1_387' title='bbox 2785 2580 2916 2651; x_wconf 86' lang='grc' dir='ltr'>γάρ,</span> <span class='ocrx_word' id='word_1_388' title='bbox 2937 2575 3113 2651; x_wconf 74' lang='grc' dir='ltr'>οἶμαι,</span> <span class='ocrx_word' id='word_1_389' title='bbox 3134 2578 3536 2652; x_wconf 85' lang='grc' dir='ltr'>περιγράφεταί</span> <span class='ocrx_word' id='word_1_390' title='bbox 3566 2595 3660 2633; x_wconf 85' lang='grc' dir='ltr'><strong>σου</strong></span> <span class='ocrx_word' id='word_1_391' title='bbox 3682 2579 3786 2633; x_wconf 79' lang='grc' dir='ltr'>καὶ</span> 
     </span>
    </p>
   </div>
   <div class='ocr_carea' id='block_1_56' title="bbox 2193 2670 3786 2747">
    <p class='ocr_par' dir='ltr' id='par_1_56' title="bbox 2193 2670 3786 2747">
     <span class='ocr_line' id='line_1_56' title="bbox 2193 2670 3786 2747; baseline -0.003 -18"><span class='ocrx_word' id='word_1_392' title='bbox 2193 2674 2253 2728; x_wconf 80' lang='grc' dir='ltr'><strong>τὸ</strong></span> <span class='ocrx_word' id='word_1_393' title='bbox 2277 2672 2530 2747; x_wconf 86' lang='grc' dir='ltr'>αῐτημα),</span> <span class='ocrx_word' id='word_1_394' title='bbox 2553 2674 2622 2745; x_wconf 72' lang='grc' dir='ltr'><strong>τῇ</strong></span> <span class='ocrx_word' id='word_1_395' title='bbox 2647 2675 2713 2744; x_wconf 80' lang='grc' dir='ltr'>σῇ</span> <span class='ocrx_word' id='word_1_396' title='bbox 2737 2671 3157 2744; x_wconf 74' lang='grc' dir='ltr'>διεπεμψάμεθα</span> <span class='ocrx_word' id='word_1_397' title='bbox 3180 2672 3442 2741; x_wconf 81' lang='grc' dir='ltr'>ὁσιότητι.</span> <span class='ocrx_word' id='word_1_398' title='bbox 3476 2670 3585 2725; x_wconf 78' lang='grc' dir='ltr'><strong>Καὶ</strong></span> <span class='ocrx_word' id='word_1_399' title='bbox 3604 2671 3652 2725; x_wconf 82' lang='grc' dir='ltr'><strong>εί</strong></span> <span class='ocrx_word' id='word_1_400' title='bbox 3678 2672 3786 2743; x_wconf 85' lang='grc' dir='ltr'><strong>μὲν</strong></span> 
     </span>
    </p>
   </div>
   <div class='ocr_carea' id='block_1_57' title="bbox 2192 2764 3785 2838">
    <p class='ocr_par' dir='ltr' id='par_1_57' title="bbox 2192 2764 3785 2838">
     <span class='ocr_line' id='line_1_57' title="bbox 2192 2764 3785 2838; baseline 0 -19"><span class='ocrx_word' id='word_1_401' title='bbox 2192 2766 2401 2837; x_wconf 77' lang='grc' dir='ltr'>εὕροις,</span> <span class='ocrx_word' id='word_1_402' title='bbox 2418 2767 2495 2831; x_wconf 85' lang='grc' dir='ltr'><strong>ώς</strong></span> <span class='ocrx_word' id='word_1_403' title='bbox 2511 2765 2770 2838; x_wconf 80' lang='grc' dir='ltr'>ήλπισας,</span> <span class='ocrx_word' id='word_1_404' title='bbox 2784 2765 2885 2836; x_wconf 84' lang='grc' dir='ltr'><strong>τῆς</strong></span> <span class='ocrx_word' id='word_1_405' title='bbox 2907 2764 3009 2834; x_wconf 74' lang='grc' dir='ltr'><strong>σῆς</strong></span> <span class='ocrx_word' id='word_1_406' title='bbox 3031 2766 3097 2827; x_wconf 83' lang='grc' dir='ltr'><strong>ᾂν</strong></span> <span class='ocrx_word' id='word_1_407' title='bbox 3110 2764 3274 2835; x_wconf 82' lang='grc' dir='ltr'>εὐχῆς</span> <span class='ocrx_word' id='word_1_408' title='bbox 3285 2764 3394 2836; x_wconf 77' lang='grc' dir='ltr'>εἴη,</span> <span class='ocrx_word' id='word_1_409' title='bbox 3416 2764 3620 2835; x_wconf 71' lang='grc' dir='ltr'>καὶτῆς</span> <span class='ocrx_word' id='word_1_410' title='bbox 3634 2765 3785 2819; x_wconf 88' lang='grc' dir='ltr'><strong>κατά</strong></span> 
     </span>
    </p>
   </div>
   <div class='ocr_carea' id='block_1_58' title="bbox 2190 2858 3785 2931">
    <p class='ocr_par' dir='ltr' id='par_1_58' title="bbox 2190 2858 3785 2931">
     <span class='ocr_line' id='line_1_58' title="bbox 2190 2858 3785 2931; baseline 0 -18"><span class='ocrx_word' id='word_1_411' title='bbox 2190 2860 2291 2931; x_wconf 78' lang='grc' dir='ltr'><strong>τὴν</strong></span> <span class='ocrx_word' id='word_1_412' title='bbox 2323 2859 2506 2913; x_wconf 90' lang='grc' dir='ltr'>πίστιν</span> <span class='ocrx_word' id='word_1_413' title='bbox 2538 2860 2813 2931; x_wconf 77' lang='grc' dir='ltr'>αἰτήσεως</span> <span class='ocrx_word' id='word_1_414' title='bbox 2854 2859 2889 2931; x_wconf 81' lang='grc' dir='ltr'>ἡ</span> <span class='ocrx_word' id='word_1_415' title='bbox 2919 2859 3192 2930; x_wconf 74' lang='grc' dir='ltr'>ἐνέργεια.</span> <span class='ocrx_word' id='word_1_416' title='bbox 3239 2859 3303 2912; x_wconf 81' lang='lat' dir='ltr'><strong>El</strong></span> <span class='ocrx_word' id='word_1_417' title='bbox 3334 2859 3389 2913; x_wconf 80' lang='grc' dir='ltr'>δὲ</span> <span class='ocrx_word' id='word_1_418' title='bbox 3417 2858 3517 2924; x_wconf 82' lang='grc' dir='ltr'>τὰς</span> <span class='ocrx_word' id='word_1_419' title='bbox 3553 2858 3785 2924; x_wconf 72' lang='grc' dir='ltr'>ἐλπίδας</span> 
     </span>
    </p>
   </div>
   <div class='ocr_carea' id='block_1_59' title="bbox 2192 2950 3785 3024">
    <p class='ocr_par' dir='ltr' id='par_1_59' title="bbox 2192 2950 3785 3024">
     <span class='ocr_line' id='line_1_59' title="bbox 2192 2950 3785 3024; baseline -0.001 -17"><span class='ocrx_word' id='word_1_420' title='bbox 2192 2953 2476 3023; x_wconf 80' lang='grc' dir='ltr'>ἐκνικήσει</span> <span class='ocrx_word' id='word_1_421' title='bbox 2508 2950 2572 3006; x_wconf 86' lang='grc' dir='ltr'>τδ</span> <span class='ocrx_word' id='word_1_422' title='bbox 2600 2952 2888 3024; x_wconf 84' lang='grc' dir='ltr'>ἀδόκητον,</span> <span class='ocrx_word' id='word_1_423' title='bbox 2927 2950 3090 3006; x_wconf 83' lang='grc' dir='ltr'>τοῦτο</span> <span class='ocrx_word' id='word_1_424' title='bbox 3134 2950 3202 3022; x_wconf 82' lang='grc' dir='ltr'>δὴ</span> <span class='ocrx_word' id='word_1_425' title='bbox 3247 2955 3375 3016; x_wconf 86' lang='grc' dir='ltr'>ταῖς</span> <span class='ocrx_word' id='word_1_426' title='bbox 3403 2968 3464 3006; x_wconf 86' lang='grc' dir='ltr'><strong>τε</strong></span> <span class='ocrx_word' id='word_1_427' title='bbox 3496 2953 3785 3022; x_wconf 83' lang='grc' dir='ltr'>συνεχέσιν</span> 
     </span>
    </p>
   </div>
   <div class='ocr_carea' id='block_1_60' title="bbox 2192 3039 3786 3119">
    <p class='ocr_par' dir='ltr' id='par_1_60' title="bbox 2192 3039 3786 3119">
     <span class='ocr_line' id='line_1_60' title="bbox 2192 3039 3786 3119; baseline -0.002 -19"><span class='ocrx_word' id='word_1_428' title='bbox 2192 3044 2553 3119; x_wconf 76' lang='grc' dir='ltr'>ἀρρωστίαις,</span> <span class='ocrx_word' id='word_1_429' title='bbox 2587 3039 2674 3109; x_wconf 79' lang='grc' dir='ltr'><strong>αίς</strong></span> <span class='ocrx_word' id='word_1_430' title='bbox 2705 3045 2767 3099; x_wconf 83' lang='grc' dir='ltr'><strong>οὐ</strong></span> <span class='ocrx_word' id='word_1_431' title='bbox 2800 3044 2960 3116; x_wconf 89' lang='grc' dir='ltr'>λήγει</span> <span class='ocrx_word' id='word_1_432' title='bbox 2996 3043 3365 3117; x_wconf 67' lang='grc' dir='ltr'>παρενοχλῶν</span> <span class='ocrx_word' id='word_1_433' title='bbox 3394 3046 3554 3115; x_wconf 76' lang='grc' dir='ltr'><strong>ἡμῶν</strong></span> <span class='ocrx_word' id='word_1_434' title='bbox 3582 3044 3644 3099; x_wconf 83' lang='grc' dir='ltr'><strong>τὸ</strong></span> <span class='ocrx_word' id='word_1_435' title='bbox 3674 3062 3786 3098; x_wconf 78' lang='grc' dir='ltr'>σω-</span> 
     </span>
    </p>
   </div>
   <div class='ocr_carea' id='block_1_61' title="bbox 2199 3137 3784 3212">
    <p class='ocr_par' dir='ltr' id='par_1_61' title="bbox 2199 3137 3784 3212">
     <span class='ocr_line' id='line_1_61' title="bbox 2199 3137 3784 3212; baseline 0.001 -20"><span class='ocrx_word' id='word_1_436' title='bbox 2199 3140 2413 3211; x_wconf 87' lang='grc' dir='ltr'>μάτιον,</span> <span class='ocrx_word' id='word_1_437' title='bbox 2446 3141 2542 3193; x_wconf 80' lang='grc' dir='ltr'>καὶ</span> <span class='ocrx_word' id='word_1_438' title='bbox 2574 3141 2640 3210; x_wconf 78' lang='grc' dir='ltr'><strong>τῇ</strong></span> <span class='ocrx_word' id='word_1_439' title='bbox 2674 3137 2770 3193; x_wconf 82' lang='grc' dir='ltr'><strong>τοῦ</strong></span> <span class='ocrx_word' id='word_1_440' title='bbox 2811 3138 3004 3212; x_wconf 82' lang='grc' dir='ltr'>καιροῦ</span> <span class='ocrx_word' id='word_1_441' title='bbox 3039 3138 3253 3208; x_wconf 76' lang='grc' dir='ltr'>λογίζου</span> <span class='ocrx_word' id='word_1_442' title='bbox 3285 3138 3638 3211; x_wconf 83' lang='grc' dir='ltr'>χαλεπότητι.</span> <span class='ocrx_word' id='word_1_443' title='bbox 3678 3140 3784 3193; x_wconf 71' lang='lat' dir='ltr'><strong>“Av</strong></span> 
     </span>
    </p>
   </div>
   <div class='ocr_carea' id='block_1_62' title="bbox 505 3225 2093 3312">
    <p class='ocr_par' dir='ltr' id='par_1_62' title="bbox 505 3225 2089 3303">
     <span class='ocr_line' id='line_1_62' title="bbox 505 3225 2089 3303; baseline 0.006 -22"><span class='ocrx_word' id='word_1_444' title='bbox 505 3225 812 3284; x_wconf 84' lang='lat' dir='ltr'><strong>difficultati</strong></span> <span class='ocrx_word' id='word_1_445' title='bbox 849 3237 1134 3299; x_wconf 90' lang='lat' dir='ltr'><strong>acceptum</strong></span> <span class='ocrx_word' id='word_1_446' title='bbox 1188 3230 1354 3286; x_wconf 89' lang='lat' dir='ltr'><strong>feres.</strong></span> <span class='ocrx_word' id='word_1_447' title='bbox 1394 3230 1449 3286; x_wconf 91' lang='lat' dir='ltr'><strong>Si</strong></span> <span class='ocrx_word' id='word_1_448' title='bbox 1484 3233 1705 3303; x_wconf 86' lang='lat' dir='ltr'><strong>quando</strong></span> <span class='ocrx_word' id='word_1_449' title='bbox 1746 3233 1977 3289; x_wconf 91' lang='lat' dir='ltr'><strong>fortasse</strong></span> <span class='ocrx_word' id='word_1_450' title='bbox 2002 3235 2089 3290; x_wconf 90' lang='lat' dir='ltr'><strong>di-</strong></span> 
     </span>
    </p>
   </div>
   <div class='ocr_carea' id='block_1_63' title="bbox 2196 3225 3786 3312">
    <p class='ocr_par' dir='ltr' id='par_1_63' title="bbox 2196 3227 3786 3304">
     <span class='ocr_line' id='line_1_63' title="bbox 2196 3227 3786 3304; baseline 0 -19"><span class='ocrx_word' id='word_1_451' title='bbox 2196 3233 2392 3304; x_wconf 86' lang='grc' dir='ltr'>δήποτε</span> <span class='ocrx_word' id='word_1_452' title='bbox 2439 3231 2540 3303; x_wconf 79' lang='grc' dir='ltr'><strong>τῆς</strong></span> <span class='ocrx_word' id='word_1_453' title='bbox 2595 3230 2743 3296; x_wconf 86' lang='grc' dir='ltr'>θείας</span> <span class='ocrx_word' id='word_1_454' title='bbox 2785 3232 3098 3302; x_wconf 73' lang='grc' dir='ltr'>ἐπισκοπῆς</span> <span class='ocrx_word' id='word_1_455' title='bbox 3153 3230 3485 3304; x_wconf 89' lang='grc' dir='ltr'>παρορώσης</span> <span class='ocrx_word' id='word_1_456' title='bbox 3540 3232 3642 3303; x_wconf 80' lang='grc' dir='ltr'>μὲν</span> <span class='ocrx_word' id='word_1_457' title='bbox 3693 3227 3786 3296; x_wconf 75' lang='grc' dir='ltr'>οἷς</span> 
     </span>
    </p>
   </div>
   <div class='ocr_carea' id='block_1_64' title="bbox 505 3317 2087 3393">
    <p class='ocr_par' dir='ltr' id='par_1_64' title="bbox 505 3317 2087 3393">
     <span class='ocr_line' id='line_1_64' title="bbox 505 3317 2087 3393; baseline 0.007 -22"><span class='ocrx_word' id='word_1_458' title='bbox 505 3317 636 3372; x_wconf 87' lang='lat' dir='ltr'><strong>vina</strong></span> <span class='ocrx_word' id='word_1_459' title='bbox 686 3318 1028 3389; x_wconf 81' lang='lat' dir='ltr'><strong>providentia</strong></span> <span class='ocrx_word' id='word_1_460' title='bbox 1084 3320 1154 3375; x_wconf 92' lang='lat' dir='ltr'><strong>ad</strong></span> <span class='ocrx_word' id='word_1_461' title='bbox 1203 3334 1428 3392; x_wconf 88' lang='lat' dir='ltr'><strong>peccata</strong></span> <span class='ocrx_word' id='word_1_462' title='bbox 1495 3332 1687 3379; x_wconf 88' lang='lat' dir='ltr'><strong>nostra</strong></span> <span class='ocrx_word' id='word_1_463' title='bbox 1752 3326 2087 3393; x_wconf 88' lang='lat' dir='ltr'><strong>conniveat,</strong></span> 
     </span>
    </p>
   </div>
   <div class='ocr_carea' id='block_1_65' title="bbox 510 3408 2090 3488">
    <p class='ocr_par' dir='ltr' id='par_1_65' title="bbox 510 3408 2090 3488">
     <span class='ocr_line' id='line_1_65' title="bbox 510 3408 2090 3488; baseline 0.006 -26"><span class='ocrx_word' id='word_1_464' title='bbox 510 3408 782 3479; x_wconf 83' lang='lat' dir='ltr'><strong>rebusque</strong></span> <span class='ocrx_word' id='word_1_465' title='bbox 824 3411 1030 3466; x_wconf 90' lang='lat' dir='ltr'><strong>nostris</strong></span> <span class='ocrx_word' id='word_1_466' title='bbox 1064 3411 1358 3483; x_wconf 77' lang='lat' dir='ltr'><strong>benignius</strong></span> <span class='ocrx_word' id='word_1_467' title='bbox 1379 3414 1651 3482; x_wconf 88' lang='lat' dir='ltr'><strong>consulat,</strong></span> <span class='ocrx_word' id='word_1_468' title='bbox 1696 3416 2090 3488; x_wconf 87' lang='lat' dir='ltr'><strong>hominumque</strong></span> 
     </span>
    </p>
   </div>
   <div class='ocr_carea' id='block_1_66' title="bbox 506 3498 2090 3573">
    <p class='ocr_par' dir='ltr' id='par_1_66' title="bbox 506 3498 2090 3573">
     <span class='ocr_line' id='line_1_66' title="bbox 506 3498 2090 3573; baseline 0.005 -19"><span class='ocrx_word' id='word_1_469' title='bbox 506 3498 644 3554; x_wconf 87' lang='lat' dir='ltr'><strong>iram</strong></span> <span class='ocrx_word' id='word_1_470' title='bbox 686 3515 793 3555; x_wconf 86' lang='lat' dir='ltr'><strong>non</strong></span> <span class='ocrx_word' id='word_1_471' title='bbox 839 3503 1190 3573; x_wconf 90' lang='lat' dir='ltr'><strong>promeritam</strong></span> <span class='ocrx_word' id='word_1_472' title='bbox 1231 3502 1286 3558; x_wconf 93' lang='lat' dir='ltr'><strong>in</strong></span> <span class='ocrx_word' id='word_1_473' title='bbox 1335 3506 1816 3562; x_wconf 90' lang='lat' dir='ltr'><strong>mansuetudinem</strong></span> <span class='ocrx_word' id='word_1_474' title='bbox 1859 3523 2090 3564; x_wconf 87' lang='lat' dir='ltr'><strong>conver-</strong></span> 
     </span>
    </p>
   </div>
   <div class='ocr_carea' id='block_1_67' title="bbox 508 3592 2092 3668">
    <p class='ocr_par' dir='ltr' id='par_1_67' title="bbox 508 3592 2092 3668">
     <span class='ocr_line' id='line_1_67' title="bbox 508 3592 2092 3668; baseline 0.007 -23"><span class='ocrx_word' id='word_1_475' title='bbox 508 3598 608 3659; x_wconf 88' lang='lat' dir='ltr'><strong>tat,</strong></span> <span class='ocrx_word' id='word_1_476' title='bbox 651 3600 815 3661; x_wconf 85' lang='lat' dir='ltr'><strong>atque</strong></span> <span class='ocrx_word' id='word_1_477' title='bbox 864 3592 944 3648; x_wconf 86' lang='lat' dir='ltr'><strong>sic</strong></span> <span class='ocrx_word' id='word_1_478' title='bbox 990 3592 1065 3660; x_wconf 90' lang='lat' dir='ltr'><strong>id,</strong></span> <span class='ocrx_word' id='word_1_479' title='bbox 1106 3593 1251 3665; x_wconf 88' lang='lat' dir='ltr'><strong>quod</strong></span> <span class='ocrx_word' id='word_1_480' title='bbox 1296 3594 1457 3651; x_wconf 90' lang='lat' dir='ltr'><strong>initio</strong></span> <span class='ocrx_word' id='word_1_481' title='bbox 1508 3597 1741 3668; x_wconf 91' lang='lat' dir='ltr'><strong>petiisti,</strong></span> <span class='ocrx_word' id='word_1_482' title='bbox 1781 3600 1848 3653; x_wconf 90' lang='lat' dir='ltr'><strong>ad</strong></span> <span class='ocrx_word' id='word_1_483' title='bbox 1896 3615 2092 3657; x_wconf 88' lang='lat' dir='ltr'><strong>manus</strong></span> 
     </span>
    </p>
   </div>
   <div class='ocr_carea' id='block_1_68' title="bbox 508 3685 2091 3764">
    <p class='ocr_par' dir='ltr' id='par_1_68' title="bbox 508 3685 2091 3764">
     <span class='ocr_line' id='line_1_68' title="bbox 508 3685 2091 3764; baseline 0.005 -23"><span class='ocrx_word' id='word_1_484' title='bbox 508 3691 633 3741; x_wconf 80' lang='lat' dir='ltr'><strong>tuas</strong></span> <span class='ocrx_word' id='word_1_485' title='bbox 666 3685 978 3757; x_wconf 83' lang='lat' dir='ltr'><strong>perveniat;</strong></span> <span class='ocrx_word' id='word_1_486' title='bbox 1036 3702 1147 3742; x_wconf 92' lang='lat' dir='ltr'><strong>non</strong></span> <span class='ocrx_word' id='word_1_487' title='bbox 1199 3687 1509 3755; x_wconf 88' lang='lat' dir='ltr'><strong>miraberis,</strong></span> <span class='ocrx_word' id='word_1_488' title='bbox 1563 3690 1667 3746; x_wconf 87' lang='lat' dir='ltr'><strong>ista</strong></span> <span class='ocrx_word' id='word_1_489' title='bbox 1721 3693 1993 3764; x_wconf 85' lang='lat' dir='ltr'><strong>relegens,</strong></span> <span class='ocrx_word' id='word_1_490' title='bbox 2044 3694 2091 3749; x_wconf 88' lang='lat' dir='ltr'><strong>si</strong></span> 
     </span>
    </p>
   </div>
   <div class='ocr_carea' id='block_1_69' title="bbox 504 3776 2091 3855">
    <p class='ocr_par' dir='ltr' id='par_1_69' title="bbox 504 3776 2091 3855">
     <span class='ocr_line' id='line_1_69' title="bbox 504 3776 2091 3855; baseline 0.008 -25"><span class='ocrx_word' id='word_1_491' title='bbox 504 3776 768 3848; x_wconf 86' lang='lat' dir='ltr'><strong>pleraque</strong></span> <span class='ocrx_word' id='word_1_492' title='bbox 794 3793 1009 3842; x_wconf 90' lang='lat' dir='ltr'><strong>eorum,</strong></span> <span class='ocrx_word' id='word_1_493' title='bbox 1043 3794 1165 3848; x_wconf 81' lang='lat' dir='ltr'><strong>quae</strong></span> <span class='ocrx_word' id='word_1_494' title='bbox 1190 3779 1263 3835; x_wconf 91' lang='lat' dir='ltr'><strong>ibi</strong></span> <span class='ocrx_word' id='word_1_495' title='bbox 1290 3789 1529 3846; x_wconf 81' lang='lat' dir='ltr'><strong>exstant,</strong></span> <span class='ocrx_word' id='word_1_496' title='bbox 1574 3782 1665 3840; x_wconf 88' lang='lat' dir='ltr'><strong>hic</strong></span> <span class='ocrx_word' id='word_1_497' title='bbox 1694 3786 2091 3855; x_wconf 86' lang='lat' dir='ltr'><strong>comprehensa</strong></span> 
     </span>
    </p>
   </div>
   <div class='ocr_carea' id='block_1_70' title="bbox 509 3859 2092 3943">
    <p class='ocr_par' dir='ltr' id='par_1_70' title="bbox 509 3859 2092 3943">
     <span class='ocr_line' id='line_1_70' title="bbox 509 3859 2092 3943; baseline 0.007 -18"><span class='ocrx_word' id='word_1_498' title='bbox 509 3871 808 3926; x_wconf 84' lang='lat' dir='ltr'><strong>inveneris.</strong></span> <span class='ocrx_word' id='word_1_499' title='bbox 844 3869 950 3926; x_wconf 86' lang='lat' dir='ltr'><strong>Sed</strong></span> <span class='ocrx_word' id='word_1_500' title='bbox 979 3886 1083 3927; x_wconf 87' lang='lat' dir='ltr'><strong>nec</strong></span> <span class='ocrx_word' id='word_1_501' title='bbox 1109 3873 1397 3930; x_wconf 88' lang='lat' dir='ltr'><strong>miraberis</strong></span> <span class='ocrx_word' id='word_1_502' title='bbox 1446 3859 1713 3943; x_wconf 65' lang='lat' dir='ltr'><strong>vicissiin,</strong></span> <span class='ocrx_word' id='word_1_503' title='bbox 1754 3878 1800 3933; x_wconf 90' lang='lat' dir='ltr'><strong>si</strong></span> <span class='ocrx_word' id='word_1_504' title='bbox 1847 3879 1934 3934; x_wconf 88' lang='lat' dir='ltr'><strong>illa</strong></span> <span class='ocrx_word' id='word_1_505' title='bbox 1980 3896 2092 3937; x_wconf 91' lang='lat' dir='ltr'><strong>non</strong></span> 
     </span>
    </p>
   </div>
   <div class='ocr_carea' id='block_1_71' title="bbox 508 3961 2093 4043">
    <p class='ocr_par' dir='ltr' id='par_1_71' title="bbox 508 3961 2093 4043">
     <span class='ocr_line' id='line_1_71' title="bbox 508 3961 2093 4043; baseline 0.008 -26"><span class='ocrx_word' id='word_1_506' title='bbox 508 3961 712 4017; x_wconf 84' lang='lat' dir='ltr'><strong>adsint.</strong></span> <span class='ocrx_word' id='word_1_507' title='bbox 741 3962 875 4017; x_wconf 83' lang='lat' dir='ltr'><strong>Nam</strong></span> <span class='ocrx_word' id='word_1_508' title='bbox 901 3963 1102 4019; x_wconf 90' lang='lat' dir='ltr'><strong>oblivio</strong></span> <span class='ocrx_word' id='word_1_509' title='bbox 1134 3980 1281 4035; x_wconf 66' lang='lat' dir='ltr'><strong>saepe</strong></span> <span class='ocrx_word' id='word_1_510' title='bbox 1310 3965 1367 4021; x_wconf 93' lang='lat' dir='ltr'><strong>in</strong></span> <span class='ocrx_word' id='word_1_511' title='bbox 1401 3981 1465 4022; x_wconf 90' lang='lat' dir='ltr'><strong>ea</strong></span> <span class='ocrx_word' id='word_1_512' title='bbox 1504 3968 1842 4039; x_wconf 87' lang='lat' dir='ltr'><strong>dominatur,</strong></span> <span class='ocrx_word' id='word_1_513' title='bbox 1881 3988 2002 4043; x_wconf 63' lang='lat' dir='ltr'><strong>quae</strong></span> <span class='ocrx_word' id='word_1_514' title='bbox 2037 3984 2093 4029; x_wconf 91' lang='lat' dir='ltr'><strong>et</strong></span> 
     </span>
    </p>
   </div>
   <div class='ocr_carea' id='block_1_72' title="bbox 508 4054 2092 4132">
    <p class='ocr_par' dir='ltr' id='par_1_72' title="bbox 508 4054 2092 4132">
     <span class='ocr_line' id='line_1_72' title="bbox 508 4054 2092 4132; baseline 0.009 -25"><span class='ocrx_word' id='word_1_515' title='bbox 508 4054 803 4125; x_wconf 83' lang='lat' dir='ltr'><strong>praestabat</strong></span> <span class='ocrx_word' id='word_1_516' title='bbox 823 4063 879 4109; x_wconf 91' lang='lat' dir='ltr'><strong>et</strong></span> <span class='ocrx_word' id='word_1_517' title='bbox 900 4070 1126 4111; x_wconf 88' lang='lat' dir='ltr'><strong>necesse</strong></span> <span class='ocrx_word' id='word_1_518' title='bbox 1162 4066 1281 4114; x_wconf 87' lang='lat' dir='ltr'><strong>erat</strong></span> <span class='ocrx_word' id='word_1_519' title='bbox 1318 4058 1481 4123; x_wconf 90' lang='lat' dir='ltr'><strong>scire,</strong></span> <span class='ocrx_word' id='word_1_520' title='bbox 1526 4060 1580 4115; x_wconf 92' lang='lat' dir='ltr'><strong>in</strong></span> <span class='ocrx_word' id='word_1_521' title='bbox 1608 4062 1800 4132; x_wconf 93' lang='lat' dir='ltr'><strong>primis</strong></span> <span class='ocrx_word' id='word_1_522' title='bbox 1834 4065 1926 4121; x_wconf 91' lang='lat' dir='ltr'><strong>ubi</strong></span> <span class='ocrx_word' id='word_1_523' title='bbox 1959 4082 2092 4121; x_wconf 80' lang='lat' dir='ltr'><strong>con-</strong></span> 
     </span>
    </p>
   </div>
   <div class='ocr_carea' id='block_1_73' title="bbox 505 4143 2093 4218">
    <p class='ocr_par' dir='ltr' id='par_1_73' title="bbox 505 4143 2093 4218">
     <span class='ocr_line' id='line_1_73' title="bbox 505 4143 2093 4218; baseline 0.009 -19"><span class='ocrx_word' id='word_1_524' title='bbox 505 4143 715 4200; x_wconf 86' lang='lat' dir='ltr'><strong>ﬂictum</strong></span> <span class='ocrx_word' id='word_1_525' title='bbox 752 4162 879 4201; x_wconf 90' lang='lat' dir='ltr'><strong>cum</strong></span> <span class='ocrx_word' id='word_1_526' title='bbox 906 4147 1070 4203; x_wconf 88' lang='lat' dir='ltr'><strong>rebus</strong></span> <span class='ocrx_word' id='word_1_527' title='bbox 1106 4151 1469 4218; x_wconf 71' lang='lat' dir='ltr'><strong>praesentibus</strong></span> <span class='ocrx_word' id='word_1_528' title='bbox 1509 4150 1695 4208; x_wconf 80' lang='lat' dir='ltr'><strong>infert.</strong></span> <span class='ocrx_word' id='word_1_529' title='bbox 1744 4154 1915 4210; x_wconf 89' lang='lat' dir='ltr'><strong>Simul</strong></span> <span class='ocrx_word' id='word_1_530' title='bbox 1962 4174 2093 4213; x_wconf 88' lang='lat' dir='ltr'><strong>vero</strong></span> 
     </span>
    </p>
   </div>
   <div class='ocr_carea' id='block_1_74' title="bbox 505 4234 2091 4316">
    <p class='ocr_par' dir='ltr' id='par_1_74' title="bbox 505 4234 2091 4316">
     <span class='ocr_line' id='line_1_74' title="bbox 505 4234 2091 4316; baseline 0.011 -28"><span class='ocrx_word' id='word_1_531' title='bbox 505 4249 613 4290; x_wconf 80' lang='lat' dir='ltr'><strong>nec</strong></span> <span class='ocrx_word' id='word_1_532' title='bbox 656 4234 826 4299; x_wconf 87' lang='lat' dir='ltr'><strong>illud,</strong></span> <span class='ocrx_word' id='word_1_533' title='bbox 874 4237 1060 4304; x_wconf 90' lang='lat' dir='ltr'><strong>velim,</strong></span> <span class='ocrx_word' id='word_1_534' title='bbox 1111 4234 1529 4310; x_wconf 66' lang='lat' dir='ltr'><strong>praemi-mittas;</strong></span> <span class='ocrx_word' id='word_1_535' title='bbox 1587 4246 1732 4316; x_wconf 90' lang='lat' dir='ltr'><strong>quod</strong></span> <span class='ocrx_word' id='word_1_536' title='bbox 1776 4264 1884 4303; x_wconf 91' lang='lat' dir='ltr'><strong>non</strong></span> <span class='ocrx_word' id='word_1_537' title='bbox 1929 4250 2091 4306; x_wconf 88' lang='lat' dir='ltr'><strong>aliam</strong></span> 
     </span>
    </p>
   </div>
   <div class='ocr_carea' id='block_1_75' title="bbox 504 4333 2093 4401">
    <p class='ocr_par' dir='ltr' id='par_1_75' title="bbox 504 4333 2093 4401">
     <span class='ocr_line' id='line_1_75' title="bbox 504 4333 2093 4401; baseline 0.012 -20"><span class='ocrx_word' id='word_1_538' title='bbox 504 4341 816 4399; x_wconf 86' lang='lat' dir='ltr'><strong>novamque</strong></span> <span class='ocrx_word' id='word_1_539' title='bbox 871 4333 1393 4390; x_wconf 88' lang='lat' dir='ltr'><strong>commentationem</strong></span> <span class='ocrx_word' id='word_1_540' title='bbox 1468 4336 1525 4391; x_wconf 92' lang='lat' dir='ltr'><strong>in</strong></span> <span class='ocrx_word' id='word_1_541' title='bbox 1590 4339 1830 4395; x_wconf 91' lang='lat' dir='ltr'><strong>medium</strong></span> <span class='ocrx_word' id='word_1_542' title='bbox 1892 4342 2093 4401; x_wconf 77' lang='lat' dir='ltr'><strong>afferre</strong></span> 
     </span>
    </p>
   </div>
   <div class='ocr_carea' id='block_1_76' title="bbox 505 4418 2092 4507">
    <p class='ocr_par' dir='ltr' id='par_1_76' title="bbox 505 4418 2092 4507">
     <span class='ocr_line' id='line_1_76' title="bbox 505 4418 2092 4507; baseline 0.013 -34"><span class='ocrx_word' id='word_1_543' title='bbox 505 4418 868 4476; x_wconf 87' lang='lat' dir='ltr'><strong>constitutum</strong></span> <span class='ocrx_word' id='word_1_544' title='bbox 912 4421 1006 4489; x_wconf 84' lang='lat' dir='ltr'><strong>sit,</strong></span> <span class='ocrx_word' id='word_1_545' title='bbox 1037 4424 1134 4480; x_wconf 89' lang='lat' dir='ltr'><strong>sed</strong></span> <span class='ocrx_word' id='word_1_546' title='bbox 1169 4434 1381 4482; x_wconf 89' lang='lat' dir='ltr'><strong>tantum</strong></span> <span class='ocrx_word' id='word_1_547' title='bbox 1426 4427 1483 4484; x_wconf 92' lang='lat' dir='ltr'><strong>in</strong></span> <span class='ocrx_word' id='word_1_548' title='bbox 1523 4430 1628 4486; x_wconf 87' lang='lat' dir='ltr'><strong>hac</strong></span> <span class='ocrx_word' id='word_1_549' title='bbox 1675 4448 1858 4488; x_wconf 90' lang='lat' dir='ltr'><strong>rerum</strong></span> <span class='ocrx_word' id='word_1_550' title='bbox 1911 4436 2092 4507; x_wconf 89' lang='lat' dir='ltr'><strong>inopia</strong></span> 
     </span>
    </p>
   </div>
   <div class='ocr_carea' id='block_1_77' title="bbox 505 4510 2088 4593">
    <p class='ocr_par' dir='ltr' id='par_1_77' title="bbox 505 4510 2088 4593">
     <span class='ocr_line' id='line_1_77' title="bbox 505 4510 2088 4593; baseline 0.015 -28"><span class='ocrx_word' id='word_1_551' title='bbox 505 4510 714 4582; x_wconf 86' lang='lat' dir='ltr'><strong>aliquid</strong></span> <span class='ocrx_word' id='word_1_552' title='bbox 774 4513 830 4567; x_wconf 91' lang='lat' dir='ltr'><strong>in</strong></span> <span class='ocrx_word' id='word_1_553' title='bbox 870 4514 1126 4572; x_wconf 88' lang='lat' dir='ltr'><strong>solatium</strong></span> <span class='ocrx_word' id='word_1_554' title='bbox 1159 4518 1391 4589; x_wconf 73' lang='lat' dir='ltr'><strong>iacturae</strong></span> <span class='ocrx_word' id='word_1_555' title='bbox 1422 4522 1624 4593; x_wconf 88' lang='lat' dir='ltr'><strong>prioris</strong></span> <span class='ocrx_word' id='word_1_556' title='bbox 1678 4532 1735 4582; x_wconf 90' lang='lat' dir='ltr'><strong>et</strong></span> <span class='ocrx_word' id='word_1_557' title='bbox 1791 4528 2088 4588; x_wconf 88' lang='lat' dir='ltr'><strong>oblivionis</strong></span> 
     </span>
    </p>
   </div>
   <div class='ocr_carea' id='block_1_78' title="bbox 508 4597 2165 4698">
    <p class='ocr_par' dir='ltr' id='par_1_78' title="bbox 508 4597 2165 4698">
     <span class='ocr_line' id='line_1_78' title="bbox 508 4597 2165 4698; baseline 0.014 -40"><span class='ocrx_word' id='word_1_558' title='bbox 508 4604 776 4671; x_wconf 85' lang='lat' dir='ltr'><strong>medelam</strong></span> <span class='ocrx_word' id='word_1_559' title='bbox 815 4607 975 4665; x_wconf 89' lang='lat' dir='ltr'><strong>nobis</strong></span> <span class='ocrx_word' id='word_1_560' title='bbox 1022 4619 1077 4666; x_wconf 88' lang='lat' dir='ltr'><strong>et</strong></span> <span class='ocrx_word' id='word_1_561' title='bbox 1123 4612 1316 4669; x_wconf 90' lang='lat' dir='ltr'><strong>amicis</strong></span> <span class='ocrx_word' id='word_1_562' title='bbox 1371 4614 1476 4673; x_wconf 88' lang='lat' dir='ltr'><strong>hoc</strong></span> <span class='ocrx_word' id='word_1_563' title='bbox 1522 4618 1901 4693; x_wconf 81' lang='lat' dir='ltr'><strong>qualecunque</strong></span> <span class='ocrx_word' id='word_1_564' title='bbox 1956 4641 2086 4698; x_wconf 81' lang='lat' dir='ltr'><strong>sug-</strong></span> <span class='ocrx_word' id='word_1_565' title='bbox 2112 4597 2165 4659; x_wconf 75' lang='grc' dir='ltr'><strong>Ῑ)</strong></span> 
     </span>
    </p>
   </div>
   <div class='ocr_carea' id='block_1_79' title="bbox 504 4712 716 4769">
    <p class='ocr_par' dir='ltr' id='par_1_79' title="bbox 504 4712 716 4769">
     <span class='ocr_line' id='line_1_79' title="bbox 504 4712 716 4769; baseline 0.019 -18"><span class='ocrx_word' id='word_1_566' title='bbox 504 4712 716 4769; x_wconf 85' lang='lat' dir='ltr'><strong>gerere.</strong></span> 
     </span>
    </p>
   </div>
   <div class='ocr_carea' id='block_1_80' title="bbox 574 4787 2092 4867">
    <p class='ocr_par' dir='ltr' id='par_1_80' title="bbox 574 4787 2092 4867">
     <span class='ocr_line' id='line_1_80' title="bbox 574 4787 2092 4867; baseline 0.016 -24"><span class='ocrx_word' id='word_1_567' title='bbox 574 4787 644 4845; x_wconf 87' lang='lat' dir='ltr'><strong>ll.</strong></span> <span class='ocrx_word' id='word_1_568' title='bbox 677 4788 895 4847; x_wconf 74' lang='lat' dir='ltr'><strong>initium</strong></span> <span class='ocrx_word' id='word_1_569' title='bbox 921 4793 1059 4850; x_wconf 89' lang='lat' dir='ltr'><strong>aciei</strong></span> <span class='ocrx_word' id='word_1_570' title='bbox 1089 4807 1326 4865; x_wconf 69' lang='lat' dir='ltr'><strong>nostrae,</strong></span> <span class='ocrx_word' id='word_1_571' title='bbox 1383 4810 1575 4859; x_wconf 87' lang='lat' dir='ltr'><strong>contra</strong></span> <span class='ocrx_word' id='word_1_572' title='bbox 1618 4806 1965 4866; x_wconf 89' lang='lat' dir='ltr'><strong>adversarios</strong></span> <span class='ocrx_word' id='word_1_573' title='bbox 2002 4812 2092 4867; x_wconf 88' lang='lat' dir='ltr'><strong>in-</strong></span> 
     </span>
    </p>
   </div>
   <div class='ocr_carea' id='block_1_81' title="bbox 502 4880 2092 4974">
    <p class='ocr_par' dir='ltr' id='par_1_81' title="bbox 502 4880 2092 4974">
     <span class='ocr_line' id='line_1_81' title="bbox 502 4880 2092 4974; baseline 0.018 -42"><span class='ocrx_word' id='word_1_574' title='bbox 502 4880 800 4974; x_wconf 68' lang='lat' dir='ltr'><strong>struendae,</strong></span> <span class='ocrx_word' id='word_1_575' title='bbox 835 4881 949 4953; x_wconf 89' lang='lat' dir='ltr'><strong>ipsa</strong></span> <span class='ocrx_word' id='word_1_576' title='bbox 980 4884 1196 4942; x_wconf 89' lang='lat' dir='ltr'><strong>Domini</strong></span> <span class='ocrx_word' id='word_1_577' title='bbox 1218 4904 1384 4960; x_wconf 88' lang='lat' dir='ltr'><strong>opera</strong></span> <span class='ocrx_word' id='word_1_578' title='bbox 1417 4903 1473 4949; x_wconf 89' lang='lat' dir='ltr'><strong>et</strong></span> <span class='ocrx_word' id='word_1_579' title='bbox 1513 4896 1678 4952; x_wconf 91' lang='lat' dir='ltr'><strong>verba</strong></span> <span class='ocrx_word' id='word_1_580' title='bbox 1700 4909 1867 4959; x_wconf 71' lang='lat' dir='ltr'><strong>,sunt.</strong></span> <span class='ocrx_word' id='word_1_581' title='bbox 1902 4901 2092 4974; x_wconf 86' lang='lat' dir='ltr'><strong>Neque</strong></span> 
     </span>
    </p>
   </div>
   <div class='ocr_carea' id='block_1_82' title="bbox 502 4971 2090 5065">
    <p class='ocr_par' dir='ltr' id='par_1_82' title="bbox 502 4971 2090 5065">
     <span class='ocr_line' id='line_1_82' title="bbox 502 4971 2090 5065; baseline 0.018 -41"><span class='ocrx_word' id='word_1_582' title='bbox 502 4971 664 5065; x_wconf 10' lang='lat' dir='ltr'><strong>enim;</strong></span> <span class='ocrx_word' id='word_1_583' title='bbox 684 4988 791 5029; x_wconf 85' lang='lat' dir='ltr'><strong>nos</strong></span> <span class='ocrx_word' id='word_1_584' title='bbox 814 4974 1035 5032; x_wconf 89' lang='lat' dir='ltr'><strong>aliunde</strong></span> <span class='ocrx_word' id='word_1_585' title='bbox 1062 4994 1358 5048; x_wconf 88' lang='lat' dir='ltr'><strong>possumus</strong></span> <span class='ocrx_word' id='word_1_586' title='bbox 1377 4999 1619 5057; x_wconf 82' lang='lat' dir='ltr'><strong>pugnare</strong></span> <span class='ocrx_word' id='word_1_587' title='bbox 1645 4989 1878 5059; x_wconf 88' lang='lat' dir='ltr'><strong>felicius,</strong></span> <span class='ocrx_word' id='word_1_588' title='bbox 1912 4971 2090 5065; x_wconf 58' lang='lat' dir='ltr'><strong>uetitte</strong></span> 
     </span>
    </p>
   </div>
   <div class='ocr_carea' id='block_1_83' title="bbox 502 5062 2082 5156">
    <p class='ocr_par' dir='ltr' id='par_1_83' title="bbox 502 5062 2082 5156">
     <span class='ocr_line' id='line_1_83' title="bbox 502 5062 2082 5156; baseline 0.016 -40"><span class='ocrx_word' id='word_1_589' title='bbox 502 5062 1131 5156; x_wconf 76' lang='lat' dir='ltr'><strong>hostibusquidquam,</strong></span> <span class='ocrx_word' id='word_1_590' title='bbox 1180 5088 1343 5143; x_wconf 88' lang='lat' dir='ltr'><strong>quam</strong></span> <span class='ocrx_word' id='word_1_591' title='bbox 1387 5074 1518 5132; x_wconf 90' lang='lat' dir='ltr'><strong>inde</strong></span> <span class='ocrx_word' id='word_1_592' title='bbox 1561 5094 1667 5135; x_wconf 87' lang='lat' dir='ltr'><strong>nos</strong></span> <span class='ocrx_word' id='word_1_593' title='bbox 1733 5062 2082 5156; x_wconf 78' lang='lat' dir='ltr'><strong>oppugnare,</strong></span> 
     </span>
    </p>
   </div>
   <div class='ocr_carea' id='block_1_84' title="bbox 501 5154 2082 5247">
    <p class='ocr_par' dir='ltr' id='par_1_84' title="bbox 501 5154 2082 5247">
     <span class='ocr_line' id='line_1_84' title="bbox 501 5154 2082 5247; baseline 0.016 -39"><span class='ocrx_word' id='word_1_594' title='bbox 501 5154 678 5227; x_wconf 85' lang='lat' dir='ltr'><strong>magis</strong></span> <span class='ocrx_word' id='word_1_595' title='bbox 724 5157 948 5215; x_wconf 83' lang='lat' dir='ltr'><strong>obvium</strong></span> <span class='ocrx_word' id='word_1_596' title='bbox 983 5169 1089 5231; x_wconf 89' lang='lat' dir='ltr'><strong>est,</strong></span> <span class='ocrx_word' id='word_1_597' title='bbox 1132 5179 1312 5236; x_wconf 87' lang='lat' dir='ltr'><strong>neque</strong></span> <span class='ocrx_word' id='word_1_598' title='bbox 1350 5166 1546 5224; x_wconf 89' lang='lat' dir='ltr'><strong>iisdem</strong></span> <span class='ocrx_word' id='word_1_599' title='bbox 1594 5170 1702 5228; x_wconf 88' lang='lat' dir='ltr'><strong>ulla</strong></span> <span class='ocrx_word' id='word_1_600' title='bbox 1747 5154 2082 5247; x_wconf 11' lang='lat' dir='ltr'><strong>alia,ﬁquam</strong></span> 
     </span>
    </p>
   </div>
   <div class='ocr_carea' id='block_1_85' title="bbox 2190 3325 3788 3398">
    <p class='ocr_par' dir='ltr' id='par_1_85' title="bbox 2190 3325 3788 3398">
     <span class='ocr_line' id='line_1_85' title="bbox 2190 3325 3788 3398; baseline 0 -17"><span class='ocrx_word' id='word_1_601' title='bbox 2190 3325 2605 3397; x_wconf 80' lang='grc' dir='ltr'><strong>ἁμαρτάνομεν,</strong></span> <span class='ocrx_word' id='word_1_602' title='bbox 2642 3326 3036 3397; x_wconf 72' lang='grc' dir='ltr'>εὐμενέστερον</span> <span class='ocrx_word' id='word_1_603' title='bbox 3060 3326 3117 3380; x_wconf 82' lang='grc' dir='ltr'>δὲ</span> <span class='ocrx_word' id='word_1_604' title='bbox 3140 3325 3520 3397; x_wconf 83' lang='grc' dir='ltr'>διατιθεμένης</span> <span class='ocrx_word' id='word_1_605' title='bbox 3546 3327 3616 3381; x_wconf 90' lang='grc' dir='ltr'><strong>τά</strong></span> <span class='ocrx_word' id='word_1_606' title='bbox 3638 3326 3788 3398; x_wconf 70' lang='grc' dir='ltr'><strong>ἠμέ-</strong></span> 
     </span>
    </p>
   </div>
   <div class='ocr_carea' id='block_1_86' title="bbox 2189 3415 3787 3489">
    <p class='ocr_par' dir='ltr' id='par_1_86' title="bbox 2189 3415 3787 3489">
     <span class='ocr_line' id='line_1_86' title="bbox 2189 3415 3787 3489; baseline 0.001 -19"><span class='ocrx_word' id='word_1_607' title='bbox 2189 3433 2349 3489; x_wconf 87' lang='grc' dir='ltr'>τερα,</span> <span class='ocrx_word' id='word_1_608' title='bbox 2390 3417 2485 3470; x_wconf 73' lang='grc' dir='ltr'><strong>καὶ</strong></span> <span class='ocrx_word' id='word_1_609' title='bbox 2523 3416 2622 3488; x_wconf 82' lang='grc' dir='ltr'>τήν</span> <span class='ocrx_word' id='word_1_610' title='bbox 2655 3415 3003 3488; x_wconf 82' lang='grc' dir='ltr'>ἀνθρωπίνην</span> <span class='ocrx_word' id='word_1_611' title='bbox 3032 3417 3128 3471; x_wconf 61' lang='grc' dir='ltr'><strong>καί⁸</strong></span> <span class='ocrx_word' id='word_1_612' title='bbox 3164 3417 3406 3472; x_wconf 85' lang='grc' dir='ltr'>ἀναίτιον</span> <span class='ocrx_word' id='word_1_613' title='bbox 3449 3415 3620 3489; x_wconf 79' lang='grc' dir='ltr'>ὀργὴν</span> <span class='ocrx_word' id='word_1_614' title='bbox 3659 3418 3787 3471; x_wconf 79' lang='grc' dir='ltr'>δια-</span> 
     </span>
    </p>
   </div>
   <div class='ocr_carea' id='block_1_87' title="bbox 2190 3508 3783 3582">
    <p class='ocr_par' dir='ltr' id='par_1_87' title="bbox 2190 3508 3783 3582">
     <span class='ocr_line' id='line_1_87' title="bbox 2190 3508 3783 3582; baseline 0.002 -20"><span class='ocrx_word' id='word_1_615' title='bbox 2190 3508 2425 3579; x_wconf 82' lang='grc' dir='ltr'>λυούσης</span> <span class='ocrx_word' id='word_1_616' title='bbox 2453 3510 2534 3572; x_wconf 86' lang='grc' dir='ltr'><strong>είς</strong></span> <span class='ocrx_word' id='word_1_617' title='bbox 2565 3509 2877 3580; x_wconf 84' lang='grc' dir='ltr'>πραότητα,</span> <span class='ocrx_word' id='word_1_618' title='bbox 2912 3509 2974 3562; x_wconf 82' lang='grc' dir='ltr'><strong>τὸ</strong></span> <span class='ocrx_word' id='word_1_619' title='bbox 3015 3508 3137 3563; x_wconf 84' lang='grc' dir='ltr'>κατ’</span> <span class='ocrx_word' id='word_1_620' title='bbox 3183 3509 3361 3582; x_wconf 81' lang='grc' dir='ltr'>ἀρχὰς</span> <span class='ocrx_word' id='word_1_621' title='bbox 3386 3508 3630 3582; x_wconf 70' lang='grc' dir='ltr'>ξαίτηθὲν</span> <span class='ocrx_word' id='word_1_622' title='bbox 3660 3510 3783 3581; x_wconf 63' lang='lat'><strong>(85)</strong></span> 
     </span>
    </p>
   </div>
   <div class='ocr_carea' id='block_1_88' title="bbox 2190 3600 3783 3674">
    <p class='ocr_par' dir='ltr' id='par_1_88' title="bbox 2190 3600 3783 3674">
     <span class='ocr_line' id='line_1_88' title="bbox 2190 3600 3783 3674; baseline 0.001 -19"><span class='ocrx_word' id='word_1_623' title='bbox 2190 3603 2312 3665; x_wconf 86' lang='grc' dir='ltr'>ταῖς</span> <span class='ocrx_word' id='word_1_624' title='bbox 2341 3604 2463 3666; x_wconf 91' lang='grc' dir='ltr'>σαῖς</span> <span class='ocrx_word' id='word_1_625' title='bbox 2489 3601 2648 3673; x_wconf 78' lang='grc' dir='ltr'>χερσὶ</span> <span class='ocrx_word' id='word_1_626' title='bbox 2682 3600 3085 3673; x_wconf 85' lang='grc' dir='ltr'>περιενεχθείη,</span> <span class='ocrx_word' id='word_1_627' title='bbox 3123 3603 3289 3674; x_wconf 75' lang='grc' dir='ltr'>μηδὲν</span> <span class='ocrx_word' id='word_1_628' title='bbox 3322 3602 3613 3674; x_wconf 81' lang='grc' dir='ltr'>θαυμάσῃς</span> <span class='ocrx_word' id='word_1_629' title='bbox 3638 3602 3783 3657; x_wconf 86' lang='grc' dir='ltr'>ἀνα-</span> 
     </span>
    </p>
   </div>
   <div class='ocr_carea' id='block_1_89' title="bbox 2192 3695 3786 3769">
    <p class='ocr_par' dir='ltr' id='par_1_89' title="bbox 2192 3695 3786 3769">
     <span class='ocr_line' id='line_1_89' title="bbox 2192 3695 3786 3769; baseline 0.001 -20"><span class='ocrx_word' id='word_1_630' title='bbox 2192 3695 2505 3765; x_wconf 87' lang='grc' dir='ltr'>λεγόμενος,</span> <span class='ocrx_word' id='word_1_631' title='bbox 2537 3697 2587 3749; x_wconf 87' lang='grc' dir='ltr'><strong>εί</strong></span> <span class='ocrx_word' id='word_1_632' title='bbox 2623 3696 2738 3764; x_wconf 86' lang='grc'><strong>(85)</strong></span> <span class='ocrx_word' id='word_1_633' title='bbox 2767 3697 2837 3750; x_wconf 88' lang='grc' dir='ltr'><strong>τά</strong></span> <span class='ocrx_word' id='word_1_634' title='bbox 2861 3695 3035 3750; x_wconf 89' lang='grc' dir='ltr'>πλείω</span> <span class='ocrx_word' id='word_1_635' title='bbox 3062 3695 3172 3750; x_wconf 84' lang='grc' dir='ltr'><strong>τῶν</strong></span> <span class='ocrx_word' id='word_1_636' title='bbox 3204 3699 3263 3751; x_wconf 81' lang='grc' dir='ltr'><strong>ὲν</strong></span> <span class='ocrx_word' id='word_1_637' title='bbox 3297 3696 3449 3769; x_wconf 82' lang='grc' dir='ltr'><strong>αὐτῷ</strong></span> <span class='ocrx_word' id='word_1_638' title='bbox 3491 3696 3786 3752; x_wconf 78' lang='grc' dir='ltr'>κάνταῦθα</span> 
     </span>
    </p>
   </div>
   <div class='ocr_carea' id='block_1_90' title="bbox 2193 3785 3782 3860">
    <p class='ocr_par' dir='ltr' id='par_1_90' title="bbox 2193 3785 3782 3860">
     <span class='ocr_line' id='line_1_90' title="bbox 2193 3785 3782 3860; baseline 0.002 -21"><span class='ocrx_word' id='word_1_639' title='bbox 2193 3785 2695 3859; x_wconf 82' lang='grc' dir='ltr'>συμπεριείληπται</span> <span class='ocrx_word' id='word_1_640' title='bbox 2720 3828 2737 3853; x_wconf 95' lang='grc'><strong>,</strong></span> <span class='ocrx_word' id='word_1_641' title='bbox 2763 3786 2903 3840; x_wconf 89' lang='grc' dir='ltr'><strong>ἀλλά</strong></span> <span class='ocrx_word' id='word_1_642' title='bbox 2931 3786 3243 3841; x_wconf 82' lang='grc' dir='ltr'>τούναντίον</span> <span class='ocrx_word' id='word_1_643' title='bbox 3286 3788 3335 3841; x_wconf 87' lang='grc' dir='ltr'><strong>εί</strong></span> <span class='ocrx_word' id='word_1_644' title='bbox 3381 3788 3459 3859; x_wconf 82' lang='grc' dir='ltr'><strong>μὴ</strong></span> <span class='ocrx_word' id='word_1_645' title='bbox 3492 3790 3782 3860; x_wconf 81' lang='grc' dir='ltr'>παρεῖται.</span> 
     </span>
    </p>
   </div>
   <div class='ocr_carea' id='block_1_91' title="bbox 2196 3878 3785 3952">
    <p class='ocr_par' dir='ltr' id='par_1_91' title="bbox 2196 3878 3785 3952">
     <span class='ocr_line' id='line_1_91' title="bbox 2196 3878 3785 3952; baseline 0.001 -18"><span class='ocrx_word' id='word_1_646' title='bbox 2196 3879 2350 3951; x_wconf 82' lang='grc' dir='ltr'>Λήθη</span> <span class='ocrx_word' id='word_1_647' title='bbox 2396 3879 2506 3951; x_wconf 84' lang='grc' dir='ltr'>γὰρ</span> <span class='ocrx_word' id='word_1_648' title='bbox 2554 3878 2817 3943; x_wconf 82' lang='grc' dir='ltr'>πολλάκις</span> <span class='ocrx_word' id='word_1_649' title='bbox 2868 3879 2964 3933; x_wconf 83' lang='grc' dir='ltr'><strong>καὶ</strong></span> <span class='ocrx_word' id='word_1_650' title='bbox 3012 3880 3122 3934; x_wconf 84' lang='grc' dir='ltr'><strong>τῶν</strong></span> <span class='ocrx_word' id='word_1_651' title='bbox 3172 3880 3400 3952; x_wconf 83' lang='grc' dir='ltr'>ἄμεινον</span> <span class='ocrx_word' id='word_1_652' title='bbox 3446 3882 3645 3935; x_wconf 76' lang='grc' dir='ltr'>εἰδέναι</span> <span class='ocrx_word' id='word_1_653' title='bbox 3681 3882 3785 3935; x_wconf 73' lang='grc' dir='ltr'>καὶ</span> 
     </span>
    </p>
   </div>
   <div class='ocr_carea' id='block_1_92' title="bbox 2193 3971 3785 4045">
    <p class='ocr_par' dir='ltr' id='par_1_92' title="bbox 2193 3971 3785 4045">
     <span class='ocr_line' id='line_1_92' title="bbox 2193 3971 3785 4045; baseline 0.002 -20"><span class='ocrx_word' id='word_1_654' title='bbox 2193 3974 2304 4025; x_wconf 84' lang='grc' dir='ltr'><strong>τῶν</strong></span> <span class='ocrx_word' id='word_1_655' title='bbox 2335 3971 2654 4042; x_wconf 84' lang='grc' dir='ltr'>ἀναγκαίων</span> <span class='ocrx_word' id='word_1_656' title='bbox 2692 3971 3062 4044; x_wconf 69' lang='grc' dir='ltr'>ἐπεκράτησε,</span> <span class='ocrx_word' id='word_1_657' title='bbox 3098 3972 3335 4043; x_wconf 85' lang='grc' dir='ltr'>μάλιστά</span> <span class='ocrx_word' id='word_1_658' title='bbox 3361 3989 3425 4042; x_wconf 89' lang='grc' dir='ltr'>γε</span> <span class='ocrx_word' id='word_1_659' title='bbox 3450 3974 3785 4045; x_wconf 89' lang='grc' dir='ltr'>συμμαχίαν</span> 
     </span>
    </p>
   </div>
   <div class='ocr_carea' id='block_1_93' title="bbox 2193 4048 3786 4138">
    <p class='ocr_par' dir='ltr' id='par_1_93' title="bbox 2193 4048 3786 4138">
     <span class='ocr_line' id='line_1_93' title="bbox 2193 4048 3786 4138; baseline 0.003 -20"><span class='ocrx_word' id='word_1_660' title='bbox 2193 4064 2294 4136; x_wconf 83' lang='grc' dir='ltr'><strong>τὴν</strong></span> <span class='ocrx_word' id='word_1_661' title='bbox 2318 4065 2384 4117; x_wconf 79' lang='grc' dir='ltr'>ἐκ</span> <span class='ocrx_word' id='word_1_662' title='bbox 2406 4064 2516 4118; x_wconf 84' lang='grc' dir='ltr'><strong>τῶν</strong></span> <span class='ocrx_word' id='word_1_663' title='bbox 2554 4063 2842 4135; x_wconf 88' lang='grc' dir='ltr'>παρόντων</span> <span class='ocrx_word' id='word_1_664' title='bbox 2867 4065 2917 4118; x_wconf 91' lang='grc' dir='ltr'><strong>εί</strong></span> <span class='ocrx_word' id='word_1_665' title='bbox 2940 4066 3323 4135; x_wconf 88' lang='grc' dir='ltr'>συνεπάγοιτο.</span> <span class='ocrx_word' id='word_1_666' title='bbox 3365 4066 3435 4119; x_wconf 81' lang='grc' dir='ltr'>Ἀ</span> <span class='ocrx_word' id='word_1_667' title='bbox 3445 4084 3520 4136; x_wconf 84' lang='grc' dir='ltr'>μα</span> <span class='ocrx_word' id='word_1_668' title='bbox 3546 4048 3603 4120; x_wconf 67' lang='grc' dir='ltr'>δέ</span> <span class='ocrx_word' id='word_1_669' title='bbox 3636 4068 3786 4138; x_wconf 66' lang='grc' dir='ltr'>μηδὲ</span> 
     </span>
    </p>
   </div>
   <div class='ocr_carea' id='block_1_94' title="bbox 2193 4155 3785 4231">
    <p class='ocr_par' dir='ltr' id='par_1_94' title="bbox 2193 4155 3785 4231">
     <span class='ocr_line' id='line_1_94' title="bbox 2193 4155 3785 4231; baseline 0.002 -21"><span class='ocrx_word' id='word_1_670' title='bbox 2193 4157 2369 4210; x_wconf 77' lang='grc' dir='ltr'>ἐκεῖνο</span> <span class='ocrx_word' id='word_1_671' title='bbox 2402 4155 2544 4210; x_wconf 86' lang='grc' dir='ltr'>δίδου</span> <span class='ocrx_word' id='word_1_672' title='bbox 2582 4156 2857 4229; x_wconf 77' lang='grc' dir='ltr'>παρορᾷν,</span> <span class='ocrx_word' id='word_1_673' title='bbox 2889 4156 2973 4211; x_wconf 84' lang='grc' dir='ltr'>ὅτι</span> <span class='ocrx_word' id='word_1_674' title='bbox 3009 4158 3084 4227; x_wconf 83' lang='grc' dir='ltr'><strong>μὴ</strong></span> <span class='ocrx_word' id='word_1_675' title='bbox 3126 4158 3389 4229; x_wconf 85' lang='grc' dir='ltr'>προάγειν</span> <span class='ocrx_word' id='word_1_676' title='bbox 3418 4157 3587 4228; x_wconf 77' lang='grc' dir='ltr'>ἄλλην</span> <span class='ocrx_word' id='word_1_677' title='bbox 3626 4176 3785 4231; x_wconf 83' lang='grc' dir='ltr'>πρα-</span> 
     </span>
    </p>
   </div>
   <div class='ocr_carea' id='block_1_95' title="bbox 2193 4246 3787 4323">
    <p class='ocr_par' dir='ltr' id='par_1_95' title="bbox 2193 4246 3787 4323">
     <span class='ocr_line' id='line_1_95' title="bbox 2193 4246 3787 4323; baseline 0.003 -22"><span class='ocrx_word' id='word_1_678' title='bbox 2193 4248 2484 4320; x_wconf 87' lang='grc' dir='ltr'>γματείαν,</span> <span class='ocrx_word' id='word_1_679' title='bbox 2532 4246 2680 4312; x_wconf 78' lang='grc' dir='ltr'>ἀλλ’,</span> <span class='ocrx_word' id='word_1_680' title='bbox 2717 4247 2793 4311; x_wconf 92' lang='grc' dir='ltr'><strong>ώς</strong></span> <span class='ocrx_word' id='word_1_681' title='bbox 2843 4248 2903 4301; x_wconf 84' lang='grc' dir='ltr'><strong>ὲν</strong></span> <span class='ocrx_word' id='word_1_682' title='bbox 2934 4248 3196 4321; x_wconf 79' lang='grc' dir='ltr'>ἀπόροις,</span> <span class='ocrx_word' id='word_1_683' title='bbox 3231 4250 3331 4322; x_wconf 84' lang='grc' dir='ltr'><strong>τῆς</strong></span> <span class='ocrx_word' id='word_1_684' title='bbox 3366 4251 3787 4323; x_wconf 78' lang='grc' dir='ltr'>ὲστερουμένης</span> 
     </span>
    </p>
   </div>
   <div class='ocr_carea' id='block_1_96' title="bbox 2192 4337 3786 4415">
    <p class='ocr_par' dir='ltr' id='par_1_96' title="bbox 2192 4337 3786 4415">
     <span class='ocr_line' id='line_1_96' title="bbox 2192 4337 3786 4415; baseline 0.002 -20"><span class='ocrx_word' id='word_1_685' title='bbox 2192 4339 2546 4413; x_wconf 83' lang='grc' dir='ltr'>παραμύθιον</span> <span class='ocrx_word' id='word_1_686' title='bbox 2574 4337 2673 4393; x_wconf 84' lang='grc' dir='ltr'><strong>καὶ</strong></span> <span class='ocrx_word' id='word_1_687' title='bbox 2698 4337 2870 4412; x_wconf 83' lang='grc' dir='ltr'>λήθης</span> <span class='ocrx_word' id='word_1_688' title='bbox 2900 4341 3193 4413; x_wconf 78' lang='grc' dir='ltr'>φάρμακον</span> <span class='ocrx_word' id='word_1_689' title='bbox 3222 4343 3439 4409; x_wconf 78' lang='grc' dir='ltr'>ἑαυτοῖς</span> <span class='ocrx_word' id='word_1_690' title='bbox 3471 4345 3567 4400; x_wconf 77' lang='grc' dir='ltr'><strong>καὶ</strong></span> <span class='ocrx_word' id='word_1_691' title='bbox 3598 4345 3786 4415; x_wconf 80' lang='grc' dir='ltr'>φίλοις</span> 
     </span>
    </p>
   </div>
   <div class='ocr_carea' id='block_1_97' title="bbox 2194 4431 2630 4502">
    <p class='ocr_par' dir='ltr' id='par_1_97' title="bbox 2194 4431 2630 4502">
     <span class='ocr_line' id='line_1_97' title="bbox 2194 4431 2630 4502; baseline -0.005 -16"><span class='ocrx_word' id='word_1_692' title='bbox 2194 4431 2630 4502; x_wconf 81' lang='grc' dir='ltr'>ἀντεισάγοντες.</span> 
     </span>
    </p>
   </div>
   <div class='ocr_carea' id='block_1_98' title="bbox 2259 4793 3781 4881">
    <p class='ocr_par' dir='ltr' id='par_1_98' title="bbox 2259 4793 3781 4881">
     <span class='ocr_line' id='line_1_98' title="bbox 2259 4793 3781 4881; baseline 0.004 -20"><span class='ocrx_word' id='word_1_693' title='bbox 2259 4806 2336 4861; x_wconf 86' lang='grc' dir='ltr'><strong>Β’.</strong></span> <span class='ocrx_word' id='word_1_694' title='bbox 2389 4806 2557 4881; x_wconf 75' lang='grc' dir='ltr'>Ἀρχὴ</span> <span class='ocrx_word' id='word_1_695' title='bbox 2584 4808 2642 4863; x_wconf 68' lang='grc' dir='ltr'>δὲ</span> <span class='ocrx_word' id='word_1_696' title='bbox 2671 4809 2807 4881; x_wconf 79' lang='grc' dir='ltr'>ήμῖν</span> <span class='ocrx_word' id='word_1_697' title='bbox 2831 4808 2934 4880; x_wconf 75' lang='grc' dir='ltr'><strong>τῆς</strong></span> <span class='ocrx_word' id='word_1_698' title='bbox 2975 4793 3267 4865; x_wconf 61' lang='grc' dir='ltr'>κατά’τῶν</span> <span class='ocrx_word' id='word_1_699' title='bbox 3315 4808 3631 4864; x_wconf 81' lang='grc' dir='ltr'>ἀντιπάλων</span> <span class='ocrx_word' id='word_1_700' title='bbox 3660 4830 3781 4867; x_wconf 87' lang='grc' dir='ltr'>πα-</span> 
     </span>
    </p>
   </div>
   <div class='ocr_carea' id='block_1_99' title="bbox 2189 4900 3785 4973">
    <p class='ocr_par' dir='ltr' id='par_1_99' title="bbox 2189 4900 3785 4973">
     <span class='ocr_line' id='line_1_99' title="bbox 2189 4900 3785 4973; baseline 0.002 -19"><span class='ocrx_word' id='word_1_701' title='bbox 2189 4900 2488 4973; x_wconf 81' lang='grc' dir='ltr'>ρατάξεως,</span> <span class='ocrx_word' id='word_1_702' title='bbox 2504 4901 2647 4956; x_wconf 82' lang='grc' dir='ltr'><strong>αὐτά</strong></span> <span class='ocrx_word' id='word_1_703' title='bbox 2665 4901 2733 4954; x_wconf 86' lang='grc' dir='ltr'>τά</span> <span class='ocrx_word' id='word_1_704' title='bbox 2756 4900 3064 4955; x_wconf 87' lang='grc' dir='ltr'>Δεσποτικά</span> <span class='ocrx_word' id='word_1_705' title='bbox 3090 4900 3229 4971; x_wconf 77' lang='grc' dir='ltr'>ἔργα</span> <span class='ocrx_word' id='word_1_706' title='bbox 3250 4901 3343 4955; x_wconf 79' lang='grc' dir='ltr'><strong>καὶ</strong></span> <span class='ocrx_word' id='word_1_707' title='bbox 3363 4902 3606 4973; x_wconf 82' lang='grc' dir='ltr'><strong>ῥήματα.</strong></span> <span class='ocrx_word' id='word_1_708' title='bbox 3630 4902 3785 4957; x_wconf 77' lang='grc' dir='ltr'><strong>Οὔτε</strong></span> 
     </span>
    </p>
   </div>
   <div class='ocr_carea' id='block_1_100' title="bbox 2188 4990 3784 5065">
    <p class='ocr_par' dir='ltr' id='par_1_100' title="bbox 2188 4990 3784 5065">
     <span class='ocr_line' id='line_1_100' title="bbox 2188 4990 3784 5065; baseline 0.003 -19"><span class='ocrx_word' id='word_1_709' title='bbox 2188 4992 2299 5065; x_wconf 86' lang='grc' dir='ltr'>γὰρ</span> <span class='ocrx_word' id='word_1_710' title='bbox 2328 4993 2462 5064; x_wconf 87' lang='grc' dir='ltr'>ήμῖν</span> <span class='ocrx_word' id='word_1_711' title='bbox 2516 4991 2813 5063; x_wconf 89' lang='grc' dir='ltr'>ἀλλαχόθεν</span> <span class='ocrx_word' id='word_1_712' title='bbox 2868 4990 3296 5063; x_wconf 88' lang='grc' dir='ltr'>στρατηγεῖσθαι</span> <span class='ocrx_word' id='word_1_713' title='bbox 3350 4991 3585 5063; x_wconf 81' lang='grc' dir='ltr'>βέλτιον,</span> <span class='ocrx_word' id='word_1_714' title='bbox 3642 4994 3784 5050; x_wconf 77' lang='grc' dir='ltr'>οὔτε</span> 
     </span>
    </p>
   </div>
   <div class='ocr_carea' id='block_1_101' title="bbox 2187 5080 3788 5155">
    <p class='ocr_par' dir='ltr' id='par_1_101' title="bbox 2187 5080 3788 5155">
     <span class='ocr_line' id='line_1_101' title="bbox 2187 5080 3788 5155; baseline 0.002 -20"><span class='ocrx_word' id='word_1_715' title='bbox 2187 5083 2301 5146; x_wconf 87' lang='grc' dir='ltr'>τοῖς</span> <span class='ocrx_word' id='word_1_716' title='bbox 2334 5081 2618 5153; x_wconf 78' lang='grc' dir='ltr'>πολεμίοις</span> <span class='ocrx_word' id='word_1_717' title='bbox 2643 5080 2859 5153; x_wconf 84' lang='grc' dir='ltr'>βάλλειν</span> <span class='ocrx_word' id='word_1_718' title='bbox 2883 5080 3307 5155; x_wconf 84' lang='grc' dir='ltr'>εὐστοχώτερον,</span> <span class='ocrx_word' id='word_1_719' title='bbox 3337 5082 3456 5137; x_wconf 79' lang='grc' dir='ltr'>ἀλλ’</span> <span class='ocrx_word' id='word_1_720' title='bbox 3478 5084 3602 5137; x_wconf 81' lang='grc' dir='ltr'><strong>οὐδὲ</strong></span> <span class='ocrx_word' id='word_1_721' title='bbox 3628 5085 3788 5140; x_wconf 77' lang='grc' dir='ltr'>ὲκεί-</span> 
     </span>
    </p>
   </div>
   <div class='ocr_carea' id='block_1_102' title="bbox 2187 5174 3788 5251">
    <p class='ocr_par' dir='ltr' id='par_1_102' title="bbox 2187 5174 3788 5251">
     <span class='ocr_line' id='line_1_102' title="bbox 2187 5174 3788 5251; baseline 0.001 -19"><span class='ocrx_word' id='word_1_722' title='bbox 2187 5195 2313 5242; x_wconf 89' lang='grc' dir='ltr'>νους</span> <span class='ocrx_word' id='word_1_723' title='bbox 2348 5175 2570 5232; x_wconf 77' lang='grc' dir='ltr'>πίπτειν</span> <span class='ocrx_word' id='word_1_724' title='bbox 2600 5174 2977 5249; x_wconf 75' lang='grc' dir='ltr'>φοϐερώτερον</span> <span class='ocrx_word' id='word_1_725' title='bbox 3004 5176 3041 5248; x_wconf 75' lang='grc' dir='ltr'><strong>ἢ</strong></span> <span class='ocrx_word' id='word_1_726' title='bbox 3069 5177 3421 5250; x_wconf 83' lang='grc' dir='ltr'>ἀθλιώτερον.</span> <span class='ocrx_word' id='word_1_727' title='bbox 3464 5179 3609 5251; x_wconf 85' lang='grc' dir='ltr'>’Ὅρα</span> <span class='ocrx_word' id='word_1_728' title='bbox 3636 5178 3788 5248; x_wconf 78' lang='grc' dir='ltr'>γοῦν</span> 
     </span>
    </p>
   </div>
   <div class='ocr_carea' id='block_1_103' title="bbox 1580 5344 2606 5415">
    <p class='ocr_par' dir='ltr' id='par_1_103' title="bbox 1580 5344 2606 5415">
     <span class='ocr_line' id='line_1_103' title="bbox 1580 5344 2606 5415; baseline 0.014 -14"><span class='ocrx_word' id='word_1_729' title='bbox 1580 5344 1818 5407; x_wconf 68' lang='lat' dir='ltr'><strong>VARIAB</strong></span> <span class='ocrx_word' id='word_1_730' title='bbox 1850 5351 2234 5413; x_wconf 82' lang='lat' dir='ltr'><strong>LECTIONES</strong></span> <span class='ocrx_word' id='word_1_731' title='bbox 2259 5357 2348 5413; x_wconf 88' lang='lat' dir='ltr'><strong>ET</strong></span> <span class='ocrx_word' id='word_1_732' title='bbox 2370 5356 2606 5415; x_wconf 67' lang='lat' dir='ltr'><strong>NOTAE.</strong></span> 
     </span>
    </p>
   </div>
   <div class='ocr_carea' id='block_1_104' title="bbox 569 5506 990 5580">
    <p class='ocr_par' dir='ltr' id='par_1_104' title="bbox 569 5506 990 5580">
     <span class='ocr_line' id='line_1_104' title="bbox 569 5506 990 5580; baseline 0.005 -2"><span class='ocrx_word' id='word_1_733' title='bbox 569 5507 686 5580; x_wconf 66' lang='lat'><strong>(85)</strong></span> <span class='ocrx_word' id='word_1_734' title='bbox 722 5506 990 5580; x_wconf 69' lang='grc' dir='ltr'><strong>ῗΑρπαῖὴ</strong></span> 
     </span>
    </p>
   </div>
   <div class='ocr_carea' id='block_1_105' title="bbox 498 5577 2085 5656">
    <p class='ocr_par' dir='ltr' id='par_1_105' title="bbox 498 5577 2085 5656">
     <span class='ocr_line' id='line_1_105' title="bbox 498 5577 2085 5656; baseline 0.006 -23"><span class='ocrx_word' id='word_1_735' title='bbox 498 5577 784 5656; x_wconf 57' lang='lat' dir='ltr'><strong>acciderit,</strong></span> <span class='ocrx_word' id='word_1_736' title='bbox 833 5579 1127 5656; x_wconf 60' lang='lat' dir='ltr'><strong>difﬁculter</strong></span> <span class='ocrx_word' id='word_1_737' title='bbox 1161 5580 1328 5656; x_wconf 87' lang='lat' dir='ltr'><strong>_forte</strong></span> <span class='ocrx_word' id='word_1_738' title='bbox 1373 5577 1688 5656; x_wconf 80' lang='lat' dir='ltr'><strong>conjectura</strong></span> <span class='ocrx_word' id='word_1_739' title='bbox 1751 5587 2085 5656; x_wconf 78' lang='lat' dir='ltr'><strong>assequaris.</strong></span> 
     </span>
    </p>
   </div>
   <div class='ocr_carea' id='block_1_106' title="bbox 1030 5509 3784 5591">
    <p class='ocr_par' dir='ltr' id='par_1_106' title="bbox 1030 5509 3784 5591">
     <span class='ocr_line' id='line_1_106' title="bbox 1030 5509 3784 5591; baseline 0.007 -29"><span class='ocrx_word' id='word_1_740' title='bbox 1030 5509 1150 5591; x_wconf 57' lang='grc' dir='ltr'><strong>τῶν</strong></span> <span class='ocrx_word' id='word_1_741' title='bbox 1181 5510 1458 5591; x_wconf 61' lang='grc' dir='ltr'>βιβλίων.</span> <span class='ocrx_word' id='word_1_742' title='bbox 1483 5511 1723 5591; x_wconf 69' lang='lat' dir='ltr'><strong>Quando</strong></span> <span class='ocrx_word' id='word_1_743' title='bbox 1760 5514 1848 5570; x_wconf 90' lang='lat' dir='ltr'><strong>illa</strong></span> <span class='ocrx_word' id='word_1_744' title='bbox 1879 5516 2074 5591; x_wconf 81' lang='lat' dir='ltr'><strong>Photio</strong></span> <span class='ocrx_word' id='word_1_745' title='bbox 2181 5518 2593 5591; x_wconf 27' lang='lat' dir='ltr'><strong>posteriore,‘in</strong></span> <span class='ocrx_word' id='word_1_746' title='bbox 2616 5534 2745 5589; x_wconf 87' lang='lat' dir='ltr'><strong>qua,</strong></span> <span class='ocrx_word' id='word_1_747' title='bbox 2779 5534 3061 5590; x_wconf 88' lang='lat' dir='ltr'><strong>nunquam</strong></span> <span class='ocrx_word' id='word_1_748' title='bbox 3091 5520 3337 5591; x_wconf 72' lang='lat' dir='ltr'><strong>pristinae</strong></span> <span class='ocrx_word' id='word_1_749' title='bbox 3372 5520 3505 5577; x_wconf 89' lang='lat' dir='ltr'><strong>sorti</strong></span> <span class='ocrx_word' id='word_1_750' title='bbox 3537 5521 3784 5580; x_wconf 84' lang='lat' dir='ltr'><strong>restitn-</strong></span> 
     </span>
    </p>
   </div>
   <div class='ocr_carea' id='block_1_107' title="bbox 2186 5588 3783 5671">
    <p class='ocr_par' dir='ltr' id='par_1_107' title="bbox 2186 5588 3783 5671">
     <span class='ocr_line' id='line_1_107' title="bbox 2186 5588 3783 5671; baseline 0.004 -27"><span class='ocrx_word' id='word_1_751' title='bbox 2186 5597 2294 5671; x_wconf 78' lang='lat' dir='ltr'><strong>tus,</strong></span> <span class='ocrx_word' id='word_1_752' title='bbox 2326 5589 2483 5671; x_wconf 56' lang='lat' dir='ltr'><strong>obiit,</strong></span> <span class='ocrx_word' id='word_1_753' title='bbox 2516 5588 2582 5671; x_wconf 42' lang='lat' dir='ltr'><strong>in.</strong></span> <span class='ocrx_word' id='word_1_754' title='bbox 2607 5588 2839 5671; x_wconf 75' lang='lat' dir='ltr'><strong>quadarn</strong></span> <span class='ocrx_word' id='word_1_755' title='bbox 2868 5588 3005 5671; x_wconf 79' lang='lat' dir='ltr'><strong>urbe</strong></span> <span class='ocrx_word' id='word_1_756' title='bbox 3037 5588 3447 5671; x_wconf 72' lang='lat' dir='ltr'><strong>Armeniorum,</strong></span> <span class='ocrx_word' id='word_1_757' title='bbox 3477 5607 3639 5661; x_wconf 88' lang='lat' dir='ltr'><strong>quam</strong></span> <span class='ocrx_word' id='word_1_758' title='bbox 3676 5609 3783 5651; x_wconf 86' lang='lat' dir='ltr'><strong>re-</strong></span> 
     </span>
    </p>
   </div>
   <div class='ocr_carea' id='block_1_108' title="bbox 500 5648 3524 5731">
    <p class='ocr_par' dir='ltr' id='par_1_108' title="bbox 500 5648 3524 5731">
     <span class='ocr_line' id='line_1_108' title="bbox 500 5648 3524 5731; baseline 0.004 -26"><span class='ocrx_word' id='word_1_759' title='bbox 500 5648 733 5731; x_wconf 80' lang='lat' dir='ltr'><strong>Constat</strong></span> <span class='ocrx_word' id='word_1_760' title='bbox 753 5649 977 5719; x_wconf 88' lang='lat' dir='ltr'><strong>quidem</strong></span> <span class='ocrx_word' id='word_1_761' title='bbox 1016 5648 1272 5731; x_wconf 63' lang='lat' dir='ltr'><strong>Pbgtium</strong></span> <span class='ocrx_word' id='word_1_762' title='bbox 1302 5652 1431 5708; x_wconf 88' lang='lat' dir='ltr'><strong>sede</strong></span> <span class='ocrx_word' id='word_1_763' title='bbox 1476 5648 1583 5731; x_wconf 73' lang='lat' dir='ltr'><strong>sua</strong></span> <span class='ocrx_word' id='word_1_764' title='bbox 1613 5648 1976 5731; x_wconf 55' lang='lat' dir='ltr'><strong>patriarcbali</strong></span> <span class='ocrx_word' id='word_1_765' title='bbox 2002 5658 2089 5713; x_wconf 90' lang='lat' dir='ltr'><strong>bis</strong></span> <span class='ocrx_word' id='word_1_766' title='bbox 2182 5648 2402 5731; x_wconf 72' lang='lat' dir='ltr'><strong>gionem</strong></span> <span class='ocrx_word' id='word_1_767' title='bbox 2433 5648 2760 5731; x_wconf 74' lang='lat' dir='ltr'><strong>Paulicianis</strong></span> <span class='ocrx_word' id='word_1_768' title='bbox 2788 5660 3101 5731; x_wconf 84' lang='lat' dir='ltr'><strong>abundasse</strong></span> <span class='ocrx_word' id='word_1_769' title='bbox 3131 5661 3273 5716; x_wconf 90' lang='lat' dir='ltr'><strong>liber</strong></span> <span class='ocrx_word' id='word_1_770' title='bbox 3298 5676 3314 5714; x_wconf 91' lang='grc' dir='ltr'><strong>ι</strong></span> <span class='ocrx_word' id='word_1_771' title='bbox 3343 5648 3524 5717; x_wconf 66' lang='lat' dir='ltr'><strong>docet.</strong></span> 
     </span>
    </p>
   </div>
   <div class='ocr_carea' id='block_1_109' title="bbox 500 5719 2085 5844">
    <p class='ocr_par' dir='ltr' id='par_1_109' title="bbox 500 5719 2085 5844">
     <span class='ocr_line' id='line_1_109' title="bbox 500 5719 2085 5844; baseline 0.006 -71"><span class='ocrx_word' id='word_1_772' title='bbox 500 5719 719 5844; x_wconf 54' lang='lat' dir='ltr'><strong>pulsum</strong></span> <span class='ocrx_word' id='word_1_773' title='bbox 744 5734 887 5783; x_wconf 89' lang='lat' dir='ltr'><strong>esse,</strong></span> <span class='ocrx_word' id='word_1_774' title='bbox 914 5735 1017 5775; x_wconf 91' lang='lat' dir='ltr'><strong>ceu</strong></span> <span class='ocrx_word' id='word_1_775' title='bbox 1045 5720 1334 5793; x_wconf 80' lang='lat' dir='ltr'><strong>diligenter</strong></span> <span class='ocrx_word' id='word_1_776' title='bbox 1356 5725 1583 5793; x_wconf 83' lang='lat' dir='ltr'><strong>exponit</strong></span> <span class='ocrx_word' id='word_1_777' title='bbox 1610 5719 1876 5780; x_wconf 73' lang='lat' dir='ltr'><strong>Martinus</strong></span> <span class='ocrx_word' id='word_1_778' title='bbox 1902 5725 2085 5783; x_wconf 87' lang='lat' dir='ltr'><strong>Hanc-</strong></span> 
     </span>
     <span class='ocr_line' id='line_1_110' title="bbox 540 5788 2078 5844; baseline 0.001 -1"><span class='ocrx_word' id='word_1_779' title='bbox 540 5790 647 5844; x_wconf 90' lang='lat' dir='ltr'><strong>ius.</strong></span> <span class='ocrx_word' id='word_1_780' title='bbox 678 5788 757 5843; x_wconf 86' lang='lat' dir='ltr'><strong>De</strong></span> <span class='ocrx_word' id='word_1_781' title='bbox 785 5788 1207 5844; x_wconf 81' lang='lat' dir='ltr'><strong>Buzantinarum</strong></span> <span class='ocrx_word' id='word_1_782' title='bbox 1238 5807 1413 5844; x_wconf 84' lang='lat' dir='ltr'><strong>rerum</strong></span> <span class='ocrx_word' id='word_1_783' title='bbox 1441 5790 1794 5844; x_wconf 70' lang='lat' dir='ltr'><strong>Scriptoribus</strong></span> <span class='ocrx_word' id='word_1_784' title='bbox 1821 5836 1837 5844; x_wconf 71' lang='lat'><strong>-</strong></span> <span class='ocrx_word' id='word_1_785' title='bbox 1867 5806 2006 5844; x_wconf 83' lang='lat' dir='ltr'><strong>nart.</strong></span> <span class='ocrx_word' id='word_1_786' title='bbox 2041 5814 2078 5844; x_wconf 78' lang='lat' dir='ltr'><strong>r-</strong></span> 
     </span>
    </p>
   </div>
   <div class='ocr_carea' id='block_1_110' title="bbox 540 5788 2081 5866">
    <p class='ocr_par' dir='ltr' id='par_1_110' title="bbox 540 5788 2081 5866">
     <span class='ocr_line' id='line_1_111' title="bbox 540 5788 2081 5866; baseline 0.006 -23"><span class='ocrx_word' id='word_1_787' title='bbox 540 5790 647 5866; x_wconf 43' lang='lat' dir='ltr'><strong>ius)</strong></span> <span class='ocrx_word' id='word_1_788' title='bbox 678 5788 757 5866; x_wconf 62' lang='lat' dir='ltr'><em>Qa</em></span> <span class='ocrx_word' id='word_1_789' title='bbox 785 5788 1207 5866; x_wconf 57' lang='lat' dir='ltr'><strong>Byzantinaru&#39;m</strong></span> <span class='ocrx_word' id='word_1_790' title='bbox 1238 5788 1794 5866; x_wconf 60' lang='lat' dir='ltr'><strong>rerum&#39;Scriptoi-ibus</strong></span> <span class='ocrx_word' id='word_1_791' title='bbox 1821 5836 1838 5860; x_wconf 87' lang='lat'><strong>,</strong></span> <span class='ocrx_word' id='word_1_792' title='bbox 1867 5806 2006 5866; x_wconf 88' lang='lat' dir='ltr'><strong>part.</strong></span> <span class='ocrx_word' id='word_1_793' title='bbox 2041 5814 2081 5865; x_wconf 83' lang='grc' dir='ltr'><strong>ι,</strong></span> 
     </span>
    </p>
   </div>
   <div class='ocr_carea' id='block_1_111' title="bbox 501 5859 2080 5937">
    <p class='ocr_par' dir='ltr' id='par_1_111' title="bbox 501 5859 2080 5937">
     <span class='ocr_line' id='line_1_112' title="bbox 501 5859 2080 5937; baseline 0.006 -25"><span class='ocrx_word' id='word_1_794' title='bbox 501 5859 664 5914; x_wconf 73' lang='lat' dir='ltr'><strong>c.18.</strong></span> <span class='ocrx_word' id='word_1_795' title='bbox 695 5859 832 5937; x_wconf 76' lang='lat' dir='ltr'><strong>cum</strong></span> <span class='ocrx_word' id='word_1_796' title='bbox 859 5860 1117 5937; x_wconf 74' lang='lat' dir='ltr'><strong>alterutra</strong></span> <span class='ocrx_word' id='word_1_797' title='bbox 1141 5861 1243 5917; x_wconf 91' lang='lat' dir='ltr'><strong>hac</strong></span> <span class='ocrx_word' id='word_1_798' title='bbox 1267 5859 1575 5937; x_wconf 77' lang='lat' dir='ltr'><strong>calamitate</strong></span> <span class='ocrx_word' id='word_1_799' title='bbox 1611 5859 1884 5937; x_wconf 70' lang='lat' dir='ltr'><strong>librorum</strong></span> <span class='ocrx_word' id='word_1_800' title='bbox 1899 5859 2080 5937; x_wconf 56' lang='lat' dir='ltr'><strong>jactul</strong></span> 
     </span>
    </p>
   </div>
   <div class='ocr_carea' id='block_1_112' title="bbox 504 5930 2076 6021">
    <p class='ocr_par' dir='ltr' id='par_1_112' title="bbox 504 5930 2076 6021">
     <span class='ocr_line' id='line_1_113' title="bbox 504 5930 2076 6021; baseline 0.008 -37"><span class='ocrx_word' id='word_1_801' title='bbox 504 5945 623 5985; x_wconf 87' lang='lat' dir='ltr'><strong>ram</strong></span> <span class='ocrx_word' id='word_1_802' title='bbox 650 5931 1001 5997; x_wconf 77' lang='lat' dir='ltr'><strong>coniunctam</strong></span> <span class='ocrx_word' id='word_1_803' title='bbox 1032 5930 1201 5991; x_wconf 86' lang='lat' dir='ltr'><strong>fuisse</strong></span> <span class='ocrx_word' id='word_1_804' title='bbox 1223 5932 1551 5992; x_wconf 87' lang='lat' dir='ltr'><strong>crediderim</strong></span> <span class='ocrx_word' id='word_1_805' title='bbox 1572 5975 1588 6005; x_wconf 90' lang='lat'><strong>,</strong></span> <span class='ocrx_word' id='word_1_806' title='bbox 1610 5945 1667 5993; x_wconf 86' lang='lat' dir='ltr'><strong>et</strong></span> <span class='ocrx_word' id='word_1_807' title='bbox 1694 5930 1924 6021; x_wconf 74' lang='lat' dir='ltr'><strong>fortasse</strong></span> <span class='ocrx_word' id='word_1_808' title='bbox 1952 5954 2076 5995; x_wconf 86' lang='lat' dir='ltr'><strong>cum</strong></span> 
     </span>
    </p>
   </div>
   <div class='ocr_carea' id='block_1_113' title="bbox 2255 5727 3781 5802">
    <p class='ocr_par' dir='ltr' id='par_1_113' title="bbox 2255 5727 3781 5802">
     <span class='ocr_line' id='line_1_114' title="bbox 2255 5727 3781 5802; baseline 0.005 -20"><span class='ocrx_word' id='word_1_809' title='bbox 2255 5728 2672 5802; x_wconf 61' lang='lat' dir='ltr'><strong>(84)_4lm_0ér.</strong></span> <span class='ocrx_word' id='word_1_810' title='bbox 2703 5727 2951 5802; x_wconf 80' lang='lat' dir='ltr'><strong>Petierat</strong></span> <span class='ocrx_word' id='word_1_811' title='bbox 2988 5730 3202 5786; x_wconf 88' lang='lat' dir='ltr'><strong>scilicet</strong></span> <span class='ocrx_word' id='word_1_812' title='bbox 3227 5732 3496 5802; x_wconf 81' lang='lat' dir='ltr'><strong>Arsenius</strong></span> <span class='ocrx_word' id='word_1_813' title='bbox 3521 5732 3781 5802; x_wconf 81' lang='lat' dir='ltr'><strong>priorem</strong></span> 
     </span>
    </p>
   </div>
   <div class='ocr_carea' id='block_1_114' title="bbox 2180 5797 3783 5923">
    <p class='ocr_par' dir='ltr' id='par_1_114' title="bbox 2180 5797 3783 5923">
     <span class='ocr_line' id='line_1_115' title="bbox 2180 5797 3783 5923; baseline 0.006 -71"><span class='ocrx_word' id='word_1_814' title='bbox 2180 5797 2326 5923; x_wconf 58' lang='lat' dir='ltr'><strong>illan:</strong></span> <span class='ocrx_word' id='word_1_815' title='bbox 2365 5797 2551 5853; x_wconf 84' lang='lat' dir='ltr'><strong>Photii</strong></span> <span class='ocrx_word' id='word_1_816' title='bbox 2600 5800 3144 5870; x_wconf 87' lang='lat' dir='ltr'><strong>commentationem,</strong></span> <span class='ocrx_word' id='word_1_817' title='bbox 3172 5801 3389 5860; x_wconf 87' lang='lat' dir='ltr'><strong>duobus</strong></span> <span class='ocrx_word' id='word_1_818' title='bbox 3421 5797 3575 5861; x_wconf 77' lang='lat' dir='ltr'><strong>libris</strong></span> <span class='ocrx_word' id='word_1_819' title='bbox 3606 5817 3783 5861; x_wconf 84' lang='lat' dir='ltr'><strong>com-</strong></span> 
     </span>
     <span class='ocr_line' id='line_1_116' title="bbox 2180 5884 2528 5923; baseline -0.003 0"><span class='ocrx_word' id='word_1_820' title='bbox 2180 5885 2274 5923; x_wconf 75' lang='grc' dir='ltr'>ιιι-θ</span> <span class='ocrx_word' id='word_1_821' title='bbox 2316 5884 2528 5923; x_wconf 81' lang='lat' dir='ltr'><strong>ensam.</strong></span> 
     </span>
    </p>
   </div>
   <div class='ocr_carea' id='block_1_115' title="bbox 2178 5884 2528 5940">
    <p class='ocr_par' dir='ltr' id='par_1_115' title="bbox 2178 5884 2528 5940">
     <span class='ocr_line' id='line_1_117' title="bbox 2178 5884 2528 5940; baseline 0 -18"><span class='ocrx_word' id='word_1_822' title='bbox 2178 5884 2528 5940; x_wconf 73' lang='lat' dir='ltr'><strong>prenensam.</strong></span> 
     </span>
    </p>
   </div>
   <div class='ocr_carea' id='block_1_116' title="bbox 2251 5937 3071 6013">
    <p class='ocr_par' dir='ltr' id='par_1_116' title="bbox 2251 5937 3071 6013">
     <span class='ocr_line' id='line_1_118' title="bbox 2251 5937 3071 6013; baseline -0.002 -14"><span class='ocrx_word' id='word_1_823' title='bbox 2251 5937 2365 6005; x_wconf 78' lang='lat'><strong>(85)</strong></span> <span class='ocrx_word' id='word_1_824' title='bbox 2395 5939 2489 5997; x_wconf 79' lang='lat' dir='ltr'><strong>El.</strong></span> <span class='ocrx_word' id='word_1_825' title='bbox 2521 5941 2601 5999; x_wconf 85' lang='lat' dir='ltr'><strong>ita</strong></span> <span class='ocrx_word' id='word_1_826' title='bbox 2625 5939 2822 6011; x_wconf 84' lang='lat' dir='ltr'><strong>scripsi</strong></span> <span class='ocrx_word' id='word_1_827' title='bbox 2851 5956 2950 6013; x_wconf 88' lang='lat' dir='ltr'><strong>pro</strong></span> <span class='ocrx_word' id='word_1_828' title='bbox 2973 5942 3071 6007; x_wconf 88' lang='grc' dir='ltr'>είς.</span> 
     </span>
    </p>
   </div>
  </div>
