4022 6408
254 402 358 470 181

1244 411 1542 475 CONTRA
1581 411 2039 477 MANICHEOS
2076 415 2307 477 LIBER
2347 416 2444 477 IV.

3415 401 3517 469 182

251 517 408 580 ὅπως
433 515 492 584 ἐξ
521 514 694 586 αὐτῆς
721 517 1001 590 συμϐολῆς
1037 518 1067 573 6
1099 511 1353 591 βασιλεὺς
1387 521 1498 576 τῶν
1528 522 1691 590 ὅλων,
1737 523 1840 576 ικαὶ

1953 525 2076 580 hinc
2130 534 2350 596 accepta
2403 523 2607 590 clades,
2655 520 2958 577 luctuosior
3006 526 3101 574 aut
3151 515 3364 588 gravior
3394 530 3518 572 esse

254 608 451 681 ἓωτὴρ
483 608 638 679 ἡμῶν
664 609 758 663 καὶ
789 612 1096 683 στρατηγὸς
1121 613 1212 666 τὸν
1237 613 1454 686 χάρακα
1485 614 1597 668 τῶν
1622 614 1718 685 ὲχθ
1729 615 1837 685 ρῶν

253 699 320 765 ἑξ
351 699 534 754 αὐτῶν
565 699 849 772 κρηπίδων
887 703 1133 775 άνασπᾷξ
1165 704 1262 757 καὶ
1300 706 1710 776 καταστρέφει,
1743 705 1840 758 καὶ

257 794 455 863 συγχεῖ
484 793 548 846 τὸ
576 793 837 864 φρόνημα
857 834 873 860 ,
915 795 1012 849 καὶ
1038 795 1385 860 διασκεδάζει
1410 798 1472 851 τὸ
1497 797 1699 866 θράσος
1731 797 1841 851 τῶν

253 885 606 940 ἀποστατῶν.
632 884 699 939 Τί
725 884 1000 956 βουλεύων
1021 889 1117 941 καὶ
1148 888 1274 943 τίνα
1306 890 1506 960 τέχνην
1531 889 1718 954 κινῶν,
1746 889 1841 942 οὑ-

254 975 348 1028 δὲν
382 977 862 1048 μεμηχανημένον,
908 978 1030 1033 οὐδὲ
1068 979 1138 1033 δι’
1177 979 1406 1049 ἀγώνων
1437 980 1528 1034 καὶ
1575 979 1841 1051 καμάτων

256 1066 474 1136 προϊὸν,
502 1066 620 1122 ἀλλ’
639 1067 758 1138 ἅμα
780 1085 840 1122 τε
867 1068 1053 1140 φωνὴν
1081 1070 1276 1140 ἀφίησι
1308 1070 1469 1141 μόνον
1490 1109 1506 1136 ,
1534 1072 1632 1124 καὶ
1662 1071 1842 1125 πάντα

257 1157 332 1210 τὰ
366 1157 477 1210 τῶν
504 1157 780 1230 πολεμίων
811 1159 1128 1230 ἠφάνισται.
1155 1159 1334 1216 Πᾶσα
1369 1162 1480 1231 γὰρ
1500 1201 1516 1227 ,
1539 1162 1692 1233 φησὶ,
1721 1161 1842 1226 ,βα-

257 1250 467 1304 σιλεία
505 1249 862 1320 μερισθεῖσα
911 1251 1040 1307 καθ’
1093 1251 1316 1323 ἑαυτῆς
1349 1253 1690 1322 ἐρημοῦται,
1739 1254 1840 1308 καὶ

258 1338 434 1396 πᾶσα
477 1341 656 1408 πόλις
700 1341 740 1410 ἢ
778 1341 938 1397 οἰκία
963 1343 1322 1413 μερισθεῖσα
1348 1344 1480 1400 καθ’
1521 1343 1742 1414 ἑαυτῆς
1770 1347 1843 1400 οὐ

258 1431 649 1501 ὄνταθήσεται.
701 1434 867 1507 Ὁρᾷς
888 1477 903 1502 ,
937 1435 1086 1500 ὅπως
1109 1435 1138 1490 6
1167 1436 1404 1507 φθόγγος
1438 1437 1652 1509 ἠχήσας
1682 1438 1844 1508 μόνον

257 1523 366 1592 τῆς
419 1523 718 1593 σάλπιγγος
753 1527 854 1596 τῆς
901 1525 1222 1596 βασιλικῆς,
1265 1527 1328 1581 τὸ
1377 1528 1688 1598 χαράκωμα
1735 1527 1844 1580 τῶν

261 1615 480 1686 ἐχθρῶν
521 1616 802 1688 διέφθειρέ
838 1635 897 1672 τε
933 1619 1028 1673 καὶ
1067 1619 1409 1691 ὲξερήμωσε.
1457 1620 1568 1674 Καὶ
1611 1619 1666 1673 τί
1703 1619 1846 1688 λέγω

261 1707 614 1780 χαράκωμα;
645 1709 784 1764 ἀλλὰ
811 1710 906 1765 καὶ
933 1711 1035 1782 τὴν
1066 1710 1243 1775 πόλιν,
1294 1711 1391 1764 καὶ
1416 1711 1550 1764 αὐτὸ
1576 1711 1676 1782 τῆς
1708 1713 1847 1766 ἀποο

261 1800 529 1867 στασίας“,
559 1800 698 1872 ὅπερ
733 1803 856 1866 ταῖς
901 1801 1083 1856 αὐτῶν
1108 1802 1574 1868 δυσσεϐεστάταις
1610 1802 1709 1856 καὶ
1746 1820 1845 1857 πε-

259 1891 638 1964 πλανημέναις
669 1893 945 1958 ἐπινοίαις
971 1895 1347 1950 άνεπλάσαντό
1374 1912 1434 1949 τε
1472 1895 1570 1948 καὶ
1599 1894 1847 1966 ὠχύρουν
1875 1876 1923 1938 Β

261 1985 560 2055 βασίλειον.
602 1985 667 2040 El
707 1987 818 2058 γάρ
862 1987 1113 2058 βασιλεία
1163 1987 1496 2060 μεριζομένη
1529 1989 1616 2057 ἐφ’
1646 1989 1848 2059 ἑαυτῆς

259 2077 364 2147 οὐχ
399 2077 712 2145 ὑφίσταται,
743 2078 857 2131 ἀλλ’
888 2078 1027 2152 αύτὴ
1054 2080 1184 2151 περὶ
1226 2081 1395 2151 αὐτὴν
1431 2080 1625 2135 θᾶττόν
1652 2097 1712 2133 τε
1744 2097 1848 2134 κα-

260 2171 462 2242 ταρρεῖ
485 2169 580 2226 καὶ
610 2170 971 2240 ἀφανίζεται,
1001 2173 1035 2240 ἡ
1077 2171 1134 2226 δὲ
1174 2172 1510 2244 δημιουργὸς
1557 2174 1668 2226 τῶν
1710 2173 1850 2227 ὅλων

261 2259 412 2332 ἁρχὴ
440 2261 534 2314 καὶ
567 2259 814 2331 βασιλεία
841 2261 910 2316 δι’
941 2262 1138 2327 αίῶνος
1175 2263 1346 2334 μένει,
1377 2265 1453 2324 ὠς
1479 2263 1546 2318 ἂν
1574 2264 1685 2317 οὐδ’
1716 2263 1850 2318 αὐτὸ

259 2351 326 2404 τὸ
381 2353 484 2424 τῆς
540 2353 878 2418 ἀποστασίας
928 2353 1368 2426 ἀποθρασυνθείη
1426 2354 1847 2427 ὲξαρνήσασθαι.

262 2445 405 2498 οὐδὲ
425 2445 535 2517 γάρ
561 2445 684 2500 οὐδὲ
716 2448 880 2518 μέχρι
907 2445 1003 2501 νῦν
1023 2448 1052 2501 6
1085 2446 1263 2502 πάντα
1288 2447 1630 2518 νεωτερίζων
1658 2447 1851 2518 χρόνος

261 2537 462 2592 οὐδένα
508 2538 828 2608 παρέδειξεν
881 2539 963 2602 είς
1017 2538 1276 2609 τοιαύτην
1325 2538 1530 2592 λύσσαν
1578 2539 1850 2610 ὲκλυσσή-

265 2644 462 2684 σαντα.
495 2629 558 2683 El
585 2627 680 2683 οῦν
713 2631 746 2701 ἡ
781 2629 878 2684 τοῦ
909 2630 1145 2701 Ἀγαθοῦ
1172 2631 1337 2704 ἀρχὴ,
1368 2631 1445 2695 ὡς
1467 2632 1633 2686 πᾶσιν
1658 2631 1870 2700 ὲπίδη-,

263 2719 382 2784 λον,
431 2718 696 2788 κρείττων
737 2720 920 2792 πάσης
972 2721 1272 2786 διαλύσεως
1297 2762 1314 2788 ,
1367 2722 1487 2788 πῶς
1534 2723 1595 2776 ού
1651 2722 1850 2794 μᾶλλον

267 2811 672 2884 ἑπιδηλότερον,
702 2811 779 2876 ὡς
807 2808 894 2876 αἷς
928 2813 1085 2867 αὐτοὶ⁸
1110 2814 1172 2867 τὺ
1201 2813 1497 2886 ὀλόκληρον
1525 2815 1698 2878 αὐτῆς
1728 2817 1851 2883 ταῖς

265 2902 499 2972 τόλμαις
544 2902 1045 2975 διασπαράσσοντες
1077 2904 1324 2976 πονηράν
1355 2905 1531 2977 ἀρχὴν
1558 2923 1852 2978 σκηνοποι-

267 2992 425 3047 οῦσιν
456 2993 552 3047 καὶ
584 2994 1080 3067 παραπηγνύουσι,
1112 2994 1211 3062 τὴν
1259 2996 1360 3067 μὲν
1398 2996 1494 3050 τοῦ
1527 2998 1713 3052 κοινοῦ
1757 2999 1853 3052 καὶ

267 3085 479 3154 ἀγαθοῦ
519 3087 791 3141 Δεσπότου
845 3087 1126 3159 βασιλείαν
1178 3089 1612 3160 προπηλακίζειν
1655 3089 1853 3160 μανίαν

269 3178 501 3244 εἴλοντο,
545 3181 613 3252 ἠν
644 3180 701 3234 δὲ
731 3179 1147 3246 άντανιστῶσιν,
1180 3179 1299 3251 ἅμα
1327 3198 1386 3235 τε
1431 3181 1727 3236 πλάττουσι
1756 3181 1853 3236 καὶ

272 3274 394 3345 ἄμα
419 3271 670 3340 λύουσινΙ;
689 3273 1014 3345 Ἀμερίστου
1041 3271 1150 3344 γὰρ
1182 3273 1282 3344 τῆς
1313 3273 1407 3327 τοῦ
1441 3273 1673 3343 Ἀγαθοῦ
1705 3273 1856 3346 βασι-

270 3365 426 3428 λείας
491 3366 934 3438 συντηρουμένης
987 3365 1145 3437 (ὁδὸς
1199 3367 1307 3437 γὰρ
1361 3367 1390 3420 6
1449 3367 1714 3439 μερισμὸς
1776 3367 1858 3431 είς

269 3457 567 3528 διάλυσιν),
597 3458 680 3511 ὅτι
717 3474 778 3511 τε
817 3456 879 3510 τὸ
907 3457 1018 3527 (86)
1059 3455 1256 3510 ἄλυτον
1282 3455 1377 3509 τὸν
1409 3455 1681 3528 μερισμὸν
1709 3457 1852 3510 άπο-

274 3548 560 3620 πέμπεται
578 3588 593 3614 ,
613 3550 709 3604 καὶ⁹
744 3548 852 3620 πρό
870 3565 934 3617 γε
963 3548 1065 3620 τῆς
1087 3548 1344 3618 ἐπιϐολῆς
1372 3547 1579 3618 ταύτης
1603 3547 1632 3600 6
1656 3549 1860 3602 Δεσπό-

275 3659 382 3714 της
403 3643 594 3696 άνεῑπε
618 3641 680 3696 τὸ
703 3641 1059 3714 μεριζόμενον
1079 3639 1451 3696 διαλύσεσθαι.
1483 3641 1594 3694 Καὶ
1620 3641 1655 3712 ἠ
1681 3639 1860 3705 κτίσις

275 3729 558 3796 τοσούτοις
586 3731 779 3786 αἰῶσιν
812 3731 872 3798 ὲξ
915 3731 1087 3799 αὐτῆς
1129 3732 1474 3804 παραγωγῆς
1494 3731 1639 3786 κατά
1664 3748 1728 3801 γε
1758 3731 1860 3803 τὴν

275 3823 602 3894 ὁλοκληρίαν
640 3825 863 3896 κρατεῖν
895 3823 994 3893 τῆς
1036 3822 1246 3888 λύσεως
1291 3823 1663 3895 ἐκληρώσατο.
1701 3821 1862 3894 Ὁρᾶ-

275 3933 370 3970 ται
395 3917 453 3970 δὲ
475 3915 792 3988 περιφανῶς
814 3915 910 3974 καὶ
937 3918 1052 3979 τοῖς
1076 3916 1135 3970 ού
1146 3915 1351 3988 ρανίοις
1380 3914 1862 3988 ἀλληλουχούμενά

274 4025 341 4063 τι
368 4008 822 4079 καὶισυνεχόμενα
852 4010 920 4064 τά
947 4008 1183 4078 ἐπίγεια,
1215 4008 1285 4064 τά
1313 4025 1374 4064 τε
1392 4007 1559 4079 νοερὰ
1579 4008 1672 4061 καὶ
1695 4007 1863 4078 νοητὰ

276 4100 389 4154 τῶν
420 4099 749 4171 σωματικῶν
798 4101 894 4154 καὶ
923 4102 1047 4164 ταῖς
1075 4099 1360 4170 αἰσθήσεσι
1410 4099 1748 4171 κρινομένων
1771 4099 1863 4156 διὰ

277 4194 380 4262 τῆς
409 4191 688 4262 ἅδιαδόχου
716 4192 977 4264 προνοίας
1003 4193 1066 4246 ού
1109 4192 1451 4262 διιστάμενα,
1479 4191 1617 4247 ἀλλὰ.
1639 4193 1732 4246 καὶ
1762 4209 1896 4247 πε-.

284 4303 480 4356 ριφανε
488 4286 690 4356 στάτην
709 4287 944 4357 φέροντα
957 4285 1057 4358 τὴν
1072 4285 1389 4355 συνάφειαν.
1415 4285 1490 4338 Οὐ
1514 4285 1632 4356 μὴν.
1643 4283 1783 4340 ἀλλά
1796 4302 1861 4354 γε

279 4381 380 4432 καὶ
425 4379 558 4433 αὐτὸ
596 4378 815 4447 λογικὸν
858 4377 999 4443 ζῶον
1047 4379 1077 4432 6
1118 4377 1408 4449 ἄνθρωπος
1455 4377 1529 4443 ἐξ.
1562 4377 1777 4447 ὁρατῶν
1802 4394 1862 4430 τε

281 4471 379 4524 καὶ
401 4470 651 4542 ἀοράτων
683 4471 866 4542 μερῶν
901 4469 1250 4542 ἡρμοσμένος
1281 4469 1635 4537 συνέστηκεν.
1671 4470 1734 4523 Εἰ
1763 4464 1859 4524 οῦν

1941 625 2141 687 potest.
2175 616 2310 672 Vide
2354 616 2540 687 igitur,
2585 613 2860 685 quomodo
2915 611 3018 667 sub
3053 611 3227 682 ipsam
3263 623 3521 679 congres-

1941 707 2152 762 sionem
2189 722 2284 761 rex
2326 705 2588 772 universi,
2643 713 2700 760 et
2744 705 3007 760 Servator
3050 709 3260 766 noster,
3309 706 3365 754 et
3407 698 3522 753 dux

1940 800 2071 855 belli
2125 799 2324 855 vallum
2372 798 2611 853 hostium
2660 796 2729 851 ab
2780 796 2914 866 ipsis
2966 792 3339 850 fundamentis
3383 807 3521 846 con-

1941 891 2106 946 vellat
2134 898 2190 945 et
2237 899 2466 954 evertat,
2506 903 2695 944 eorum
2743 889 3058 943 molitiones
3097 884 3418 948 confundat,
3467 891 3524 938 et

1942 981 2225 1037 audaciam
2273 989 2644 1051 apostatarum
2692 980 2940 1050 dissipet.
3000 978 3142 1044 Quid
3203 977 3521 1039 meditetur,

1942 1071 2143 1142 quidve
2189 1071 2463 1136 moliatur,
2511 1086 2620 1124 non
2659 1069 2815 1142 longa
2859 1079 2976 1125 arte
3014 1068 3297 1140 qumritur,
3347 1082 3450 1121 nec
3491 1081 3524 1120 a

1942 1162 2294 1219 contentione
2340 1173 2435 1218 aut
2477 1163 2662 1218 labore
2712 1162 2982 1232 procedit,
3039 1160 3134 1216 sed
3183 1159 3271 1215 vix
3331 1174 3524 1214 vocem

1942 1253 2165 1320 emittit,
2217 1261 2272 1309 et
2320 1268 2511 1308 omnes
2561 1254 2798 1308 hostium
2856 1252 3167 1306 molitiones
3221 1251 3522 1306 dilllantur.

1943 1344 2107 1401 Omne
2137 1346 2296 1411 enim,
2334 1345 2532 1415 inquit,
2574 1361 2814 1416 regnum,
2853 1356 3035 1398 contra
3075 1360 3129 1397 se
3171 1344 3342 1413 ipsum
3389 1342 3527 1394 divi-

1942 1456 2060 1494 sum
2098 1437 2390 1504 desolatur,
2430 1447 2480 1492 et
2531 1437 2701 1491 omnis
2742 1436 2864 1490 urbs
2902 1449 2992 1489 aut
3026 1437 3211 1490 domus
3245 1445 3424 1488 contra
3471 1450 3527 1486 se

1945 1531 2115 1585 divisa
2168 1548 2269 1584 non
2324 1530 2566 1584 consistet
2595 1529 2663 1584 ⁸⁸.
2719 1528 2991 1594 Videsne,
3048 1525 3320 1596 quomodo
3356 1541 3526 1581 sonus

1945 1623 2193 1678 buccinae
2245 1621 2542 1676 Dominicaa
2597 1620 2689 1676 vix
2738 1619 2956 1675 auditus
3013 1619 3212 1672 vallum
3282 1618 3524 1672 hostium

1946 1715 2277 1771 everteritet
2307 1713 2668 1769 destruxerit?
2696 1712 2764 1767 Et
2801 1713 2930 1783 quid
2976 1713 3100 1768 dico
3137 1711 3377 1765 vallum?
3412 1710 3527 1764 imo

1948 1816 2005 1862 et
2031 1806 2243 1871 urbem,
2291 1815 2345 1860 et
2391 1804 2618 1876 regiam,
2666 1820 2830 1876 quam
2874 1812 3135 1874 apostatae
3180 1802 3366 1872 impiis
3411 1801 3528 1856 suis

1950 1908 2006 1955 et
2032 1914 2278 1954 errorum
2324 1898 2662 1969 plenissimis
2695 1897 2994 1952 ratiociniis
3039 1903 3431 1951 exstruxerunt
3473 1904 3531 1950 et

1951 1992 2324 2046 muniverunt.
2379 1990 2435 2046 Si
2483 1990 2631 2046 enim
2683 2004 2931 2061 regnum,
2990 1989 3046 2043 in
3092 2003 3153 2043 se
3210 1988 3389 2058 ipsum
3441 1986 3530 2042 di-

1949 2083 2149 2150 visum,
2191 2099 2301 2139 non
2339 2083 2612 2149 consistit,
2651 2083 2744 2137 sed
2796 2082 2970 2152 ipsum
3006 2097 3102 2151 per
3131 2097 3189 2136 se
3232 2081 3393 2135 citius
3422 2079 3530 2134 dif-

1950 2176 2069 2232 ﬂuit
2110 2186 2166 2231 et
2214 2175 2574 2241 disturbatur,
2623 2174 2914 2244 imperium
2959 2183 3111 2228 certe
3151 2171 3426 2228 Creatoris
3475 2179 3533 2224 et

1951 2283 2177 2340 regnum
2207 2267 2262 2321 in
2297 2276 2563 2322 aeternum
2595 2275 2800 2331 manet,
2832 2266 2977 2335 quod
3001 2279 3104 2319 nec
3136 2273 3398 2334 apostatae
3428 2262 3532 2332 ipsi

1950 2375 2152 2432 negare
2214 2360 2419 2417 ausint.
2482 2358 2671 2428 Neque
2729 2358 2874 2413 enim
2948 2357 3189 2412 bucdum
3279 2368 3532 2425 tempus,

1949 2454 2135 2510 omnia
2175 2453 2464 2517 innovans,
2514 2467 2842 2521 quemquam
2871 2450 3148 2513 exhibuit,
3193 2464 3260 2504 eo
3305 2448 3534 2502 insaniae

1951 2553 2291 2618 provectum.
2323 2543 2382 2598 Si
2424 2542 2589 2614 igitur
2626 2541 2754 2597 boni
2795 2540 2889 2595 Dei
2922 2541 3234 2610 imperium,
3275 2555 3377 2594 ceu
3413 2554 3535 2593 om-

1951 2639 2116 2694 nibus
2167 2644 2410 2701 constat,
2469 2633 2620 2689 omni
2684 2632 3042 2688 dissolutione
3098 2631 3353 2701 superius
3412 2641 3530 2697 est,

1953 2745 2139 2785 nonne
2167 2729 2338 2784 multo
2389 2726 2561 2799 magis
2593 2724 2943 2780 manifestum
2973 2731 3090 2790 est,
3123 2723 3270 2794 quod
3290 2765 3304 2789 ,
3335 2723 3536 2793 quibus

1953 2823 2026 2878 illi
2079 2821 2361 2884 institutis,
2409 2819 2777 2891 integritatem
2817 2816 2937 2888 ejus
2975 2816 3293 2879 turbantes,
3333 2815 3534 2869 malum

1952 2913 2283 2987 principium
2301 2912 2648 2976 eiIabricant,
2682 2918 2738 2966 et
2767 2910 2984 2965 alatene
3010 2917 3321 2970 exstruunt,
3341 2907 3536 2963 iisdem

1953 3020 2182 3076 regnum
2228 3003 2449 3074 quidem
2500 3001 2810 3058 communis
2848 3009 2908 3056 et
2942 3000 3073 3055 boni
3113 2998 3330 3055 Domini
3373 3013 3536 3052 aver-

1953 3095 2220 3151 runcandi
2247 3095 2500 3150 insanum
2539 3093 2830 3149 consilium
2866 3099 3163 3162 ceperunt,
3211 3090 3373 3146 simul
3406 3103 3536 3143 vero

1956 3185 2032 3252 id,
2066 3186 2211 3258 quod
2244 3201 2310 3242 ex
2339 3186 2568 3242 adverso
2595 3185 2922 3255 erigunt-,.et
2948 3190 3190 3247 struunt,
3209 3190 3263 3237 et
3289 3183 3535 3237 solvunt.

1960 3278 2099 3333 Dum
2142 3277 2290 3333 enim
2324 3276 2456 3332 boni
2503 3276 2776 3348 principii-
2802 3291 3029 3347 regnum
3069 3274 3368 3329 indivisum
3414 3289 3539 3328 ma-

1956 3378 2052 3424 net
2082 3369 2341 3439 (namque
2369 3366 2568 3422 divisio
2593 3367 2738 3421 viam
2769 3366 2837 3421 ad
2859 3365 3276 3421 dissolutionem
3302 3361 3536 3434 pandit).

1957 3461 2086 3530 quia
2145 3458 2526 3515 indissolubile
2578 3458 2905 3514 divisionem
2959 3471 3179 3511 omnem
3235 3465 3536 3518 aversatur,

1958 3549 2223 3606 Dominus
2256 3556 2444 3604 noster
2466 3548 2632 3603 etiam
2656 3555 2784 3602 ante
2814 3545 2957 3600 hanc
2995 3544 3366 3600 incursionem
3398 3559 3541 3613 prae-

1958 3641 2094 3699 dlxit
2153 3641 2272 3697 fore
2330 3649 2393 3695 ut
2425 3638 2659 3694 divisum
2703 3635 3050 3693 dissolvatur.
3097 3635 3215 3690 lmo
3259 3643 3317 3690 et
3380 3649 3540 3689 crea-

1959 3742 2096 3789 turae
2135 3732 2269 3804 ipsi,
2319 3740 2427 3786 tam
2463 3729 2651 3785 multis
2689 3726 2924 3792 saeculis,
2962 3726 3091 3781 inde
3135 3726 3205 3781 ab
3252 3725 3366 3796 ipsa
3410 3739 3541 3794 pro-

1959 3825 2254 3891 ductione,
2283 3838 2380 3894 pro
2435 3820 2758 3892 integritate:
2780 3835 2877 3876 sua
2894 3859 2922 3886 ,_
2949 3817 3224 3874 solutione
3267 3817 3540 3888 ejusmodi

1961 3917 2228 3989 superiori
2248 3929 2372 3971 esse
2397 3912 2574 3970 licuit.
2616 3911 2969 3967 Manifestum
2992 3925 3126 3966 vero
3154 3919 3240 3965 est
3263 3909 3541 3964 terrestria

1961 4007 2274 4065 coelestibus
2299 4005 2605 4061 arctissime
2628 4004 2816 4075 juncta
2845 4017 2989 4064 esse.
3020 4001 3148 4056 etin
3180 4001 3370 4056 eadem
3391 4015 3544 4055 com-

1961 4115 2098 4172 page
2123 4097 2422 4163 contineri,
2449 4111 2553 4152 nec
2599 4111 2698 4162 ea,
2728 4109 2850 4165 qua:
2889 4103 3073 4149 mente
3108 4108 3174 4148 ac
3213 4092 3544 4164 cogitatione

1961 4192 2388 4263 investigantur,
2425 4205 2458 4244 a
2483 4187 2760 4259 corporeis
2807 4187 3108 4256 sensuique
3149 4185 3411 4256 subjectis
3453 4199 3544 4239 re-

1962 4286 2066 4341 bus
2124 4300 2225 4355 pcr
2281 4283 2600 4338 continuam
2656 4279 3058 4351 providentiam
3120 4277 3335 4349 sejungi
3365 4317 3382 4342 ,
3446 4276 3543 4331 sed

1963 4375 2222 4432 eximiam
2281 4372 2682 4428 connexionem
2746 4387 2860 4442 pra:
2918 4385 2978 4425 se
3037 4369 3203 4423 ferre.
3267 4366 3334 4422 Et
3393 4366 3541 4436 quod

1963 4467 2136 4538 magis
2179 4465 2342 4532 valet,
2377 4465 2556 4536 ipsum
2598 4463 2731 4519 illud
2773 4462 2976 4517 animal
3015 4460 3304 4526 rationale,
3350 4459 3539 4526 homo,
3619 4520 3631 4532 ,

280 4563 318 4632 η
348 4561 442 4615 τοῦ
473 4562 680 4631 ἀγαθοῦ
709 4561 845 4616 Θεοῦ
888 4560 1220 4633 δημιουργία
1264 4577 1324 4614 τε
1365 4561 1462 4615 καὶ
1497 4561 1745 4632 βασιλεία
1771 4578 1855 4614 το-

1964 4573 2030 4614 ex
2079 4556 2386 4612 visibilibus
2443 4562 2499 4612 et
2549 4553 2916 4610 invisibilibus
2963 4553 3128 4607 rebus
3183 4558 3540 4621 compactus,

286 4651 398 4722 μὴν
429 4651 524 4707 καὶ
550 4651 819 4724 μερισμὸν
843 4651 945 4705 οὐκ
972 4651 1312 4724 ιπιδέχεται,
1343 4652 1411 4723 ἢν
1441 4651 1498 4705 δὲ
1527 4652 1684 4704 αὐτοὶ
1729 4654 1863 4709 άνα-

283 4739 619 4807 πλάττουσι,
668 4739 866 4812 μερίδα
913 4740 1038 4795 τινὰ
1082 4740 1184 4811 τῆς
1211 4740 1352 4811 Ιὅλης
1399 4740 1765 4810 δημιουργίας
1793 4744 1862 4814 τῇ

285 4830 510 4904 γλώσσῃ
534 4831 1048 4904 άποσπαράεαντες,
1072 4833 1186 4894 τοῖς
1225 4831 1326 4900 τῆς
1354 4830 1696 4895 άποστασίας
1738 4849 1865 4903 προ-

285 4924 482 4990 άγουσι
516 4921 726 4993 ῥήμασι
752 4921 848 4976 καὶ
872 4920 1098 4992 Ἐχιθρδν
1127 4921 1186 4974 ὲν
1215 4920 1352 4991 αὐτῇ
1385 4919 1694 4991 βασιλεύειν
1723 4922 1862 4976 καθ-

286 5013 688 5086 ιδρύουσιιπῶς
711 5013 850 5084 αὐτὴ
873 5013 995 5068 καθ’
1026 5013 1224 5084 ἑαυτὴν
1247 5013 1452 5079 δέξοιτο
1472 5014 1662 5068 στάσιν
1681 5014 1818 5086 αὐτῇ
1841 5033 1857 5084 ;

283 5106 404 5168 πῶς
428 5107 475 5160 δ’
500 5105 567 5161 ἂν
595 5105 886 5175 ὑποσταίη,
923 5105 1095 5176 αὐτὴν
1116 5104 1217 5176 τὴν
1254 5105 1468 5174 γένεσιν
1493 5106 1559 5159 ἐκ
1587 5107 1859 5178 μερισμοῦ

281 5195 379 5247 καὶ
401 5191 605 5256 λύσεως
631 5191 895 5261 λαθοῦσα,
917 5193 1009 5248 καὶ
1027 5194 1202 5264 τομῆς
1223 5194 1319 5248 καὶ
1342 5193 1684 5265 διαιρέσεως,
1707 5196 1744 5251 ά
1769 5197 1865 5251 καὶ

279 5284 345 5339 τὸ
387 5283 681 5354 ὁλόκληρον
720 5285 801 5349 είς
834 5284 1044 5356 φθορὰν
1086 5284 1488 5358 καταστρέφει,
1523 5287 1864 5358 προελθοῦσα

284 5376 380 5431 καὶ
425 5377 770 5449 ἀπορρυεῖσα
791 5415 809 5442 ,
841 5379 892 5431 ει
939 5377 1038 5432 καὶ
1066 5377 1144 5449 μὴ
1190 5377 1584 5451 δυσφημούσης
1609 5380 1863 5452 γλώσσης

289 5469 924 5541 ὑπῆρχενιάνάπλασμω
961 5472 1084 5536 Πῶς
1110 5472 1155 5526 δ’
1180 5472 1277 5543 οὐχ
1304 5471 1492 5544 ὥσπερ
1520 5473 1554 5541 ὴ
1581 5472 1676 5529 τοῦ
1705 5473 1864 5543 ’Δγα-

355 5601 402 5633 ⁸⁸
442 5601 658 5674 Matth,
687 5619 785 5672 xu,
811 5605 902 5662 25.

1961 4648 2234 4708 consistit.
2280 4646 2338 4703 Si
2382 4645 2546 4718 igitur
2588 4644 2715 4700 boni
2749 4642 2844 4697 Dei
2881 4640 3172 4712 imperium
3211 4649 3266 4695 et
3309 4655 3541 4710 regnum

1960 4741 2284 4800 divisionem
2321 4747 2378 4794 et
2409 4734 2807 4806 separationem
2841 4747 2946 4786 non
3001 4729 3259 4788 admittit.
3302 4728 3354 4782 id
3387 4742 3538 4792 vero,

1961 4834 2105 4906 quod
2134 4831 2235 4903 ipsi
2268 4829 2532 4892 inferunt,
2560 4834 2768 4897 partem
2801 4823 3012 4879 scilicet
3040 4820 3334 4890 quamdam
3370 4818 3540 4873 totius

1960 4921 2448 4980 administrationis
2483 4918 2665 4988 lingua
2712 4929 2811 4970 sua
2875 4911 3294 4972 subtrahentes,
3353 4909 3541 4964 verbis

1964 5013 2278 5087 apostaticis
2297 5011 2635 5083 producunt,
2681 5016 2738 5062 et
2766 5005 2979 5060 hostem
3023 5002 3144 5072 ejus
3178 5016 3367 5072 regem
3402 5016 3539 5056 con-

1961 5109 2228 5172 stituunt;
2266 5101 2538 5173 quomodo
2569 5099 2656 5153 illa
2687 5111 2815 5167 pars
2859 5109 2957 5165 per
2982 5107 3044 5148 se
3081 5092 3408 5147 discordiam
3435 5092 3540 5146 sibi

1959 5195 2318 5256 conciliabit?
2352 5190 2625 5264 quomodo
2666 5202 2798 5244 vero
2839 5184 3134 5250 consistet,
3186 5199 3308 5254 qua:
3356 5193 3539 5238 ortum

1960 5305 2125 5347 suum
2151 5304 2219 5343 ex
2250 5285 2519 5342 divisione
2547 5289 2602 5336 et
2629 5278 2989 5335 dissolutione
3032 5276 3259 5337 habeat,
3309 5291 3540 5345 quasque

1961 5379 2310 5453 separatione
2337 5385 2392 5432 et
2415 5372 2774 5446 sejunctione,
2814 5385 2914 5442 per
2945 5385 3083 5441 quas
3113 5370 3418 5426 substantia
3451 5369 3540 5421 in-

1964 5481 2116 5543 tegra
2140 5468 2410 5540 perditur,
2454 5463 2711 5537 provenit
2732 5463 2970 5534 primum
3002 5470 3056 5518 et
3094 5459 3359 5517 deﬂuxit?
3396 5458 3540 5513 Sane

1342 5721 1574 5778 VARIIE
1611 5720 1990 5778 LECTIONES
2035 5720 2124 5774 ET
2162 5713 2392 5773 ΝΟΤΕ.

353 5852 467 5923 (86)
516 5853 604 5906 Td.
643 5851 716 5909 ita
775 5853 893 5923 lego
958 5867 1056 5922 pro
1110 5851 1220 5917 τὸν,
1283 5853 1425 5922 quod
1474 5861 1556 5908 cst
1616 5852 1672 5906 in
1717 5849 2102 5918 manuscripto.
