4014 6408
551 360 652 429 183

1640 383 1905 449 PHOTII
1943 386 2451 448 PATBIARCIIE
2490 390 2600 449 CP.

3700 387 3807 454 181»

547 483 631 538 vel
664 483 769 540 hoc
807 486 1013 544 evincit
1055 498 1228 548 totum
1278 496 1477 571 linguae
1529 500 1747 558 infamis
1798 504 2110 574 ﬁgmentum

2219 501 2313 555 θοῦ
2335 504 2477 575 ἀρχή
2507 504 2585 574 τῷ
2610 503 2881 575 ἀδιαλύτῳ
2907 502 3211 575 συνέχεται,
3250 503 3345 556 καὶ
3371 502 3634 573 προϊοῦσα
3668 507 3817 575 μᾶλο·

547 588 689 631 esse.
725 579 1013 643 Quomodo
1045 598 1176 639 vero
1217 602 1326 642 non
1372 591 1565 646 eodem
1615 594 1797 661 modo,
1831 611 1942 666 quo
1985 597 2120 653 Boni

546 668 878 740 principium
940 680 1193 744 tanquam
1240 679 1616 738 indissolubile
1683 688 1972 756 consistit,
2027 698 2119 757 et,

545 772 656 827 quo
702 761 918 834 longius
958 769 1324 838 progreditur,
1377 781 1490 827 tum
1547 785 1806 833 constans
1839 790 1945 843 est,
2005 789 2121 839 tum

547 851 602 904 in
646 854 842 909 melius
886 858 1134 925 proﬁcit:
1170 863 1445 930 quomodo
1477 879 1609 933 non,
1649 868 1894 940 inquam,
1926 876 2119 930 eodem

543 942 708 997 modo
759 946 1089 1018 principium
1138 950 1266 1005 illud
1309 956 1486 1025 quod,
1534 962 1772 1017 amentia
1808 964 2117 1035 hominum,

543 1032 600 1087 in
702 1034 872 1092 Deum
928 1039 1291 1111 injuriorum,
1360 1048 1612 1119 invehit,
1672 1054 1943 1127 siquidem
2007 1072 2119 1116 non

543 1122 599 1179 in
656 1126 819 1183 nudis
878 1130 1163 1191 hominum
1245 1139 1696 1201 calumniantium
1738 1122 1916 1209 labiis
1972 1156 2120 1210 exsi-

541 1217 675 1284 stit,
724 1220 926 1287 citius,
971 1238 1133 1294 quam
1193 1236 1375 1285 crtum
1437 1242 1557 1300 est,
1610 1253 2024 1312 corrumpetur,
2064 1257 2121 1303 ct

542 1309 781 1366 amasios
801 1327 931 1369 suos
958 1315 1091 1371 risui
1117 1333 1183 1373 ac
1202 1320 1440 1379 ludibrio
1462 1341 1744 1398 exponens
1781 1309 2013 1404 peribit?
2042 1338 2117 1395 Ita

541 1400 687 1453 enim
738 1418 955 1472 pugnam
996 1411 1177 1479 ‘quasi
1226 1416 1426 1484 repetit
1481 1420 1550 1474 ab
1609 1422 1690 1477 eis
1726 1400 2117 1487 commentitias

540 1490 1018 1567 inaugurationis,
1098 1518 1198 1574 per
1226 1508 1240 1572 ,’
1270 1520 1434 1577 quam
1504 1512 1604 1582 ipsi
1663 1516 1737 1571 illi
1812 1536 1955 1577 vano
2031 1526 2114 1581 vel

539 1586 723 1652 potius
808 1590 977 1661 impio
1029 1603 1085 1650 et
1162 1598 1568 1669 improbissimo
1642 1620 1841 1666 conatu
1914 1617 2117 1688 reginae

538 1689 763 1743 nomen,
795 1684 945 1749 quod
986 1700 1090 1741 nec
1119 1690 1330 1746 ancilla:
1362 1692 1539 1749 locum
1567 1700 1844 1768 tuebatur,
1865 1684 2113 1763 vindica-

539 1778 688 1824 runt.
713 1770 865 1828 Adeo
892 1776 1241 1847 omnipotens
1269 1791 1325 1837 et
1359 1786 1611 1845 militaris
1640 1794 1970 1866 czeterisque
1997 1814 2114 1854 om-

2223 594 2314 647 λόν
2331 611 2391 647 τε
2416 594 2661 664 διαμένει
2688 597 2783 649 καὶ
2806 595 3135 666 μεταδάλλει
3153 594 3538 666 προκύπτουσα
3573 595 3711 666 πρὸς
3738 598 3799 650 τὸ

2223 682 2480 754 ἄμεινον·
2525 682 2699 748 οὕτως
2748 685 2843 739 καὶ
2885 686 2953 756 ἣν
2998 682 3232 749 καινίζει
3280 684 3392 737 τῶν
3424 682 3735 737 θεοδλαδῶν
3763 682 3798 751 ἡ

2222 774 2452 827 ἀπόνοια
2476 811 2491 839 ,
2530 774 2652 845 οὐχί⁴
2697 775 2797 845 τὴν
2847 773 3082 846 ὕπαρξιν
3128 775 3187 828 ἐν
3220 773 3407 837 αὐτοῖς
3456 773 3638 843 μόνοις
3686 773 3799 834 τοῖς

2224 862 2565 935 βλασφήμοις
2600 863 3064 936 όνειροπολήσασα
3113 863 3341 933 χείλεσι,
3391 861 3589 916 θᾶττόν
3647 878 3708 914 τε
3761 860 3795 931 ἢ

2221 954 2492 1026 προῆλθεν
2534 956 2615 1019 είς
2651 955 2959 1026 ἀφανισμὸν
3010 953 3412 1020 καταδύσεται,
3457 952 3553 1007 καὶ
3584 953 3799 1021 γέλωτα

2221 1048 2317 1101 καὶ
2358 1046 2554 1119 χλεύην
2601 1049 2731 1112 τοὺς
2778 1048 3013 1123 ἐραστὰς
3061 1046 3438 1102 καταλιποῦσα
3489 1046 3793 1116 οἰχήσεται,

2218 1138 2375 1211 δίκην
2410 1138 2598 1209 ὥσπερ
2646 1138 2853 1211 ταύτην
2895 1139 3095 1204 αὐτοὺς
3140 1137 3649 1208 ἀντεισπράττουσα
3695 1136 3796 1205 τῆς

2221 1231 2723 1303 συμπεπλασμένης
2758 1232 2853 1286 καὶ
2889 1231 3265 1286 ἀνυποστάτου
3298 1230 3657 1303 ἀναρρήσεως
3676 1269 3693 1295 ,
3726 1225 3793 1283 δι’

2217 1314 2284 1395 ἦς
2326 1318 2505 1393 μάτην
2537 1323 2699 1393 αὐτῇ,
2734 1323 2937 1395 μᾶλλον
2967 1324 3026 1377 δὲ
3057 1321 3338 1387 δυσσεϐῶς
3363 1322 3458 1376 καὶ
3494 1319 3696 1386 ἀθέως,
3732 1319 3793 1372 τὸ

2216 1414 2317 1485 τῆς
2356 1414 2632 1484 βασιλείας
2658 1415 2769 1485 (87)
2800 1413 2993 1485 ὄνομα,
3030 1413 3151 1468 οὐδὲ
3181 1412 3563 1486 θεραπαινίδος
3592 1410 3791 1482 ἐχούσῃ

2218 1504 2423 1577 χώραν,
2452 1506 2784 1577 περιέθεντο.
2814 1505 2972 1559 Οὕτω
2999 1504 3397 1575 καταστρέφειν
3432 1501 3791 1571 στρατόπεδον

2214 1593 2323 1647 τῶν
2348 1594 2620 1666 ὲχθρῶν,ή
2668 1594 3142 1666 παντοκρατορικὴ
3191 1595 3287 1648 καὶ
3346 1592 3652 1663 στρατηγὸς
3680 1586 3795 1645 οἵδε

2216 1687 2311 1740 καὶ
2341 1685 2449 1740 τῶν
2494 1686 2668 1741 ἄλλων
2713 1686 3211 1751 κατεξουσιάζουσα
3248 1687 3415 1757 ἀρχή·
3452 1683 3628 1747 οὕτως
3655 1699 3797 1736 σκυ-Δ

2215 1776 2394 1831 λεύειν
2440 1778 2566 1841 τοὺς
2607 1777 2955 1841 ὑπασπιστὰς
3004 1776 3099 1830 καὶ
3149 1776 3515 1847 δορυφόρους,
3566 1775 3662 1830 καὶ
3713 1767 3789 1831 ὧν

537 1860 702 1917 nibus
718 1864 973 1923 dominus
988 1880 1229 1939 potestas
1241 1877 1423 1946 copias
1440 1879 1675 1937 hostium
1691 1837 1957 1953 evertet-0,
1975 1892 2110 1947 adeo

2216 1865 2400 1934 ἐκείνη
2425 1837 2733 1938 ἀγώνισμα,
2764 1837 3102 1936 στηλιτεύειν
3133 1882 3194 1918 τε
3214 1837 3320 1920 ’καλ
3348 1837 3782 1937 παραδειγματί-

538 1953 772 2022 spoliare
786 1956 970 2016 hostes
986 1962 1146 2017 valet.
1170 1965 1319 2022 Adeo
1336 1971 1575 2027 ostendit
1592 1974 1706 2044 ipsa
1722 1977 1809 2030 illa
1829 1982 2112 2051 tyrannide

537 2044 872 2113 praeliatores
906 2059 963 2106 et
990 2056 1255 2112 satellites
1281 2059 1401 2129 ejus
1435 2076 1500 2117 ac
1531 2044 1905 2140 quoscumque
1946 2074 2113 2132 habet

538 2147 974 2211 prapugnatores
997 2147 1083 2201 vel
1112 2164 1221 2204 uno
1257 2152 1425 2209 verbo
1447 2155 1756 2215 debellandi
1795 2170 1849 2217 et
1876 2163 2112 2224 ludibrio

537 2228 782 2323 pluuium
819 2237 1126 2295 exponendi
1171 2249 1442 2308 potestate
1490 2245 1844 2318 insuperabili
1883 2255 2109 2323 pollere.

537 2308 725 2385 Itaque
752 2319 1056 2379 defectores
1090 2325 1232 2393 illos,
1262 2308 1667 2404 propugnacula
1702 2353 1799 2394 sua
1821 2308 2109 2402 milies—tim

535 2406 736 2471 diruta,
786 2420 842 2465 et
884 2428 986 2469 nec
1038 2430 1233 2474 sonum
1286 2423 1446 2493 regiae
1494 2425 1737 2484 buccinae
1780 2435 2118 2495 sustinentia

532 2497 800 2564 videntes,
828 2521 1008 2576 neque
1040 2510 1290 2581 imperio,
1317 2519 1463 2585 quod
1500 2521 1761 2579 novitatis
1793 2530 1976 2598 cupidi
2002 2533 2110 2588 sibi

533 2590 666 2660 ipsis
710 2594 1007 2664 illuxerunt,
1052 2604 1313 2660 omnibus
1356 2608 1469 2678 jam
1531 2612 1598 2667 ad
1656 2590 1935 2673 interitum
1984 2637 2109 2691 spe-

531 2687 827 2749 ctantibus,
856 2690 1087 2747 militare
1120 2697 1347 2767 amplius
1368 2700 1625 2770 decebat,
1657 2721 1866 2777 neque,
1898 2687 2110 2769 sublata

533 2776 843 2843 tyrannide,
884 2780 953 2835 ad
989 2788 1275 2851 tyrannum
1307 2802 1368 2844 se
1396 2776 1759 2859 convertere,
1779 2798 1875 2851 sed
1901 2800 2106 2869 potius,

535 2866 752 2937 cognito
791 2874 1070 2927 communi
1109 2876 1352 2933 omnium
1402 2882 1666 2953 Domino,
1712 2886 1947 2959 imperio
1989 2893 2108 2961 eius

533 2968 593 3009 se
627 2958 974 3028 submittere,
1025 2964 1275 3037 factaque
1296 2987 1421 3027 vera
1456 2958 1814 3035 conversione
1836 2984 2109 3051 pmniten—

538 3044 668 3100 tiam
726 3051 924 3107 seriam
961 3063 1223 3113 testantes
1279 3063 1564 3132 conﬁteri,
1605 3083 1665 3123 se
1693 3085 1953 3126 manuum
1986 3077 2106 3145 ejus

535 3152 675 3207 opus
702 3157 825 3197 esse
852 3154 907 3200 et
940 3158 1269 3219 creaturam,
1295 3168 1361 3209 ac
1384 3157 1454 3211 ab
1478 3159 1724 3227 ejusdem
1767 3165 2105 3233 providentia
2133 3179 2175 3235 c

533 3236 589 3282 et
641 3227 976 3302 benignitate
1015 3240 1125 3310 regi
1158 3252 1214 3297 et
1248 3244 1571 3316 gubernari:
1598 3227 1839 3307 vicissim
1867 3268 1999 3310 vero
2029 3256 2109 3312 fas

533 3332 667 3389 erat,
697 3324 879 3383 odisse
928 3330 1153 3387 eosdem
1184 3342 1239 3388 et
1283 3338 1518 3393 aversari
1546 3339 1757 3396 hostem
1790 3346 2105 3414 maximum,

532 3412 820 3486 eidemque
848 3421 1010 3477 nullis
1042 3425 1157 3478 suis
1179 3426 1237 3479 in
1266 3427 1377 3482 vita
1399 3429 1707 3489 actionibus
1762 3445 2093 3505 potestatem

532 3504 644 3561 imo
660 3522 766 3564 nec
782 3524 1072 3568 excursum
1097 3514 1155 3569 iu‘
1183 3531 1242 3573 se
1270 3521 1607 3589 permittere.

604 3679 697 3740 III.
728 3686 885 3753 Quod
914 3690 961 3745 si
999 3707 1131 3749 vero
1158 3695 1443 3765 profunda:
1490 3700 1813 3760 defectionis
1867 3709 2109 3765 tenebrae

530 3776 775 3846 ipsorum
806 3796 1002 3839 sensus
1029 3786 1166 3842 adeo
1196 3787 1615 3859 hebetaverunt,
1653 3804 1735 3862 ut,
1775 3812 1846 3853 ne
1889 3799 2107 3855 destru-

529 3874 621 3923 cto
644 3870 863 3938 quidem
898 3890 962 3931 ac
993 3877 1263 3935 debellato
1296 3880 1400 3936 hoc
1427 3881 1676 3953 imperio,
1701 3888 2019 3960 evigilantes
2041 3908 2107 3947 ex

528 3974 731 4028 sopore
757 3964 1065 4023 detrectare
1093 3970 1328 4038 valeant,
1366 3975 1462 4030 sed
1495 3977 1596 4032 sub
1629 3992 1698 4033 eo
1731 3982 1920 4050 magis,
1944 3999 2108 4052 quam

529 4055 722 4123 optimi
749 4055 844 4111 Dei
862 4074 1049 4130 regno,
1072 4064 1337 4120 contineri
1364 4068 1577 4133 malint,
1604 4086 1725 4142 age,
1751 4076 2105 4133 ostendamus

530 4157 713 4217 regem
748 4150 1114 4207 universalem
1143 4170 1251 4210 non
1295 4156 1349 4210 in
1393 4172 1460 4213 eo
1499 4160 1797 4217 vindictam
1842 4180 1994 4218 suam
2036 4168 2106 4220 ab

530 4236 636 4292 iliis
657 4239 750 4308 qui
780 4255 1005 4311 regnum
1046 4259 1204 4299 suum
1226 4246 1557 4316 inﬁciantur,
1588 4254 1911 4308 sumendam
1945 4255 2105 4312 siste-

529 4337 613 4390 re,
638 4336 698 4382 ut
729 4330 1034 4400 principem
1064 4348 1256 4389 eorum
1289 4344 1519 4404 evertat,
1552 4339 1753 4407 deleat,
1790 4352 1846 4397 et
1873 4345 2102 4413 spoliet;

432 4481 445 4493 ,
529 4418 628 4474 sed
658 4419 874 4486 iisdem,
903 4433 1029 4493 post
1060 4426 1341 4493 probatam
1376 4430 1602 4486 multam
1636 4433 2102 4505 longanimitatem

2215 1959 2350 2024 ζειν,
2397 1959 2490 2013 καὶ
2532 1958 2706 2013 ταῦτα
2734 1957 2825 2012 διά
2862 1959 2991 2027 μιᾶς
3023 1958 3207 2029 φωνῆς
3244 1958 3308 2010 τὸ
3338 1956 3543 2029 κράτος
3570 1958 3786 2027 ἄμαχον

2213 2050 2596 2104 ἐπιδείκνυσιν.
2621 2049 2770 2103 Ἔδει
2799 2050 2898 2120 μὲν
2921 2048 3017 2103 οὖν
3041 2049 3170 2112 τοὺς
3196 2048 3510 2112 ἀποστάτας
3533 2048 3786 2101 αὐτοϐοεὶ

2212 2141 2563 2213 καθορῶντας
2585 2140 2726 2194 αὑτά
2761 2141 3165 2212 ἀνατραπέντα,
3205 2140 3298 2193 καὶ
3340 2139 3475 2210 μηδέ
3516 2139 3655 2210 πρὸς
3694 2137 3795 2191 τὸν.

2210 2230 2344 2306 ἦχον
2372 2233 2691 2303 ἀντισχόντα
2716 2232 2815 2303 τῆς
2842 2232 3139 2301 σάλπιγγος
3168 2231 3269 2301 τῆς
3301 2229 3608 2301 βασιλικῆς,
3646 2232 3782 2299 μήτε

2211 2326 2353 2379 αὐτὰ
2406 2325 2544 2395 μήτε
2590 2324 2693 2395 τήν
2752 2323 3057 2394 βασιλείαν,
3107 2324 3174 2393 ἡν
3228 2321 3366 2393 πρὸς
3419 2320 3783 2390 νεωτερισμὸν

2213 2414 2411 2478 ίδόντες
2456 2415 2670 2476 ἐαυτοίς
2692 2412 3109 2467 ἀνετυπὼσαντο
3129 2451 3146 2479 ,
3194 2411 3331 2466 ἀλλά
3362 2410 3578 2464 πάντων
3602 2409 3782 2472 αὐτοῖς

2210 2504 2290 2568 είς
2334 2504 2614 2574 ἐρήμωσιν
2645 2501 3113 2573 περιεστηκότων,
3141 2503 3345 2574 μηκέτι
3392 2498 3797 2572 προσφιλονειε

2209 2599 2349 2662 κεῖν,
2383 2596 2519 2666 μηδὲ
2562 2596 2665 2667 τῆς
2710 2593 3025 2666 τυραννίδος
3066 2593 3463 2664 ἀφανισθείσης
3506 2592 3645 2662 πρὸς
3692 2590 3782 2644 τὸν

2208 2688 2467 2759 τύραννον
2497 2686 2946 2757 ἐπιστρέφεσθαι,
2994 2685 3133 2740 ἀλλά
3168 2686 3261 2742 τὸν
3298 2685 3477 2739 κοινὸν
3504 2684 3780 2752 Δεσπότην

2207 2779 2529 2847 ἐπιγνόντας
2562 2778 2932 2848 προσδραμεῖν
2962 2774 3128 2829 αὑτοῦ
3168 2777 3234 2847 τῇ
3270 2773 3520 2845 βασιλείᾳ
3571 2773 3668 2827 καὶ
3714 2771 3781 2825 δι’

2208 2869 2544 2940 ἐπιστροφῆς
2570 2868 2800 2939 γνησίας
2848 2869 2941 2922 καὶ
2964 2867 3178 2939 θερμῆς
3211 2866 3501 2937 μετανοίας
3527 2864 3791 2934 ἀνομολοος

2206 2964 2373 3033 γῆσαι
2407 2962 2506 3032 μὲν
2533 2962 2757 3023 ἑαυτοὺς
2782 2960 2881 3031 τῆς
2908 2958 3072 3013 αὑτοῦ
3111 2958 3292 3028 χειρὸς
3325 2952 3487 3019 εἶναι,
3521 2956 3615 3010 καὶ
3643 2955 3779 3009 πλά-

2208 3071 2324 3125 σμα
2349 3052 2444 3107 καὶ
2470 3051 2886 3123 δημιούργημα,
2915 3048 3371 3121 δωκυόερνᾶσθαι
3417 3049 3476 3101 δὲ
3514 3046 3611 3101 καὶ
3640 3044 3778 3109 διεξ-

2208 3147 2436 3215 ἁγεσθαι
2461 3149 2528 3216 τῇ
2547 3145 2713 3198 αὑτοῦ
2740 3144 2989 3216 προνοίᾳ,
3013 3144 3106 3196 καὶ
3127 3141 3531 3212 φιλανθρωπία·
3551 3143 3789 3211 μισῆσαιἱ

2206 3237 2262 3291 δὲ
2293 3236 2388 3291 καὶ
2424 3235 2843 3305 ἀποστραφῆναι
2873 3234 3057 3287 τέλεον
3097 3232 3190 3287 τὸν
3236 3231 3483 3303 Ἐχθρὸν,
3511 3230 3586 3294 ὼς
3615 3230 3782 3301 μηδὲν

2206 3325 2287 3393 οἷς
2317 3328 2616 3399 πράττουσι
2640 3327 2783 3382 κατά
2811 3324 2904 3379 τὸν
2928 3325 3045 3397 βίον
3070 3324 3349 3396 μηδεμίαν
3372 3321 3524 3393 αὑτῷ
3556 3320 3782 3376 καταλισ-

2207 3424 2330 3475 πεῖν
2356 3418 2626 3483 ἐξουσίαν,
2658 3416 2795 3471 ἀλλὰ
2824 3416 2967 3488 μηδὲ
2998 3416 3254 3487 πάροδον.

2278 3705 2348 3760 Γ.
2380 3706 2442 3759 Et
2478 3702 2525 3759 δ’
2560 3705 2590 3757 ό
2625 3702 2795 3772 βαθὺς
2847 3700 3031 3755 αὐτῶν
3075 3700 3455 3772 ἐπικρατήσας
3505 3699 3607 3769 τῆς
3634 3701 3779 3754 ἀπο-

2207 3798 2433 3862 στασίας
2462 3799 2654 3860 σκότος
2687 3796 2861 3859 οὕτως
2877 3794 3058 3849 αὐτῶν
3076 3793 3378 3866 ἠμαύρωσε
3403 3794 3475 3847 τὰ
3504 3795 3777 3864 νοήματα,

2203 3890 2279 3953 ὡς
2307 3889 2527 3959 καὶτῆς
2568 3888 2884 3959 τυραννίδος
2911 3887 3014 3959 ήδη
3044 3887 3349 3958 λελυμένης
3393 3904 3455 3940 τε
3502 3888 3599 3940 καὶ
3630 3889 3779 3957 ἡφα-

2205 3982 2464 4052 νισμὲνης
2524 3980 2646 4052 μηδ’
2702 3979 2876 4043 οὕτως
2921 3978 3090 4050 αὐτὴν
3145 3980 3515 4047 ἀνανήφουσιν
3577 3977 3773 4047 ἐξομό-

2205 4075 2421 4138 σασθαι,
2451 4072 2566 4126 ἀλλ’
2604 4069 2937 4143 ὑπ’ἐκείνην
2973 4070 3172 4142 μᾶλλον
3221 4069 3381 4141 ἢτὴν
3410 4068 3504 4122 τοῦ
3546 4067 3785 4137 Ἀγαθοῦ

2208 4164 2485 4236 βασιλείαν
2514 4162 2882 4217 νεανιεύονται
2917 4160 3231 4225 τάττεσθαι,
3279 4159 3435 4231 φέρε,
3485 4158 3780 4227 δείξωμεν,

2205 4258 2297 4310 τὸν
2335 4255 2569 4309 Βασιλέα
2597 4253 2705 4307 τῶν
2724 4255 2862 4307 ὅλων
2891 4255 3040 4316 ὅπως
3070 4252 3437 4323 ἀρνουμένους
3485 4250 3648 4305 αὐτοῦ
3678 4250 3785 4319 τὴν

2205 4347 2488 4418 βασιλείαν
2532 4346 2593 4398 οὐ
2658 4345 2817 4415 μέχρι
2867 4344 2961 4397 τοῦ
3019 4343 3396 4415 καταστρέψαι
3450 4344 3551 4411 τὴν
3602 4341 3787 4413 ἀρχὴν

2206 4438 2386 4491 αὐτῶν
2412 4436 2505 4490 καὶ
2537 4435 2863 4504 ἐξαφανίσαι
2915 4434 3012 4488 καὶ
3055 4433 3348 4487 σκυλεῦσαι
3406 4432 3633 4495 τούτους
3677 4433 3788 4501 τὴν

529 4513 588 4561 et
612 4507 953 4577 patientiam,
976 4514 1263 4569 emendari
1289 4518 1491 4571 nesciis
1526 4519 1806 4575 interitum
1836 4522 2099 4579 immitte-

2210 4529 2363 4599 δίκην
2392 4528 2624 4597 ἵστησιν,
2656 4526 2792 4579 ἀλλά
2834 4526 2974 4594 μετά
3002 4526 3105 4596 τὴν
3139 4525 3346 4594 πολλὴν
3390 4523 3787 4593 μακροθυμίαν

529 4610 611 4650 re.
637 4595 893 4654 Fortasse
934 4601 1099 4656 istum
1130 4602 1233 4657 sibi
1266 4604 1555 4663 imminere
1584 4609 1833 4667 videntes
1859 4653 1876 4678 ,
1935 4628 2102 4669 sensu

527 4685 767 4752 quodam
799 4687 1057 4743 facinoris
1090 4691 1172 4745 sui
1200 4695 1506 4762 capientur,
1540 4713 1644 4754 nec
1672 4701 1903 4771 amplius
1951 4703 2102 4774 cogi-

530 4776 747 4842 tabunt,
773 4780 859 4833 vel
890 4780 1092 4847 dicent,
1126 4782 1272 4839 nolie
1312 4802 1370 4842 se
1394 4798 1457 4843 ut
1484 4790 1586 4845 sibi
1619 4792 1964 4859 dominetur,
2010 4805 2105 4851 aut

530 4875 854 4942 corporibus
900 4878 1021 4934 suis
1078 4881 1410 4951 reliquisque
1479 4886 1790 4942 visibilibus
1835 4890 2102 4944 creaturis

532 4962 796 5021 Dominus
821 4975 879 5022 et
905 4967 1023 5022 Rex
1048 4971 1287 5025 universi
1320 4973 1567 5043 imperet.
1600 4973 1733 5031 Vide
1751 4978 1918 5043 enim,
1934 4996 2099 5049 quam

530 5052 767 5122 graviter
803 5061 859 5108 et
898 5070 1091 5110 severe
1128 5058 1176 5112 is
1208 5101 1223 5124 ,
1278 5062 1367 5130 qui
1410 5071 1608 5119 natura
1656 5081 1765 5121 sua
1814 5069 2096 5126 hominum

529 5158 720 5199 amans
746 5151 869 5210 est,
916 5156 1107 5203 contra
1152 5149 1275 5206 illos
1324 5156 1649 5211 sententiam
1704 5158 1863 5215 ferat.
1917 5162 2105 5217 "oste:

532 5250 695 5299 meos,
719 5234 896 5306 inquit
920 5237 1036 5304 ille,
1072 5242 1165 5311 qui
1185 5242 1465 5299 noluerunt
1503 5264 1585 5302 me
1598 5265 1762 5319 super
1780 5268 1834 5305 se
1863 5269 2103 5323 regnare,

532 5329 781 5386 adducite
817 5332 938 5399 huc,
981 5342 1033 5388 et
1062 5346 1290 5392 mactate
1335 5356 1515 5394 coram
1558 5360 1641 5397 me
1690 5345 1759 5399 θ’.
1815 5345 1953 5411 Quid
1986 5348 2106 5403 ais?

532 5426 796 5490 stupesne
833 5424 978 5482 hanc
1002 5429 1376 5484 sententiam?
1417 5430 1633 5503 fugisne
1674 5435 1876 5490 caedem
1920 5438 2102 5492 illam?

602 5537 653 5571 ⁸¹
674 5541 811 5601 Luc.
846 5560 958 5613 xu,
980 5544 1071 5599 27.

2202 4621 2297 4673 καὶ
2324 4618 2524 4690 ἀνοχὴν
2548 4619 2780 4682 ἀνιάτως
2804 4618 3011 4687 ἔχουσι,
3043 4617 3146 4688 τὴν
3183 4616 3402 4685 σφαγὴν
3447 4617 3785 4684 ἐπαφίησιν.

2208 4712 2367 4773 Ἴσως
2397 4709 2499 4763 κᾶν
2545 4707 2677 4776 γοῦν
2715 4706 2924 4778 ταύτην
2953 4706 3139 4768 αὐτοῖς
3178 4705 3414 4776 ὁρῶντες
3444 4705 3789 4775 ἐπιφερομέ-

2202 4818 2324 4871 νην,
2358 4799 2708 4870 συναίσθησιν
2737 4816 2859 4852 τινα
2907 4798 3001 4852 τοῦ
3042 4797 3399 4868 τολμήματος
3438 4797 3645 4851 λάὅωσι
3682 4797 3789 4848 καὶ

2206 4893 2407 4965 μηκέτι
2443 4894 2578 4963 μήτε
2606 4891 2956 4961 διανοηθεϊεν,
2976 4892 3119 4961 μήτε
3148 4890 3379 4958 λέγοιεν,
3401 4889 3476 4959 μὴ
3494 4889 3670 4943 θέλειν
3689 4888 3789 4941 ἐπ’

2208 4987 2404 5049 αὐτοὺς
2433 4981 2895 5054 βασιλεύειν,ῗμηδ’
2918 4982 3113 5051 ἄρχειν
3139 4981 3319 5034 αὐτῶν
3342 4979 3453 5035 τῶν
3478 4980 3790 5050 σωμάτων,

2214 5077 2350 5150 μηδὲ
2376 5078 2474 5148 τῆς
2496 5076 2663 5146 ἄλλης
2691 5075 2894 5144 ὁρατῆς
2922 5077 3157 5135 κτίσεως
3186 5074 3278 5127 τὸν
3302 5076 3510 5143 Δημιου
3521 5072 3651 5142 ργδν
3682 5074 3796 5125 καὶ

2200 5170 2439 5224 Βασιλέα
2460 5168 2553 5221 τοῦ
2583 5169 2803 5232 παντός.
2860 5168 3003 5235 Ὅρα
3030 5166 3142 5237 γὰρ
3170 5165 3299 5236 μεθ’
3349 5167 3482 5234 ὅσης
3515 5165 3616 5233 τῆς
3640 5165 3797 5218 ἀπο-

2200 5261 2394 5330 τομίας
2424 5261 2517 5314 καὶ
2551 5259 2909 5329 σφοδρότητος
2936 5258 3035 5328 τὴν
3061 5255 3307 5327 τιμωρὸν
3339 5255 3537 5322 ἐπάγει
3584 5253 3790 5322 ψῆφον

2202 5353 2321 5406 κατ’
2360 5351 2540 5405 αὐτῶν
2596 5352 2626 5404 ό
2655 5349 2818 5418 φύσει
2866 5347 3286 5420 φιλάνθρωποςο
3330 5346 3478 5410 Τοὺς
3523 5345 3800 5412 ἐχθρούς

2199 5461 2341 5513 μου,
2381 5442 2550 5513 φησὶν
2600 5442 2811 5507 ἐκεῖνος
2828 5480 2846 5507 ,
2905 5439 3052 5506 τοὺς
3107 5439 3195 5510 μὴ
3261 5437 3651 5508 θελήσαντάς
3713 5455 3803 5507 με

1593 5676 1831 5737 VARUE
1861 5681 2250 5740 LECTIONES
2290 5685 2380 5741 ET
2424 5685 2661 5752 NOTIE,

607 5809 721 5879 ‘87)
762 5809 876 5881 Τῆς
907 5812 1250 5881 βασιλείας.
1314 5810 1633 5887 Legendum
1665 5829 1795 5889 puto
1822 5818 2109 5893 βασιλίδος,

2210 5839 2267 5880 Ia:
2294 5840 2397 5881 vox
2419 5826 2589 5897 magis
2618 5828 2875 5888 convenit
2905 5829 3155 5903 sequenti
3190 5827 3593 5901 θεραπαινίδος.

1086 6032 1117 6043 ρ
