4022 6410
230 426 340 493 185

1261 424 1559 487 CONTRA
1597 423 2057 486 MANICHEOS
2090 425 2322 487 LIBER
2362 426 2462 488 IV.

3409 414 3512 480 186

221 542 606 610 ,βασιλεῦσαι
631 540 729 595 ἐπ’
757 539 1002 607 αὐτοὺς,
1025 538 1277 611 ἀγάγετε
1322 533 1461 604 ὧδε,
1490 539 1591 595 καὶ
1638 557 1819 593 κατα-

1946 558 2214 614 lesistisne
2237 574 2265 612 a
2299 556 2597 613 dividendo
2624 557 2857 629 imperio
2882 556 2973 612 Dei
3002 553 3209 627 Optimi
3228 554 3252 609 ’ί
3269 554 3509 608 Conver-

235 636 520 708 σφάεατε
546 634 891 704 ἔμπροσθέν
912 651 1057 703 μου.
1084 632 1345 701 Τίλέγεις
1374 649 1389 696 ;
1426 632 1674 702 φρίττεις
1721 631 1823 700 τὴν

235 729 443 800 ψῆφον,
473 728 569 781 καὶ
596 725 825 797 φεύγεις
857 725 956 795 τὴν
984 724 1245 794 σφαγήν,
1302 723 1399 776 καὶ
1429 723 1524 776 τοῦ
1578 722 1824 794 δικάζειν

234 822 545 889 ἀφίστασαι
612 818 714 889 τὴν
768 816 1050 888 βασιλείαν
1091 814 1186 869 τοῦ
1232 814 1443 883 ἀγαθοῦ
1511 814 1687 880 Θεοῦ;
1729 816 1826 869 καὶ

238 912 382 983 πρὸς
411 910 751 983 ἐπιστροφὴν
774 909 929 981 ὁρᾷς,
956 907 1040 977 ἐφ’
1077 899 1121 976 ᾧ
1152 907 1254 977 τὴν
1280 906 1620 976 Δεσποτικὴν
1645 906 1827 977 ἀρχὴν

238 1002 539 1074 ὀλόκληρον
568 1001 669 1072 μὶν
694 1001 1003 1071 ὁμολογεῖν,
1034 1002 1129 1054 καὶ
1176 998 1286 1053 τῶν
1329 998 1604 1069 σωμάτων
1642 998 1699 1051 δὲ
1733 999 1829 1051 καὶ⁵

238 1096 346 1168 τῆς
368 1096 548 1166 ψυχῆς
594 1092 970 1164 ἀναφέρεσθαι
1019 1092 1119 1163 τὴν
1152 1090 1451 1161 κυριότητα
1486 1092 1568 1155 είς
1615 1090 1827 1160 αὐτήν;

245 1189 275 1259 ἢ
318 1189 481 1257 μέχρι
500 1186 593 1240 τοῦ
632 1187 848 1249 παθεῖν,
881 1185 919 1240 ἃ.
954 1184 1151 1238 παθεῖν
1197 1180 1553 1247 ἀθλιώτατον,
1613 1183 1711 1235 καὶ⁵
1766 1174 1831 1236 οὗ

245 1280 328 1349 μὴ
363 1279 479 1333 ἔστι
511 1278 650 1349 μηδὲ
706 1279 915 1350 ῥήματι
959 1276 1199 1347 δηλῶσαι
1229 1274 1633 1346 χαλεπώτερον,
1674 1276 1831 1344 φιλο-

243 1373 486 1433 νεικεῖςς
520 1372 629 1425 Καὶ
683 1374 792 1442 γὰρ
847 1370 958 1424 οὐδ’
986 1367 1303 1424 ἀποκτείνει
1336 1366 1519 1436 μόνον,
1546 1367 1669 1420 οὐδὲ
1728 1371 1830 1438 τῆς

243 1463 531 1535 παρούσης
566 1464 773 1533 ἀπάγει
806 1464 975 1535 ζωῆς,
1002 1462 1140 1516 ἀλλά
1174 1460 1314 1533 μετὰ
1336 1459 1398 1512 τὸ
1440 1460 1831 1517 ἀποκτιννύναι

244 1558 306 1609 ὲν
335 1557 683 1628 ἀτελευτήτῳ
713 1556 804 1611 καὶ
825 1555 1092 1627 ἀδιαδόχῳ
1122 1555 1317 1629 γεέννῃ
1356 1556 1549 1630 πυρὸς,
1582 1556 1680 1609 καὶ
1730 1555 1831 1627 τὴν

243 1647 430 1717 ψυχὴν
454 1648 549 1702 καὶ
569 1649 629 1702 τὸ
661 1648 822 1720 σῶμα
848 1647 1213 1719 τιμωρεῖσθαι
1246 1650 1635 1722 παραπέμπει.
1668 1649 1833 1703 Ἀλλά

246 1740 361 1809 γὰρ
389 1738 502 1807 ἐγώ
544 1754 628 1793 σοι
666 1740 762 1792 καὶ
810 1738 975 1809 ἕτερα
1008 1738 1265 1803 πλείονα,
1322 1742 1435 1793 εἴτε
1485 1741 1616 1811 βέλη
1651 1740 1854 1812 βούλει.

244 1816 627 1899 τιτρώσκοντα
653 1831 748 1886 καὶ
792 1829 1191 1900 έξαφανίζοντα
1222 1832 1580 1903 πολυτρόπως
1618 1850 1681 1886 τε
1735 1833 1833 1886 καὶ

247 1923 581 1994 πολυμερῶς
604 1923 686 1977 ἔτι
718 1925 877 1978 τόσον
906 1924 1105 1988 ἀσεϐὲς
1139 1925 1416 1996 φρόνημα,
1446 1926 1557 1980 εἴτε
1584 1927 1832 1997 σωτήρια

248 2012 527 2081 φάρμακα
550 2013 652 2084 τῆς
680 2015 836 2069 νόσου
855 2015 951 2069 καὶ
980 2015 1187 2085 ἰάματα
1215 2018 1280 2070 ὲκ
1309 2017 1409 2085 τῆς
1439 2017 1617 2087 αὐτῆς
1645 2018 1836 2088 φιλαν-

249 2102 476 2174 θρώπου
505 2106 602 2159 καλ⁵
654 2107 1165 2179 παντοκρατορικῆς
1232 2107 1489 2179 γλώσσης
1534 2109 1736 2175 λαϐὼν,
1770 2111 1838 2166 ἂν

1926 651 2067 705 tisne
2096 660 2147 705 te
2177 650 2243 704 ad
2265 649 2669 720 paenitentiam,
2696 658 2757 703 ut
2782 647 3074 719 imperium
3120 644 3337 700 Domini
3391 642 3514 712 ple-

1926 743 2140 796 narium
2168 742 2479 797 conﬁtearis
2507 783 2522 806 ,
2553 751 2609 796 et
2633 742 2698 796 ad
2740 731 2882 796 idem
2911 750 3027 795 tum
3067 751 3362 807 corporum
3397 744 3512 789 tum

1928 837 2124 891 animze
2158 835 2460 889 dominium
2512 834 2853 889 transferas?
2900 849 2969 887 an
3026 832 3211 903 potius
3270 840 3516 900 pugnare

1928 936 2117 983 contra
2149 926 2281 981 illud
2314 942 2485 991 amas,
2518 942 2692 996 usque
2719 926 2847 980 dum
2882 940 2944 979 ea
2972 920 3299 994 perpetiaris
3321 961 3335 983 ,
3393 932 3516 987 qua:

1930 1015 2140 1089 perpeti
2172 1016 2552 1088 tristissimum
2581 1026 2684 1079 est,
2720 1025 2770 1070 et
2811 1014 3013 1084 quibus
3047 1013 3299 1084 graviora
3332 1007 3518 1062 verbis

1932 1107 2160 1178 exprimi
2192 1123 2299 1161 non
2330 1107 2598 1177 possunt?
2643 1106 2888 1176 Namque
2929 1121 3039 1160 non
3081 1103 3281 1159 occidit
3315 1102 3514 1164 solum,

1932 1209 1989 1255 et
2012 1216 2081 1254 ex
2114 1200 2369 1270 praesenti
2399 1198 2509 1255 vita
2542 1199 2702 1263 tollit,
2748 1200 2845 1254 sed
2884 1209 3173 1269 postquam
3216 1196 3520 1251 intereme-

1933 1294 2028 1355 rit,
2070 1300 2124 1346 te
2151 1292 2205 1346 in
2230 1300 2551 1361 perpetuam
2583 1308 2686 1347 nec
2736 1291 3030 1346 ﬁniendam
3099 1304 3341 1358 unquam
3428 1302 3521 1357 ge—

1935 1385 2172 1441 hennam
2205 1385 2365 1457 ignis,
2407 1385 2589 1440 anima
2616 1393 2671 1440 et
2705 1400 2934 1455 corpore
2976 1383 3340 1455 puniendum.
3372 1380 3522 1433 able-

1935 1486 2043 1549 gat.
2074 1478 2367 1531 Enimvero
2402 1486 2456 1531 et
2475 1477 2580 1532 alia
2612 1476 2710 1531 tibi
2741 1477 2895 1545 plura
2934 1515 2951 1541 ,
3006 1476 3141 1530 sive‘
3163 1475 3267 1528 tela
3323 1471 3521 1533 mavis,

1936 1571 2159 1642 impiam
2201 1572 2345 1625 hanc
2389 1570 2719 1626 sententiam
2751 1568 2918 1623 variis
2958 1566 3134 1621 modis
3173 1562 3522 1619 conﬁcientia

1936 1670 1990 1717 et
2015 1660 2407 1725 confodientia,
2439 1660 2556 1714 sive
2585 1659 2846 1713 salutaria
2883 1664 3072 1712 contra
3106 1654 3357 1708 morbum
3406 1665 3524 1704 me-

1935 1753 2207 1808 dicamina
2234 1768 2299 1808 ex
2349 1751 2519 1808 verbo
2558 1750 2672 1806 oris
2705 1748 3101 1819 omnipotentis
3131 1755 3186 1802 et
3239 1745 3525 1801 hominum

1936 1843 2172 1897 amantis
2208 1843 2495 1912 desumpta
2536 1840 2798 1907 aﬁ'eram,
2852 1849 2910 1894 et
2965 1839 3033 1893 ad
3088 1835 3527 1908 propulsandum

1936 1932 2187 1988 morbum
2220 1932 2461 1987 studium
2488 1931 2791 1993 conferam,
2822 1931 2865 1984 si
2901 1928 3042 1984 forte
3064 1927 3287 1983 sanitati
3312 1922 3527 1979 restitui

1940 2025 2143 2095 potius,
2178 2039 2343 2095 quam
2388 2039 2459 2079 ex
2496 2022 2820 2079 vulneribus
2868 2028 3140 2092 perpetuo
3196 2018 3530 2074 decumbere

1943 2132 2155 2186 cupias.

248 2194 365 2268 ἄρα
397 2216 480 2253 σοι
504 2201 605 2271 τῆς
637 2202 829 2271 ὑγείας
848 2203 1009 2274 ἔρως,
1046 2203 1169 2257 ἀντὶ
1208 2204 1304 2258 τοῦ
1366 2206 1725 2261 κατακεῖσθαι
1762 2213 2314 2284 τετραυματισμένῳ,
2379 2212 2731 2284 περιγέγονε,
2755 2211 3035 2281 προοίσω,
3076 2209 3173 2262 καὶ⁵
3234 2208 3370 2279 πρὸς
3424 2205 3523 2275 τὴν

248 2295 579 2369 ἀπαλλαγὴν
619 2298 1061 2369 συναγωνίσομαι
1081 2299 1177 2355 τοῦ
1202 2303 1535 2373 νοσήματοςέ

328 2391 401 2442 Δ’.
430 2387 740 2460 Ἐκήρυσσε
774 2388 869 2442 τὸν
912 2390 1154 2460 Χριστὸν
1182 2393 1211 2445 ὁ
1232 2391 1494 2463 Ἰωάννης
1541 2391 1713 2463 μήπω
1742 2393 1842 2463 τῆς

250 2480 485 2552 χάριτος
513 2478 825 2550 μετασχὼν,
876 2480 993 2534 ἀλλ’
1026 2480 1107 2533 ἔτι
1136 2479 1215 2551 τῷ
1254 2482 1406 2552 νόμῳ
1444 2482 1839 2551 παιδαγωγού-

257 2588 444 2642 μενος.
489 2570 795 2643 Ἐκήρυσσε
826 2571 882 2625 δὲ
913 2570 1183 2641 θεολογῶν
1236 2572 1334 2643 μὲν
1388 2574 1574 2637 αὐτὸν,
1630 2568 1713 2637 οἷς
1742 2573 1838 2628 τοῦ

253 2664 467 2735 κόσμου
493 2664 591 2735 τὴν
636 2663 913 2734 ἁμαρτίαν
964 2664 1142 2735 αίρειν
1185 2664 1358 2719 ἅπασι
1412 2664 1845 2738 διεμαρτύρατο,

252 2755 359 2810 καὶ
388 2750 472 2820 οἷς
497 2754 661 2810 αὐτόν
690 2756 820 2809 Υἱδν
867 2755 1003 2809 Θεοῦ
1051 2757 1146 2811 καὶ
1169 2760 1228 2810 ὲν
1281 2758 1416 2829 πυρὶ
1463 2757 1560 2810 καὶ⁹
1599 2759 1659 2811 ὲν
1703 2758 1845 2829 ἁγίῳ

255 2849 597 2921 βαπτίζοντα
626 2846 931 2919 Πνεύματι,
955 2852 1206 2905 τουτέστι
1231 2854 1298 2923 τῇ
1324 2850 1563 2923 ἐμπύρῳ
1588 2852 1684 2906 καὶ
1701 2870 1846 2924 πρη-

255 2943 470 3013 στηρίῳ
491 2942 602 3013 (88)
633 2942 728 2996 τοῦ
782 2942 1101 3013 Πνεύματος
1150 2943 1382 3015 δυνάμει
1438 2943 1538 3015 τὴν
1587 2961 1838 2999 καταπε-

254 3035 466 3089 σοῦσαν
495 3036 657 3106 ημῶν
700 3035 867 3105 φύσιν
910 3035 1327 3106 ἀναχωνεύοντά
1380 3055 1439 3090 τε
1479 3038 1574 3090 καὶ
1618 3039 1850 3092 ἀνακαι·

252 3128 481 3194 νῖζοντα
510 3128 775 3202 ἐλευθέρᾳ
803 3130 957 3201 φωνῇ
998 3128 1369 3185 ἀνεδίδασκεν.
1414 3129 1727 3201 Ἐκὴρυσσε
1783 3130 1842 3184 δὲ

2012 2388 2100 2444 IV.
2140 2389 2466 2447 Pnedicavit
2492 2390 2771 2446 Christum
2797 2390 3059 2454 Joannes,
3089 2388 3314 2444 imiteris
3343 2389 3531 2460 gratiae

1940 2482 2185 2537 nondum
2232 2484 2507 2553 particeps
2541 2524 2558 2547 ,
2610 2483 2707 2537 sed
2760 2481 3066 2537 secundum
3118 2482 3292 2551 legem
3348 2482 3532 2536 adhuc

1942 2572 2157 2628 ductus.
2192 2573 2515 2628 Praedicavit
2549 2582 2735 2627 autem
2763 2588 2911 2637 eum,
2952 2581 3008 2627 et
3044 2572 3216 2625 Deum
3251 2572 3532 2640 professus

1943 2673 2027 2719 est
2049 2664 2115 2719 iis
2146 2665 2279 2719 locis
2301 2663 2586 2727 omnibus,
2622 2663 2820 2733 quibus
2862 2670 3092 2717 testatus
3121 2673 3205 2716 est
3245 2678 3371 2717 eum
3402 2678 3531 2732 pec-

1945 2767 2065 2813 cata
2095 2756 2284 2812 mundi
2317 2756 2525 2821 tollere,
2547 2766 2602 2811 et
2626 2756 2825 2825 quibus
2849 2757 3024 2826 ipsum
3052 2753 3149 2810 Dei
3186 2754 3381 2809 Filium
3410 2756 3535 2826 igne

1946 2858 2002 2905 et
2034 2850 2240 2919 Spiritu
2266 2858 2457 2905 sancto
2486 2848 2879 2919 baptizantem,
2935 2847 2989 2902 id
3022 2858 3128 2913 est,
3154 2848 3309 2918 ignea
3342 2857 3397 2903 et
3423 2848 3536 2901 ful-

1945 2944 2124 2999 minea
2159 2943 2397 3014 Spiritus
2424 2944 2626 2998 virtute
2656 2953 2907 2997 naturam
2942 2954 3190 2997 nostram
3217 2942 3537 3011 depressam

1944 3038 2274 3095 excitantetu
2302 3046 2359 3092 et
2392 3045 2752 3092 renovantem
2790 3035 2962 3091 libera
2991 3050 3126 3090 voce
3171 3034 3534 3089 demonstrat.

1950 3130 2428 3186 Praedicavitvero
2456 3139 2512 3185 et
2542 3132 2784 3196 Patrem,
2818 3146 3080 3200 eumque,
3119 3138 3179 3184 ut
3216 3130 3409 3203 Deum,
3452 3127 3540 3181 in-

254 3221 486 3277 καὶτὸν
541 3222 786 3294 Πατέρα,
842 3221 1231 3306 θεολογῶνῆτε
1283 3223 1470 3289 αὑτὸν,
1500 3224 1597 3277 καὶ
1628 3226 1693 3277 ὲκ
1733 3224 1840 3277 τῶν

1952 3224 2173 3281 dubiam
2212 3232 2540 3293 potestatem
2580 3224 2747 3278 etiam
2792 3239 2859 3279 ex
2908 3221 3181 3293 lapidibus
3224 3221 3540 3274 Abrahamo

252 3310 427 3365 λίθων
470 3311 682 3383 ἐγεῖραι
719 3314 887 3366 τέκνα
913 3310 990 3383 τῷ
1036 3299 1291 3383 Ἀϐραὰμ
1343 3313 1443 3385 τὴν
1503 3315 1661 3384 ίσχὺν
1690 3316 1845 3368 ἀκώ-

254 3389 667 3475 >υτον’ἔχοντα.
699 3404 807 3457 Καὶ
836 3404 899 3457 τὸ
938 3403 1168 3475 Πνεῦμα
1195 3402 1275 3470 δὲ,
1306 3402 1390 3468 οἷς
1418 3422 1476 3459 τε
1507 3405 1567 3470 ἐξ
1608 3407 1844 3477 ούρανοῦ

256 3496 549 3568 προελθεῖν
578 3496 867 3562 ἐθεάσατο,
895 3496 989 3551 καὶ
1026 3494 1109 3561 οἷς
1138 3496 1234 3552 ἐπὶ
1274 3498 1370 3551 τὸν
1401 3498 1531 3551 Υίόν
1572 3499 1668 3552 τοῦ
1709 3498 1845 3553 Θεοῦ

255 3592 358 3643 τὸν
391 3591 656 3660 μονογενῆ
685 3590 1017 3660 ὲπεφοίτησέ
1040 3606 1123 3653 τε,
1146 3590 1239 3643 καὶ
1254 3588 1331 3653 ὡς
1368 3590 1646 3661 όμοουσίῳ
1671 3608 1847 3661 προσ-

258 3684 452 3753 έμενε,
485 3684 579 3736 κα).
598 3683 658 3736 τό
685 3700 750 3753 γε
781 3681 1263 3755 θεολογικὼτερον,
1312 3677 1394 3745 οἷς
1421 3682 1679 3737 κοινωνὸν
1714 3684 1848 3737 αὐτὸ

258 3774 367 3846 τῆς
394 3774 661 3845 ἐργασίας
685 3772 1009 3843 ἀνομολογεῖ
1028 3772 1165 3842 (89),
1204 3771 1273 3827 δι’
1305 3767 1375 3845 ἧς
1416 3773 1449 3841 ἡ
1474 3770 1721 3841 σωτηρία
1753 3770 1847 3825 τοῦ

258 3867 472 3936 κόσμου
503 3864 966 3937 ἐπαρρησιάζετο.
1006 3865 1118 3917 Καὶ
1146 3863 1258 3937 γὰρ
1294 3864 1480 3934 κοινὴν
1528 3864 1717 3926 αὐτοῖς
1749 3861 1850 3934 τὴν

256 3955 373 4009 τῶν
418 3956 725 4026 ἀνθρώπων
760 3954 1039 4027 σωτηρίαν
1072 3955 1395 4026 ἀνατίθησιν
1420 3968 1433 3982 ⁶
1471 3956 1631 4025 εἰπερ
1671 3956 1699 4008 ὀ
1747 3954 1850 4024 μὲν

258 4051 413 4119 αἴρει
451 4048 551 4117 τὴν
596 4047 878 4118 ἁμαρτίαν
917 4046 1011 4099 τοῦ
1041 4048 1272 4118 κόσμου,
1308 4046 1448 4117 αὕτη
1487 4046 1546 4099 δὲ
1577 4046 1657 4117 τῷ
1705 4064 1849 4100 παν-

258 4142 409 4211 αγίῳ
438 4140 718 4211 ῐῖνεύματι
748 4140 1076 4212 καθαίρεταί
1111 4140 1282 4194 τεκαὶ
1303 4140 1705 4210 ἀποσμήχεται.
1740 4138 1850 4193 Καὶ

258 4235 376 4305 γὰρ
439 4236 709 4308 λαμπρῶς
764 4236 1169 4307 ἀνακέκραγεν,
1217 4234 1296 4299 ὼς
1347 4236 1377 4288 ὁ
1457 4237 1685 4305 κόσμος,
1747 4236 1849 4305 τῆς

261 4328 545 4399 ἁμαρτίας
572 4328 672 4401 τὴν
701 4328 1017 4400 ἐλευθερίαν
1043 4328 1362 4399 δεχόμενος,
1391 4329 1487 4382 καὶ
1517 4328 1616 4399 τῆς
1665 4346 1849 4399 σωτη-

266 4420 392 4493 ρίας
428 4418 769 4491 ἀξιούμενος,
810 4421 889 4493 τῷ
936 4421 1193 4493 παναγίῳ
1241 4420 1528 4491 ΙΙνεύματι
1581 4416 1701 4473 εἶτα
1754 4419 1850 4473 καὶ

263 4513 407 4585 πυρὶ
442 4513 867 4585 βαπτιζόμενος,
900 4508 1058 4570 διὀύ
1095 4514 1195 4586 τὴν
1250 4514 1536 4586 πυρφόρον
1574 4515 1671 4567 καὶ
1716 4513 1850 4585 δρα-

1956 3317 2095 3371 lilios
2144 3316 2463 3387 procreandi
2520 3316 2725 3371 habere
2766 3316 3049 3387 professus
3077 3324 3182 3369 est.
3214 3312 3541 3369 Praadicavit

1953 3423 2085 3464 vero
2104 3409 2270 3463 etiam
2304 3408 2566 3478 Spiritum
2594 3418 2869 3472 sanctum,
2894 3409 3114 3479 quando
3137 3423 3264 3463 eum
3294 3423 3357 3461 ex
3388 3406 3542 3462 coalis

1954 3502 2304 3573 prodiisse,et
2333 3502 2388 3555 in
2422 3501 2618 3556 Filium
2655 3502 2747 3557 Dei
2786 3502 3129 3573 unigenitum
3159 3500 3539 3565 descendisse,

1954 3601 2011 3649 et
2034 3607 2199 3661 super
2226 3606 2291 3646 eo
2342 3600 2602 3661 tanquam
2642 3592 2889 3662 ejusdem
2923 3591 3179 3646 essentia:
3222 3590 3541 3645 consedisse

1955 3686 2123 3749 videt,
2152 3685 2283 3749 imo,
2314 3686 2461 3756 quod
2493 3687 2667 3757 magis
2699 3686 2871 3742 Deum
2899 3684 3088 3751 infert,
3137 3685 3358 3755 quando
3412 3699 3542 3739 eum

1956 3791 2018 3836 ut
2036 3781 2355 3852 participem
2378 3780 2562 3852 operis
2590 3781 2851 3847 celebrat,
2875 3780 2931 3835 in
2961 3796 3071 3850 quo
3096 3780 3243 3835 salus
3270 3778 3458 3835 mundi
3482 3793 3544 3833 se

1954 3874 2401 3944 conspiciendam
2445 3873 2699 3943 praebuit.
2750 3872 2998 3942 Namque
3048 3872 3263 3941 utrique
3322 3884 3545 3926 causam

1958 3968 2149 4025 salutis
2190 3968 2477 4024 hominum
2521 3977 2803 4038 acceptam
2845 3967 2976 4024 lert.
3024 3966 3176 4020 Alter
3208 3964 3357 4018 enim
3406 3961 3548 4017 tollit

1957 4070 2243 4133 peccatum
2281 4061 2496 4126 mundi,
2531 4061 2638 4116 hoc
2668 4070 2853 4115 autem
2882 4076 2981 4130 per
3010 4058 3277 4129 Spiritum
3313 4055 3549 4111 sanctis-

1957 4151 2157 4208 simum
2182 4152 2477 4209 mundatur
2500 4161 2556 4207 et
2583 4152 2939 4222 abstergitur.
2971 4150 3133 4205 Clare
3166 4149 3313 4204 enim
3343 4148 3547 4203 clama-

1958 4247 2057 4313 vit,
2083 4247 2226 4317 qnod
2255 4246 2513 4310 mundus,
2536 4262 2566 4300 a
2598 4255 2822 4316 peccato
2853 4245 3133 4311 liberatus,
3169 4253 3225 4298 et
3250 4243 3428 4297 salute
3461 4242 3551 4295 di-

1959 4353 2097 4410 gnus
2126 4338 2365 4401 habitus,
2418 4346 2532 4393 tum
2572 4352 2705 4392 vero
2752 4336 2966 4407 Spiritu
3032 4344 3225 4391 sancto
3256 4348 3321 4389 ac
3356 4341 3548 4404 postea

1958 4430 2084 4502 igne
2135 4428 2477 4499 baptizatus,
2530 4444 2629 4498 per
2685 4443 2851 4498 quem
2914 4426 3023 4483 vim
3083 4425 3323 4496 Spiritus
3370 4423 3550 4479 sancti

1960 4520 2495 4593 igneam,ellicacem
2525 4530 2580 4575 et
2625 4519 2986 4590 expiatoriam
3036 4517 3342 4587 intelligere
3395 4517 3549 4580 licet,

265 4608 465 4675 στικὴν
506 4605 603 4660 καὶ
650 4605 948 4678 καθάρσιον
999 4606 1095 4661 τοῦ
1134 4607 1450 4676 Πνεύματος
1500 4608 1656 4677 ἰσχὺν
1694 4606 1840 4661 ἔστιν

1954 4626 2105 4673 tanto
2138 4614 2407 4671 beneﬁcio
2430 4614 2663 4669 fruatur.
2695 4612 2942 4679 Quorum
2970 4626 3105 4667 vero
3127 4624 3268 4680 opus
3293 4622 3549 4663 commu-

262 4697 654 4769 ἐκμανθάνειν,
684 4699 782 4767 τῆς
811 4698 1149 4770 τηλικαύτης
1181 4697 1501 4769 εὐεργεσίας
1530 4699 1844 4753 ἀπολαύου-

1954 4722 2026 4762 ne
2054 4715 2140 4761 est
2168 4714 2224 4760 et
2259 4705 2556 4759 indivisnm
2584 4745 2599 4770 ,
2649 4704 2795 4773 quod
2834 4701 3027 4757 mundi
3084 4696 3443 4754 renovatione
3494 4702 3555 4747 et.

266 4807 379 4844 σιν.
411 4782 514 4842 Ὧν
534 4790 591 4844 δὲ
628 4790 690 4842 τὺ
723 4792 883 4861 ἔργον
912 4792 1091 4846 κοινὸν
1108 4792 1203 4846 καὶ
1233 4792 1563 4863 ἀμέριστον,
1592 4794 1689 4847 καὶ
1728 4792 1840 4847 τότε

1952 4796 2299 4867 reparatione
2325 4797 2677 4858 continetur.
2716 4794 2992 4864 quomodo
3032 4790 3140 4845 illis
3188 4802 3302 4842 non
3353 4785 3551 4840 eadem

267 4882 479 4951 κόσμου
529 4884 925 4954 ἁνακαινισμδς
967 4885 1064 4937 καὶ
1112 4883 1441 4948 ἀνάπλασις,
1475 4883 1596 4948 πῶς
1664 4884 1765 4955 οὐχ
1820 4886 1840 4937 'i

1954 4895 2172 4951 natura,
2199 4887 2390 4942 eadem
2429 4902 2558 4941 vero
2589 4887 2758 4943 etiam
2786 4893 3052 4956 potestas,
3084 4879 3281 4936 eadem
3309 4876 3555 4946 denique

266 4973 413 5043 αὐτὴ
443 4975 541 5044 μὲν
560 4975 772 5039 τούτοις
814 4975 999 5045 φύσις,
1041 4977 1072 5047 ἡ
1114 4975 1252 5045 αὐτὴ
1300 4975 1590 5047 δὲείσχὺς,
1640 4978 1674 5048 ἡ
1715 4977 1840 5032 αὐτῦ

1952 4980 2270 5035 humanitas
2295 4988 2351 5034 et
2380 4978 2725 5050 providentia
2758 4976 2963 5034 fuerit?
2999 4975 3101 5042 Qui
3132 4973 3301 5046 igitur
3346 4972 3400 5025 in
3432 4970 3555 5040 ipso

262 5065 331 5120 δὲ
360 5067 743 5139 φιλανθρωπία
772 5072 867 5123 καὶ
910 5070 1176 5142 πρόνοιαῂ
1216 5068 1376 5125 Οὕτω
1420 5068 1554 5138 γοῦν
1587 5069 1647 5137 ἐξ
1683 5070 1840 5141 αὐτῆς

1955 5073 2146 5128 limine
2176 5074 2348 5129 Deum
2383 5073 2584 5131 trinum
2631 5069 2971 5147 praedicavit,
3009 5077 3066 5125 et
3098 5065 3447 5123 treinendinn
3487 5078 3554 5118 ac

1388 5205 1624 5263 VARI/13
1659 5205 2047 5265 LECTIONES
2083 5206 2174 5264 ET
2212 5205 2445 5265 NOTAE.

343 5321 473 5389 (88)-
491 5320 601 5374 Καὶ
627 5323 997 5390 πρηστηρίφ.
1027 5321 1219 5379 Varias
1245 5324 1531 5391 phraseos,
1581 5325 1640 5377 ὲν
1673 5324 1849 5378 Πνεύ-

1958 5323 2157 5395 ἡδονὰς
2201 5320 2583 5395 οὐκ-ἀφιέντι
2628 5318 2723 5371 τὸν
2747 5314 2910 5395 νοῦν,
2949 5309 3449 5395 ἀποτετελέσμεθα.
3490 5310 3553 5365 δὲ

270 5408 408 5462 ματι
435 5391 529 5445 καὶ
552 5392 709 5518 ﬂuxi,
736 5407 856 5460 quae
892 5393 1088 5449 Matth.
1128 5410 1210 5459 In,
1247 5395 1336 5462 11,
1364 5403 1564 5459 exstat,
1609 5396 1851 5465 explica-

270 5462 452 5518 tiones
504 5477 609 5518 aou
713 5462 901 5518 Patres
962 5464 1263 5518 inveneris.
1320 5480 1553 5518 nuarum
1638 5476 1851 5518 partem

1958 5382 2247 5465 ταύτῃαοι
2279 5391 2357 5462 τῷ
2415 5382 2693 5465 πνεύματι
2741 5382 2992 5453 ζέοντεςο
3048 5389 3151 5442 hoc
3212 5382 3369 5465 est):
3423 5382 3557 5465 Ignne

270 5454 452 5535 tiones
504 5454 901 5535 apud_'Patt;es
962 5454 1263 5530 inveneris,
1320 5454 1583 5535 quarum'_
1638 5454 1851 5534 partem
1959 5454 2233 5535 spiriihali
2262 5454 2594 5517 consumente
2627 5462 2779 5535 [ωερε
2800 5469 3030 5524 nostras,
3056 5468 3104 5512 et
3136 5456 3339 5535 peccati
3368 5454 3550 5535 sordes

265 5532 497 5603 exhibet
523 5525 609 5587 Io.
640 5530 1094 5603 Casp.Svicerus,
1145 5535 1200 5589 in
1251 5525 1514 5590 Thesauro
1537 5525 1846 5590 Ecc'lesiast.
1962 5525 2289 5599 dbsumenle,
2348 5549 2439 5586 nec
2478 5525 2830 5603 permittente,
2880 5540 2936 5583 ut
3012 5525 3188 5603 mens.
3230 5525 3554 5603 inordinati}

267 5612 409 5658 tom.
440 5602 480 5667 Ι,
513 5618 568 5673 p.
601 5604 707 5659 629
734 5590 849 5673 seq.
877 5590 965 5662 Ad
992 5590 1167 5661 nostri
1200 5604 1383 5662 Photii
1418 5606 1565 5659 illam
1601 5608 1852 5673 proxime
1958 5590 2319 5672 voluptatibris
2380 5590 2653 5672 frig'escaf,
2706 5590 2828 5655 hac.
2867 5610 3042 5673 autem
3082 5596 3288 5653 ratione
3336 5590 3552 5673 perfecti

268 5674 486 5747 accedit
512 5673 761 5747 Cyrilluﬁs,
774 5673 1178 5747 Alexandrinus
1206 5676 1307 5733 lib.
1334 5693 1418 5738 ut,
1446 5675 1771 5747 Glaphyran
1796 5677 1852 5747 in

272 5741 641 5817 Exodumfp.
666 5745 792 5817 522,
834 5746 909 5801 ita
930 5746 1177 5817 scribens
1213 5763 1228 5800 :
1257 5747 1398 5816 Πυρὶ
1436 5746 1516 5815 τῷ
1547 5741 1727 5817 νοητῷ
1762 5745 1840 5817 τοι

1962 5743 2162 5817 Noster
2182 5741 2355 5817 παθη
2375 5741 2565 5817 plura.

272 5813 499 5903 svjplv
520 5813 1151 5903 MfngwncupcpEtby,
1194 5817 1289 5903 XCI}
1333 5813 1424 5870 ⁴τὸν
1476 5813 1537 5903 ἐξ
1568 5813 1853 5903 agape;
1963 5813 2172 5903 Μίξξξλ)
2250 5813 2656 5884 ’Λνομολογεί

273 5883 568 5952 ἑκτήκοντι
600 5885 793 5955 ῥύπον,
824 5883 1347 5959 καὶ’ἀποψύχεσθαι
1399 5887 1539 5959 πρὸς
1589 5883 1857 5951 ε’κτόπους
1963 5884 2166 5954 λογεῖν.

1959 5665 2141 5729 sum
2182 5674 2310 5743 facti
2346 5665 2541 5743 spiritu
2570 5665 2846 5743 ferventes.
2891 5670 3028 5725 Vide
3075 5684 3197 5739 quae
3233 5665 3397 5736 paulo
3429 5670 3554 5733 post

2717 5815 2797 5868 lta
2858 5807 3120 5881 rescripsi
3183 5821 3283 5877 pro
3353 5802 3553 5870 ἀνομο·
