4022 6414
541 416 636 481 187

1701 405 1965 467 ΡΠΟΤΙΙ
2005 397 2514 463 ΡΛΤΠΙΑΠΟΠᾹΞ
2544 397 2656 458 CP.

3691 403 3800 468 188

535 531 910 588 venerandum
944 531 1138 600 dogma
1183 527 1289 583 hoc
1324 527 1378 581 in
1425 524 1649 581 introitu
1687 523 1968 579 concionis
2003 537 2115 576 suae

2228 519 2402 582 ἑστίας
2432 514 2701 585 θεολογῶν
2732 513 2832 586 τὴν
2856 515 3086 586 Τριάδα,
3116 516 3210 570 καὶ
3249 516 3312 571 τὸ
3353 518 3456 589 τῆς
3503 520 3797 593 θεολογίας

535 624 838 695 proposuit,
861 621 1007 691 quod
1029 622 1290 676 Servatur
1313 627 1437 688 post
1469 617 1924 672 resurrectionem
1955 615 2115 669 disci-

538 714 678 782 pulis
709 713 822 767 suis
849 712 1050 766 clarius
1087 708 1374 779 explicavit
1404 747 1420 769 ,
1475 723 1606 760 nutu
1654 706 1700 760 is
1747 706 1967 759 aliunde
1997 704 2114 758 haec

538 803 808 865 hausisse,
833 811 889 856 et
927 801 1128 854 dixisse
1167 814 1232 852 ac
1280 795 1602 866 pra-dicasse
1649 795 1747 850 tibi
1789 795 2024 859 videtur,
2056 800 2116 847 ut

537 896 623 949 vel
675 896 844 965 legem
877 892 1062 963 gratia:
1094 891 1425 944 contrariam
1465 889 1693 952 dixerit,
1753 891 1836 942 vel
1877 887 2112 958 negarit,

537 1004 688 1050 cum,
737 986 828 1054 qui
878 1000 943 1038 ex
984 982 1254 1052 lapidibus
1298 981 1615 1035 Abrahamo
1649 994 1835 1034 semen
1879 978 2116 1032 excitare

538 1079 729 1149 possit,
760 1076 1105 1130 Servatoretn
1133 1072 1324 1126 mundi
1369 1072 1542 1124 ﬁlium
1573 1086 1732 1124 suum
1772 1080 1828 1125 et
1855 1068 2114 1122 dilectum

539 1188 682 1235 esse,
705 1168 958 1223 omnibus
992 1165 1440 1220 demonstrasse?
1465 1163 1522 1216 Si
1553 1177 1706 1229 vero,
1738 1161 1830 1230 qui
1865 1159 1968 1214 sub
1999 1159 2116 1228 lege

538 1264 723 1333 gratire
754 1274 1033 1330 prmcones
1066 1256 1309 1320 fuerunt,
1343 1265 1400 1310 et
1436 1255 1552 1325 ipse
1583 1268 1801 1324 quoque
1841 1252 2117 1322 legislator

538 1357 701 1418 Deus,
733 1354 821 1421 qui
857 1360 1028 1406 totum
1049 1359 1205 1406 vetus
1236 1359 1621 1403 testamentum
1645 1346 1898 1410 instituit,
1919 1344 2116 1398 Filium

537 1445 814 1515 proprium
843 1444 1008 1497 Deum
1034 1442 1242 1495 Bonum
1267 1449 1321 1494 et
1340 1438 1525 1492 mundi
1550 1437 1898 1492 Servatorem
1922 1449 2119 1489 renun-

539 1538 732 1601 tiavit,
790 1551 1027 1604 eumque
1079 1549 1216 1603 aqua
1267 1533 1640 1601 baptizatum,
1685 1529 1960 1599 quomodo
2006 1541 2116 1581 non

537 1629 742 1694 omnia,
771 1644 891 1698 qua:
931 1628 984 1680 itt
1025 1627 1140 1696 lege
1169 1634 1223 1678 et
1252 1624 1423 1695 gratia
1469 1632 1620 1687 sunt,
1655 1622 1903 1692 ejusdem
1934 1619 2119 1690 provi-

538 1721 759 1784 dentiae,
788 1735 933 1776 cura:
952 1729 1006 1774 et
1025 1717 1284 1774 bonitatis
1298 1731 1464 1787 opera
1489 1731 1552 1771 ac
1568 1723 1841 1786 praecepta
1869 1711 2119 1768 habenda

539 1813 743 1867 erunt?

614 2029 679 2086 V.
709 2030 1009 2087 Considera
1039 2044 1170 2085 vcro
1194 2027 1360 2083 simul
1378 2067 1395 2094 ,
1432 2027 1633 2098 quibus
1659 2027 1924 2083 encomiis
1950 2025 2119 2080 Joan-

543 2139 667 2176 ltt'ltl
703 2131 902 2176 mactet
923 2120 1199 2186 Servatur,
1229 2121 1448 2192 quando
1471 2136 1594 2174 eum
1629 2119 1834 2174 divitiis
1863 2120 2120 2173 omnibus

543 2213 908 2281 superiorem,
935 2221 992 2266 et
1019 2227 1183 2281 supra
1210 2226 1430 2265 omnem
1456 2209 1642 2264 mundi
1667 2210 1862 2264 fastum
1886 2210 2120 2263 colloca-

545 2314 683 2366 tutn,
716 2307 770 2356 itt
805 2302 909 2356 ﬁde
947 2311 1210 2372 praaterea
1242 2301 1482 2364 ﬁrmutn,
1511 2317 1574 2355 ac
1599 2301 1652 2354 in
1677 2301 1977 2370 _sententiis
2017 2301 2120 2355 bo-

544 2397 632 2450 nis
658 2396 928 2463 rectisque
975 2395 1193 2449 tuendis
1235 2394 1519 2449 itnmotum
1552 2395 1870 2465 pronuntiat
1917 2395 1985 2448 ⁸⁸.
2037 2393 2120 2450 Ab

545 2486 630 2539 his
659 2485 835 2555 ipsum
861 2485 1167 2550 celebrans,
1197 2486 1340 2550 vide,
1378 2501 1541 2556 quam
1577 2487 1733 2559 longe
1751 2487 1913 2542 altius
1942 2486 2120 2541 virum

541 2579 758 2640 etlcrat.
807 2579 1194 2648 neminemque
1242 2579 1386 2634 inter
1419 2580 1630 2650 genitos
1679 2596 1745 2634 ex
1797 2581 2122 2636 mulieribus

543 2688 669 2726 cum
693 2687 758 2725 eo
787 2674 1237 2741 comparandum,
1261 2673 1356 2727 sed
1386 2675 1618 2742 palmam
1651 2671 1906 2728 omnibus
1931 2673 2123 2743 praeri-

545 2767 814 2836 pientem,
846 2766 1021 2820 sistat.
1055 2764 1248 2821 Postea
1275 2782 1304 2820 a
1327 2767 1530 2820 virtute
1550 2765 1622 2819 ita
1647 2765 1929 2819 laudatum
1955 2765 2121 2819 etiam

545 2857 872 2928 prophetam
890 2864 942 2910 et
966 2857 1230 2927 propheta
1246 2857 1507 2927 majorem
1522 2858 1779 2927 appellat,
1801 2858 2123 2927 prophetam

547 2950 790 3020 quidem,
829 2959 888 3003 ut
924 2950 1257 3015 ostenderet,
1300 2949 1689 3020 prophetarum
1724 2965 1921 3003 nomen
1972 2950 2125 3019 ejus-

547 3056 657 3109 que
685 3056 843 3096 usum
876 3041 1140 3111 ejusmodi
1177 3041 1436 3110 operibus
1465 3050 1519 3096 et
1550 3042 1951 3114 praerogativis,
2002 3056 2125 3112 quae

548 3132 808 3190 bonitatis
856 3134 997 3187 dona
1047 3141 1208 3200 sunt,
1272 3134 1740 3188 accommodatum
1805 3148 1948 3188 esse.
1991 3131 2126 3188 Pro-

2216 611 2442 681 φρικτὸν
2465 609 2559 662 καὶ
2589 606 2788 660 σεπτὸν
2823 607 3056 679 μάθημα
3110 611 3170 662 ὲν
3203 610 3503 683 προθύροις
3535 614 3633 668 τοῦ
3689 633 3797 684 κη-

2217 704 2497 776 ρύγματος
2531 698 2917 770 ἀπαγγέλλων,
2949 701 2978 754 6
3019 701 3158 772 μετά
3183 701 3284 775 τὴν
3333 705 3632 760 ἀνάστασιν
3681 711 3800 771 τοῖς

2219 796 2529 868 μαθηταῖςό
2559 791 2751 864 Σωτὴρ
2776 792 3213 864 τηλαυγέστερον
3235 795 3547 866 παρεδίδου,
3573 792 3685 867 ἆρά
3709 814 3798 849 σοι

2215 887 2438 942 ἀλλοθεν
2463 882 2810 938 ὲπιπνεῖσθαι
2841 883 3016 938 ταῦτα
3043 886 3137 937 καὶ
3154 883 3336 954 λέγειν
3368 887 3463 940 καὶ
3495 887 3798 958 κηρύσσειν

2214 977 2492 1048 δόξειεν,ἢ
2519 975 2596 1040 ὠς
2612 976 2777 1047 νόμος
2807 976 3137 1049 ἀσύμφωνος
3155 977 3394 1049 ὑπάρχει
3422 983 3489 1053 τῇ
3517 981 3724 1051 χάριτι,
3758 981 3794 1052 ἦ

2214 1067 2289 1131 ὼς
2323 1069 2351 1120 6
2371 1069 2435 1119 ὲκ
2461 1065 2625 1118 λίθων
2653 1065 2884 1137 ἐγείρων
2912 1067 3081 1121 τέκνα
3113 1067 3191 1138 τῷ
3234 1069 3484 1141 ’Δϐρσάμ
3513 1071 3666 1136 Θεὸς,
3692 1072 3798 1141 οὐχ

2215 1161 2245 1214 6
2274 1158 2436 1223 αὐτὸς
2467 1159 2596 1212 Υίὸν
2619 1158 2814 1211 ἑαυτοῦ
2841 1153 2983 1213 εἶναι
3005 1159 3100 1213 καὶ
3121 1161 3430 1232 ἀγαπητὸν,
3451 1163 3544 1216 τὸν
3568 1165 3800 1234 Σωτῆρα

2220 1252 2316 1306 τοῦ
2346 1253 2554 1324 κόσμου
2581 1253 2749 1305 πᾶσιν
2770 1252 3115 1324 ὲτράνωσενς
3156 1255 3217 1306 Εί
3256 1255 3314 1308 δὲ
3349 1257 3397 1308 οί
3427 1257 3486 1309 ὲν
3515 1256 3594 1326 τῷ
3645 1259 3799 1328 νόμῳ

2218 1345 2318 1416 τῆς
2345 1345 2568 1417 χάριτος
2599 1346 2838 1416 κήρυκες
2871 1344 2966 1398 καὶ
2991 1347 3020 1398 6
3049 1346 3345 1418 νομοθέτης
3368 1348 3523 1416 Θεὸς,
3558 1351 3587 1403 6
3611 1351 3800 1403 πᾶσαν

2217 1438 2317 1508 τὴν
2342 1437 2583 1490 Παλαιὰν
2610 1436 2952 1507 διαθέμενος,
2967 1437 3060 1492 τὸν
3081 1438 3287 1508 ἀγαθὸν
3308 1439 3442 1494 Θεὸν
3471 1442 3567 1495 καὶ
3581 1443 3801 1514 Δυτρω-

2217 1533 2320 1600 τὴν
2365 1531 2461 1584 τοῦ
2509 1531 2716 1601 κόσμου
2774 1529 2901 1582 Υίὸν
2959 1531 3092 1585 [διον
3139 1533 3466 1603 ἀνεκήρυξε,
3519 1536 3617 1589 καὶ
3670 1537 3798 1589 τότε

2221 1622 2621 1693 βαπτιζόμενον
2651 1623 2710 1676 ὲν
2741 1622 2820 1692 τῷ
2843 1621 3018 1685 ὕδατι,
3055 1623 3174 1688 πῶς
3224 1627 3348 1697 ούχὶ
3391 1627 3489 1680 καὶ
3523 1627 3594 1681 τά
3623 1629 3681 1682 ἐν
3715 1628 3802 1699 τῷ

2220 1716 2373 1787 νόμῳ
2396 1717 2574 1770 πάντα
2629 1716 2722 1770 καὶ
2765 1716 2834 1770 τά
2885 1717 2946 1769 ὲν
2981 1719 3048 1788 τῇ
3095 1718 3281 1788 χάριτι
3330 1719 3430 1789 τῆς
3458 1720 3631 1790 αὐτῆς
3687 1723 3801 1776 εισι

2223 1808 2480 1878 προνοίας
2509 1810 2604 1862 καὶ
2627 1809 2987 1880 δημιουργίας
3017 1811 3114 1862 καὶ
3161 1810 3502 1882 ἀγαθότητος
3535 1811 3676 1886 ἔργα
3705 1813 3802 1868 καὶ

2147 1871 2195 1932 Β
2220 1871 2600 1972 διατάγματας

2291 2030 2366 2083 E'.
2394 2029 2790 2084 Συνεπισκόπει
2809 2029 2866 2084 δὲ
2903 2031 2998 2085 καὶ
3023 2031 3169 2096 ὅσοις
3205 2031 3297 2086 τὸν
3331 2031 3589 2104 Ἰωάννην
3616 2034 3799 2103 ὲγκω-

2223 2121 2368 2192 μίοις
2395 2123 2423 2174 ό
2452 2121 2644 2193 Σωτὴρ
2670 2121 2876 2191 στέφει,
2913 2122 3146 2193 κρείττω
3177 2123 3278 2194 μὲν
3326 2124 3798 2196 ὲπιψηφιζόμενος

2220 2211 2544 2283 χρημάτων,
2576 2213 2760 2282 πάσης
2804 2213 2861 2267 δὲ
2911 2214 3194 2284 περιγείου
3241 2215 3402 2286 δόξης
3431 2216 3803 2287 ύπεριδρυμέ-

2221 2320 2333 2366 νον,
2367 2303 2590 2375 στερρὸν
2621 2303 2678 2357 δὲ
2704 2303 2802 2374 τὴν
2829 2304 2921 2358 ἐπὶ
2947 2307 3015 2376 τῇ
3047 2307 3228 2360 πίστει
3251 2306 3455 2378 κρίσιν,
3479 2308 3576 2360 καὶ
3606 2307 3800 2372 ἁπλῶς

2219 2393 2319 2465 τὴν
2345 2393 2432 2448 ἐπ’
2475 2392 2699 2462 ἀγαθοῖς
2751 2396 2885 2448 πᾶσι
2929 2395 3160 2466 γνώμην
3206 2397 3528 2468 ἀκλόνητον.
3575 2397 3803 2462 Τούτοις

2221 2485 2279 2540 δὲ
2313 2485 2474 2539 αὐτὸν
2504 2485 2879 2555 ἀνακηρύξας,
2907 2487 3009 2559 δρα
3035 2489 3154 2552 πῶς
3187 2488 3280 2542 ἐπὶ
3307 2488 3478 2558 μείζω
3498 2489 3591 2543 τὸν
3630 2489 3804 2560 ἀνδρα

2223 2577 2461 2648 ἐπαίρει,
2493 2577 2590 2631 καὶ
2641 2578 2750 2631 τῶν
2809 2579 2870 2632 ἐν
2932 2577 3214 2649 γεννητοῖς
3259 2581 3539 2646 γυναικῶν
3607 2579 3804 2634 οὐδένα

2221 2669 2434 2738 τίθησιν
2459 2668 2825 2740 ἐξισούμενον,
2848 2669 2983 2724 ἀλλά
2999 2671 3141 2723 κατὰ
3165 2671 3382 2724 πάντων
3408 2671 3467 2725 τὸ
3497 2671 3804 2744 πρεσϐεῦον

2225 2765 2480 2833 φέροντα.
2505 2756 2638 2814 Εἶτα
2667 2763 2806 2833 πρὸς
2840 2763 3045 2834 ἀρετὴν
3089 2762 3251 2815 αὐτὸν
3289 2762 3466 2827 οὕτως
3507 2764 3805 2835 ἀνυψώσας

2224 2852 2320 2906 καὶ
2339 2854 2629 2925 προφήτην
2646 2853 2932 2917 ἀποκαλεῖ,
2960 2854 3056 2907 καὶ
3073 2856 3353 2925 προφήτου
3388 2857 3801 2928 περισσότερον·

2227 2947 2516 3018 προφήτην
2552 2946 2672 3017 μὲν,
2704 2947 2791 3000 ἵνα
2812 2947 2960 3018 δείξῃ
2985 2947 3046 3000 τὸ
3059 2947 3168 3000 τῶν
3193 2948 3491 3019 προφητῶν
3509 2949 3681 3020 ὄνομα
3706 2949 3806 3002 καὶ

2225 3037 2324 3109 τὴν
2354 3037 2543 3108 χρείαν
2593 3038 2863 3102 τοιούτοις
2905 3037 3088 3108 ἔργοις
3119 3037 3215 3091 καὶ
3251 3038 3560 3109 ἀξιώμασιν
3586 3080 3604 3104 ,
3641 3037 3678 3092 ἀ
3703 3039 3806 3109 τῆς

2227 3130 2566 3201 ἀγαθότητός
2593 3132 2710 3185 ἐστι
2739 3130 2913 3202 δῶρα,
2939 3131 3486 3202 προσαρμοζόμενον.
3514 3133 3806 3204 Προφήτου

548 3227 712 3296 pheta
758 3235 940 3279 autem
992 3226 1253 3295 majorem
1301 3235 1479 3290 vocat,
1533 3226 1677 3296 quod
1732 3226 1825 3296 qui
1865 3227 2125 3296 azqualcm

2228 3223 2286 3278 δὲ
2326 3224 2738 3296 περισσότερον,
2763 3223 2847 3278 ὅτι
2874 3223 2975 3294 τὴν
3009 3224 3134 3294 τσην
3171 3225 3407 3288 ἐκείνοις
3431 3226 3593 3296 χάριν
3623 3225 3807 3280 λαϐὼν

547 3335 671 3373 cum
704 3319 808 3373 illis
855 3319 1080 3390 gratiam
1113 3328 1306 3373 nactus
1333 3328 1439 3385 est,
1471 3327 1532 3373 ut
1563 3318 1742 3373 futura
1776 3320 2122 3390 praevideret,

550 3408 692 3461 idem
740 3407 919 3463 adhuc
950 3410 1071 3478 plus
1103 3407 1294 3462 habuit
1325 3415 1385 3462 ut
1413 3408 1622 3464 scilicet
1667 3409 1876 3464 videret
1903 3423 2029 3464 eum
2059 3409 2128 3464 de

549 3517 659 3571 quo
706 3501 780 3555 illi
825 3501 1102 3556 vaticinati
1165 3509 1296 3555 sunt
1333 3510 1390 3556 et
1427 3501 1622 3573 dignus
1671 3502 1986 3568 haberetur,
2033 3501 2127 3572 qui

551 3595 857 3664 haptizaret
887 3609 1026 3663 aqua
1055 3593 1229 3661 illum,
1269 3593 1364 3664 qui
1398 3595 1664 3649 tnundum
1693 3595 1817 3666 igne
1839 3604 1896 3650 et
1919 3595 2124 3665 Spiritu

552 3686 924 3756 lmptizaturus
961 3695 1100 3751 erat,
1145 3694 1200 3740 et
1229 3701 1260 3740 a
1295 3687 1538 3758 peccatis
1569 3687 1953 3742 mundaturus.
1988 3685 2128 3742 Num

553 3777 717 3847 igitur
745 3777 912 3848 gratia
939 3791 1062 3832 cum
1094 3777 1211 3849 lege
1235 3780 1480 3849 pugnat?
1511 3794 1694 3834 nonne
1724 3779 1904 3849 potius
1936 3794 2130 3850 magna

551 3879 637 3921 est
667 3869 808 3923 inter
831 3876 1117 3938 utramque
1152 3868 1442 3925 consensio
1471 3878 1526 3924 et
1552 3869 1822 3925 aﬂinitas?
1848 3869 2131 3936 Quomodo

553 3972 707 4020 vero,
766 3957 1035 4027 siquidem
1092 3956 1335 4014 Joannes
1393 3959 1462 4014 ab
1516 3960 1622 4015 alio
1669 3969 1788 4016 erat
1840 3960 2129 4032 principio,

552 4046 738 4116 gratia:
784 4057 975 4101 auctor
1007 4049 1123 4103 haec
1155 4049 1224 4104 de
1260 4066 1326 4106 eo
1363 4059 1593 4106 testatus
1643 4063 1745 4116 est,
1787 4068 1908 4123 quae
1945 4053 2132 4123 paucis

553 4136 742 4205 eisque
768 4137 983 4192 selectis
1015 4150 1259 4208 tempore
1286 4141 1412 4196 novi
1442 4142 1752 4197 testamenti
1777 4153 1987 4213 patrata
2010 4159 2132 4199 esse

552 4226 803 4279 constat?
842 4225 1128 4290 Quomodo
1186 4229 1336 4295 item,
1392 4246 1518 4286 cum
1565 4231 1691 4286 boni
1737 4231 1909 4288 Patris
1956 4233 2134 4289 bonus

554 4313 627 4369 sit
658 4314 846 4382 Filius,
899 4318 1150 4390 idemque
1199 4321 1458 4377 bonitatis
1499 4322 1641 4389 fons,
1678 4323 1833 4396 legali
1863 4333 1920 4379 et
1947 4325 2132 4380 manui

553 4413 611 4460 et
640 4407 782 4470 voci,
832 4424 967 4479 quas
1011 4420 1274 4481 apostata:
1321 4413 1558 4484 oppositi
1602 4415 1858 4485 principii
1911 4431 2050 4486 opus
2077 4425 2134 4471 et

2225 3314 2322 3370 τοῦ
2358 3317 2604 3387 προορᾷν
2634 3315 2703 3369 τά
2732 3315 2999 3385 ἐσόμενα,
3033 3315 3198 3369 πλέον
3244 3315 3465 3369 εἵλκυσε
3506 3317 3566 3370 τὸ
3594 3317 3688 3370 καὶ
3713 3317 3810 3370 τὸν

2227 3409 2710 3481 προφητευόμενον
2763 3408 2913 3475 ίδεῖν,
2949 3409 3045 3462 καὶ
3089 3408 3151 3461 τὸ
3203 3409 3608 3480 καταξιωθῆναι
3650 3409 3814 3464 ὕδατι

2228 3499 2491 3570 βαπτίσαι
2525 3499 2616 3554 τὸν
2665 3499 2803 3571 πυρὶ⁸
2829 3499 2926 3554 καὶ
2965 3498 3246 3570 Πνεύματι
3300 3501 3443 3572 ἀγίῳ
3477 3501 3569 3554 τὸν
3603 3501 3809 3570 κόσμον

2229 3591 2602 3661 βαπτίζοντα,
2664 3589 2910 3646 καὶτῶν
2970 3591 3389 3663 ἁμαρτημάτων
3449 3591 3806 3664 καθαίροντα.

2226 3679 2376 3754 Ἆρα
2403 3682 2498 3736 οὖν
2526 3683 2561 3754 ἠ
2593 3683 2754 3754 χάρις
2789 3681 2869 3754 τῷ
2895 3681 3044 3754 νόμῳ
3080 3681 3446 3753 διαμάχεται;
3482 3682 3516 3753 ἢ
3549 3683 3611 3735 ού
3638 3682 3809 3752 πολλή

2229 3774 2314 3838 τίς
2348 3774 2497 3826 ἐστιν
2533 3774 2592 3827 ὲν
2637 3773 2822 3836 αὐτοῖς
2870 3773 3161 3843 συμφωνία
3195 3772 3295 3825 καὶ
3335 3771 3635 3841 συνάφεια;
3686 3771 3814 3834 Πῶς

2228 3865 2274 3920 δ’
2306 3866 2466 3936 εῐπερ
2495 3860 2564 3936 ἦν
2587 3865 2616 3918 6
2665 3864 2923 3935 Ἰωάννης
2966 3863 3133 3933 ἀλλης
3162 3863 3362 3935 ἀρχῆς.
3396 3864 3424 3917 6
3453 3863 3553 3933 τῆς
3591 3863 3814 3932 χάριτος

2229 3958 2530 4030 νομοθέτης
2573 3957 2745 4012 ταῦτα
2781 3957 3312 4030 προσεμαρτύρησεν
3344 3957 3514 4028 αὐτῷ,
3542 3957 3578 4012 ά
3610 3958 3814 4025 ὀλίγοις

2231 4054 2380 4108 ἔστιν
2415 4054 2616 4124 εὑρεῖν,
2651 4054 2747 4108 καὶ
2781 4051 2958 4108 ταῦτα
2983 4054 3098 4116 τοῖς
3165 4051 3448 4114 ἐκλεκτοῖς
3495 4050 3606 4105 τῶν
3654 4051 3714 4103 ὲν
3741 4051 3814 4120 τῇ

2231 4147 2415 4218 χάριτι
2467 4144 2917 4216 κατορθούμενα;
2969 4143 3092 4207 Πῶς
3141 4143 3187 4196 δ’
3239 4141 3305 4196 ἀν
3357 4142 3641 4213 ἠνέσχετο,
3679 4142 3816 4205 Παῖς

2232 4234 2310 4288 ὣν
2336 4232 2542 4303 ἀγαθὸς
2603 4231 2811 4302 ἀγαθοῦ
2838 4232 3070 4304 Πατρδς,
3105 4231 3201 4285 καὶ
3255 4231 3407 4302 πηγὴ
3450 4230 3816 4300 ἀγαθότητος,

2231 4327 2308 4396 τῇ
2338 4326 2536 4395 νομικῇ
2570 4325 2665 4378 καὶ
2718 4323 2866 4396 χειρὶ
2904 4324 2998 4376 καὶ
3030 4325 3206 4393 φωνῇ,
3235 4322 3272 4378 ἃ
3304 4324 3354 4376 οἱ
3385 4323 3691 4376 ἀποστάται
3715 4325 3820 4394 τῆς

2234 4417 2620 4488 ἀντικειμένης
2647 4415 2810 4486 ἔργον
2837 4413 3082 4486 τολμῶσι
3112 4414 3293 4483 λέγειν
3333 4415 3429 4468 καὶ
3460 4415 3816 4487 πρόσταγμα,

555 4508 888 4570 prazceptum
907 4503 1087 4559 dicere
1108 4505 1332 4570 audent,
1362 4505 1955 4580 immaculatutn'caput
1972 4525 2125 4564 suum

2236 4509 2337 4581 τὴν
2366 4510 2636 4580 ἄχραντον
2668 4505 2836 4563 αὑτοῦ
2890 4507 3136 4577 κεφαλὴν
3166 4507 3476 4572 ύποκλῖναι,
3512 4507 3612 4560 καὶ
3646 4508 3706 4560 τὸ
3757 4507 3821 4572 ἐξ

557 4590 898 4658 submittere,
954 4604 1012 4649 et
1058 4595 1392 4666 baptismum
1461 4613 1558 4668 per
1616 4614 1811 4669 aquam
1860 4571 2125 4670 'recipere

2241 4571 2762 4674 ὕδατος-ὑποστῆναι
2788 4571 3074 4673 βάπτισμα
3089 4571 3166 4673 -(ὣ
3189 4599 3446 4672 γλώσσης
3465 4571 3469 4572 ν
3487 4600 3565 4654 ίδν
3593 4571 3821 4663 ἀσπίδος

555 4682 847 4750 sustineat,
877 4699 910 4739 ο
940 4685 1178 4757 linguam
1223 4704 1496 4743 venenum
1537 4691 1810 4761 serpentis
1841 4689 2137 4746 eﬁ‘unden-

557 4775 700 4828 tein!
731 4774 778 4828 si
802 4791 942 4846 aqua
969 4792 1080 4832 non
1103 4777 1231 4833 sita
1257 4779 1404 4835 bono
1431 4789 1677 4835 creatore
1713 4780 1997 4852 profecta?

627 4905 718 4962 νι.
759 4906 913 4974 Quod
951 4923 1082 4964 vero
1124 4911 1363 4982 amplius
1395 4913 1557 4978 valet,
1591 4929 1703 4969 non
1743 4931 2134 4972 commemoro.

557 4997 613 5052 Id
645 5015 774 5054 vero
823 5000 930 5055 tale
972 5011 1078 5067 est,
1117 5003 1263 5072 quod
1313 5020 1476 5059 nemo
1523 5005 1640 5061 sine
1684 5003 1911 5064 horrore
1957 5008 2138 5064 dicere

558 5092 842 5162 suscipiat,
894 5092 1002 5148 illis
1049 5109 1198 5160 vero,
1232 5095 1285 5150 in
1316 5097 1518 5165 quibus
1555 5114 1714 5154 error
1759 5101 1850 5155 hic
1880 5102 2136 5170 exsultat,

559 5185 917 5241 conﬁciendis
963 5187 1201 5244 maxime
1260 5199 1448 5260 aptum
1483 5193 1576 5258 sit,
1623 5204 1788 5265 atque
1819 5197 1956 5251 adeo
2009 5212 2135 5252 cum

561 5275 798 5331 maximo
871 5277 1051 5335 fructu
1103 5289 1160 5335 et
1201 5283 1385 5338 studio
1432 5299 1465 5338 a
1510 5286 1669 5341 nobis
1727 5291 2133 5358 exponendum.

560 5369 734 5422 Natus
767 5371 914 5424 enim
941 5385 1027 5427 est
1071 5373 1198 5428 boni
1243 5376 1423 5430 Patris
1464 5377 1644 5434 bonus
1665 5379 1839 5436 Filius
1867 5397 1930 5437 ex
1958 5383 2138 5457 Virgi-

559 5457 645 5511 nis
677 5467 850 5525 utero,
879 5461 933 5514 in
959 5463 1146 5518 mundi
1173 5466 1429 5529 salutem,
1461 5468 1533 5522 ita
1561 5478 1622 5524 ut
1645 5485 1865 5527 carnem
1888 5482 2136 5530 nostram

559 5551 664 5604 sibi
715 5567 781 5607 ex
831 5553 1182 5611 immaculato
1239 5559 1503 5628 sanguine
1554 5560 1838 5628 lormaret,
1873 5575 1929 5621 et
1973 5566 2138 5623 homo

561 5654 866 5699 vocaretur.
917 5646 1096 5716 Atque
1125 5648 1180 5704 id
1209 5650 1429 5721 quidem
1458 5661 1673 5711 veteres
1711 5655 2009 5728 impietatis
2039 5674 2137 5731 pa-

640 5845 687 5879 ⁸³
705 5847 892 5906 Matth.
922 5870 997 5922 x1,
1025 5855 1077 5910 7.

2235 4694 2576 4766 προχεούσης
2598 4691 2664 4763 l),
2681 4692 2784 4747 οὐκ
2802 4691 2959 4756 δντος
2985 4690 3081 4746 τοῦ
3110 4689 3303 4756 ὓδατος
3335 4691 3436 4762 τῆς
3462 4689 3558 4744 τοῦ
3585 4688 3821 4759 ’Δγαθοῦ

2234 4785 2595 4857 δημιουργίας
2616 4801 2632 4852 ;

2309 4922 2401 4991 ς’.
2451 4921 2618 4975 Ἀλλά
2643 4919 2753 4992 γάρ
2781 4919 2835 4972 τί
2865 4918 2926 4973 τὺ
2951 4918 3158 4991 μεῖζον,
3185 4918 3247 4972 ού
3272 4918 3440 4987 λέγω.
3474 4918 3632 4974 Ἐστι
3671 4919 3728 4973 δὲ
3757 4919 3824 4973 τδ

2236 5015 2371 5070 αὐτὸ
2391 5014 2470 5085 τῷ
2490 5031 2549 5068 τε
2581 5015 2795 5082 λέγοντι
2819 5013 2988 5084 χωρὶς
3019 5013 3220 5084 φρίκης
3237 5013 3413 5066 εἰπεῖν
3441 5013 3824 5083 ἀπορώτατον,

2237 5107 2332 5162 καὶ
2361 5107 2484 5160 καθ’
2521 5099 2596 5160 ὧν
2625 5106 2660 5176 ἠ
2719 5105 2894 5175 πλάνη
2928 5104 3182 5177 χορεύει,
3216 5103 3577 5175 σφοδρότατόν
3612 5121 3670 5156 τε
3725 5105 3826 5158 καὶ

2234 5197 2686 5270 τμητικώτατον,
2721 5198 2816 5251 καὶ
2845 5198 2969 5251 ὅσον
3021 5197 3258 5269 ῥηθῆναι
3296 5195 3731 5267 χρειωδέστατόν
3763 5214 3825 5250 τε

2235 5292 2332 5347 καὶ
2367 5291 2834 5362 σεὸασμιώτερον.
2867 5291 3200 5360 Γεγέννηται
3238 5288 3338 5360 μὲν
3366 5288 3477 5356 γάρ
3502 5289 3530 5340 6
3563 5285 3658 5339 τοῦ
3688 5290 3831 5355 ἁγα-

2235 5383 2330 5440 θοῦ
2375 5383 2591 5456 Πατρὸς
2638 5382 2848 5453 ἀγαθὸς
2898 5382 3028 5445 Υἱὸς
3075 5383 3140 5435 ὲκ
3183 5378 3535 5451 παρθενικῶν
3580 5377 3830 5446 λαγόνων

2235 5479 2324 5532 διά
2348 5480 2449 5550 τὴν
2473 5476 2572 5532 τοῦ
2603 5477 2812 5548 κόσμου
2854 5474 3160 5547 σωτηρίαν,
3203 5475 3297 5527 καὶ
3335 5473 3516 5546 σάρκα
3555 5472 3655 5541 τὴν
3684 5473 3830 5542 ἡμε-

2237 5570 2403 5641 τέραν
2445 5572 2512 5623 ἐκ
2557 5569 2667 5624 τῶν
2707 5566 2996 5640 ἀχράντων
3024 5566 3207 5636 ἑαυτῷ
3235 5566 3542 5631 διαπλάσας
3575 5565 3831 5635 αἱμάτων

2237 5661 2604 5732 ἔχρημάτισεν
2652 5659 2966 5731 ἄνθρωπος.
3004 5657 3118 5714 Καὶ
3149 5657 3309 5713 τοῦτο
3345 5658 3460 5723 τοῖς
3516 5657 3618 5728 μὲν
3656 5655 3832 5712 πάλαι
