4022 6398
335 429 444 497 189

1367 435 1662 497 CONTRA
1697 438 2156 500 MANICII/EOS
2197 441 2430 502 LIBER
2470 443 2567 505 IV.

3509 445 3612 514 190

328 549 446 601 τῶν
473 545 692 600 ἀσεϐῶν
711 545 1103 619 παρεγράφετο
1129 543 1264 618 (90),
1297 549 1410 611 τοῖς
1437 546 1495 600 δὲ
1528 549 1741 603 ἐκεῖθεν
1762 552 1904 618 φυεῖε

2024 550 2164 604 troni
2206 551 2558 622 refugerunt;
2591 550 2668 606 illi
2700 560 2910 621 autem,
2949 555 3043 626 qui
3080 556 3211 613 hinc
3233 559 3342 616 orti
3373 571 3524 628 sunt,
3551 573 3608 620 et

331 653 443 701 σιν,
482 638 582 692 οὐκ
621 633 720 693 οἵδ’
750 641 902 704 ὅπως
931 639 1079 710 ἔργῳ
1114 640 1216 710 τὴν
1244 639 1477 711 ἄρνησιν
1511 641 1792 710 ἀγαπῶσι,
1815 643 1917 713 τῆς

328 732 394 783 ἐν
424 729 605 799 λόγοις
647 731 818 803 τιμῆς
860 732 961 785 οὐκ
988 731 1333 787 ἐκϐάλλεται.
1376 733 1488 786 Καὶ
1517 732 1626 804 γὰρ
1657 734 1918 806 σεμνολο-

328 823 634 895 γουμένους
674 823 884 879 ἔνεστιν
905 825 1104 889 αὐτοὺς
1131 826 1285 896 δρᾷν,
1317 818 1399 890 οἷς
1437 842 1496 879 τε
1544 826 1643 891 τάς
1685 828 1914 897 εὐαγγε-

327 902 740 986 λικάςΤραφάς
763 918 931 989 τιμᾷν
960 917 1352 988 ἰσχυρίζονται,
1387 917 1483 972 καὶ
1506 911 1591 982 οἷς
1618 919 1711 973 τὸν
1749 919 1916 993 Ἀπότ

330 1009 526 1063 στολου
556 1009 652 1064 καί⁵
679 1009 940 1081 θεοφόρον
959 1008 1172 1063 Παῦλον
1195 1007 1290 1062 τοῦ
1321 1011 1525 1065 οἰκείου
1557 1013 1916 1084 φρονήματος

327 1099 706 1174 δογματιστῆν
735 1103 832 1156 καὶ
878 1100 1201 1156 διδάσκαλον
1239 1103 1695 1174 καταψεύδονται.
1729 1105 1917 1176 Σάρκα

327 1191 514 1246 τοίνυν
585 1191 990 1264 προσλαϐόντος
1056 1194 1153 1248 τοῦ
1225 1194 1436 1268 Κυρίου
1505 1196 1667 1268 ἡμῶν
1735 1195 1913 1268 Ἰησοῦ

327 1283 590 1354 Χριστοῦ·
625 1286 743 1355 (καὶ
767 1285 877 1360 γὰρ
897 1288 926 1340 ὀ
952 1289 1052 1358 τῆς
1080 1286 1312 1360 βροντῆς
1339 1287 1718 1360 άνακέκραγεν
1746 1288 1874 1354 Υιός
1896 1305 1912 1321 ⁸

327 1378 444 1432 Kal
479 1381 514 1433 ὁ
536 1380 728 1450 Λόγος
777 1379 957 1449 σὰρξ,
983 1379 1244 1450 ἐγένετο,
1289 1381 1391 1439 καί
1433 1381 1794 1450 ἐσκήνωσεν
1840 1385 1912 1437 ἐν

326 1467 499 1538 ἡμῖν.
546 1470 658 1524 Καὶ
706 1470 803 1526 τοῦ
847 1469 1022 1543 Ἰησοῦ
1051 1471 1290 1542 Χριστοῦ
1321 1473 1420 1546 τὴν
1463 1473 1720 1544 γέννησιν
1753 1475 1913 1540 ἀλλος

326 1561 497 1614 πάλιν
540 1560 650 1614 τῶν
698 1561 1103 1632 εὐαγγελιστῶν
1151 1564 1460 1636 ἀναγράφει
1502 1566 1568 1619 ἐκ
1593 1565 1912 1635 Πνεύματος

325 1650 490 1719 ἁγίου
523 1652 828 1721 γεγονέναι,
860 1654 953 1708 καὶ
968 1655 1152 1708 τεκεῖν
1188 1654 1287 1727 τὴν
1318 1655 1618 1728 Παρθένον,
1659 1656 1752 1712 τὸν
1783 1658 1914 1712 Υἱδν

328 1739 507 1811 αὐτῆς
536 1741 628 1795 τὸν
655 1743 1024 1814 πρωτότοκον,
1060 1743 1157 1798 καὶ
1185 1745 1414 1800 καλέσαι
1449 1745 1508 1800 τὺ
1545 1747 1721 1819 ὄνομα
1743 1749 1911 1803 αὐτοῦ

340 1831 580 1903 Ἰησοῦν)
604 1833 624 1904 )
654 1834 684 1888 ό
729 1834 787 1889 δὲ
818 1835 1032 1902 τούτοις
1060 1836 1136 1891 ὢν
1160 1837 1424 1911 όμόχορος
1454 1839 1550 1894 καὶ
1601 1840 1908 1896 συνθιασῶ-

325 1941 452 1994 της.
485 1925 547 1979 οὐ
577 1925 668 1980 τὸν
713 1926 957 1998 ἄληπτον
982 1929 1141 1984 τόκον
1183 1930 1344 2001 μόνον
1373 1931 1730 2001 ἀπαγγέλλει,
1773 1933 1912 1988 ἀλλά

325 2016 427 2070 καὶ
451 2016 545 2071 τὸν
583 2017 896 2091 ἀπόρρητον
945 2021 1038 2075 καὶ
1076 2021 1538 2094 προηγησάμενον
1583 2023 1679 2077 ἐπὶ
1709 2023 1914 2096 μέρους

323 2108 533 2180 τρόπον
565 2110 703 2182 (9i),
737 2112 862 2167 καθ’
911 2111 973 2167 ὃν
1001 2113 1372 2187 ἐκυοφορηθη,
1404 2116 1499 2170 καὶ
1529 2115 1606 2180 ὡς
1649 2115 1912 2187 τεχθέντα

321 2202 420 2256 τὸν
456 2203 584 2258 Υίδν
632 2205 803 2278 αὐτῆς
855 2206 950 2260 τὸν
992 2193 1341 2279 πρωτότοκον
1393 2209 1824 2281 ἐσπαργάνωσεν
1874 2210 1909 2282 ἡ

323 2294 606 2366 Παρθένος
632 2296 728 2351 καὶ
759 2297 817 2351 ἐν
843 2301 909 2371 τῇ
943 2299 1121 2374 φάτνῃ
1149 2299 1428 2355 ἀνέκλινε·
1462 2301 1560 2355 καὶ
1596 2301 1674 2366 ὡς
1719 2303 1908 2376 Σωτὴρ

321 2385 524 2458 ἐτέχθη
570 2387 651 2459 τῷ
681 2389 876 2462 κόσμῳ
909 2392 1146 2463 Χριστὸς
1191 2392 1398 2465 Κύριος
1445 2394 1504 2448 ἐν
1533 2393 1686 2449 πόλει
1714 2395 1905 2463 Δαϐὶδ,

320 2477 435 2534 τῶν
462 2479 712 2550 ἀγγέλων
737 2483 768 2536 ό
792 2482 964 2555 δῆμος
997 2485 1301 2556 άνύμνησε.
1338 2485 1452 2539 Καὶ
1498 2487 1638 2557 πρός
1671 2502 1737 2556 γε
1783 2485 1906 2542 τοῦ·

320 2587 459 2636 τοις·
494 2572 546 2643 (δ
564 2575 693 2640 τοὺς
725 2577 1137 2646 φαντασιαστάς
1157 2577 1254 2632 τοῦ
1274 2577 1600 2650 μυστηρίου,
1619 2578 1720 2650 τὴν
1744 2578 1907 2652 χάριν

321 2666 406 2730 εἰς
433 2665 602 2739 λῆρον
632 2669 985 2738 ἀπάγοντας,
1021 2671 1103 2726 ἔτι
1151 2670 1354 2744 μᾶλλον
1406 2671 1752 2744 ἐπιστομίζει
1809 2673 1908 2728 καὶ

320 2760 700 2832 καταισχύνει,
750 2763 874 2835 μεθ’
919 2763 1017 2829 οὒς
1056 2765 1154 2820 καὶ
1180 2765 1282 2837 τὴν
1326 2765 1555 2820 ἐκείνων
1587 2766 1901 2835 ἀποσπάδα,

320 2853 448 2908 καθ’
483 2848 552 2927 ἦς
570 2858 600 2910 ό
626 2853 785 2927 λόγος
817 2858 1102 2930 κεκίνηται
1117 2859 1156 2930 ·)
1181 2859 1409 2924 τούτους
1443 2855 1539 2914 οῦν
1562 2860 1698 2929 ὑφὲν
1727 2863 1904 2932 ἀπορ-

322 2947 572 3019 ραπίζων
609 2950 704 3004 καὶ
728 2952 1273 3024 καταστρεφόμενος,
1322 2954 1419 3008 καὶ
1464 2952 1566 3026 τὴν
1618 2953 1763 3008 κατά
1811 2953 1905 3008 τὸν

320 3038 488 3109 νόμον
519 3042 826 3113 περιτομὴν
854 3042 956 3112 τῆς
979 3043 1181 3114 σαρκὸς
1199 3043 1504 3115 ὑποστῆναι
1524 3044 1617 3100 τὸν
1640 3045 1906 3117 τεχθέντα

320 3130 556 3205 Σωτῆρα
603 3133 764 3204 ἡμῶν
802 3134 1130 3203 ἐκδιδάσκει,
1188 3137 1356 3209 ἡνίκα
1409 3138 1506 3192 καὶ
1555 3137 1656 3210 τὴν
1721 3135 1899 3211 Ἰησοῦ

2019 642 2111 710 qui
2142 643 2324 697 nescio
2352 643 2648 712 quomodo,
2697 659 2864 714 opere
2892 645 3013 716 ipso
3047 665 3249 721 negare
3281 651 3334 706 id
3372 653 3605 720 malunt,

2018 731 2074 785 in
2103 733 2448 789 sermonibus
2481 749 2910 792 commemorare
2937 753 3048 792 non
3081 739 3377 812 refugiunt.
3410 743 3610 800 Videas

2019 823 2164 878 enim
2215 839 2312 880 eos
2373 825 2624 896 speciose
2685 827 2876 899 loqui,
2916 831 3136 900 quando
3179 842 3236 888 et
3291 836 3606 906 evangelica

1993 912 2221 982 scripta
2271 929 2339 968 se
2375 916 2559 970 colere
2607 915 2918 984 allirmant,
2973 929 3028 976 et
3074 921 3301 977 Paulum
3344 923 3608 980 divinitus

2017 1013 2199 1058 actum
2246 1006 2534 1062 sententiae
2581 1021 2696 1062 suae
2729 1017 3010 1065 auctorem
3045 1021 3101 1067 et
3133 1013 3412 1068 doctorem
3453 1031 3608 1070 men-

2020 1095 2251 1151 tiuntur.
2281 1097 2418 1151 Cum
2467 1097 2650 1168 itaque
2686 1115 2906 1156 carnem
2937 1104 3300 1173 assumpserit
3345 1107 3606 1163 Dominus

2017 1195 2205 1240 noster
2253 1185 2416 1242 Jesus
2461 1188 2714 1245 Christus
2749 1207 2762 1243 :
2793 1206 3031 1262 namque
3074 1193 3166 1248 ille
3203 1195 3413 1250 tonitru
3459 1196 3605 1254 ﬁlius

2017 1278 2387 1334 exclamavit:
2420 1279 2489 1333 Et
2520 1279 2710 1335 Sermo
2748 1299 2872 1336 caro
2925 1286 3099 1354 [actus
3144 1295 3214 1350 et,
3247 1297 3295 1341 et
3346 1287 3605 1342 habitavit

2016 1371 2072 1423 in
2100 1369 2247 1424 nobis
2271 1371 2373 1425 3".
2401 1372 2467 1426 Et
2490 1371 2618 1428 Jesu
2637 1371 2839 1429 Christi
2861 1375 3201 1432 nativitatem
3232 1378 3372 1433 alius
3405 1379 3602 1434 iterum

2015 1459 2475 1533 evangelistarum
2517 1479 2583 1518 ex
2637 1465 2846 1535 Spiritu
2897 1476 3088 1523 sancto
3136 1469 3335 1525 factam
3390 1473 3600 1534 scribit,

2014 1550 2288 1622 traditque
2341 1551 2620 1625 Virginem
2651 1556 2932 1625 peperisse
2965 1557 3164 1612 Filium
3195 1576 3354 1616 suum
3392 1563 3600 1632 primo-

2013 1644 2281 1714 genitum,
2314 1654 2371 1700 et
2403 1661 2631 1701 vocasse
2670 1663 2873 1702 nomen
2908 1649 3028 1719 ejus
3075 1648 3264 1705 Jesum
3292 1651 3360 1706 “.
3397 1653 3600 1710 llorum

2013 1752 2146 1792 vero
2169 1736 2374 1809 collega
2402 1746 2458 1793 et
2480 1738 2704 1804 sodalis,
2730 1755 2841 1794 non
2864 1741 3040 1796 solum
3071 1741 3600 1814 incomprehensibi—

2014 1827 2121 1883 lem
2171 1816 2412 1900 partum,
2448 1831 2542 1886 sed
2573 1839 2627 1886 et
2651 1831 3034 1888 absconditum
3063 1849 3127 1890 ac
3155 1850 3220 1890 ex
3249 1846 3404 1906 parte
3441 1847 3601 1895 ante-

2014 1936 2257 1992 gressum
2305 1923 2686 1994 conceptionis
2721 1925 2942 1980 modum
2973 1927 3264 1998 signiﬁcat.
3315 1928 3602 1996 Quomodo

2016 2028 2144 2069 vero
2158 2010 2358 2071 Filium
2380 2032 2541 2072 suum
2569 2018 3008 2090 promogenitum
3039 2018 3199 2092 Virgo
3226 2021 3409 2078 fasciis
3430 2023 3602 2080 invol-

2013 2106 2173 2170 verit,
2203 2119 2259 2162 et
2300 2107 2354 2162 in
2401 2110 2632 2180 praesepi
2679 2111 2989 2181 reposuerit
3035 2113 3118 2175 '5;
3155 2115 3432 2182 quomodo
3467 2115 3598 2171 item

2014 2195 2273 2253 Servator
2299 2198 2458 2255 Jesus
2487 2201 2737 2258 Christus
2764 2202 2972 2257 mundo
3000 2213 3162 2258 natus
3195 2206 3267 2260 sit
3292 2205 3346 2259 in
3374 2207 3599 2264 civitate

2009 2289 2202 2357 David,
2246 2291 2565 2362 angelorum
2638 2295 2796 2350 turba
2851 2296 3079 2351 cecinit.
3137 2295 3410 2354 Praeterea
3463 2315 3598 2354 vero

2009 2382 2153 2438 idem
2181 2383 2258 2452 (id
2287 2385 2432 2454 quod
2458 2385 2708 2442 homines
2739 2389 3056 2460 mysterium
3087 2389 3190 2446 hoc
3218 2391 3401 2462 specie
3435 2400 3598 2448 tenus

2011 2481 2284 2539 tenentes.
2328 2484 2384 2530 et
2421 2477 2650 2548 gratiam
2706 2478 2763 2533 in
2816 2495 2990 2551 nugas
3042 2491 3453 2548 convertentes,
3492 2499 3598 2541 nec

2008 2567 2190 2622 minus
2227 2568 2440 2623 illorum
2473 2570 2729 2633 asseclas.
2753 2581 2944 2626 contra
2973 2589 3113 2642 quos
3145 2575 3229 2629 his
3258 2575 3594 2646 disputatur,

2007 2660 2189 2716 adhuc
2237 2661 2409 2733 magis
2441 2663 2746 2732 compescit
2773 2674 2829 2719 et
2856 2665 3170 2738 confundit)
3201 2669 3423 2738 penitus
3469 2685 3595 2725 eos—

2006 2752 2131 2808 dem
2187 2753 2469 2811 debellans
2534 2765 2590 2811 et
2639 2756 2944 2826 dejiciens,
3006 2760 3167 2815 docet
3247 2762 3593 2817 Servatorem

2006 2845 2166 2901 nobis
2220 2855 2408 2900 natum
2467 2846 2632 2902 etiam
2701 2848 3178 2906 circumcisionem
3243 2854 3426 2909 carnis
3479 2856 3595 2926 lege

2006 2946 2337 3008 prmceptam
2369 2939 2668 3010 recepisse,
2711 2955 2776 2996 ac
2808 2954 3073 3013 praeterea
3113 2944 3394 3010 eumdem,
3423 2947 3592 3002 etiam

2008 3031 2197 3086 hacin
2237 3042 2391 3103 parte
2440 3033 2674 3092 Mosaica
2726 3047 3002 3109 praecepta
3063 3039 3409 3111 implentem,
3459 3039 3592 3096 Jesu

2005 3124 2427 3194 appellationem
2469 3115 2743 3198 recepisse
2786 3129 3096 3201 profitetur.
3129 3131 3266 3187 Cum
3301 3133 3483 3203 itaque
3514 3133 3596 3186 in.

318 3222 697 3294 προσηγορίαν
731 3224 836 3278 κάν
872 3225 952 3297 τῷ
985 3226 1217 3299 παρόντι
1251 3228 1410 3299 μέρει
1446 3228 1549 3294 τὰς
1592 3231 1900 3296 Μωσαῖκάς

2007 3218 2248 3273 carnatio
2294 3217 2481 3287 Verbi,
2523 3235 2620 3276 seu
2669 3221 2856 3278 carnis
2905 3225 3212 3296 assumptio
3250 3234 3306 3281 et
3331 3225 3594 3280 nativitas

317 3312 543 3377 ἐντολὰς
598 3314 910 3387 πληροῦντα
951 3319 1404 3390 συμπαραδίδωσι
1450 3319 1729 3385 δέξασθαι.
1788 3321 1900 3392 Τῆς

315 3403 376 3459 δὲ
401 3405 495 3460 τοῦ
524 3407 703 3476 Λόγου
727 3409 1223 3484 ἐνσωματώσεωςῆ
1252 3411 1587 3484 σαρκώσεως
1616 3413 1714 3468 καὶ
1743 3415 1900 3468 ἐναν-

319 3495 657 3568 θρωπήσεως
676 3497 820 3554 οὕτω
849 3503 1327 3576 περιφανεστάτης
1354 3503 1525 3576 οῦσης
1543 3503 1704 3575 (ἀλλά
1735 3504 1900 3578 μέχρι

317 3587 528 3644 τούτων
556 3590 700 3645 κατά
725 3591 856 3664 ῥοῦν
877 3609 936 3647 τε
966 3595 996 3648 ό
1029 3595 1188 3665 λόγος
1221 3597 1354 3668 ἡμῖν
1375 3599 1470 3652 καὶ
1490 3597 1558 3650 δι’
1583 3597 1778 3670 ἡδονῆς
1806 3599 1901 3654 καὶ

317 3681 561 3752 χαρίτων
592 3683 840 3756 ἐφέρετο,
873 3685 935 3740 τὸ
958 3686 1016 3740 δὲ
1047 3685 1300 3740 ἐντεῦθεν
1323 3687 1538 3757 ἴλιγγός
1564 3705 1624 3742 τε
1662 3689 1758 3743 καὶ
1781 3689 1901 3754 δέος

319 3772 703 3844 προσίσταται.
750 3775 898 3846 Πλὴν
926 3778 1105 3831 είπεῖν
1130 3777 1345 3849 ἀνάγκη
1378 3777 1473 3831 καὶ
1493 3779 1736 3847 ἀγωνίας
1756 3779 1900 3847 πλη-

319 3863 611 3936 ρούμενον,
662 3866 700 3922 ἀ
741 3866 1034 3940 παρελθεῖν
1074 3867 1104 3920 ό
1133 3869 1232 3940 τῆς
1284 3867 1496 3938 πλάνης
1525 3868 1751 3940 ἐλεγχος
1798 3868 1901 3923 οὐκ

317 3955 432 4026 ἐᾷ),
461 3955 713 4030 πότερον,
732 3949 778 4011 ὦ
803 3958 1022 4028 τολμῶν
1049 3959 1200 4013 σὺτά
1229 3959 1536 4031 ἀτόλμητα,
1558 3959 1718 4014 τοῦτο
1743 3959 1808 4032 δὴ
1835 3960 1897 4014 τὸ

317 4046 599 4117 κυριακὸν
638 4048 799 4120 σῶμα
823 4051 924 4120 τῆς
955 4048 1168 4120 φαύλης
1201 4049 1268 4103 ἂν
1307 4049 1458 4121 θείης
1487 4049 1687 4121 ἀρχῆς,
1728 4049 1763 4121 ἢ
1807 4049 1899 4105 τὸν

313 4137 484 4207 όγκον
516 4139 866 4214 εῦλαϐηθήσῃ
909 4140 1007 4196 τοῦ
1048 4142 1500 4213 δυσσεϐἡματοςς
1540 4144 1606 4196 Εἰ
1659 4145 1760 4214 μὲν
1789 4144 1898 4215 γάρ

317 4229 417 4284 καὶ
449 4229 510 4285 σὲ
540 4233 746 4303 τρόμος
776 4232 891 4305 ἔχει
915 4233 1012 4288 καὶ
1046 4233 1212 4304 φόϐος
1241 4233 1534 4301 κατέλαϐε,
1565 4235 1900 4306 ἀφαιρήσεις

315 4320 452 4375 αὐτὸ
490 4321 710 4388 πάντως
738 4323 837 4394 τῆς
864 4326 1110 4398 πονηρᾶς
1142 4327 1236 4381 καὶ
1259 4325 1512 4390 πλάσεως
1561 4327 1656 4379 καὶ
1696 4326 1898 4398 ἀρχῆς,

318 4414 527 4484 μᾶλλον
549 4415 608 4470 δέ
635 4416 734 4488 τῆς
765 4417 864 4486 σῆς
888 4417 1264 4490 βλασφημίας,
1301 4419 1394 4474 καὶ
1424 4419 1624 4473 σαυτοῦ
1653 4419 1753 4491 τὴν
1774 4419 1900 4472 τόλ-

311 4512 434 4575 μαν
459 4503 664 4576 ταύτην
711 4510 1298 4565 συναπβσκευάσασθαι
1347 4510 1554 4583 πολλὴν
1605 4509 1902 4579 ἐπιδείξεις

2005 3317 2115 3364 tam
2162 3311 2450 3366 manifesta
2483 3311 2574 3372 sit
2623 3312 2833 3384 (hucus
2863 3330 2970 3385 que
3005 3316 3154 3371 enim
3206 3331 3380 3388 prono
3426 3330 3592 3371 cursu

2003 3415 2184 3456 sermo
2215 3418 2316 3458 nos
2340 3419 2466 3458 cum
2498 3404 2779 3476 voluptate
2809 3407 3042 3463 detulit:
3070 3408 3184 3476 jam
3211 3422 3343 3464 vero
3375 3406 3589 3479 vertigo

2002 3508 2093 3549 me
2139 3494 2254 3550 fere
2301 3504 2356 3551 et
2407 3510 2579 3564 pavor
2621 3507 2899 3568 occupat:
2931 3500 3028 3555 sed
3063 3500 3360 3556 dicendum
3408 3509 3592 3554 tamen

2003 3585 2230 3640 omnino
2266 3597 2373 3655 est,
2418 3588 2670 3658 quamvis
2702 3605 2815 3644 non
2849 3590 2970 3646 sine
3018 3592 3403 3662 trepidatione,
3443 3589 3593 3661 quod

2000 3664 2306 3735 confutatio
2349 3680 2773 3750 praetermittere
2820 3697 2932 3737 non
2980 3683 3156 3751 sinit),
3211 3683 3462 3754 nunquid
3507 3692 3590 3747 tu,

2001 3771 2094 3841 qui
2136 3787 2246 3827 non
2303 3772 2556 3827 audenda
2607 3773 2802 3841 audes,
2847 3773 3194 3830 Dominicum
3234 3775 3340 3830 hoc
3391 3789 3592 3844 corpus

2002 3862 2069 3916 ad
2098 3862 2298 3918 malum
2334 3862 2668 3934 principium
2705 3864 2917 3920 referre
2939 3865 3138 3930 mavis,
3163 3879 3232 3918 an
3268 3862 3590 3936 gravitatem

2000 3952 2186 4026 ﬂagitii
2229 3955 2398 4025 hujus
2425 3956 2769 4028 agnoscere?
2802 3955 2858 4011 Si
2903 3955 3054 4010 enim
3105 3955 3303 4010 horror
3338 3963 3391 4010 te
3421 3953 3590 4024 capit,

2001 4055 2059 4101 et
2109 4048 2274 4101 timor
2321 4052 2592 4119 occupat.
2651 4048 2948 4104 subtrahes
2988 4047 3122 4104 illud
3169 4048 3397 4102 omnino
3445 4045 3593 4100 malo

2001 4137 2268 4193 conditori
2297 4149 2354 4194 et
2382 4139 2679 4211 principio,
2709 4139 2821 4206 vel,
2860 4150 2921 4200 ut
2943 4141 3150 4218 rectius
3178 4140 3392 4210 loquar,
3435 4139 3588 4194 omni

2001 4231 2188 4285 studio
2225 4231 2450 4293 ellicies,
2501 4240 2562 4288 ut
2603 4232 2820 4288 facinus
2870 4233 3014 4299 hoc,
3067 4233 3426 4303 blasphemiae
3484 4240 3593 4286 tua:

2003 4323 2223 4390 ﬂetum,
2262 4324 2566 4380 amoliaris.
2617 4325 2778 4392 Quod
2817 4325 2865 4382 si
2902 4342 3064 4390 vero,
3114 4340 3222 4381 non
3269 4324 3455 4380 habita
3498 4339 3590 4378 ra-

2002 4417 2151 4471 tione
2183 4417 2277 4472 ira:
2323 4416 2545 4484 divinae,
2579 4418 2941 4489 neglectoque
2981 4426 3148 4473 rectae
3181 4417 3412 4473 rationis
3438 4416 3590 4486 judi-

2004 4510 2121 4577 cio,
2168 4510 2280 4566 imo
2314 4511 2436 4581 ipso
2483 4527 2610 4583 erga
2652 4512 2909 4568 homines
2958 4512 3191 4582 pudore,
3255 4509 3588 4565 sententiam

313 4597 421 4667 τὴν
451 4598 707 4675 σπουδήντ
755 4600 818 4653 Εἰ
845 4600 903 4654 δέ
948 4601 1214 4674 καὶπρὸς
1254 4601 1356 4675 τὴν
1404 4601 1556 4656 θείαν
1583 4601 1759 4675 ὀργὴν
1802 4603 1900 4657 καὶ

2007 4609 2154 4657 tuam
2182 4602 2463 4658 mordicus
2494 4601 2637 4658 tueri
2675 4601 3033 4674 pertinaciter
3061 4600 3424 4663 constituisti,
3451 4614 3591 4669 quo-

315 4687 430 4741 τῶν
475 4689 756 4760 λογισμῶν
798 4691 900 4762 τὴν
935 4691 1118 4764 κρίσιν
1158 4693 1252 4747 καὶ
1281 4693 1628 4762 κατάγνωσιν
1662 4693 1757 4748 καὶ
1798 4693 1899 4766 τὴν

315 4781 400 4844 είς
425 4779 745 4852 ἀνθρώπους
778 4779 915 4836 αίδὼ
947 4783 1048 4853 τὴν
1072 4781 1170 4854 σὴν
1192 4783 1552 4853 άντανασχεῖν
1595 4783 1900 4856 ἐπωρώθης

308 4869 568 4943 γνώμην,
603 4872 746 4938 πῶς,
765 4873 910 4939 είπέ,
931 4873 994 4926 τὸ
1017 4876 1159 4944 Πονη
1169 4873 1260 4945 ρδν
1282 4874 1525 4946 συνήφθη
1553 4873 1633 4946 τῷ
1661 4874 1897 4947 Ἀγαθῷ,

317 4961 417 5015 καὶ
447 4963 564 5027 πῶς
593 4964 804 5035 ὑπέστη
829 4966 858 5018 ό
886 4965 1092 5034 ἀγαθὸς
1123 4965 1258 5029 Θεὸς
1278 4965 1368 5019 διὰ
1395 4965 1492 5020 τοῦ
1524 4966 1770 5037 Πονηροῦ
1798 4967 1899 5038 τὴν

313 5051 415 5107 τοῦ
445 5055 654 5125 κόσμου
685 5055 964 5128 σωτηρίαν
1013 5057 1494 5127 καταπράξασθαι.
1529 5058 1625 5112 καὶ
1658 5058 1722 5112 τὸ
1758 5056 1896 5111 θαυ-

319 5146 664 5219 μασιιίιτερόν
702 5165 762 5203 τε
805 5150 900 5203 καί⁵
945 5150 1406 5222 φρικωδέστερον,
1449 5145 1530 5220 τῷ
1568 5148 1746 5221 θρόνῳ
1771 5166 1896 5203 συν-

315 5239 558 5310 εδριάζει
585 5241 666 5314 τῷ
696 5241 992 5315 πατρικῷ;
1025 5242 1188 5297 τοῦτο
1223 5239 1336 5314 γάρ
1366 5242 1396 5296 ό
1420 5240 1531 5295 τῶν
1558 5239 1894 5314 ἀπορρήτων

388 5379 471 5413 ⁸³*
496 5380 656 5438 Joan.
687 5399 729 5449 ι,
766 5381 854 5437 14.
929 5382 977 5416 ’⁸
1006 5381 1200 5438 Matth.
1240 5397 1280 5447 ι,
1311 5380 1405 5436 25.
1478 5379 1524 5413 ⁸⁸
1555 5377 1689 5434 Luc.
1727 5395 1789 5444 ιι,
1823 5379 1878 5433 7.

1996 4695 2184 4761 modo,
2232 4711 2454 4766 quaeso,
2505 4696 2706 4752 Malum
2755 4697 2905 4752 Bono
2950 4697 3203 4768 junctum
3235 4703 3341 4758 est,
3367 4702 3422 4748 et
3446 4707 3587 4761 quo-

1997 4786 2163 4842 modo
2226 4787 2410 4844 bonus
2478 4787 2624 4844 Deus
2683 4788 2918 4843 salutem
2982 4785 3174 4842 mundi
3233 4800 3334 4854 per
3389 4782 3590 4837 Malum

1997 4893 2257 4948 reparare
2302 4879 2587 4946 sustinuit,
2615 4889 2692 4944 et,
2721 4878 2868 4949 quod
2917 4877 3088 4948 magis
3126 4875 3488 4930 admiratione
3524 4889 3590 4928 ac

1999 4969 2234 5025 horrore
2277 4971 2501 5041 dignum
2530 4981 2634 5034 est,
2668 4971 2723 5025 in
2761 4960 3019 5025 thronum
3051 4967 3291 5038 patrium
3321 4965 3590 5022 collocat?

2000 5061 2055 5116 id
2087 5062 2235 5116 enim
2278 5062 2693 5118 absonditarum
2739 5077 2924 5116 rerum
2953 5061 3137 5116 sciens
3169 5070 3226 5117 et
3253 5059 3447 5116 doctor
3476 5067 3590 5114 tra-

2001 5151 2106 5207 dit.
2141 5151 2252 5207 Aut
2296 5153 2461 5223 igitur
2494 5152 2592 5207 has
2617 5167 2706 5206 res
2731 5164 2927 5205 omnes
2974 5163 3178 5221 negare
3209 5159 3262 5205 te
3288 5145 3588 5220 oportebit,

2001 5244 2152 5315 quod
2177 5243 2389 5302 scilicet
2414 5243 2658 5301 Verbum
2683 5257 2909 5300 carnem
2939 5242 3323 5314 assumpserit,
3352 5241 3406 5296 in
3430 5254 3591 5295 mun-

1364 5515 1606 5575 VARUS
1666 5515 2050 5574 LECTIONES
2095 5514 2184 5570 ET
2219 5511 2445 5571 ΝΟΤᾹΣ.

392 5608 504 5680 (90)
543 5607 979 5680 Παρετράςρετο.
1016 5612 1127 5667 Eos
1155 5611 1336 5666 innuit
1367 5627 1435 5667 ex
1475 5609 1753 5666 veteribus
1789 5609 1900 5666 ha:-

318 5679 545 5744 reticOs,
581 5679 1176 5746 tum’Valentinianos,
1208 5691 1323 5736 tum
1360 5681 1710 5745 Manichaeos,
1737 5681 1904 5736 alios-

317 5767 429 5822 que
457 5750 622 5820 hujus
651 5751 888 5822 generis,
934 5752 1024 5821 qui
1068 5752 1350 5807 Christum
1380 5767 1569 5806 verum
1599 5751 1900 5822 hominem

318 5819 793 5902 fuissenegarunt.
826 5819 971 5902 Lege
997 5837 1119 5902 eos1
1137 5822 1192 5876 in
1213 5837 1341 5902 suas
1363 5820 1892 5902 classesdistinc-tos,

319 5890 468 5962 apud
494 5889 838 5961 Forbesium,
882 5889 980 5951 lib.
1019 5908 1058 5950 ιι
1089 5891 1428 5949 Instructiou.
1477 5890 1896 5948 historico-theo-

2013 5611 2118 5680 log.
2150 5624 2200 5663 c.
2221 5609 2273 5672 Ι,
2297 5622 2356 5677 p.
2387 5607 2458 5662 77
2484 5621 2638 5676 seqq.
2824 5675 2836 5689 _
2943 5674 2956 5690 '

2076 5677 2188 5750 (9|)
2236 5679 2487 5750 Τρόπον.
2516 5675 2658 5750 Vult
2680 5674 2909 5750 Ph_o_tius
2942 5675 3019 5750 Id,
3053 5671 3201 5745 quod
3239 5679 3462 5729 sanctus
3479 5669 3587 5727 Lu-

2005 5746 2098 5804 cas
2126 5746 2288 5812 1,36,
2333 5755 2604 5801 memorat
2627 5746 2696 5802 de
2739 5746 3076 5810 Elisabetha,
3123 5759 3246 5813 quae
3305 5758 3373 5796 ex
3433 5752 3590 5812 parte

2003 5827 2207 5891 praeter
2226 5825 2481 5874 naturam
2519 5816 2691 5874 lilium
2724 5824 3057 5889 conceperat
3079 5821 3208 5871 ante
3229 5813 3484 5870 Mariam.
