4022 6388
549 412 646 478 Illi

1712 414 1975 475 PHOTII
2011 408 2519 473 PATRIARCILE
2560 413 2666 473 (ΖΡ.

3707 421 3810 487 192

548 527 679 581 dum
724 539 823 596 per
868 524 1210 581 nativitatem
1244 525 1298 580 in
1338 535 1500 597 partu
1542 528 1775 594 venerit,
1826 529 2110 581 humanuu

2233 525 2444 598 μύστης
2470 528 2565 581 καὶ
2599 526 2965 599 μυσταγωγὸς
2995 527 3293 594 ἐδιδάξατο.
3325 530 3394 583 Ἦ
3430 529 3563 599 γοῦν
3601 532 3812 586 τούτων

548 635 725 690 genus
791 618 1105 685 redemerit,
1164 626 1618 688 assumptumquc
1668 634 1869 689 corpus
1932 619 2132 673 throno

550 713 726 781 patrio
773 711 1106 777 vindicarit;
1140 723 1228 767 aut
1267 712 1612 781 relinquitur,
1645 713 1687 767 si
1724 728 1787 767 ea
1818 726 1930 766 non
1958 728 2129 783 nega-

548 805 644 869 ris,
676 820 879 875 negare
919 813 972 860 te
1006 805 1306 860 bonitatem
1340 805 1458 869 Dei,
1489 821 1673 875 quem,
1708 805 1825 875 ipsa
1865 806 1969 859 hac
1997 819 2131 859 con-

542 897 832 965 junctione
882 906 1150 962 astructa,
1204 897 1425 952 malitia:
1477 898 1791 967 suspicione
1842 910 2042 951 oneres
2074 904 2131 951 et

548 987 748 1058 injuria
787 989 1023 1055 aﬂicias;
1076 989 1281 1059 quippe
1313 989 1407 1059 qui
1437 999 1492 1044 et
1523 990 1806 1055 malitiam,
1858 1004 1981 1044 cum
2025 1003 2130 1044 nec

550 1089 669 1134 tum‘
696 1080 932 1135 retinere
952 1081 1147 1151 possis,
1180 1082 1235 1135 in
1269 1082 1473 1137 bonum
1497 1082 1852 1138 converterit.
1876 1082 1944 1136 Et
1972 1096 2124 1148 sane,

548 1170 593 1225 si
643 1172 867 1226 omnino
934 1166 1129 1227 contra
1209 1172 1378 1227 Deum
1449 1190 1693 1245 pugnare
1766 1174 2126 1230 constitutum

547 1263 769 1328 habeas,
827 1264 998 1334 magis
1043 1263 1097 1317 in
1147 1274 1405 1335 promptu
1456 1276 1574 1320 erat
1624 1266 1777 1337 prius
1828 1267 2126 1337 impietatis

545 1368 746 1426 caput,
795 1372 955 1425 quam
1005 1358 1281 1425 posterius
1340 1358 1565 1429 eligere.
1602 1359 1727 1414 Fuit
1784 1361 1932 1415 enim
1982 1370 2124 1416 tem-

546 1460 667 1513 pus,
703 1460 814 1514 quo
840 1444 895 1497 in
942 1438 1326 1516 ﬂagitii'hujus
1366 1462 1584 1517 pennam
1617 1466 1729 1504 non
1762 1452 2119 1521 vocabantur,

544 1535 636 1602 qui
667 1536 849 1604 priora
883 1535 971 1589 illa
1012 1538 1355 1603 nesciebant,
1390 1556 1562 1609 eaque
1587 1551 1847 1614 tanquam
1876 1545 2123 1602 nondum

542 1627 885 1694 exsistentia,
934 1642 1044 1682 non
1079 1631 1493 1688 reverebantur.
1534 1634 1639 1701 Qui
1679 1653 1808 1693 vero
1837 1640 1929 1695 Dei
1962 1640 2122 1695 boni-

542 1724 709 1772 tatem
750 1719 806 1773 in
854 1723 1055 1777 malum
1105 1725 1533 1791 transtulerunt,
1565 1736 1659 1782 aut
1690 1729 1827 1795 hoc,
1861 1740 2118 1801 tanquam

542 1802 681 1858 Boni
733 1808 1012 1880 particeps
1059 1812 1286 1882 factum,
1344 1815 1556 1871 illustre
1611 1821 1991 1889 reddiderunt,
2024 1840 2120 1880 eos

540 1895 688 1950 nulla
733 1915 844 1955 non
886 1912 1019 1961 aetas
1059 1904 1361 1964 inevitabili
1400 1925 1562 1980 poma
1594 1911 1788 1985 dignos
1834 1916 2115 1987 judicavit.

612 2146 727 2202 νη.
781 2149 918 2206 Cum
1008 2170 1141 2210 vero
1234 2159 1460 2216 audacia
1552 2163 1671 2220 haec
1733 2174 1790 2221 et
1862 2167 2115 2239 impietas

537 2239 772 2295 amasios
846 2257 975 2299 suos
1036 2256 1115 2301 tot
1164 2251 1324 2307 malis
1393 2254 1735 2323 circumdet,
1772 2259 1858 2312 illi
1931 2269 2114 2315 tamen

536 2328 677 2384 adeo
725 2332 796 2386 ab
835 2349 1024 2392 errore
1060 2354 1161 2394 suo
1202 2356 1260 2395 se
1300 2358 1413 2398 non
1457 2357 1751 2413 avertunt,
1800 2359 1858 2405 ut
1899 2353 2111 2422 potius,

538 2421 697 2477 veriti
756 2426 954 2494 quasi,
1009 2445 1079 2483 ne
1118 2432 1371 2488 satietate
1436 2438 1669 2506 quadam
1730 2421 1912 2495 Deum
1941 2458 2114 2513 oppu-

536 2514 737 2603 gnandi
811 2519 1213 2588 corripiantur,
1263 2540 1421 2582 novae
1474 2529 1689 2584 cuidam
1742 2533 2113 2603 profanationi

536 2600 665 2658 Boni
684 2615 931 2664 naturam
964 2627 1264 2683 exponant.
1289 2618 1426 2674 Cum
1454 2623 1601 2677 enim
1628 2637 1784 2681 vetus
1803 2627 1923 2695 ejus
1955 2637 2115 2683 testa-

532 2709 800 2759 mentum,
824 2711 984 2770 atque
1021 2723 1134 2770 eos,
1166 2710 1257 2776 qui
1287 2710 1339 2764 in
1368 2714 1559 2769 eodem
1588 2732 1701 2785 pra:
1728 2720 1941 2775 caeteris
1973 2722 2112 2775 emi-

532 2797 794 2853 nuerunt,
823 2792 891 2846 ad
922 2795 1047 2849 mali
1075 2799 1325 2869 principii
1353 2812 1677 2871 potestatem
1725 2808 1955 2878 ejusque
1989 2814 2109 2865 culo

533 2884 648 2930 tum
688 2879 949 2948 referant,
964 2900 1089 2940 cum
1122 2898 1305 2945 tamen
1335 2893 1401 2948 ad
1426 2893 1593 2950 David
1624 2898 1990 2961 etAbraham.
2043 2918 2110 2958 ex

530 2965 730 3033 quibus
752 2969 1001 3029 Christus
1028 2980 1172 3047 quod
1206 2982 1270 3036 ad
1307 2999 1547 3051 carnem,
1608 2987 1852 3058 ejusdem
1900 2993 2110 3049 ordinis

532 3059 865 3130 exstiterint,
892 3068 1240 3126 manifestum
1258 3085 1343 3130 est
1392 3078 1535 3145 quod
1568 3079 1855 3136 Dominum
1890 3084 2108 3139 univer-

2235 618 2489 672 ἁπάντων
2527 618 2787 690 οίκειώσῃ
2823 620 2925 689 τὴν
2962 619 3273 692 ὲξάρνησιν,
3327 622 3403 686 ὡς
3438 624 3498 677 ό
3527 624 3697 692 Λόγος
3742 628 3808 679 ού

2233 709 2603 781 σεσάρκωται,
2646 710 2708 763 οὐ
2744 711 2983 782 προῆλθε
3020 711 3098 781 τῷ
3128 713 3316 784 κόσμῳ
3363 714 3453 768 διὰ
3500 718 3811 787 γεννήσεως

2232 801 2297 855 ὲν
2317 801 2395 873 τῷ
2419 802 2587 871 τόκῳ,
2617 802 2677 856 οὐ
2712 803 2824 874 (92)
2855 804 3009 872 γένος
3054 806 3344 872 διέσωσεν,
3386 808 3447 860 ού
3478 807 3539 861 τὸ
3570 810 3810 878 προσλη-

2232 893 2364 962 φθὲν
2420 894 2581 964 σῶμα
2606 894 2685 966 τῷ
2727 895 2978 966 πατρικῷ
3016 896 3190 968 θρόνῳ
3235 899 3735 970 συγκαθιδρύσατω
3771 900 3806 969 ἦ

2228 984 2402 1038 ταῦτα
2424 985 2672 1039 λείπεται
2709 985 2785 1057 μὴ
2826 986 3245 1059 ἐξαρνούμενον,
3274 991 3555 1060 ἀρνεῖσθαι
3598 1009 3658 1045 τε
3692 992 3805 1063 (93)

2227 1078 2329 1147 τὴν
2378 1076 2691 1149 άγαθότητα
2739 1077 2834 1132 τοῦ
2889 1078 3048 1144 Θεοῦ,
3091 1082 3173 1145 είς
3216 1082 3419 1137 κακίαν
3470 1086 3538 1154 τῇ
3592 1087 3805 1155 συναφῇ

2229 1167 2651 1241 καθυϐρίζοντα.
2710 1170 2819 1223 Kal.
2851 1170 2916 1240 δὴ
2960 1172 3242 1244 κάκείνην,
3274 1174 3363 1227 ὅτε
3420 1174 3664 1245 μηδὲλτδ
3713 1176 3808 1229 σὺν

2226 1260 2372 1331 ἔχειν
2398 1278 2481 1314 σοι
2514 1260 2934 1325 καταλείπεται,
2969 1264 3050 1325 είς
3078 1263 3391 1335 ἀγαθότητα
3433 1265 3805 1336 μεταϐάλλου-

2226 1368 2358 1406 σανο
2399 1356 2494 1407 καὶ
2525 1348 2594 1426 ἦν
2644 1353 2711 1407 ἀν
2764 1371 2871 1419 σοι,
2904 1354 3197 1426 θεομαχεῖν
3247 1358 3467 1421 πάντως
3514 1358 3805 1430 ᾑρημένῳ,

2223 1445 2535 1517 κουφοτέρα
2575 1446 2777 1516 μᾶλλον
2811 1446 2919 1501 τῶν
2967 1448 3250 1520 προτέρων
3309 1449 3345 1519 ἢ
3377 1449 3488 1503 τῶν
3535 1451 3805 1521 δευτέρων

2222 1536 2653 1608 δυσσεϐημάτων
2692 1538 2726 1608 ἡ
2756 1538 2988 1609 αἵρεσις.
3020 1539 3129 1593 Kal
3158 1540 3269 1612 γάρ
3294 1536 3364 1612 ἦν
3396 1558 3530 1596 ποτε
3556 1544 3671 1605 τοῖς
3703 1542 3807 1611 μὲν

2221 1627 2321 1681 ούκ
2359 1628 2526 1682 εἰδόσι
2571 1628 2641 1683 τά
2681 1629 2928 1701 πρότερα
2962 1629 3086 1685 οὐδὲ
3125 1630 3215 1684 διὰ
3252 1631 3313 1684 τὸ
3342 1631 3511 1702 μήπω
3541 1634 3803 1705 παρεῖναι

2220 1720 2475 1790 τιμῶσιν,
2496 1721 2620 1774 οὐδὲ
2645 1723 2775 1791 μιᾶς
2789 1724 2989 1791 ὲπαφιε
2999 1722 3135 1792 μὲνη
3153 1722 3473 1787 δυσσεϐείας
3487 1724 3802 1796 είσπραξις.

2234 1812 2497 1881 ’Δπάγειν
2526 1812 2584 1866 δὲ
2610 1813 2713 1883 τὴν
2740 1813 2836 1867 τοῦ
2865 1813 3005 1867 Θεοῦ
3054 1814 3374 1887 άγαθότητα
3405 1818 3540 1889 πρὸς
3574 1819 3803 1885 κακίαν,

2220 1906 2253 1977 ἦ
2288 1906 2493 1976 ταύτην
2543 1904 2832 1975 σεμνύνειν
2866 1908 2939 1977 τῇ,
2990 1902 3257 1978 μετουσίᾳ
3288 1908 3388 1978 τῆς
3433 1908 3802 1979 ἀγαθότητος,

2217 1996 2393 2060 οὐδεὶς
2424 1997 2525 2050 οὐκ
2554 1997 2702 2054 ἐστιν
2745 1997 2881 2051 αἰὼν
2905 1997 2964 2061 ὃς
3006 1996 3082 2069 μὴ
3116 1998 3218 2068 τὴν
3249 1999 3523 2070 τιμωρίαν
3554 2002 3803 2073 ἀπαραί-

2215 2103 2378 2158 τητον
2400 2088 2524 2151 τοὺς
2555 2087 2846 2159 ἑλομένους
2875 2089 2976 2141 ούκ
3002 2090 3416 2159 εἰσπράττεται.

2287 2180 2361 2233 Ζ’.
2418 2179 2771 2250 Τηλικούτοις
2815 2180 2873 2233 δὲ
2908 2185 3095 2245 κακοῖς
3142 2182 3249 2252 τῆς
3288 2183 3497 2251 τόλμης
3550 2185 3646 2238 καὶ
3698 2186 3801 2256 τῆς

2214 2271 2469 2335 ἀσεϐείας
2485 2273 2827 2343 πανταχόθεν
2853 2275 2981 2338 τοὺς
3004 2275 3241 2345 ἐραστὰς
3261 2292 3327 2328 πε
3337 2277 3797 2348 ριστοιχιζούσης,

2214 2361 2265 2414 οἱ
2295 2362 2352 2414 δὲ
2380 2360 2515 2430 πρὸς
2534 2360 2611 2431 τῷ
2633 2360 2709 2431 μὴ
2731 2362 2829 2430 τῆς
2855 2360 3064 2432 πλάνης
3090 2362 3407 2431 ἀναφέρειν,
3450 2363 3586 2416 ἀλλά
3617 2380 3681 2431 γε
3700 2365 3797 2417 καί

2215 2452 2378 2521 κόρον
2408 2451 2600 2524 ὥσπερ
2622 2451 2718 2506 τοῦ
2735 2452 3025 2523 θεομαχεῖν
3047 2453 3235 2507 λαϐεῖν
3269 2471 3391 2507 τινα
3418 2454 3670 2521 δεδιότες,
3698 2455 3799 2509 καὶ

2212 2544 2444 2616 δευτέρᾳ
2471 2543 2773 2621 βεϐηλώσει
2793 2545 2893 2615 τὴν
2921 2544 3016 2597 τοῦ
3051 2544 3285 2613 Ἀγαθοῦ
3320 2545 3797 2599 καθυποϐάλλουσι

2213 2636 2397 2706 φύσιν.
2416 2637 2528 2707 Τῆς
2553 2637 2663 2708 γὰρ
2692 2636 2857 2689 αὐτοῦ
2881 2636 3147 2706 διαθήκης
3170 2636 3269 2708 τὴν
3291 2636 3659 2709 ἀρχαιοτέραν
3696 2636 3797 2690 καὶ

2210 2725 2339 2789 τοὺς
2388 2727 2448 2780 ὲν
2507 2726 2649 2796 αὑτῇ
2681 2725 3001 2796 διαπρεπῶς
3033 2724 3531 2796 πολιτευσαμένους
3563 2726 3641 2788 εἰς
3689 2726 3794 2796 τὴν

2210 2817 2310 2887 τῆς
2336 2819 2577 2888 πονηρᾶς
2604 2817 2945 2888 ἀναρτῶντες
2969 2816 3217 2882 ἐξουσίαν
3245 2834 3305 2871 τε
3337 2818 3433 2872 καὶ
3460 2818 3789 2890 θεραπείαν,

2210 2908 2441 2977 ἐπείπερ
2468 2908 2563 2961 καὶ
2582 2906 2746 2961 Δαϐὶδ
2764 2908 2858 2961 καὶ
2891 2907 3160 2980 Ἀϐραὰμ,
3190 2907 3250 2974 ἐξ
3275 2901 3350 2964 ὧν
3397 2912 3427 2963 δ
3455 2911 3692 2981 Χριστὸς
3730 2910 3793 2964 τὸ

2210 2999 2352 3052 κατὰ
2382 2999 2582 3070 σάρκα,
2612 2997 2713 3065 τῆς
2737 2998 2906 3070 αὐτῆς
2938 2998 3299 3070 χοροστασίας
3329 2998 3596 3076 ὑπῆρχον,
3627 2999 3792 3070 δῆλον

2208 3089 2283 3152 ὠς
2334 3090 2494 3161 διπλῇ
2554 3088 2854 3160 βεϐηλώσει
2912 3090 3013 3145 τὸν
3055 3090 3166 3145 τῶν
3215 3091 3353 3146 ὅλων
3398 3091 3792 3158 καταστίζουσι

532 3148 707 3257 sitatis
722 3168 903 3211 rerum
928 3159 1133 3230 duplici
1154 3162 1350 3234 injuria
1372 3168 1637 3234 alliciunt,
1663 3176 1833 3229 semel
1862 3177 2102 3246 quidem,

2212 3148 2527 3251 Δεσπότης·
2554 3148 2687 3254 ’μιᾷι
2715 3182 2813 3253 μὲν
2867 3182 2951 3236 ὅτι
2997 3184 3240 3254 πονηρᾶς
3287 3148 3703 3253 ἀποφαίνουσιν,
3762 3184 3793 3238 δ

529 3243 673 3310 quod
708 3258 930 3316 corpus,
973 3253 1118 3320 quod
1148 3259 1464 3328 assumpsit,
1516 3276 1545 3315 a
1570 3261 1707 3318 Malo
1733 3280 1856 3321 esse
1875 3243 2106 3323 conten-

527 3331 704 3431 dunt:
744 3336 944 3396 deinde
970 3358 1121 3411 vero,
1173 3348 1316 3416 quod
1365 3350 1498 3411 illud
1538 3369 1646 3409 non
1681 3357 1749 3412 ab
1772 3358 1881 3414 alio
1908 3362 2108 3431 populo

528 3424 827 3496 deducunt,
860 3448 1022 3502 quam
1040 3451 1127 3504 eo,
1161 3439 1254 3508 qui
1288 3444 1590 3499 secundum
1622 3446 1815 3520 legem,
1869 3424 1939 3506 ab
1975 3424 2107 3523 ipsis

526 3529 919 3592 contemptam,
950 3527 1104 3583 vixit.
1126 3529 1280 3597 Quod
1302 3534 1345 3589 si
1374 3537 1520 3591 enim
1560 3537 1767 3596 Bonum
1790 3541 1913 3597 Mali
1963 3544 2108 3601 inest

525 3626 686 3707 opus,
708 3620 1002 3686 quomodo,
1035 3637 1245 3691 quaeso,
1276 3627 1347 3692 ab
1373 3628 1497 3684 aliis
1533 3631 1668 3687 illud
1705 3634 1896 3690 evitari
1945 3647 2104 3707 pote-

524 3701 635 3757 rit?
668 3705 956 3778 Nunquam
978 3728 1110 3768 vero
1134 3716 1201 3770 ad
1235 3717 1581 3776 insolentiam
1601 3723 1838 3781 hominis
1866 3728 2106 3784 accessio

524 3792 642 3890 ﬁeri
662 3807 856 3865 potest,
891 3802 986 3870 qui
1017 3803 1223 3875 duplici
1246 3809 1478 3868 crimine
1522 3829 1583 3869 se
1619 3816 1960 3890 obstringat?
2013 3820 2107 3876 Et-

521 3886 669 3941 enim
718 3892 996 3966 propriam
1032 3906 1341 3955 creaturam
1369 3902 1436 3957 ad
1496 3916 1781 3975 peccatum
1834 3886 2101 3979 aversam,

522 3993 622 4047 per
650 3978 771 4048 ejus
802 3988 1235 4057 assumptionem
1272 4007 1514 4061 servare,
1573 4000 1823 4055 maximae
1871 4017 2017 4057 curae
2049 4012 2105 4059 et

524 4070 788 4129 bonitatis
828 4090 1211 4148 argumentum
1258 4093 1341 4139 est
1371 4102 1385 4139 :
1416 4087 1657 4145 vicissim
1688 4091 1732 4145 si
1763 4092 1925 4147 alieni
1973 4095 2102 4164 quid

522 4162 830 4219 clanculum
857 4168 1104 4240 obrepat,
1126 4174 1274 4243 quod
1296 4184 1489 4232 natura
1515 4180 1670 4235 alteri
1695 4183 1765 4237 sit
1787 4162 2097 4255 adversum,

522 4263 579 4309 et
605 4258 991 4316 contrarietate
1013 4279 1111 4321 sua
1140 4282 1264 4321 cum
1308 4284 1375 4324 eo
1398 4282 1623 4343 pugnet,
1656 4288 1838 4330 nonne
1864 4277 2008 4333 illam
2045 4288 2103 4336 et

519 4358 667 4400 cura:
695 4357 752 4401 et
781 4348 1040 4410 bonitatis
1063 4358 1419 4415 eminentiam
1450 4363 1503 4417 in
1551 4374 1761 4433 partem
1794 4371 2100 4438 oppositam

519 4448 841 4496 convertere
861 4442 1219 4511 judicandum
1242 4452 1367 4505 est?
1396 4453 1583 4523 Itaque
1609 4471 1717 4510 non
1744 4467 1828 4512 est
1846 4459 1953 4515 ulla
1976 4463 2097 4532 opi-

2211 3274 2543 3345 προσείληφε
2573 3274 2753 3345 σῶμα,
2786 3272 3180 3346 δημιουργίας·
3232 3274 3462 3349 δευτέρᾳ
3489 3276 3567 3343 δὲ,
3600 3276 3680 3329 ὅτι
3712 3275 3793 3348 μὴ

2209 3363 2271 3430 ἐξ
2304 3365 2465 3420 ἄλλου
2499 3365 2714 3434 γένους,
2740 3365 2859 3421 ἀλλ’
2889 3361 2971 3431 οἷς
3004 3369 3033 3421 ό
3054 3367 3167 3439 βίος
3198 3369 3231 3439 ἡ
3267 3367 3401 3440 παρ’
3442 3368 3627 3424 αὐτῶν
3646 3387 3790 3440 προ-

2210 3457 2630 3528 πηλακιζομένη
2690 3458 2835 3513 κατά
2889 3458 3055 3529 νόμου
3118 3460 3364 3528 λατρεία.
3430 3463 3693 3532 Καίτοιγε
3738 3464 3788 3518 εἰ

2208 3550 2406 3612 κακίας
2429 3550 2588 3621 ἔργον
2612 3552 2690 3623 τῷ
2704 3553 2941 3627 Ἀγαθῷ,
2966 3558 3083 3623 πῶς
3103 3558 3169 3613 ἀν
3189 3559 3277 3631 εῐη
3299 3560 3462 3615 τοῦτο
3483 3562 3788 3633 ἀπαραίτη-

2207 3658 2301 3694 τον
2329 3641 2659 3712 προσλαϐεῖν
2685 3662 2700 3711 ;
2729 3645 2813 3709 τίς
2836 3648 3067 3714 ἀτοπίας
3088 3652 3473 3708 καταλείπεται
3504 3654 3785 3726 ὑπερϐολὴ

2205 3731 2285 3801 τῷ
2322 3734 2417 3786 καὶ
2442 3733 2657 3799 διπλαῖς
2685 3738 2990 3811 ὲνεχομένῳ
3044 3741 3280 3808 αίτίαις;
3315 3741 3387 3796 Τὸ
3446 3742 3548 3814 μὲν
3573 3744 3681 3814 γάρ
3711 3742 3779 3796 τὸ

2205 3822 2407 3874 οἰκεῖον
2449 3824 2694 3896 πλάσμα,
2712 3829 2847 3898 πρὸς
2890 3830 3167 3901 ἁμαρτίαν
3202 3833 3507 3904 ἀπορρυὲν,
3548 3833 3639 3887 δια
3677 3836 3784 3905 τῆς

2206 3912 2566 3984 προσλήψεως
2620 3916 3025 3986 ἀνασώσασθαι,
3056 3920 3153 3989 τῆς
3201 3920 3378 3991 ἄκρας
3405 3918 3474 3993 ἦν
3524 3923 3783 3993 προνοίας

2205 4000 2299 4054 zeal.
2326 4003 2684 4073 ἀγαθότητος.
2729 4008 2801 4059 Τὸ
2850 4006 2907 4058 δὲ
2938 4010 3000 4059 τὸ
3050 4005 3329 4080 ἀλλότριον
3369 4010 3624 4065 ὑπελθεῖν
3682 4014 3783 4066 καὶ

2203 4094 2378 4149 ταῦτα
2414 4094 2572 4165 φύσει
2604 4097 2696 4149 καὶ
2722 4097 2930 4168 διχόθεν
2958 4099 3422 4171 ἀντανιστάμενον
3452 4104 3592 4174 πρὸς
3620 4104 3780 4158 ἀλλο-

2203 4188 2493 4258 τριότητα,’
2518 4189 2635 4252 πῶς
2661 4189 2781 4261 οὐχὶ
2805 4189 2899 4243 zeal
2914 4194 3011 4261 τῆς
3038 4191 3293 4262 προνοίας
3322 4194 3416 4246 zeal.
3443 4194 3543 4265 τῆς
3573 4195 3780 4264 ἀγαθό-

2201 4295 2366 4347 τητος
2418 4280 2520 4333 οὐκ
2572 4280 2651 4344 είς
2690 4280 2751 4334 τὸ
2787 4281 3025 4335 ἐναντίον
3070 4283 3391 4352 περιτρέπει
3422 4284 3482 4337 τὸ
3515 4284 3776 4357 semper;

2204 4368 2390 4432 Οὕτως
2414 4371 2514 4425 οὐκ
2538 4371 2683 4424 ἔστιν
2716 4372 2874 4436 ὅλως,
2908 4372 3007 4427 ούκ
3036 4373 3182 4428 ἐστιν
3213 4374 3340 4428 οὔτε
3386 4375 3497 4429 τῶν
3517 4377 3579 4430 τὸ
3618 4377 3781 4448 σῶμα

2201 4459 2487 4530 λεγόντων,
2511 4460 2635 4515 οὔτε
2667 4463 2765 4534 τὴν
2798 4465 3096 4537 Μωσαῖκὴν
3131 4464 3456 4535 νομοθεσίαν
3476 4467 3570 4521 τοῦ
3598 4471 3777 4539 Πονη-

519 4527 614 4582 nio
643 4530 727 4585 vel
758 4532 945 4589 insana
964 4538 1154 4609 magis,
1196 4541 1282 4596 vel
1318 4543 1554 4614 impura,
1586 4548 1669 4601 vel
1703 4548 1889 4619 impia,
1933 4524 2096 4623 quam

2212 4524 2321 4623 ρού,
2345 4551 2457 4605 οὔτ’
2474 4524 2894 4625 νὲμμανέστερον
2922 4524 3094 4622 οὐδὲν,
3114 4524 3229 4611 ἀλλ’
3252 4557 3378 4611 οὔτε
3408 4524 3776 4633 μιαρώτερον,

398 4638 402 4641 -
518 4631 733 4685 eorum,
763 4622 856 4691 qui
885 4625 969 4679 vel
997 4642 1197 4697 corpus
1223 4631 1307 4685 vel
1338 4631 1513 4703 legem
1550 4635 1842 4695 Mosaicam
1881 4657 1912 4696 a
1956 4622 2099 4700 Malo

518 4721 793 4780 repetunt.
819 4713 1023 4772 Praeter
1050 4718 1188 4784 hate,
1233 4722 1279 4777 si
1308 4739 1538 4795 corpora
1572 4744 1602 4784 a
1650 4728 1905 4789 Creatore
1955 4736 2101 4792 malo

516 4813 668 4869 sunt,
701 4820 811 4862 non
847 4824 977 4864 vero
1005 4826 1036 4865 a
1068 4811 1229 4868 Patre
1276 4824 1333 4871 et
1376 4817 1594 4887 Filioet
1626 4821 1837 4891 Spiritu
1885 4835 2097 4895 sancto,

518 4910 625 4949 una
654 4897 939 4956 divinitate
970 4911 1026 4957 et
1054 4905 1322 4973 potentia,
1365 4910 1640 4977 quomodo
1684 4912 1755 4967 ab
1799 4914 1992 4971 alienis
2042 4926 2101 4972 et

517 4988 679 5043 malis
701 4992 1046 5060 corporibus,
1090 5011 1212 5065 qua:
1240 5012 1371 5054 sane
1401 4998 1525 5055 Mali
1564 5012 1692 5059 sunt
1717 5020 1902 5075 opera,
1950 5024 2099 5064 mor-

518 5078 618 5135 bos
650 5084 1062 5153 propcllitDeus
1083 5089 1344 5157 optimus,
1384 5101 1441 5148 et
1470 5094 1775 5154 mirabilem
1828 5100 1894 5157 iis
1936 5101 2098 5158 aﬂ‘ert

517 5173 887 5231 medicinam?
916 5178 1033 5234 Hoc
1059 5180 1207 5239 enim
1247 5183 1384 5243 nihil
1408 5186 1549 5243 foret
1572 5189 1740 5259 aliud,
1796 5210 1959 5264 quam
2000 5213 2096 5252 or-

516 5281 819 5337 nareopus,
864 5271 933 5325 ad
960 5272 1119 5342 cujus
1135 5285 1461 5345 potestatem
1494 5282 1879 5341 destruendam
1923 5304 2095 5344 vene-

514 5365 619 5421 rat,
656 5369 822 5430 atque
877 5364 1015 5419 adeo
1065 5381 1265 5439 augere
1296 5373 1437 5428 vires
1466 5374 1607 5444 ejus,
1670 5379 1764 5447 qui
1816 5380 1885 5435 ab
1930 5380 2088 5437 initio

511 5449 879 5510 defectionem
907 5470 1316 5529 procuraverat.
1369 5462 1483 5521 lmo
1510 5466 1557 5522 si
1591 5466 1775 5539 fruges
1795 5480 1957 5528 terra:
1975 5488 2095 5529 non

2195 4639 2306 4694 οὔτ’
2333 4640 2657 4713 ἀθεώτερον.
2695 4643 2905 4706 ’Ἄλλως
2933 4660 2993 4695 τε
3019 4643 3097 4708 δὲ,
3136 4646 3185 4698 εί
3236 4645 3308 4699 τά
3361 4647 3593 4718 σώματα
3640 4648 3778 4703 πλά-

2198 4732 2336 4798 σεὼς
2366 4736 2514 4787 ἐστιν
2544 4736 2814 4800 ἐναντίας,
2844 4736 2961 4790 ἀλλ’
2991 4738 3114 4809 ούχὶ
3138 4739 3355 4811 Πατρὸς
3386 4742 3482 4794 zeal.
3504 4740 3639 4794 Υἱοῦ
3676 4743 3776 4796 καὶ

2196 4823 2353 4892 ἁγίου
2377 4824 2712 4895 Πνεύματος,
2746 4829 2842 4896 τῆς
2880 4828 3011 4896 μιᾶς
3060 4827 3313 4897 θεότητος
3365 4830 3463 4883 καὶ
3498 4830 3771 4898 ἐξουσίας,

2196 4914 2316 4977 πῶς
2346 4914 2456 4969 τῶν
2479 4916 2774 4987 ἀλλοτρίων
2813 4918 2908 4969 καὶ
2937 4916 3157 4985 φαύλων
3186 4919 3480 4988 σωμάτων,
3512 4922 3597 4974 ὅτι
3623 4922 3773 4976 Φαύ-

2196 5004 2291 5059 λου
2330 5006 2630 5075 ποιήματα,
2673 5005 2773 5067 τὰς
2817 5004 3005 5068 νόσους
3043 5006 3280 5060 ἐλαύνων
3312 5009 3341 5060 ό
3388 5010 3596 5078 ἀγαθὸς
3638 5013 3772 5076 Θεὸς

2193 5097 2292 5165 τὰς
2308 5096 2643 5168 παραδόξους
2660 5096 2946 5165 ἀντεισῆγε
2969 5096 3262 5166 θεραπείας
3278 5117 3293 5165 ;
3311 5100 3475 5154 Οὐδὲν
3492 5103 3601 5174 γὰρ
3614 5103 3774 5158 τοῦτο

2193 5190 2311 5246 ἀλλ’
2331 5191 2365 5261 ἢ
2395 5191 2713 5260 συγκροτεῖν
2745 5188 2807 5242 τὸ
2827 5188 3007 5259 ἔργον,
3044 5189 3102 5244 οὐ
3130 5189 3377 5245 καθελεῖν
3418 5196 3764 5263 παρεγένετο

2191 5280 2291 5351 τὴν
2304 5280 2614 5351 τυραννίδα,
2641 5281 2734 5334 καί
2756 5278 2940 5344 αὔξειν
2956 5279 3019 5333 τὸ
3045 5281 3245 5353 κράτος
3266 5282 3359 5336 τοῦ
3382 5284 3482 5351 τὴν
3506 5283 3567 5349 ἐξ
3592 5286 3773 5356 ἀρχῆς

2192 5369 2531 5426 ἀποστασίαν
2567 5371 3003 5443 ἐπανῃρημένου.
3062 5372 3137 5425 Ού
3183 5371 3291 5444 μὴν
3337 5373 3475 5428 ἀλλά
3500 5376 3597 5430 καὶ
3625 5377 3676 5430 εί
3701 5377 3771 5431 τὰ

2198 5467 2556 5539 βλαστήματα
2601 5468 2703 5538 τῆς
2760 5466 2887 5537 γῆς,
2919 5466 2980 5521 ού
3024 5467 3124 5537 τῆς
3170 5467 3509 5539 άγαθότητος
3566 5470 3767 5544 ἀρχῆς,

1572 5621 1815 5683 VARIJE
1848 5626 2229 5686 LECTIONES
2281 5631 2367 5685 ET
2406 5629 2641 5687 NOTAE}.

736 5766 843 5853 21'1-
864 5767 1215 5853 _?a_ftic_ulam
1255 5776 1417 5853 hanc,
1465 5778 1520 5834 in
1558 5796 1664 5837 ms.
1697 5780 2086 5850 desideratam,
2121 5801 2315 5842 sensus
2345 5786 2548 5841 addere
2574 5799 2661 5839 me
2690 5782 2887 5853 coegit.

579 5834 695 5905 (93)
736 5839 821 5893 1’s.
861 5837 1041 5896 Malim
1068 5841 1246 5915 legere
1278 5848 1353 5905 σε.
