4022 6410
258 380 368 447 193

1318 380 1615 444 CONTRA
1655 379 2115 441 MANICHZEOS
2151 378 2385 441 LIBER
2422 379 2523 441 IV.

3432 376 3535 442 ιρι

258 500 383 556 πῶς
407 491 533 557 τοὺς
552 490 777 563 ἄρτους,
825 493 863 548 ἃ
895 492 960 547 ἐκ
988 493 1099 546 τῶν
1149 491 1449 563 ἀλλοτρίων
1507 491 1843 564 σπερμάτων

1952 506 1974 545 a
2008 491 2152 545 bono
2182 501 2312 545 sunt
2341 489 2633 562 principio,
2669 488 2946 561 quomodo
2984 504 3173 560 panes,
3228 503 3295 544 ex
3340 489 3534 544 alienis

257 584 544 655 ἐζυμώθη,
574 586 736 647 αὑτός
763 601 823 638 τε
850 579 922 664 old)
945 583 1166 655 βαθείας
1193 584 1363 655 μέθης
1383 586 1423 653 ί)
1447 584 1841 653 προσεφέρετο,

255 676 560 745 δυνάμενος
592 676 828 745 μάλιστα
852 680 915 729 ἐκ
944 675 1019 746 μὴ
1034 675 1204 739 ὄντων
1230 675 1409 746 ἐαυτῷ
1436 674 1643 746 τροφὴν
1668 690 1845 744 παρα-

260 767 558 832 σκευάσαι;
596 766 656 818 ’0
683 766 741 818 δὲ
774 766 868 819 καὶ
912 765 1138 829 τούτους
1191 765 1481 835 πληθύνων
1533 765 1728 834 ἔτρεφε
1760 780 1845 832 χι·-

259 856 471 921 λιάδας,
499 854 632 924 ὕλην
682 857 783 926 τῆς
810 855 1258 926 θαυματουργίας
1301 856 1401 926 τὴν
1445 854 1541 909 τοῦ
1592 852 1843 925 Πονηροῦ

260 947 709 1019 παραλαμϐάνων
730 948 927 1013 κτίσιν,
958 949 1055 1002 καὶ
1084 948 1340 1002 κοινωνὸν
1369 948 1537 1003 ποιῶν
1558 947 1656 1017 τῆς
1680 948 1847 1015 ὑπερ-

259 1038 434 1110 φυοῦς
456 1040 774 1110 εὐεργεσίας
799 1039 890 1093 τὸν
926 1040 1351 1109 Ἀντικείμενον,
1383 1039 1574 1110 ὥσπερ
1604 1039 1703 1093 οὐκ
1723 1037 1845 1103 ἐξὸν

260 1132 416 1203 αὐτῷ
436 1132 496 1197 ἐξ
521 1132 716 1204 ἐτέρας
738 1134 1141 1205 ἐνεργουμένης
1164 1133 1385 1205 τρέφειν
1402 1132 1533 1204 ὕλης
1553 1131 1745 1185 ἐαυτόν
1761 1147 1842 1195 τε,

260 1226 360 1279 καὶ
387 1226 533 1290 τοὺς,
566 1226 681 1279 ὅσοι
709 1227 821 1289 τοῖς
844 1225 1009 1279 αὐτοῦ
1059 1227 1421 1297 προσανεῖχον
1456 1225 1549 1279 καὶ
1578 1223 1845 1293 κατηρτί-

262 1318 421 1383 ζοντο
444 1319 707 1389 ῥήμασιν.
740 1317 851 1371 Καὶ
878 1316 987 1371 τῶν
1024 1318 1084 1373 ἐν
1111 1317 1189 1385 τῷ
1230 1318 1380 1387 νόμῳ
1421 1317 1476 1370 δὲ
1507 1315 1846 1386 βεϐιωκότων

261 1410 313 1460 oi
339 1407 599 1475 φύλακες,
622 1408 674 1460 εἰ
704 1406 904 1477 μὴντῆς
932 1404 1277 1475 ἀγαθουργοῦ
1304 1405 1571 1475 Θεότητος
1602 1403 1845 1471 ὑπῆρχον

262 1499 619 1570 θεράποντες.
656 1499 770 1562 πῶς
810 1500 939 1562 τοὺς
985 1498 1235 1568 μαθητάς
1288 1499 1465 1570 μάτην
1505 1495 1847 1566 ἐγκαλουμέ-

259 1608 389 1654 νους
420 1592 525 1644 ὑπὸ
577 1590 685 1643 τῶν
717 1590 1064 1655 διυλιζόντων
1107 1590 1208 1662 μὲν
1237 1590 1545 1660 φαρισαίων
1579 1589 1706 1652 τοὺς
1735 1586 1848 1641 κώ·

263 1699 474 1745 νωπας,
502 1682 914 1736 καταπινόντων
944 1682 1002 1736 δὲ
1031 1682 1129 1745 τὰς
1156 1681 1459 1752 καμήλους,
1490 1681 1574 1734 ὃτι
1614 1678 1847 1732 πεινῶν-

260 1790 355 1835 τες
376 1774 501 1835 τοὺς
527 1773 726 1842 στάχυς
755 1774 814 1826 ἐν
839 1772 916 1844 τῷ
937 1772 1203 1841 Σαϐϐάτῳ
1223 1772 1427 1826 ἐτιλλόν
1441 1789 1501 1824 τε
1517 1772 1611 1824 καὶ
1634 1769 1844 1842 ἢσθιον,

1945 583 2246 637 seminibus
2280 582 2658 647 fermentatos,
2706 583 2841 653 ipse,
2894 598 2928 638 o
2978 582 3307 652 profundum
3341 592 3533 651 stupo-

1944 676 2097 731 rem!
2131 676 2348 740 obtulit,
2380 676 2471 746 qui
2508 677 2610 732 sibi
2643 677 2747 747 ipsi
2774 692 2839 731 ex
2878 677 3041 731 rebus
3064 691 3174 730 non
3218 675 3534 730 exsisti-nti-

1944 771 2050 825 bus
2068 771 2251 825 cibum
2278 787 2473 841 parare
2496 772 2755 842 poterat?
2818 772 2933 826 lmo
2961 788 3093 827 vero
3140 772 3281 826 idem
3329 771 3419 826 ille
3439 787 3535 826 eos

1946 864 2338 932 multiplicans,
2396 864 2605 934 aliquot
2656 865 2847 926 millia,
2899 874 3178 934 assumpta
3203 864 3255 917 in
3287 863 3530 917 miraculi

1945 955 2367 1025 productionem
2410 956 2828 1021 Malicreatura,
2867 957 3132 1026 hosteqne
3160 972 3262 1012 suo
3280 956 3333 1009 in
3369 956 3535 1009 bene-

1947 1045 2181 1100 ﬁcentiae
2206 1048 2640 1117 supernaturalis
2662 1046 2977 1101 societatem
3004 1032 3284 1114 cooptato,
3309 1042 3530 1105 cibarit,

1948 1145 2205 1205 tanquam
2237 1136 2322 1191 cui
2349 1152 2459 1190 non
2486 1136 2754 1191 liceretex
2780 1136 2884 1189 alia
2916 1135 3140 1189 materia
3177 1145 3232 1189 et
3264 1150 3342 1199 se,
3375 1142 3430 1188 et
3466 1133 3531 1185 il-

1946 1228 2052 1288 los,
2102 1228 2196 1297 qui
2228 1228 2411 1282 verbis
2459 1228 2580 1297 ejus
2627 1228 2986 1283 attendebant
3034 1238 3087 1282 et
3129 1225 3530 1287 auscultabant,

1946 1316 2178 1372 nutrire.
2212 1316 2367 1383 Quod
2404 1318 2447 1372 si
2476 1317 2733 1372 custodes
2761 1327 2816 1372 et
2845 1318 3121 1388 principes
3168 1332 3379 1380 eorum,
3436 1322 3531 1385 qui

1948 1408 2001 1462 in
2034 1408 2204 1463 veteri
2239 1417 2567 1463 testamento
2597 1408 2875 1473 vixerunt,
2897 1424 3006 1461 non
3042 1408 3262 1462 fuerunt
3298 1404 3532 1461 ministri

1948 1499 2043 1555 Dei
2068 1499 2467 1568 benignissimi,
2500 1500 2775 1569 quomodo
2800 1499 3116 1569 discipulos,
3180 1508 3376 1568 prteter
3400 1513 3531 1553 cau-

1948 1606 2114 1646 sama
2141 1591 2424 1661 pbarisaeis
2480 1591 2685 1646 culices
2710 1590 3139 1661 percolantibus,
3195 1599 3250 1643 et
3295 1588 3533 1643 camelos

1950 1681 2376 1751 deglutientibus
2406 1682 2795 1751 reprehensos,
2850 1682 2996 1747 ideo,
3048 1681 3196 1751 quod
3229 1680 3534 1734 esurientes

1950 1772 2130 1840 spicas
2152 1770 2205 1824 in
2226 1770 2485 1831 Sabbato.
2507 1772 2707 1840 quibus
2723 1772 2968 1841 corporis
2986 1772 3184 1825 famem
3200 1771 3531 1832 solarentur,

260 1866 365 1934 τὴν
392 1864 487 1917 τοῦ
516 1863 768 1934 σώματος
806 1864 1296 1936 παραμυθούμενοι
1342 1864 1549 1918 ἔνδειαν
1595 1864 1663 1917 δι’
1705 1863 1850 1916 ἐκεί-

1952 1860 2337 1915 evellebantet
2366 1860 2621 1927 edebant,
2654 1861 2990 1915 accusationi
3047 1859 3173 1914 huic
3210 1874 3317 1912 non
3363 1857 3535 1912 obno-

262 1974 394 2020 νων,
434 1956 719 2026 κρείττους
750 1973 810 2009 τε
838 1956 941 2027 τῆς
972 1956 1153 2020 αἰτίας
1180 1956 1473 2025 ἀπέφαινε,
1513 1957 1609 2025 καὶ
1641 1953 1847 2008 ἀπέλυε

260 2045 359 2099 τοῦ
392 2046 761 2117 ἐγκλήματος,
786 2047 877 2099 τὸν
919 2046 1087 2100 Δαϐὶδ
1128 2048 1208 2110 είς
1241 2046 1572 2119 συνηγορίαν
1596 2046 1690 2099 καὶ
1720 2045 1848 2116 βοή-

263 2136 419 2189 οειαν
444 2138 764 2209 προτείνων,
799 2139 896 2192 καὶ
947 2140 1075 2203 τοὺς
1120 2139 1286 2209 ίερείς
1319 2140 1449 2201 τοὺς
1480 2138 1848 2209 κρεανομοῦν-

260 2231 364 2293 τάς
386 2246 446 2282 τε
478 2231 574 2283 καὶ
603 2229 1035 2296 ξυλοκοποῢντας
1064 2232 1122 2285 ἐν
1156 2229 1234 2301 τῷ
1260 2229 1526 2299 Σαϐϐάτῳ
1546 2267 1562 2293 ,
1608 2228 1705 2282 καὶ
1729 2229 1849 2281 τότε

260 2322 351 2376 διὰ
376 2322 474 2390 τῆς
501 2324 652 2392 ἱερᾶς
682 2322 1009 2393 ὑπηρεσίας,
1036 2322 1121 2390 ἐφ’
1207 2321 1408 2392 μᾶλλον
1443 2318 1551 2374 ἔδει
1578 2320 1849 2386 σώζεσθαι

262 2415 359 2467 τὸν
384 2414 570 2484 νόμον,
592 2417 689 2484 τῆς
720 2414 987 2485 ἐργασίας
1020 2412 1355 2485 προῖούσης;

337 2596 421 2651 η’.
459 2597 559 2660 Τίς
584 2596 631 2650 δ’
659 2595 726 2650 ἂν
750 2597 1083 2667 σαφέστερος
1119 2597 1340 2669 ἔλεγχος
1392 2598 1425 2668 ἢ
1454 2595 1850 2667 δυνατώτερος,

263 2691 352 2745 ὅτι
378 2691 608 2761 μηδενὸς
639 2691 751 2745 τῶν
801 2692 1064 2761 ἐπιγείων
1089 2693 1119 2745 ό
1158 2692 1400 2763 Πονηρὸς
1432 2691 1707 2755 δεσπόζει,
1741 2689 1852 2742 τῶν

270 2782 445 2837 αὑτοῦ
501 2783 765 2855 ῥημάτων
792 2784 1027 2849 ἐκείνου,
1075 2786 1144 2839 δι’
1183 2779 1261 2841 ὧν
1308 2783 1486 2854 ἐαυτῷ
1531 2782 1630 2854 τὴν
1674 2781 1851 2836 κτίσιν

264 2875 727 2947 ὑποϐαλλόμενος,
762 2878 852 2937 ὅτε
893 2878 1257 2949 κρυπτομένῳ
1297 2880 1391 2930 καὶ
1420 2877 1739 2930 λανθάνοντι
1771 2874 1852 2945 τῷ

263 2970 331 3039 δη
341 2968 588 3039 μιουργῴ
615 2969 725 3021 τῶν
755 2970 1012 3033 ὃλων;καὶ
1034 2970 1271 3042 δεσπότῃ
1287 2970 1647 3040 ἐπιπειράσαι
1677 2970 1850 3039 προδ-

268 3061 368 3115 ιὼν
395 3102 410 3126 ,
461 3063 554 3114 καὶ
595 3062 695 3125 τάς
723 3062 1001 3131 ἐπιγείους
1058 3062 1334 3133 βασιλείας
1367 3062 1573 3127 πάσας,
1623 3062 1720 3115 καὶ
1750 3062 1850 3131 τὴν

264 3153 428 3217 δόξαν
456 3153 638 3208 αὐτῶν
669 3154 1005 3222 ἐπιδεικνὺς,
1050 3155 1233 3223 ἐλεγε’
1281 3153 1475 3211 Ταῦτα
1506 3154 1707 3221 πάντα
1748 3154 1847 3208 σοί
1876 3181 1921 3245 C

266 3245 464 3312 δώσω,
484 3246 593 3300 ἐὰν
630 3247 836 3302 πεσὼν
862 3247 1306 3317 προσκυνήσῃς
1330 3264 1473 3317 por;
1507 3248 1569 3301 Εί
1599 3248 1709 3318 γάρ
1735 3249 1851 3299 ἐστι

266 3337 533 3407 ψεύστης,
565 3338 664 3393 καὶ
720 3339 1008 3394 οὐδέποτε
1064 3339 1136 3395 ἐν
1184 3338 1260 3408 τῇ
1279 3338 1531 3407 ἀληθείᾳ
1578 3337 1848 3407 ἕστηκε·

269 3429 453 3498 (τοῦτο
481 3432 588 3501 γὰρ
620 3432 655 3501 ἡ
688 3432 1051 3495 ἐνυπόστατος
1081 3432 1231 3502 ἡμᾶς
1273 3431 1512 3497 ἐδίδαξεν
1560 3429 1848 3499 ἀλήθεια)ξ,

269 3523 368 3575 καὶ
412 3522 513 3575 οὐκ
547 3521 697 3575 ἐστιν
731 3523 906 3587 οὐδεὶς
937 3523 1072 3587 ὅλως
1103 3524 1212 3577 τῶν
1258 3522 1667 3595 ὁμολογούντων
1717 3521 1852 3592 Χρι-

270 3616 420 3677 στὸν,
449 3612 506 3673 ὃς
534 3613 602 3667 ἂν
634 3614 925 3684 τολμήσειε
951 3615 1050 3684 τὴν
1074 3614 1329 3685 τοιαύτην
1354 3614 1537 3683 φωνὴν
1566 3630 1669 3685 παρ
1681 3612 1853 3681 αγρά·

270 3703 480 3771 ψασοαι
506 3720 520 3734 υ
558 3705 675 3767 πῶς
719 3706 778 3756 οὐ
815 3706 1032 3760 πάντων
1064 3706 1181 3759 ἐστὶ
1210 3704 1610 3776 φανερώτερον,
1639 3704 1716 3767 ώς
1753 3704 1848 3757 ού-

270 3792 422 3855 δενὸς
452 3791 561 3845 τῶν
616 3793 874 3861 ἐπιγείων
918 3795 1240 3865 κτισμάτων
1281 3794 1312 3846 ὁ
1356 3792 1452 3847 τοῦ
1500 3793 1729 3864 ψεύδους
1758 3793 1851 3865 δη-

273 3884 540 3953 μιουργὸς
567 3883 746 3954 ἄρχει,
788 3884 900 3937 οὐδ’
926 3885 1077 3938 ἐστὶν
1128 3884 1308 3938 αὐτῶν
1336 3886 1587 3957 ποιητὴς,
1617 3885 1756 3957 πλήν
1785 3902 1850 3954 γε

268 3974 383 4028 τῶν
413 3975 540 4045 θελη
548 3977 731 4046 μάτων
759 3978 982 4031 ἐκείνων
1010 3977 1105 4030 καὶ
1123 3976 1397 4046 πράξεων,
1421 3971 1497 4031 ὧν
1520 3977 1683 4040 αὑτός
1702 3979 1851 4029 ἐστιν

270 4066 625 4136 ύποσπορεὺς
674 4069 769 4122 καὶ
812 4062 888 4122 ὧν
936 4070 1063 4132 τοὺς
1118 4068 1418 4140 λογισμοὺς
1474 4069 1852 4140 μετεπλάσατο

268 4155 439 4209 αὑτὸν
467 4159 794 4228 ἐπιγράφειν
841 4160 1067 4230 κτίστην
1115 4161 1210 4213 καὶ
1257 4160 1611 4232 δημιουργὸν,
1644 4160 1742 4229 οὐχ
1769 4159 1852 4211 ὃτι

269 4246 452 4299 αὐτῶν
474 4249 573 4320 τὴν
604 4248 784 4319 ψυχὴν
809 4252 874 4303 ἐκ
899 4250 973 4322 μὴ
1000 4251 1192 4318 ὄντων,
1228 4251 1262 4322 ἢ
1302 4251 1362 4304 τὸ
1391 4249 1553 4322 σῶμα
1593 4251 1850 4321 παρήγα-

270 4354 391 4405 γεν,
421 4339 535 4391 ἀλλ’
564 4342 645 4393 ὅτι
678 4341 842 4394 αὐτὸν
870 4343 1085 4405 ἑαυτοῖς
1114 4335 1264 4409 οὗτοι
1303 4340 1727 4413 παρηνέχθησαν
1753 4339 1852 4393 κύ-

272 4445 392 4499 ριον
426 4432 836 4504 ἐπιγράψασθαι
869 4450 885 4501 ;
913 4435 1077 4488 Ὥστε
1127 4434 1267 4504 ὅπερ
1293 4434 1437 4498 τινὲς
1466 4433 1577 4487 τῶν
1613 4433 1722 4486 ἀπὸ
1752 4433 1852 4505 τῆς

1951 1950 2385 2020 xiosjudicabat,
2410 1951 2507 2005 sed
2534 1967 2565 2005 a
2600 1951 2832 2005 crimine
2883 1950 3277 2020 pronuntiabat
3336 1948 3535 2002 immu-

1949 2057 2071 2108 nes,
2108 2042 2363 2097 Davidem
2395 2052 2451 2097 et
2483 2043 2815 2107 sacerdotes,
2856 2058 3052 2097 carnes
3115 2042 3432 2096 scindentes
3478 2049 3535 2094 et

1951 2132 2094 2204 ligna
2134 2133 2404 2189 ﬁndentes
2426 2136 2481 2189 in
2505 2135 2765 2199 Sabhato,
2792 2135 2849 2188 in
2880 2134 3185 2189 subsidium
3216 2142 3269 2187 et
3295 2130 3534 2203 patroci-

1950 2223 2101 2276 nium
2124 2238 2302 2279 causze
2324 2223 2580 2290 afl‘erens,
2611 2234 2776 2295 atque
2822 2225 2875 2279 id
2921 2226 3141 2295 quidem
3168 2241 3235 2280 eo
3266 2234 3531 2296 tempore,

1950 2329 2059 2383 quo
2092 2330 2307 2370 sacrum
2359 2318 2479 2387 ejus
2523 2334 2744 2384 munus,
2782 2319 2925 2389 quod
2952 2320 3019 2374 ad
3061 2320 3293 2373 salutem
3344 2317 3533 2373 mundi

1952 2403 2314 2473 referebatur,
2349 2423 2474 2463 cum
2508 2408 2747 2465 maxime
2774 2419 3060 2482 urgeretur
3086 2411 3172 2464 ⁸⁶Ῡ

2024 2592 2163 2651 Vill.
2203 2595 2491 2663 Quodnam
2543 2614 2676 2655 vero
2728 2599 2999 2654 illustrius
3030 2609 3126 2655 aut
3146 2600 3421 2657 efficacius
3444 2614 3535 2655 ar-

1951 2697 2271 2758 gumentum
2345 2689 2529 2745 afferri
2579 2700 2780 2761 potest,
2839 2707 2949 2762 quo
3003 2702 3219 2748 constet
3267 2694 3408 2748 nulli
3456 2692 3531 2748 rei

1952 2784 2198 2838 terrestri
2233 2783 2504 2840 dominari
2549 2784 2769 2852 Malum,
2802 2801 2964 2856 quam
3011 2787 3128 2857 ipsa
3153 2787 3317 2857 hujus
3346 2787 3531 2853 verba,

1951 2874 2153 2944 quibus
2182 2884 2487 2931 creaturam
2517 2877 2619 2931 sibi
2654 2876 2756 2947 ipsi
2778 2877 3096 2947 subiiciens,
3121 2893 3246 2933 cum
3271 2877 3338 2933 ad
3362 2876 3531 2945 Crea-

1954 2976 2126 3022 torem
2172 2968 2416 3022 omnium
2466 2968 2793 3023 occultatum
2820 2979 2877 3024 et
2906 2969 3164 3022 latentem
3222 2975 3535 3023 tentaturus

1951 3060 2262 3123 accederet,
2291 3060 2475 3132 regnis
2503 3062 2742 3116 terrenis
2773 3062 3049 3126 omnibus,
3106 3071 3159 3114 et
3208 3060 3375 3131 gloria
3414 3061 3534 3114 illo-

1953 3169 2075 3209 rum
2105 3154 2512 3222 demonstratis,
2533 3155 2748 3209 dicebat
2773 3172 2786 3209 :
2828 3158 2954 3208 Hatc
2983 3154 3161 3207 omnia
3183 3154 3278 3207 tibi
3302 3153 3459 3219 dabo,
3488 3153 3533 3207 si

1954 3249 2225 3317 procidem
2265 3264 2347 3301 me
2373 3248 2680 3302 adoraveris
2722 3248 2790 3302 ⁸⁷.
2846 3247 2904 3303 Si
2947 3248 3093 3303 enim
3141 3246 3375 3301 mendax
3424 3256 3532 3314 est,

1953 3355 2117 3408 neque
2144 3355 2377 3410 unquam
2408 3340 2464 3392 in
2490 3340 2714 3394 veritate
2770 3330 2997 3409 perstitit
3019 3340 3065 3371 ⁸⁸
3115 3340 3211 3407 (ita
3244 3339 3389 3393 enim
3434 3353 3532 3394 nos

1952 3430 2140 3485 docuit
2167 3430 2444 3499 ipsissima
2462 3431 2685 3496 veritas,
2710 3446 2888 3501 neque
2904 3431 3195 3502 quisquam
3220 3440 3303 3485 est
3318 3447 3531 3493 eorum,

1950 3523 2040 3592 qui
2076 3522 2357 3578 Christum
2414 3522 2759 3594 profitentur,
2808 3524 2903 3593 qui
2967 3524 3108 3578 hanc
3174 3524 3531 3577 assertionem

1951 3612 2241 3667 admittere
2294 3613 2474 3682 nolit),
2508 3628 2693 3667 nonne
2741 3612 2982 3665 onmium
3026 3610 3529 3665 manifestissimum

1953 3714 2057 3769 est,
2085 3704 2229 3774 quod
2258 3705 2528 3760 mendacii
2559 3714 2749 3759 auctor
2777 3704 2910 3757 nulli
2945 3718 3129 3757 rerum
3190 3702 3529 3756 terrestrium

1954 3796 2285 3859 dominetur,
2318 3811 2500 3867 neque
2524 3795 2641 3867 ipse
2661 3811 2847 3851 earum
2874 3794 3124 3851 conditor
3152 3795 3400 3858 exsistat,
3432 3794 3529 3849 sed

1954 3895 2168 3943 tantum
2203 3897 2392 3943 auctor
2424 3887 2720 3944 voluntatis
2750 3896 2805 3942 et
2849 3886 3127 3941 actionum
3162 3885 3377 3939 illorum
3423 3885 3524 3938 ho-

1952 3978 2161 4031 minum
2192 3978 2284 4044 sit,
2309 3994 2447 4048 quos
2476 3978 2592 4048 ipse
2608 3978 2818 4032 occulte
2849 3975 3154 4041 seminavit,
3209 3984 3265 4030 et
3292 3991 3526 4045 quorum

1952 4069 2221 4124 rationem
2254 4071 2328 4125 ita
2350 4070 2780 4134 transformavit,
2818 4077 2878 4122 ut
2916 4068 3091 4138 ipsum
3123 4066 3459 4122 conditorem
3477 4076 3532 4122 et

1951 4170 2231 4216 auctorem
2260 4177 2439 4217 rerum
2472 4162 2859 4226 inscriberent,
2906 4175 3014 4215 non
3047 4159 3200 4229 quasi
3226 4159 3270 4213 is
3290 4158 3530 4213 animam

1951 4260 2047 4305 aut
2072 4267 2273 4321 corpus
2306 4268 2495 4307 eorum
2531 4268 2599 4307 ex
2638 4268 2749 4308 non
2803 4252 3192 4308 exsistentibus
3242 4252 3533 4322 produxis—

1952 4354 2057 4409 set,
2080 4347 2177 4400 sed
2210 4347 2356 4416 quod
2372 4347 2510 4403 adeo
2540 4348 2595 4403 in
2622 4356 2992 4403 transversum
3017 4347 3125 4402 acti
3154 4355 3303 4410 sunt,
3326 4354 3387 4400 ut
3405 4360 3530 4399 eum

1954 4436 2056 4506 ipsi
2099 4436 2204 4492 sibi
2248 4438 2541 4493 Dominum
2579 4439 3000 4494 constituerint?
3027 4438 3217 4508 Itaque
3260 4436 3336 4502 id,
3388 4435 3530 4507 quod

270 4523 483 4593 πλάνης
533 4526 612 4587 είς
653 4524 998 4596 παράστασιν
1057 4526 1154 4578 τοῦ
1204 4524 1411 4577 οἰκείου
1458 4522 1850 4593 προϐάλλονται

1957 4529 2202 4583 nonnulli
2241 4531 2542 4584 errantium
2566 4530 2640 4585 'in
2668 4530 3043 4586 defensionem
3090 4529 3388 4601 impietatis
3421 4544 3534 4583 suze

269 4614 707 4685 δυσσεϐήματος,
756 4616 949 4687 ὅτιπερ
980 4616 1139 4688 ἄρχει
1169 4616 1283 4670 τῶν
1329 4615 1587 4683 ἐπιγείων
1615 4615 1644 4667 ό
1677 4615 1851 4685 Πονη-

272 4707 391 4778 ρὸς,
418 4706 576 4760 τοῦτο
595 4707 779 4771 αὐτοῖς
794 4710 875 4772 είς
890 4709 950 4762 τὸ
973 4708 1198 4779 μηδενὸς
1214 4707 1392 4762 αὐτῶν
1416 4724 1482 4759 πε
1492 4707 1850 4779 ριέστραπται

273 4802 526 4870 μετέχειν
554 4800 653 4870 τῆς
688 4799 885 4872 ἀρχῆς.
929 4799 1185 4872 Ψεύστης
1234 4801 1342 4871 γὰρ
1389 4798 1464 4853 ὢν
1496 4798 1592 4853 καὶ
1621 4798 1850 4869 ψεύδους

270 4890 517 4960 ἀρχηγὸς
552 4890 713 4953 αὐτὸς
750 4892 970 4944 ἀνεῖπεν
1023 4888 1201 4959 ἐαυτῷ
1246 4887 1356 4942 τῶν
1389 4886 1649 4955 ἐπιγείων
1702 4887 1849 4958 ἔχειν

271 4982 373 5052 τὴν
403 4983 601 5053 ἀρχήν.
646 4980 807 5035 Ἀλλὰ
822 4981 931 5054 γὰρ
955 4983 1003 5035 εί
1030 4981 1100 5035 τὰ
1134 4979 1367 5051 σώματά
1408 4981 1526 5031 ἐστι
1552 4980 1645 5031 τοῦ
1675 4981 1848 5050 Πονη-

272 5074 399 5146 ροῦ,
430 5075 547 5137 sui»;
576 5075 627 5128 οἱ
657 5075 896 5146 μαθηταὶ
920 5072 983 5128 τὸ
1021 5073 1154 5137 ἆλας
1178 5071 1391 5125 ἔσονται
1415 5071 1518 5141 τῆς
1550 5071 1685 5142 γῆς;
1724 5069 1848 5132 Πῶς

274 5168 332 5220 δὲ
354 5167 415 5220 τὸ
440 5166 557 5233 φῶς
584 5165 678 5220 τοῦ
708 5168 920 5236 κόσμου
946 5182 961 5230 ;
992 5165 1052 5230 ἐξ
1073 5164 1333 5235 ἡμισείας
1355 5162 1462 5234 γὰρ
1489 5163 1582 5216 καὶ
1602 5162 1848 5216 ἁλίσουσι

276 5260 375 5313 καὶ
414 5252 732 5327 φωτίσουσι,
770 5257 969 5329 μᾶλλον
1003 5256 1061 5309 δέ
1098 5256 1199 5309 ούκ
1231 5254 1290 5321 ἐξ
1319 5255 1725 5325 ήμισείας.Καὶ
1740 5254 1848 5326 γάρ

274 5352 373 5403 καὶ
388 5350 455 5404 τά
478 5351 651 5421 ἡμίση
673 5349 835 5403 πάλιν
849 5347 943 5401 τοῦ
960 5344 1302 5417 ἀνθρωπίνου
1320 5344 1713 5416 συγκρίματος,
1733 5347 1849 5401 ἀλλ’

274 5442 373 5511 οὺχ
396 5442 515 5493 ὅλον
546 5440 713 5494 ποθέν
740 5438 833 5493 τὸν
859 5438 1167 5508 ἄνθρωπον.
1202 5436 1572 5492 ’Δνεπίδεκτον
1592 5438 1700 5509 γάρ
1728 5438 1846 5491 ἐστι

273 5532 337 5585 τὸ
373 5529 599 5602 πλάσμα
658 5529 753 5583 τοῦ
790 5527 1037 5600 Πονηροῦ
1077 5526 1387 5597 ἁλισθῆναι,
1414 5526 1555 5581 ὥστε
1597 5529 1673 5601 μὴ
1711 5530 1849 5600 πρὸς

350 5808 399 5839 ⁸⁸
426 5808 619 5863 Matth.
647 5825 748 5875 ιιι.
778 5808 802 5864 1
832 5823 985 5879 seqq.

1951 4620 2209 4687 aderunt,
2241 4623 2390 4692 quod
2420 4622 2633 4678 scilicet
2665 4624 3015 4679 terrestribus
3053 4622 3367 4679 dominetur
3418 4621 3532 4675 Ma-

1952 4709 2059 4777 lus,
2094 4712 2168 4775 id,
2218 4712 2463 4781 inquam,
2496 4728 2564 4767 eo
2597 4714 2845 4768 adhiberi
2899 4722 3129 4784 potest,.
3152 4724 3212 4768 ut
3253 4714 3355 4767 sub
3382 4713 3533 4767 nullo

1951 4803 2187 4873 imperio
2237 4817 2357 4857 esse
2409 4803 2684 4858 dicantur.
2736 4802 2838 4869 Qui
2887 4804 3031 4858 enim
3062 4803 3291 4857 mendax
3332 4812 3436 4865 est,
3479 4813 3534 4858 et

1951 4903 2145 4948 auctor
2179 4895 2474 4957 mendacii,
2534 4896 2653 4966 ipse
2678 4896 2780 4951 sibi
2821 4895 3110 4964 imperium
3142 4909 3325 4948 rerum
3358 4904 3532 4950 terre-

1956 4985 2149 5040 strium
2180 4984 2498 5039 vindicavit.
2538 4986 2596 5040 Si
2641 5001 2805 5056 porro
2858 4999 3088 5054 corpora
3147 4994 3275 5039 sunt
3304 5002 3334 5039 a
3372 4984 3531 5050 Malo,

1955 5078 2229 5148 quomodo
2267 5078 2517 5147 discipuli
2550 5079 2630 5133 sal
2665 5087 2823 5133 erant
2876 5078 3075 5133 terrae?
3129 5078 3406 5147 quomodo
3441 5078 3533 5131 lux

1957 5169 2141 5222 mundi
2174 5169 2258 5222 8".l
2294 5184 2359 5223 ex
2376 5169 2599 5223 dimidia
2618 5170 2764 5223 enim
2803 5178 3015 5223 tantum
3044 5178 3195 5237 parte
3226 5168 3443 5232 salicnt,
3478 5176 3536 5221 ct

1956 5262 2365 5324 illuminabunt,
2393 5262 2504 5317 imo
2533 5277 2666 5317 vero
2694 5276 2763 5317 ne
2777 5276 2842 5316 ex
2859 5261 3081 5317 dimidia
3108 5261 3325 5332 quidem
3358 5270 3528 5331 parte.

1956 5353 2093 5410 Nam
2122 5356 2363 5411 vicissim
2397 5355 2682 5411 dimidiam
2737 5363 2947 5409 tantum
2993 5354 3248 5409 humanae
3278 5354 3533 5408 substan-

1956 5444 2044 5499 tia:
2074 5453 2304 5513 partem,
2364 5459 2471 5498 non
2506 5459 2638 5499 vero
2668 5444 2767 5499 toti
2821 5445 3027 5500 homini
3074 5444 3127 5497 id
3173 5442 3530 5514 praestabunt,

1953 5534 2215 5591 Creatura
2254 5536 2399 5592 enim
2423 5536 2545 5592 Mali
2570 5536 2849 5615 salituram
2881 5553 2992 5593 non
3024 5536 3283 5602 admittit,
3320 5549 3391 5589 ne
3418 5549 3531 5588 ma-

1059 5808 1105 5839 "
1154 5805 1345 5861 Matth.
1388 5822 1461 5872 tv,
1498 5804 1549 5861 9.
1627 5806 1672 5838 θλ
1697 5804 1857 5861 Joan.
1892 5808 2121 5873 vum“.
2200 5809 2242 5841 ⁸⁸
2269 5806 2527 5874 Mattb.v,
2552 5810 2635 5865 l5.
