4022 6400
539 364 642 431 195

1673 364 1937 430 ΡΗΟΤῙῙ
1972 362 2486 426 PATRIARCHA!
2520 362 2632 425 ΟΡ.

3686 346 3791 428 196

531 480 645 536 litia
691 478 760 534 ad
798 478 1143 550 putredinem
1176 478 1447 537 inclinare
1495 478 1691 552 possit,
1725 494 1850 535 cum
1882 487 1992 533 tota
2013 493 2117 549 pu-

2221 476 2459 548 σαπριαν
2473 476 2598 531 τινὰ
2614 473 2813 531 κακίαν
2826 474 3142 543 ἀποκλῖναι,
3156 473 3277 529 ὅλον
3292 473 3427 531 αὐτὸ
3441 473 3665 549 τοιαύτη
3680 478 3796 543 (94)

533 573 689 629 tredo
732 573 981 628 exsistat.
1036 574 1225 645 Neque
1281 576 1425 629 idem
1462 574 1719 628 idoneum
1759 582 1842 628 est
1874 572 1939 627 ad
1966 571 2113 626 reci-

531 664 756 734 piendas
811 665 949 720 lucis
1002 666 1310 731 stricturas,
1370 666 1647 737 praecipue
1703 680 1828 720 cum
1881 678 2112 718 erronea

530 770 720 810 eorum
749 756 996 810 doctrina
1047 758 1099 812 id
1124 774 1340 829 quoque
1368 759 1543 813 tradat
1571 772 1691 819 eos.
1731 756 1823 827 qui
1861 757 1930 811 ad
1961 756 2113 825 ejus-

531 847 678 901 modi
706 847 833 915 quid
863 848 1289 917 perpetrandum
1322 847 1578 902 destinati
1614 847 1743 913 sint,
1800 845 2112 900 facultatem

535 939 680 991 illam
748 952 854 991 non
910 938 1133 1003 habere,
1216 939 1311 992 sed
1345 954 1374 992 a
1413 937 1628 992 delictis
1677 936 1792 991 suis
1865 934 2111 991 retineri.

531 1032 760 1097 Quando
804 1046 929 1085 vero
978 1031 1094 1101 ipse
1144 1030 1405 1085 Servatur
1457 1032 1661 1086 diserte
1700 1032 1935 1086 clamat:
1996 1029 2112 1082 Non

532 1125 649 1175 veni
676 1122 838 1191 legem
857 1123 1074 1184 solvere,
1142 1132 1235 1175 aut
1286 1124 1594 1192 prophetas,
1640 1123 1732 1176 sed
1772 1121 1990 1192 implere
2040 1121 2112 1188 ”,

531 1215 802 1284 quomodo
837 1214 1309 1285 impudentissima
1340 1215 1631 1285 impiorum
1669 1229 1826 1268 mens
1865 1229 1973 1268 non
2016 1228 2112 1268 ve-

534 1317 688 1362 retur
721 1308 929 1374 dicere,
994 1307 1169 1380 legem
1200 1318 1257 1362 et
1283 1308 1578 1377 prophetas
1614 1324 1644 1361 a
1676 1307 1817 1361 malo
1846 1305 2117 1377 principio

533 1397 805 1468 profectas
843 1414 985 1463 esse,
1043 1408 1207 1468 atque
1258 1398 1388 1452 huic
1436 1398 1491 1452 in
1545 1399 1653 1453 vita
1712 1399 1917 1453 cultum
1958 1398 2115 1453 exhi-

533 1489 754 1545 buisse?
809 1488 867 1544 Si
898 1490 1045 1545 enim
1096 1489 1358 1545 Servator
1400 1500 1588 1545 noster
1630 1490 1821 1560 implet
1860 1491 2032 1561 legem
2063 1498 2117 1543 et.

533 1581 849 1650 prophetas,
887 1591 1322 1648 consequeretur
1356 1597 1421 1636 ex
1455 1582 1673 1637 duobus
1716 1581 2114 1648 abominandis,

532 1682 588 1727 et
624 1672 679 1726 in
711 1672 953 1741 ipsorum
984 1672 1283 1742 perniciem
1334 1674 1707 1744 vergentibus,
1764 1673 2114 1739 alterutrum,
2146 1707 2193 1766 Β

532 1764 619 1818 vel
651 1764 793 1833 quod
843 1762 1040 1818 Malum
1077 1764 1131 1817 in
1161 1763 1367 1818 Bonum
1412 1772 1760 1830 convertant,
1796 1766 1879 1819 vel
1908 1765 1952 1820 si
1989 1765 2117 1820 illud

537 1856 758 1909 malitiae
809 1855 1059 1909 terminis
1127 1855 1603 1927 circumscriptum
1655 1867 1895 1920 maneat,
1974 1857 2121 1926 quod

535 1946 817 2002 Christum
849 1958 1237 2015 spontaneum,
1266 1948 1414 2001 illius
1431 1949 1743 2003 ministrant
1765 1950 2119 2016 constituant,

535 2039 627 2107 qui
658 2054 755 2106 per
785 2037 1054 2092 inﬁnitam
1105 2053 1259 2092 suam
1309 2038 1609 2095 bonitatem
1659 2040 1782 2095 ideo
1834 2042 1998 2105 venit,
2063 2052 2124 2097 ut

538 2131 737 2185 Malum
770 2131 1086 2185 deturbaret
1115 2131 1183 2185 de
1212 2131 1442 2201 imperio
1493 2133 1635 2202 quod
1688 2132 1831 2188 inter
1875 2133 2122 2189 homines

539 2232 777 2279 exercet.
845 2223 937 2277 llla
982 2237 1114 2277 vero
1169 2224 1333 2278 verba
1366 2240 1379 2277 :
1417 2225 1582 2278 Amen
1619 2226 1735 2279 dico
1761 2226 1919 2291 nobis,
1962 2227 2123 2279 donec

538 2314 809 2366 transierit
832 2312 1018 2367 cmlum
1038 2322 1086 2367 et
1117 2321 1280 2379 terra,
1348 2314 1458 2367 iota
1490 2330 1649 2368 unum
1675 2326 1766 2369 aut
1806 2332 1942 2370 unus
1987 2333 2124 2387 apex

539 2423 643 2460 non
685 2406 928 2459 transibit
969 2423 1002 2459 a
1051 2406 1202 2477 Lege,
1251 2408 1413 2461 donec
1465 2409 1641 2461 omnia
1680 2408 1812 2478 ﬁant
1855 2410 1925 2474 “,
1978 2426 2123 2465 nun-

538 2486 700 2568 quam
731 2497 1070 2568 probationis
1110 2498 1482 2554 accessionem
1531 2500 1861 2556 adtnittunt.
1930 2502 2121 2557 Nonne

538 2590 722 2660 potius
754 2589 957 2644 erroris
993 2589 1334 2644 eversionem
1392 2592 1741 2659 ebuccinant,
1798 2602 1892 2647 aut
1958 2594 2121 2649 indo-

540 2682 666 2735 Inita
688 2679 977 2750 impiorum
1001 2695 1096 2734 ora
1134 2679 1414 2745 obturant,
1455 2682 1672 2737 etiamsi
1703 2683 1980 2739 mordicus
2021 2684 2121 2738 ad-

539 2769 647 2823 huc
678 2768 815 2824 tueri
836 2776 1127 2834 conentur,
1181 2766 1328 2837 quod
1360 2767 1448 2823 lex
1497 2777 1555 2824 et
1594 2771 1877 2840 propheta:
1917 2786 1950 2825 a
1982 2771 2122 2827 Malo

539 2862 690 2918 sint!

2218 569 2464 638 πεφυκὸς
2488 567 2719 640 σαπρῑα.
2753 568 2864 621 Καὶ
2913 566 3023 640 μὴν
3052 569 3145 622 καὶ
3199 566 3574 637 ἀνεπιτήδειον
3604 567 3799 623 ὐποδέ-

2220 660 2413 725 ξασθαι
2435 660 2535 724 τάς
2560 658 2655 713 τοῦ
2686 658 2863 729 φωτὸς
2901 658 3287 731 μαρμαρυγὰς,
3332 659 3569 729 μάλιστά
3591 676 3657 728 γι
3695 662 3799 731 τῆς

2219 752 2429 823 πλάνης
2460 751 2989 823 συνυποσαλλούσης,
3012 752 3261 815 καὶτοὺς
3283 751 3457 806 ταῦτα
3484 753 3798 823 καταπράτ-

2218 843 3019 916 τεσθαιεκεχειροτονουμένους
3048 844 3150 917 τὴν
3183 845 3337 915 ἰσχὺν
3368 845 3469 898 οὐκ
3498 844 3666 915 ἔχειν,
3696 846 3799 900 ita

2218 936 2284 1007 δὴ
2322 938 2433 1000 τοῖς
2458 937 2595 1002 ῐσοις
2624 938 2945 1009 αἰτιάμασιν
2990 938 3363 1009 ἐνεχομένους.
3386 940 3517 991 Ὅτε
3548 938 3609 993 δὲ
3633 938 3800 1002 αὐτὸς

2218 1028 2248 1079 ό
2286 1026 2476 1098 Σωτὴρ
2502 1026 2772 1099 λαμπρῶς
2794 1025 3094 1098 ἀνακράζει
3120 1042 3133 1056 ·
3166 1028 3289 1081 υύκ
3316 1022 3510 1098 ἦλθον
3536 1028 3800 1083 καταλῦ-

2220 1137 2320 1177 σαι
2343 1125 2453 1178 τὸν
2485 1126 2675 1194 νόμον
2693 1125 2731 1193 ἢ
2757 1123 2899 1191 τοὺς
2920 1122 3255 1193 προφήτας,
3279 1122 3441 1178 ἀλλὰ
3463 1123 3801 1192 πληρῶσαι·

2222 1215 2340 1279 πῶς
2369 1215 2429 1269 οὐ
2467 1216 2674 1269 δέδοικε
2727 1216 2790 1271 τὸ
2836 1216 3194 1286 ἀναίσχυντον
3251 1215 3363 1268 τῶν
3409 1216 3627 1270 ἀσεϐῶν
3677 1216 3808 1288 φρό-

2222 1325 2371 1378 νημα
2397 1307 2488 1362 τὸν
2512 1308 2679 1379 νόμον
2711 1308 2967 1372 καὶυτοὺς
3013 1308 3299 1379 προφήτας
3333 1309 3581 1380 πονηρᾶς
3620 1308 3806 1379 λέγειν

2223 1399 2507 1469 προελθεῖν
2532 1403 2727 1473 ἀρχῆς,
2764 1401 2859 1456 καὶ
2886 1400 3091 1473 ταύτην
3122 1401 3211 1456 διὰ
3232 1400 3351 1473 βίου
3383 1400 3796 1474 τεθεραπευκέ-

2223 1510 2347 1561 ναι;
2387 1495 2448 1548 Et
2469 1494 2580 1566 γὰρ
2611 1495 2904 1567 πληρωτὴς
2927 1495 3076 1548 ἐστιν
3117 1494 3146 1547 ό
3173 1495 3364 1565 Σωτὴρ
3392 1495 3553 1565 ἡμῶν
3593 1494 3690 1548 τοῦ
3720 1494 3808 1548 νό-

2227 1603 2329 1658 μου
2369 1588 2463 1641 καὶ
2506 1589 2617 1640 τῶν
2648 1589 2964 1660 προφητῶν,
2994 1587 3080 1659 εἴη
3109 1587 3166 1642 δὲ
3212 1588 3395 1651 αὐτοῖς
3442 1587 3505 1641 τὸ
3533 1587 3807 1659 ἑπόμενον

2222 1678 2547 1751 βλάσφημον
2591 1680 3061 1750 περιτρεπόμενον
3100 1681 3180 1744 εις
3208 1680 3308 1743 τὰς
3339 1679 3618 1750 κεφαλάς,
3655 1679 3809 1734 δυοῖν

2224 1768 2470 1841 θάτερον,
2522 1770 2556 1840 ἢ
2615 1770 2713 1841 τὴν
2754 1770 2999 1840 πονηρὰν
3045 1770 3512 1842 μεταπλάττουσιν
3573 1772 3656 1832 εις
3704 1771 3808 1842 τὴν

2223 1862 2386 1931 φύσιν
2420 1861 2516 1915 τοῦ
2546 1861 2773 1931 ἀγαθοῦ,
2824 1862 2857 1933 ἢ
2887 1862 2948 1915 τὸ
2987 1861 3279 1928 ἀνάπαλιν,
3314 1863 3585 1933 μένουσαν
3628 1862 3688 1915 ἑν
3736 1864 3807 1934 τῇ

2227 1948 2334 2020 ἰδίᾳ
2368 1949 2470 2019 τῆς
2496 1950 2695 2011 κακίας
2718 1953 3062 2023 περιγραφῇ,
3083 1951 3331 2005 ἑκούσιον
3358 1952 3642 2022 ὑπηρέτην
3667 1950 3807 2005 ταὺο

2221 2056 2322 2110 της
2349 2040 2630 2109 γενέσθαι,
2653 2040 3077 2107 καταδικάζουσι
3116 2044 3208 2096 τὸν
3239 2044 3329 2097 διὰ
3366 2044 3567 2115 πολλὴν
3602 2044 3807 2113 ἀγαθό-

2222 2146 2382 2200 τητα,
2417 2132 2512 2185 καὶ
2548 2132 2645 2203 τῆς
2675 2133 2732 2185 ὲν
2762 2131 3074 2204 ἀνθρώποις
3124 2132 3235 2186 τῶν
3269 2132 3458 2187 παθῶν
3487 2134 3806 2206 τυραννίδος

2224 2226 2634 2295 παραγεγονότα
2671 2224 2922 2279 καθελεῖν
2974 2226 3169 2297 αὐτήν.
3206 2226 3279 2279 Τὸ
3310 2226 3405 2291 δὲ,
3441 2224 3621 2297 Ἅμὴν
3646 2225 3808 2296 λέγω

2221 2317 2384 2386 ὑμῖν,
2412 2318 2523 2384 ἕως
2545 2317 2622 2371 ἂν
2650 2318 2922 2387 παρέλθῃ
2966 2320 3000 2373 ὁ
3028 2318 3287 2387 οὐρανὸς
3324 2320 3423 2377 καὶ
3452 2321 3492 2389 ἠ
3537 2320 3635 2390 γῆ,
3660 2319 3804 2375 lica

2221 2410 2291 2463 ἐν
2327 2410 2365 2479 ἦ
2391 2413 2500 2482 μία
2521 2412 2727 2480 κεραία
2755 2413 2828 2466 οὐ
2856 2410 2942 2481 μὴ
2991 2410 3262 2482 παρέλθῃ
3289 2412 3410 2467 ἀπὸ
3444 2413 3552 2468 τοῦ
3588 2414 3805 2483 νόμου,

2221 2502 2332 2568 ἓως
2354 2503 2432 2558 ἂν
2454 2505 2651 2558 πάντα
2675 2503 2939 2575 γένηται,
2974 2503 3096 2559 τινα
3134 2505 3233 2576 μὲν
3258 2494 3603 2576 βεϐαιώσεως
3629 2507 3807 2577 ὑπερ.

2222 2593 2386 2665 ϐολὴν
2413 2595 2697 2649 ἀπολειπει
2722 2593 2830 2648 τινί
2853 2612 2869 2662 ;
2892 2594 3012 2657 πῶς
3038 2594 3083 2649 δ’
3108 2596 3171 2650 οὐ
3200 2597 3301 2668 τὴν
3320 2596 3422 2669 τῆς
3438 2597 3647 2670 πλάνης
3674 2598 3807 2653 σαλο

2222 2685 2371 2751 πεζει
2406 2687 2815 2759 καταστροφὴν,
2832 2688 2867 2760 ἢ
2898 2688 2968 2741 τὰ
2987 2686 3098 2742 τῶν
3123 2688 3340 2743 ἀσεϐῶν
3364 2691 3468 2745 οὐκ
3496 2690 3806 2761 ἐμφράττει

2220 2776 2485 2833 ἀπύλωτα
2508 2778 2778 2849 στόματα,
2812 2781 2917 2833 κᾶν
2950 2779 3044 2831 ὑπ’
3071 2779 3262 2833 όὲόντα
3296 2778 3679 2851 φιλονεικῶσιν
3724 2780 3808 2835 ἐτι

2221 2870 2712 2940 παραφθέγγεσθαι
2744 2871 2838 2926 τὸν
2862 2870 3028 2943 νόμον
3063 2871 3160 2926 καὶ
3184 2873 3311 2939 τοὺς
3347 2872 3635 2945 προφήτας
3661 2867 3809 2927 εἶναι

2219 2948 2314 3017 τοῦ
2351 2962 2599 3036 Πονηροῦ
2625 2981 2641 3030 ;

609 3063 699 3119 IX.
732 3064 963 3132 Quando
988 3078 1118 3119 vero
1173 3060 1449 3118 audiveris
1482 3059 1872 3132 evangelistam
1910 3061 2118 3117 adven-

2290 3056 2369 3111 8'.
2401 3056 2569 3110 Ὅταν
2613 3056 2671 3109 δὲ
2716 3055 2809 3109 τὸν
2851 3054 3246 3128 εὐαγγελιστὴν
3290 3054 3531 3130 ἀκούσῃς
3563 3055 3662 3127 τὴν
3709 3052 3808 3109 τοῦ

541 3167 656 3214 tum
681 3158 811 3213 Jesu
864 3157 1088 3223 Christi,
1119 3155 1238 3211 Filii
1268 3155 1386 3221 Dei,
1430 3154 1869 3222 inenarrabilem,
1894 3155 2121 3226 ejusque

538 3250 781 3306 actiones
809 3264 1026 3305 onmem
1060 3263 1369 3303 sermonem
1396 3249 1725 3304 excedentes
1758 3247 1884 3304 inde
1912 3263 1942 3301 a
1968 3248 2121 3318 prin-

537 3344 682 3415 cipio
706 3344 775 3398 ad
810 3343 1103 3413 prophetas
1153 3343 1434 3413 (tanquam
1468 3340 1825 3413 prmnuntios)
1873 3340 2119 3395 referen-

539 3446 669 3498 tem.
721 3450 903 3491 nonne
951 3435 1159 3504 pudore
1209 3444 1263 3490 et
1314 3434 1639 3506 paenitentia
1685 3433 1924 3498 duceris,
1972 3431 2117 3503 quod

536 3544 633 3584 eos
656 3528 851 3599 injuria
883 3528 1099 3584 allicere
1129 3528 1352 3593 audeas,
1388 3540 1526 3598 quos
1550 3541 1703 3581 sacra
1728 3525 1947 3580 oracula
1982 3522 2118 3578 tanti

537 3621 802 3694 mysterii,
854 3636 1096 3676 amorem
1131 3621 1186 3674 in
1228 3620 1478 3675 homines
1515 3618 1787 3683 testantis,
1837 3631 2120 3686 praecones

536 3724 593 3770 et
620 3714 873 3770 doctores
897 3713 1262 3777 constituunt,
1305 3720 1361 3765 et
1389 3727 1621 3779 quormn
1656 3709 1913 3764 vaticinia
1945 3707 2121 3762 Evan-

536 3808 661 3877 gelii
706 3817 834 3861 sunt
882 3803 1338 3860 fundamentum?
1384 3801 1606 3855 Initium
1648 3802 1791 3855 enim
1840 3798 2118 3869 Evangelii

534 3897 663 3950 Iesu
687 3895 900 3960 Christi,
939 3893 1069 3948 Filii
1104 3894 1223 3960 Dei,
1259 3892 1458 3963 inquit,
1506 3892 1642 3945 sicut
1667 3893 1923 3961 scriptum
1951 3901 2029 3945 est
2063 3891 2120 3944 in

536 3986 832 4055 prophetis:
857 3984 989 4039 Ecce
1007 4001 1098 4055 ego
1127 3987 1277 4038 mitto
1303 3982 1549 4054 angelum
1571 3999 1745 4037 menm
1774 3993 1899 4037 ante
1929 3984 2118 4054 facient

537 4090 711 4142 tuam,
750 4078 841 4148 qui
875 4078 1085 4147 parabit
1116 4077 1256 4131 viain
1287 4086 1436 4130 tuam
1475 4085 1598 4130 ante
1631 4086 1681 4130 te
1710 4076 1780 4130 θ’.
1831 4075 1963 4141 Quis
1988 4090 2119 4129 vero

538 4170 708 4237 misit,
741 4180 800 4225 ut
842 4182 1127 4240 pararetur
1160 4170 1246 4224 via
1266 4169 1395 4225 boni
1426 4168 1549 4223 Filii
1572 4178 1629 4224 et
1654 4167 1769 4233 Dei,
1799 4167 1903 4222 nisi
1936 4168 2117 4224 bonus

538 4266 716 4327 Pater,
733 4263 822 4332 qui
850 4278 946 4333 per
972 4276 1099 4317 suos
1133 4262 1187 4316 in
1218 4261 1336 4331 lege
1365 4261 1646 4315 ministros
1674 4260 1866 4315 multis
1901 4262 2118 4317 szeculis

535 4365 665 4411 ante
691 4353 987 4417 nuntiavit,
1037 4350 1236 4406 Filium
1264 4366 1425 4406 suum
1458 4366 1630 4420 usque
1673 4350 1742 4406 ad
1792 4351 2119 4421 assumptio-

534 4464 664 4503 nem
715 4445 895 4502 carnis
937 4452 993 4500 et
1032 4443 1318 4515 sanguinis
1366 4442 1709 4498 exinanitum
1756 4442 1860 4497 iri?
1902 4442 1960 4498 ln
2011 4445 2119 4500 fine

535 4554 667 4595 vero
694 4546 1002 4607 temporum
1048 4534 1268 4590 illorum
1324 4534 1581 4605 angelum
1612 4550 1796 4599 suum,
1829 4534 2117 4601 Joannem,

533 4629 683 4685 misit.
710 4628 983 4683 dicentem
1015 4645 1030 4681 :
1067 4625 1268 4680 Parate
1305 4627 1449 4680 viam
1478 4623 1710 4691 Domini,
1750 4636 1920 4680 rectas
1962 4626 2121 4695 facite

533 4721 751 4774 semitas
774 4718 890 4787 ejus
914 4718 989 4771 ".
1040 4718 1252 4787 Aquam
1303 4732 1458 4782 vero,
1515 4715 1572 4769 in
1631 4731 1739 4785 qua
1799 4718 2121 4773 submersus

529 4807 711 4873 .lesus,
761 4805 1512 4873 humiuulua-amantissimus,
1572 4819 1793 4861 omnem
1845 4806 2119 4876 justitiam

532 4896 801 4967 implevit,
830 4896 1110 4967 quomodo
1136 4896 1223 4952 vel
1249 4897 1508 4968 tetigerit,
1528 4913 1599 4953 ne
1627 4897 1826 4964 dicam,
1850 4913 1914 4953 ea
1939 4898 2118 4953 omni-

532 5005 606 5044 no
650 4989 782 5061 tingi
824 4989 1170 5054 sustinuerit,
1222 5005 1455 5060 eamque
1485 4990 1810 5061 purificandi
1864 5000 1920 5045 et
1952 5008 2116 5047 mun-

532 5083 696 5138 dandi
728 5083 982 5139 facultate
1011 5082 1357 5151 instruxerit,
1412 5082 1521 5139 nisi
1564 5098 1678 5139 sua:
1707 5083 1911 5154 potius,
1947 5100 2112 5154 quam

600 5219 649 5255 ⁹⁰
663 5218 853 5276 Matth.
873 5220 1033 5287 v.17.

2238 3147 2414 3219 Ἰησοῦ
2446 3147 2684 3218 Χριστοῦ
2730 3146 2825 3201 τοῦ
2862 3147 2992 3202 Υῑοῦ
3042 3148 3140 3202 τοῦ
3172 3148 3310 3202 Θεοῦ
3349 3149 3629 3221 ἄφραστον
3678 3149 3807 3205 ἑπι-

2225 3237 2445 3309 δημίαν,
2487 3237 2583 3292 καὶ
2620 3238 2719 3301 τὰς
2743 3239 2882 3312 ὑπὲρ
2912 3238 3069 3308 λόγον
3100 3239 3331 3311 πράξεις
3367 3241 3463 3294 ἀπ’
3492 3239 3666 3312 αὐτῆς
3702 3242 3807 3312 ἀρα

2226 3329 2329 3400 xii;
2354 3331 2435 3394 εἰς
2462 3331 2591 3394 τοὺς
2625 3332 2912 3402 προφήτας
2953 3332 3324 3405 ἀναφέροντα,
3355 3331 3475 3397 πῶς
3507 3334 3608 3386 οὐκ
3639 3333 3810 3400 αἰδώς

2229 3439 2288 3475 σε
2335 3420 2607 3492 λαμϐάνει
2647 3424 2745 3476 καὶ
2778 3422 3060 3495 μετάνοια,
3101 3424 3218 3478 ἀνθ’
3241 3419 3318 3478 ὧν
3349 3424 3633 3496 ἐνυϐρίσαι
3659 3442 3808 3496 παρ⁴

2227 3513 2498 3585 ηνέχθης,
2524 3512 2621 3578 οὓς
2650 3514 2964 3585 ἀναγράφει
2992 3515 3061 3569 τὰ
3096 3515 3221 3587 ιερά
3251 3516 3445 3585 Λόγια,
3475 3515 3802 3586 τηλικούτου

2227 3604 2613 3677 φιλανθρώπου
2651 3606 2955 3679 μυστηρίου
2994 3607 3245 3679 κήρυκάς
3291 3624 3352 3660 τε
3406 3607 3499 3661 καὶ
3534 3606 3807 3676 ἑκφάντο-

2230 3715 2328 3769 ρας
2352 3738 2367 3765 ,
2412 3699 2507 3751 καὶ
2543 3690 2619 3752 ὧν
2657 3699 2716 3751 αι
2757 3701 3089 3771 προφητεῖαι
3132 3698 3228 3753 τοῦ
3268 3699 3607 3767 Εὑαγγελιου
3638 3699 3806 3771 θεμέ-

2225 3791 2371 3855 λιοςς
2418 3790 2597 3862 Ἀρχὴ
2632 3792 2767 3864 γὰρ,
2801 3792 2988 3863 φασιν,
3023 3792 3131 3847 τοῦ
3178 3793 3549 3863 Εὑατγελίου
3608 3792 3806 3860 Ἰησοῦ

2225 3885 2485 3953 Χριστοῦ
2516 3870 2655 3940 Υἱοῧ
2671 3884 2780 3939 τοῦ
2802 3883 2971 3951 Θεοῦ,
2992 3885 3073 3951 ὡς
3097 3883 3415 3955 γέγραπται
3434 3885 3505 3938 ἐν
3522 3883 3649 3951 τοῖς
3666 3900 3808 3954 προ-

2224 3977 2442 4047 φήταις
2471 3976 2619 4050 (95)·
2664 3977 2823 4033 Ἰδοὺ
2862 3976 2979 4047 ἐγὼ
2998 3976 3359 4032 ἀποστέλλω
3385 3976 3493 4030 τόν
3544 3975 3806 4046 ἄγγελόν

2221 4086 2338 4138 μου
2367 4068 2483 4136 πρὸ
2520 4069 2847 4138 προσώπου
2901 4083 3020 4122 σου
3040 4108 3057 4135 ,
3100 4067 3169 4135 ὃς
3201 4067 3660 4136 ,κατασκευάσει
3688 4067 3806 4136 τὴν

2224 4162 2368 4216 ὀδόν
2394 4176 2511 4216 σου
2540 4161 2883 4232 ἔμπροσθέν
2910 4176 3049 4214 σου.
3099 4160 3197 4224 Τίς
3226 4159 3272 4213 δ’
3304 4159 3600 4214 ἀπέστελλε
3627 4177 3803 4215 κατα-

2226 4254 2509 4319 σκευάζειν
2540 4254 2638 4325 τὴν
2666 4254 2784 4307 ὁδὸν
2810 4252 2905 4306 τοῦ
2934 4251 3143 4321 ἀγαθοῦ
3174 4251 3305 4306 Υἱοῦ
3332 4252 3427 4306 καὶ
3455 4251 3615 4318 Θεοῦ,
3647 4253 3696 4308 εἰ
3726 4252 3804 4324 μὴ

2223 4347 2253 4399 ὁ
2298 4347 2500 4416 ἀγαθὸς
2551 4346 2767 4417 Πατὴρ,
2800 4345 2860 4410 ὃς
2898 4346 2988 4399 διὰ
3016 4346 3125 4400 τῶν
3153 4346 3214 4399 ὲν
3248 4345 3327 4416 τῷ
3358 4346 3510 4417 νόμῳ
3534 4344 3805 4417 θεραπόν-

2152 4419 2198 4475 Ῑ)
2222 4457 2331 4493 των
2372 4439 2538 4493 αὑτοῦ
2566 4441 2665 4511 τὴν
2710 4439 2875 4513 μέχρι
2910 4438 3114 4509 σαρκὸς
3146 4438 3242 4494 καὶ
3284 4437 3515 4510 αἵματος
3544 4437 3639 4492 τοῦ
3671 4437 3802 4492 Υιοῦ

2221 4530 2455 4584 κένωσιν
2516 4530 2741 4585 ἔσεσθαι
2810 4530 3028 4593 πολλοῖς
3092 4529 3302 4601 χρόνοις
3368 4529 3801 4601 προεθέσπιζενς

2233 4619 2357 4673 Ἐπὶ
2381 4619 2527 4674 τέλει
2552 4620 2611 4675 δὲ
2634 4623 2744 4675 τῶν
2763 4620 2977 4675 αἰώνων
3005 4622 3102 4675 καὶ
3132 4620 3225 4675 τὸν
3256 4620 3489 4689 ἄγγελον
3521 4619 3688 4674 αὑτοῦ
3711 4619 3804 4672 τὸν

2232 4711 2490 4782 Ἰωάννην
2551 4712 2855 4766 ἀπέστελλε
2905 4712 3176 4781 λέγονται
3247 4711 3630 4782 Ἑτοιμάσατε
3687 4712 3802 4777 τὴν

2219 4803 2367 4857 ὁδὸν
2392 4805 2615 4873 Κυρίου
2634 4844 2650 4869 ,
2673 4806 2909 4873 εὐθείας
2938 4805 3160 4860 ποιεῖτε
3186 4805 3294 4871 τὰς
3328 4803 3563 4873 τρίϐους
3589 4803 3797 4858 αὐτοῦ.

2221 4896 2330 4951 Τοῦ
2383 4897 2440 4951 δὲ
2492 4896 2708 4964 ὓδατος,
2747 4900 2806 4952 ὲν
2846 4892 2891 4968 ᾧ
2923 4896 3303 4955 καταδεδυκὼς
3346 4898 3377 4950 ό
3420 4895 3801 4967 φιλάνθρωπος

2232 4989 2442 5060 Ἰησοῦς
2499 4991 2685 5043 πᾶσαν
2736 4990 3088 5061 δικαιοσύνην
3138 4992 3449 5063 ἐπλήρωσε,
3505 4988 3622 5051 πῶς
3664 4987 3801 5051 ὅλως

2218 5081 2460 5151 ψαῦσαι,
2511 5082 2589 5154 μὴ
2632 5083 2715 5136 ὅτι
2746 5099 2811 5153 γε
2849 5082 3077 5137 καθόλου
3126 5084 3186 5137 ὲν
3219 5081 3369 5154 αὐτῷ
3398 5078 3798 5153 βαπτισθῆναι,

1135 5220 1180 5254 ⁹¹
1223 5219 1358 5277 ibid.
1391 5220 1477 5279 18.
1551 5221 1598 5253 ⁸⁸
1629 5219 1793 5277 Marc.
1825 5235 1862 5286 ι,
1902 5219 1953 5287 1,
1987 5223 2043 5275 2.
2134 5220 2181 5253 "
2212 5219 2345 5275 ibid.
2376 5221 2431 5276 5.

1574 5359 1816 5416 VARle
1886 5359 2275 5416 LECTIONES
2331 5359 2421 5416 ET
2457 5358 2695 5415 ΝΟΤίΕ.

603 5503 715 5573 (94)
752 5502 1018 5569 Τοιαύτη.
1044 5500 1145 5556 Ms.
1170 5500 1223 5573 in
1245 5501 1411 5558 dandi
1442 5516 1572 5557 casu
1603 5500 1753 5569 legit,
1782 5499 1923 5553 sicut
1941 5507 1997 5573 et
2022 5514 2113 5554 se-

529 5569 706 5644 quens
735 5573 959 5644 σαπρίᾳ.
987 5573 1055 5628 At
1086 5572 1291 5644 rectius
1317 5579 1545 5644 utraque
1573 5586 1674 5625 vox
1716 5585 1815 5640 pro
1850 5569 2115 5644 nomina-

533 5638 646 5702 tivo
673 5638 927 5699 habetur:
952 5644 1029 5699 Ea
1072 5643 1220 5698 enim
1250 5654 1335 5697 est
1368 5638 1546 5696 Photii
1594 5638 1774 5701 mens,
1828 5638 2113 5695 salituram

530 5730 640 5771 non
671 5715 863 5792 cad-egre
884 5714 939 5768 in
959 5729 1185 5785 corpus,
1220 5722 1481 5792 tanquam
1516 5727 1644 5792 rem.
1653 5710 1882 5792 penitus
1913 5709 2111 5792 malam

528 5796 586 5840 et
629 5785 923 5854 putridam,
955 5780 1076 5855 quae
1115 5780 1349 5854 proinde
1375 5798 1404 5836 a
1451 5780 1745 5852 putredine
1787 5781 2109 5852 pneservari

528 5870 642 5913 non
665 5855 853 5927 possit.

2285 5498 2396 5571 (95)
2423 5500 2521 5571 Ἐν
2545 5497 2673 5564 τοῖς
2693 5498 3050 5571 προφήταιςἶ
3074 5497 3161 5571 Ita
3180 5497 3410 5555 Photius
3429 5514 3791 5571 communem.

2211 5568 2334 5640 quae
2372 5570 2533 5625 hodie
2584 5578 2735 5624 recte
2765 5570 2995 5640 obtinet,
3041 5568 3329 5624 lectionem
3354 5570 3572 5640 astruit.
3603 5585 3796 5640 quem-

2210 5638 2501 5695 admodum
2564 5641 2805 5694 Irenzeus
2865 5639 2963 5694 lib.
3022 5654 3117 5699 Ill.
3168 5654 3219 5695 c.
3276 5640 3374 5703 H;
3408 5649 3463 5695 et
3512 5638 3665 5693 Titus
3701 5638 3798 5690 Bo-

2212 5711 2447 5765 strensis
2476 5709 2571 5765 lib.
2607 5706 3272 5790 ι’,βοιιινα,Μαιιίειιιιιςοεἶ
3304 5710 3537 5790 Codices
3573 5709 3789 5790 quidam

2208 5796 2376 5862 manu
2427 5781 2632 5862 exarati
2665 5780 2869 5862 habent
2900 5780 2959 5862 et?
2987 5778 3073 5862 τῶ
3096 5781 3373 5862 προφητῃ.
3400 5781 3544 5862 Lege
3565 5780 3650 5834 Jo.
3676 5778 3791 5833 Mil-

2210 5851 2362 5916 liuni,
2394 5859 2445 5905 et
2473 5849 2558 5907 Jo.
2590 5849 2883 5907 Ernestum
2912 5836 3171 5906 Grabium
3208 5836 3279 5908 ad
3307 5836 3509 5907 fienzei
3532 5852 3567 5905 Ι.
3597 5864 3647 5907 c.
