4022 6402
232 394 341 461 197

1259 385 1557 449 CONTRA
1592 377 2050 445 MANICHAIOS
2084 373 2317 436 LIBER
2353 374 2454 436 ιν.

3383 358 3486 426 198

226 502 513 573 ἠνέσχετο,
545 497 642 552 καὶ
678 494 981 568 καθαρσίου
1026 473 1311 564 δυνάμεως
1354 491 1452 546 πιιαλ⁸
1480 487 1811 559 ἀγιαστικῆς

1927 482 2174 554 ψιωείιαι
2220 478 2510 551 potestatis
2564 490 2704 547 opus
2749 473 3079 531 exsisteret?
3132 472 3307 545 Atque
3344 473 3488 529 hanc

228 590 565 664 μεταδοῦναι
596 590 841 661 χάριτος,
886 587 937 641 εί
969 586 1047 658 μὴ
1085 585 1186 655 τῆς
1217 583 1384 637 αὑτοῦ
1412 578 1773 653 δημιουργίας
1793 616 1811 644 ,

231 681 375 736 ἀλλά
404 680 508 750 τῆς
535 677 919 749 ἀντικειμένης
952 675 1217 745 ἐτύγχανε
1246 672 1679 744 δημιούργημα;
1703 668 1814 722 Καὶ¹

232 773 445 843 ταύτην
471 771 574 843 τὴν
606 770 767 842 χάριν
790 769 854 823 οὑ
889 766 1082 838 παρὼν
1105 766 1265 837 μόνον
1288 763 1369 834 τῷ
1396 761 1612 832 σώματι
1634 758 1815 829 πηγά-

238 861 361 927 ζειν
392 863 672 933 ἐδωρεῖτο,
717 860 854 914 ἀλλά
903 860 1003 913 καὶ
1044 859 1125 922 είς
1175 856 1303 920 τοὺς
1332 854 1530 926 ἐφεξῆς
1569 853 1816 915 ἅπαντας

236 951 448 1015 αἰῶνας
482 951 561 1019 ξδι⁹
600 948 781 1017 αὑτοῦ
834 949 936 1019 τὴν
982 947 1285 1002 ἀνάπλασιν
1317 944 1412 999 καὶ
1456 943 1817 1014 ἀναγέννησιν

238 1042 521 1115 εὑρίσκειν
555 1041 683 1106 τοὺς
728 1040 1071 1112 σωζομένους
1114 1038 1368 1111 ἐνεργείᾳ
1404 1037 1498 1092 τοῦ
1546 1035 1816 1105 παναγίου

238 1135 561 1207 Πνεύματος
606 1134 975 1206 ἐχαρίτωσεν,
1032 1133 1109 1197 ὡς
1163 1131 1434 1186 ἀθάνατον
1484 1130 1633 1200 αὑτῷ
1675 1146 1818 1201 παρ-

245 1225 568 1280 ακολουθεῖν
614 1227 718 1298 τὴν
772 1223 985 1298 δωρεὰν
1030 1223 1128 1278 τοῦ
1161 1223 1515 1295 χαρίσματος.
1548 1221 1731 1288 ’Ἄξιος
1760 1220 1819 1276 δέ

237 1317 411 1372 πάλιν
456 1320 557 1390 τῆς
608 1317 934 1388 ἐπιφανείας
979 1315 1076 1370 τοῦ
1122 1314 1332 1385 ἀγαθοῦ
1370 1314 1505 1369 Θεοῦ
1531 1312 1768 1384 γεγονὼς
1791 1315 1820 1367 ὁ

252 1411 541 1481 Ἰωάννης,
572 1410 669 1464 καὶ
698 1410 993 1481 προφήτου
1039 1407 1461 1481 περισσότερος,
1489 1407 1583 1460 καὶ
1619 1404 1820 1476 μείζων

239 1502 353 1555 τῶν
378 1503 439 1555 ἐν
463 1502 745 1573 γεννητοῖς
787 1500 1065 1570 γυναικῶν
1095 1498 1188 1553 ὑπ’
1217 1499 1386 1570 αὑτῆς
1427 1497 1530 1567 τῆς
1564 1496 1822 1568 ἀληθείας

240 1592 639 1665 ἀναγορευθεὶς
662 1633 678 1659 ,
725 1591 844 1656 πῶς
871 1591 1083 1662 ὑπέστη
1130 1589 1362 1661 νομικῆς
1408 1584 1626 1659 ἐντολῆς
1653 1586 1823 1657 ὑπερ·

245 1688 468 1756 μαχεῖν,
502 1683 599 1738 καὶ
623 1684 745 1739 τότε
769 1683 1076 1755 πρόδρομος
1096 1680 1199 1752 τῆς
1219 1680 1441 1751 χάριτος
1458 1673 1785 1739 ἀποσταλείς
1804 1688 1823 1741 ἱ

255 1775 322 1829 '0
351 1775 411 1829 δὲ
457 1775 518 1829 ού
568 1775 730 1846 μόνον
778 1775 922 1845 ὑπὲρ
970 1774 1072 1845 τῆς
1106 1774 1209 1845 ήδη
1263 1772 1617 1843 παυομένης,
1647 1769 1823 1833 οὕτως

1912 573 2137 646 gratiam
2176 588 2243 628 ex
2264 572 2550 642 baptismo
2581 579 2836 639 tanquam
2865 568 3015 623 fonte
3040 567 3304 622 scaturirc
3323 566 3490 635 jussit

1912 681 2024 721 non
2064 664 2238 719 solum
2287 672 2441 728 tunc,
2486 677 2610 715 cum
2639 675 2868 730 corpore
2903 672 3145 729 praesens
3168 666 3338 719 esset,
3389 657 3486 711 sed

1913 758 2150 829 gratiose
2175 755 2377 818 effecit.
2409 764 2473 810 ut
2501 755 2557 810 in
2584 755 2767 809 futura
2801 754 2997 809 szecula
3027 752 3209 807 omnia
3242 751 3486 806 salvam“

1914 850 2004 905 hic
2036 864 2133 920 per
2166 849 2431 919 Spiritum
2456 857 2705 904 sanctum
2757 845 3226 917 regenerationem
3265 859 3491 897 novam—

1915 957 2022 1013 que
2049 942 2385 996 creationem
2434 941 2767 1004 invenirent,
2814 948 2980 1008 atque
3009 938 3146 992 adeo
3176 937 3280 991 hoc
3302 937 3489 1008 gratiae

1916 1036 2121 1090 donum
2197 1049 2481 1104 nunquam
2545 1032 2921 1087 intercideret.
2985 1029 3272 1096 Quomodo
3327 1045 3491 1099 porro

1916 1128 2176 1193 Joannes,
2210 1126 2410 1198 dignus
2434 1126 2675 1189 habitus,
2715 1124 2806 1194 qui
2840 1124 3049 1178 videret
3085 1123 3287 1177 bonum
3318 1123 3489 1178 Deum

1917 1222 2321 1287 adventantem,
2371 1219 2626 1288 idemque
2687 1217 2979 1287 propheta,
3029 1216 3378 1285 praestantior
3425 1223 3481 1269 et

1918 1312 2096 1380 major
2121 1311 2401 1375 omnibus,
2430 1309 2520 1380 qni
2551 1325 2617 1363 ex
2657 1308 2915 1362 uxoribus
2948 1307 3060 1362 nati
3090 1314 3238 1373 sunt,
3273 1308 3343 1360 ab
3376 1306 3491 1376 ipsa

1919 1404 2147 1460 veritate
2196 1402 2518 1463 renuntiat,
2578 1414 2677 1471 pro
2724 1398 3013 1470 praeceptis
3062 1399 3195 1469 legis
3252 1413 3492 1469 pugnare

1921 1496 2204 1567 ingressus
2232 1502 2337 1559 est,
2375 1492 2423 1547 is
2451 1491 2681 1556 scilicet,
2711 1490 2802 1560 qui
2832 1493 3031 1545 missus
3054 1500 3192 1556 erat,
3225 1499 3285 1544 ut
3307 1490 3494 1561 gratiae

1920 1597 2065 1645 esset
2098 1585 2478 1658 praenuntius?
2503 1584 2694 1654 Neque
2723 1583 2770 1638 is
2798 1592 3007 1637 tantum
3036 1599 3137 1653 pro
3167 1599 3229 1637 ea
3250 1583 3362 1653 jam
3392 1582 3493 1638 de-

1920 1662 2092 1733 situra
2125 1677 2285 1747 (adeo
2313 1677 2459 1731 illam
2492 1683 2650 1730 norat
2681 1672 2774 1728 Dei
2798 1673 3002 1728 donum
3037 1672 3181 1742 esse)
3217 1680 3494 1727 certamen

1922 1771 2197 1844 ingressus
2224 1780 2328 1837 est,
2352 1770 2446 1825 sed
2472 1784 2538 1824 eo
2560 1783 2777 1838 quoque
2793 1777 2880 1821 est
2905 1774 3218 1838 provectus,
3249 1775 3306 1819 ut
3331 1766 3494 1820 vitam

245 1854 367 1938 ᾔδει
392 1865 595 1938 ταύτην
614 1865 751 1921 Θεοῦ
779 1867 978 1936 δῶρον,
1003 1866 1101 1920 τὸν
1131 1865 1320 1935 ἀγῶνα
1353 1862 1655 1937 προθύμως
1692 1878 1819 1933 μετ-

1927 1882 2072 1922 suam
2121 1871 2475 1937 postponeret
2528 1863 2674 1917 serio
2722 1861 2869 1915 illam
2912 1858 3239 1915 observandi
3290 1858 3492 1915 studio.

246 1961 484 2031 ήρχετο,
536 1957 677 2014 ἀλλὰ
723 1961 820 2012 καὶ
864 1958 1032 2030 μέχρι
1079 1957 1359 2024 τοσούτου,
1414 1955 1557 2011 ὥστε
1591 1955 1687 2009 καὶ
1721 1953 1823 2027 τὴν

247 2051 447 2105 ἐαυτοῦ
486 2050 631 2123 ζωὴν
659 2050 920 2123 δευτέραν
962 2050 1139 2121 ἄγειν,
1159 2051 1263 2123 τῆς
1294 2051 1425 2122 περὶ
1456 2048 1625 2121 αὑτὴν
1652 2046 1824 2118 φυλα-

249 2145 375 2211 κῆς.
402 2144 476 2197 Τὸ
502 2144 614 2216 γὰρ
644 2144 889 2216 ἐλέγχειν
912 2144 1006 2199 τὸν
1045 2144 1323 2218 Ἡρώδην,
1347 2144 1424 2208 ὡς
1467 2144 1592 2197 Οὐκ
1620 2139 1826 2208 ἔξεστι

247 2252 351 2290 σοι
389 2235 557 2304 ἔχειν
594 2234 711 2305 τὴν
749 2236 1007 2307 γυναῖκα
1048 2235 1155 2291 τοῦ
1186 2234 1455 2306 ἀδελφοῦ
1486 2249 1627 2300 σου,
1661 2232 1826 2289 πόθεν

248 2328 434 2384 λαϐὼν
458 2329 714 2401 ἐπετίμα,
739 2329 774 2402 ἢ
795 2328 941 2395 τίνος
972 2329 1365 2402 ύπερασπίζων
1388 2327 1712 2401 νομοθεσίας
1734 2326 1827 2381 τὸν

250 2418 477 2491 ἔλεγχον
521 2423 796 2493 προσῆγεν
844 2420 924 2492 τῷ
970 2420 1219 2492 βασιλεῖς
1272 2422 1386 2493 υὺχ
1438 2422 1606 2494 ὁρᾷς,
1661 2420 1828 2475 πόσον

251 2513 487 2582 ἀπεῖχεν
514 2512 753 2584 ύδρίζειν
778 2512 878 2576 τὰς
905 2513 1135 2584 νομικὰς
1165 2514 1384 2579 ἐντολὰς
1412 2515 1441 2567 ὁ
1466 2514 1569 2585 τῆς
1607 2512 1830 2585 χάριτος

252 2603 587 2674 πρόδρομος,
617 2604 712 2659 καὶ
738 2603 830 2657 τὸν
859 2604 958 2677 τῆς
988 2605 1209 2676 χάριτος
1237 2604 1538 2676 νομοθέτην
1566 2603 1830 2675 βαπτίσαι

252 2694 649 2763 καταξιωθείςς
687 2694 749 2749 Et
777 2695 835 2750 δὲ
870 2696 948 2767 μὴ
984 2697 1083 2768 τῆς
1131 2696 1302 2766 αὐτῆς
1348 2691 1491 2767 ἦσαν
1539 2694 1690 2760 θείας
1738 2697 1832 2750 καὶ

252 2785 605 2857 ἀγαθουργοῦ
647 2786 933 2850 ἐπιπνοίας
963 2788 1032 2841 τά
1057 2787 1324 2843 Μωσαῖκά
1369 2785 1829 2859 παραγγέλματα,

254 2876 378 2937 πῶς
403 2876 433 2928 ὁ
457 2874 620 2940 αὑτὸς
664 2876 766 2946 τῆς
796 2876 1016 2949 χάριτος
1048 2877 1326 2949 ὑπηρέτης
1350 2877 1459 2932 οὐδ’
1482 2877 1708 2932 ἐκείνων
1731 2878 1833 2951 τὴν

252 2968 553 3038 ὀλιγωρίαν
589 2968 880 3040 ὑπέμενεν,
928 2969 1044 3024 ἀλλ’
1076 2966 1145 3031 ἧν
1182 2969 1364 3024 αὑτῶν
1387 2971 1616 3042 σφοδρὸς
1654 2967 1833 3041 ζηλω-

252 3061 357 3131 τὴς
384 3062 479 3114 καὶ
498 3060 760 3133 διάπυρος
800 3062 1122 3134 ἐκδικητήςς
1183 3063 1419 3133 μάλιστά
1441 3080 1506 3134 γε
1525 3063 1622 3118 τοῦ
1649 3062 1835 3133 Σωτῆ·

260 3168 355 3222 ρος
387 3152 843 3225 διακεκραγότοςο
879 3152 1089 3218 Οὐδείς
1112 3152 1364 3209 δύναται
1395 3153 1557 3225 γδυσὶ
1599 3154 1830 3223 κυρίοις

254 3200 612 3298 δουλεύεινἰ
639 3200 679 3313 ἦ
700 3200 813 3315 τάξ)
833 3245 942 3299 τὸν
963 3200 1081 3299 ἕνα
1099 3244 1369 3315 μισήσει,
1385 3206 1486 3309 καί
1504 3246 1610 3299 τὸν
1627 3200 1835 3313 ἔξιτε-ροξ⁸
1858 3200 1902 3260 C

257 3332 593 3403 ἀγαπήσει·
627 3333 667 3405 ἠ
693 3335 799 3390 τοῦ
827 3335 966 3402 ἐνὸς
991 3335 1327 3403 ἀνθέξεται,
1355 3336 1455 3391 καὶ
1489 3334 1599 3390 τοῦ
1627 3335 1833 3404 ἐτέρου

260 3425 727 3496 καταφρονήσει.
763 3429 847 3482 οὐ
886 3427 1154 3484 δύνασθε
1205 3425 1329 3495 Θεῷ
1371 3427 1688 3482 δουλεύειν
1735 3425 1836 3482 καί

261 3513 587 3584 Μαμμωνᾷ.
621 3517 734 3570 Καὶ
777 3516 885 3588 μὴν
921 3517 970 3570 εί
997 3516 1091 3571 δύο
1137 3516 1344 3588 κυρίων
1379 3514 1775 3584 ἀντικειμένων
1806 3516 1836 3569 ὁ

263 3605 427 3677 νόμοι
465 3610 557 3661 καὶ⁸
582 3610 616 3679 ὴ
641 3609 824 3679 χάρις,
862 3608 999 3662 ἀλλά
1027 3609 1106 3680 μὴ
1125 3611 1225 3681 τῆς
1252 3609 1382 3680 μιᾶς
1410 3607 1746 3680 ἀγαθότητός
1776 3623 1835 3661 τε

265 3700 364 3752 καὶ
396 3699 715 3770 μοναρχίας,
743 3700 861 3765 πῶς
888 3696 949 3756 οὗ
977 3701 1166 3773 μηδεὶς
1190 3703 1248 3754 ἐν
1274 3700 1583 3772 ἀνθρώποις
1612 3700 1834 3773 μείζων,

264 3791 391 3844 δυσὶ
434 3790 698 3846 δουλεύων
732 3790 892 3864 ὤφθη
924 3794 1137 3864 κυρίοις
1182 3792 1328 3848 κατά
1352 3794 1452 3865 τὴν
1478 3793 1638 3848 ἄθεον
1663 3793 1839 3862 γλωσ-

269 3885 536 3953 σαλγίαν;
573 3886 849 3950 Ὡσαύτως
869 3885 925 3940 δὲ
952 3885 1049 3940 καὶ
1077 3886 1187 3940 τῶν
1216 3885 1324 3959 πρὸ
1355 3884 1520 3941 αὑτοῦ
1543 3886 1838 3957 προφητῶν

268 3976 307 4046 ἠ
348 3978 640 4047 ὁμήγυρις.
671 3978 746 4031 Τὸ
778 3978 888 4049 γάρ
928 3978 1012 4032 ὅτι
1052 3979 1142 4031 καὶ
1173 3978 1336 4044 αὐτὸς
1367 3980 1396 4032 ὁ
1424 3977 1615 4050 Σωτὴρ
1643 3978 1704 4032 τὸ
1735 3996 1841 4033 πα-

266 4069 463 4139 τρικὸν
494 4070 732 4142 ἐπλήρου
760 4071 1188 4144 ἐνανθρωπήσας
1231 4072 1470 4144 θέλημα,
1503 4074 1598 4128 καὶ
1622 4072 1699 4137 ὡς
1740 4074 1841 4128 οὑκ

264 4160 405 4235 ἦλθε
451 4166 874 4238 καταλῦσαιίτδν
900 4169 1085 4240 νόμον,
1118 4170 1153 4241 ἢ
1190 4169 1319 4234 τοὺς
1356 4170 1664 4240 προφήτας,
1703 4169 1842 4224 ἀλλά

268 4254 585 4326 πληρῶσαι,
631 4256 720 4311 διά
766 4257 868 4329 τὴν
908 4258 1009 4329 τῆς
1036 4257 1329 4329 ἀθεότητος
1363 4258 1694 4332 ὑπερϐολὴν,
1738 4260 1842 4315 οὑκ

1924 1958 2082 2016 Unde
2116 1956 2263 2013 enim
2293 1953 2825 2012 animadversionem
2873 1952 3019 2007 illam
3047 1968 3201 2007 suam
3246 1951 3301 2005 in
3335 1951 3501 2005 Hero-

1923 2050 2070 2116 dem,
2099 2050 2334 2106 dicens:
2381 2048 2499 2103 Non
2536 2046 2655 2102 licet
2704 2046 2799 2100 tibi
2837 2043 3027 2099 habere
3060 2059 3274 2099 uxorem
3314 2044 3499 2112 fratris

1924 2143 2002 2196 tui
2025 2142 2093 2209 “,
2134 2142 2298 2209 unde,
2340 2141 2586 2212 inquam,
2640 2153 2760 2194 eam
2790 2148 2983 2193 nactus
3008 2146 3113 2201 est,
3147 2145 3241 2191 aut
3270 2152 3368 2207 pro
3390 2152 3497 2206 qua

1924 2234 2043 2305 lege
2094 2248 2441 2305 propugnans
2493 2232 2568 2288 ita
2624 2229 2929 2302 objurgavit
2994 2245 3176 2301 regem
3224 2229 3248 2284 ?
3307 2228 3500 2283 Nonne

1924 2325 2098 2389 vides,
2132 2341 2293 2395 quam
2328 2325 2488 2396 longe
2516 2324 2842 2395 prodromus
2876 2322 3110 2394 gratiaea
3144 2321 3497 2386 contumelia,

1926 2416 2216 2489 pncceptis
2247 2416 2381 2487 legis
2412 2415 2720 2479 inferenda,
2752 2413 3009 2478 abfuerit,
3045 2413 3091 2469 is
3124 2412 3369 2479 omnino,
3403 2411 3496 2482 qui

1927 2516 1986 2563 ut
2012 2514 2291 2562 auctorem
2318 2508 2505 2578 gratiae
2535 2506 2860 2576 baptizaret,
2902 2505 3099 2575 dignus
3124 2504 3342 2559 habitus
3374 2503 3499 2559 est?

1930 2601 1986 2656 Si
2020 2617 2148 2657 vero
2175 2602 2411 2657 mosaica
2452 2608 2719 2672 praecepta
2758 2616 2867 2655 non
2903 2601 2972 2655 ab
3016 2600 3206 2655 eadem
3238 2599 3417 2653 divina
3444 2609 3500 2653 et

1929 2694 2172 2750 beneﬁca
2221 2695 2576 2766 inspiratione
2627 2693 2871 2765 profecta
2916 2692 3172 2757 fuissent,
3227 2694 3501 2762 quomodo

1931 2784 2074 2840 idem
2122 2785 2307 2857 gratiae
2356 2784 2607 2839 minister
2656 2784 2748 2839 illa
2791 2783 2930 2838 adeo
2978 2797 3089 2837 non
3142 2781 3500 2852 contemptim

1932 2878 2142 2944 habuit,
2174 2885 2236 2933 ut
2271 2892 2334 2933 ea
2364 2878 2544 2955 potius
2568 2876 2717 2932 omni
2760 2876 2939 2931 studio
2978 2885 3275 2931 sectaretur
3299 2884 3355 2929 et
3389 2874 3503 2929 fer-

1932 2969 2054 3025 vide
2079 2970 2328 3041 urgeret?
2356 2970 2645 3025 Servatore
2677 2977 2868 3023 nostro
2900 2966 3167 3037 imprimis
3195 2966 3499 3022 clamante:

1933 3062 2099 3117 Nemo
2125 3072 2292 3132 potest
2316 3063 2515 3116 duobus
2539 3061 2769 3114 dominis
2801 3062 3029 3114 servire:
3059 3069 3151 3112 aut
3176 3059 3312 3113 enim
3340 3075 3503 3113 unum

1934 3155 2054 3208 odio
2080 3153 2304 3217 habebit,
2342 3161 2391 3205 et
2430 3151 2657 3205 alterum
2686 3150 2867 3221 diliget
2898 3165 2917 3203 :
2944 3158 3039 3203 aut
3068 3150 3161 3202 uni
3194 3149 3502 3214 adbwrebit,

1936 3257 1986 3301 et
2034 3245 2262 3299 alterum
2308 3252 2618 3298 contemnet.
2668 3242 2790 3297 Non
2835 3242 3050 3312 potestis
3100 3240 3206 3295 Deo
3235 3243 3430 3295 seruire
3454 3254 3505 3296 et

1938 3335 2256 3391 Manimona:
2283 3338 2351 3390 ".
2407 3334 2564 3401 Quod
2618 3334 2662 3389 si
2709 3334 2795 3389 lex
2825 3342 2879 3387 et
2909 3333 3081 3403 gratia
3113 3348 3143 3388 a
3169 3333 3383 3388 duobus
3410 3334 3509 3388 du-

1936 3429 2098 3484 minis
2147 3428 2411 3499 oppositis
2456 3442 2567 3481 non
2612 3435 2795 3480 autem
2842 3426 2911 3480 ab
2940 3426 3130 3480 eadem
3176 3426 3419 3490 bonitate
3448 3433 3506 3480 et

1936 3533 2205 3593 potestate
2246 3520 2501 3592 profectze
2539 3526 2701 3583 sunt,
2754 3519 3028 3587 quomodo
3078 3518 3297 3590 is,un
3325 3518 3510 3571 nullus

1938 3614 2080 3668 inter
2134 3612 2384 3668 homines
2420 3613 2596 3681 major
2641 3620 2745 3676 est,
2802 3611 3017 3666 duobus
3056 3610 3313 3677 dominis,
3346 3618 3508 3681 prout

1939 3704 2103 3775 impia
2156 3704 2439 3760 hominum
2502 3704 2681 3775 lingua
2729 3703 2912 3768 tradit,
2957 3702 3163 3758 servire
3216 3702 3365 3758 visus
3388 3703 3510 3756 est?

1937 3798 2116 3867 Atque
2167 3797 2359 3850 eodem
2400 3796 2560 3851 modo
2593 3804 2941 3866 comparatus
2986 3794 3088 3849 fuit
3114 3793 3381 3860 omnium,
3414 3794 3507 3865 qui

1938 3899 2065 3960 ante
2095 3889 2272 3960 ipsum
2303 3888 2548 3953 fuerunt,
2585 3889 2977 3959 prophetarum
3005 3896 3201 3943 coetus.
3227 3886 3347 3941 Jam
3378 3903 3510 3941 vero

1940 3954 2017 4043 id,
2053 3954 2198 4050 quod
2225 3979 2483 4034 Servator
2510 3954 2648 4050 ipse,
2680 3954 2844 4034 homo
2874 3978 3068 4043 factus,
3104 3976 3281 4032 Patris
3312 3980 3508 4034 volun-

1941 4079 2106 4125 tatem
2138 4069 2383 4142 perfecit,
2433 4071 2690 4140 quodque
2739 4085 2850 4123 non
2892 4068 3044 4124 venit
3086 4069 3153 4123 ad
3193 4069 3508 4125 solvendam

1941 4160 2113 4231 legem
2170 4169 2266 4215 aut
2318 4160 2653 4235 prophetas,
2700 4162 2795 4213 sed
2839 4159 3023 4230 potius
3051 4161 3119 4214 ad
3148 4160 3510 4231 implendum,

1942 4251 2110 4307 nolim
2138 4251 2395 4322 amplius,
2440 4251 2511 4305 ob
2558 4249 2850 4304 maximam
2895 4250 3187 4306 contraria:
3223 4252 3512 4307 sententia:

269 4344 342 4399 ἂν
368 4344 667 4416 ὑποσταίην
689 4347 1025 4418 σαφέστερον
1051 4344 1485 4411 ἀναπτύξασθαι.

346 4436 402 4492 l'.
443 4436 587 4508 Πλὴν
633 4438 758 4507 τόγε
805 4439 1069 4512 ἄρρητον,
1099 4439 1174 4502 ὼς
1201 4434 1314 4493 οίόν
1341 4438 1403 4493 τέ
1448 4440 1595 4504 ἐστι,
1636 4437 1731 4493 καὶ
1756 4436 1840 4507 ἐφ’

1941 4341 2299 4412 impietatem,
2328 4342 2603 4397 evolvere.

2010 4433 2079 4488 X.
2115 4434 2184 4488 At
2229 4432 2510 4488 infandum
2556 4432 2711 4498 illud,
2763 4432 2942 4505 quoad
2991 4433 3107 4488 fieri
3137 4442 3334 4504 potest,
3369 4435 3509 4489 etin

271 4527 400 4580 ὅσον
432 4526 509 4599 μὴ
529 4527 809 4592 παντελῶς
837 4528 1167 4600 χαρίσασθαι
1182 4531 1295 4594 τοῖς
1315 4527 1530 4601 ἐχθροῖς
1560 4526 1829 4598 ἐκφυγὼν,

1945 4532 2207 4595 quantum
2252 4539 2363 4577 non
2411 4521 2560 4578 omni
2603 4538 2670 4578 ex
2716 4531 2870 4594 parte
2921 4524 3216 4594 gratificari
3268 4524 3516 4580 hostibus

269 4618 337 4672 τὸ
365 4619 481 4689 μετ’
501 4620 677 4673 ἐκεῖνο
699 4620 950 4692 δεύτερον
974 4620 1104 4691 ἐρῶ.
1136 4621 1224 4685 Ὠς
1246 4623 1275 4675 ὁ
1309 4620 1565 4691 Ἰωάννης
1585 4622 1652 4690 τῇ
1668 4636 1728 4673 τε
1747 4618 1829 4672 τοῐ

1945 4616 2107 4671 simul
2138 4614 2359 4679 licebit,
2397 4624 2652 4685 tanquam
2680 4615 2846 4687 priori
2872 4614 2979 4670 isto
3017 4617 3317 4673 secundum
3350 4632 3514 4671 enar-

272 4708 442 4778 νόμου
469 4708 756 4778 διαγνώσει
775 4711 995 4783 καὶτῆς
1017 4712 1239 4784 χάριτος
1265 4712 1541 4783 ύπηρετού
1549 4728 1732 4782 μενος,
1756 4712 1829 4765 να¹

1943 4708 2097 4762 rabo.
2152 4705 2393 4762 Joannes
2433 4707 2664 4774 scilicet,
2712 4707 2767 4762 in
2813 4707 3052 4763 confinio
3081 4708 3216 4779 legis
3239 4716 3296 4763 et
3328 4709 3515 4780 gratia:

270 4799 341 4872 δὴ
371 4801 465 4854 καὶ
494 4801 557 4854 τὸ
585 4800 870 4873 σύνταγμα
894 4802 1005 4856 τῶν
1035 4804 1143 4875 πρὸ
1175 4802 1341 4858 αὐτοῦ
1375 4802 1672 4876 προῳητῶν
1708 4802 1829 4872 ἀφύ

1941 4800 2250 4855 ministerio
2283 4798 2537 4871 fungens,
2578 4799 2688 4855 imo
2715 4808 2770 4854 et
2798 4801 2979 4855 omnis
3009 4800 3424 4871 prophetarum,
3449 4816 3518 4856 eo

275 4909 429 4956 κτοις
461 4892 701 4963 ἐλέγχοις
736 4895 864 4957 τοὺς
889 4893 1104 4959 ἀσεδεῖς
1132 4893 1506 4966 στηλιτεύουσι
1531 4894 1632 4965 τὴν
1658 4894 1829 4949 ἐνυπό

1945 4894 2211 4964 priorum,
2268 4902 2443 4948 cmtus
2471 4893 2812 4965 argumentis
2840 4909 2952 4948 non
2982 4893 3259 4948 solvendis
3280 4893 3516 4947 convin-

279 4996 475 5034 στατον
500 4980 760 5053 ἀλήθειαν
785 4982 868 5046 εἰς
910 4982 1104 5053 ψεῦδος
1141 4983 1438 5055 διασύρειν,
1470 4984 1567 5037 καὶ
1601 4982 1829 5055 μαχομέι

1949 4992 2081 5039 cunt
2126 4984 2375 5039 homines
2421 4984 2554 5039 istos
2600 4983 2818 5054 impios,
2865 4984 3008 5053 quod
3052 4984 3340 5039 veritatem
3387 4984 3520 5039 sub-

274 5090 389 5136 νοις
411 5073 725 5144 νομοθέταις
742 5073 841 5139 τὰς
863 5074 1083 5139 ἐντολὰς
1100 5075 1472 5147 διασχίζοντας
1489 5076 1555 5147 τῇ
1580 5075 1690 5129 τῶν
1710 5092 1829 5147 προ

1949 5080 2256 5145 stantialem
2307 5089 2564 5151 tanquam
2619 5079 2967 5135 mendacium
3013 5078 3374 5147 insectcntur,
3428 5089 3517 5145 et,

273 5162 454 5232 τέρων
481 5161 725 5234 διαϐολῇ,
757 5161 860 5218 κᾶν
896 5161 1050 5217 οὔπω
1087 5166 1269 5235 γυμνῇ
1298 5167 1367 5236 τῇ
1401 5164 1613 5235 κεφαλῇ
1643 5163 1829 5236 τεθαρ-

1948 5172 2099 5236 dum,
2135 5172 2365 5228 invectis
2412 5172 2810 5244 legislatoribus
2866 5170 3189 5235 contrariis,
3248 5180 3521 5241 pnecepta

277 5254 534 5324 ρήκασιν,
585 5253 738 5307 οὐδὲν
784 5254 1005 5309 ἔλαττον
1047 5254 1357 5321 ἑαλωκότας
1402 5256 1488 5328 (τί
1525 5256 1635 5328 γάρ
1672 5256 1741 5312 ἂν
1781 5258 1829 5311 ὲ)

1941 5264 2272 5328 distrahunt,
2304 5264 2492 5319 eadem
2521 5278 2711 5333 opera,
2740 5277 2847 5332 qua
2880 5262 3060 5333 priora
3087 5262 3518 5327 calumniantur,

276 5347 503 5416 ψεύδους
544 5348 606 5401 οὑ
653 5348 859 5418 φαῦλον
889 5349 1144 5422 προέλθοι
1166 5353 1215 5422 ;)
1264 5351 1704 5424 συνεξορχεῖσθαι
1752 5352 1829 5405 κα¹

1942 5354 2191 5425 quamvis
2238 5354 2293 5410 id
2339 5355 2517 5425 palam
2570 5354 2749 5409 facere
2784 5368 2889 5408 non
2916 5353 3174 5419 audeant,
3210 5368 3319 5408 non
3342 5352 3523 5407 minus

286 5440 347 5491 τὰ
376 5438 479 5509 τῆς
519 5440 763 5511 χάριτος.
800 5441 863 5494 Εί
899 5442 1010 5513 γὰρ
1050 5442 1151 5512 τῆς
1194 5443 1419 5514 χάριτος
1446 5444 1546 5515 μὲν
1574 5445 1603 5498 ὀ
1645 5444 1829 5513 ἀγαθὸς

1945 5456 1999 5505 οι
2028 5463 2113 5513 ea,
2152 5465 2273 5519 quae
2303 5449 2488 5519 gratizc
2515 5456 2646 5503 sunt
2675 5447 2828 5518 (quid
2857 5447 3005 5502 enim
3030 5446 3155 5501 mali
3177 5440 3247 5500 'ex
3287 5443 3520 5499 menda-

278 5532 555 5602 Δεσπότης
573 5533 887 5603 νομοθέτης,
927 5533 985 5587 ἒν
1017 5534 1073 5588 δὲ
1100 5534 1267 5589 αὑτοῦ
1300 5535 1412 5589 τῶν
1450 5536 1737 5608 δογμάτων
1756 5553 1828 5590 κα

1944 5540 2030 5595 cio
2057 5556 2166 5594 non
2195 5539 2571 5610 proficiscatur
2593 5540 2638 5611 ί)
2671 5540 2903 5610 prodant
2924 5545 2980 5593 et
3015 5536 3176 5593 simul
3207 5535 3519 5604 explodant.

283 5621 379 5689 τὸ,
443 5624 649 5695 μηδένα
696 5624 955 5681 δύνασθαι
999 5625 1122 5680 δυσὶ
1167 5627 1378 5700 κυρίοις
1431 5627 1736 5697 δουλεύειν,
1792 5631 1829 5684 ἐε

1949 5630 2005 5687 Si
2038 5632 2183 5688 enim
2234 5631 2409 5686 bonus
2471 5630 2734 5686 Dominus
2786 5630 2971 5705 gratia:
2999 5635 3188 5685 auctor
3219 5635 3323 5688 est,
3357 5623 3524 5696 hujus

349 5821 397 5855 οι
429 5820 594 5878 Marc.
632 5839 708 5893 Vl,
746 5824 828 5882 ιε.
904 5827 950 5860 ου
982 5826 1168 5883 Matth.
1204 5844 1275 5894 τι,
1306 5826 1398 5885 ει.
