4022 6428
537 396 639 459 199

1677 393 1940 455 ΡΠΟΤΙΙ
1981 391 2489 452 ΡΛΤΒΙΛΠΕΗῙΕ
2529 390 2638 452 CP.

3691 380 3821 447 200

530 528 664 568 vero
701 510 843 566 inter
878 509 1084 581 reliqua
1115 510 1221 567 hoc
1240 511 1438 583 dogma
1463 518 1567 575 est,
1620 508 1766 577 quod
1795 524 1958 561 nemo
1989 522 2115 577 pos-

2227 505 2457 575 ἑκατέρα
2499 504 2557 557 δὲ
2590 501 2769 574 μερίδι
2806 500 3219 555 δεδουλεύκασιν
3271 499 3320 553 oi
3374 497 3821 570 προειρημένοι,

532 605 603 659 sit
635 604 848 659 duobus
869 603 1108 658 dominis
1139 605 1366 669 servire,
1407 602 1624 670 utrique
1654 615 1784 655 vero
1814 599 1950 668 parti
1980 613 2115 669 prte-

532 694 661 750 dicti
690 695 764 748 illi
812 694 1154 760 servierunt,
1210 710 1358 748 nunc
1399 700 1583 747 autem
1614 692 1703 743 illa
1744 700 2113 758 apostatarum

534 787 794 842 colluvies
825 786 989 841 alium
1024 786 1274 841 Mosaicis
1320 783 1606 855 praeceptis
1635 781 1933 837 Dominum
1978 796 2114 835 con-

534 879 743 942 stituit;
770 894 953 932 nonne
978 878 1122 932 inter
1139 878 1348 932 medios
1370 884 1667 945 praetextus
1694 876 1863 943 ipsam
1888 872 2114 943 gratiam

534 970 750 1039 probris
806 970 1182 1033 insectantur,
1246 970 1374 1023 dum
1432 968 1842 1023 calumniantur
1895 964 2118 1036 regem?

535 1062 611 1115 Ita
642 1061 785 1115 enim
852 1063 1013 1132 (quae,
1068 1068 1191 1114 utut
1221 1061 1387 1114 etiam
1421 1062 1477 1115 in
1508 1061 1883 1115 confutatione
1918 1058 2116 1128 impie-

534 1151 658 1205 tatis
686 1165 1114 1204 commemorare
1165 1150 1253 1205 vix
1303 1150 1383 1203 fas
1416 1150 1507 1213 sit,
1559 1150 1733 1220 magis
1758 1158 1940 1203 tamen
1972 1149 2117 1202 inte-

531 1258 686 1313 grum
715 1240 896 1311 fuerit)
924 1242 1097 1310 ipsum
1133 1240 1545 1295 Testamentum
1588 1240 1857 1295 mendacii
1878 1240 2116 1294 insimu-

531 1330 644 1385 lare
704 1330 1115 1398 judicabautur.
1173 1332 1281 1386 Sed
1332 1332 1463 1401 quid
1520 1332 1565 1385 si
1615 1332 1751 1400 quis
1787 1330 2111 1400 exceperit:

533 1420 592 1475 Si
627 1422 710 1476 lex
740 1423 878 1476 bona
910 1432 1011 1487 est,
1058 1404 1335 1492 num,°qui
1368 1424 1468 1478 sub
1494 1425 1664 1495 gratia
1682 1440 1891 1488 sumus,
1916 1438 2115 1478 secun-

530 1513 655 1566 dam
712 1528 832 1567 eam
914 1512 1194 1567 vivimus?
1245 1516 1315 1568 At
1372 1524 1464 1569 tua
1507 1515 1728 1585 quidem
1773 1531 1936 1570 causa
1978 1515 2114 1571 nihil

531 1608 727 1661 attinet
788 1621 1118 1676 quemquam
1192 1605 1248 1659 in
1309 1608 1613 1663 subsidium
1663 1624 1879 1663 vocare.
1927 1608 2114 1675 Quod-

531 1715 656 1753 nam
709 1701 855 1754 enim
898 1699 993 1753 tibi
1050 1697 1219 1767 impio
1264 1700 1499 1770 amplius
1533 1700 1759 1755 dubium
1795 1701 1919 1765 erit,
1960 1701 2117 1770 cujus

532 1791 863 1845 solutionem
896 1806 1008 1843 non
1088 1791 1420 1863 aggrediar?
1512 1791 1765 1861 Nunquid
1846 1792 1986 1845 forte
2036 1792 2115 1846 le—

2220 596 2380 650 ἄλλον
2407 595 2463 647 δὲ
2514 595 2719 665 Κύριον
2760 596 2874 655 τοῖς
2920 594 3237 654 Μωσαῖκοῖς
3270 591 3557 661 ἐφίστησιν
3597 590 3821 660 ήάπο-

2223 688 2447 740 στασία·
2483 686 2601 749 πῶς
2622 687 2723 738 οὐκ
2748 687 2806 737 ὲν
2829 685 2907 755 τῷ
2935 683 3375 755 προπηλακισμῷ
3404 682 3500 735 τοῦ
3530 681 3728 752 νόμου,
3764 679 3823 731 εί

2221 781 2318 832 καὶ
2350 779 2440 831 διὰ
2474 777 2653 849 μέσων
2689 777 3227 847 παραπετασμάτων,
3254 776 3315 828 οὐ
3344 768 3824 844 συμπροπηλακί-

2222 870 2375 935 ζουσι
2399 872 2491 924 καὶ
2520 872 2617 941 τὴν
2658 870 2854 942 χάριν;
2887 871 3046 923 Οὕτω
3076 869 3186 939 γάρ
3216 868 3452 938 (καίπερ
3477 867 3537 919 ού
3564 862 3823 936 φορητὸν

2219 962 2337 1015 οὐδ’
2372 963 2458 1014 ἐπ’
2476 962 2683 1032 ἐλέγχῳ
2704 962 2883 1029 λέγειν
2916 962 3015 1031 τῆς
3038 958 3314 1021 ἀσεϐείας,
3339 958 3489 1029 ὅμως
3510 954 3825 1009 ἀνεκτότε-

2223 1074 2315 1129 ρον
2333 1057 2375 1124 ),
2394 1057 2625 1127 ψεύδους
2639 1056 2806 1128 αὐτὴν
2827 1056 3094 1127 διαθήκην
3114 1054 3509 1122 ἀποφαίνοντες
3529 1046 3639 1103 εἷεν
3661 1048 3817 1119 (96).

2234 1150 2395 1204 Ἀλλά
2434 1150 2487 1203 τί
2542 1150 2646 1203 κάν
2676 1168 2761 1213 τις
2818 1150 3195 1216 ὑπέκρουσεν
3246 1147 3417 1216 Εἴπερ
3451 1144 3685 1223 ἀγαθὸς,
3732 1140 3823 1213 μὴ

2220 1243 2365 1294 κατά
2413 1242 2576 1312 νόμον
2609 1240 2706 1295 νῦν
2744 1244 2792 1295 οἱ
2824 1242 2920 1312 τῆς
2951 1242 3173 1314 χάριτος
3205 1238 3463 1309 βιούμεν;
3500 1235 3661 1291 Ἀλλά
3704 1232 3821 1285 σοῦ

2224 1333 2326 1402 μὲν
2360 1333 2521 1404 χάριν
2550 1334 2704 1387 οὐδὲν
2740 1335 2963 1388 ἀπαιτεῖ
3001 1334 3338 1403 προσειπεῖν.
3374 1330 3440 1382 Τί
3469 1330 3578 1400 γὰρ
3605 1329 3686 1379 ἐτι
3724 1341 3824 1378 σοι

2220 1424 2570 1479 δυσσεῦοὖντι
2586 1426 2697 1495 (97)
2716 1425 3065 1495 διηπόρηται,
3086 1423 3197 1491 ἐγὼ
3214 1424 3270 1476 δὲ
3289 1423 3365 1493 μὴ
3381 1421 3533 1475 λύειν
3554 1420 3819 1491 ἑλοίμηνς

2220 1511 2370 1587 τΑρα
2389 1519 2723 1587 κουφότερον
2745 1515 3108 1587 άσεὸήσεις,ἢ
3134 1515 3231 1585 τὴν
3256 1514 3581 1584 ἀνύϐριστον
3600 1508 3825 1578 ἀγαθό-

2219 1625 2359 1679 τητα
2390 1607 2739 1678 καθυὸρίζων
2769 1608 3048 1678 κερδανεῖς
3084 1606 3183 1677 τὴν
3212 1605 3390 1677 ὔδριν,
3427 1603 3461 1675 ἢ
3505 1600 3823 1673 μετριώτεο

2223 1719 2316 1773 ρον
2356 1701 2720 1767 ἁπαλλάξεις;
2759 1702 3016 1768 Καίτοιγε
3045 1699 3178 1753 αὐτὸ
3197 1698 3297 1769 τῆς
3325 1696 3562 1766 ἀπορίας
3583 1694 3643 1747 τὸ
3672 1692 3825 1762 πρό·

2224 1794 2404 1864 βλημα
2429 1794 2583 1847 οὐδὲν
2606 1794 2825 1847 ἔλαττον
2848 1796 2947 1865 τὴν
2969 1791 3305 1847 ἀποστασίαν
3328 1789 3594 1858 διελέγχει
3614 1802 3631 1817 ⁸
3661 1784 3824 1838 οὕτω
3850 1832 3857 1837 ,

532 1883 655 1937 vius
723 1883 997 1951 peccabis,
1061 1891 1115 1937 et
1188 1884 1319 1937 dum
1393 1882 1718 1945 bonitatem,
1774 1883 1909 1936 nulli
1973 1883 2117 1951 inju-

2227 1884 2562 1957 πανταχόθεν
2608 1886 2701 1938 καὶ¹
2731 1884 2819 1938 διὰ
2845 1886 2955 1939 τῶν
2983 1884 3247 1938 ἐναντίων
3288 1884 3388 1953 τῆς
3416 1879 3676 1951 ἀληθείας
3707 1877 3823 1930 ἀσο

532 1975 630 2029 ria:
665 1974 953 2029 obnoxiam
1001 1974 1200 2044 injuria
1234 1974 1425 2043 allicis,
1460 1976 1544 2030 vel
1568 1976 1792 2045 impune
1822 1989 1940 2030 eam
1975 1976 2119 2031 feres

535 2066 619 2120 vel
650 2066 865 2121 facilius
899 2067 1175 2120 dimittes?
1200 2068 1311 2120 Imo
1343 2083 1473 2121 vero
1516 2068 1632 2137 ipsa
1664 2068 1755 2121 illa
1784 2069 2119 2124 difﬁcultatis

533 2155 807 2225 oppositio
844 2169 954 2208 non
1009 2162 1188 2209 minus
1238 2156 1604 2212 defectionem
1642 2157 1785 2213 hanc
1833 2158 2115 2215 eonfutat:

544 2250 684 2301 adeo
714 2246 1084 2317 undeqnaque
1110 2248 1275 2301 etiam
1309 2264 1376 2303 ex
1403 2249 1570 2304 rebus
1593 2250 1695 2320 ipsi
1712 2251 2001 2305 contrariis
2028 2267 2119 2305 ve-

536 2342 713 2395 ritatis
742 2341 911 2395 robur
941 2340 1273 2410 resplendet.
1304 2341 1359 2395 Si
1388 2343 1538 2399 enim
1563 2358 1626 2397 ex
1656 2358 1743 2409 eo,
1773 2344 1920 2413 quod
1945 2343 2029 2397 lex
2050 2343 2120 2398 ab

537 2430 667 2495 illis,
699 2431 793 2500 qui
825 2439 959 2486 sunt
992 2432 1096 2485 sub
1125 2430 1300 2497 Bono,
1330 2447 1440 2485 non
1469 2433 1813 2500 observatur,
1856 2435 1911 2488 in
1936 2437 2120 2505 suspi-

536 2521 753 2576 cionem
789 2524 983 2578 eadem
1030 2524 1379 2588 admittitur,
1422 2538 1488 2577 ac
1524 2522 1571 2577 si
1621 2539 1745 2579 cum
1779 2525 1955 2595 gratia
2007 2541 2119 2581 non

535 2614 866 2681 concordet;
922 2623 1142 2684 quantze
1186 2615 1450 2671 bonitatis
1485 2616 1762 2685 particeps
1791 2618 1984 2671 eadem
2027 2632 2119 2672 re-

534 2706 820 2761 nuntiatur
849 2722 915 2761 eo
949 2707 1067 2776 ipso
1088 2747 1102 2773 ,
1131 2708 1279 2776 quod
1314 2705 1456 2761 Deus
1493 2707 1671 2761 bonus
1702 2706 1871 2771 venit,
1904 2721 2037 2772 non,
2062 2716 2119 2760 ut

534 2799 760 2851 solveret
784 2797 949 2869 legem
980 2808 1030 2851 et
1052 2799 1359 2868 prophetas,
1384 2797 1474 2850 sed
1502 2806 1557 2849 ut
1585 2796 1868 2865 impleret?
1900 2796 1967 2850 Et
1992 2812 2123 2866 apo-

537 2891 699 2946 statis
743 2892 967 2960 quidem
1008 2891 1167 2960 plura
1208 2890 1545 2959 respondere
1582 2905 1690 2942 non
1729 2903 1869 2958 Opus
1907 2898 2011 2943 est.
2052 2889 2123 2943 At

538 2981 756 3051 piorum
782 2995 970 3044 causa,
1008 2980 1103 3049 qui
1144 2979 1296 3050 digni
1330 2987 1494 3043 sunt,
1529 2988 1591 3033 ut
1624 2977 1808 3049 gratiae
1849 2978 2122 3048 mysteriis

538 3073 776 3143 amplius
804 3073 1111 3138 initientur,
1148 3072 1309 3127 facile
1337 3070 1568 3126 edisseri
1596 3080 1795 3141 potest,
1832 3071 1978 3140 quod
2000 3086 2124 3140 pro-

541 3172 727 3234 pterea
760 3164 1062 3219 secundum
1095 3165 1353 3233 antiquas
1385 3164 1534 3233 leges
1572 3177 1683 3216 non
1715 3162 1973 3225 vivimus,
1995 3162 2123 3230 quia

538 3225 821 3320 Christus,
854 3256 946 3309 ubi
978 3255 1313 3317 advenerat,
1343 3255 1526 3308 omnia
1567 3254 1850 3324 implevit,
1892 3253 2122 3324 gratiam
2149 3225 2193 3283 (δ

540 3347 757 3401 scilicet
791 3362 890 3415 pro
914 3347 1084 3416 gratia
1115 3361 1214 3415 per
1252 3345 1438 3399 Mosen
1468 3346 1666 3400 tradita
1692 3384 1708 3406 ,
1740 3358 1950 3415 proque
1991 3357 2124 3397 san-

540 3440 665 3503 etis,
699 3453 822 3507 qua:
861 3437 917 3490 in
953 3446 1144 3492 sancto
1178 3444 1336 3491 erant
1362 3477 1378 3502 ,
1420 3436 1614 3507 typicis
1657 3435 1861 3491 Sancta
1902 3446 2125 3492 sancto-

541 3547 686 3594 rum,
713 3547 834 3601 quae
857 3546 955 3602 per
984 3531 1073 3584 illa
1102 3530 1448 3601 praefigurata
1470 3537 1648 3595 erant,
1677 3529 1969 3595 exhibens,
1987 3546 2126 3599 quo-

540 3642 659 3679 rmn
689 3626 920 3679 alterum
959 3624 1161 3679 Paulus
1185 3625 1268 3689 "',
1292 3624 1528 3678 alterum
1565 3622 1807 3678 Joannes
1830 3624 1902 3687 ",
1938 3624 1992 3676 in
2038 3624 2125 3677 di-

539 3720 667 3773 vina
696 3734 791 3771 sua
822 3719 1072 3773 doctrina
1109 3716 1295 3770 tradit.
1340 3717 1528 3786 Itaque
1559 3719 1710 3771 nunc
1735 3715 1990 3784 quidem,
2029 3716 2125 3786 qui

538 3806 840 3862 secundum
869 3820 964 3859 eas
987 3806 1172 3859 vivere
1204 3806 1488 3871 instituat,
1526 3804 2017 3874 reprehendendus
2045 3804 2127 3859 fo-

541 3908 647 3961 ret,
711 3906 968 3967 tanquam
1005 3898 1100 3966 qui
1148 3898 1380 3951 auderet
1421 3911 1621 3965 negare
1669 3896 1949 3951 Christum
1975 3935 1991 3961 ,
2032 3896 2125 3966 qui

540 3990 715 4059 legem
743 3987 1011 4056 implevit,
1046 3988 1233 4041 omnia
1269 3988 1390 4056 ejus
1413 3985 1747 4055 implevisse.
1792 3986 1900 4040 Sed
1942 4001 2127 4057 regre-

540 4078 802 4133 diendum
832 4092 900 4130 eo
923 4086 1029 4138 est,
1057 4076 1204 4131 unde
1242 4078 1515 4130 sermonis
1554 4077 1813 4145 impetus,
1836 4076 1914 4130 ad
1945 4076 2125 4130 atlinia

541 4169 838 4224 deflectens
858 4206 875 4233 ,
908 4180 1010 4220 nos
1038 4168 1258 4220 avertit.
1306 4165 1514 4219 Auctor
1542 4164 1730 4236 gratia:
1760 4174 1815 4219 et
1838 4166 2038 4219 coelum
2072 4175 2129 4221 et

543 4274 746 4319 terram
768 4270 826 4317 et
841 4260 1235 4331 Hierosolyma,
1262 4261 1373 4314 imo
1394 4268 1449 4313 et
1472 4260 1699 4329 capillos
1727 4258 1866 4313 adeo
1891 4260 2126 4315 revereri

542 4369 645 4409 nos
669 4354 864 4423 jubet,
909 4363 970 4408 ut
999 4368 1104 4408 nec
1141 4353 1209 4407 ad
1252 4351 1640 4421 jusjurandum
1680 4350 1929 4404 adhiberi
1963 4352 2124 4405 velit:

542 4457 599 4503 et
623 4447 822 4502 caelum
849 4446 1072 4515 quidem
1099 4486 1113 4509 ,
1142 4443 1411 4497 Thronum
1445 4444 1578 4507 Dei,
1622 4451 1824 4496 terram
1855 4458 1976 4495 vero
2010 4460 2125 4496 sca-

2218 1978 2450 2049 τράπτει
2498 1978 2559 2029 τὸ
2589 1978 2813 2049 κράτος.
2866 1977 2929 2030 Εἰ
2962 1976 3092 2047 γὰρ,
3139 1978 3222 2030 ὅτι
3278 1975 3355 2045 μὴ
3400 1976 3514 2036 τοῖς
3556 1971 3663 2025 ὑπὸ
3705 1969 3821 2037 τὴν

2219 2071 2379 2140 χάριν
2407 2070 2726 2141 πράττεται,
2755 2070 2835 2132 εἰς
2854 2069 3128 2145 ῥπόνοιαν
3160 2070 3189 2119 6
3218 2066 3403 2137 νόμος,
3440 2065 3525 2117 ὅτι
3557 2063 3632 2133 μὴ
3661 2076 3820 2129 συμ-

2222 2162 2390 2228 φωνεῖ
2410 2164 2479 2231 τῇ
2508 2159 2830 2230 ἀγαθότητι,
2868 2160 3197 2228 περιάγεται
3222 2173 3236 2187 ’
3266 2159 3441 2228 πόσης
3467 2153 3824 2223 ἀγαθότητος

2218 2253 2319 2304 οὐκ
2374 2251 2813 2322 ἀνακηρύττεται
2867 2251 3096 2321 μέτοχος
3133 2249 3213 2321 τῷ
3262 2249 3356 2304 τὸν
3410 2246 3617 2316 ἀγαθὸν
3668 2245 3824 2298 Θεὸν

2218 2342 2393 2396 ἐλθεῖν
2414 2383 2428 2405 ,
2464 2344 2538 2397 οὐ
2567 2342 2906 2397 καταλῦσαι
2940 2343 3048 2396 τὸν
3088 2343 3278 2412 νόμον
3305 2341 3346 2409 ἢ
3392 2339 3536 2405 τοὺς
3571 2335 3820 2407 προφή-

2219 2452 2347 2501 τας,
2392 2435 2555 2495 ἀλλὰ
2584 2434 2937 2503 πληρῶσαι;
2969 2433 3082 2488 Καὶ
3111 2432 3248 2506 πρὸς
3276 2433 3379 2502 μὲν
3410 2432 3536 2493 τοὺς
3564 2428 3822 2482 ἀποστά-

2218 2543 2318 2589 τας
2347 2526 2502 2579 οὐδὲν
2553 2527 2871 2593 ἐπενεγκεῖν
2925 2526 3008 2581 δεῖ
3054 2526 3239 2579 πλέον.
3296 2524 3419 2579 Τῶν
3465 2521 3522 2577 δὲ
3565 2518 3823 2573 εὐσεῦὡν

2218 2618 2382 2672 ἕνεκα
2402 2660 2418 2685 ,
2454 2620 2549 2673 καὶ
2586 2620 2841 2690 μυεῖσθαι
2874 2621 2968 2674 καὶ
3005 2618 3392 2690 μυπαγωγεῖν
3417 2615 3488 2668 τὰ
3518 2614 3619 2683 τῆς
3647 2613 3820 2684 κάμ’

2219 2725 2312 2772 τος
2346 2710 2449 2763 οὐκ
2504 2710 2775 2777 ἀναξίων,
2817 2711 2949 2782 ῥᾷον
2994 2711 3090 2765 καὶ
3130 2712 3300 2779 σαφὲς
3334 2708 3547 2773 εἰπεῖν,
3581 2707 3662 2757 ὃτι
3721 2701 3824 2755 διὰ
3876 2728 3888 2737 ο

2218 2798 2379 2853 τοῦτο
2412 2801 2489 2872 μὴ
2538 2803 2680 2856 κατὰ
2724 2802 3064 2866 τοὺςπάλαι
3119 2801 3319 2872 νόμους
3367 2793 3819 2865 πολιτευόμεθα,

2219 2891 2356 2957 διότι
2390 2895 2788 2963 παραγεγονὼς
2840 2895 3018 2950 πάντα
3062 2893 3433 2963 πεπλήρωκεν
3478 2892 3507 2944 6
3536 2887 3818 2959 Χριστὸς.

2221 2983 2382 3053 χάριν
2420 2983 2521 3053 μὲν
2552 2986 2675 3039 ἀντὶ
2704 2987 2804 3057 τῆς
2831 2987 2921 3040 διὰ
2945 2987 3190 3048 Μωσέως
3231 2985 3457 3056 χάριτος
3482 2980 3814 3053 παρασχὼν,

2223 3076 2350 3127 ἀντὶ
2376 3074 2432 3128 δὲ
2465 3075 2578 3129 τῶν
2622 3079 2681 3131 ὲν
2712 3080 2825 3142 τοῖς
2867 3079 3046 3148 ἁγίοις
3097 3077 3414 3131 ἀντιτύπων
3441 3076 3634 3143 ἀγίων,
3666 3070 3821 3124 αὑτά

2225 3166 2293 3219 τὰ
2322 3166 2835 3239 προδιατυπούμενα
2855 3170 3028 3237 ἁγίων
3047 3170 3236 3237 Ἅγια,
3262 3162 3339 3222 ὧν
3356 3167 3416 3219 τὸ
3449 3169 3549 3237 μὲν
3574 3162 3818 3223 Παῦλος.

2225 3255 2287 3309 τὺ
2331 3256 2389 3310 δὲ
2438 3257 2693 3329 Ἰωάννης
2747 3259 3015 3329 θεολογῶν
3079 3260 3341 3330 ἑκάτερος
3401 3260 3817 3328 ἀνακέκραγεν.

2229 3346 2395 3399 Ὥστε
2415 3346 2617 3416 μᾶλλον
2632 3346 2749 3413 νῦν,
2772 3349 2911 3411 εῐτις
2936 3348 3086 3401 ὲδίου
3110 3347 3231 3402 κατ’
3262 3346 3535 3409 ἐκείνους,
3564 3343 3821 3414 ἠλέγχετ’

2227 3436 2295 3491 ειν
2341 3438 2706 3509 ἀπαρνεῖσθαι
2754 3437 2992 3509 τολμῶν,
3034 3438 3111 3509 μὴ
3155 3438 3333 3492 πάντα
3377 3434 3825 3506 πεπληρωκέναι

2225 3528 2319 3582 τὸν
2357 3529 2653 3600 πληρωτὴν
2675 3528 2770 3582 τοῦ
2798 3529 2968 3600 νόμου
2992 3528 3253 3598 Χριστόν.
3296 3527 3463 3583 Ἀλλά
3507 3527 3614 3596 γάρ
3644 3527 3824 3577 επαν-

2230 3623 2402 3687 ιτέον,
2453 3621 2574 3675 ὅθεν
2610 3623 2645 3691 η
2674 3621 2769 3674 τοῦ
2820 3620 2982 3690 λόγου
3034 3621 3184 3692 φορά
3223 3620 3362 3692 πρὸς
3403 3619 3468 3673 τὸ
3521 3615 3827 3672 ἀκόλουθον

2227 3716 2584 3785 ἁρμοζομένη
2641 3715 2958 3785 παρήνεγκε
3005 3714 3268 3784 φέρουσα.
3307 3709 3685 3766 Εόλαδεῐσθαι
3730 3707 3827 3760 τὸν

2227 3806 2459 3877 οὐρανὸν
2488 3807 2580 3859 καὶ
2611 3806 2710 3876 τὴν
2740 3807 2844 3875 γῆν
2874 3807 2970 3859 καὶ
3004 3806 3073 3859 τὰ
3130 3806 3519 3877 Ἱεροσόλυμα,
3553 3801 3695 3856 ἀλλὰ
3732 3799 3829 3852 καὶ

2229 3899 2402 3960 αὐτὰς
2444 3898 2543 3961 τὰς
2594 3899 2824 3968 τρίχας,
2871 3900 2900 3951 6
2947 3899 3045 3968 τῆς
3095 3899 3316 3969 χάριτος
3373 3892 3828 3967 παρακελεύεται

2229 3990 2565 4059 νομοθέτης,
2619 3992 2715 4044 καὶ
2755 3990 3041 4055 τοσοῦτον,
3082 3990 3223 4043 ὥστε
3271 3988 3397 4058 μηδ’
3439 3989 3591 4058 ὅρκῳ
3645 3983 3830 4038 ταῦτα

2230 4083 2698 4148 καθυποσάλλειν,
2749 4085 2842 4134 καὶ
2880 4082 2974 4134 τὸν
3022 4082 3120 4151 μὲν
3153 4080 3383 4153 οὐρανὸν
3409 4080 3635 4147 θρόνον
3674 4077 3830 4129 ἁναο

2230 4176 2505 4241 κηρύττει
2525 4173 2632 4227 τοῦ
2664 4173 2835 4237 θεοῦ,
2864 4172 3203 4232 ὑποπόδιον
3229 4170 3298 4224 δὲ
3330 4170 3449 4238 τὴν
3472 4169 3616 4239 γῆν.
3650 4167 3829 4220 Πάλιν

2228 4264 2307 4327 δὲ,
2343 4263 2415 4317 τὰ
2456 4265 2830 4331 Ἰεροσόλυμα
2852 4263 3034 4315 πόλιν
3066 4262 3173 4316 τοῦ
3194 4260 3384 4316 αὐτοῦ
3415 4259 3570 4314 Θεοῦ
3596 4259 3696 4310 καὶ
3728 4272 3830 4325 με·

2232 4353 2421 4424 γάλου
2460 4355 2787 4420 Βασιλέως.
2833 4354 2896 4407 Εί
2934 4351 3029 4408 οὖν
3061 4354 3162 4423 τῆς
3201 4352 3435 4412 κτίσεως
3483 4354 3607 4404 ἐστι
3655 4350 3833 4403 ταῦτα

2234 4445 2330 4498 τοῦ
2363 4446 2571 4513 ἀγαθοῦ
2597 4445 2831 4516 Πατρὸς,
2853 4445 2929 4508 ὡς
2950 4448 2978 4498 6
3000 4446 3183 4499 πάντα
3210 4444 3277 4498 τὰ
3299 4444 3396 4497 τοῦ
3421 4444 3643 4514 Πατρδς
3669 4441 3833 4502 εἰδὼς

542 4539 739 4594 bellum
786 4539 978 4607 pedum
1016 4538 1162 4607 ejus,
1209 4535 1580 4604 Hierosolyma
1622 4544 1801 4588 autem
1858 4537 2124 4589 civitatem

2236 4536 2366 4598 Υἱὸς
2417 4536 2750 4589 ἔδεῦαίωσε·
2796 4536 2912 4598 πῶς
2935 4537 3058 4605 οὐχὶ
3102 4536 3209 4607 πρὸ
3236 4536 3337 4606 τῆς
3369 4537 3516 4589 κατά
3554 4536 3668 4587 τῶν
3714 4550 3831 4587 κτι-

544 4629 780 4699 ejusdem
813 4627 916 4681 Dei
952 4638 1002 4681 et
1034 4628 1221 4697 magni
1272 4626 1433 4695 Regis
1461 4625 1529 4689 ’7,
1566 4625 1825 4693 appellat.
1878 4623 1934 4678 Si
1969 4625 2130 4695 igitur

545 4723 650 4777 ista
681 4721 749 4775 ad
776 4728 1058 4775 creaturas
1093 4718 1221 4773 boni
1246 4715 1425 4771 Patris
1453 4716 1748 4786 pertinent,
1769 4716 1909 4769 sicut
1935 4714 2126 4779 Filius,

544 4813 638 4882 qui
667 4811 873 4875 omnia,
905 4826 1027 4879 qua:
1056 4808 1233 4862 Patris
1265 4815 1429 4867 sunt,
1461 4804 1632 4865 novit,
1664 4804 1969 4867 confirmat,
1992 4820 2127 4873 quo-

546 4904 711 4958 modo
740 4919 852 4957 non
884 4918 983 4972 pro
1012 4916 1097 4966 eo,
1124 4898 1275 4969 quod
1299 4896 1353 4950 in
1375 4904 1657 4950 creaturas
1692 4895 2123 4959 debacchantur,

2245 4626 2466 4693 σμάτων
2498 4625 2707 4694 ὕϐρεως
2736 4628 2858 4678 κατ’
2890 4626 3054 4678 αὐτοῦ
3080 4625 3175 4677 τοῦ
3203 4626 3414 4696 Κυρίου
3446 4626 3608 4697 ἡμῶν
3650 4620 3831 4695 Ἰησοῦ

2240 4715 2479 4785 Χριστοῦ
2510 4719 2603 4769 καὶ
2633 4718 2773 4769 κατὰ
2795 4716 2890 4767 τοῦ
2919 4717 3130 4786 Πατρὸς
3163 4716 3332 4770 αὐτοῦ
3352 4757 3367 4778 ,
3411 4719 3471 4769 ὲν
3499 4710 3545 4784 ᾧ
3582 4733 3728 4785 πονη
3738 4714 3833 4784 ρᾶς

2238 4805 2411 4875 ἀρχῆς
2462 4808 2510 4859 οί
2558 4807 2863 4859 ἀποστάται
2912 4810 3013 4875 τὴν
3050 4807 3231 4861 αὐτῶν
3278 4807 3463 4863 κτίσιν
3507 4807 3831 4877 άναρτῶσι,

2240 4897 2543 4965 μεμηνότες
2569 4897 2666 4965 οὐχ
2698 4896 3038 4961 ἀλίσκονται;

549 5004 603 5057 iu
634 5003 810 5072 ipsum
842 5000 1024 5069 potius
1046 4997 1336 5053 Dominum
1361 5006 1611 5047 nostrum
1641 4990 1829 5045 Jesum
1856 4990 2131 5045 Christum
2171 5000 2230 5045 et
2268 4990 2480 5045 Patrem
2551 4992 2671 5062 ejus
2706 5034 2721 5059 ,
2765 5009 2831 5048 eo
2870 4994 2988 5063 ipso
3013 5032 3029 5057 ,
3076 4992 3225 5064 quod
3297 5003 3567 5063 apostata:
3614 4993 3831 5048 illorum

547 5095 884 5150 creationem
913 5107 945 5146 a
973 5090 1119 5145 malo
1145 5085 1421 5158 principio
1448 5091 1731 5153 repetunt,
1774 5082 1956 5136 furere
1982 5083 2337 5137 existimandi
2364 5091 2514 5137 sunt.

625 5212 694 5245 ’δ’
724 5210 888 5267 Hebr.
919 5224 998 5274 xl,
1030 5207 1084 5261 3.
1125 5206 1174 5239 "
1206 5203 1367 5259 Joan.
1403 5217 1441 5268 ι,
1478 5199 1566 5255 l6.
1641 5201 1686 5231 ³⁷
1719 5197 1910 5253 Matth.
1934 5216 1990 5264 v,
2016 5200 2107 5254 55.

1635 5314 1873 5368 VARUS
1908 5310 2302 5369 LECTIONES
2342 5310 2429 5363 ET
2468 5309 2703 5365 NOTIE.

623 5423 735 5494 (96)
771 5418 1259 5494 Α’ᾼποφαίιροντες
1308 5408 1454 5494 clear.
1496 5409 1599 5467 Ms.
1662 5409 1736 5494 ita
1784 5410 2140 5494 interpunge-

549 5476 894 5561 Ιιειίνείαὺτὴν
920 5476 1188 5558 διαθήκην
1212 5476 1629 5561 ᾇποφαίνοντες.
1660 5476 1807 5561 Εἶεν.
1838 5476 1943 5534 Sed
1966 5476 2142 5561 uerius

550 5549 863 5628 orationis;
898 5549 1080 5630 puto,'
1138 5549 1269 5630 satis
1324 5549 1567 5630 ostendit
1596 5559 1950 5630 postremum
2010 5549 2142 5630 illud

549 5636 778 5689 verbum
810 5620 935 5686 cum
971 5620 1333 5699 antecedente
1358 5622 1648 5699 participio
1688 5620 2138 5699 coniungendum

548 5720 691 5759 esse.
729 5702 843 5757 Hoc
873 5702 994 5755 loco
1030 5712 1257 5752 monere
1291 5692 1377 5749 fas
1413 5694 1485 5747 sit
1522 5706 1608 5744 me
1638 5692 1941 5759 saepissime
1972 5692 2145 5740 inter-

551 5768 1247 5844 punctiouemapographi
1283 5762 1454 5844 nostri
1489 5760 1831 5844 lesteniani
1872 5767 2137 5844 mutasse,

551 5825 721 5899 Etiam
756 5825 868 5897 “ubi
902 5825 1175 5895 illiusurei
1234 5838 1290 5890 in
1341 5832 1488 5890 nolis
1538 5831 1800 5887 indicium
1856 5842 1965 5881 non
2007 5825 2137 5895 feci,

2240 5423 2366 5462 cum
2410 5406 2463 5460 id
2495 5406 2658 5459 nimis
2698 5403 2891 5461 crebro
2924 5406 3037 5461 fieri
3068 5408 3388 5472 debuisset,
3421 5418 3480 5464 et
3510 5407 3835 5465 mutationis

2241 5492 2418 5531 causa:
2447 5474 2969 5547 essentmanifestaa.
3000 5477 3056 5530 Si
3088 5479 3235 5547 quod
3270 5494 3405 5533 vero
3431 5481 3671 5536 dubium
3710 5479 3833 5535 sub-

2242 5548 2375 5600 oriri
2408 5554 2644 5614 poterat,
2677 5544 2731 5597 id
2751 5560 3039 5614 nunquam
3069 5544 3236 5601 tacui.
3372 5564 3377 5567 '

2315 5613 2427 5685 (97)
2466 5613 3049 5685 ΔυσσεᾷοῦντιίΜε.
3105 5618 3301 5671 dividit
3351 5619 3504 5674 hanc
3554 5635 3754 5675 vocem
3785 5618 3832 5669 in

2243 5681 2616 5765 duas,'legens
2677 5681 2970 5767 δυσσεδοῦν
3028 5703 3103 5742 τι.
3152 5688 3581 5767 ῌωρῃᾱοιίυηίε
3633 5699 3832 5746 nostra!

2243 5770 2406 5812 causa
2429 5759 2481 5808 in
2508 5762 2761 5822 promptu
2789 5759 2897 5807 est.
