4022 6402
202 440 314 508 201

1275 439 1572 502 CONTRA
1607 439 2070 502 MANICH/EOS
2116 440 2344 501 LIBER
2381 440 2479 503 IV.

3374 441 3479 507 202

280 554 388 609 lA’.
431 552 503 605 Σὺ
538 551 596 605 δὲ
646 550 743 606 καὶ
798 546 1100 622 βαθύτερον
1124 548 1304 604 αὐτῶν
1332 551 1437 622 τῆς
1476 550 1798 638 δυσσεϐείας

1973 551 2066 607 ΧΙ.
2105 551 2189 608 Tu
2216 568 2348 609 vero
2367 550 2692 607 crassiorem
2724 551 2906 608 adhuc
2929 552 3225 624 impiorum
3260 553 3479 613 illorum

202 646 315 716 ὅρα
345 643 446 716 τὴν
479 641 684 713 τόλμαν
714 641 811 695 καὶ
836 640 937 713 τὴν
983 640 1265 696 ἀπόνοιαν.
1304 641 1409 695 Τὸν
1447 641 1614 713 ἀρτον
1638 643 1672 714 ἡ
1683 642 1799 711 μῶν

203 743 304 796 τὸν
348 738 627 795 ἐπιούσιον
650 779 667 803 ,
721 736 822 807 τὴν
871 738 1145 809 μυστικὴν
1178 737 1291 808 (98)
1333 737 1508 792 τελῶν
1543 739 1674 810 ἡμῖν
1704 737 1800 793 καὶ

209 833 548 907 παραδιδοὺς
598 833 629 886 ὁ
675 831 891 903 Σωτὴρ,
939 831 1108 895 αὐτὸς
1140 830 1240 903 μὲν
1269 832 1420 903 παρὰ
1457 832 1553 886 τοῦ
1585 832 1802 905 Πατρὸς

208 926 385 980 αὑτοῦ
412 923 714 997 προσέταξε
740 923 950 997 ταύτην
978 923 1091 994 (99)
1119 924 1315 978 αίτεῐν.
1347 926 1409 979 Oi
1437 924 1492 980 δὲ
1519 924 1609 979 τὸν
1636 924 1802 998 ἀρτον

208 1024 297 1087 είς
334 1022 434 1092 τὴν
461 1021 737 1092 ὀλέθριον,
779 1021 863 1075 ὅτι
890 1020 988 1074 καὶ
1048 1019 1227 1074 πάντα
1275 1018 1344 1073 τά
1376 1018 1470 1074 ἐπὶ
1520 1022 1623 1093 γῆς
1674 1036 1801 1091 μετ-

208 1116 443 1182 άγουσιν
471 1113 670 1186 ἀρχὴν,
696 1114 792 1168 καὶ
820 1112 1041 1184 τρέφειν
1072 1112 1142 1167 τά
1190 1113 1249 1180 ἐξ
1290 1112 1465 1184 αὐτῆς
1512 1114 1802 1183 τερατολο-

208 1207 374 1276 γοῦσι
397 1207 740 1278 προαχθέντα
766 1204 1017 1277 σώματα.
1042 1204 1201 1259 Οὕτω
1230 1206 1351 1259 κατ’
1375 1205 1547 1275 αὐτῆς
1571 1205 1803 1269 ἀναιδῶς

210 1300 317 1371 τῆς
362 1300 707 1370 Δεσποτικῆς
758 1300 1150 1354 ἐπανίστανται
1205 1299 1448 1370 ἐντολῆς,
1510 1301 1695 1370 φαῦλά
1744 1318 1804 1355 τε

210 1392 472 1459 λέγοντες
496 1392 566 1445 τὰ
601 1389 831 1461 σώματα
861 1392 959 1444 καὶ
989 1389 1196 1460 φαῦλον
1229 1392 1331 1463 τὴν
1362 1392 1594 1464 τροφὴν,
1625 1390 1805 1447 καίτοι

209 1483 514 1556 διαρρήδην
560 1483 653 1536 τοῦ
686 1484 957 1537 Δεσπότου
991 1483 1394 1549 διατάττοντος,
1425 1485 1631 1557 ταύτην
1676 1486 1807 1556 ἡμῖν

212 1574 373 1646 παρὰ
403 1573 499 1626 τού
528 1574 740 1645 Πατρὸς
773 1574 1046 1629 αἰτεῖσθαι
1074 1575 1169 1631 τοῦ
1199 1575 1426 1645 ἀγαθοῦ.
1458 1578 1570 1631 Kal.
1596 1577 1711 1640 πῶς
1742 1577 1808 1631 ἂν

213 1666 306 1736 εἴη
354 1664 585 1731 τούτοις,
622 1665 697 1737 μὴ
728 1665 814 1718 ὅτι
855 1682 921 1734 γε
948 1667 1048 1736 τῆς
1087 1667 1323 1738 ἀληθοῦς
1361 1667 1583 1738 ἐντολὴν
1614 1668 1807 1738 ὁμολο-

215 1756 363 1823 γεῖν,
405 1753 541 1807 ἀλλά
572 1755 678 1808 κᾶν
710 1754 843 1823 γοῦν
882 1757 1127 1827 σχήματι
1156 1757 1328 1826 μύθου
1359 1755 1533 1810 ταῦτα
1583 1756 1809 1811 δυνατὸν

217 1846 548 1914 ὑποϐαλεῖνς
581 1848 723 1901 Ἴσον
751 1845 860 1919 γάρ
897 1850 1013 1903 ἐστι
1044 1848 1310 1919 ῥυσθῆναί
1339 1866 1399 1902 τε
1427 1848 1520 1903 τού
1561 1847 1808 1920 Πονηροῦ

215 1938 514 2002 δυσωπεῖν,
546 1940 641 1993 καὶ
673 1939 882 1994 ἐνοικον
906 1941 1071 1995 αὐτὸν
1097 1940 1281 1995 λαϐεῖν
1322 1940 1475 2011 παρά
1499 1941 1593 1995 τοῦ
1633 1941 1801 2012 Ἅγα-

219 2031 317 2085 θοῦ
375 2030 675 2103 ἐπιζητεῖν.
742 2032 916 2103 Εἴπερ
967 2031 1063 2085 τοῦ
1122 2032 1370 2105 Πονηρού
1436 2031 1706 2104 γεώργιον
1766 2036 1799 2104 η

216 2126 420 2196 τροφὴ,
461 2126 557 2178 καὶ⁵
616 2125 723 2197 μὴν
774 2124 867 2178 ἐπὶ
897 2120 1044 2178 τέλει
1078 2126 1179 2196 τῆς
1224 2126 1393 2196 εύχῆς
1438 2124 1628 2197 ῶσπερ
1671 2125 1804 2179 αὐτὸ

216 2215 383 2270 τοῦτο
412 2210 760 2287 προαναιρῶν
798 2215 900 2287 τὴν
940 2216 1217 2283 ἀσέϐειαν,
1241 2218 1271 2271 ὁ
1309 2216 1403 2271 ἐπὶ
1430 2217 1676 2289 σωτηρίᾳ
1708 2215 1803 2270 τοῦ

220 2310 417 2377 γένους
451 2308 867 2380 παραγεγονὼς,
909 2310 988 2373 είς
1019 2308 1078 2363 ὃν
1109 2309 1209 2381 τὴν
1253 2308 1473 2380 αἴτησιν
1511 2310 1806 2381 ἀναφέρειν

217 2398 325 2470 τῆς
352 2386 575 2472 τροφῆς
592 2401 671 2464 είς
696 2400 787 2454 τὸν
817 2400 983 2455 αὑτὸν
1010 2401 1304 2472 ἀναφέρειν
1331 2402 1426 2455 καὶ
1463 2402 1563 2472 τὴν
1596 2402 1805 2455 ἱκεσίαν

221 2492 503 2557 ἐθέσπισε,
537 2493 606 2545 δι’
632 2488 699 2565 ἧς
729 2493 1061 2565 ρυσθείημεν
1089 2495 1156 2549 ἂν
1193 2493 1289 2548 τοῦ
1324 2495 1594 2566 Πονηροῦ,
1629 2493 1806 2565 δηλῶν

218 2582 301 2643 ὼς
329 2584 357 2635 ὀ
379 2585 645 2654 ῥυόμενος
670 2586 818 2657 ἡμᾶς
850 2586 944 2639 τοῦ
970 2585 1237 2658 Πονηροῦ,
1262 2587 1425 2651 αὑτός
1450 2588 1597 2640 ἐστιν
1618 2588 1646 2640 ὁ
1668 2604 1807 2659 παρ·

170 2740 179 2747 ο
223 2676 369 2745 έχων
401 2677 539 2747 ἡμῖν
578 2676 674 2731 καὶ
717 2677 817 2748 τὴν
850 2678 1170 2750 σωματικὴν
1208 2678 1438 2751 τροφὴν,
1482 2679 1569 2748 ἐφ’
1598 2675 1681 2743 οἷς
1711 2679 1807 2733 καὶ

221 2768 327 2839 τὴν
366 2767 647 2839 βασιλείαν
691 2771 785 2823 καὶ¹
829 2771 928 2840 τὴν
974 2771 1341 2841 δύναμινκαὶ
1380 2770 1479 2842 τὴν
1524 2770 1682 2836 δόξαν
1728 2774 1808 2836 είς

222 2862 357 2925 τοὺς
394 2863 602 2927 αίῶνας
653 2858 793 2918 εἶναι
824 2864 920 2919 καὶ
962 2865 1239 2935 διαμένειν
1278 2866 1306 2918 ὁ
1337 2866 1634 2936 μονογενὴς
1679 2865 1806 2931 Υίὸς

222 2950 322 3005 τοῦ
370 2951 546 3006 ταῦτα
588 2953 951 3026 χαριζομένου
987 2955 1201 3025 Πατρὸς
1236 2955 1566 3021 ἁνεδίδαξεν.
1623 2956 1806 3027 Ὁρᾷς,

226 3046 309 3108 εἰς
338 3040 452 3098 οἷον
501 3044 663 3116 βάθος
710 3049 742 3118 ἡ
790 3049 1099 3103 ἀποστασία
1132 3048 1483 3111 καταδύεται,
1524 3049 1617 3103 καὶ
1662 3050 1739 3112 ὡς
1780 3049 1809 3101 ὀ

226 3134 355 3188 κατ’
387 3136 557 3206 αὐτῆς
581 3137 678 3207 τῆς
706 3138 966 3210 ἀληθείας
994 3140 1150 3209 λόγος
1188 3140 1417 3213 ἐνεργὴς
1439 3140 1535 3209 ὢν,
1573 3141 1670 3195 καὶ
1695 3141 1809 3195 δισ-

224 3228 401 3298 τόμου
456 3228 728 3315 μαχαίρας
776 3231 1339 3306 ἀπάσηςλτομὼτερος
1387 3233 1717 3302 ἐπαφίεται;
1747 3232 1811 3286 Et

1835 1909 1883 1969 B

1899 643 2185 699 audaciam
2213 655 2269 700 et
2302 644 2638 700 dementiam
2670 645 2941 715 perspice.
2990 645 3197 704 Panem
3230 657 3481 703 nostrum

1899 737 2301 807 quotidianum,
2336 738 2618 810 mysticam
2658 738 2821 795 nobis
2857 739 3165 796 orationem
3214 741 3483 803 exhibens

1902 838 1960 886 et
1988 831 2213 886 tradens
2243 830 2521 898 Servatur,
2557 848 2588 887 a
2608 832 2771 889 Patre
2800 848 2901 890 suo
2922 843 3181 905 expetere
3198 836 3382 906 jussit.
3414 836 3484 893 At

1902 923 1978 978 illi
2007 940 2227 995 panem,
2260 924 2403 982 sicut
2451 933 2508 981 et
2536 926 2718 981 omnia
2749 928 3026 983 terrestria
3045 969 3061 995 ,
3104 929 3172 984 ad
3204 931 3486 1000 pernicio—

1904 1031 2025 1072 sum
2057 1017 2306 1074 referunt
2340 1018 2694 1089 principium,
2728 1035 2904 1090 eoque
2930 1036 3163 1093 corpora
3193 1023 3263 1078 ab
3287 1023 3481 1078 eodem

1903 1111 2172 1182 producta
2222 1112 2421 1167 nutriri
2456 1123 2752 1184 nugantur.
2783 1114 2934 1169 Adeo
2971 1115 3322 1186 impudenter
3365 1116 3485 1172 Do-

1905 1202 2111 1259 minico
2135 1218 2195 1259 se
2226 1203 2300 1258 illi
2329 1212 2606 1275 praecepto
2650 1216 2964 1276 opponunt,
2991 1208 3122 1261 dum
3153 1217 3208 1262 et
3250 1224 3483 1278 corpora

1906 1301 1962 1347 et
1991 1292 2173 1347 cibum
2219 1293 2359 1348 mala
2387 1308 2509 1350 esse
2542 1296 2905 1361 contendunt,
2938 1300 3187 1367 quamvis
3221 1299 3481 1355 Dominus

1906 1384 2112 1451 diserte
2140 1386 2437 1455 praecipiat,
2464 1395 2524 1441 ut
2554 1402 2678 1443 eum
2706 1402 2734 1442 a
2767 1389 2914 1445 bono
2939 1390 3099 1446 Patre
3132 1402 3479 1463 expetamus.

1909 1476 1978 1530 At
2021 1477 2297 1547 quomodo
2329 1477 2445 1534 ﬁeri
2488 1488 2700 1548 potest,
2741 1489 2803 1537 ut
2836 1481 2917 1536 illi
2958 1484 3181 1553 quidem
3212 1486 3338 1553 hoc,
3372 1501 3483 1541 non

1908 1568 2110 1635 dicam,
2144 1586 2247 1639 pro
2271 1572 2514 1627 veritatis
2544 1583 2816 1645 praecepto
2847 1573 3107 1641 habeant,
3146 1578 3241 1633 sed
3273 1579 3356 1633 vel
3381 1580 3484 1634 sub

1910 1658 2110 1714 fabulae
2140 1660 2322 1731 specie
2350 1662 2452 1717 ista
2475 1664 2659 1719 animo
2687 1668 3125 1736 repraesentem?
3158 1668 3304 1724 ldem
3335 1671 3483 1725 enim

1913 1752 2017 1807 hoc
2047 1763 2152 1817 est,
2189 1769 2255 1810 ac
2311 1754 2359 1809 si
2410 1766 2706 1812 vereantur
2728 1797 2743 1822 ,
2786 1774 2856 1813 ne
2885 1774 2914 1813 a
2948 1760 3095 1815 malo
3140 1760 3485 1824 liberentur,

1913 1845 2159 1914 adeoque
2187 1863 2217 1901 a
2246 1847 2396 1903 Bono
2420 1858 2715 1919 expetant,
2749 1861 2809 1907 ut
2843 1852 2975 1907 illud
3012 1862 3272 1924 tanquam
3301 1854 3490 1910 dome—

1911 1936 2110 1992 sticum
2144 1938 2432 2010 recipiant.
2473 1940 2531 1995 Si
2557 1942 2702 1997 enim
2725 1942 2885 1998 cibus
2913 1942 3035 1998 Mali
3067 1953 3152 1999 est
3184 1960 3343 2015 opus,
3372 1961 3493 2001 cer-

1912 2039 1966 2085 te
1994 2030 2061 2096 is,
2097 2031 2188 2100 qui
2209 2032 2277 2086 ad
2301 2033 2593 2089 salvandos
2620 2034 2873 2089 homines
2898 2036 3090 2103 venit,
3122 2036 3253 2091 dum
3290 2036 3346 2093 in
3383 2036 3494 2092 fine

1911 2123 2177 2180 orationis
2204 2125 2346 2180 idem
2379 2126 2509 2182 illud
2549 2143 2580 2182 e
2606 2128 2789 2183 medio
2812 2127 2985 2194 tollit,
3009 2129 3077 2184 ad
3111 2130 3387 2197 eumdem,
3419 2131 3487 2185 ad

1910 2232 2073 2287 quem
2106 2234 2299 2288 preces
2331 2236 2427 2291 pro
2452 2220 2575 2277 cibo
2614 2222 2816 2279 deferri
2856 2224 2993 2289 vult,
3026 2224 3331 2281 orationem
3356 2241 3493 2298 quo-

1911 2325 2019 2379 que
2049 2312 2297 2381 praestari
2320 2312 2497 2382 jubet,
2525 2329 2623 2384 per
2643 2329 2806 2384 quam
2837 2330 2869 2371 a
2888 2315 3032 2372 Malo
3054 2316 3385 2373 liberemur:
3408 2318 3495 2373 in—

1912 2403 2102 2459 dicans
2134 2405 2367 2469 scilicet,
2392 2408 2558 2475 quod,
2590 2408 2682 2478 qui
2713 2424 2813 2464 nos
2834 2424 2865 2463 a
2895 2411 3038 2465 malo
3054 2410 3330 2478 liberavit,
3349 2411 3492 2468 idem

1913 2493 2074 2548 nobis
2096 2502 2152 2547 et
2181 2509 2508 2563 corporeum
2560 2497 2744 2552 cibum
2770 2499 3117 2569 suppeditat,
3161 2516 3328 2571 super
3372 2503 3495 2573 qui-

1913 2584 2015 2640 bus
2037 2594 2092 2639 et
2118 2600 2369 2656 regnum,
2401 2595 2456 2642 et
2487 2589 2815 2658 potentiam,
2856 2600 2911 2645 et
2952 2592 3179 2663 gloriam
3214 2594 3269 2648 in
3298 2610 3496 2665 perpcv

1917 2685 2068 2731 tuum
2097 2692 2219 2734 esse
2255 2689 2309 2734 et
2340 2694 2657 2736 mansuram
2688 2698 2906 2753 quoque
2950 2685 3265 2757 unigenitus
3295 2686 3490 2751 Patris,

1914 2769 2006 2838 qui
2041 2769 2144 2825 ista
2177 2771 2402 2843 largitus
2426 2782 2531 2836 est,
2561 2774 2731 2829 Filius
2760 2776 2968 2833 docuit.
3002 2777 3241 2833 Videsne
3268 2778 3322 2833 in
3349 2779 3494 2849 quod

1915 2861 2233 2917 barathrum
2265 2866 2537 2934 apostasia
2564 2882 2622 2921 se
2646 2868 2973 2938 praecipitet,
2994 2878 3049 2924 et
3076 2870 3352 2940 quomodo
3373 2886 3495 2924 ver-

1916 2949 2043 3005 bum
2076 2952 2360 3019 veritatis,
2408 2953 2597 3009 efﬁcax
2660 2955 2874 3012 scilicet
2922 2966 2980 3013 et
3039 2959 3265 3029 ancipiti
3312 2961 3497 3031 gladio

1916 3040 2109 3108 quovis
2136 3044 2534 3111 penetrantius,
2560 3046 2615 3099 in
2641 3060 2766 3102 eum
2788 3050 3102 3119 grassetur?
3128 3049 3185 3105 Si
3222 3052 3345 3124 quis
3368 3068 3498 3108 vero

1918 3145 2115 3200 panem
2157 3133 2538 3204 quotidianum
2594 3136 2794 3193 dixerit
2832 3153 2944 3193 non
2990 3140 3315 3211 simpliciter
3369 3156 3495 3199 eum

1919 3236 2040 3276 esse
2063 3223 2155 3293 qui
2189 3226 2407 3295 corpori
2449 3226 2505 3281 in
2542 3242 2727 3286 escam
2771 3231 3186 3301 suppeditatur,
3232 3235 3330 3290 sed
3370 3251 3496 3291 eum

223 3322 289 3376 δέ
322 3322 414 3375 τὸν
446 3322 725 3377 ἐπιούσιον
767 3323 931 3396 ἄρτον
961 3324 1060 3395 οὐχ
1099 3323 1288 3389 ἁπλῶς
1323 3326 1440 3396 ἐρεῖ
1482 3341 1565 3389 τις
1610 3324 1703 3379 τὸν
1734 3325 1811 3389 είς

1916 3314 2009 3384 qui
2053 3315 2107 3369 in
2164 3331 2363 3387 corpus
2406 3317 2609 3374 Christi
2656 3330 2940 3389 mutatur,
2990 3334 3048 3379 et
3098 3325 3338 3382 animam
3370 3342 3497 3383 cum

190 3462 195 3465 _
227 3414 441 3485 τροφὴν
470 3414 547 3486 τῷ
576 3412 791 3485 σώματι
820 3416 1250 3489 χορηγούμενον,
1277 3416 1393 3471 ἀλλ’
1433 3416 1494 3480 ὃς
1532 3417 1611 3481 είς
1656 3415 1818 3487 σῶμα

232 3507 478 3578 Χριστοῦ
515 3508 843 3578 μεταϐάλλει
870 3508 946 3579 (1)
981 3511 1076 3563 καὶ
1099 3509 1195 3582 τὴν
1212 3508 1390 3581 ψυχὴν
1404 3508 1817 3580 συναγιάζειῖτῷ

230 3597 472 3668 σώματι,
502 3598 656 3653 οὐδὲν
680 3599 903 3654 ἔλαττον
937 3599 1029 3654 διὰ
1053 3602 1151 3671 τῆς
1183 3600 1445 3671 τοιαύτης
1475 3600 1735 3671 θεωρίας,
1767 3600 1818 3652 εί

233 3692 315 3761 μὴ
362 3693 456 3746 καὶ
495 3694 717 3764 μᾶλλον,
750 3696 786 3765 η
820 3694 1046 3749 ἀσέϐεια
1079 3694 1454 3767 στηλιτεύεται
1488 3695 1566 3766 (2)
1595 3695 1689 3773 καὶ.
1721 3693 1820 3767 τὴν

230 3784 476 3857 ἐκτομὴν
497 3786 526 3839 ὁ
555 3785 712 3857 λόγος
741 3789 861 3841 κατ’
890 3787 1056 3843 αὑτοῦ
1080 3789 1333 3860 ἐπιφέρει
1354 3785 1731 3859 ἀδυσώπητον.

308 3879 409 3931 lB’.
442 3878 503 3933 Εί
536 3880 592 3933 δέ
631 3880 726 3934 καὶ
766 3880 889 3933 δυσὶ
919 3880 1130 3952 κυρίοις
1159 3881 1259 3935 οὐκ
1281 3880 1398 3935 ἐστι
1429 3881 1734 3947 δουλεύειν,
1758 3880 1819 3935 τὸ

231 3970 294 4024 δὲ
316 3971 412 4024 τοῦ
438 3971 781 4043 ἀνθρωπίνου
813 3973 1189 4044 συγκρίματος
1214 3973 1373 4045 ήμῶν
1396 3974 1491 4028 an
1519 3974 1585 4046 δὴ
1612 3974 1819 4044 κτίσμα

237 4065 509 4136 ὑπάρχον,
538 4064 615 4130 ὡς
642 4068 676 4137 ἡ
702 4066 926 4120 ἀσέϐεια
950 4065 1226 4139 βούλεται,
1252 4065 1348 4120 τοῦ
1382 4066 1658 4137 Πονηροῦ,
1687 4065 1817 4119 ύπό-

237 4175 424 4211 κειται
447 4159 601 4230 αὐτῷ
631 4160 727 4215 καὶ
758 4159 964 4213 ἄκουσα
989 4161 1083 4214 καὶ
1117 4159 1359 4214 δουλεύει
1386 4159 1462 4223 ὡς
1485 4159 1714 4229 πλάσμα
1741 4156 1819 4229 τῷ

237 4248 533 4315 πλάσαντι,
571 4249 746 4310 οὐδεὶς
790 4250 899 4319 ἀρα
943 4249 1253 4303 δουλεύσειε
1304 4248 1562 4322 καθαρῶς
1604 4249 1681 4321 (5)
1725 4248 1820 4303 καὶ

232 4341 549 4412 ὁλοκλήρως
578 4341 720 4414 Θεῷ.
759 4343 871 4398 Καὶ
922 4343 1003 4407 είς
1042 4342 1210 4413 λῆρον
1255 4344 1440 4407 αὐτοῖς
1467 4342 1536 4397 τὰ
1564 4341 1684 4397 θεῖα
1719 4359 1818 4396 κα-

236 4436 535 4505 ταστρέφει
586 4436 942 4509 κηρύγματα,
980 4437 1098 4504 καὶ,
1126 4435 1173 4490 ὣ
1210 4437 1310 4507 τῆς
1340 4436 1541 4493 ἀτόπου
1586 4436 1814 4507 φρενόςε

238 4528 277 4597 ἡ
312 4527 517 4597 φρικτὴ
553 4529 830 4598 παρουσία
874 4528 967 4582 καὶ
1005 4527 1441 4599 ἐνανθρώπησις,
1494 4529 1589 4581 καὶ
1620 4527 1816 4594 πάντα,

1915 3420 2152 3477 corpore
2179 3409 2485 3466 sanctificat
2507 3451 2521 3477 ,
2554 3428 2665 3468 non
2697 3415 2902 3479 minus,
2934 3416 3041 3474 nisi
3081 3417 3262 3474 adhuc
3300 3420 3493 3490 magis,

1921 3498 2023 3552 hac
2049 3502 2511 3559 commentatione
2550 3502 2805 3575 impietas
2838 3508 3171 3576 confoditur,
3213 3519 3269 3565 et
3313 3525 3498 3567 sermo

1923 3591 2013 3648 hic
2042 3592 2497 3650 immedicabilem
2536 3595 2642 3667 ipsi
2665 3596 2876 3654 cladem
2908 3598 3094 3655 infert.

1992 3882 2111 3937 ΧΠ.
2152 3882 2309 3949 Quod
2352 3884 2397 3940 si
2440 3901 2572 3941 vero
2604 3885 2822 3943 duobus
2860 3887 3099 3945 dominis
3137 3891 3348 3948 servire
3386 3908 3500 3949 non

1919 3976 2069 4042 licet,
2096 3977 2418 4033 substantiae
2436 3994 2566 4034 vero
2597 3980 2851 4036 humana:
2878 3981 3101 4038 dimidia
3131 3998 3281 4054 pars,
3298 3986 3503 4056 quippe

1919 4082 2041 4138 quae
2083 4083 2148 4122 ex
2197 4067 2490 4139 impiorum
2533 4071 2819 4127 hominum
2856 4082 3041 4129 mente
3082 4084 3333 4130 creatura
3367 4078 3499 4131 Mali

1920 4161 2171 4223 exsistit,
2206 4161 2309 4232 ipsi
2349 4163 2489 4219 Malo
2533 4165 2700 4220 etiam
2738 4165 2908 4221 invita
2951 4168 3124 4222 servit
3161 4178 3215 4223 et
3252 4169 3503 4240 subjecta

1918 4264 2005 4310 est
2042 4264 2300 4325 tanquam
2332 4266 2581 4312 creatura
2624 4259 2918 4327 conditori,
2947 4275 3112 4316 nemo
3134 4277 3267 4316 sane
3291 4278 3427 4332 pure
3447 4275 3504 4319 et

1922 4346 2132 4417 integre
2160 4345 2272 4401 Deo
2302 4362 2541 4417 unquam
2582 4348 2887 4403 serviverit.
2920 4349 3072 4404 Adeo
3096 4351 3151 4404 in
3174 4366 3347 4422 nugas
3370 4351 3503 4421 ipsis

1921 4436 2128 4492 abeunt
2149 4437 2337 4493 divina
2370 4439 2641 4508 praeconia
2667 4480 2682 4504 ,
2710 4449 2790 4505 et,
2838 4454 2872 4495 o
2922 4441 3210 4497 hominum
3258 4443 3503 4498 insolen—

1923 4530 2086 4584 tiaml
2135 4530 2253 4599 ipse
2300 4546 2519 4600 quoque
2554 4532 2873 4586 tremendus
2892 4530 3097 4587 Christi
3144 4532 3415 4588 adventus
3447 4544 3505 4588 et

236 4620 344 4673 ὅσα
397 4620 539 4692 ὑπὲρ
593 4622 695 4691 τῆς
749 4619 909 4691 ἡμῶν
961 4621 1235 4691 σωτηρίας
1290 4622 1318 4674 ὁ
1373 4620 1643 4690 δεσπότης
1680 4619 1811 4673 ἑκὼν

1927 4621 2253 4687 incarnatio,
2293 4630 2457 4691 atque
2484 4622 2622 4677 adeo
2647 4623 2862 4689 omnia,
2909 4639 3031 4693 qua:
3062 4639 3161 4693 pro
3188 4624 3364 4678 salute
3394 4639 3501 4677 no-

238 4712 451 4784 ύπέστη
497 4714 589 4768 καὶ
618 4713 965 4779 κατεδέξατο.
1020 4713 1183 4770 Ἀλλά
1218 4713 1283 4768 σὺ
1314 4714 1414 4783 μὲν
1458 4714 1568 4766 τῶν
1611 4712 1821 4784 ἀνθρω-

1928 4724 2041 4770 stra
2074 4713 2342 4768 Dominus
2367 4714 2513 4769 ultro
2555 4714 2817 4770 sustinuit
2857 4724 2913 4771 et
2942 4716 3169 4786 recepit.
3198 4715 3418 4771 Scilicet
3444 4722 3503 4770 tu

1335 4875 2005 4947 VARUELECTIONES
2053 4874 2141 4930 ET
2182 4872 2420 4931 norm.

270 5134 284 5142 .
320 5062 433 5137 (98)
465 5065 804 5142 yvaztgﬁr.
841 5065 1197 5142 Subintellige
1232 5064 1434 5142 εὐχὴν,
1488 5065 1539 5120 id
1568 5072 1663 5142 est
1694 5078 1820 5142 ora-7

1998 5061 2504 5133 (l)Msta6d.1.lst.
2552 5058 2735 5133 innuit
2786 5059 2873 5112 hic
2916 5072 3106 5133 eorum
3142 5053 3504 5133 sententiam,

244 5127 450 5207 tionem
478 5127 840 5199 Dominicam,
872 5154 993 5207 qua:
1036 5127 1168 5193 alias
1201 5127 1520 5207 simpliciter
1548 5134 1681 5207 εὐχὴ
1725 5140 1811 5207 aut

1917 5127 2019 5203 qui
2053 5127 2218 5203 ἄρτον
2246 5133 2523 5207 ἐπιούσιον
2556 5130 2623 5185 de
2648 5138 2993 5207 sacrosancta
3025 5127 3503 5207 Eucharistianin-

244 5206 383 5277 εύχὴ
424 5207 730 5277 Δεσποτικὴ
762 5222 793 5261 a
821 5202 1022 5264 Gracia
1066 5202 1380 5263 doctoribus
1428 5202 1818 5277 vocarriVVSOlct.

245 5276 478 5359 Constat
506 5276 744 5359 alioquin
776 5277 944 5348 εὐχὴν
990 5280 1262 5359 μυστικὴν
1290 5277 1471 5359 vocari
1489 5276 1659 5359 illam
1681 5288 1823 5359 pre:

245 5345 405 5400 candi
441 5344 729 5402 formulam
751 5344 1187 5416 qua's'ace'rdotes
1211 5344 1264 5401 in
1288 5347 1461 5401 veteri
1489 5344 1728 5402 Ecclesia
1755 5344 1823 5397 ad

246 5416 636 5472 sanctiﬁcanda
666 5418 935 5472 elementa
966 5434 1135 5475 sacra:
1165 5434 1336 5473 coenae
1365 5416 1444 5471 uti
1474 5416 1740 5478 solebant,
1770 5423 1826 5468 et

244 5500 370 5558 qua)
396 5503 520 5543 cum
556 5488 671 5556 ipsa
701 5488 972 5558 oratione
1000 5489 1278 5544 Dominica
1307 5486 1564 5558 conjungi
1594 5484 1822 5558 solebat.

246 5556 428 5634 Hujus
458 5558 665 5634 tn_en_tio
690 5557 949 5634 frequens
972 5569 1057 5634 est
1082 5559 1136 5614 in
1164 5556 1424 5634 Liturgiis
1448 5556 1702 5634 (Μῆτίς.-

321 5629 436 5706 ς99)
486 5629 735 5695 Ταύτην.
763 5627 1090 5706 _Legendum
1142 5627 1567 5706 videri—poterat
1611 5627 1822 5706 τούτον,

244 5699 375 5769 quia
417 5694 606 5769 sermo
638 5698 813 5753 estde
840 5694 1009 5769 ἄρτῳ.
1045 5705 1113 5753 At
1142 5694 1372 5755 Photius
1425 5699 1541 5769 haec
1576 5694 1823 5751 scribens

248 5767 506 5845 ὁοεΞιθνίι
551 5769 620 5824 de
650 5767 1002 5845 νοσοτροφῆ,
1042 5785 1162 5838 quae
1191 5770 1257 5824 de
1295 5784 1435 5845 pane
1460 5767 1819 5845 etiauLusur-

249 5834 370 5911 parii
417 5838 584 5911 solet,
640 5848 697 5892 et
740 5838 808 5892 ad
839 5834 1003 5911 hanc,
1045 5834 1198 5894 more
1223 5834 1581 5911 scriptoribus
1618 5834 1819 5892 Graecis

247 5907 511 5977 solemni,
538 5923 840 5979 pronomen
868 5908 1070 5979 ταύτην
1102 5909 1305 5965 retulit.

495 6004 769 6067 Pamon.
814 6007 932 6067 Gn.
972 6002 1100 6065 Cll.

1922 5196 2327 5273 t'erpre'tautur,
2372 5200 2518 5271 quod
2570 5216 2638 5254 ex
2673 5199 2951 5253 veteribus
2997 5208 3053 5252 et
3101 5196 3502 5279 recentioribus

1921 5272 2180 5329 Ecclesiae
2217 5273 2532 5329 doctoribus
2558 5284 2665 5322 non
2700 5270 2791 5323 uni
2820 5284 3138 5329 persuasum
3180 5268 3352 5322 fuisse
3379 5282 3505 5329 per-

1922 5282 2180 5329 Ecclesiat
2217 5282 2532 5329 doctoribus
2558 5284 2665 5322 non
2700 5285 2791 5323 unt
2820 5284 3138 5337 persuasum
3180 5282 3352 5322 tuisse
3379 5282 3503 5336 per-

1922 5344 2198 5409 vulgatum
2223 5353 2325 5398 est.
2349 5342 2483 5396 Vide
2507 5339 2742 5394 Baltbas.
2771 5339 3058 5409 Stolbergii
3074 5339 3503 5403 Diuertationer,

1924 5428 1979 5484 p.
2008 5415 2114 5468 220
2142 5430 2293 5483 seqq.
2773 5479 2785 5490 _
2987 5479 2998 5490 .
3028 5478 3040 5490 .
3227 5479 3239 5491 ο

1998 5485 2074 5554 (2)
2118 5483 2568 5554 ιῑέτηλιιιτεύεξαι.Δ
2595 5478 3136 5554 Refelhtur__sctltcet
3186 5478 3277 5534 btc
3313 5492 3505 5554 eorum

1929 5549 2085 5627 error
2105 5570 2172 5610 ex
2201 5549 2276 5627 eo
2326 5552 2494 5627 quod.
2526 5550 2573 5627 si
2624 5550 2779 5627 panis
2823 5566 2854 5605 a
2886 5549 3026 5604 llan
3057 5560 3221 5615 esset,
3267 5550 3507 5627 optimus

1931 5624 2189 5681 Servator
2210 5618 2415 5693 aliquid
2442 5618 2665 5693 maliad
2695 5635 2809 5675 rem
2834 5630 2942 5693 tam
2972 5629 3216 5675 sanctam
3238 5618 3507 5674 adhiben-

1928 5696 2059 5751 dum
2088 5691 2414 5765 censuisset,
2444 5692 2590 5765 quod
2617 5692 2802 5746 dicere
2828 5691 2983 5765 nefas
3010 5699 3111 5765 est.
3268 5758 3283 5765 _
3449 5755 3460 5765 '

1999 5766 2081 5840 (ὄλ
2105 5762 2415 5840 ,Καθαρῷᾳ
2462 5758 2544 5817 ita
2573 5763 2693 5831 lego
2723 5776 2822 5840 pro
2849 5759 3115 5840 καθαρὸς,
3141 5758 3286 5840 quod
3334 5765 3418 5811 est
3448 5758 3505 5810 in

1925 5832 2032 5895 ms".
2055 5832 2228 5911 quue
2255 5832 2342 5893 vel
2368 5848 2401 5890 a
2432 5842 2709 5905 sequente.
2723 5832 3034 5903 ὁλοκλήρως
3064 5832 3343 5884 astr‘uitur.

2940 5986 2978 6047 7
