  <div class='ocr_page' id='page_1' title='image "/cluster/home/n/w/nwhite01/storage/ocr_20150623/102/hvd.32044012543948/107.png"; bbox 0 0 4014 6408; ppageno 0'>
   <div class='ocr_carea' id='block_1_1' title="bbox 526 420 631 485">
    <p class='ocr_par' dir='ltr' id='par_1_1' title="bbox 526 420 631 485">
     <span class='ocr_line' id='line_1_1' title="bbox 526 420 631 485; baseline -0.01 0"><span class='ocrx_word' id='word_1_1' title='bbox 526 420 631 485; x_wconf 73' lang='grc'><strong>203</strong></span> 
     </span>
    </p>
   </div>
   <div class='ocr_carea' id='block_1_2' title="bbox 1658 396 2625 473">
    <p class='ocr_par' dir='ltr' id='par_1_2' title="bbox 1658 396 2625 473">
     <span class='ocr_line' id='line_1_2' title="bbox 1658 396 2625 473; baseline -0.009 1"><span class='ocrx_word' id='word_1_2' title='bbox 1658 396 1925 473; x_wconf 77' lang='lat' dir='ltr'><strong>PHDTII</strong></span> <span class='ocrx_word' id='word_1_3' title='bbox 1970 404 2479 469; x_wconf 71' lang='lat' dir='ltr'><strong>PATRIARCII/E</strong></span> <span class='ocrx_word' id='word_1_4' title='bbox 2514 405 2625 465; x_wconf 89' lang='lat' dir='ltr'><strong>CP.</strong></span> 
     </span>
    </p>
   </div>
   <div class='ocr_carea' id='block_1_3' title="bbox 3684 344 3899 456">
    <p class='ocr_par' dir='ltr' id='par_1_3' title="bbox 3684 344 3899 456">
     <span class='ocr_line' id='line_1_3' title="bbox 3684 344 3899 456; baseline 0 -93"><span class='ocrx_word' id='word_1_5' title='bbox 3684 388 3790 456; x_wconf 54' lang='grc' dir='ltr'><strong>Μ</strong></span> <span class='ocrx_word' id='word_1_6' title='bbox 3883 344 3899 363; x_wconf 93' lang='grc'><strong>.</strong></span> 
     </span>
    </p>
   </div>
   <div class='ocr_carea' id='block_1_4' title="bbox 526 499 2126 604">
    <p class='ocr_par' dir='ltr' id='par_1_4' title="bbox 526 504 2108 604">
     <span class='ocr_line' id='line_1_4' title="bbox 526 504 2108 604; baseline -0.013 -16"><span class='ocrx_word' id='word_1_7' title='bbox 526 532 770 604; x_wconf 84' lang='lat' dir='ltr'><strong>quidem,</strong></span> <span class='ocrx_word' id='word_1_8' title='bbox 806 530 983 586; x_wconf 88' lang='lat' dir='ltr'><strong>malus</strong></span> <span class='ocrx_word' id='word_1_9' title='bbox 1010 539 1066 585; x_wconf 90' lang='lat' dir='ltr'><strong>et</strong></span> <span class='ocrx_word' id='word_1_10' title='bbox 1093 504 1404 600; x_wconf 83' lang='lat' dir='ltr'><strong>ingratusin</strong></span> <span class='ocrx_word' id='word_1_11' title='bbox 1444 522 1848 581; x_wconf 83' lang='lat' dir='ltr'><strong>benefactorem</strong></span> <span class='ocrx_word' id='word_1_12' title='bbox 1870 517 2108 579; x_wconf 88' lang='lat' dir='ltr'><strong>futurus,</strong></span> 
     </span>
    </p>
   </div>
   <div class='ocr_carea' id='block_1_5' title="bbox 2227 499 3789 604">
    <p class='ocr_par' dir='ltr' id='par_1_5' title="bbox 2227 499 3789 581">
     <span class='ocr_line' id='line_1_5' title="bbox 2227 499 3789 581; baseline -0.006 -15"><span class='ocrx_word' id='word_1_13' title='bbox 2227 513 2386 566; x_wconf 73' lang='grc' dir='ltr'>πίνων</span> <span class='ocrx_word' id='word_1_14' title='bbox 2420 511 2692 581; x_wconf 85' lang='grc' dir='ltr'>σωμάτων</span> <span class='ocrx_word' id='word_1_15' title='bbox 2725 507 2824 578; x_wconf 82' lang='grc' dir='ltr'><strong>τὴν</strong></span> <span class='ocrx_word' id='word_1_16' title='bbox 2857 503 3064 577; x_wconf 81' lang='grc' dir='ltr'>τροφὴν</span> <span class='ocrx_word' id='word_1_17' title='bbox 3100 500 3337 573; x_wconf 86' lang='grc' dir='ltr'>πονηρὸς</span> <span class='ocrx_word' id='word_1_18' title='bbox 3371 499 3463 555; x_wconf 79' lang='grc' dir='ltr'><strong>καὶ</strong></span> <span class='ocrx_word' id='word_1_19' title='bbox 3498 500 3789 574; x_wconf 85' lang='grc' dir='ltr'>ἀχάριστος</span> 
     </span>
    </p>
   </div>
   <div class='ocr_carea' id='block_1_6' title="bbox 528 616 2108 692">
    <p class='ocr_par' dir='ltr' id='par_1_6' title="bbox 528 616 2108 692">
     <span class='ocr_line' id='line_1_6' title="bbox 528 616 2108 692; baseline -0.011 -14"><span class='ocrx_word' id='word_1_20' title='bbox 528 624 710 679; x_wconf 87' lang='lat' dir='ltr'><strong>cibum</strong></span> <span class='ocrx_word' id='word_1_21' title='bbox 737 637 1030 692; x_wconf 86' lang='lat' dir='ltr'><strong>corporum</strong></span> <span class='ocrx_word' id='word_1_22' title='bbox 1065 620 1433 675; x_wconf 89' lang='lat' dir='ltr'><strong>humanorum</strong></span> <span class='ocrx_word' id='word_1_23' title='bbox 1463 616 1689 671; x_wconf 68' lang='lat' dir='ltr'><strong>malitias</strong></span> <span class='ocrx_word' id='word_1_24' title='bbox 1720 619 1962 683; x_wconf 89' lang='lat' dir='ltr'><strong>segetem</strong></span> <span class='ocrx_word' id='word_1_25' title='bbox 1986 622 2108 662; x_wconf 88' lang='lat' dir='ltr'><strong>esse</strong></span> 
     </span>
    </p>
   </div>
   <div class='ocr_carea' id='block_1_7' title="bbox 530 700 2108 779">
    <p class='ocr_par' dir='ltr' id='par_1_7' title="bbox 530 700 2108 779">
     <span class='ocr_line' id='line_1_7' title="bbox 530 700 2108 779; baseline -0.012 -9"><span class='ocrx_word' id='word_1_26' title='bbox 530 715 733 779; x_wconf 79' lang='lat' dir='ltr'><strong>tradis:</strong></span> <span class='ocrx_word' id='word_1_27' title='bbox 786 711 1048 768; x_wconf 88' lang='lat' dir='ltr'><strong>Servator</strong></span> <span class='ocrx_word' id='word_1_28' title='bbox 1088 726 1218 767; x_wconf 84' lang='lat' dir='ltr'><strong>vero</strong></span> <span class='ocrx_word' id='word_1_29' title='bbox 1278 709 1523 763; x_wconf 91' lang='lat' dir='ltr'><strong>omnium</strong></span> <span class='ocrx_word' id='word_1_30' title='bbox 1558 714 1614 761; x_wconf 90' lang='lat' dir='ltr'><strong>et</strong></span> <span class='ocrx_word' id='word_1_31' title='bbox 1666 712 1860 759; x_wconf 89' lang='lat' dir='ltr'><strong>auctor</strong></span> <span class='ocrx_word' id='word_1_32' title='bbox 1884 700 2108 756; x_wconf 83' lang='lat' dir='ltr'><strong>Patrem</strong></span> 
     </span>
    </p>
   </div>
   <div class='ocr_carea' id='block_1_8' title="bbox 530 798 2135 868">
    <p class='ocr_par' dir='ltr' id='par_1_8' title="bbox 530 798 2135 868">
     <span class='ocr_line' id='line_1_8' title="bbox 530 798 2135 868; baseline -0.011 -7"><span class='ocrx_word' id='word_1_33' title='bbox 530 821 693 861; x_wconf 91' lang='lat' dir='ltr'><strong>suum</strong></span> <span class='ocrx_word' id='word_1_34' title='bbox 724 805 1002 859; x_wconf 72' lang='lat' dir='ltr'><strong>cmlestem</strong></span> <span class='ocrx_word' id='word_1_35' title='bbox 1031 817 1095 857; x_wconf 91' lang='lat' dir='ltr'><strong>ac</strong></span> <span class='ocrx_word' id='word_1_36' title='bbox 1135 800 1339 861; x_wconf 88' lang='lat' dir='ltr'><strong>Deum,</strong></span> <span class='ocrx_word' id='word_1_37' title='bbox 1385 798 1545 868; x_wconf 84' lang='lat' dir='ltr'><strong>cujus</strong></span> <span class='ocrx_word' id='word_1_38' title='bbox 1588 810 1815 866; x_wconf 88' lang='lat' dir='ltr'><strong>regnum</strong></span> <span class='ocrx_word' id='word_1_39' title='bbox 1846 807 1949 847; x_wconf 88' lang='lat' dir='ltr'><strong>nos</strong></span> <span class='ocrx_word' id='word_1_40' title='bbox 2000 806 2135 861; x_wconf 73' lang='lat' dir='ltr'><strong>prae</strong></span> 
     </span>
    </p>
   </div>
   <div class='ocr_carea' id='block_1_9' title="bbox 532 881 2112 964">
    <p class='ocr_par' dir='ltr' id='par_1_9' title="bbox 532 881 2112 964">
     <span class='ocr_line' id='line_1_9' title="bbox 532 881 2112 964; baseline -0.011 -13"><span class='ocrx_word' id='word_1_41' title='bbox 532 899 697 951; x_wconf 84' lang='lat' dir='ltr'><strong>rebus</strong></span> <span class='ocrx_word' id='word_1_42' title='bbox 724 893 1003 964; x_wconf 86' lang='lat' dir='ltr'><strong>corporeis</strong></span> <span class='ocrx_word' id='word_1_43' title='bbox 1041 889 1299 946; x_wconf 90' lang='lat' dir='ltr'><strong>omnibus</strong></span> <span class='ocrx_word' id='word_1_44' title='bbox 1327 902 1574 958; x_wconf 65' lang='lat' dir='ltr'><strong>quaerere</strong></span> <span class='ocrx_word' id='word_1_45' title='bbox 1607 885 1785 956; x_wconf 89' lang='lat' dir='ltr'><strong>jubet,</strong></span> <span class='ocrx_word' id='word_1_46' title='bbox 1823 898 1933 937; x_wconf 91' lang='lat' dir='ltr'><strong>non</strong></span> <span class='ocrx_word' id='word_1_47' title='bbox 1968 881 2112 935; x_wconf 91' lang='lat' dir='ltr'><strong>illius</strong></span> 
     </span>
    </p>
   </div>
   <div class='ocr_carea' id='block_1_10' title="bbox 532 975 2111 1055">
    <p class='ocr_par' dir='ltr' id='par_1_10' title="bbox 532 975 2111 1055">
     <span class='ocr_line' id='line_1_10' title="bbox 532 975 2111 1055; baseline -0.012 -11"><span class='ocrx_word' id='word_1_48' title='bbox 532 990 711 1044; x_wconf 92' lang='lat' dir='ltr'><strong>solum</strong></span> <span class='ocrx_word' id='word_1_49' title='bbox 737 986 845 1041; x_wconf 84' lang='lat' dir='ltr'><strong>cibi</strong></span> <span class='ocrx_word' id='word_1_50' title='bbox 867 1001 974 1055; x_wconf 89' lang='lat' dir='ltr'><strong>quo</strong></span> <span class='ocrx_word' id='word_1_51' title='bbox 1003 982 1272 1045; x_wconf 85' lang='lat' dir='ltr'><strong>homines,</strong></span> <span class='ocrx_word' id='word_1_52' title='bbox 1298 980 1392 1036; x_wconf 87' lang='lat' dir='ltr'><strong>sed</strong></span> <span class='ocrx_word' id='word_1_53' title='bbox 1424 989 1479 1034; x_wconf 83' lang='lat' dir='ltr'><strong>et</strong></span> <span class='ocrx_word' id='word_1_54' title='bbox 1500 978 1753 1043; x_wconf 91' lang='lat' dir='ltr'><strong>illorum,</strong></span> <span class='ocrx_word' id='word_1_55' title='bbox 1782 975 1983 1046; x_wconf 87' lang='lat' dir='ltr'><strong>quibus</strong></span> <span class='ocrx_word' id='word_1_56' title='bbox 2015 990 2111 1026; x_wconf 87' lang='lat' dir='ltr'><strong>vo-</strong></span> 
     </span>
    </p>
   </div>
   <div class='ocr_carea' id='block_1_11' title="bbox 533 1077 2112 1142">
    <p class='ocr_par' dir='ltr' id='par_1_11' title="bbox 533 1077 2112 1142">
     <span class='ocr_line' id='line_1_11' title="bbox 533 1077 2112 1142; baseline -0.009 -8"><span class='ocrx_word' id='word_1_57' title='bbox 533 1080 715 1136; x_wconf 91' lang='lat' dir='ltr'><strong>lucres</strong></span> <span class='ocrx_word' id='word_1_58' title='bbox 740 1077 1055 1133; x_wconf 86' lang='lat' dir='ltr'><strong>nutriuntur</strong></span> <span class='ocrx_word' id='word_1_59' title='bbox 1075 1114 1091 1141; x_wconf 95' lang='lat'><strong>,</strong></span> <span class='ocrx_word' id='word_1_60' title='bbox 1127 1082 1407 1128; x_wconf 88' lang='lat' dir='ltr'><strong>auctorem</strong></span> <span class='ocrx_word' id='word_1_61' title='bbox 1436 1082 1492 1127; x_wconf 91' lang='lat' dir='ltr'><strong>et</strong></span> <span class='ocrx_word' id='word_1_62' title='bbox 1532 1077 1943 1142; x_wconf 79' lang='lat' dir='ltr'><strong>procuratorem</strong></span> <span class='ocrx_word' id='word_1_63' title='bbox 1986 1081 2112 1137; x_wconf 90' lang='lat' dir='ltr'><strong>pro-</strong></span> 
     </span>
    </p>
   </div>
   <div class='ocr_carea' id='block_1_12' title="bbox 533 1162 2114 1238">
    <p class='ocr_par' dir='ltr' id='par_1_12' title="bbox 533 1162 2114 1238">
     <span class='ocr_line' id='line_1_12' title="bbox 533 1162 2114 1238; baseline -0.008 -11"><span class='ocrx_word' id='word_1_64' title='bbox 533 1171 771 1227; x_wconf 76' lang='lat' dir='ltr'><strong>nuntiat.</strong></span> <span class='ocrx_word' id='word_1_65' title='bbox 805 1168 871 1223; x_wconf 85' lang='lat' dir='ltr'><strong>Et</strong></span> <span class='ocrx_word' id='word_1_66' title='bbox 903 1165 1180 1238; x_wconf 90' lang='lat' dir='ltr'><strong>quomodo</strong></span> <span class='ocrx_word' id='word_1_67' title='bbox 1220 1180 1353 1221; x_wconf 86' lang='lat' dir='ltr'><strong>sana</strong></span> <span class='ocrx_word' id='word_1_68' title='bbox 1383 1164 1522 1219; x_wconf 85' lang='lat' dir='ltr'><strong>ratio</strong></span> <span class='ocrx_word' id='word_1_69' title='bbox 1548 1163 1758 1234; x_wconf 64' lang='lat' dir='ltr'><strong>qumvis</strong></span> <span class='ocrx_word' id='word_1_70' title='bbox 1796 1162 1902 1216; x_wconf 87' lang='lat' dir='ltr'>illis</span> <span class='ocrx_word' id='word_1_71' title='bbox 1928 1170 2114 1214; x_wconf 78' lang='lat' dir='ltr'><strong>extre-</strong></span> 
     </span>
    </p>
   </div>
   <div class='ocr_carea' id='block_1_13' title="bbox 534 1253 2107 1331">
    <p class='ocr_par' dir='ltr' id='par_1_13' title="bbox 534 1253 2107 1331">
     <span class='ocr_line' id='line_1_13' title="bbox 534 1253 2107 1331; baseline -0.01 -12"><span class='ocrx_word' id='word_1_72' title='bbox 534 1279 639 1319; x_wconf 85' lang='lat' dir='ltr'><strong>mae</strong></span> <span class='ocrx_word' id='word_1_73' title='bbox 664 1260 887 1317; x_wconf 73' lang='lat' dir='ltr'><strong>insania:</strong></span> <span class='ocrx_word' id='word_1_74' title='bbox 912 1273 1103 1331; x_wconf 63' lang='lat' dir='ltr'><strong>paenas</strong></span> <span class='ocrx_word' id='word_1_75' title='bbox 1137 1272 1249 1312; x_wconf 88' lang='lat' dir='ltr'><strong>non</strong></span> <span class='ocrx_word' id='word_1_76' title='bbox 1286 1257 1484 1312; x_wconf 84' lang='lat' dir='ltr'><strong>merito</strong></span> <span class='ocrx_word' id='word_1_77' title='bbox 1517 1255 1749 1326; x_wconf 90' lang='lat' dir='ltr'><strong>irroget,</strong></span> <span class='ocrx_word' id='word_1_78' title='bbox 1786 1254 1879 1324; x_wconf 91' lang='lat' dir='ltr'><strong>qui</strong></span> <span class='ocrx_word' id='word_1_79' title='bbox 1913 1253 2107 1307; x_wconf 78' lang='lat' dir='ltr'><strong>clamo-</strong></span> 
     </span>
    </p>
   </div>
   <div class='ocr_carea' id='block_1_14' title="bbox 536 1344 2117 1409">
    <p class='ocr_par' dir='ltr' id='par_1_14' title="bbox 536 1344 2117 1409">
     <span class='ocr_line' id='line_1_14' title="bbox 536 1344 2117 1409; baseline -0.008 0"><span class='ocrx_word' id='word_1_80' title='bbox 536 1368 624 1409; x_wconf 90' lang='lat' dir='ltr'><strong>res</strong></span> <span class='ocrx_word' id='word_1_81' title='bbox 670 1358 799 1406; x_wconf 78' lang='lat' dir='ltr'><strong>subs</strong></span> <span class='ocrx_word' id='word_1_82' title='bbox 860 1365 984 1405; x_wconf 91' lang='lat' dir='ltr'><strong>cum</strong></span> <span class='ocrx_word' id='word_1_83' title='bbox 1032 1348 1269 1404; x_wconf 88' lang='lat' dir='ltr'><strong>oraculis</strong></span> <span class='ocrx_word' id='word_1_84' title='bbox 1319 1346 1617 1403; x_wconf 85' lang='lat' dir='ltr'><strong>Dominicis</strong></span> <span class='ocrx_word' id='word_1_85' title='bbox 1670 1355 1728 1401; x_wconf 90' lang='lat' dir='ltr'><strong>et</strong></span> <span class='ocrx_word' id='word_1_86' title='bbox 1782 1344 2117 1400; x_wconf 83' lang='lat' dir='ltr'><strong>salutaribus</strong></span> 
     </span>
    </p>
   </div>
   <div class='ocr_carea' id='block_1_15' title="bbox 536 1438 2115 1517">
    <p class='ocr_par' dir='ltr' id='par_1_15' title="bbox 536 1438 2115 1517">
     <span class='ocr_line' id='line_1_15' title="bbox 536 1438 2115 1517; baseline -0.006 -16"><span class='ocrx_word' id='word_1_87' title='bbox 536 1444 897 1517; x_wconf 83' lang='lat' dir='ltr'><strong>permutant?</strong></span> <span class='ocrx_word' id='word_1_88' title='bbox 923 1443 1051 1499; x_wconf 65' lang='lat' dir='ltr'><strong>Haec</strong></span> <span class='ocrx_word' id='word_1_89' title='bbox 1083 1443 1231 1498; x_wconf 91' lang='lat' dir='ltr'><strong>enim</strong></span> <span class='ocrx_word' id='word_1_90' title='bbox 1269 1440 1492 1508; x_wconf 90' lang='lat' dir='ltr'><strong>docent,</strong></span> <span class='ocrx_word' id='word_1_91' title='bbox 1519 1440 1738 1497; x_wconf 88' lang='lat' dir='ltr'><strong>Patrem</strong></span> <span class='ocrx_word' id='word_1_92' title='bbox 1779 1448 2030 1495; x_wconf 88' lang='lat' dir='ltr'><strong>nostrum</strong></span> <span class='ocrx_word' id='word_1_93' title='bbox 2059 1438 2115 1492; x_wconf 91' lang='lat' dir='ltr'><strong>in</strong></span> 
     </span>
    </p>
   </div>
   <div class='ocr_carea' id='block_1_16' title="bbox 536 1532 2116 1606">
    <p class='ocr_par' dir='ltr' id='par_1_16' title="bbox 536 1532 2116 1606">
     <span class='ocr_line' id='line_1_16' title="bbox 536 1532 2116 1606; baseline -0.007 -12"><span class='ocrx_word' id='word_1_94' title='bbox 536 1538 691 1595; x_wconf 68' lang='lat' dir='ltr'><strong>caelis</strong></span> <span class='ocrx_word' id='word_1_95' title='bbox 714 1552 877 1592; x_wconf 92' lang='lat' dir='ltr'><strong>nosse</strong></span> <span class='ocrx_word' id='word_1_96' title='bbox 903 1577 918 1602; x_wconf 92' lang='lat'><strong>,</strong></span> <span class='ocrx_word' id='word_1_97' title='bbox 965 1535 1165 1606; x_wconf 85' lang='lat' dir='ltr'><strong>quibus</strong></span> <span class='ocrx_word' id='word_1_98' title='bbox 1200 1549 1340 1605; x_wconf 89' lang='lat' dir='ltr'><strong>opus</strong></span> <span class='ocrx_word' id='word_1_99' title='bbox 1367 1533 1668 1589; x_wconf 83' lang='lat' dir='ltr'><strong>habeamus</strong></span> <span class='ocrx_word' id='word_1_100' title='bbox 1690 1572 1706 1598; x_wconf 93' lang='lat'><strong>,</strong></span> <span class='ocrx_word' id='word_1_101' title='bbox 1749 1532 1817 1586; x_wconf 91' lang='lat' dir='ltr'><strong>ad</strong></span> <span class='ocrx_word' id='word_1_102' title='bbox 1847 1546 2009 1600; x_wconf 87' lang='lat' dir='ltr'><strong>quem</strong></span> <span class='ocrx_word' id='word_1_103' title='bbox 2062 1537 2116 1583; x_wconf 88' lang='lat' dir='ltr'><strong>et</strong></span> 
     </span>
    </p>
   </div>
   <div class='ocr_carea' id='block_1_17' title="bbox 538 1622 2114 1701">
    <p class='ocr_par' dir='ltr' id='par_1_17' title="bbox 538 1622 2114 1701">
     <span class='ocr_line' id='line_1_17' title="bbox 538 1622 2114 1701; baseline -0.007 -16"><span class='ocrx_word' id='word_1_104' title='bbox 538 1645 730 1701; x_wconf 85' lang='lat' dir='ltr'><strong>preces</strong></span> <span class='ocrx_word' id='word_1_105' title='bbox 751 1628 965 1684; x_wconf 86' lang='lat' dir='ltr'><strong>deferre</strong></span> <span class='ocrx_word' id='word_1_106' title='bbox 977 1626 1117 1697; x_wconf 90' lang='lat' dir='ltr'><strong>jussi</strong></span> <span class='ocrx_word' id='word_1_107' title='bbox 1145 1641 1335 1681; x_wconf 92' lang='lat' dir='ltr'><strong>sumus</strong></span> <span class='ocrx_word' id='word_1_108' title='bbox 1361 1625 1692 1681; x_wconf 88' lang='lat' dir='ltr'><strong>clamantes:</strong></span> <span class='ocrx_word' id='word_1_109' title='bbox 1723 1622 1892 1678; x_wconf 84' lang='lat' dir='ltr'><strong>Pater</strong></span> <span class='ocrx_word' id='word_1_110' title='bbox 1922 1631 2114 1685; x_wconf 78' lang='lat' dir='ltr'><strong>noster,</strong></span> 
     </span>
    </p>
   </div>
   <div class='ocr_carea' id='block_1_18' title="bbox 540 1713 2117 1791">
    <p class='ocr_par' dir='ltr' id='par_1_18' title="bbox 540 1713 2117 1791">
     <span class='ocr_line' id='line_1_18' title="bbox 540 1713 2117 1791; baseline -0.005 -18"><span class='ocrx_word' id='word_1_111' title='bbox 540 1722 629 1791; x_wconf 87' lang='lat' dir='ltr'><strong>qui</strong></span> <span class='ocrx_word' id='word_1_112' title='bbox 651 1737 703 1775; x_wconf 83' lang='lat' dir='ltr'><strong>es</strong></span> <span class='ocrx_word' id='word_1_113' title='bbox 726 1720 779 1774; x_wconf 88' lang='lat' dir='ltr'><strong>in</strong></span> <span class='ocrx_word' id='word_1_114' title='bbox 807 1719 947 1774; x_wconf 68' lang='lat' dir='ltr'><strong>caalis</strong></span> <span class='ocrx_word' id='word_1_115' title='bbox 968 1720 1070 1785; x_wconf 74' lang='lat'><strong>&#39;7‘;</strong></span> <span class='ocrx_word' id='word_1_116' title='bbox 1109 1731 1364 1786; x_wconf 89' lang='lat' dir='ltr'><strong>eumque,</strong></span> <span class='ocrx_word' id='word_1_117' title='bbox 1396 1716 1442 1770; x_wconf 90' lang='lat' dir='ltr'><strong>si</strong></span> <span class='ocrx_word' id='word_1_118' title='bbox 1489 1729 1715 1786; x_wconf 82' lang='lat' dir='ltr'><strong>regnum</strong></span> <span class='ocrx_word' id='word_1_119' title='bbox 1743 1714 1863 1783; x_wconf 88' lang='lat' dir='ltr'><strong>ejus</strong></span> <span class='ocrx_word' id='word_1_120' title='bbox 1890 1713 2117 1782; x_wconf 86' lang='lat' dir='ltr'><strong>ejusque</strong></span> 
     </span>
    </p>
   </div>
   <div class='ocr_carea' id='block_1_19' title="bbox 2209 595 3792 676">
    <p class='ocr_par' dir='ltr' id='par_1_19' title="bbox 2209 595 3792 676">
     <span class='ocr_line' id='line_1_19' title="bbox 2209 595 3792 676; baseline -0.006 -19"><span class='ocrx_word' id='word_1_121' title='bbox 2209 603 2340 676; x_wconf 71' lang='lat' dir='ltr'><strong>stt-29‘.</strong></span> <span class='ocrx_word' id='word_1_122' title='bbox 2372 602 2464 656; x_wconf 90' lang='grc' dir='ltr'><strong>τὸν</strong></span> <span class='ocrx_word' id='word_1_123' title='bbox 2499 602 2799 673; x_wconf 83' lang='grc' dir='ltr'>εὐεργέτην</span> <span class='ocrx_word' id='word_1_124' title='bbox 2828 596 3072 669; x_wconf 83' lang='grc' dir='ltr'>γεγονὼς</span> <span class='ocrx_word' id='word_1_125' title='bbox 3092 637 3107 661; x_wconf 92' lang='grc'><strong>,</strong></span> <span class='ocrx_word' id='word_1_126' title='bbox 3140 595 3409 665; x_wconf 79' lang='grc' dir='ltr'><strong>πονηρίας</strong></span> <span class='ocrx_word' id='word_1_127' title='bbox 3443 595 3792 665; x_wconf 81' lang='grc' dir='ltr'>δογματίζεις</span> 
     </span>
    </p>
   </div>
   <div class='ocr_carea' id='block_1_20' title="bbox 2209 685 3789 768">
    <p class='ocr_par' dir='ltr' id='par_1_20' title="bbox 2209 685 3789 768">
     <span class='ocr_line' id='line_1_20' title="bbox 2209 685 3789 768; baseline -0.006 -19"><span class='ocrx_word' id='word_1_128' title='bbox 2209 695 2509 768; x_wconf 83' lang='grc' dir='ltr'>γεώργιον·</span> <span class='ocrx_word' id='word_1_129' title='bbox 2541 695 2569 747; x_wconf 83' lang='grc' dir='ltr'><strong>ὁ</strong></span> <span class='ocrx_word' id='word_1_130' title='bbox 2600 694 2657 747; x_wconf 84' lang='grc' dir='ltr'>δὲ</span> <span class='ocrx_word' id='word_1_131' title='bbox 2682 693 2872 763; x_wconf 85' lang='grc' dir='ltr'>Σωτὴρ</span> <span class='ocrx_word' id='word_1_132' title='bbox 2900 690 3008 745; x_wconf 89' lang='grc' dir='ltr'><strong>τῶν</strong></span> <span class='ocrx_word' id='word_1_133' title='bbox 3040 691 3178 745; x_wconf 81' lang='grc' dir='ltr'>ὅλων</span> <span class='ocrx_word' id='word_1_134' title='bbox 3220 688 3315 743; x_wconf 74' lang='grc' dir='ltr'>καὶ</span> <span class='ocrx_word' id='word_1_135' title='bbox 3346 686 3689 758; x_wconf 78' lang='grc' dir='ltr'>Δημιουργδς</span> <span class='ocrx_word' id='word_1_136' title='bbox 3726 685 3789 741; x_wconf 80' lang='grc' dir='ltr'><strong>οὐ</strong></span> 
     </span>
    </p>
   </div>
   <div class='ocr_carea' id='block_1_21' title="bbox 2208 777 3788 859">
    <p class='ocr_par' dir='ltr' id='par_1_21' title="bbox 2208 777 3788 859">
     <span class='ocr_line' id='line_1_21' title="bbox 2208 777 3788 859; baseline -0.005 -18"><span class='ocrx_word' id='word_1_137' title='bbox 2208 788 2310 859; x_wconf 83' lang='grc' dir='ltr'>τῆς</span> <span class='ocrx_word' id='word_1_138' title='bbox 2362 784 2713 858; x_wconf 80' lang='grc' dir='ltr'><strong>ἀνθρωπίνης</strong></span> <span class='ocrx_word' id='word_1_139' title='bbox 2762 784 2970 856; x_wconf 81' lang='grc' dir='ltr'><strong>τροφῆς</strong></span> <span class='ocrx_word' id='word_1_140' title='bbox 3014 782 3177 853; x_wconf 91' lang='grc' dir='ltr'>μόνον</span> <span class='ocrx_word' id='word_1_141' title='bbox 3208 782 3300 834; x_wconf 82' lang='grc' dir='ltr'><strong>τὸν</strong></span> <span class='ocrx_word' id='word_1_142' title='bbox 3346 778 3598 851; x_wconf 85' lang='grc' dir='ltr'>οὐράνιον</span> <span class='ocrx_word' id='word_1_143' title='bbox 3626 777 3788 833; x_wconf 84' lang='grc' dir='ltr'>αὐτοῦ</span> 
     </span>
    </p>
   </div>
   <div class='ocr_carea' id='block_1_22' title="bbox 2212 869 3793 951">
    <p class='ocr_par' dir='ltr' id='par_1_22' title="bbox 2212 869 3793 951">
     <span class='ocr_line' id='line_1_22' title="bbox 2212 869 3793 951; baseline -0.007 -16"><span class='ocrx_word' id='word_1_144' title='bbox 2212 880 2433 951; x_wconf 80' lang='grc' dir='ltr'><strong>Πατέρα</strong></span> <span class='ocrx_word' id='word_1_145' title='bbox 2453 879 2547 935; x_wconf 77' lang='grc' dir='ltr'>καὶ</span> <span class='ocrx_word' id='word_1_146' title='bbox 2567 878 2721 944; x_wconf 88' lang='grc' dir='ltr'>Θεὸν,</span> <span class='ocrx_word' id='word_1_147' title='bbox 2747 869 2811 931; x_wconf 77' lang='grc' dir='ltr'><strong>οῦ</strong></span> <span class='ocrx_word' id='word_1_148' title='bbox 2862 876 2963 949; x_wconf 85' lang='grc' dir='ltr'>τὴν</span> <span class='ocrx_word' id='word_1_149' title='bbox 2988 874 3267 946; x_wconf 83' lang='grc' dir='ltr'>βασιλείαν</span> <span class='ocrx_word' id='word_1_150' title='bbox 3293 872 3663 942; x_wconf 82' lang='grc' dir='ltr'>ἐγκελεύεται,</span> <span class='ocrx_word' id='word_1_151' title='bbox 3686 871 3793 944; x_wconf 84' lang='grc' dir='ltr'><strong>πρὸ</strong></span> 
     </span>
    </p>
   </div>
   <div class='ocr_carea' id='block_1_23' title="bbox 2210 964 3795 1043">
    <p class='ocr_par' dir='ltr' id='par_1_23' title="bbox 2210 964 3795 1043">
     <span class='ocr_line' id='line_1_23' title="bbox 2210 964 3795 1043; baseline -0.005 -16"><span class='ocrx_word' id='word_1_152' title='bbox 2210 972 2318 1027; x_wconf 89' lang='grc' dir='ltr'><strong>τῶν</strong></span> <span class='ocrx_word' id='word_1_153' title='bbox 2342 971 2671 1043; x_wconf 72' lang='grc' dir='ltr'><strong>σωματικῶν</strong></span> <span class='ocrx_word' id='word_1_154' title='bbox 2698 970 2980 1035; x_wconf 83' lang='grc' dir='ltr'>ἁπάντων,</span> <span class='ocrx_word' id='word_1_155' title='bbox 3020 968 3168 1040; x_wconf 76' lang='grc' dir='ltr'>ἡμᾶς</span> <span class='ocrx_word' id='word_1_156' title='bbox 3197 966 3500 1038; x_wconf 77' lang='grc' dir='ltr'><strong>ἐπιζητεῖν,</strong></span> <span class='ocrx_word' id='word_1_157' title='bbox 3532 964 3670 1019; x_wconf 88' lang='grc' dir='ltr'><strong>ἀλλά</strong></span> <span class='ocrx_word' id='word_1_158' title='bbox 3700 965 3795 1019; x_wconf 78' lang='grc' dir='ltr'><strong>καὶ</strong></span> 
     </span>
    </p>
   </div>
   <div class='ocr_carea' id='block_1_24' title="bbox 2210 1056 3797 1133">
    <p class='ocr_par' dir='ltr' id='par_1_24' title="bbox 2210 1056 3797 1133">
     <span class='ocr_line' id='line_1_24' title="bbox 2210 1056 3797 1133; baseline -0.005 -16"><span class='ocrx_word' id='word_1_159' title='bbox 2210 1064 2277 1118; x_wconf 81' lang='grc' dir='ltr'>δι’</span> <span class='ocrx_word' id='word_1_160' title='bbox 2302 1057 2379 1119; x_wconf 80' lang='grc' dir='ltr'>ὧν</span> <span class='ocrx_word' id='word_1_161' title='bbox 2414 1064 2486 1119; x_wconf 88' lang='grc' dir='ltr'><strong>τά</strong></span> <span class='ocrx_word' id='word_1_162' title='bbox 2531 1063 2757 1118; x_wconf 90' lang='grc' dir='ltr'>πετεινά</span> <span class='ocrx_word' id='word_1_163' title='bbox 2782 1061 3070 1133; x_wconf 85' lang='grc' dir='ltr'>τρέφεται,</span> <span class='ocrx_word' id='word_1_164' title='bbox 3100 1058 3265 1114; x_wconf 83' lang='grc' dir='ltr'>αὑτὸν</span> <span class='ocrx_word' id='word_1_165' title='bbox 3317 1056 3609 1126; x_wconf 75' lang='grc' dir='ltr'>ἀποφαίνει</span> <span class='ocrx_word' id='word_1_166' title='bbox 3667 1075 3797 1129; x_wconf 82' lang='grc' dir='ltr'><strong>χορ⁶</strong></span> 
     </span>
    </p>
   </div>
   <div class='ocr_carea' id='block_1_25' title="bbox 2210 1149 3797 1228">
    <p class='ocr_par' dir='ltr' id='par_1_25' title="bbox 2210 1149 3797 1228">
     <span class='ocr_line' id='line_1_25' title="bbox 2210 1149 3797 1228; baseline -0.005 -17"><span class='ocrx_word' id='word_1_167' title='bbox 2210 1156 2347 1228; x_wconf 88' lang='grc' dir='ltr'>ηγόν</span> <span class='ocrx_word' id='word_1_168' title='bbox 2373 1173 2432 1210; x_wconf 91' lang='grc' dir='ltr'><strong>τε</strong></span> <span class='ocrx_word' id='word_1_169' title='bbox 2470 1156 2564 1211; x_wconf 77' lang='grc' dir='ltr'>καὶ</span> <span class='ocrx_word' id='word_1_170' title='bbox 2592 1154 2920 1228; x_wconf 87' lang='grc' dir='ltr'>προνοητήν.</span> <span class='ocrx_word' id='word_1_171' title='bbox 2951 1152 3062 1207; x_wconf 85' lang='lat' dir='ltr'><strong>Kal</strong></span> <span class='ocrx_word' id='word_1_172' title='bbox 3086 1151 3203 1215; x_wconf 90' lang='grc' dir='ltr'><strong>πῶς</strong></span> <span class='ocrx_word' id='word_1_173' title='bbox 3219 1150 3320 1204; x_wconf 81' lang='grc' dir='ltr'>οὐκ</span> <span class='ocrx_word' id='word_1_174' title='bbox 3351 1150 3418 1204; x_wconf 81' lang='grc' dir='ltr'>ἂν</span> <span class='ocrx_word' id='word_1_175' title='bbox 3438 1152 3539 1222; x_wconf 80' lang='grc' dir='ltr'><strong>τῆς</strong></span> <span class='ocrx_word' id='word_1_176' title='bbox 3561 1149 3797 1221; x_wconf 89' lang='grc' dir='ltr'>ἐσχάτης</span> 
     </span>
    </p>
   </div>
   <div class='ocr_carea' id='block_1_26' title="bbox 2216 1242 3797 1320">
    <p class='ocr_par' dir='ltr' id='par_1_26' title="bbox 2216 1242 3797 1320">
     <span class='ocr_line' id='line_1_26' title="bbox 2216 1242 3797 1320; baseline -0.004 -17"><span class='ocrx_word' id='word_1_177' title='bbox 2216 1248 2418 1320; x_wconf 88' lang='grc' dir='ltr'>μανίας</span> <span class='ocrx_word' id='word_1_178' title='bbox 2461 1247 2619 1318; x_wconf 86' lang='grc' dir='ltr'>δίκην</span> <span class='ocrx_word' id='word_1_179' title='bbox 2661 1244 3014 1301; x_wconf 81' lang='grc' dir='ltr'>ἀποτιννύναι</span> <span class='ocrx_word' id='word_1_180' title='bbox 3050 1244 3199 1308; x_wconf 77' lang='grc' dir='ltr'>ἅπας</span> <span class='ocrx_word' id='word_1_181' title='bbox 3226 1242 3385 1314; x_wconf 85' lang='grc' dir='ltr'>ὀρθὸς</span> <span class='ocrx_word' id='word_1_182' title='bbox 3415 1242 3797 1314; x_wconf 77' lang='grc' dir='ltr'>ἐπιψηφιεῖται</span> 
     </span>
    </p>
   </div>
   <div class='ocr_carea' id='block_1_27' title="bbox 2212 1334 3799 1411">
    <p class='ocr_par' dir='ltr' id='par_1_27' title="bbox 2212 1334 3799 1411">
     <span class='ocr_line' id='line_1_27' title="bbox 2212 1334 3799 1411; baseline -0.005 -16"><span class='ocrx_word' id='word_1_183' title='bbox 2212 1340 2371 1411; x_wconf 80' lang='grc' dir='ltr'><strong>λόγος</strong></span> <span class='ocrx_word' id='word_1_184' title='bbox 2409 1341 2535 1405; x_wconf 81' lang='grc' dir='ltr'>τοὺς</span> <span class='ocrx_word' id='word_1_185' title='bbox 2572 1338 2673 1403; x_wconf 90' lang='grc' dir='ltr'><strong>τάς</strong></span> <span class='ocrx_word' id='word_1_186' title='bbox 2717 1338 2854 1403; x_wconf 79' lang='grc' dir='ltr'>ἰδίας</span> <span class='ocrx_word' id='word_1_187' title='bbox 2900 1336 3108 1400; x_wconf 78' lang='grc' dir='ltr'>ὑλακάς</span> <span class='ocrx_word' id='word_1_188' title='bbox 3152 1335 3263 1390; x_wconf 90' lang='grc' dir='ltr'><strong>τῶν</strong></span> <span class='ocrx_word' id='word_1_189' title='bbox 3300 1336 3653 1389; x_wconf 79' lang='grc' dir='ltr'>Δεσποτικῶν</span> <span class='ocrx_word' id='word_1_190' title='bbox 3700 1334 3799 1389; x_wconf 74' lang='grc' dir='ltr'>καὶ</span> 
     </span>
    </p>
   </div>
   <div class='ocr_carea' id='block_1_28' title="bbox 2216 1420 3798 1505">
    <p class='ocr_par' dir='ltr' id='par_1_28' title="bbox 2216 1420 3798 1505">
     <span class='ocr_line' id='line_1_28' title="bbox 2216 1420 3798 1505; baseline -0.004 -18"><span class='ocrx_word' id='word_1_191' title='bbox 2216 1420 2502 1505; x_wconf 84' lang='grc' dir='ltr'>σωτηρίων</span> <span class='ocrx_word' id='word_1_192' title='bbox 2531 1430 3070 1502; x_wconf 67' lang='grc' dir='ltr'><strong>ἀπαλλασσομένους</strong></span> <span class='ocrx_word' id='word_1_193' title='bbox 3099 1428 3387 1501; x_wconf 82' lang='grc' dir='ltr'>χρησμῶν,</span> <span class='ocrx_word' id='word_1_194' title='bbox 3418 1427 3478 1482; x_wconf 82' lang='grc' dir='ltr'>ὃν</span> <span class='ocrx_word' id='word_1_195' title='bbox 3500 1427 3798 1500; x_wconf 76' lang='grc' dir='ltr'>διαρρήδην</span> 
     </span>
    </p>
   </div>
   <div class='ocr_carea' id='block_1_29' title="bbox 2216 1511 3800 1593">
    <p class='ocr_par' dir='ltr' id='par_1_29' title="bbox 2216 1511 3800 1593">
     <span class='ocr_line' id='line_1_29' title="bbox 2216 1511 3800 1593; baseline -0.003 -15"><span class='ocrx_word' id='word_1_196' title='bbox 2216 1524 2416 1579; x_wconf 78' lang='grc' dir='ltr'>εἰδέναι</span> <span class='ocrx_word' id='word_1_197' title='bbox 2437 1541 2497 1579; x_wconf 89' lang='grc' dir='ltr'><strong>τε</strong></span> <span class='ocrx_word' id='word_1_198' title='bbox 2520 1523 2613 1577; x_wconf 87' lang='grc' dir='ltr'><strong>τὸν</strong></span> <span class='ocrx_word' id='word_1_199' title='bbox 2644 1526 2701 1579; x_wconf 89' lang='grc' dir='ltr'><strong>ἐν</strong></span> <span class='ocrx_word' id='word_1_200' title='bbox 2734 1523 2988 1593; x_wconf 83' lang='grc' dir='ltr'>οὐρανοῖς</span> <span class='ocrx_word' id='word_1_201' title='bbox 3030 1520 3252 1593; x_wconf 85' lang='grc' dir='ltr'>Πατέρα</span> <span class='ocrx_word' id='word_1_202' title='bbox 3284 1518 3466 1590; x_wconf 79' lang='grc' dir='ltr'>ἡμῶν,</span> <span class='ocrx_word' id='word_1_203' title='bbox 3503 1511 3579 1574; x_wconf 82' lang='grc' dir='ltr'>ὧν</span> <span class='ocrx_word' id='word_1_204' title='bbox 3610 1520 3800 1591; x_wconf 87' lang='grc' dir='ltr'>χρείαν</span> 
     </span>
    </p>
   </div>
   <div class='ocr_carea' id='block_1_30' title="bbox 2215 1611 3802 1689">
    <p class='ocr_par' dir='ltr' id='par_1_30' title="bbox 2215 1611 3802 1689">
     <span class='ocr_line' id='line_1_30' title="bbox 2215 1611 3802 1689; baseline -0.004 -18"><span class='ocrx_word' id='word_1_205' title='bbox 2215 1617 2436 1689; x_wconf 74' lang='grc' dir='ltr'>ἔχομεν,</span> <span class='ocrx_word' id='word_1_206' title='bbox 2467 1615 2605 1687; x_wconf 89' lang='grc' dir='ltr'>πρὸς</span> <span class='ocrx_word' id='word_1_207' title='bbox 2634 1616 2695 1670; x_wconf 82' lang='grc' dir='ltr'>ὃν</span> <span class='ocrx_word' id='word_1_208' title='bbox 2726 1613 2823 1670; x_wconf 79' lang='grc' dir='ltr'>καὶ</span> <span class='ocrx_word' id='word_1_209' title='bbox 2854 1613 2954 1685; x_wconf 83' lang='grc' dir='ltr'>τὴν</span> <span class='ocrx_word' id='word_1_210' title='bbox 2983 1612 3151 1684; x_wconf 80' lang='grc' dir='ltr'>εὐχὴν</span> <span class='ocrx_word' id='word_1_211' title='bbox 3184 1612 3488 1667; x_wconf 87' lang='grc' dir='ltr'>ἀνατείνειν</span> <span class='ocrx_word' id='word_1_212' title='bbox 3518 1611 3802 1683; x_wconf 84' lang='grc' dir='ltr'>ἐδιδάχθη-</span> 
     </span>
    </p>
   </div>
   <div class='ocr_carea' id='block_1_31' title="bbox 2218 1702 3801 1780">
    <p class='ocr_par' dir='ltr' id='par_1_31' title="bbox 2218 1702 3801 1780">
     <span class='ocr_line' id='line_1_31' title="bbox 2218 1702 3801 1780; baseline -0.004 -18"><span class='ocrx_word' id='word_1_213' title='bbox 2218 1725 2340 1780; x_wconf 86' lang='grc' dir='ltr'>μεν,</span> <span class='ocrx_word' id='word_1_214' title='bbox 2380 1706 2571 1776; x_wconf 80' lang='grc' dir='ltr'>Πάτερ</span> <span class='ocrx_word' id='word_1_215' title='bbox 2610 1704 2799 1775; x_wconf 77' lang='grc' dir='ltr'>ήμῶν,</span> <span class='ocrx_word' id='word_1_216' title='bbox 2836 1703 3261 1777; x_wconf 74' lang='grc' dir='ltr'>ἀνακράζοντες.</span> <span class='ocrx_word' id='word_1_217' title='bbox 3296 1706 3330 1758; x_wconf 84' lang='grc' dir='ltr'><em>ὀ</em></span> <span class='ocrx_word' id='word_1_218' title='bbox 3355 1703 3426 1758; x_wconf 78' lang='grc' dir='ltr'>ἐν</span> <span class='ocrx_word' id='word_1_219' title='bbox 3458 1702 3586 1770; x_wconf 83' lang='grc' dir='ltr'>τοῖς</span> <span class='ocrx_word' id='word_1_220' title='bbox 3623 1704 3801 1771; x_wconf 85' lang='grc' dir='ltr'>οὐρα-</span> 
     </span>
    </p>
   </div>
   <div class='ocr_carea' id='block_1_32' title="bbox 537 1793 2126 1880">
    <p class='ocr_par' dir='ltr' id='par_1_32' title="bbox 537 1803 2115 1880">
     <span class='ocr_line' id='line_1_32' title="bbox 537 1803 2115 1880; baseline -0.006 -16"><span class='ocrx_word' id='word_1_221' title='bbox 537 1811 808 1880; x_wconf 86' lang='lat' dir='ltr'><strong>justitiam</strong></span> <span class='ocrx_word' id='word_1_222' title='bbox 838 1822 1179 1879; x_wconf 65' lang='lat' dir='ltr'><strong>quazramus,</strong></span> <span class='ocrx_word' id='word_1_223' title='bbox 1208 1806 1499 1871; x_wconf 90' lang='lat' dir='ltr'><strong>nuntiant,</strong></span> <span class='ocrx_word' id='word_1_224' title='bbox 1552 1820 1662 1858; x_wconf 92' lang='lat' dir='ltr'><strong>non</strong></span> <span class='ocrx_word' id='word_1_225' title='bbox 1704 1803 1881 1859; x_wconf 89' lang='lat' dir='ltr'><strong>solum</strong></span> <span class='ocrx_word' id='word_1_226' title='bbox 1933 1803 2115 1857; x_wconf 77' lang='lat' dir='ltr'><strong>cibum</strong></span> 
     </span>
    </p>
   </div>
   <div class='ocr_carea' id='block_1_33' title="bbox 2227 1793 3801 1880">
    <p class='ocr_par' dir='ltr' id='par_1_33' title="bbox 2227 1793 3801 1870">
     <span class='ocr_line' id='line_1_33' title="bbox 2227 1793 3801 1870; baseline -0.004 -16"><span class='ocrx_word' id='word_1_227' title='bbox 2227 1800 2374 1868; x_wconf 78' lang='grc' dir='ltr'>νοῒς,</span> <span class='ocrx_word' id='word_1_228' title='bbox 2402 1800 2495 1854; x_wconf 81' lang='grc' dir='ltr'>καὶ</span> <span class='ocrx_word' id='word_1_229' title='bbox 2518 1800 2577 1852; x_wconf 90' lang='grc' dir='ltr'><strong>ἐν</strong></span> <span class='ocrx_word' id='word_1_230' title='bbox 2601 1798 2677 1870; x_wconf 84' lang='grc' dir='ltr'><strong>τῷ</strong></span> <span class='ocrx_word' id='word_1_231' title='bbox 2706 1798 2888 1869; x_wconf 75' lang='grc' dir='ltr'>ζητεῖν</span> <span class='ocrx_word' id='word_1_232' title='bbox 2922 1798 3022 1869; x_wconf 87' lang='grc' dir='ltr'><strong>τὴν</strong></span> <span class='ocrx_word' id='word_1_233' title='bbox 3054 1796 3336 1867; x_wconf 85' lang='grc' dir='ltr'>βασιλείαν</span> <span class='ocrx_word' id='word_1_234' title='bbox 3370 1793 3534 1849; x_wconf 74' lang='grc' dir='ltr'>αὐτοῦ</span> <span class='ocrx_word' id='word_1_235' title='bbox 3567 1796 3664 1849; x_wconf 79' lang='grc' dir='ltr'><strong>καὶ</strong></span> <span class='ocrx_word' id='word_1_236' title='bbox 3701 1795 3801 1867; x_wconf 88' lang='grc' dir='ltr'><strong>τὴν</strong></span> 
     </span>
    </p>
   </div>
   <div class='ocr_carea' id='block_1_34' title="bbox 542 1875 2126 1971">
    <p class='ocr_par' dir='ltr' id='par_1_34' title="bbox 542 1888 2119 1971">
     <span class='ocr_line' id='line_1_34' title="bbox 542 1888 2119 1971; baseline -0.006 -15"><span class='ocrx_word' id='word_1_237' title='bbox 542 1902 702 1956; x_wconf 91' lang='lat' dir='ltr'><strong>nobis</strong></span> <span class='ocrx_word' id='word_1_238' title='bbox 730 1901 997 1971; x_wconf 76' lang='lat' dir='ltr'><strong>praebere,</strong></span> <span class='ocrx_word' id='word_1_239' title='bbox 1033 1899 1127 1954; x_wconf 90' lang='lat' dir='ltr'><strong>sed</strong></span> <span class='ocrx_word' id='word_1_240' title='bbox 1156 1909 1213 1953; x_wconf 92' lang='lat' dir='ltr'><strong>et</strong></span> <span class='ocrx_word' id='word_1_241' title='bbox 1234 1896 1415 1953; x_wconf 91' lang='lat' dir='ltr'><strong>omnia</strong></span> <span class='ocrx_word' id='word_1_242' title='bbox 1445 1888 1675 1965; x_wconf 89' lang='lat' dir='ltr'><strong>reliqua,</strong></span> <span class='ocrx_word' id='word_1_243' title='bbox 1705 1909 1806 1965; x_wconf 89' lang='lat' dir='ltr'><strong>per</strong></span> <span class='ocrx_word' id='word_1_244' title='bbox 1834 1909 1955 1964; x_wconf 78' lang='lat' dir='ltr'><strong>quae</strong></span> <span class='ocrx_word' id='word_1_245' title='bbox 1992 1908 2119 1948; x_wconf 88' lang='lat' dir='ltr'><strong>cor-</strong></span> 
     </span>
    </p>
   </div>
   <div class='ocr_carea' id='block_1_35' title="bbox 2227 1875 3802 1971">
    <p class='ocr_par' dir='ltr' id='par_1_35' title="bbox 2227 1887 3802 1961">
     <span class='ocr_line' id='line_1_35' title="bbox 2227 1887 3802 1961; baseline -0.001 -18"><span class='ocrx_word' id='word_1_246' title='bbox 2227 1889 2566 1961; x_wconf 81' lang='grc' dir='ltr'>δικαιοσύνην</span> <span class='ocrx_word' id='word_1_247' title='bbox 2603 1888 2790 1953; x_wconf 77' lang='grc' dir='ltr'>αὐτοῦ,</span> <span class='ocrx_word' id='word_1_248' title='bbox 2826 1888 2889 1942; x_wconf 86' lang='grc' dir='ltr'><strong>οὑ</strong></span> <span class='ocrx_word' id='word_1_249' title='bbox 2924 1887 3023 1959; x_wconf 84' lang='grc' dir='ltr'>τὴν</span> <span class='ocrx_word' id='word_1_250' title='bbox 3055 1888 3260 1959; x_wconf 78' lang='grc' dir='ltr'>τροφὴν</span> <span class='ocrx_word' id='word_1_251' title='bbox 3288 1888 3600 1959; x_wconf 87' lang='grc' dir='ltr'>παρέχοντα</span> <span class='ocrx_word' id='word_1_252' title='bbox 3639 1888 3802 1958; x_wconf 83' lang='grc' dir='ltr'>μόνον</span> 
     </span>
    </p>
   </div>
   <div class='ocr_carea' id='block_1_36' title="bbox 542 1987 2121 2062">
    <p class='ocr_par' dir='ltr' id='par_1_36' title="bbox 542 1987 2121 2062">
     <span class='ocr_line' id='line_1_36' title="bbox 542 1987 2121 2062; baseline -0.004 -14"><span class='ocrx_word' id='word_1_253' title='bbox 542 2008 647 2062; x_wconf 90' lang='lat' dir='ltr'><strong>pus</strong></span> <span class='ocrx_word' id='word_1_254' title='bbox 668 2003 909 2058; x_wconf 92' lang='lat' dir='ltr'><strong>curatur,</strong></span> <span class='ocrx_word' id='word_1_255' title='bbox 935 2007 1037 2047; x_wconf 89' lang='lat' dir='ltr'><strong>nec</strong></span> <span class='ocrx_word' id='word_1_256' title='bbox 1053 2007 1115 2047; x_wconf 89' lang='lat' dir='ltr'><strong>ea</strong></span> <span class='ocrx_word' id='word_1_257' title='bbox 1138 1990 1334 2055; x_wconf 87' lang='lat' dir='ltr'><strong>solum,</strong></span> <span class='ocrx_word' id='word_1_258' title='bbox 1352 2005 1472 2059; x_wconf 81' lang='lat' dir='ltr'><strong>qua-</strong></span> <span class='ocrx_word' id='word_1_259' title='bbox 1486 1988 1548 2043; x_wconf 89' lang='lat' dir='ltr'><strong>ad</strong></span> <span class='ocrx_word' id='word_1_260' title='bbox 1569 1987 1939 2043; x_wconf 89' lang='lat' dir='ltr'><strong>necessarium</strong></span> <span class='ocrx_word' id='word_1_261' title='bbox 1963 2001 2121 2041; x_wconf 91' lang='lat' dir='ltr'><strong>usum</strong></span> 
     </span>
    </p>
   </div>
   <div class='ocr_carea' id='block_1_37' title="bbox 546 2077 2125 2153">
    <p class='ocr_par' dir='ltr' id='par_1_37' title="bbox 546 2077 2125 2153">
     <span class='ocr_line' id='line_1_37' title="bbox 546 2077 2125 2153; baseline -0.004 -14"><span class='ocrx_word' id='word_1_262' title='bbox 546 2086 827 2141; x_wconf 86' lang='lat' dir='ltr'><strong>hominum</strong></span> <span class='ocrx_word' id='word_1_263' title='bbox 854 2086 1168 2151; x_wconf 87' lang='lat' dir='ltr'><strong>conferunt,</strong></span> <span class='ocrx_word' id='word_1_264' title='bbox 1186 2084 1280 2140; x_wconf 89' lang='lat' dir='ltr'><strong>sed</strong></span> <span class='ocrx_word' id='word_1_265' title='bbox 1301 2095 1355 2139; x_wconf 90' lang='lat' dir='ltr'><strong>et</strong></span> <span class='ocrx_word' id='word_1_266' title='bbox 1399 2098 1519 2153; x_wconf 74' lang='lat' dir='ltr'><strong>qua:</strong></span> <span class='ocrx_word' id='word_1_267' title='bbox 1541 2080 1844 2137; x_wconf 89' lang='lat' dir='ltr'><strong>secundum</strong></span> <span class='ocrx_word' id='word_1_268' title='bbox 1871 2081 1981 2135; x_wconf 94' lang='lat' dir='ltr'><strong>imo</strong></span> <span class='ocrx_word' id='word_1_269' title='bbox 2004 2077 2125 2134; x_wconf 90' lang='lat' dir='ltr'><strong>ulti-</strong></span> 
     </span>
    </p>
   </div>
   <div class='ocr_carea' id='block_1_38' title="bbox 545 2172 2126 2246">
    <p class='ocr_par' dir='ltr' id='par_1_38' title="bbox 545 2172 2126 2246">
     <span class='ocr_line' id='line_1_38' title="bbox 545 2172 2126 2246; baseline -0.003 -15"><span class='ocrx_word' id='word_1_270' title='bbox 545 2192 696 2231; x_wconf 88' lang='lat' dir='ltr'><strong>mum</strong></span> <span class='ocrx_word' id='word_1_271' title='bbox 711 2175 886 2230; x_wconf 92' lang='lat' dir='ltr'><strong>locum</strong></span> <span class='ocrx_word' id='word_1_272' title='bbox 901 2174 1406 2246; x_wconf 71' lang='lat' dir='ltr'><strong>occupant,,habitu</strong></span> <span class='ocrx_word' id='word_1_273' title='bbox 1432 2188 1532 2229; x_wconf 91' lang='lat' dir='ltr'><strong>suo</strong></span> <span class='ocrx_word' id='word_1_274' title='bbox 1544 2173 1782 2228; x_wconf 87' lang='lat' dir='ltr'><strong>naturali</strong></span> <span class='ocrx_word' id='word_1_275' title='bbox 1802 2172 2126 2227; x_wconf 82' lang='lat' dir='ltr'><strong>lnstruxisse</strong></span> 
     </span>
    </p>
   </div>
   <div class='ocr_carea' id='block_1_39' title="bbox 546 2260 2127 2333">
    <p class='ocr_par' dir='ltr' id='par_1_39' title="bbox 546 2260 2127 2333">
     <span class='ocr_line' id='line_1_39' title="bbox 546 2260 2127 2333; baseline -0.005 -13"><span class='ocrx_word' id='word_1_276' title='bbox 546 2275 603 2320; x_wconf 90' lang='lat' dir='ltr'><strong>et</strong></span> <span class='ocrx_word' id='word_1_277' title='bbox 630 2264 852 2319; x_wconf 90' lang='lat' dir='ltr'><strong>aluisse.</strong></span> <span class='ocrx_word' id='word_1_278' title='bbox 879 2263 1224 2320; x_wconf 74' lang='lat' dir='ltr'><strong>Considerate</strong></span> <span class='ocrx_word' id='word_1_279' title='bbox 1255 2264 1413 2328; x_wconf 88' lang='lat' dir='ltr'><strong>enim,</strong></span> <span class='ocrx_word' id='word_1_280' title='bbox 1453 2262 1650 2333; x_wconf 89' lang='lat' dir='ltr'><strong>inquit,</strong></span> <span class='ocrx_word' id='word_1_281' title='bbox 1680 2261 1796 2315; x_wconf 89' lang='lat' dir='ltr'><strong>lilia</strong></span> <span class='ocrx_word' id='word_1_282' title='bbox 1830 2260 1969 2331; x_wconf 85' lang='lat' dir='ltr'><strong>agri,</strong></span> <span class='ocrx_word' id='word_1_283' title='bbox 1997 2275 2127 2331; x_wconf 85' lang='lat' dir='ltr'><strong>quo-</strong></span> 
     </span>
    </p>
   </div>
   <div class='ocr_carea' id='block_1_40' title="bbox 547 2347 2127 2423">
    <p class='ocr_par' dir='ltr' id='par_1_40' title="bbox 547 2347 2127 2423">
     <span class='ocr_line' id='line_1_40' title="bbox 547 2347 2127 2423; baseline -0.004 -14"><span class='ocrx_word' id='word_1_284' title='bbox 547 2356 700 2409; x_wconf 87' lang='lat' dir='ltr'><strong>modo</strong></span> <span class='ocrx_word' id='word_1_285' title='bbox 729 2364 1005 2409; x_wconf 86' lang='lat' dir='ltr'><strong>crescant:</strong></span> <span class='ocrx_word' id='word_1_286' title='bbox 1037 2370 1141 2408; x_wconf 86' lang='lat' dir='ltr'><strong>non</strong></span> <span class='ocrx_word' id='word_1_287' title='bbox 1184 2353 1449 2415; x_wconf 77' lang='lat' dir='ltr'><strong>laborant,</strong></span> <span class='ocrx_word' id='word_1_288' title='bbox 1486 2368 1649 2423; x_wconf 87' lang='lat' dir='ltr'><strong>neque</strong></span> <span class='ocrx_word' id='word_1_289' title='bbox 1681 2360 1803 2405; x_wconf 84' lang='lat' dir='ltr'><strong>nent</strong></span> <span class='ocrx_word' id='word_1_290' title='bbox 1829 2350 1896 2405; x_wconf 68' lang='grc'><strong>⁸⁸.</strong></span> <span class='ocrx_word' id='word_1_291' title='bbox 1939 2347 2127 2419; x_wconf 87' lang='lat' dir='ltr'><strong>Neque</strong></span> 
     </span>
    </p>
   </div>
   <div class='ocr_carea' id='block_1_41' title="bbox 550 2440 2128 2515">
    <p class='ocr_par' dir='ltr' id='par_1_41' title="bbox 550 2440 2128 2515">
     <span class='ocr_line' id='line_1_41' title="bbox 550 2440 2128 2515; baseline -0.003 -16"><span class='ocrx_word' id='word_1_292' title='bbox 550 2447 665 2499; x_wconf 55' lang='lat' dir='ltr'><strong>hac</strong></span> <span class='ocrx_word' id='word_1_293' title='bbox 703 2445 901 2509; x_wconf 92' lang='lat' dir='ltr'><strong>solum,</strong></span> <span class='ocrx_word' id='word_1_294' title='bbox 953 2445 1051 2499; x_wconf 90' lang='lat' dir='ltr'><strong>sed</strong></span> <span class='ocrx_word' id='word_1_295' title='bbox 1082 2454 1136 2499; x_wconf 86' lang='lat' dir='ltr'><strong>et</strong></span> <span class='ocrx_word' id='word_1_296' title='bbox 1166 2444 1343 2515; x_wconf 92' lang='lat' dir='ltr'><strong>ipsum</strong></span> <span class='ocrx_word' id='word_1_297' title='bbox 1377 2443 1513 2497; x_wconf 88' lang='lat' dir='ltr'><strong>adeo</strong></span> <span class='ocrx_word' id='word_1_298' title='bbox 1564 2442 1678 2513; x_wconf 84' lang='lat' dir='ltr'><strong>agri</strong></span> <span class='ocrx_word' id='word_1_299' title='bbox 1712 2454 1959 2514; x_wconf 89' lang='lat' dir='ltr'><strong>gramen,</strong></span> <span class='ocrx_word' id='word_1_300' title='bbox 1982 2440 2128 2511; x_wconf 93' lang='lat' dir='ltr'><strong>quod</strong></span> 
     </span>
    </p>
   </div>
   <div class='ocr_carea' id='block_1_42' title="bbox 552 2532 2130 2601">
    <p class='ocr_par' dir='ltr' id='par_1_42' title="bbox 552 2532 2130 2601">
     <span class='ocr_line' id='line_1_42' title="bbox 552 2532 2130 2601; baseline -0.001 -12"><span class='ocrx_word' id='word_1_301' title='bbox 552 2536 712 2590; x_wconf 87' lang='lat' dir='ltr'><strong>hodie</strong></span> <span class='ocrx_word' id='word_1_302' title='bbox 770 2536 1003 2601; x_wconf 83' lang='lat' dir='ltr'><strong>exsistit,</strong></span> <span class='ocrx_word' id='word_1_303' title='bbox 1060 2544 1117 2591; x_wconf 91' lang='lat' dir='ltr'><strong>et</strong></span> <span class='ocrx_word' id='word_1_304' title='bbox 1167 2550 1290 2590; x_wconf 90' lang='lat' dir='ltr'><strong>cras</strong></span> <span class='ocrx_word' id='word_1_305' title='bbox 1336 2534 1390 2589; x_wconf 90' lang='lat' dir='ltr'><strong>in</strong></span> <span class='ocrx_word' id='word_1_306' title='bbox 1423 2534 1702 2589; x_wconf 84' lang='lat' dir='ltr'><strong>fornacem</strong></span> <span class='ocrx_word' id='word_1_307' title='bbox 1750 2533 2007 2588; x_wconf 88' lang='lat' dir='ltr'><strong>mittitur.</strong></span> <span class='ocrx_word' id='word_1_308' title='bbox 2040 2532 2130 2587; x_wconf 90' lang='lat' dir='ltr'><strong>Ait</strong></span> 
     </span>
    </p>
   </div>
   <div class='ocr_carea' id='block_1_43' title="bbox 549 2624 2129 2697">
    <p class='ocr_par' dir='ltr' id='par_1_43' title="bbox 549 2624 2129 2697">
     <span class='ocr_line' id='line_1_43' title="bbox 549 2624 2129 2697; baseline -0.001 -17"><span class='ocrx_word' id='word_1_309' title='bbox 549 2626 697 2680; x_wconf 88' lang='lat' dir='ltr'><strong>enim</strong></span> <span class='ocrx_word' id='word_1_310' title='bbox 733 2642 747 2680; x_wconf 92' lang='lat'><strong>:</strong></span> <span class='ocrx_word' id='word_1_311' title='bbox 790 2624 849 2680; x_wconf 87' lang='lat' dir='ltr'><strong>Si</strong></span> <span class='ocrx_word' id='word_1_312' title='bbox 878 2642 1000 2680; x_wconf 87' lang='lat' dir='ltr'><strong>vero</strong></span> <span class='ocrx_word' id='word_1_313' title='bbox 1026 2641 1245 2696; x_wconf 85' lang='lat' dir='ltr'><strong>gramen</strong></span> <span class='ocrx_word' id='word_1_314' title='bbox 1275 2627 1393 2697; x_wconf 88' lang='lat' dir='ltr'><strong>agri</strong></span> <span class='ocrx_word' id='word_1_315' title='bbox 1432 2626 1581 2679; x_wconf 83' lang='lat' dir='ltr'><strong>hodie</strong></span> <span class='ocrx_word' id='word_1_316' title='bbox 1623 2625 1893 2689; x_wconf 72' lang='lat' dir='ltr'><strong>exsistens,</strong></span> <span class='ocrx_word' id='word_1_317' title='bbox 1928 2634 1975 2678; x_wconf 88' lang='lat' dir='ltr'><strong>et</strong></span> <span class='ocrx_word' id='word_1_318' title='bbox 2012 2641 2129 2678; x_wconf 83' lang='lat' dir='ltr'><strong>cras</strong></span> 
     </span>
    </p>
   </div>
   <div class='ocr_carea' id='block_1_44' title="bbox 548 2717 2128 2789">
    <p class='ocr_par' dir='ltr' id='par_1_44' title="bbox 548 2717 2128 2789">
     <span class='ocr_line' id='line_1_44' title="bbox 548 2717 2128 2789; baseline -0.001 -17"><span class='ocrx_word' id='word_1_319' title='bbox 548 2718 605 2772; x_wconf 88' lang='lat' dir='ltr'><strong>in</strong></span> <span class='ocrx_word' id='word_1_320' title='bbox 632 2721 899 2789; x_wconf 77' lang='lat' dir='ltr'><strong>fornacem</strong></span> <span class='ocrx_word' id='word_1_321' title='bbox 966 2718 1155 2787; x_wconf 81' lang='lat' dir='ltr'><strong>conjici</strong></span> <span class='ocrx_word' id='word_1_322' title='bbox 1218 2717 1434 2772; x_wconf 85' lang='lat' dir='ltr'><strong>solitum</strong></span> <span class='ocrx_word' id='word_1_323' title='bbox 1493 2717 1630 2771; x_wconf 89' lang='lat' dir='ltr'><strong>Deus</strong></span> <span class='ocrx_word' id='word_1_324' title='bbox 1668 2719 1840 2784; x_wconf 80' lang='lat' dir='ltr'><strong>vestit,</strong></span> <span class='ocrx_word' id='word_1_325' title='bbox 1871 2717 2128 2787; x_wconf 87' lang='lat' dir='ltr'><strong>quomodo</strong></span> 
     </span>
    </p>
   </div>
   <div class='ocr_carea' id='block_1_45' title="bbox 552 2808 2130 2878">
    <p class='ocr_par' dir='ltr' id='par_1_45' title="bbox 552 2808 2130 2878">
     <span class='ocr_line' id='line_1_45' title="bbox 552 2808 2130 2878; baseline 0 -16"><span class='ocrx_word' id='word_1_326' title='bbox 552 2826 655 2862; x_wconf 88' lang='lat' dir='ltr'><strong>non</strong></span> <span class='ocrx_word' id='word_1_327' title='bbox 690 2808 855 2862; x_wconf 89' lang='lat' dir='ltr'><strong>multo</strong></span> <span class='ocrx_word' id='word_1_328' title='bbox 894 2809 1062 2878; x_wconf 87' lang='lat' dir='ltr'><strong>magis</strong></span> <span class='ocrx_word' id='word_1_329' title='bbox 1119 2824 1227 2875; x_wconf 83' lang='lat' dir='ltr'><strong>vos,</strong></span> <span class='ocrx_word' id='word_1_330' title='bbox 1272 2826 1300 2863; x_wconf 91' lang='grc' dir='ltr'><strong>ο</strong></span> <span class='ocrx_word' id='word_1_331' title='bbox 1354 2809 1554 2878; x_wconf 72' lang='lat' dir='ltr'><strong>exigua:</strong></span> <span class='ocrx_word' id='word_1_332' title='bbox 1615 2808 1739 2877; x_wconf 84' lang='lat' dir='ltr'><strong>ﬁdei</strong></span> <span class='ocrx_word' id='word_1_333' title='bbox 1793 2808 2130 2862; x_wconf 80' lang='lat' dir='ltr'><strong>homines”?</strong></span> 
     </span>
    </p>
   </div>
   <div class='ocr_carea' id='block_1_46' title="bbox 552 2898 2130 2970">
    <p class='ocr_par' dir='ltr' id='par_1_46' title="bbox 552 2898 2130 2970">
     <span class='ocr_line' id='line_1_46' title="bbox 552 2898 2130 2970; baseline 0.001 -18"><span class='ocrx_word' id='word_1_334' title='bbox 552 2898 619 2952; x_wconf 88' lang='lat' dir='ltr'><strong>Et</strong></span> <span class='ocrx_word' id='word_1_335' title='bbox 650 2900 977 2953; x_wconf 89' lang='lat' dir='ltr'><strong>naturalium</strong></span> <span class='ocrx_word' id='word_1_336' title='bbox 1007 2899 1226 2969; x_wconf 89' lang='lat' dir='ltr'><strong>quidem</strong></span> <span class='ocrx_word' id='word_1_337' title='bbox 1257 2899 1470 2953; x_wconf 91' lang='lat' dir='ltr'><strong>illorum</strong></span> <span class='ocrx_word' id='word_1_338' title='bbox 1513 2898 1981 2965; x_wconf 86' lang='lat' dir='ltr'><strong>indumentorum,</strong></span> <span class='ocrx_word' id='word_1_339' title='bbox 2010 2899 2130 2970; x_wconf 88' lang='lat' dir='ltr'><strong>qui-</strong></span> 
     </span>
    </p>
   </div>
   <div class='ocr_carea' id='block_1_47' title="bbox 553 2989 2129 3062">
    <p class='ocr_par' dir='ltr' id='par_1_47' title="bbox 553 2989 2129 3062">
     <span class='ocr_line' id='line_1_47' title="bbox 553 2989 2129 3062; baseline 0.001 -19"><span class='ocrx_word' id='word_1_340' title='bbox 553 2992 656 3045; x_wconf 87' lang='lat' dir='ltr'><strong>bus</strong></span> <span class='ocrx_word' id='word_1_341' title='bbox 682 2990 858 3045; x_wconf 89' lang='lat' dir='ltr'><strong>bonus</strong></span> <span class='ocrx_word' id='word_1_342' title='bbox 893 2989 1153 3046; x_wconf 89' lang='lat' dir='ltr'><strong>Dominus</strong></span> <span class='ocrx_word' id='word_1_343' title='bbox 1194 3006 1415 3061; x_wconf 88' lang='lat' dir='ltr'><strong>gramen</strong></span> <span class='ocrx_word' id='word_1_344' title='bbox 1463 2990 1645 3055; x_wconf 83' lang='lat' dir='ltr'><strong>vestit,</strong></span> <span class='ocrx_word' id='word_1_345' title='bbox 1685 3006 1807 3061; x_wconf 73' lang='lat' dir='ltr'><strong>qua:</strong></span> <span class='ocrx_word' id='word_1_346' title='bbox 1844 3000 1899 3045; x_wconf 93' lang='lat' dir='ltr'><strong>et</strong></span> <span class='ocrx_word' id='word_1_347' title='bbox 1926 2999 2129 3062; x_wconf 90' lang='lat' dir='ltr'><strong>quanta</strong></span> 
     </span>
    </p>
   </div>
   <div class='ocr_carea' id='block_1_48' title="bbox 552 3080 2129 3154">
    <p class='ocr_par' dir='ltr' id='par_1_48' title="bbox 552 3080 2129 3154">
     <span class='ocr_line' id='line_1_48' title="bbox 552 3080 2129 3154; baseline -0.001 -15"><span class='ocrx_word' id='word_1_348' title='bbox 552 3090 639 3139; x_wconf 80' lang='lat' dir='ltr'><strong>est</strong></span> <span class='ocrx_word' id='word_1_349' title='bbox 660 3081 1100 3152; x_wconf 78' lang='lat' dir='ltr'><strong>magnificentia!</strong></span> <span class='ocrx_word' id='word_1_350' title='bbox 1133 3080 1205 3135; x_wconf 82' lang='lat' dir='ltr'><strong>Ea</strong></span> <span class='ocrx_word' id='word_1_351' title='bbox 1253 3090 1401 3136; x_wconf 84' lang='lat' dir='ltr'><strong>certe</strong></span> <span class='ocrx_word' id='word_1_352' title='bbox 1431 3089 1639 3136; x_wconf 83' lang='lat' dir='ltr'><strong>vestem</strong></span> <span class='ocrx_word' id='word_1_353' title='bbox 1679 3081 1881 3154; x_wconf 83' lang='lat' dir='ltr'><strong>regiam</strong></span> <span class='ocrx_word' id='word_1_354' title='bbox 1905 3092 1960 3137; x_wconf 90' lang='lat' dir='ltr'><strong>et</strong></span> <span class='ocrx_word' id='word_1_355' title='bbox 1995 3098 2129 3153; x_wconf 87' lang='lat' dir='ltr'><strong>pur-</strong></span> 
     </span>
    </p>
   </div>
   <div class='ocr_carea' id='block_1_49' title="bbox 2222 1973 3799 2053">
    <p class='ocr_par' dir='ltr' id='par_1_49' title="bbox 2222 1973 3799 2053">
     <span class='ocr_line' id='line_1_49' title="bbox 2222 1973 3799 2053; baseline -0.002 -17"><span class='ocrx_word' id='word_1_356' title='bbox 2222 1982 2663 2053; x_wconf 86' lang='grc' dir='ltr'>διαγγέλλουσιν,</span> <span class='ocrx_word' id='word_1_357' title='bbox 2699 1980 2839 2036; x_wconf 89' lang='grc' dir='ltr'><strong>ἀλλά</strong></span> <span class='ocrx_word' id='word_1_358' title='bbox 2886 1980 3079 2035; x_wconf 77' lang='grc' dir='ltr'>καὶτὰ</span> <span class='ocrx_word' id='word_1_359' title='bbox 3118 1980 3253 2035; x_wconf 80' lang='grc' dir='ltr'>ἄλλα</span> <span class='ocrx_word' id='word_1_360' title='bbox 3304 1980 3513 2044; x_wconf 88' lang='grc' dir='ltr'>πάντα,</span> <span class='ocrx_word' id='word_1_361' title='bbox 3560 1978 3630 2034; x_wconf 78' lang='grc' dir='ltr'>δι’</span> <span class='ocrx_word' id='word_1_362' title='bbox 3658 1973 3733 2033; x_wconf 84' lang='grc' dir='ltr'>ὧν</span> <span class='ocrx_word' id='word_1_363' title='bbox 3764 1979 3799 2051; x_wconf 75' lang='grc' dir='ltr'><strong>ἡ</strong></span> 
     </span>
    </p>
   </div>
   <div class='ocr_carea' id='block_1_50' title="bbox 2223 2072 3794 2147">
    <p class='ocr_par' dir='ltr' id='par_1_50' title="bbox 2223 2072 3794 2147">
     <span class='ocr_line' id='line_1_50' title="bbox 2223 2072 3794 2147; baseline -0.002 -19"><span class='ocrx_word' id='word_1_364' title='bbox 2223 2073 2487 2147; x_wconf 81' lang='grc' dir='ltr'>Θεραπεία</span> <span class='ocrx_word' id='word_1_365' title='bbox 2534 2072 2629 2127; x_wconf 91' lang='grc' dir='ltr'><strong>τοῦ</strong></span> <span class='ocrx_word' id='word_1_366' title='bbox 2664 2072 2917 2143; x_wconf 86' lang='grc' dir='ltr'>σώματος</span> <span class='ocrx_word' id='word_1_367' title='bbox 2938 2112 2954 2137; x_wconf 97' lang='grc'><strong>,</strong></span> <span class='ocrx_word' id='word_1_368' title='bbox 3001 2072 3099 2126; x_wconf 81' lang='grc' dir='ltr'><strong>καὶ</strong></span> <span class='ocrx_word' id='word_1_369' title='bbox 3124 2072 3223 2143; x_wconf 81' lang='grc' dir='ltr'><strong>οὐχ</strong></span> <span class='ocrx_word' id='word_1_370' title='bbox 3264 2073 3364 2125; x_wconf 84' lang='grc' dir='ltr'><strong>ὅσα</strong></span> <span class='ocrx_word' id='word_1_371' title='bbox 3413 2072 3577 2143; x_wconf 89' lang='grc' dir='ltr'>μόνον</span> <span class='ocrx_word' id='word_1_372' title='bbox 3596 2075 3666 2144; x_wconf 78' lang='grc' dir='ltr'>τῇ</span> <span class='ocrx_word' id='word_1_373' title='bbox 3697 2074 3794 2126; x_wconf 86' lang='grc' dir='ltr'>ἀν-</span> 
     </span>
    </p>
   </div>
   <div class='ocr_carea' id='block_1_51' title="bbox 2225 2162 3802 2239">
    <p class='ocr_par' dir='ltr' id='par_1_51' title="bbox 2225 2162 3802 2239">
     <span class='ocr_line' id='line_1_51' title="bbox 2225 2162 3802 2239; baseline -0.001 -19"><span class='ocrx_word' id='word_1_374' title='bbox 2225 2166 2473 2239; x_wconf 82' lang='grc' dir='ltr'>θρωπίνῃ</span> <span class='ocrx_word' id='word_1_375' title='bbox 2516 2165 2678 2236; x_wconf 75' lang='grc' dir='ltr'>χρεία</span> <span class='ocrx_word' id='word_1_376' title='bbox 2725 2163 2787 2229; x_wconf 84' lang='grc' dir='ltr'><strong>ἐξ</strong></span> <span class='ocrx_word' id='word_1_377' title='bbox 2827 2164 3128 2232; x_wconf 78' lang='grc' dir='ltr'>ἀναγκαίου</span> <span class='ocrx_word' id='word_1_378' title='bbox 3184 2162 3464 2228; x_wconf 81' lang='grc' dir='ltr'>συντελεῖ,</span> <span class='ocrx_word' id='word_1_379' title='bbox 3519 2162 3658 2218; x_wconf 83' lang='grc' dir='ltr'>ἀλλὰ</span> <span class='ocrx_word' id='word_1_380' title='bbox 3705 2163 3802 2218; x_wconf 79' lang='grc' dir='ltr'><strong>καὶ</strong></span> 
     </span>
    </p>
   </div>
   <div class='ocr_carea' id='block_1_52' title="bbox 2224 2251 3797 2326">
    <p class='ocr_par' dir='ltr' id='par_1_52' title="bbox 2224 2251 3797 2326">
     <span class='ocr_line' id='line_1_52' title="bbox 2224 2251 3797 2326; baseline -0.003 -16"><span class='ocrx_word' id='word_1_381' title='bbox 2224 2256 2324 2310; x_wconf 82' lang='grc' dir='ltr'>ὅσα</span> <span class='ocrx_word' id='word_1_382' title='bbox 2384 2255 2679 2326; x_wconf 84' lang='grc' dir='ltr'>δευτέραν,</span> <span class='ocrx_word' id='word_1_383' title='bbox 2746 2253 2779 2325; x_wconf 79' lang='grc' dir='ltr'>ἢ</span> <span class='ocrx_word' id='word_1_384' title='bbox 2836 2253 2931 2308; x_wconf 75' lang='grc' dir='ltr'><strong>καὶ</strong></span> <span class='ocrx_word' id='word_1_385' title='bbox 2987 2252 3311 2307; x_wconf 86' lang='grc' dir='ltr'>τελευταίαν</span> <span class='ocrx_word' id='word_1_386' title='bbox 3364 2254 3554 2323; x_wconf 88' lang='grc' dir='ltr'>ἐπέχει</span> <span class='ocrx_word' id='word_1_387' title='bbox 3604 2251 3797 2319; x_wconf 82' lang='grc' dir='ltr'>τάξιν,</span> 
     </span>
    </p>
   </div>
   <div class='ocr_carea' id='block_1_53' title="bbox 2226 2343 3801 2417">
    <p class='ocr_par' dir='ltr' id='par_1_53' title="bbox 2226 2343 3801 2417">
     <span class='ocr_line' id='line_1_53' title="bbox 2226 2343 3801 2417; baseline -0.003 -15"><span class='ocrx_word' id='word_1_388' title='bbox 2226 2348 2391 2403; x_wconf 80' lang='grc' dir='ltr'>αὑτὸν</span> <span class='ocrx_word' id='word_1_389' title='bbox 2439 2348 2612 2402; x_wconf 77' lang='grc' dir='ltr'>αἴτιον</span> <span class='ocrx_word' id='word_1_390' title='bbox 2665 2343 2807 2401; x_wconf 77' lang='grc' dir='ltr'>εἶναι</span> <span class='ocrx_word' id='word_1_391' title='bbox 2860 2348 2955 2401; x_wconf 77' lang='grc' dir='ltr'><strong>καὶ</strong></span> <span class='ocrx_word' id='word_1_392' title='bbox 3005 2347 3106 2417; x_wconf 83' lang='grc' dir='ltr'>τῆς</span> <span class='ocrx_word' id='word_1_393' title='bbox 3159 2346 3365 2400; x_wconf 82' lang='grc' dir='ltr'>τούτων</span> <span class='ocrx_word' id='word_1_394' title='bbox 3408 2345 3644 2416; x_wconf 80' lang='grc' dir='ltr'>φυσικῆς</span> <span class='ocrx_word' id='word_1_395' title='bbox 3699 2362 3801 2399; x_wconf 82' lang='grc' dir='ltr'>πε-</span> 
     </span>
    </p>
   </div>
   <div class='ocr_carea' id='block_1_54' title="bbox 2230 2437 3799 2512">
    <p class='ocr_par' dir='ltr' id='par_1_54' title="bbox 2230 2437 3799 2512">
     <span class='ocr_line' id='line_1_54' title="bbox 2230 2437 3799 2512; baseline -0.003 -19"><span class='ocrx_word' id='word_1_396' title='bbox 2230 2441 2447 2512; x_wconf 72' lang='grc' dir='ltr'>ριϐολῆς</span> <span class='ocrx_word' id='word_1_397' title='bbox 2501 2442 2597 2494; x_wconf 71' lang='grc' dir='ltr'><strong>καὶ</strong></span> <span class='ocrx_word' id='word_1_398' title='bbox 2648 2438 2948 2510; x_wconf 78' lang='grc' dir='ltr'>αὐξήσεως.</span> <span class='ocrx_word' id='word_1_399' title='bbox 3000 2438 3377 2508; x_wconf 82' lang='grc' dir='ltr'>Καταμάθετε</span> <span class='ocrx_word' id='word_1_400' title='bbox 3432 2437 3580 2507; x_wconf 76' lang='grc' dir='ltr'>γὰρ,</span> <span class='ocrx_word' id='word_1_401' title='bbox 3626 2438 3799 2507; x_wconf 76' lang='grc' dir='ltr'>φησὶ,</span> 
     </span>
    </p>
   </div>
   <div class='ocr_carea' id='block_1_55' title="bbox 2226 2528 3804 2602">
    <p class='ocr_par' dir='ltr' id='par_1_55' title="bbox 2226 2528 3804 2602">
     <span class='ocr_line' id='line_1_55' title="bbox 2226 2528 3804 2602; baseline -0.003 -15"><span class='ocrx_word' id='word_1_402' title='bbox 2226 2534 2298 2587; x_wconf 85' lang='grc' dir='ltr'>τὰ</span> <span class='ocrx_word' id='word_1_403' title='bbox 2330 2534 2507 2601; x_wconf 77' lang='grc' dir='ltr'>κρίνα</span> <span class='ocrx_word' id='word_1_404' title='bbox 2536 2531 2641 2587; x_wconf 86' lang='grc' dir='ltr'><strong>τοῦ</strong></span> <span class='ocrx_word' id='word_1_405' title='bbox 2670 2531 2857 2602; x_wconf 80' lang='grc' dir='ltr'>ἀγροῦ</span> <span class='ocrx_word' id='word_1_406' title='bbox 2881 2530 3007 2598; x_wconf 86' lang='grc' dir='ltr'><strong>πῶς</strong></span> <span class='ocrx_word' id='word_1_407' title='bbox 3028 2530 3303 2595; x_wconf 78' lang='grc' dir='ltr'><strong>αὐξάνει·</strong></span> <span class='ocrx_word' id='word_1_408' title='bbox 3336 2532 3408 2586; x_wconf 83' lang='grc' dir='ltr'>οὐ</span> <span class='ocrx_word' id='word_1_409' title='bbox 3435 2528 3637 2599; x_wconf 82' lang='grc' dir='ltr'>κοπιᾷ,</span> <span class='ocrx_word' id='word_1_410' title='bbox 3661 2528 3804 2585; x_wconf 75' lang='grc' dir='ltr'>οὐδὲ</span> 
     </span>
    </p>
   </div>
   <div class='ocr_carea' id='block_1_56' title="bbox 2226 2621 3800 2692">
    <p class='ocr_par' dir='ltr' id='par_1_56' title="bbox 2226 2621 3800 2692">
     <span class='ocr_line' id='line_1_56' title="bbox 2226 2621 3800 2692; baseline -0.003 -14"><span class='ocrx_word' id='word_1_411' title='bbox 2226 2624 2416 2691; x_wconf 78' lang='grc' dir='ltr'>νήθει.</span> <span class='ocrx_word' id='word_1_412' title='bbox 2457 2625 2565 2677; x_wconf 80' lang='grc' dir='ltr'>Καὶ</span> <span class='ocrx_word' id='word_1_413' title='bbox 2620 2624 2681 2676; x_wconf 81' lang='grc' dir='ltr'><strong>οὐ</strong></span> <span class='ocrx_word' id='word_1_414' title='bbox 2716 2621 2890 2676; x_wconf 91' lang='grc' dir='ltr'>ταῦτα</span> <span class='ocrx_word' id='word_1_415' title='bbox 2926 2622 3106 2692; x_wconf 86' lang='grc' dir='ltr'>μόνον,</span> <span class='ocrx_word' id='word_1_416' title='bbox 3145 2621 3281 2675; x_wconf 88' lang='grc' dir='ltr'><strong>ἀλλά</strong></span> <span class='ocrx_word' id='word_1_417' title='bbox 3334 2622 3429 2675; x_wconf 75' lang='grc' dir='ltr'><strong>καὶ</strong></span> <span class='ocrx_word' id='word_1_418' title='bbox 3481 2621 3673 2684; x_wconf 91' lang='grc' dir='ltr'>ἀπλῶς</span> <span class='ocrx_word' id='word_1_419' title='bbox 3706 2621 3800 2675; x_wconf 85' lang='grc' dir='ltr'><strong>τὸν</strong></span> 
     </span>
    </p>
   </div>
   <div class='ocr_carea' id='block_1_57' title="bbox 2226 2712 3801 2788">
    <p class='ocr_par' dir='ltr' id='par_1_57' title="bbox 2226 2712 3801 2788">
     <span class='ocr_line' id='line_1_57' title="bbox 2226 2712 3801 2788; baseline -0.001 -21"><span class='ocrx_word' id='word_1_420' title='bbox 2226 2718 2416 2788; x_wconf 73' lang='grc' dir='ltr'>χόρτον</span> <span class='ocrx_word' id='word_1_421' title='bbox 2444 2716 2534 2769; x_wconf 90' lang='grc' dir='ltr'><strong>τοῦ</strong></span> <span class='ocrx_word' id='word_1_422' title='bbox 2568 2714 2741 2786; x_wconf 83' lang='grc' dir='ltr'>ἀγροῦ</span> <span class='ocrx_word' id='word_1_423' title='bbox 2782 2715 3143 2785; x_wconf 82' lang='grc' dir='ltr'>τὸνσήμερον</span> <span class='ocrx_word' id='word_1_424' title='bbox 3180 2713 3333 2780; x_wconf 80' lang='grc' dir='ltr'>ὅντα,</span> <span class='ocrx_word' id='word_1_425' title='bbox 3379 2714 3474 2767; x_wconf 78' lang='grc' dir='ltr'><strong>καὶ</strong></span> <span class='ocrx_word' id='word_1_426' title='bbox 3507 2712 3697 2785; x_wconf 82' lang='grc' dir='ltr'>αῦριον</span> <span class='ocrx_word' id='word_1_427' title='bbox 3723 2714 3801 2777; x_wconf 90' lang='grc' dir='ltr'><strong>είς</strong></span> 
     </span>
    </p>
   </div>
   <div class='ocr_carea' id='block_1_58' title="bbox 2228 2803 3803 2877">
    <p class='ocr_par' dir='ltr' id='par_1_58' title="bbox 2228 2803 3803 2877">
     <span class='ocr_line' id='line_1_58' title="bbox 2228 2803 3803 2877; baseline -0.003 -16"><span class='ocrx_word' id='word_1_428' title='bbox 2228 2808 2479 2872; x_wconf 71' lang='grc' dir='ltr'>κλίϐανον</span> <span class='ocrx_word' id='word_1_429' title='bbox 2516 2807 2862 2877; x_wconf 85' lang='grc' dir='ltr'>βαλλόμενον.</span> <span class='ocrx_word' id='word_1_430' title='bbox 2897 2807 3060 2874; x_wconf 81' lang='grc' dir='ltr'>Λέγει</span> <span class='ocrx_word' id='word_1_431' title='bbox 3089 2805 3197 2876; x_wconf 90' lang='grc' dir='ltr'><strong>γάρ</strong></span> <span class='ocrx_word' id='word_1_432' title='bbox 3222 2823 3237 2838; x_wconf 89' lang='grc'><strong>·</strong></span> <span class='ocrx_word' id='word_1_433' title='bbox 3270 2806 3339 2860; x_wconf 78' lang='lat' dir='ltr'><strong>El</strong></span> <span class='ocrx_word' id='word_1_434' title='bbox 3365 2803 3433 2857; x_wconf 81' lang='grc' dir='ltr'>δὲ</span> <span class='ocrx_word' id='word_1_435' title='bbox 3455 2806 3563 2858; x_wconf 86' lang='grc' dir='ltr'>τὸν</span> <span class='ocrx_word' id='word_1_436' title='bbox 3589 2804 3803 2872; x_wconf 80' lang='grc' dir='ltr'>χόρτον</span> 
     </span>
    </p>
   </div>
   <div class='ocr_carea' id='block_1_59' title="bbox 2227 2896 3801 2969">
    <p class='ocr_par' dir='ltr' id='par_1_59' title="bbox 2227 2896 3801 2969">
     <span class='ocr_line' id='line_1_59' title="bbox 2227 2896 3801 2969; baseline -0.003 -15"><span class='ocrx_word' id='word_1_437' title='bbox 2227 2900 2334 2954; x_wconf 83' lang='grc' dir='ltr'><strong>τοῦ</strong></span> <span class='ocrx_word' id='word_1_438' title='bbox 2362 2899 2547 2969; x_wconf 79' lang='grc' dir='ltr'>ἀγροῦ</span> <span class='ocrx_word' id='word_1_439' title='bbox 2582 2898 2855 2968; x_wconf 73' lang='grc' dir='ltr'>σήμερον</span> <span class='ocrx_word' id='word_1_440' title='bbox 2880 2899 3026 2952; x_wconf 80' lang='grc' dir='ltr'>ὄντα</span> <span class='ocrx_word' id='word_1_441' title='bbox 3053 2896 3151 2951; x_wconf 76' lang='grc' dir='ltr'>καί</span> <span class='ocrx_word' id='word_1_442' title='bbox 3175 2898 3386 2965; x_wconf 79' lang='grc' dir='ltr'>αὔριον</span> <span class='ocrx_word' id='word_1_443' title='bbox 3405 2900 3491 2963; x_wconf 82' lang='grc' dir='ltr'>εις</span> <span class='ocrx_word' id='word_1_444' title='bbox 3513 2898 3801 2951; x_wconf 72' lang='grc' dir='ltr'>κλίϐανον</span> 
     </span>
    </p>
   </div>
   <div class='ocr_carea' id='block_1_60' title="bbox 2224 2986 3798 3061">
    <p class='ocr_par' dir='ltr' id='par_1_60' title="bbox 2224 2986 3798 3061">
     <span class='ocr_line' id='line_1_60' title="bbox 2224 2986 3798 3061; baseline -0.002 -16"><span class='ocrx_word' id='word_1_445' title='bbox 2224 2992 2616 3061; x_wconf 74' lang='grc' dir='ltr'>,ϐαλλόμενον</span> <span class='ocrx_word' id='word_1_446' title='bbox 2645 2994 2677 3045; x_wconf 84' lang='grc' dir='ltr'><strong>ό</strong></span> <span class='ocrx_word' id='word_1_447' title='bbox 2702 2990 2846 3055; x_wconf 80' lang='grc' dir='ltr'>Θεὸς</span> <span class='ocrx_word' id='word_1_448' title='bbox 2874 2988 3299 3059; x_wconf 69' lang='grc' dir='ltr'>ἀμφιέννυσιν,</span> <span class='ocrx_word' id='word_1_449' title='bbox 3324 2989 3396 3043; x_wconf 82' lang='grc' dir='ltr'>οὐ</span> <span class='ocrx_word' id='word_1_450' title='bbox 3424 2986 3633 3057; x_wconf 68' lang='grc' dir='ltr'>πολ.ίῷ</span> <span class='ocrx_word' id='word_1_451' title='bbox 3644 2986 3798 3059; x_wconf 67' lang='grc' dir='ltr'>μᾶλ-</span> 
     </span>
    </p>
   </div>
   <div class='ocr_carea' id='block_1_61' title="bbox 2229 3079 3799 3152">
    <p class='ocr_par' dir='ltr' id='par_1_61' title="bbox 2229 3079 3799 3152">
     <span class='ocr_line' id='line_1_61' title="bbox 2229 3079 3799 3152; baseline -0.002 -15"><span class='ocrx_word' id='word_1_452' title='bbox 2229 3087 2345 3137; x_wconf 74' lang='grc' dir='ltr'><strong>λον</strong></span> <span class='ocrx_word' id='word_1_453' title='bbox 2375 3080 2553 3152; x_wconf 84' lang='grc' dir='ltr'>ὑμᾶς,</span> <span class='ocrx_word' id='word_1_454' title='bbox 2586 3082 3002 3151; x_wconf 80' lang='grc' dir='ltr'>όλιτόπιστοι;</span> <span class='ocrx_word' id='word_1_455' title='bbox 3049 3080 3160 3134; x_wconf 88' lang='lat' dir='ltr'><strong>Kal</strong></span> <span class='ocrx_word' id='word_1_456' title='bbox 3186 3080 3295 3135; x_wconf 89' lang='grc' dir='ltr'><strong>τῶν</strong></span> <span class='ocrx_word' id='word_1_457' title='bbox 3328 3079 3570 3151; x_wconf 82' lang='grc' dir='ltr'>φυσικῶν</span> <span class='ocrx_word' id='word_1_458' title='bbox 3594 3082 3799 3151; x_wconf 82' lang='grc' dir='ltr'>ἀμφια-</span> 
     </span>
    </p>
   </div>
   <div class='ocr_carea' id='block_1_62' title="bbox 554 3170 2126 3269">
    <p class='ocr_par' dir='ltr' id='par_1_62' title="bbox 554 3172 2126 3244">
     <span class='ocr_line' id='line_1_62' title="bbox 554 3172 2126 3244; baseline 0.001 -19"><span class='ocrx_word' id='word_1_459' title='bbox 554 3188 691 3241; x_wconf 88' lang='lat' dir='ltr'><strong>pura</strong></span> <span class='ocrx_word' id='word_1_460' title='bbox 744 3172 1158 3244; x_wconf 80' lang='lat' dir='ltr'><strong>Splendentem,</strong></span> <span class='ocrx_word' id='word_1_461' title='bbox 1215 3187 1377 3243; x_wconf 86' lang='lat' dir='ltr'><strong>quam</strong></span> <span class='ocrx_word' id='word_1_462' title='bbox 1425 3172 1666 3228; x_wconf 88' lang='lat' dir='ltr'><strong>humana</strong></span> <span class='ocrx_word' id='word_1_463' title='bbox 1716 3173 1937 3228; x_wconf 87' lang='lat' dir='ltr'><strong>solertia</strong></span> <span class='ocrx_word' id='word_1_464' title='bbox 1988 3173 2126 3229; x_wconf 89' lang='lat' dir='ltr'><strong>inter</strong></span> 
     </span>
    </p>
   </div>
   <div class='ocr_carea' id='block_1_63' title="bbox 2227 3170 3800 3269">
    <p class='ocr_par' dir='ltr' id='par_1_63' title="bbox 2234 3170 3800 3245">
     <span class='ocr_line' id='line_1_63' title="bbox 2234 3170 3800 3245; baseline -0.001 -17"><span class='ocrx_word' id='word_1_465' title='bbox 2234 3176 2456 3245; x_wconf 88' lang='grc' dir='ltr'>σμάτων</span> <span class='ocrx_word' id='word_1_466' title='bbox 2483 3177 2711 3241; x_wconf 84' lang='grc' dir='ltr'>τούτων,</span> <span class='ocrx_word' id='word_1_467' title='bbox 2746 3170 2829 3238; x_wconf 77' lang='grc' dir='ltr'>οἷς</span> <span class='ocrx_word' id='word_1_468' title='bbox 2874 3175 2903 3228; x_wconf 86' lang='grc' dir='ltr'><strong>ό</strong></span> <span class='ocrx_word' id='word_1_469' title='bbox 2952 3172 3155 3243; x_wconf 84' lang='grc' dir='ltr'>ἀγαθὸς</span> <span class='ocrx_word' id='word_1_470' title='bbox 3186 3172 3458 3244; x_wconf 83' lang='grc' dir='ltr'>Δεσπότης</span> <span class='ocrx_word' id='word_1_471' title='bbox 3486 3173 3800 3244; x_wconf 72' lang='grc' dir='ltr'>ἡμφιάσατο</span> 
     </span>
    </p>
   </div>
   <div class='ocr_carea' id='block_1_64' title="bbox 556 3262 2131 3334">
    <p class='ocr_par' dir='ltr' id='par_1_64' title="bbox 556 3262 2131 3334">
     <span class='ocr_line' id='line_1_64' title="bbox 556 3262 2131 3334; baseline 0.002 -18"><span class='ocrx_word' id='word_1_472' title='bbox 556 3264 759 3333; x_wconf 90' lang='lat' dir='ltr'><strong>primas</strong></span> <span class='ocrx_word' id='word_1_473' title='bbox 783 3262 1031 3328; x_wconf 88' lang='lat' dir='ltr'><strong>collocat,</strong></span> <span class='ocrx_word' id='word_1_474' title='bbox 1074 3273 1199 3333; x_wconf 77' lang='lat' dir='ltr'><strong>post</strong></span> <span class='ocrx_word' id='word_1_475' title='bbox 1227 3278 1287 3318; x_wconf 93' lang='lat' dir='ltr'><strong>se</strong></span> <span class='ocrx_word' id='word_1_476' title='bbox 1343 3271 1601 3334; x_wconf 90' lang='lat' dir='ltr'><strong>tanquam</strong></span> <span class='ocrx_word' id='word_1_477' title='bbox 1636 3264 1929 3321; x_wconf 90' lang='lat' dir='ltr'><strong>secundam</strong></span> <span class='ocrx_word' id='word_1_478' title='bbox 1965 3265 2131 3319; x_wconf 90' lang='lat' dir='ltr'><strong>relin-</strong></span> 
     </span>
    </p>
   </div>
   <div class='ocr_carea' id='block_1_65' title="bbox 555 3354 2131 3427">
    <p class='ocr_par' dir='ltr' id='par_1_65' title="bbox 555 3354 2131 3427">
     <span class='ocr_line' id='line_1_65' title="bbox 555 3354 2131 3427; baseline 0.001 -17"><span class='ocrx_word' id='word_1_479' title='bbox 555 3356 693 3426; x_wconf 87' lang='lat' dir='ltr'><strong>quit.</strong></span> <span class='ocrx_word' id='word_1_480' title='bbox 728 3356 855 3409; x_wconf 89' lang='lat' dir='ltr'><strong>Dico</strong></span> <span class='ocrx_word' id='word_1_481' title='bbox 886 3356 1025 3409; x_wconf 81' lang='lat' dir='ltr'><strong>enim</strong></span> <span class='ocrx_word' id='word_1_482' title='bbox 1067 3354 1232 3424; x_wconf 83' lang='lat' dir='ltr'><strong>vobis,</strong></span> <span class='ocrx_word' id='word_1_483' title='bbox 1263 3357 1401 3427; x_wconf 85' lang='lat' dir='ltr'><strong>quod</strong></span> <span class='ocrx_word' id='word_1_484' title='bbox 1429 3372 1592 3427; x_wconf 86' lang='lat' dir='ltr'><strong>neque</strong></span> <span class='ocrx_word' id='word_1_485' title='bbox 1621 3355 1875 3411; x_wconf 86' lang='lat' dir='ltr'><strong>Salomon</strong></span> <span class='ocrx_word' id='word_1_486' title='bbox 1906 3358 1963 3411; x_wconf 88' lang='lat' dir='ltr'><strong>in</strong></span> <span class='ocrx_word' id='word_1_487' title='bbox 1989 3359 2131 3412; x_wconf 84' lang='lat' dir='ltr'><strong>omni</strong></span> 
     </span>
    </p>
   </div>
   <div class='ocr_carea' id='block_1_66' title="bbox 556 3446 2131 3517">
    <p class='ocr_par' dir='ltr' id='par_1_66' title="bbox 556 3446 2131 3517">
     <span class='ocr_line' id='line_1_66' title="bbox 556 3446 2131 3517; baseline 0.002 -18"><span class='ocrx_word' id='word_1_488' title='bbox 556 3463 653 3499; x_wconf 81' lang='lat' dir='ltr'><strong>sua</strong></span> <span class='ocrx_word' id='word_1_489' title='bbox 684 3446 855 3517; x_wconf 82' lang='lat' dir='ltr'><strong>gloria</strong></span> <span class='ocrx_word' id='word_1_490' title='bbox 904 3447 1114 3499; x_wconf 79' lang='lat' dir='ltr'><strong>vestitus</strong></span> <span class='ocrx_word' id='word_1_491' title='bbox 1144 3446 1221 3499; x_wconf 89' lang='lat' dir='ltr'><strong>ita</strong></span> <span class='ocrx_word' id='word_1_492' title='bbox 1255 3447 1374 3516; x_wconf 75' lang='lat' dir='ltr'><strong>fuit,</strong></span> <span class='ocrx_word' id='word_1_493' title='bbox 1409 3456 1464 3500; x_wconf 83' lang='lat' dir='ltr'><strong>ut</strong></span> <span class='ocrx_word' id='word_1_494' title='bbox 1491 3462 1653 3500; x_wconf 85' lang='lat' dir='ltr'><strong>unum</strong></span> <span class='ocrx_word' id='word_1_495' title='bbox 1683 3464 1747 3501; x_wconf 82' lang='lat' dir='ltr'><strong>ea:</strong></span> <span class='ocrx_word' id='word_1_496' title='bbox 1772 3447 1878 3501; x_wconf 83' lang='lat' dir='ltr'><strong>illis</strong></span> <span class='ocrx_word' id='word_1_497' title='bbox 1910 3448 1951 3501; x_wconf 88' lang='grc'><strong>¹.</strong></span> <span class='ocrx_word' id='word_1_498' title='bbox 1981 3447 2131 3514; x_wconf 87' lang='lat' dir='ltr'><strong>Quo-</strong></span> 
     </span>
    </p>
   </div>
   <div class='ocr_carea' id='block_1_67' title="bbox 557 3536 2133 3608">
    <p class='ocr_par' dir='ltr' id='par_1_67' title="bbox 557 3536 2133 3608">
     <span class='ocr_line' id='line_1_67' title="bbox 557 3536 2133 3608; baseline 0 -17"><span class='ocrx_word' id='word_1_499' title='bbox 557 3537 718 3591; x_wconf 89' lang='lat' dir='ltr'><strong>modo</strong></span> <span class='ocrx_word' id='word_1_500' title='bbox 760 3536 924 3608; x_wconf 85' lang='lat' dir='ltr'><strong>igitur</strong></span> <span class='ocrx_word' id='word_1_501' title='bbox 963 3536 1224 3607; x_wconf 83' lang='lat' dir='ltr'><strong>graminis</strong></span> <span class='ocrx_word' id='word_1_502' title='bbox 1248 3536 1467 3606; x_wconf 91' lang='lat' dir='ltr'><strong>quidem</strong></span> <span class='ocrx_word' id='word_1_503' title='bbox 1488 3536 1743 3593; x_wconf 88' lang='lat' dir='ltr'><strong>vestitum</strong></span> <span class='ocrx_word' id='word_1_504' title='bbox 1772 3537 1946 3591; x_wconf 91' lang='lat' dir='ltr'><strong>bonus</strong></span> <span class='ocrx_word' id='word_1_505' title='bbox 1976 3544 2133 3608; x_wconf 92' lang='lat' dir='ltr'><strong>parat</strong></span> 
     </span>
    </p>
   </div>
   <div class='ocr_carea' id='block_1_68' title="bbox 557 3628 2133 3700">
    <p class='ocr_par' dir='ltr' id='par_1_68' title="bbox 557 3628 2133 3700">
     <span class='ocr_line' id='line_1_68' title="bbox 557 3628 2133 3700; baseline 0.001 -19"><span class='ocrx_word' id='word_1_506' title='bbox 557 3629 721 3691; x_wconf 84' lang='lat' dir='ltr'><strong>Deus,</strong></span> <span class='ocrx_word' id='word_1_507' title='bbox 765 3636 820 3681; x_wconf 93' lang='lat' dir='ltr'><strong>tu</strong></span> <span class='ocrx_word' id='word_1_508' title='bbox 850 3643 979 3682; x_wconf 80' lang='lat' dir='ltr'><strong>vero</strong></span> <span class='ocrx_word' id='word_1_509' title='bbox 1013 3628 1157 3683; x_wconf 91' lang='lat' dir='ltr'><strong>illius</strong></span> <span class='ocrx_word' id='word_1_510' title='bbox 1183 3628 1517 3691; x_wconf 86' lang='lat' dir='ltr'><strong>vestimenti,</strong></span> <span class='ocrx_word' id='word_1_511' title='bbox 1544 3644 1654 3700; x_wconf 93' lang='lat' dir='ltr'><strong>quo</strong></span> <span class='ocrx_word' id='word_1_512' title='bbox 1679 3628 1917 3683; x_wconf 83' lang='lat' dir='ltr'><strong>hominis</strong></span> <span class='ocrx_word' id='word_1_513' title='bbox 1949 3628 2133 3683; x_wconf 86' lang='lat' dir='ltr'><strong>anima</strong></span> 
     </span>
    </p>
   </div>
   <div class='ocr_carea' id='block_1_69' title="bbox 557 3715 2133 3787">
    <p class='ocr_par' dir='ltr' id='par_1_69' title="bbox 557 3715 2133 3787">
     <span class='ocr_line' id='line_1_69' title="bbox 557 3715 2133 3787; baseline 0.003 -17"><span class='ocrx_word' id='word_1_514' title='bbox 557 3715 947 3780; x_wconf 88' lang='lat' dir='ltr'><strong>circumdatur,</strong></span> <span class='ocrx_word' id='word_1_515' title='bbox 999 3716 1263 3785; x_wconf 86' lang='lat' dir='ltr'><strong>corporis.</strong></span> <span class='ocrx_word' id='word_1_516' title='bbox 1315 3717 1559 3787; x_wconf 86' lang='lat' dir='ltr'><strong>inquam,</strong></span> <span class='ocrx_word' id='word_1_517' title='bbox 1595 3718 1786 3785; x_wconf 91' lang='lat' dir='ltr'><strong>alium,</strong></span> <span class='ocrx_word' id='word_1_518' title='bbox 1843 3733 1951 3773; x_wconf 92' lang='lat' dir='ltr'><strong>non</strong></span> <span class='ocrx_word' id='word_1_519' title='bbox 1998 3733 2133 3774; x_wconf 86' lang='lat' dir='ltr'><strong>vero</strong></span> 
     </span>
    </p>
   </div>
   <div class='ocr_carea' id='block_1_70' title="bbox 556 3810 2131 3884">
    <p class='ocr_par' dir='ltr' id='par_1_70' title="bbox 556 3810 2131 3884">
     <span class='ocr_line' id='line_1_70' title="bbox 556 3810 2131 3884; baseline 0.003 -21"><span class='ocrx_word' id='word_1_520' title='bbox 556 3810 829 3876; x_wconf 88' lang='lat' dir='ltr'><strong>eumdem,</strong></span> <span class='ocrx_word' id='word_1_521' title='bbox 883 3811 1130 3881; x_wconf 82' lang='lat' dir='ltr'><strong>requires</strong></span> <span class='ocrx_word' id='word_1_522' title='bbox 1188 3812 1569 3868; x_wconf 88' lang='lat' dir='ltr'><strong>conditorem?</strong></span> <span class='ocrx_word' id='word_1_523' title='bbox 1604 3813 1669 3868; x_wconf 85' lang='lat' dir='ltr'><strong>Et</strong></span> <span class='ocrx_word' id='word_1_524' title='bbox 1711 3814 1984 3884; x_wconf 89' lang='lat' dir='ltr'><strong>quomodo</strong></span> <span class='ocrx_word' id='word_1_525' title='bbox 2020 3829 2131 3868; x_wconf 91' lang='lat' dir='ltr'><strong>non</strong></span> 
     </span>
    </p>
   </div>
   <div class='ocr_carea' id='block_1_71' title="bbox 558 3900 2134 3975">
    <p class='ocr_par' dir='ltr' id='par_1_71' title="bbox 558 3900 2134 3975">
     <span class='ocr_line' id='line_1_71' title="bbox 558 3900 2134 3975; baseline 0.003 -20"><span class='ocrx_word' id='word_1_526' title='bbox 558 3900 717 3955; x_wconf 92' lang='lat' dir='ltr'><strong>simul</strong></span> <span class='ocrx_word' id='word_1_527' title='bbox 750 3910 802 3956; x_wconf 92' lang='lat' dir='ltr'><strong>te</strong></span> <span class='ocrx_word' id='word_1_528' title='bbox 825 3902 1005 3972; x_wconf 88' lang='lat' dir='ltr'><strong>ipsum</strong></span> <span class='ocrx_word' id='word_1_529' title='bbox 1029 3904 1187 3975; x_wconf 89' lang='lat' dir='ltr'><strong>longe</strong></span> <span class='ocrx_word' id='word_1_530' title='bbox 1217 3904 1449 3975; x_wconf 83' lang='lat' dir='ltr'><strong>graviori</strong></span> <span class='ocrx_word' id='word_1_531' title='bbox 1472 3919 1649 3975; x_wconf 62' lang='lat' dir='ltr'><strong>ptume</strong></span> <span class='ocrx_word' id='word_1_532' title='bbox 1670 3905 1964 3960; x_wconf 83' lang='lat' dir='ltr'><strong>obnoxiqu</strong></span> <span class='ocrx_word' id='word_1_533' title='bbox 1996 3904 2134 3959; x_wconf 87' lang='lat' dir='ltr'><strong>fate-</strong></span> 
     </span>
    </p>
   </div>
   <div class='ocr_carea' id='block_1_72' title="bbox 557 3992 2131 4067">
    <p class='ocr_par' dir='ltr' id='par_1_72' title="bbox 557 3992 2131 4067">
     <span class='ocr_line' id='line_1_72' title="bbox 557 3992 2131 4067; baseline 0.006 -22"><span class='ocrx_word' id='word_1_534' title='bbox 557 3992 653 4057; x_wconf 87' lang='lat' dir='ltr'><strong>ris,</strong></span> <span class='ocrx_word' id='word_1_535' title='bbox 687 4008 847 4062; x_wconf 90' lang='lat' dir='ltr'><strong>quam</strong></span> <span class='ocrx_word' id='word_1_536' title='bbox 877 4009 1097 4065; x_wconf 87' lang='lat' dir='ltr'><strong>gramen</strong></span> <span class='ocrx_word' id='word_1_537' title='bbox 1124 3995 1279 4063; x_wconf 88' lang='lat' dir='ltr'><strong>illud,</strong></span> <span class='ocrx_word' id='word_1_538' title='bbox 1314 3996 1460 4067; x_wconf 91' lang='lat' dir='ltr'><strong>quod</strong></span> <span class='ocrx_word' id='word_1_539' title='bbox 1496 3996 1551 4051; x_wconf 92' lang='lat' dir='ltr'><strong>in</strong></span> <span class='ocrx_word' id='word_1_540' title='bbox 1604 3996 1881 4052; x_wconf 86' lang='lat' dir='ltr'><strong>fornacem</strong></span> <span class='ocrx_word' id='word_1_541' title='bbox 1903 3998 2131 4067; x_wconf 86' lang='lat' dir='ltr'><strong>conjici-</strong></span> 
     </span>
    </p>
   </div>
   <div class='ocr_carea' id='block_1_73' title="bbox 560 4083 2133 4161">
    <p class='ocr_par' dir='ltr' id='par_1_73' title="bbox 560 4083 2133 4161">
     <span class='ocr_line' id='line_1_73' title="bbox 560 4083 2133 4161; baseline 0.006 -26"><span class='ocrx_word' id='word_1_542' title='bbox 560 4084 689 4136; x_wconf 89' lang='lat' dir='ltr'><strong>tur?</strong></span> <span class='ocrx_word' id='word_1_543' title='bbox 725 4084 793 4138; x_wconf 88' lang='lat' dir='ltr'><strong>Et</strong></span> <span class='ocrx_word' id='word_1_544' title='bbox 821 4083 1077 4161; x_wconf 87' lang='lat' dir='ltr'><strong>Servator</strong></span> <span class='ocrx_word' id='word_1_545' title='bbox 1098 4087 1315 4157; x_wconf 91' lang='lat' dir='ltr'><strong>quidem</strong></span> <span class='ocrx_word' id='word_1_546' title='bbox 1357 4087 1486 4152; x_wconf 89' lang='lat' dir='ltr'><strong>illis,</strong></span> <span class='ocrx_word' id='word_1_547' title='bbox 1540 4089 1635 4160; x_wconf 93' lang='lat' dir='ltr'><strong>qui</strong></span> <span class='ocrx_word' id='word_1_548' title='bbox 1661 4088 1925 4159; x_wconf 85' lang='lat' dir='ltr'><strong>justitiam</strong></span> <span class='ocrx_word' id='word_1_549' title='bbox 1960 4090 2054 4144; x_wconf 90' lang='lat' dir='ltr'><strong>Dei</strong></span> <span class='ocrx_word' id='word_1_550' title='bbox 2077 4098 2133 4145; x_wconf 90' lang='lat' dir='ltr'><strong>et</strong></span> 
     </span>
    </p>
   </div>
   <div class='ocr_carea' id='block_1_74' title="bbox 559 4181 2131 4253">
    <p class='ocr_par' dir='ltr' id='par_1_74' title="bbox 559 4181 2131 4253">
     <span class='ocr_line' id='line_1_74' title="bbox 559 4181 2131 4253; baseline 0.006 -27"><span class='ocrx_word' id='word_1_551' title='bbox 559 4189 786 4244; x_wconf 86' lang='lat' dir='ltr'><strong>regnum</strong></span> <span class='ocrx_word' id='word_1_552' title='bbox 812 4190 908 4245; x_wconf 85' lang='lat' dir='ltr'><strong>per</strong></span> <span class='ocrx_word' id='word_1_553' title='bbox 930 4191 1093 4246; x_wconf 89' lang='lat' dir='ltr'><strong>opera</strong></span> <span class='ocrx_word' id='word_1_554' title='bbox 1116 4187 1386 4249; x_wconf 66' lang='lat' dir='ltr'><strong>quaarunt,</strong></span> <span class='ocrx_word' id='word_1_555' title='bbox 1419 4181 1693 4247; x_wconf 87' lang='lat' dir='ltr'><strong>eumdem,</strong></span> <span class='ocrx_word' id='word_1_556' title='bbox 1722 4181 1880 4252; x_wconf 91' lang='lat' dir='ltr'><strong>cujus</strong></span> <span class='ocrx_word' id='word_1_557' title='bbox 1901 4197 2131 4253; x_wconf 86' lang='lat' dir='ltr'><strong>regnum</strong></span> 
     </span>
    </p>
   </div>
   <div class='ocr_carea' id='block_1_75' title="bbox 559 4265 2132 4348">
    <p class='ocr_par' dir='ltr' id='par_1_75' title="bbox 559 4265 2132 4348">
     <span class='ocr_line' id='line_1_75' title="bbox 559 4265 2132 4348; baseline 0.01 -30"><span class='ocrx_word' id='word_1_558' title='bbox 559 4265 689 4319; x_wconf 90' lang='lat' dir='ltr'><strong>illud</strong></span> <span class='ocrx_word' id='word_1_559' title='bbox 715 4273 819 4331; x_wconf 89' lang='lat' dir='ltr'><strong>cst,</strong></span> <span class='ocrx_word' id='word_1_560' title='bbox 856 4277 911 4321; x_wconf 88' lang='lat' dir='ltr'><strong>et</strong></span> <span class='ocrx_word' id='word_1_561' title='bbox 967 4268 1151 4324; x_wconf 88' lang='lat' dir='ltr'><strong>cibum</strong></span> <span class='ocrx_word' id='word_1_562' title='bbox 1202 4278 1256 4325; x_wconf 89' lang='lat' dir='ltr'><strong>et</strong></span> <span class='ocrx_word' id='word_1_563' title='bbox 1306 4272 1633 4328; x_wconf 88' lang='lat' dir='ltr'><strong>vestimenta</strong></span> <span class='ocrx_word' id='word_1_564' title='bbox 1658 4274 1892 4346; x_wconf 89' lang='lat' dir='ltr'><strong>aliaque,</strong></span> <span class='ocrx_word' id='word_1_565' title='bbox 1929 4278 2132 4348; x_wconf 89' lang='lat' dir='ltr'><strong>quibus</strong></span> 
     </span>
    </p>
   </div>
   <div class='ocr_carea' id='block_1_76' title="bbox 558 4361 2132 4436">
    <p class='ocr_par' dir='ltr' id='par_1_76' title="bbox 558 4361 2132 4436">
     <span class='ocr_line' id='line_1_76' title="bbox 558 4361 2132 4436; baseline 0.009 -25"><span class='ocrx_word' id='word_1_566' title='bbox 558 4366 935 4423; x_wconf 88' lang='lat' dir='ltr'><strong>conservatur,</strong></span> <span class='ocrx_word' id='word_1_567' title='bbox 1001 4361 1475 4432; x_wconf 87' lang='lat' dir='ltr'><strong>suppeditaturum</strong></span> <span class='ocrx_word' id='word_1_568' title='bbox 1512 4367 1800 4436; x_wconf 90' lang='lat' dir='ltr'><strong>promittit.</strong></span> <span class='ocrx_word' id='word_1_569' title='bbox 1865 4368 1944 4423; x_wconf 90' lang='lat' dir='ltr'><strong>Tu</strong></span> <span class='ocrx_word' id='word_1_570' title='bbox 1999 4385 2132 4426; x_wconf 85' lang='lat' dir='ltr'><strong>vero</strong></span> 
     </span>
    </p>
   </div>
   <div class='ocr_carea' id='block_1_77' title="bbox 560 4444 2131 4525">
    <p class='ocr_par' dir='ltr' id='par_1_77' title="bbox 560 4444 2131 4525">
     <span class='ocr_line' id='line_1_77' title="bbox 560 4444 2131 4525; baseline 0.006 -20"><span class='ocrx_word' id='word_1_571' title='bbox 560 4451 662 4506; x_wconf 90' lang='lat' dir='ltr'><strong>ista</strong></span> <span class='ocrx_word' id='word_1_572' title='bbox 707 4456 892 4523; x_wconf 75' lang='lat' dir='ltr'><strong>gratiae</strong></span> <span class='ocrx_word' id='word_1_573' title='bbox 946 4464 1002 4509; x_wconf 90' lang='lat' dir='ltr'><strong>et</strong></span> <span class='ocrx_word' id='word_1_574' title='bbox 1058 4444 1409 4525; x_wconf 83' lang='lat' dir='ltr'><strong>benignitatis</strong></span> <span class='ocrx_word' id='word_1_575' title='bbox 1464 4473 1692 4513; x_wconf 88' lang='lat' dir='ltr'><strong>munera</strong></span> <span class='ocrx_word' id='word_1_576' title='bbox 1736 4460 1805 4515; x_wconf 88' lang='lat' dir='ltr'><strong>ad</strong></span> <span class='ocrx_word' id='word_1_577' title='bbox 1854 4460 2131 4517; x_wconf 89' lang='lat' dir='ltr'><strong>contraria</strong></span> 
     </span>
    </p>
   </div>
   <div class='ocr_carea' id='block_1_78' title="bbox 2230 3266 3802 3339">
    <p class='ocr_par' dir='ltr' id='par_1_78' title="bbox 2230 3266 3802 3339">
     <span class='ocr_line' id='line_1_78' title="bbox 2230 3266 3802 3339; baseline -0.001 -16"><span class='ocrx_word' id='word_1_578' title='bbox 2230 3267 2319 3323; x_wconf 88' lang='grc' dir='ltr'><strong>τὸν</strong></span> <span class='ocrx_word' id='word_1_579' title='bbox 2346 3268 2560 3339; x_wconf 84' lang='grc' dir='ltr'>χόρτον,</span> <span class='ocrx_word' id='word_1_580' title='bbox 2594 3267 2733 3339; x_wconf 71' lang='grc' dir='ltr'>τίςοή</span> <span class='ocrx_word' id='word_1_581' title='bbox 2781 3266 3106 3338; x_wconf 85' lang='grc' dir='ltr'>λαμπρότης</span> <span class='ocrx_word' id='word_1_582' title='bbox 3138 3268 3235 3320; x_wconf 80' lang='grc' dir='ltr'>καὶ</span> <span class='ocrx_word' id='word_1_583' title='bbox 3284 3267 3456 3339; x_wconf 80' lang='grc' dir='ltr'>πόσηι</span> <span class='ocrx_word' id='word_1_584' title='bbox 3491 3267 3585 3331; x_wconf 77' lang='grc' dir='ltr'><strong>Εἰς</strong></span> <span class='ocrx_word' id='word_1_585' title='bbox 3621 3266 3802 3321; x_wconf 76' lang='grc' dir='ltr'>δευτέι-</span> 
     </span>
    </p>
   </div>
   <div class='ocr_carea' id='block_1_79' title="bbox 2232 3355 3806 3430">
    <p class='ocr_par' dir='ltr' id='par_1_79' title="bbox 2232 3355 3806 3430">
     <span class='ocr_line' id='line_1_79' title="bbox 2232 3355 3806 3430; baseline 0.001 -17"><span class='ocrx_word' id='word_1_586' title='bbox 2232 3378 2332 3430; x_wconf 94' lang='grc' dir='ltr'><strong>ραν</strong></span> <span class='ocrx_word' id='word_1_587' title='bbox 2362 3358 2526 3429; x_wconf 87' lang='grc' dir='ltr'>αῦτη,</span> <span class='ocrx_word' id='word_1_588' title='bbox 2566 3358 2665 3430; x_wconf 83' lang='grc' dir='ltr'>τὴν</span> <span class='ocrx_word' id='word_1_589' title='bbox 2710 3358 2769 3425; x_wconf 78' lang='grc' dir='ltr'><strong>ἐξ</strong></span> <span class='ocrx_word' id='word_1_590' title='bbox 2807 3357 3157 3429; x_wconf 83' lang='grc' dir='ltr'>ἀνθρωπίνης</span> <span class='ocrx_word' id='word_1_591' title='bbox 3186 3358 3465 3429; x_wconf 88' lang='grc' dir='ltr'>περινοίας</span> <span class='ocrx_word' id='word_1_592' title='bbox 3490 3355 3561 3412; x_wconf 86' lang='grc' dir='ltr'><strong>τά</strong></span> <span class='ocrx_word' id='word_1_593' title='bbox 3611 3359 3806 3430; x_wconf 85' lang='grc' dir='ltr'>πρῶτα</span> 
     </span>
    </p>
   </div>
   <div class='ocr_carea' id='block_1_80' title="bbox 2228 3443 3848 3522">
    <p class='ocr_par' dir='ltr' id='par_1_80' title="bbox 2228 3443 3848 3522">
     <span class='ocr_line' id='line_1_80' title="bbox 2228 3443 3848 3522; baseline -0.002 -17"><span class='ocrx_word' id='word_1_594' title='bbox 2228 3450 2501 3522; x_wconf 77' lang='grc' dir='ltr'>λαχοῦσαν</span> <span class='ocrx_word' id='word_1_595' title='bbox 2527 3449 2813 3521; x_wconf 82' lang='grc' dir='ltr'>βασιλικὴν</span> <span class='ocrx_word' id='word_1_596' title='bbox 2873 3448 3089 3520; x_wconf 79' lang='grc' dir='ltr'>στολὴν,</span> <span class='ocrx_word' id='word_1_597' title='bbox 3120 3448 3216 3503; x_wconf 70' lang='grc' dir='ltr'>καὶ</span> <span class='ocrx_word' id='word_1_598' title='bbox 3270 3451 3341 3520; x_wconf 78' lang='grc' dir='ltr'>τῇ</span> <span class='ocrx_word' id='word_1_599' title='bbox 3381 3447 3676 3520; x_wconf 65' lang='grc' dir='ltr'>πορφυρίδι</span> <span class='ocrx_word' id='word_1_600' title='bbox 3719 3450 3805 3502; x_wconf 83' lang='grc' dir='ltr'>ἐν-</span> <span class='ocrx_word' id='word_1_601' title='bbox 3839 3443 3848 3451; x_wconf 77' lang='grc'><em>’</em></span> 
     </span>
    </p>
   </div>
   <div class='ocr_carea' id='block_1_81' title="bbox 2229 3539 3807 3613">
    <p class='ocr_par' dir='ltr' id='par_1_81' title="bbox 2229 3539 3807 3613">
     <span class='ocr_line' id='line_1_81' title="bbox 2229 3539 3807 3613; baseline -0.002 -17"><span class='ocrx_word' id='word_1_602' title='bbox 2229 3540 2665 3613; x_wconf 89' lang='grc' dir='ltr'>αστράπτουσαν,</span> <span class='ocrx_word' id='word_1_603' title='bbox 2678 3540 3060 3610; x_wconf 85' lang='grc' dir='ltr'>παραπέμπει.</span> <span class='ocrx_word' id='word_1_604' title='bbox 3079 3539 3241 3610; x_wconf 74' lang='grc' dir='ltr'>Λέγω</span> <span class='ocrx_word' id='word_1_605' title='bbox 3254 3540 3365 3610; x_wconf 75' lang='grc' dir='ltr'>γὰρ</span> <span class='ocrx_word' id='word_1_606' title='bbox 3379 3540 3544 3602; x_wconf 80' lang='grc' dir='ltr'>ὑμῖν,</span> <span class='ocrx_word' id='word_1_607' title='bbox 3559 3540 3646 3593; x_wconf 85' lang='grc' dir='ltr'>ὅτι</span> <span class='ocrx_word' id='word_1_608' title='bbox 3659 3540 3807 3595; x_wconf 72' lang='grc' dir='ltr'>οὐδὲ</span> 
     </span>
    </p>
   </div>
   <div class='ocr_carea' id='block_1_82' title="bbox 2230 3630 3802 3705">
    <p class='ocr_par' dir='ltr' id='par_1_82' title="bbox 2230 3630 3802 3705">
     <span class='ocr_line' id='line_1_82' title="bbox 2230 3630 3802 3705; baseline -0.002 -16"><span class='ocrx_word' id='word_1_609' title='bbox 2230 3633 2515 3705; x_wconf 79' lang='grc' dir='ltr'>Σολομὼν</span> <span class='ocrx_word' id='word_1_610' title='bbox 2535 3633 2607 3687; x_wconf 81' lang='grc' dir='ltr'>ἐν</span> <span class='ocrx_word' id='word_1_611' title='bbox 2620 3631 2792 3702; x_wconf 81' lang='grc' dir='ltr'>πάσῃ</span> <span class='ocrx_word' id='word_1_612' title='bbox 2820 3630 2893 3701; x_wconf 80' lang='grc' dir='ltr'>τῇ</span> <span class='ocrx_word' id='word_1_613' title='bbox 2913 3631 3062 3701; x_wconf 79' lang='grc' dir='ltr'>δόξῃ</span> <span class='ocrx_word' id='word_1_614' title='bbox 3078 3631 3265 3687; x_wconf 86' lang='grc' dir='ltr'>αὐτοῦ</span> <span class='ocrx_word' id='word_1_615' title='bbox 3288 3632 3695 3700; x_wconf 73' lang='grc' dir='ltr'>περιεϐάλετο,</span> <span class='ocrx_word' id='word_1_616' title='bbox 3722 3633 3802 3700; x_wconf 82' lang='grc' dir='ltr'>ὡς</span> 
     </span>
    </p>
   </div>
   <div class='ocr_carea' id='block_1_83' title="bbox 2228 3718 3805 3797">
    <p class='ocr_par' dir='ltr' id='par_1_83' title="bbox 2228 3718 3805 3797">
     <span class='ocr_line' id='line_1_83' title="bbox 2228 3718 3805 3797; baseline -0.003 -15"><span class='ocrx_word' id='word_1_617' title='bbox 2228 3726 2299 3781; x_wconf 74' lang='grc' dir='ltr'>ἓν</span> <span class='ocrx_word' id='word_1_618' title='bbox 2326 3728 2573 3781; x_wconf 84' lang='grc' dir='ltr'>τούτων.</span> <span class='ocrx_word' id='word_1_619' title='bbox 2602 3724 2669 3778; x_wconf 87' lang='grc' dir='ltr'>Τί</span> <span class='ocrx_word' id='word_1_620' title='bbox 2698 3718 2791 3778; x_wconf 86' lang='grc' dir='ltr'><strong>οῦν</strong></span> <span class='ocrx_word' id='word_1_621' title='bbox 2821 3724 2920 3794; x_wconf 82' lang='grc' dir='ltr'>τὴν</span> <span class='ocrx_word' id='word_1_622' title='bbox 2953 3724 3053 3797; x_wconf 84' lang='grc' dir='ltr'><strong>μὲν</strong></span> <span class='ocrx_word' id='word_1_623' title='bbox 3078 3723 3174 3777; x_wconf 93' lang='grc' dir='ltr'><strong>τοῦ</strong></span> <span class='ocrx_word' id='word_1_624' title='bbox 3208 3724 3403 3795; x_wconf 89' lang='grc' dir='ltr'>χόρτου</span> <span class='ocrx_word' id='word_1_625' title='bbox 3446 3724 3740 3797; x_wconf 76' lang='grc' dir='ltr'>περιϐολὴν</span> <span class='ocrx_word' id='word_1_626' title='bbox 3775 3726 3805 3778; x_wconf 78' lang='grc' dir='ltr'><strong>δ</strong></span> 
     </span>
    </p>
   </div>
   <div class='ocr_carea' id='block_1_84' title="bbox 2229 3813 3808 3888">
    <p class='ocr_par' dir='ltr' id='par_1_84' title="bbox 2229 3813 3808 3888">
     <span class='ocr_line' id='line_1_84' title="bbox 2229 3813 3808 3888; baseline -0.002 -17"><span class='ocrx_word' id='word_1_627' title='bbox 2229 3815 2433 3885; x_wconf 88' lang='grc' dir='ltr'>ἀγαθὸς</span> <span class='ocrx_word' id='word_1_628' title='bbox 2458 3813 2771 3888; x_wconf 79' lang='grc' dir='ltr'>περιϐάλλει</span> <span class='ocrx_word' id='word_1_629' title='bbox 2792 3813 2943 3877; x_wconf 83' lang='grc' dir='ltr'>Θεὸς,</span> <span class='ocrx_word' id='word_1_630' title='bbox 2968 3814 3068 3882; x_wconf 83' lang='grc' dir='ltr'>τῆς</span> <span class='ocrx_word' id='word_1_631' title='bbox 3119 3814 3175 3868; x_wconf 85' lang='grc' dir='ltr'><strong>δέ</strong></span> <span class='ocrx_word' id='word_1_632' title='bbox 3207 3813 3497 3885; x_wconf 78' lang='grc' dir='ltr'>περιϐολῆς</span> <span class='ocrx_word' id='word_1_633' title='bbox 3516 3857 3531 3879; x_wconf 93' lang='grc'><strong>,</strong></span> <span class='ocrx_word' id='word_1_634' title='bbox 3560 3815 3629 3886; x_wconf 69' lang='grc' dir='ltr'>ἢν</span> <span class='ocrx_word' id='word_1_635' title='bbox 3657 3817 3689 3886; x_wconf 80' lang='grc' dir='ltr'>ἡ</span> <span class='ocrx_word' id='word_1_636' title='bbox 3717 3818 3808 3870; x_wconf 78' lang='grc' dir='ltr'>ἀν-</span> 
     </span>
    </p>
   </div>
   <div class='ocr_carea' id='block_1_85' title="bbox 2232 3902 3806 3977">
    <p class='ocr_par' dir='ltr' id='par_1_85' title="bbox 2232 3902 3806 3977">
     <span class='ocr_line' id='line_1_85' title="bbox 2232 3902 3806 3977; baseline -0.001 -18"><span class='ocrx_word' id='word_1_637' title='bbox 2232 3905 2476 3977; x_wconf 86' lang='grc' dir='ltr'>θρωπίνη</span> <span class='ocrx_word' id='word_1_638' title='bbox 2517 3904 2664 3977; x_wconf 75' lang='grc' dir='ltr'>ψυχὴ</span> <span class='ocrx_word' id='word_1_639' title='bbox 2686 3904 3099 3976; x_wconf 76' lang='grc' dir='ltr'>περιϐάλλεται,</span> <span class='ocrx_word' id='word_1_640' title='bbox 3128 3903 3190 3958; x_wconf 91' lang='grc' dir='ltr'><strong>τὸ</strong></span> <span class='ocrx_word' id='word_1_641' title='bbox 3218 3902 3379 3975; x_wconf 90' lang='grc' dir='ltr'>σῶμα</span> <span class='ocrx_word' id='word_1_642' title='bbox 3430 3905 3594 3973; x_wconf 85' lang='grc' dir='ltr'>λέγω,</span> <span class='ocrx_word' id='word_1_643' title='bbox 3648 3905 3806 3960; x_wconf 82' lang='grc' dir='ltr'>ἀλλον</span> 
     </span>
    </p>
   </div>
   <div class='ocr_carea' id='block_1_86' title="bbox 2230 3995 3807 4068">
    <p class='ocr_par' dir='ltr' id='par_1_86' title="bbox 2230 3995 3807 4068">
     <span class='ocr_line' id='line_1_86' title="bbox 2230 3995 3807 4068; baseline -0.001 -17"><span class='ocrx_word' id='word_1_644' title='bbox 2230 3999 2327 4051; x_wconf 74' lang='grc' dir='ltr'><strong>καὶ</strong></span> <span class='ocrx_word' id='word_1_645' title='bbox 2382 3998 2506 4068; x_wconf 76' lang='grc' dir='ltr'>οὐχὶ</span> <span class='ocrx_word' id='word_1_646' title='bbox 2543 3998 2634 4051; x_wconf 90' lang='grc' dir='ltr'><strong>τὸν</strong></span> <span class='ocrx_word' id='word_1_647' title='bbox 2684 3996 2850 4051; x_wconf 80' lang='grc' dir='ltr'>αὐτὸν</span> <span class='ocrx_word' id='word_1_648' title='bbox 2907 3995 3261 4067; x_wconf 78' lang='grc' dir='ltr'>ἐπιζητήσεις</span> <span class='ocrx_word' id='word_1_649' title='bbox 3293 3996 3662 4068; x_wconf 71' lang='grc' dir='ltr'>δημιουργόν;</span> <span class='ocrx_word' id='word_1_650' title='bbox 3698 3997 3807 4050; x_wconf 82' lang='grc' dir='ltr'><strong>Καὶ</strong></span> 
     </span>
    </p>
   </div>
   <div class='ocr_carea' id='block_1_87' title="bbox 2231 4087 3807 4161">
    <p class='ocr_par' dir='ltr' id='par_1_87' title="bbox 2231 4087 3807 4161">
     <span class='ocr_line' id='line_1_87' title="bbox 2231 4087 3807 4161; baseline -0.001 -19"><span class='ocrx_word' id='word_1_651' title='bbox 2231 4088 2350 4153; x_wconf 87' lang='grc' dir='ltr'><strong>πῶς</strong></span> <span class='ocrx_word' id='word_1_652' title='bbox 2384 4089 2505 4159; x_wconf 80' lang='grc' dir='ltr'>οὐχὶ</span> <span class='ocrx_word' id='word_1_653' title='bbox 2526 4087 2619 4142; x_wconf 90' lang='grc' dir='ltr'><strong>τοῦ</strong></span> <span class='ocrx_word' id='word_1_654' title='bbox 2653 4089 2733 4151; x_wconf 90' lang='grc' dir='ltr'><strong>είς</strong></span> <span class='ocrx_word' id='word_1_655' title='bbox 2750 4087 3004 4143; x_wconf 81' lang='grc' dir='ltr'>κλίϐανον</span> <span class='ocrx_word' id='word_1_656' title='bbox 3043 4087 3448 4159; x_wconf 51' lang='grc' dir='ltr'>ἐμϐαλλομένου</span> <span class='ocrx_word' id='word_1_657' title='bbox 3482 4088 3676 4161; x_wconf 86' lang='grc' dir='ltr'>χόρτου</span> <span class='ocrx_word' id='word_1_658' title='bbox 3709 4106 3807 4141; x_wconf 84' lang='grc' dir='ltr'>πο-</span> 
     </span>
    </p>
   </div>
   <div class='ocr_carea' id='block_1_88' title="bbox 2230 4174 3805 4249">
    <p class='ocr_par' dir='ltr' id='par_1_88' title="bbox 2230 4174 3805 4249">
     <span class='ocr_line' id='line_1_88' title="bbox 2230 4174 3805 4249; baseline -0.001 -17"><span class='ocrx_word' id='word_1_659' title='bbox 2230 4180 2296 4232; x_wconf 77' lang='grc' dir='ltr'><strong>λὺ</strong></span> <span class='ocrx_word' id='word_1_660' title='bbox 2326 4177 2714 4249; x_wconf 84' lang='grc' dir='ltr'>χαλεπωτέρας</span> <span class='ocrx_word' id='word_1_661' title='bbox 2760 4177 2987 4232; x_wconf 89' lang='grc' dir='ltr'>σεαυτὸν</span> <span class='ocrx_word' id='word_1_662' title='bbox 3025 4174 3299 4248; x_wconf 86' lang='grc' dir='ltr'>τιμωρίας</span> <span class='ocrx_word' id='word_1_663' title='bbox 3332 4175 3637 4230; x_wconf 80' lang='grc' dir='ltr'>ὑπεύθυνον</span> <span class='ocrx_word' id='word_1_664' title='bbox 3668 4178 3805 4231; x_wconf 86' lang='grc' dir='ltr'>ἀπο-</span> 
     </span>
    </p>
   </div>
   <div class='ocr_carea' id='block_1_89' title="bbox 2233 4266 3804 4340">
    <p class='ocr_par' dir='ltr' id='par_1_89' title="bbox 2233 4266 3804 4340">
     <span class='ocr_line' id='line_1_89' title="bbox 2233 4266 3804 4340; baseline 0.001 -19"><span class='ocrx_word' id='word_1_665' title='bbox 2233 4269 2478 4340; x_wconf 85' lang='grc' dir='ltr'>φαίνεις;</span> <span class='ocrx_word' id='word_1_666' title='bbox 2520 4269 2628 4321; x_wconf 88' lang='lat' dir='ltr'><strong>Kal</strong></span> <span class='ocrx_word' id='word_1_667' title='bbox 2656 4271 2685 4322; x_wconf 88' lang='grc' dir='ltr'><strong>ό</strong></span> <span class='ocrx_word' id='word_1_668' title='bbox 2720 4269 2819 4339; x_wconf 81' lang='grc' dir='ltr'><strong>μὲν</strong></span> <span class='ocrx_word' id='word_1_669' title='bbox 2847 4267 3042 4339; x_wconf 82' lang='grc' dir='ltr'>Σωτὴρ</span> <span class='ocrx_word' id='word_1_670' title='bbox 3069 4270 3180 4331; x_wconf 87' lang='grc' dir='ltr'>τοῖς</span> <span class='ocrx_word' id='word_1_671' title='bbox 3210 4267 3308 4339; x_wconf 78' lang='grc' dir='ltr'>τὴν</span> <span class='ocrx_word' id='word_1_672' title='bbox 3328 4266 3682 4339; x_wconf 82' lang='grc' dir='ltr'>δικαιοσύνην</span> <span class='ocrx_word' id='word_1_673' title='bbox 3705 4269 3804 4323; x_wconf 88' lang='grc' dir='ltr'><strong>τοῦ</strong></span> 
     </span>
    </p>
   </div>
   <div class='ocr_carea' id='block_1_90' title="bbox 2232 4358 3802 4431">
    <p class='ocr_par' dir='ltr' id='par_1_90' title="bbox 2232 4358 3802 4431">
     <span class='ocr_line' id='line_1_90' title="bbox 2232 4358 3802 4431; baseline 0.001 -16"><span class='ocrx_word' id='word_1_674' title='bbox 2232 4360 2391 4426; x_wconf 89' lang='grc' dir='ltr'>Θεοῦ,</span> <span class='ocrx_word' id='word_1_675' title='bbox 2431 4360 2524 4414; x_wconf 72' lang='grc' dir='ltr'>καὶ</span> <span class='ocrx_word' id='word_1_676' title='bbox 2552 4360 2647 4431; x_wconf 86' lang='grc' dir='ltr'>τὴν</span> <span class='ocrx_word' id='word_1_677' title='bbox 2683 4359 2961 4431; x_wconf 85' lang='grc' dir='ltr'>βασιλείαν</span> <span class='ocrx_word' id='word_1_678' title='bbox 2993 4360 3063 4413; x_wconf 78' lang='grc' dir='ltr'>δι’</span> <span class='ocrx_word' id='word_1_679' title='bbox 3091 4360 3270 4431; x_wconf 77' lang='grc' dir='ltr'>ἔργων</span> <span class='ocrx_word' id='word_1_680' title='bbox 3292 4358 3664 4431; x_wconf 75' lang='grc' dir='ltr'>ἐπιζητοῦσιν,</span> <span class='ocrx_word' id='word_1_681' title='bbox 3700 4363 3802 4416; x_wconf 82' lang='grc' dir='ltr'>αῦ-</span> 
     </span>
    </p>
   </div>
   <div class='ocr_carea' id='block_1_91' title="bbox 2233 4447 3805 4525">
    <p class='ocr_par' dir='ltr' id='par_1_91' title="bbox 2233 4447 3805 4525">
     <span class='ocr_line' id='line_1_91' title="bbox 2233 4447 3805 4525; baseline 0.001 -17"><span class='ocrx_word' id='word_1_682' title='bbox 2233 4454 2324 4508; x_wconf 88' lang='grc' dir='ltr'><strong>τὸν</strong></span> <span class='ocrx_word' id='word_1_683' title='bbox 2367 4456 2523 4525; x_wconf 76' lang='grc' dir='ltr'>ἡμῖν,</span> <span class='ocrx_word' id='word_1_684' title='bbox 2559 4447 2679 4525; x_wconf 79' lang='grc' dir='ltr'>οῦή</span> <span class='ocrx_word' id='word_1_685' title='bbox 2710 4453 2956 4524; x_wconf 87' lang='grc' dir='ltr'>βασιλεία</span> <span class='ocrx_word' id='word_1_686' title='bbox 2996 4454 3091 4507; x_wconf 78' lang='grc' dir='ltr'><strong>καὶ</strong></span> <span class='ocrx_word' id='word_1_687' title='bbox 3116 4454 3216 4524; x_wconf 82' lang='grc' dir='ltr'><strong>τὴν</strong></span> <span class='ocrx_word' id='word_1_688' title='bbox 3240 4454 3446 4525; x_wconf 80' lang='grc' dir='ltr'>τροφὴν</span> <span class='ocrx_word' id='word_1_689' title='bbox 3482 4456 3577 4509; x_wconf 73' lang='grc' dir='ltr'><strong>καὶ</strong></span> <span class='ocrx_word' id='word_1_690' title='bbox 3599 4457 3667 4509; x_wconf 89' lang='grc' dir='ltr'><strong>τά</strong></span> <span class='ocrx_word' id='word_1_691' title='bbox 3710 4460 3805 4510; x_wconf 78' lang='grc' dir='ltr'>ἐν-</span> 
     </span>
    </p>
   </div>
   <div class='ocr_carea' id='block_1_92' title="bbox 561 4543 2126 4623">
    <p class='ocr_par' dir='ltr' id='par_1_92' title="bbox 561 4543 2126 4621">
     <span class='ocr_line' id='line_1_92' title="bbox 561 4543 2126 4621; baseline 0.008 -27"><span class='ocrx_word' id='word_1_692' title='bbox 561 4544 743 4597; x_wconf 88' lang='lat' dir='ltr'><strong>omuia</strong></span> <span class='ocrx_word' id='word_1_693' title='bbox 768 4543 956 4598; x_wconf 80' lang='lat' dir='ltr'><strong>refers.</strong></span> <span class='ocrx_word' id='word_1_694' title='bbox 986 4544 1270 4610; x_wconf 86' lang='lat' dir='ltr'><strong>Quomodo</strong></span> <span class='ocrx_word' id='word_1_695' title='bbox 1318 4560 1449 4601; x_wconf 91' lang='lat' dir='ltr'><strong>vero</strong></span> <span class='ocrx_word' id='word_1_696' title='bbox 1483 4547 1619 4618; x_wconf 92' lang='lat' dir='ltr'><strong>ipse,</strong></span> <span class='ocrx_word' id='word_1_697' title='bbox 1654 4565 1713 4605; x_wconf 92' lang='lat' dir='ltr'><strong>se</strong></span> <span class='ocrx_word' id='word_1_698' title='bbox 1746 4565 1936 4605; x_wconf 91' lang='lat' dir='ltr'><strong>eorum</strong></span> <span class='ocrx_word' id='word_1_699' title='bbox 1988 4566 2126 4621; x_wconf 85' lang='lat' dir='ltr'><strong>quo-</strong></span> 
     </span>
    </p>
   </div>
   <div class='ocr_carea' id='block_1_93' title="bbox 2227 4543 3811 4623">
    <p class='ocr_par' dir='ltr' id='par_1_93' title="bbox 2235 4544 3811 4623">
     <span class='ocr_line' id='line_1_93' title="bbox 2235 4544 3811 4623; baseline -0.001 -20"><span class='ocrx_word' id='word_1_700' title='bbox 2235 4548 2475 4621; x_wconf 82' lang='grc' dir='ltr'>δύματα,</span> <span class='ocrx_word' id='word_1_701' title='bbox 2500 4548 2595 4604; x_wconf 76' lang='grc' dir='ltr'>καὶ</span> <span class='ocrx_word' id='word_1_702' title='bbox 2617 4544 2697 4615; x_wconf 75' lang='grc' dir='ltr'>οἷς</span> <span class='ocrx_word' id='word_1_703' title='bbox 2728 4548 2912 4612; x_wconf 84' lang='grc' dir='ltr'>ἀλλοις</span> <span class='ocrx_word' id='word_1_704' title='bbox 2956 4548 3031 4602; x_wconf 84' lang='grc' dir='ltr'><strong>τὸ</strong></span> <span class='ocrx_word' id='word_1_705' title='bbox 3050 4548 3210 4620; x_wconf 91' lang='grc' dir='ltr'>σῶμα</span> <span class='ocrx_word' id='word_1_706' title='bbox 3240 4550 3543 4620; x_wconf 88' lang='grc' dir='ltr'>συνέχεται,</span> <span class='ocrx_word' id='word_1_707' title='bbox 3569 4552 3811 4623; x_wconf 78' lang='grc' dir='ltr'>χορηγή-</span> 
     </span>
    </p>
   </div>
   <div class='ocr_carea' id='block_1_94' title="bbox 565 4635 2130 4713">
    <p class='ocr_par' dir='ltr' id='par_1_94' title="bbox 565 4635 2130 4713">
     <span class='ocr_line' id='line_1_94' title="bbox 565 4635 2130 4713; baseline 0.008 -29"><span class='ocrx_word' id='word_1_708' title='bbox 565 4648 685 4686; x_wconf 90' lang='lat' dir='ltr'><strong>rum</strong></span> <span class='ocrx_word' id='word_1_709' title='bbox 728 4649 839 4689; x_wconf 90' lang='lat' dir='ltr'><strong>non</strong></span> <span class='ocrx_word' id='word_1_710' title='bbox 870 4644 953 4690; x_wconf 91' lang='lat' dir='ltr'><strong>est</strong></span> <span class='ocrx_word' id='word_1_711' title='bbox 978 4644 1190 4701; x_wconf 91' lang='lat' dir='ltr'><strong>auctor,</strong></span> <span class='ocrx_word' id='word_1_712' title='bbox 1226 4635 1321 4691; x_wconf 90' lang='lat' dir='ltr'><strong>sed</strong></span> <span class='ocrx_word' id='word_1_713' title='bbox 1353 4654 1473 4708; x_wconf 67' lang='lat' dir='ltr'><strong>qua:</strong></span> <span class='ocrx_word' id='word_1_714' title='bbox 1516 4640 1744 4698; x_wconf 79' lang='lat' dir='ltr'><strong>alterius</strong></span> <span class='ocrx_word' id='word_1_715' title='bbox 1770 4652 1899 4697; x_wconf 91' lang='lat' dir='ltr'><strong>sunt</strong></span> <span class='ocrx_word' id='word_1_716' title='bbox 1942 4658 2130 4713; x_wconf 85' lang='lat' dir='ltr'><strong>opera,</strong></span> 
     </span>
    </p>
   </div>
   <div class='ocr_carea' id='block_1_95' title="bbox 562 4724 2137 4802">
    <p class='ocr_par' dir='ltr' id='par_1_95' title="bbox 562 4724 2137 4802">
     <span class='ocr_line' id='line_1_95' title="bbox 562 4724 2137 4802; baseline 0.008 -26"><span class='ocrx_word' id='word_1_717' title='bbox 562 4732 841 4777; x_wconf 88' lang='lat' dir='ltr'><strong>auctorem</strong></span> <span class='ocrx_word' id='word_1_718' title='bbox 890 4724 1179 4781; x_wconf 85' lang='lat' dir='ltr'><strong>inscribit?</strong></span> <span class='ocrx_word' id='word_1_719' title='bbox 1205 4726 1509 4799; x_wconf 86' lang='lat' dir='ltr'><strong>Quomodo,</strong></span> <span class='ocrx_word' id='word_1_720' title='bbox 1544 4734 1689 4802; x_wconf 83' lang='lat' dir='ltr'><strong>quod</strong></span> <span class='ocrx_word' id='word_1_721' title='bbox 1714 4734 1894 4788; x_wconf 90' lang='lat' dir='ltr'><strong>adhuc</strong></span> <span class='ocrx_word' id='word_1_722' title='bbox 1940 4736 2137 4788; x_wconf 88' lang='lat' dir='ltr'><strong>absur-</strong></span> 
     </span>
    </p>
   </div>
   <div class='ocr_carea' id='block_1_96' title="bbox 564 4814 2138 4890">
    <p class='ocr_par' dir='ltr' id='par_1_96' title="bbox 564 4814 2138 4890">
     <span class='ocr_line' id='line_1_96' title="bbox 564 4814 2138 4890; baseline 0.008 -23"><span class='ocrx_word' id='word_1_723' title='bbox 564 4814 685 4869; x_wconf 92' lang='lat' dir='ltr'><strong>dius</strong></span> <span class='ocrx_word' id='word_1_724' title='bbox 717 4824 818 4880; x_wconf 91' lang='lat' dir='ltr'><strong>est,</strong></span> <span class='ocrx_word' id='word_1_725' title='bbox 843 4830 899 4870; x_wconf 91' lang='lat' dir='ltr'><strong>se</strong></span> <span class='ocrx_word' id='word_1_726' title='bbox 946 4815 1263 4874; x_wconf 90' lang='lat' dir='ltr'><strong>hominibus</strong></span> <span class='ocrx_word' id='word_1_727' title='bbox 1294 4835 1393 4890; x_wconf 94' lang='lat' dir='ltr'><strong>pro</strong></span> <span class='ocrx_word' id='word_1_728' title='bbox 1422 4822 1625 4878; x_wconf 89' lang='lat' dir='ltr'><strong>virtute</strong></span> <span class='ocrx_word' id='word_1_729' title='bbox 1665 4823 2060 4879; x_wconf 85' lang='lat' dir='ltr'><strong>dimicantibus</strong></span> <span class='ocrx_word' id='word_1_730' title='bbox 2082 4834 2138 4880; x_wconf 90' lang='lat' dir='ltr'><strong>et</strong></span> 
     </span>
    </p>
   </div>
   <div class='ocr_carea' id='block_1_97' title="bbox 563 4913 2137 4985">
    <p class='ocr_par' dir='ltr' id='par_1_97' title="bbox 563 4913 2137 4985">
     <span class='ocr_line' id='line_1_97' title="bbox 563 4913 2137 4985; baseline 0.008 -26"><span class='ocrx_word' id='word_1_731' title='bbox 563 4921 792 4976; x_wconf 88' lang='lat' dir='ltr'><strong>regnum</strong></span> <span class='ocrx_word' id='word_1_732' title='bbox 858 4922 1017 4962; x_wconf 90' lang='lat' dir='ltr'><strong>suum</strong></span> <span class='ocrx_word' id='word_1_733' title='bbox 1057 4913 1453 4980; x_wconf 64' lang='lat' dir='ltr'><strong>quaerentibus,</strong></span> <span class='ocrx_word' id='word_1_734' title='bbox 1515 4916 1681 4970; x_wconf 90' lang='lat' dir='ltr'><strong>talem</strong></span> <span class='ocrx_word' id='word_1_735' title='bbox 1715 4916 1880 4981; x_wconf 81' lang='lat' dir='ltr'><strong>sistit,</strong></span> <span class='ocrx_word' id='word_1_736' title='bbox 1921 4917 2013 4985; x_wconf 89' lang='lat' dir='ltr'><strong>qui</strong></span> <span class='ocrx_word' id='word_1_737' title='bbox 2059 4918 2137 4972; x_wconf 90' lang='lat' dir='ltr'><strong>eis</strong></span> 
     </span>
    </p>
   </div>
   <div class='ocr_carea' id='block_1_98' title="bbox 560 4997 2132 5074">
    <p class='ocr_par' dir='ltr' id='par_1_98' title="bbox 560 4997 2132 5074">
     <span class='ocr_line' id='line_1_98' title="bbox 560 4997 2132 5074; baseline 0.008 -23"><span class='ocrx_word' id='word_1_738' title='bbox 560 4998 728 5052; x_wconf 90' lang='lat' dir='ltr'><strong>malas</strong></span> <span class='ocrx_word' id='word_1_739' title='bbox 776 4997 898 5053; x_wconf 84' lang='lat' dir='ltr'><strong>Mali</strong></span> <span class='ocrx_word' id='word_1_740' title='bbox 945 5010 1223 5058; x_wconf 90' lang='lat' dir='ltr'><strong>creaturas</strong></span> <span class='ocrx_word' id='word_1_741' title='bbox 1266 5006 1555 5074; x_wconf 67' lang='lat' dir='ltr'><strong>praemium</strong></span> <span class='ocrx_word' id='word_1_742' title='bbox 1588 5007 1753 5063; x_wconf 87' lang='lat' dir='ltr'><strong>studii</strong></span> <span class='ocrx_word' id='word_1_743' title='bbox 1808 5007 1915 5073; x_wconf 93' lang='lat' dir='ltr'><strong>sui,</strong></span> <span class='ocrx_word' id='word_1_744' title='bbox 1946 5008 2132 5064; x_wconf 89' lang='lat' dir='ltr'><strong>divino</strong></span> 
     </span>
    </p>
   </div>
   <div class='ocr_carea' id='block_1_99' title="bbox 558 5089 2135 5166">
    <p class='ocr_par' dir='ltr' id='par_1_99' title="bbox 558 5089 2135 5166">
     <span class='ocr_line' id='line_1_99' title="bbox 558 5089 2135 5166; baseline 0.01 -25"><span class='ocrx_word' id='word_1_745' title='bbox 558 5104 741 5144; x_wconf 88' lang='lat' dir='ltr'><strong>amore</strong></span> <span class='ocrx_word' id='word_1_746' title='bbox 772 5089 941 5160; x_wconf 91' lang='lat' dir='ltr'><strong>pleni,</strong></span> <span class='ocrx_word' id='word_1_747' title='bbox 986 5102 1041 5147; x_wconf 90' lang='lat' dir='ltr'><strong>et</strong></span> <span class='ocrx_word' id='word_1_748' title='bbox 1064 5094 1429 5149; x_wconf 87' lang='lat' dir='ltr'><strong>certaminum</strong></span> <span class='ocrx_word' id='word_1_749' title='bbox 1462 5096 1824 5166; x_wconf 89' lang='lat' dir='ltr'><strong>plurimorum</strong></span> <span class='ocrx_word' id='word_1_750' title='bbox 1874 5099 2052 5155; x_wconf 90' lang='lat' dir='ltr'><strong>tradat</strong></span> <span class='ocrx_word' id='word_1_751' title='bbox 2080 5110 2135 5157; x_wconf 89' lang='lat' dir='ltr'><strong>et</strong></span> 
     </span>
    </p>
   </div>
   <div class='ocr_carea' id='block_1_100' title="bbox 560 5181 848 5237">
    <p class='ocr_par' dir='ltr' id='par_1_100' title="bbox 560 5181 848 5237">
     <span class='ocr_line' id='line_1_100' title="bbox 560 5181 848 5237; baseline 0 -2"><span class='ocrx_word' id='word_1_752' title='bbox 560 5196 623 5235; x_wconf 80' lang='lat' dir='ltr'><strong>ex</strong></span> <span class='ocrx_word' id='word_1_753' title='bbox 632 5181 848 5237; x_wconf 72' lang='lat' dir='ltr'><strong>hibeat“?</strong></span> 
     </span>
    </p>
   </div>
   <div class='ocr_carea' id='block_1_101' title="bbox 632 5433 2131 5521">
    <p class='ocr_par' dir='ltr' id='par_1_101' title="bbox 632 5433 2131 5521">
     <span class='ocr_line' id='line_1_101' title="bbox 632 5433 2131 5521; baseline 0.009 -26"><span class='ocrx_word' id='word_1_754' title='bbox 632 5441 769 5497; x_wconf 83' lang='lat' dir='ltr'><strong>XIII.</strong></span> <span class='ocrx_word' id='word_1_755' title='bbox 806 5442 962 5509; x_wconf 87' lang='lat' dir='ltr'><strong>Quod</strong></span> <span class='ocrx_word' id='word_1_756' title='bbox 1009 5457 1141 5499; x_wconf 90' lang='lat' dir='ltr'><strong>vero</strong></span> <span class='ocrx_word' id='word_1_757' title='bbox 1178 5444 1264 5500; x_wconf 83' lang='lat' dir='ltr'><strong>lex</strong></span> <span class='ocrx_word' id='word_1_758' title='bbox 1305 5457 1571 5502; x_wconf 88' lang='lat' dir='ltr'><strong>consonet</strong></span> <span class='ocrx_word' id='word_1_759' title='bbox 1620 5450 1825 5521; x_wconf 56' lang='lat' dir='ltr'><strong>gratia},</strong></span> <span class='ocrx_word' id='word_1_760' title='bbox 1856 5433 1992 5507; x_wconf 84' lang='lat' dir='ltr'><strong>adeo</strong></span> <span class='ocrx_word' id='word_1_761' title='bbox 2010 5468 2131 5508; x_wconf 91' lang='lat' dir='ltr'><strong>cer-</strong></span> 
     </span>
    </p>
   </div>
   <div class='ocr_carea' id='block_1_102' title="bbox 559 5536 2133 5616">
    <p class='ocr_par' dir='ltr' id='par_1_102' title="bbox 559 5536 2133 5616">
     <span class='ocr_line' id='line_1_102' title="bbox 559 5536 2133 5616; baseline 0.008 -27"><span class='ocrx_word' id='word_1_762' title='bbox 559 5543 677 5589; x_wconf 92' lang='lat' dir='ltr'><strong>tum</strong></span> <span class='ocrx_word' id='word_1_763' title='bbox 707 5545 814 5597; x_wconf 90' lang='lat' dir='ltr'><strong>est,</strong></span> <span class='ocrx_word' id='word_1_764' title='bbox 848 5544 909 5589; x_wconf 92' lang='lat' dir='ltr'><strong>ut</strong></span> <span class='ocrx_word' id='word_1_765' title='bbox 931 5536 1103 5590; x_wconf 90' lang='lat' dir='ltr'><strong>altera</strong></span> <span class='ocrx_word' id='word_1_766' title='bbox 1127 5536 1197 5591; x_wconf 90' lang='lat' dir='ltr'><strong>ab</strong></span> <span class='ocrx_word' id='word_1_767' title='bbox 1228 5538 1401 5593; x_wconf 91' lang='lat' dir='ltr'><strong>altera</strong></span> <span class='ocrx_word' id='word_1_768' title='bbox 1442 5540 1765 5596; x_wconf 89' lang='lat' dir='ltr'><strong>stabiliatur.</strong></span> <span class='ocrx_word' id='word_1_769' title='bbox 1803 5542 1982 5599; x_wconf 87' lang='lat' dir='ltr'><strong>Gratia</strong></span> <span class='ocrx_word' id='word_1_770' title='bbox 2011 5547 2133 5616; x_wconf 88' lang='lat' dir='ltr'><strong>qui-</strong></span> 
     </span>
    </p>
   </div>
   <div class='ocr_carea' id='block_1_103' title="bbox 560 5628 2129 5706">
    <p class='ocr_par' dir='ltr' id='par_1_103' title="bbox 560 5628 2129 5706">
     <span class='ocr_line' id='line_1_103' title="bbox 560 5628 2129 5706; baseline 0.009 -27"><span class='ocrx_word' id='word_1_771' title='bbox 560 5628 704 5692; x_wconf 89' lang='lat' dir='ltr'><strong>dem,</strong></span> <span class='ocrx_word' id='word_1_772' title='bbox 743 5636 999 5697; x_wconf 90' lang='lat' dir='ltr'><strong>tanquam</strong></span> <span class='ocrx_word' id='word_1_773' title='bbox 1033 5643 1154 5698; x_wconf 76' lang='lat' dir='ltr'><strong>qua:</strong></span> <span class='ocrx_word' id='word_1_774' title='bbox 1184 5644 1213 5683; x_wconf 90' lang='lat' dir='ltr'><strong>a</strong></span> <span class='ocrx_word' id='word_1_775' title='bbox 1261 5629 1379 5702; x_wconf 87' lang='lat' dir='ltr'><strong>lege</strong></span> <span class='ocrx_word' id='word_1_776' title='bbox 1408 5632 1750 5704; x_wconf 68' lang='lat' dir='ltr'><strong>praafigurata</strong></span> <span class='ocrx_word' id='word_1_777' title='bbox 1787 5642 1843 5690; x_wconf 92' lang='lat' dir='ltr'><strong>et</strong></span> <span class='ocrx_word' id='word_1_778' title='bbox 1872 5652 2129 5706; x_wconf 59' lang='lat' dir='ltr'><strong>praenun-</strong></span> 
     </span>
    </p>
   </div>
   <div class='ocr_carea' id='block_1_104' title="bbox 2237 4638 3810 4712">
    <p class='ocr_par' dir='ltr' id='par_1_104' title="bbox 2237 4638 3810 4712">
     <span class='ocr_line' id='line_1_104' title="bbox 2237 4638 3810 4712; baseline -0.001 -19"><span class='ocrx_word' id='word_1_779' title='bbox 2237 4657 2354 4693; x_wconf 93' lang='grc' dir='ltr'>σειν</span> <span class='ocrx_word' id='word_1_780' title='bbox 2386 4640 2802 4709; x_wconf 83' lang='grc' dir='ltr'>ἐπαγγέλλεται.</span> <span class='ocrx_word' id='word_1_781' title='bbox 2820 4640 2892 4694; x_wconf 82' lang='grc' dir='ltr'><strong>Σὺ</strong></span> <span class='ocrx_word' id='word_1_782' title='bbox 2921 4638 2978 4693; x_wconf 82' lang='grc' dir='ltr'>δὲ</span> <span class='ocrx_word' id='word_1_783' title='bbox 3007 4640 3180 4696; x_wconf 87' lang='grc' dir='ltr'>ταῦτα</span> <span class='ocrx_word' id='word_1_784' title='bbox 3206 4640 3309 4711; x_wconf 83' lang='grc' dir='ltr'>τῆς</span> <span class='ocrx_word' id='word_1_785' title='bbox 3326 4640 3534 4712; x_wconf 78' lang='grc' dir='ltr'>δωρεᾶς</span> <span class='ocrx_word' id='word_1_786' title='bbox 3556 4641 3648 4696; x_wconf 78' lang='grc' dir='ltr'><strong>καὶ</strong></span> <span class='ocrx_word' id='word_1_787' title='bbox 3671 4658 3810 4711; x_wconf 67' lang='grc' dir='ltr'>χρη-</span> 
     </span>
    </p>
   </div>
   <div class='ocr_carea' id='block_1_105' title="bbox 2237 4726 3811 4803">
    <p class='ocr_par' dir='ltr' id='par_1_105' title="bbox 2237 4726 3811 4803">
     <span class='ocr_line' id='line_1_105' title="bbox 2237 4726 3811 4803; baseline -0.001 -20"><span class='ocrx_word' id='word_1_788' title='bbox 2237 4730 2492 4801; x_wconf 83' lang='grc' dir='ltr'>στότητος</span> <span class='ocrx_word' id='word_1_789' title='bbox 2521 4732 2600 4794; x_wconf 86' lang='grc' dir='ltr'><strong>είς</strong></span> <span class='ocrx_word' id='word_1_790' title='bbox 2627 4730 2979 4803; x_wconf 85' lang='grc' dir='ltr'>ἀλλοτρίωσιν</span> <span class='ocrx_word' id='word_1_791' title='bbox 3000 4729 3348 4794; x_wconf 77' lang='grc' dir='ltr'>ὑποσάλλεις.</span> <span class='ocrx_word' id='word_1_792' title='bbox 3381 4732 3494 4785; x_wconf 86' lang='lat' dir='ltr'><strong>Kal</strong></span> <span class='ocrx_word' id='word_1_793' title='bbox 3534 4731 3668 4795; x_wconf 79' lang='grc' dir='ltr'>πῶς,</span> <span class='ocrx_word' id='word_1_794' title='bbox 3696 4726 3811 4784; x_wconf 62' lang='grc' dir='ltr'><strong>ὧν-</strong></span> 
     </span>
    </p>
   </div>
   <div class='ocr_carea' id='block_1_106' title="bbox 2235 4819 3812 4893">
    <p class='ocr_par' dir='ltr' id='par_1_106' title="bbox 2235 4819 3812 4893">
     <span class='ocr_line' id='line_1_106' title="bbox 2235 4819 3812 4893; baseline 0.006 -20"><span class='ocrx_word' id='word_1_795' title='bbox 2235 4836 2342 4892; x_wconf 92' lang='grc' dir='ltr'><strong>περ</strong></span> <span class='ocrx_word' id='word_1_796' title='bbox 2372 4821 2531 4883; x_wconf 82' lang='grc' dir='ltr'>αὐτὸς</span> <span class='ocrx_word' id='word_1_797' title='bbox 2554 4821 2655 4875; x_wconf 86' lang='grc' dir='ltr'><strong>οὑκ</strong></span> <span class='ocrx_word' id='word_1_798' title='bbox 2685 4819 2799 4874; x_wconf 76' lang='grc' dir='ltr'>ἐστι</span> <span class='ocrx_word' id='word_1_799' title='bbox 2829 4821 3180 4892; x_wconf 81' lang='grc' dir='ltr'>προαγωγὸς,</span> <span class='ocrx_word' id='word_1_800' title='bbox 3225 4820 3341 4875; x_wconf 84' lang='grc' dir='ltr'>ἀλλ’</span> <span class='ocrx_word' id='word_1_801' title='bbox 3388 4821 3584 4893; x_wconf 82' lang='grc' dir='ltr'>ἐτέρας</span> <span class='ocrx_word' id='word_1_802' title='bbox 3631 4821 3812 4891; x_wconf 74' lang='grc' dir='ltr'>ἀρχῆς</span> 
     </span>
    </p>
   </div>
   <div class='ocr_carea' id='block_1_107' title="bbox 2238 4912 3812 4988">
    <p class='ocr_par' dir='ltr' id='par_1_107' title="bbox 2238 4912 3812 4988">
     <span class='ocr_line' id='line_1_107' title="bbox 2238 4912 3812 4988; baseline 0.001 -22"><span class='ocrx_word' id='word_1_803' title='bbox 2238 4912 2545 4982; x_wconf 84' lang='grc' dir='ltr'>πεφύκασιν</span> <span class='ocrx_word' id='word_1_804' title='bbox 2566 4914 2723 4984; x_wconf 76' lang='grc' dir='ltr'>ἔργα,</span> <span class='ocrx_word' id='word_1_805' title='bbox 2761 4914 2925 4968; x_wconf 82' lang='grc' dir='ltr'>αὑτὸν</span> <span class='ocrx_word' id='word_1_806' title='bbox 2954 4916 3268 4986; x_wconf 79' lang='grc' dir='ltr'>ἀναγράφει</span> <span class='ocrx_word' id='word_1_807' title='bbox 3289 4915 3568 4988; x_wconf 82' lang='grc' dir='ltr'>παροχέα;</span> <span class='ocrx_word' id='word_1_808' title='bbox 3604 4916 3708 4971; x_wconf 84' lang='lat' dir='ltr'><strong>Kal</strong></span> <span class='ocrx_word' id='word_1_809' title='bbox 3740 4916 3812 4968; x_wconf 85' lang='grc' dir='ltr'><strong>τὸ</strong></span> 
     </span>
    </p>
   </div>
   <div class='ocr_carea' id='block_1_108' title="bbox 2235 5002 3813 5079">
    <p class='ocr_par' dir='ltr' id='par_1_108' title="bbox 2235 5002 3813 5079">
     <span class='ocr_line' id='line_1_108' title="bbox 2235 5002 3813 5079; baseline 0 -22"><span class='ocrx_word' id='word_1_810' title='bbox 2235 5002 2314 5057; x_wconf 83' lang='grc' dir='ltr'><strong>ἐτι</strong></span> <span class='ocrx_word' id='word_1_811' title='bbox 2342 5003 2708 5074; x_wconf 82' lang='grc' dir='ltr'>ἀτοπώτερον,</span> <span class='ocrx_word' id='word_1_812' title='bbox 2764 5006 2880 5069; x_wconf 88' lang='grc' dir='ltr'>τοῖς</span> <span class='ocrx_word' id='word_1_813' title='bbox 2910 5006 3009 5076; x_wconf 78' lang='grc' dir='ltr'>τῆς</span> <span class='ocrx_word' id='word_1_814' title='bbox 3064 5004 3268 5079; x_wconf 83' lang='grc' dir='ltr'>ἀρετῆς</span> <span class='ocrx_word' id='word_1_815' title='bbox 3329 5006 3659 5075; x_wconf 85' lang='grc' dir='ltr'>ἀγωνισταῖς</span> <span class='ocrx_word' id='word_1_816' title='bbox 3705 5007 3813 5058; x_wconf 75' lang='grc' dir='ltr'>καὶ</span> 
     </span>
    </p>
   </div>
   <div class='ocr_carea' id='block_1_109' title="bbox 2236 5090 3817 5169">
    <p class='ocr_par' dir='ltr' id='par_1_109' title="bbox 2236 5090 3817 5169">
     <span class='ocr_line' id='line_1_109' title="bbox 2236 5090 3817 5169; baseline 0.004 -23"><span class='ocrx_word' id='word_1_817' title='bbox 2236 5092 2334 5164; x_wconf 87' lang='grc' dir='ltr'>τὴν</span> <span class='ocrx_word' id='word_1_818' title='bbox 2366 5092 2641 5164; x_wconf 86' lang='grc' dir='ltr'>βασιλείαν</span> <span class='ocrx_word' id='word_1_819' title='bbox 2668 5094 2836 5149; x_wconf 81' lang='grc' dir='ltr'>αὑτοῦ</span> <span class='ocrx_word' id='word_1_820' title='bbox 2870 5096 3129 5151; x_wconf 81' lang='grc' dir='ltr'>ποθοῦσιν</span> <span class='ocrx_word' id='word_1_821' title='bbox 3160 5090 3248 5151; x_wconf 75' lang='grc' dir='ltr'>οἷα</span> <span class='ocrx_word' id='word_1_822' title='bbox 3271 5096 3336 5169; x_wconf 79' lang='grc' dir='ltr'>δὴ</span> <span class='ocrx_word' id='word_1_823' title='bbox 3360 5097 3551 5168; x_wconf 89' lang='grc' dir='ltr'>μισθὸν</span> <span class='ocrx_word' id='word_1_824' title='bbox 3589 5096 3817 5169; x_wconf 78' lang='grc' dir='ltr'>καὶτῆς</span> 
     </span>
    </p>
   </div>
   <div class='ocr_carea' id='block_1_110' title="bbox 2241 5185 3818 5261">
    <p class='ocr_par' dir='ltr' id='par_1_110' title="bbox 2241 5185 3818 5261">
     <span class='ocr_line' id='line_1_110' title="bbox 2241 5185 3818 5261; baseline 0.002 -22"><span class='ocrx_word' id='word_1_825' title='bbox 2241 5185 2489 5254; x_wconf 83' lang='grc' dir='ltr'>φιλοθέου</span> <span class='ocrx_word' id='word_1_826' title='bbox 2520 5185 2832 5257; x_wconf 89' lang='grc' dir='ltr'>προθυμίας</span> <span class='ocrx_word' id='word_1_827' title='bbox 2864 5188 2958 5241; x_wconf 76' lang='grc' dir='ltr'>καὶ</span> <span class='ocrx_word' id='word_1_828' title='bbox 2984 5187 3095 5242; x_wconf 89' lang='grc' dir='ltr'><strong>τῶν</strong></span> <span class='ocrx_word' id='word_1_829' title='bbox 3115 5187 3386 5261; x_wconf 89' lang='grc' dir='ltr'>ἀορίστων</span> <span class='ocrx_word' id='word_1_830' title='bbox 3407 5189 3818 5261; x_wconf 83' lang='grc' dir='ltr'>ἀγωνισμάτων</span> 
     </span>
    </p>
   </div>
   <div class='ocr_carea' id='block_1_111' title="bbox 2236 5276 3818 5353">
    <p class='ocr_par' dir='ltr' id='par_1_111' title="bbox 2236 5276 3818 5353">
     <span class='ocr_line' id='line_1_111' title="bbox 2236 5276 3818 5353; baseline 0.002 -22"><span class='ocrx_word' id='word_1_831' title='bbox 2236 5277 2307 5331; x_wconf 90' lang='grc' dir='ltr'><strong>τά</strong></span> <span class='ocrx_word' id='word_1_832' title='bbox 2332 5276 2423 5331; x_wconf 89' lang='grc' dir='ltr'><strong>τοῦ</strong></span> <span class='ocrx_word' id='word_1_833' title='bbox 2456 5277 2701 5349; x_wconf 84' lang='grc' dir='ltr'>Πονηροῦ</span> <span class='ocrx_word' id='word_1_834' title='bbox 2735 5278 3195 5352; x_wconf 82' lang='grc' dir='ltr'>δημιουργήματα</span> <span class='ocrx_word' id='word_1_835' title='bbox 3234 5280 3545 5353; x_wconf 86' lang='grc' dir='ltr'>παρέχοντά</span> <span class='ocrx_word' id='word_1_836' title='bbox 3600 5298 3654 5335; x_wconf 82' lang='grc' dir='ltr'><strong>τε</strong></span> <span class='ocrx_word' id='word_1_837' title='bbox 3704 5282 3818 5335; x_wconf 78' lang='grc' dir='ltr'><strong>καὶ</strong></span> 
     </span>
    </p>
   </div>
   <div class='ocr_carea' id='block_1_112' title="bbox 2235 5362 3331 5438">
    <p class='ocr_par' dir='ltr' id='par_1_112' title="bbox 2235 5362 3331 5438">
     <span class='ocr_line' id='line_1_112' title="bbox 2235 5362 3331 5438; baseline -0.001 -13"><span class='ocrx_word' id='word_1_838' title='bbox 2235 5370 2655 5425; x_wconf 86' lang='grc' dir='ltr'>ἀνταποδιδόντα</span> <span class='ocrx_word' id='word_1_839' title='bbox 2672 5389 2687 5438; x_wconf 90' lang='grc'>;</span> <span class='ocrx_word' id='word_1_840' title='bbox 3328 5362 3331 5365; x_wconf 23' lang='grc'>¹</span> 
     </span>
    </p>
   </div>
   <div class='ocr_carea' id='block_1_113' title="bbox 2309 5464 3817 5541">
    <p class='ocr_par' dir='ltr' id='par_1_113' title="bbox 2309 5464 3817 5541">
     <span class='ocr_line' id='line_1_113' title="bbox 2309 5464 3817 5541; baseline 0.001 -24"><span class='ocrx_word' id='word_1_841' title='bbox 2309 5465 2407 5518; x_wconf 83' lang='lat' dir='ltr'><strong>II&quot;.</strong></span> <span class='ocrx_word' id='word_1_842' title='bbox 2434 5464 2557 5517; x_wconf 76' lang='grc' dir='ltr'>Ὀτι</span> <span class='ocrx_word' id='word_1_843' title='bbox 2589 5465 2771 5536; x_wconf 89' lang='grc' dir='ltr'>μέντοι</span> <span class='ocrx_word' id='word_1_844' title='bbox 2796 5464 3084 5537; x_wconf 84' lang='grc' dir='ltr'>σύμφωνος</span> <span class='ocrx_word' id='word_1_845' title='bbox 3106 5466 3136 5519; x_wconf 85' lang='grc' dir='ltr'><strong>ό</strong></span> <span class='ocrx_word' id='word_1_846' title='bbox 3164 5467 3327 5537; x_wconf 88' lang='grc' dir='ltr'>νόμος</span> <span class='ocrx_word' id='word_1_847' title='bbox 3358 5470 3423 5539; x_wconf 78' lang='grc' dir='ltr'>τῇ</span> <span class='ocrx_word' id='word_1_848' title='bbox 3449 5468 3649 5541; x_wconf 83' lang='grc' dir='ltr'>χάριτι,</span> <span class='ocrx_word' id='word_1_849' title='bbox 3672 5465 3817 5519; x_wconf 79' lang='grc' dir='ltr'>ἐκάο</span> 
     </span>
    </p>
   </div>
   <div class='ocr_carea' id='block_1_114' title="bbox 2236 5550 3822 5626">
    <p class='ocr_par' dir='ltr' id='par_1_114' title="bbox 2236 5550 3822 5626">
     <span class='ocr_line' id='line_1_114' title="bbox 2236 5550 3822 5626; baseline 0.003 -23"><span class='ocrx_word' id='word_1_850' title='bbox 2236 5567 2395 5623; x_wconf 89' lang='grc' dir='ltr'>τερον</span> <span class='ocrx_word' id='word_1_851' title='bbox 2422 5550 2489 5604; x_wconf 83' lang='grc' dir='ltr'>δι’</span> <span class='ocrx_word' id='word_1_852' title='bbox 2516 5552 2775 5624; x_wconf 79' lang='grc' dir='ltr'>ἐκατέρου</span> <span class='ocrx_word' id='word_1_853' title='bbox 2810 5553 3027 5624; x_wconf 83' lang='grc' dir='ltr'>δέχεται</span> <span class='ocrx_word' id='word_1_854' title='bbox 3047 5554 3147 5625; x_wconf 83' lang='grc' dir='ltr'>τὴν</span> <span class='ocrx_word' id='word_1_855' title='bbox 3170 5555 3481 5626; x_wconf 77' lang='grc' dir='ltr'>βεϐαίωσιν.</span> <span class='ocrx_word' id='word_1_856' title='bbox 3518 5557 3581 5609; x_wconf 85' lang='grc' dir='ltr'><strong><em>Ἦ</em></strong></span> <span class='ocrx_word' id='word_1_857' title='bbox 3608 5555 3696 5626; x_wconf 81' lang='grc' dir='ltr'>μὲν</span> <span class='ocrx_word' id='word_1_858' title='bbox 3728 5554 3822 5617; x_wconf 82' lang='grc' dir='ltr'>ὡς</span> 
     </span>
    </p>
   </div>
   <div class='ocr_carea' id='block_1_115' title="bbox 2242 5640 3818 5719">
    <p class='ocr_par' dir='ltr' id='par_1_115' title="bbox 2242 5640 3818 5719">
     <span class='ocr_line' id='line_1_115' title="bbox 2242 5640 3818 5719; baseline 0.002 -22"><span class='ocrx_word' id='word_1_859' title='bbox 2242 5642 2333 5697; x_wconf 81' lang='grc' dir='ltr'>ὑπ’</span> <span class='ocrx_word' id='word_1_860' title='bbox 2362 5640 2525 5697; x_wconf 84' lang='grc' dir='ltr'>αὐτοῦ</span> <span class='ocrx_word' id='word_1_861' title='bbox 2548 5643 3060 5718; x_wconf 82' lang='grc' dir='ltr'>προδιατυπουμένη</span> <span class='ocrx_word' id='word_1_862' title='bbox 3088 5662 3147 5700; x_wconf 86' lang='grc' dir='ltr'><strong>τε</strong></span> <span class='ocrx_word' id='word_1_863' title='bbox 3186 5647 3282 5701; x_wconf 72' lang='grc' dir='ltr'>καὶ</span> <span class='ocrx_word' id='word_1_864' title='bbox 3332 5644 3818 5719; x_wconf 81' lang='grc' dir='ltr'>προκαταγγελλο-</span> 
     </span>
    </p>
   </div>
   <div class='ocr_carea' id='block_1_116' title="bbox 633 5804 2362 5901">
    <p class='ocr_par' dir='ltr' id='par_1_116' title="bbox 633 5804 2362 5901">
     <span class='ocr_line' id='line_1_116' title="bbox 633 5804 2362 5901; baseline 0.008 -16"><span class='ocrx_word' id='word_1_865' title='bbox 633 5831 914 5888; x_wconf 78' lang='lat' dir='ltr'><strong>&quot;‘Mattli.</strong></span> <span class='ocrx_word' id='word_1_866' title='bbox 945 5834 1089 5899; x_wconf 71' lang='lat' dir='ltr'><strong>v1.9.</strong></span> <span class='ocrx_word' id='word_1_867' title='bbox 1166 5833 1513 5901; x_wconf 60' lang='lat' dir='ltr'><strong>&quot;Manu-.1,</strong></span> <span class='ocrx_word' id='word_1_868' title='bbox 1536 5835 1630 5890; x_wconf 67' lang='lat' dir='ltr'><strong>es;</strong></span> <span class='ocrx_word' id='word_1_869' title='bbox 1703 5804 2005 5895; x_wconf 59' lang='lat' dir='ltr'><strong>&quot;immeo.</strong></span> <span class='ocrx_word' id='word_1_870' title='bbox 2079 5838 2362 5899; x_wconf 59' lang='lat' dir='ltr'><strong>‘~ibid.29.</strong></span> 
     </span>
    </p>
   </div>
  </div>
