4022 6398
194 428 311 494 205

1223 441 1521 505 CONTRA
1552 446 2011 513 MANICHIEOS
2058 455 2291 518 LIBER
2341 459 2437 519 IV.

3361 464 3468 529 206

197 542 341 612 μένη
367 540 464 594 καὶ
486 534 597 597 οἷον
632 548 1147 622 προχαραττομένη,
1175 554 1270 607 καὶ
1307 557 1685 633 ἐμφαινομένη
1720 581 1770 616 τε

1883 566 2012 622 tiata
2055 576 2111 623 et
2156 571 2315 640 quasi
2367 586 2645 643 expressa,
2678 572 2791 630 imo
2849 567 3197 634 manifestata
3250 586 3308 635 et
3339 595 3468 651 pro-

198 639 299 691 καὶ
318 638 702 712 ἐνδεικνυμένη
724 645 837 708 τοῖς
850 646 1183 718 σκιάσμασιν
1196 666 1214 685 υ
1234 654 1263 705 6
1280 653 1336 706 δὲ
1349 653 1444 707 ἀτε
1461 654 1571 710 τῶν
1597 662 1778 731 προρ-

198 733 420 802 ῥήσεων
440 733 534 787 καὶ
559 740 1042 810 προχαραγμάτων
1070 742 1158 796 ἐπ’
1183 743 1364 816 ἔργοις
1392 749 1778 822 ἐκϐεϐηκότων

197 822 292 877 διά
314 825 414 896 τῆς
439 827 684 899 χάριτος,
701 829 795 882 καὶ
816 832 917 902 τὴν
934 833 992 886 ἐν
1026 835 1174 907 αὐτῷ
1194 837 1298 891 ὑπὸ
1321 842 1436 906 τοῖς
1457 845 1781 915 παραπετά-

201 929 380 982 σμασι
423 920 813 1008 κρυπτομένην
837 923 1327 1005 ἀνακαλυπτούσης
1360 951 1418 987 τε
1452 936 1546 989 καὶ
1573 937 1781 1008 ἀνακη-

203 1005 507 1077 ρυττούσης
545 1007 826 1079 ἀλήθειαν.
887 1012 950 1066 Ei
977 1015 1035 1069 δὲ
1168 1019 1231 1073 τὸ
1278 1021 1568 1092 σύμφωνον
1602 1003 1779 1081 συνδι-

196 1095 409 1160 έσωζον
426 1096 677 1167 ἀλλήλοις
692 1104 725 1172 ἡ
745 1104 908 1175 χάρις
932 1106 1028 1160 καὶ
1049 1108 1118 1161 τὰ
1146 1112 1254 1182 πρὸ
1281 1114 1379 1184 τῆς
1397 1115 1636 1187 χάριτος,
1661 1121 1781 1187 πῶς

198 1188 269 1241 ἂν
306 1188 343 1242 ἃ
374 1190 525 1283 παρά
550 1191 645 1245 τοῦ
679 1194 844 1266 νόμου
889 1200 985 1253 καὶ
1021 1200 1131 1257 τῶν
1188 1206 1485 1277 προφητῶν
1532 1211 1781 1283 ἐχρησμ-

197 1279 398 1372 ιρδήθη
413 1281 585 1372 ταῦτα
624 1287 929 1357 πανδήμοις
979 1291 1224 1362 ὄμμασιν
1247 1296 1428 1367 ὡρᾶτο
1459 1279 1778 1372 τελούμενα.

198 1370 328 1433 Πῶς
381 1370 438 1424 δὲ
484 1373 579 1426 καὶ
617 1377 646 1429 6
691 1376 884 1450 Σωτὴρ
925 1381 1083 1451 ἡμῶν
1120 1384 1245 1448 τοὺς
1291 1385 1525 1457 λεπροὺς
1576 1370 1799 1462 ῥήματι.

206 1461 493 1534 καθαίρων
545 1466 682 1536 πρὸς
733 1470 860 1533 τοὺς
905 1473 964 1526 ἐν
995 1475 1145 1547 νόμῳ
1196 1477 1364 1549 ίερεῖς
1401 1461 1638 1546 τούτους
1675 1485 1783 1538 ἀπ-

203 1552 449 1619 έστελλε,
501 1559 856 1628 προστάττων
885 1564 1106 1621 ἀπιέναι
1141 1570 1235 1623 καὶ
1265 1572 1631 1630 ἐπιδεικνύναι
1659 1576 1785 1631 τού-

196 1662 313 1709 τοις
344 1648 593 1716 ἑαυτοὺς,
638 1652 715 1718 ὡς
739 1656 769 1709 6
802 1657 966 1727 νόμος
997 1661 1235 1717 ἐκέλευε.
1274 1665 1385 1719 Kal
1411 1667 1474 1720 τὸ
1504 1669 1783 1739 ἰσχυρότε-

198 1754 296 1807 ρον
333 1749 724 1812 προσενεγκεῖν
757 1749 818 1801 τὸ
840 1748 1036 1818 δῶρον,
1067 1752 1143 1818 ὡς
1174 1756 1203 1807 6
1230 1755 1438 1827 Μωσῆς
1473 1758 1780 1824 διετάξατο.

197 1830 469 1887 Καὶείτά
499 1835 705 1891 παλαιά
750 1842 865 1904 τοῖς
907 1841 1048 1901 νέοις
1087 1845 1436 1917 διαμάχεται,
1489 1850 1608 1914 πῶς
1652 1853 1781 1917 τοὺς

196 1918 496 1991 πληρωτὰς
517 1925 627 1979 τῶν
648 1929 994 1986 Δεσποτικῶν
1045 1934 1276 1988 ἐντολῶν
1309 1938 1402 1990 καὶ
1452 1940 1775 1995 πολιτευσα-

200 2012 403 2079 μένους
432 2015 492 2067 ἐν
522 2020 588 2087 τῇ
619 2019 805 2089 χάριτι
841 2022 953 2076 ἀπὸ
974 2025 1253 2080 ἀνατολῶν
1288 2029 1383 2081 καὶ
1408 2029 1628 2099 δυσμῶν
1651 2049 1778 2085 συν-

194 2101 349 2169 άγων
394 2108 422 2158 ό
467 2108 656 2181 Σωτὴρ
702 2113 883 2178 αὐτὸς,
922 2117 1061 2186 μετά
1109 2117 1203 2171 τοῦ
1245 2119 1496 2192 Ἀϐραὰμ
1557 2124 1775 2179 καὶτοῦ

209 2194 400 2248 ἰσαάκ
433 2199 527 2251 καὶ
556 2201 650 2255 τοῦ
689 2202 903 2270 Ἰακὼϐ,
929 2208 1055 2271 τοὺς
1096 2210 1240 2262 κατὰ
1279 2213 1443 2282 νόμον
1474 2216 1778 2288 εὐηρεστητ-

194 2283 365 2350 κότας
389 2287 508 2360 Θεῷ
531 2292 589 2344 ἐν
609 2296 674 2364 τῇ
695 2294 959 2370 βασιλείᾳ.
974 2302 1285 2370 συνεισάγει
1298 2320 1357 2357 τε
1380 2305 1473 2357 καὶ
1497 2283 1780 2362 συντάττει

196 2377 309 2431 τῶν
336 2382 605 2452 οὐρανῶν.
650 2388 809 2442 Ἴσον
825 2389 881 2443 δέ
911 2392 1059 2445 ἐστιν
1081 2394 1256 2448 εἰπεῖν
1292 2396 1395 2465 τῆς
1445 2397 1613 2451 αὐτοῦ
1653 2416 1783 2468 συγ-

1884 657 2123 729 mulgata
2154 670 2239 724 est
2286 662 2452 718 variis
2512 664 3070 721 adumbrationibus:
3118 667 3201 721 lex
3286 677 3469 724 autem

1879 757 2165 819 postquam
2200 753 2584 822 praedictiones
2629 764 2683 810 et
2724 754 2909 827 ﬁgurae
2942 756 3046 811 illae
3080 772 3178 827 per
3220 760 3467 830 gratiam,

1881 836 1937 891 in
1968 854 2086 893 rem
2127 840 2303 910 ipsam
2350 842 2624 918 abierunt,
2657 859 2779 914 quae
2828 846 3139 913 veritatem,
3192 848 3297 902 sub
3331 849 3469 904 velis

1881 930 2001 1001 ejus
2030 932 2290 989 latentem
2328 936 2525 991 retexit
2570 945 2628 991 et
2665 937 2718 990 in
2752 937 2928 992 lucem
2974 940 3253 1008 produxit.
3310 940 3467 1006 Quod

1881 1023 1928 1077 si
1960 1038 2048 1078 res
2077 1025 2263 1095 gratiae
2292 1035 2347 1082 et
2377 1043 2465 1083 res
2504 1043 2625 1084 eam
2652 1039 2983 1100 antegressae
3024 1040 3275 1086 mutuam
3322 1032 3467 1087 hanc

1883 1117 2305 1172 consensionem
2362 1135 2474 1174 non
2528 1122 2873 1191 servassentf,
2925 1125 3220 1194 quomodo,
3279 1140 3402 1196 quae
3432 1142 3465 1181 a

1882 1208 2001 1279 lege
2031 1217 2086 1263 et
2116 1212 2397 1281 prophetis
2426 1215 2786 1282 praenuntiata
2805 1225 2980 1282 erant,
3010 1216 3255 1273 omnium
3287 1220 3463 1275 oculis

1884 1311 1946 1357 ut
1974 1302 2197 1373 impleta
2229 1316 2598 1376 apparuerunt
2620 1309 2644 1362 ?
2663 1306 2952 1374 Quomodo
2974 1326 3105 1366 vero
3126 1319 3184 1366 et
3198 1310 3464 1367 Servator

1883 1394 2090 1461 noster,
2149 1397 2396 1468 leprosos
2446 1400 2615 1456 verbo
2648 1402 2959 1468 mundatos,
3004 1403 3072 1458 ad
3125 1392 3479 1469 sacerdotes,

1884 1488 1977 1558 qui
2001 1490 2104 1544 sub
2135 1490 2252 1562 lege
2293 1499 2468 1557 erant,
2512 1493 2743 1564 ablegat,
2778 1494 2932 1549 abire
2961 1509 3079 1559 eos,
3132 1509 3300 1565 seque
3330 1495 3462 1565 ipsis

1884 1596 1951 1635 ex
1985 1590 2260 1652 praecepto
2292 1582 2424 1654 legis
2450 1586 2764 1651 ostendere,
2796 1586 2930 1653 imo,
2961 1586 3105 1656 quod
3149 1586 3270 1656 plus
3294 1587 3458 1653 valet,

1885 1671 2089 1727 donum
2122 1688 2149 1727 a
2182 1673 2327 1729 Mose
2365 1658 2699 1745 postulatum
2721 1677 3150 1748 olferrejubens.
3187 1676 3245 1732 Si
3277 1686 3462 1733 vetera

1884 1764 2046 1819 novis
2099 1766 2347 1835 opposita
2399 1775 2549 1833 sunt,
2602 1768 2876 1837 quomodo
2918 1783 3035 1833 eos,
3092 1768 3197 1838 qui
3246 1769 3460 1824 Domini

1886 1864 2158 1927 praecepta
2220 1857 2609 1928 impleverunt,
2657 1868 2714 1916 et
2746 1860 2800 1915 in
2850 1861 3023 1933 gratia
3068 1862 3270 1917 versati
3309 1870 3459 1927 sunt,

1879 1947 1996 2017 ipse
2051 1947 2313 2005 Servator
2365 1951 2435 2005 ab
2493 1952 2707 2008 oriente
2753 1961 2808 2007 et
2866 1952 3151 2009 occidente
3202 1954 3462 2010 collectos

1872 2054 1997 2094 cum
2022 2041 2332 2097 Abrahamo
2360 2051 2416 2097 et
2447 2041 2629 2099 lsaaco
2656 2053 2711 2100 et
2732 2044 2903 2101 Jacob
2924 2046 2992 2078 '°'
3022 2045 3116 2118 qui
3152 2047 3460 2101 secundum

1874 2130 2049 2203 legem
2085 2132 2197 2189 Deo
2241 2134 2585 2204 placuerunt,
2615 2137 2671 2192 in
2702 2153 2869 2210 regno
2916 2139 3180 2195 cmlorum
3227 2153 3458 2210 congre-

1876 2230 1963 2293 gat
1996 2232 2052 2278 et
2090 2224 2397 2297 coniungit,
2435 2228 2539 2293 vel,
2597 2229 2743 2298 quod
2772 2230 2956 2286 dicere
3001 2231 3084 2285 fas
3138 2238 3241 2294 est,
3303 2229 3457 2300 regni

1876 2313 1960 2367 sui
1992 2322 2338 2386 ex_utroque
2399 2317 2755 2374 Testamento
2798 2321 3113 2376 cohaeredes
3146 2320 3456 2387 constituit,

1877 2410 1937 2457 ut
1969 2402 2131 2458 simul
2158 2404 2439 2475 promissis
2469 2415 2523 2462 et
2551 2408 2774 2463 aeternis
2800 2409 2959 2465 bonis
2986 2409 3092 2464 frui
3114 2409 3329 2479 possint
3354 2410 3377 2462 ?

198 2472 576 2546 κληρονόμους
605 2496 664 2533 τε
716 2481 1007 2557 καθίστησι
1037 2488 1164 2553 τοὺς
1228 2489 1289 2557 ἐξ
1344 2491 1613 2563 ἑκατέρας
1685 2493 1974 2568 διαθήκης,
2024 2497 2119 2551 καὶ
2158 2472 2669 2565 -συναπολαύοντας
2716 2500 2827 2557 τῶν
2882 2472 3313 2575 ἐπηγγελμένων
3360 2503 3456 2557 καὶ

193 2570 431 2622 αἰωνίων
463 2570 701 2638 ἀγαθῶν.

266 2665 367 2718 ΙΔ’.
392 2660 518 2738 'Ap’
547 2664 641 2721 οὖν
663 2657 811 2723 ἔστιν
838 2671 1022 2742 εὑρεῖν
1061 2692 1115 2728 τι
1148 2675 1247 2747 τῆς
1274 2676 1543 2749 λεγούσης
1584 2680 1770 2751 φωνῆς

197 2757 592 2831 μανικώτερον,
620 2762 652 2833 ἢ
679 2764 778 2835 τῆς
804 2762 1045 2830 διανοίας
1073 2767 1375 2842 ἀθεώτερον
1414 2772 1524 2828 τῶν
1563 2775 1774 2829 ἐννοου-

195 2849 377 2918 μένων
401 2851 539 2918 ὅλως
555 2855 637 2917 είς
658 2855 990 2927 ἀντιπάλους
1008 2862 1249 2933 διασχίζε
1259 2882 1305 2917 ιν
1338 2866 1534 2937 μοίρας
1554 2865 1652 2937 τὴν
1678 2866 1776 2938 χά·-

193 2958 286 3010 ριν
301 2944 397 2997 καὶ
420 2944 514 2999 τὸν
540 2947 723 3018 νόμον,
757 2953 852 3006 καὶ
875 2954 1004 3017 τοὺς
1025 2953 1085 3008 ἐν
1112 2956 1347 3028 ἑκατέρᾳ
1367 2957 1773 3030 διαπρέψαντας

1946 2673 2087 2731 XIV.
2111 2676 2250 2731 Num
2274 2677 2397 2747 quis
2435 2678 2597 2750 igitur
2618 2679 2834 2735 dabitur
2864 2695 3044 2737 sermo
3072 2682 3243 2755 magis
3279 2684 3454 2744 furio-

1876 2785 1991 2835 sus,
2020 2778 2116 2825 aut
2133 2771 2405 2826 sententia
2423 2772 2596 2843 magis
2621 2772 2806 2844 impia,
2839 2789 2999 2844 quam
3027 2791 3216 2831 eorum
3243 2788 3327 2833 est
3354 2783 3452 2850 qui

1875 2864 2101 2934 gratiam
2138 2874 2195 2919 et
2221 2864 2395 2935 legem
2434 2865 2502 2920 ad
2556 2866 2803 2936 opposita
2856 2868 3121 2940 principia
3185 2871 3451 2940 referunt,

1881 2972 2084 3027 eosque
2114 2957 2205 3025 qui
2244 2959 2348 3014 sub
2403 2968 2633 3030 utraque
2683 2961 2962 3030 republica
3018 2963 3295 3031 vixerunt,
3344 2982 3454 3021 non

192 3036 446 3109 πολιτείᾳ
470 3037 547 3112 μὴ
583 3041 675 3095 τὸν
721 3043 888 3100 αὐτὸν
940 3047 1150 3116 ἀγαθὸν
1196 3048 1533 3122 θεραπεῦσαι
1592 3052 1770 3122 λέγειν

1878 3050 2132 3105 eumdem
2164 3050 2399 3106 coluisse
2421 3053 2625 3107 bonum
2646 3052 2835 3121 Deum,
2866 3054 2962 3110 sed
2985 3056 3274 3112 contrariis
3295 3058 3454 3128 prin-

191 3127 350 3193 Θεὸν,
385 3129 505 3184 ἀλλ’
550 3132 964 3207 ἀντικειμέναις
1018 3140 1553 3208 συνδιασπασθέντας
1577 3146 1770 3216 ἀρχαῖς

1875 3139 2033 3211 cipiis
2071 3140 2274 3195 divisos
2297 3143 2573 3196 contrario
2616 3142 2785 3198 etiam
2833 3145 2979 3199 cultu
3023 3160 3150 3201 usos
3197 3127 3322 3202 esse
3368 3147 3454 3202 di-

189 3222 283 3274 διὰ
315 3225 634 3297 μαχομένης
672 3227 929 3298 λατρείας
978 3231 1232 3304 ἀλλήλοις
1291 3235 1606 3305 προελθεῖνς
1664 3238 1770 3292 Καὶ

1875 3232 2034 3286 cant?
2056 3232 2299 3301 Cumque
2336 3234 2528 3288 doctor
2565 3235 2752 3305 gratia
2792 3234 2961 3291 Mosis
2986 3235 3182 3292 iterum
3210 3238 3453 3309 proferat

189 3311 438 3378 Μωσέως
468 3315 525 3369 δὲ
558 3318 722 3373 πάλιν
780 3320 881 3384 τὰς
909 3321 1133 3386 ἐντολὰς
1164 3326 1193 3377 6
1230 3325 1330 3395 τῆς
1365 3325 1588 3397 χάριτος
1627 3345 1769 3397 παρ-

190 3404 343 3473 άγων
365 3409 661 3480 εἰσηγητὴς
683 3403 757 3467 ὧν
773 3412 891 3467 ἐστι
910 3414 1009 3484 μία
1040 3416 1135 3471 καὶ
1157 3417 1213 3486 ἡ,
1253 3418 1395 3487 Τίμα
1417 3420 1524 3472 τὸν
1538 3420 1766 3488 πατέρα

188 3512 332 3563 σου,
360 3500 748 3572 νομοθετοῦσα,
777 3505 876 3560 καὶ
932 3506 1049 3575 τὴν
1078 3508 1308 3577 μητέρα
1349 3526 1466 3565 σου
1501 3526 1515 3540 ⁸
1561 3502 1767 3581 μόίλλον¹

187 3589 249 3643 δέ
270 3591 525 3662 πράττων
548 3595 729 3649 αὐτῶν
756 3597 857 3668 τὴν
885 3599 1191 3669 ἐκδίκησιν,
1231 3601 1451 3667 ἐντολὰς
1484 3604 1584 3673 μὲν
1632 3604 1771 3663 ταύε

186 3701 290 3747 τας
320 3687 611 3756 ἀποφαίνει
649 3688 806 3746 Θεοῦ.
838 3692 939 3746 Διά
966 3694 1024 3747 δέ
1068 3712 1134 3761 γε
1166 3698 1267 3764 τῆς
1316 3698 1615 3769 εἰρημένης
1668 3699 1764 3753 καὶ

186 3777 285 3830 τὸν
304 3781 757 3852 ἐγκεκρυμμένον
776 3784 878 3850 τῆς
902 3786 1127 3857 καρδίας
1168 3788 1340 3851 δόλον,
1365 3791 1462 3843 καὶ
1500 3790 1598 3861 τὴν
1627 3790 1763 3845 ὑπό-

187 3883 373 3937 κρισιν
393 3870 502 3923 τῶν
544 3872 815 3927 Ἰουδαίων
853 3874 1190 3947 ἀπογυμνῶν
1212 3878 1307 3932 καὶ
1327 3878 1644 3950 διελέγχων.
1679 3881 1762 3935 ὅτι

184 3957 299 4012 τῶν
326 3958 487 4014 θείων
513 3965 953 4035 προσταγμάτων
994 3966 1198 4037 ταύτης
1222 3968 1405 4040 ζοῦσης
1457 3971 1612 4026 αὐτοὶ
1661 3973 1762 4038 τὰς

181 4051 397 4115 οἰκείας
433 4054 655 4118 ἐντολὰς
696 4055 1007 4128 ἔμπροσθεν
1057 4060 1153 4130 τῆς
1186 4063 1250 4114 ὲκ
1296 4062 1431 4115 Θεοῦ
1470 4064 1760 4136 δεδομένης

180 4136 339 4213 ἦγον.
368 4143 559 4197 Καίτοι
578 4146 741 4200 πόσον
758 4142 824 4220 ἦν
852 4150 1177 4220 κουφότερον
1199 4150 1568 4222 ἀνθρωπίναις
1592 4172 1760 4226 προσ-

181 4236 403 4306 ανέχειν
456 4239 793 4311 ὑποθήκαις,
844 4243 988 4315 ἥπερ
1015 4245 1079 4307 ἃς
1126 4247 1154 4298 6
1191 4247 1501 4315 ἀρχέκακος
1550 4250 1758 4303 ἀνετεί-

180 4327 314 4381 λατο
339 4345 354 4393 ;
379 4328 517 4382 Ἀλλ’
539 4331 633 4385 οὖν
663 4349 727 4401 γε
762 4333 830 4387 δι’
857 4335 1027 4406 αὐτῆς
1064 4336 1203 4390 κατὰ
1235 4338 1345 4391 τῶν
1368 4339 1490 4392 τότε
1505 4343 1617 4403 τοῖς
1654 4358 1759 4411 μα-

181 4420 377 4490 θηταῖς
401 4422 502 4475 ούκ
530 4424 767 4493 εὐλόγως
788 4429 1311 4498 προσκεκρουκότων
1370 4430 1605 4499 σφοδρὰν
1657 4431 1758 4503 τὴν

180 4509 505 4580 ἐπιτίμησιν
549 4513 867 4582 ἐπαφίησιν,
920 4516 1074 4571 οὐδὲν
1124 4517 1233 4571 τῶν
1266 4519 1345 4582 είς
1397 4519 1604 4591 βρῶσιν
1656 4522 1753 4575 καὶ

179 4600 344 4654 πόσιν
401 4602 669 4673 ἡκόντων,
720 4605 911 4679 ὅτιπερ
960 4607 1083 4661 οὔτε
1134 4612 1325 4676 κοινοῖ,
1361 4609 1485 4665 οὔτε
1532 4613 1754 4685 βεὸηλοῖ

1869 3331 2163 3392 prmcepta,
2196 3339 2429 3391 quorum
2460 3325 2633 3380 ethoc
2651 3332 2734 3380 est
2750 3327 2895 3395 quod
2915 3327 3164 3399 prmcipit
3196 3346 3211 3384 :
3232 3329 3450 3384 Patrem

1873 3424 1923 3468 et
1973 3424 2198 3468 matrem
2231 3416 2375 3478 cole;
2422 3416 2533 3471 imo
2570 3417 2831 3473 ultionem
2887 3420 3006 3490 ejus
3044 3422 3337 3492 suscipiat;
3384 3438 3451 3478 ea

1873 3506 2093 3575 quidem
2123 3507 2217 3561 Dei
2265 3518 2537 3579 praecepta
2572 3525 2694 3566 esse
2729 3512 2893 3566 edicit
2935 3513 3235 3583 eademque
3282 3530 3449 3584 opera

1872 3613 1969 3668 per
1984 3609 2338 3654 memoratam
2366 3600 2540 3671 legem
2580 3612 2633 3656 et
2652 3601 2838 3656 dolum
2869 3603 2923 3657 in
2951 3604 3137 3659 animo
3162 3605 3447 3673 latentem,

1870 3698 1925 3744 et
1956 3689 2268 3759 hypocrisin
2293 3689 2604 3746 Iudaeorum
2643 3691 2882 3749 denudat
2907 3710 2971 3749 ac
2998 3696 3249 3768 castigat,
3299 3697 3446 3767 quod

1871 3797 1996 3836 cum
2026 3782 2077 3836 id
2103 3798 2168 3837 ex
2202 3784 2490 3854 praeceptis
2517 3783 2718 3840 divinis
2734 3786 2826 3849 sit,
2863 3785 2965 3857 ipsi
2996 3786 3098 3858 legi
3121 3787 3321 3844 divina:
3346 3802 3446 3843 sua

1872 3872 2192 3943 praeferant.
2222 3871 2359 3927 Nam
2389 3888 2523 3928 sane
2553 3883 2608 3929 et
2630 3873 2847 3931 facilius
2877 3885 3015 3943 erat,
3062 3878 3445 3948 praeceptioni-

1868 3965 1972 4020 bus
1998 3966 2253 4021 humanis
2294 3964 2538 4032 obedire,
2562 3982 2728 4037 quam
2780 3982 2916 4037 quas
2945 3967 3213 4038 Malignus
3258 3969 3445 4038 injun-

1869 4066 2043 4112 xerat.
2080 4058 2304 4113 Interim
2348 4074 2447 4129 per
2490 4074 2609 4114 eam
2641 4060 2859 4130 (legem)
2912 4060 3058 4127 illos,
3106 4061 3196 4131 qui
3245 4070 3446 4131 praeter

1869 4151 2136 4205 rationem
2161 4150 2443 4221 discipulis
2475 4166 2534 4207 se
2566 4152 2797 4207 infestos
2829 4153 3163 4223 praebebant,
3210 4153 3447 4224 graviter

1866 4242 2137 4312 obiurgat,
2163 4244 2486 4310 ostendens,
2506 4243 2645 4298 nihil
2675 4259 2887 4308 eorum,
2915 4259 3037 4314 quae
3066 4245 3119 4299 in
3150 4245 3332 4299 cibum
3388 4254 3447 4300 et

1865 4342 2053 4403 potum
2074 4343 2451 4400 assumuntur,
2487 4334 2575 4390 vel
2604 4335 2894 4405 inquinare
2924 4334 3011 4390 vel
3053 4334 3297 4405 polluere
3342 4334 3443 4390 ho—

1865 4425 2094 4479 minem.
2125 4427 2193 4480 Et
2219 4428 2361 4494 vide,
2386 4427 2531 4497 quod
2551 4443 2662 4483 non
2687 4427 2864 4483 solum
2908 4436 3098 4483 contra
3151 4428 3293 4494 illos,
3344 4426 3442 4483 sed

1864 4527 1920 4572 et
1942 4533 2052 4572 non
2075 4517 2258 4573 minus
2289 4527 2479 4574 contra
2509 4534 2607 4575 vos
2632 4519 2780 4589 ipsos
2816 4520 2997 4575 divina
3027 4521 3298 4576 sententia
3321 4535 3444 4591 pro-

1863 4608 2159 4664 nunciatur
2196 4627 2209 4664 :
2244 4619 2438 4665 contra
2490 4611 2614 4666 illos
2637 4610 2881 4681 quidem,
2944 4611 3143 4681 quibus
3177 4619 3305 4665 nota
3364 4610 3443 4665 in-

178 4692 274 4744 τὸν
308 4692 597 4763 ἄνθρωπον
629 4699 1085 4769 ἀποφαινόμενος.
1116 4702 1227 4755 Καὶ
1252 4703 1354 4775 δρα
1400 4704 1475 4768 ὡς
1528 4705 1590 4759 ού
1633 4706 1754 4762 κατ’

1875 4699 2059 4767 uritur,
2088 4700 2229 4767 ideo,
2253 4701 2399 4771 quod
2419 4700 2524 4757 cibi
2549 4701 2603 4757 in
2631 4717 2711 4768 se,
2733 4704 2936 4759 nullam
2955 4721 3149 4760 noxam
3177 4697 3452 4768 aderant:

176 4784 404 4837 ἐκείνων
430 4787 612 4855 μόνον,
636 4789 750 4843 ἀλλ’
772 4791 925 4845 οὐδὲν
956 4792 1179 4847 ἔλαττον
1212 4795 1302 4847 καὶ
1320 4794 1444 4848 καθ’
1464 4796 1618 4867 ὑμῶν
1663 4798 1757 4851 αύ-

1860 4807 1959 4850 vos
1988 4801 2194 4861 autem,
2224 4809 2454 4864 quorum
2477 4796 2809 4852 calumniam
2841 4807 3072 4868 occupat
3093 4806 3148 4853 et
3176 4794 3437 4866 praesciu-

174 4874 289 4928 τῶν
347 4879 378 4948 ἡ
446 4877 567 4932 θεία
631 4879 809 4951 ψῆφος
855 4883 1173 4952 ἐκφέρεται.
1249 4885 1508 4951 Ἐκεινοις
1562 4888 1661 4958 μὲν
1717 4889 1754 4944 ἃ

1875 4885 1961 4952 iit,
1983 4902 2080 4956 per
2100 4903 2263 4957 quam
2286 4903 2353 4942 ex
2375 4887 2516 4944 Malo
2541 4904 2603 4945 ea
2625 4904 2744 4946 esse
2768 4898 2823 4946 et
2848 4890 3030 4945 dicere
3052 4898 3107 4944 et
3122 4888 3436 4944 existimare

180 4966 454 5037 μηδεμίαν
548 4971 703 5043 φέρει
788 4972 995 5044 βλάϐην
1082 4975 1295 5029 οἴκοθεν
1383 4978 1450 5032 τά
1526 4978 1753 5049 βρώμα-

174 5072 246 5109 τα
274 5056 701 5130 καθυϐρίζουσα,
737 5064 890 5134 ὑμῶν
911 5065 968 5118 δὲ
990 5066 1088 5136 τὴν
1112 5065 1462 5139 βλασφημίαν
1491 5088 1752 5141 προαναι-

178 5146 355 5217 ροῦσα
385 5152 483 5204 καὶ⁵
537 5154 1004 5226 προεκτέμνουσα,
1063 5158 1132 5213 δι’
1180 5155 1248 5232 ἦς
1309 5162 1574 5232 πονηρίας
1606 5161 1747 5219 εἶναι

1875 5162 2067 5217 ὀιίοηο
2095 5163 2422 5227 carentium,
2479 5164 2708 5218 classem
2744 5146 3042 5233 pertinent,
3110 5180 3295 5221 nonne
3343 5168 3433 5224 illa
3537 5230 3541 5233 ,

1859 4978 2167 5034 sustinetis.
2200 4979 2356 5045 Quod
2382 4980 2427 5034 si
2457 4979 2603 5035 enim
2633 4996 2663 5035 a
2692 4980 2835 5036 malo
2858 4980 3141 5035 conditore
3183 4988 3312 5034 sunt
3348 4992 3435 5033 sc-

1862 5070 2008 5126 mina
2045 5082 2101 5126 et
2123 5072 2367 5143 germina
2403 5087 2469 5127 ex
2489 5082 2637 5127 terra
2670 5078 2810 5149 orta,
2850 5081 2906 5127 et
2951 5087 3072 5142 quae
3100 5072 3168 5127 ad
3224 5088 3431 5144 rerum,

171 5239 349 5292 ταῦτα
382 5242 479 5295 καὶ
520 5242 696 5313 λέγειν
726 5248 820 5300 καὶ
850 5248 1090 5319 νομίζειν
1115 5250 1514 5322 παρηνέχθητε.
1544 5254 1607 5307 Εἰ
1638 5254 1746 5328 γὰρ

1875 5268 1973 5319 :os,
2009 5254 2101 5323 qui
2129 5253 2216 5309 his
2240 5253 2498 5310 fruuntur
2529 5264 2585 5309 et
2605 5255 2942 5322 nutriuntur,
2970 5256 3219 5326 polluunt
3254 5267 3309 5312 et
3342 5260 3432 5314 in-

249 5351 295 5384 "
326 5354 515 5411 Matth.
558 5373 678 5425 vm,
714 5359 802 5414 ll.

1255 5479 1489 5537 VARUS
1530 5483 1914 5542 LECTIONES
1954 5485 2042 5540 ΕΤ
2078 5484 2311 5542 ΝΟΤᾹΕ.

246 5591 322 5661 (4)
368 5591 715 5671 Πληρῳτάς.
747 5663 758 5671 _
792 5594 870 5649 ita
934 5594 1152 5663 quidem
1202 5596 1321 5667 lego
1375 5608 1475 5671 pro
1531 5599 1750 5671 πληρω-

246 5616 322 5661 χη
368 5616 715 5658 ιιληρωϊας.
793 5616 870 5649 Ita
934 5616 1152 5663 qumem
1204 5616 1321 5667 tego
1375 5616 1475 5668 pro
1531 5616 1749 5725 πληρω-

169 5662 389 5724 θέντας,
425 5663 571 5728 quod
605 5674 718 5717 erat
746 5663 799 5717 in
823 5679 962 5731 ms.;
998 5680 1177 5721 sermo
1230 5677 1316 5722 est
1362 5670 1507 5724 enim
1535 5670 1601 5724 de
1689 5673 1749 5726 o-

168 5732 421 5810 minibus
430 5731 605 5810 legem
626 5734 997 5810 servantibus.

247 5803 326 5879 (ᾇ)
378 5800 591 5879 ’Υμῴν.
625 5802 743 5879 Ms._
775 5804 906 5879 legit
949 5807 1145 5879 ἡμῶν.
1194 5807 1655 5879 quemadmodum
1696 5822 1752 5865 et

170 5872 336 5944 paulo
353 5879 477 5942 post
509 5871 709 5929 iterum
732 5874 785 5928 in
826 5871 928 5932 hac
966 5871 1228 5935 periodof
1251 5878 1516 5950 Utrinque
1546 5896 1643 5950 per
1672 5895 1753 5937 er-

1858 5618 2035 5681 rorem
2062 5602 2287 5681 librarii.
2301 5601 2558 5681 §equ_en_s
2578 5605 2726 5681 enim
2756 5607 3142 5680 παρηνέχθητε
3162 5612 3423 5681 ostendit,

1857 5672 2229 5749 Photiumghic
2266 5672 2465 5749 alloqui
2518 5672 3127 5749 l’aulicianos,'eosque
3160 5695 3190 5734 a
3232 5672 3431 5736 Serva;

1860 5742 2316 5870 tort'ebconfutatos
2339 5742 2540 5802 dicere.
2588 5745 2776 5817 Itaque
2828 5742 3085 5820 utrinque
3136 5750 3426 5822 legendum

1859 5828 1919 5870 es
2023 5830 2162 5883 μων.
