4014 6426
558 460 723 528 207‘

1692 456 1956 519 PHOTII
1992 458 2501 521 PATRIARCH/E
2542 460 2649 521 ΕΡ.

3715 456 3819 522 208

558 568 809 641 quinam,
842 582 905 623 ac
933 566 1155 638 duplici,
1182 567 1292 624 imo
1309 582 1440 623 vero
1469 566 1755 637 multiplici
1788 582 1852 622 ac
1878 568 2139 622 continua

2242 569 2343 640 τῆς
2374 571 2688 641 ἀρχεκάκου
2716 568 3081 641 δημιουργίας
3135 567 3205 623 τά
3248 568 3360 624 ἀπὸ
3415 569 3521 640 γῆς
3580 571 3819 640 φυόμενα

558 654 826 725 pravitate
847 655 1075 725 implent
1106 655 1258 719 dum,
1282 655 1410 711 hinc
1432 655 1693 710 malitiam
1724 656 1979 711 humanis
2005 671 2140 711 cor—

558 744 785 817 poribus
816 745 885 799 ab
923 754 1050 800 ortu
1078 745 1293 801 insitam
1322 754 1542 817 augent,
1577 754 1907 801 conservant
1927 755 1983 801 et
2016 760 2143 800 eon-

560 838 788 905 tinent;
851 838 979 894 hinc
1029 840 1355 909 pravitatem
1411 838 1659 893 innatam
1730 847 2014 894 maturant
2086 846 2143 893 et

558 927 914 998 protrudunt.
973 926 1081 982 Sed
1132 926 1178 981 si
1225 927 1374 998 leges
1427 926 1681 983 Mosaicaa
1730 944 1841 983 non
1881 936 2068 984 essent
2110 942 2142 982 a

558 1020 804 1077 beneﬁca
838 1020 1181 1092 providentia
1224 1019 1503 1091 profectae,
1546 1023 1824 1092 quomodo
1877 1022 2143 1077 Dominus

559 1112 713 1184 regni
768 1112 1029 1167 cmlorum
1074 1111 1339 1176 scribam,
1398 1111 1519 1168 illas
1560 1113 1981 1184 approbantem,
2032 1113 2145 1183 pri-

559 1220 813 1275 mamque
836 1213 892 1260 et
920 1205 1221 1261 secundam
1267 1220 1457 1261 earum
1501 1203 1888 1276 recipientem,
1927 1204 2140 1269 dilexit,

559 1308 617 1354 et
654 1299 907 1355 laudibus
970 1300 1212 1366 ornavit,
1253 1299 1456 1371 quippe
1507 1299 1600 1371 qui
1667 1309 1723 1355 et
1772 1299 2143 1370 principatum

558 1396 667 1451 illis
698 1392 952 1448 tribuerit
1005 1409 1131 1448 cum
1178 1393 1414 1459 ratione,
1459 1407 1661 1462 easque
1701 1392 1853 1449 cultu
1878 1400 1934 1447 et
1961 1384 2147 1448 studio

557 1495 887 1559 prosccutus
916 1485 1028 1541 sit?
1068 1484 1228 1552 Quod
1274 1499 1406 1541 vero
1444 1488 1511 1540 ad
1545 1485 1763 1541 laudem
1816 1484 1941 1556 plus
1979 1485 2142 1551 valet,

558 1580 703 1647 ideo,
737 1579 884 1651 quod
924 1594 954 1633 a
999 1578 1151 1634 Bono
1187 1577 1433 1647 profecta
1465 1586 1626 1633 erant
1652 1577 1817 1633 Mosis
1843 1586 2142 1648 praecepta,

558 1688 710 1739 eum,
740 1673 833 1744 qui
860 1672 917 1727 in
941 1672 1048 1727 illis
1081 1671 1299 1733 vixerit,
1333 1671 1652 1741 cultumque
1673 1669 1780 1725 illis
1811 1670 2141 1736 exhibuerit,

558 1781 671 1820 non
708 1763 901 1836 procul
940 1779 970 1817 a
1004 1778 1172 1833 regno
1219 1762 1485 1818 caelorum
1539 1776 1663 1816 esse
1701 1759 1986 1832 professus
2036 1770 2140 1817 est.

559 1859 651 1915 Sic
694 1866 750 1913 et
804 1856 1125 1911 Zachariam
1176 1865 1233 1910 et
1284 1854 1676 1919 Elisabetham,
1736 1855 1905 1909 vitam
1943 1869 2143 1909 secun-

559 1952 691 2008 dum
733 1951 909 2023 legem
972 1949 1330 2013 instruentes,
1378 1947 1562 2004 videre
1606 1947 1736 2003 licet
1775 1963 1808 2002 a
1859 1946 2139 2018 Scriptura

558 2061 712 2101 sacra
765 2044 943 2116 justos
1001 2042 1422 2114 pronuntiatus,
1484 2056 1593 2095 non
1653 2040 1998 2111 simpliciter,
2045 2040 2141 2096 sed

559 2138 632 2194 ita
702 2147 762 2192 ut
827 2136 1039 2209 iustitia
1126 2136 1369 2206 ipsorum
1430 2147 1615 2189 coram
1675 2133 1784 2189 Deo
1846 2132 2141 2189 manifesta

558 2231 795 2285 dicatur.
856 2227 1012 2295 Quod
1058 2227 1238 2298 ipsum
1294 2225 1554 2290 ostendit,
1614 2240 1712 2281 eos
1760 2241 1873 2281 non
1924 2240 1992 2281 ex
2034 2226 2143 2280 hu-

559 2339 722 2379 mana
774 2322 944 2395 gloria
999 2320 1265 2389 justitiam
1313 2319 1583 2386 nancisci,
1647 2319 1744 2375 sed
1788 2333 1851 2374 ea
1889 2334 1972 2386 se,
2014 2327 2144 2374 tan-

559 2432 724 2488 quam
752 2414 922 2471 divini
941 2415 1131 2486 judicii
1163 2425 1391 2481 ornatu,
1418 2414 1641 2469 vestire.
1681 2412 1824 2479 Quid
1854 2427 1986 2468 vero
2020 2421 2146 2467 tan-

558 2509 685 2563 dem
716 2507 899 2579 operis
928 2506 1320 2578 praestiterunt,
1366 2513 1427 2560 ut
1472 2504 1614 2559 hanc
1652 2504 1913 2577 gratiam,
1954 2518 2013 2559 se
2052 2518 2144 2558 or-

558 2608 803 2664 nantem,
842 2596 1342 2667 consequerentur?
1367 2595 1431 2651 In
1457 2596 1719 2662 omnibus,
1761 2595 1960 2665 inquit,
2007 2610 2146 2665 pra:-

560 2692 724 2760 ceptis
763 2700 810 2746 et
845 2690 1099 2744 institutis
1137 2687 1348 2742 Domini
1386 2687 1731 2742 ambularunt
1773 2686 2141 2757 inculpabiles.

558 2781 791 2849 Quando
822 2781 986 2853 igitur
1016 2795 1170 2836 sacra
1200 2778 1423 2835 oracula
1451 2793 1565 2847 eos,
1590 2780 1681 2849 qui
1724 2778 1972 2835 Mosaicis
2004 2796 2143 2851 pra:-

560 2872 736 2942 ceptis
768 2870 995 2927 exerciti
1034 2879 1200 2934 sunt,
1244 2870 1424 2941 iustos
1472 2877 1529 2924 et
1572 2870 1990 2940 reprehensioni
2033 2884 2145 2924 non

559 2964 827 3019 obnoxios
869 2962 1256 3033 pronuntiant,
1301 2970 1371 3017 tu
1398 2977 1529 3018 vero
1565 2977 1660 3017 eos
1702 2971 1760 3017 ut
1798 2963 2017 3018 malitia:
2037 2962 2146 3017 mi-

562 3057 768 3111 nistros
809 3055 1131 3111 calumniari
1178 3054 1382 3121 audes,
1428 3054 1893 3121 nonueostendls,
1943 3064 1996 3111 te
2033 3070 2144 3110 non

563 3149 767 3217 minus,
798 3163 963 3219 quam
1002 3148 1162 3214 alios,
1203 3148 1577 3204 Christianum
1625 3164 1829 3204 nomen
1886 3150 2147 3204 mentiri?

2245 662 2538 733 σπέρματα
2575 662 2671 715 καὶ
2728 662 3117 733 βλαστήματα,
3164 660 3260 715 καὶ
3315 661 3416 715 ὅσα
3470 661 3572 732 τὴν
3631 660 3819 731 ἄλογον

2242 753 2599 826 ἐκληρώσατο
2654 754 2839 824 φύσιν,
2910 754 3007 807 ἐπὶ
3060 753 3190 817 τοὺς
3240 754 3569 827 μετέχοντας
3618 754 3817 820 αὐτῶν,

2245 847 2338 899 καὶ
2371 845 2463 898 ὑπ’
2514 845 2697 900 αὐτῶν
2754 844 3126 917 τρεφομένους
3159 844 3220 898 ού
3266 843 3487 915 βεϐηλοῖ
3515 842 3690 898 ταῦτα
3727 846 3820 899 καὶ

2241 939 2442 993 κοινοῖ·
2474 938 2571 993 καὶ
2598 937 2816 1011 διπλῆς,
2850 939 3051 1009 μᾶλλον
3088 938 3146 992 δέ
3173 936 3488 1008 πολλαπλῆς
3517 937 3614 991 καὶ
3644 936 3819 1009 διηνε-

2244 1030 2375 1096 κοῦς
2418 1030 2770 1104 ἐμπίμπλησι
2805 1032 3095 1103 πονηρίας,
3140 1031 3300 1086 τοῦτο
3329 1032 3430 1103 μὲν
3459 1030 3693 1096 αὔξοντα
3724 1031 3820 1102 τὴν

2244 1123 2671 1195 ἐμφωλεύουσαν
2687 1123 2795 1179 ἀπὸ
2818 1124 3086 1193 γενέσεως
3112 1125 3228 1187 τοῖς
3248 1122 3615 1195 ἀνθρωπίνοις
3639 1123 3823 1193 σῶμα·

2246 1235 2298 1271 σι
2335 1216 2604 1289 πονηρίαν
2638 1214 3040 1289 διακρατοῦντά
3067 1233 3128 1269 τε
3148 1217 3243 1270 καὶ
3273 1216 3569 1287 συνέχοντα
3594 1231 3611 1247 ο
3664 1213 3823 1268 τοῦτο

2244 1308 2303 1363 δέ
2329 1309 2425 1375 καὶ
2471 1307 2571 1380 τὴν
2625 1310 2684 1362 ἐν
2712 1309 2899 1374 αὐτοῖς
2934 1307 3180 1381 ἔμφυτον
3229 1308 3435 1363 κακίαν
3469 1306 3823 1378 ύποφυόμενά

2244 1418 2303 1454 τε
2338 1402 2432 1455 καὶ
2480 1399 2893 1469 συνεπάγοντας
2939 1399 3080 1454 Ἀλλ’
3122 1400 3172 1453 εί
3217 1398 3293 1471 μὴ
3336 1400 3436 1470 τῆς
3480 1398 3821 1470 ἀγαθουργοῦ

2245 1492 2501 1565 προνοίας
2525 1488 2667 1565 ἦσαν
2698 1494 2754 1546 αί
2811 1493 3107 1547 Μωσαῖκαὶ
3149 1491 3484 1562 νομοθεσίαι,
3532 1491 3650 1555 πῶς
3674 1492 3704 1543 ό
3727 1492 3823 1561 τῆς

2244 1586 2355 1641 τῶν
2385 1584 2632 1657 οὐρανῶν
2660 1582 2936 1655 βασιλείας
2979 1584 3184 1656 Κύριος
3224 1583 3317 1639 τὸν
3350 1582 3825 1653 συγκαταθέμενον

2245 1678 2474 1742 ταύταις
2521 1676 2859 1749 γραμματέα
2895 1675 2989 1730 καὶ
3016 1675 3417 1745 ἀποδεξάμενον
3452 1674 3552 1746 τήν
3577 1690 3638 1726 τε
3672 1673 3821 1744 πρώο

2246 1789 2347 1843 την
2375 1771 2433 1825 ἐν
2461 1769 2539 1841 τῷ
2561 1770 2713 1841 νόμῳ
2728 1770 2822 1824 καὶ
2850 1770 2951 1840 τὴν
2983 1767 3244 1841 δευτέραν
3276 1768 3517 1839 ἐντολὴν,
3547 1767 3822 1839 ἠγάπησε,

2250 1864 2344 1920 καὶ
2364 1863 2431 1918 δι’
2454 1863 2693 1918 ἐπαίνων
2711 1862 3052 1928 ἐδεξιώσατο,
3071 1862 3153 1915 ὅτι
3174 1878 3234 1915 τε
3254 1861 3524 1933 νουνεχῶς
3549 1861 3745 1924 αὐταῖς
3764 1860 3823 1913 τὺ

2246 1952 2551 2027 πρεσϐεῦον
2592 1952 2996 2024 ἐπεψηφίσατο,
3020 1938 3115 2005 καὶ
3138 1951 3221 2005 ὅτι
3252 1950 3430 2022 τιμῶν
3471 1952 3565 2005 καὶ
3584 1950 3824 2015 ἀσπαζό-

2247 2060 2409 2116 μενος
2434 2044 2636 2107 ταύτας
2664 2042 2820 2115 ὤφθη
2844 2058 2860 2110 ;
2884 2044 2995 2097 Καὶ
3020 2042 3080 2097 τὸ
3107 2042 3295 2114 μεῖζον
3312 2043 3392 2117 είς
3409 2042 3706 2112 ἐγκώμιον,
3733 2041 3826 2094 καὶ

2243 2138 2327 2192 ὅτι
2352 2137 2450 2209 τῆς
2477 2136 2816 2208 ἀγαθότητος
2836 2135 3107 2208 προῆλθον
3123 2136 3179 2189 ai
3203 2135 3290 2190 διά
3314 2135 3561 2199 Μωσέως
3588 2133 3821 2197 ἐντολαὶ,

2244 2230 2307 2284 οὐ
2339 2230 2560 2302 μακρὰν
2590 2223 2733 2282 εἶναι
2762 2229 3083 2300 ἀπεφήνατο
3110 2227 3203 2283 τὸν
3230 2229 3289 2281 ἐν
3312 2227 3538 2291 ταύταις
3564 2226 3825 2297 βεϐιωκόι-

2244 2341 2333 2391 τα,
2365 2324 2460 2378 καὶ
2484 2321 2652 2394 τιμὴν
2672 2322 2856 2387 αὐτοῖς
2888 2322 3085 2388 είδότα,
3110 2321 3209 2393 τῆς
3232 2319 3509 2391 βασιλείας
3528 2319 3640 2374 τῶν
3658 2320 3824 2390 ούρα-

2246 2420 2373 2475 νῶν.
2408 2418 2568 2473 Ἀλλά
2584 2418 2692 2490 γάρ
2712 2420 2739 2472 ό
2757 2417 3034 2489 Ζαχαρίας
3058 2417 3153 2471 καὶ
3173 2417 3206 2489 ἡ
3249 2414 3534 2470 Ἐλισάϐετ
3567 2415 3717 2485 νόμῳ
3737 2413 3826 2466 τὸν

2248 2512 2362 2584 βίον
2388 2511 2830 2582 ίθύνοντες,όρᾲ’ν
2872 2509 3264 2576 ένεστιν,ὅπως
3295 2508 3399 2561 ὑπὸ
3425 2507 3724 2579 ἱερολογίας
3747 2505 3825 2559 δί-

2247 2605 2394 2659 καιοί
2415 2622 2477 2660 τε
2501 2604 2990 2676 ἀνακηρύττονται,
3011 2603 3106 2657 καὶ
3120 2602 3219 2673 οὐχ
3241 2599 3591 2669 ἀπλῶς,ἀλλά
3613 2599 3708 2654 καὶ
3732 2598 3829 2670 τὴν

2245 2696 2592 2769 δικαιοσύνην
2613 2696 2791 2750 αὐτῶν
2802 2695 2986 2767 ἔχουσι
3011 2694 3564 2767 παρρησιαζομένην,
3595 2692 3828 2746 ἐνώπιον

2245 2790 2343 2846 τοῦ
2373 2789 2533 2846 Θεοῦ.
2557 2790 2740 2861 Ὀπερ
2760 2788 2861 2843 οὐκ
2882 2787 2940 2855 ἐξ
2958 2786 3308 2858 ἀνθρωπίνης
3341 2785 3501 2857 δόξης
3531 2787 3593 2839 τὸ
3618 2785 3829 2838 δίκαιον

2245 2883 2492 2939 διδάσκει
2520 2882 2729 2946 λαϐεῖν,
2757 2879 2895 2936 ἀλλά
2920 2880 3075 2945 θείας
3091 2880 3327 2951 κρίσεως
3354 2878 3563 2950 κόσμον
3609 2878 3824 2940 ἐαυτοῖς

2245 2976 2345 3049 τὴν
2376 2974 2729 3046 δικαιοσύνην
2765 2974 3105 3045 περιϐαλεῖν.
3148 2973 3260 3027 Καὶ
3303 2972 3358 3025 τί
3401 2970 3458 3024 δὲ
3498 2969 3831 3041 πράττοντες

2246 3068 2451 3139 ταύτην
2482 3062 2629 3140 εἶχον
2664 3067 2765 3141 τὴν
2786 3067 2949 3139 χάριν
2977 3065 3293 3139 κοσμοῦσαν
3317 3063 3549 3130 αύτούς;
3595 3064 3693 3117 Ἐν
3721 3062 3831 3116 πά-

2247 3175 2408 3229 σαις,
2426 3162 2583 3233 φησι,
2611 3160 2744 3226 ταῖς
2765 3159 3043 3226 ἐντολαῖς
3069 3157 3170 3213 καί
3196 3156 3553 3227 δικαιίὶιμασι
3576 3155 3685 3210 τοῦ
3716 3159 3831 3210 Κυο

562 3243 679 3298 lmo
710 3257 896 3298 nonne
922 3257 1034 3297 non
1065 3242 1270 3310 minus,
1309 3241 1355 3297 si
1384 3258 1493 3297 non
1520 3243 1711 3315 magis,
1746 3252 1935 3298 contra
1965 3242 2140 3310 ipsam

2242 3254 2377 3324 ρίου
2405 3254 2796 3322 πορευόμενοι
2822 3251 3131 3322 ἄμεμπτοι.
3161 3251 3332 3306 Ὅταν
3360 3246 3455 3304 οῦν
3484 3248 3557 3304 τά
3589 3248 3708 3319 ἱερά
3740 3248 3830 3302 λό·

562 3335 793 3407 gratiam
820 3350 983 3405 quam
1003 3345 1194 3390 contra
1230 3334 1401 3406 legem
1436 3334 1769 3407 insurgis,et
1802 3335 1967 3407 impia
1998 3337 2142 3392 lahla

562 3427 619 3480 in
643 3440 762 3480 eam
794 3440 1006 3490 moves,
1023 3441 1188 3496 quam
1225 3434 1407 3480 tamen
1432 3425 1616 3497 lingua
1644 3427 1894 3494 adorare,
1915 3436 1970 3482 et
1990 3428 2143 3484 cultu

560 3518 819 3589 prosequi
857 3525 910 3573 te
936 3517 1205 3573 simulas?
1247 3516 1431 3574 Missio
1474 3534 1606 3575 vero
1643 3518 1914 3576 Gabrielis
1954 3536 1986 3575 a
2028 3519 2141 3577 Deo

560 3610 740 3678 facta,
795 3620 852 3665 et
912 3610 1272 3666 sanctiﬁcatio
1339 3611 1478 3667 uteri
1545 3611 1776 3683 virginei
1831 3629 1898 3669 ac
1949 3628 2140 3669 semen

560 3721 673 3760 non
704 3704 949 3775 experti,
996 3720 1101 3759 nec
1141 3705 1325 3760 minus
1363 3706 1700 3761 renuntiatio
1740 3705 1976 3772 Davidis,
2018 3713 2142 3761 tan-

558 3812 724 3867 quam
770 3794 948 3851 Patris
994 3795 1124 3850 boni
1174 3795 1544 3851 universitatis
1588 3812 1772 3851 rerum
1808 3796 2141 3865 conditoris;

563 3888 786 3945 traditio
836 3887 967 3942 item
1016 3886 1201 3941 throni
1233 3884 1452 3942 Davidis
1483 3886 1617 3958 regii
1656 3902 1686 3941 a
1722 3901 1848 3959 rege
1894 3885 2142 3942 omnium

558 3984 614 4036 in
632 3987 957 4050 perpetuum
974 3976 1147 4045 facta;
1169 3986 1284 4033 tum
1307 3992 1437 4033 vero
1462 3978 1577 4048 ipsa
1603 3978 1784 4033 carnis
1813 3978 2139 4049 assumptio,

556 4089 624 4129 ac
644 4070 883 4126 hominis
899 4069 1210 4140 appellatio,
1230 4087 1391 4142 quam
1411 4072 1593 4128 bonus
1616 4072 1741 4127 boui
1764 4070 1941 4127 Patris
1970 4068 2143 4127 Filius

557 4168 851 4240 suscepit(
890 4167 1007 4223 haec
1034 4168 1180 4223 enim
1223 4169 1378 4241 quasi
1430 4186 1528 4242 per
1560 4170 1914 4226 .reticentiam
1964 4169 2144 4227 obiter

558 4279 991 4321 commemorare
1056 4263 1138 4321 fas
1190 4265 1290 4331 sit,
1355 4280 1481 4321 cum
1534 4275 1789 4322 accurata
1840 4264 2143 4320 confutatio

554 4358 952 4430 blasphemiam
1001 4374 1189 4416 secum
1222 4358 1380 4425 ferat,
1413 4372 1515 4413 nec
1544 4356 1677 4428 ipsis
1702 4356 1928 4411 auribus
1956 4355 2141 4409 feren-

554 4451 680 4507 dam
714 4450 770 4523 ),
801 4452 1094 4523 quomodo,
1130 4453 1380 4524 inquam,
1406 4450 1508 4505 ista
1553 4449 1737 4505 omnia
1766 4464 1878 4503 non
1917 4463 2137 4504 omnem

552 4546 680 4602 mali
708 4545 963 4619 principii
997 4544 1282 4623 audaciam
1315 4553 1370 4599 et
1409 4543 1615 4599 rabiem
1664 4542 1964 4613 dejiciant?
1994 4540 2137 4609 Quid

2244 3360 2340 3416 για
2361 3342 2605 3407 δικαίους
2626 3342 2722 3397 καὶ
2741 3342 3066 3415 ἀμέμπτους
3090 3340 3212 3413 θείᾳ
3234 3339 3412 3410 κρίσει
3432 3341 3557 3403 τοὺς
3579 3341 3833 3393 ἐνασκουυ

2247 3435 2445 3507 μένους
2489 3438 2612 3499 ταῖς
2640 3435 2967 3497 Μωσαῖκαῖς
3008 3432 3316 3504 ἀναγράφει
3348 3430 3624 3496 ἐντολαῖς,
3658 3429 3723 3484 σὺ
3773 3430 3830 3484 δέ

2243 3527 2511 3599 πονηρίας
2538 3527 2819 3597 ὑπηρέτας
2844 3526 3070 3589 τούτους
3099 3524 3407 3595 ἐξυϐρίζειν
3434 3523 3641 3594 τολμᾷς
3665 3562 3680 3587 ,
3711 3522 3831 3586 πῶς

2243 3617 2306 3672 ού
2335 3616 2651 3689 καταψεύδῃ
2681 3617 2780 3687 μὲν
2808 3617 2948 3687 μετά
2967 3615 3077 3669 τῶν
3104 3615 3282 3669 ἄλλων
3305 3613 3505 3668 σαυτοῦ
3531 3613 3628 3667 καὶ
3655 3612 3830 3683 αὐτὴν

2242 3707 2344 3778 τὴν
2374 3707 2695 3778 ἐπωνυμίαν
2726 3707 2997 3779 Χριστοῦ;
3023 3707 3147 3772 Πῶς
3170 3706 3227 3761 δέ
3247 3706 3400 3761 οὐδὲν
3420 3706 3642 3759 ἔλαττον
3670 3706 3721 3759 εί
3751 3705 3830 3777 μὴ

2243 3798 2339 3851 καὶ
2379 3796 2583 3867 μᾶλλον
2616 3796 2737 3851 κατ’
2767 3796 2941 3867 αὐτῆς
2969 3797 3071 3867 τῆς
3099 3797 3322 3868 χάριτος
3355 3798 3500 3869 ῆπερ
3530 3795 3626 3850 τοῦ
3660 3797 3831 3866 νόμου

2244 3890 2721 3958 κατεξανίστασαι,
2752 3890 2847 3944 καὶ
2875 3890 2943 3944 τά
2977 3890 3278 3962 βλάσφημα
3315 3890 3471 3962 χείλη
3503 3891 3706 3957 κινεῖς;
3737 3890 3832 3943 καὶ

2242 3983 2413 4037 ταῦτα
2439 3985 2506 4054 τῇ
2530 3982 2749 4055 γλώσσῃ
2771 3982 3238 4055 προσποιούμενος
3261 3985 3588 4053 προσκυνεῖν
3617 3982 3714 4037 καὶ
3740 3982 3832 4036 διὰ

2245 4074 2589 4146 σεϐάσματος
2624 4075 2780 4143 ἄγειν
2811 4076 3016 4146 αὑτήν;
3063 4074 3129 4127 Ἦ
3160 4074 3217 4128 δὲ
3242 4073 3338 4127 τοῦ
3375 4074 3615 4145 Γαϐριὴλ
3645 4073 3832 4127 θεόθεν

2242 4164 2542 4236 ἀποστολὴ,
2566 4165 2661 4218 καὶ
2682 4166 2710 4217 ό
2731 4164 2829 4236 τῆς
2851 4165 3093 4236 ἀσπόρου
3116 4163 3212 4217 καὶ
3238 4162 3575 4235 παρθενικῆς
3591 4164 3833 4236 γαστρὸς

2244 4258 2537 4329 ἁγιασμὸς,
2566 4256 2746 4311 καὶτὸ
2769 4256 3149 4328 ἀναρρηθῆναι
3171 4256 3390 4327 Πατέρα
3414 4255 3507 4309 τὸν
3531 4256 3699 4309 Δαϐὶδ
3729 4255 3830 4310 τοῦ

2242 4351 2450 4421 ἀγαθοῦ
2482 4349 2830 4421 Δημιουργοῦ
2871 4348 2982 4402 τῶν
3020 4348 3157 4402 ὅλων
3192 4347 3350 4402 Θεοῦ·
3401 4347 3540 4402 ἀλλά
3594 4349 3690 4402 καὶ
3734 4350 3831 4404 τὸν

2243 4448 2455 4500 ἐκείνου
2484 4444 2765 4517 βασιλικὸν
2792 4443 2981 4516 θρόνον
3004 4442 3072 4496 δι’
3094 4442 3292 4507 αίῶνος
3314 4442 3716 4514 ὲγχειρίζεσθαι
3732 4444 3830 4497 τὸν

2242 4538 2351 4593 τῶν
2379 4538 2517 4592 ὅλων
2547 4536 2799 4608 βασιλέω
2831 4535 2930 4589 καὶ
2967 4534 3154 4599 ἁπλῶς
3183 4535 3243 4588 τὸ
3272 4535 3455 4606 σάρκα
3487 4534 3694 4601 λαϐεῖν,
3727 4536 3831 4589 καὶ

549 4637 701 4694 enim
735 4637 790 4694 id
812 4637 957 4708 quod
996 4637 1126 4692 hinc
1164 4614 1541 4706 consequitur,
1583 4634 1755 4707 magis
1796 4635 2133 4692 horrendum

2242 4630 2530 4702 ἄνθρωπον
2550 4607 2556 4608 ⁷
2577 4627 2918 4701 χρηματίσαι
2960 4626 3051 4681 τὸν
3082 4626 3284 4696 ἀγαθὸν
3316 4627 3444 4682 Υίὸν
3473 4626 3565 4681 τοῦ
3616 4626 3827 4696 ἀγαθοῦ

551 4740 609 4787 et
638 4731 857 4788 silentio
886 4730 1221 4802 praeteritum
1260 4727 1461 4783 afferre
1488 4728 1719 4787 attinet.
1750 4728 1893 4799 quod
1937 4738 1994 4784 et
2035 4743 2129 4783 co-

552 4823 817 4896 gitatione
844 4820 1063 4892 assequi
1093 4820 1223 4875 licet
1244 4863 1259 4887 ,
1302 4820 1489 4889 etiam
1520 4829 1646 4874 ante
1685 4818 1980 4873 indicatum
2013 4820 2135 4874 est?
2163 4810 2167 4813 ν

551 4914 802 4985 Cumque
834 4914 913 4969 illi
946 4928 1013 4969 eo
1044 4913 1275 4968 insanire
1304 4913 1612 4982 mentisque
1651 4913 1967 4983 pertinacia:
2009 4928 2134 4983 per-

553 5007 832 5071 venerint,
866 5016 929 5075 ut
949 5005 1135 5063 cultus
1170 5004 1357 5080 legalis
1382 5004 1617 5060 asseclas
1646 5004 2045 5068 convicieutur,
2083 5014 2137 5059 et

553 5098 944 5166 condemnent,
977 5098 1259 5154 suffecerit
1306 5095 1552 5164 omnino,
1587 5096 1631 5152 si
1661 5099 1836 5168 pietas
1864 5097 2132 5168 impietati

556 5200 719 5248 tanta:
777 5190 920 5246 nihil
971 5190 1119 5246 aliud
1166 5188 1514 5260 opposuerit,
1567 5204 1731 5260 quam
1794 5189 2134 5245 tremendum

550 5282 689 5340 illud
752 5282 1112 5351 mysterium,
1164 5281 1599 5337 incarnationem
1658 5278 1866 5335 scilicet
1915 5278 2131 5336 Domini

550 5374 728 5431 nostri
761 5372 893 5429 Jesu
919 5372 1145 5437 Christi,
1166 5372 1595 5443 assumptionem
1626 5371 1806 5427 carnis
1830 5386 1898 5427 ex
1921 5372 2133 5427 semine

548 5467 794 5532 Davidis,
842 5481 948 5523 nec
976 5465 1158 5523 minus
1204 5467 1293 5532 id,
1338 5465 1483 5537 quod
1520 5464 1847 5521 sanctissimi
1894 5465 2133 5537 Spiritus

550 5556 993 5629 supervenientis
1019 5557 1224 5613 virtute
1252 5557 1536 5629 virgineus
1553 5558 1795 5628 sanguis,
1827 5556 1882 5611 in
1906 5572 2129 5613 carnem

553 5659 893 5723 compactus,
933 5650 1213 5706 hominem
1245 5650 1584 5721 produxerit,
1620 5649 1751 5715 imo,
1786 5649 1831 5706 si
1864 5657 1918 5705 et
1952 5650 2132 5706 haere—

551 5743 779 5800 ditatem
831 5742 1094 5814 aliquam,
1146 5751 1404 5813 tanquam
1458 5742 1922 5814 paternam,-regi
1967 5741 2131 5813 hujus

548 5837 790 5895 universi
818 5835 1229 5893 attribuendam
1273 5844 1458 5906 putas,
1501 5834 1909 5890 successionem
1956 5828 2013 5888 in
2040 5851 2130 5889 re-

548 5947 656 6006 gno
690 5930 965 6000 Davidico,
994 5936 1051 5987 et
1079 5929 1288 6002 reliqua
1317 5928 1503 5987 omnia
1528 5943 1649 6000 quae
1676 5936 1829 5985 tanto
1854 5928 2116 6003 mysterio

2242 4724 2454 4795 Πατρὸς
2492 4722 2597 4789 (δεῖ
2626 4723 2736 4792 γὰρ
2780 4724 2837 4775 ἐν
2879 4721 3317 4792 ἀποσιωπήσεως
3346 4720 3497 4792 νόμῳ
3541 4719 3828 4773 κάνταῦθα

2235 4816 2462 4871 διελθεῖν
2479 4832 2494 4847 ο
2525 4816 2553 4868 ό
2583 4818 2690 4887 γὰρ
2714 4814 2802 4868 διὰ
2818 4814 2917 4884 τῆς
2941 4811 3228 4884 ἀκριϐείας
3255 4811 3477 4883 ἔλεγχος
3508 4814 3602 4866 καὶ
3631 4814 3828 4877 αὐταῖς

2237 4908 2430 4972 ἀκοαῖς
2458 4906 2519 4961 τὸ
2549 4905 2874 4977 βλάσφημον
2902 4905 3179 4977 ἀφόρητον
3226 4904 3670 4976 συνεφέλκεται)·
3703 4906 3828 4969 πῶς

2238 5000 2457 5055 ἃπασαν
2487 4999 2597 5053 τῶν
2640 4998 2963 5054 ἀποστατῶν
3011 4999 3070 5052 ού
3114 4998 3445 5053 καταϐάλλει
3480 4999 3689 5069 τόλμαν
3725 5003 3827 5052 καὶ

2242 5089 2437 5161 μανίαν
2466 5088 2567 5160 τῆς
2601 5088 2844 5161 χείρονος
2873 5088 3105 5161 μοίρας;
3141 5088 3207 5142 Τί
3252 5088 3362 5161 γάρ
3396 5089 3478 5143 δεῖ
3506 5090 3565 5143 τὸ
3597 5090 3828 5161 φρικτό-

2234 5199 2393 5255 τερον
2431 5183 2658 5251 ἐπάγειν
2682 5183 2781 5252 τῆς
2811 5180 3107 5237 ἀκολούθου
3146 5180 3243 5235 καὶ
3274 5181 3655 5254 σιωπώμενον,
3688 5182 3827 5236 αὐτὸ

2240 5275 2474 5346 μάλιστα
2499 5277 2639 5329 νοεῖν
2669 5275 3038 5345 παρεχούσης,
3067 5274 3242 5339 ἄλλως
3268 5290 3328 5327 τε
3355 5274 3450 5328 καὶ⁸
3481 5274 3829 5346 προειρημέ-

2238 5386 2325 5421 νον
2341 5386 2356 5435 ;
2375 5370 2514 5433 Τοὺς
2532 5368 2576 5423 δ’
2597 5363 2691 5423 οῦν
2719 5370 2784 5439 τῇ
2810 5370 3007 5439 νομικῇ
3030 5367 3256 5439 λατρεία
3281 5369 3827 5440 προσανακειμένους

2233 5461 2514 5534 διασύρειν
2552 5479 2611 5516 τε
2647 5466 2741 5517 καὶ⁵
2768 5460 3152 5527 καταδικάζειν
3180 5462 3316 5533 πρὸς
3346 5463 3615 5534 τοσαύτην
3646 5460 3827 5533 μέθην

2236 5556 2329 5610 καὶ¹
2358 5554 2593 5619 διανοίας
2625 5556 2882 5624 πώρωσιν
2908 5554 3385 5626 ἀπενηνεγμένων,
3423 5554 3583 5624 ῆρχει
3611 5555 3728 5624 μὲν,
3761 5554 3825 5607 εί

2236 5648 2331 5702 καὶ
2359 5647 2528 5717 μηδὲν
2561 5646 2688 5701 ἄλλο
2712 5646 2849 5700 κατὰ
2879 5646 2979 5717 τῆς
3005 5647 3258 5710 ἀσεϐείας
3287 5644 3628 5716 προύϐάλετο
3654 5647 3687 5718 ἡ
3720 5642 3829 5698 εὓ-

2236 5741 2423 5794 σέϐεια
2449 5780 2464 5803 ,
2491 5739 2607 5793 ἀλλ’
2631 5740 2762 5792 αὑτό
2802 5756 2866 5809 γε
2890 5741 2951 5793 τὺ
2978 5740 3205 5810 φρικτὸν
3224 5780 3239 5803 ,
3270 5739 3369 5811 τὴν
3397 5737 3827 5809 ἐνανθρὼπησιν

2233 5833 2375 5902 λέγω
2404 5831 2498 5885 τοῦ
2522 5831 2730 5903 Κυρίου
2754 5834 2786 5903 ἡ
2795 5833 2909 5902 μῶν
2952 5831 3125 5902 Ἰησοῦ
3148 5831 3408 5902 Χριστοῦ,
3436 5830 3611 5885 καὶτὸ
3634 5832 3825 5899 σάρκα.

2232 5924 2421 5981 λαϐεῖν
2449 5924 2516 5979 ἐκ
2548 5924 2862 5999 σπέρματος
2895 5924 3093 5995 Δαϐὶδ,
3133 5924 3229 5980 καὶ
3256 5924 3318 5978 τὸ
3347 5923 3435 5978 διά
3468 5919 3829 5995 παρθενικῶν
