4022 6392
177 439 294 507 209

1178 445 1473 507 CONTRA
1510 441 1971 505 MANICHrEOS
2015 444 2246 505 LIBER
2285 444 2384 506 ιν.

3332 438 3441 506 210

178 560 474 631 αἱμάτων,
536 560 881 632 ἐπιφοιτήσει
938 563 1032 617 τοῦ
1108 560 1376 629 παναγίου
1450 556 1770 629 Πνεύματος

1879 556 2411 626 comprehenduntur
2462 554 2644 621 :luec,
2691 553 2946 624 inquam,
2979 551 3101 609 sine
3146 552 3298 608 omni
3337 552 3443 606 alia

180 654 606 724 συμπαγέντων,
634 655 715 719 είς
742 654 922 727 σάρκα
944 654 1249 727 προελθεῖν,
1272 656 1369 708 καὶ⁸
1389 654 1527 715 ὅλως
1555 651 1767 723 ἀνθρω-

179 764 289 801 πον
317 746 591 815 γενέσθαι.
623 748 687 800 El
733 747 914 818 βούλει
942 748 998 803 δέ
1027 748 1123 802 καὶ
1150 747 1226 811 ὡς
1262 743 1519 816 πατρῷον
1564 744 1765 813 κλῆρον

179 838 500 892 ἐπιϐάλλειν
543 838 621 908 τῷ
675 838 885 910 βασιλεῖ
937 841 1048 895 τῶν
1092 839 1250 904 ὅλων,
1305 839 1403 909 τὴν
1452 838 1553 908 τῆς
1601 839 1767 890 Δαυῖ-

179 929 344 1001 ᾰκῆς
368 930 643 1001 βασιλείας
670 931 944 1003 διαδοχὴν,
969 933 1063 986 καὶ
1088 933 1189 988 ὅσα
1214 930 1350 987 ἄλλα
1376 929 1454 1001 τῷ
1483 927 1767 1000 μυστηρίῳ

184 1019 640 1092 συμπεριέχεταιο
675 1021 837 1093 ἤρκει
879 1022 937 1076 δὲ
966 1020 1140 1076 ταῦτα
1168 1022 1261 1075 καὶ
1291 1020 1462 1092 χωρίς
1484 1035 1630 1082 τινος
1674 1017 1769 1072 άλ-

181 1110 287 1183 λης
311 1112 582 1183 ἐπιφορᾶς
608 1113 705 1167 καὶ
734 1112 1078 1184 προσθήκης,
1107 1115 1221 1175 τοῖς
1246 1128 1307 1165 τε
1339 1110 1415 1181 μὴ
1450 1109 1767 1164 παντάπασι

182 1205 289 1275 τὴν
314 1204 409 1258 τοῦ
438 1204 930 1276 νοῦ-προδεδωκόσι
959 1206 1142 1276 χάριν,
1171 1206 1239 1276 ἣν
1266 1202 1652 1271 Πλαστουργδς
1684 1201 1770 1254 δε-

187 1294 281 1361 ξιά
303 1297 440 1368 αὐτῇ
473 1296 764 1351 διαπλάσει
796 1297 1089 1368 ἐχαρίσατο
1109 1337 1125 1361 ,
1154 1296 1496 1366 ἐπιστροφήν
1532 1311 1655 1349 τινα
1676 1292 1771 1346 καὶ

184 1385 458 1458 ἀνάνηψιν
480 1387 582 1457 τῆς
609 1387 879 1459 θεομάχου
912 1385 1142 1457 γνὼμης
1183 1384 1640 1457 ἀπεργάσασθαι,
1671 1382 1771 1439 καὶ

184 1477 300 1533 τῶν
328 1477 536 1551 ταύτην
577 1478 831 1543 καθάπαξ
861 1478 931 1532 δι’
969 1473 1045 1531 ὢν
1082 1476 1445 1548 θεομαχοῦσιν
1468 1516 1484 1541 ,
1520 1475 1773 1546 ἀπεσϐη-

186 1565 367 1620 κότων
393 1565 493 1621 καὶ
523 1566 605 1638 τῷ
628 1565 806 1639 ἐχθρῷ
835 1565 1279 1639 προδεδωκότων,
1311 1565 1584 1636 ἀνακόψαι
1622 1583 1683 1618 τε
1711 1566 1772 1620 τὸ

187 1657 433 1729 θράσος,
478 1657 575 1713 καί
621 1658 760 1729 πρὸς
807 1656 1018 1729 σκοπὴν
1055 1656 1117 1723 ἐξ
1147 1656 1406 1729 ἀπορίας,
1461 1659 1511 1712 εί
1560 1658 1655 1713 καὶ
1697 1656 1772 1731 μὴ

190 1749 448 1815 ἑκόντων,
480 1750 789 1806 συνελάσαι.
823 1750 889 1804 Τί
916 1752 1025 1820 γὰρ
1052 1748 1247 1804 τούτου
1274 1748 1655 1819 λαμπρότερον
1689 1750 1773 1813 εἰς

187 1839 415 1910 ἐλεγχον
444 1840 547 1911 τῆς
575 1839 830 1911 τοιαύτης
861 1839 1154 1907 ἀσεϐείαςς
1195 1838 1261 1893 Τί
1300 1839 1358 1893 δέ
1399 1836 1772 1912 δυνατώτερον

1869 647 2185 702 accessione
2236 657 2331 702 aut
2380 648 2657 702 additione
2680 644 2999 701 suﬁ‘ecerint
3041 643 3169 709 illis,
3194 642 3289 714 qui
3334 658 3446 696 non

1872 738 2100 795 omnino
2133 739 2286 804 illud,
2316 740 2459 809 quod
2487 736 2803 793 Conditoris
2835 736 3027 791 dextra
3060 735 3115 789 in
3147 734 3266 805 ipsa
3292 748 3447 788 crea-

1874 831 2023 886 tione
2062 828 2173 885 illis
2202 829 2394 901 largita
2432 837 2549 891 est,
2580 826 2809 883 rationis
2853 824 3182 881 beneﬁcium
3236 824 3451 899 abjeee-

1870 926 2037 983 runt,
2087 918 2156 973 ad
2197 916 2610 972 conversionem
2644 925 2701 971 et
2747 914 3122 971 excussionem
3158 912 3445 969 sententia:

1871 1010 2052 1082 impia:
2085 1010 2471 1082 perducendis,
2502 1025 2612 1065 non
2645 1009 2828 1064 minus
2864 1017 3048 1063 autem
3096 1022 3310 1071 eorum,
3346 1007 3441 1077 qui

1871 1103 2137 1159 rationem
2164 1118 2265 1173 per
2293 1116 2529 1173 pugnam
2562 1100 2825 1157 adversus
2849 1097 3017 1155 Deum
3049 1098 3449 1162 exstinxerunt,

1872 1196 2129 1275 hostique
2148 1194 2508 1259 tradiderunt,
2520 1192 2759 1248 audaciae
2777 1191 3197 1257 contundendae,
3217 1190 3456 1261 ipsisque

1870 1288 2036 1344 etiam
2084 1288 2270 1345 invitis
2303 1303 2334 1343 a
2359 1285 2734 1358 disputatione
2771 1285 2840 1342 ad
2893 1283 3171 1341 silentium
3211 1284 3455 1355 compel-

1871 1380 2068 1436 lendis.
2095 1380 2366 1447 Quidnam
2394 1381 2541 1435 enim
2562 1379 2894 1435 luculentius
2920 1379 2988 1434 ad
3024 1377 3454 1433 confutationem

1873 1472 1996 1527 talis
2026 1472 2322 1543 impietatis
2352 1471 2536 1528 aﬁ‘erri
2571 1471 2794 1543 potest?
2833 1470 2975 1538 Quid
3007 1485 3139 1526 vero
3184 1469 3459 1525 efﬁcacius

1872 1564 1939 1618 ad
1970 1563 2214 1618 maxillas
2240 1578 2429 1618 eorum
2458 1561 2613 1633 quasi
2646 1577 2802 1617 camo
2829 1570 2884 1617 et
2918 1562 3074 1618 freno
3099 1576 3459 1632 compescen-

1873 1652 1990 1718 das,
2048 1668 2112 1710 ac
2154 1654 2550 1709 ostendendam
2580 1653 2799 1710 eminus
2852 1651 3146 1725 ﬂagrorum
3196 1653 3411 1723 copiam
3440 1691 3458 1711 .

1873 1746 2072 1816 quibus
2098 1760 2159 1801 se
2200 1744 2299 1815 ipsi
2328 1755 2586 1816 tanquam
2616 1762 2647 1800 a
2676 1745 2907 1802 veritate
2927 1743 3129 1811 alieni,
3162 1758 3345 1814 neque
3390 1742 3462 1799 ad

1873 1838 2046 1893 Deum
2088 1836 2353 1893 accedere
2397 1836 2704 1909 cupientes,
2753 1836 3020 1893 obnoxios
3076 1835 3459 1891 reddiderunt.

190 1894 355 2002 ιτηῶ
383 1931 481 1985 καὶ
503 1894 707 2003 χαλινῷ
733 1894 833 1997 τάξ
864 1894 1120 2001 σιαγόνας
1141 1894 1327 1986 αὐτῶν
1351 1931 1516 2000 ἀγξαι
1545 1933 1639 1985 καὶ
1661 1894 1773 1986 ⁴τῶν

1879 1931 2181 1989 Enimvero
2209 1930 2461 2000 quamvis
2501 1946 2615 1985 non
2640 1930 2823 1986 omnia
2865 1944 2967 1995 ea,
3018 1944 3141 2000 quae
3191 1928 3463 1983 insaniam

193 2023 479 2093 μαστίγων
493 2024 554 2078 τὸ
575 2024 780 2097 πλῆθος
794 2025 1079 2091 ἐπιδεῖξαι,
1098 2017 1177 2080 ὧν
1194 2024 1383 2095 πόρρω
1402 2025 1503 2093 τῆς
1518 2023 1776 2095 ἀληθείας

1879 2037 2071 2078 eorum
2098 2031 2437 2095 coarguunt,
2472 2021 2528 2077 in
2560 2022 2800 2077 medium
2830 2020 3014 2078 aﬁ‘erri
3048 2020 3294 2093 possint,
3328 2036 3463 2090 pne-

191 2114 512 2183 γεγονότες,
546 2116 639 2169 καὶ
666 2114 864 2186 μηκέτι
895 2113 1015 2186 Θεῷ
1044 2113 1433 2186 προσεγγίζειν
1457 2115 1776 2185 ἀνεχόμενοι

1884 2116 2044 2187 cipua
2105 2124 2299 2171 tamen
2348 2116 2603 2187 persequi
2636 2130 2740 2171 nec
2780 2130 3249 2186 supervacaneum
3300 2113 3464 2174 forte.

192 2206 535 2273 ὑπευθύνους
588 2208 813 2273 ἑαυτοὺς
854 2208 1373 2279 παρεσκευάσαντο*
1412 2208 1555 2280 πλὴν
1601 2210 1651 2262 εί
1683 2210 1776 2263 καὶ

1880 2224 1985 2265 nec
2016 2208 2210 2265 inutile
2245 2208 2432 2265 fuerit.
2465 2209 2757 2265 Plenitudo
2793 2208 2941 2264 enim
2987 2207 3247 2263 Ecclesiae
3288 2206 3382 2260 Dei
3417 2206 3464 2261 si

194 2298 377 2352 πάντα
422 2298 690 2369 παράγειν
725 2297 787 2352 οὐ
820 2299 1006 2370 ῥᾴδιον
1036 2298 1137 2353 ὅσα
1178 2298 1485 2370 στηλιτεύει
1509 2300 1612 2371 τὴν
1636 2300 1776 2354 ἀπό-

1880 2301 2030 2356 nulla
2058 2316 2121 2356 re
2162 2299 2288 2366 alia,
2329 2308 2478 2356 certe
2518 2300 2691 2371 copiis
2717 2308 2773 2356 et
2801 2299 3134 2355 abundantia
3174 2313 3463 2370 argumen-

192 2403 367 2453 νοιαν,
408 2386 526 2441 ἀλλ’
562 2382 657 2442 οῦν
683 2386 772 2441 διὰ
799 2386 909 2442 τῶν
936 2387 1236 2460 ἐπικαίρων
1281 2388 1362 2443 ἐτι
1393 2390 1639 2459 προϊέναι
1660 2429 1677 2454 ,
1713 2390 1774 2445 ού

1884 2399 2063 2447 torum
2098 2398 2288 2445 contra
2316 2389 2681 2447 defectionem
2713 2390 2857 2446 hanc
2881 2388 3152 2459 superbit.

192 2477 454 2548 τεεριττδν
496 2477 627 2542 ἴσως
676 2476 800 2533 ούδέ
832 2477 1126 2550 ἄχρηστον.
1174 2479 1526 2550 Σεμνυνεῖται
1556 2479 1665 2552 γὰρ
1696 2481 1746 2534 εί
1786 2480 1865 2551 μή
1899 2498 2005 2535 τινι
2031 2479 2198 2551 ἄλλῳ,
2234 2480 2352 2535 ἀλλ’
2378 2477 2475 2535 οῦν
2512 2498 2576 2550 γε
2611 2480 2692 2551 τῷ
2718 2478 2935 2552 πλούτῳ
2965 2479 3062 2535 καὶ
3117 2479 3184 2552 τῇ
3246 2496 3462 2552 περιου-

128 2586 131 2591 ‘
194 2575 291 2646 σία
316 2574 429 2629 τῶν
474 2573 617 2628 κατὰ
651 2574 752 2645 τῆς
791 2575 1133 2640 ἀποστασίας
1178 2575 1507 2641 ἀποδείξεων
1536 2576 1637 2647 τῆς
1658 2576 1753 2631 τοῦ
1778 2577 1914 2633 Θεοῦ
1949 2577 2279 2649 Ἐκκλησίας
2307 2576 2370 2630 τὸ
2403 2577 2699 2649 πλήρωμα.

268 2665 370 2720 IE'.
414 2664 476 2718 '0
511 2665 611 2735 μὲν
632 2660 729 2720 οὖν
751 2665 863 2720 τῶν
885 2667 1133 2736 ἀγγέλων
1166 2665 1337 2738 ῦμνος
1372 2668 1467 2722 ἐπὶ
1493 2667 1573 2739 τῷ
1603 2669 1773 2742 τόκῳ,

1945 2667 2064 2725 XV.
2103 2668 2437 2742 Angelorum
2464 2669 2650 2741 itaque
2684 2669 2921 2741 hymnus
2967 2666 3025 2723 in
3056 2664 3341 2723 nativitate
3366 2664 3463 2721 de-

193 2751 278 2818 οἷς
301 2754 394 2808 τὸν
420 2754 651 2825 οὐρανὸν
686 2755 781 2809 καὶ
814 2756 916 2827 τὴν
952 2757 1055 2827 γῆν
1090 2757 1173 2821 είς
1208 2758 1341 2828 μίαν
1374 2757 1642 2830 ἁρμονίαν
1683 2761 1776 2814 καὶ

1879 2770 2150 2827 cantatus,
2190 2776 2289 2836 per
2318 2777 2457 2832 quos
2485 2762 2686 2817 malum
2710 2768 2769 2818 et
2793 2770 2995 2816 terram
3030 2759 3087 2814 in
3125 2759 3464 2814 harmoniam

194 2845 522 2916 συμφωνίαν
556 2846 857 2917 συνῆπτεν,
886 2847 966 2912 εις
994 2847 1093 2901 ἐνα
1134 2849 1367 2921 ποιητὴν
1392 2849 1494 2919 τὴν
1526 2850 1776 2921 αἰσθητι-

1879 2865 1939 2913 et
1997 2862 2327 2912 concentum
2362 2854 2672 2925 conjunxit,
2712 2862 2996 2909 creaturas
3029 2850 3318 2907 sensibiles
3350 2866 3451 2905 om-

194 2940 302 2998 κὴν
328 2938 513 2992 κτίσιν
541 2936 761 2993 ἃπασαν
791 2939 987 3009 ἀνῆγε,
1014 2939 1103 2993 διά
1132 2939 1242 2995 τῶν
1268 2940 1454 3013 ἄκρων
1484 2927 1667 3011 αὐτῆς
1686 2943 1776 2997 καὶ

1879 2963 1977 3005 nes
2015 2949 2084 3004 ad
2137 2964 2308 3004 unum
2357 2946 2713 3004 Conditorem
2765 2946 2996 3013 retulit,
3055 2961 3157 3017 per
3209 2958 3465 3014 suprema

190 3031 266 3084 τά
290 3032 353 3086 ἐν
379 3030 535 3101 μέσῳ
563 3031 973 3104 συναναφέρων.
1002 3032 1113 3087 Καὶ
1140 3034 1323 3105 χαρᾶς
1346 3033 1522 3105 ἀρχὴν
1546 3035 1776 3088 ἀεννάου

1882 3056 2072 3096 earum
2110 3055 2174 3095 ea
2202 3054 2450 3111 quoque,
2477 3055 2599 3111 quae
2627 3038 2683 3093 in
2712 3037 2895 3093 medio
2929 3045 3096 3099 sunt,
3140 3035 3197 3090 in
3221 3034 3466 3089 eamdem

190 3125 297 3195 τὴν
322 3124 480 3179 πόλιν
506 3124 688 3197 εὑρεῖν
714 3124 807 3180 τοῦ
832 3124 999 3179 Δαυτδ
1026 3124 1431 3198 εὐηγγελίζετο,
1460 3127 1560 3181 ἆτε
1588 3127 1653 3199 δὴ
1678 3127 1776 3199 τῆς

1883 3130 2118 3185 classem
2168 3129 2463 3185 collocans.
2494 3129 2643 3184 ldem
2688 3142 2907 3199 quoque
2960 3126 3238 3183 civitatem
3298 3123 3466 3180 David

193 3215 564 3288 ἀνεκλαλήτου
592 3218 814 3289 εἰρήνης
833 3234 895 3271 τε
919 3217 1014 3272 καὶ
1038 3217 1190 3282 θείας
1211 3218 1461 3281 εὐδοκίας
1482 3218 1573 3273 διὰ
1598 3219 1776 3289 πάσης

1885 3220 2087 3290 primas
2120 3219 2285 3290 hujus
2316 3219 2502 3292 gaudii
2552 3218 2746 3275 aeterni
2794 3226 2978 3289 partes
3017 3217 3160 3273 ferre
3208 3215 3466 3277 nuntiat.

195 3308 303 3375 γῆς
329 3308 782 3378 ἐμπολιτεύεσθαι
811 3309 1127 3382 παρρησίαν
1158 3309 1567 3382 λαμϐανούσης.
1605 3305 1700 3376 Οἷς
1732 3312 1775 3365 δ’

1879 3289 2015 3384 pace
2066 3289 2277 3368 scilicet
2323 3289 2589 3368 inell'abili
2637 3321 2693 3367 et
2743 3311 2931 3367 divino
2976 3310 3318 3381 beneplacito
3370 3323 3466 3378 per

194 3400 231 3469 ἠ
265 3399 455 3453 θεόθεν
498 3400 712 3470 εἰρήνη,
743 3401 841 3455 καὶ
881 3402 917 3471 ἡ
962 3400 1212 3467 εὐδοκία,
1256 3401 1324 3456 δι’
1358 3395 1433 3455 ὧν
1462 3397 1646 3457 αὐτῶν
1677 3403 1775 3467 τὰς

192 3489 382 3561 ψυχάς
410 3490 641 3555 ἀτοπίας
666 3491 1023 3563 ἐπλήρωσαν,
1053 3492 1417 3564 ἀπελήλαται,
1463 3492 1670 3557 τούτοις
1700 3495 1778 3549 εἰ-

195 3584 376 3647 κῦτως
402 3583 523 3637 οὐδὲ
544 3583 634 3637 τδν
662 3583 842 3637 αὐτῶν
866 3584 1125 3656 Ποιητὴν,
1157 3585 1216 3650 ὃς
1244 3585 1487 3649 καὶτοὺς
1510 3585 1779 3655 ἀγγέλους

200 3670 522 3739 ὕμνολογεῖν
550 3671 921 3739 ἐξαπέστειλε,
951 3674 1045 3728 καὶ
1070 3673 1165 3727 τὸν
1197 3672 1367 3745 ῦμνον
1397 3676 1775 3745 προσεδέξατο,

201 3762 468 3833 οὐμενοῦν
490 3763 590 3835 οὐχ
614 3764 896 3834 ὁμολογεῖν
924 3765 1015 3818 τὸν
1042 3766 1206 3820 αὐτὸν
1233 3766 1463 3838 οὐρανοῦ
1480 3784 1541 3821 τε
1564 3768 1660 3822 καὶ
1674 3770 1779 3840 γῆς

200 3855 434 3927 ποιητὴν
461 3856 843 3928 συνησέϐηται.
886 3856 1050 3911 Ἀλλά
1078 3857 1253 3912 ταῦτα
1286 3858 1386 3929 μὲν
1413 3860 1515 3914 οὐκ
1540 3859 1645 3926 ἔξω
1670 3861 1781 3915 τῶν

196 3946 437 4015 πρώτων
461 3945 555 4001 τοῦ
584 3948 889 4021 μυστηρίου
915 3948 1222 4020 συμϐόλων,
1250 3945 1437 4021 οἶμαι,
1468 3952 1778 4008 πίπτουσιν.

204 4039 279 4092 ’Δ
299 4038 358 4092 δὲ
385 4039 488 4111 τὴν
519 4040 640 4111 μετ’
661 4042 847 4096 ἐκεῖνα
874 4042 1028 4109 τάξιν
1054 4042 1263 4114 ἐπέχει,
1299 4045 1329 4097 6
1357 4042 1462 4096 ὑπὸ
1495 4043 1588 4098 τὸν
1615 4043 1780 4116 νόμον

204 4129 456 4200 Συμεὼν,
486 4132 582 4187 καὶ
608 4133 671 4188 τὸ
695 4135 782 4189 ἐπ’
805 4135 969 4189 αὐτὸν
991 4135 1211 4207 πνεῦμα
1234 4137 1389 4205 ἅγιον
1407 4138 1500 4192 καὶ
1524 4138 1553 4192 6
1580 4138 1649 4192 δι’
1677 4140 1780 4195 αύ-

203 4222 301 4276 τοῦ
330 4224 733 4296 χρηματισμὸς,
765 4227 859 4282 καὶ
879 4228 914 4299 ή
937 4228 996 4281 ἐν
1021 4226 1099 4298 τῷ
1127 4226 1337 4299 νομικῷ
1358 4228 1471 4300 ναῷ
1506 4229 1603 4284 τοῦ
1643 4248 1780 4301 πρε-

200 4313 405 4369 σϐύτου
456 4316 767 4388 παρουσία,
812 4317 924 4372 οὐδ’
970 4318 1109 4390 αὐτὴ
1154 4318 1326 4391 χωρὶς
1371 4319 1467 4373 τοῦ
1514 4320 1782 4390 παναγίου

203 4405 530 4474 Πνεύματος
559 4407 882 4480 τελουμένη,
915 4410 1009 4463 καὶ
1040 4409 1154 4487 ,τῆς
1187 4408 1522 4480 ἀγαθότητος
1558 4412 1594 4483 ἡ
1626 4412 1779 4483 πηγὴ

205 4496 541 4553 ὑποκύπτων
578 4501 609 4553 6
634 4501 828 4572 Σωτὴρ
859 4501 1021 4573 ἡμῶν
1061 4500 1141 4573 τῷ
1182 4502 1365 4574 νόμῳ,
1397 4502 1493 4556 καὶ
1521 4503 1620 4575 οὐχ
1653 4505 1784 4558 ὑπο-

1880 3418 2101 3459 omnem
2152 3412 2355 3459 terram
2402 3402 2722 3459 dominandi
2775 3400 3093 3457 facultatem
3140 3406 3459 3455 exercente.

1880 3495 2092 3562 Quibus
2129 3510 2261 3550 vero
2291 3495 2457 3550 rebus
2486 3494 2669 3549 divina
2703 3510 2807 3564 pax
2835 3502 2892 3548 et
2920 3492 3300 3548 benevolentia
3326 3532 3340 3557 ,
3370 3506 3467 3561 per

1879 3601 2020 3656 quas
2057 3586 2271 3640 animas
2305 3601 2433 3641 suas
2464 3584 2762 3641 insolentes
2799 3583 3187 3649 reddiderunt,
3222 3582 3290 3636 ab
3336 3582 3468 3651 ipsis

1880 3676 2199 3747 propulsata
2229 3686 2345 3741 est,
2389 3676 2585 3733 iisdem
2628 3691 2696 3732 eo
2732 3674 3031 3746 impietatis
3070 3673 3272 3729 redacti
3305 3681 3465 3731 sunt.

1881 3779 1944 3826 ut
1974 3786 2079 3827 nec
2108 3785 2299 3826 eorum
2335 3769 2711 3831 Conditorem,
2748 3768 2839 3839 qui
2871 3777 2925 3824 et
2954 3765 3174 3838 angelos
3206 3766 3467 3837 hymnum

1881 3873 2197 3921 cantaturos
2228 3863 2396 3926 misit,
2430 3864 2796 3934 hymnumque
2836 3875 3027 3916 eorum
3070 3858 3302 3930 recepit,
3354 3874 3466 3912 non

1881 3957 2136 4013 eumdem
2158 3956 2281 4013 coeli
2312 3966 2368 4011 et
2397 3965 2559 4011 teme
2585 3964 2891 4010 creatorem
2929 3951 3337 4025 proﬁterentur.
3360 3950 3468 4007 Sed

1883 4050 1977 4106 illa
2010 4049 2230 4120 quidem
2254 4064 2364 4104 non
2390 4049 2566 4120 prima
2587 4047 2975 4120 mysteriorum
2996 4045 3285 4109 elementa,
3311 4051 3464 4115 puto,

1882 4152 2166 4212 superant.
2191 4140 2324 4208 Quae
2352 4156 2485 4195 vero
2510 4139 2814 4195 secundum
2840 4139 2909 4194 ab
2948 4137 3070 4193 istis
3092 4138 3268 4194 locum
3300 4151 3467 4191 occu-

1884 4242 2047 4303 pant,
2082 4233 2318 4305 Symeon
2353 4232 2566 4288 scilicet
2607 4231 2713 4286 sub
2743 4230 2862 4302 lege
2902 4229 3193 4295 exsistens,
3231 4226 3467 4298 Spiritus

1884 4336 2110 4382 sanctus
2139 4325 2241 4397 ipsi
2278 4324 2694 4395 superveniens,
2723 4322 3043 4378 vaticinium
3069 4337 3167 4392 per
3195 4335 3320 4374 eum
3350 4318 3469 4374 edi-

1885 4424 2039 4480 tum,
2084 4416 2332 4487 ejusdem
2371 4414 2521 4471 senis
2566 4414 2622 4469 in
2676 4414 2941 4485 templum
2981 4411 3319 4475 adventatio,
3362 4425 3467 4466 nec

1885 4505 2001 4575 ipsa
2037 4504 2153 4560 sine
2179 4504 2384 4576 Spiritu
2426 4514 2616 4561 sancto
2655 4502 2831 4571 facta;
2869 4512 2926 4559 et
2966 4502 3222 4557 Servator
3262 4509 3465 4566 noster,

204 4585 430 4692 κύπτων
458 4588 651 4692 μόνον,
692 4591 832 4647 ἀλλά
860 4593 955 4649 καὶ
987 4594 1257 4664 ἀγκάλαις
1275 4634 1291 4660 ,
1322 4596 1380 4651 αἳ
1411 4594 1511 4667 τὴν
1549 4597 1776 4669 νομικὴν

1888 4596 1980 4652 ille
2015 4596 2277 4652 bonitatis
2309 4596 2449 4662 fons,
2478 4597 2582 4670 legi
2608 4612 2667 4652 se
2698 4596 3019 4666 subjiciens,
3046 4610 3148 4650 nec
3170 4591 3466 4663 subjiciens

200 4680 465 4751 ἔστεργον
495 4680 751 4754 λατρείαν
770 4723 786 4749 ,
817 4684 1304 4758 δορυφορούμενος,
1337 4690 1430 4742 καὶ
1462 4687 1596 4743 αὐτὸ
1628 4690 1693 4761 δὴ
1721 4690 1783 4744 τὸ

207 4771 357 4843 ἱερὸν
384 4773 476 4828 καὶ
499 4773 662 4828 πάλιν
685 4776 715 4829 6
742 4776 988 4847 Συμεὼν,
1024 4780 1146 4831 ἐπεὶ
1175 4779 1283 4833 τῶν
1312 4780 1549 4835 ἐλπίδων
1574 4779 1688 4852 εἶχε
1720 4787 1784 4836 τὸ

204 4866 404 4935 πέρας,
434 4868 526 4920 καὶ
554 4866 650 4921 τοῦ
687 4869 1073 4941 χρηματισμοῦ
1108 4872 1171 4925 τὸ
1204 4872 1391 4943 μεῖζον
1428 4868 1557 4939 εἶδε,
1598 4875 1694 4929 καὶ
1722 4876 1786 4928 τὸ

198 4958 390 5013 λεῖπον
416 4957 617 5024 αὐτῶν,
644 4960 739 5015 καὶ
760 4961 1040 5032 τυγχάνων
1069 4963 1308 5034 εὐλογῶν
1333 4982 1395 5020 τε
1419 4966 1511 5022 τὸν
1539 4966 1692 5032 Θεὸν,
1725 4969 1786 5031 ὃς

204 5050 342 5104 ίόεῖν
364 5066 424 5103 τε
446 5050 595 5121 αὑτῷ
622 5052 959 5123 ἐχρημάτισε
988 5052 1050 5108 τὸ
1082 5055 1413 5128 ἀπόρρητον,
1444 5058 1540 5113 καὶ
1568 5059 1667 5130 τῆς
1690 5059 1778 5112 ἐλ-

204 5139 366 5205 πίδος
382 5140 488 5195 -ούκ
501 5140 753 5212 ἐψευσεν,
798 5143 915 5198 ἀλλ’
934 5143 1233 5215 ὀφθαλμοῖς
1254 5148 1457 5219 ἠξίωσε
1481 5150 1780 5205 θεάσασθαι

200 5231 271 5285 τὸ
312 5232 581 5303 σωτήριον
604 5233 825 5289 πάντων
854 5235 964 5289 τῶν
1001 5236 1196 5303 ἐθνῶν,
1236 5241 1331 5294 καὶ
1366 5240 1467 5310 τὴν
1499 5240 1659 5306 δόξαν
1686 5241 1781 5296 τοῦ

218 5322 460 5394 Ἰσραὴλ,
506 5325 630 5396 ἥτις
673 5326 823 5379 ἐστὶν
866 5327 1027 5392 αὐτὸς
1068 5328 1097 5382 6
1137 5328 1327 5401 Σωτὴρ
1370 5330 1531 5403 ἡμῶν
1580 5332 1785 5403 Ἰησοῦς

203 5417 465 5486 Χριστός.
512 5419 624 5473 Καὶ
670 5418 746 5491 μὴ
779 5419 1075 5491 παρέργως
1108 5421 1281 5475 ταῦτα
1310 5426 1423 5488 τοῖς
1458 5423 1566 5478 ὠσὶ
1603 5425 1782 5495 δέχου.

204 5507 434 5578 Πνεῦμα
475 5508 629 5577 ἆγιον
667 5505 736 5580 ἦν
767 5511 825 5563 ἐν
865 5511 941 5581 τῷ
982 5512 1298 5585 πρεσϐύτῃ,
1332 5514 1562 5585 ἀλλὀὐχ
1603 5518 1631 5570 6
1677 5519 1783 5570 llo-

204 5600 395 5672 νηρὸς,
426 5600 713 5673 ἄνθρωπε,
747 5603 818 5656 δι’
838 5594 901 5656 οὗ
926 5604 1023 5657 καὶ
1044 5605 1073 5659 6
1098 5606 1482 5677 χρηματισμὸς
1514 5606 1592 5678 (6)
1623 5607 1782 5678 ἀνδρὶ⁸

1887 4690 2086 4757 solum,
2119 4690 2216 4746 sed
2241 4700 2297 4744 et
2339 4689 2504 4755 ulnis,
2535 4704 2657 4759 quae
2687 4688 2894 4743 cultum
2919 4687 3145 4758 legalem
3168 4684 3465 4754 amplecte-

1887 4783 2106 4849 bantur,
2150 4791 2460 4853 susceptus,
2503 4780 2615 4837 imo
2662 4781 2841 4851 ipsum
2893 4793 3110 4849 quoque
3154 4775 3416 4844 templum
3444 4815 3460 4839 ,

1887 4874 2198 4943 iterumque
2220 4873 2480 4944 Symeon,
2509 4873 2601 4944 qui
2630 4873 2773 4936 ideo,
2801 4871 2945 4942 quod
2986 4870 3150 4923 ﬁnem
3194 4867 3308 4938 spei
3351 4882 3465 4922 sua:

1886 4976 2216 5022 consecutus
2245 4976 2381 5032 erat,
2401 4975 2457 5022 et
2491 4965 2754 5035 majorem
2785 4962 3026 5019 vaticinii
3067 4969 3277 5033 partem
3309 4960 3466 5015 vidc-

1886 5070 1991 5127 rat,
2019 5060 2191 5116 Deum
2228 5059 2517 5125 laudabat,
2567 5058 2661 5128 qui
2716 5066 2772 5113 et
2812 5070 3074 5112 arcanum
3114 5055 3220 5111 hoc
3284 5054 3463 5125 ipsum

1882 5152 2125 5208 visurum
2160 5154 2506 5224 prtedixerat,
2538 5166 2641 5207 nec
2679 5165 2775 5220 spe
2808 5148 3135 5220 permiserat
3177 5147 3464 5214 frustrari,

1882 5243 1978 5299 sed
2009 5244 2188 5314 potius
2210 5244 2433 5316 dignum
2464 5241 2820 5311 judicaverat,
2851 5239 2942 5311 qui
2969 5240 3144 5296 oculis
3170 5240 3284 5295 suis
3311 5239 3466 5295 vide-

1883 5343 1971 5390 ret
1997 5335 2247 5390 Salutare
2280 5333 2524 5390 omnium
2558 5332 2800 5405 gentium
2821 5372 2836 5397 ,
2870 5340 2926 5387 et
2962 5332 3186 5404 gloriam
3220 5332 3461 5397 lsraelis,

1886 5442 2008 5498 quae
2047 5436 2131 5482 est
2180 5427 2296 5497 ipse
2340 5425 2599 5480 Servator
2648 5434 2836 5479 noster
2875 5422 3037 5479 Jesus
3066 5423 3338 5480 Christus.
3383 5423 3467 5477 Tu

1889 5532 2019 5571 vero
2044 5516 2158 5571 haec
2178 5515 2404 5571 auribus
2428 5530 2538 5568 non
2560 5514 2735 5570 obiter
2754 5515 2959 5585 accipe.
2985 5514 3223 5584 Spiritus
3243 5521 3466 5567 sanctus

1888 5616 2006 5663 crat
2044 5607 2187 5677 apud
2217 5621 2402 5661 senem
2432 5605 2607 5675 illum,
2634 5622 2667 5661 ο
2697 5607 2885 5673 homo,
2932 5622 3042 5661 non
3083 5615 3265 5661 autem
3294 5602 3467 5660 Malus

1310 5781 1539 5837 νΑιιιΑς
1596 5781 1981 5840 LECTIONES
2028 5784 2119 5839 ET
2152 5782 2381 5839 ΝΟΤᾹΞ.

282 5916 366 5977 (6)
410 5917 850 5985 Χρηματισμός.
884 5919 960 5975 ita
1004 5919 1195 5988 scripsi
1220 5935 1319 5989 pro
1362 5923 1784 5992 χρηματισμὸν,
1822 5923 1967 5993 quod
2000 5934 2205 5981 textum
2227 5923 2485 5981 mendose
2515 5934 2895 5996 occupaverat.
