4022 6398
579 456 681 525 211
1728 451 1990 518 ΡΗΟΤΙῙ
2027 446 2538 511 ΡᾹΤΒῙΑΒΟΗΕ
2576 444 2686 505 CP.
3737 430 3843 495 212

588 568 678 625 ille
710 587 726 625 :
756 582 857 639 per
897 568 1151 625 eumdem
1192 575 1251 625 et
1293 566 1574 624 oraculum
1620 565 1752 621 illud
1796 564 2000 619 factum
2045 566 2165 615 erat

2291 556 2355 610 ἱιὰ
2382 555 2548 627 νόμου
2580 553 2817 625 βιοῦντι,
2852 549 2946 605 καὶ
2985 547 3125 604 κατὰ
3161 534 3328 617 νόμοῦ
3364 547 3394 601 6
3426 544 3619 639 Σωτὴρ
3646 548 3844 615 ἀνάγε-

586 638 800 720 homini
826 663 881 716 in
906 662 1023 735 lege
1047 663 1272 728 viventi,
1298 662 1440 719 sicut
1462 670 1518 717 et
1544 658 1969 728 Servatorjuxta
1993 654 2167 723 legem

2291 666 2362 703 ται
2393 649 2473 712 είς
2496 647 2555 701 τὸ
2582 648 2627 699 le
2637 645 2749 718 ρὺν,
2772 643 2865 699 xal
2893 642 3039 697 κατά
3060 642 3153 696 τὸν
3173 640 3340 712 νόμον
3360 638 3844 735 ἀγκαλοφορείται.

589 757 645 810 in
700 756 961 825 templum
1004 755 1315 818 adducitur,
1346 763 1401 809 et
1465 754 1621 823 juxta
1649 752 1826 823 legem
1865 748 2011 803 ulnis
2043 761 2170 816 por-

591 854 757 903 tatur.
790 846 977 919 Neque
1016 864 1145 902 vero
1190 850 1352 902 homo
1384 847 1620 917 injurius
1663 854 1759 900 aut
1808 842 1947 898 Malo
1993 840 2166 896 obno-

587 940 733 1003 xius.
768 940 863 995 sed
898 956 926 993 a
960 939 1070 995 Deo
1097 939 1297 1010 duplici
1339 939 1560 995 nomine
1576 947 1754 1003 actus,
1787 935 1935 1007 quod
1967 943 2022 989 et
2052 932 2173 1003 Spi-

590 1024 749 1087 ritus'
772 1033 1006 1087 Sanctus
1036 1048 1200 1103 super
1246 1048 1370 1088 eum
1407 1040 1559 1097 erat,
1590 1041 1645 1086 et
1670 1029 1920 1086 manibus
1963 1026 2175 1082 ferebat

591 1124 897 1187 Christum,
924 1124 1154 1179 salutem
1200 1125 1445 1179 omnium
1471 1124 1715 1196 gentium
1740 1124 1849 1179 imo
1872 1129 1928 1178 et
1950 1121 2175 1195 gloriam

594 1212 808 1269 lsraelis
825 1216 1266 1285 proclamat,non
1295 1217 1459 1271 alium
1483 1226 1646 1286 atque
1672 1216 1860 1279 alium,
1885 1214 1979 1270 sed
1999 1214 2176 1284 ipsum

592 1306 883 1362 Dominum
939 1318 1188 1365 nostrum
1223 1310 1409 1365 Jesum
1452 1309 1731 1365 Christum
1757 1351 1771 1375 ,
1815 1307 2175 1364 mediatorem

592 1411 646 1456 et
673 1399 1035 1458 conditorem.
1072 1401 1208 1457 Nam
1251 1419 1372 1474 quae
1402 1402 1579 1459 Patris
1609 1410 1773 1469 sunt,
1821 1400 2011 1456 eadem
2049 1407 2179 1455 sunt

592 1499 649 1546 et
678 1492 851 1562 ipsius
876 1493 1082 1557 omnia,
1126 1494 1241 1549 sive
1282 1494 1485 1549 veteris
1531 1493 1643 1549 sint
1697 1491 2005 1548 testamenti
2063 1489 2178 1545 sive

592 1584 799 1656 gratiae.
815 1583 1199 1655 Quaaquidem,
1219 1586 1466 1656 quamvis
1481 1586 1754 1657 praedictis
1771 1585 2025 1640 inferiora
2046 1584 2175 1649 sint,

593 1688 705 1727 non
737 1685 919 1729 tamen
951 1674 1003 1728 in
1036 1675 1410 1731 confutatione
1453 1677 1744 1731 hominum
1783 1686 1971 1731 contra
2005 1673 2178 1728 Deum

594 1767 955 1838 pugnantium
1012 1768 1315 1843 secundum
1349 1769 1529 1825 locum
1557 1777 1851 1839 occupant.
1894 1765 1997 1822 Ubi
2032 1766 2179 1821 enim

595 1857 993 1927 blaSphemiam
1024 1860 1189 1913 ullam
1218 1869 1409 1915 contra
1433 1860 1627 1932 legem.
1653 1870 1750 1915 aut
1777 1875 1863 1926 ea,
1900 1875 2022 1930 qua:
2053 1866 2181 1913 sunt

597 1941 754 2015 legis,
788 1956 884 2001 aut
932 1949 1227 2003 sanctuarii
1294 1950 1505 2021 legalis,
1565 1950 1800 2006 inveniri
1850 1948 2182 2005 ostendent?

600 2036 709 2092 Sed
738 2039 866 2108 quid
914 2040 1037 2096 dico
1086 2041 1528 2112 blasphemiam?
1582 2043 1777 2099 Nonne
1811 2044 1992 2115 potius
2034 2041 2183 2097 omni

598 2128 810 2185 honore
844 2140 900 2188 et
930 2134 1079 2189 cultu
1116 2134 1358 2189 alliciunt
1386 2152 1468 2201 ea,
1496 2151 1617 2207 quae
1636 2128 1950 2191 communia
1974 2144 2104 2192 sunt
2129 2144 2185 2191 et

599 2222 915 2291 conjuncta,
954 2231 1009 2280 et
1041 2224 1222 2279 allinia
1257 2226 1464 2296 gratias.
1498 2228 1656 2281 Anna
1697 2236 1904 2292 autem,
1941 2225 2185 2296 prophe-

598 2312 730 2378 tis‘,
786 2315 944 2384 cujus
986 2314 1097 2370 vita
1154 2322 1273 2371 erat
1321 2318 1587 2387 precatio,
1628 2324 1683 2371 et
1731 2316 2090 2371 commoratio
2128 2315 2182 2369 in

601 2403 829 2473 templo,
852 2414 909 2458 et
933 2413 992 2459 ut
1027 2406 1339 2460 summatim
1374 2406 1576 2469 dicam,
1625 2407 1807 2461 cultus
1845 2405 2050 2477 legalis,
2074 2405 2180 2461 nisi

598 2502 656 2550 et
697 2495 814 2566 ipsa
854 2511 885 2551 a
948 2497 1192 2553 benefica
1225 2515 1393 2553 manu
1443 2508 1498 2554 et
1541 2499 1883 2571 providentia
1933 2497 2181 2568 profecta

600 2586 795 2643 luisset
829 2605 935 2644 una
969 2605 1093 2644 cum
1135 2591 1222 2657 iis,
1247 2592 1450 2661 quibus
1489 2593 1544 2646 in
1576 2592 1688 2647 vita
1737 2590 2027 2663 gaudebat,
2076 2590 2185 2645 nisi

598 2681 767 2735 etiam
798 2681 1214 2752 inspiratioucm
1248 2684 1375 2739 inde
1418 2684 1702 2739 habuisset
1745 2683 2022 2754 quomodo
2064 2685 2188 2738 lau-

599 2773 783 2828 dasset
818 2775 1136 2840 Dominum,
1190 2785 1247 2830 et
1279 2776 1347 2831 de
1386 2777 1534 2831 bono
1595 2777 1709 2831 Deo
1741 2777 1922 2831 locuta
1970 2776 2186 2844 fuisset,

598 2866 743 2936 quod
775 2866 986 2921 scilicet
1014 2867 1173 2922 saluti
1206 2867 1425 2922 futurus
1465 2867 1535 2922 sit
1559 2867 1687 2934 illis,
1726 2867 1819 2938 qui
1876 2867 2189 2939 Hierosoly-

601 2958 710 3012 mis
750 2957 928 3027 ipsum
972 2959 1398 3028 exspectarent?
1434 2958 1589 3013 Itane
1628 2959 1729 3024 illi,
1775 2960 1868 3029 qui
1897 2960 2192 3030 sperabant

601 3049 887 3105 Christum
908 3050 965 3103 in
1006 3050 1236 3106 salutem
1256 3065 1410 3105 suam
1436 3059 1756 3118 venturum,
1801 3054 2003 3108 malum
2036 3053 2190 3123 prin-

604 3165 618 3193 ι
638 3143 809 3212 ipium
835 3144 1103 3205 colentes.
1133 3144 1201 3199 ad
1237 3145 1442 3200 bonum
1464 3146 1783 3202 retulissent
1812 3162 1966 3216 spem
1996 3147 2190 3202 suam?

2212 1904 2255 1960 Β

2272 742 2385 797 Καὶ
2413 741 2514 810 οὐχ
2538 742 2566 793 6
2600 735 2901 808 θεοϐλαϐὴς
2927 735 2961 806 ἢ
2998 734 3283 805 ἀνειμένος
3311 732 3391 802 τῷ
3425 731 3652 803 χείρονι,
3674 728 3790 782 ἀλλ’
3820 731 3849 781 6

2274 833 2533 906 θεοφορού
2542 850 2703 904 μενος
2724 827 3142 901 ἀμφοτέρωθεν,
3160 827 3243 881 ὅτι
3269 843 3329 879 τε
3358 824 3584 895 Πνεῦμα
3604 824 3761 892 ἆγιον
3782 818 3848 892 ἦν

2275 930 2444 1001 αὐτῷ,
2479 928 2572 981 καὶ
2602 926 2684 980 ὅτι
2720 923 2911 996 χερσὶν
2952 921 3115 991 ἔφερε
3139 919 3232 973 τὸν
3257 917 3527 989 Χριστὸν,
3573 914 3850 985 σωτηρίαν

2279 1023 2379 1095 μὲν
2407 1022 2622 1075 πάντων
2643 1017 2753 1072 τῶν
2773 1015 2945 1070 ἐθνῶν
2972 1013 3266 1082 ἀναφωνεῖ,
3295 1009 3432 1064 ἀλλά
3453 1009 3549 1064 καὶ
3576 1007 3737 1074 δόξαν
3758 1006 3849 1059 τοῦ

2289 1112 2530 1185 Ἰσραὴλ,
2560 1112 2660 1165 οὐκ
2686 1108 2843 1163 ἀλλον
2867 1106 2965 1161 καὶ
2991 1104 3169 1170 ἀλλον,
3201 1103 3318 1158 ἀλλ’
3336 1102 3498 1155 αὑτὸν
3526 1100 3619 1153 τὸν
3650 1098 3853 1169 Κύριον

2277 1204 2437 1277 ἡμῶν
2472 1202 2681 1272 Ἰησοῦν
2701 1198 2956 1272 Χριστὸν,
2991 1197 3086 1251 τὸν
3122 1194 3354 1266 μεσίτην
3377 1194 3472 1247 καὶ
3502 1189 3850 1263 δημιουργόν.

2279 1298 2389 1352 Kal
2416 1296 2486 1348 τά
2506 1293 2601 1348 τοῦ
2633 1291 2849 1363 Πατρδς
2873 1290 2985 1361 γὰρ
3013 1286 3175 1343 αὑτοῦ
3205 1289 3354 1341 ἐστιν
3382 1285 3598 1340 ἅπαντα
3624 1283 3729 1352 τῆς
3754 1298 3854 1333 πα-

2278 1387 2440 1449 λαιᾶς
2483 1385 2579 1439 καὶ
2622 1383 2725 1454 τῆς
2783 1382 3026 1453 χάριτος.
3076 1377 3262 1433 Ταῦτα
3310 1378 3359 1430 εί
3404 1376 3500 1430 καὶ
3547 1370 3855 1444 δευτερεύει

2278 1478 2387 1534 τῶν
2426 1476 2850 1548 προλαϐόντων,
2894 1473 3011 1528 ἀλλ’
3054 1467 3150 1526 οὖν
3193 1470 3254 1523 ού
3303 1467 3404 1539 τὴν
3444 1466 3708 1537 δευτέραν
3755 1465 3855 1534 χῶ-

2284 1590 2417 1645 ραν,
2478 1571 2579 1624 ὅσα
2637 1585 2701 1638 γε
2755 1568 2869 1630 τοῖς
2925 1564 3170 1634 ἐλέγχοις
3221 1560 3434 1633 βάλλειν
3475 1559 3603 1620 τοὺς
3654 1555 3852 1645 θεομάῖ

2280 1644 2429 1735 γους,
2478 1661 2613 1732 ἔχει.
2671 1656 2784 1712 Ποῦ
2836 1656 2947 1727 γάρ
3001 1670 3124 1708 τινα
3174 1648 3526 1723 βλασφημίαν
3570 1644 3720 1700 κατὰ
3767 1644 3856 1696 τοῦ

2281 1761 2450 1828 νόμου
2512 1754 2547 1825 ἢ
2589 1751 2698 1806 τῶν
2756 1752 2816 1805 ἐν
2877 1748 2956 1820 τῷ
3006 1747 3190 1818 νόμῳ,
3235 1746 3269 1815 ἢ
3304 1741 3400 1797 τοῦ
3442 1739 3669 1811 νομικοῦ
3714 1736 3855 1809 ἱεροῦ

2283 1848 2519 1921 πάροδον
2568 1846 2750 1917 εὑρεῖν
2803 1843 2939 1906 ὅλως
2990 1840 3321 1905 ἐνδιδύασινς
3388 1836 3552 1891 Ἀλλὰ
3600 1834 3653 1887 τί
3710 1830 3858 1886 εἶπον

2286 1940 2637 2014 βλασφημίαν
2657 1954 2672 2003 ;
2694 1937 2874 2007 Πόσης
2895 1934 3063 2005 τιμῆς
3088 1933 3182 1986 καὶ
3200 1929 3358 2000 δόξης
3376 1928 3440 1982 ού
3463 1925 3858 1999 μεταδιδόασιν,

2284 2036 2431 2099 ὅσοις
2479 2034 2655 2087 ἔνεστι
2690 2029 2984 2102 μετασχεῖν
3026 2028 3139 2089 τοῖς
3171 2020 3490 2077 κοινωνοῦσι
3518 2019 3613 2073 καὶ
3643 2016 3859 2070 συνδια-

2285 2128 2642 2199 πλεκομένοις
2673 2125 2767 2178 καὶ
2797 2120 3151 2193 συμφωνοῦσι
3177 2120 3243 2189 τῇ
3271 2116 3456 2208 χάριτι
3475 2131 3514 2208 ;Δ
3634 2110 3858 2208 δὲ-προῖ

2286 2198 2688 2291 φῆτιςἊννα,
2725 2208 2793 2287 ἧς
2817 2212 2932 2284 βίος
2962 2212 2997 2281 ἡ
3045 2206 3323 2280 προσευχὴ
3366 2203 3462 2259 καὶ
3490 2203 3525 2274 ἠ
3556 2202 3613 2255 ἐν
3643 2198 3729 2270 τῷ
3746 2198 3862 2291 ναῷ

2286 2290 2485 2384 σχολὴι,
2515 2309 2609 2364 καὶ
2634 2307 2697 2361 τὸ
2722 2308 2833 2360 πᾶν
2868 2305 3065 2364 εἰπεῖν,
3100 2301 3134 2371 ἡ
3165 2295 3363 2369 νομικὴ
3404 2291 3664 2384 λατρεία,
3710 2290 3764 2384 εί
3792 2290 3859 2384 μὴ

2284 2378 2383 2475 ait;
2413 2378 2759 2472 ἀγαθουργοῦ
2777 2396 2870 2451 καὶ
2896 2391 3080 2465 χειρὸς
3101 2391 3197 2444 καὶ
3220 2385 3476 2459 προνοίας
3495 2379 3563 2455 ἦν
3583 2381 3679 2475 καλ.
3705 2378 3858 2449 αὐτὴ,

2285 2472 2381 2552 καὶ
2412 2489 2494 2559 οἷς
2531 2493 2681 2546 ἐϐίου
2721 2488 2816 2543 καὶ
2844 2483 3190 2555 ἐσεμνύνετο,
3221 2480 3272 2533 εί
3322 2477 3399 2549 μὴ
3434 2476 3536 2548 τὴν
3579 2472 3861 2527 ἐπίπνοιαν

2288 2585 2435 2644 εἶκεν
2461 2586 2538 2657 (7)
2580 2581 2809 2645 ἐκεῖθεν,
2860 2577 2979 2641 πῶς
3029 2571 3464 2644 ἀνθωμολογεῖτο
3512 2566 3591 2637 τῷ
3630 2563 3858 2657 Κυρίιμ.

2287 2683 2385 2737 καὶ
2413 2648 2541 2751 περί.
2568 2676 2663 2731 τοῦ
2719 2672 2926 2743 ἀγαθοῦ
2958 2669 3135 2724 ἐλάλει
3181 2664 3341 2727 Θεοῦ,
3374 2664 3451 2727 ὡς
3472 2661 3747 2731 λύτρωσις
3775 2648 3859 2751 οὖν

2287 2792 2378 2838 τος
2410 2747 2500 2841 εἴη
2532 2772 2646 2831 τοῖς
2699 2768 2758 2820 ἐν
2796 2761 3151 2835 Ἰερουσαλὴμ
3181 2752 3633 2828 προσδεχομένοις
3668 2747 3860 2812 αύτόνς

2286 2863 2435 2937 ’Δρμ
2463 2863 2555 2927 δέ,
2596 2861 2649 2915 οῖ
2685 2857 3026 2929 προσεδόκων
3058 2854 3137 2916 είς
3170 2847 3454 2918 Σωτηρίαν
3493 2842 3694 2937 αύτῶν-
3716 2841 3863 2937 ἥκειν

2287 2932 2449 3013 calx
2458 2953 2662 3027 ριστὸν,
2692 2945 2860 3015 οὗτοι,
2881 2948 2983 3018 τὴν
3005 2945 3217 3016 φαύλην
3245 2938 3642 3010 θεραπεύοντες
3668 2932 3861 3027 ἀρχὴν,

2288 3049 2425 3119 πρὸς
2458 3022 2561 3118 τὴν
2589 3042 2800 3113 ἀγαθὴν
2825 3040 3091 3109 ἀνέφερον
3118 3035 3219 3099 τὰς
3251 3032 3508 3098 ἐλπίδας;
3544 3028 3656 3083 Kal
3691 3027 3776 3119 τίς
3806 3022 3864 3076 ἂν

2288 3118 2550 3213 λογισμοῦ
2592 3138 2783 3207 κύριος
2817 3134 2878 3188 ού
2913 3128 3229 3204 βδελύξηται
3268 3126 3363 3180 καὶ
3398 3118 3864 3194 πλάνηςθέσχάτης

604 3234 739 3302 Quis
776 3252 928 3297 vero.
958 3236 1190 3292 rationis
1221 3252 1468 3308 compos,
1520 3253 1631 3292 non
1671 3245 1952 3293 aversetur
1983 3247 2037 3293 et
2066 3253 2189 3309 gra-

2297 3236 2672 3307 ἐπιψηφιεῖται
2702 3231 2763 3283 τὸ
2782 3222 3181 3296 διαλογίζεσθαι
3213 3219 3424 3285 ταῦτα;

604 3329 815 3384 vissimi
844 3330 1050 3385 erroris
1088 3340 1280 3402 arguat
1314 3331 1387 3385 ita
1422 3329 1886 3387 ratiocinantem?

679 3420 823 3476 XVI.
880 3419 990 3477 Sed
1061 3412 1294 3493 procede
1340 3439 1555 3478 mecum
1618 3423 1870 3480 ulterius.
1928 3422 2194 3478 Ascendit

609 3512 870 3570 Servator
899 3514 956 3569 in
983 3515 1248 3585 templum
1276 3531 1383 3570 una
1422 3532 1547 3571 cum
1582 3516 1751 3570 Matre
1769 3532 1889 3581 sua,
1917 3532 2048 3571 vere
2075 3517 2190 3582 tali,

605 3613 663 3658 et
704 3605 916 3677 virgine
960 3623 974 3659 :
1013 3605 1178 3660 simul
1216 3621 1349 3661 vero
1397 3607 1511 3661 ibat
1549 3617 1727 3677 pater,
1777 3624 1844 3663 ex
1892 3609 2195 3679 desponsa-

606 3696 757 3751 tione
783 3697 906 3752 talis
937 3696 1179 3756 habitus.
1239 3696 1305 3752 Et
1335 3698 1426 3753 hic
1481 3697 1679 3753 iterum
1727 3700 1900 3771 legem
1960 3685 2196 3771 implens

619 3788 879 3842 Servator
927 3788 1197 3853 ascendit,
1256 3804 1367 3843 non
1396 3781 1588 3856 semel,
1633 3791 1729 3846 sed
1776 3792 1995 3861 szepius,
2037 3791 2197 3861 quasi

608 3876 879 3931 destinata
925 3892 1091 3946 Opera
1130 3892 1242 3932 non
1293 3878 1463 3933 semel
1497 3880 1594 3934 sed
1642 3895 1789 3951 saepe
1837 3896 2093 3936 coercere
2144 3890 2200 3937 et

609 3966 851 4037 dejicere
883 3967 1049 4023 vellet
1077 3967 1329 4023 homines
1358 3969 1414 4022 in
1438 3978 1713 4039 praecepta
1758 3970 1892 4042 legis
1940 3971 2206 4042 injurios.‘

610 4056 752 4116 Cum
776 4058 943 4129 igitur
975 4058 1270 4130 aliquando
1311 4075 1412 4130 pro
1444 4076 1596 4116 more
1626 4077 1694 4117 eo
1727 4062 1976 4128 abiisset,
2029 4065 2198 4119 abso-

2365 3414 2482 3480 ις’.
2521 3390 2625 3463 Ἴθι
2652 3407 2715 3477 δή
2744 3423 2833 3478 μοι
2862 3405 2957 3459 καὶ
2985 3399 3338 3473 προσωτέρω.
3369 3396 3607 3449 Ἀνεισιν
3633 3390 3663 3443 6
3686 3384 3866 3457 Σωτὴρ

2296 3509 2376 3571 είς
2400 3504 2462 3559 τὸ
2494 3503 2638 3573 ἱερὸν
2662 3502 2778 3571 ἅμα
2803 3499 2903 3569 τῆς
2935 3499 3010 3561 ὡς
3036 3494 3250 3565 ἀληθῶς
3283 3488 3506 3562 Μητρὸς
3537 3486 3633 3540 καὶ
3667 3480 3865 3554 παρθέ-

2297 3617 2408 3655 νουο
2435 3596 2690 3668 συνανῄει
2714 3594 2772 3648 δέ
2798 3592 2892 3647 καὶ
2921 3594 2949 3645 6
2972 3592 3038 3661 τῇ
3069 3587 3197 3658 δόξῃ
3220 3587 3318 3656 τῆς
3342 3580 3640 3655 μνηστείας
3667 3578 3865 3645 πατήρ.

2297 3690 2592 3748 Κάνταῦθα
2622 3686 2786 3743 πάλιν
2808 3685 2899 3739 τὸν
2926 3684 3089 3753 νόμον
3112 3677 3386 3750 πληρῶνρ
3402 3673 3592 3745 Σωτὴρ
3617 3673 3714 3726 καὶ
3740 3671 3869 3725 ἀνει-

2302 3805 2407 3853 σιν,
2440 3786 2539 3856 οὐχ
2578 3782 2743 3848 ἅπαξ,
2774 3779 2911 3835 ἀλλά
2941 3778 3033 3832 καὶ
3065 3773 3327 3835 πολλάκις
3357 3813 3372 3837 ,
3406 3768 3596 3839 ὥσπερ
3628 3764 3869 3856 ἐξεπίτηῗ

2299 3852 2427 3942 δες,
2457 3852 2554 3946 ούῂ
2593 3872 2738 3939 ἅπαξ
2764 3870 2902 3925 ἀλλὰ
2931 3868 3024 3922 καὶ
3062 3864 3322 3927 πολλάκις
3340 3902 3355 3927 ,
3383 3858 3760 3928 ἐπιστομίζειν
3787 3852 3870 3946 καὶ

2302 3944 2661 4024 καταϐάλλειν
2692 3959 3012 4024 σπουδάζων
3042 3960 3167 4020 τοὺς
3195 3956 3305 4008 τῶν
3331 3950 3575 4024 νομικῶν
3619 3944 3870 4019 ὑϐριστὰς

2303 4058 2554 4115 ἐντολῶν.
2615 4052 2879 4110 ’Δνελθὼν
2927 4051 2972 4104 δ’
3017 4044 3111 4103 οῦν
3167 4063 3299 4101 ποτε
3351 4044 3495 4098 κατά
3526 4041 3590 4093 τὸ
3615 4034 3869 4107 λείθισμέ-

610 4149 743 4206 lutis
783 4150 869 4217 iis,
893 4166 1015 4221 quae
1043 4153 1127 4207 lex
1168 4154 1453 4223 poscebat,
1504 4170 1569 4210 ac
1613 4165 1862 4226 tempore
1903 4157 2201 4213 domuitio-
2282 4168 2415 4220 νον,

612 4258 741 4299 nem
759 4243 1033 4299 inferente
1056 4247 1406 4301 sanctissima
1426 4247 1651 4317 quidem
1686 4247 1859 4303 Mater
1895 4262 2019 4303 cum
2057 4250 2200 4316 aliis,

614 4342 673 4390 et
703 4336 824 4406 ipso
844 4352 1062 4407 quoque
1095 4336 1359 4409 Josepho,
1392 4340 1616 4395 domum
1660 4340 2039 4395 revertebatur
2071 4358 2084 4393 :
2120 4350 2200 4405 et,

615 4427 710 4496 qui
732 4428 904 4483 nostri
934 4444 1097 4484 causa
1122 4444 1263 4500 puer
1300 4429 1476 4486 factus
1503 4419 1640 4496 erat,
1674 4423 1773 4501 pe'r
1793 4431 2035 4486 triduum
2061 4433 2204 4487 inte-

618 4534 773 4590 grum
820 4519 876 4573 in
929 4519 1197 4591 templum
1248 4524 1694 4579 commorabatur
1773 4539 2007 4594 cumque
2063 4524 2206 4579 inter

2308 4428 2497 4500 ἀπῄει·
2539 4426 2568 4479 6
2602 4402 2668 4478 δέ
2694 4423 2761 4477 δι’
2812 4421 2959 4492 ἡμᾶς
2994 4418 3122 4478 παῖς
3167 4414 3253 4482 ἐφ’
3300 4411 3427 4472 ὅλας
3477 4409 3692 4500 ἡμέρας
3736 4402 3873 4500 τρεῖς

2308 4491 2693 4590 ἐνεφιλοχώρει
2726 4531 2786 4568 τε
2810 4491 2889 4582 τῷ
2924 4508 3056 4581 ῑερῷ
3079 4506 3175 4560 καὶ
3200 4504 3310 4557 τῶν
3338 4498 3697 4590 διδασκάλων,
3726 4491 3874 4590 ἡνίκα

618 4587 832 4665 medios
860 4587 1133 4677 doctores,
1164 4612 1242 4666 uti
1269 4612 1522 4679 decebat,
1554 4587 2061 4679 consedissem-tum
2087 4630 2191 4684 per-

2308 4587 2424 4668 δέοι
2435 4654 2451 4679 ,
2486 4587 2850 4678 καθεζόμενος
2883 4605 2941 4656 ἐν
2973 4600 3148 4672 μέσῳ,
3175 4600 3243 4668 τῇ
3273 4613 3342 4673 τε,
3362 4592 3576 4684 συνέσει
3605 4589 3715 4684 των

618 4700 871 4771 ceptione
910 4702 1301 4770 quaestionum,
1354 4711 1472 4758 tum
1507 4704 1795 4773 exquisitis
1841 4714 1897 4761 et
1937 4705 2210 4761 accuratis

621 4793 1078 4863 responsionibus
1106 4794 1177 4849 ita
1207 4796 1354 4865 cepit
1382 4797 1781 4866 colloquentes.
1827 4807 1888 4853 ut
1926 4808 2208 4869 stuporem

620 4884 729 4939 illis
753 4894 809 4939 ct
857 4885 1276 4941 admirationem
1317 4888 1427 4942 Deo
1480 4887 1700 4958 plenam
1750 4888 1988 4951 all‘erret,
2031 4907 2208 4961 neque

634 4975 743 5033 illis
778 4978 977 5045 solum,
1006 4978 1104 5034 sed
1148 4988 1204 5034 et
1247 4978 1523 5045 omnibus,
1561 4980 1762 5050 quibus
1799 4980 2105 5036 doctrinam
2152 4992 2209 5037 et

623 5070 1026 5125 sententiarum
1090 5072 1441 5127 collationem
1518 5072 1709 5127 audire
1783 5074 2008 5128 licebat.
2066 5074 2206 5129 Cum

594 5162 835 5217 interea
874 5161 1057 5225 Jesus,
1110 5164 1312 5233 templo
1348 5162 1622 5229 addictus,
1659 5163 1713 5218 in
1744 5164 1831 5220 his
1873 5176 2211 5230 versaretur,

625 5253 973 5310 sanctissima
1022 5253 1194 5309 Mater
1233 5255 1355 5326 ejus
1386 5264 1441 5311 et
1475 5256 1752 5328 Iosephus
1799 5258 1853 5313 in
1885 5259 1971 5314 via
2024 5259 2214 5315 Jesum

628 5360 817 5402 secum
838 5360 950 5400 non
982 5359 1104 5400 esse
1129 5345 1403 5414 videntes,
1431 5364 1557 5403 cum
1588 5350 1834 5421 cognatis
1863 5361 2045 5407 autem
2076 5367 2217 5406 ver-

632 5438 744 5495 sari
798 5438 1112 5509 opinantes,
1161 5454 1273 5493 non
1310 5439 1503 5498 adesse
1534 5457 1688 5509 vero,
1724 5443 1976 5500 instituto
2018 5444 2214 5499 scruti-

704 5555 885 5623 ‘Luc,
917 5572 980 5622 ιι,
1017 5554 1108 5614 36.

2305 4673 2517 4778 τήσεων
2548 4702 2641 4755 καὶ
2683 4673 2751 4768 τῇ
2786 4693 3042 4763 εῦθύτητι
3084 4691 3178 4743 καὶ
3209 4683 3471 4778 ἀκριϐείᾳ
3506 4681 3619 4778 τῶν
3654 4673 3872 4778 ἀποκρί-

2308 4770 2445 4854 σεων
2471 4794 2641 4856 οὕτως
2671 4783 2781 4844 εἷλε
2808 4787 2883 4859 (8)
2916 4784 3041 4847 τοὺς
3068 4775 3559 4850 προσομιλοῦντας,
3591 4772 3668 4835 ὡς
3698 4770 3877 4823 ἔκστασ-

2276 4906 2277 4909 ‘
2307 4895 2391 4947 σίν
2441 4906 2502 4942 τε
2536 4887 2635 4940 καὶ
2676 4880 2885 4952 θάμϐος
2919 4877 3103 4936 αὐτοῖς
3151 4872 3405 4940 φιλόθεον
3438 4867 3724 4939 ἐμϐαλεῖν.
3779 4862 3876 4915 Καὶ

2304 4988 2365 5040 ού
2395 4983 2606 5042 τούτοις
2643 4976 2823 5049 μόνον,
2861 4970 2996 5025 ἀλλὰ
3035 4968 3130 5021 καὶ
3155 4966 3300 5027 ὅσοις
3332 4960 3765 5049 ἀκούειν-παρῆν
3791 4955 3877 5023 τῆς

2303 5043 2655 5128 διδασκαλίας
2693 5064 2789 5117 και
2816 5059 2926 5113 τῶν
2952 5056 3263 5120 διαλέξεων.
3294 5050 3427 5105 Εἶτα
3458 5052 3515 5103 ἐν
3552 5043 3598 5117 ᾧ
3624 5046 3877 5119 διέτριϐεν

2316 5167 2374 5219 ἐν
2394 5161 2606 5221 τούτοις
2625 5196 2640 5221 ,
2672 5154 2752 5226 τῷ
2783 5151 2913 5223 ἱερῷ
2943 5146 3324 5220 προσεδρεύων
3355 5147 3384 5197 6
3427 5141 3662 5213 Ἰησοῦς,
3685 5141 3718 5209 ἡ
3753 5154 3877 5191 παν-

2316 5259 2473 5325 άγιος
2504 5253 2707 5323 Μήτηρ
2726 5245 2894 5301 αὐτοῦ
2925 5244 3019 5296 καὶ
3050 5244 3078 5295 6
3118 5239 3316 5309 Ἰωσὴφ
3354 5237 3495 5291 κατά
3521 5234 3622 5303 τὴν
3791 5230 3878 5297 οὐχ

2312 5322 2548 5419 ὁρῶντες
2584 5322 2812 5394 συνόντα
2851 5334 3036 5395 αὐτοῖς
3064 5330 3158 5384 τὸν
3204 5327 3393 5393 παῖδα,
3431 5326 3674 5419 συνεῖναι
3714 5322 3772 5419 δέ
3805 5336 3880 5419 νο-

2315 5411 2562 5511 μίζοντές
2598 5449 2712 5487 τισι
2735 5428 2845 5483 τῶν
2878 5424 3177 5494 συγγενῶν,
3207 5420 3333 5474 ἐπεὶ
3357 5411 3879 5481 ἀνεδίδαξεναύτοὺς

1711 5659 1945 5714 VARle
1988 5657 2373 5713 LECTIONES
2410 5656 2499 5711 ΕΤ
2529 5656 2766 5713 NOTAE.

705 5784 782 5857 (7)
820 5780 1021 5857 Εῖκιιινἔ
1060 5778 1375 5857 ίέεεςειάυηι
1415 5786 1549 5857 puto
1584 5774 1764 5857 εἷλκεν
1799 5792 1863 5857 (εξ
1918 5774 2081 5857 ἐλκω.
2137 5772 2211 5857 Ita

631 5845 795 5927 paulo
833 5863 965 5927 post
990 5853 1018 5925 ξ
1052 5845 1373 5927 16_,'Noster
1400 5845 1433 5903 ί
1453 5850 1577 5915 Πῶς
1615 5848 1674 5903 δὲ
1704 5846 1802 5919 τὴν
1838 5846 2124 5901 ἐπίπνοιαν
2146 5845 2210 5897 ἐκ

634 5919 878 6002 πονηρᾶς
900 5919 1081 5980 εἷλκον
1113 5921 1430 5995 ἐνιργείςιω

2394 5776 2470 5845 (8)
2506 5772 2665 5830 Elis.
2707 5775 2785 5849 ita
2816 5788 2925 5849 non
2949 5770 3141 5849 dubito
3163 5767 3451 5849 legendum
3476 5780 3601 5824 esse
3628 5780 3701 5821 ex
3728 5757 3879 5834 αίρέω

2318 5840 2419 5917 pro
2447 5840 2555 5901 εἴτε
2592 5847 2738 5917 quod
2770 5843 3065 5915 scripserat
3088 5840 3362 5897 librarius.
