4014 6394
195 422 289 489 213

1178 412 1477 498 CONTRA
1518 437 1978 502 MANIcmEos
2016 442 2250 507 LIBER
2285 446 2384 509 IV.

3349 447 3458 515 214

196 541 223 607 ἢ
252 536 475 607 ζήτησις
492 575 509 603 ν
536 537 749 629 τούτοις
788 540 865 614 μὴ
898 544 1156 615 παρεῖναι
1176 585 1192 611 ,
1226 547 1629 620 ἀναστρέφουσι
1664 550 1765 622 μὲν

1875 554 1982 621 nio,
2045 556 2445 628 intelligentes,
2515 563 2867 613 revertuntur
2915 556 3137 629 quidem
3172 558 3355 615 statim
3398 566 3456 616 in

195 628 372 683 θᾶττον
399 626 546 682 κατά
576 628 678 702 τὴν
718 630 892 705 αὐτὴν
939 633 1170 707 ζήτησιν
1195 639 1277 703 είς
1318 639 1380 693 τὺ
1410 641 1573 712 ἱερὸν,
1618 642 1769 715 εὑρί-

196 734 372 775 σκουσι
403 717 463 772 δὲ
500 720 811 792 πράττοντα
832 765 848 791 ,
897 724 1043 799 ἅπερ
1085 745 1147 782 τε
1176 724 1245 800 ἢν
1289 730 1550 802 πράττειν
1587 734 1767 802 εἰκὸς,

194 812 284 881 τὴν
331 811 611 883 σωτηρίαν
652 813 749 869 τοῦ
782 815 989 887 κόσμου
1037 818 1135 873 καὶ
1173 820 1334 887 δόξαν
1378 822 1474 877 τοῦ
1522 824 1767 897 Ἰσραὴλ,

196 904 281 957 καὶ
307 904 335 959 ό
361 903 522 974 λόγος
555 908 1026 979 προαπήγγειλεν.
1064 909 1196 967 Εἶτα
1225 913 1374 984 λέγει
1404 916 1555 993 αὐτῷ
1582 919 1616 989 ἡ
1646 919 1770 988 Μή-

195 1010 311 1068 τηρ⁸
350 996 597 1062 Τέκνον,
631 1001 692 1054 τί
738 1000 1040 1070 ἐποίησας
1070 1006 1219 1076 ἡμῖν
1245 1007 1472 1076 οὕτως;
1502 1011 1537 1063 ὁ
1576 1009 1773 1081 πατήρ

197 1102 302 1142 σου
328 1088 491 1159 κάγὼ
506 1090 884 1162 ὀδυνώμενοι
901 1095 1227 1168 ἐζητοῦμέν
1253 1114 1351 1158 σε.
1375 1103 1483 1157 Καὶ
1511 1104 1769 1176 πρόσεχε·

202 1179 388 1251 μᾶλλον
426 1180 486 1235 δέ
522 1182 678 1237 οὐδὲν
704 1184 786 1238 δεῖ
822 1190 1152 1256 συναγαγεῖν
1195 1190 1411 1246 ἐαυτόψ
1444 1192 1589 1248 οὕτω
1623 1196 1772 1266 σαφῆ

200 1274 363 1331 πάντα
394 1276 494 1329 καὶ
528 1277 755 1335 ἐνώπια.
800 1281 1181 1354 Ἀποκρίνεται
1207 1285 1320 1357 γὰρ
1346 1287 1531 1353 αὐτοῖς
1560 1288 1594 1358 ἡ
1620 1288 1773 1360 πηγὴ

200 1368 291 1437 τῆς
314 1366 577 1437 ἀληθείας
619 1371 717 1425 καὶ
746 1372 848 1443 τῆς
885 1372 1245 1447 ἀγαθότητοςο
1294 1377 1357 1432 Τί
1388 1378 1479 1432 ὅτι
1521 1377 1776 1448 ἐζητεῖτέ

198 1474 299 1528 ys;
324 1459 435 1513 οὐκ
465 1458 663 1529 ᾔδειτε
719 1461 810 1517 ὅτι
852 1462 923 1518 ἐν
952 1463 1081 1532 τοῖς
1120 1467 1230 1521 τοῦ
1269 1469 1499 1539 Πατρός
1534 1487 1656 1539 μου
1685 1470 1783 1525 δεῖ

200 1544 342 1604 εἷναί
362 1566 471 1619 με;
498 1550 566 1605 Τί
602 1551 793 1607 τούτου
840 1554 1184 1630 σαφέστερον
1217 1558 1252 1631 ἢ
1281 1559 1393 1615 τῶν
1422 1561 1638 1616 ἀσεϐῶν
1672 1563 1775 1633 ἐμ-

202 1642 451 1713 φράττειν
499 1642 572 1698 τὰ
628 1647 876 1717 στόματα
926 1649 1335 1723 δυνατώτερον;
1404 1655 1597 1726 Πατὴρ
1645 1656 1777 1727 ἐμὸς

201 1733 422 1805 ἀληθῶς,
445 1727 599 1808 ᾧπερ
632 1738 930 1810 ἀνιέρωται
952 1742 1014 1796 τὸ
1041 1743 1208 1816 ίερόν.
1245 1745 1329 1799 Τά
1352 1744 1411 1799 δὲ
1431 1745 1527 1800 τοῦ
1562 1742 1777 1817 Πατρδς

204 1826 363 1880 πάντα
408 1827 557 1882 ἐστὶν
586 1827 715 1900 ἐμά.
762 1830 972 1887 Οὐκοῦν
1013 1834 1115 1889 οὐκ
1148 1833 1256 1889 ἔδει
1289 1835 1475 1906 ζητεῖν
1511 1837 1771 1909 ἀλλαχοῦ,

202 1916 311 1983 ἐξὸν
357 1919 633 1991 εὑρίσκειν
685 1922 745 1976 ἐν
793 1925 908 1987 τοῖς
953 1924 1049 1979 τοῦ
1093 1900 1522 1998 Πατρός-Ἀλλ’
1574 1932 1608 2003 ή
1799 1900 1848 1961 Β

213 2009 453 2081 Ἀλήθεια
476 2012 540 2065 τὸ
558 2015 786 2083 νομικὸν
811 2015 955 2088 ἱερὸν
974 2018 1070 2072 καὶ
1092 2019 1162 2073 τά
1180 2019 1275 2073 τοῦ
1302 2020 1468 2091 νόμου
1498 2021 1771 2093 δόγματα,

201 2092 269 2158 ὧν
308 2100 401 2155 καὶ
430 2102 466 2174 ἠ
497 2103 820 2160 διδασκαλία
869 2108 963 2162 καὶ
1002 2111 1037 2181 ἠ
1069 2110 1304 2177 διάλεξις
1328 2092 1649 2184 ἐπράττετο,
1676 2114 1774 2169 τοῦ

204 2191 402 2264 [ἰατρὸς
426 2195 594 2249 αὑτοῦ
624 2193 764 2251 εἶναι
783 2239 800 2265 ,
828 2198 1061 2274 λαμπρᾷ
1087 2204 1152 2273 τῇ
1196 2206 1351 2276 φωνῇ
1404 2204 1775 2278 διαμαρτύρε-

201 2301 300 2339 ται·
329 2285 379 2339 οἱ
406 2285 465 2340 δὲ
500 2287 596 2341 τοῦ
628 2285 860 2359 ψεύδους
886 2292 1161 2365 ὑπηρέται
1190 2296 1494 2365 ἀντιλέγειν
1520 2297 1581 2351 ού
1610 2297 1772 2369 φρίτ-

202 2391 390 2443 τουσιν,
407 2377 525 2432 ἀλλ’
548 2379 666 2451 ἅμα
679 2380 773 2436 δύο
801 2382 976 2438 ταῦτα
995 2385 1327 2458 τολμῶσιτά
1343 2389 1568 2461 ἔσχατα,
1595 2394 1686 2447 τόν
1708 2411 1768 2448 τε

205 2467 409 2539 Πατέρα
425 2469 521 2524 τοῦ
546 2472 751 2544 Κυρίου
786 2475 945 2547 ἡμῶν
996 2478 1172 2549 Ἰησοῦ
1198 2481 1439 2554 Χριστοῦ
1466 2485 1567 2557 τῆς
1595 2487 1775 2543 αὐτῶν

202 2560 563 2650 ἀπωθούμενοι
579 2566 903 2637 νομοθεσίας
922 2571 1019 2625 καὶ
1042 2573 1386 2644 κυριότητος,
1419 2579 1513 2631 καὶ
1538 2578 1637 2650 τὴν
1667 2578 1769 2635 τοῦ

206 2649 325 2705 Υίοῦ
342 2655 665 2727 μαρτυρίαν,
682 2656 741 2712 ὃν
758 2658 807 2712 εί
828 2661 924 2715 καὶ
938 2663 1172 2732 χείλεσιν
1195 2665 1385 2738 ἄκροις
1403 2667 1554 2739 ὅμως
1567 2649 1661 2725 καὶ
1680 2672 1776 2725 αύ-

206 2743 281 2797 τοὶ
296 2746 511 2817 σωτῆρα
538 2748 726 2805 καλεῖν
754 2753 850 2806 καὶ
872 2752 1129 2825 ἀλήθειαν
1141 2756 1204 2810 ού
1226 2760 1641 2832 παραιτοῦνται,
1669 2781 1776 2818 πα-

209 2835 571 2907 ραγράφεσθαι
589 2840 792 2913 τόλμαν
814 2843 864 2896 oi
881 2846 1286 2920 τρισαλιτήριοι
1313 2853 1772 2924 προσλαμϐάνου-

206 2941 303 3019 σιν.
323 2926 543 2993 Οῦτωςό
559 2931 701 2987 κατά
719 2932 816 2988 τοῦ
834 2934 1001 3006 νόμου
1029 2939 1489 3013 προπηλακισμός
1515 2961 1774 3019 συμπρο-

204 3017 481 3088 πηλακίζει
507 3022 609 3094 μὲν
645 3023 740 3080 καὶ
764 3024 927 3079 αὐτὸν
955 3027 1047 3082 τὸν
1070 3031 1374 3104 νομοθέτην
1392 3034 1490 3105 τῆς
1518 3017 1765 3109 χάριτος.

203 3110 403 3168 Μᾶλλον
439 3113 498 3167 δέ
536 3117 655 3170 κατ’
692 3116 875 3171 αὐτῶν
924 3118 1034 3173 τῶν
1071 3120 1344 3195 ἑκατέραν
1379 3124 1458 3195 (9)
1507 3126 1775 3199 διαθήκην

203 3203 522 3276 διαθεμένων
556 3208 618 3263 τὸ
665 3208 989 3283 βλάσφημον
1033 3213 1129 3267 ἀπ’
1163 3215 1340 3287 ἀρχῆς
1389 3217 1439 3272 oi
1468 3219 1775 3276 ἀποστάται

205 3294 553 3365 ὠδινήσαντες
578 3340 594 3365 ,
622 3297 741 3355 εἶτα
768 3306 906 3374 πρὸς
932 3305 1025 3357 τὸν
1054 3305 1299 3377 ὀλέθριον
1332 3309 1491 3364 τόκον
1520 3312 1570 3365 οί
1596 3313 1775 3369 πάντα

205 3386 410 3459 θρασεῖς
454 3392 651 3465 ἀθρόον
683 3394 858 3449 ἐλθεῖν
895 3396 975 3468 τῷ
1017 3396 1129 3452 δέει
1163 3399 1274 3455 τῶν
1315 3401 1606 3474 ἀκροατῶν
1639 3406 1777 3460 ἀπο-

204 3479 572 3548 δειλιάσαντες,
605 3485 728 3539 ἀντὶ⁵
759 3485 857 3541 τοῦ
903 3487 1089 3542 δοῦναι
1120 3489 1301 3563 φθορᾷ
1326 3531 1341 3556 ,
1399 3493 1467 3564 ἣν
1514 3496 1779 3566 ἐνεκυμό-

205 3589 385 3644 νησαν,
426 3576 522 3631 τοῦ
572 3578 872 3650 δράκοντος
922 3581 1152 3653 σποράν·
1186 3584 1237 3637 οί
1271 3584 1329 3638 δέ
1382 3584 1579 3657 βραχεῖ
1628 3588 1777 3661 μόνῳ

208 3665 371 3736 χρόνῳ
401 3667 489 3723 τὸν
514 3667 676 3723 τόκον
706 3671 1059 3726 συστέλλουσι
1082 3715 1099 3740 ,
1127 3672 1314 3746 κύκλῳ
1343 3674 1402 3728 δὲ
1431 3678 1525 3731 καὶ
1552 3677 1642 3732 διὰ
1670 3696 1777 3752 μη-

207 3759 362 3830 χανῆς
384 3760 473 3815 τὸν
499 3761 879 3834 συλληφθέντα
929 3765 1007 3819 ίδν
1037 3766 1128 3821 διὰ
1157 3766 1259 3839 τῆς
1296 3767 1546 3842 γλώττης
1572 3770 1778 3842 ὁμοίως

207 3850 570 3909 ἀποτίκτουσι.
633 3854 747 3909 Καὶ
784 3853 895 3927 γὰρ
942 3857 1197 3928 ἐκχέουσι
1230 3858 1330 3929 μὲν
1375 3860 1468 3914 τὸν
1522 3860 1601 3915 ίὸν
1634 3862 1779 3917 κατά

204 3940 300 4013 τῆς
337 3946 685 4015 νομοθεσίας,
729 3946 841 4001 ἀπὸ
876 3947 935 4001 δέ
966 3949 1067 4020 τῆς
1098 3948 1240 4004 κατά
1284 3950 1396 4004 τῶν
1443 3951 1779 4023 νομοθεσιῶν

207 4036 478 4104 παροινίας
507 4037 629 4091 κατ’
664 4037 845 4093 αὐτῶν
870 4038 1033 4092 πάλιν
1079 4041 1190 4094 τῶν
1221 4040 1468 4113 θεμένων
1514 4044 1641 4110 τοὺς
1688 4045 1779 4099 νό-

207 4141 335 4195 μους
361 4127 506 4182 οὑδέν
530 4127 776 4196 ἔλαττον,
803 4130 851 4182 εί
882 4131 957 4201 μὴ
984 4131 1079 4184 καλ⁸
1103 4131 1325 4200 μᾶλλον,
1359 4133 1779 4207 ἐπαναδραμόν-

205 4234 292 4284 τες
321 4220 755 4291 ἐνασελγαίνουσι
774 4219 795 4290 ,’
827 4222 923 4276 καὶ
967 4222 1036 4277 δι’
1087 4216 1164 4278 ὧν
1198 4224 1299 4296 μὲν
1345 4225 1648 4294 δεδοικότες
1677 4230 1778 4301 τὴν

207 4313 397 4383 ἀθρόαν
423 4314 729 4388 προσϐολὴν
757 4315 1069 4386 ἐπέχουσιν,
1093 4316 1194 4370 οὐκ
1218 4317 1435 4387 ἀγνοεῖν
1462 4319 1524 4373 τὸ
1546 4320 1778 4391 μέγεθος

206 4404 299 4460 τοῦ
321 4407 662 4480 τολμήματος
692 4408 1095 4480 ἐξελέγχονται·
1128 4409 1197 4463 δι’
1246 4403 1324 4465 ὧν
1354 4410 1414 4465 δέ
1461 4413 1778 4481 ἐπιγνόντες

206 4498 301 4551 οὐκ
326 4498 686 4569 ἀφίστανται,
718 4500 1107 4573 ἀσύγγνωστον
1134 4502 1323 4568 αὐτοῖς
1356 4504 1639 4571 παντελῶς
1671 4523 1775 4561 κα-

208 4592 592 4658 τασκευάζουσι
620 4593 682 4649 τὸ
705 4593 1108 4667 πλημμέλημα.

276 4685 368 4742 ΙΖ’.
418 4686 576 4742 Ἔστι
616 4687 677 4742 δέ
714 4687 842 4752 τοὺς
879 4688 981 4758 τῆς
1020 4686 1279 4760 ἀληθείας
1323 4687 1573 4759 μαθητὰς
1622 4687 1772 4752 ίδεῖν,

208 4776 297 4831 καὶ
317 4776 469 4831 αὑτὸν
492 4778 551 4832 δέ
582 4778 675 4832 τὸν
704 4776 909 4850 Κύριον
950 4778 1108 4850 ἡμῶν
1154 4779 1366 4850 Ἰησοῦν
1390 4780 1648 4852 Χριστὸν,
1674 4783 1774 4852 οὐχ

206 4867 279 4932 ὥς
300 4868 499 4941 ἔτυχεν,
526 4869 639 4924 οὐδ’
692 4869 873 4937 ἀπαξ,
904 4869 1021 4925 ἀλλ’
1052 4871 1166 4926 ἀνω
1210 4870 1308 4925 καὶ
1347 4871 1501 4926 κάτω
1540 4876 1774 4946 περιφέ-

212 4973 426 5029 ροντας,
454 4958 551 5031 τὴν
581 4958 838 5031 Ναζαρὲτ
860 4961 957 5014 καὶ
976 4959 1215 5031 πατρίδα
1246 4960 1549 5025 καλοῦντας
1582 4964 1769 5032 αὑτοῦ,

210 5048 301 5101 καὶ
322 5046 427 5103 οὔτ’
469 5050 715 5115 ἐκείνους
757 5049 909 5105 οὐδὲν
940 5049 1405 5121 εὐλαϐουμένους,
1434 5050 1562 5106 οὔτε
1601 5055 1775 5127 αὐτὴν

205 5136 304 5211 τὴν
337 5140 569 5210 ἐπίγειον
638 5141 839 5197 κτίσιν.
884 5140 1082 5196 Καίτοι
1131 5141 1301 5197 πόσον
1338 5143 1531 5215 ἐτι-ᾔτει
1595 5146 1774 5218 ἀρχὴν

208 5232 363 5287 αὑτοῦ
390 5235 489 5305 τῆς
515 5234 825 5306 γεννήσεως
867 5234 1257 5306 ἀνομολογεῖν;
1294 5236 1359 5290 lsi
1413 5236 1473 5291 δὲ
1514 5239 1612 5311 τῆς
1655 5240 1775 5294 ὀλε-

209 5319 351 5391 θρίας
373 5318 438 5394 ἦν
469 5323 632 5397 ἐργον
660 5323 803 5396 αῦτη
826 5325 1010 5396 χειρὸς
1028 5365 1044 5392 ,
1073 5321 1185 5399 ἆρα
1211 5326 1278 5380 ἂν
1307 5325 1597 5399 ἠνέσχετο,
1633 5331 1773 5401 ἀγα-

211 5411 296 5477 θὸς
321 5413 391 5468 ὢν
420 5417 626 5487 ἀγαθοῦ
677 5416 895 5489 Πατρός
925 5418 1095 5485 Παῖς,
1132 5418 1370 5491 πατρίδα
1409 5420 1619 5494 ταύτην
1653 5426 1775 5478 ἐπι-

275 5528 297 5562 ⁸
318 5528 443 5588 Luc.
466 5546 528 5599 tt,
552 5529 644 5588 48.
722 5510 745 5562 δ
782 5528 917 5586 ibid.
945 5530 1036 5587 49.

1794 4590 1848 4651 Ι)

1874 648 2160 720 templum,
2205 648 2601 720 inveniuntque
2666 658 2923 721 agentem
2990 665 3075 715 ea,
3116 665 3239 721 quae
3293 667 3459 723 agere

1870 741 2101 799 decebat
2131 758 2280 809 eum,
2341 743 2448 815 qui‘
2488 754 2543 801 et
2575 744 2721 800 salus
2775 744 2965 799 mundi
3011 752 3131 799 erat
3174 753 3230 801 et
3285 747 3459 819 gloria

1870 833 2106 901 lsraelis,
2143 852 2373 907 quaeque
2393 837 2621 893 verbum
2650 836 2745 894 Dei
2768 837 3259 909 praenuntiaverat.
3296 839 3457 894 Post—

1872 942 1937 983 ea
1988 926 2122 983 dicit
2169 929 2219 984 ei
2265 928 2437 984 Mater
2483 929 2663 997 :Fili,
2724 930 2851 1001 quid
2903 930 3073 1002 fecisti
3136 929 3285 985 nobis
3344 932 3461 984 ita?

1873 1032 1987 1071 ecce
2034 1024 2189 1087 pater
2227 1025 2348 1072 tuus
2379 1027 2429 1072 et
2464 1035 2559 1089 ego
2598 1036 2718 1074 cum
2750 1019 2930 1073 dolore
2960 1020 3298 1090 quaesivimus
3333 1030 3379 1075 te
3413 1021 3456 1074 ⁵.

1873 1105 2109 1162 Attende
2147 1122 2297 1163 nunc
2330 1126 2345 1164 :
2378 1109 2472 1164 sed
2500 1126 2609 1165 non
2634 1126 2772 1181 Opus
2805 1120 2891 1166 est
2917 1121 3160 1170 mentem
3178 1113 3457 1184 colligere,

1873 1197 2011 1254 adeo
2035 1199 2219 1255 omnia
2239 1200 2383 1256 clara
2410 1210 2540 1257 sunt
2566 1212 2624 1259 et
2656 1204 2727 1259 ob
2748 1204 2939 1260 oculos
2970 1205 3169 1275 posita.
3212 1205 3463 1277 Respon-

1874 1288 2132 1345 detenim
2156 1290 2264 1347 illis
2288 1291 2412 1348 fons
2432 1294 2683 1350 veritatis
2714 1305 2769 1351 et
2789 1296 3050 1354 bonitatis
3092 1316 3106 1352 :
3137 1298 3277 1364 Quid
3312 1317 3461 1370 qua:-

1876 1382 2072 1437 rebatis
2111 1384 2430 1441 mehtonne
2478 1387 2724 1443 sciebatis
2767 1407 2849 1444 me
2899 1407 3011 1445 esse
3061 1391 3247 1447 debere
3295 1394 3350 1448 in
3397 1394 3463 1448 iis

1876 1490 1993 1545 qua:
2018 1475 2197 1531 Patris
2236 1478 2339 1532 mei
2364 1480 2556 1534 sunt“?
2582 1478 2723 1546 Quid
2754 1480 2859 1536 hoc
2888 1482 3091 1539 clarius
3129 1494 3235 1552 est,
3275 1495 3372 1541 aut
3391 1486 3462 1540 ad

1876 1576 1970 1617 ora
2007 1563 2296 1635 impiorum
2325 1570 2724 1638 compescenda
2745 1571 3065 1628 eﬂicacius?
3099 1574 3262 1630 Pater
3304 1591 3462 1631 meus

1880 1667 2042 1707 verus
2072 1655 2118 1709 is
2144 1663 2247 1718 est.
2301 1656 2389 1712 cui
2423 1659 2690 1729 templum
2747 1660 2852 1717 hoc
2898 1677 3116 1718 sacrum
3171 1674 3298 1719 est:
3342 1681 3464 1736 qua:

1878 1760 2010 1799 vero
2053 1745 2228 1803 Patris
2271 1758 2421 1815 sunt,
2467 1759 2523 1806 et
2554 1767 2674 1807 mea
2708 1762 2838 1808 sunt
2878 1756 3085 1811 omnia.
3118 1755 3310 1825 Itaque
3350 1774 3463 1813 non

1879 1835 2006 1891 alibi
2026 1837 2256 1895 decebat
2282 1856 2370 1897 me
2396 1858 2664 1912 quaerere,
2687 1861 2851 1915 quem
2870 1846 3000 1901 licet
3020 1847 3075 1901 in
3101 1848 3167 1904 iis
3190 1848 3460 1916 invenire,

1874 1945 1996 2000 quae
2026 1928 2204 1988 Patris
2240 1945 2387 1988 sunt.
2428 1935 2505 1990 lta
2532 1937 2756 2006 quidem
2798 1939 3005 1995 veritas
3037 1940 3156 2010 ipsa
3189 1943 3459 2013 templum

1873 2022 2047 2095 legale
2084 2034 2141 2080 et
2192 2025 2327 2097 legis
2370 2037 2664 2099 prmcepta,
2726 2046 2849 2101 qua)
2894 2040 2953 2087 et
3007 2031 3370 2097 docebantur,
3409 2044 3465 2089 et

1874 2116 2320 2188 disputabantur,
2354 2120 2533 2177 Patris
2551 2122 2636 2177 sui
2670 2139 2793 2179 esse
2826 2125 2972 2181 clara
3025 2141 3161 2182 voce
3209 2135 3463 2191 testatur,

1875 2211 2019 2267 servi
2053 2221 2235 2268 autem
2286 2214 2560 2270 mendacii
2607 2218 2987 2274 contradicere
3025 2235 3138 2275 non
3176 2230 3462 2287 verentur,

1876 2309 1971 2365 sed
2011 2310 2205 2365 eadem
2252 2327 2419 2384 opera
2458 2312 2569 2368 duo
2617 2316 2896 2371 contraria
2959 2317 3190 2381 audent,
3246 2318 3463 2373 Patrem

1875 2400 2099 2472 quidem
2127 2401 2343 2477 Domini
2364 2405 2539 2461 nostri
2561 2404 2695 2461 Jesu
2729 2406 2934 2463 Christi
2960 2424 2991 2462 a
3048 2408 3259 2481 legibus
3286 2410 3370 2465 his
3409 2420 3466 2467 et

1876 2492 2122 2548 dominio
2147 2494 2203 2548 in
2255 2510 2317 2550 se
2370 2497 2721 2567 repellentes,
2768 2510 2821 2554 et
2860 2498 2996 2563 .Filii
3061 2501 3459 2569 testimonium,

1874 2600 2037 2655 quem
2051 2586 2309 2640 extremis
2332 2586 2489 2643 labiis
2513 2586 2860 2644 Servatorem
2883 2599 2941 2645 et
2959 2592 3245 2647 veritatem
3265 2609 3463 2649 vocare

1876 2692 1986 2734 non
2022 2676 2331 2750 defugiunt,
2360 2680 2712 2751 perditissimi
2738 2682 2995 2739 homines.
3020 2684 3291 2740 mendacii
3318 2686 3455 2740 insi-

1877 2769 2088 2826 mulare
2118 2770 2346 2825 audent.
2381 2770 2534 2828 Adeo
2560 2773 2835 2830 aversatio
2863 2774 2999 2847 legis
3028 2776 3208 2845 ipsum
3241 2792 3462 2847 quoque

1876 2862 2247 2935 legislatorem
2280 2879 2310 2917 a
2342 2865 2513 2935 gratia
2559 2866 2793 2937 repellit.
2829 2866 2927 2923 Vel
2954 2868 3141 2938 potius
3200 2879 3465 2939 apostata:

1877 2951 1934 3008 hi
1965 2954 2298 3025 jampridem
2327 2955 2395 3011 ab
2427 2954 2584 3011 initio
2604 2956 3001 3029 blasphemiam
3022 2968 3215 3015 contra
3258 2962 3464 3017 utrius-

1839 3064 1982 3120 que
2040 3051 2351 3106 testamenti
2433 3061 2689 3107 auctores
2785 3053 3197 3123 parturientes,
3263 3055 3465 3138 deinde

1877 3156 2031 3207 vero,
2072 3145 2326 3213 quamvis
2362 3143 2428 3200 ad
2478 3144 2664 3201 omnia
2694 3146 2952 3210 audaces,
2986 3162 3018 3201 a
3055 3156 3215 3217 partu
3274 3148 3464 3218 perni-

1798 3247 1844 3311 ρ
1876 3235 2189 3293 ciosissimo
2224 3246 2377 3294 metu
2404 3238 2717 3294 auditorum
2739 3239 3024 3311 prohibiti,
3056 3256 3157 3311 pro
3203 3257 3290 3306 eo,
3318 3241 3467 3312 quod

1878 3345 2070 3387 semen
2124 3331 2413 3398 draconis,
2465 3334 2611 3403 quod
2659 3342 3051 3405 conceperant,
3113 3335 3298 3405 perire
3350 3337 3467 3406 pati

1878 3424 2173 3491 debebant,
2212 3425 2368 3482 brevi
2396 3427 2620 3498 quidem
2654 3437 2901 3498 tempore
2926 3438 3146 3499 partum
3176 3428 3464 3495 cohibent,
3568 3470 3571 3471 ν

1878 3518 2076 3575 deinde
2113 3534 2246 3575 vero
2291 3535 2392 3590 per
2437 3521 2695 3592 ambages
2753 3520 2913 3591 quasi
2974 3529 3031 3577 et
3076 3530 3195 3577 arte
3233 3525 3467 3591 quaesita

1879 3620 2208 3681 conceptum
2234 3626 2510 3667 venenum
2558 3612 2744 3683 lingua
2782 3614 3021 3682 pariunt.
3069 3613 3137 3670 Et
3175 3615 3470 3670 etl'undunt

1878 3697 1959 3753 illi
1990 3699 2211 3769 quidem
2235 3716 2511 3757 venenum
2549 3712 2741 3759 contra
2792 3704 3000 3775 legem,
3050 3704 3122 3760 ab
3172 3704 3465 3761 insolentia

1878 3804 2008 3846 vero
2036 3790 2090 3846 in
2150 3792 2326 3864 legem
2374 3808 2484 3848 non
2533 3795 2759 3861 minus,
2822 3796 2932 3852 nisi
2986 3796 3146 3868 longe
3186 3796 3356 3867 magis
3409 3796 3467 3850 in

1879 3882 2027 3952 ipsos
2080 3883 2262 3957 legum
2318 3893 2533 3942 actores
2570 3887 2782 3958 abrepti
2824 3887 3140 3957 petulanter
3183 3894 3371 3959 agunt.
3400 3886 3469 3940 Et
3578 3932 3583 3939 .

1879 3975 1960 4031 sic
1993 3975 2051 4031 in
2077 3986 2343 4047 quantum
2365 3978 2642 4034 crassiore
2665 3978 2871 4034 insultu
2919 3979 2999 4033 uti
3024 3987 3307 4043 verentur,
3331 3994 3466 4033 con-

1881 4068 2057 4125 victos
2098 4070 2324 4126 omnino
2382 4086 2442 4127 se
2491 4080 2775 4142 prastant,
2828 4071 2973 4142 quod
3034 4071 3467 4142 magnitudinem

1879 4158 2140 4217 facinoris
2195 4161 2281 4218 sui
2320 4176 2432 4217 non
2479 4162 2752 4229 nesciant,
2812 4162 2868 4217 in
2921 4171 3192 4232 quantum
3241 4176 3369 4216 vero
3412 4161 3467 4215 id

1878 4272 1990 4311 non
2011 4257 2324 4329 ignorantes
2346 4273 2457 4313 non
2487 4258 2772 4325 recedunt,
2796 4256 3062 4324 efﬁciunt,
3095 4262 3155 4310 ut
3176 4262 3465 4326 peccatum

1880 4347 1986 4405 hoc
2017 4348 2156 4420 ipsis
2180 4364 2296 4405 non
2332 4350 2673 4405 remittatur.
3478 4338 3487 4346 ’

1944 4680 2109 4738 XVll.
2147 4680 2345 4737 Videas
2365 4695 2497 4736 vero
2528 4679 2776 4748 veritatis
2799 4676 3122 4749 discipulos,
3148 4673 3326 4744 ipsum
3354 4670 3463 4725 Do-

1869 4775 2085 4831 minum
2114 4784 2362 4830 nostrum
2394 4770 2585 4828 Jesum
2626 4771 2910 4829 Christum
2932 4807 2947 4833 ,
2989 4782 3104 4822 non
3146 4769 3270 4819 data
3300 4778 3463 4817 occa-

1870 4867 2047 4931 sione,
2078 4875 2175 4921 aut
2203 4866 2401 4932 semel,
2436 4865 2534 4922 sed
2566 4864 2917 4935 undiquaque
2965 4855 3420 4916 circumferentes
3444 4892 3460 4915 ,

1870 4968 1928 5016 et
1973 4957 2209 5014 Nazaret
2251 4958 2484 5030 patriam
2536 4958 2657 5030 ejus
2697 4953 3077 5026 appellantes,
3130 4947 3464 5017 eosdemque

1869 5050 2007 5105 nihil
2038 5061 2096 5106 et
2127 5066 2199 5106 ne
2226 5050 2400 5121 ipsam
2437 5049 2659 5121 quidem
2691 5056 2966 5101 terrenam
2996 5040 3338 5097 nativitatem
3376 5054 3464 5093 re-

1870 5155 2099 5197 censere
2123 5140 2481 5213 refugientes.
2522 5138 2799 5206 Quantum
2828 5150 2962 5191 vero
2983 5130 3370 5203 requirebatur
3394 5128 3464 5184 ad

1869 5240 2138 5311 originem
2170 5240 2470 5297 nativitatis
2504 5239 2628 5311 ejus
2661 5231 3111 5293 edisserendaml
3142 5229 3263 5286 Jam
3304 5228 3347 5283 si
3376 5226 3465 5281 illa

1871 5333 2197 5405 perniciosa:
2226 5348 2424 5388 manus
2456 5346 2597 5402 opus
2621 5328 2850 5395 fuisset,
2877 5321 3130 5395 nunquid
3176 5329 3338 5392 putas
3364 5318 3465 5373 bo-

1868 5436 2003 5480 num
2030 5426 2156 5481 boni
2187 5424 2367 5481 Patris
2397 5422 2595 5479 Filium
2621 5432 2943 5493 passurum,
2976 5425 3037 5473 ut
3066 5415 3184 5472 hanc
3223 5410 3328 5482 ipsi
3362 5422 3463 5479 pa-

1271 5671 1505 5730 VARIAS
1544 5671 1933 5733 LECTIUNES
1974 5676 2063 5732 ET
2094 5675 2325 5733 ΝΟΤᾹΞ.
2356 5678 2361 5679 “

278 5803 346 5876 (9)
390 5807 854 5883 'Exqrépar._lta
901 5809 1097 5878 scripsi
1131 5826 1231 5880 pro
1278 5811 1577 5883 ἑκατέρων,
1629 5810 1778 5882 quod
1815 5812 2115 5871 exhibebat
2140 5813 2333 5871 codex.
2361 5812 2555 5870 Sermo
2574 5812 2665 5869 hic
2688 5808 2865 5868 estde
2908 5808 3259 5863 Testamento
3320 5808 3469 5852 utro-

218 5888 325 5944 quo,
353 5886 408 5934 et
434 5879 627 5936 eodem
657 5880 940 5952 utriusque
967 5879 1211 5937 auctore.
