  <div class='ocr_page' id='page_1' title='image "/cluster/home/n/w/nwhite01/storage/ocr_20150623/102/hvd.32044012543948/113.png"; bbox 0 0 4014 6406; ppageno 0'>
   <div class='ocr_carea' id='block_1_1' title="bbox 518 386 624 454">
    <p class='ocr_par' dir='ltr' id='par_1_1' title="bbox 518 386 624 454">
     <span class='ocr_line' id='line_1_1' title="bbox 518 386 624 454; baseline 0.019 -3"><span class='ocrx_word' id='word_1_1' title='bbox 518 386 624 454; x_wconf 73' lang='grc'><strong>215</strong></span> 
     </span>
    </p>
   </div>
   <div class='ocr_carea' id='block_1_2' title="bbox 1667 389 2619 454">
    <p class='ocr_par' dir='ltr' id='par_1_2' title="bbox 1667 389 2619 454">
     <span class='ocr_line' id='line_1_2' title="bbox 1667 389 2619 454; baseline 0 -1"><span class='ocrx_word' id='word_1_2' title='bbox 1667 391 1931 454; x_wconf 86' lang='grc' dir='ltr'><strong>ΡΙΙΟἹἹΙ</strong></span> <span class='ocrx_word' id='word_1_3' title='bbox 1970 389 2478 453; x_wconf 68' lang='grc' dir='ltr'><strong>ΡΑΤΒΙΑΒΟΗᾸΞ</strong></span> <span class='ocrx_word' id='word_1_4' title='bbox 2510 389 2619 453; x_wconf 86' lang='lat' dir='ltr'><strong>CP.</strong></span> 
     </span>
    </p>
   </div>
   <div class='ocr_carea' id='block_1_3' title="bbox 3678 391 3785 456">
    <p class='ocr_par' dir='ltr' id='par_1_3' title="bbox 3678 391 3785 456">
     <span class='ocr_line' id='line_1_3' title="bbox 3678 391 3785 456; baseline 0.019 -2"><span class='ocrx_word' id='word_1_5' title='bbox 3678 391 3785 456; x_wconf 66' lang='lat'><strong>216</strong></span> 
     </span>
    </p>
   </div>
   <div class='ocr_carea' id='block_1_4' title="bbox 519 497 2117 574">
    <p class='ocr_par' dir='ltr' id='par_1_4' title="bbox 519 497 2098 572">
     <span class='ocr_line' id='line_1_4' title="bbox 519 497 2098 572; baseline 0.001 -18"><span class='ocrx_word' id='word_1_6' title='bbox 519 501 620 554; x_wconf 88' lang='lat' dir='ltr'><strong>tria</strong></span> <span class='ocrx_word' id='word_1_7' title='bbox 652 497 1047 565; x_wconf 71' lang='lat' dir='ltr'><strong>vindicaretur,</strong></span> <span class='ocrx_word' id='word_1_8' title='bbox 1078 509 1172 555; x_wconf 84' lang='lat' dir='ltr'><strong>aut</strong></span> <span class='ocrx_word' id='word_1_9' title='bbox 1204 498 1628 570; x_wconf 82' lang='lat' dir='ltr'><strong>permissurum,</strong></span> <span class='ocrx_word' id='word_1_10' title='bbox 1673 512 1731 556; x_wconf 93' lang='lat' dir='ltr'><strong>ut</strong></span> <span class='ocrx_word' id='word_1_11' title='bbox 1761 501 2018 572; x_wconf 87' lang='lat' dir='ltr'><strong>discipuli</strong></span> <span class='ocrx_word' id='word_1_12' title='bbox 2046 501 2098 556; x_wconf 94' lang='lat' dir='ltr'><strong>id</strong></span> 
     </span>
    </p>
   </div>
   <div class='ocr_carea' id='block_1_5' title="bbox 2218 497 3785 574">
    <p class='ocr_par' dir='ltr' id='par_1_5' title="bbox 2218 498 3785 574">
     <span class='ocr_line' id='line_1_5' title="bbox 2218 498 3785 574; baseline 0.001 -19"><span class='ocrx_word' id='word_1_13' title='bbox 2218 502 2455 571; x_wconf 64' lang='grc' dir='ltr'>γράφειν,</span> <span class='ocrx_word' id='word_1_14' title='bbox 2485 501 2518 572; x_wconf 84' lang='grc' dir='ltr'>ἢ</span> <span class='ocrx_word' id='word_1_15' title='bbox 2546 503 2643 556; x_wconf 78' lang='grc' dir='ltr'>καὶ</span> <span class='ocrx_word' id='word_1_16' title='bbox 2687 501 2815 565; x_wconf 78' lang='grc' dir='ltr'>τοὺς</span> <span class='ocrx_word' id='word_1_17' title='bbox 2867 498 3116 572; x_wconf 76' lang='grc' dir='ltr'>μαθητὰς</span> <span class='ocrx_word' id='word_1_18' title='bbox 3145 500 3230 556; x_wconf 75' lang='lat' dir='ltr'><strong>ala</strong></span> <span class='ocrx_word' id='word_1_19' title='bbox 3253 498 3479 574; x_wconf 79' lang='grc' dir='ltr'><strong>τολμᾷν,</strong></span> <span class='ocrx_word' id='word_1_20' title='bbox 3508 500 3537 554; x_wconf 84' lang='grc' dir='ltr'><strong>ὃ</strong></span> <span class='ocrx_word' id='word_1_21' title='bbox 3576 503 3677 557; x_wconf 81' lang='grc' dir='ltr'><strong>κάν</strong></span> <span class='ocrx_word' id='word_1_22' title='bbox 3700 518 3785 567; x_wconf 85' lang='grc' dir='ltr'><strong>τις</strong></span> 
     </span>
    </p>
   </div>
   <div class='ocr_carea' id='block_1_6' title="bbox 518 593 2102 663">
    <p class='ocr_par' dir='ltr' id='par_1_6' title="bbox 518 593 2102 663">
     <span class='ocr_line' id='line_1_6' title="bbox 518 593 2102 663; baseline 0.002 -16"><span class='ocrx_word' id='word_1_23' title='bbox 518 594 806 659; x_wconf 87' lang='lat' dir='ltr'><strong>auderent,</strong></span> <span class='ocrx_word' id='word_1_24' title='bbox 845 593 995 663; x_wconf 92' lang='lat' dir='ltr'><strong>quod</strong></span> <span class='ocrx_word' id='word_1_25' title='bbox 1025 593 1070 648; x_wconf 91' lang='lat' dir='ltr'><strong>si</strong></span> <span class='ocrx_word' id='word_1_26' title='bbox 1109 593 1233 663; x_wconf 87' lang='lat' dir='ltr'><strong>quis</strong></span> <span class='ocrx_word' id='word_1_27' title='bbox 1275 594 1412 648; x_wconf 83' lang='lat' dir='ltr'><strong>alius</strong></span> <span class='ocrx_word' id='word_1_28' title='bbox 1459 593 1641 648; x_wconf 84' lang='lat' dir='ltr'><strong>dicere</strong></span> <span class='ocrx_word' id='word_1_29' title='bbox 1678 593 1870 649; x_wconf 91' lang='lat' dir='ltr'><strong>fuisset</strong></span> <span class='ocrx_word' id='word_1_30' title='bbox 1896 609 2061 649; x_wconf 89' lang='lat' dir='ltr'><strong>ausus</strong></span> <span class='ocrx_word' id='word_1_31' title='bbox 2085 633 2102 660; x_wconf 89' lang='lat'><strong>,</strong></span> 
     </span>
    </p>
   </div>
   <div class='ocr_carea' id='block_1_7' title="bbox 517 682 2104 754">
    <p class='ocr_par' dir='ltr' id='par_1_7' title="bbox 517 682 2104 754">
     <span class='ocr_line' id='line_1_7' title="bbox 517 682 2104 754; baseline 0.001 -17"><span class='ocrx_word' id='word_1_32' title='bbox 517 682 725 754; x_wconf 82' lang='lat' dir='ltr'><strong>justum</strong></span> <span class='ocrx_word' id='word_1_33' title='bbox 756 683 861 754; x_wconf 84' lang='lat' dir='ltr'><strong>ipsi</strong></span> <span class='ocrx_word' id='word_1_34' title='bbox 887 682 1156 753; x_wconf 86' lang='lat' dir='ltr'><strong>judicium</strong></span> <span class='ocrx_word' id='word_1_35' title='bbox 1195 684 1543 739; x_wconf 91' lang='lat' dir='ltr'><strong>immissurus</strong></span> <span class='ocrx_word' id='word_1_36' title='bbox 1583 691 1638 738; x_wconf 90' lang='lat' dir='ltr'><strong>et</strong></span> <span class='ocrx_word' id='word_1_37' title='bbox 1675 684 1744 738; x_wconf 90' lang='lat' dir='ltr'><strong>ab</strong></span> <span class='ocrx_word' id='word_1_38' title='bbox 1789 684 1893 739; x_wconf 90' lang='lat' dir='ltr'><strong>hac</strong></span> <span class='ocrx_word' id='word_1_39' title='bbox 1929 692 2104 739; x_wconf 84' lang='lat' dir='ltr'><strong>teme-</strong></span> 
     </span>
    </p>
   </div>
   <div class='ocr_carea' id='block_1_8' title="bbox 522 771 2105 843">
    <p class='ocr_par' dir='ltr' id='par_1_8' title="bbox 522 771 2105 843">
     <span class='ocr_line' id='line_1_8' title="bbox 522 771 2105 843; baseline 0.002 -18"><span class='ocrx_word' id='word_1_40' title='bbox 522 771 685 827; x_wconf 90' lang='lat' dir='ltr'><strong>ritate</strong></span> <span class='ocrx_word' id='word_1_41' title='bbox 726 788 917 828; x_wconf 81' lang='lat' dir='ltr'><strong>severe</strong></span> <span class='ocrx_word' id='word_1_42' title='bbox 943 782 1269 829; x_wconf 88' lang='lat' dir='ltr'><strong>avocaturus</strong></span> <span class='ocrx_word' id='word_1_43' title='bbox 1302 773 1532 829; x_wconf 80' lang='lat' dir='ltr'><strong>fuisset?</strong></span> <span class='ocrx_word' id='word_1_44' title='bbox 1562 773 1739 843; x_wconf 80' lang='lat' dir='ltr'><strong>Atque</strong></span> <span class='ocrx_word' id='word_1_45' title='bbox 1780 772 1850 827; x_wconf 87' lang='lat' dir='ltr'><strong>ita</strong></span> <span class='ocrx_word' id='word_1_46' title='bbox 1882 772 2105 843; x_wconf 82' lang='lat' dir='ltr'><strong>quidem</strong></span> 
     </span>
    </p>
   </div>
   <div class='ocr_carea' id='block_1_9' title="bbox 522 862 2104 934">
    <p class='ocr_par' dir='ltr' id='par_1_9' title="bbox 522 862 2104 934">
     <span class='ocr_line' id='line_1_9' title="bbox 522 862 2104 934; baseline -0.001 -16"><span class='ocrx_word' id='word_1_47' title='bbox 522 877 621 933; x_wconf 89' lang='lat' dir='ltr'><strong>per</strong></span> <span class='ocrx_word' id='word_1_48' title='bbox 645 863 877 934; x_wconf 89' lang='lat' dir='ltr'><strong>patriam</strong></span> <span class='ocrx_word' id='word_1_49' title='bbox 908 862 1125 918; x_wconf 88' lang='lat' dir='ltr'><strong>Domini</strong></span> <span class='ocrx_word' id='word_1_50' title='bbox 1156 878 1347 918; x_wconf 89' lang='lat' dir='ltr'><strong>eorum</strong></span> <span class='ocrx_word' id='word_1_51' title='bbox 1390 863 1446 918; x_wconf 90' lang='lat' dir='ltr'><strong>in</strong></span> <span class='ocrx_word' id='word_1_52' title='bbox 1471 878 1819 917; x_wconf 88' lang='lat' dir='ltr'><strong>communem</strong></span> <span class='ocrx_word' id='word_1_53' title='bbox 1850 862 2104 933; x_wconf 85' lang='lat' dir='ltr'><strong>patriam,</strong></span> 
     </span>
    </p>
   </div>
   <div class='ocr_carea' id='block_1_10' title="bbox 523 955 2110 1027">
    <p class='ocr_par' dir='ltr' id='par_1_10' title="bbox 523 955 2110 1027">
     <span class='ocr_line' id='line_1_10' title="bbox 523 955 2110 1027; baseline -0.001 -16"><span class='ocrx_word' id='word_1_54' title='bbox 523 955 611 1011; x_wconf 80' lang='lat' dir='ltr'><strong>vel</strong></span> <span class='ocrx_word' id='word_1_55' title='bbox 660 956 844 1027; x_wconf 89' lang='lat' dir='ltr'><strong>potius</strong></span> <span class='ocrx_word' id='word_1_56' title='bbox 874 962 1041 1011; x_wconf 87' lang='lat' dir='ltr'><strong>totam</strong></span> <span class='ocrx_word' id='word_1_57' title='bbox 1087 956 1425 1011; x_wconf 86' lang='lat' dir='ltr'><strong>creationem</strong></span> <span class='ocrx_word' id='word_1_58' title='bbox 1465 955 1702 1010; x_wconf 92' lang='lat' dir='ltr'><strong>insultus</strong></span> <span class='ocrx_word' id='word_1_59' title='bbox 1752 955 2019 1010; x_wconf 85' lang='lat' dir='ltr'><strong>evertitur</strong></span> <span class='ocrx_word' id='word_1_60' title='bbox 2053 964 2110 1010; x_wconf 91' lang='lat' dir='ltr'><strong>et</strong></span> 
     </span>
    </p>
   </div>
   <div class='ocr_carea' id='block_1_11' title="bbox 524 1048 2109 1121">
    <p class='ocr_par' dir='ltr' id='par_1_11' title="bbox 524 1048 2109 1121">
     <span class='ocr_line' id='line_1_11' title="bbox 524 1048 2109 1121; baseline 0 -18"><span class='ocrx_word' id='word_1_61' title='bbox 524 1050 910 1121; x_wconf 82' lang='lat' dir='ltr'><strong>prosternitur.</strong></span> <span class='ocrx_word' id='word_1_62' title='bbox 959 1049 1014 1103; x_wconf 89' lang='lat' dir='ltr'><strong>Si</strong></span> <span class='ocrx_word' id='word_1_63' title='bbox 1061 1065 1189 1103; x_wconf 88' lang='lat' dir='ltr'><strong>vero</strong></span> <span class='ocrx_word' id='word_1_64' title='bbox 1233 1049 1374 1103; x_wconf 90' lang='lat' dir='ltr'><strong>alius</strong></span> <span class='ocrx_word' id='word_1_65' title='bbox 1406 1050 1569 1104; x_wconf 93' lang='lat' dir='ltr'><strong>homo</strong></span> <span class='ocrx_word' id='word_1_66' title='bbox 1598 1049 1777 1104; x_wconf 91' lang='lat' dir='ltr'><strong>bonus</strong></span> <span class='ocrx_word' id='word_1_67' title='bbox 1813 1058 1935 1113; x_wconf 91' lang='lat' dir='ltr'><strong>est,</strong></span> <span class='ocrx_word' id='word_1_68' title='bbox 1970 1048 2109 1103; x_wconf 87' lang='lat' dir='ltr'><strong>alius</strong></span> 
     </span>
    </p>
   </div>
   <div class='ocr_carea' id='block_1_12' title="bbox 523 1139 2110 1211">
    <p class='ocr_par' dir='ltr' id='par_1_12' title="bbox 523 1139 2110 1211">
     <span class='ocr_line' id='line_1_12' title="bbox 523 1139 2110 1211; baseline 0.002 -18"><span class='ocrx_word' id='word_1_69' title='bbox 523 1139 763 1197; x_wconf 74' lang='lat' dir='ltr'><strong>vicissim</strong></span> <span class='ocrx_word' id='word_1_70' title='bbox 792 1140 969 1196; x_wconf 89' lang='lat' dir='ltr'><strong>malus</strong></span> <span class='ocrx_word' id='word_1_71' title='bbox 989 1182 1003 1205; x_wconf 91' lang='lat'><strong>,</strong></span> <span class='ocrx_word' id='word_1_72' title='bbox 1045 1157 1279 1211; x_wconf 92' lang='lat' dir='ltr'><strong>quorum</strong></span> <span class='ocrx_word' id='word_1_73' title='bbox 1303 1141 1393 1196; x_wconf 90' lang='lat' dir='ltr'><strong>ille</strong></span> <span class='ocrx_word' id='word_1_74' title='bbox 1425 1156 1496 1195; x_wconf 82' lang='lat' dir='ltr'><strong>ex</strong></span> <span class='ocrx_word' id='word_1_75' title='bbox 1523 1141 1669 1196; x_wconf 89' lang='lat' dir='ltr'><strong>bono</strong></span> <span class='ocrx_word' id='word_1_76' title='bbox 1710 1141 1967 1196; x_wconf 85' lang='lat' dir='ltr'><strong>thesauro</strong></span> <span class='ocrx_word' id='word_1_77' title='bbox 1988 1156 2110 1196; x_wconf 87' lang='lat' dir='ltr'><strong>cor-</strong></span> 
     </span>
    </p>
   </div>
   <div class='ocr_carea' id='block_1_13' title="bbox 527 1230 2109 1301">
    <p class='ocr_par' dir='ltr' id='par_1_13' title="bbox 527 1230 2109 1301">
     <span class='ocr_line' id='line_1_13' title="bbox 527 1230 2109 1301; baseline 0.001 -16"><span class='ocrx_word' id='word_1_78' title='bbox 527 1230 613 1286; x_wconf 90' lang='lat' dir='ltr'><strong>dis</strong></span> <span class='ocrx_word' id='word_1_79' title='bbox 637 1231 722 1286; x_wconf 88' lang='lat' dir='ltr'><strong>sui</strong></span> <span class='ocrx_word' id='word_1_80' title='bbox 765 1232 969 1286; x_wconf 89' lang='lat' dir='ltr'><strong>bonum</strong></span> <span class='ocrx_word' id='word_1_81' title='bbox 1016 1232 1258 1301; x_wconf 85' lang='lat' dir='ltr'><strong>profert,</strong></span> <span class='ocrx_word' id='word_1_82' title='bbox 1295 1233 1383 1288; x_wconf 90' lang='lat' dir='ltr'><strong>hic</strong></span> <span class='ocrx_word' id='word_1_83' title='bbox 1412 1247 1545 1287; x_wconf 89' lang='lat' dir='ltr'><strong>vero</strong></span> <span class='ocrx_word' id='word_1_84' title='bbox 1593 1233 1795 1287; x_wconf 89' lang='lat' dir='ltr'><strong>malum</strong></span> <span class='ocrx_word' id='word_1_85' title='bbox 1828 1248 1895 1287; x_wconf 83' lang='lat' dir='ltr'><strong>ex</strong></span> <span class='ocrx_word' id='word_1_86' title='bbox 1932 1233 2109 1300; x_wconf 85' lang='lat' dir='ltr'><strong>malo,</strong></span> 
     </span>
    </p>
   </div>
   <div class='ocr_carea' id='block_1_14' title="bbox 526 1322 2111 1396">
    <p class='ocr_par' dir='ltr' id='par_1_14' title="bbox 526 1322 2111 1396">
     <span class='ocr_line' id='line_1_14' title="bbox 526 1322 2111 1396; baseline 0.002 -20"><span class='ocrx_word' id='word_1_87' title='bbox 526 1322 651 1392; x_wconf 86' lang='lat' dir='ltr'><strong>quis</strong></span> <span class='ocrx_word' id='word_1_88' title='bbox 692 1338 804 1377; x_wconf 93' lang='lat' dir='ltr'><strong>non</strong></span> <span class='ocrx_word' id='word_1_89' title='bbox 862 1323 1205 1394; x_wconf 81' lang='lat' dir='ltr'><strong>proﬁteatur,</strong></span> <span class='ocrx_word' id='word_1_90' title='bbox 1255 1325 1401 1395; x_wconf 90' lang='lat' dir='ltr'><strong>quod</strong></span> <span class='ocrx_word' id='word_1_91' title='bbox 1456 1341 1566 1381; x_wconf 90' lang='lat' dir='ltr'><strong>non</strong></span> <span class='ocrx_word' id='word_1_92' title='bbox 1605 1325 1811 1380; x_wconf 90' lang='lat' dir='ltr'><strong>creatio</strong></span> <span class='ocrx_word' id='word_1_93' title='bbox 1864 1325 2111 1396; x_wconf 90' lang='lat' dir='ltr'><strong>corporis</strong></span> 
     </span>
    </p>
   </div>
   <div class='ocr_carea' id='block_1_15' title="bbox 525 1415 2109 1491">
    <p class='ocr_par' dir='ltr' id='par_1_15' title="bbox 525 1415 2109 1491">
     <span class='ocr_line' id='line_1_15' title="bbox 525 1415 2109 1491; baseline 0.002 -22"><span class='ocrx_word' id='word_1_94' title='bbox 525 1415 806 1484; x_wconf 73' lang='lat' dir='ltr'><strong>primaeva,</strong></span> <span class='ocrx_word' id='word_1_95' title='bbox 839 1432 940 1472; x_wconf 92' lang='lat' dir='ltr'><strong>nec</strong></span> <span class='ocrx_word' id='word_1_96' title='bbox 971 1417 1152 1472; x_wconf 89' lang='lat' dir='ltr'><strong>anima</strong></span> <span class='ocrx_word' id='word_1_97' title='bbox 1174 1461 1188 1483; x_wconf 87' lang='lat'><strong>,</strong></span> <span class='ocrx_word' id='word_1_98' title='bbox 1224 1419 1281 1473; x_wconf 90' lang='lat' dir='ltr'><strong>in</strong></span> <span class='ocrx_word' id='word_1_99' title='bbox 1326 1419 1777 1488; x_wconf 90' lang='lat' dir='ltr'><strong>conjunctionem</strong></span> <span class='ocrx_word' id='word_1_100' title='bbox 1822 1428 1876 1474; x_wconf 89' lang='lat' dir='ltr'><strong>et</strong></span> <span class='ocrx_word' id='word_1_101' title='bbox 1909 1420 2109 1491; x_wconf 77' lang='lat' dir='ltr'><strong>guber-</strong></span> 
     </span>
    </p>
   </div>
   <div class='ocr_carea' id='block_1_16' title="bbox 526 1504 2111 1579">
    <p class='ocr_par' dir='ltr' id='par_1_16' title="bbox 526 1504 2111 1579">
     <span class='ocr_line' id='line_1_16' title="bbox 526 1504 2111 1579; baseline 0.003 -20"><span class='ocrx_word' id='word_1_102' title='bbox 526 1504 805 1560; x_wconf 82' lang='lat' dir='ltr'><strong>nationem</strong></span> <span class='ocrx_word' id='word_1_103' title='bbox 835 1507 953 1576; x_wconf 89' lang='lat' dir='ltr'><strong>ejus</strong></span> <span class='ocrx_word' id='word_1_104' title='bbox 986 1508 1132 1573; x_wconf 91' lang='lat' dir='ltr'><strong>data,</strong></span> <span class='ocrx_word' id='word_1_105' title='bbox 1160 1508 1216 1562; x_wconf 91' lang='lat' dir='ltr'><strong>in</strong></span> <span class='ocrx_word' id='word_1_106' title='bbox 1245 1507 1442 1564; x_wconf 88' lang='lat' dir='ltr'><strong>hostile</strong></span> <span class='ocrx_word' id='word_1_107' title='bbox 1467 1508 1795 1579; x_wconf 78' lang='lat' dir='ltr'><strong>principium</strong></span> <span class='ocrx_word' id='word_1_108' title='bbox 1829 1509 2111 1564; x_wconf 85' lang='lat' dir='ltr'><strong>referenda</strong></span> 
     </span>
    </p>
   </div>
   <div class='ocr_carea' id='block_1_17' title="bbox 526 1595 2112 1667">
    <p class='ocr_par' dir='ltr' id='par_1_17' title="bbox 526 1595 2112 1667">
     <span class='ocr_line' id='line_1_17' title="bbox 526 1595 2112 1667; baseline 0.003 -18"><span class='ocrx_word' id='word_1_109' title='bbox 526 1595 620 1662; x_wconf 92' lang='lat' dir='ltr'><strong>sit,</strong></span> <span class='ocrx_word' id='word_1_110' title='bbox 653 1597 749 1652; x_wconf 82' lang='lat' dir='ltr'><strong>sed</strong></span> <span class='ocrx_word' id='word_1_111' title='bbox 778 1598 924 1667; x_wconf 87' lang='lat' dir='ltr'><strong>quod</strong></span> <span class='ocrx_word' id='word_1_112' title='bbox 964 1598 1198 1653; x_wconf 86' lang='lat' dir='ltr'><strong>liberum</strong></span> <span class='ocrx_word' id='word_1_113' title='bbox 1230 1598 1515 1653; x_wconf 86' lang='lat' dir='ltr'><strong>arbitrium</strong></span> <span class='ocrx_word' id='word_1_114' title='bbox 1538 1639 1553 1664; x_wconf 91' lang='lat'><strong>,</strong></span> <span class='ocrx_word' id='word_1_115' title='bbox 1603 1600 1659 1653; x_wconf 93' lang='lat' dir='ltr'><strong>in</strong></span> <span class='ocrx_word' id='word_1_116' title='bbox 1689 1614 1754 1653; x_wconf 83' lang='lat' dir='ltr'><strong>ea</strong></span> <span class='ocrx_word' id='word_1_117' title='bbox 1784 1598 2025 1663; x_wconf 87' lang='lat' dir='ltr'><strong>scilicet,</strong></span> <span class='ocrx_word' id='word_1_118' title='bbox 2056 1599 2112 1653; x_wconf 90' lang='lat' dir='ltr'><strong>in</strong></span> 
     </span>
    </p>
   </div>
   <div class='ocr_carea' id='block_1_18' title="bbox 526 1690 2114 1757">
    <p class='ocr_par' dir='ltr' id='par_1_18' title="bbox 526 1690 2114 1757">
     <span class='ocr_line' id='line_1_18' title="bbox 526 1690 2114 1757; baseline 0.003 -17"><span class='ocrx_word' id='word_1_119' title='bbox 526 1702 648 1757; x_wconf 65' lang='lat' dir='ltr'><strong>quae</strong></span> <span class='ocrx_word' id='word_1_120' title='bbox 686 1703 797 1743; x_wconf 90' lang='lat' dir='ltr'><strong>non</strong></span> <span class='ocrx_word' id='word_1_121' title='bbox 831 1690 1063 1745; x_wconf 88' lang='lat' dir='ltr'><strong>decebat</strong></span> <span class='ocrx_word' id='word_1_122' title='bbox 1085 1733 1101 1757; x_wconf 92' lang='lat'><strong>,</strong></span> <span class='ocrx_word' id='word_1_123' title='bbox 1136 1690 1440 1753; x_wconf 87' lang='lat' dir='ltr'><strong>declinans,</strong></span> <span class='ocrx_word' id='word_1_124' title='bbox 1475 1691 1580 1745; x_wconf 87' lang='lat' dir='ltr'><strong>hac</strong></span> <span class='ocrx_word' id='word_1_125' title='bbox 1617 1690 1982 1746; x_wconf 89' lang='lat' dir='ltr'><strong>declinatione</strong></span> <span class='ocrx_word' id='word_1_126' title='bbox 2014 1706 2114 1745; x_wconf 89' lang='lat' dir='ltr'><strong>sua</strong></span> 
     </span>
    </p>
   </div>
   <div class='ocr_carea' id='block_1_19' title="bbox 2205 592 3786 665">
    <p class='ocr_par' dir='ltr' id='par_1_19' title="bbox 2205 592 3786 665">
     <span class='ocr_line' id='line_1_19' title="bbox 2205 592 3786 665; baseline 0 -17"><span class='ocrx_word' id='word_1_127' title='bbox 2205 594 2362 657; x_wconf 79' lang='grc' dir='ltr'>ἄλλος</span> <span class='ocrx_word' id='word_1_128' title='bbox 2389 593 2569 662; x_wconf 83' lang='grc' dir='ltr'>λέγειν</span> <span class='ocrx_word' id='word_1_129' title='bbox 2594 592 3026 665; x_wconf 84' lang='grc' dir='ltr'>ἀπεθρασύνετο,</span> <span class='ocrx_word' id='word_1_130' title='bbox 3054 593 3263 648; x_wconf 88' lang='grc' dir='ltr'>δίκαιόν</span> <span class='ocrx_word' id='word_1_131' title='bbox 3284 612 3343 648; x_wconf 92' lang='grc' dir='ltr'><strong>τε</strong></span> <span class='ocrx_word' id='word_1_132' title='bbox 3372 594 3530 665; x_wconf 81' lang='grc' dir='ltr'>δίκην</span> <span class='ocrx_word' id='word_1_133' title='bbox 3561 595 3786 649; x_wconf 72' lang='grc' dir='ltr'>ἐπιϐάλ-</span> 
     </span>
    </p>
   </div>
   <div class='ocr_carea' id='block_1_20' title="bbox 2205 685 3789 759">
    <p class='ocr_par' dir='ltr' id='par_1_20' title="bbox 2205 685 3789 759">
     <span class='ocr_line' id='line_1_20' title="bbox 2205 685 3789 759; baseline 0.001 -20"><span class='ocrx_word' id='word_1_134' title='bbox 2205 687 2318 741; x_wconf 87' lang='grc' dir='ltr'>λειν</span> <span class='ocrx_word' id='word_1_135' title='bbox 2352 685 2502 758; x_wconf 88' lang='grc' dir='ltr'>αύτῷ</span> <span class='ocrx_word' id='word_1_136' title='bbox 2523 685 2619 742; x_wconf 81' lang='grc' dir='ltr'>καὶ</span> <span class='ocrx_word' id='word_1_137' title='bbox 2641 686 2738 741; x_wconf 82' lang='grc' dir='ltr'><strong>τοῦ</strong></span> <span class='ocrx_word' id='word_1_138' title='bbox 2761 686 3111 759; x_wconf 81' lang='grc' dir='ltr'><strong>τολμήματος</strong></span> <span class='ocrx_word' id='word_1_139' title='bbox 3141 685 3285 741; x_wconf 85' lang='grc' dir='ltr'><strong>κατά</strong></span> <span class='ocrx_word' id='word_1_140' title='bbox 3316 686 3521 756; x_wconf 79' lang='grc' dir='ltr'>πολλῆς</span> <span class='ocrx_word' id='word_1_141' title='bbox 3549 686 3789 755; x_wconf 84' lang='grc' dir='ltr'>ἀπάγειν</span> 
     </span>
    </p>
   </div>
   <div class='ocr_carea' id='block_1_21' title="bbox 2206 778 3788 853">
    <p class='ocr_par' dir='ltr' id='par_1_21' title="bbox 2206 778 3788 853">
     <span class='ocr_line' id='line_1_21' title="bbox 2206 778 3788 853; baseline -0.002 -18"><span class='ocrx_word' id='word_1_142' title='bbox 2206 780 2309 853; x_wconf 81' lang='grc' dir='ltr'>τῆς</span> <span class='ocrx_word' id='word_1_143' title='bbox 2350 781 2822 852; x_wconf 76' lang='grc' dir='ltr'>ἀγανακτήσεωςς</span> <span class='ocrx_word' id='word_1_144' title='bbox 2887 778 3029 833; x_wconf 84' lang='grc' dir='ltr'>Ἀλλ’</span> <span class='ocrx_word' id='word_1_145' title='bbox 3079 778 3223 834; x_wconf 77' lang='grc' dir='ltr'>οὕτω</span> <span class='ocrx_word' id='word_1_146' title='bbox 3269 780 3369 851; x_wconf 80' lang='grc' dir='ltr'>μὲν</span> <span class='ocrx_word' id='word_1_147' title='bbox 3421 779 3512 833; x_wconf 84' lang='grc' dir='ltr'>διὰ</span> <span class='ocrx_word' id='word_1_148' title='bbox 3550 780 3651 850; x_wconf 83' lang='grc' dir='ltr'>τῆς</span> <span class='ocrx_word' id='word_1_149' title='bbox 3693 779 3788 833; x_wconf 75' lang='grc' dir='ltr'>τοῦ</span> 
     </span>
    </p>
   </div>
   <div class='ocr_carea' id='block_1_22' title="bbox 2207 871 3790 947">
    <p class='ocr_par' dir='ltr' id='par_1_22' title="bbox 2207 871 3790 947">
     <span class='ocr_line' id='line_1_22' title="bbox 2207 871 3790 947; baseline -0.003 -17"><span class='ocrx_word' id='word_1_150' title='bbox 2207 876 2413 947; x_wconf 80' lang='grc' dir='ltr'><strong>Κυρίου</strong></span> <span class='ocrx_word' id='word_1_151' title='bbox 2446 875 2704 947; x_wconf 78' lang='grc' dir='ltr'><strong>πατρίδος</strong></span> <span class='ocrx_word' id='word_1_152' title='bbox 2727 875 2761 946; x_wconf 79' lang='grc' dir='ltr'>ἡ</span> <span class='ocrx_word' id='word_1_153' title='bbox 2784 875 2926 929; x_wconf 87' lang='grc' dir='ltr'><strong>κατά</strong></span> <span class='ocrx_word' id='word_1_154' title='bbox 2951 874 3049 946; x_wconf 85' lang='grc' dir='ltr'>τῆς</span> <span class='ocrx_word' id='word_1_155' title='bbox 3069 874 3253 944; x_wconf 84' lang='grc' dir='ltr'><strong>κοινῆς</strong></span> <span class='ocrx_word' id='word_1_156' title='bbox 3280 873 3558 945; x_wconf 78' lang='grc' dir='ltr'>πατρίδος,</span> <span class='ocrx_word' id='word_1_157' title='bbox 3586 871 3790 945; x_wconf 80' lang='grc' dir='ltr'>μᾶλλον</span> 
     </span>
    </p>
   </div>
   <div class='ocr_carea' id='block_1_23' title="bbox 2207 965 3789 1039">
    <p class='ocr_par' dir='ltr' id='par_1_23' title="bbox 2207 965 3789 1039">
     <span class='ocr_line' id='line_1_23' title="bbox 2207 965 3789 1039; baseline -0.001 -18"><span class='ocrx_word' id='word_1_158' title='bbox 2207 966 2264 1021; x_wconf 85' lang='grc' dir='ltr'>δὲ</span> <span class='ocrx_word' id='word_1_159' title='bbox 2294 967 2326 1039; x_wconf 85' lang='grc' dir='ltr'>ή</span> <span class='ocrx_word' id='word_1_160' title='bbox 2374 965 2517 1021; x_wconf 86' lang='grc' dir='ltr'>κατὰ</span> <span class='ocrx_word' id='word_1_161' title='bbox 2549 965 2659 1038; x_wconf 73' lang='grc'>(10)</span> <span class='ocrx_word' id='word_1_162' title='bbox 2688 966 2789 1038; x_wconf 81' lang='grc' dir='ltr'>τῆς</span> <span class='ocrx_word' id='word_1_163' title='bbox 2836 965 3065 1029; x_wconf 80' lang='grc' dir='ltr'><strong>κτίσεως</strong></span> <span class='ocrx_word' id='word_1_164' title='bbox 3091 965 3218 1036; x_wconf 84' lang='grc' dir='ltr'><strong>ὅλης</strong></span> <span class='ocrx_word' id='word_1_165' title='bbox 3245 966 3615 1029; x_wconf 76' lang='grc' dir='ltr'>ὲπανάστασις</span> <span class='ocrx_word' id='word_1_166' title='bbox 3651 965 3789 1020; x_wconf 78' lang='grc' dir='ltr'>καθ-</span> 
     </span>
    </p>
   </div>
   <div class='ocr_carea' id='block_1_24' title="bbox 2209 1058 3792 1132">
    <p class='ocr_par' dir='ltr' id='par_1_24' title="bbox 2209 1058 3792 1132">
     <span class='ocr_line' id='line_1_24' title="bbox 2209 1058 3792 1132; baseline -0.001 -19"><span class='ocrx_word' id='word_1_167' title='bbox 2209 1061 2444 1132; x_wconf 89' lang='grc' dir='ltr'>αιρεῖται</span> <span class='ocrx_word' id='word_1_168' title='bbox 2475 1058 2571 1114; x_wconf 75' lang='grc' dir='ltr'>καὶ</span> <span class='ocrx_word' id='word_1_169' title='bbox 2612 1060 3076 1131; x_wconf 82' lang='grc' dir='ltr'><strong>καταστρέφεται.</strong></span> <span class='ocrx_word' id='word_1_170' title='bbox 3112 1059 3172 1116; x_wconf 81' lang='lat' dir='ltr'><strong>El</strong></span> <span class='ocrx_word' id='word_1_171' title='bbox 3200 1058 3258 1112; x_wconf 83' lang='grc' dir='ltr'><strong>δέ</strong></span> <span class='ocrx_word' id='word_1_172' title='bbox 3300 1059 3417 1112; x_wconf 73' lang='grc' dir='ltr'>ἐστι</span> <span class='ocrx_word' id='word_1_173' title='bbox 3451 1058 3550 1128; x_wconf 82' lang='grc' dir='ltr'>μὲν</span> <span class='ocrx_word' id='word_1_174' title='bbox 3582 1058 3792 1129; x_wconf 83' lang='grc' dir='ltr'>ἀνθρω-</span> 
     </span>
    </p>
   </div>
   <div class='ocr_carea' id='block_1_25' title="bbox 2212 1145 3792 1223">
    <p class='ocr_par' dir='ltr' id='par_1_25' title="bbox 2212 1145 3792 1223">
     <span class='ocr_line' id='line_1_25' title="bbox 2212 1145 3792 1223; baseline 0.001 -18"><span class='ocrx_word' id='word_1_175' title='bbox 2212 1168 2313 1214; x_wconf 86' lang='grc' dir='ltr'><strong>πος</strong></span> <span class='ocrx_word' id='word_1_176' title='bbox 2338 1151 2542 1220; x_wconf 79' lang='grc' dir='ltr'>ἀγαθὸς</span> <span class='ocrx_word' id='word_1_177' title='bbox 2568 1191 2584 1217; x_wconf 92' lang='grc'><strong>,</strong></span> <span class='ocrx_word' id='word_1_178' title='bbox 2609 1150 2729 1206; x_wconf 75' lang='grc' dir='ltr'>εστι</span> <span class='ocrx_word' id='word_1_179' title='bbox 2767 1151 2823 1206; x_wconf 84' lang='grc' dir='ltr'><strong>δέ</strong></span> <span class='ocrx_word' id='word_1_180' title='bbox 2850 1168 2936 1216; x_wconf 87' lang='grc' dir='ltr'><strong>τις</strong></span> <span class='ocrx_word' id='word_1_181' title='bbox 2986 1152 3083 1206; x_wconf 77' lang='grc' dir='ltr'>καὶ</span> <span class='ocrx_word' id='word_1_182' title='bbox 3119 1152 3380 1223; x_wconf 86' lang='grc' dir='ltr'>πονηρός·</span> <span class='ocrx_word' id='word_1_183' title='bbox 3425 1145 3502 1206; x_wconf 80' lang='grc' dir='ltr'><strong>ὧν</strong></span> <span class='ocrx_word' id='word_1_184' title='bbox 3530 1154 3561 1206; x_wconf 93' lang='grc' dir='ltr'><strong>ό</strong></span> <span class='ocrx_word' id='word_1_185' title='bbox 3595 1151 3694 1223; x_wconf 73' lang='grc' dir='ltr'>μὲν</span> <span class='ocrx_word' id='word_1_186' title='bbox 3726 1152 3792 1207; x_wconf 85' lang='grc' dir='ltr'>ὲκ</span> 
     </span>
    </p>
   </div>
   <div class='ocr_carea' id='block_1_26' title="bbox 2210 1239 3791 1315">
    <p class='ocr_par' dir='ltr' id='par_1_26' title="bbox 2210 1239 3791 1315">
     <span class='ocr_line' id='line_1_26' title="bbox 2210 1239 3791 1315; baseline 0 -21"><span class='ocrx_word' id='word_1_187' title='bbox 2210 1239 2306 1295; x_wconf 82' lang='grc' dir='ltr'>τοῦ</span> <span class='ocrx_word' id='word_1_188' title='bbox 2331 1240 2538 1310; x_wconf 80' lang='grc' dir='ltr'><strong>ἀγαθοῦ</strong></span> <span class='ocrx_word' id='word_1_189' title='bbox 2569 1239 2848 1311; x_wconf 78' lang='grc' dir='ltr'><strong>θησαυροῦ</strong></span> <span class='ocrx_word' id='word_1_190' title='bbox 2885 1241 2984 1312; x_wconf 85' lang='grc' dir='ltr'>τῆς</span> <span class='ocrx_word' id='word_1_191' title='bbox 3031 1241 3258 1312; x_wconf 77' lang='grc' dir='ltr'>καρδίας</span> <span class='ocrx_word' id='word_1_192' title='bbox 3298 1241 3467 1296; x_wconf 82' lang='grc' dir='ltr'>αὑτοῦ</span> <span class='ocrx_word' id='word_1_193' title='bbox 3520 1241 3791 1315; x_wconf 74' lang='grc' dir='ltr'>προφέρει</span> 
     </span>
    </p>
   </div>
   <div class='ocr_carea' id='block_1_27' title="bbox 2212 1330 3793 1403">
    <p class='ocr_par' dir='ltr' id='par_1_27' title="bbox 2212 1330 3793 1403">
     <span class='ocr_line' id='line_1_27' title="bbox 2212 1330 3793 1403; baseline -0.001 -17"><span class='ocrx_word' id='word_1_194' title='bbox 2212 1332 2272 1387; x_wconf 78' lang='grc' dir='ltr'>τὸ</span> <span class='ocrx_word' id='word_1_195' title='bbox 2301 1332 2527 1400; x_wconf 79' lang='grc' dir='ltr'>ἀγαθὸν,</span> <span class='ocrx_word' id='word_1_196' title='bbox 2554 1332 2583 1385; x_wconf 86' lang='grc' dir='ltr'><strong>ό</strong></span> <span class='ocrx_word' id='word_1_197' title='bbox 2602 1331 2660 1386; x_wconf 76' lang='grc' dir='ltr'>δὲ</span> <span class='ocrx_word' id='word_1_198' title='bbox 2689 1332 2751 1387; x_wconf 84' lang='grc' dir='ltr'>τὸ</span> <span class='ocrx_word' id='word_1_199' title='bbox 2781 1330 3019 1403; x_wconf 78' lang='grc' dir='ltr'>πονηρὸν</span> <span class='ocrx_word' id='word_1_200' title='bbox 3047 1333 3111 1386; x_wconf 80' lang='grc' dir='ltr'>ὲκ</span> <span class='ocrx_word' id='word_1_201' title='bbox 3148 1331 3242 1386; x_wconf 81' lang='grc' dir='ltr'><strong>τοῦ</strong></span> <span class='ocrx_word' id='word_1_202' title='bbox 3274 1330 3535 1403; x_wconf 84' lang='grc' dir='ltr'>πονηροῦ,</span> <span class='ocrx_word' id='word_1_203' title='bbox 3577 1332 3664 1396; x_wconf 85' lang='grc' dir='ltr'><strong>τίς</strong></span> <span class='ocrx_word' id='word_1_204' title='bbox 3693 1332 3793 1395; x_wconf 69' lang='grc' dir='ltr'>οὐκ</span> 
     </span>
    </p>
   </div>
   <div class='ocr_carea' id='block_1_28' title="bbox 2211 1421 3792 1495">
    <p class='ocr_par' dir='ltr' id='par_1_28' title="bbox 2211 1421 3792 1495">
     <span class='ocr_line' id='line_1_28' title="bbox 2211 1421 3792 1495; baseline -0.002 -17"><span class='ocrx_word' id='word_1_205' title='bbox 2211 1423 2278 1478; x_wconf 83' lang='grc' dir='ltr'>ἂν</span> <span class='ocrx_word' id='word_1_206' title='bbox 2303 1423 2810 1495; x_wconf 81' lang='grc' dir='ltr'>συνομολογήσειεν,</span> <span class='ocrx_word' id='word_1_207' title='bbox 2850 1423 2925 1488; x_wconf 85' lang='grc' dir='ltr'><strong>ώς</strong></span> <span class='ocrx_word' id='word_1_208' title='bbox 2949 1424 3047 1494; x_wconf 83' lang='grc' dir='ltr'><strong>οὐχ</strong></span> <span class='ocrx_word' id='word_1_209' title='bbox 3076 1424 3110 1495; x_wconf 73' lang='grc' dir='ltr'>ἡ</span> <span class='ocrx_word' id='word_1_210' title='bbox 3147 1424 3242 1477; x_wconf 78' lang='grc' dir='ltr'>ἀπ’</span> <span class='ocrx_word' id='word_1_211' title='bbox 3274 1424 3450 1494; x_wconf 85' lang='grc' dir='ltr'>ἀρχῆς</span> <span class='ocrx_word' id='word_1_212' title='bbox 3477 1421 3673 1486; x_wconf 79' lang='grc' dir='ltr'>πλάσις</span> <span class='ocrx_word' id='word_1_213' title='bbox 3698 1421 3792 1475; x_wconf 80' lang='grc' dir='ltr'>τοῦ</span> 
     </span>
    </p>
   </div>
   <div class='ocr_carea' id='block_1_29' title="bbox 2214 1512 3793 1588">
    <p class='ocr_par' dir='ltr' id='par_1_29' title="bbox 2214 1512 3793 1588">
     <span class='ocr_line' id='line_1_29' title="bbox 2214 1512 3793 1588; baseline -0.002 -19"><span class='ocrx_word' id='word_1_214' title='bbox 2214 1514 2487 1585; x_wconf 85' lang='grc' dir='ltr'>σώματος,</span> <span class='ocrx_word' id='word_1_215' title='bbox 2533 1515 2723 1587; x_wconf 83' lang='grc' dir='ltr'>ὥσπερ</span> <span class='ocrx_word' id='word_1_216' title='bbox 2770 1515 2878 1569; x_wconf 74' lang='grc' dir='ltr'>οὐδ’</span> <span class='ocrx_word' id='word_1_217' title='bbox 2932 1514 3206 1588; x_wconf 80' lang='grc' dir='ltr'>ήδοθεϊσα</span> <span class='ocrx_word' id='word_1_218' title='bbox 3244 1512 3615 1569; x_wconf 80' lang='grc' dir='ltr'>συνάπτεσθαι</span> <span class='ocrx_word' id='word_1_219' title='bbox 3647 1513 3793 1584; x_wconf 78' lang='grc' dir='ltr'>ψυχὴ</span> 
     </span>
    </p>
   </div>
   <div class='ocr_carea' id='block_1_30' title="bbox 2211 1606 3794 1680">
    <p class='ocr_par' dir='ltr' id='par_1_30' title="bbox 2211 1606 3794 1680">
     <span class='ocr_line' id='line_1_30' title="bbox 2211 1606 3794 1680; baseline -0.001 -19"><span class='ocrx_word' id='word_1_220' title='bbox 2211 1609 2306 1663; x_wconf 76' lang='grc' dir='ltr'>καὶ</span> <span class='ocrx_word' id='word_1_221' title='bbox 2330 1607 2691 1680; x_wconf 73' lang='grc' dir='ltr'>διακυϐερνᾷν</span> <span class='ocrx_word' id='word_1_222' title='bbox 2710 1608 2864 1674; x_wconf 80' lang='grc' dir='ltr'>αὐτὸ,</span> <span class='ocrx_word' id='word_1_223' title='bbox 2887 1609 2989 1662; x_wconf 74' lang='grc' dir='ltr'><strong>οὐκ</strong></span> <span class='ocrx_word' id='word_1_224' title='bbox 3008 1610 3089 1671; x_wconf 80' lang='grc' dir='ltr'><strong>εἰς</strong></span> <span class='ocrx_word' id='word_1_225' title='bbox 3109 1608 3404 1663; x_wconf 82' lang='grc' dir='ltr'>ἀντίπαλον</span> <span class='ocrx_word' id='word_1_226' title='bbox 3417 1606 3679 1675; x_wconf 79' lang='grc' dir='ltr'><strong>ἀνάγεται</strong></span> <span class='ocrx_word' id='word_1_227' title='bbox 3698 1607 3794 1677; x_wconf 85' lang='grc' dir='ltr'><strong>ἁρ-</strong></span> 
     </span>
    </p>
   </div>
   <div class='ocr_carea' id='block_1_31' title="bbox 2212 1695 3793 1770">
    <p class='ocr_par' dir='ltr' id='par_1_31' title="bbox 2212 1695 3793 1770">
     <span class='ocr_line' id='line_1_31' title="bbox 2212 1695 3793 1770; baseline -0.003 -18"><span class='ocrx_word' id='word_1_228' title='bbox 2212 1700 2337 1770; x_wconf 83' lang='grc' dir='ltr'>χὴν,</span> <span class='ocrx_word' id='word_1_229' title='bbox 2366 1697 2504 1752; x_wconf 85' lang='grc' dir='ltr'><strong>ἀλλά</strong></span> <span class='ocrx_word' id='word_1_230' title='bbox 2536 1715 2601 1767; x_wconf 88' lang='grc' dir='ltr'><strong>γε</strong></span> <span class='ocrx_word' id='word_1_231' title='bbox 2630 1697 2692 1752; x_wconf 80' lang='grc' dir='ltr'>τὸ</span> <span class='ocrx_word' id='word_1_232' title='bbox 2738 1697 3111 1765; x_wconf 78' lang='grc' dir='ltr'>αὐτεξούσιον,</span> <span class='ocrx_word' id='word_1_233' title='bbox 3148 1698 3284 1768; x_wconf 72' lang='grc' dir='ltr'>πρὸς</span> <span class='ocrx_word' id='word_1_234' title='bbox 3307 1696 3344 1751; x_wconf 79' lang='grc' dir='ltr'><strong>ἀ</strong></span> <span class='ocrx_word' id='word_1_235' title='bbox 3371 1696 3428 1751; x_wconf 80' lang='grc' dir='ltr'>δὲ</span> <span class='ocrx_word' id='word_1_236' title='bbox 3457 1696 3533 1767; x_wconf 76' lang='grc' dir='ltr'>μὴ</span> <span class='ocrx_word' id='word_1_237' title='bbox 3570 1695 3681 1749; x_wconf 74' lang='grc' dir='ltr'>ἔδει</span> <span class='ocrx_word' id='word_1_238' title='bbox 3704 1696 3793 1762; x_wconf 74' lang='grc' dir='ltr'><strong>ῥο-</strong></span> 
     </span>
    </p>
   </div>
   <div class='ocr_carea' id='block_1_32' title="bbox 527 1781 2117 1865">
    <p class='ocr_par' dir='ltr' id='par_1_32' title="bbox 527 1781 2111 1851">
     <span class='ocr_line' id='line_1_32' title="bbox 527 1781 2111 1851; baseline 0.003 -16"><span class='ocrx_word' id='word_1_239' title='bbox 527 1781 733 1836; x_wconf 85' lang='lat' dir='ltr'><strong>bonum</strong></span> <span class='ocrx_word' id='word_1_240' title='bbox 787 1782 845 1837; x_wconf 89' lang='lat' dir='ltr'><strong>in</strong></span> <span class='ocrx_word' id='word_1_241' title='bbox 894 1784 1096 1838; x_wconf 85' lang='lat' dir='ltr'><strong>malum</strong></span> <span class='ocrx_word' id='word_1_242' title='bbox 1145 1783 1503 1839; x_wconf 84' lang='lat' dir='ltr'><strong>converterit.</strong></span> <span class='ocrx_word' id='word_1_243' title='bbox 1535 1784 1709 1851; x_wconf 85' lang='lat' dir='ltr'><strong>Quam</strong></span> <span class='ocrx_word' id='word_1_244' title='bbox 1758 1785 1907 1841; x_wconf 88' lang='lat' dir='ltr'><strong>enim</strong></span> <span class='ocrx_word' id='word_1_245' title='bbox 1948 1784 2111 1840; x_wconf 88' lang='lat' dir='ltr'><strong>aliam</strong></span> 
     </span>
    </p>
   </div>
   <div class='ocr_carea' id='block_1_33' title="bbox 2218 1781 3795 1865">
    <p class='ocr_par' dir='ltr' id='par_1_33' title="bbox 2218 1786 3795 1865">
     <span class='ocr_line' id='line_1_33' title="bbox 2218 1786 3795 1865; baseline -0.003 -20"><span class='ocrx_word' id='word_1_246' title='bbox 2218 1792 2326 1865; x_wconf 78' lang='grc' dir='ltr'>πὴν</span> <span class='ocrx_word' id='word_1_247' title='bbox 2360 1791 2705 1863; x_wconf 81' lang='grc' dir='ltr'>προσλαϐεῖν,</span> <span class='ocrx_word' id='word_1_248' title='bbox 2731 1791 2863 1845; x_wconf 80' lang='grc' dir='ltr'>αὐτὸ</span> <span class='ocrx_word' id='word_1_249' title='bbox 2896 1790 2983 1846; x_wconf 86' lang='grc' dir='ltr'><strong>διά</strong></span> <span class='ocrx_word' id='word_1_250' title='bbox 3005 1790 3106 1863; x_wconf 84' lang='grc' dir='ltr'>τῆς</span> <span class='ocrx_word' id='word_1_251' title='bbox 3142 1790 3318 1860; x_wconf 81' lang='grc' dir='ltr'>ῥοπῆς</span> <span class='ocrx_word' id='word_1_252' title='bbox 3348 1788 3448 1860; x_wconf 85' lang='grc' dir='ltr'>τὴν</span> <span class='ocrx_word' id='word_1_253' title='bbox 3479 1786 3795 1860; x_wconf 78' lang='grc' dir='ltr'>ἀγαθότητα</span> 
     </span>
    </p>
   </div>
   <div class='ocr_carea' id='block_1_34' title="bbox 528 1855 2117 1956">
    <p class='ocr_par' dir='ltr' id='par_1_34' title="bbox 528 1872 2113 1946">
     <span class='ocr_line' id='line_1_34' title="bbox 528 1872 2113 1946; baseline 0.004 -20"><span class='ocrx_word' id='word_1_254' title='bbox 528 1872 747 1929; x_wconf 81' lang='lat' dir='ltr'><strong>dederis</strong></span> <span class='ocrx_word' id='word_1_255' title='bbox 775 1889 1031 1941; x_wconf 89' lang='lat' dir='ltr'><strong>causam,</strong></span> <span class='ocrx_word' id='word_1_256' title='bbox 1061 1875 1208 1946; x_wconf 89' lang='lat' dir='ltr'><strong>quod</strong></span> <span class='ocrx_word' id='word_1_257' title='bbox 1239 1875 1331 1930; x_wconf 88' lang='lat' dir='ltr'><strong>alii</strong></span> <span class='ocrx_word' id='word_1_258' title='bbox 1364 1875 1617 1931; x_wconf 88' lang='lat' dir='ltr'><strong>homines</strong></span> <span class='ocrx_word' id='word_1_259' title='bbox 1647 1876 1758 1931; x_wconf 90' lang='lat' dir='ltr'><strong>sint</strong></span> <span class='ocrx_word' id='word_1_260' title='bbox 1784 1876 1945 1942; x_wconf 89' lang='lat' dir='ltr'><strong>boni,</strong></span> <span class='ocrx_word' id='word_1_261' title='bbox 1977 1875 2113 1932; x_wconf 91' lang='lat' dir='ltr'><strong>alios</strong></span> 
     </span>
    </p>
   </div>
   <div class='ocr_carea' id='block_1_35' title="bbox 2218 1855 3794 1956">
    <p class='ocr_par' dir='ltr' id='par_1_35' title="bbox 2219 1855 3794 1956">
     <span class='ocr_line' id='line_1_35' title="bbox 2219 1855 3794 1956; baseline -0.001 -21"><span class='ocrx_word' id='word_1_262' title='bbox 2219 1855 2542 1956; x_wconf 51' lang='grc' dir='ltr'>με’ταὸἀλλει</span> <span class='ocrx_word' id='word_1_263' title='bbox 2566 1884 2646 1946; x_wconf 84' lang='grc' dir='ltr'><strong>είς</strong></span> <span class='ocrx_word' id='word_1_264' title='bbox 2763 1882 3021 1955; x_wconf 87' lang='grc' dir='ltr'>πονηρόν.</span> <span class='ocrx_word' id='word_1_265' title='bbox 3063 1855 3217 1935; x_wconf 68' lang='grc' dir='ltr'>³ετὶει</span> <span class='ocrx_word' id='word_1_266' title='bbox 3252 1855 3373 1933; x_wconf 78' lang='grc' dir='ltr'>τίνα</span> <span class='ocrx_word' id='word_1_267' title='bbox 3395 1855 3461 1933; x_wconf 74' lang='grc' dir='ltr'><strong>ἀν</strong></span> <span class='ocrx_word' id='word_1_268' title='bbox 3494 1855 3609 1950; x_wconf 44' lang='lat' dir='ltr'><strong>Eiet</strong></span> <span class='ocrx_word' id='word_1_269' title='bbox 3639 1855 3794 1947; x_wconf 78' lang='grc' dir='ltr'>λόγον</span> 
     </span>
    </p>
   </div>
   <div class='ocr_carea' id='block_1_36' title="bbox 528 1965 2109 2041">
    <p class='ocr_par' dir='ltr' id='par_1_36' title="bbox 528 1965 2109 2041">
     <span class='ocr_line' id='line_1_36' title="bbox 528 1965 2109 2041; baseline 0.003 -23"><span class='ocrx_word' id='word_1_270' title='bbox 528 1978 664 2019; x_wconf 83' lang='lat' dir='ltr'><strong>vero</strong></span> <span class='ocrx_word' id='word_1_271' title='bbox 696 1965 751 2020; x_wconf 92' lang='lat' dir='ltr'><strong>in</strong></span> <span class='ocrx_word' id='word_1_272' title='bbox 790 1967 995 2023; x_wconf 83' lang='lat' dir='ltr'><strong>malum</strong></span> <span class='ocrx_word' id='word_1_273' title='bbox 1041 1969 1443 2041; x_wconf 90' lang='lat' dir='ltr'><strong>prospicientes</strong></span> <span class='ocrx_word' id='word_1_274' title='bbox 1486 1968 1700 2036; x_wconf 89' lang='lat' dir='ltr'><strong>videas,</strong></span> <span class='ocrx_word' id='word_1_275' title='bbox 1734 1985 1845 2024; x_wconf 89' lang='lat' dir='ltr'><strong>non</strong></span> <span class='ocrx_word' id='word_1_276' title='bbox 1884 1967 2067 2023; x_wconf 91' lang='lat' dir='ltr'><strong>minus</strong></span> <span class='ocrx_word' id='word_1_277' title='bbox 2092 2009 2109 2036; x_wconf 89' lang='lat'><strong>,</strong></span> 
     </span>
    </p>
   </div>
   <div class='ocr_carea' id='block_1_37' title="bbox 527 2058 2112 2132">
    <p class='ocr_par' dir='ltr' id='par_1_37' title="bbox 527 2058 2112 2132">
     <span class='ocr_line' id='line_1_37' title="bbox 527 2058 2112 2132; baseline 0.002 -20"><span class='ocrx_word' id='word_1_278' title='bbox 527 2058 676 2127; x_wconf 89' lang='lat' dir='ltr'><strong>quod</strong></span> <span class='ocrx_word' id='word_1_279' title='bbox 699 2058 919 2129; x_wconf 88' lang='lat' dir='ltr'><strong>quidem</strong></span> <span class='ocrx_word' id='word_1_280' title='bbox 951 2060 1141 2127; x_wconf 90' lang='lat' dir='ltr'><strong>nolim,</strong></span> <span class='ocrx_word' id='word_1_281' title='bbox 1178 2076 1339 2132; x_wconf 91' lang='lat' dir='ltr'><strong>quam</strong></span> <span class='ocrx_word' id='word_1_282' title='bbox 1370 2062 1504 2117; x_wconf 89' lang='lat' dir='ltr'><strong>vos?</strong></span> <span class='ocrx_word' id='word_1_283' title='bbox 1525 2060 1656 2128; x_wconf 68' lang='lat' dir='ltr'><strong>Quae</strong></span> <span class='ocrx_word' id='word_1_284' title='bbox 1685 2062 1830 2117; x_wconf 93' lang='lat' dir='ltr'><strong>enim</strong></span> <span class='ocrx_word' id='word_1_285' title='bbox 1856 2061 1912 2115; x_wconf 92' lang='lat' dir='ltr'><strong>in</strong></span> <span class='ocrx_word' id='word_1_286' title='bbox 1937 2060 2112 2115; x_wconf 89' lang='lat' dir='ltr'><strong>actio-</strong></span> 
     </span>
    </p>
   </div>
   <div class='ocr_carea' id='block_1_38' title="bbox 527 2149 2110 2224">
    <p class='ocr_par' dir='ltr' id='par_1_38' title="bbox 527 2149 2110 2224">
     <span class='ocr_line' id='line_1_38' title="bbox 527 2149 2110 2224; baseline 0.003 -21"><span class='ocrx_word' id='word_1_287' title='bbox 527 2149 695 2205; x_wconf 80' lang='lat' dir='ltr'><strong>nibus</strong></span> <span class='ocrx_word' id='word_1_288' title='bbox 734 2158 793 2205; x_wconf 90' lang='lat' dir='ltr'><strong>et</strong></span> <span class='ocrx_word' id='word_1_289' title='bbox 835 2153 1124 2208; x_wconf 86' lang='lat' dir='ltr'><strong>sententiis</strong></span> <span class='ocrx_word' id='word_1_290' title='bbox 1154 2154 1351 2209; x_wconf 84' lang='lat' dir='ltr'><strong>vestris</strong></span> <span class='ocrx_word' id='word_1_291' title='bbox 1385 2164 1688 2224; x_wconf 80' lang='lat' dir='ltr'><strong>Spontanea</strong></span> <span class='ocrx_word' id='word_1_292' title='bbox 1739 2162 1826 2209; x_wconf 89' lang='lat' dir='ltr'><strong>est</strong></span> <span class='ocrx_word' id='word_1_293' title='bbox 1868 2152 2110 2217; x_wconf 87' lang='lat' dir='ltr'><strong>malitia,</strong></span> 
     </span>
    </p>
   </div>
   <div class='ocr_carea' id='block_1_39' title="bbox 526 2232 2112 2316">
    <p class='ocr_par' dir='ltr' id='par_1_39' title="bbox 526 2232 2112 2316">
     <span class='ocr_line' id='line_1_39' title="bbox 526 2232 2112 2316; baseline 0.003 -22"><span class='ocrx_word' id='word_1_294' title='bbox 526 2243 716 2296; x_wconf 79' lang='lat' dir='ltr'><strong>eadem</strong></span> <span class='ocrx_word' id='word_1_295' title='bbox 747 2243 1026 2312; x_wconf 80' lang='lat' dir='ltr'><strong>separavit</strong></span> <span class='ocrx_word' id='word_1_296' title='bbox 1056 2259 1152 2299; x_wconf 85' lang='lat' dir='ltr'><strong>vos</strong></span> <span class='ocrx_word' id='word_1_297' title='bbox 1180 2259 1210 2299; x_wconf 91' lang='lat' dir='ltr'><strong>a</strong></span> <span class='ocrx_word' id='word_1_298' title='bbox 1241 2259 1401 2316; x_wconf 83' lang='lat' dir='ltr'><strong>grege</strong></span> <span class='ocrx_word' id='word_1_299' title='bbox 1432 2232 1726 2310; x_wconf 88' lang='lat' dir='ltr'><strong>bonorum,</strong></span> <span class='ocrx_word' id='word_1_300' title='bbox 1755 2245 1899 2299; x_wconf 88' lang='lat' dir='ltr'><strong>sicut</strong></span> <span class='ocrx_word' id='word_1_301' title='bbox 1922 2252 1977 2298; x_wconf 84' lang='lat' dir='ltr'><strong>et</strong></span> <span class='ocrx_word' id='word_1_302' title='bbox 1999 2244 2112 2313; x_wconf 91' lang='lat' dir='ltr'><strong>jam</strong></span> 
     </span>
    </p>
   </div>
   <div class='ocr_carea' id='block_1_40' title="bbox 528 2336 2110 2393">
    <p class='ocr_par' dir='ltr' id='par_1_40' title="bbox 528 2336 2110 2393">
     <span class='ocr_line' id='line_1_40' title="bbox 528 2336 2110 2393; baseline 0.003 -6"><span class='ocrx_word' id='word_1_303' title='bbox 528 2341 656 2389; x_wconf 84' lang='lat' dir='ltr'><strong>ante</strong></span> <span class='ocrx_word' id='word_1_304' title='bbox 686 2350 784 2390; x_wconf 91' lang='lat' dir='ltr'><strong>vos</strong></span> <span class='ocrx_word' id='word_1_305' title='bbox 820 2351 851 2391; x_wconf 87' lang='lat' dir='ltr'><strong>a</strong></span> <span class='ocrx_word' id='word_1_306' title='bbox 897 2336 1041 2391; x_wconf 86' lang='lat' dir='ltr'><strong>bona</strong></span> <span class='ocrx_word' id='word_1_307' title='bbox 1077 2347 1390 2393; x_wconf 89' lang='lat' dir='ltr'><strong>secreverat</strong></span> <span class='ocrx_word' id='word_1_308' title='bbox 1424 2338 1733 2393; x_wconf 89' lang='lat' dir='ltr'><strong>intentione</strong></span> <span class='ocrx_word' id='word_1_309' title='bbox 1762 2345 1820 2392; x_wconf 90' lang='lat' dir='ltr'><strong>et</strong></span> <span class='ocrx_word' id='word_1_310' title='bbox 1858 2336 2110 2391; x_wconf 85' lang='lat' dir='ltr'><strong>consilio.</strong></span> 
     </span>
    </p>
   </div>
   <div class='ocr_carea' id='block_1_41' title="bbox 526 2421 2115 2502">
    <p class='ocr_par' dir='ltr' id='par_1_41' title="bbox 526 2421 2115 2502">
     <span class='ocr_line' id='line_1_41' title="bbox 526 2421 2115 2502; baseline 0.002 -21"><span class='ocrx_word' id='word_1_311' title='bbox 526 2421 825 2498; x_wconf 83' lang='lat' dir='ltr'><strong>Propterea</strong></span> <span class='ocrx_word' id='word_1_312' title='bbox 883 2429 975 2484; x_wconf 84' lang='lat' dir='ltr'><strong>alii</strong></span> <span class='ocrx_word' id='word_1_313' title='bbox 1042 2429 1261 2500; x_wconf 88' lang='lat' dir='ltr'><strong>quidem</strong></span> <span class='ocrx_word' id='word_1_314' title='bbox 1326 2439 1458 2485; x_wconf 90' lang='lat' dir='ltr'><strong>sunt</strong></span> <span class='ocrx_word' id='word_1_315' title='bbox 1510 2445 1797 2502; x_wconf 63' lang='lat' dir='ltr'><strong>praecones</strong></span> <span class='ocrx_word' id='word_1_316' title='bbox 1854 2429 2115 2484; x_wconf 74' lang='lat' dir='ltr'><strong>bonitatis</strong></span> 
     </span>
    </p>
   </div>
   <div class='ocr_carea' id='block_1_42' title="bbox 526 2518 2115 2592">
    <p class='ocr_par' dir='ltr' id='par_1_42' title="bbox 526 2518 2115 2592">
     <span class='ocr_line' id='line_1_42' title="bbox 526 2518 2115 2592; baseline 0.001 -17"><span class='ocrx_word' id='word_1_317' title='bbox 526 2518 825 2584; x_wconf 80' lang='lat' dir='ltr'><strong>Creatoris.</strong></span> <span class='ocrx_word' id='word_1_318' title='bbox 854 2537 1127 2592; x_wconf 79' lang='lat' dir='ltr'><strong>suumque</strong></span> <span class='ocrx_word' id='word_1_319' title='bbox 1152 2531 1208 2576; x_wconf 90' lang='lat' dir='ltr'><strong>et</strong></span> <span class='ocrx_word' id='word_1_320' title='bbox 1238 2531 1447 2578; x_wconf 79' lang='lat' dir='ltr'><strong>norun‘t</strong></span> <span class='ocrx_word' id='word_1_321' title='bbox 1468 2531 1525 2578; x_wconf 87' lang='lat' dir='ltr'><strong>et</strong></span> <span class='ocrx_word' id='word_1_322' title='bbox 1537 2522 1821 2578; x_wconf 88' lang='lat' dir='ltr'><strong>celebrant</strong></span> <span class='ocrx_word' id='word_1_323' title='bbox 1847 2520 2115 2577; x_wconf 89' lang='lat' dir='ltr'><strong>Condito-</strong></span> 
     </span>
    </p>
   </div>
   <div class='ocr_carea' id='block_1_43' title="bbox 525 2612 2116 2677">
    <p class='ocr_par' dir='ltr' id='par_1_43' title="bbox 525 2612 2116 2677">
     <span class='ocr_line' id='line_1_43' title="bbox 525 2612 2116 2677; baseline 0.002 -13"><span class='ocrx_word' id='word_1_324' title='bbox 525 2623 682 2677; x_wconf 85' lang='lat' dir='ltr'><strong>rem;</strong></span> <span class='ocrx_word' id='word_1_325' title='bbox 715 2612 806 2667; x_wconf 84' lang='lat' dir='ltr'><strong>alii</strong></span> <span class='ocrx_word' id='word_1_326' title='bbox 863 2628 992 2668; x_wconf 88' lang='lat' dir='ltr'><strong>vero</strong></span> <span class='ocrx_word' id='word_1_327' title='bbox 1026 2614 1093 2668; x_wconf 87' lang='lat' dir='ltr'><strong>ad</strong></span> <span class='ocrx_word' id='word_1_328' title='bbox 1135 2628 1263 2667; x_wconf 92' lang='lat' dir='ltr'><strong>eum</strong></span> <span class='ocrx_word' id='word_1_329' title='bbox 1297 2613 1746 2669; x_wconf 85' lang='lat' dir='ltr'><strong>calumniandum</strong></span> <span class='ocrx_word' id='word_1_330' title='bbox 1785 2624 1843 2670; x_wconf 89' lang='lat' dir='ltr'><strong>et</strong></span> <span class='ocrx_word' id='word_1_331' title='bbox 1876 2614 2033 2669; x_wconf 83' lang='lat' dir='ltr'><strong>factis</strong></span> <span class='ocrx_word' id='word_1_332' title='bbox 2060 2621 2116 2669; x_wconf 92' lang='lat' dir='ltr'><strong>et</strong></span> 
     </span>
    </p>
   </div>
   <div class='ocr_carea' id='block_1_44' title="bbox 525 2701 2118 2775">
    <p class='ocr_par' dir='ltr' id='par_1_44' title="bbox 525 2701 2118 2775">
     <span class='ocr_line' id='line_1_44' title="bbox 525 2701 2118 2775; baseline 0.001 -18"><span class='ocrx_word' id='word_1_333' title='bbox 525 2701 711 2774; x_wconf 84' lang='lat' dir='ltr'><strong>lingua</strong></span> <span class='ocrx_word' id='word_1_334' title='bbox 760 2704 1046 2769; x_wconf 89' lang='lat' dir='ltr'><strong>conversi,</strong></span> <span class='ocrx_word' id='word_1_335' title='bbox 1076 2720 1135 2760; x_wconf 91' lang='lat' dir='ltr'><strong>se</strong></span> <span class='ocrx_word' id='word_1_336' title='bbox 1170 2705 1321 2775; x_wconf 85' lang='lat' dir='ltr'><strong>ipsos</strong></span> <span class='ocrx_word' id='word_1_337' title='bbox 1367 2705 1586 2774; x_wconf 89' lang='lat' dir='ltr'><strong>quidem</strong></span> <span class='ocrx_word' id='word_1_338' title='bbox 1626 2705 1855 2760; x_wconf 79' lang='lat' dir='ltr'><strong>bonitati</strong></span> <span class='ocrx_word' id='word_1_339' title='bbox 1903 2705 2024 2775; x_wconf 86' lang='lat' dir='ltr'><strong>ejus</strong></span> <span class='ocrx_word' id='word_1_340' title='bbox 2061 2714 2118 2759; x_wconf 92' lang='lat' dir='ltr'><strong>et</strong></span> 
     </span>
    </p>
   </div>
   <div class='ocr_carea' id='block_1_45' title="bbox 525 2796 2113 2862">
    <p class='ocr_par' dir='ltr' id='par_1_45' title="bbox 525 2796 2113 2862">
     <span class='ocr_line' id='line_1_45' title="bbox 525 2796 2113 2862; baseline 0.001 -12"><span class='ocrx_word' id='word_1_341' title='bbox 525 2796 793 2852; x_wconf 83' lang='lat' dir='ltr'><strong>ereationl</strong></span> <span class='ocrx_word' id='word_1_342' title='bbox 823 2806 879 2853; x_wconf 90' lang='lat' dir='ltr'><strong>et</strong></span> <span class='ocrx_word' id='word_1_343' title='bbox 898 2797 1141 2853; x_wconf 92' lang='lat' dir='ltr'><strong>dominio</strong></span> <span class='ocrx_word' id='word_1_344' title='bbox 1169 2797 1522 2858; x_wconf 83' lang='lat' dir='ltr'><strong>subtrahunt.</strong></span> <span class='ocrx_word' id='word_1_345' title='bbox 1547 2797 1811 2853; x_wconf 79' lang='lat' dir='ltr'><strong>obnoxios</strong></span> <span class='ocrx_word' id='word_1_346' title='bbox 1839 2812 1986 2862; x_wconf 91' lang='lat' dir='ltr'><strong>vero,</strong></span> <span class='ocrx_word' id='word_1_347' title='bbox 2007 2796 2113 2851; x_wconf 82' lang='lat' dir='ltr'><strong>oh!</strong></span> 
     </span>
    </p>
   </div>
   <div class='ocr_carea' id='block_1_46' title="bbox 528 2887 2119 2957">
    <p class='ocr_par' dir='ltr' id='par_1_46' title="bbox 528 2887 2119 2957">
     <span class='ocr_line' id='line_1_46' title="bbox 528 2887 2119 2957; baseline 0 -14"><span class='ocrx_word' id='word_1_348' title='bbox 528 2888 892 2946; x_wconf 83' lang='lat' dir='ltr'><strong>stultitiamne</strong></span> <span class='ocrx_word' id='word_1_349' title='bbox 931 2890 1143 2957; x_wconf 88' lang='lat' dir='ltr'><strong>dicam,</strong></span> <span class='ocrx_word' id='word_1_350' title='bbox 1180 2906 1250 2944; x_wconf 90' lang='lat' dir='ltr'><strong>an</strong></span> <span class='ocrx_word' id='word_1_351' title='bbox 1292 2889 1626 2945; x_wconf 84' lang='lat' dir='ltr'><strong>dementiam</strong></span> <span class='ocrx_word' id='word_1_352' title='bbox 1658 2889 1697 2945; x_wconf 21' lang='lat' dir='ltr'><strong>is</strong></span> <span class='ocrx_word' id='word_1_353' title='bbox 1714 2889 1899 2943; x_wconf 89' lang='lat' dir='ltr'><strong>manui</strong></span> <span class='ocrx_word' id='word_1_354' title='bbox 1931 2887 2119 2943; x_wconf 88' lang='lat' dir='ltr'><strong>hostili</strong></span> 
     </span>
    </p>
   </div>
   <div class='ocr_carea' id='block_1_47' title="bbox 528 2981 2119 3053">
    <p class='ocr_par' dir='ltr' id='par_1_47' title="bbox 528 2981 2119 3053">
     <span class='ocr_line' id='line_1_47' title="bbox 528 2981 2119 3053; baseline -0.002 -17"><span class='ocrx_word' id='word_1_355' title='bbox 528 2989 585 3037; x_wconf 85' lang='lat' dir='ltr'><strong>et</strong></span> <span class='ocrx_word' id='word_1_356' title='bbox 612 2982 800 3037; x_wconf 85' lang='lat' dir='ltr'><strong>rebelli</strong></span> <span class='ocrx_word' id='word_1_357' title='bbox 835 2982 1065 3038; x_wconf 90' lang='lat' dir='ltr'><strong>faciunt.</strong></span> <span class='ocrx_word' id='word_1_358' title='bbox 1098 2983 1154 3039; x_wconf 92' lang='lat' dir='ltr'><strong>Si</strong></span> <span class='ocrx_word' id='word_1_359' title='bbox 1185 2983 1312 3053; x_wconf 84' lang='lat' dir='ltr'><strong>quis</strong></span> <span class='ocrx_word' id='word_1_360' title='bbox 1340 2983 1486 3038; x_wconf 88' lang='lat' dir='ltr'><strong>enim</strong></span> <span class='ocrx_word' id='word_1_361' title='bbox 1517 2997 1631 3036; x_wconf 89' lang='lat' dir='ltr'><strong>rem</strong></span> <span class='ocrx_word' id='word_1_362' title='bbox 1672 2989 1817 3036; x_wconf 90' lang='lat' dir='ltr'><strong>recte</strong></span> <span class='ocrx_word' id='word_1_363' title='bbox 1847 2981 2119 3035; x_wconf 66' lang='lat' dir='ltr'><strong>aestimare</strong></span> 
     </span>
    </p>
   </div>
   <div class='ocr_carea' id='block_1_48' title="bbox 527 3072 2120 3146">
    <p class='ocr_par' dir='ltr' id='par_1_48' title="bbox 527 3072 2120 3146">
     <span class='ocr_line' id='line_1_48' title="bbox 527 3072 2120 3146; baseline -0.001 -17"><span class='ocrx_word' id='word_1_364' title='bbox 527 3073 787 3139; x_wconf 81' lang='lat' dir='ltr'><strong>voluerit,</strong></span> <span class='ocrx_word' id='word_1_365' title='bbox 808 3074 874 3140; x_wconf 90' lang='lat' dir='ltr'><strong>is,</strong></span> <span class='ocrx_word' id='word_1_366' title='bbox 902 3074 996 3146; x_wconf 90' lang='lat' dir='ltr'><strong>qui</strong></span> <span class='ocrx_word' id='word_1_367' title='bbox 1023 3090 1089 3130; x_wconf 80' lang='lat' dir='ltr'><strong>ex</strong></span> <span class='ocrx_word' id='word_1_368' title='bbox 1125 3074 1306 3130; x_wconf 90' lang='lat' dir='ltr'><strong>anima</strong></span> <span class='ocrx_word' id='word_1_369' title='bbox 1339 3074 1480 3144; x_wconf 88' lang='lat' dir='ltr'><strong>(eam</strong></span> <span class='ocrx_word' id='word_1_370' title='bbox 1519 3075 1665 3129; x_wconf 93' lang='lat' dir='ltr'><strong>enim</strong></span> <span class='ocrx_word' id='word_1_371' title='bbox 1698 3089 1793 3128; x_wconf 91' lang='lat' dir='ltr'><strong>eor</strong></span> <span class='ocrx_word' id='word_1_372' title='bbox 1828 3073 1920 3129; x_wconf 91' lang='lat' dir='ltr'><strong>hic</strong></span> <span class='ocrx_word' id='word_1_373' title='bbox 1946 3072 2120 3145; x_wconf 77' lang='lat' dir='ltr'><strong>signi-</strong></span> 
     </span>
    </p>
   </div>
   <div class='ocr_carea' id='block_1_49' title="bbox 529 3163 2115 3238">
    <p class='ocr_par' dir='ltr' id='par_1_49' title="bbox 529 3163 2115 3238">
     <span class='ocr_line' id='line_1_49' title="bbox 529 3163 2115 3238; baseline 0 -19"><span class='ocrx_word' id='word_1_374' title='bbox 529 3163 678 3233; x_wconf 81' lang='lat' dir='ltr'><strong>ﬁcat)</strong></span> <span class='ocrx_word' id='word_1_375' title='bbox 707 3166 850 3221; x_wconf 89' lang='lat' dir='ltr'><strong>bona</strong></span> <span class='ocrx_word' id='word_1_376' title='bbox 887 3167 1099 3238; x_wconf 87' lang='lat' dir='ltr'><strong>profert</strong></span> <span class='ocrx_word' id='word_1_377' title='bbox 1118 3166 1163 3232; x_wconf 82' lang='grc'>⁷,</span> <span class='ocrx_word' id='word_1_378' title='bbox 1198 3168 1473 3237; x_wconf 90' lang='lat' dir='ltr'><strong>quomodo</strong></span> <span class='ocrx_word' id='word_1_379' title='bbox 1523 3168 1704 3222; x_wconf 88' lang='lat' dir='ltr'><strong>bonus</strong></span> <span class='ocrx_word' id='word_1_380' title='bbox 1738 3181 1859 3221; x_wconf 89' lang='lat' dir='ltr'><strong>esse</strong></span> <span class='ocrx_word' id='word_1_381' title='bbox 1900 3173 2115 3235; x_wconf 88' lang='lat' dir='ltr'><strong>potest,</strong></span> 
     </span>
    </p>
   </div>
   <div class='ocr_carea' id='block_1_50' title="bbox 530 3256 2117 3315">
    <p class='ocr_par' dir='ltr' id='par_1_50' title="bbox 530 3256 2117 3315">
     <span class='ocr_line' id='line_1_50' title="bbox 530 3256 2117 3315; baseline 0 -5"><span class='ocrx_word' id='word_1_382' title='bbox 530 3256 633 3311; x_wconf 83' lang='lat' dir='ltr'><strong>nisi</strong></span> <span class='ocrx_word' id='word_1_383' title='bbox 662 3264 773 3313; x_wconf 88' lang='lat' dir='ltr'><strong>tota</strong></span> <span class='ocrx_word' id='word_1_384' title='bbox 795 3258 1102 3314; x_wconf 86' lang='lat' dir='ltr'><strong>substantia</strong></span> <span class='ocrx_word' id='word_1_385' title='bbox 1128 3259 1271 3315; x_wconf 91' lang='lat' dir='ltr'><strong>bona</strong></span> <span class='ocrx_word' id='word_1_386' title='bbox 1290 3259 1545 3314; x_wconf 81' lang='lat' dir='ltr'><strong>dicatur?</strong></span> <span class='ocrx_word' id='word_1_387' title='bbox 1569 3260 1710 3314; x_wconf 89' lang='lat' dir='ltr'><strong>sicut</strong></span> <span class='ocrx_word' id='word_1_388' title='bbox 1738 3257 1978 3312; x_wconf 86' lang='lat' dir='ltr'><strong>vicissim</strong></span> <span class='ocrx_word' id='word_1_389' title='bbox 2006 3266 2117 3311; x_wconf 90' lang='lat' dir='ltr'><strong>tota</strong></span> 
     </span>
    </p>
   </div>
   <div class='ocr_carea' id='block_1_51' title="bbox 532 3348 2121 3421">
    <p class='ocr_par' dir='ltr' id='par_1_51' title="bbox 532 3348 2121 3421">
     <span class='ocr_line' id='line_1_51' title="bbox 532 3348 2121 3421; baseline -0.001 -17"><span class='ocrx_word' id='word_1_390' title='bbox 532 3349 840 3405; x_wconf 86' lang='lat' dir='ltr'><strong>substantia</strong></span> <span class='ocrx_word' id='word_1_391' title='bbox 877 3350 1022 3406; x_wconf 89' lang='lat' dir='ltr'><strong>mala</strong></span> <span class='ocrx_word' id='word_1_392' title='bbox 1062 3359 1181 3416; x_wconf 89' lang='lat' dir='ltr'><strong>est,</strong></span> <span class='ocrx_word' id='word_1_393' title='bbox 1218 3366 1341 3421; x_wconf 81' lang='lat' dir='ltr'><strong>quae</strong></span> <span class='ocrx_word' id='word_1_394' title='bbox 1378 3366 1447 3406; x_wconf 80' lang='lat' dir='ltr'><strong>ex</strong></span> <span class='ocrx_word' id='word_1_395' title='bbox 1476 3350 1658 3404; x_wconf 92' lang='lat' dir='ltr'><strong>anima</strong></span> <span class='ocrx_word' id='word_1_396' title='bbox 1699 3363 1797 3405; x_wconf 90' lang='lat' dir='ltr'><strong>sua</strong></span> <span class='ocrx_word' id='word_1_397' title='bbox 1841 3349 1932 3412; x_wconf 87' lang='lat' dir='ltr'><strong>id,</strong></span> <span class='ocrx_word' id='word_1_398' title='bbox 1974 3348 2121 3418; x_wconf 92' lang='lat' dir='ltr'><strong>quod</strong></span> 
     </span>
    </p>
   </div>
   <div class='ocr_carea' id='block_1_52' title="bbox 532 3440 2122 3515">
    <p class='ocr_par' dir='ltr' id='par_1_52' title="bbox 532 3440 2122 3515">
     <span class='ocr_line' id='line_1_52' title="bbox 532 3440 2122 3515; baseline 0.001 -19"><span class='ocrx_word' id='word_1_399' title='bbox 532 3442 878 3498; x_wconf 82' lang='lat' dir='ltr'><strong>reconditum</strong></span> <span class='ocrx_word' id='word_1_400' title='bbox 906 3452 1027 3509; x_wconf 90' lang='lat' dir='ltr'><strong>est,</strong></span> <span class='ocrx_word' id='word_1_401' title='bbox 1055 3443 1260 3499; x_wconf 86' lang='lat' dir='ltr'><strong>malum</strong></span> <span class='ocrx_word' id='word_1_402' title='bbox 1299 3442 1573 3515; x_wconf 74' lang='lat' dir='ltr'><strong>produt-it.</strong></span> <span class='ocrx_word' id='word_1_403' title='bbox 1623 3440 1768 3497; x_wconf 88' lang='lat' dir='ltr'><strong>Sane</strong></span> <span class='ocrx_word' id='word_1_404' title='bbox 1811 3457 1920 3497; x_wconf 93' lang='lat' dir='ltr'><strong>non</strong></span> <span class='ocrx_word' id='word_1_405' title='bbox 1961 3441 2122 3497; x_wconf 87' lang='lat' dir='ltr'><strong>video</strong></span> 
     </span>
    </p>
   </div>
   <div class='ocr_carea' id='block_1_53' title="bbox 531 3535 2121 3607">
    <p class='ocr_par' dir='ltr' id='par_1_53' title="bbox 531 3535 2121 3607">
     <span class='ocr_line' id='line_1_53' title="bbox 531 3535 2121 3607; baseline 0.002 -19"><span class='ocrx_word' id='word_1_406' title='bbox 531 3548 696 3605; x_wconf 88' lang='lat' dir='ltr'><strong>quam</strong></span> <span class='ocrx_word' id='word_1_407' title='bbox 727 3535 831 3590; x_wconf 87' lang='lat' dir='ltr'><strong>sibi</strong></span> <span class='ocrx_word' id='word_1_408' title='bbox 863 3536 1077 3590; x_wconf 80' lang='lat' dir='ltr'><strong>veniam</strong></span> <span class='ocrx_word' id='word_1_409' title='bbox 1114 3536 1325 3607; x_wconf 89' lang='lat' dir='ltr'><strong>reliqua</strong></span> <span class='ocrx_word' id='word_1_410' title='bbox 1364 3536 1604 3603; x_wconf 87' lang='lat' dir='ltr'><strong>faciant,</strong></span> <span class='ocrx_word' id='word_1_411' title='bbox 1646 3537 1704 3591; x_wconf 88' lang='lat' dir='ltr'><strong>hi</strong></span> <span class='ocrx_word' id='word_1_412' title='bbox 1736 3537 1990 3592; x_wconf 90' lang='lat' dir='ltr'><strong>homines</strong></span> <span class='ocrx_word' id='word_1_413' title='bbox 2028 3537 2121 3607; x_wconf 92' lang='lat' dir='ltr'><strong>qui</strong></span> 
     </span>
    </p>
   </div>
   <div class='ocr_carea' id='block_1_54' title="bbox 530 3624 2125 3699">
    <p class='ocr_par' dir='ltr' id='par_1_54' title="bbox 530 3624 2125 3699">
     <span class='ocr_line' id='line_1_54' title="bbox 530 3624 2125 3699; baseline 0.003 -20"><span class='ocrx_word' id='word_1_414' title='bbox 530 3624 669 3679; x_wconf 88' lang='lat' dir='ltr'><strong>mihi</strong></span> <span class='ocrx_word' id='word_1_415' title='bbox 703 3626 920 3697; x_wconf 90' lang='lat' dir='ltr'><strong>potius,</strong></span> <span class='ocrx_word' id='word_1_416' title='bbox 956 3628 1085 3683; x_wconf 93' lang='lat' dir='ltr'><strong>dum</strong></span> <span class='ocrx_word' id='word_1_417' title='bbox 1121 3628 1420 3699; x_wconf 86' lang='lat' dir='ltr'><strong>prophetas</strong></span> <span class='ocrx_word' id='word_1_418' title='bbox 1464 3637 1520 3684; x_wconf 89' lang='lat' dir='ltr'><strong>et</strong></span> <span class='ocrx_word' id='word_1_419' title='bbox 1560 3628 1736 3699; x_wconf 81' lang='lat' dir='ltr'><strong>legem</strong></span> <span class='ocrx_word' id='word_1_420' title='bbox 1779 3628 1979 3699; x_wconf 85' lang='lat' dir='ltr'><strong>injuria</strong></span> <span class='ocrx_word' id='word_1_421' title='bbox 2008 3628 2125 3683; x_wconf 81' lang='lat' dir='ltr'><strong>alli-</strong></span> 
     </span>
    </p>
   </div>
   <div class='ocr_carea' id='block_1_55' title="bbox 532 3715 2123 3790">
    <p class='ocr_par' dir='ltr' id='par_1_55' title="bbox 532 3715 2123 3790">
     <span class='ocr_line' id='line_1_55' title="bbox 532 3715 2123 3790; baseline 0.003 -19"><span class='ocrx_word' id='word_1_422' title='bbox 532 3715 708 3783; x_wconf 86' lang='lat' dir='ltr'><strong>ciunt,</strong></span> <span class='ocrx_word' id='word_1_423' title='bbox 747 3717 1015 3789; x_wconf 82' lang='lat' dir='ltr'><strong>ejusmodi</strong></span> <span class='ocrx_word' id='word_1_424' title='bbox 1063 3719 1279 3790; x_wconf 91' lang='lat' dir='ltr'><strong>culpam</strong></span> <span class='ocrx_word' id='word_1_425' title='bbox 1321 3718 1651 3775; x_wconf 83' lang='lat' dir='ltr'><strong>contrahere</strong></span> <span class='ocrx_word' id='word_1_426' title='bbox 1682 3719 1961 3787; x_wconf 88' lang='lat' dir='ltr'><strong>videntur,</strong></span> <span class='ocrx_word' id='word_1_427' title='bbox 2003 3735 2123 3789; x_wconf 81' lang='lat' dir='ltr'><strong>quae</strong></span> 
     </span>
    </p>
   </div>
   <div class='ocr_carea' id='block_1_56' title="bbox 534 3810 2122 3881">
    <p class='ocr_par' dir='ltr' id='par_1_56' title="bbox 534 3810 2122 3881">
     <span class='ocr_line' id='line_1_56' title="bbox 534 3810 2122 3881; baseline 0.002 -18"><span class='ocrx_word' id='word_1_428' title='bbox 534 3824 566 3863; x_wconf 84' lang='lat' dir='ltr'><strong>a</strong></span> <span class='ocrx_word' id='word_1_429' title='bbox 626 3824 787 3879; x_wconf 86' lang='lat' dir='ltr'><strong>poena</strong></span> <span class='ocrx_word' id='word_1_430' title='bbox 855 3810 1117 3865; x_wconf 80' lang='lat' dir='ltr'><strong>immunis</strong></span> <span class='ocrx_word' id='word_1_431' title='bbox 1171 3826 1292 3865; x_wconf 90' lang='lat' dir='ltr'><strong>esse</strong></span> <span class='ocrx_word' id='word_1_432' title='bbox 1352 3826 1465 3866; x_wconf 89' lang='lat' dir='ltr'><strong>non</strong></span> <span class='ocrx_word' id='word_1_433' title='bbox 1526 3811 1723 3881; x_wconf 89' lang='lat' dir='ltr'><strong>possit.</strong></span> <span class='ocrx_word' id='word_1_434' title='bbox 1794 3810 1915 3881; x_wconf 91' lang='lat' dir='ltr'><strong>lpse</strong></span> <span class='ocrx_word' id='word_1_435' title='bbox 1975 3811 2122 3866; x_wconf 88' lang='lat' dir='ltr'><strong>enim</strong></span> 
     </span>
    </p>
   </div>
   <div class='ocr_carea' id='block_1_57' title="bbox 536 3902 2122 3975">
    <p class='ocr_par' dir='ltr' id='par_1_57' title="bbox 536 3902 2122 3975">
     <span class='ocr_line' id='line_1_57' title="bbox 536 3902 2122 3975; baseline -0.001 -15"><span class='ocrx_word' id='word_1_436' title='bbox 536 3902 797 3960; x_wconf 84' lang='lat' dir='ltr'><strong>Servator</strong></span> <span class='ocrx_word' id='word_1_437' title='bbox 843 3904 1131 3962; x_wconf 87' lang='lat' dir='ltr'><strong>clamavit:</strong></span> <span class='ocrx_word' id='word_1_438' title='bbox 1170 3905 1324 3959; x_wconf 82' lang='lat' dir='ltr'><strong>Multi</strong></span> <span class='ocrx_word' id='word_1_439' title='bbox 1384 3906 1655 3975; x_wconf 79' lang='lat' dir='ltr'><strong>propheta:</strong></span> <span class='ocrx_word' id='word_1_440' title='bbox 1692 3911 1741 3959; x_wconf 88' lang='lat' dir='ltr'><strong>et</strong></span> <span class='ocrx_word' id='word_1_441' title='bbox 1794 3905 1968 3973; x_wconf 79' lang='lat' dir='ltr'><strong>justi,</strong></span> <span class='ocrx_word' id='word_1_442' title='bbox 2030 3905 2122 3960; x_wconf 92' lang='lat' dir='ltr'><strong>ubi</strong></span> 
     </span>
    </p>
   </div>
   <div class='ocr_carea' id='block_1_58' title="bbox 533 3995 2122 4066">
    <p class='ocr_par' dir='ltr' id='par_1_58' title="bbox 533 3995 2122 4066">
     <span class='ocr_line' id='line_1_58' title="bbox 533 3995 2122 4066; baseline 0.001 -17"><span class='ocrx_word' id='word_1_443' title='bbox 533 3996 742 4050; x_wconf 88' lang='lat' dir='ltr'><strong>clarum</strong></span> <span class='ocrx_word' id='word_1_444' title='bbox 786 4006 908 4062; x_wconf 90' lang='lat' dir='ltr'><strong>est,</strong></span> <span class='ocrx_word' id='word_1_445' title='bbox 958 3995 1061 4051; x_wconf 90' lang='lat' dir='ltr'><strong>hos</strong></span> <span class='ocrx_word' id='word_1_446' title='bbox 1104 4012 1226 4052; x_wconf 88' lang='lat' dir='ltr'><strong>esse</strong></span> <span class='ocrx_word' id='word_1_447' title='bbox 1279 4012 1405 4062; x_wconf 87' lang='lat' dir='ltr'><strong>eos,</strong></span> <span class='ocrx_word' id='word_1_448' title='bbox 1461 3996 1556 4066; x_wconf 91' lang='lat' dir='ltr'><strong>qui</strong></span> <span class='ocrx_word' id='word_1_449' title='bbox 1599 3995 1703 4051; x_wconf 88' lang='lat' dir='ltr'><strong>sub</strong></span> <span class='ocrx_word' id='word_1_450' title='bbox 1746 3995 1866 4065; x_wconf 77' lang='lat' dir='ltr'><strong>lege</strong></span> <span class='ocrx_word' id='word_1_451' title='bbox 1924 4004 2122 4061; x_wconf 84' lang='lat' dir='ltr'><strong>erant,</strong></span> 
     </span>
    </p>
   </div>
   <div class='ocr_carea' id='block_1_59' title="bbox 533 4087 2125 4158">
    <p class='ocr_par' dir='ltr' id='par_1_59' title="bbox 533 4087 2125 4158">
     <span class='ocr_line' id='line_1_59' title="bbox 533 4087 2125 4158; baseline 0.001 -18"><span class='ocrx_word' id='word_1_452' title='bbox 533 4087 906 4142; x_wconf 78' lang='lat' dir='ltr'><strong>desiderarunt</strong></span> <span class='ocrx_word' id='word_1_453' title='bbox 953 4088 1129 4142; x_wconf 82' lang='lat' dir='ltr'><strong>videre</strong></span> <span class='ocrx_word' id='word_1_454' title='bbox 1171 4098 1222 4143; x_wconf 84' lang='lat' dir='ltr'><strong>et</strong></span> <span class='ocrx_word' id='word_1_455' title='bbox 1264 4088 1489 4154; x_wconf 85' lang='lat' dir='ltr'><strong>audire,</strong></span> <span class='ocrx_word' id='word_1_456' title='bbox 1525 4104 1643 4158; x_wconf 71' lang='lat' dir='ltr'><strong>qua:</strong></span> <span class='ocrx_word' id='word_1_457' title='bbox 1701 4089 1888 4143; x_wconf 75' lang='lat' dir='ltr'><strong>videtis</strong></span> <span class='ocrx_word' id='word_1_458' title='bbox 1933 4098 1982 4142; x_wconf 87' lang='lat' dir='ltr'><strong>et</strong></span> <span class='ocrx_word' id='word_1_459' title='bbox 2024 4105 2125 4142; x_wconf 83' lang='lat' dir='ltr'><strong>au-</strong></span> 
     </span>
    </p>
   </div>
   <div class='ocr_carea' id='block_1_60' title="bbox 532 4177 2125 4251">
    <p class='ocr_par' dir='ltr' id='par_1_60' title="bbox 532 4177 2125 4251">
     <span class='ocr_line' id='line_1_60' title="bbox 532 4177 2125 4251; baseline 0.001 -19"><span class='ocrx_word' id='word_1_460' title='bbox 532 4178 658 4233; x_wconf 78' lang='lat' dir='ltr'><strong>ditis</strong></span> <span class='ocrx_word' id='word_1_461' title='bbox 674 4178 716 4233; x_wconf 80' lang='grc'>⁸.</span> <span class='ocrx_word' id='word_1_462' title='bbox 733 4177 932 4235; x_wconf 85' lang='lat' dir='ltr'><strong>Eadem</strong></span> <span class='ocrx_word' id='word_1_463' title='bbox 955 4193 1119 4250; x_wconf 88' lang='lat' dir='ltr'><strong>opera</strong></span> <span class='ocrx_word' id='word_1_464' title='bbox 1136 4179 1424 4251; x_wconf 87' lang='lat' dir='ltr'><strong>discipulis</strong></span> <span class='ocrx_word' id='word_1_465' title='bbox 1440 4180 1661 4251; x_wconf 90' lang='lat' dir='ltr'><strong>quidem</strong></span> <span class='ocrx_word' id='word_1_466' title='bbox 1689 4180 1932 4236; x_wconf 87' lang='lat' dir='ltr'><strong>ostendit</strong></span> <span class='ocrx_word' id='word_1_467' title='bbox 1956 4181 2125 4235; x_wconf 88' lang='lat' dir='ltr'><strong>ratio-</strong></span> 
     </span>
    </p>
   </div>
   <div class='ocr_carea' id='block_1_61' title="bbox 532 4271 2125 4343">
    <p class='ocr_par' dir='ltr' id='par_1_61' title="bbox 532 4271 2125 4343">
     <span class='ocr_line' id='line_1_61' title="bbox 532 4271 2125 4343; baseline 0.002 -19"><span class='ocrx_word' id='word_1_468' title='bbox 532 4285 661 4325; x_wconf 88' lang='lat' dir='ltr'><strong>nem</strong></span> <span class='ocrx_word' id='word_1_469' title='bbox 704 4271 983 4342; x_wconf 79' lang='lat' dir='ltr'><strong>dignitatis</strong></span> <span class='ocrx_word' id='word_1_470' title='bbox 1005 4281 1059 4326; x_wconf 90' lang='lat' dir='ltr'><strong>et</strong></span> <span class='ocrx_word' id='word_1_471' title='bbox 1091 4272 1297 4343; x_wconf 70' lang='lat' dir='ltr'><strong>gloriae,</strong></span> <span class='ocrx_word' id='word_1_472' title='bbox 1327 4271 1395 4327; x_wconf 89' lang='lat' dir='ltr'><strong>ad</strong></span> <span class='ocrx_word' id='word_1_473' title='bbox 1416 4287 1580 4342; x_wconf 90' lang='lat' dir='ltr'><strong>quam</strong></span> <span class='ocrx_word' id='word_1_474' title='bbox 1614 4272 1988 4343; x_wconf 88' lang='lat' dir='ltr'><strong>pervenerint,</strong></span> <span class='ocrx_word' id='word_1_475' title='bbox 2025 4272 2125 4327; x_wconf 88' lang='lat' dir='ltr'><strong>de-</strong></span> 
     </span>
    </p>
   </div>
   <div class='ocr_carea' id='block_1_62' title="bbox 533 4364 2124 4437">
    <p class='ocr_par' dir='ltr' id='par_1_62' title="bbox 533 4364 2124 4437">
     <span class='ocr_line' id='line_1_62' title="bbox 533 4364 2124 4437; baseline 0.001 -20"><span class='ocrx_word' id='word_1_476' title='bbox 533 4364 824 4419; x_wconf 89' lang='lat' dir='ltr'><strong>fectionem</strong></span> <span class='ocrx_word' id='word_1_477' title='bbox 845 4380 977 4421; x_wconf 91' lang='lat' dir='ltr'><strong>vero</strong></span> <span class='ocrx_word' id='word_1_478' title='bbox 1003 4365 1272 4421; x_wconf 81' lang='lat' dir='ltr'><strong>subvertit</strong></span> <span class='ocrx_word' id='word_1_479' title='bbox 1294 4365 1348 4419; x_wconf 92' lang='lat' dir='ltr'><strong>in</strong></span> <span class='ocrx_word' id='word_1_480' title='bbox 1367 4379 1454 4432; x_wconf 89' lang='lat' dir='ltr'><strong>eo,</strong></span> <span class='ocrx_word' id='word_1_481' title='bbox 1479 4365 1625 4435; x_wconf 92' lang='lat' dir='ltr'><strong>quod</strong></span> <span class='ocrx_word' id='word_1_482' title='bbox 1647 4366 1874 4437; x_wconf 76' lang='lat' dir='ltr'><strong>gratiam</strong></span> <span class='ocrx_word' id='word_1_483' title='bbox 1902 4365 2124 4435; x_wconf 88' lang='lat' dir='ltr'><strong>quidem</strong></span> 
     </span>
    </p>
   </div>
   <div class='ocr_carea' id='block_1_63' title="bbox 531 4455 2126 4527">
    <p class='ocr_par' dir='ltr' id='par_1_63' title="bbox 531 4455 2126 4527">
     <span class='ocr_line' id='line_1_63' title="bbox 531 4455 2126 4527; baseline 0.003 -19"><span class='ocrx_word' id='word_1_484' title='bbox 531 4455 760 4524; x_wconf 82' lang='lat' dir='ltr'><strong>ejusque</strong></span> <span class='ocrx_word' id='word_1_485' title='bbox 800 4471 1083 4526; x_wconf 70' lang='lat' dir='ltr'><strong>praecones</strong></span> <span class='ocrx_word' id='word_1_486' title='bbox 1138 4456 1382 4527; x_wconf 89' lang='lat' dir='ltr'><strong>potiores</strong></span> <span class='ocrx_word' id='word_1_487' title='bbox 1427 4464 1631 4527; x_wconf 89' lang='lat' dir='ltr'><strong>partes,</strong></span> <span class='ocrx_word' id='word_1_488' title='bbox 1699 4456 1969 4512; x_wconf 89' lang='lat' dir='ltr'><strong>secundas</strong></span> <span class='ocrx_word' id='word_1_489' title='bbox 1994 4472 2126 4512; x_wconf 84' lang='lat' dir='ltr'><strong>vero</strong></span> 
     </span>
    </p>
   </div>
   <div class='ocr_carea' id='block_1_64' title="bbox 2216 1967 3794 2045">
    <p class='ocr_par' dir='ltr' id='par_1_64' title="bbox 2216 1967 3794 2045">
     <span class='ocr_line' id='line_1_64' title="bbox 2216 1967 3794 2045; baseline -0.002 -17"><span class='ocrx_word' id='word_1_490' title='bbox 2216 1974 2399 2041; x_wconf 77' lang='grc' dir='ltr'>ἄλλον,</span> <span class='ocrx_word' id='word_1_491' title='bbox 2431 1974 2560 2037; x_wconf 81' lang='grc' dir='ltr'>τοὺς</span> <span class='ocrx_word' id='word_1_492' title='bbox 2596 1972 2697 2044; x_wconf 68' lang='grc' dir='ltr'>μὲν</span> <span class='ocrx_word' id='word_1_493' title='bbox 2718 1974 2826 2028; x_wconf 85' lang='grc' dir='ltr'>τῶν</span> <span class='ocrx_word' id='word_1_494' title='bbox 2854 1972 3162 2045; x_wconf 78' lang='grc' dir='ltr'>ἀνθρώπων</span> <span class='ocrx_word' id='word_1_495' title='bbox 3203 1967 3344 2027; x_wconf 75' lang='grc' dir='ltr'>εἶναι</span> <span class='ocrx_word' id='word_1_496' title='bbox 3375 1971 3638 2040; x_wconf 80' lang='grc' dir='ltr'>ἀγαθοὺς,</span> <span class='ocrx_word' id='word_1_497' title='bbox 3669 1972 3794 2035; x_wconf 79' lang='grc' dir='ltr'>τοὺς</span> 
     </span>
    </p>
   </div>
   <div class='ocr_carea' id='block_1_65' title="bbox 2214 2062 3795 2138">
    <p class='ocr_par' dir='ltr' id='par_1_65' title="bbox 2214 2062 3795 2138">
     <span class='ocr_line' id='line_1_65' title="bbox 2214 2062 3795 2138; baseline -0.003 -18"><span class='ocrx_word' id='word_1_498' title='bbox 2214 2067 2270 2120; x_wconf 83' lang='grc' dir='ltr'>δὲ</span> <span class='ocrx_word' id='word_1_499' title='bbox 2296 2066 2538 2138; x_wconf 80' lang='grc' dir='ltr'>καθορᾷν</span> <span class='ocrx_word' id='word_1_500' title='bbox 2566 2064 2889 2131; x_wconf 77' lang='grc' dir='ltr'>νενευκότας</span> <span class='ocrx_word' id='word_1_501' title='bbox 2935 2068 3016 2130; x_wconf 79' lang='grc' dir='ltr'>εἰς</span> <span class='ocrx_word' id='word_1_502' title='bbox 3042 2065 3102 2120; x_wconf 80' lang='grc' dir='ltr'>τὸ</span> <span class='ocrx_word' id='word_1_503' title='bbox 3137 2064 3398 2136; x_wconf 75' lang='grc' dir='ltr'>πονηρὸν,</span> <span class='ocrx_word' id='word_1_504' title='bbox 3430 2062 3645 2136; x_wconf 82' lang='grc' dir='ltr'>ὥσπερ,</span> <span class='ocrx_word' id='word_1_505' title='bbox 3683 2063 3795 2116; x_wconf 85' lang='grc' dir='ltr'>είθε</span> 
     </span>
    </p>
   </div>
   <div class='ocr_carea' id='block_1_66' title="bbox 2213 2155 3795 2228">
    <p class='ocr_par' dir='ltr' id='par_1_66' title="bbox 2213 2155 3795 2228">
     <span class='ocr_line' id='line_1_66' title="bbox 2213 2155 3795 2228; baseline -0.001 -18"><span class='ocrx_word' id='word_1_506' title='bbox 2213 2158 2270 2210; x_wconf 79' lang='grc' dir='ltr'>δὲ</span> <span class='ocrx_word' id='word_1_507' title='bbox 2311 2155 2388 2228; x_wconf 77' lang='grc' dir='ltr'>μὴ</span> <span class='ocrx_word' id='word_1_508' title='bbox 2417 2156 2651 2225; x_wconf 78' lang='grc' dir='ltr'>ὤφειλε,</span> <span class='ocrx_word' id='word_1_509' title='bbox 2688 2155 2784 2211; x_wconf 77' lang='grc' dir='ltr'>καὶ</span> <span class='ocrx_word' id='word_1_510' title='bbox 2820 2156 2987 2227; x_wconf 77' lang='grc' dir='ltr'>ὑμᾶς.</span> <span class='ocrx_word' id='word_1_511' title='bbox 3033 2155 3104 2209; x_wconf 82' lang='grc' dir='ltr'><strong>Ἦ</strong></span> <span class='ocrx_word' id='word_1_512' title='bbox 3133 2155 3243 2228; x_wconf 82' lang='grc' dir='ltr'>γὰρ</span> <span class='ocrx_word' id='word_1_513' title='bbox 3283 2158 3341 2209; x_wconf 79' lang='grc' dir='ltr'><strong>έν</strong></span> <span class='ocrx_word' id='word_1_514' title='bbox 3397 2158 3519 2220; x_wconf 87' lang='grc' dir='ltr'>ταῖς</span> <span class='ocrx_word' id='word_1_515' title='bbox 3564 2155 3795 2227; x_wconf 78' lang='grc' dir='ltr'>πράξεσι</span> 
     </span>
    </p>
   </div>
   <div class='ocr_carea' id='block_1_67' title="bbox 2215 2245 3795 2320">
    <p class='ocr_par' dir='ltr' id='par_1_67' title="bbox 2215 2245 3795 2320">
     <span class='ocr_line' id='line_1_67' title="bbox 2215 2245 3795 2320; baseline -0.003 -18"><span class='ocrx_word' id='word_1_516' title='bbox 2215 2250 2310 2303; x_wconf 74' lang='grc' dir='ltr'><strong>καὶ</strong></span> <span class='ocrx_word' id='word_1_517' title='bbox 2337 2248 2605 2319; x_wconf 84' lang='grc' dir='ltr'>δόγμασιν</span> <span class='ocrx_word' id='word_1_518' title='bbox 2632 2247 2790 2319; x_wconf 86' lang='grc' dir='ltr'>ὑμῶν</span> <span class='ocrx_word' id='word_1_519' title='bbox 2835 2246 2944 2302; x_wconf 85' lang='grc' dir='ltr'>ἀπὸ</span> <span class='ocrx_word' id='word_1_520' title='bbox 2972 2246 3200 2320; x_wconf 81' lang='grc' dir='ltr'>γνώμης</span> <span class='ocrx_word' id='word_1_521' title='bbox 3226 2245 3486 2317; x_wconf 88' lang='grc' dir='ltr'>πονηρία,</span> <span class='ocrx_word' id='word_1_522' title='bbox 3515 2245 3795 2316; x_wconf 78' lang='grc' dir='ltr'>διέσχισεν</span> 
     </span>
    </p>
   </div>
   <div class='ocr_carea' id='block_1_68' title="bbox 2215 2339 3795 2413">
    <p class='ocr_par' dir='ltr' id='par_1_68' title="bbox 2215 2339 3795 2413">
     <span class='ocr_line' id='line_1_68' title="bbox 2215 2339 3795 2413; baseline 0 -19"><span class='ocrx_word' id='word_1_523' title='bbox 2215 2342 2360 2411; x_wconf 81' lang='grc' dir='ltr'>ὑμᾶς</span> <span class='ocrx_word' id='word_1_524' title='bbox 2392 2342 2493 2413; x_wconf 84' lang='grc' dir='ltr'>τῆς</span> <span class='ocrx_word' id='word_1_525' title='bbox 2528 2341 2731 2412; x_wconf 79' lang='grc' dir='ltr'>ἀγέλης</span> <span class='ocrx_word' id='word_1_526' title='bbox 2779 2340 2890 2394; x_wconf 85' lang='grc' dir='ltr'><strong>τῶν</strong></span> <span class='ocrx_word' id='word_1_527' title='bbox 2929 2340 3173 2409; x_wconf 82' lang='grc' dir='ltr'>ἀγαθῶν,</span> <span class='ocrx_word' id='word_1_528' title='bbox 3218 2339 3657 2412; x_wconf 83' lang='grc' dir='ltr'>προδιασχίσασα</span> <span class='ocrx_word' id='word_1_529' title='bbox 3698 2339 3795 2409; x_wconf 75' lang='grc' dir='ltr'>τῆς</span> 
     </span>
    </p>
   </div>
   <div class='ocr_carea' id='block_1_69' title="bbox 2215 2432 3798 2505">
    <p class='ocr_par' dir='ltr' id='par_1_69' title="bbox 2215 2432 3798 2505">
     <span class='ocr_line' id='line_1_69' title="bbox 2215 2432 3798 2505; baseline -0.001 -19"><span class='ocrx_word' id='word_1_530' title='bbox 2215 2433 2594 2505; x_wconf 88' lang='grc' dir='ltr'>προαιρέσεως</span> <span class='ocrx_word' id='word_1_531' title='bbox 2613 2433 2715 2504; x_wconf 82' lang='grc' dir='ltr'>τῆς</span> <span class='ocrx_word' id='word_1_532' title='bbox 2748 2432 3121 2502; x_wconf 75' lang='grc' dir='ltr'>ἀγαθοειδοῦς.</span> <span class='ocrx_word' id='word_1_533' title='bbox 3165 2433 3258 2487; x_wconf 84' lang='grc' dir='ltr'>Διδ</span> <span class='ocrx_word' id='word_1_534' title='bbox 3288 2432 3384 2487; x_wconf 73' lang='grc' dir='ltr'>καὶ</span> <span class='ocrx_word' id='word_1_535' title='bbox 3411 2435 3459 2487; x_wconf 77' lang='grc' dir='ltr'>οἱ</span> <span class='ocrx_word' id='word_1_536' title='bbox 3496 2434 3598 2504; x_wconf 78' lang='grc' dir='ltr'>μὲν</span> <span class='ocrx_word' id='word_1_537' title='bbox 3629 2433 3798 2503; x_wconf 82' lang='grc' dir='ltr'>κήρυ-</span> 
     </span>
    </p>
   </div>
   <div class='ocr_carea' id='block_1_70' title="bbox 2216 2523 3797 2597">
    <p class='ocr_par' dir='ltr' id='par_1_70' title="bbox 2216 2523 3797 2597">
     <span class='ocr_line' id='line_1_70' title="bbox 2216 2523 3797 2597; baseline -0.003 -18"><span class='ocrx_word' id='word_1_538' title='bbox 2216 2526 2312 2588; x_wconf 85' lang='grc' dir='ltr'><strong>κές</strong></span> <span class='ocrx_word' id='word_1_539' title='bbox 2353 2527 2460 2579; x_wconf 75' lang='grc' dir='ltr'>εισι</span> <span class='ocrx_word' id='word_1_540' title='bbox 2503 2525 2602 2596; x_wconf 81' lang='grc' dir='ltr'>τῆς</span> <span class='ocrx_word' id='word_1_541' title='bbox 2649 2524 2991 2596; x_wconf 78' lang='grc' dir='ltr'>ἁγαθότητος</span> <span class='ocrx_word' id='word_1_542' title='bbox 3035 2525 3130 2579; x_wconf 84' lang='grc' dir='ltr'>τοῦ</span> <span class='ocrx_word' id='word_1_543' title='bbox 3165 2524 3511 2597; x_wconf 83' lang='grc' dir='ltr'>Δημιουργοῦ</span> <span class='ocrx_word' id='word_1_544' title='bbox 3539 2541 3554 2556; x_wconf 88' lang='grc'><strong>·</strong></span> <span class='ocrx_word' id='word_1_545' title='bbox 3593 2523 3797 2578; x_wconf 77' lang='grc' dir='ltr'>καὶτὸν</span> 
     </span>
    </p>
   </div>
   <div class='ocr_carea' id='block_1_71' title="bbox 2220 2615 3797 2687">
    <p class='ocr_par' dir='ltr' id='par_1_71' title="bbox 2220 2615 3797 2687">
     <span class='ocr_line' id='line_1_71' title="bbox 2220 2615 3797 2687; baseline -0.001 -17"><span class='ocrx_word' id='word_1_546' title='bbox 2220 2616 2431 2672; x_wconf 80' lang='grc' dir='ltr'>ἑαυτῶν</span> <span class='ocrx_word' id='word_1_547' title='bbox 2460 2617 2783 2671; x_wconf 83' lang='grc' dir='ltr'>ἐπίστανται</span> <span class='ocrx_word' id='word_1_548' title='bbox 2841 2617 2936 2671; x_wconf 83' lang='grc' dir='ltr'>καὶ</span> <span class='ocrx_word' id='word_1_549' title='bbox 2990 2616 3309 2682; x_wconf 77' lang='grc' dir='ltr'>δοξάζουσιν</span> <span class='ocrx_word' id='word_1_550' title='bbox 3358 2616 3626 2687; x_wconf 82' lang='grc' dir='ltr'>πλάστην,</span> <span class='ocrx_word' id='word_1_551' title='bbox 3670 2615 3797 2669; x_wconf 70' lang='grc' dir='ltr'>οἶδὲ</span> 
     </span>
    </p>
   </div>
   <div class='ocr_carea' id='block_1_72' title="bbox 2220 2704 3796 2777">
    <p class='ocr_par' dir='ltr' id='par_1_72' title="bbox 2220 2704 3796 2777">
     <span class='ocr_line' id='line_1_72' title="bbox 2220 2704 3796 2777; baseline 0 -20"><span class='ocrx_word' id='word_1_552' title='bbox 2220 2705 2357 2777; x_wconf 77' lang='grc' dir='ltr'>πρὸς</span> <span class='ocrx_word' id='word_1_553' title='bbox 2378 2706 2632 2776; x_wconf 79' lang='grc' dir='ltr'>διαὸολὴν</span> <span class='ocrx_word' id='word_1_554' title='bbox 2680 2704 2847 2760; x_wconf 79' lang='grc' dir='ltr'>αὐτοῦ</span> <span class='ocrx_word' id='word_1_555' title='bbox 2880 2706 2975 2759; x_wconf 74' lang='grc' dir='ltr'>καὶ</span> <span class='ocrx_word' id='word_1_556' title='bbox 3004 2709 3119 2769; x_wconf 82' lang='grc' dir='ltr'>τοῖς</span> <span class='ocrx_word' id='word_1_557' title='bbox 3166 2706 3568 2777; x_wconf 77' lang='grc' dir='ltr'>ἐπιτηδεύμασι</span> <span class='ocrx_word' id='word_1_558' title='bbox 3599 2706 3694 2760; x_wconf 77' lang='grc' dir='ltr'>καὶ</span> <span class='ocrx_word' id='word_1_559' title='bbox 3730 2706 3796 2775; x_wconf 75' lang='grc' dir='ltr'>τῇ</span> 
     </span>
    </p>
   </div>
   <div class='ocr_carea' id='block_1_73' title="bbox 2219 2794 3799 2869">
    <p class='ocr_par' dir='ltr' id='par_1_73' title="bbox 2219 2794 3799 2869">
     <span class='ocr_line' id='line_1_73' title="bbox 2219 2794 3799 2869; baseline 0.001 -19"><span class='ocrx_word' id='word_1_560' title='bbox 2219 2794 2438 2869; x_wconf 80' lang='grc' dir='ltr'>γλώττῃ</span> <span class='ocrx_word' id='word_1_561' title='bbox 2469 2795 2883 2869; x_wconf 83' lang='grc' dir='ltr'>κατασύραντες</span> <span class='ocrx_word' id='word_1_562' title='bbox 2915 2798 3169 2863; x_wconf 79' lang='grc' dir='ltr'>ὲξιστῶσι</span> <span class='ocrx_word' id='word_1_563' title='bbox 3212 2798 3313 2869; x_wconf 83' lang='grc' dir='ltr'>μὲν</span> <span class='ocrx_word' id='word_1_564' title='bbox 3342 2797 3509 2853; x_wconf 77' lang='grc' dir='ltr'>αὐτοῦ</span> <span class='ocrx_word' id='word_1_565' title='bbox 3531 2798 3634 2868; x_wconf 78' lang='grc' dir='ltr'>τῆς</span> <span class='ocrx_word' id='word_1_566' title='bbox 3666 2799 3799 2866; x_wconf 86' lang='grc' dir='ltr'>ἁγα-</span> 
     </span>
    </p>
   </div>
   <div class='ocr_carea' id='block_1_74' title="bbox 2222 2888 3800 2963">
    <p class='ocr_par' dir='ltr' id='par_1_74' title="bbox 2222 2888 3800 2963">
     <span class='ocr_line' id='line_1_74' title="bbox 2222 2888 3800 2963; baseline 0.001 -20"><span class='ocrx_word' id='word_1_567' title='bbox 2222 2888 2467 2961; x_wconf 87' lang='grc' dir='ltr'>θότητος,</span> <span class='ocrx_word' id='word_1_568' title='bbox 2496 2889 2592 2943; x_wconf 76' lang='grc' dir='ltr'>καὶ</span> <span class='ocrx_word' id='word_1_569' title='bbox 2626 2889 2875 2955; x_wconf 80' lang='grc' dir='ltr'><strong>πλάσεως</strong></span> <span class='ocrx_word' id='word_1_570' title='bbox 2915 2892 3009 2945; x_wconf 75' lang='grc' dir='ltr'>καὶ</span> <span class='ocrx_word' id='word_1_571' title='bbox 3040 2890 3363 2963; x_wconf 82' lang='grc' dir='ltr'>κυριότητος</span> <span class='ocrx_word' id='word_1_572' title='bbox 3416 2892 3667 2957; x_wconf 77' lang='grc' dir='ltr'>ἑαυτοὺς,</span> <span class='ocrx_word' id='word_1_573' title='bbox 3704 2892 3800 2945; x_wconf 85' lang='grc' dir='ltr'><strong>ὑπ-</strong></span> 
     </span>
    </p>
   </div>
   <div class='ocr_carea' id='block_1_75' title="bbox 2220 2982 3798 3057">
    <p class='ocr_par' dir='ltr' id='par_1_75' title="bbox 2220 2982 3798 3057">
     <span class='ocr_line' id='line_1_75' title="bbox 2220 2982 3798 3057; baseline 0.001 -21"><span class='ocrx_word' id='word_1_574' title='bbox 2220 2982 2500 3049; x_wconf 79' lang='grc' dir='ltr'>εξουσίους</span> <span class='ocrx_word' id='word_1_575' title='bbox 2520 2982 2598 3049; x_wconf 80' lang='grc' dir='ltr'>δὲ,</span> <span class='ocrx_word' id='word_1_576' title='bbox 2627 2982 2673 3035; x_wconf 86' lang='grc' dir='ltr'><strong>ὣ</strong></span> <span class='ocrx_word' id='word_1_577' title='bbox 2703 2982 2822 3046; x_wconf 86' lang='grc' dir='ltr'><strong>πῶς</strong></span> <span class='ocrx_word' id='word_1_578' title='bbox 2850 2982 2916 3037; x_wconf 83' lang='grc' dir='ltr'>ἂν</span> <span class='ocrx_word' id='word_1_579' title='bbox 2945 2984 3088 3038; x_wconf 77' lang='grc' dir='ltr'>εἷποι</span> <span class='ocrx_word' id='word_1_580' title='bbox 3110 3002 3193 3049; x_wconf 87' lang='grc' dir='ltr'><strong>τις</strong></span> <span class='ocrx_word' id='word_1_581' title='bbox 3225 2985 3325 3057; x_wconf 80' lang='grc' dir='ltr'>τῆς</span> <span class='ocrx_word' id='word_1_582' title='bbox 3362 2984 3720 3055; x_wconf 86' lang='grc' dir='ltr'>ἀναλγησίας,</span> <span class='ocrx_word' id='word_1_583' title='bbox 3766 2984 3798 3055; x_wconf 81' lang='grc' dir='ltr'>ἢ</span> 
     </span>
    </p>
   </div>
   <div class='ocr_carea' id='block_1_76' title="bbox 2221 3075 3801 3149">
    <p class='ocr_par' dir='ltr' id='par_1_76' title="bbox 2221 3075 3801 3149">
     <span class='ocr_line' id='line_1_76' title="bbox 2221 3075 3801 3149; baseline 0 -19"><span class='ocrx_word' id='word_1_584' title='bbox 2221 3078 2321 3148; x_wconf 78' lang='grc' dir='ltr'><strong>τῆς</strong></span> <span class='ocrx_word' id='word_1_585' title='bbox 2352 3075 2688 3148; x_wconf 79' lang='grc' dir='ltr'>ὲμπληξίαςῐ</span> <span class='ocrx_word' id='word_1_586' title='bbox 2750 3077 3235 3149; x_wconf 77' lang='grc' dir='ltr'>παρασκευάζουσι</span> <span class='ocrx_word' id='word_1_587' title='bbox 3299 3080 3438 3147; x_wconf 81' lang='grc' dir='ltr'>σφᾶς</span> <span class='ocrx_word' id='word_1_588' title='bbox 3484 3078 3683 3141; x_wconf 79' lang='grc' dir='ltr'>αὐτοὺς</span> <span class='ocrx_word' id='word_1_589' title='bbox 3707 3078 3801 3149; x_wconf 76' lang='grc' dir='ltr'>τῆς</span> 
     </span>
    </p>
   </div>
   <div class='ocr_carea' id='block_1_77' title="bbox 2222 3168 3801 3241">
    <p class='ocr_par' dir='ltr' id='par_1_77' title="bbox 2222 3168 3801 3241">
     <span class='ocr_line' id='line_1_77' title="bbox 2222 3168 3801 3241; baseline -0.001 -19"><span class='ocrx_word' id='word_1_590' title='bbox 2222 3168 2522 3222; x_wconf 80' lang='grc' dir='ltr'>ἀντιπάλου</span> <span class='ocrx_word' id='word_1_591' title='bbox 2564 3169 2663 3222; x_wconf 73' lang='grc' dir='ltr'><strong>καὶ</strong></span> <span class='ocrx_word' id='word_1_592' title='bbox 2711 3168 2982 3239; x_wconf 85' lang='grc' dir='ltr'>πολεμίας</span> <span class='ocrx_word' id='word_1_593' title='bbox 3043 3169 3247 3241; x_wconf 77' lang='grc' dir='ltr'>χειρός.</span> <span class='ocrx_word' id='word_1_594' title='bbox 3301 3170 3457 3223; x_wconf 69' lang='grc' dir='ltr'>Ἐπεὶ</span> <span class='ocrx_word' id='word_1_595' title='bbox 3506 3169 3562 3224; x_wconf 81' lang='grc' dir='ltr'>εἷ</span> <span class='ocrx_word' id='word_1_596' title='bbox 3607 3187 3692 3233; x_wconf 87' lang='grc' dir='ltr'><strong>τις</strong></span> <span class='ocrx_word' id='word_1_597' title='bbox 3741 3186 3801 3237; x_wconf 87' lang='grc' dir='ltr'><strong>γε</strong></span> 
     </span>
    </p>
   </div>
   <div class='ocr_carea' id='block_1_78' title="bbox 2224 3260 3800 3335">
    <p class='ocr_par' dir='ltr' id='par_1_78' title="bbox 2224 3260 3800 3335">
     <span class='ocr_line' id='line_1_78' title="bbox 2224 3260 3800 3335; baseline -0.001 -20"><span class='ocrx_word' id='word_1_598' title='bbox 2224 3261 2470 3332; x_wconf 86' lang='grc' dir='ltr'>βούλοιτο</span> <span class='ocrx_word' id='word_1_599' title='bbox 2506 3261 2770 3328; x_wconf 87' lang='grc' dir='ltr'>συνιέναι,</span> <span class='ocrx_word' id='word_1_600' title='bbox 2796 3264 2825 3315; x_wconf 89' lang='grc' dir='ltr'><strong>ό</strong></span> <span class='ocrx_word' id='word_1_601' title='bbox 2864 3261 2930 3315; x_wconf 82' lang='grc' dir='ltr'>ὲκ</span> <span class='ocrx_word' id='word_1_602' title='bbox 2954 3261 3136 3333; x_wconf 78' lang='grc' dir='ltr'>ψυχῆς</span> <span class='ocrx_word' id='word_1_603' title='bbox 3181 3263 3475 3335; x_wconf 80' lang='grc' dir='ltr'>προφέρων</span> <span class='ocrx_word' id='word_1_604' title='bbox 3503 3262 3573 3317; x_wconf 82' lang='grc' dir='ltr'>τὰ</span> <span class='ocrx_word' id='word_1_605' title='bbox 3606 3260 3800 3331; x_wconf 69' lang='grc' dir='ltr'>ἀγαθὰ,</span> 
     </span>
    </p>
   </div>
   <div class='ocr_carea' id='block_1_79' title="bbox 2220 3352 3801 3425">
    <p class='ocr_par' dir='ltr' id='par_1_79' title="bbox 2220 3352 3801 3425">
     <span class='ocr_line' id='line_1_79' title="bbox 2220 3352 3801 3425; baseline 0 -19"><span class='ocrx_word' id='word_1_606' title='bbox 2220 3352 2382 3407; x_wconf 84' lang='grc' dir='ltr'>τοῦτο</span> <span class='ocrx_word' id='word_1_607' title='bbox 2428 3352 2539 3423; x_wconf 87' lang='grc' dir='ltr'>γὰρ</span> <span class='ocrx_word' id='word_1_608' title='bbox 2574 3353 2668 3407; x_wconf 83' lang='grc' dir='ltr'><strong>νῦν</strong></span> <span class='ocrx_word' id='word_1_609' title='bbox 2706 3354 2741 3425; x_wconf 82' lang='grc' dir='ltr'>ἡ</span> <span class='ocrx_word' id='word_1_610' title='bbox 2785 3353 2984 3425; x_wconf 83' lang='grc' dir='ltr'>καρδία</span> <span class='ocrx_word' id='word_1_611' title='bbox 3039 3354 3211 3425; x_wconf 83' lang='grc' dir='ltr'>δηλοῖ,</span> <span class='ocrx_word' id='word_1_612' title='bbox 3260 3354 3379 3419; x_wconf 86' lang='grc' dir='ltr'><strong>πῶς</strong></span> <span class='ocrx_word' id='word_1_613' title='bbox 3404 3355 3469 3409; x_wconf 83' lang='grc' dir='ltr'>ἂν</span> <span class='ocrx_word' id='word_1_614' title='bbox 3506 3354 3541 3424; x_wconf 80' lang='grc' dir='ltr'><strong>ἦ</strong></span> <span class='ocrx_word' id='word_1_615' title='bbox 3581 3354 3664 3419; x_wconf 89' lang='grc' dir='ltr'><strong>τίς</strong></span> <span class='ocrx_word' id='word_1_616' title='bbox 3718 3355 3801 3424; x_wconf 72' lang='grc' dir='ltr'><strong>εἴη</strong></span> 
     </span>
    </p>
   </div>
   <div class='ocr_carea' id='block_1_80' title="bbox 2221 3447 3802 3522">
    <p class='ocr_par' dir='ltr' id='par_1_80' title="bbox 2221 3447 3802 3522">
     <span class='ocr_line' id='line_1_80' title="bbox 2221 3447 3802 3522; baseline -0.001 -20"><span class='ocrx_word' id='word_1_617' title='bbox 2221 3447 2448 3516; x_wconf 80' lang='grc' dir='ltr'>ἀγαθὸς,</span> <span class='ocrx_word' id='word_1_618' title='bbox 2484 3448 2532 3501; x_wconf 79' lang='grc' dir='ltr'>εἰ</span> <span class='ocrx_word' id='word_1_619' title='bbox 2580 3447 2657 3520; x_wconf 80' lang='grc' dir='ltr'>μὴ</span> <span class='ocrx_word' id='word_1_620' title='bbox 2709 3449 2831 3503; x_wconf 86' lang='grc' dir='ltr'>ὅλον</span> <span class='ocrx_word' id='word_1_621' title='bbox 2881 3448 3100 3517; x_wconf 82' lang='grc' dir='ltr'>λέγοιτο</span> <span class='ocrx_word' id='word_1_622' title='bbox 3121 3449 3185 3502; x_wconf 69' lang='grc' dir='ltr'><strong>τὸ</strong></span> <span class='ocrx_word' id='word_1_623' title='bbox 3230 3448 3515 3522; x_wconf 84' lang='grc' dir='ltr'>σύγκριμα</span> <span class='ocrx_word' id='word_1_624' title='bbox 3565 3448 3802 3517; x_wconf 86' lang='grc' dir='ltr'>ἀγαθόν;</span> 
     </span>
    </p>
   </div>
   <div class='ocr_carea' id='block_1_81' title="bbox 2223 3539 3800 3614">
    <p class='ocr_par' dir='ltr' id='par_1_81' title="bbox 2223 3539 3800 3614">
     <span class='ocr_line' id='line_1_81' title="bbox 2223 3539 3800 3614; baseline 0.001 -22"><span class='ocrx_word' id='word_1_625' title='bbox 2223 3539 2414 3611; x_wconf 82' lang='grc' dir='ltr'>ὥσπερ</span> <span class='ocrx_word' id='word_1_626' title='bbox 2434 3541 2596 3597; x_wconf 81' lang='grc' dir='ltr'>πάλιν</span> <span class='ocrx_word' id='word_1_627' title='bbox 2624 3540 2747 3596; x_wconf 87' lang='grc' dir='ltr'>ὅλον</span> <span class='ocrx_word' id='word_1_628' title='bbox 2773 3542 3010 3614; x_wconf 85' lang='grc' dir='ltr'>πονηρὸν</span> <span class='ocrx_word' id='word_1_629' title='bbox 3030 3543 3209 3597; x_wconf 78' lang='grc' dir='ltr'>έκεῖνο</span> <span class='ocrx_word' id='word_1_630' title='bbox 3254 3541 3317 3607; x_wconf 76' lang='grc' dir='ltr'><strong>τὸ</strong></span> <span class='ocrx_word' id='word_1_631' title='bbox 3344 3540 3649 3613; x_wconf 82' lang='grc' dir='ltr'>σύγκριμα,</span> <span class='ocrx_word' id='word_1_632' title='bbox 3681 3542 3709 3594; x_wconf 84' lang='grc' dir='ltr'><strong>ὃ</strong></span> <span class='ocrx_word' id='word_1_633' title='bbox 3736 3542 3800 3593; x_wconf 77' lang='grc' dir='ltr'>ὲκ</span> 
     </span>
    </p>
   </div>
   <div class='ocr_carea' id='block_1_82' title="bbox 2222 3634 3801 3708">
    <p class='ocr_par' dir='ltr' id='par_1_82' title="bbox 2222 3634 3801 3708">
     <span class='ocr_line' id='line_1_82' title="bbox 2222 3634 3801 3708; baseline 0.001 -21"><span class='ocrx_word' id='word_1_634' title='bbox 2222 3634 2324 3705; x_wconf 82' lang='grc' dir='ltr'>τῆς</span> <span class='ocrx_word' id='word_1_635' title='bbox 2351 3634 2489 3698; x_wconf 80' lang='grc' dir='ltr'>ἰδίας</span> <span class='ocrx_word' id='word_1_636' title='bbox 2516 3634 2698 3705; x_wconf 78' lang='grc' dir='ltr'>ψυχῆς</span> <span class='ocrx_word' id='word_1_637' title='bbox 2726 3636 2787 3691; x_wconf 83' lang='grc' dir='ltr'>τὸ</span> <span class='ocrx_word' id='word_1_638' title='bbox 2815 3635 3323 3708; x_wconf 73' lang='grc' dir='ltr'>τεθησαυρισμένον</span> <span class='ocrx_word' id='word_1_639' title='bbox 3347 3636 3613 3708; x_wconf 80' lang='grc' dir='ltr'>προφέρει</span> <span class='ocrx_word' id='word_1_640' title='bbox 3644 3652 3801 3705; x_wconf 79' lang='grc' dir='ltr'>πονηο</span> 
     </span>
    </p>
   </div>
   <div class='ocr_carea' id='block_1_83' title="bbox 2228 3727 3800 3802">
    <p class='ocr_par' dir='ltr' id='par_1_83' title="bbox 2228 3727 3800 3802">
     <span class='ocr_line' id='line_1_83' title="bbox 2228 3727 3800 3802; baseline -0.002 -21"><span class='ocrx_word' id='word_1_641' title='bbox 2228 3727 2343 3799; x_wconf 89' lang='grc' dir='ltr'>ρόν.</span> <span class='ocrx_word' id='word_1_642' title='bbox 2382 3728 2497 3800; x_wconf 87' lang='grc' dir='ltr'>Ούχ</span> <span class='ocrx_word' id='word_1_643' title='bbox 2528 3727 2641 3802; x_wconf 86' lang='grc' dir='ltr'>ὁρῶ</span> <span class='ocrx_word' id='word_1_644' title='bbox 2678 3728 2735 3782; x_wconf 82' lang='grc' dir='ltr'>δὲ</span> <span class='ocrx_word' id='word_1_645' title='bbox 2786 3729 2911 3783; x_wconf 84' lang='grc' dir='ltr'>τίνα</span> <span class='ocrx_word' id='word_1_646' title='bbox 2966 3727 3302 3801; x_wconf 85' lang='grc' dir='ltr'>συγγνώμην</span> <span class='ocrx_word' id='word_1_647' title='bbox 3354 3728 3541 3793; x_wconf 84' lang='grc' dir='ltr'>αὐτοῖς</span> <span class='ocrx_word' id='word_1_648' title='bbox 3596 3727 3800 3780; x_wconf 70' lang='grc' dir='ltr'>ύπολείυ</span> 
     </span>
    </p>
   </div>
   <div class='ocr_carea' id='block_1_84' title="bbox 2226 3812 3803 3892">
    <p class='ocr_par' dir='ltr' id='par_1_84' title="bbox 2226 3812 3803 3892">
     <span class='ocr_line' id='line_1_84' title="bbox 2226 3812 3803 3892; baseline -0.001 -19"><span class='ocrx_word' id='word_1_649' title='bbox 2226 3836 2445 3886; x_wconf 88' lang='grc' dir='ltr'>πονται,</span> <span class='ocrx_word' id='word_1_650' title='bbox 2495 3820 2700 3891; x_wconf 76' lang='grc' dir='ltr'>μᾶλλον</span> <span class='ocrx_word' id='word_1_651' title='bbox 2728 3821 2785 3875; x_wconf 81' lang='grc' dir='ltr'>δὲ</span> <span class='ocrx_word' id='word_1_652' title='bbox 2819 3821 2937 3886; x_wconf 83' lang='grc' dir='ltr'><strong>πῶς</strong></span> <span class='ocrx_word' id='word_1_653' title='bbox 2978 3820 3366 3892; x_wconf 82' lang='grc' dir='ltr'>ἀπαραίτητον</span> <span class='ocrx_word' id='word_1_654' title='bbox 3396 3821 3603 3885; x_wconf 81' lang='grc' dir='ltr'>αὐτοῖς,</span> <span class='ocrx_word' id='word_1_655' title='bbox 3640 3818 3705 3872; x_wconf 86' lang='grc' dir='ltr'><strong>δι’</strong></span> <span class='ocrx_word' id='word_1_656' title='bbox 3731 3812 3803 3872; x_wconf 85' lang='grc' dir='ltr'>ὧν</span> 
     </span>
    </p>
   </div>
   <div class='ocr_carea' id='block_1_85' title="bbox 2224 3910 3802 3984">
    <p class='ocr_par' dir='ltr' id='par_1_85' title="bbox 2224 3910 3802 3984">
     <span class='ocr_line' id='line_1_85' title="bbox 2224 3910 3802 3984; baseline -0.002 -19"><span class='ocrx_word' id='word_1_657' title='bbox 2224 3913 2352 3977; x_wconf 82' lang='grc' dir='ltr'>τοὺς</span> <span class='ocrx_word' id='word_1_658' title='bbox 2422 3914 2711 3984; x_wconf 84' lang='grc' dir='ltr'>προφήτας</span> <span class='ocrx_word' id='word_1_659' title='bbox 2765 3914 2861 3967; x_wconf 80' lang='grc' dir='ltr'>καὶ</span> <span class='ocrx_word' id='word_1_660' title='bbox 2916 3914 3009 3967; x_wconf 82' lang='grc' dir='ltr'>τὸν</span> <span class='ocrx_word' id='word_1_661' title='bbox 3061 3913 3227 3984; x_wconf 89' lang='grc' dir='ltr'>νόμον</span> <span class='ocrx_word' id='word_1_662' title='bbox 3282 3911 3679 3983; x_wconf 76' lang='grc' dir='ltr'>ἐνυϐρίζουσιν,</span> <span class='ocrx_word' id='word_1_663' title='bbox 3744 3910 3802 3963; x_wconf 80' lang='grc' dir='ltr'><strong>ού</strong></span> 
     </span>
    </p>
   </div>
   <div class='ocr_carea' id='block_1_86' title="bbox 2225 4003 3801 4077">
    <p class='ocr_par' dir='ltr' id='par_1_86' title="bbox 2225 4003 3801 4077">
     <span class='ocr_line' id='line_1_86' title="bbox 2225 4003 3801 4077; baseline -0.001 -20"><span class='ocrx_word' id='word_1_664' title='bbox 2225 4003 2696 4069; x_wconf 78' lang='grc' dir='ltr'>κατασκευάζουσι</span> <span class='ocrx_word' id='word_1_665' title='bbox 2739 4005 2800 4058; x_wconf 80' lang='grc' dir='ltr'>τὸ</span> <span class='ocrx_word' id='word_1_666' title='bbox 2857 4004 3257 4077; x_wconf 80' lang='grc' dir='ltr'>πλημμέλημα.</span> <span class='ocrx_word' id='word_1_667' title='bbox 3308 4005 3486 4070; x_wconf 82' lang='grc' dir='ltr'>Αὐτὸς</span> <span class='ocrx_word' id='word_1_668' title='bbox 3540 4004 3650 4074; x_wconf 82' lang='grc' dir='ltr'>γὰρ</span> <span class='ocrx_word' id='word_1_669' title='bbox 3678 4004 3801 4056; x_wconf 82' lang='grc' dir='ltr'>ἀνα-</span> 
     </span>
    </p>
   </div>
   <div class='ocr_carea' id='block_1_87' title="bbox 2226 4095 3800 4168">
    <p class='ocr_par' dir='ltr' id='par_1_87' title="bbox 2226 4095 3800 4168">
     <span class='ocr_line' id='line_1_87' title="bbox 2226 4095 3800 4168; baseline 0 -19"><span class='ocrx_word' id='word_1_670' title='bbox 2226 4095 2498 4167; x_wconf 86' lang='grc' dir='ltr'>κέκραγεν</span> <span class='ocrx_word' id='word_1_671' title='bbox 2531 4096 2560 4149; x_wconf 93' lang='grc' dir='ltr'><strong>ό</strong></span> <span class='ocrx_word' id='word_1_672' title='bbox 2590 4096 2781 4168; x_wconf 83' lang='grc' dir='ltr'>Σωτήρ</span> <span class='ocrx_word' id='word_1_673' title='bbox 2806 4113 2822 4129; x_wconf 81' lang='grc'><strong><em>“</em></strong></span> <span class='ocrx_word' id='word_1_674' title='bbox 2852 4098 3082 4151; x_wconf 77' lang='grc' dir='ltr'>Πολλοὶ</span> <span class='ocrx_word' id='word_1_675' title='bbox 3113 4096 3416 4167; x_wconf 72' lang='grc' dir='ltr'>προφῆται</span> <span class='ocrx_word' id='word_1_676' title='bbox 3448 4097 3550 4151; x_wconf 80' lang='grc' dir='ltr'><strong>καί</strong></span> <span class='ocrx_word' id='word_1_677' title='bbox 3570 4097 3800 4151; x_wconf 72' lang='grc' dir='ltr'>δίκαιοι·</span> 
     </span>
    </p>
   </div>
   <div class='ocr_carea' id='block_1_88' title="bbox 2224 4186 3802 4261">
    <p class='ocr_par' dir='ltr' id='par_1_88' title="bbox 2224 4186 3802 4261">
     <span class='ocr_line' id='line_1_88' title="bbox 2224 4186 3802 4261; baseline 0.002 -22"><span class='ocrx_word' id='word_1_678' title='bbox 2224 4186 2383 4258; x_wconf 82' lang='grc' dir='ltr'>δῆλον</span> <span class='ocrx_word' id='word_1_679' title='bbox 2407 4187 2464 4241; x_wconf 83' lang='grc' dir='ltr'>δὲ</span> <span class='ocrx_word' id='word_1_680' title='bbox 2489 4188 2586 4253; x_wconf 89' lang='grc' dir='ltr'><strong>ώς,</strong></span> <span class='ocrx_word' id='word_1_681' title='bbox 2622 4191 2688 4243; x_wconf 81' lang='lat' dir='ltr'><em>Ol</em></span> <span class='ocrx_word' id='word_1_682' title='bbox 2720 4188 2792 4243; x_wconf 77' lang='grc' dir='ltr'><strong>ἐν</strong></span> <span class='ocrx_word' id='word_1_683' title='bbox 2820 4188 2902 4256; x_wconf 81' lang='grc' dir='ltr'>τῷ</span> <span class='ocrx_word' id='word_1_684' title='bbox 2949 4191 3114 4261; x_wconf 81' lang='grc' dir='ltr'>νόμῳ</span> <span class='ocrx_word' id='word_1_685' title='bbox 3147 4191 3504 4259; x_wconf 61' lang='grc' dir='ltr'><strong>ὁἐπεθύμουν</strong></span> <span class='ocrx_word' id='word_1_686' title='bbox 3526 4189 3677 4245; x_wconf 70' lang='grc' dir='ltr'>ἰδεῖν</span> <span class='ocrx_word' id='word_1_687' title='bbox 3709 4188 3802 4243; x_wconf 72' lang='grc' dir='ltr'>καὶ</span> 
     </span>
    </p>
   </div>
   <div class='ocr_carea' id='block_1_89' title="bbox 2225 4278 3801 4355">
    <p class='ocr_par' dir='ltr' id='par_1_89' title="bbox 2225 4278 3801 4355">
     <span class='ocr_line' id='line_1_89' title="bbox 2225 4278 3801 4355; baseline 0.001 -22"><span class='ocrx_word' id='word_1_688' title='bbox 2225 4278 2506 4345; x_wconf 81' lang='grc' dir='ltr'>ἀκοῦσαι,</span> <span class='ocrx_word' id='word_1_689' title='bbox 2547 4279 2869 4345; x_wconf 78' lang='grc' dir='ltr'>ἄβλέπετε</span> <span class='ocrx_word' id='word_1_690' title='bbox 2911 4281 3011 4337; x_wconf 74' lang='grc' dir='ltr'>καὶ</span> <span class='ocrx_word' id='word_1_691' title='bbox 3044 4283 3319 4349; x_wconf 79' lang='grc' dir='ltr'>ἀκούετε,</span> <span class='ocrx_word' id='word_1_692' title='bbox 3370 4286 3485 4347; x_wconf 83' lang='grc' dir='ltr'>τοῖς</span> <span class='ocrx_word' id='word_1_693' title='bbox 3540 4282 3801 4355; x_wconf 81' lang='grc' dir='ltr'>μαθηταῖς</span> 
     </span>
    </p>
   </div>
   <div class='ocr_carea' id='block_1_90' title="bbox 2228 4369 3802 4447">
    <p class='ocr_par' dir='ltr' id='par_1_90' title="bbox 2228 4369 3802 4447">
     <span class='ocr_line' id='line_1_90' title="bbox 2228 4369 3802 4447; baseline 0.003 -21"><span class='ocrx_word' id='word_1_694' title='bbox 2228 4369 2349 4443; x_wconf 75' lang='grc' dir='ltr'>ἅμα</span> <span class='ocrx_word' id='word_1_695' title='bbox 2397 4389 2457 4425; x_wconf 85' lang='grc' dir='ltr'><strong>τε</strong></span> <span class='ocrx_word' id='word_1_696' title='bbox 2521 4372 2613 4426; x_wconf 76' lang='grc' dir='ltr'>τὸν</span> <span class='ocrx_word' id='word_1_697' title='bbox 2650 4372 2807 4441; x_wconf 89' lang='grc' dir='ltr'>λόγον</span> <span class='ocrx_word' id='word_1_698' title='bbox 2845 4374 3147 4445; x_wconf 86' lang='grc' dir='ltr'>προτείνων</span> <span class='ocrx_word' id='word_1_699' title='bbox 3206 4375 3428 4430; x_wconf 77' lang='grc' dir='ltr'>καὶτοῦ</span> <span class='ocrx_word' id='word_1_700' title='bbox 3477 4376 3802 4447; x_wconf 83' lang='grc' dir='ltr'>ἀξιώματος,</span> 
     </span>
    </p>
   </div>
   <div class='ocr_carea' id='block_1_91' title="bbox 2227 4461 3803 4538">
    <p class='ocr_par' dir='ltr' id='par_1_91' title="bbox 2227 4461 3803 4538">
     <span class='ocr_line' id='line_1_91' title="bbox 2227 4461 3803 4538; baseline 0.005 -24"><span class='ocrx_word' id='word_1_701' title='bbox 2227 4462 2324 4514; x_wconf 75' lang='grc' dir='ltr'>καὶ</span> <span class='ocrx_word' id='word_1_702' title='bbox 2355 4461 2457 4532; x_wconf 81' lang='grc' dir='ltr'>τῆς</span> <span class='ocrx_word' id='word_1_703' title='bbox 2501 4462 2660 4535; x_wconf 77' lang='grc' dir='ltr'>δόξης</span> <span class='ocrx_word' id='word_1_704' title='bbox 2704 4466 2784 4529; x_wconf 81' lang='grc' dir='ltr'>εἰς</span> <span class='ocrx_word' id='word_1_705' title='bbox 2820 4464 2944 4520; x_wconf 88' lang='grc' dir='ltr'>ὅσον</span> <span class='ocrx_word' id='word_1_706' title='bbox 2991 4467 3241 4538; x_wconf 75' lang='grc' dir='ltr'>ἥκουσιν,</span> <span class='ocrx_word' id='word_1_707' title='bbox 3304 4468 3646 4533; x_wconf 78' lang='grc' dir='ltr'>ἐπιδεικνύς·</span> <span class='ocrx_word' id='word_1_708' title='bbox 3692 4469 3803 4538; x_wconf 78' lang='grc' dir='ltr'>ἅμα</span> 
     </span>
    </p>
   </div>
   <div class='ocr_carea' id='block_1_92' title="bbox 532 4547 2117 4630">
    <p class='ocr_par' dir='ltr' id='par_1_92' title="bbox 532 4547 2117 4620">
     <span class='ocr_line' id='line_1_92' title="bbox 532 4547 2117 4620; baseline 0.002 -20"><span class='ocrx_word' id='word_1_709' title='bbox 532 4547 853 4617; x_wconf 84' lang='lat' dir='ltr'><strong>prophetas,</strong></span> <span class='ocrx_word' id='word_1_710' title='bbox 884 4557 942 4603; x_wconf 90' lang='lat' dir='ltr'><strong>et</strong></span> <span class='ocrx_word' id='word_1_711' title='bbox 991 4563 1110 4615; x_wconf 85' lang='lat' dir='ltr'><strong>eos,</strong></span> <span class='ocrx_word' id='word_1_712' title='bbox 1160 4549 1253 4618; x_wconf 91' lang='lat' dir='ltr'><strong>qui</strong></span> <span class='ocrx_word' id='word_1_713' title='bbox 1289 4549 1393 4605; x_wconf 90' lang='lat' dir='ltr'><strong>sub</strong></span> <span class='ocrx_word' id='word_1_714' title='bbox 1427 4549 1546 4620; x_wconf 85' lang='lat' dir='ltr'><strong>lege</strong></span> <span class='ocrx_word' id='word_1_715' title='bbox 1578 4549 1842 4615; x_wconf 84' lang='lat' dir='ltr'><strong>vixerint,</strong></span> <span class='ocrx_word' id='word_1_716' title='bbox 1902 4565 2117 4606; x_wconf 90' lang='lat' dir='ltr'><strong>necnon</strong></span> 
     </span>
    </p>
   </div>
   <div class='ocr_carea' id='block_1_93' title="bbox 2218 4547 3803 4630">
    <p class='ocr_par' dir='ltr' id='par_1_93' title="bbox 2225 4551 3803 4630">
     <span class='ocr_line' id='line_1_93' title="bbox 2225 4551 3803 4630; baseline 0.003 -25"><span class='ocrx_word' id='word_1_717' title='bbox 2225 4552 2416 4624; x_wconf 79' lang='grc' dir='ltr'>δὲτὴν</span> <span class='ocrx_word' id='word_1_718' title='bbox 2470 4554 2813 4609; x_wconf 86' lang='grc' dir='ltr'>ἀποστασίαν</span> <span class='ocrx_word' id='word_1_719' title='bbox 2864 4557 3284 4629; x_wconf 82' lang='grc' dir='ltr'>καταστρέφων,</span> <span class='ocrx_word' id='word_1_720' title='bbox 3317 4558 3375 4611; x_wconf 77' lang='grc' dir='ltr'>ὲν</span> <span class='ocrx_word' id='word_1_721' title='bbox 3420 4551 3466 4627; x_wconf 82' lang='grc' dir='ltr'><strong>ᾧ</strong></span> <span class='ocrx_word' id='word_1_722' title='bbox 3504 4558 3604 4630; x_wconf 75' lang='grc' dir='ltr'>τὴν</span> <span class='ocrx_word' id='word_1_723' title='bbox 3650 4558 3803 4629; x_wconf 80' lang='grc' dir='ltr'>χάριν</span> 
     </span>
    </p>
   </div>
   <div class='ocr_carea' id='block_1_94' title="bbox 531 4639 2120 4711">
    <p class='ocr_par' dir='ltr' id='par_1_94' title="bbox 531 4639 2120 4711">
     <span class='ocr_line' id='line_1_94' title="bbox 531 4639 2120 4711; baseline 0.003 -18"><span class='ocrx_word' id='word_1_724' title='bbox 531 4639 782 4696; x_wconf 82' lang='lat' dir='ltr'><strong>veritatis</strong></span> <span class='ocrx_word' id='word_1_725' title='bbox 814 4640 1189 4711; x_wconf 88' lang='lat' dir='ltr'><strong>bonitatisque</strong></span> <span class='ocrx_word' id='word_1_726' title='bbox 1231 4642 1532 4708; x_wconf 87' lang='lat' dir='ltr'><strong>studiosos,</strong></span> <span class='ocrx_word' id='word_1_727' title='bbox 1562 4642 1813 4698; x_wconf 89' lang='lat' dir='ltr'><strong>obtinere</strong></span> <span class='ocrx_word' id='word_1_728' title='bbox 1865 4652 2120 4698; x_wconf 87' lang='lat' dir='ltr'><strong>testatur.</strong></span> 
     </span>
    </p>
   </div>
   <div class='ocr_carea' id='block_1_95' title="bbox 532 4721 2125 4806">
    <p class='ocr_par' dir='ltr' id='par_1_95' title="bbox 532 4721 2125 4806">
     <span class='ocr_line' id='line_1_95' title="bbox 532 4721 2125 4806; baseline 0.001 -19"><span class='ocrx_word' id='word_1_729' title='bbox 532 4732 820 4799; x_wconf 85' lang='lat' dir='ltr'><strong>Quomodo</strong></span> <span class='ocrx_word' id='word_1_730' title='bbox 850 4747 980 4788; x_wconf 89' lang='lat' dir='ltr'><strong>vero</strong></span> <span class='ocrx_word' id='word_1_731' title='bbox 1002 4721 1309 4788; x_wconf 76' lang='lat' dir='ltr'><strong>Servatoris</strong></span> <span class='ocrx_word' id='word_1_732' title='bbox 1359 4732 1589 4803; x_wconf 88' lang='lat' dir='ltr'><strong>ejusque</strong></span> <span class='ocrx_word' id='word_1_733' title='bbox 1632 4733 1949 4806; x_wconf 77' lang='lat' dir='ltr'><strong>dogmatum</strong></span> <span class='ocrx_word' id='word_1_734' title='bbox 1976 4750 2125 4789; x_wconf 84' lang='lat' dir='ltr'><strong>ama-</strong></span> 
     </span>
    </p>
   </div>
   <div class='ocr_carea' id='block_1_96' title="bbox 533 4822 2123 4895">
    <p class='ocr_par' dir='ltr' id='par_1_96' title="bbox 533 4822 2123 4895">
     <span class='ocr_line' id='line_1_96' title="bbox 533 4822 2123 4895; baseline 0.002 -18"><span class='ocrx_word' id='word_1_735' title='bbox 533 4829 682 4879; x_wconf 86' lang='lat' dir='ltr'><strong>toros</strong></span> <span class='ocrx_word' id='word_1_736' title='bbox 710 4824 856 4881; x_wconf 89' lang='lat' dir='ltr'><strong>servi</strong></span> <span class='ocrx_word' id='word_1_737' title='bbox 886 4824 1216 4881; x_wconf 75' lang='lat' dir='ltr'><strong>adversaria:</strong></span> <span class='ocrx_word' id='word_1_738' title='bbox 1264 4822 1437 4894; x_wconf 89' lang='lat' dir='ltr'><strong>partis</strong></span> <span class='ocrx_word' id='word_1_739' title='bbox 1487 4838 1610 4878; x_wconf 89' lang='lat' dir='ltr'><strong>esse</strong></span> <span class='ocrx_word' id='word_1_740' title='bbox 1649 4826 1930 4895; x_wconf 84' lang='lat' dir='ltr'><strong>possunt?</strong></span> <span class='ocrx_word' id='word_1_741' title='bbox 1983 4842 2123 4895; x_wconf 86' lang='lat' dir='ltr'><strong>quo-</strong></span> 
     </span>
    </p>
   </div>
   <div class='ocr_carea' id='block_1_97' title="bbox 532 4915 2122 4988">
    <p class='ocr_par' dir='ltr' id='par_1_97' title="bbox 532 4915 2122 4988">
     <span class='ocr_line' id='line_1_97' title="bbox 532 4915 2122 4988; baseline 0.001 -19"><span class='ocrx_word' id='word_1_742' title='bbox 532 4916 698 4972; x_wconf 88' lang='lat' dir='ltr'><strong>modo</strong></span> <span class='ocrx_word' id='word_1_743' title='bbox 737 4917 905 4973; x_wconf 90' lang='lat' dir='ltr'><strong>iidem</strong></span> <span class='ocrx_word' id='word_1_744' title='bbox 955 4915 1316 4988; x_wconf 89' lang='lat' dir='ltr'><strong>inspiratione</strong></span> <span class='ocrx_word' id='word_1_745' title='bbox 1352 4931 1383 4970; x_wconf 90' lang='lat' dir='ltr'><strong>a</strong></span> <span class='ocrx_word' id='word_1_746' title='bbox 1430 4915 1575 4971; x_wconf 86' lang='lat' dir='ltr'><strong>malo</strong></span> <span class='ocrx_word' id='word_1_747' title='bbox 1635 4916 1909 4987; x_wconf 89' lang='lat' dir='ltr'><strong>principio</strong></span> <span class='ocrx_word' id='word_1_748' title='bbox 1963 4917 2122 4987; x_wconf 91' lang='lat' dir='ltr'><strong>potiti</strong></span> 
     </span>
    </p>
   </div>
   <div class='ocr_carea' id='block_1_98' title="bbox 531 5009 2125 5081">
    <p class='ocr_par' dir='ltr' id='par_1_98' title="bbox 531 5009 2125 5081">
     <span class='ocr_line' id='line_1_98' title="bbox 531 5009 2125 5081; baseline -0.001 -18"><span class='ocrx_word' id='word_1_749' title='bbox 531 5017 684 5075; x_wconf 86' lang='lat' dir='ltr'><strong>sunt,</strong></span> <span class='ocrx_word' id='word_1_750' title='bbox 718 5024 844 5064; x_wconf 90' lang='lat' dir='ltr'><strong>cum</strong></span> <span class='ocrx_word' id='word_1_751' title='bbox 873 5025 973 5081; x_wconf 88' lang='lat' dir='ltr'><strong>per</strong></span> <span class='ocrx_word' id='word_1_752' title='bbox 993 5018 1246 5064; x_wconf 90' lang='lat' dir='ltr'><strong>naturam</strong></span> <span class='ocrx_word' id='word_1_753' title='bbox 1270 5009 1385 5064; x_wconf 84' lang='lat' dir='ltr'><strong>ﬁeri</strong></span> <span class='ocrx_word' id='word_1_754' title='bbox 1416 5018 1677 5080; x_wconf 88' lang='lat' dir='ltr'><strong>nequeat,</strong></span> <span class='ocrx_word' id='word_1_755' title='bbox 1709 5009 1930 5063; x_wconf 90' lang='lat' dir='ltr'><strong>eosdem</strong></span> <span class='ocrx_word' id='word_1_756' title='bbox 1962 5009 2125 5064; x_wconf 87' lang='lat' dir='ltr'><strong>simul</strong></span> 
     </span>
    </p>
   </div>
   <div class='ocr_carea' id='block_1_99' title="bbox 533 5100 2127 5173">
    <p class='ocr_par' dir='ltr' id='par_1_99' title="bbox 533 5100 2127 5173">
     <span class='ocr_line' id='line_1_99' title="bbox 533 5100 2127 5173; baseline 0.001 -18"><span class='ocrx_word' id='word_1_757' title='bbox 533 5112 591 5155; x_wconf 91' lang='lat' dir='ltr'><strong>et</strong></span> <span class='ocrx_word' id='word_1_758' title='bbox 621 5102 843 5157; x_wconf 70' lang='lat' dir='ltr'><strong>malitia:</strong></span> <span class='ocrx_word' id='word_1_759' title='bbox 891 5102 1200 5173; x_wconf 75' lang='lat' dir='ltr'><strong>indulgere,</strong></span> <span class='ocrx_word' id='word_1_760' title='bbox 1242 5118 1314 5157; x_wconf 89' lang='lat' dir='ltr'><strong>ne</strong></span> <span class='ocrx_word' id='word_1_761' title='bbox 1348 5102 1550 5171; x_wconf 87' lang='lat' dir='ltr'><strong>dicam,</strong></span> <span class='ocrx_word' id='word_1_762' title='bbox 1603 5101 1673 5157; x_wconf 86' lang='lat' dir='ltr'><strong>ab</strong></span> <span class='ocrx_word' id='word_1_763' title='bbox 1718 5117 1781 5156; x_wconf 87' lang='lat' dir='ltr'><strong>ea</strong></span> <span class='ocrx_word' id='word_1_764' title='bbox 1833 5100 2127 5157; x_wconf 86' lang='lat' dir='ltr'><strong>fabricatos</strong></span> 
     </span>
    </p>
   </div>
   <div class='ocr_carea' id='block_1_100' title="bbox 532 5192 2124 5256">
    <p class='ocr_par' dir='ltr' id='par_1_100' title="bbox 532 5192 2124 5256">
     <span class='ocr_line' id='line_1_100' title="bbox 532 5192 2124 5256; baseline -0.001 -7"><span class='ocrx_word' id='word_1_765' title='bbox 532 5207 680 5256; x_wconf 71' lang='lat' dir='ltr'><strong>esse,</strong></span> <span class='ocrx_word' id='word_1_766' title='bbox 712 5201 770 5248; x_wconf 89' lang='lat' dir='ltr'><strong>et</strong></span> <span class='ocrx_word' id='word_1_767' title='bbox 803 5192 1078 5249; x_wconf 86' lang='lat' dir='ltr'><strong>desiderio</strong></span> <span class='ocrx_word' id='word_1_768' title='bbox 1108 5201 1291 5249; x_wconf 90' lang='lat' dir='ltr'><strong>tamen</strong></span> <span class='ocrx_word' id='word_1_769' title='bbox 1314 5193 1369 5248; x_wconf 92' lang='lat' dir='ltr'><strong>in</strong></span> <span class='ocrx_word' id='word_1_770' title='bbox 1402 5194 1605 5248; x_wconf 90' lang='lat' dir='ltr'><strong>bonum</strong></span> <span class='ocrx_word' id='word_1_771' title='bbox 1644 5192 1814 5249; x_wconf 88' lang='lat' dir='ltr'><strong>ferri?</strong></span> <span class='ocrx_word' id='word_1_772' title='bbox 1840 5194 1952 5248; x_wconf 83' lang='lat' dir='ltr'><strong>Hoc</strong></span> <span class='ocrx_word' id='word_1_773' title='bbox 1978 5193 2124 5248; x_wconf 88' lang='lat' dir='ltr'><strong>enim</strong></span> 
     </span>
    </p>
   </div>
   <div class='ocr_carea' id='block_1_101' title="bbox 534 5285 2126 5359">
    <p class='ocr_par' dir='ltr' id='par_1_101' title="bbox 534 5285 2126 5359">
     <span class='ocr_line' id='line_1_101' title="bbox 534 5285 2126 5359; baseline 0.001 -19"><span class='ocrx_word' id='word_1_774' title='bbox 534 5285 672 5342; x_wconf 85' lang='lat' dir='ltr'><strong>nihil</strong></span> <span class='ocrx_word' id='word_1_775' title='bbox 704 5286 852 5342; x_wconf 89' lang='lat' dir='ltr'><strong>aliud</strong></span> <span class='ocrx_word' id='word_1_776' title='bbox 880 5295 987 5352; x_wconf 88' lang='lat' dir='ltr'><strong>est,</strong></span> <span class='ocrx_word' id='word_1_777' title='bbox 1019 5302 1182 5359; x_wconf 90' lang='lat' dir='ltr'><strong>quam</strong></span> <span class='ocrx_word' id='word_1_778' title='bbox 1218 5287 1444 5342; x_wconf 87' lang='lat' dir='ltr'><strong>verbum</strong></span> <span class='ocrx_word' id='word_1_779' title='bbox 1494 5286 1711 5343; x_wconf 89' lang='lat' dir='ltr'><strong>Domini</strong></span> <span class='ocrx_word' id='word_1_780' title='bbox 1756 5287 1812 5342; x_wconf 91' lang='lat' dir='ltr'><strong>in</strong></span> <span class='ocrx_word' id='word_1_781' title='bbox 1850 5287 2126 5342; x_wconf 87' lang='lat' dir='ltr'><strong>contraria</strong></span> 
     </span>
    </p>
   </div>
   <div class='ocr_carea' id='block_1_102' title="bbox 531 5375 2127 5456">
    <p class='ocr_par' dir='ltr' id='par_1_102' title="bbox 531 5375 2127 5456">
     <span class='ocr_line' id='line_1_102' title="bbox 531 5375 2127 5456; baseline 0.003 -26"><span class='ocrx_word' id='word_1_782' title='bbox 531 5375 718 5432; x_wconf 87' lang='lat' dir='ltr'><strong>omnia</strong></span> <span class='ocrx_word' id='word_1_783' title='bbox 746 5383 986 5433; x_wconf 86' lang='lat' dir='ltr'><strong>vertere.</strong></span> <span class='ocrx_word' id='word_1_784' title='bbox 1041 5375 1179 5431; x_wconf 83' lang='lat' dir='ltr'><strong>Illud</strong></span> <span class='ocrx_word' id='word_1_785' title='bbox 1230 5376 1380 5456; x_wconf 88' lang='lat' dir='ltr'><strong>enim</strong></span> <span class='ocrx_word' id='word_1_786' title='bbox 1419 5376 1631 5433; x_wconf 79' lang='lat' dir='ltr'><strong>Bonum</strong></span> <span class='ocrx_word' id='word_1_787' title='bbox 1668 5392 1737 5433; x_wconf 78' lang='lat' dir='ltr'><strong>ex</strong></span> <span class='ocrx_word' id='word_1_788' title='bbox 1766 5378 1909 5432; x_wconf 89' lang='lat' dir='ltr'><strong>malo</strong></span> <span class='ocrx_word' id='word_1_789' title='bbox 1961 5378 2127 5434; x_wconf 89' lang='lat' dir='ltr'><strong>corde</strong></span> 
     </span>
    </p>
   </div>
   <div class='ocr_carea' id='block_1_103' title="bbox 601 5497 1538 5567">
    <p class='ocr_par' dir='ltr' id='par_1_103' title="bbox 601 5497 1538 5567">
     <span class='ocr_line' id='line_1_103' title="bbox 601 5497 1538 5567; baseline 0 -11"><span class='ocrx_word' id='word_1_790' title='bbox 601 5499 625 5532; x_wconf 81' lang='lat'><strong>&#39;</strong></span> <span class='ocrx_word' id='word_1_791' title='bbox 655 5500 771 5556; x_wconf 87' lang='lat' dir='ltr'><strong>Luc</strong></span> <span class='ocrx_word' id='word_1_792' title='bbox 800 5517 876 5565; x_wconf 81' lang='lat' dir='ltr'><strong>Vl,</strong></span> <span class='ocrx_word' id='word_1_793' title='bbox 898 5498 989 5555; x_wconf 68' lang='grc'><strong>45.</strong></span> <span class='ocrx_word' id='word_1_794' title='bbox 1065 5501 1087 5532; x_wconf 79' lang='grc'>³</span> <span class='ocrx_word' id='word_1_795' title='bbox 1115 5497 1307 5556; x_wconf 78' lang='lat' dir='ltr'><strong>Matth.</strong></span> <span class='ocrx_word' id='word_1_796' title='bbox 1334 5514 1453 5567; x_wconf 82' lang='lat' dir='ltr'><strong>xm,</strong></span> <span class='ocrx_word' id='word_1_797' title='bbox 1486 5500 1538 5556; x_wconf 86' lang='lat'><strong>7.</strong></span> 
     </span>
    </p>
   </div>
   <div class='ocr_carea' id='block_1_104' title="bbox 2226 4644 3800 4720">
    <p class='ocr_par' dir='ltr' id='par_1_104' title="bbox 2226 4644 3800 4720">
     <span class='ocr_line' id='line_1_104' title="bbox 2226 4644 3800 4720; baseline 0.002 -23"><span class='ocrx_word' id='word_1_798' title='bbox 2226 4644 2325 4716; x_wconf 79' lang='grc' dir='ltr'>μὲν</span> <span class='ocrx_word' id='word_1_799' title='bbox 2362 4644 2458 4698; x_wconf 56' lang='grc' dir='ltr'><strong>καὶ⁹</strong></span> <span class='ocrx_word' id='word_1_800' title='bbox 2491 4646 2613 4708; x_wconf 83' lang='grc' dir='ltr'>τοὺς</span> <span class='ocrx_word' id='word_1_801' title='bbox 2646 4646 2853 4716; x_wconf 81' lang='grc' dir='ltr'>ταύτης</span> <span class='ocrx_word' id='word_1_802' title='bbox 2890 4648 3143 4719; x_wconf 80' lang='grc' dir='ltr'>κήρυκας</span> <span class='ocrx_word' id='word_1_803' title='bbox 3191 4649 3252 4702; x_wconf 85' lang='grc' dir='ltr'>τὸ</span> <span class='ocrx_word' id='word_1_804' title='bbox 3308 4649 3495 4719; x_wconf 80' lang='grc' dir='ltr'>μεῖζον</span> <span class='ocrx_word' id='word_1_805' title='bbox 3545 4649 3708 4720; x_wconf 78' lang='grc' dir='ltr'>ἔχειν,</span> <span class='ocrx_word' id='word_1_806' title='bbox 3743 4649 3800 4700; x_wconf 87' lang='grc' dir='ltr'><strong>ού</strong></span> 
     </span>
    </p>
   </div>
   <div class='ocr_carea' id='block_1_105' title="bbox 2225 4737 3803 4814">
    <p class='ocr_par' dir='ltr' id='par_1_105' title="bbox 2225 4737 3803 4814">
     <span class='ocr_line' id='line_1_105' title="bbox 2225 4737 3803 4814; baseline 0.003 -24"><span class='ocrx_word' id='word_1_807' title='bbox 2225 4739 2335 4810; x_wconf 88' lang='grc' dir='ltr'>μήν</span> <span class='ocrx_word' id='word_1_808' title='bbox 2358 4754 2422 4808; x_wconf 89' lang='grc' dir='ltr'><strong>γε</strong></span> <span class='ocrx_word' id='word_1_809' title='bbox 2456 4737 2594 4794; x_wconf 89' lang='grc' dir='ltr'><strong>ἀλλά</strong></span> <span class='ocrx_word' id='word_1_810' title='bbox 2628 4740 2723 4793; x_wconf 77' lang='grc' dir='ltr'>καὶ</span> <span class='ocrx_word' id='word_1_811' title='bbox 2764 4742 2892 4806; x_wconf 85' lang='grc' dir='ltr'>τοὺς</span> <span class='ocrx_word' id='word_1_812' title='bbox 2934 4744 3220 4814; x_wconf 87' lang='grc' dir='ltr'>προφήτας</span> <span class='ocrx_word' id='word_1_813' title='bbox 3267 4746 3360 4797; x_wconf 80' lang='grc' dir='ltr'>καὶ</span> <span class='ocrx_word' id='word_1_814' title='bbox 3391 4746 3519 4808; x_wconf 77' lang='grc' dir='ltr'>τοὺς</span> <span class='ocrx_word' id='word_1_815' title='bbox 3542 4744 3683 4798; x_wconf 86' lang='grc' dir='ltr'><strong>κατά</strong></span> <span class='ocrx_word' id='word_1_816' title='bbox 3727 4742 3803 4795; x_wconf 85' lang='grc' dir='ltr'>νό·</span> 
     </span>
    </p>
   </div>
   <div class='ocr_carea' id='block_1_106' title="bbox 2226 4832 3803 4906">
    <p class='ocr_par' dir='ltr' id='par_1_106' title="bbox 2226 4832 3803 4906">
     <span class='ocr_line' id='line_1_106' title="bbox 2226 4832 3803 4906; baseline 0 -21"><span class='ocrx_word' id='word_1_817' title='bbox 2226 4849 2327 4902; x_wconf 82' lang='grc' dir='ltr'><strong>μον</strong></span> <span class='ocrx_word' id='word_1_818' title='bbox 2355 4832 2874 4903; x_wconf 86' lang='grc' dir='ltr'>πολιτευσαμένους,</span> <span class='ocrx_word' id='word_1_819' title='bbox 2904 4834 3142 4905; x_wconf 76' lang='grc' dir='ltr'>ἐραστάς</span> <span class='ocrx_word' id='word_1_820' title='bbox 3167 4852 3227 4888; x_wconf 88' lang='grc' dir='ltr'><strong>τε</strong></span> <span class='ocrx_word' id='word_1_821' title='bbox 3288 4835 3388 4906; x_wconf 85' lang='grc' dir='ltr'><strong>τῆς</strong></span> <span class='ocrx_word' id='word_1_822' title='bbox 3418 4834 3679 4906; x_wconf 84' lang='grc' dir='ltr'>ἀληθείας</span> <span class='ocrx_word' id='word_1_823' title='bbox 3713 4834 3803 4888; x_wconf 80' lang='grc' dir='ltr'><strong>καὶ</strong></span> 
     </span>
    </p>
   </div>
   <div class='ocr_carea' id='block_1_107' title="bbox 2222 4922 3801 4998">
    <p class='ocr_par' dir='ltr' id='par_1_107' title="bbox 2222 4922 3801 4998">
     <span class='ocr_line' id='line_1_107' title="bbox 2222 4922 3801 4998; baseline 0.003 -21"><span class='ocrx_word' id='word_1_824' title='bbox 2222 4923 2325 4995; x_wconf 82' lang='grc' dir='ltr'>τῆς</span> <span class='ocrx_word' id='word_1_825' title='bbox 2352 4922 2521 4978; x_wconf 80' lang='grc' dir='ltr'>αὑτοῦ</span> <span class='ocrx_word' id='word_1_826' title='bbox 2552 4925 3082 4998; x_wconf 85' lang='grc' dir='ltr'>προσεμαρτύρησεν</span> <span class='ocrx_word' id='word_1_827' title='bbox 3113 4927 3476 4998; x_wconf 87' lang='grc' dir='ltr'>ἀγαθότητος.</span> <span class='ocrx_word' id='word_1_828' title='bbox 3510 4929 3575 4982; x_wconf 81' lang='lat' dir='ltr'><strong>Ol.</strong></span> <span class='ocrx_word' id='word_1_829' title='bbox 3618 4928 3674 4982; x_wconf 84' lang='grc' dir='ltr'>δὲ</span> <span class='ocrx_word' id='word_1_830' title='bbox 3708 4926 3801 4982; x_wconf 75' lang='grc' dir='ltr'>τοῦ</span> 
     </span>
    </p>
   </div>
   <div class='ocr_carea' id='block_1_108' title="bbox 2224 5016 3804 5094">
    <p class='ocr_par' dir='ltr' id='par_1_108' title="bbox 2224 5016 3804 5094">
     <span class='ocr_line' id='line_1_108' title="bbox 2224 5016 3804 5094; baseline 0.004 -25"><span class='ocrx_word' id='word_1_831' title='bbox 2224 5016 2479 5088; x_wconf 84' lang='grc' dir='ltr'>Σωτῆρος</span> <span class='ocrx_word' id='word_1_832' title='bbox 2516 5016 2613 5071; x_wconf 75' lang='grc' dir='ltr'>καὶ</span> <span class='ocrx_word' id='word_1_833' title='bbox 2642 5018 2753 5072; x_wconf 83' lang='grc' dir='ltr'>τῶν</span> <span class='ocrx_word' id='word_1_834' title='bbox 2783 5020 2948 5074; x_wconf 80' lang='grc' dir='ltr'>αὑτοῦ</span> <span class='ocrx_word' id='word_1_835' title='bbox 2996 5021 3288 5092; x_wconf 81' lang='grc' dir='ltr'>δογμάτων</span> <span class='ocrx_word' id='word_1_836' title='bbox 3333 5023 3563 5094; x_wconf 75' lang='grc' dir='ltr'>ἐρασταὶ</span> <span class='ocrx_word' id='word_1_837' title='bbox 3592 5022 3706 5086; x_wconf 82' lang='grc' dir='ltr'><strong>πῶς</strong></span> <span class='ocrx_word' id='word_1_838' title='bbox 3736 5020 3804 5076; x_wconf 81' lang='grc' dir='ltr'>ἂν</span> 
     </span>
    </p>
   </div>
   <div class='ocr_carea' id='block_1_109' title="bbox 2224 5107 3801 5186">
    <p class='ocr_par' dir='ltr' id='par_1_109' title="bbox 2224 5107 3801 5186">
     <span class='ocr_line' id='line_1_109' title="bbox 2224 5107 3801 5186; baseline 0.002 -25"><span class='ocrx_word' id='word_1_839' title='bbox 2224 5107 2416 5180; x_wconf 80' lang='grc' dir='ltr'>εῐησαν</span> <span class='ocrx_word' id='word_1_840' title='bbox 2442 5110 2742 5166; x_wconf 75' lang='grc' dir='ltr'>ἀντιπάλου</span> <span class='ocrx_word' id='word_1_841' title='bbox 2796 5114 2992 5185; x_wconf 82' lang='grc' dir='ltr'>μοίρας</span> <span class='ocrx_word' id='word_1_842' title='bbox 3040 5114 3413 5186; x_wconf 82' lang='grc' dir='ltr'>θεραπευταί;</span> <span class='ocrx_word' id='word_1_843' title='bbox 3468 5114 3587 5178; x_wconf 84' lang='grc' dir='ltr'><strong>πῶς</strong></span> <span class='ocrx_word' id='word_1_844' title='bbox 3613 5114 3669 5169; x_wconf 76' lang='grc' dir='ltr'>δὲ</span> <span class='ocrx_word' id='word_1_845' title='bbox 3707 5112 3801 5185; x_wconf 78' lang='grc' dir='ltr'>τὴν</span> 
     </span>
    </p>
   </div>
   <div class='ocr_carea' id='block_1_110' title="bbox 2222 5201 3799 5280">
    <p class='ocr_par' dir='ltr' id='par_1_110' title="bbox 2222 5201 3799 5280">
     <span class='ocr_line' id='line_1_110' title="bbox 2222 5201 3799 5280; baseline 0.01 -27"><span class='ocrx_word' id='word_1_846' title='bbox 2222 5201 2513 5257; x_wconf 74' lang='grc' dir='ltr'>ἐπίπνοιαν</span> <span class='ocrx_word' id='word_1_847' title='bbox 2565 5206 2633 5259; x_wconf 84' lang='grc' dir='ltr'>ὲκ</span> <span class='ocrx_word' id='word_1_848' title='bbox 2678 5209 2925 5280; x_wconf 81' lang='grc' dir='ltr'>πονηρᾶς</span> <span class='ocrx_word' id='word_1_849' title='bbox 2970 5204 3152 5263; x_wconf 77' lang='grc' dir='ltr'>εἷλκον</span> <span class='ocrx_word' id='word_1_850' title='bbox 3186 5208 3509 5280; x_wconf 79' lang='grc' dir='ltr'>ὲνεργείας;</span> <span class='ocrx_word' id='word_1_851' title='bbox 3557 5210 3634 5279; x_wconf 82' lang='grc' dir='ltr'>μὴ</span> <span class='ocrx_word' id='word_1_852' title='bbox 3668 5224 3799 5276; x_wconf 83' lang='grc' dir='ltr'>συμ-</span> 
     </span>
    </p>
   </div>
   <div class='ocr_carea' id='block_1_111' title="bbox 2223 5290 3798 5372">
    <p class='ocr_par' dir='ltr' id='par_1_111' title="bbox 2223 5290 3798 5372">
     <span class='ocr_line' id='line_1_111' title="bbox 2223 5290 3798 5372; baseline 0.008 -29"><span class='ocrx_word' id='word_1_853' title='bbox 2223 5290 2501 5359; x_wconf 79' lang='grc' dir='ltr'>ϐαίνοντος</span> <span class='ocrx_word' id='word_1_854' title='bbox 2526 5295 2665 5361; x_wconf 83' lang='grc' dir='ltr'>ὅλως</span> <span class='ocrx_word' id='word_1_855' title='bbox 2707 5300 2775 5370; x_wconf 82' lang='grc' dir='ltr'>τῇ</span> <span class='ocrx_word' id='word_1_856' title='bbox 2809 5296 2970 5367; x_wconf 88' lang='grc' dir='ltr'>φύσει</span> <span class='ocrx_word' id='word_1_857' title='bbox 3001 5300 3119 5372; x_wconf 76' lang='grc' dir='ltr'>ἅμα</span> <span class='ocrx_word' id='word_1_858' title='bbox 3148 5316 3210 5354; x_wconf 88' lang='grc' dir='ltr'><strong>τε</strong></span> <span class='ocrx_word' id='word_1_859' title='bbox 3248 5301 3375 5365; x_wconf 84' lang='grc' dir='ltr'>τοὺς</span> <span class='ocrx_word' id='word_1_860' title='bbox 3409 5302 3608 5365; x_wconf 79' lang='grc' dir='ltr'>αὐτοὺς</span> <span class='ocrx_word' id='word_1_861' title='bbox 3640 5316 3798 5368; x_wconf 75' lang='grc' dir='ltr'>πονηο</span> 
     </span>
    </p>
   </div>
   <div class='ocr_carea' id='block_1_112' title="bbox 2222 5384 3798 5465">
    <p class='ocr_par' dir='ltr' id='par_1_112' title="bbox 2222 5384 3798 5465">
     <span class='ocr_line' id='line_1_112' title="bbox 2222 5384 3798 5465; baseline 0.01 -30"><span class='ocrx_word' id='word_1_862' title='bbox 2222 5384 2318 5455; x_wconf 75' lang='grc' dir='ltr'><strong>ρίᾳ</strong></span> <span class='ocrx_word' id='word_1_863' title='bbox 2346 5387 2641 5459; x_wconf 84' lang='grc' dir='ltr'>τελεῖσθαι,</span> <span class='ocrx_word' id='word_1_864' title='bbox 2677 5390 2766 5446; x_wconf 87' lang='grc' dir='ltr'><strong>ἴνα</strong></span> <span class='ocrx_word' id='word_1_865' title='bbox 2793 5392 2869 5465; x_wconf 82' lang='grc' dir='ltr'><strong>μὴ</strong></span> <span class='ocrx_word' id='word_1_866' title='bbox 2900 5392 3046 5464; x_wconf 90' lang='grc' dir='ltr'>λέγω</span> <span class='ocrx_word' id='word_1_867' title='bbox 3096 5394 3681 5465; x_wconf 78' lang='grc' dir='ltr'>συγκατεσκευᾶσθαι,</span> <span class='ocrx_word' id='word_1_868' title='bbox 3710 5389 3798 5446; x_wconf 75' lang='grc' dir='ltr'>καὶ</span> 
     </span>
    </p>
   </div>
   <div class='ocr_carea' id='block_1_113' title="bbox 1615 5655 2673 5720">
    <p class='ocr_par' dir='ltr' id='par_1_113' title="bbox 1615 5655 2673 5720">
     <span class='ocr_line' id='line_1_113' title="bbox 1615 5655 2673 5720; baseline 0.003 -3"><span class='ocrx_word' id='word_1_869' title='bbox 1615 5656 1853 5718; x_wconf 68' lang='grc' dir='ltr'>νΑιιιΑι</span> <span class='ocrx_word' id='word_1_870' title='bbox 1883 5655 2274 5719; x_wconf 77' lang='lat' dir='ltr'><strong>LECTIONES</strong></span> <span class='ocrx_word' id='word_1_871' title='bbox 2312 5658 2403 5718; x_wconf 87' lang='grc' dir='ltr'>ΕΤ</span> <span class='ocrx_word' id='word_1_872' title='bbox 2439 5658 2673 5720; x_wconf 62' lang='lat' dir='ltr'><strong>NOTAE.</strong></span> 
     </span>
    </p>
   </div>
   <div class='ocr_carea' id='block_1_114' title="bbox 606 5774 3803 5861">
    <p class='ocr_par' dir='ltr' id='par_1_114' title="bbox 606 5774 3803 5861">
     <span class='ocr_line' id='line_1_114' title="bbox 606 5774 3803 5861; baseline 0.003 -30"><span class='ocrx_word' id='word_1_873' title='bbox 606 5774 717 5859; x_wconf 58' lang='lat' dir='ltr'><strong>(to)</strong></span> <span class='ocrx_word' id='word_1_874' title='bbox 758 5778 940 5833; x_wconf 75' lang='grc' dir='ltr'>Κατὰ.</span> <span class='ocrx_word' id='word_1_875' title='bbox 966 5775 1151 5861; x_wconf 62' lang='lat' dir='ltr'><strong>Malim</strong></span> <span class='ocrx_word' id='word_1_876' title='bbox 1182 5779 1365 5861; x_wconf 76' lang='lat' dir='ltr'><strong>legere</strong></span> <span class='ocrx_word' id='word_1_877' title='bbox 1394 5778 1535 5851; x_wconf 83' lang='grc' dir='ltr'>μετὰ</span> <span class='ocrx_word' id='word_1_878' title='bbox 1564 5786 1825 5853; x_wconf 84' lang='lat' dir='ltr'><strong>tanquam</strong></span> <span class='ocrx_word' id='word_1_879' title='bbox 1853 5776 2025 5850; x_wconf 75' lang='lat' dir='ltr'><strong>magis</strong></span> <span class='ocrx_word' id='word_1_880' title='bbox 2053 5778 2162 5837; x_wconf 88' lang='lat' dir='ltr'><strong>huc</strong></span> <span class='ocrx_word' id='word_1_881' title='bbox 2200 5782 2694 5842; x_wconf 86' lang='lat' dir='ltr'><strong>accommodatum.</strong></span> <span class='ocrx_word' id='word_1_882' title='bbox 2727 5782 2918 5858; x_wconf 84' lang='lat' dir='ltr'><strong>Neque</strong></span> <span class='ocrx_word' id='word_1_883' title='bbox 2958 5798 3085 5845; x_wconf 89' lang='lat' dir='ltr'><strong>raro</strong></span> <span class='ocrx_word' id='word_1_884' title='bbox 3144 5784 3562 5861; x_wconf 52' lang='lat' dir='ltr'><strong>praepositiones</strong></span> <span class='ocrx_word' id='word_1_885' title='bbox 3587 5784 3723 5843; x_wconf 73' lang='grc' dir='ltr'>κατά</span> <span class='ocrx_word' id='word_1_886' title='bbox 3751 5784 3803 5840; x_wconf 82' lang='lat' dir='ltr'><strong>et</strong></span> 
     </span>
    </p>
   </div>
   <div class='ocr_carea' id='block_1_115' title="bbox 533 5847 1388 5916">
    <p class='ocr_par' dir='ltr' id='par_1_115' title="bbox 533 5847 1388 5916">
     <span class='ocr_line' id='line_1_115' title="bbox 533 5847 1388 5916; baseline 0.004 -13"><span class='ocrx_word' id='word_1_887' title='bbox 533 5860 672 5916; x_wconf 80' lang='grc' dir='ltr'>μετα</span> <span class='ocrx_word' id='word_1_888' title='bbox 702 5847 759 5903; x_wconf 91' lang='lat' dir='ltr'><strong>in</strong></span> <span class='ocrx_word' id='word_1_889' title='bbox 796 5864 929 5908; x_wconf 88' lang='lat' dir='ltr'><strong>mss.</strong></span> <span class='ocrx_word' id='word_1_890' title='bbox 961 5847 1388 5907; x_wconf 77' lang='lat' dir='ltr'><strong>confunduntur.</strong></span> 
     </span>
    </p>
   </div>
  </div>
