4022 6398
203 422 321 488 217

1240 418 1538 482 CONTRA
1572 418 2035 491 MANICH/EOS
2072 417 2308 480 LIBER
2343 416 2449 482 IV-

3380 417 3486 480 218

188 544 309 611 ’τὴν¹
358 534 656 608 ἐπιθυμίαν
686 535 831 608 ἐχειν
872 532 1291 607 ἀναφερομένην
1322 537 1404 600 είς
1447 536 1511 589 τὸ
1552 534 1783 605 ἀγαθόν.

1897 534 2183 606 provenire
2215 530 2529 589 contendit.
2574 528 2825 601 Cumque
2877 528 3005 585 alibi
3058 529 3317 585 Servator
3347 546 3489 587 nova

195 632 380 686 Τοῦτο
424 633 529 702 γὰρ
562 630 825 701 ἀντικρὺς
862 629 943 692 είς
975 628 1037 681 τὸ
1070 628 1311 682 ἐναντίον
1338 628 1457 681 ἐστὶ
1499 629 1592 681 τὸν
1627 628 1788 697 λόγον

194 724 562 798 περιτρέπειν
593 723 687 778 τὸν
713 720 1064 776 Δεσποτικόν.
1107 722 1202 775 Ἐκ
1229 720 1337 791 γάρ
1368 722 1611 792 πονηρᾶς
1650 737 1789 791 καρ-

192 817 323 882 δίας
354 816 560 886 ἀγαθὸν
587 814 852 881 ἐπιδεῖξαι
877 813 1174 883 φιλονεικεῖ
1188 814 1596 886 προερχόμενον
1616 812 1788 886 (10“).

193 910 377 967 Πάλιν
409 909 469 964 δέ
511 908 798 963 συνάπτων
821 907 851 960 6
873 906 1063 979 Σωτὴρ
1092 906 1161 961 τά
1188 909 1344 961 κοινά
1367 911 1482 971 τοῖς
1512 908 1787 972 παλαιοῖς,

193 1003 302 1057 καὶ
341 1002 647 1073 παριστῶν,
684 1000 761 1065 ὡς
798 1001 880 1064 είς
925 999 1055 1071 μίαν
1089 1000 1284 1070 ἄγουσι
1338 1000 1615 1071 σωτηρίας
1647 1000 1786 1062 ὁδὸν,

192 1098 273 1152 τὰ
306 1098 407 1169 μὲν
435 1092 549 1152 οἷον
578 1096 711 1151 ὄντα
732 1095 1047 1168 προτέλεια,
1065 1096 1144 1151 τά
1163 1094 1223 1149 δὲ
1248 1095 1420 1167 αὐτὴν
1448 1094 1791 1166 χαριζόμενά

192 1188 306 1257 τὴν
328 1185 665 1255 τελειότητα.
710 1185 811 1240 Διά
839 1186 996 1240 τοῦτό
1043 1199 1198 1258 φησι·
1232 1183 1360 1252 Πᾶς
1392 1185 1791 1255 Γραμματεὺς

192 1276 598 1346 μαθητευθεὶς
651 1279 741 1342 εις
796 1276 913 1346 τὴν
959 1277 1296 1343 ,Βασιλείαν
1344 1275 1465 1331 τῶν
1515 1274 1793 1346 οὐρανῶν

194 1370 407 1438 ὅμοιός
428 1370 601 1424 ἐστιν
620 1368 914 1436 ἀνθρώπῳ
933 1366 1357 1436 οἰκοδεσπότῃ.
1379 1366 1551 1435 ὅστις
1575 1368 1792 1421 ἐκϐάλ-

192 1462 297 1513 λει
320 1458 389 1513 ἐκ
414 1458 525 1513 τοῦ
578 1457 891 1527 θησαυροῦ
944 1458 1136 1514 αὐτοῦ
1170 1457 1349 1512 καινὰ
1399 1458 1498 1512 καί
1538 1456 1787 1511 παλαια.

196 1552 286 1604 Δι’
312 1544 389 1605 ὧν
416 1567 477 1604 τε
502 1550 611 1622 γάρ
638 1552 695 1604 ἐν
723 1550 803 1621 τῷ
829 1550 981 1622 αὐτῷ
1011 1548 1276 1623 θησαυρῷ
1296 1554 1393 1603 καὶ
1416 1552 1480 1603 ἐκ
1502 1549 1598 1602 τοῦ
1624 1548 1791 1603 αὐτοῦ

194 1646 304 1715 τὴν
337 1644 533 1714 καινὴν
559 1644 932 1718 προέρχεσθαι
948 1644 1042 1697 καὶ
1067 1642 1167 1714 τὴν
1189 1638 1429 1697 παλαιάν
1456 1642 1790 1708 ἐκδιδάσκει,

193 1736 265 1791 τὺ
292 1738 534 1791 συνεῖναι
585 1738 682 1792 καὶ¹
715 1738 1028 1808 συμφωνεῖν
1061 1736 1314 1808 ἀλλήλοις
1350 1737 1446 1790 καὶ
1482 1736 1557 1807 μὴ
1587 1735 1792 1806 διαμά-

199 1828 403 1901 χεσθαι
438 1829 675 1900 βεϐαιοῖ.
707 1831 785 1883 Δι’
819 1822 895 1885 ὧν
921 1847 981 1883 τε
1003 1828 1275 1902 ἑκατέρας
1309 1829 1411 1901 τὴν
1434 1828 1793 1884 διδασκαλίαν

196 1924 285 1988 εἰς
309 1922 415 1995 τὴν
442 1922 724 1994 βασιλείαν
786 1923 988 1992 ἐπάγει
1045 1923 1157 1977 τῶν
1208 1923 1479 1995 οὐρανῶν,
1527 1924 1608 1978 ἐτι
1638 1941 1795 1996 περι-
1828 1908 1871 1970 Β

198 2017 543 2089 φανέστερον
567 2017 628 2072 τὸ
652 2016 779 2071 λίαν
808 2017 991 2071 αὐτῶν
1021 2017 1316 2089 σύμφωνον
1354 2018 1450 2071 καὶ
1484 2016 1793 2089 ἀδιαίρετον

195 2112 606 2185 ἀπεψηφίσατο.
641 2114 705 2168 EI.
732 2107 826 2167 οὖν
856 2113 1098 2186 ἑκατέρα
1123 2113 1224 2183 μὲν
1247 2112 1305 2165 ἐν
1327 2115 1395 2183 τῇ
1421 2113 1560 2184 αὐτῇ
1585 2112 1795 2184 θησαυο

198 2207 419 2279 ρίζεται
456 2206 714 2279 διαθήκῃ,
743 2208 810 2260 ἐκ
848 2205 941 2260 τοῦ
973 2205 1142 2260 αὐτοῦ
1199 2206 1259 2259 δέ
1326 2204 1487 2259 πάλιν
1517 2208 1792 2277 πρόεισιν,

197 2300 285 2364 είς
321 2296 625 2369 τὴνάὐτὴν
664 2296 723 2352 δὲ
751 2297 900 2363 τούς,
928 2296 977 2351 οἳ
1001 2297 1204 2362 ταύτας
1228 2295 1623 2368 ἐθησαύρισαν,
1678 2296 1792 2352 τῶν

198 2390 454 2460 οὐρανῶν
498 2391 705 2459 ἀπάγει
763 2390 1066 2461 βασιλείαν,
1109 2390 1229 2455 πῶς
1288 2391 1461 2456 αὐτὰς
1509 2390 1810 2467 ἀντίπαλοι,

198 2483 547 2555 διασχίσουσι
582 2484 832 2556 μερίδες;
875 2482 1018 2537 Ἀλλ’
1046 2483 1170 2553 οὐχὶ
1191 2486 1324 2548 τοὺς
1374 2483 1796 2555 φρυαξαμένους

198 2580 384 2632 είπεῖν
412 2576 610 2643 ταῦτα,
666 2578 695 2630 6
727 2576 995 2649 διαθήκης
1036 2576 1308 2649 ἑκατέρας
1338 2575 1643 2648 νομοθέτης
1693 2577 1796 2630 οὐκ

198 2670 567 2740 ἐκγελάσεται
621 2670 721 2742 μὲν
769 2671 867 2724 καὶ
916 2671 1323 2741 ἐκμυκτηριεῖς
1371 2667 1449 2733 ὡς
1503 2667 1677 2740 σκεύη
1738 2668 1797 2723 δὲ

202 2766 494 2837 συντρίψει
519 2764 833 2838 κεραμέως,
861 2763 957 2819 ἆτε
985 2764 1050 2835 δὴ
1074 2764 1424 2818 παντάπασιν
1460 2761 1583 2818 ὀδοῦ
1614 2763 1796 2817 δικαί-

201 2875 275 2923 ας
341 2858 573 2922 ἑαυτοὺς
608 2855 1002 2927 διασχίσαντάς
1075 2874 1136 2910 τε
1203 2855 1299 2910 καὶ
1347 2854 1793 2920 ἀπολωλεκόταςς

201 2949 696 3021 Προανακηρύττει
764 2948 823 3003 δέ
874 2947 971 3003 καὶ
1017 2948 1048 3002 6
1080 2947 1370 3020 προφήτης
1434 2946 1687 3012 Ἡσαΐας,
1760 2946 1798 3001 ἃ

198 3045 321 3108 τοῖς
347 3042 535 3116 ἔργοις
565 3042 751 3107 αὐτοῖς
776 3042 874 3095 ἐπὶ
902 3041 998 3095 τοῦ
1030 3041 1287 3112 Σωτῆρος
1317 3040 1509 3112 ὡράθη
1536 3040 1797 3110 τελούμε-

199 3151 274 3188 να
298 3148 314 3165 ·
360 3134 560 3202 Αὐτὸς
590 3134 698 3202 τὰς
727 3133 1053 3201 ἀσθενείας
1080 3130 1256 3204 ἡμῶν
1284 3131 1489 3198 ἔλαϐε,
1541 3131 1641 3186 καὶ
1685 3132 1796 3199 τὰς

198 3227 438 3294 νόσους
467 3226 845 3282 ἐϐάστασενο
876 3225 977 3281 καὶ
1029 3224 1110 3291 τῷ
1143 3223 1394 3294 μώλωπι
1417 3222 1609 3279 αὐτοῦ
1640 3223 1796 3279 πᾶν·

199 3338 309 3387 τες
346 3281 523 3391 ἡμεῖς
564 3320 835 3391 ίάθημεν.
864 3322 976 3376 Καὶ
998 3320 1035 3375 ἃ
1064 3281 1161 3374 τού
1186 3319 1416 3383 σκότους
1439 3318 1531 3373 τὸν
1553 3318 1797 3390 ἄρχοντα
1825 3281 1871 3343 c

1888 643 2015 684 cum
2044 626 2322 683 veteribus
2362 624 2684 695 coniungat,
2721 632 2911 679 monet
2939 623 3107 679 simul
3138 624 3195 680 in
3228 623 3486 679 eamdem

1889 735 1953 777 ea
1982 720 2186 775 ducere
2220 718 2414 774 salutis
2442 718 2613 784 viam,
2644 732 2771 773 cum
2823 716 2933 772 alia
2961 716 3188 787 quidem
3234 717 3484 783 initient,

1891 811 1996 868 alia
2011 825 2143 867 vero
2159 810 2556 882 perfectionem
2581 810 2793 865 donent
2814 826 2827 863 :
2849 810 3033 865 Omnis
3056 808 3263 874 Scriba,
3287 809 3487 879 inquit,

1891 906 2102 961 edoctus
2133 920 2351 975 regnum
2383 903 2650 969 caelorum,
2680 903 2871 957 similis
2897 911 2972 957 est
3010 904 3155 972 patri
3214 902 3484 974 familias,

1890 998 1983 1070 qui
2010 1013 2075 1052 ea:
2098 998 2344 1051 thesauro
2372 1012 2467 1050 suo
2489 996 2621 1050 bono
2648 997 2850 1066 profert
2875 1011 3007 1049 nova
3031 1004 3081 1048 et
3109 994 3347 1049 cetera”L
3375 1034 3389 1049 .
3410 994 3491 1049 Eo

1892 1094 2011 1164 ipso
2042 1092 2214 1156 enim,
2247 1106 2358 1162 quo
2382 1091 2437 1145 in
2462 1089 2656 1145 eodem
2690 1090 2954 1145 thesauro
2976 1095 3034 1144 et
3066 1104 3134 1144 ex
3162 1089 3359 1143 eodem
3390 1104 3491 1143 no-

1890 1202 2021 1243 vum
2051 1194 2108 1241 et
2136 1194 2292 1241 vetus
2314 1191 2706 1241 testamentum
2734 1182 3030 1253 provenire
3057 1182 3243 1247 docet,
3283 1182 3491 1238 conﬁr-

1892 1288 2005 1336 mat
2026 1280 2276 1345 omnino,
2312 1294 2377 1335 ea
2415 1277 2520 1333 sibi
2552 1277 2791 1333 invicem
2845 1276 3160 1332 consentire
3188 1286 3245 1332 et
3278 1292 3489 1333 conve-

1892 1373 2033 1436 nire,
2055 1389 2167 1428 non
2185 1380 2368 1427 autem
2392 1387 2577 1427 secum
2596 1386 2873 1443 pugnare.
2891 1371 3026 1426 Dum
3048 1387 3179 1428 vero
3204 1373 3493 1443 utriusque

1893 1464 2201 1521 doctrinam
2232 1464 2302 1519 ad
2365 1478 2598 1534 regnum
2648 1463 2915 1518 cmlorum
2953 1462 3257 1535 perducere
3300 1466 3488 1531 tradit,

1893 1557 2076 1614 adhuc
2124 1557 2324 1612 clarius
2376 1555 2804 1611 consensionem
2833 1558 2935 1612 “et
2978 1572 3182 1613 nexum
3239 1568 3492 1614 mutuum

1895 1648 2327 1706 indissolubilem
2366 1648 2623 1704 astruxit.
2678 1647 2839 1715 Quod
2890 1648 2936 1704 si
2988 1650 3155 1721 igitur
3198 1659 3494 1720 utrumque

1894 1751 2282 1801 testamentum
2314 1741 2368 1796 in
2405 1742 2598 1798 eadem
2639 1757 2698 1797 re
2753 1742 2998 1798 thesauri
3029 1743 3206 1799 instar
3239 1744 3492 1799 recondi-

1897 1845 2013 1891 tum
2043 1845 2148 1901 est,
2173 1845 2229 1892 et
2255 1851 2320 1891 ex
2351 1835 2547 1891 eodem
2576 1835 2777 1891 iterum
2815 1835 3021 1906 prodit,
3056 1836 3113 1890 in
3157 1836 3303 1891 idem
3352 1851 3493 1905 quo-

1900 1945 2007 2000 que
2017 1930 2281 1985 caelorum
2296 1944 2523 2001 regnum
2538 1944 2653 1995 eos,
2675 1929 2769 1999 qui
2791 1938 3087 1998 utrumque
3104 1945 3437 1985 asservarun
3449 1940 3494 1993 t,

1902 2024 2173 2095 perducit,
2200 2023 2477 2093 quomodo
2506 2038 2572 2077 ea
2626 2022 2894 2093 oppositae
2940 2022 3208 2078 factiones
3261 2039 3500 2094 separa-

1902 2116 2085 2173 bunt?
2114 2114 2307 2172 Nonne
2328 2116 2513 2187 potius
2537 2118 2827 2187 utriusque
2855 2116 3173 2172 testamenti
3207 2126 3401 2172 auctor
3432 2131 3499 2171 ea

1902 2211 2155 2291 proloqui
2202 2210 2470 2267 audentes
2503 2209 2704 2266 ridebit
2751 2217 2808 2264 et
2855 2208 3243 2274 subsannabit,
3284 2209 3395 2264 imo
3438 2216 3503 2264 ut

1902 2319 2032 2359 vasa
2070 2303 2219 2375 figuli
2264 2310 2541 2370 conteret,
2584 2312 2843 2373 tanquam
2910 2316 3027 2367 eos,
3083 2301 3177 2371 qui
3239 2317 3299 2355 sc
3348 2317 3377 2355 a
3413 2301 3500 2355 via

1904 2405 2054 2452 recta
2080 2396 2456 2467 separaverint
2487 2403 2543 2451 et
2570 2394 2958 2466 perdiderint?
2989 2394 3334 2450 Praenuntiat
3368 2409 3502 2449 vero

1903 2498 1957 2545 et
1978 2490 2244 2560 propheta
2272 2489 2470 2555 Isaias,
2506 2504 2572 2544 ea
2604 2504 2727 2559 quas
2784 2498 3036 2559 tempore
3092 2488 3405 2543 Servatoris
3439 2500 3502 2543 rc

1903 2580 2021 2652 ipsa
2041 2582 2284 2652 praestita
2315 2581 2695 2652 apparebant:
2742 2578 2867 2649 Ipse
2907 2580 3251 2649 inﬁrmitates
3287 2588 3501 2634 nostras

1901 2675 2148 2744 suscepit,
2176 2682 2226 2728 et
2258 2672 2464 2727 morbos
2490 2672 2710 2741 pertulit
2734 2688 2754 2727 :
2783 2681 2832 2727 et
2853 2672 3024 2744 plagis
3052 2673 3168 2743 ejus
3201 2690 3294 2727 nos
3320 2688 3499 2726 ontues

1901 2766 2081 2821 sanati
2112 2763 2397 2820 sumus”.
2422 2763 2498 2820 Ea
2530 2780 2750 2836 quoque
2778 2781 2903 2837 quas
2942 2766 3503 2821 dominumtenebra-

1902 2873 2025 2913 rum
2053 2867 2109 2913 et
2133 2866 2432 2929 potestates
2463 2857 2768 2923 latuerunt,
2800 2858 2921 2914 haec
2968 2856 3227 2929 praescire
3258 2857 3502 2927 prophe-

1904 2960 2038 3014 tam,
2064 2950 2269 3006 donum
2301 2950 2687 3022 propheticum
2715 2958 2772 3006 et
2823 2950 2935 3006 vita
2977 2951 3282 3006 secundum
3326 2950 3502 3020 legem

1902 3051 2026 3096 acta
2057 3042 2209 3097 fecit.
2244 3040 2533 3109 Quomodo
2564 3057 2697 3098 vero
2724 3042 3037 3114 prophetia,
3067 3056 3189 3111 qua:
3230 3040 3503 3095 latronem

1904 3133 2083 3199 latuit,
2121 3148 2188 3189 ex
2211 3134 2383 3204 ipsius
2404 3135 2769 3206 inspiratione
2798 3133 3043 3205 profecta
3071 3131 3505 3198 est?Quomodo

1907 3226 1954 3281 is
1985 3227 2080 3297 qui
2114 3226 2402 3282 Dominum
2432 3235 2684 3283 nostrum
2723 3227 2914 3283 Jesum
2944 3225 3226 3281 Christum
3262 3225 3333 3278 ita
3362 3238 3505 3293 pras-

1901 3321 2129 3383 dicavit,
2179 3328 2343 3390 atque
2375 3321 2612 3376 salutem
2650 3330 2901 3375 nostram
2953 3318 3029 3373 ita
3088 3315 3505 3371 instaurandam

202 3413 430 3479 καὶτὰς
463 3414 575 3486 (Η)
619 3414 867 3480 ἐξουσίας
916 3413 1156 3481 διέλαθε,
1207 3412 1382 3467 ταῦτα
1420 3412 1733 3484 προειδέναι
1765 3413 1794 3483 ή

1898 3413 2174 3484 ρεεεύίχίι,
2215 3413 2401 3468 futura
2431 3413 2555 3483 ;nisi
2596 3429 2628 3468 a
2666 3412 2779 3468 Deo
2824 3413 2972 3468 bono
2994 3420 3051 3467 et
3070 3410 3268 3476 Patre,
3322 3424 3353 3463 a
3393 3421 3506 3479 quo

200 3507 529 3581 προφητικὴ
577 3508 741 3580 χάρις
795 3507 893 3561 καὶ
936 3507 971 3578 ἡ
1018 3505 1165 3561 κατά
1224 3504 1391 3575 νόμον
1442 3502 1693 3557 πολιτεία
1722 3502 1794 3572 τῷ

1898 3505 2024 3560 fons
2066 3504 2333 3570 veritatis,
2361 3505 2481 3576 ipse
2517 3505 2782 3561 Servator
2813 3514 3026 3567 noster,
3062 3500 3359 3573 proﬂuxit,
3406 3498 3504 3555 sed

204 3601 475 3675 προφήτῃ
520 3600 831 3674 ἐχαρίζετο.
894 3598 1008 3654 Καὶ
1048 3598 1167 3662 πῶς
1214 3598 1247 3667 ἡ
1295 3596 1389 3651 τὸν
1426 3595 1633 3667 λῃστὴν
1671 3595 1794 3648 λαν-

1900 3595 1970 3651 ab
2014 3596 2122 3652 alio
2178 3598 2323 3652 malo
2366 3597 2641 3670 principio
2699 3595 3123 3668 inspirationcm
3177 3592 3503 3655 habuisset.

205 3691 451 3747 θάνουσα
510 3693 824 3763 προφητεία
894 3692 962 3744 ἐκ
1006 3690 1107 3759 τῆς
1132 3687 1302 3742 αὐτοῦ
1357 3686 1635 3758 προήγετο
1676 3686 1794 3739 ἐπι-

1902 3688 2238 3745 vaticinatus
2275 3690 2404 3746 est?

205 3784 437 3851 πνοίαςς
465 3787 593 3851 Πῶς
633 3785 691 3839 δὲ
717 3787 747 3840 6
780 3785 872 3839 τδν
902 3785 1111 3858 Κύριον
1147 3782 1310 3855 ήμῶν
1362 3778 1574 3852 Ἰησοῦν
1604 3778 1843 3849 Χριστὸν
1880 3777 2025 3834 οὐτω
2084 3782 2187 3853 μὲν
2249 3782 2540 3853 θεολογῶν,
2599 3783 2746 3839 οὕτω
2785 3784 2845 3837 δέ
2882 3781 2982 3855 τὴν
3024 3778 3305 3853 σωτηρίαν
3343 3774 3507 3850 ἡμῶν

200 3879 711 3951 προκαταγγέλλων
738 3879 1199 3952 διαπράττεσθαι,
1226 3877 1330 3931 οὐκ
1356 3877 1422 3929 ἐκ
1446 3873 1543 3928 τοῦ
1582 3871 1794 3942 ἀγαθοῦ
1833 3873 1971 3928 Θεοῦ
1995 3877 2091 3930 καὶ
2120 3878 2335 3948 Πατρὸς
2383 3879 2754 3951 ἐκπνεόμενος
2799 3880 2870 3934 τὰ
2928 3877 3194 3950 μέλλοντα
3254 3875 3505 3945 ἐχρησμ-

204 3978 360 4051 ῴδει,
396 3976 457 4041 ἐξ
483 3971 546 4031 οὗ
573 3977 672 4046 τῆς
692 3973 954 4048 ἀληθείας
974 3977 1009 4047 ή
1038 3974 1194 4046 πηγή
1219 3972 1385 4036 αὐτὸς
1412 3971 1441 4025 6
1461 3968 1655 4040 Σωτὴρ
1681 3967 1844 4039 ἡμῶν
1883 3971 2180 4043 προῆλθεν,
2208 3974 2349 4029 ἀλλά
2375 3992 2525 4040 τινος
2555 3975 2669 4047 (12)
2701 3975 2873 4047 ἄλλης
2920 3973 3191 4047 πονηρίας
3253 3968 3511 4043 ενεργού-

208 4090 317 4142 σης
348 4070 667 4141 ἀρχεκάκου
688 4087 704 4137 ;
1322 4118 1331 4123 ν.

283 4164 427 4219 KH'.
481 4159 609 4235 Ἆρ’
674 4161 737 4217 οὐ
778 4159 1021 4216 παύεσθε
1074 4157 1500 4232 θεομαχοῦντες,
1549 4155 1673 4211 οὐδέ
1718 4170 1794 4217 τις

1972 4152 2169 4211 XVIII.
2218 4157 2482 4228 Nunquid
2550 4158 2716 4230 igitur
2770 4158 3045 4223 cessatis,
3089 4167 3281 4214 contra
3335 4156 3509 4213 Deum

208 4256 363 4329 ὑμᾶς
396 4255 704 4328 μετάμελος
746 4254 846 4326 τῆς
891 4254 1111 4325 μακρᾶς
1156 4254 1422 4324 ἀναφέρει
1455 4250 1701 4321 πλάνηςς
1746 4247 1794 4300 '(l

1902 4262 2168 4318 pugnare,
2194 4263 2375 4319 neque
2398 4263 2496 4303 vos
2529 4249 2637 4303 ulla
2673 4248 3002 4319 poenitentia
3044 4262 3075 4302 a
3108 4248 3275 4319 longo
3316 4261 3508 4301 errore

211 4348 473 4420 μέντοιγε
532 4346 726 4418 Σωτὴρ
774 4345 933 4418 ήμῶν
982 4345 1064 4417 τῷ
1113 4344 1469 4417 προσελθόντι
1508 4342 1663 4413 αὐτῷ
1710 4341 1794 4397 καί

1905 4341 2171 4396 revocat?
2196 4342 2267 4396 At
2301 4341 2587 4396 enimvero
2643 4339 2906 4395 Servator
2954 4347 3145 4395 noster
3199 4338 3377 4404 illum,
3412 4337 3509 4407 qui

208 4436 365 4509 ζωὴν
410 4435 633 4492 αίώνιον
664 4434 1019 4508 ἐπιξητοῦντι
1059 4435 1266 4508 ταύτης
1296 4436 1480 4506 τυχεῖν
1530 4433 1794 4503 ἐπαγγέλ-

1906 4433 1976 4489 ad
2012 4448 2073 4488 se
2102 4434 2331 4490 veniens
2356 4433 2524 4488 vitam
2551 4442 2814 4488 aeternam
2837 4433 3143 4503 quaerebat,
3172 4431 3340 4501 hujus
3374 4445 3509 4500 par-

210 4526 400 4593 λεται,
430 4527 533 4581 οὐκ
587 4527 685 4581 ἐὰν
728 4527 821 4581 τὸν
867 4527 1033 4599 νόμον
1075 4526 1467 4598 βλασφημήσῃ,
1524 4525 1649 4579 οὐδέ
1678 4526 1794 4589 τοὺς

1913 4524 2137 4595 ticipem
2170 4523 2289 4579 fore
2317 4524 2613 4595 promittit,
2661 4539 2770 4579 non
2813 4530 2989 4589 certe,
3029 4522 3073 4577 si
3105 4521 3280 4594 legem
3322 4518 3512 4577 convi-

212 4617 510 4686 προφήτας
559 4617 945 4690 ἐκμυκτηρίσῃ
971 4658 987 4683 ,
1038 4618 1157 4674 ἀλλ’
1210 4618 1264 4672 εἴ
1310 4634 1376 4688 γε
1419 4618 1521 4674 τὰς
1584 4616 1794 4680 ἐντολὰς

1906 4616 2009 4679 ciis
2044 4616 2441 4689 proscinderet,
2469 4625 2565 4670 aut
2585 4616 2887 4687 prophetas
2920 4617 3312 4676 subsannaret,
3340 4612 3438 4667 sed
3462 4611 3510 4665 si

212 4710 515 4784 πληρώσῃ.
579 4711 995 4782 Πυνθανομένου
1038 4711 1149 4782 γὰρ
1212 4710 1311 4765 τοῦ
1358 4709 1459 4781 τὴν
1504 4708 1651 4777 ζωὴν
1705 4708 1794 4780 rip

1908 4714 2189 4786 praecepta
2210 4716 2477 4764 servaret.
2502 4709 2641 4764 Cum
2667 4709 2818 4765 enim
2844 4709 3035 4775 homo,
3073 4708 3143 4762 de
3171 4707 3281 4761 vita
3302 4714 3513 4759 aeterna

211 4800 440 4857 αἰώνιον
477 4801 781 4867 αἰτοῦντος,
806 4801 1009 4868 Ποίας;
1038 4802 1130 4873 (Ὢ
1163 4800 1266 4870 τῆς
1298 4799 1503 4870 πολλῆς
1524 4798 1619 4854 τοῦ
1641 4799 1794 4870 νόμοι¹

1908 4804 2199 4867 sollicitus,
2242 4811 2556 4871 quaereret,
2606 4816 2856 4872 quaenam
2893 4800 3164 4858 servanda
3215 4797 3438 4869 essent(
3466 4796 3515 4853 Ο

213 4891 656 4964 σεδασμιότητος
677 4894 691 4947 l
709 4893 728 4965 )
748 4893 811 4947 οὐ
833 4893 934 4956 τὰς
963 4893 1073 4947 ἀπὸ
1091 4892 1194 4963 τῆς
1216 4892 1442 4964 χάριτος
1470 4891 1639 4958 αὐτῷ,
1671 4891 1794 4947 ἀλλᾶ

1908 4897 2171 4955 eximium
2204 4895 2433 4960 cultum,
2459 4894 2563 4967 legi
2597 4894 2902 4965 praestitum
2924 4897 2941 4949 ι
2961 4893 2981 4964 )
3004 4910 3112 4948 non
3135 4908 3198 4948 ea
3226 4907 3348 4962 qua:
3388 4906 3513 4964 gra-

212 4985 321 5049 τάς
357 4980 468 5037 ἀπὸ
508 4982 604 5037 τοῦ
656 4984 824 5055 νόμου
870 4983 1267 5057 προϐάλλεται,
1316 4984 1401 5037 Οὐ
1458 4983 1794 5053 ερον-δύσεις·1

1910 4991 2021 5056 tiae,
2062 4990 2158 5045 sed
2203 5003 2326 5059 qua:
2389 4986 2524 5059 legis
2562 4996 2740 5053 erant,
2794 4984 3076 5057 proponit,
3121 4984 3244 5040 Non
3282 4984 3508 5050 occides,

215 5078 533 5146 λέγων,ὀύ
556 5095 658 5148 μοι
667 5078 933 5147 χεύσεις,
953 5078 1028 5133 οὐ
1062 5075 1334 5146 κλέψεις,
1367 5077 1440 5131 οὐ
1465 5077 1794 5147 ψνςυόομαρ⁴

1921 5084 2199 5154 inquiens,
2220 5098 2325 5137 non
2356 5081 2716 5146 maechaberis,
2740 5096 2843 5135 non
2873 5079 3158 5153 furaberis,
3183 5096 3285 5134 non
3314 5079 3513 5149 falsum

214 5169 533 5242 τυρήσεις.
566 5171 715 5242 Τίμα
746 5170 855 5225 τὸν
892 5169 1123 5239 πατέρα
1156 5168 1260 5225 καί
1296 5169 1415 5239 τὴν
1439 5170 1690 5240 μητέρα,
1715 5189 1792 5227 κα

1927 5177 2284 5233 testimonium
2305 5175 2469 5231 dices.
2498 5173 2719 5230 Honora
2744 5182 2954 5245 patrem
2978 5183 3149 5241 tuum,
3184 5182 3236 5229 et
3265 5182 3517 5241 matrem,

287 5325 355 5359 ³*
385 5325 576 5383 Matth.
597 5342 720 5391 xm,
746 5326 836 5382 52.
911 5327 933 5359 ’
956 5326 1089 5382 Luc.
1121 5343 1179 5393 ιι,
1204 5326 1277 5381 42
1387 5326 1447 5360 ⁸*
1475 5327 1576 5383 lsa.
1605 5344 1717 5395 LIII,
1751 5330 1805 5385 5.

1330 5442 1568 5501 VARIE
1608 5444 1992 5504 LECTIONES
2018 5445 2109 5503 ET
2143 5444 2380 5504 ΝΟΤιΕ.

294 5554 441 5638 (19:)
458 5557 929 5638 Προερχόμειζρν.
943 5558 1020 5638 Ita
1030 5559 1221 5638 scripsi
1236 5574 1336 5638 pro
1350 5560 1789 5638 προσερχόμενον

1994 5563 2109 5638 (12)
2140 5564 2329 5638 Ἀλλὰ
2350 5562 2651 5638 tiroq.__Sic
2676 5563 2871 5636 scripsi
2893 5578 2995 5635 pro
3020 5562 3156 5617 ἀλλὰ
3174 5558 3513 5638 τίνοςρμιιυοιί

220 5626 579 5706 ρειιηίίεειυηι
603 5626 1066 5706 -est',__Ifhotium
1121 5626 1211 5706 hic
1236 5626 1253 5706 ξ
1282 5626 1416 5706 illud
1475 5626 1641 5706 virile;
1672 5633 1819 5706 quod
1924 5626 2102 5691 codex'
2128 5636 2391 5691 mendose
2425 5626 2745 5698 exhibebat,
2787 5626 2965 5706 ’quém
3012 5643 3069 5688 et
3101 5648 3248 5706 saepe
3286 5626 3511 5706 aliisin

223 5697 449 5779 Marcus
478 5713 575 5763 vn,
598 5699 692 5779 2_0,
743 5700 877 5755 dicit
925 5701 1322 5779 ἐκπορεύεσθαι
1348 5702 1438 5779 ,ἐκ
1461 5700 1557 5754 τοῦ
1577 5771 1589 5779 _
1608 5697 1793 5779 ἀνθρώ

1924 5706 2221 5779 scriptione
2245 5713 2573 5779 accentuum
2606 5722 2639 5761 a
2677 5697 3097 5779 vero'aherrare
3138 5697 3507 5779 deprehendi,

225 5785 359 5846 που.
386 5768 487 5846 _Sic
516 5771 678 5846 paulo
737 5781 875 5846 post
900 5773 978 5846 ait
1007 5790 1021 5827 :
1054 5768 1167 5846 Τὴν
1211 5772 1410 5844 καινήν
1454 5768 1794 5844 προέρχεσθα

1924 5768 2053 5832 hinc
2080 5776 2206 5833 inde
2231 5777 2421 5843 etiam,
2453 5776 2547 5831 ubi
2571 5792 2681 5831 non
2715 5776 2932 5846 monui,
2959 5775 3029 5832 ad
3058 5768 3301 5831 rationes
3334 5788 3518 5845 gram-

228 5840 323 5896 καὶ
344 5838 450 5906 τὴν
474 5838 711 5895 παλαιὰν
737 5838 1068 5898 ἐκδιδάσκει.
1121 5838 1134 5846 ’
1364 5838 1376 5844 ’
1496 5838 1514 5903 η’

1922 5848 2148 5905 maticas
2171 5863 2202 5905 a
2237 5863 2327 5904 me
2363 5838 2743 5905 emendatum.

300 5910 421 5982 (II)
458 5909 589 5979 Τάς.
618 5910 853 5970 Restitui
881 5916 987 5972 hoc
1014 5931 1116 5987 pro
1149 5915 1268 5987 τῆς,
1296 5914 1443 5988 quod
1470 5913 1526 5970 in
1546 5929 1652 5972 ms.
1678 5922 1818 5972 erat.

3545 5381 3564 5442 'I
