  <div class='ocr_page' id='page_1' title='image "/cluster/home/n/w/nwhite01/storage/ocr_20150623/102/hvd.32044012543948/115.png"; bbox 0 0 4022 6410; ppageno 0'>
   <div class='ocr_carea' id='block_1_1' title="bbox 530 385 639 453">
    <p class='ocr_par' dir='ltr' id='par_1_1' title="bbox 530 385 639 453">
     <span class='ocr_line' id='line_1_1' title="bbox 530 385 639 453; baseline 0.037 -4"><span class='ocrx_word' id='word_1_1' title='bbox 530 385 639 453; x_wconf 82' lang='grc'><strong>219</strong></span> 
     </span>
    </p>
   </div>
   <div class='ocr_carea' id='block_1_2' title="bbox 1599 398 2627 480">
    <p class='ocr_par' dir='ltr' id='par_1_2' title="bbox 1599 398 2627 480">
     <span class='ocr_line' id='line_1_2' title="bbox 1599 398 2627 480; baseline 0.011 -12"><span class='ocrx_word' id='word_1_2' title='bbox 1599 398 1609 407; x_wconf 75' lang='grc'><strong>’</strong></span> <span class='ocrx_word' id='word_1_3' title='bbox 1649 409 1915 472; x_wconf 85' lang='grc' dir='ltr'><strong>ΡΗΟΤΙΙ</strong></span> <span class='ocrx_word' id='word_1_4' title='bbox 1969 411 2481 476; x_wconf 70' lang='lat' dir='ltr'><strong>PATRIARCH/E</strong></span> <span class='ocrx_word' id='word_1_5' title='bbox 2514 417 2627 480; x_wconf 75' lang='grc' dir='ltr'><strong>ΟΡ.</strong></span> 
     </span>
    </p>
   </div>
   <div class='ocr_carea' id='block_1_3' title="bbox 3710 418 3829 491">
    <p class='ocr_par' dir='ltr' id='par_1_3' title="bbox 3710 418 3829 491">
     <span class='ocr_line' id='line_1_3' title="bbox 3710 418 3829 491; baseline 0.017 -1"><span class='ocrx_word' id='word_1_6' title='bbox 3710 418 3829 491; x_wconf 77' lang='grc'><strong>220</strong></span> 
     </span>
    </p>
   </div>
   <div class='ocr_carea' id='block_1_4' title="bbox 531 474 2104 604">
    <p class='ocr_par' dir='ltr' id='par_1_4' title="bbox 531 504 2104 589">
     <span class='ocr_line' id='line_1_4' title="bbox 531 504 2104 589; baseline 0.015 -33"><span class='ocrx_word' id='word_1_7' title='bbox 531 514 582 558; x_wconf 82' lang='lat' dir='ltr'><strong>et</strong></span> <span class='ocrx_word' id='word_1_8' title='bbox 613 504 771 577; x_wconf 83' lang='lat' dir='ltr'><strong>dilige</strong></span> <span class='ocrx_word' id='word_1_9' title='bbox 791 510 1091 577; x_wconf 73' lang='lat' dir='ltr'><strong>proximum</strong></span> <span class='ocrx_word' id='word_1_10' title='bbox 1138 524 1284 570; x_wconf 80' lang='lat' dir='ltr'><strong>tuum</strong></span> <span class='ocrx_word' id='word_1_11' title='bbox 1310 518 1443 571; x_wconf 76' lang='lat' dir='ltr'><strong>sicut</strong></span> <span class='ocrx_word' id='word_1_12' title='bbox 1463 529 1512 574; x_wconf 88' lang='lat' dir='ltr'><strong>te</strong></span> <span class='ocrx_word' id='word_1_13' title='bbox 1542 520 1710 589; x_wconf 78' lang='lat' dir='ltr'><strong>ipsum</strong></span> <span class='ocrx_word' id='word_1_14' title='bbox 1741 526 1804 577; x_wconf 87' lang='grc'><strong>¹⁶.</strong></span> <span class='ocrx_word' id='word_1_15' title='bbox 1831 524 1965 581; x_wconf 77' lang='lat' dir='ltr'><strong>Yide</strong></span> <span class='ocrx_word' id='word_1_16' title='bbox 1995 543 2104 581; x_wconf 71' lang='lat' dir='ltr'><strong>veri</strong></span> 
     </span>
    </p>
   </div>
   <div class='ocr_carea' id='block_1_5' title="bbox 2206 474 3825 604">
    <p class='ocr_par' dir='ltr' id='par_1_5' title="bbox 2227 528 3825 604">
     <span class='ocr_line' id='line_1_5' title="bbox 2227 528 3825 604; baseline 0.009 -23"><span class='ocrx_word' id='word_1_17' title='bbox 2227 528 2570 599; x_wconf 78' lang='grc' dir='ltr'><strong>ἀγαπήσεις</strong></span> <span class='ocrx_word' id='word_1_18' title='bbox 2604 531 2713 587; x_wconf 80' lang='grc' dir='ltr'><strong>τὸν</strong></span> <span class='ocrx_word' id='word_1_19' title='bbox 2742 533 3018 603; x_wconf 73' lang='grc' dir='ltr'>πλησίον</span> <span class='ocrx_word' id='word_1_20' title='bbox 3070 547 3192 591; x_wconf 85' lang='grc' dir='ltr'>σου</span> <span class='ocrx_word' id='word_1_21' title='bbox 3232 534 3316 604; x_wconf 84' lang='grc' dir='ltr'>ὠς</span> <span class='ocrx_word' id='word_1_22' title='bbox 3367 539 3655 595; x_wconf 70' lang='grc' dir='ltr'>σεαυτόν.</span> <span class='ocrx_word' id='word_1_23' title='bbox 3710 542 3825 595; x_wconf 73' lang='grc' dir='ltr'>Καὶ</span> 
     </span>
    </p>
   </div>
   <div class='ocr_carea' id='block_1_6' title="bbox 533 595 2119 688">
    <p class='ocr_par' dir='ltr' id='par_1_6' title="bbox 533 595 2119 688">
     <span class='ocr_line' id='line_1_6' title="bbox 533 595 2119 688; baseline 0.016 -40"><span class='ocrx_word' id='word_1_24' title='bbox 533 595 760 665; x_wconf 73' lang='lat' dir='ltr'><strong>bonum,</strong></span> <span class='ocrx_word' id='word_1_25' title='bbox 788 601 932 670; x_wconf 92' lang='lat' dir='ltr'><strong>quod</strong></span> <span class='ocrx_word' id='word_1_26' title='bbox 961 603 1233 675; x_wconf 88' lang='lat' dir='ltr'><strong>injuvene</strong></span> <span class='ocrx_word' id='word_1_27' title='bbox 1266 610 1358 664; x_wconf 92' lang='lat' dir='ltr'><strong>illo</strong></span> <span class='ocrx_word' id='word_1_28' title='bbox 1387 621 1523 675; x_wconf 89' lang='lat' dir='ltr'><strong>erat,</strong></span> <span class='ocrx_word' id='word_1_29' title='bbox 1556 621 1615 667; x_wconf 91' lang='lat' dir='ltr'><strong>ut</strong></span> <span class='ocrx_word' id='word_1_30' title='bbox 1634 614 1925 687; x_wconf 74' lang='lat' dir='ltr'><strong>intelligas,</strong></span> <span class='ocrx_word' id='word_1_31' title='bbox 1956 618 2119 688; x_wconf 85' lang='lat' dir='ltr'><strong>quale</strong></span> 
     </span>
    </p>
   </div>
   <div class='ocr_carea' id='block_1_7' title="bbox 531 686 2116 766">
    <p class='ocr_par' dir='ltr' id='par_1_7' title="bbox 531 686 2116 766">
     <span class='ocr_line' id='line_1_7' title="bbox 531 686 2116 766; baseline 0.016 -26"><span class='ocrx_word' id='word_1_32' title='bbox 531 686 754 755; x_wconf 77' lang='lat' dir='ltr'><strong>quidem</strong></span> <span class='ocrx_word' id='word_1_33' title='bbox 801 691 935 747; x_wconf 88' lang='lat' dir='ltr'><strong>illud</strong></span> <span class='ocrx_word' id='word_1_34' title='bbox 973 694 1065 760; x_wconf 89' lang='lat' dir='ltr'><strong>sit,</strong></span> <span class='ocrx_word' id='word_1_35' title='bbox 1089 698 1247 766; x_wconf 84' lang='lat' dir='ltr'><strong>cujus</strong></span> <span class='ocrx_word' id='word_1_36' title='bbox 1274 701 1590 758; x_wconf 79' lang='lat' dir='ltr'><strong>observatio</strong></span> <span class='ocrx_word' id='word_1_37' title='bbox 1640 686 2116 765; x_wconf 15' lang='lat' dir='ltr'><strong>vitamiaater‘nam</strong></span> 
     </span>
    </p>
   </div>
   <div class='ocr_carea' id='block_1_8' title="bbox 531 781 2118 868">
    <p class='ocr_par' dir='ltr' id='par_1_8' title="bbox 531 781 2118 868">
     <span class='ocr_line' id='line_1_8' title="bbox 531 781 2118 868; baseline 0.017 -36"><span class='ocrx_word' id='word_1_38' title='bbox 531 781 807 837; x_wconf 87' lang='lat' dir='ltr'><strong>conciliet.</strong></span> <span class='ocrx_word' id='word_1_39' title='bbox 857 784 997 841; x_wconf 87' lang='lat' dir='ltr'><strong>Cum</strong></span> <span class='ocrx_word' id='word_1_40' title='bbox 1030 788 1176 844; x_wconf 89' lang='lat' dir='ltr'><strong>enim</strong></span> <span class='ocrx_word' id='word_1_41' title='bbox 1236 791 1283 845; x_wconf 90' lang='lat' dir='ltr'><strong>is</strong></span> <span class='ocrx_word' id='word_1_42' title='bbox 1332 794 1737 868; x_wconf 73' lang='lat' dir='ltr'><strong>interrogaret,</strong></span> <span class='ocrx_word' id='word_1_43' title='bbox 1782 800 1921 856; x_wconf 83' lang='lat' dir='ltr'><strong>nihil</strong></span> <span class='ocrx_word' id='word_1_44' title='bbox 1965 802 2118 859; x_wconf 83' lang='lat' dir='ltr'><strong>aliud</strong></span> 
     </span>
    </p>
   </div>
   <div class='ocr_carea' id='block_1_9' title="bbox 532 867 2117 969">
    <p class='ocr_par' dir='ltr' id='par_1_9' title="bbox 532 867 2117 969">
     <span class='ocr_line' id='line_1_9' title="bbox 532 867 2117 969; baseline 0.02 -48"><span class='ocrx_word' id='word_1_45' title='bbox 532 867 711 938; x_wconf 86' lang='lat' dir='ltr'><strong>ipsum</strong></span> <span class='ocrx_word' id='word_1_46' title='bbox 736 872 976 941; x_wconf 89' lang='lat' dir='ltr'><strong>edocuit,</strong></span> <span class='ocrx_word' id='word_1_47' title='bbox 1008 895 1193 949; x_wconf 88' lang='lat' dir='ltr'><strong>quam,</strong></span> <span class='ocrx_word' id='word_1_48' title='bbox 1214 888 1505 953; x_wconf 71' lang='lat' dir='ltr'><strong>apostasia:</strong></span> <span class='ocrx_word' id='word_1_49' title='bbox 1533 867 1594 945; x_wconf 89' lang='lat' dir='ltr'><strong>se</strong></span> <span class='ocrx_word' id='word_1_50' title='bbox 1621 906 1932 962; x_wconf 89' lang='lat' dir='ltr'><strong>opponens,</strong></span> <span class='ocrx_word' id='word_1_51' title='bbox 1981 895 2117 969; x_wconf 90' lang='lat' dir='ltr'><strong>legis</strong></span> 
     </span>
    </p>
   </div>
   <div class='ocr_carea' id='block_1_10' title="bbox 532 973 2117 1044">
    <p class='ocr_par' dir='ltr' id='par_1_10' title="bbox 532 973 2117 1044">
     <span class='ocr_line' id='line_1_10' title="bbox 532 973 2117 1044; baseline 0.02 -32"><span class='ocrx_word' id='word_1_52' title='bbox 532 974 802 1034; x_wconf 69' lang='lat' dir='ltr'><strong>praecepta</strong></span> <span class='ocrx_word' id='word_1_53' title='bbox 837 973 1147 1039; x_wconf 88' lang='lat' dir='ltr'><strong>proposuit,</strong></span> <span class='ocrx_word' id='word_1_54' title='bbox 1178 989 1302 1030; x_wconf 89' lang='lat' dir='ltr'><strong>eum</strong></span> <span class='ocrx_word' id='word_1_55' title='bbox 1336 979 1503 1034; x_wconf 91' lang='lat' dir='ltr'><strong>multa</strong></span> <span class='ocrx_word' id='word_1_56' title='bbox 1538 985 1952 1042; x_wconf 84' lang='lat' dir='ltr'><strong>asseveratione</strong></span> <span class='ocrx_word' id='word_1_57' title='bbox 1978 1003 2117 1044; x_wconf 90' lang='lat' dir='ltr'><strong>con-</strong></span> 
     </span>
    </p>
   </div>
   <div class='ocr_carea' id='block_1_11' title="bbox 532 1055 2115 1138">
    <p class='ocr_par' dir='ltr' id='par_1_11' title="bbox 532 1055 2115 1138">
     <span class='ocr_line' id='line_1_11' title="bbox 532 1055 2115 1138; baseline 0.021 -33"><span class='ocrx_word' id='word_1_58' title='bbox 532 1055 785 1121; x_wconf 90' lang='lat' dir='ltr'><strong>tendens,</strong></span> <span class='ocrx_word' id='word_1_59' title='bbox 822 1074 888 1114; x_wconf 88' lang='lat' dir='ltr'><strong>ea</strong></span> <span class='ocrx_word' id='word_1_60' title='bbox 919 1061 1060 1117; x_wconf 91' lang='lat' dir='ltr'><strong>bona</strong></span> <span class='ocrx_word' id='word_1_61' title='bbox 1081 1079 1205 1121; x_wconf 91' lang='lat' dir='ltr'><strong>esse</strong></span> <span class='ocrx_word' id='word_1_62' title='bbox 1229 1076 1285 1122; x_wconf 87' lang='lat' dir='ltr'><strong>et</strong></span> <span class='ocrx_word' id='word_1_63' title='bbox 1310 1070 1375 1122; x_wconf 89' lang='lat' dir='ltr'><strong>ad</strong></span> <span class='ocrx_word' id='word_1_64' title='bbox 1397 1071 1565 1127; x_wconf 85' lang='lat' dir='ltr'><strong>vitam</strong></span> <span class='ocrx_word' id='word_1_65' title='bbox 1596 1084 1860 1132; x_wconf 70' lang='lat' dir='ltr'><strong>aeternam</strong></span> <span class='ocrx_word' id='word_1_66' title='bbox 1887 1078 2115 1138; x_wconf 90' lang='lat' dir='ltr'><strong>ducere.</strong></span> 
     </span>
    </p>
   </div>
   <div class='ocr_carea' id='block_1_12' title="bbox 530 1142 2114 1245">
    <p class='ocr_par' dir='ltr' id='par_1_12' title="bbox 530 1142 2114 1245">
     <span class='ocr_line' id='line_1_12' title="bbox 530 1142 2114 1245; baseline 0.02 -47"><span class='ocrx_word' id='word_1_67' title='bbox 530 1142 687 1210; x_wconf 85' lang='lat' dir='ltr'><strong>Quod</strong></span> <span class='ocrx_word' id='word_1_68' title='bbox 716 1149 761 1204; x_wconf 91' lang='lat' dir='ltr'><strong>si</strong></span> <span class='ocrx_word' id='word_1_69' title='bbox 810 1168 991 1210; x_wconf 83' lang='lat' dir='ltr'><strong>veroa</strong></span> <span class='ocrx_word' id='word_1_70' title='bbox 1021 1157 1167 1213; x_wconf 92' lang='lat' dir='ltr'><strong>bono</strong></span> <span class='ocrx_word' id='word_1_71' title='bbox 1192 1160 1351 1217; x_wconf 83' lang='lat' dir='ltr'><strong>Patre</strong></span> <span class='ocrx_word' id='word_1_72' title='bbox 1383 1179 1494 1219; x_wconf 92' lang='lat' dir='ltr'><strong>non</strong></span> <span class='ocrx_word' id='word_1_73' title='bbox 1538 1165 1798 1235; x_wconf 77' lang='lat' dir='ltr'><strong>fuissent,</strong></span> <span class='ocrx_word' id='word_1_74' title='bbox 1828 1169 2114 1245; x_wconf 87' lang='lat' dir='ltr'><strong>ipsiusque</strong></span> 
     </span>
    </p>
   </div>
   <div class='ocr_carea' id='block_1_13' title="bbox 530 1244 2116 1334">
    <p class='ocr_par' dir='ltr' id='par_1_13' title="bbox 530 1244 2116 1334">
     <span class='ocr_line' id='line_1_13' title="bbox 530 1244 2116 1334; baseline 0.019 -40"><span class='ocrx_word' id='word_1_75' title='bbox 530 1244 806 1308; x_wconf 67' lang='lat' dir='ltr'><strong>praeconio</strong></span> <span class='ocrx_word' id='word_1_76' title='bbox 836 1261 1100 1317; x_wconf 83' lang='lat' dir='ltr'><strong>consona,</strong></span> <span class='ocrx_word' id='word_1_77' title='bbox 1154 1253 1249 1307; x_wconf 89' lang='lat' dir='ltr'><strong>sed</strong></span> <span class='ocrx_word' id='word_1_78' title='bbox 1287 1268 1317 1307; x_wconf 94' lang='lat' dir='ltr'><strong>a</strong></span> <span class='ocrx_word' id='word_1_79' title='bbox 1350 1257 1641 1325; x_wconf 83' lang='lat' dir='ltr'><strong>tyrannide</strong></span> <span class='ocrx_word' id='word_1_80' title='bbox 1666 1270 1808 1329; x_wconf 86' lang='lat' dir='ltr'><strong>orta,</strong></span> <span class='ocrx_word' id='word_1_81' title='bbox 1839 1266 2116 1334; x_wconf 86' lang='lat' dir='ltr'><strong>quomodo</strong></span> 
     </span>
    </p>
   </div>
   <div class='ocr_carea' id='block_1_14' title="bbox 528 1323 2115 1423">
    <p class='ocr_par' dir='ltr' id='par_1_14' title="bbox 528 1323 2115 1423">
     <span class='ocr_line' id='line_1_14' title="bbox 528 1323 2115 1423; baseline 0.021 -44"><span class='ocrx_word' id='word_1_82' title='bbox 528 1323 619 1380; x_wconf 88' lang='lat' dir='ltr'><strong>illa</strong></span> <span class='ocrx_word' id='word_1_83' title='bbox 653 1330 850 1387; x_wconf 82' lang='lat' dir='ltr'><strong>veritas</strong></span> <span class='ocrx_word' id='word_1_84' title='bbox 880 1334 999 1404; x_wconf 91' lang='lat' dir='ltr'><strong>ipsa</strong></span> <span class='ocrx_word' id='word_1_85' title='bbox 1038 1346 1303 1410; x_wconf 84' lang='lat' dir='ltr'><strong>tanquam</strong></span> <span class='ocrx_word' id='word_1_86' title='bbox 1335 1323 1585 1401; x_wconf 82' lang='lat' dir='ltr'><strong>veritatis</strong></span> <span class='ocrx_word' id='word_1_87' title='bbox 1615 1323 2115 1423; x_wconf 27' lang='lat' dir='ltr'><strong>plena’produxis-</strong></span> 
     </span>
    </p>
   </div>
   <div class='ocr_carea' id='block_1_15' title="bbox 527 1421 2113 1513">
    <p class='ocr_par' dir='ltr' id='par_1_15' title="bbox 527 1421 2113 1513">
     <span class='ocr_line' id='line_1_15' title="bbox 527 1421 2113 1513; baseline 0.021 -40"><span class='ocrx_word' id='word_1_88' title='bbox 527 1421 650 1474; x_wconf 76' lang='lat' dir='ltr'><strong>set?</strong></span> <span class='ocrx_word' id='word_1_89' title='bbox 686 1422 972 1488; x_wconf 82' lang='lat' dir='ltr'><strong>Quomodo</strong></span> <span class='ocrx_word' id='word_1_90' title='bbox 1006 1446 1138 1487; x_wconf 90' lang='lat' dir='ltr'><strong>vero</strong></span> <span class='ocrx_word' id='word_1_91' title='bbox 1190 1434 1357 1489; x_wconf 86' lang='lat' dir='ltr'><strong>vitam</strong></span> <span class='ocrx_word' id='word_1_92' title='bbox 1394 1445 1662 1497; x_wconf 69' lang='lat' dir='ltr'><strong>aeternam</strong></span> <span class='ocrx_word' id='word_1_93' title='bbox 1692 1448 1959 1513; x_wconf 69' lang='lat' dir='ltr'><strong>quaerenti</strong></span> <span class='ocrx_word' id='word_1_94' title='bbox 1990 1463 2113 1506; x_wconf 91' lang='lat' dir='ltr'><strong>eam</strong></span> 
     </span>
    </p>
   </div>
   <div class='ocr_carea' id='block_1_16' title="bbox 526 1521 2111 1611">
    <p class='ocr_par' dir='ltr' id='par_1_16' title="bbox 526 1521 2111 1611">
     <span class='ocr_line' id='line_1_16' title="bbox 526 1521 2111 1611; baseline 0.021 -47"><span class='ocrx_word' id='word_1_95' title='bbox 526 1525 625 1581; x_wconf 88' lang='lat' dir='ltr'><strong>per</strong></span> <span class='ocrx_word' id='word_1_96' title='bbox 661 1529 723 1569; x_wconf 86' lang='lat' dir='ltr'><strong>ea</strong></span> <span class='ocrx_word' id='word_1_97' title='bbox 761 1521 1110 1586; x_wconf 67' lang='lat' dir='ltr'><strong>quaerendam</strong></span> <span class='ocrx_word' id='word_1_98' title='bbox 1149 1527 1456 1585; x_wconf 84' lang='lat' dir='ltr'><strong>suasisset?</strong></span> <span class='ocrx_word' id='word_1_99' title='bbox 1511 1534 1799 1598; x_wconf 82' lang='lat' dir='ltr'><strong>Quomodo</strong></span> <span class='ocrx_word' id='word_1_100' title='bbox 1848 1538 2111 1611; x_wconf 88' lang='lat' dir='ltr'><strong>denique,</strong></span> 
     </span>
    </p>
   </div>
   <div class='ocr_carea' id='block_1_17' title="bbox 525 1607 2113 1693">
    <p class='ocr_par' dir='ltr' id='par_1_17' title="bbox 525 1607 2113 1693">
     <span class='ocr_line' id='line_1_17' title="bbox 525 1607 2113 1693; baseline 0.022 -36"><span class='ocrx_word' id='word_1_101' title='bbox 525 1618 560 1658; x_wconf 93' lang='grc' dir='ltr'><strong>ο</strong></span> <span class='ocrx_word' id='word_1_102' title='bbox 589 1607 883 1666; x_wconf 81' lang='lat' dir='ltr'><strong>maximam</strong></span> <span class='ocrx_word' id='word_1_103' title='bbox 913 1613 1220 1673; x_wconf 81' lang='lat' dir='ltr'><strong>insaniam!</strong></span> <span class='ocrx_word' id='word_1_104' title='bbox 1251 1620 1297 1675; x_wconf 88' lang='lat' dir='ltr'><strong>si</strong></span> <span class='ocrx_word' id='word_1_105' title='bbox 1328 1623 1453 1693; x_wconf 86' lang='lat' dir='ltr'><strong>quis</strong></span> <span class='ocrx_word' id='word_1_106' title='bbox 1486 1625 1604 1683; x_wconf 66' lang='lat' dir='ltr'><strong>haec</strong></span> <span class='ocrx_word' id='word_1_107' title='bbox 1631 1629 1718 1683; x_wconf 92' lang='lat' dir='ltr'><strong>vel</strong></span> <span class='ocrx_word' id='word_1_108' title='bbox 1744 1629 1801 1684; x_wconf 87' lang='lat' dir='ltr'><strong>in</strong></span> <span class='ocrx_word' id='word_1_109' title='bbox 1834 1647 1894 1688; x_wconf 90' lang='lat' dir='ltr'><strong>se</strong></span> <span class='ocrx_word' id='word_1_110' title='bbox 1922 1635 2113 1691; x_wconf 92' lang='lat' dir='ltr'><strong>consi-</strong></span> 
     </span>
    </p>
   </div>
   <div class='ocr_carea' id='block_1_18' title="bbox 525 1696 2107 1795">
    <p class='ocr_par' dir='ltr' id='par_1_18' title="bbox 525 1696 2107 1795">
     <span class='ocr_line' id='line_1_18' title="bbox 525 1696 2107 1795; baseline 0.02 -43"><span class='ocrx_word' id='word_1_111' title='bbox 525 1696 723 1756; x_wconf 85' lang='lat' dir='ltr'><strong>derare</strong></span> <span class='ocrx_word' id='word_1_112' title='bbox 751 1704 1020 1774; x_wconf 88' lang='lat' dir='ltr'><strong>voluerit,</strong></span> <span class='ocrx_word' id='word_1_113' title='bbox 1060 1710 1226 1779; x_wconf 89' lang='lat' dir='ltr'><strong>illius,</strong></span> <span class='ocrx_word' id='word_1_114' title='bbox 1248 1715 1341 1785; x_wconf 93' lang='lat' dir='ltr'><strong>qui</strong></span> <span class='ocrx_word' id='word_1_115' title='bbox 1377 1718 1445 1773; x_wconf 89' lang='lat' dir='ltr'><strong>ab</strong></span> <span class='ocrx_word' id='word_1_116' title='bbox 1467 1718 1625 1775; x_wconf 88' lang='lat' dir='ltr'><strong>initio</strong></span> <span class='ocrx_word' id='word_1_117' title='bbox 1653 1723 1921 1780; x_wconf 84' lang='lat' dir='ltr'><strong>homicida</strong></span> <span class='ocrx_word' id='word_1_118' title='bbox 1962 1738 2107 1795; x_wconf 90' lang='lat' dir='ltr'><strong>erat,</strong></span> 
     </span>
    </p>
   </div>
   <div class='ocr_carea' id='block_1_19' title="bbox 524 1790 2107 1887">
    <p class='ocr_par' dir='ltr' id='par_1_19' title="bbox 524 1790 2107 1887">
     <span class='ocr_line' id='line_1_19' title="bbox 524 1790 2107 1887; baseline 0.021 -43"><span class='ocrx_word' id='word_1_119' title='bbox 524 1790 621 1866; x_wconf 15' lang='lat' dir='ltr'><strong>lexv</strong></span> <span class='ocrx_word' id='word_1_120' title='bbox 644 1792 809 1851; x_wconf 80' lang='lat' dir='ltr'><strong>fuerit</strong></span> <span class='ocrx_word' id='word_1_121' title='bbox 840 1815 853 1851; x_wconf 90' lang='lat'><strong>:</strong></span> <span class='ocrx_word' id='word_1_122' title='bbox 877 1799 997 1854; x_wconf 83' lang='lat' dir='ltr'><strong>Non</strong></span> <span class='ocrx_word' id='word_1_123' title='bbox 1020 1804 1242 1871; x_wconf 80' lang='lat' dir='ltr'><strong>occides,</strong></span> <span class='ocrx_word' id='word_1_124' title='bbox 1269 1824 1373 1861; x_wconf 86' lang='lat' dir='ltr'><strong>non</strong></span> <span class='ocrx_word' id='word_1_125' title='bbox 1408 1813 1767 1881; x_wconf 69' lang='lat' dir='ltr'><strong>mmo/iuberis,</strong></span> <span class='ocrx_word' id='word_1_126' title='bbox 1794 1826 1849 1872; x_wconf 89' lang='lat' dir='ltr'><strong>et</strong></span> <span class='ocrx_word' id='word_1_127' title='bbox 1873 1828 2107 1887; x_wconf 66' lang='lat' dir='ltr'><strong>czeterae,</strong></span> 
     </span>
    </p>
   </div>
   <div class='ocr_carea' id='block_1_20' title="bbox 523 1883 2109 1981">
    <p class='ocr_par' dir='ltr' id='par_1_20' title="bbox 523 1883 2109 1981">
     <span class='ocr_line' id='line_1_20' title="bbox 523 1883 2109 1981; baseline 0.02 -45"><span class='ocrx_word' id='word_1_128' title='bbox 523 1883 725 1951; x_wconf 83' lang='lat' dir='ltr'><strong>quibus</strong></span> <span class='ocrx_word' id='word_1_129' title='bbox 784 1890 991 1945; x_wconf 89' lang='lat' dir='ltr'><strong>malitia</strong></span> <span class='ocrx_word' id='word_1_130' title='bbox 1062 1895 1293 1967; x_wconf 86' lang='lat' dir='ltr'><strong>ejusque</strong></span> <span class='ocrx_word' id='word_1_131' title='bbox 1346 1910 1497 1956; x_wconf 85' lang='lat' dir='ltr'><strong>sator</strong></span> <span class='ocrx_word' id='word_1_132' title='bbox 1558 1918 1592 1958; x_wconf 90' lang='lat' dir='ltr'><strong>e</strong></span> <span class='ocrx_word' id='word_1_133' title='bbox 1644 1904 1914 1964; x_wconf 88' lang='lat' dir='ltr'><strong>diametro</strong></span> <span class='ocrx_word' id='word_1_134' title='bbox 1972 1883 2109 1981; x_wconf 83' lang='lat' dir='ltr'><strong>ipsis</strong></span> 
     </span>
    </p>
   </div>
   <div class='ocr_carea' id='block_1_21' title="bbox 523 1976 2107 2067">
    <p class='ocr_par' dir='ltr' id='par_1_21' title="bbox 523 1976 2107 2067">
     <span class='ocr_line' id='line_1_21' title="bbox 523 1976 2107 2067; baseline 0.02 -41"><span class='ocrx_word' id='word_1_135' title='bbox 523 1976 848 2043; x_wconf 90' lang='lat' dir='ltr'><strong>oppositus,</strong></span> <span class='ocrx_word' id='word_1_136' title='bbox 895 1996 1006 2036; x_wconf 93' lang='lat' dir='ltr'><strong>non</strong></span> <span class='ocrx_word' id='word_1_137' title='bbox 1045 1999 1209 2052; x_wconf 87' lang='lat' dir='ltr'><strong>sane,</strong></span> <span class='ocrx_word' id='word_1_138' title='bbox 1260 1988 1511 2058; x_wconf 80' lang='lat' dir='ltr'><strong>fovetur,</strong></span> <span class='ocrx_word' id='word_1_139' title='bbox 1564 1995 1662 2051; x_wconf 89' lang='lat' dir='ltr'><strong>sed</strong></span> <span class='ocrx_word' id='word_1_140' title='bbox 1714 1997 1899 2067; x_wconf 84' lang='lat' dir='ltr'><strong>potius</strong></span> <span class='ocrx_word' id='word_1_141' title='bbox 1938 1976 2107 2057; x_wconf 67' lang='lat' dir='ltr'><strong>edici-</strong></span> 
     </span>
    </p>
   </div>
   <div class='ocr_carea' id='block_1_22' title="bbox 524 2069 2108 2161">
    <p class='ocr_par' dir='ltr' id='par_1_22' title="bbox 524 2069 2108 2161">
     <span class='ocr_line' id='line_1_22' title="bbox 524 2069 2108 2161; baseline 0.02 -44"><span class='ocrx_word' id='word_1_142' title='bbox 524 2074 633 2132; x_wconf 89' lang='lat' dir='ltr'><strong>tur,</strong></span> <span class='ocrx_word' id='word_1_143' title='bbox 675 2076 734 2123; x_wconf 93' lang='lat' dir='ltr'><strong>ut</strong></span> <span class='ocrx_word' id='word_1_144' title='bbox 779 2069 1101 2131; x_wconf 87' lang='lat' dir='ltr'><strong>obedientes</strong></span> <span class='ocrx_word' id='word_1_145' title='bbox 1131 2092 1161 2132; x_wconf 88' lang='lat' dir='ltr'><strong>a</strong></span> <span class='ocrx_word' id='word_1_146' title='bbox 1198 2081 1643 2153; x_wconf 90' lang='lat' dir='ltr'><strong>castigandorum</strong></span> <span class='ocrx_word' id='word_1_147' title='bbox 1700 2090 1881 2159; x_wconf 78' lang='lat' dir='ltr'><strong>pomis</strong></span> <span class='ocrx_word' id='word_1_148' title='bbox 1912 2094 2108 2161; x_wconf 91' lang='lat' dir='ltr'><strong>procul</strong></span> 
     </span>
    </p>
   </div>
   <div class='ocr_carea' id='block_1_23' title="bbox 519 2164 2107 2245">
    <p class='ocr_par' dir='ltr' id='par_1_23' title="bbox 519 2164 2107 2245">
     <span class='ocr_line' id='line_1_23' title="bbox 519 2164 2107 2245; baseline 0.02 -35"><span class='ocrx_word' id='word_1_149' title='bbox 519 2164 920 2218; x_wconf 79' lang='lat' dir='ltr'><strong>amoveantur?</strong></span> <span class='ocrx_word' id='word_1_150' title='bbox 939 2164 1041 2232; x_wconf 86' lang='lat' dir='ltr'><strong>Qui</strong></span> <span class='ocrx_word' id='word_1_151' title='bbox 1075 2170 1266 2226; x_wconf 91' lang='lat' dir='ltr'><strong>enima</strong></span> <span class='ocrx_word' id='word_1_152' title='bbox 1297 2173 1559 2243; x_wconf 76' lang='lat' dir='ltr'><strong>caedibus,</strong></span> <span class='ocrx_word' id='word_1_153' title='bbox 1590 2187 1645 2234; x_wconf 91' lang='lat' dir='ltr'><strong>et</strong></span> <span class='ocrx_word' id='word_1_154' title='bbox 1670 2180 1837 2245; x_wconf 80' lang='lat' dir='ltr'><strong>furto,</strong></span> <span class='ocrx_word' id='word_1_155' title='bbox 1866 2193 1923 2239; x_wconf 90' lang='lat' dir='ltr'><strong>et</strong></span> <span class='ocrx_word' id='word_1_156' title='bbox 1951 2185 2107 2241; x_wconf 90' lang='lat' dir='ltr'><strong>adul-</strong></span> 
     </span>
    </p>
   </div>
   <div class='ocr_carea' id='block_1_24' title="bbox 522 2250 2108 2347">
    <p class='ocr_par' dir='ltr' id='par_1_24' title="bbox 522 2250 2108 2347">
     <span class='ocr_line' id='line_1_24' title="bbox 522 2250 2108 2347; baseline 0.019 -44"><span class='ocrx_word' id='word_1_157' title='bbox 522 2250 665 2305; x_wconf 82' lang='lat' dir='ltr'><strong>terio</strong></span> <span class='ocrx_word' id='word_1_158' title='bbox 686 2259 742 2306; x_wconf 87' lang='lat' dir='ltr'><strong>et</strong></span> <span class='ocrx_word' id='word_1_159' title='bbox 768 2252 908 2311; x_wconf 81' lang='lat' dir='ltr'><strong>falso</strong></span> <span class='ocrx_word' id='word_1_160' title='bbox 934 2259 1252 2318; x_wconf 90' lang='lat' dir='ltr'><strong>testimonio</strong></span> <span class='ocrx_word' id='word_1_161' title='bbox 1280 2265 1582 2324; x_wconf 89' lang='lat' dir='ltr'><strong>immunem</strong></span> <span class='ocrx_word' id='word_1_162' title='bbox 1608 2285 1669 2325; x_wconf 91' lang='lat' dir='ltr'><strong>se</strong></span> <span class='ocrx_word' id='word_1_163' title='bbox 1698 2283 1947 2342; x_wconf 67' lang='lat' dir='ltr'><strong>praestat,</strong></span> <span class='ocrx_word' id='word_1_164' title='bbox 1979 2292 2108 2347; x_wconf 85' lang='lat' dir='ltr'><strong>pro-</strong></span> 
     </span>
    </p>
   </div>
   <div class='ocr_carea' id='block_1_25' title="bbox 520 2338 2104 2437">
    <p class='ocr_par' dir='ltr' id='par_1_25' title="bbox 520 2338 2104 2437">
     <span class='ocr_line' id='line_1_25' title="bbox 520 2338 2104 2437; baseline 0.019 -45"><span class='ocrx_word' id='word_1_165' title='bbox 520 2338 841 2413; x_wconf 78' lang='lat' dir='ltr'><strong>ximumque</strong></span> <span class='ocrx_word' id='word_1_166' title='bbox 872 2360 1038 2403; x_wconf 88' lang='lat' dir='ltr'><strong>suum</strong></span> <span class='ocrx_word' id='word_1_167' title='bbox 1068 2351 1244 2424; x_wconf 75' lang='lat' dir='ltr'><strong>diligit</strong></span> <span class='ocrx_word' id='word_1_168' title='bbox 1271 2363 1331 2409; x_wconf 91' lang='lat' dir='ltr'><strong>ut</strong></span> <span class='ocrx_word' id='word_1_169' title='bbox 1358 2370 1417 2411; x_wconf 90' lang='lat' dir='ltr'><strong>se</strong></span> <span class='ocrx_word' id='word_1_170' title='bbox 1466 2356 1668 2429; x_wconf 90' lang='lat' dir='ltr'><strong>ipsum,</strong></span> <span class='ocrx_word' id='word_1_171' title='bbox 1698 2338 1797 2418; x_wconf 77' lang='lat' dir='ltr'><strong>hic</strong></span> <span class='ocrx_word' id='word_1_172' title='bbox 1823 2338 1953 2429; x_wconf 92' lang='lat' dir='ltr'><strong>est</strong></span> <span class='ocrx_word' id='word_1_173' title='bbox 1979 2338 2104 2437; x_wconf 47' lang='lat' dir='ltr'><strong>-qui</strong></span> 
     </span>
    </p>
   </div>
   <div class='ocr_carea' id='block_1_26' title="bbox 516 2426 2106 2529">
    <p class='ocr_par' dir='ltr' id='par_1_26' title="bbox 516 2426 2106 2529">
     <span class='ocr_line' id='line_1_26' title="bbox 516 2426 2106 2529; baseline 0.021 -45"><span class='ocrx_word' id='word_1_174' title='bbox 516 2426 668 2503; x_wconf 80' lang='lat' dir='ltr'><strong>leges</strong></span> <span class='ocrx_word' id='word_1_175' title='bbox 703 2433 854 2493; x_wconf 89' lang='lat' dir='ltr'><strong>Bono</strong></span> <span class='ocrx_word' id='word_1_176' title='bbox 895 2442 1181 2510; x_wconf 87' lang='lat' dir='ltr'><strong>oppositas</strong></span> <span class='ocrx_word' id='word_1_177' title='bbox 1222 2426 1543 2516; x_wconf 79' lang='lat' dir='ltr'><strong>conculcat,</strong></span> <span class='ocrx_word' id='word_1_178' title='bbox 1589 2426 1660 2508; x_wconf 9' lang='lat' dir='ltr'><strong>et?</strong></span> <span class='ocrx_word' id='word_1_179' title='bbox 1687 2470 1850 2522; x_wconf 91' lang='lat' dir='ltr'><strong>eum,</strong></span> <span class='ocrx_word' id='word_1_180' title='bbox 1896 2426 1990 2529; x_wconf 89' lang='lat' dir='ltr'><strong>qui</strong></span> <span class='ocrx_word' id='word_1_181' title='bbox 2026 2426 2106 2517; x_wconf 66' lang='lat' dir='ltr'><strong>ab</strong></span> 
     </span>
    </p>
   </div>
   <div class='ocr_carea' id='block_1_27' title="bbox 517 2522 2104 2624">
    <p class='ocr_par' dir='ltr' id='par_1_27' title="bbox 517 2522 2104 2624">
     <span class='ocr_line' id='line_1_27' title="bbox 517 2522 2104 2624; baseline 0.02 -48"><span class='ocrx_word' id='word_1_182' title='bbox 517 2522 679 2582; x_wconf 91' lang='lat' dir='ltr'><strong>initio</strong></span> <span class='ocrx_word' id='word_1_183' title='bbox 707 2530 882 2587; x_wconf 87' lang='lat' dir='ltr'><strong>malus</strong></span> <span class='ocrx_word' id='word_1_184' title='bbox 910 2532 1034 2599; x_wconf 80' lang='lat' dir='ltr'><strong>fuit,</strong></span> <span class='ocrx_word' id='word_1_185' title='bbox 1077 2544 1335 2608; x_wconf 89' lang='lat' dir='ltr'><strong>tanquam</strong></span> <span class='ocrx_word' id='word_1_186' title='bbox 1384 2541 1599 2600; x_wconf 90' lang='lat' dir='ltr'><strong>hostem</strong></span> <span class='ocrx_word' id='word_1_187' title='bbox 1641 2522 1963 2617; x_wconf 74' lang='lat' dir='ltr'><strong>confundit,</strong></span> <span class='ocrx_word' id='word_1_188' title='bbox 2010 2553 2104 2624; x_wconf 90' lang='lat' dir='ltr'><strong>qui</strong></span> 
     </span>
    </p>
   </div>
   <div class='ocr_carea' id='block_1_28' title="bbox 514 2611 2105 2710">
    <p class='ocr_par' dir='ltr' id='par_1_28' title="bbox 514 2611 2105 2710">
     <span class='ocr_line' id='line_1_28' title="bbox 514 2611 2105 2710; baseline 0.022 -44"><span class='ocrx_word' id='word_1_189' title='bbox 514 2611 775 2686; x_wconf 87' lang='lat' dir='ltr'><strong>denique.</strong></span> <span class='ocrx_word' id='word_1_190' title='bbox 811 2625 1068 2690; x_wconf 57' lang='lat' dir='ltr'><strong>praestitis</strong></span> <span class='ocrx_word' id='word_1_191' title='bbox 1087 2622 1377 2700; x_wconf 60' lang='lat' dir='ltr'><strong>prteceptis</strong></span> <span class='ocrx_word' id='word_1_192' title='bbox 1403 2633 1672 2700; x_wconf 86' lang='lat' dir='ltr'><strong>Mosaicis,</strong></span> <span class='ocrx_word' id='word_1_193' title='bbox 1691 2642 1919 2710; x_wconf 80' lang='lat' dir='ltr'><strong>gratiam</strong></span> <span class='ocrx_word' id='word_1_194' title='bbox 1945 2611 2105 2701; x_wconf 70' lang='lat' dir='ltr'><strong>acce~</strong></span> 
     </span>
    </p>
   </div>
   <div class='ocr_carea' id='block_1_29' title="bbox 512 2704 2101 2806">
    <p class='ocr_par' dir='ltr' id='par_1_29' title="bbox 512 2704 2101 2806">
     <span class='ocr_line' id='line_1_29' title="bbox 512 2704 2101 2806; baseline 0.023 -47"><span class='ocrx_word' id='word_1_195' title='bbox 512 2704 598 2776; x_wconf 88' lang='lat' dir='ltr'><strong>pit</strong></span> <span class='ocrx_word' id='word_1_196' title='bbox 630 2723 688 2764; x_wconf 89' lang='lat' dir='ltr'><strong>se</strong></span> <span class='ocrx_word' id='word_1_197' title='bbox 718 2713 789 2767; x_wconf 90' lang='lat' dir='ltr'><strong>ab</strong></span> <span class='ocrx_word' id='word_1_198' title='bbox 820 2714 941 2784; x_wconf 89' lang='lat' dir='ltr'><strong>ejus</strong></span> <span class='ocrx_word' id='word_1_199' title='bbox 972 2719 1284 2781; x_wconf 84' lang='lat' dir='ltr'><strong>actionibus</strong></span> <span class='ocrx_word' id='word_1_200' title='bbox 1326 2726 1661 2784; x_wconf 84' lang='lat' dir='ltr'><strong>abstinendi.</strong></span> <span class='ocrx_word' id='word_1_201' title='bbox 1695 2704 1789 2787; x_wconf 55' lang='lat' dir='ltr'><strong>ita</strong></span> <span class='ocrx_word' id='word_1_202' title='bbox 1819 2738 2101 2806; x_wconf 88' lang='lat' dir='ltr'><strong>actiones,</strong></span> 
     </span>
    </p>
   </div>
   <div class='ocr_carea' id='block_1_30' title="bbox 492 2804 2102 2890">
    <p class='ocr_par' dir='ltr' id='par_1_30' title="bbox 492 2804 2102 2890">
     <span class='ocr_line' id='line_1_30' title="bbox 492 2804 2102 2890; baseline 0.025 -41"><span class='ocrx_word' id='word_1_203' title='bbox 492 2812 636 2866; x_wconf 67' lang='lat' dir='ltr'><strong>quae</strong></span> <span class='ocrx_word' id='word_1_204' title='bbox 685 2818 717 2856; x_wconf 91' lang='lat' dir='ltr'><strong>a</strong></span> <span class='ocrx_word' id='word_1_205' title='bbox 756 2804 893 2877; x_wconf 86' lang='lat' dir='ltr'><strong>legis</strong></span> <span class='ocrx_word' id='word_1_206' title='bbox 921 2815 1212 2883; x_wconf 68' lang='lat' dir='ltr'><strong>praeceptis</strong></span> <span class='ocrx_word' id='word_1_207' title='bbox 1251 2817 1676 2886; x_wconf 82' lang='lat' dir='ltr'><strong>proﬁciscuntur</strong></span> <span class='ocrx_word' id='word_1_208' title='bbox 1706 2865 1722 2889; x_wconf 90' lang='lat'><strong>,</strong></span> <span class='ocrx_word' id='word_1_209' title='bbox 1770 2843 1868 2884; x_wconf 89' lang='lat' dir='ltr'><strong>sua</strong></span> <span class='ocrx_word' id='word_1_210' title='bbox 1902 2804 2102 2890; x_wconf 83' lang='lat' dir='ltr'><strong>natura</strong></span> 
     </span>
    </p>
   </div>
   <div class='ocr_carea' id='block_1_31' title="bbox 512 2887 2103 2985">
    <p class='ocr_par' dir='ltr' id='par_1_31' title="bbox 512 2887 2103 2985">
     <span class='ocr_line' id='line_1_31' title="bbox 512 2887 2103 2985; baseline 0.023 -43"><span class='ocrx_word' id='word_1_211' title='bbox 512 2887 719 2947; x_wconf 84' lang='lat' dir='ltr'><strong>bonum</strong></span> <span class='ocrx_word' id='word_1_212' title='bbox 749 2909 936 2952; x_wconf 86' lang='lat' dir='ltr'><strong>secum</strong></span> <span class='ocrx_word' id='word_1_213' title='bbox 966 2899 1171 2967; x_wconf 81' lang='lat' dir='ltr'><strong>ferunt.</strong></span> <span class='ocrx_word' id='word_1_214' title='bbox 1205 2915 1261 2962; x_wconf 87' lang='lat' dir='ltr'><strong>et</strong></span> <span class='ocrx_word' id='word_1_215' title='bbox 1309 2909 1479 2965; x_wconf 88' lang='lat' dir='ltr'><strong>robur</strong></span> <span class='ocrx_word' id='word_1_216' title='bbox 1515 2914 1637 2969; x_wconf 80' lang='lat' dir='ltr'><strong>Mali</strong></span> <span class='ocrx_word' id='word_1_217' title='bbox 1673 2887 1770 2985; x_wconf 79' lang='lat' dir='ltr'><strong>per</strong></span> <span class='ocrx_word' id='word_1_218' title='bbox 1794 2934 1855 2974; x_wconf 90' lang='lat' dir='ltr'><strong>se</strong></span> <span class='ocrx_word' id='word_1_219' title='bbox 1903 2920 2103 2978; x_wconf 89' lang='lat' dir='ltr'><strong>invali-</strong></span> 
     </span>
    </p>
   </div>
   <div class='ocr_carea' id='block_1_32' title="bbox 512 2983 2099 3073">
    <p class='ocr_par' dir='ltr' id='par_1_32' title="bbox 512 2983 2099 3073">
     <span class='ocr_line' id='line_1_32' title="bbox 512 2983 2099 3073; baseline 0.023 -37"><span class='ocrx_word' id='word_1_220' title='bbox 512 2983 643 3065; x_wconf 86' lang='lat' dir='ltr'><strong>dum</strong></span> <span class='ocrx_word' id='word_1_221' title='bbox 680 3000 806 3042; x_wconf 90' lang='lat' dir='ltr'><strong>esse</strong></span> <span class='ocrx_word' id='word_1_222' title='bbox 858 2989 1258 3052; x_wconf 89' lang='lat' dir='ltr'><strong>demonstrant.</strong></span> <span class='ocrx_word' id='word_1_223' title='bbox 1296 2999 1437 3056; x_wconf 90' lang='lat' dir='ltr'><strong>Dum</strong></span> <span class='ocrx_word' id='word_1_224' title='bbox 1498 3019 1633 3061; x_wconf 85' lang='lat' dir='ltr'><strong>vero</strong></span> <span class='ocrx_word' id='word_1_225' title='bbox 1686 3010 2099 3073; x_wconf 88' lang='lat' dir='ltr'><strong>adolescentem</strong></span> 
     </span>
    </p>
   </div>
   <div class='ocr_carea' id='block_1_33' title="bbox 512 3076 2138 3176">
    <p class='ocr_par' dir='ltr' id='par_1_33' title="bbox 512 3076 2138 3176">
     <span class='ocr_line' id='line_1_33' title="bbox 512 3076 2138 3176; baseline 0.023 -48"><span class='ocrx_word' id='word_1_226' title='bbox 512 3076 816 3144; x_wconf 78' lang='lat' dir='ltr'><strong>perlectum</strong></span> <span class='ocrx_word' id='word_1_227' title='bbox 851 3080 970 3138; x_wconf 88' lang='lat' dir='ltr'><strong>fore</strong></span> <span class='ocrx_word' id='word_1_228' title='bbox 996 3090 1381 3155; x_wconf 84' lang='lat' dir='ltr'><strong>pronuntiavit</strong></span> <span class='ocrx_word' id='word_1_229' title='bbox 1402 3092 1667 3153; x_wconf 88' lang='lat' dir='ltr'><strong>Servator</strong></span> <span class='ocrx_word' id='word_1_230' title='bbox 1688 3139 1703 3165; x_wconf 91' lang='lat'><strong>,</strong></span> <span class='ocrx_word' id='word_1_231' title='bbox 1745 3102 1792 3156; x_wconf 89' lang='lat' dir='ltr'><strong>si</strong></span> <span class='ocrx_word' id='word_1_232' title='bbox 1826 3105 2100 3176; x_wconf 89' lang='lat' dir='ltr'><strong>reciperet</strong></span> <span class='ocrx_word' id='word_1_233' title='bbox 2131 3135 2138 3141; x_wconf 93' lang='lat'><strong><em>-</em></strong></span> 
     </span>
    </p>
   </div>
   <div class='ocr_carea' id='block_1_34' title="bbox 510 3177 2169 3289">
    <p class='ocr_par' dir='ltr' id='par_1_34' title="bbox 510 3177 2169 3289">
     <span class='ocr_line' id='line_1_34' title="bbox 510 3177 2169 3289; baseline 0.016 -69"><span class='ocrx_word' id='word_1_234' title='bbox 510 3179 565 3221; x_wconf 82' lang='lat' dir='ltr'><strong>et</strong></span> <span class='ocrx_word' id='word_1_235' title='bbox 590 3181 722 3233; x_wconf 83' lang='lat' dir='ltr'><strong>sua,</strong></span> <span class='ocrx_word' id='word_1_236' title='bbox 756 3186 879 3241; x_wconf 78' lang='lat' dir='ltr'><strong>quae</strong></span> <span class='ocrx_word' id='word_1_237' title='bbox 921 3177 1152 3247; x_wconf 87' lang='lat' dir='ltr'><strong>gratiam</strong></span> <span class='ocrx_word' id='word_1_238' title='bbox 1225 3194 1487 3253; x_wconf 87' lang='lat' dir='ltr'><strong>parerent</strong></span> <span class='ocrx_word' id='word_1_239' title='bbox 1510 3226 1528 3253; x_wconf 84' lang='lat'><strong>,</strong></span> <span class='ocrx_word' id='word_1_240' title='bbox 1563 3204 1870 3263; x_wconf 65' lang='lat' dir='ltr'><strong>praecepta,</strong></span> <span class='ocrx_word' id='word_1_241' title='bbox 1915 3213 2095 3269; x_wconf 82' lang='lat' dir='ltr'><strong>neque</strong></span> <span class='ocrx_word' id='word_1_242' title='bbox 2122 3229 2169 3289; x_wconf 61' lang='grc' dir='ltr'>α</span> 
     </span>
     <span class='ocr_line' id='line_1_35' title="bbox 513 3256 1854 3289; baseline 0 0"><span class='ocrx_word' id='word_1_243' title='bbox 513 3256 618 3289; x_wconf 61' lang='lat' dir='ltr'><strong>In“.</strong></span> <span class='ocrx_word' id='word_1_244' title='bbox 666 3276 797 3289; x_wconf 54' lang='lat' dir='ltr'><strong>an..-</strong></span> <span class='ocrx_word' id='word_1_245' title='bbox 842 3266 1131 3289; x_wconf 33' lang='grc' dir='ltr'><strong>-.-μμ----Μ</strong></span> <span class='ocrx_word' id='word_1_246' title='bbox 1350 3276 1364 3289; x_wconf 83' lang='lat'>.</span> <span class='ocrx_word' id='word_1_247' title='bbox 1422 3277 1456 3289; x_wconf 85' lang='lat'><strong>..</strong></span> <span class='ocrx_word' id='word_1_248' title='bbox 1521 3280 1532 3289; x_wconf 93' lang='lat'><strong>.</strong></span> <span class='ocrx_word' id='word_1_249' title='bbox 1846 3287 1854 3289; x_wconf 30' lang='grc' dir='ltr'><strong>Α</strong></span> 
     </span>
    </p>
   </div>
   <div class='ocr_carea' id='block_1_35' title="bbox 454 3256 2095 3359">
    <p class='ocr_par' dir='ltr' id='par_1_35' title="bbox 454 3256 2095 3359">
     <span class='ocr_line' id='line_1_36' title="bbox 454 3256 2095 3359; baseline 0.022 -49"><span class='ocrx_word' id='word_1_250' title='bbox 454 3293 461 3300; x_wconf 83' lang='grc'><strong>-</strong></span> <span class='ocrx_word' id='word_1_251' title='bbox 510 3256 619 3313; x_wconf 89' lang='lat' dir='ltr'><strong>hoc</strong></span> <span class='ocrx_word' id='word_1_252' title='bbox 665 3276 800 3319; x_wconf 86' lang='lat' dir='ltr'><strong>sane</strong></span> <span class='ocrx_word' id='word_1_253' title='bbox 838 3266 1177 3339; x_wconf 90' lang='lat' dir='ltr'><strong>quidquam,</strong></span> <span class='ocrx_word' id='word_1_254' title='bbox 1219 3276 1365 3344; x_wconf 92' lang='lat' dir='ltr'><strong>quod</strong></span> <span class='ocrx_word' id='word_1_255' title='bbox 1403 3256 1581 3335; x_wconf 69' lang='lat' dir='ltr'><strong>dictis</strong></span> <span class='ocrx_word' id='word_1_256' title='bbox 1621 3256 1953 3344; x_wconf 66' lang='lat' dir='ltr'><strong>contrarium</strong></span> <span class='ocrx_word' id='word_1_257' title='bbox 2002 3256 2095 3359; x_wconf 74' lang='lat' dir='ltr'><strong>sit,</strong></span> 
     </span>
    </p>
   </div>
   <div class='ocr_carea' id='block_1_36' title="bbox 510 3347 2095 3452">
    <p class='ocr_par' dir='ltr' id='par_1_36' title="bbox 510 3347 2095 3452">
     <span class='ocr_line' id='line_1_37' title="bbox 510 3347 2095 3452; baseline 0.023 -50"><span class='ocrx_word' id='word_1_258' title='bbox 510 3347 699 3407; x_wconf 80' lang='lat' dir='ltr'><strong>infert.</strong></span> <span class='ocrx_word' id='word_1_259' title='bbox 747 3353 990 3414; x_wconf 84' lang='lat' dir='ltr'><strong>Primum</strong></span> <span class='ocrx_word' id='word_1_260' title='bbox 1030 3363 1179 3419; x_wconf 91' lang='lat' dir='ltr'><strong>enim</strong></span> <span class='ocrx_word' id='word_1_261' title='bbox 1230 3382 1342 3421; x_wconf 92' lang='lat' dir='ltr'><strong>non</strong></span> <span class='ocrx_word' id='word_1_262' title='bbox 1397 3376 1829 3447; x_wconf 86' lang='lat' dir='ltr'><strong>unumquodque</strong></span> <span class='ocrx_word' id='word_1_263' title='bbox 1879 3395 2095 3452; x_wconf 89' lang='lat' dir='ltr'><strong>eorum,</strong></span> 
     </span>
    </p>
   </div>
   <div class='ocr_carea' id='block_1_37' title="bbox 508 3444 2096 3538">
    <p class='ocr_par' dir='ltr' id='par_1_37' title="bbox 508 3444 2096 3538">
     <span class='ocr_line' id='line_1_38' title="bbox 508 3444 2096 3538; baseline 0.024 -46"><span class='ocrx_word' id='word_1_264' title='bbox 508 3455 647 3519; x_wconf 66' lang='lat' dir='ltr'><strong>qua:</strong></span> <span class='ocrx_word' id='word_1_265' title='bbox 663 3444 766 3499; x_wconf 89' lang='lat' dir='ltr'><strong>sub</strong></span> <span class='ocrx_word' id='word_1_266' title='bbox 787 3449 959 3518; x_wconf 88' lang='lat' dir='ltr'><strong>gratia</strong></span> <span class='ocrx_word' id='word_1_267' title='bbox 979 3463 1469 3529; x_wconf 70' lang='lat' dir='ltr'><strong>sunt.pra2ceptum</strong></span> <span class='ocrx_word' id='word_1_268' title='bbox 1493 3478 1593 3533; x_wconf 88' lang='lat' dir='ltr'><strong>per</strong></span> <span class='ocrx_word' id='word_1_269' title='bbox 1616 3481 1675 3522; x_wconf 91' lang='lat' dir='ltr'><strong>se</strong></span> <span class='ocrx_word' id='word_1_270' title='bbox 1696 3444 2096 3538; x_wconf 73' lang='lat' dir='ltr'><strong>perfectionem</strong></span> 
     </span>
    </p>
   </div>
   <div class='ocr_carea' id='block_1_38' title="bbox 498 3537 2093 3636">
    <p class='ocr_par' dir='ltr' id='par_1_38' title="bbox 498 3537 2093 3636">
     <span class='ocr_line' id='line_1_39' title="bbox 498 3537 2093 3636; baseline 0.021 -47"><span class='ocrx_word' id='word_1_271' title='bbox 498 3537 745 3614; x_wconf 75' lang='lat' dir='ltr'><strong>confert,</strong></span> <span class='ocrx_word' id='word_1_272' title='bbox 776 3543 903 3613; x_wconf 90' lang='lat' dir='ltr'><strong>quia</strong></span> <span class='ocrx_word' id='word_1_273' title='bbox 944 3545 1027 3602; x_wconf 85' lang='lat' dir='ltr'><strong>sic</strong></span> <span class='ocrx_word' id='word_1_274' title='bbox 1070 3551 1349 3610; x_wconf 83' lang='lat' dir='ltr'><strong>sulliceret</strong></span> <span class='ocrx_word' id='word_1_275' title='bbox 1394 3572 1595 3625; x_wconf 90' lang='lat' dir='ltr'><strong>unum,</strong></span> <span class='ocrx_word' id='word_1_276' title='bbox 1642 3570 1700 3615; x_wconf 91' lang='lat' dir='ltr'><strong>et</strong></span> <span class='ocrx_word' id='word_1_277' title='bbox 1757 3563 2093 3636; x_wconf 90' lang='lat' dir='ltr'><strong>reliquorum</strong></span> 
     </span>
    </p>
   </div>
   <div class='ocr_carea' id='block_1_39' title="bbox 507 3628 2097 3723">
    <p class='ocr_par' dir='ltr' id='par_1_39' title="bbox 507 3628 2097 3723">
     <span class='ocr_line' id='line_1_40' title="bbox 507 3628 2097 3723; baseline 0.022 -42"><span class='ocrx_word' id='word_1_278' title='bbox 507 3628 822 3689; x_wconf 88' lang='lat' dir='ltr'><strong>observatio</strong></span> <span class='ocrx_word' id='word_1_279' title='bbox 870 3651 1281 3709; x_wconf 88' lang='lat' dir='ltr'><strong>supervacanea</strong></span> <span class='ocrx_word' id='word_1_280' title='bbox 1336 3646 1499 3705; x_wconf 85' lang='lat' dir='ltr'><strong>foret.</strong></span> <span class='ocrx_word' id='word_1_281' title='bbox 1538 3650 1727 3723; x_wconf 87' lang='lat' dir='ltr'><strong>Neque</strong></span> <span class='ocrx_word' id='word_1_282' title='bbox 1772 3657 1921 3712; x_wconf 89' lang='lat' dir='ltr'><strong>enim</strong></span> <span class='ocrx_word' id='word_1_283' title='bbox 1988 3659 2097 3717; x_wconf 91' lang='lat' dir='ltr'><strong>hoc</strong></span> 
     </span>
    </p>
   </div>
   <div class='ocr_carea' id='block_1_40' title="bbox 510 3727 2095 3813">
    <p class='ocr_par' dir='ltr' id='par_1_40' title="bbox 510 3727 2095 3813">
     <span class='ocr_line' id='line_1_41' title="bbox 510 3727 2095 3813; baseline 0.022 -40"><span class='ocrx_word' id='word_1_284' title='bbox 510 3727 722 3778; x_wconf 88' lang='lat' dir='ltr'><strong>tantum</strong></span> <span class='ocrx_word' id='word_1_285' title='bbox 750 3727 818 3782; x_wconf 89' lang='lat' dir='ltr'><strong>ad</strong></span> <span class='ocrx_word' id='word_1_286' title='bbox 853 3728 1012 3786; x_wconf 69' lang='lat' dir='ltr'><strong>bona:</strong></span> <span class='ocrx_word' id='word_1_287' title='bbox 1039 3732 1174 3805; x_wconf 86' lang='lat' dir='ltr'><strong>legis</strong></span> <span class='ocrx_word' id='word_1_288' title='bbox 1204 3737 1474 3795; x_wconf 88' lang='lat' dir='ltr'><strong>rationem</strong></span> <span class='ocrx_word' id='word_1_289' title='bbox 1512 3746 1834 3813; x_wconf 88' lang='lat' dir='ltr'><strong>requiritur,</strong></span> <span class='ocrx_word' id='word_1_290' title='bbox 1860 3757 1920 3804; x_wconf 88' lang='lat' dir='ltr'><strong>ut</strong></span> <span class='ocrx_word' id='word_1_291' title='bbox 1950 3750 2006 3805; x_wconf 89' lang='lat' dir='ltr'><strong>in</strong></span> <span class='ocrx_word' id='word_1_292' title='bbox 2033 3767 2095 3809; x_wconf 86' lang='lat' dir='ltr'><strong>se</strong></span> 
     </span>
    </p>
   </div>
   <div class='ocr_carea' id='block_1_41' title="bbox 508 3811 2096 3915">
    <p class='ocr_par' dir='ltr' id='par_1_41' title="bbox 508 3811 2096 3915">
     <span class='ocr_line' id='line_1_42' title="bbox 508 3811 2096 3915; baseline 0.025 -53"><span class='ocrx_word' id='word_1_293' title='bbox 508 3811 903 3880; x_wconf 85' lang='lat' dir='ltr'><strong>perfectionem</strong></span> <span class='ocrx_word' id='word_1_294' title='bbox 921 3822 1197 3889; x_wconf 80' lang='lat' dir='ltr'><strong>exhibeat,</strong></span> <span class='ocrx_word' id='word_1_295' title='bbox 1221 3829 1316 3884; x_wconf 90' lang='lat' dir='ltr'><strong>sed</strong></span> <span class='ocrx_word' id='word_1_296' title='bbox 1340 3830 1393 3885; x_wconf 93' lang='lat' dir='ltr'><strong>id</strong></span> <span class='ocrx_word' id='word_1_297' title='bbox 1421 3811 1625 3903; x_wconf 77' lang='lat' dir='ltr'><strong>potius,</strong></span> <span class='ocrx_word' id='word_1_298' title='bbox 1654 3847 1714 3893; x_wconf 90' lang='lat' dir='ltr'><strong>ut</strong></span> <span class='ocrx_word' id='word_1_299' title='bbox 1738 3840 1897 3907; x_wconf 89' lang='lat' dir='ltr'><strong>nihil,</strong></span> <span class='ocrx_word' id='word_1_300' title='bbox 1923 3859 2096 3915; x_wconf 80' lang='lat' dir='ltr'><strong>quan-</strong></span> 
     </span>
    </p>
   </div>
   <div class='ocr_carea' id='block_1_42' title="bbox 508 3908 2095 4005">
    <p class='ocr_par' dir='ltr' id='par_1_42' title="bbox 508 3908 2095 4005">
     <span class='ocr_line' id='line_1_43' title="bbox 508 3908 2095 4005; baseline 0.024 -48"><span class='ocrx_word' id='word_1_301' title='bbox 508 3910 625 3959; x_wconf 89' lang='lat' dir='ltr'><strong>tum</strong></span> <span class='ocrx_word' id='word_1_302' title='bbox 657 3908 878 3978; x_wconf 90' lang='lat' dir='ltr'><strong>quidem</strong></span> <span class='ocrx_word' id='word_1_303' title='bbox 901 3912 957 3967; x_wconf 93' lang='lat' dir='ltr'><strong>in</strong></span> <span class='ocrx_word' id='word_1_304' title='bbox 985 3914 1101 3985; x_wconf 90' lang='lat' dir='ltr'><strong>ipsa</strong></span> <span class='ocrx_word' id='word_1_305' title='bbox 1123 3928 1230 3984; x_wconf 89' lang='lat' dir='ltr'><strong>est,</strong></span> <span class='ocrx_word' id='word_1_306' title='bbox 1261 3922 1534 3994; x_wconf 87' lang='lat' dir='ltr'><strong>reliquum</strong></span> <span class='ocrx_word' id='word_1_307' title='bbox 1560 3928 1747 3993; x_wconf 77' lang='lat' dir='ltr'><strong>faciat.</strong></span> <span class='ocrx_word' id='word_1_308' title='bbox 1797 3908 2095 4005; x_wconf 81' lang='lat' dir='ltr'><strong>quominus</strong></span> 
     </span>
    </p>
   </div>
   <div class='ocr_carea' id='block_1_43' title="bbox 506 4002 2096 4101">
    <p class='ocr_par' dir='ltr' id='par_1_43' title="bbox 506 4002 2096 4101">
     <span class='ocr_line' id='line_1_44' title="bbox 506 4002 2096 4101; baseline 0.023 -49"><span class='ocrx_word' id='word_1_309' title='bbox 506 4011 659 4065; x_wconf 75' lang='lat' dir='ltr'><strong>enni,</strong></span> <span class='ocrx_word' id='word_1_310' title='bbox 690 4002 784 4072; x_wconf 92' lang='lat' dir='ltr'><strong>qui</strong></span> <span class='ocrx_word' id='word_1_311' title='bbox 822 4004 967 4062; x_wconf 89' lang='lat' dir='ltr'><strong>circa</strong></span> <span class='ocrx_word' id='word_1_312' title='bbox 997 4024 1118 4066; x_wconf 90' lang='lat' dir='ltr'><strong>eam</strong></span> <span class='ocrx_word' id='word_1_313' title='bbox 1169 4026 1457 4084; x_wconf 87' lang='lat' dir='ltr'><strong>versatur,</strong></span> <span class='ocrx_word' id='word_1_314' title='bbox 1504 4020 1651 4077; x_wconf 93' lang='lat' dir='ltr'><strong>bono</strong></span> <span class='ocrx_word' id='word_1_315' title='bbox 1684 4027 2002 4101; x_wconf 75' lang='lat' dir='ltr'><strong>coniungat,</strong></span> <span class='ocrx_word' id='word_1_316' title='bbox 2039 4042 2096 4088; x_wconf 88' lang='lat' dir='ltr'><strong>et</strong></span> 
     </span>
    </p>
   </div>
   <div class='ocr_carea' id='block_1_44' title="bbox 506 4091 2095 4194">
    <p class='ocr_par' dir='ltr' id='par_1_44' title="bbox 506 4091 2095 4194">
     <span class='ocr_line' id='line_1_45' title="bbox 506 4091 2095 4194; baseline 0.026 -50"><span class='ocrx_word' id='word_1_317' title='bbox 506 4091 579 4145; x_wconf 88' lang='lat' dir='ltr'><strong>ab</strong></span> <span class='ocrx_word' id='word_1_318' title='bbox 602 4093 913 4155; x_wconf 87' lang='lat' dir='ltr'><strong>actionibus</strong></span> <span class='ocrx_word' id='word_1_319' title='bbox 945 4104 1106 4160; x_wconf 89' lang='lat' dir='ltr'><strong>malis</strong></span> <span class='ocrx_word' id='word_1_320' title='bbox 1132 4119 1344 4166; x_wconf 88' lang='lat' dir='ltr'><strong>avocet.</strong></span> <span class='ocrx_word' id='word_1_321' title='bbox 1382 4111 1591 4173; x_wconf 88' lang='lat' dir='ltr'><strong>Deinde</strong></span> <span class='ocrx_word' id='word_1_322' title='bbox 1640 4128 1697 4175; x_wconf 95' lang='lat' dir='ltr'><strong>et</strong></span> <span class='ocrx_word' id='word_1_323' title='bbox 1739 4091 1803 4176; x_wconf 62' lang='lat' dir='ltr'><strong>es</strong></span> <span class='ocrx_word' id='word_1_324' title='bbox 1836 4091 1953 4194; x_wconf 72' lang='lat' dir='ltr'><strong>ipsa</strong></span> <span class='ocrx_word' id='word_1_325' title='bbox 1987 4091 2095 4185; x_wconf 85' lang='lat' dir='ltr'><strong>hac</strong></span> 
     </span>
    </p>
   </div>
   <div class='ocr_carea' id='block_1_45' title="bbox 508 4184 2094 4291">
    <p class='ocr_par' dir='ltr' id='par_1_45' title="bbox 508 4184 2094 4291">
     <span class='ocr_line' id='line_1_46' title="bbox 508 4184 2094 4291; baseline 0.027 -57"><span class='ocrx_word' id='word_1_326' title='bbox 508 4184 819 4244; x_wconf 88' lang='lat' dir='ltr'><strong>assertione</strong></span> <span class='ocrx_word' id='word_1_327' title='bbox 846 4206 955 4247; x_wconf 90' lang='lat' dir='ltr'><strong>non</strong></span> <span class='ocrx_word' id='word_1_328' title='bbox 992 4196 1198 4267; x_wconf 89' lang='lat' dir='ltr'><strong>minus,</strong></span> <span class='ocrx_word' id='word_1_329' title='bbox 1231 4217 1397 4272; x_wconf 90' lang='lat' dir='ltr'><strong>quam</strong></span> <span class='ocrx_word' id='word_1_330' title='bbox 1429 4221 1498 4261; x_wconf 85' lang='lat' dir='ltr'><strong>ex</strong></span> <span class='ocrx_word' id='word_1_331' title='bbox 1527 4211 1839 4280; x_wconf 56' lang='lat' dir='ltr'><strong>praedictis,</strong></span> <span class='ocrx_word' id='word_1_332' title='bbox 1878 4220 2094 4291; x_wconf 74' lang='lat' dir='ltr'><strong>perSpi-</strong></span> 
     </span>
    </p>
   </div>
   <div class='ocr_carea' id='block_1_46' title="bbox 507 4275 1903 4366">
    <p class='ocr_par' dir='ltr' id='par_1_46' title="bbox 507 4275 1903 4366">
     <span class='ocr_line' id='line_1_47' title="bbox 507 4275 1903 4366; baseline 0.028 -41"><span class='ocrx_word' id='word_1_333' title='bbox 507 4287 637 4329; x_wconf 89' lang='lat' dir='ltr'><strong>cere</strong></span> <span class='ocrx_word' id='word_1_334' title='bbox 678 4275 837 4345; x_wconf 89' lang='lat' dir='ltr'><strong>licet,</strong></span> <span class='ocrx_word' id='word_1_335' title='bbox 874 4297 1149 4359; x_wconf 55' lang='lat' dir='ltr'><strong>praecepta</strong></span> <span class='ocrx_word' id='word_1_336' title='bbox 1185 4292 1320 4366; x_wconf 86' lang='lat' dir='ltr'><strong>legis</strong></span> <span class='ocrx_word' id='word_1_337' title='bbox 1361 4296 1416 4352; x_wconf 90' lang='lat' dir='ltr'><strong>in</strong></span> <span class='ocrx_word' id='word_1_338' title='bbox 1460 4275 1671 4358; x_wconf 78' lang='lat' dir='ltr'><strong>honore</strong></span> <span class='ocrx_word' id='word_1_339' title='bbox 1711 4275 1903 4365; x_wconf 51' lang='lat' dir='ltr'><strong>fuisse:</strong></span> 
     </span>
    </p>
   </div>
   <div class='ocr_carea' id='block_1_47' title="bbox 497 4917 2085 5020">
    <p class='ocr_par' dir='ltr' id='par_1_47' title="bbox 497 4917 2085 5020">
     <span class='ocr_line' id='line_1_48' title="bbox 497 4917 2085 5020; baseline 0.026 -51"><span class='ocrx_word' id='word_1_340' title='bbox 497 4917 593 4988; x_wconf 88' lang='lat' dir='ltr'><strong>qui</strong></span> <span class='ocrx_word' id='word_1_341' title='bbox 616 4920 843 4980; x_wconf 90' lang='lat' dir='ltr'><strong>rationis</strong></span> <span class='ocrx_word' id='word_1_342' title='bbox 876 4942 1036 4985; x_wconf 92' lang='lat' dir='ltr'><strong>usum</strong></span> <span class='ocrx_word' id='word_1_343' title='bbox 1068 4932 1341 5006; x_wconf 89' lang='lat' dir='ltr'><strong>integrum</strong></span> <span class='ocrx_word' id='word_1_344' title='bbox 1371 4917 1538 4998; x_wconf 77' lang='lat' dir='ltr'><strong>habet</strong></span> <span class='ocrx_word' id='word_1_345' title='bbox 1560 4984 1577 5012; x_wconf 91' lang='lat'><strong>,</strong></span> <span class='ocrx_word' id='word_1_346' title='bbox 1620 4917 1942 5020; x_wconf 39' lang='lat' dir='ltr'><strong>alﬁrniarit;</strong></span> <span class='ocrx_word' id='word_1_347' title='bbox 1989 4917 2085 5013; x_wconf 78' lang='lat' dir='ltr'><strong>eas</strong></span> 
     </span>
    </p>
   </div>
   <div class='ocr_carea' id='block_1_48' title="bbox 498 5006 2085 5111">
    <p class='ocr_par' dir='ltr' id='par_1_48' title="bbox 498 5006 2085 5111">
     <span class='ocr_line' id='line_1_49' title="bbox 498 5006 2085 5111; baseline 0.026 -51"><span class='ocrx_word' id='word_1_348' title='bbox 498 5006 670 5078; x_wconf 81' lang='lat' dir='ltr'><strong>leges,</strong></span> <span class='ocrx_word' id='word_1_349' title='bbox 698 5027 833 5082; x_wconf 90' lang='lat' dir='ltr'><strong>quas</strong></span> <span class='ocrx_word' id='word_1_350' title='bbox 854 5016 971 5088; x_wconf 89' lang='lat' dir='ltr'><strong>ipsa</strong></span> <span class='ocrx_word' id='word_1_351' title='bbox 1004 5024 1206 5081; x_wconf 86' lang='lat' dir='ltr'><strong>veritas</strong></span> <span class='ocrx_word' id='word_1_352' title='bbox 1232 5027 1405 5086; x_wconf 89' lang='lat' dir='ltr'><strong>bonas</strong></span> <span class='ocrx_word' id='word_1_353' title='bbox 1428 5048 1573 5102; x_wconf 90' lang='lat' dir='ltr'><strong>esse,</strong></span> <span class='ocrx_word' id='word_1_354' title='bbox 1599 5045 1654 5091; x_wconf 90' lang='lat' dir='ltr'><strong>et</strong></span> <span class='ocrx_word' id='word_1_355' title='bbox 1674 5039 1742 5093; x_wconf 91' lang='lat' dir='ltr'><strong>ad</strong></span> <span class='ocrx_word' id='word_1_356' title='bbox 1764 5039 1943 5111; x_wconf 92' lang='lat' dir='ltr'><strong>ipsum</strong></span> <span class='ocrx_word' id='word_1_357' title='bbox 1970 5059 2085 5100; x_wconf 67' lang='lat' dir='ltr'><strong>coe-</strong></span> 
     </span>
    </p>
   </div>
   <div class='ocr_carea' id='block_1_49' title="bbox 498 5100 2084 5209">
    <p class='ocr_par' dir='ltr' id='par_1_49' title="bbox 498 5100 2084 5209">
     <span class='ocr_line' id='line_1_50' title="bbox 498 5100 2084 5209; baseline 0.026 -56"><span class='ocrx_word' id='word_1_358' title='bbox 498 5100 677 5157; x_wconf 88' lang='lat' dir='ltr'><strong>lorum</strong></span> <span class='ocrx_word' id='word_1_359' title='bbox 704 5121 930 5179; x_wconf 89' lang='lat' dir='ltr'><strong>regnum</strong></span> <span class='ocrx_word' id='word_1_360' title='bbox 955 5113 1159 5173; x_wconf 90' lang='lat' dir='ltr'><strong>ducere</strong></span> <span class='ocrx_word' id='word_1_361' title='bbox 1205 5123 1425 5191; x_wconf 89' lang='lat' dir='ltr'><strong>asserit,</strong></span> <span class='ocrx_word' id='word_1_362' title='bbox 1462 5126 1675 5185; x_wconf 90' lang='lat' dir='ltr'><strong>etiamsi</strong></span> <span class='ocrx_word' id='word_1_363' title='bbox 1705 5146 1768 5187; x_wconf 91' lang='lat' dir='ltr'><strong>ea</strong></span> <span class='ocrx_word' id='word_1_364' title='bbox 1796 5148 1920 5203; x_wconf 66' lang='lat' dir='ltr'><strong>qua:</strong></span> <span class='ocrx_word' id='word_1_365' title='bbox 1956 5153 2084 5209; x_wconf 86' lang='lat' dir='ltr'><strong>gra-</strong></span> 
     </span>
    </p>
   </div>
   <div class='ocr_carea' id='block_1_50' title="bbox 476 5189 2084 5292">
    <p class='ocr_par' dir='ltr' id='par_1_50' title="bbox 476 5189 2084 5292">
     <span class='ocr_line' id='line_1_51' title="bbox 476 5189 2084 5292; baseline 0.025 -46"><span class='ocrx_word' id='word_1_366' title='bbox 476 5189 587 5248; x_wconf 77' lang='lat' dir='ltr'><strong>‘tize</strong></span> <span class='ocrx_word' id='word_1_367' title='bbox 609 5206 759 5267; x_wconf 86' lang='lat' dir='ltr'><strong>sunt,</strong></span> <span class='ocrx_word' id='word_1_368' title='bbox 787 5200 952 5259; x_wconf 90' lang='lat' dir='ltr'><strong>simul</strong></span> <span class='ocrx_word' id='word_1_369' title='bbox 976 5208 1196 5279; x_wconf 88' lang='lat' dir='ltr'><strong>adsint,</strong></span> <span class='ocrx_word' id='word_1_370' title='bbox 1242 5213 1383 5278; x_wconf 87' lang='lat' dir='ltr'><strong>nihil</strong></span> <span class='ocrx_word' id='word_1_371' title='bbox 1410 5189 1481 5275; x_wconf 88' lang='lat' dir='ltr'><strong>ad</strong></span> <span class='ocrx_word' id='word_1_372' title='bbox 1516 5189 1923 5292; x_wconf 71' lang='lat' dir='ltr'><strong>perfectionem.</strong></span> <span class='ocrx_word' id='word_1_373' title='bbox 1955 5189 2084 5285; x_wconf 54' lang='lat' dir='ltr'><strong>econ-</strong></span> 
     </span>
    </p>
   </div>
   <div class='ocr_carea' id='block_1_51' title="bbox 495 5282 663 5345">
    <p class='ocr_par' dir='ltr' id='par_1_51' title="bbox 495 5282 663 5345">
     <span class='ocr_line' id='line_1_52' title="bbox 495 5282 663 5345; baseline 0.03 -5"><span class='ocrx_word' id='word_1_374' title='bbox 495 5282 663 5345; x_wconf 76' lang='lat' dir='ltr'><strong>ferre.</strong></span> 
     </span>
    </p>
   </div>
   <div class='ocr_carea' id='block_1_52' title="bbox 571 5405 1200 5484">
    <p class='ocr_par' dir='ltr' id='par_1_52' title="bbox 571 5405 1200 5484">
     <span class='ocr_line' id='line_1_53' title="bbox 571 5405 1200 5484; baseline 0.024 -24"><span class='ocrx_word' id='word_1_375' title='bbox 571 5405 613 5438; x_wconf 82' lang='grc'><strong>¹⁶</strong></span> <span class='ocrx_word' id='word_1_376' title='bbox 638 5405 830 5467; x_wconf 86' lang='lat' dir='ltr'><strong>Matth.</strong></span> <span class='ocrx_word' id='word_1_377' title='bbox 864 5429 978 5484; x_wconf 74' lang='lat' dir='ltr'><strong>xu,</strong></span> <span class='ocrx_word' id='word_1_378' title='bbox 1008 5418 1200 5478; x_wconf 68' lang='lat'><strong>16-20.</strong></span> 
     </span>
    </p>
   </div>
   <div class='ocr_carea' id='block_1_53' title="bbox 2220 620 3812 705">
    <p class='ocr_par' dir='ltr' id='par_1_53' title="bbox 2220 620 3812 705">
     <span class='ocr_line' id='line_1_54' title="bbox 2220 620 3812 705; baseline 0.011 -32"><span class='ocrx_word' id='word_1_379' title='bbox 2220 620 2324 692; x_wconf 83' lang='grc' dir='ltr'>ὅρα</span> <span class='ocrx_word' id='word_1_380' title='bbox 2361 622 2457 675; x_wconf 83' lang='grc' dir='ltr'>τοῦ</span> <span class='ocrx_word' id='word_1_381' title='bbox 2486 624 2777 679; x_wconf 81' lang='grc' dir='ltr'><strong>νεανίσκου</strong></span> <span class='ocrx_word' id='word_1_382' title='bbox 2808 625 2872 681; x_wconf 79' lang='grc' dir='ltr'>τὸ</span> <span class='ocrx_word' id='word_1_383' title='bbox 2900 627 3129 697; x_wconf 82' lang='grc' dir='ltr'>ἀγαθὸν,</span> <span class='ocrx_word' id='word_1_384' title='bbox 3154 629 3341 684; x_wconf 85' lang='grc' dir='ltr'>ὁποῖόν</span> <span class='ocrx_word' id='word_1_385' title='bbox 3376 632 3433 686; x_wconf 87' lang='grc' dir='ltr'><strong>τί</strong></span> <span class='ocrx_word' id='word_1_386' title='bbox 3466 632 3640 701; x_wconf 78' lang='grc' dir='ltr'>ἐστιν,</span> <span class='ocrx_word' id='word_1_387' title='bbox 3675 628 3745 691; x_wconf 74' lang='grc' dir='ltr'><strong>οὗ</strong></span> <span class='ocrx_word' id='word_1_388' title='bbox 3778 638 3812 705; x_wconf 81' lang='grc' dir='ltr'><strong>ἡ</strong></span> 
     </span>
    </p>
   </div>
   <div class='ocr_carea' id='block_1_54' title="bbox 2222 712 3823 795">
    <p class='ocr_par' dir='ltr' id='par_1_54' title="bbox 2222 712 3823 795">
     <span class='ocr_line' id='line_1_55' title="bbox 2222 712 3823 795; baseline 0.009 -29"><span class='ocrx_word' id='word_1_389' title='bbox 2222 712 2423 785; x_wconf 78' lang='grc' dir='ltr'>πρᾶξις</span> <span class='ocrx_word' id='word_1_390' title='bbox 2448 716 2549 786; x_wconf 81' lang='grc' dir='ltr'>τὴν</span> <span class='ocrx_word' id='word_1_391' title='bbox 2587 716 2807 772; x_wconf 72' lang='grc' dir='ltr'>αἰώνιον</span> <span class='ocrx_word' id='word_1_392' title='bbox 2846 718 2993 790; x_wconf 79' lang='grc' dir='ltr'>ζωὴν</span> <span class='ocrx_word' id='word_1_393' title='bbox 3024 720 3297 791; x_wconf 80' lang='grc' dir='ltr'><strong>προξενεῖ.</strong></span> <span class='ocrx_word' id='word_1_394' title='bbox 3347 725 3758 795; x_wconf 85' lang='grc' dir='ltr'>Διερωτῶντος,</span> <span class='ocrx_word' id='word_1_395' title='bbox 3789 727 3823 781; x_wconf 80' lang='grc' dir='ltr'><strong>ὁ</strong></span> 
     </span>
    </p>
   </div>
   <div class='ocr_carea' id='block_1_55' title="bbox 2219 806 3818 890">
    <p class='ocr_par' dir='ltr' id='par_1_55' title="bbox 2219 806 3818 890">
     <span class='ocr_line' id='line_1_56' title="bbox 2219 806 3818 890; baseline 0.009 -30"><span class='ocrx_word' id='word_1_396' title='bbox 2219 806 2415 881; x_wconf 78' lang='grc' dir='ltr'>Σωτὴρ</span> <span class='ocrx_word' id='word_1_397' title='bbox 2460 809 2615 864; x_wconf 80' lang='grc' dir='ltr'>οὐδὲν</span> <span class='ocrx_word' id='word_1_398' title='bbox 2661 810 2868 882; x_wconf 77' lang='grc' dir='ltr'>μᾶλλον</span> <span class='ocrx_word' id='word_1_399' title='bbox 2901 814 3113 869; x_wconf 78' lang='grc' dir='ltr'>ἐκεῖνον</span> <span class='ocrx_word' id='word_1_400' title='bbox 3141 814 3434 882; x_wconf 76' lang='grc' dir='ltr'><strong>διδάσκων,</strong></span> <span class='ocrx_word' id='word_1_401' title='bbox 3468 818 3502 889; x_wconf 77' lang='grc' dir='ltr'>ἢ</span> <span class='ocrx_word' id='word_1_402' title='bbox 3539 820 3685 873; x_wconf 82' lang='grc' dir='ltr'>κατὰ</span> <span class='ocrx_word' id='word_1_403' title='bbox 3709 820 3818 890; x_wconf 83' lang='grc' dir='ltr'>τῆς</span> 
     </span>
    </p>
   </div>
   <div class='ocr_carea' id='block_1_56' title="bbox 2219 900 3817 982">
    <p class='ocr_par' dir='ltr' id='par_1_56' title="bbox 2219 900 3817 982">
     <span class='ocr_line' id='line_1_57' title="bbox 2219 900 3817 982; baseline 0.009 -28"><span class='ocrx_word' id='word_1_404' title='bbox 2219 901 2558 966; x_wconf 86' lang='grc' dir='ltr'>άποστασίας</span> <span class='ocrx_word' id='word_1_405' title='bbox 2582 903 2893 975; x_wconf 75' lang='grc' dir='ltr'><strong>ἱστάμενος,</strong></span> <span class='ocrx_word' id='word_1_406' title='bbox 2922 906 3023 970; x_wconf 82' lang='grc' dir='ltr'><strong>τὰς</strong></span> <span class='ocrx_word' id='word_1_407' title='bbox 3054 909 3290 979; x_wconf 79' lang='grc' dir='ltr'><strong>νομικὰς</strong></span> <span class='ocrx_word' id='word_1_408' title='bbox 3314 900 3632 982; x_wconf 86' lang='grc' dir='ltr'>προέτεινεν</span> <span class='ocrx_word' id='word_1_409' title='bbox 3657 914 3817 969; x_wconf 79' lang='grc' dir='ltr'>ἐντο-</span> 
     </span>
    </p>
   </div>
   <div class='ocr_carea' id='block_1_57' title="bbox 2218 992 3816 1075">
    <p class='ocr_par' dir='ltr' id='par_1_57' title="bbox 2218 992 3816 1075">
     <span class='ocr_line' id='line_1_58' title="bbox 2218 992 3816 1075; baseline 0.009 -28"><span class='ocrx_word' id='word_1_410' title='bbox 2218 992 2337 1058; x_wconf 83' lang='grc' dir='ltr'>λάς,</span> <span class='ocrx_word' id='word_1_411' title='bbox 2382 996 2520 1067; x_wconf 83' lang='grc' dir='ltr'>μετὰ</span> <span class='ocrx_word' id='word_1_412' title='bbox 2550 997 2753 1069; x_wconf 83' lang='grc' dir='ltr'>πολλῆς</span> <span class='ocrx_word' id='word_1_413' title='bbox 2810 999 2915 1071; x_wconf 82' lang='grc' dir='ltr'>τῆς</span> <span class='ocrx_word' id='word_1_414' title='bbox 2968 1000 3348 1072; x_wconf 76' lang='grc' dir='ltr'>βεϐαιώσεως,</span> <span class='ocrx_word' id='word_1_415' title='bbox 3397 1005 3613 1075; x_wconf 80' lang='grc' dir='ltr'>ἀγαθὰς</span> <span class='ocrx_word' id='word_1_416' title='bbox 3665 1001 3816 1062; x_wconf 67' lang='grc' dir='ltr'>εἶναι</span> 
     </span>
    </p>
   </div>
   <div class='ocr_carea' id='block_1_58' title="bbox 2218 1086 3813 1171">
    <p class='ocr_par' dir='ltr' id='par_1_58' title="bbox 2218 1086 3813 1171">
     <span class='ocr_line' id='line_1_59' title="bbox 2218 1086 3813 1171; baseline 0.009 -31"><span class='ocrx_word' id='word_1_417' title='bbox 2218 1086 2424 1152; x_wconf 87' lang='grc' dir='ltr'>ταύτας</span> <span class='ocrx_word' id='word_1_418' title='bbox 2460 1089 2558 1143; x_wconf 78' lang='grc' dir='ltr'>καὶ</span> <span class='ocrx_word' id='word_1_419' title='bbox 2585 1091 2721 1162; x_wconf 80' lang='grc' dir='ltr'>πρὸς</span> <span class='ocrx_word' id='word_1_420' title='bbox 2750 1091 2899 1164; x_wconf 77' lang='grc' dir='ltr'>ζωὴν</span> <span class='ocrx_word' id='word_1_421' title='bbox 2923 1093 3162 1164; x_wconf 82' lang='grc' dir='ltr'>ἀπάγειν</span> <span class='ocrx_word' id='word_1_422' title='bbox 3191 1098 3292 1167; x_wconf 81' lang='grc' dir='ltr'>τὴν</span> <span class='ocrx_word' id='word_1_423' title='bbox 3313 1096 3535 1153; x_wconf 68' lang='grc' dir='ltr'>αἰώνιον</span> <span class='ocrx_word' id='word_1_424' title='bbox 3558 1100 3813 1171; x_wconf 79' lang='grc' dir='ltr'>ἐπιμαρ-</span> 
     </span>
    </p>
   </div>
   <div class='ocr_carea' id='block_1_59' title="bbox 2216 1182 3815 1264">
    <p class='ocr_par' dir='ltr' id='par_1_59' title="bbox 2216 1182 3815 1264">
     <span class='ocr_line' id='line_1_60' title="bbox 2216 1182 3815 1264; baseline 0.008 -30"><span class='ocrx_word' id='word_1_425' title='bbox 2216 1182 2419 1253; x_wconf 84' lang='grc' dir='ltr'>τυρῶν.</span> <span class='ocrx_word' id='word_1_426' title='bbox 2450 1183 2560 1237; x_wconf 82' lang='grc' dir='ltr'>Καί</span> <span class='ocrx_word' id='word_1_427' title='bbox 2582 1202 2665 1239; x_wconf 89' lang='grc' dir='ltr'><strong>τοι</strong></span> <span class='ocrx_word' id='word_1_428' title='bbox 2688 1186 2737 1239; x_wconf 86' lang='grc' dir='ltr'><strong>εί</strong></span> <span class='ocrx_word' id='word_1_429' title='bbox 2774 1185 2851 1257; x_wconf 81' lang='grc' dir='ltr'>μὴ</span> <span class='ocrx_word' id='word_1_430' title='bbox 2876 1186 2971 1242; x_wconf 82' lang='grc' dir='ltr'>τοῦ</span> <span class='ocrx_word' id='word_1_431' title='bbox 3010 1188 3222 1258; x_wconf 82' lang='grc' dir='ltr'><strong>ἀγαθοῦ</strong></span> <span class='ocrx_word' id='word_1_432' title='bbox 3262 1190 3483 1260; x_wconf 80' lang='grc' dir='ltr'>Πατρδς</span> <span class='ocrx_word' id='word_1_433' title='bbox 3507 1186 3675 1264; x_wconf 77' lang='grc' dir='ltr'>ἦσαν,</span> <span class='ocrx_word' id='word_1_434' title='bbox 3711 1194 3815 1247; x_wconf 86' lang='grc' dir='ltr'>καὶ</span> 
     </span>
    </p>
   </div>
   <div class='ocr_carea' id='block_1_60' title="bbox 2215 1270 3817 1355">
    <p class='ocr_par' dir='ltr' id='par_1_60' title="bbox 2215 1270 3817 1355">
     <span class='ocr_line' id='line_1_61' title="bbox 2215 1270 3817 1355; baseline 0.008 -29"><span class='ocrx_word' id='word_1_435' title='bbox 2215 1270 2297 1342; x_wconf 82' lang='grc' dir='ltr'><strong>τῷ</strong></span> <span class='ocrx_word' id='word_1_436' title='bbox 2353 1272 2520 1327; x_wconf 79' lang='grc' dir='ltr'>αὐτοῦ</span> <span class='ocrx_word' id='word_1_437' title='bbox 2568 1275 2890 1349; x_wconf 80' lang='grc' dir='ltr'><strong>κηρύγματι</strong></span> <span class='ocrx_word' id='word_1_438' title='bbox 2947 1277 3261 1351; x_wconf 83' lang='grc' dir='ltr'>σύμφωνοι,</span> <span class='ocrx_word' id='word_1_439' title='bbox 3314 1281 3499 1354; x_wconf 72' lang='grc' dir='ltr'>ἀλλ’ἢ</span> <span class='ocrx_word' id='word_1_440' title='bbox 3551 1285 3817 1355; x_wconf 80' lang='grc' dir='ltr'>τυραννὶς</span> 
     </span>
    </p>
   </div>
   <div class='ocr_carea' id='block_1_61' title="bbox 2217 1364 3816 1448">
    <p class='ocr_par' dir='ltr' id='par_1_61' title="bbox 2217 1364 3816 1448">
     <span class='ocr_line' id='line_1_62' title="bbox 2217 1364 3816 1448; baseline 0.011 -31"><span class='ocrx_word' id='word_1_441' title='bbox 2217 1364 2403 1431; x_wconf 81' lang='grc' dir='ltr'>αὐτοῖς</span> <span class='ocrx_word' id='word_1_442' title='bbox 2448 1367 2741 1438; x_wconf 73' lang='grc' dir='ltr'>ἐπεφύετο,</span> <span class='ocrx_word' id='word_1_443' title='bbox 2788 1370 2908 1435; x_wconf 73' lang='grc' dir='ltr'>πιῖις</span> <span class='ocrx_word' id='word_1_444' title='bbox 2944 1372 3046 1442; x_wconf 82' lang='grc' dir='ltr'>μὲν</span> <span class='ocrx_word' id='word_1_445' title='bbox 3104 1373 3275 1439; x_wconf 82' lang='grc' dir='ltr'>αὐτὰς</span> <span class='ocrx_word' id='word_1_446' title='bbox 3328 1377 3363 1448; x_wconf 76' lang='grc' dir='ltr'>ἡ</span> <span class='ocrx_word' id='word_1_447' title='bbox 3424 1376 3676 1448; x_wconf 80' lang='grc' dir='ltr'>ἀλήθεια,</span> <span class='ocrx_word' id='word_1_448' title='bbox 3732 1377 3816 1443; x_wconf 82' lang='grc' dir='ltr'><strong>ὡς</strong></span> 
     </span>
    </p>
   </div>
   <div class='ocr_carea' id='block_1_62' title="bbox 2219 1457 3815 1539">
    <p class='ocr_par' dir='ltr' id='par_1_62' title="bbox 2219 1457 3815 1539">
     <span class='ocr_line' id='line_1_63' title="bbox 2219 1457 3815 1539; baseline 0.009 -30"><span class='ocrx_word' id='word_1_449' title='bbox 2219 1457 2481 1529; x_wconf 87' lang='grc' dir='ltr'>μετόχους</span> <span class='ocrx_word' id='word_1_450' title='bbox 2494 1460 2705 1531; x_wconf 85' lang='grc' dir='ltr'>προῆγε</span> <span class='ocrx_word' id='word_1_451' title='bbox 2727 1461 2827 1531; x_wconf 82' lang='grc' dir='ltr'>τῆς</span> <span class='ocrx_word' id='word_1_452' title='bbox 2842 1462 3186 1535; x_wconf 84' lang='grc' dir='ltr'>ἀγαθότητος</span> <span class='ocrx_word' id='word_1_453' title='bbox 3206 1482 3222 1532; x_wconf 86' lang='lat'><strong>;</strong></span> <span class='ocrx_word' id='word_1_454' title='bbox 3246 1465 3369 1531; x_wconf 91' lang='grc' dir='ltr'><strong>πῶς</strong></span> <span class='ocrx_word' id='word_1_455' title='bbox 3386 1466 3444 1521; x_wconf 78' lang='grc' dir='ltr'>δὲ</span> <span class='ocrx_word' id='word_1_456' title='bbox 3458 1466 3537 1538; x_wconf 83' lang='grc' dir='ltr'><strong>τῷ</strong></span> <span class='ocrx_word' id='word_1_457' title='bbox 3552 1468 3815 1539; x_wconf 78' lang='grc' dir='ltr'><strong>ζητοῦντι</strong></span> 
     </span>
    </p>
   </div>
   <div class='ocr_carea' id='block_1_63' title="bbox 2214 1549 3816 1627">
    <p class='ocr_par' dir='ltr' id='par_1_63' title="bbox 2214 1549 3816 1627">
     <span class='ocr_line' id='line_1_64' title="bbox 2214 1549 3816 1627; baseline 0.007 -24"><span class='ocrx_word' id='word_1_458' title='bbox 2214 1549 2315 1621; x_wconf 81' lang='grc' dir='ltr'>τὴν</span> <span class='ocrx_word' id='word_1_459' title='bbox 2343 1549 2563 1605; x_wconf 73' lang='grc' dir='ltr'>αἰώνιον</span> <span class='ocrx_word' id='word_1_460' title='bbox 2592 1551 2739 1626; x_wconf 70' lang='grc' dir='ltr'>ζωῂν</span> <span class='ocrx_word' id='word_1_461' title='bbox 2770 1553 2837 1606; x_wconf 80' lang='grc' dir='ltr'>δι’</span> <span class='ocrx_word' id='word_1_462' title='bbox 2882 1554 3064 1609; x_wconf 77' lang='grc' dir='ltr'>αὐτῶν</span> <span class='ocrx_word' id='word_1_463' title='bbox 3104 1557 3290 1627; x_wconf 81' lang='grc' dir='ltr'>εὑρεῖν</span> <span class='ocrx_word' id='word_1_464' title='bbox 3320 1558 3641 1625; x_wconf 72' lang='grc' dir='ltr'>ἐπετίθετος</span> <span class='ocrx_word' id='word_1_465' title='bbox 3677 1560 3816 1625; x_wconf 84' lang='grc' dir='ltr'>Πῶς</span> 
     </span>
    </p>
   </div>
   <div class='ocr_carea' id='block_1_64' title="bbox 2213 1640 3813 1716">
    <p class='ocr_par' dir='ltr' id='par_1_64' title="bbox 2213 1640 3813 1716">
     <span class='ocr_line' id='line_1_65' title="bbox 2213 1640 3813 1716; baseline 0.007 -21"><span class='ocrx_word' id='word_1_466' title='bbox 2213 1640 2291 1707; x_wconf 82' lang='grc' dir='ltr'>δὲ,</span> <span class='ocrx_word' id='word_1_467' title='bbox 2323 1641 2369 1695; x_wconf 84' lang='grc' dir='ltr'><strong>ὢ</strong></span> <span class='ocrx_word' id='word_1_468' title='bbox 2395 1640 2620 1712; x_wconf 81' lang='grc' dir='ltr'>βαθείας</span> <span class='ocrx_word' id='word_1_469' title='bbox 2676 1643 2877 1716; x_wconf 72' lang='grc' dir='ltr'>μέθηςί</span> <span class='ocrx_word' id='word_1_470' title='bbox 2913 1646 2969 1700; x_wconf 68' lang='lat' dir='ltr'><strong>si</strong></span> <span class='ocrx_word' id='word_1_471' title='bbox 2992 1664 3077 1712; x_wconf 89' lang='grc' dir='ltr'><strong>τις</strong></span> <span class='ocrx_word' id='word_1_472' title='bbox 3103 1649 3199 1702; x_wconf 76' lang='grc' dir='ltr'>καὶ</span> <span class='ocrx_word' id='word_1_473' title='bbox 3249 1646 3375 1703; x_wconf 78' lang='grc' dir='ltr'>καθ’</span> <span class='ocrx_word' id='word_1_474' title='bbox 3417 1649 3590 1703; x_wconf 75' lang='grc' dir='ltr'>ἑαυτὰ</span> <span class='ocrx_word' id='word_1_475' title='bbox 3627 1649 3813 1705; x_wconf 86' lang='grc' dir='ltr'>ἐθέλοι</span> 
     </span>
    </p>
   </div>
   <div class='ocr_carea' id='block_1_65' title="bbox 2214 1736 3814 1817">
    <p class='ocr_par' dir='ltr' id='par_1_65' title="bbox 2214 1736 3814 1817">
     <span class='ocr_line' id='line_1_66' title="bbox 2214 1736 3814 1817; baseline 0.007 -27"><span class='ocrx_word' id='word_1_476' title='bbox 2214 1736 2388 1792; x_wconf 80' lang='grc' dir='ltr'>ταῦτα</span> <span class='ocrx_word' id='word_1_477' title='bbox 2422 1740 2669 1804; x_wconf 80' lang='grc' dir='ltr'>σκοπεῖν,</span> <span class='ocrx_word' id='word_1_478' title='bbox 2698 1737 2795 1792; x_wconf 83' lang='grc' dir='ltr'>τοῦ</span> <span class='ocrx_word' id='word_1_479' title='bbox 2818 1738 2915 1795; x_wconf 81' lang='grc' dir='ltr'><strong>ἀπ’</strong></span> <span class='ocrx_word' id='word_1_480' title='bbox 2938 1741 3119 1814; x_wconf 80' lang='grc' dir='ltr'>ἀρχῆς</span> <span class='ocrx_word' id='word_1_481' title='bbox 3139 1742 3596 1815; x_wconf 87' lang='grc' dir='ltr'>άνθρωποκτόνου</span> <span class='ocrx_word' id='word_1_482' title='bbox 3640 1746 3814 1817; x_wconf 86' lang='grc' dir='ltr'>νόμος</span> 
     </span>
    </p>
   </div>
   <div class='ocr_carea' id='block_1_66' title="bbox 2214 1827 3812 1905">
    <p class='ocr_par' dir='ltr' id='par_1_66' title="bbox 2214 1827 3812 1905">
     <span class='ocr_line' id='line_1_67' title="bbox 2214 1827 3812 1905; baseline 0.008 -24"><span class='ocrx_word' id='word_1_483' title='bbox 2214 1827 2276 1881; x_wconf 90' lang='grc' dir='ltr'><strong>τό</strong></span> <span class='ocrx_word' id='word_1_484' title='bbox 2303 1844 2320 1860; x_wconf 77' lang='grc' dir='ltr'><strong><em>ο</em></strong></span> <span class='ocrx_word' id='word_1_485' title='bbox 2370 1830 2454 1883; x_wconf 83' lang='grc' dir='ltr'><strong>Οὐ</strong></span> <span class='ocrx_word' id='word_1_486' title='bbox 2487 1830 2838 1899; x_wconf 71' lang='grc' dir='ltr'>φονεύσεις,</span> <span class='ocrx_word' id='word_1_487' title='bbox 2883 1835 2958 1888; x_wconf 85' lang='grc' dir='ltr'>οὐ</span> <span class='ocrx_word' id='word_1_488' title='bbox 2980 1836 3359 1905; x_wconf 81' lang='grc' dir='ltr'>μοιχεύσεις,</span> <span class='ocrx_word' id='word_1_489' title='bbox 3410 1837 3507 1891; x_wconf 81' lang='grc' dir='ltr'>καὶ</span> <span class='ocrx_word' id='word_1_490' title='bbox 3543 1840 3614 1891; x_wconf 82' lang='grc' dir='ltr'>τὰ</span> <span class='ocrx_word' id='word_1_491' title='bbox 3642 1838 3812 1902; x_wconf 71' lang='grc' dir='ltr'>ἄλλα,</span> 
     </span>
    </p>
   </div>
   <div class='ocr_carea' id='block_1_67' title="bbox 2211 1917 3810 2006">
    <p class='ocr_par' dir='ltr' id='par_1_67' title="bbox 2211 1917 3810 2006">
     <span class='ocr_line' id='line_1_68' title="bbox 2211 1917 3810 2006; baseline 0.009 -30"><span class='ocrx_word' id='word_1_492' title='bbox 2211 1917 2296 1989; x_wconf 77' lang='grc' dir='ltr'><strong>οἷς</strong></span> <span class='ocrx_word' id='word_1_493' title='bbox 2345 1924 2412 1978; x_wconf 89' lang='grc' dir='ltr'><strong>ἐκ</strong></span> <span class='ocrx_word' id='word_1_494' title='bbox 2449 1925 2745 1997; x_wconf 78' lang='grc' dir='ltr'><strong>διαμέτρου</strong></span> <span class='ocrx_word' id='word_1_495' title='bbox 2780 1930 2815 2001; x_wconf 77' lang='grc' dir='ltr'>ἡ</span> <span class='ocrx_word' id='word_1_496' title='bbox 2858 1929 3029 1984; x_wconf 89' lang='grc' dir='ltr'>κακία</span> <span class='ocrx_word' id='word_1_497' title='bbox 3076 1934 3173 1985; x_wconf 79' lang='grc' dir='ltr'>καὶ</span> <span class='ocrx_word' id='word_1_498' title='bbox 3217 1934 3247 1987; x_wconf 87' lang='grc' dir='ltr'>ὁ</span> <span class='ocrx_word' id='word_1_499' title='bbox 3274 1933 3501 2006; x_wconf 71' lang='grc' dir='ltr'>,ταύτης</span> <span class='ocrx_word' id='word_1_500' title='bbox 3537 1935 3810 2004; x_wconf 77' lang='grc' dir='ltr'>σπορεὺς,</span> 
     </span>
    </p>
   </div>
   <div class='ocr_carea' id='block_1_68' title="bbox 2214 2015 3810 2099">
    <p class='ocr_par' dir='ltr' id='par_1_68' title="bbox 2214 2015 3810 2099">
     <span class='ocr_line' id='line_1_69' title="bbox 2214 2015 3810 2099; baseline 0.012 -30"><span class='ocrx_word' id='word_1_501' title='bbox 2214 2015 2291 2088; x_wconf 81' lang='grc' dir='ltr'>μὴ</span> <span class='ocrx_word' id='word_1_502' title='bbox 2313 2016 2395 2071; x_wconf 82' lang='grc' dir='ltr'>ὅτι</span> <span class='ocrx_word' id='word_1_503' title='bbox 2422 2017 2813 2090; x_wconf 87' lang='grc' dir='ltr'>θεραπεύεται,</span> <span class='ocrx_word' id='word_1_504' title='bbox 2874 2022 3012 2077; x_wconf 82' lang='grc' dir='ltr'>ἀλλά</span> <span class='ocrx_word' id='word_1_505' title='bbox 3034 2039 3098 2093; x_wconf 81' lang='grc' dir='ltr'>γε</span> <span class='ocrx_word' id='word_1_506' title='bbox 3126 2023 3192 2096; x_wconf 76' lang='grc' dir='ltr'>δὴ</span> <span class='ocrx_word' id='word_1_507' title='bbox 3242 2024 3341 2080; x_wconf 78' lang='grc' dir='ltr'>καὶ</span> <span class='ocrx_word' id='word_1_508' title='bbox 3393 2025 3473 2091; x_wconf 82' lang='grc' dir='ltr'>ὡς</span> <span class='ocrx_word' id='word_1_509' title='bbox 3514 2027 3810 2099; x_wconf 71' lang='grc' dir='ltr'>πορρωτά-</span> 
     </span>
    </p>
   </div>
   <div class='ocr_carea' id='block_1_69' title="bbox 2207 2114 3807 2193">
    <p class='ocr_par' dir='ltr' id='par_1_69' title="bbox 2207 2114 3807 2193">
     <span class='ocr_line' id='line_1_70' title="bbox 2207 2114 3807 2193; baseline 0.008 -29"><span class='ocrx_word' id='word_1_510' title='bbox 2207 2127 2288 2165; x_wconf 91' lang='grc' dir='ltr'><strong>τω</strong></span> <span class='ocrx_word' id='word_1_511' title='bbox 2353 2114 2812 2185; x_wconf 80' lang='grc' dir='ltr'>μαστιγουμένων</span> <span class='ocrx_word' id='word_1_512' title='bbox 2880 2116 3039 2189; x_wconf 90' lang='grc' dir='ltr'>δίκην</span> <span class='ocrx_word' id='word_1_513' title='bbox 3096 2118 3489 2176; x_wconf 79' lang='grc' dir='ltr'>ἀπελαύνεται.</span> <span class='ocrx_word' id='word_1_514' title='bbox 3573 2120 3632 2176; x_wconf 90' lang='lat'><strong>&#39;0</strong></span> <span class='ocrx_word' id='word_1_515' title='bbox 3685 2120 3807 2193; x_wconf 77' lang='grc' dir='ltr'><strong>γάρ</strong></span> 
     </span>
    </p>
   </div>
   <div class='ocr_carea' id='block_1_70' title="bbox 2208 2206 3806 2291">
    <p class='ocr_par' dir='ltr' id='par_1_70' title="bbox 2208 2206 3806 2291">
     <span class='ocr_line' id='line_1_71' title="bbox 2208 2206 3806 2291; baseline 0.009 -31"><span class='ocrx_word' id='word_1_516' title='bbox 2208 2206 2387 2277; x_wconf 83' lang='grc' dir='ltr'>φόνων</span> <span class='ocrx_word' id='word_1_517' title='bbox 2408 2208 2504 2263; x_wconf 73' lang='grc' dir='ltr'><strong>καὶ</strong></span> <span class='ocrx_word' id='word_1_518' title='bbox 2546 2210 2780 2283; x_wconf 82' lang='grc' dir='ltr'>κλοπῆς,</span> <span class='ocrx_word' id='word_1_519' title='bbox 2833 2214 2932 2267; x_wconf 77' lang='grc' dir='ltr'>καὶ</span> <span class='ocrx_word' id='word_1_520' title='bbox 2991 2215 3243 2287; x_wconf 87' lang='grc' dir='ltr'>μοιχείας</span> <span class='ocrx_word' id='word_1_521' title='bbox 3276 2218 3372 2272; x_wconf 76' lang='grc' dir='ltr'>καὶ</span> <span class='ocrx_word' id='word_1_522' title='bbox 3415 2216 3806 2291; x_wconf 76' lang='grc' dir='ltr'>ψευδομαρτυ-</span> 
     </span>
    </p>
   </div>
   <div class='ocr_carea' id='block_1_71' title="bbox 2211 2298 3805 2382">
    <p class='ocr_par' dir='ltr' id='par_1_71' title="bbox 2211 2298 3805 2382">
     <span class='ocr_line' id='line_1_72' title="bbox 2211 2298 3805 2382; baseline 0.009 -31"><span class='ocrx_word' id='word_1_523' title='bbox 2211 2298 2329 2368; x_wconf 88' lang='grc' dir='ltr'>ρίας</span> <span class='ocrx_word' id='word_1_524' title='bbox 2364 2300 2630 2371; x_wconf 83' lang='grc' dir='ltr'>κρείττων</span> <span class='ocrx_word' id='word_1_525' title='bbox 2663 2303 2933 2371; x_wconf 77' lang='grc' dir='ltr'>γεγονὼς,</span> <span class='ocrx_word' id='word_1_526' title='bbox 2971 2306 3071 2361; x_wconf 77' lang='grc' dir='ltr'>καὶ</span> <span class='ocrx_word' id='word_1_527' title='bbox 3096 2307 3188 2361; x_wconf 81' lang='grc' dir='ltr'>τὸν</span> <span class='ocrx_word' id='word_1_528' title='bbox 3241 2308 3475 2380; x_wconf 84' lang='grc' dir='ltr'>πλησίον</span> <span class='ocrx_word' id='word_1_529' title='bbox 3498 2310 3805 2382; x_wconf 79' lang='grc' dir='ltr'>ἀγαπήσας</span> 
     </span>
    </p>
   </div>
   <div class='ocr_carea' id='block_1_72' title="bbox 2205 2386 3800 2465">
    <p class='ocr_par' dir='ltr' id='par_1_72' title="bbox 2205 2386 3800 2465">
     <span class='ocr_line' id='line_1_73' title="bbox 2205 2386 3800 2465; baseline 0.008 -22"><span class='ocrx_word' id='word_1_530' title='bbox 2205 2388 2282 2453; x_wconf 83' lang='grc' dir='ltr'><strong>ὡς</strong></span> <span class='ocrx_word' id='word_1_531' title='bbox 2310 2389 2527 2457; x_wconf 78' lang='grc' dir='ltr'>ἐαυτὸν,</span> <span class='ocrx_word' id='word_1_532' title='bbox 2570 2386 2731 2458; x_wconf 77' lang='grc' dir='ltr'>οὗτός</span> <span class='ocrx_word' id='word_1_533' title='bbox 2768 2396 2917 2451; x_wconf 87' lang='grc' dir='ltr'>ἐστιν</span> <span class='ocrx_word' id='word_1_534' title='bbox 2946 2398 2976 2451; x_wconf 84' lang='grc' dir='ltr'><strong>ὁ</strong></span> <span class='ocrx_word' id='word_1_535' title='bbox 3024 2399 3360 2454; x_wconf 86' lang='grc' dir='ltr'>καταπατῶν</span> <span class='ocrx_word' id='word_1_536' title='bbox 3391 2402 3521 2465; x_wconf 80' lang='grc' dir='ltr'>τοὺς</span> <span class='ocrx_word' id='word_1_537' title='bbox 3551 2403 3800 2456; x_wconf 83' lang='grc' dir='ltr'>ἀντικει-</span> 
     </span>
    </p>
   </div>
   <div class='ocr_carea' id='block_1_73' title="bbox 2207 2482 3799 2564">
    <p class='ocr_par' dir='ltr' id='par_1_73' title="bbox 2207 2482 3799 2564">
     <span class='ocr_line' id='line_1_74' title="bbox 2207 2482 3799 2564; baseline 0.009 -29"><span class='ocrx_word' id='word_1_538' title='bbox 2207 2482 2405 2551; x_wconf 83' lang='grc' dir='ltr'>μένους</span> <span class='ocrx_word' id='word_1_539' title='bbox 2428 2485 2493 2556; x_wconf 77' lang='grc' dir='ltr'><strong>τῇ</strong></span> <span class='ocrx_word' id='word_1_540' title='bbox 2520 2484 2819 2557; x_wconf 82' lang='grc' dir='ltr'>άγαθότητι</span> <span class='ocrx_word' id='word_1_541' title='bbox 2840 2488 3099 2561; x_wconf 79' lang='grc' dir='ltr'>θεσμοὺς,</span> <span class='ocrx_word' id='word_1_542' title='bbox 3123 2493 3217 2545; x_wconf 77' lang='grc' dir='ltr'>καὶ</span> <span class='ocrx_word' id='word_1_543' title='bbox 3240 2491 3405 2547; x_wconf 82' lang='grc' dir='ltr'>αὐτὸν</span> <span class='ocrx_word' id='word_1_544' title='bbox 3425 2492 3484 2547; x_wconf 81' lang='grc' dir='ltr'>δὲ</span> <span class='ocrx_word' id='word_1_545' title='bbox 3502 2492 3594 2546; x_wconf 84' lang='grc' dir='ltr'><strong>τὸν</strong></span> <span class='ocrx_word' id='word_1_546' title='bbox 3622 2490 3799 2564; x_wconf 81' lang='grc' dir='ltr'>ἀρχέ-</span> 
     </span>
    </p>
   </div>
   <div class='ocr_carea' id='block_1_74' title="bbox 2205 2578 3796 2659">
    <p class='ocr_par' dir='ltr' id='par_1_74' title="bbox 2205 2578 3796 2659">
     <span class='ocr_line' id='line_1_75' title="bbox 2205 2578 3796 2659; baseline 0.009 -31"><span class='ocrx_word' id='word_1_547' title='bbox 2205 2591 2378 2630; x_wconf 87' lang='grc' dir='ltr'>κακον</span> <span class='ocrx_word' id='word_1_548' title='bbox 2405 2578 2789 2650; x_wconf 88' lang='grc' dir='ltr'>καταισχύνων</span> <span class='ocrx_word' id='word_1_549' title='bbox 2808 2581 3023 2654; x_wconf 77' lang='grc' dir='ltr'>ἐχθρὸν,</span> <span class='ocrx_word' id='word_1_550' title='bbox 3065 2584 3161 2638; x_wconf 71' lang='grc' dir='ltr'><strong>καὶ</strong></span> <span class='ocrx_word' id='word_1_551' title='bbox 3193 2585 3304 2640; x_wconf 92' lang='grc' dir='ltr'><strong>τῶν</strong></span> <span class='ocrx_word' id='word_1_552' title='bbox 3340 2587 3508 2642; x_wconf 87' lang='grc' dir='ltr'>αὑτοῦ</span> <span class='ocrx_word' id='word_1_553' title='bbox 3532 2586 3796 2659; x_wconf 80' lang='grc' dir='ltr'>πράξεων</span> 
     </span>
    </p>
   </div>
   <div class='ocr_carea' id='block_1_75' title="bbox 2206 2668 3797 2751">
    <p class='ocr_par' dir='ltr' id='par_1_75' title="bbox 2206 2668 3797 2751">
     <span class='ocr_line' id='line_1_76' title="bbox 2206 2668 3797 2751; baseline 0.009 -31"><span class='ocrx_word' id='word_1_554' title='bbox 2206 2668 2427 2739; x_wconf 82' lang='grc' dir='ltr'>μακρὰν</span> <span class='ocrx_word' id='word_1_555' title='bbox 2449 2669 2779 2727; x_wconf 84' lang='grc' dir='ltr'>άποδιώκειν</span> <span class='ocrx_word' id='word_1_556' title='bbox 2824 2674 2986 2746; x_wconf 81' lang='grc' dir='ltr'>χάριν</span> <span class='ocrx_word' id='word_1_557' title='bbox 3019 2675 3201 2732; x_wconf 78' lang='grc' dir='ltr'>λαϐὼν</span> <span class='ocrx_word' id='word_1_558' title='bbox 3247 2678 3337 2734; x_wconf 83' lang='grc' dir='ltr'><strong>διὰ</strong></span> <span class='ocrx_word' id='word_1_559' title='bbox 3381 2682 3484 2751; x_wconf 79' lang='grc' dir='ltr'>τῆς</span> <span class='ocrx_word' id='word_1_560' title='bbox 3522 2679 3797 2751; x_wconf 79' lang='grc' dir='ltr'>ἐργασίας</span> 
     </span>
    </p>
   </div>
   <div class='ocr_carea' id='block_1_76' title="bbox 2201 2758 3797 2834">
    <p class='ocr_par' dir='ltr' id='par_1_76' title="bbox 2201 2758 3797 2834">
     <span class='ocr_line' id='line_1_77' title="bbox 2201 2758 3797 2834; baseline 0.01 -21"><span class='ocrx_word' id='word_1_561' title='bbox 2201 2758 2312 2813; x_wconf 86' lang='grc' dir='ltr'><strong>τῶν</strong></span> <span class='ocrx_word' id='word_1_562' title='bbox 2340 2761 2657 2817; x_wconf 83' lang='grc' dir='ltr'>Μωσαῖκῶν</span> <span class='ocrx_word' id='word_1_563' title='bbox 2686 2765 2939 2821; x_wconf 82' lang='grc' dir='ltr'>ἐντολῶν.</span> <span class='ocrx_word' id='word_1_564' title='bbox 2978 2767 3169 2834; x_wconf 76' lang='grc' dir='ltr'>Οὕτως</span> <span class='ocrx_word' id='word_1_565' title='bbox 3196 2770 3294 2825; x_wconf 76' lang='grc' dir='ltr'>καὶ</span> <span class='ocrx_word' id='word_1_566' title='bbox 3315 2771 3438 2826; x_wconf 80' lang='grc' dir='ltr'>καθ’</span> <span class='ocrx_word' id='word_1_567' title='bbox 3466 2772 3636 2828; x_wconf 78' lang='grc' dir='ltr'>ἑαυτά</span> <span class='ocrx_word' id='word_1_568' title='bbox 3678 2772 3797 2827; x_wconf 69' lang='grc' dir='ltr'><strong>τῶν</strong></span> 
     </span>
    </p>
   </div>
   <div class='ocr_carea' id='block_1_77' title="bbox 2202 2853 3797 2939">
    <p class='ocr_par' dir='ltr' id='par_1_77' title="bbox 2202 2853 3797 2939">
     <span class='ocr_line' id='line_1_78' title="bbox 2202 2853 3797 2939; baseline 0.011 -33"><span class='ocrx_word' id='word_1_569' title='bbox 2202 2853 2443 2923; x_wconf 87' lang='grc' dir='ltr'>νομικῶν</span> <span class='ocrx_word' id='word_1_570' title='bbox 2472 2856 2701 2911; x_wconf 84' lang='grc' dir='ltr'>ἐντολῶν</span> <span class='ocrx_word' id='word_1_571' title='bbox 2728 2859 2785 2913; x_wconf 85' lang='grc' dir='ltr'><strong>αί</strong></span> <span class='ocrx_word' id='word_1_572' title='bbox 2816 2860 3047 2932; x_wconf 84' lang='grc' dir='ltr'>πράξεις</span> <span class='ocrx_word' id='word_1_573' title='bbox 3079 2862 3180 2935; x_wconf 78' lang='grc' dir='ltr'>τὴν</span> <span class='ocrx_word' id='word_1_574' title='bbox 3221 2864 3538 2937; x_wconf 77' lang='grc' dir='ltr'>άγάθότητα</span> <span class='ocrx_word' id='word_1_575' title='bbox 3592 2867 3797 2939; x_wconf 81' lang='grc' dir='ltr'>φέρου-</span> 
     </span>
    </p>
   </div>
   <div class='ocr_carea' id='block_1_78' title="bbox 2202 2946 3785 3033">
    <p class='ocr_par' dir='ltr' id='par_1_78' title="bbox 2202 2946 3785 3033">
     <span class='ocr_line' id='line_1_79' title="bbox 2202 2946 3785 3033; baseline 0.012 -35"><span class='ocrx_word' id='word_1_576' title='bbox 2202 2956 2287 3000; x_wconf 82' lang='grc' dir='ltr'><strong>σιν</strong></span> <span class='ocrx_word' id='word_1_577' title='bbox 2320 2946 2377 2999; x_wconf 87' lang='grc' dir='ltr'><strong>ἐν</strong></span> <span class='ocrx_word' id='word_1_578' title='bbox 2401 2947 2642 3015; x_wconf 80' lang='grc' dir='ltr'>ἑαυταῖς,</span> <span class='ocrx_word' id='word_1_579' title='bbox 2669 2951 2765 3023; x_wconf 69' lang='grc' dir='ltr'>καὶ</span> <span class='ocrx_word' id='word_1_580' title='bbox 2789 2953 2884 3007; x_wconf 83' lang='grc' dir='ltr'><strong>τοῦ</strong></span> <span class='ocrx_word' id='word_1_581' title='bbox 2919 2955 3168 3027; x_wconf 87' lang='grc' dir='ltr'>Πονηροῦ</span> <span class='ocrx_word' id='word_1_582' title='bbox 3213 2956 3276 3011; x_wconf 83' lang='grc' dir='ltr'><strong>τδ</strong></span> <span class='ocrx_word' id='word_1_583' title='bbox 3314 2959 3523 3031; x_wconf 84' lang='grc' dir='ltr'>κράτος</span> <span class='ocrx_word' id='word_1_584' title='bbox 3575 2961 3785 3033; x_wconf 82' lang='grc' dir='ltr'>σαθρὸν</span> 
     </span>
    </p>
   </div>
   <div class='ocr_carea' id='block_1_79' title="bbox 2199 3037 3794 3111">
    <p class='ocr_par' dir='ltr' id='par_1_79' title="bbox 2199 3037 3794 3111">
     <span class='ocr_line' id='line_1_80' title="bbox 2199 3037 3794 3111; baseline 0.012 -20"><span class='ocrx_word' id='word_1_585' title='bbox 2199 3037 2485 3111; x_wconf 78' lang='grc' dir='ltr'>ἐλέγχουσι</span> <span class='ocrx_word' id='word_1_586' title='bbox 2515 3042 2585 3096; x_wconf 81' lang='grc' dir='ltr'><strong>δι’</strong></span> <span class='ocrx_word' id='word_1_587' title='bbox 2624 3044 2853 3102; x_wconf 87' lang='grc' dir='ltr'>ἐαυτῶν.</span> <span class='ocrx_word' id='word_1_588' title='bbox 2890 3046 2954 3101; x_wconf 82' lang='lat' dir='ltr'><strong>El</strong></span> <span class='ocrx_word' id='word_1_589' title='bbox 2988 3048 3046 3102; x_wconf 83' lang='grc' dir='ltr'>δὲ</span> <span class='ocrx_word' id='word_1_590' title='bbox 3099 3051 3193 3104; x_wconf 75' lang='grc' dir='ltr'>καὶ</span> <span class='ocrx_word' id='word_1_591' title='bbox 3221 3051 3428 3107; x_wconf 88' lang='grc' dir='ltr'>τέλειον</span> <span class='ocrx_word' id='word_1_592' title='bbox 3464 3053 3558 3108; x_wconf 82' lang='grc' dir='ltr'>τὸν</span> <span class='ocrx_word' id='word_1_593' title='bbox 3603 3053 3794 3110; x_wconf 79' lang='grc' dir='ltr'>νεανί-</span> 
     </span>
    </p>
   </div>
   <div class='ocr_carea' id='block_1_80' title="bbox 2200 3133 3792 3217">
    <p class='ocr_par' dir='ltr' id='par_1_80' title="bbox 2200 3133 3792 3217">
     <span class='ocr_line' id='line_1_81' title="bbox 2200 3133 3792 3217; baseline 0.011 -32"><span class='ocrx_word' id='word_1_594' title='bbox 2200 3148 2330 3185; x_wconf 88' lang='grc' dir='ltr'>σκον</span> <span class='ocrx_word' id='word_1_595' title='bbox 2358 3133 2581 3188; x_wconf 82' lang='grc' dir='ltr'>ἀνεῖπεν</span> <span class='ocrx_word' id='word_1_596' title='bbox 2607 3135 2830 3194; x_wconf 80' lang='grc' dir='ltr'>ἔσεσθαι</span> <span class='ocrx_word' id='word_1_597' title='bbox 2844 3142 3337 3214; x_wconf 81' lang='grc' dir='ltr'>προσλαμϐάνοντα</span> <span class='ocrx_word' id='word_1_598' title='bbox 3367 3148 3463 3200; x_wconf 74' lang='grc' dir='ltr'>καὶ</span> <span class='ocrx_word' id='word_1_599' title='bbox 3481 3147 3583 3211; x_wconf 82' lang='grc' dir='ltr'><strong>τάς</strong></span> <span class='ocrx_word' id='word_1_600' title='bbox 3615 3148 3792 3217; x_wconf 77' lang='grc' dir='ltr'>ιδίας,</span> 
     </span>
    </p>
   </div>
   <div class='ocr_carea' id='block_1_81' title="bbox 2200 3223 3789 3304">
    <p class='ocr_par' dir='ltr' id='par_1_81' title="bbox 2200 3223 3789 3304">
     <span class='ocr_line' id='line_1_82' title="bbox 2200 3223 3789 3304; baseline 0.01 -27"><span class='ocrx_word' id='word_1_601' title='bbox 2200 3223 2257 3277; x_wconf 82' lang='grc' dir='ltr'><strong>αῖ</strong></span> <span class='ocrx_word' id='word_1_602' title='bbox 2288 3224 2385 3297; x_wconf 76' lang='grc' dir='ltr'>τὴν</span> <span class='ocrx_word' id='word_1_603' title='bbox 2410 3226 2572 3299; x_wconf 83' lang='grc' dir='ltr'>χάριν</span> <span class='ocrx_word' id='word_1_604' title='bbox 2598 3230 2869 3299; x_wconf 82' lang='grc' dir='ltr'>ποιοῦσιν,</span> <span class='ocrx_word' id='word_1_605' title='bbox 2900 3234 3144 3303; x_wconf 84' lang='grc' dir='ltr'>ἐντολὰς,</span> <span class='ocrx_word' id='word_1_606' title='bbox 3176 3236 3298 3291; x_wconf 81' lang='grc' dir='ltr'>οὐδὲ</span> <span class='ocrx_word' id='word_1_607' title='bbox 3346 3237 3507 3293; x_wconf 80' lang='grc' dir='ltr'>τοῦτο</span> <span class='ocrx_word' id='word_1_608' title='bbox 3539 3240 3654 3304; x_wconf 86' lang='grc' dir='ltr'>τοῖς</span> <span class='ocrx_word' id='word_1_609' title='bbox 3704 3240 3789 3293; x_wconf 83' lang='grc' dir='ltr'>εί-</span> 
     </span>
    </p>
   </div>
   <div class='ocr_carea' id='block_1_82' title="bbox 2200 3317 3793 3401">
    <p class='ocr_par' dir='ltr' id='par_1_82' title="bbox 2200 3317 3793 3401">
     <span class='ocr_line' id='line_1_83' title="bbox 2200 3317 3793 3401; baseline 0.011 -32"><span class='ocrx_word' id='word_1_610' title='bbox 2200 3317 2461 3389; x_wconf 87' lang='grc' dir='ltr'>ρημένοις</span> <span class='ocrx_word' id='word_1_611' title='bbox 2498 3320 2652 3376; x_wconf 87' lang='grc' dir='ltr'>ούδέν</span> <span class='ocrx_word' id='word_1_612' title='bbox 2702 3322 3026 3381; x_wconf 81' lang='grc' dir='ltr'>ὑπεναντίον</span> <span class='ocrx_word' id='word_1_613' title='bbox 3064 3330 3367 3399; x_wconf 88' lang='grc' dir='ltr'>μετακινεῖ.</span> <span class='ocrx_word' id='word_1_614' title='bbox 3411 3330 3637 3401; x_wconf 87' lang='grc' dir='ltr'>Πρῶτον</span> <span class='ocrx_word' id='word_1_615' title='bbox 3685 3332 3793 3401; x_wconf 79' lang='grc' dir='ltr'>μὲν</span> 
     </span>
    </p>
   </div>
   <div class='ocr_carea' id='block_1_83' title="bbox 2196 3411 3791 3497">
    <p class='ocr_par' dir='ltr' id='par_1_83' title="bbox 2196 3411 3791 3497">
     <span class='ocr_line' id='line_1_84' title="bbox 2196 3411 3791 3497; baseline 0.01 -33"><span class='ocrx_word' id='word_1_616' title='bbox 2196 3411 2306 3481; x_wconf 82' lang='grc' dir='ltr'>γὰρ</span> <span class='ocrx_word' id='word_1_617' title='bbox 2337 3413 2459 3467; x_wconf 83' lang='grc' dir='ltr'>οὐδὲ</span> <span class='ocrx_word' id='word_1_618' title='bbox 2499 3416 2705 3489; x_wconf 76' lang='grc' dir='ltr'>ἑκάστη</span> <span class='ocrx_word' id='word_1_619' title='bbox 2733 3418 2843 3472; x_wconf 88' lang='grc' dir='ltr'><strong>τῶν</strong></span> <span class='ocrx_word' id='word_1_620' title='bbox 2870 3420 2930 3473; x_wconf 80' lang='grc' dir='ltr'><strong>ἐν</strong></span> <span class='ocrx_word' id='word_1_621' title='bbox 2976 3423 3057 3492; x_wconf 64' lang='grc' dir='ltr'>ατῇ</span> <span class='ocrx_word' id='word_1_622' title='bbox 3086 3421 3271 3493; x_wconf 85' lang='grc' dir='ltr'>χάριτι</span> <span class='ocrx_word' id='word_1_623' title='bbox 3332 3423 3462 3478; x_wconf 86' lang='grc' dir='ltr'>καθ’</span> <span class='ocrx_word' id='word_1_624' title='bbox 3496 3424 3700 3497; x_wconf 74' lang='grc' dir='ltr'>ἑαυτὴν</span> <span class='ocrx_word' id='word_1_625' title='bbox 3722 3424 3791 3479; x_wconf 81' lang='grc' dir='ltr'><strong>τὺ</strong></span> 
     </span>
    </p>
   </div>
   <div class='ocr_carea' id='block_1_84' title="bbox 2196 3502 3789 3587">
    <p class='ocr_par' dir='ltr' id='par_1_84' title="bbox 2196 3502 3789 3587">
     <span class='ocr_line' id='line_1_85' title="bbox 2196 3502 3789 3587; baseline 0.009 -32"><span class='ocrx_word' id='word_1_626' title='bbox 2196 3502 2405 3558; x_wconf 88' lang='grc' dir='ltr'>τέλειον</span> <span class='ocrx_word' id='word_1_627' title='bbox 2438 3506 2711 3577; x_wconf 82' lang='grc' dir='ltr'>προξενεῖ,</span> <span class='ocrx_word' id='word_1_628' title='bbox 2748 3510 2873 3564; x_wconf 75' lang='grc' dir='ltr'>ἐπεὶ</span> <span class='ocrx_word' id='word_1_629' title='bbox 2922 3509 3146 3584; x_wconf 80' lang='grc' dir='ltr'>ἐξήρκει</span> <span class='ocrx_word' id='word_1_630' title='bbox 3176 3511 3244 3569; x_wconf 79' lang='grc' dir='ltr'>ἂν</span> <span class='ocrx_word' id='word_1_631' title='bbox 3298 3515 3333 3587; x_wconf 72' lang='grc' dir='ltr'><strong>ἡ</strong></span> <span class='ocrx_word' id='word_1_632' title='bbox 3388 3516 3511 3585; x_wconf 89' lang='grc' dir='ltr'>μία,</span> <span class='ocrx_word' id='word_1_633' title='bbox 3546 3516 3644 3570; x_wconf 75' lang='grc' dir='ltr'>καὶ</span> <span class='ocrx_word' id='word_1_634' title='bbox 3672 3517 3789 3571; x_wconf 85' lang='grc' dir='ltr'><strong>τῶν</strong></span> 
     </span>
    </p>
   </div>
   <div class='ocr_carea' id='block_1_85' title="bbox 2196 3591 3788 3677">
    <p class='ocr_par' dir='ltr' id='par_1_85' title="bbox 2196 3591 3788 3677">
     <span class='ocr_line' id='line_1_86' title="bbox 2196 3591 3788 3677; baseline 0.009 -30"><span class='ocrx_word' id='word_1_635' title='bbox 2196 3592 2374 3649; x_wconf 78' lang='grc' dir='ltr'>ἄλλων</span> <span class='ocrx_word' id='word_1_636' title='bbox 2478 3597 2743 3669; x_wconf 82' lang='grc' dir='ltr'>ἡπρᾶξις</span> <span class='ocrx_word' id='word_1_637' title='bbox 2781 3603 3037 3674; x_wconf 86' lang='grc' dir='ltr'>περιττή.</span> <span class='ocrx_word' id='word_1_638' title='bbox 3078 3603 3159 3660; x_wconf 86' lang='grc' dir='ltr'><strong>Ού</strong></span> <span class='ocrx_word' id='word_1_639' title='bbox 3204 3603 3314 3677; x_wconf 81' lang='grc' dir='ltr'>γάρ</span> <span class='ocrx_word' id='word_1_640' title='bbox 3361 3605 3517 3661; x_wconf 81' lang='grc' dir='ltr'>τοῦτο</span> <span class='ocrx_word' id='word_1_641' title='bbox 3556 3606 3788 3675; x_wconf 81' lang='grc' dir='ltr'>νομοθε-</span> 
     </span>
    </p>
   </div>
   <div class='ocr_carea' id='block_1_86' title="bbox 2198 3684 3789 3770">
    <p class='ocr_par' dir='ltr' id='par_1_86' title="bbox 2198 3684 3789 3770">
     <span class='ocr_line' id='line_1_87' title="bbox 2198 3684 3789 3770; baseline 0.01 -32"><span class='ocrx_word' id='word_1_642' title='bbox 2198 3684 2323 3751; x_wconf 87' lang='grc' dir='ltr'>σίας</span> <span class='ocrx_word' id='word_1_643' title='bbox 2350 3687 2584 3760; x_wconf 77' lang='grc' dir='ltr'>ἀγαθῆς,</span> <span class='ocrx_word' id='word_1_644' title='bbox 2618 3691 2680 3744; x_wconf 83' lang='grc' dir='ltr'><strong>τδ</strong></span> <span class='ocrx_word' id='word_1_645' title='bbox 2708 3692 2832 3746; x_wconf 85' lang='grc' dir='ltr'>καθ’</span> <span class='ocrx_word' id='word_1_646' title='bbox 2879 3694 3084 3769; x_wconf 76' lang='grc' dir='ltr'>ἑαυτὴν</span> <span class='ocrx_word' id='word_1_647' title='bbox 3131 3699 3398 3770; x_wconf 85' lang='grc' dir='ltr'>παρέχειν</span> <span class='ocrx_word' id='word_1_648' title='bbox 3439 3699 3503 3754; x_wconf 85' lang='grc' dir='ltr'>τὸ</span> <span class='ocrx_word' id='word_1_649' title='bbox 3548 3700 3789 3766; x_wconf 67' lang='grc' dir='ltr'>ἐντελὲς,</span> 
     </span>
    </p>
   </div>
   <div class='ocr_carea' id='block_1_87' title="bbox 2194 3776 3790 3866">
    <p class='ocr_par' dir='ltr' id='par_1_87' title="bbox 2194 3776 3790 3866">
     <span class='ocr_line' id='line_1_88' title="bbox 2194 3776 3790 3866; baseline 0.011 -34"><span class='ocrx_word' id='word_1_650' title='bbox 2194 3776 2334 3832; x_wconf 81' lang='grc' dir='ltr'>ἀλλὰ</span> <span class='ocrx_word' id='word_1_651' title='bbox 2364 3780 2426 3834; x_wconf 80' lang='grc' dir='ltr'>τὸ</span> <span class='ocrx_word' id='word_1_652' title='bbox 2457 3782 2626 3853; x_wconf 84' lang='grc' dir='ltr'>μηδὲν</span> <span class='ocrx_word' id='word_1_653' title='bbox 2666 3784 3018 3856; x_wconf 86' lang='grc' dir='ltr'>καθυφεῖναι,</span> <span class='ocrx_word' id='word_1_654' title='bbox 3047 3789 3173 3859; x_wconf 80' lang='grc' dir='ltr'>τόγε</span> <span class='ocrx_word' id='word_1_655' title='bbox 3220 3791 3311 3846; x_wconf 77' lang='grc' dir='ltr'>ἐπ’</span> <span class='ocrx_word' id='word_1_656' title='bbox 3342 3792 3504 3865; x_wconf 77' lang='grc' dir='ltr'>αὐτῇ,</span> <span class='ocrx_word' id='word_1_657' title='bbox 3557 3793 3697 3866; x_wconf 75' lang='grc' dir='ltr'>πρὸς</span> <span class='ocrx_word' id='word_1_658' title='bbox 3720 3794 3790 3848; x_wconf 77' lang='grc' dir='ltr'><strong>τὸ</strong></span> 
     </span>
    </p>
   </div>
   <div class='ocr_carea' id='block_1_88' title="bbox 2200 3867 3787 3958">
    <p class='ocr_par' dir='ltr' id='par_1_88' title="bbox 2200 3867 3787 3958">
     <span class='ocr_line' id='line_1_89' title="bbox 2200 3867 3787 3958; baseline 0.014 -37"><span class='ocrx_word' id='word_1_659' title='bbox 2200 3867 2277 3940; x_wconf 80' lang='grc' dir='ltr'>μὴ</span> <span class='ocrx_word' id='word_1_660' title='bbox 2310 3870 2605 3927; x_wconf 87' lang='grc' dir='ltr'>συνάπτειν</span> <span class='ocrx_word' id='word_1_661' title='bbox 2640 3876 2742 3947; x_wconf 82' lang='grc' dir='ltr'>μὲν</span> <span class='ocrx_word' id='word_1_662' title='bbox 2778 3877 2870 3932; x_wconf 79' lang='grc' dir='ltr'>τὸν</span> <span class='ocrx_word' id='word_1_663' title='bbox 2911 3881 3168 3950; x_wconf 81' lang='grc' dir='ltr'>μετιόντα</span> <span class='ocrx_word' id='word_1_664' title='bbox 3213 3882 3421 3956; x_wconf 88' lang='grc' dir='ltr'>ταύτην</span> <span class='ocrx_word' id='word_1_665' title='bbox 3450 3884 3534 3957; x_wconf 83' lang='grc' dir='ltr'><strong>τῷ</strong></span> <span class='ocrx_word' id='word_1_666' title='bbox 3568 3886 3787 3958; x_wconf 80' lang='grc' dir='ltr'>ἀγαθῷ,</span> 
     </span>
    </p>
   </div>
   <div class='ocr_carea' id='block_1_89' title="bbox 2161 3962 3790 4049">
    <p class='ocr_par' dir='ltr' id='par_1_89' title="bbox 2161 3962 3790 4049">
     <span class='ocr_line' id='line_1_90' title="bbox 2161 3962 3790 4049; baseline 0.012 -33"><span class='ocrx_word' id='word_1_667' title='bbox 2161 3991 2167 3998; x_wconf 96' lang='grc'><strong><em>-</em></strong></span> <span class='ocrx_word' id='word_1_668' title='bbox 2194 3962 2431 4032; x_wconf 84' lang='grc' dir='ltr'>ἀπάγειν</span> <span class='ocrx_word' id='word_1_669' title='bbox 2450 3966 2509 4020; x_wconf 86' lang='grc' dir='ltr'><strong>δέ</strong></span> <span class='ocrx_word' id='word_1_670' title='bbox 2521 3967 2620 4039; x_wconf 86' lang='grc' dir='ltr'><strong>τῆς</strong></span> <span class='ocrx_word' id='word_1_671' title='bbox 2642 3970 2907 4042; x_wconf 85' lang='grc' dir='ltr'>ἐργασίας</span> <span class='ocrx_word' id='word_1_672' title='bbox 2925 3974 3021 4028; x_wconf 82' lang='grc' dir='ltr'><strong>τοῦ</strong></span> <span class='ocrx_word' id='word_1_673' title='bbox 3040 3993 3177 4047; x_wconf 89' lang='grc' dir='ltr'>πονη</span> <span class='ocrx_word' id='word_1_674' title='bbox 3186 3976 3301 4047; x_wconf 67' lang='lat' dir='ltr'><strong>poi}.</strong></span> <span class='ocrx_word' id='word_1_675' title='bbox 3328 3978 3595 4049; x_wconf 84' lang='grc' dir='ltr'>Δεύτερον</span> <span class='ocrx_word' id='word_1_676' title='bbox 3612 3980 3790 4035; x_wconf 75' lang='grc' dir='ltr'>δὲκαὶ</span> 
     </span>
    </p>
   </div>
   <div class='ocr_carea' id='block_1_90' title="bbox 2194 4054 3787 4139">
    <p class='ocr_par' dir='ltr' id='par_1_90' title="bbox 2194 4054 3787 4139">
     <span class='ocr_line' id='line_1_91' title="bbox 2194 4054 3787 4139; baseline 0.011 -31"><span class='ocrx_word' id='word_1_677' title='bbox 2194 4054 2263 4109; x_wconf 84' lang='grc' dir='ltr'><strong>δι’</strong></span> <span class='ocrx_word' id='word_1_678' title='bbox 2291 4056 2465 4128; x_wconf 85' lang='grc' dir='ltr'>αὐτῆς</span> <span class='ocrx_word' id='word_1_679' title='bbox 2488 4060 2606 4115; x_wconf 81' lang='grc' dir='ltr'>ἐστι</span> <span class='ocrx_word' id='word_1_680' title='bbox 2624 4061 2725 4134; x_wconf 82' lang='grc' dir='ltr'>τῆς</span> <span class='ocrx_word' id='word_1_681' title='bbox 2747 4064 3078 4135; x_wconf 80' lang='grc' dir='ltr'>ἀποφάσεως</span> <span class='ocrx_word' id='word_1_682' title='bbox 3107 4068 3260 4123; x_wconf 78' lang='grc' dir='ltr'>οὐδὲν</span> <span class='ocrx_word' id='word_1_683' title='bbox 3279 4068 3500 4125; x_wconf 78' lang='grc' dir='ltr'>ἔλαττον</span> <span class='ocrx_word' id='word_1_684' title='bbox 3526 4071 3787 4139; x_wconf 83' lang='grc' dir='ltr'>συνιδεῖν,</span> 
     </span>
    </p>
   </div>
   <div class='ocr_carea' id='block_1_91' title="bbox 2196 4147 3785 4233">
    <p class='ocr_par' dir='ltr' id='par_1_91' title="bbox 2196 4147 3785 4233">
     <span class='ocr_line' id='line_1_92' title="bbox 2196 4147 3785 4233; baseline 0.013 -33"><span class='ocrx_word' id='word_1_685' title='bbox 2196 4148 2231 4218; x_wconf 75' lang='grc' dir='ltr'>ἢ</span> <span class='ocrx_word' id='word_1_686' title='bbox 2250 4147 2341 4202; x_wconf 81' lang='grc' dir='ltr'><strong>διὰ</strong></span> <span class='ocrx_word' id='word_1_687' title='bbox 2366 4149 2477 4204; x_wconf 88' lang='grc' dir='ltr'><strong>τῶν</strong></span> <span class='ocrx_word' id='word_1_688' title='bbox 2503 4151 2789 4226; x_wconf 84' lang='grc' dir='ltr'>προτέρων</span> <span class='ocrx_word' id='word_1_689' title='bbox 2813 4155 2915 4222; x_wconf 79' lang='grc' dir='ltr'><strong>τὰς</strong></span> <span class='ocrx_word' id='word_1_690' title='bbox 2931 4158 3164 4231; x_wconf 83' lang='grc' dir='ltr'>νομικὰς</span> <span class='ocrx_word' id='word_1_691' title='bbox 3196 4161 3518 4233; x_wconf 84' lang='grc' dir='ltr'>τιμωμένας</span> <span class='ocrx_word' id='word_1_692' title='bbox 3536 4163 3785 4229; x_wconf 82' lang='grc' dir='ltr'>ἐντολάς.</span> 
     </span>
    </p>
   </div>
   <div class='ocr_carea' id='block_1_92' title="bbox 2190 4758 3783 4880">
    <p class='ocr_par' dir='ltr' id='par_1_92' title="bbox 2190 4758 3783 4880">
     <span class='ocr_line' id='line_1_93' title="bbox 2190 4758 3783 4880; baseline 0.012 -37"><span class='ocrx_word' id='word_1_693' title='bbox 2190 4788 2259 4854; x_wconf 80' lang='grc' dir='ltr'>ἃς</span> <span class='ocrx_word' id='word_1_694' title='bbox 2283 4758 2495 4860; x_wconf 41' lang='lat' dir='ltr'><strong>dides;</strong></span> <span class='ocrx_word' id='word_1_695' title='bbox 2518 4758 2830 4853; x_wconf 55' lang='grc' dir='ltr'>τέὰπῖὲτξζρ</span> <span class='ocrx_word' id='word_1_696' title='bbox 3067 4758 3294 4873; x_wconf 66' lang='grc' dir='ltr'>ἀλήθέια</span> <span class='ocrx_word' id='word_1_697' title='bbox 3312 4758 3417 4858; x_wconf 59' lang='grc' dir='ltr'><strong>⁸καὶ.</strong></span> <span class='ocrx_word' id='word_1_698' title='bbox 3442 4758 3783 4880; x_wconf 39' lang='grc' dir='ltr'>πρὸςῖαύῐὴύ</span> 
     </span>
    </p>
   </div>
   <div class='ocr_carea' id='block_1_93' title="bbox 2064 4880 3782 4966">
    <p class='ocr_par' dir='ltr' id='par_1_93' title="bbox 2064 4880 3782 4966">
     <span class='ocr_line' id='line_1_94' title="bbox 2064 4880 3782 4966; baseline 0.014 -35"><span class='ocrx_word' id='word_1_699' title='bbox 2064 4902 2082 4930; x_wconf 72' lang='grc' dir='ltr'><strong>ν</strong></span> <span class='ocrx_word' id='word_1_700' title='bbox 2189 4880 2290 4951; x_wconf 79' lang='grc' dir='ltr'>τὴν</span> <span class='ocrx_word' id='word_1_701' title='bbox 2350 4882 2633 4953; x_wconf 84' lang='grc' dir='ltr'>βασιλείαν</span> <span class='ocrx_word' id='word_1_702' title='bbox 2682 4889 2793 4944; x_wconf 87' lang='grc' dir='ltr'><strong>τῶν</strong></span> <span class='ocrx_word' id='word_1_703' title='bbox 2838 4892 3087 4963; x_wconf 83' lang='grc' dir='ltr'>οὐρανῶν</span> <span class='ocrx_word' id='word_1_704' title='bbox 3130 4899 3512 4966; x_wconf 78' lang='grc' dir='ltr'>χειραγωγοὺς</span> <span class='ocrx_word' id='word_1_705' title='bbox 3566 4898 3782 4965; x_wconf 87' lang='grc' dir='ltr'>πάντας</span> 
     </span>
    </p>
   </div>
   <div class='ocr_carea' id='block_1_94' title="bbox 2184 4970 3780 5065">
    <p class='ocr_par' dir='ltr' id='par_1_94' title="bbox 2184 4970 3780 5065">
     <span class='ocr_line' id='line_1_95' title="bbox 2184 4970 3780 5065; baseline 0.014 -41"><span class='ocrx_word' id='word_1_706' title='bbox 2184 4970 2598 5045; x_wconf 77' lang='grc' dir='ltr'>ἀποψηφιεῖται,</span> <span class='ocrx_word' id='word_1_707' title='bbox 2634 4980 2683 5033; x_wconf 77' lang='grc' dir='ltr'>εἰ</span> <span class='ocrx_word' id='word_1_708' title='bbox 2732 4981 2829 5035; x_wconf 79' lang='grc' dir='ltr'>καὶ</span> <span class='ocrx_word' id='word_1_709' title='bbox 2893 4984 3253 5056; x_wconf 86' lang='grc' dir='ltr'>προσέχουσιν</span> <span class='ocrx_word' id='word_1_710' title='bbox 3287 4988 3345 5041; x_wconf 86' lang='grc' dir='ltr'><strong>αί</strong></span> <span class='ocrx_word' id='word_1_711' title='bbox 3391 4987 3494 5061; x_wconf 82' lang='grc' dir='ltr'>τῆς</span> <span class='ocrx_word' id='word_1_712' title='bbox 3528 4989 3780 5065; x_wconf 83' lang='grc' dir='ltr'>χάριτος,</span> 
     </span>
    </p>
   </div>
   <div class='ocr_carea' id='block_1_95' title="bbox 2189 5060 3343 5145">
    <p class='ocr_par' dir='ltr' id='par_1_95' title="bbox 2189 5060 3343 5145">
     <span class='ocr_line' id='line_1_96' title="bbox 2189 5060 3343 5145; baseline 0.017 -32"><span class='ocrx_word' id='word_1_713' title='bbox 2189 5060 2359 5131; x_wconf 83' lang='grc' dir='ltr'>μηδὲν</span> <span class='ocrx_word' id='word_1_714' title='bbox 2391 5065 2528 5136; x_wconf 84' lang='grc' dir='ltr'>πρὸς</span> <span class='ocrx_word' id='word_1_715' title='bbox 2553 5068 2655 5139; x_wconf 81' lang='grc' dir='ltr'>τὴν</span> <span class='ocrx_word' id='word_1_716' title='bbox 2687 5070 3005 5145; x_wconf 83' lang='grc' dir='ltr'>τελειότητα</span> <span class='ocrx_word' id='word_1_717' title='bbox 3046 5076 3343 5133; x_wconf 83' lang='grc' dir='ltr'>συντελεῖν.</span> 
     </span>
    </p>
   </div>
   <div class='ocr_carea' id='block_1_96' title="bbox 1620 5601 2660 5689">
    <p class='ocr_par' dir='ltr' id='par_1_96' title="bbox 1620 5601 2660 5689">
     <span class='ocr_line' id='line_1_97' title="bbox 1620 5601 2660 5689; baseline 0.015 -15"><span class='ocrx_word' id='word_1_718' title='bbox 1620 5617 1854 5681; x_wconf 59' lang='grc' dir='ltr'>νΑιιιιΕ</span> <span class='ocrx_word' id='word_1_719' title='bbox 1891 5624 2273 5685; x_wconf 81' lang='lat' dir='ltr'><strong>LECTIONES</strong></span> <span class='ocrx_word' id='word_1_720' title='bbox 2301 5601 2395 5685; x_wconf 74' lang='grc' dir='ltr'><strong>ἘΤ</strong></span> <span class='ocrx_word' id='word_1_721' title='bbox 2427 5628 2660 5689; x_wconf 71' lang='lat' dir='ltr'><strong>nom.</strong></span> 
     </span>
    </p>
   </div>
   <div class='ocr_carea' id='block_1_97' title="bbox 566 5716 2076 5816">
    <p class='ocr_par' dir='ltr' id='par_1_97' title="bbox 566 5716 2076 5816">
     <span class='ocr_line' id='line_1_98' title="bbox 566 5716 2076 5816; baseline 0.021 -47"><span class='ocrx_word' id='word_1_722' title='bbox 566 5716 708 5816; x_wconf 48' lang='grc' dir='ltr'>(περ</span> <span class='ocrx_word' id='word_1_723' title='bbox 737 5717 1182 5816; x_wconf 34' lang='grc' dir='ltr'><strong>Ϊὸηθτέξεέοιςὶ</strong></span> <span class='ocrx_word' id='word_1_724' title='bbox 1215 5725 1492 5816; x_wconf 53' lang='lat' dir='ltr'><strong>Fortasse</strong></span> <span class='ocrx_word' id='word_1_725' title='bbox 1520 5740 1842 5816; x_wconf 71' lang='lat' dir='ltr'><strong>praestiterit</strong></span> <span class='ocrx_word' id='word_1_726' title='bbox 1894 5742 2076 5816; x_wconf 84' lang='lat' dir='ltr'><strong>legere</strong></span> 
     </span>
    </p>
   </div>
   <div class='ocr_carea' id='block_1_98' title="bbox 493 5786 2075 5883">
    <p class='ocr_par' dir='ltr' id='par_1_98' title="bbox 493 5786 2075 5883">
     <span class='ocr_line' id='line_1_99' title="bbox 493 5786 2075 5883; baseline 0.022 -47"><span class='ocrx_word' id='word_1_727' title='bbox 493 5786 557 5883; x_wconf 50' lang='grc' dir='ltr'>εδ</span> <span class='ocrx_word' id='word_1_728' title='bbox 591 5786 819 5883; x_wconf 61' lang='grc' dir='ltr'>τέλειοηέ,</span> <span class='ocrx_word' id='word_1_729' title='bbox 850 5791 995 5883; x_wconf 59' lang='grc' dir='ltr'>είευι</span> <span class='ocrx_word' id='word_1_730' title='bbox 1025 5797 1189 5868; x_wconf 88' lang='lat' dir='ltr'><strong>paulo</strong></span> <span class='ocrx_word' id='word_1_731' title='bbox 1216 5786 1841 5883; x_wconf 63' lang='grc' dir='ltr'><strong>αηιθηὸὲιεΐξᾶἶῐὸἷὶιϊ</strong></span> <span class='ocrx_word' id='word_1_732' title='bbox 1870 5786 2075 5870; x_wconf 56' lang='lat'><strong>{5&quot;}??-</strong></span> 
     </span>
    </p>
   </div>
   <div class='ocr_carea' id='block_1_99' title="bbox 494 5854 931 5930">
    <p class='ocr_par' dir='ltr' id='par_1_99' title="bbox 494 5854 931 5930">
     <span class='ocr_line' id='line_1_100' title="bbox 494 5854 931 5930; baseline 0.027 -23"><span class='ocrx_word' id='word_1_733' title='bbox 494 5854 552 5908; x_wconf 84' lang='grc' dir='ltr'><strong>λε</strong></span> <span class='ocrx_word' id='word_1_734' title='bbox 561 5874 637 5913; x_wconf 90' lang='grc' dir='ltr'><strong>ιον</strong></span> <span class='ocrx_word' id='word_1_735' title='bbox 659 5854 931 5930; x_wconf 80' lang='grc' dir='ltr'>προξενεῖ.</span> 
     </span>
    </p>
   </div>
   <div class='ocr_carea' id='block_1_100' title="bbox 2257 5746 3787 5831">
    <p class='ocr_par' dir='ltr' id='par_1_100' title="bbox 2257 5746 3787 5831">
     <span class='ocr_line' id='line_1_101' title="bbox 2257 5746 3787 5831; baseline 0.019 -34"><span class='ocrx_word' id='word_1_736' title='bbox 2257 5746 2392 5831; x_wconf 46' lang='grc' dir='ltr'><strong>(βξ)</strong></span> <span class='ocrx_word' id='word_1_737' title='bbox 2463 5748 2760 5831; x_wconf 54' lang='grc' dir='ltr'>ςΑνεῖπεν.</span> <span class='ocrx_word' id='word_1_738' title='bbox 2799 5752 3105 5831; x_wconf 86' lang='lat' dir='ltr'><strong>_Scriptum</strong></span> <span class='ocrx_word' id='word_1_739' title='bbox 3162 5760 3402 5831; x_wconf 89' lang='lat' dir='ltr'><strong>primum</strong></span> <span class='ocrx_word' id='word_1_740' title='bbox 3456 5764 3510 5820; x_wconf 91' lang='lat' dir='ltr'><strong>in</strong></span> <span class='ocrx_word' id='word_1_741' title='bbox 3581 5768 3787 5826; x_wconf 80' lang='lat' dir='ltr'><strong>codice</strong></span> 
     </span>
    </p>
   </div>
   <div class='ocr_carea' id='block_1_101' title="bbox 2182 5812 3787 5921">
    <p class='ocr_par' dir='ltr' id='par_1_101' title="bbox 2182 5812 3787 5921">
     <span class='ocr_line' id='line_1_102' title="bbox 2182 5812 3787 5921; baseline 0.017 -50"><span class='ocrx_word' id='word_1_742' title='bbox 2182 5824 2303 5871; x_wconf 91' lang='lat' dir='ltr'><strong>erat</strong></span> <span class='ocrx_word' id='word_1_743' title='bbox 2338 5812 2405 5870; x_wconf 76' lang='grc' dir='ltr'>ἂν</span> <span class='ocrx_word' id='word_1_744' title='bbox 2434 5812 2610 5904; x_wconf 58' lang='grc' dir='ltr'>εἶπεν,</span> <span class='ocrx_word' id='word_1_745' title='bbox 2667 5824 2813 5894; x_wconf 89' lang='lat' dir='ltr'><strong>quod</strong></span> <span class='ocrx_word' id='word_1_746' title='bbox 2866 5812 3289 5890; x_wconf 12' lang='lat' dir='ltr'><strong>eademiinzinus</strong></span> <span class='ocrx_word' id='word_1_747' title='bbox 3317 5844 3465 5893; x_wconf 83' lang='lat' dir='ltr'><strong>recte</strong></span> <span class='ocrx_word' id='word_1_748' title='bbox 3518 5852 3787 5921; x_wconf 58' lang='lat' dir='ltr'><strong>correxeo</strong></span> 
     </span>
     <span class='ocr_line' id='line_1_103' title="bbox 2184 5896 2647 5921; baseline 0.017 -8"><span class='ocrx_word' id='word_1_749' title='bbox 2184 5896 2262 5921; x_wconf 67' lang='grc' dir='ltr'>...η</span> <span class='ocrx_word' id='word_1_750' title='bbox 2298 5903 2394 5921; x_wconf 66' lang='grc' dir='ltr'><strong>ηρ,</strong></span> <span class='ocrx_word' id='word_1_751' title='bbox 2422 5904 2647 5921; x_wconf 70' lang='lat'><strong>-.........</strong></span> 
     </span>
    </p>
   </div>
   <div class='ocr_carea' id='block_1_102' title="bbox 2183 5896 2666 5958">
    <p class='ocr_par' dir='ltr' id='par_1_102' title="bbox 2183 5896 2666 5958">
     <span class='ocr_line' id='line_1_104' title="bbox 2183 5896 2666 5958; baseline 0.012 -16"><span class='ocrx_word' id='word_1_752' title='bbox 2183 5896 2267 5943; x_wconf 88' lang='lat' dir='ltr'><strong>rat</strong></span> <span class='ocrx_word' id='word_1_753' title='bbox 2295 5903 2394 5958; x_wconf 86' lang='lat' dir='ltr'><strong>per</strong></span> <span class='ocrx_word' id='word_1_754' title='bbox 2421 5896 2666 5948; x_wconf 79' lang='grc' dir='ltr'>ἀνεῖπεν.</span> 
     </span>
    </p>
   </div>
  </div>
