4014 6394
222 411 317 476 221

1251 411 1549 473 CONTRA
1586 412 2045 477 MANICHEOS
2075 416 2305 479 LIBER
2342 418 2441 482 IV.

3378 420 3485 484 222

290 528 392 581 18'.
436 525 596 597 Ἐμοὶ
662 523 762 595 μὲν
792 515 887 576 οὖν
923 520 1097 614 ταῦτα
1146 521 1506 614 λογιζομένῳ,
1546 525 1641 579 καὶ
1676 526 1801 581 ὅσον

1974 528 2118 584 XIX.
2149 529 2280 585 Mihi
2310 546 2444 586 vero
2473 530 2590 586 hazc
2618 530 2691 585 ita
2715 530 3145 601 argumentanti,
3190 542 3268 598 et,
3308 549 3485 604 quan-

224 620 410 691 ἴσχυσε
437 617 580 671 κατά
606 614 698 669 τοῦ
728 614 926 687 γένους,
950 613 979 665 6
1006 612 1221 685 ἐχθρὸς,
1273 612 1359 678 είς
1382 615 1500 668 οῖαν
1539 631 1598 668 τε
1655 632 1793 669 κατ-

222 712 425 783 ηνέχθη
454 710 665 764 πτῶσιν
689 710 718 761 6
741 708 836 761 ἄνθ
846 723 1049 778 ρωπος,
1065 706 1161 759 καὶ
1189 706 1326 779 πρὸς
1350 708 1481 779 ὅσην
1502 708 1797 779 ἀλλοτρίω-

226 822 305 858 σιν
359 805 396 876 ή
436 803 600 872 φύσις
625 799 907 872 ἀπηνέχθη
935 798 1031 853 τοῦ
1083 798 1416 863 πλάσαντος,
1464 798 1802 870 ἀνθελομένη

224 898 313 951 τοῦ
346 896 585 951 κτίστου
617 894 710 949 τὸν
757 892 1018 964 πολέμιον
1058 891 1464 963 ἐπιγράφεσθαι
1501 892 1801 963 δεσπότην·

226 988 625 1060 ἀναστρέφεται
665 986 765 1058 μὲν
803 985 871 1039 τά
913 985 1088 1052 ἐντὸς,
1134 985 1480 1057 ταράσσεται
1510 985 1623 1057 (14)
1647 985 1704 1039 δὲ
1736 985 1806 1039 τά

229 1081 536 1151 σπλάγχνα,
569 1081 665 1133 καὶ
700 1079 1003 1151 προπίπτει
1055 1078 1292 1151 δάκρυα,
1350 1078 1449 1132 καὶ
1476 1078 1605 1142 τοὺς
1650 1076 1805 1147 ἐλέγ-

229 1191 353 1246 χους
384 1174 437 1226 οῖ
487 1172 674 1245 θρῆνοι
706 1170 1101 1243 παρέρχονται.
1160 1170 1325 1225 Ἀ).λά
1356 1170 1439 1235 τίς
1494 1170 1562 1224 ἂν
1608 1168 1807 1241 θρῆνος

232 1265 517 1338 ἐξαρκέσει
557 1265 638 1336 τῷ
688 1264 890 1330 πάθει;
955 1262 1125 1336 Οἶμαι
1173 1263 1284 1336 γὰρ
1356 1263 1454 1317 καὶ
1513 1263 1674 1319 αὐτὸν
1715 1262 1808 1316 τὸν

241 1358 533 1429 Ἰερεμίαν,
558 1357 813 1429 θρήνους,
840 1357 894 1409 εῐ
911 1374 995 1420 τις
1022 1357 1203 1422 ἀλλος,
1231 1355 1411 1411 είδότα
1436 1355 1811 1427 συμπαρατεί-

233 1469 338 1505 νειν
366 1450 802 1521 παραπτώμασι,
835 1447 898 1503 τὸ
927 1448 1149 1503 ἔλαττον
1166 1448 1405 1503 ἐνταῦθα
1428 1449 1686 1511 λαϐόντα,
1713 1446 1810 1501 καὶ

231 1543 323 1614 τὴν
343 1542 690 1613 συμπάθειαν
711 1539 763 1594 ὅ)
774 1559 840 1613 ην
864 1541 1183 1595 κενώσαντα
1207 1540 1485 1595 ἀπελθεῖν.
1538 1540 1809 1612 Τηλικοῦ-

232 1651 317 1688 τον
351 1635 646 1706 πρόκειται
700 1635 930 1704 πτῶμα,
981 1635 1077 1689 καὶ
1119 1634 1420 1705 τηλικαύτη
1466 1634 1701 1705 κατέσχε
1751 1633 1812 1687 τὸ

234 1727 572 1798 ἀνθρώπινον
594 1728 803 1798 πληγή.
841 1728 983 1798 Ὅρα
1015 1725 1147 1797 γάρ,
1181 1726 1355 1797 οῐμοι,
1406 1724 1501 1779 νῦν
1535 1726 1633 1796 μὲν
1663 1728 1813 1790 ὅπως

236 1819 563 1890 συνηγόρους
590 1819 821 1883 ἑαυτοὺς
854 1817 1295 1890 προχειρίζονται
1337 1817 1434 1872 τοῦ
1460 1818 1680 1890 ἐχθροῦ,
1714 1816 1812 1872 νῦν

235 1911 369 1965 δέού
398 1912 733 1983 συνηγόρους
768 1912 930 1981 μόνον
960 1911 1096 1965 ἀλλά
1142 1912 1239 1967 καὶ
1290 1913 1357 1984 τῇ
1390 1912 1561 1983 κακίᾳ
1638 1912 1809 1985 ὑπερ·
1840 1892 1887 1951 Β

238 2005 458 2074 ἔχοντας
504 2004 602 2058 καὶ
639 2004 1182 2076 παρευὼκιμοῦντας
1218 2004 1312 2058 τὸν
1359 2004 1672 2076 ἀρχέκακον
1716 2006 1814 2059 καὶ

239 2095 546 2167 ὑποσπορία
589 2099 702 2159 τοῖς
737 2096 1021 2161 τοιούτοις.
1076 2098 1184 2150 Kal.
1223 2096 1659 2169 παρελαύνοντες
1700 2098 1814 2162 τοῖς

238 2188 452 2251 ἀτόποις
462 2188 555 2240 τὸν
573 2186 897 2260 εἰσηγητὴν,
918 2188 1175 2260 αῖσθησιν
1194 2189 1297 2243 οὐκ
1330 2188 1576 2243 ἐθέλουσι
1604 2189 1811 2245 λαϐεῖν.

238 2279 339 2333 Τοῦ
372 2280 481 2349 γάρ
514 2280 767 2351 Σωτῆρος
798 2280 957 2351 ἡμῶν
988 2280 1105 2352 ἤδη
1124 2280 1226 2352 τὴν
1253 2281 1420 2335 αὐτοῦ
1442 2281 1673 2354 θεότητα
1714 2283 1810 2335 καὶ

241 2373 386 2443 ισχὺν
410 2372 871 2443 πὰραδεικνύντος
894 2375 1008 2436 τοῖς
1039 2373 1336 2445 θαύμασιν,
1361 2374 1485 2428 ἐπεὶ
1506 2374 1616 2427 τῶν
1637 2372 1814 2428 ἄλλων

239 2465 560 2535 νοσημάτων
600 2465 961 2520 ἀπαλλάττων
992 2465 1053 2519 τὸ
1092 2468 1292 2520 οἰκεῖον
1319 2464 1566 2536 πλάσμα,
1593 2464 1715 2518 οὐδὲ
1754 2463 1816 2517 τὸ

238 2555 339 2608 τῶν
389 2554 666 2625 δαιμόνων
725 2554 913 2624 στῖφος
952 2554 1039 2608 εῐα
1096 2554 1420 2625 διενοχλεῖν,
1468 2552 1607 2609 ἀλλὰ
1669 2552 1813 2625 μετά

241 2647 439 2719 πολλῆς
473 2650 577 2715 τῆς
613 2647 906 2711 αύθεντίας
950 2646 1287 2718 ἀπήλαυνεν,
1338 2647 1439 2701 οὐκ
1490 2646 1813 2717 ἐτόλμησεν,

240 2741 370 2811 ὅπερ
401 2739 693 2810 πρότερον,
718 2738 1186 2804 ἀλαζονεύσασθαι
1214 2740 1243 2793 6
1271 2738 1484 2809 ἐχθρὸς,
1509 2737 1605 2792 καὶ
1621 2736 1815 2791 ἐαυτοῦ

240 2828 395 2897 εἶναι,
437 2832 501 2897 ἐξ
551 2824 615 2886 οὗ
664 2830 945 2897 ἐδιώκετο,
999 2834 1295 2886 ἀντειπεῖν.
1337 2830 1481 2885 Ἀλλ’
1536 2832 1654 2903 ἅμα
1684 2848 1745 2885 τε
1787 2832 1827 2888 6.

240 2926 483 2997 Κτίστης
523 2926 891 2997 εύσπλάγχνῳ
958 2926 1038 2996 τῷ
1105 2926 1367 2997 κτίσματι
1445 2923 1826 2996 προσέϐλεψεν·

240 3016 469 3095 δμματι,
509 3018 605 3070 καὶ
642 3015 902 3086 δλεγεὼν
951 3015 1308 3087 ἐδραπέτευε,
1339 3016 1434 3070 καὶ
1480 3016 1583 3069 οὐκ
1625 3015 1684 3083 ἐξ
1731 3008 1816 3070 ὧν

240 3108 433 3179 φεύγει
460 3109 622 3180 μόνον
676 3107 773 3163 τοῦ
825 3109 1109 3180 ἀλλοτρίου
1147 3109 1462 3175 διώκεσθαι,
1504 3111 1605 3165 καὶ
1665 3110 1818 3165 ἄκων

240 3205 422 3277 ιργοις
439 3206 903 3277 ἐπιμαρτύρεται,
958 3206 1075 3259 ἀλλ’
1123 3206 1206 3260 ὃτι
1263 3207 1401 3278 μηδέ
1452 3202 1569 3261 τῶν
1616 3206 1819 3279 χοίρων
1843 3247 1888 3310 C

237 3299 400 3368 φύσις
439 3299 545 3354 ὑπὸ
574 3298 673 3370 τὴν
703 3300 948 3370 πονηράν
973 3300 1091 3353 ἐστι
1121 3299 1321 3354 πλάσιν
1348 3301 1445 3354 καὶ
1472 3300 1649 3372 ἀρχὴν
1678 3301 1821 3373 λαμ-

240 3393 506 3463 πρότερον
534 3393 880 3461 ἀνομολογεῖ.
916 3391 1141 3445 Αίτοῦσι
1171 3392 1281 3462 γάρ
1311 3392 1363 3445 οί
1401 3393 1500 3462 τῆς
1549 3392 1822 3463 πονηρίας

238 3484 331 3540 τὸν
365 3486 543 3541 κοινὸν
574 3485 817 3556 Κτίστην
866 3484 966 3538 καὶ
1024 3485 1371 3557 Δημιουργὸν
1420 3484 1607 3539 ἄδειαν
1636 3485 1820 3548 αὐτοῖς

241 3579 569 3649 παρασχεῖν,
620 3577 724 3632 κᾶν
758 3574 892 3645 γοῦν
952 3577 1011 3629 ἐν
1065 3576 1297 3640 ἐκείνοις
1328 3577 1614 3631 εἰσελθεῖν.
1662 3577 1723 3629 ’0
1762 3576 1820 3629 δὲ

240 3668 348 3739 ἄρα
378 3669 557 3722 πάντα
589 3668 649 3720 ἐν
684 3667 851 3738 σοφίᾳ
877 3665 1071 3728 ποιῶν,
1112 3666 1213 3720 ούκ
1243 3666 1495 3730 ἐκείνοις,
1525 3666 1601 3729 ὡς
1652 3665 1819 3731 ἔοικε,

242 3760 620 3832 χαριζόμενος,
649 3760 764 3814 ἀλλ’
804 3760 873 3831 ἢν
918 3758 1057 3813 κατὰ
1100 3758 1211 3811 τῶν
1258 3757 1563 3831 ἀνθρώπων
1620 3758 1824 3829 ἔχθραν

241 3853 425 3923 ἔχουσι
487 3855 586 3908 καὶ
640 3853 958 3925 μιαιφονίαν
1030 3851 1373 3917 ἐνδείξασθαι
1447 3852 1823 3923 παραχωρῶν,

240 3946 379 4000 ἀλλά
414 3947 523 4018 μὴν
556 3947 653 4001 καὶ
682 3947 786 4017 τῆς
826 3946 1033 4000 ἀτόπου
1094 3946 1305 4017 ταύτης
1346 3945 1530 4010 νόσου,
1560 3943 1671 3999 οἶόν
1701 3934 1825 3999 τινα

241 4036 544 4109 θεραπείαν
625 4038 1283 4108 προκατασκευαζόμενος
1354 4037 1456 4107 τήν
1488 4054 1547 4090 τε
1606 4036 1825 4107 αῐτησιν

242 4131 427 4186 αὐτῶν
452 4131 633 4202 ἀφῆκε
670 4130 976 4202 προελθεῖν,
1012 4130 1109 4184 καὶ
1147 4130 1245 4201 τὴν
1276 4129 1457 4183 αὐτῶν
1508 4128 1686 4200 ὁρμὴν
1727 4130 1826 4183 καὶ

244 4220 485 4293 γνώμην
532 4221 613 4285 είς
656 4221 925 4293 θρίαμϐον
980 4221 1241 4287 ἐξελθεῖν.
1278 4222 1443 4293 Ὁρᾷς
1480 4221 1600 4285 πῶς
1644 4223 1673 4275 6
1716 4221 1826 4275 τῶν

237 4310 513 4383 δαιμόνων
547 4310 751 4381 λεγεὼν
778 4313 839 4366 ού
866 4311 1052 4381 λόγοις
1092 4312 1209 4367 ἀλλ’
1242 4312 1461 4383 ἀνάγκη
1497 4311 1825 4383 πιεζόμενος

237 4403 367 4465 τοὺς
399 4402 618 4473 χοίρους
652 4401 977 4471 ἀνομολογεῖ
1004 4402 1144 4473 ἔργα
1177 4396 1319 4455 εἶναι
1346 4399 1441 4454 τοῦ
1480 4403 1538 4454 ἐν
1569 4404 1637 4472 τῇ
1660 4402 1828 4472 σαρκὶ⁵

240 4495 625 4565 κρυπτομένου
646 4494 907 4566 ἀληθινοῦ
930 4494 1065 4549 Θεοῦ
1090 4512 1107 4562 ;
1152 4489 1287 4549 Εἶτα
1341 4495 1370 4547 6
1398 4493 1595 4565 ἐχθρὸς
1626 4494 1826 4565 πρότε-

1906 628 2017 675 tum
2051 623 2225 678 hostis
2251 632 2442 679 contra
2476 624 2725 680 homines
2757 624 3013 691 valuerit,
3038 624 3094 679 in
3112 635 3484 697 quantamque

1902 712 2539 784 perniciem‘praaeipites
2576 713 2655 768 illi
2689 716 2796 769 acti
2821 715 2958 783 sint,
2983 730 3148 787 quam
3176 716 3306 771 item
3355 732 3485 787 pro-

1903 805 1991 858 cul
2025 814 2219 860 natura
2255 822 2285 861 a
2316 807 2611 862 Conditore
2637 822 2831 861 aversa
2864 808 2956 875 sit,
2983 817 3270 879 postquam
3295 810 3485 863 adver-

1904 895 2109 950 sarium
2154 897 2273 951 loco
2325 896 2639 954 Conditoris
2684 908 2744 954 ut
2771 899 3057 954 dominum
3098 912 3258 955 suum
3303 901 3483 971 elegit,

1905 990 2222 1058 exponenti,
2265 990 2523 1045 interiora
2560 992 2945 1059 invertuntur,
2977 992 3305 1063 visceraque
3332 1009 3487 1048 com-

1904 1090 2214 1145 moventur,
2251 1082 2502 1154 lacrymze
2543 1100 2608 1140 ex
2650 1086 2825 1141 oculis
2856 1086 3099 1152 cadunt,
3140 1096 3195 1142 et
3249 1087 3488 1156 querela:

1906 1181 2223 1244 argumenta
2266 1186 2548 1245 superant.
2582 1176 2689 1231 Sed
2733 1192 2857 1247 qua:
2896 1179 3116 1234 tandem
3166 1179 3490 1234 lamentatio

1908 1267 2164 1323 affectum
2217 1269 2353 1323 satis
2397 1270 2712 1340 exprimat?
2742 1271 2926 1342 Ipsum
2969 1272 3118 1327 enim
3153 1270 3445 1327 Jercmiam
3471 1314 3486 1337 ,

1908 1357 1999 1428 qui
2020 1368 2189 1423 certe,
2223 1360 2267 1414 si
2290 1359 2413 1429 quis
2442 1360 2603 1425 alius,
2643 1362 2869 1417 threnos
2898 1362 3114 1418 delictis
3154 1379 3314 1435 pares
3354 1379 3489 1418 eon-

1910 1449 2134 1505 cinnare
2166 1450 2352 1517 valuit,
2376 1451 2467 1517 hic
2502 1452 2822 1508 inferiorem
2848 1453 2987 1519 fore,
3019 1463 3075 1510 et
3095 1455 3245 1509 omni
3270 1455 3493 1509 commi-

1912 1540 2185 1596 seratione
2215 1541 2437 1611 profusa
2478 1544 2761 1614 negotium
2806 1545 3127 1600 relicturum
3157 1562 3279 1600 esse
3309 1547 3490 1601 credi-

1912 1631 2107 1686 derim.
2140 1631 2273 1686 Tam
2302 1631 2482 1704 gravis
2510 1632 2582 1687 ob
2617 1634 2808 1689 oculos
2834 1635 2993 1690 nobis
3011 1647 3263 1691 versatur
3282 1637 3489 1706 lapsus.

1912 1730 1968 1776 et
2012 1731 2223 1778 tantum
2263 1740 2438 1795 genus
2480 1725 2781 1779 humanum
2831 1727 3031 1783 vulnus
3091 1728 3321 1798 accepit.
3360 1726 3493 1783 Vide

1914 1815 2059 1870 enim
2090 1817 2363 1886 quomodo
2398 1832 2543 1874 nunc
2569 1818 2811 1888 quidem,
2844 1820 2981 1889 proli
3014 1820 3207 1876 dolori
3240 1836 3298 1875 se
3324 1820 3497 1875 hostis

1915 1908 2265 1963 administros
2314 1908 2545 1977 sistant,
2593 1927 2745 1965 nunc
2776 1928 2907 1967 vero
2967 1928 3079 1967 non
3140 1914 3495 1968 administros

1914 1996 2099 2063 modo,
2122 1997 2218 2052 sed
2244 2005 2300 2052 et
2331 2007 2390 2052 ut
2426 1998 2562 2053 tales
2588 2039 2603 2063 ,
2643 2000 2736 2071 qui
2779 2001 2984 2056 malitia
3016 2018 3080 2056 ac
3112 2002 3268 2057 factis
3301 2004 3495 2071 hujus—

1916 2090 2257 2160 modiipsum
2284 2092 2353 2146 ab
2373 2092 2585 2163 origine
2619 2094 2822 2150 malum
2864 2104 2920 2148 et
2951 2094 3079 2148 mali
3126 2103 3365 2148 saturem
3402 2108 3497 2147 su-

1917 2196 2111 2255 perant
2138 2200 2201 2240 ac
2226 2185 2479 2247 vincunt,
2513 2194 2570 2241 et
2598 2201 2667 2241 ne
2700 2186 2779 2242 sic
2808 2186 3029 2255 quidem
3052 2186 3300 2257 quamvis
3328 2185 3500 2256 magi-

1920 2285 2093 2332 strum
2137 2277 2427 2334 insolentia
2468 2295 2567 2335 sua
2610 2280 3119 2351 prtetervebantur,
3154 2278 3281 2332 mali
3333 2292 3499 2331 sensu

1919 2370 2252 2426 afﬁciuntur.
2274 2370 2412 2427 Cum
2451 2372 2597 2427 enim
2640 2372 2899 2427 Servator
2934 2382 3121 2426 noster
3161 2370 3500 2425 divinitatem

1918 2478 2072 2518 suam
2097 2473 2152 2519 et
2180 2464 2480 2534 potentiam
2513 2464 2795 2519 miraculis
2821 2465 2935 2535 jam
2970 2463 3322 2526 declarasset,
3354 2462 3499 2515 idem

1919 2571 2031 2609 non
2063 2553 2240 2610 solum
2271 2554 2391 2611 aliis
2429 2555 2636 2611 morbis
2663 2564 2973 2611 creaturam
3007 2569 3161 2609 suam
3208 2552 3500 2615 liberavit,

1919 2646 2017 2701 sed
2051 2660 2155 2700 nec
2183 2645 2464 2712 permisit,
2511 2654 2573 2700 ut
2615 2646 2807 2701 eadem
2853 2660 2883 2699 a
2930 2644 3239 2699 daemonum
3281 2650 3500 2697 caterva

1922 2738 2257 2803 turbaretur,
2286 2746 2451 2807 atque
2490 2738 2629 2792 adeo
2656 2752 2781 2792 cum
2815 2735 3143 2790 auctoritate
3174 2733 3344 2788 multa
3379 2747 3501 2785 eam

1923 2828 2279 2900 pr0pulsavit.
2312 2844 2423 2883 non
2453 2843 2586 2883 sane
2616 2837 2768 2895 tunc,
2801 2837 2859 2883 ut
2879 2836 3061 2893 antea,
3094 2841 3261 2881 ausus
3291 2833 3377 2879 est
3406 2840 3501 2877 su-

1922 2922 2140 2992 perbire
2168 2921 2365 2985 hostis,
2390 2936 2664 2990 suumque
2707 2921 2782 2985 id,
2819 2934 2929 2989 quo
2961 2919 3349 2990 impetebatur,
3380 2930 3504 2970 esse

1924 3014 2079 3069 dixit.
2110 3013 2217 3069 Sed
2245 3014 2409 3069 simul
2444 3028 2508 3068 ac
2546 3013 2777 3069 Creator
2805 3021 3115 3067 creaturam
3158 3026 3314 3067 suam
3343 3007 3506 3063 ocqu

1924 3108 2222 3162 miserante
2246 3106 2479 3177 aspexit,
2523 3106 2663 3177 legio
2695 3107 3004 3161 damonum
3030 3103 3243 3175 aufugit
3266 3103 3359 3165 η’,
3404 3116 3506 3155 ne-

1925 3214 2031 3269 que
2055 3198 2230 3252 solum
2261 3214 2327 3253 eo
2363 3199 2503 3267 ipso,
2530 3197 2678 3267 quod
2709 3196 2866 3269 fugit,
2906 3197 2975 3251 ab
3014 3196 3271 3250 alienose
3300 3192 3413 3263 peti
3444 3206 3505 3246 re

1923 3289 2058 3360 ipsa.
2092 3290 2255 3343 etiam
2287 3288 2516 3354 invitus,
2546 3298 2799 3354 testatur,
2829 3289 2923 3343 sed
2955 3297 3032 3355 et,
3062 3287 3208 3358 quod
3239 3301 3342 3341 nec
3370 3300 3500 3355 por-

1922 3398 2112 3437 corum
2141 3391 2335 3437 natura
2376 3382 2521 3436 malo
2544 3382 2818 3437 conditori
2860 3390 2917 3435 et
2947 3381 3222 3452 principio
3258 3379 3504 3449 subjecta

1922 3474 2012 3537 sit,
2049 3473 2353 3528 clarissime
2379 3472 2690 3543 profitetur.
2719 3472 2845 3526 Mali
2874 3473 3022 3527 enim
3050 3472 3136 3527 isti
3166 3487 3195 3526 a
3223 3469 3505 3526 communi

1922 3564 2220 3619 Conditore
2249 3573 2306 3618 et
2329 3563 2591 3619 Creatore
2628 3573 2894 3634 expetunt
2920 3564 3024 3619 sibi
3059 3564 3373 3619 facultatem
3419 3563 3508 3617 vel

1924 3656 1978 3711 in
2010 3672 2209 3727 porcos
2232 3656 2596 3728 ingrediendi.
2624 3656 2726 3723 Qui
2760 3671 2888 3711 vero
2921 3658 3105 3711 omnia
3132 3654 3408 3724 sapienter
3428 3652 3510 3706 la—

1923 3748 2120 3815 ciebat,
2157 3756 2307 3804 certe
2329 3764 2437 3803 non
2472 3747 2598 3814 illis,
2628 3757 2686 3801 ut
2708 3748 2945 3810 videtur,
2969 3746 3393 3818 gratiﬁcaturus,
3411 3743 3508 3799 sed

1925 3840 2107 3911 potius
2126 3848 2472 3904 ostensurus,
2503 3854 2667 3911 quam
2692 3839 2955 3894 adversus
2988 3839 3242 3893 homines
3267 3836 3508 3891 inimici-

1925 3933 2055 3989 tiam
2079 3931 2323 3999 l'oveaut,
2351 3932 2677 4003 caedemque
2713 3931 2943 4002 spirent,
2968 3931 3078 3985 imo
3104 3945 3238 3985 vero
3262 3938 3316 3985 et
3342 3929 3510 3984 medi-

1924 4027 2106 4082 cinam
2133 4025 2429 4095 quamdam
2464 4032 2659 4080 contra
2690 4023 3020 4079 insolentem
3067 4024 3215 4079 hunc
3258 4023 3510 4078 morbum

1924 4127 2237 4189 paraturus,
2268 4116 2593 4188 petitionem
2619 4129 2812 4171 eorum
2849 4117 3000 4171 omni
3025 4133 3091 4171 ex
3133 4125 3289 4187 parte
3334 4125 3510 4171 ratam

1924 4222 2070 4271 esse,
2106 4221 2409 4276 eorumque
2454 4205 2723 4278 impetum
2765 4216 2823 4261 et
2861 4208 3201 4261 voluntatem
3246 4204 3511 4276 triumphi

1902 4300 2045 4356 'loco
2066 4299 2337 4355 inservire
2356 4298 2605 4369 iubebat.
2636 4298 2895 4367 Videsne,
2923 4299 3199 4369 quomodo
3230 4298 3373 4370 legio
3403 4300 3513 4353 da:-

1926 4408 2153 4447 monum
2196 4406 2309 4446 non
2345 4392 2530 4448 verbis
2563 4392 2661 4448 sed
2696 4391 2858 4447 factis
2882 4432 2898 4454 ,
2945 4407 3125 4461 neque
3160 4400 3357 4462 sponte
3388 4407 3510 4456 sua,

1928 4481 2025 4537 sed
2064 4482 2397 4537 necessitate
2432 4490 2643 4547 coacta,
2682 4481 3041 4553 proﬁteatur,
3086 4498 3277 4551 porcos
3342 4497 3510 4552 opera

242 4605 335 4659 ρον
368 4588 845 4659 καταψευδόμενος
883 4589 979 4642 καὶ
1007 4576 1201 4657 λέγων*
1241 4587 1435 4643 Ταῦτα
1467 4586 1665 4642 πάντα
1710 4586 1819 4657 ἐμά

1928 4588 2049 4630 esse
2076 4574 2188 4629 veri
2224 4573 2343 4639 Dei,
2378 4575 2482 4630 sub
2518 4590 2684 4630 carne
2714 4574 3023 4630 occultati?
3055 4573 3259 4629 Deinde
3299 4572 3508 4637 hostis,

237 4680 395 4743 ἐστι,
426 4680 525 4733 και
554 4678 667 4734 ἐὰν
715 4681 924 4734 πεσὼν
963 4678 1413 4749 προσκυνήσῃς
1466 4696 1590 4747 μοι,
1648 4677 1823 4733 δώσω

236 4786 341 4825 σοι
374 4770 561 4824 αὑτά·
622 4762 776 4833 οὗτος
805 4770 928 4822 τότε
962 4770 1174 4838 ἀγνοῶν
1206 4768 1327 4839 μὲν,
1366 4769 1451 4823 ὃτι
1494 4769 1631 4833 Θεὸς
1657 4764 1747 4839 ἦν,
1778 4763 1825 4837 ᾧ

236 4865 341 4935 τὴν
382 4864 582 4934 πεῖραν
616 4865 886 4934 προσῆγε,
928 4860 1498 4932 καταλαζονευόμενος
1529 4862 1607 4928 δὲ,
1649 4863 1725 4927 ὡς
1756 4863 1826 4917 τά

237 4955 470 5027 ἐπίγειά
496 4956 647 5009 ἐστιν
674 4953 865 5019 αύτοῦ,
896 4953 998 5022 τῆς
1042 4953 1233 5023 θεῖκῆς
1258 4953 1361 5024 ήδη
1393 4953 1553 5023 δόξης
1598 4954 1688 5006 διὰ
1715 4953 1827 5007 τῶν

236 5049 544 5122 θαυμάτων
596 5045 1124 5116 άπαστραπτούσης,
1160 5044 1333 5098 ἔδεισέ
1411 5063 1470 5098 τε
1502 5048 1531 5098 6
1577 5045 1824 5117 ἀναιδὴς,

235 5142 334 5196 καὶ
374 5140 481 5212 τῆς
503 5138 826 5205 ἀλαζονείας
856 5137 1097 5206 ἀπέστη⁹
1125 5137 1219 5190 καὶ⁵
1250 5138 1509 5206 ὁμολογεῖ
1537 5138 1605 5191 δι’
1649 5138 1829 5210 ἔργων

236 5233 381 5303 μηδέ
404 5232 506 5303 τὴν
532 5231 628 5286 ἐπὶ
652 5233 767 5295 τοῖς
804 5230 1008 5301 χοίροις
1041 5228 1189 5299 ἔχειν
1223 5228 1500 5295 ἐξουσίαν,
1545 5229 1622 5301 μὴ
1647 5231 1731 5284 ὅτι
1762 5247 1827 5299 γε

234 5322 473 5378 πλάσιν.-

310 5497 394 5531 us
428 5496 592 5556 Marc,
620 5511 679 5565 ν,
703 5493 761 5553 9,
840 5493 883 5527 ιι
907 5492 1101 5552 Matth.
1163 5512 1237 5563 vt,
1258 5496 1313 5553 9.

1921 4667 2016 4737 qui
2044 4666 2284 4737 primum
2319 4666 2581 4721 mentitus
2610 4674 2728 4721 erat
2758 4666 2988 4721 dicens:
3030 4665 3156 4719 Hac
3183 4665 3363 4717 omnia
3396 4678 3514 4716 mea

1922 4769 2065 4828 sunt,
2096 4768 2167 4825 et,
2188 4760 2235 4813 si
2258 4759 2532 4830 precidem
2556 4759 2864 4813 adoraveris
2893 4775 2993 4823 me,
3044 4774 3106 4811 ea
3151 4757 3245 4809 tibi
3274 4756 3410 4808 dabo
3432 4755 3512 4820 “;

1923 4853 1992 4917 is,
2025 4851 2271 4922 inquam,
2299 4851 2522 4922 quidem
2558 4850 2816 4922 ignorans
2838 4888 2856 4914 ,
2890 4849 3064 4903 Deum
3098 4862 3219 4902 esse
3248 4863 3372 4901 eum
3393 4888 3408 4913 ,
3455 4846 3514 4901 in

1924 4961 2087 5017 quem
2117 4946 2478 5001 tentationem
2514 4944 2820 5007 moliretur,
2850 4950 3017 5011 atque
3047 4940 3187 4995 adeo
3229 4939 3514 4994 terrestria

1926 5054 2023 5094 sua
2049 5053 2173 5092 esse
2199 5036 2485 5107 gloriatus,
2515 5052 2692 5097 nunc,
2741 5034 2962 5104 quando
2990 5032 3176 5089 divina
3212 5032 3380 5105 gloria
3417 5048 3517 5104 per

1926 5128 2188 5184 miracula
2220 5128 2504 5191 eluxisset,
2538 5127 2720 5181 timuit
2750 5126 2855 5181 sibi
2884 5124 3175 5195 impudens
3194 5164 3209 5189 ,
3245 5132 3301 5178 et
3331 5124 3401 5177 ab
3426 5138 3515 5177 ar-

1927 5222 2174 5293 rogantia
2198 5222 2497 5277 abstinuit:
2528 5231 2695 5290 atque
2730 5219 2809 5273 sic
2840 5233 3008 5289 opere
3031 5218 3150 5289 ipso
3184 5217 3421 5280 fatetur,
3454 5230 3517 5270 se

1925 5328 2031 5368 nec
2058 5320 2385 5383 potestatem
2428 5311 2653 5383 quidem
2690 5311 2747 5367 in
2792 5325 2991 5382 porcos
3026 5311 3265 5379 habere,
3312 5306 3518 5365 nedum

1928 5420 2025 5461 eos
2050 5421 2289 5461 creasse.

1370 5688 1606 5747 VARIE
1656 5689 2042 5748 LECTIONES
2071 5690 2159 5745 ET
2198 5688 2429 5745 NOTAE.

309 5866 438 5936 (Η)
491 5868 883 5944 Ταρὰσσεται.
943 5869 1023 5926 ita
1065 5869 1257 5940 scripsi
1310 5883 1411 5939 pro
1454 5865 1819 5941 παράσσεται,

1917 5867 1990 5925 od
2017 5874 2103 5924 est
2133 5865 2190 5924 in
2229 5881 2333 5921 ms.
