4022 6422
558 398 664 463 223

1690 396 1955 460 PHOTII
1990 395 2504 458 PATRIARCHIE
2557 396 2667 461 ΟΡ.

3721 403 3825 469 224

632 514 751 569 XX.
779 512 863 567 Tu
894 527 1048 578 vero,
1080 528 1115 568 o
1157 513 1343 577 homo.
1377 512 1790 585 expergiscere:
1824 512 2133 566 nondumne

2316 514 2401 567 K'.
2429 512 2540 567 Kal.
2567 510 2959 604 σὺ,.ἀνθρωπε,
2987 510 3285 584 ἀνάνηψον,
3312 511 3467 568 οὔπω
3497 513 3674 580 θέλεις
3703 517 3823 571 ἑπι-

562 605 855 661 Dominum
884 615 1037 661 tuum
1069 621 1369 678 agnoscere
1399 605 1574 676 cupis,
1608 604 1703 659 sed
1734 603 1915 659 adhuc
1944 618 2133 673 corpus

2245 604 2454 673 γνῶναι
2482 604 2574 657 τὸν
2605 603 2840 657 σεαυτοῦ
2865 604 3166 675 Δεσπότην,
3188 605 3305 659 ἀλλ’
3331 604 3415 660 ἔτι
3448 606 3512 661 τὸ
3539 610 3634 662 σὺν
3665 610 3822 682 σῶμα

562 709 714 754 tuum
763 710 1074 757 creaturam
1119 700 1240 755 Mali
1292 698 1570 769 appellas?
1609 695 1691 760 is,
1738 698 1901 768 cujus
1946 697 2145 768 agebas

562 802 873 860 patronum,
921 793 1117 847 timore
1148 801 1467 858 correptus,
1513 789 1741 860 deponit
1771 790 2142 856 mendacium,

560 894 618 937 tu
644 899 771 937 vero
802 883 855 937 in
884 884 1189 952 patrocinio
1213 883 1429 953 pergis?
1459 884 1551 938 Ille
1580 898 1745 952 opere
1776 883 1895 953 ipso
1920 882 2139 949 clamat,

558 975 704 1044 quod
726 991 828 1030 nec
856 990 1146 1045 porcorum
1171 974 1243 1029 sit
1272 974 1548 1038 dominus,
1577 983 1634 1029 tu
1661 990 1793 1030 vero
1824 989 1949 1029 eum
1988 984 2143 1030 tuum

561 1067 696 1122 facis
745 1067 1080 1123 dominum?
1135 1066 1186 1122 Is
1242 1066 1489 1121 nondum
1552 1066 1797 1137 perfecte
1852 1065 2142 1123 Dominum

557 1172 881 1227 agnoscens,
918 1172 1097 1227 neque
1130 1157 1277 1212 enim
1307 1173 1443 1212 crux
1463 1157 1644 1214 adhuc
1666 1168 1784 1212 erat
1811 1157 1940 1221 fixa,
1964 1174 2143 1229 neque

557 1249 638 1303 sol
662 1249 903 1303 tenebris
929 1250 1234 1304 obduxerat
1266 1250 1444 1304 lucem
1473 1290 1488 1315 ,
1530 1265 1713 1318 neque
1745 1258 1950 1305 terram
1976 1291 1991 1316 ,
2043 1266 2143 1321 per

557 1349 811 1393 naturam
851 1341 1092 1410 alioquin
1152 1341 1393 1410 quietam
1420 1380 1435 1404 ,
1486 1340 1753 1396 mirabilis
1792 1342 2142 1411 corripuerat

556 1440 967 1502 tremor,neque
986 1433 1264 1488 conclavia
1290 1432 1590 1487 inferorum
1617 1433 1857 1488 locorum
1878 1444 2139 1489 evacuata

553 1524 730 1578 adhuc
743 1534 918 1586 erant.
934 1540 1114 1595 neque
1134 1527 1462 1581 resurrectio
1472 1527 1690 1598 cognita
1708 1545 1720 1580 ε
1742 1528 1893 1582 etvel
1908 1528 2137 1592 sie,cun|

555 1615 689 1669 nihil
726 1617 919 1670 horum
950 1616 1187 1681 adesset,
1216 1619 1351 1672 latro
1379 1658 1396 1684 ,
1441 1633 1473 1672 a
1527 1618 1756 1674 veritate
1794 1620 2138 1675 substantiali

552 1706 655 1761 sibi
688 1718 960 1773 metuens,
992 1724 1024 1763 a
1044 1718 1509 1780 potestate,qnam
1543 1721 1701 1767 antea
1724 1712 1827 1767 sibi
1850 1712 1951 1782 ipsi
1984 1712 2140 1767 amn-

554 1808 726 1863 xerat,
755 1816 813 1854 se
844 1800 1024 1869 ipsum
1053 1802 1216 1856 etiam
1249 1802 1451 1857 invitus
1484 1814 1723 1859 revocat.
1751 1802 1966 1859 Veritas
1990 1806 2135 1859 enim

554 1892 964 1961 mendacemita
992 1894 1301 1958 coercebat,
1335 1904 1393 1950 ut
1413 1912 1538 1951 cum
1571 1906 1732 1951 antea
1765 1912 1931 1968 regna
1952 1898 2137 1953 omnia

553 2000 651 2039 sua
683 2001 805 2040 esse
836 1986 1190 2057 gloriaretur,
1231 2004 1399 2059 opere
1438 1988 1556 2059 ipso
1574 2004 1643 2044 ne
1688 1989 1744 2044 in
1778 2005 1974 2059 porcos
2014 1990 2140 2060 qui-

551 2075 703 2140 dem,
750 2080 951 2131 nedum
996 2079 1052 2133 in
1108 2080 1407 2150 quidquam
1483 2081 1653 2147 aliud,
1708 2090 2037 2151 potestatem
2077 2099 2138 2140 se

553 2168 759 2225 habere
814 2172 1095 2227 clamaret.
1144 2172 1226 2226 Tu
1266 2187 1399 2228 vero
1438 2182 1563 2243 post
1594 2190 1812 2230 crucem
1846 2176 2131 2246 perlatam,

553 2269 678 2330 post
709 2263 1001 2332 spoliatum
1043 2262 1344 2331 infernum,
1369 2273 1495 2335 post
1529 2265 1729 2321 factam
1774 2268 2135 2323 resurrectio-

551 2369 701 2418 nem,
763 2364 887 2425 post
942 2357 1313 2427 triumphatos
1366 2358 1706 2429 principatum
1734 2368 1791 2415 et
1829 2370 2135 2431 potestates

552 2445 925 2510 tenebrarum,
982 2457 1106 2517 post
1133 2447 1318 2503 datam
1376 2448 1476 2504 tibi
1525 2449 1863 2515 facultatem,
1910 2468 2132 2508 omnem

550 2534 743 2600 hostis,
781 2538 827 2593 si
876 2539 1031 2606 velis,
1074 2549 1402 2610 potestatem
1438 2543 1731 2612 eludendi;
1770 2554 1846 2611 tu,
1880 2546 2130 2616 inquam,

551 2627 787 2697 teipsum
844 2631 1026 2687 adhuc
1080 2631 1223 2689 ferre
1288 2642 1465 2703 potes,
1517 2637 1739 2706 quando
1781 2645 1833 2693 te
1863 2638 2026 2704 alios,
2060 2654 2133 2695 ne

546 2718 723 2774 dicam
776 2730 835 2775 tu
898 2724 1275 2795 temetipsum,
1340 2726 1641 2782 obnoxium
1712 2738 1770 2783 et
1820 2739 2131 2786 creaturam

546 2809 673 2869 Mali
701 2815 987 2883 appellat?
1018 2815 1154 2882 Quis
1184 2831 1317 2872 vero
1367 2834 1479 2873 non
1526 2820 1613 2873 vel
1654 2820 1784 2875 hinc
1818 2820 1975 2876 facile
2003 2838 2131 2893 per-

550 2903 820 2972 Spexerit,
881 2904 1049 2973 quod.
1094 2905 1188 2973 qui
1238 2906 1341 2961 sub
1387 2906 1508 2978 lege
1569 2910 1853 2980 prophetae
1896 2922 2134 2969 erantet

548 2992 731 3063 legati.
788 3006 1036 3063 quosque
1083 2992 1412 3061 Jerusalem,
1475 3012 1579 3052 ceu
1626 3000 2131 3069 stupidissimorum

546 3084 859 3143 Iudaeorum
887 3096 1063 3143 cretus
1108 3088 1311 3158 prodit,
1356 3089 1610 3160 lapidans
1643 3101 1699 3147 et
1736 3094 1993 3149 occidens
2018 3111 2131 3151 non

2245 697 2473 768 πλάσμα
2513 697 2695 767 λέγεις
2740 697 2835 751 τοῦ
2868 698 3152 768 Πονηροῦ;
3199 697 3259 753 '0
3327 702 3820 773 συνηγορούμενος,

2246 784 2397 857 φόὸῳ
2457 788 2766 858 συσχεθεὶς,
2822 788 2884 841 τὸ
2937 787 3137 859 ψεῦδος
3181 789 3441 855 ἀπέθετο,
3476 793 3671 847 καὶσὺ
3723 795 3822 864 τὴν

2248 878 2580 949 συνηγορίαν
2635 879 2717 933 ἔτι
2772 882 3133 951 συγκροτεῐςς
3180 879 3422 944 Ἐκεῖνος
3470 885 3585 947 τοῖς
3638 884 3819 955 ῐργοις

2244 968 2477 1043 ἀναϐοᾷ.
2504 972 2581 1036 ὡς
2616 972 2739 1026 οὐδὲ
2778 972 2892 1026 τῶν
2942 972 3140 1044 χοίρων
3189 973 3380 1044 κύριός
3429 975 3573 1039 ἑστι,
3628 978 3723 1029 καὶ⁵
3758 978 3821 1031 σὺ

2244 1062 2473 1117 σεαυτοῦ
2511 1064 2702 1135 κύριον
2751 1066 2963 1130 ποιεϊςς
3002 1065 3240 1129 Ἐκεῖνος
3272 1064 3428 1119 οὔπω
3468 1066 3695 1131 τελείως
3734 1069 3823 1123 τὸν

2242 1154 2519 1227 Δεσπότην
2567 1157 2823 1225 ἐπιγνοὺς
2855 1157 2993 1228 (15),
3039 1154 3193 1211 οὔπω
3242 1156 3353 1229 γὰρ
3405 1154 3476 1230 ἦν
3512 1162 3541 1214 ὀ
3592 1161 3823 1231 σταυρὸς

2243 1247 2466 1316 πηγεὶς,
2512 1248 2623 1302 οὐδ’
2673 1251 2703 1303 ό
2750 1249 2906 1319 ἣλιος
2938 1249 3118 1320 σκότῳ
3151 1249 3535 1321 καλυψάμενος
3580 1249 3646 1305 τὸ
3685 1252 3821 1320 φῶς,

2240 1338 2363 1393 οὐδὲ
2397 1338 2497 1411 τὴν
2529 1340 2635 1410 γῆν
2656 1340 2779 1395 ἀντὶ
2808 1341 2902 1411 τῆς
2934 1341 3076 1395 κατὰ
3104 1341 3267 1410 φύσιν
3291 1342 3531 1413 ἠρεμίας
3568 1344 3599 1397 ό
3639 1344 3819 1415 παρά-

2241 1432 2393 1498 δοξος
2408 1428 2522 1503 εἶχε
2539 1433 2762 1504 τρόμος,
2787 1433 2910 1487 οὐδὲ
2928 1434 2998 1488 τά
3014 1432 3108 1488 τοῦ
3128 1433 3257 1505 ᾅδου
3278 1434 3580 1489 ικεκὲνωτο
3594 1437 3819 1505 ταμεῖα,

2241 1523 2415 1595 ούδὲή
2450 1524 2745 1589 ἀνάστασις
2767 1526 3119 1595 ἐγινώσκετο.
3167 1526 3309 1580 Ἀλλ’
3339 1526 3434 1581 οὖν
3456 1527 3553 1581 καὶ
3588 1527 3819 1599 μηδενὸς

2241 1614 2321 1669 ἔτι
2340 1615 2549 1671 τούτων
2568 1618 2835 1689 παρόντος
2860 1620 2890 1673 ό
2916 1618 3122 1690 λῃστὴς
3136 1619 3236 1690 τὴν
3253 1620 3619 1675 δνυπόστατον
3632 1619 3819 1684 δεδιὼς

2240 1708 2524 1781 ἀλήθειαν,
2558 1710 2627 1781 ἢν
2654 1711 2804 1782 αὐτῷ
2831 1710 3284 1783 προανεπλάσατο
3308 1710 3578 1777 ἐξουσίαν,
3610 1712 3822 1783 ταύτης

2242 1800 2433 1857 ἑαυτὸν
2456 1802 2546 1855 καὶ
2588 1803 2740 1858 ἄκων
2790 1803 3021 1871 ἀπάγει.
3064 1801 3347 1868 Ἐὁιάζετο
3374 1803 3483 1876 γὰρ
3532 1804 3821 1875 ἠάλήθεια

2164 1858 2213 1917 Β
2241 1897 2332 1951 τὸν
2344 1889 2609 1965 ψεύστην·
2626 1895 2720 1949 καὶ
2738 1893 2875 1965 μηδὲ
2889 1858 2999 1947 τδν
3024 1858 3251 1964 χοίρων,
3266 1894 3343 1965 μη
3376 1858 3625 1958 ἐτίτιιίὸς
3638 1858 3820 1960 ἀλλου,

2238 1990 2267 2042 ό
2292 1987 2391 2051 τὰς
2426 1984 2709 2057 βασιλείας
2761 1984 2945 2047 πάσας
2974 1982 3167 2037 ἑαυτοῦ
3202 1982 3642 2056 τερατευόμενος
3681 1978 3820 2038 εἶναι

2241 2079 2367 2150 μηδ’
2410 2077 2591 2132 αὐτῶν
2648 2075 2795 2147 ἔχειν
2838 2076 2941 2147 τὴν
2999 2074 3298 2147 κυριότητα
3344 2076 3459 2140 τοῖς
3494 2076 3822 2148 πράγμασιν

2236 2172 2559 2244 ἀνακράζει.
2592 2170 2709 2225 Καὶ
2732 2170 2798 2223 σὺ
2830 2172 2971 2239 μετὰ
2997 2168 3091 2222 τὸν
3128 2168 3386 2239 σταυρὸν,
3423 2170 3564 2240 μετά
3591 2171 3656 2222 τὸ
3694 2187 3821 2223 σκυ-

2236 2262 2490 2332 λευθῆναι
2511 2260 2603 2315 τὸν
2647 2258 2821 2331 ᾅδην,
2853 2258 2995 2330 μετά
3042 2256 3141 2329 τὴν
3191 2260 3511 2324 ἀνάστασιν,
3562 2260 3709 2330 μετά
3760 2261 3820 2313 τὸ

2236 2352 2976 2427 παραδειγματισθῆναιτάς
3002 2352 3179 2424 ἀρχὰς
3198 2352 3292 2406 καὶ
3316 2352 3415 2415 τὰς
3441 2352 3700 2417 ἐξουσίας
3724 2351 3818 2405 τοῦ

2236 2447 2487 2513 σκότους,
2551 2445 2693 2517 μετὰ
2718 2444 2782 2499 τὸ
2824 2444 3012 2500 λαϐεῖν
3044 2461 3103 2497 σε
3156 2444 3255 2515 τὴν
3284 2444 3554 2511 ἐξουσίαν,
3607 2443 3679 2499 ἂν
3710 2444 3819 2515 ἀρα

2236 2540 2426 2613 βούλῃ,
2460 2540 2605 2595 κατά
2637 2539 2819 2611 πάσης
2865 2539 2965 2610 τῆς
2997 2538 3284 2608 δυνάμεως
3316 2539 3411 2593 τοῦ
3455 2538 3681 2610 ἐχθροῦ,
3738 2539 3817 2593 ἔτι

2235 2634 2460 2686 σεαυτὸν
2481 2630 2673 2702 ἀνέχῃ,
2694 2632 2745 2683 εί
2758 2647 2845 2694 τις
2871 2646 2929 2682 σε
2952 2628 3110 2692 ἄλλος
3131 2627 3455 2695 ύπεξούσιον
3476 2630 3573 2682 καὶ
3589 2628 3817 2699 πλάσμα

2234 2723 2383 2793 λέγει
2432 2722 2525 2777 τοῦ
2555 2720 2819 2794 πονηροῦ,
2865 2722 2941 2791 μὴ
2972 2721 3058 2774 ὃτι
3096 2737 3160 2789 γε
3196 2721 3260 2774 σὺ
3307 2720 3574 2787 σεαυτόν;
3626 2721 3728 2785 Τίς
3772 2720 3818 2774 δ’

2232 2813 2356 2884 οὐχὶ
2402 2810 2701 2866 κάντεῦθεν
2750 2810 2929 2882 ῥᾷστα
2966 2808 3189 2873 συνίδοι,
3213 2807 3289 2873 ὡς
3317 2809 3369 2862 οί
3402 2807 3492 2863 διὰ
3517 2807 3613 2861 τοῦ
3647 2808 3816 2879 νόμου

2234 2907 2513 2980 προφῆται
2558 2903 2655 2957 καὶ
2699 2901 3123 2972 ἀπεσταλμένοι,
3167 2898 3261 2965 οὓς
3294 2901 3331 2971 η
3374 2898 3756 2970 Ἰερουσαλὴμ,
3790 2899 3818 2952 δ

2234 2997 2330 3052 νῦν
2348 2997 2502 3068 δηλοῖ
2520 2996 2629 3050 τῶν
2643 2992 3143 3065 ἀγνωμονεστέρων
3172 2992 3444 3047 Ἰουδαίων
3464 2991 3523 3045 τὸ
3537 2990 3818 3063 σύστημα,

2234 3089 2587 3145 λιθοϐολοῦσά
2610 3106 2673 3143 τε
2702 3088 2801 3144 καὶ
2826 3085 3200 3142 ἀποκτιννῖωα
3236 3085 3336 3139 οὐκ
3366 3084 3527 3150 ἀνίει,
3563 3078 3716 3137 οὗτοι
3755 3082 3817 3154 δὴ

547 3177 782 3241 ferebat,
838 3177 916 3232 illi
938 3179 1162 3234 omnino
1202 3195 1233 3235 a
1276 3180 1420 3237 bono
1464 3182 1738 3253 principio
1780 3184 2028 3255 inspirati
2072 3197 2130 3244 et

2235 3184 2333 3255 τῆς
2368 3181 2583 3253 ἀγαθῆς
2618 3179 2867 3252 ὑπῆρχον
2915 3179 3206 3242 ἐπιπνοίας
3253 3194 3313 3231 τε
3347 3177 3444 3231 καὶ
3485 3174 3820 3246 ἀποστολῆς,

548 3266 704 3322 missi
756 3267 890 3330 sint,
942 3276 1106 3337 atque
1156 3268 1284 3326 inde
1351 3272 1617 3343 originem
1663 3274 1938 3341 duxerint,
1986 3279 2130 3335 unde

548 3360 737 3414 omnia
784 3358 888 3414 ista
938 3360 1332 3430 profluxerant,
1388 3380 1585 3435 nempe
1615 3366 1685 3420 ab
1720 3367 1840 3437 ipso
1894 3370 2131 3429 Domino

550 3461 740 3507 nostro
771 3450 903 3508 Jesu
950 3453 1194 3518 Christo,
1226 3456 1473 3511 veritatis
1521 3457 1671 3513 fonte
1699 3459 1722 3513 ?
1748 3460 1796 3515 ls
1840 3463 1991 3517 enim
2026 3465 2131 3520 mi-

548 3555 729 3595 seram
760 3540 960 3595 clamat
991 3556 1114 3597 esse
1158 3540 1464 3597 Jerusalem
1502 3545 1572 3599 ob
1610 3560 1696 3611 ea,
1743 3548 1942 3618 quibus
1986 3552 2133 3609 facta

547 3632 621 3687 sit
670 3633 928 3688 obnoxia.
976 3632 1098 3689 Non
1153 3650 1284 3689 vero
1333 3636 1589 3692 miseram
1645 3639 1853 3695 diceret
1906 3641 2132 3701 Bonitas

548 3724 665 3794 ipsa
690 3741 810 3780 eam
844 3725 1056 3791 urbem,
1103 3743 1225 3797 qua:
1252 3727 1518 3799 lapidaret
1547 3739 1643 3784 aut
1690 3731 1965 3788 occideret
2005 3750 2133 3804 pra-

547 3817 731 3874 vitatis
776 3829 1052 3875 amatores
1090 3832 1185 3877 aut
1230 3822 1482 3892 ejusdem
1531 3823 1779 3895 legatos:
1833 3826 2132 3884 Jerusalem

545 3909 710 3974 enim,
762 3910 958 3981 inquit,
1002 3912 1319 3980 Jerusalem,
1369 3932 1488 3987 qut:
1533 3919 1723 3974 occidis
1745 3922 2044 3990 prophetas,
2082 3933 2132 3979 et

547 3999 760 4069 lepidas
789 4003 971 4057 missos
1017 4005 1088 4057 ad
1134 4022 1252 4059 eam
1280 4008 1345 4060 ¹¹.
1388 4006 1456 4061 Et
1483 4018 1671 4078 postea
1693 4025 1713 4065 :
1740 4008 1955 4074 Quoties
1989 4013 2132 4070 volui

545 4107 873 4161 congregare
895 4092 1034 4161 ﬁlios
1080 4104 1217 4161 tuos,
1244 4100 1501 4167 quonwdo
1546 4099 1751 4169 gallina
1780 4102 1953 4171 pullos
1982 4122 2129 4175 suos,

547 4198 637 4236 vos
686 4192 864 4236 autem
917 4184 1156 4241 noluistis
1208 4186 1272 4245 ”.
1308 4186 1421 4243 Hoc
1464 4198 1581 4245 est:
1613 4190 1842 4257 Quoties
1875 4195 2022 4250 volui
2061 4212 2131 4254 ex

545 4274 1031 4331 commiseratione
1105 4293 1203 4333 eos
1255 4279 1323 4334 ad
1389 4296 1479 4337 me
1521 4283 1790 4353 recipere,
1850 4297 1907 4343 et
1952 4305 2131 4359 paena:

546 4366 892 4432 subtrahere,
925 4384 1049 4438 quae
1082 4386 1180 4426 vos
1209 4388 1313 4442 pro
1346 4374 1493 4428 caede
1520 4376 1915 4446 pr0phetarum
1941 4392 1998 4437 et
2028 4399 2130 4453 pro

545 4455 808 4523 ludibrio,
854 4458 909 4513 in
942 4460 1089 4533 leges
1141 4462 1299 4518 vobis
1326 4463 1482 4520 datas
1538 4466 1789 4535 probato,
1847 4473 2126 4539 manebat,

2234 3276 2330 3330 καὶ
2360 3275 2426 3347 δὴ
2452 3275 2547 3328 καὶ
2574 3274 2676 3346 τὴν
2697 3274 3062 3345 δημιουργίαν
3089 3272 3341 3335 ἕλκοντες
3356 3269 3571 3325 ἐκεῖθεν
3602 3285 3617 3335 ;
3648 3268 3820 3322 Πόθεν

2234 3370 2329 3422 καὶ
2354 3367 2439 3430 τίς
2470 3369 2505 3437 ἠ
2561 3367 2908 3440 παράστασις
2929 3381 2945 3397 ο
2994 3364 3156 3428 αὑτός
3178 3366 3327 3418 ἐστιν
3356 3364 3385 3417 ὁ
3423 3362 3625 3433 Κύριος
3657 3361 3820 3433 ἡμῶν

2249 3457 2455 3529 Ἰησοῦς
2484 3458 2744 3529 Χριστὸς,
2776 3457 2810 3527 ἠ
2838 3456 2937 3531 τῆς
2985 3452 3245 3526 ἀληθείας
3271 3452 3448 3523 πηγή.
3501 3451 3818 3515 Ταλανίζων

2234 3554 2345 3623 γὰρ
2372 3550 2471 3623 τὴν
2507 3548 2892 3623 Ἰερουσαλὴμ,
2921 3540 3004 3611 οἷς
3038 3548 3097 3601 ὲν
3124 3544 3337 3609 τούτοις
3380 3538 3692 3614 ὑπηνέχθη,
3723 3543 3819 3596 οὐκ

2234 3642 2304 3697 ἂν
2340 3643 2398 3697 δὲ
2425 3641 2768 3697 ταλανίσειεν
2796 3641 2831 3713 ἠ
2861 3639 3137 3709 ἀγαθότης
3167 3636 3267 3709 την
3294 3634 3685 3690 λιθοδολοῦσαν
3727 3636 3820 3688 καὶ

2233 3733 2640 3791 ἀποκτενοῦσαν
2690 3733 2821 3797 τοὺς
2871 3731 3107 3803 ἐραστὰς
3136 3732 3236 3800 τῆς
3274 3728 3583 3799 πονηρίας,
3621 3728 3657 3799 ἢ
3696 3728 3820 3790 τοὺς

2235 3825 2328 3880 ὑπ’
2350 3824 2524 3895 αὐτῆς
2546 3822 3019 3895 ἀπεσταλμένους.
3055 3819 3458 3890 Ἰερουσαλὴμ
3476 3819 3609 3891 γάρ,
3627 3820 3818 3891 φησὶν,

2246 3916 2673 3989 Ἰερουσαλὴμ,
2696 3917 2735 3987 ἠ
2758 3916 3173 3971 ἀποκτείνασα
3195 3912 3339 3981 τοὺς
3357 3913 3699 3983 προφήτας,
3722 3912 3820 3965 και

2232 4009 2645 4067 λιθοϐολοῦσα
2680 4008 2824 4071 τοὺς
2869 4006 3371 4075 ἀπεσταλμένους
3404 4005 3555 4074 πρὸς
3600 4003 3817 4071 αὐτήν.

2233 4094 2386 4153 Εῑταο
2440 4096 2706 4164 Ποσὰκις
2753 4095 3030 4165 ἠθέλησα
3077 4094 3446 4159 ἐπισυνάξαι
3500 4094 3571 4150 τὰ
3635 4094 3819 4148 τέκνα

2233 4204 2375 4253 σου,
2412 4189 2485 4243 ὃν
2520 4189 2741 4257 τρόπον
2762 4187 2927 4256 ὄρνις
2956 4186 3029 4240 τὰ
3056 4186 3283 4240 νοσσία
3305 4184 3550 4253 ἑαυτῆς,
3588 4184 3691 4238 καί
3711 4187 3822 4240 οὐκ

2232 4281 2596 4352 ἠθελήσατε.
2649 4278 2799 4333 Ἀντὶ
2834 4277 2955 4333 τοῦθ
2994 4277 3244 4342 Ποσάκις
3274 4268 3518 4349 ὴθέλησα
3565 4277 3654 4331 διὰ
3683 4295 3818 4346 συγ-

2232 4371 2459 4443 γνώμης
2499 4370 2793 4425 ἀναλασείν
2821 4370 2989 4440 ὑμᾶς,
3032 4370 3127 4422 καὶ
3157 4369 3257 4440 τῆς
3290 4368 3448 4439 δίκης
3478 4367 3815 4440 ἐξαρπάσαι,

2232 4466 2356 4536 ητις
2382 4464 2506 4518 ἀντὶ
2544 4463 2654 4518 τῶν
2691 4460 3051 4533 προφητικῶν
3079 4461 3328 4532 αἱμάτων
3360 4459 3455 4514 καλ⁸
3486 4451 3569 4523 οἷς
3599 4459 3711 4513 τῶν
3736 4460 3821 4513 δε-

545 4555 921 4618 przetereaque
949 4566 1015 4606 ea
1038 4551 1210 4622 gratia
1249 4552 1476 4618 donare,
1526 4564 1585 4609 ut
1620 4560 1878 4625 praesenti
1920 4561 1974 4615 in
2021 4562 2124 4618 hac

2235 4555 2477 4626 δομὲνων
2508 4555 2640 4627 ύμῖν
2676 4553 3034 4625 κατορχεῖσθε
3071 4551 3276 4622 νόμων,
3318 4551 3604 4614 ἀπέκειτο,
3637 4552 3819 4604 εὐδαι-

546 4637 662 4693 vita
715 4638 977 4697 felicitate
1023 4642 1131 4697 frui
1178 4643 1439 4713 possitis?
1487 4644 1556 4701 At
1610 4648 1915 4715 enimvero,
1957 4668 2123 4723 quam

2235 4650 2426 4721 μονίας
2475 4665 2539 4702 τε
2588 4647 2849 4710 συνόντας
2906 4644 3162 4715 ἀλλήλοις
3196 4644 3296 4713 τῆς
3349 4643 3493 4697 κατά
3546 4642 3640 4696 τὸν
3702 4643 3816 4713 βξον

546 4732 895 4803 tyrannidem
962 4734 1185 4806 insipidi
1246 4737 1350 4807 ipsi
1408 4737 1566 4793 vobis
1616 4740 2003 4809 constituistis,
2064 4760 2129 4800 ea

2235 4740 2547 4806 ἀπολαύειν,
2575 4739 2738 4810 χάριν
2763 4739 3093 4809 παρασχεῖν.
3134 4732 3282 4788 Ἀλλ’
3307 4734 3374 4805 ην
3404 4733 3561 4786 αὐτοί
3598 4749 3661 4801 γε
3695 4730 3816 4785 καθ’

545 4838 659 4877 non
698 4825 876 4881 solum
920 4842 1032 4881 non
1088 4827 1373 4897 permissit
1429 4828 1498 4882 ad
1554 4831 1971 4889 conversionem
2020 4836 2131 4891 ullo

546 4916 734 4979 modo.
784 4935 951 4990 quam
1006 4929 1190 4976 tamen
1242 4931 1392 4976 tanta
1452 4931 1510 4979 et
1564 4924 1688 4980 talis
1746 4926 2131 4986 benevolentia

542 5008 832 5076 offerebat,
874 5019 931 5068 et
954 5011 1024 5068 ad
1069 5025 1192 5068 eam
1217 5015 1653 5085 amplectendam
1704 5019 2118 5088 cohortabatur,

543 5101 842 5171 respicere,
892 5105 990 5161 sed
1036 5116 1097 5162 et
1157 5114 1220 5161 ut
1284 5107 1560 5178 prioribus
1630 5110 1831 5167 similia
1883 5113 2121 5183 addatis,

544 5190 799 5261 impellit.
837 5195 906 5250 Et
956 5196 1090 5268 quid
1126 5196 1251 5253 dico
1280 5196 1517 5253 similia?
1545 5197 1662 5253 lmo
1710 5198 1868 5272 longe
1911 5203 2121 5273 pejora,

540 5283 747 5353 quibus
764 5286 1163 5357 providentiam
1184 5303 1363 5344 meam
1387 5297 1445 5345 et
1472 5288 1885 5347 humanitatem
1901 5307 1934 5347 a
1967 5294 2124 5350 vobis

618 5398 662 5433 ⁸⁸
694 5398 886 5458 Matth.
921 5419 1077 5471 χχιιι,
1109 5404 1200 5461 37.
1314 5406 1359 5440 ¹³
1400 5406 1534 5463 ibid.
1560 5407 1651 5465 '58.

2229 4833 2439 4886 ἑαυτῶν
2490 4832 2591 4902 τῆς
2637 4830 2901 4893 ἀπονοίας
2943 4824 3235 4899 τυραννίδα
3283 4824 3728 4896 προεστήσασθε,
3756 4824 3817 4878 ού

2234 4926 2398 4997 μόνον
2429 4924 2584 4978 οὐδὲν
2633 4923 2772 4995 πρὸς
2821 4919 3162 4991 ἐπιστροφὴν
3202 4919 3418 4991 ἀφορᾷν
3470 4918 3617 4995 ὑμᾶς
3672 4936 3820 4989 παρ-

2232 5017 2499 5072 εσκεύασε
2520 5015 2701 5069 καίτοι
2722 5012 2993 5084 τοσαύτης
3024 5013 3119 5067 καὶ
3146 5010 3485 5085 τηλικαύτης
3506 5012 3609 5081 τῆς
3646 5011 3815 5082 εὐμε-

2232 5110 2381 5174 νείας
2415 5108 2622 5179 ταύτην
2667 5107 2797 5178 ὑμῖν
2853 5104 3270 5178 προτεινούσης,
3333 5105 3431 5160 καὶ
3470 5103 3611 5175 πρὸς
3644 5104 3816 5174 αὐτὴν

2237 5200 2669 5273 ἐπιστρέφεσθαι
2689 5198 3141 5272 παρακαλούσης,
3160 5198 3298 5252 ἀλλά
3317 5199 3411 5253 καὶ
3428 5198 3551 5253 καθ’
3573 5197 3813 5265 ἑκάστην

2236 5293 2652 5367 παραθρασύνει
2692 5290 2808 5366 (16)
2861 5288 3212 5364 προστιθέναι
3267 5290 3338 5344 τά
3382 5290 3567 5362 ὅμοια.
3617 5289 3729 5345 Καὶ
3759 5286 3811 5340 τί

1673 5544 1910 5601 VARUE
1949 5544 2329 5602 LECTIONES
2360 5545 2445 5600 ET
2473 5541 2709 5599 ΝΟΤᾹΞ.

618 5659 732 5729 (15)
782 5658 1124 5727 Ἐπιγνους.
1176 5660 1254 5714 Ita
1291 5658 1397 5715 fert
1442 5660 1718 5715 variorum
1746 5660 1966 5715 Patrum
1999 5676 2128 5715 sen-

544 5730 741 5792 tentia,
795 5729 1000 5784 malum
1047 5730 1349 5785 daemonem
1402 5730 1702 5791 Christum.
1752 5740 1813 5785 ut
1874 5732 2042 5785 Deum
2074 5740 2130 5785 ct

550 5801 896 5854 Servatorem
952 5800 1166 5865 mundi,
1222 5801 1327 5855 sub
1375 5800 1719 5855 nativitatem
1760 5810 1855 5856 aut
1908 5801 2126 5855 initimn

551 5868 813 5937 praeconii
855 5870 977 5939 ejus
1025 5885 1135 5926 non
1189 5872 1533 5943 cognovisse.
1613 5869 1745 5927 Vide
1812 5872 2129 5927 testimonia

2227 5674 2419 5713 eorum
2449 5657 2678 5713 collecta
2708 5671 2739 5710 a
2793 5654 3053 5725 Dionysio
3090 5650 3315 5725 Petavio
3350 5651 3410 5725 in
3462 5652 3804 5722 Dogmatibus

2229 5728 2548 5805 theologicis,
2588 5736 2737 5805 tonio
2761 5724 2849 5805 ll_|,
2888 5722 3057 5805 libz‘t,
3088 5738 3141 5778 c.
3181 5724 3236 5805 β,
3268 5722 3433 5805 p.27:

2298 5790 2419 5868 (16}
2455 5796 2929 5868 Παραθρασρνει.
2976 5792 3069 5868 Sic
3100 5790 3290 5863 putavi
3324 5790 3669 5848 scribendum
3709 5805 3805 5861 pro

2230 5864 2821 5939 napaOpaadvq,quod
2847 5874 2968 5920 erat
3000 5864 3055 5917 in
3088 5880 3189 5918 ms.
