4014 6394
195 405 288 470 225
1240 393 1539 456 CONTRA
1580 391 2043 456 MANICHEOS
2085 393 2320 456 LIBER
2367 396 2468 460 Iv.

3360 397 3468 466 2-36

198 523 325 589 λέγω
357 515 428 573 τά
447 516 612 588 ὃμοια
636 531 653 581 ;
703 511 866 567 Ἀλλά
909 511 987 583 μὴ
1015 509 1085 564 τά
1114 508 1253 565 πολὺ
1283 510 1667 582 χαλεπώτερα,
1705 509 1774 563 δι’

1884 510 2018 582 ipsis
2052 510 2405 581 propulsatis.
2446 508 2747 581 Propterea
2779 520 2837 568 et
2874 522 3095 584 tempus
3136 530 3236 571 vos
3270 529 3468 586 ex5pe-

196 610 260 669 ὢν
304 613 465 683 ὑμεῖς
513 608 616 680 τὴν
684 604 827 678 ἐμὴν
867 605 1127 676 πρόνοιαν
1190 605 1287 658 καὶ
1359 604 1778 676 φιλανθρωπίαν

202 703 406 761 ἑαυτῶν
462 698 952 757 ἀπεσκευάσασθε.
1007 696 1099 750 Διὸ
1172 699 1272 751 καὶ
1324 697 1354 751 ὁ
1399 696 1593 769 καιρὸς
1650 697 1780 767 ὑμῖν

197 791 533 852 ἀπαιτεῖσθαι
552 790 875 863 παρέστηκε
896 788 968 843 τὰ
984 786 1264 860 ἐπίχειρα,
1286 789 1387 859 τήν
1404 805 1467 842 τε
1490 787 1588 842 ἀπ’
1608 786 1779 857 ἀλλή-

201 890 295 943 λων
344 884 732 950 καταδικάζων
756 882 1083 953 διασπορὰν,
1133 883 1229 936 καὶ
1252 882 1313 936 οὐ
1348 881 1448 954 τὴν
1476 881 1781 953 διασπορὰν

204 982 375 1054 μόνον,
409 978 547 1034 ἀλλά
586 976 684 1032 καὶ
718 976 891 1046 αὐτὴν
936 973 1036 1046 τὴν
1079 974 1239 1029 πόλιν
1290 974 1475 1037 αὐτοῖς
1506 973 1780 1045 θεμελίοις

202 1072 613 1145 καταστρέφων,
650 1069 747 1123 καὶ
793 1066 1006 1140 ἐρημίᾳ
1036 1066 1389 1139 παραδιδούς.
1420 1067 1485 1121 Ei
1517 1063 1612 1122 οὖν
1637 1067 1781 1122 κατά

198 1166 296 1221 τῶν
352 1162 715 1235 προφητικῶν
756 1160 1007 1233 αίμάτων
1055 1162 1090 1233 ή
1132 1160 1308 1231 τόλμα
1345 1160 1440 1214 καὶ
1510 1159 1623 1213 τῶν
1670 1160 1782 1214 ἀπ-

200 1256 535 1327 εσταλμένων
558 1254 588 1306 ό
618 1253 781 1324 φόνος
806 1255 890 1319 είς
925 1252 1263 1325 ταλανισμδν
1300 1253 1401 1324 μὲν
1423 1252 1627 1322 ἀπάγει
1653 1253 1782 1317 τοὺς

212 1349 509 1412 Ἰουδαίους,
545 1345 837 1419 προοίμιον
866 1347 925 1400 δὲ
956 1346 1171 1417 γίνεται
1200 1347 1299 1419 τῆς
1326 1347 1564 1419 ἐσχάτης
1601 1331 1782 1400 αύτῶν

202 1443 489 1507 ἀπωλείας,
514 1440 635 1505 πῶς
668 1440 791 1511 οὐχὶ
816 1440 918 1512 τὴν
946 1441 1071 1513 ῐσην
1098 1440 1279 1512 δίκην,
1307 1440 1398 1495 ἵνα
1421 1440 1497 1512 μὴ
1520 1440 1668 1510 λέγω
1680 1439 1782 1512 τὴν

205 1534 440 1605 μείζονα,
474 1533 525 1587 οί
559 1532 757 1603 θερμοὶ
806 1531 908 1603 μὲν
942 1532 1050 1585 τῶν
1091 1531 1363 1585 Ἰουδαίων
1414 1530 1651 1602 μιμηταὶ
1685 1530 1781 1584 καὶ

202 1628 597 1701 ύπερδαλέσθαι
628 1629 687 1684 δὲ
721 1630 1206 1702 φιλονεικήσαντες
1232 1631 1452 1695 αὐτοὺς,
1493 1630 1595 1685 οὐκ
1623 1630 1782 1683 αὐτοὶ

202 1720 313 1774 καθ’
344 1720 557 1776 ἑαυτῶν
596 1722 870 1791 ὲπάγουσί
905 1739 965 1777 τε
1010 1722 1106 1777 καὶ
1136 1723 1374 1792 ἄφυκτον
1427 1722 1636 1793 ταύτην
1679 1740 1783 1776 κα-

199 1814 589 1881 τασκευάζουσι
614 1814 958 1886 περιφανῶς.
995 1815 1059 1868 Οί
1090 1814 1200 1887 γὰρ
1233 1815 1481 1886 πονηρᾶς
1510 1814 1777 1884 δημιουρο

200 1907 333 1977 γίας,
366 1925 444 1963 ων
469 1908 687 1972 ἔκδικος
716 1910 858 1978 ἡμῖν
884 1910 912 1961 ὁ
934 1907 1146 1979 Σωτὴρ,
1174 1907 1403 1971 τούτους
1423 1908 1599 1977 δυσφη
1611 1907 1777 1977 μοῦν-

198 2018 282 2065 τες
338 2000 624 2070 προελθεῖν
645 2040 661 2065 ,
708 2000 889 2072 πολλῷ
949 2000 1336 2072 χαλεπώτερον
1392 2000 1634 2070 τολμῶσι
1672 1998 1782 2052 τῶν
1806 1987 1817 1999 ’

200 2092 489 2147 ἀνελόντων
509 2091 731 2157 αὐτούς.
770 2092 835 2146 Οί
870 2091 971 2163 μὲν
1005 2091 1114 2164 γὰρ
1146 2093 1289 2145 κατὰ
1332 2089 1603 2161 σωμάτων
1632 2088 1781 2153 ἅπαξ

199 2184 408 2255 ἀφῆκαν
430 2184 532 2256 τὴν
562 2183 801 2256 πληγὴν,
830 2186 881 2238 oi
909 2184 968 2237 δὲ
986 2184 1088 2257 τὴν
1114 2183 1383 2255 πονηρίαν
1409 2184 1595 2247 αὐτοῖς
1620 2182 1783 2251 φύσει

201 2274 839 2344 συγκατασκευάζοντες,
889 2275 1063 2330 ἀΐδιον
1119 2277 1388 2346 ἔναφιεῖσι
1421 2276 1538 2347 τὴν,
1560 2276 1782 2330 ἀνίατον

201 2366 288 2421 καὶ
324 2366 701 2422 ἀνυπόστατον
734 2366 972 2437 πληγὴν,
1010 2366 1153 2437 μετά
1178 2366 1241 2420 τὸ
1275 2367 1371 2421 καὶ
1400 2367 1528 2431 τοὺς
1559 2364 1782 2421 ἀνελόν-

201 2478 294 2524 τας
320 2461 520 2525 αὐτοὺς
542 2459 666 2513 ἀντὶ
679 2458 784 2529 τῆς
822 2459 1101 2531 τιμωρίας
1131 2459 1390 2524 ἔπάθλοις
1416 2460 1671 2530 κοσμεῖν,
1711 2458 1782 2513 δι’

201 2547 270 2606 ὢν
300 2552 397 2623 μὲν
426 2551 528 2623 τῆς
552 2550 877 2622 σωματικῆς
906 2551 1125 2623 ἐκείνης
1158 2553 1375 2624 σφαγῆς
1402 2553 1683 2624 ἀρχηγοὺς
1710 2554 1779 2624 τῇ

199 2642 384 2716 γνώμῃ
434 2642 781 2715 παριστῶσιν
811 2643 1065 2707 ἑαυτούς.
1117 2645 1230 2698 Καὶ
1273 2645 1337 2698 οὐ
1369 2644 1545 2698 ταῦτα
1594 2644 1778 2715 μόνον,

200 2738 288 2791 καί
309 2754 389 2790 τοι
426 2735 734 2809 τηλικαῦτα
761 2735 911 2800 δντα,
946 2736 1085 2791 ἀλλά
1112 2739 1210 2792 καὶ
1241 2738 1350 2793 ἀπὸ
1375 2738 1474 2809 τῆς
1501 2738 1647 2792 κατά
1672 2739 1781 2791 τῶν

202 2829 461 2900 σωμάτων
514 2828 808 2899 ἀσελγείας
853 2830 949 2884 ἐπὶ
998 2829 1093 2884 τὸν
1136 2830 1316 2883 κοινὸν
1350 2831 1634 2901 Δεσπότην
1686 2830 1782 2884 καὶ

199 2922 539 2993 Δημιουργδν
555 2922 855 2994 ἀναφέρειν
883 2923 948 2976 οὐ
976 2922 1294 2995 φρίττουσιν
1322 2925 1423 2993 τὴν
1459 2922 1778 2991 ἀσέλγειαν.

198 3006 289 3076 Οἷς
335 3012 468 3084 γὰρ,
505 3005 580 3067 ὧν
609 3014 761 3067 ἔστιν
809 3012 1049 3079 ἔκδικος,
1102 3014 1305 3077 κακίας
1354 3012 1612 3083 λέγουσιν
1640 3013 1781 3086 ἔργα

199 3107 292 3158 καὶ
327 3104 696 3177 θεραπευτάς,
754 3106 969 3170 τούτοις
1019 3105 1121 3177 τὴν
1176 3106 1357 3177 ὓϐριν,
1394 3106 1511 3160 ἀλλ’
1568 3106 1669 3160 οὐκ
1712 3107 1781 3161 ἂν

196 3197 545 3269 ὀνομάσαιμι,
579 3195 1026 3270 συνεξυδρίζουσι
1052 3199 1147 3252 καὶ
1179 3199 1271 3254 τὸν
1294 3199 1607 3272 ἐκδικητὴν.

264 3290 395 3349 KA'.
437 3292 561 3346 Ὅτι
592 3292 652 3346 δὲ
698 3293 811 3345 τῶν
863 3292 1162 3364 προφητῶν
1210 3293 1241 3346 ό
1288 3295 1484 3365 χορὸς,
1535 3295 1632 3350 καὶ
1689 3290 1779 3359 αἷς

200 3384 522 3454 ἱερολογίαις
544 3383 758 3454 Μωσῆς
788 3383 1200 3455 ὐπηρετῆσατο,
1232 3385 1388 3438 αὐτοί
1412 3402 1474 3439 τε
1511 3384 1649 3439 Θεοῦ
1679 3403 1779 3440 πε-

200 3479 400 3549 φήνασι
432 3477 526 3533 τοῦ
583 3476 793 3548 ἀγαθοῦ
821 3478 919 3531 καὶ
958 3477 1191 3550 πλάσμα
1237 3478 1333 3532 καὶ
1357 3478 1654 3549 λατρευταὶ
1684 3478 1779 3533 καὶ

193 3564 266 3623 ῶν
304 3570 582 3642 ὑποφῆται
622 3570 966 3641 χρηματίσαι
1010 3570 1173 3642 χάριν
1221 3571 1434 3645 ἔλασαν,
1488 3573 1779 3637 ἐπιπνοίας

193 3659 259 3735 ῆν
273 3663 445 3718 ταῦτα
462 3665 560 3718 καὶ¹
579 3664 838 3736 προνοίας
868 3663 1237 3735 ἀγαθουργοῦ,
1258 3665 1354 3719 καὶ
1368 3665 1522 3719 οὐδὲν
1541 3661 1610 3737 ἦν
1641 3667 1781 3738 πρός

195 3776 257 3827 γε
282 3760 383 3833 τὴν
414 3760 537 3814 τότε
567 3760 679 3814 τῶν
707 3760 1019 3833 ἀνθρώπων
1045 3761 1242 3832 ἀκοὴν,
1267 3758 1393 3814 οὕτε
1442 3760 1777 3833 σοφώτερον,

193 3850 311 3905 οὔτε
345 3850 771 3923 ἀσφαλέστερον,
824 3850 942 3905 ἀλλ’
985 3849 1112 3905 οὕτε
1145 3852 1424 3923 σωτηρίαν
1474 3855 1779 3924 παρασχεῖν

196 3943 699 4016 ἑτοιμότερον,οὑδὲ
727 3944 1145 4016 χειραγωγῆσαι
1173 3944 1404 4017 βέλτιον,
1425 3945 1588 4011 αὐτὸς
1615 3946 1780 4001 πάλιν

195 4040 326 4107 ἡμῖν
354 4041 383 4092 ό
433 4040 527 4093 καὶ
556 4040 661 4111 τῆς
692 4040 932 4105 παλαιᾶς
958 4040 1056 4095 καὶ
1097 4041 1201 4112 τῆς
1235 4040 1363 4106 νέας
1391 4041 1659 4113 διαθήκης
1684 4044 1781 4095 Asc

196 4131 423 4202 σπότης,
471 4132 702 4204 παρέχει
740 4134 835 4187 καὶ
884 4132 986 4205 τὴν
1013 4132 1313 4199 ἀπόδειξιν.
1356 4133 1628 4207 Τοιαύτην
1670 4134 1779 4205 γὰρ

192 4228 305 4289 τοῖς
338 4227 653 4299 προφήταις
681 4228 797 4291 τοῖς
822 4226 990 4283 αὐτοῦ
1018 4228 1293 4299 παρέσχεν
1320 4227 1503 4299 ἔργοις
1542 4228 1640 4300 τὴν
1679 4229 1779 4298 τῆς

188 4318 450 4388 ἀληθείας
481 4318 811 4389 ἀσφάλειαν,
842 4318 941 4374 καὶ
966 4320 1047 4383 είς
1074 4319 1346 4390 τοσαύτην
1370 4319 1597 4384 τούτους
1619 4319 1777 4385 δόξαν

186 4409 280 4464 καὶ
308 4411 673 4482 περιφάνειαν
709 4410 952 4483 ὕψωσεν,
990 4410 1134 4465 ὥστε
1165 4412 1227 4466 οὐ
1258 4413 1327 4467 τά
1360 4414 1639 4485 παράδοξα
1667 4414 1777 4467 τῶν

188 4502 369 4574 ἔργων
425 4506 587 4576 μόνον
638 4504 869 4569 τούτους
918 4504 1261 4559 ἔπιδείκνυσι
1304 4508 1776 4578 προκαταγγεῖλαι

1880 612 2033 658 ctare
2051 603 2210 674 jubet
2228 617 2420 673 punias
2442 602 2790 673 promeritas,
2819 604 2968 675 quod
3006 620 3118 659 non
3149 604 3326 659 solum
3355 605 3472 662 dis-

1881 695 2198 767 persionem
2218 710 2249 751 a
2278 694 2433 752 vobis
2473 694 2713 751 invicem
2773 695 3057 767 irrogabit,
3090 696 3186 753 sed
3207 706 3263 752 et
3296 697 3471 768 ipsam

1880 789 2075 843 urbem
2130 788 2378 845 funditus
2415 799 2650 854 evertet,
2708 798 2765 845 et
2810 789 3085 844 desertam
3132 790 3343 846 reddet.
3411 789 3470 845 Si

1881 879 2049 953 igitur
2101 882 2278 938 audax
2323 882 2389 936 in
2428 880 2825 952 prOphetarum
2876 882 3204 953 sanguinem
3256 882 3472 948 facinus

1881 982 1938 1028 et
1988 972 2287 1029 missorum
2324 974 2504 1030 caedes
2532 973 2755 1031 Iudaeos
2800 975 2858 1030 in
2899 975 3181 1030 miseriam
3226 975 3470 1047 emtjicit,

1882 1077 2054 1139 atque
2105 1068 2326 1123 initium
2369 1068 2498 1124 facit
2552 1078 2812 1125 extremae
2850 1071 3093 1140 ipsorum
3126 1071 3470 1135 calamitatis,

1881 1158 2159 1229 quomodo
2200 1176 2313 1214 non
2364 1160 2508 1216 idem
2546 1161 2843 1231 judicium,
2875 1178 2946 1218 ne
3001 1163 3181 1218 dicam
3226 1164 3469 1240 gra_vius,

1883 1251 2097 1305 strenui
2166 1250 2483 1306 Judaeorum
2550 1250 2881 1317 imitatores,
2956 1252 3069 1307 imo
3126 1252 3347 1307 eosdem
3411 1262 3473 1307 ut

1883 1351 2169 1412 superent,
2222 1341 2559 1408 adnitentes,
2621 1343 2723 1414 ipsi
2769 1344 2845 1399 illi
2894 1344 2950 1399 in
2990 1360 3051 1399 se
3102 1344 3470 1407 transferunt,

1885 1431 2056 1503 idque
2111 1433 2403 1489 manifeste
2448 1433 2766 1489 inevitabile
2826 1436 3115 1490 reddunt?
3168 1434 3270 1501 Qui
3320 1436 3472 1490 enim

1883 1540 2004 1591 eos,
2057 1542 2291 1595 quorum
2346 1527 2579 1582 ultorem
2620 1526 2880 1581 Servator
2938 1543 2997 1582 se
3060 1529 3218 1589 nobis
3247 1529 3473 1591 sistit,a

1883 1619 2030 1674 malo
2068 1619 2340 1690 principio
2384 1619 2662 1690 proﬁcisci
2713 1621 3119 1676 calumniantur
3147 1663 3163 1684 .
3221 1622 3299 1677 illi
3346 1637 3473 1693 gra-

1883 1710 2039 1767 viora
2071 1711 2281 1767 audent
2334 1711 2476 1777 istis,
2534 1712 2628 1782 qui
2687 1727 2784 1768 eos
2823 1728 2887 1767 ex
2942 1715 3049 1768 vita
3108 1714 3471 1770 sustulerunt.

1885 1803 1965 1859 Illi
2006 1803 2153 1859 enim
2186 1804 2362 1860 semel
2405 1805 2733 1875 corporibus
2793 1822 2992 1860 manus
3027 1806 3353 1872 intulerunt,
3396 1818 3474 1874 at,

1884 1898 1980 1968 qui
2012 1898 2278 1953 malitiam
2308 1907 2506 1955 natura
2537 1898 2674 1970 ipsis
2714 1899 2935 1953 insitam
2989 1908 3290 1970 nugantur,
3347 1916 3471 1971 per-

1883 1998 2054 2061 petuo
2104 1990 2213 2045 illis
2250 1992 2437 2062 plagas
2465 1990 2714 2047 inferunt
2743 1992 3083 2049 insanabiles
3116 2003 3173 2049 et
3211 1994 3475 2049 intolera-

1882 2080 2048 2143 biles,
2107 2079 2382 2149 siquidem
2442 2089 2500 2135 et
2550 2082 2829 2136 occisores
2882 2096 3073 2141 eorum
3134 2096 3235 2152 pro
3294 2096 3476 2153 pinnae

1881 2172 2129 2245 praemiis
2161 2181 2384 2240 ornant,
2426 2182 2594 2243 atque
2616 2174 2697 2229 sic
2734 2175 2913 2245 quoad
2945 2184 3188 2230 mentem
3216 2183 3274 2229 et
3302 2173 3473 2228 animi

1882 2266 2218 2323 sententiam
2269 2266 2437 2322 raedis
2495 2266 2663 2337 hujus
2708 2281 2991 2337 corporea:
3037 2267 3207 2322 duces
3246 2282 3307 2322 se
3344 2282 3475 2337 pro-

1882 2360 2041 2417 bant.
2100 2359 2235 2426 Quae
2290 2359 2544 2431 quamvis
2601 2359 2789 2432 gravia
2840 2360 2974 2426 sint,
3018 2376 3089 2415 ne
3123 2360 3206 2417 sic
3249 2361 3473 2430 quidem

1885 2451 1997 2506 illis
2047 2451 2351 2517 suiﬁciunt,
2401 2451 2495 2522 qui
2579 2452 2765 2523 potius
2820 2452 3182 2522 petulantiam
3234 2468 3388 2507 suam
3441 2469 3474 2506 a

1883 2544 2212 2615 corporibus
2271 2545 2343 2601 ad
2403 2560 2758 2601 communem
2806 2544 3102 2600 Dominum
3154 2555 3210 2600 et
3264 2546 3472 2601 Condi-~

1882 2647 2058 2694 torem
2081 2647 2409 2694 convertere
2439 2654 2549 2693 non
2574 2648 2858 2695 verentur.
2890 2637 3123 2704 Quando
3153 2638 3304 2693 enim
3344 2654 3468 2703 eos,

1882 2746 2121 2801 quorum
2154 2730 2300 2786 ultor
2330 2740 2437 2794 est,
2492 2731 2720 2787 malitiae
2752 2746 2918 2802 Opera
2946 2740 3002 2787 et
3032 2731 3314 2787 ministros
3353 2746 3476 2786 esse

1882 2824 2097 2889 dicunt,
2129 2831 2245 2878 tum
2280 2823 2504 2895 injuria,
2534 2823 2624 2879 vix
2650 2825 2828 2879 ausim
2872 2824 3081 2893 dicere,
3130 2824 3309 2897 ipsum
3331 2839 3473 2895 quo-

1882 2931 1993 2988 que
2026 2915 2298 2974 vindicem
2324 2932 2518 2974 eorum
2548 2916 2817 2974 alliciunt.

1958 3320 2106 3377 XXI.
2137 3321 2294 3389 Quod
2351 3338 2484 3379 vero
2536 3323 2931 3396 prophetarum
2959 3324 3168 3380 chorus
3210 3331 3265 3379 et
3302 3323 3480 3380 Moses

1888 3413 1945 3469 in
1979 3414 2151 3470 sacris
2175 3416 2434 3482 oraculis,
2480 3433 2602 3487 qua:
2632 3418 2951 3482 ediderunt,
2987 3426 3047 3471 ut
3100 3433 3239 3488 opus
3286 3416 3381 3476 Dei
3426 3426 3475 3471 et

1887 3507 2126 3563 ministri
2179 3508 2317 3563 Boni
2377 3520 2828 3580 comparuerunt,
2881 3518 3046 3578 atque
3105 3525 3191 3573 ea,
3240 3523 3478 3579 quorum

1889 3600 2184 3671 praenuntii
2210 3601 2472 3671 appellari
2515 3601 2891 3664 merebantur,
2926 3601 2995 3656 ab
3057 3600 3241 3655 alllatu
3272 3611 3326 3654 et
3352 3590 3453 3670 pro

1897 3693 2140 3747 videntia
2175 3693 2358 3747 divina
2390 3693 2629 3773 profecta
2663 3701 2907 3759 erant,et
2930 3692 3056 3748 talia
3075 3692 3325 3756 omnino,
3355 3690 3478 3762 qui-

1887 3785 1991 3840 bus
2020 3800 2087 3839 eo
2112 3794 2361 3855 tempore
2401 3784 2454 3839 in
2484 3783 2711 3839 auribus
2752 3784 3036 3839 hominum
3078 3784 3216 3838 nihil
3252 3782 3472 3853 sapien-

1889 3877 2022 3943 tius,
2053 3876 2415 3941 veriusnihil,
2454 3885 2549 3932 aut
2577 3878 2643 3933 ad
2677 3877 2916 3933 salutem
2946 3876 3245 3947 parandam
3268 3876 3472 3946 aptius,

1885 3972 1974 4026 vel
2000 3970 2065 4026 ad
2100 3971 2407 4027 docendum
2436 3972 2636 4027 melius
2667 3971 2854 4038 fuerit,
2886 3970 3002 4041 ipse
3031 3970 3227 4024 iterum
3260 3967 3481 4022 Veteris

1886 4074 1941 4119 et
1966 4063 2104 4119 Novi
2132 4063 2473 4120 Testamenti
2510 4065 2777 4120 Dominus
2810 4066 3173 4119 demonstrat.
3205 4062 3481 4134 Operibus

1885 4159 2033 4212 enim
2046 4158 2163 4213 suis
2187 4158 2474 4229 prophetis
2496 4174 2615 4213 eam
2636 4157 2884 4213 veritatis
2914 4157 3076 4212 ﬁdem
3102 4156 3251 4220 fecit,
3276 4170 3481 4225 eosque

1886 4252 1942 4306 in
1967 4260 2174 4307 tantam
2194 4252 2421 4324 gloriam
2448 4262 2503 4306 et
2527 4252 2849 4323 dignitatem
2884 4250 3087 4315 evexit,
3125 4257 3186 4303 ut
3204 4248 3479 4313 ostendat,

1886 4361 1981 4401 eas
2021 4362 2132 4401 non
2156 4347 2333 4401 solum
2369 4346 2638 4401 mirabllia
2670 4360 2842 4415 opera
2862 4359 2960 4399 sua
2991 4342 3335 4414 praulixisse,
3362 4350 3477 4404 aut,

1885 4452 2108 4492 crucem
2138 4447 2194 4493 et
2230 4448 2490 4503 mortem,
2521 4452 2687 4507 quam
2741 4450 3134 4507 perpessurus,
3194 4448 3479 4507 genusque

1886 4538 2134 4582 nostrum
2199 4530 2275 4583 ita
2344 4530 2728 4598 redempturus
2795 4529 3024 4594 sit;aut
3095 4525 3164 4581 fel
3226 4533 3279 4580 et
3353 4540 3479 4579 ace-

186 4596 281 4649 καὶ
338 4596 607 4660 ἀνειπεῖν,
654 4596 766 4651 οὐδ’
821 4598 904 4652 ὅτι
951 4597 1187 4668 σταυρὸν
1238 4597 1333 4651 καὶ
1381 4597 1634 4665 θάνατον,
1687 4594 1768 4664 οἷς

1884 4631 2011 4683 tum,
2071 4622 2271 4692 quibus
2324 4594 2599 4693 potandus
2650 4622 2764 4688 sit,
2808 4631 2901 4677 aut
2950 4621 3109 4688 solis,
3163 4619 3474 4690 passionem

186 4689 564 4761 ὑποστήσεται
596 4690 709 4763 (l7)
748 4689 916 4745 σώσει
944 4690 1008 4745 τὸ
1036 4691 1191 4761 γένος
1228 4691 1390 4763 ἡμῶν
1413 4708 1429 4723 ο
1462 4691 1587 4745 οὐδὲ
1614 4692 1779 4764 χολὴν

184 4781 282 4835 καὶ
312 4781 459 4848 ὅξος,
486 4781 562 4846 ὡς
595 4781 707 4853 (l8)
740 4782 1134 4853 ποτισθήσεται
1153 4798 1169 4813 ο
1202 4782 1316 4836 οὐδ’
1343 4781 1511 4836 ὅτιτὸ
1553 4781 1726 4847 πάθος
1750 4784 1779 4837 ό

183 4875 335 4945 ἥλιος
363 4875 426 4928 οὐ
461 4874 646 4947 φέρων
678 4876 1123 4947 σκοτισθήσεται,
1151 4875 1264 4930 οὐδ’
1307 4876 1409 4930 ὅσα
1453 4875 1589 4931 ἀλλα
1642 4876 1781 4946 μετά

182 4965 278 5021 τοῦ
310 4967 636 5039 ὑπερφυοῦς
674 4968 1017 5023 καθέκαστον
1061 4968 1188 5041 ἔσχε
1224 4969 1323 5041 τὴν
1374 4968 1605 5023 ἔκϐασιν
1637 4971 1782 5023 ἀπα-

185 5060 500 5133 ράτρεπτον
520 5078 535 5092 ·
570 5061 688 5114 ἀλλ’
718 5061 830 5116 οὐδ’
856 5063 940 5116 ὅτι
964 5063 1055 5117 ἐπὶ
1090 5062 1270 5117 πῶλον
1290 5063 1413 5117 δνου
1446 5063 1779 5131 καθεδεῖται,

180 5152 275 5202 καὶ
304 5149 421 5203 τῶν
469 5150 1022 5222 δυσανασχετούντων
1050 5156 1178 5217 τοὺς
1207 5154 1405 5218 παῖδας
1429 5154 1768 5225 ύμνολόγους

1833 4762 1845 4771 .
1885 4714 2027 4769 hanc
2071 4731 2185 4770 non
2242 4714 2497 4780 ferentis,
2570 4714 3063 4781 obscurationem;
3116 4720 3213 4766 aut
3244 4720 3249 4725 '
3280 4720 3475 4765 caetera

1882 4807 2092 4874 omnia,
2154 4822 2276 4878 qua:
2327 4808 2549 4877 quidem
2616 4807 2854 4879 singula,
2912 4816 2973 4861 ut
3026 4802 3473 4876 supernaturalia

1883 4910 2065 4966 erant,
2097 4909 2358 4956 eventum
2420 4899 2865 4955 indeclinabilem
2917 4896 3332 4959 sortiebantur;
3378 4893 3474 4948 sed

1883 5002 1940 5048 et
1973 4993 2120 5064 quod
2160 5009 2329 5065 super
2360 4994 2568 5064 pullum
2600 4993 2767 5048 asina)
2792 5004 3067 5054 sessurus,
3100 4997 3156 5043 et
3182 4986 3477 5058 indignan-

1881 5084 2019 5138 tium
2052 5082 2194 5139 ﬁlios
2242 5084 2558 5139 laudatores
2616 5082 2908 5137 habiturus
2963 5079 3056 5134 sit.
3114 5077 3346 5143 llorum,
3390 5078 3478 5130 in-

1880 5191 2071 5247 quam,
2124 5176 2263 5231 nihil
2318 5177 2593 5247 reliquum
2640 5174 2791 5241 fecit,
2825 5172 2974 5244 quod
3005 5186 3116 5227 non
3170 5168 3475 5224 secundum

178 5238 316 5304 ἔξει.
366 5239 650 5310 Ούμενοῦν
701 5242 855 5296 οὐδὲν
886 5242 1093 5296 τούτων
1132 5244 1315 5314 ἀφῆκε
1359 5246 1433 5315 μὴ
1465 5246 1609 5300 κατά
1646 5246 1777 5310 τοὺς

1884 5284 2163 5325 sermones
2187 5284 2379 5324 eorum
2418 5279 2474 5325 et
2531 5268 2785 5325 vaticinia
2808 5267 3191 5337 perﬁceretur,
3230 5276 3399 5331 seque
3423 5260 3476 5314 id

179 5330 415 5384 ἐκείνων
442 5331 637 5401 λόγους
667 5333 766 5387 καὶ
802 5332 904 5398 τὰς
936 5335 1281 5406 προφητείας
1322 5336 1631 5407 προελθεῖν,
1680 5339 1776 5392 καὶ

76 5496 81 5500 ὁ
180 5424 383 5477 ιαυτδν
414 5425 683 5493 ἐπιδεῖξαι
724 5427 1218 5501 διαπραττόμενον.
1260 5430 1436 5499 Καίγε
1480 5430 1533 5483 τί
1596 5450 1767 5503 προσ-

182 5518 315 5587 ἕλκον
328 5512 425 5588 ἦν,
450 5518 542 5573 τὸν
560 5520 861 5591 ἀναιρὲτην
879 5522 983 5592 τῆς
1006 5522 1226 5589 κακίας,
1260 5523 1355 5576 καὶ
1380 5516 1442 5576 οὗ
1468 5522 1568 5594 τῆς
1590 5524 1777 5597 ἐπιδη-

1872 5361 2097 5418 eil'tcere
2148 5372 2464 5418 testaretur.
2531 5361 2653 5417 Jam
2676 5378 2806 5417 vero
2854 5359 2989 5431 quid
3040 5357 3270 5414 decebat
3324 5368 3472 5419 eum,

1888 5456 1980 5525 qui
2016 5455 2221 5511 malum
2253 5457 2577 5512 sublaturus
2622 5462 2744 5511 erat
2773 5469 2805 5511 e
2861 5452 3066 5517 medio,
3097 5459 3153 5506 et
3186 5448 3345 5519 cujus
3371 5444 3471 5499 ad—

1885 5560 2087 5607 ventus
2140 5550 2487 5622 potissimum
2511 5549 2581 5607 ad
2636 5549 2937 5622 tyrannidis
2966 5545 3318 5603 abolitionem
3352 5552 3475 5609 spe-

1324 5658 1564 5715 ἾΑΒΙᾹΞ
1612 5659 2006 5722 LECTIONES
2043 5663 2133 5720 ΕΤ
2160 5662 2393 5723 NOTAE.

423 5794 1201 5875 :rzogrrjdetat._Excidisse
1224 5801 1317 5875 hic
1350 5802 1567 5860 videtur
1599 5803 1865 5875 particula
1900 5807 2015 5865 καί.

248 5868 375 5939 (l8)
425 5865 542 5935 Ὧς.
572 5867 737 5926 Forte
768 5870 976 5929 rectius
1002 5872 1201 5944 legeris
1230 5867 1332 5937 οἷς.
