4022 6408
531 376 635 457 227

1590 386 1595 391 ’
1682 390 1946 451 PIIOTII
1989 390 2499 453 PATRIARCHIE
2538 392 2647 453 ΟΡ.

3706 398 3813 463 228

533 509 739 568 ctabat.
765 522 892 563 cum
942 516 1133 564 nosset
1182 516 1296 562 tum
1332 504 1617 577 praedicta,
1645 515 1760 561 tum
1793 523 1911 573 eos,
1933 506 2025 577 qui
2052 522 2103 562 ea

2223 507 2351 578 μίας
2381 510 2440 561 τὸ
2472 510 2735 580 μέγιστον
2757 510 2790 581 ή
2811 509 2911 580 τῆς
2929 510 3250 582 τυραννίδος
3273 509 3597 576 κατάλυσις,
3629 511 3815 566 είδότα

530 602 949 676 prtedixerant?
980 602 1179 657 Utrum
1223 600 1406 655 omnia
1447 600 1556 654 illis
1600 600 1878 655 contraria
1909 600 2113 666 facere,

535 696 585 751 si
614 712 645 751 a
675 695 954 751 contrario
985 694 1254 765 principio
1283 702 1467 749 essent
1498 693 1761 764 profecta,
1812 708 1881 748 an
1936 694 2118 764 potius

529 802 757 857 operam
798 788 927 842 dare
960 786 1141 857 ipsum
1180 786 1429 851 decebat,
1466 795 1529 841 ut
1574 786 1759 842 omnia
1818 786 2117 858 impleren-

532 889 643 948 tur,
708 882 956 952 nihilque
1009 895 1222 945 eorum,
1256 895 1377 949 quae
1408 879 1510 950 ipsi
1557 879 1948 951 pradixerant,
1997 878 2118 934 irri-

531 985 645 1029 tum
677 975 1028 1045 relinquere?
1057 974 1221 1043 Atqui
1245 972 1501 1029 Christus
1532 973 1668 1029 adeo
1722 973 1859 1028 nihil
1895 989 2112 1041 eorum,

529 1082 653 1137 quae
704 1067 741 1121 ii
794 1066 1076 1121 vaticinati
1130 1074 1308 1135 erant,
1359 1065 1622 1137 neglexit,
1679 1074 1740 1120 nt
1772 1080 1940 1136 saepe,
1985 1081 2114 1121 cum

527 1163 734 1233 aliquid
776 1162 1002 1229 laceret,
1049 1162 1327 1225 innueret,
1378 1178 1438 1217 se
1466 1161 1569 1216 ista
1593 1161 1797 1226 facere,
1834 1171 2000 1232 prout
2035 1160 2113 1216 illi

526 1256 748 1327 quidem
778 1255 1156 1326 prmviderint,
1184 1264 1240 1311 et
1275 1254 1655 1325 praedixerint,
1698 1269 1979 1325 Opemque
2000 1252 2101 1310 sua

525 1349 842 1404 nullatenus
902 1349 971 1404 ab
1020 1348 1088 1404 iis
1128 1349 1303 1412 abire,
1361 1363 1486 1418 qua:
1519 1348 1588 1401 ab
1620 1348 1741 1401 istis
1767 1358 1927 1403 erant
1970 1363 2112 1418 prae-

521 1439 689 1494 dicta.
737 1440 889 1494 Adeo
924 1455 1107 1510 operte
1162 1440 1399 1510 pretium
1426 1439 1642 1510 putavit
1672 1440 1986 1506 ostendere,
2016 1454 2112 1494 eos

521 1551 643 1590 esse
677 1550 924 1607 veraces,
974 1549 1339 1605 magnamque
1385 1534 1439 1587 in
1479 1549 1546 1588 eo
1592 1549 1779 1587 curam
1812 1534 2015 1603 posuit,
2052 1540 2115 1587 ut

521 1626 947 1692 demonstraret,
1003 1624 1125 1680 illus
1169 1623 1284 1679 veri
1331 1622 1425 1677 Dei
1450 1629 1507 1677 et
1556 1622 1735 1676 Patris
1786 1638 1948 1677 veros
1989 1637 2112 1677 esse

520 1717 826 1787 prophetas
865 1725 922 1770 et
966 1716 1275 1771 ministros.
1330 1715 1398 1769 Et
1430 1714 1678 1784 quicum
1714 1713 1926 1770 ratione
1970 1730 2108 1769 con-

519 1807 693 1861 ciliari
752 1818 960 1877 posset,
1009 1807 1313 1877 prophetas
1360 1805 1612 1861 veritatis
1644 1805 1852 1861 fontem
1898 1805 2108 1861 consti-

520 1907 703 1971 tuere,
770 1906 866 1953 aut
904 1915 1074 1970 opere
1118 1900 1239 1969 ipso
1283 1897 1555 1953 mirabilia
1602 1913 1795 1954 eorum
1847 1898 2103 1954 vaticinia
2143 1872 2185 1926 Β

519 1992 854 2069 conﬁrmare
906 2001 962 2047 et
1023 1992 1313 2063 perﬁcere,
1372 2007 1437 2047 ac
1500 2000 1677 2047 totum
1732 1993 1920 2048 urbem
1979 1992 2105 2047 ﬁdei

520 2100 712 2139 eorum
743 2093 915 2139 testes
935 2084 1184 2140 oculatus
1211 2083 1450 2140 sistere?
1481 2083 1630 2139 Idem
1662 2094 1812 2139 certe
1848 2084 1953 2139 hoc
1994 2093 2102 2148 est,

519 2193 587 2234 ac
620 2178 667 2232 si
720 2177 924 2233 veritas
962 2178 1086 2249 ipsa
1142 2178 1391 2245 doceret,
1449 2178 1707 2249 principii
1745 2177 1961 2233 hostilis
1998 2176 2106 2232 hoc

517 2286 643 2327 esse
701 2270 1023 2343 negotium,
1084 2280 1147 2326 ut
1234 2272 1526 2326 veritatem
1600 2279 1875 2343 suggerat.
1957 2268 2101 2325 Nota

517 2380 671 2429 vero,
738 2362 1112 2429 Servatorem,
1178 2363 1330 2435 pullo
1404 2372 1646 2426 vectum,
1709 2362 1811 2417 alia
1881 2376 2103 2433 quoque

516 2455 850 2509 subinnuere
876 2496 887 2507 .
911 2452 1025 2507 Hoc
1055 2452 1265 2507 scilicet
1303 2452 1547 2506 omnium
1598 2450 1834 2505 maxime
1866 2448 2099 2503 manife-

516 2556 663 2602 stum
706 2555 824 2611 est,
872 2545 1017 2615 quod
1077 2544 1420 2615 prophetiam
1474 2544 1801 2597 conﬁrmare
1844 2550 2101 2598 conetur.

517 2638 938 2694 Sanctisslmum
961 2638 1108 2692 enim
1141 2637 1245 2691 hoc
1275 2636 1563 2691 oraculum
1593 2634 1798 2689 edicit:
1831 2635 1949 2689 Hoc
1970 2649 2103 2689 veno

513 2748 677 2787 omne
709 2732 913 2787 factum
947 2740 1062 2797 est,
1097 2740 1157 2786 ut
1189 2731 1535 2801 impleretur,
1590 2730 1735 2800 quod
1780 2731 2087 2785 enntiatum

512 2835 598 2881 est
622 2842 719 2896 per
760 2825 1091 2895 Prophetam
1150 2825 1427 2879 dicentem
1475 2840 1487 2876 :
1536 2823 1707 2878 Dicite
1752 2823 1878 2893 ﬁlia:
1924 2822 2099 2879 Sion:

462 2948 465 2951 ν
514 2918 651 2974 Ecce
678 2918 789 2972 Rea:
814 2926 933 2971 tuus
955 2918 1095 2971 venit
1147 2917 1239 2971 tibi
1263 2925 1593 2971 mansuetus:
1637 2926 1685 2971 et
1715 2916 1897 2970 sedens
1944 2933 2099 2985 super

513 3010 748 3076 asinam,
780 3018 828 3063 et
857 3009 1062 3078 pullum
1089 3009 1385 3080 mbjugalis
1408 3008 1473 3063 ιδ.
1508 3007 1784 3078 Videsne,
1823 3009 2100 3079 quomodo

515 3100 776 3157 Servatur
826 3080 1219 3172 mundi'pullo
1262 3100 1500 3155 insideat
1545 3100 1611 3156 ad
1664 3100 1995 3172 implendam
2043 3108 2100 3157 et

512 3193 949 3249 conﬁrmandam
979 3191 1362 3265 prophetiam?
1378 3190 1510 3259 Quae
1534 3192 1704 3259 enim,
1730 3208 1939 3263 quaeso,
1958 3192 2004 3247 si
2029 3193 2097 3249 ab

515 3285 624 3342 hoc
645 3286 960 3342 testimonio
997 3286 1179 3343 dando
1204 3285 1545 3350 discesseris,
1576 3286 1680 3341 alia
1710 3302 1876 3342 causa
1908 3287 2101 3343 adesse

515 3378 758 3445 videtur,
816 3393 959 3449 quae,
1007 3379 1095 3433 via
1144 3377 1281 3433 adeo
1329 3377 1483 3433 brevi
1532 3378 1857 3446 exsistente,
1910 3378 2099 3433 Iesum

516 3471 670 3541 pullo
699 3470 936 3526 insidere
966 3470 1220 3537 suaserit,
1246 3471 1338 3540 qui
1382 3486 1527 3542 saepe
1549 3480 1606 3526 et
1639 3471 1819 3526 varias
1860 3471 1978 3527 vias
2002 3486 2101 3541 pe-

515 3563 677 3619 dibus
705 3563 1055 3620 confecerat?
1081 3565 1188 3618 Aut
1216 3578 1380 3633 quam
1416 3562 1643 3634 gloriam
1674 3563 1856 3633 pullus
1893 3562 2099 3628 attulit,

512 3654 645 3710 dum
696 3655 973 3727 portabat,
1012 3655 1085 3720 ei,
1133 3655 1228 3726 qui
1268 3656 1438 3709 verbo
1482 3654 1705 3710 virtutis
1757 3670 1871 3709 suae
1918 3663 2102 3724 portat

512 3748 737 3803 omnia?
787 3748 945 3814 Quod
972 3762 1104 3803 vero
1151 3762 1380 3819 regnum
1433 3746 1718 3818 subjdgale
1756 3748 2097 3819 praedicavit,

512 3841 645 3897 dum
672 3840 977 3896 sustinebat
998 3848 1216 3894 vectum
1250 3855 1431 3912 regem
1454 3840 1703 3895 Israelis?
1726 3840 2099 3897 Humilitatem

512 3933 663 3988 enim
702 3942 760 3987 et
802 3932 1279 3987 mansuetudinem
1318 3932 1363 3987 si
1403 3948 1514 3986 non
1556 3933 1750 4004 magis,
1785 3943 1935 3989 certe
1986 3949 2099 3989 non

514 4021 699 4079 minus
748 4029 1002 4076 testatam
1038 4021 1281 4087 fecisset,
1327 4022 1375 4077 si
1422 4022 1525 4077 iter
1577 4024 1810 4089 pedibus
1850 4024 2095 4081 fecisset.

512 4114 666 4169 Adeo
695 4128 781 4177 ea,
813 4129 936 4183 qua:
968 4114 1168 4170 veteris
1197 4123 1357 4169 erant
1399 4116 1733 4179 testamenti.
1781 4133 1907 4172 cum
1956 4134 2099 4175 novo

513 4202 803 4273 conjunxit
832 4220 847 4257 :
881 4202 1020 4259 adeo
1068 4212 1123 4259 et
1170 4204 1354 4259 verbis
1383 4213 1439 4260 et
1488 4205 1648 4262 factis
1703 4206 1935 4263 educere
1972 4223 2099 4279 per-

513 4294 688 4360 rexit,
730 4309 795 4349 ex
841 4294 1032 4350 eadem
1091 4294 1339 4350 bonitate
1380 4305 1437 4352 et
1485 4312 1625 4352 nova
1680 4298 1769 4353 illa
1790 4299 2094 4371 proﬁcisci,

512 4385 767 4457 quamvis
793 4385 938 4440 inter
967 4395 1167 4442 extera
1204 4386 1458 4459 dogmata
1483 4389 1591 4446 hoc
1618 4389 1797 4462 ipsum
1834 4394 2006 4466 gratia
2037 4394 2095 4450 in

516 4478 712 4550 primis
742 4488 982 4552 urgeret.

584 4748 777 4806 XXIII.
814 4750 955 4818 Quid
996 4753 1169 4820 enim,
1214 4769 1341 4811 cum
1391 4755 1445 4812 in
1486 4759 1749 4831 templum
1788 4762 1914 4831 iret,
1958 4782 2094 4823 num

511 4844 643 4899 illud
674 4846 743 4900 ad
770 4860 829 4900 se
856 4860 968 4900 non
1010 4846 1290 4915 pertinere
1334 4849 1540 4919 edixit,
1571 4867 1672 4909 ceu
1720 4859 1985 4927 apostatis
2010 4860 2095 4915 vi-

512 4937 709 4991 detur?
758 4946 855 4992 aut
902 4953 1037 4992 num
1076 4939 1355 5009 profanari
1420 4942 1475 4999 id
1504 4947 1786 5016 permisit,
1834 4958 2097 5022 tanquam

513 5027 761 5081 futurum
791 5028 1097 5099 tyrannidis
1123 5046 1155 5086 a
1186 5046 1244 5087 se
1280 5033 1660 5105 destruenda,
1711 5040 1999 5098 delubrum
2041 5054 2098 5101 et

512 5117 890 5173 domicilium?
925 5117 1089 5176 Certe
1118 5122 1165 5177 si
1198 5122 1271 5178 ita
1320 5129 1670 5187 statuendum
1704 5130 1918 5201 fuisset,
1948 5137 2095 5205 quod

513 5209 659 5264 absit
679 5209 902 5266 dicere!
938 5211 1154 5268 initium
1183 5216 1410 5273 omnino
1452 5220 1845 5279 destructionis
1886 5224 2095 5282 facien-

511 5304 643 5359 dum
660 5314 778 5359 erat
797 5319 863 5361 eo
888 5305 1102 5372 inloco,
1132 5309 1223 5364 ubi
1252 5309 1326 5365 ita
1354 5312 1498 5369 hosti
1513 5315 1700 5372 cultus
1716 5292 2090 5386 exhiberetur.

510 5396 583 5450 At
618 5396 900 5453 enimvero
931 5397 1021 5453 ille
1052 5400 1234 5456 omnia
1258 5402 1363 5459 alia
1390 5406 1605 5477 agebat,
1642 5423 1807 5479 opere
1839 5410 1957 5481 ipso
1988 5412 2089 5467 bo-

584 5489 629 5522 “
666 5489 860 5548 Matth.
904 5508 1016 5560 xxI,
1056 5495 1111 5563 4,
1139 5496 1194 5552 5.

2222 604 2318 656 καὶ
2349 602 2419 655 τὰ
2451 602 2920 675 προφητευθέντα,
2953 606 3050 657 καὶ
3070 605 3121 659 οί
3158 604 3335 659 ταῦτα
3361 605 3809 676 προεφήτευσαν,

2219 696 2453 767 πότερον
2485 693 2818 759 ἀπεναντίας
2845 695 3069 749 ἐκείνων
3100 695 3319 750 ἅπαντα
3342 696 3628 766 πράττειν,
3652 696 3814 767 εἰπερ

2218 781 2362 858 ἦσαν
2386 787 2445 853 ἐξ
2474 786 2864 858 ἀντικειμένης
2889 787 3141 860 ἀρχῆς,ἢ
3170 786 3355 859 ζητεῖν
3376 788 3554 841 πάντα
3580 787 3813 859 πληρῶ-

2220 872 2342 945 σαι,⁴
2360 881 2457 935 καὶ
2488 880 2657 952 μηδὲν
2677 881 2839 934 ἐᾶσαι
2868 881 3173 945 διαπεσεῖν,
3211 873 3288 933 ὧν
3319 880 3551 944 ἐκείνοις
3573 878 3815 951 ἐπῆλθεν

2218 976 2420 1031 είπεῖν.
2462 973 2625 1028 Ἀλλά
2652 973 2728 1047 μὴ
2754 972 3013 1028 τοσοῦτον
3039 972 3223 1045 ὤφθη.
3254 973 3425 1044 μηδὲν
3445 973 3556 1026 τῶν
3579 973 3817 1036 ἐκείνοις

2216 1066 2667 1138 τεθεσπισμένων
2702 1066 3015 1139 ὑπεριδὼν,
3060 1066 3138 1131 ὡς
3188 1068 3283 1120 καὶ
3328 1065 3589 1128 πολλάκις
3638 1066 3697 1118 ἐν
3731 1062 3815 1134 τῷ

2218 1159 2487 1232 πράττειν
2538 1160 3039 1230 ἐπισημαίνεσθαι,
3064 1158 3247 1224 καθὼς
3281 1159 3531 1231 προεῖδον
3582 1160 3811 1221 ἐκεῖνοι,

2216 1254 2313 1308 καὶ
2361 1252 2807 1324 προαπήγγειλον
2846 1251 2993 1306 οὕτω
3042 1253 3243 1318 ποιεῖν,
3295 1251 3391 1306 καὶ
3440 1251 3583 1306 κατά
3636 1249 3815 1322 μηδὲν

2213 1347 2325 1400 τῶν
2354 1347 2586 1411 ἐκείνοις
2623 1345 3178 1418 κεχρησμῳδημένων
3209 1343 3709 1416 ἀπαλλοτριοῦσθαι
3738 1344 3813 1398 τά

2215 1437 2354 1508 ἔργα
2389 1438 2577 1493 αὐτοῦ.
2632 1438 2793 1492 Οῦτω
2822 1437 3105 1509 προύργου
3133 1438 3195 1493 τδ
3236 1438 3523 1510 ἀληθεύειν
3556 1439 3816 1503 ἐκείνους

2213 1530 2447 1596 ἐτίθετο,
2472 1531 2567 1583 καὶ
2583 1532 2660 1595 ὡς
2686 1530 2780 1584 τοῦ
2805 1530 3060 1602 ἀληθινοῦ
3091 1529 3231 1584 Θεοῦ
3255 1530 3351 1585 καὶ
3382 1531 3605 1603 Πατρὸς
3662 1547 3815 1584 παν-

2213 1616 2435 1692 αληθεῖς
2468 1621 2717 1693 ὑπῆρχον
2755 1622 3033 1693 ὑποφῆται
3048 1620 3144 1677 καὶ
3181 1621 3443 1688 διάκονοι,
3471 1621 3675 1691 πολλὴν
3703 1621 3816 1694 τὴν

2212 1714 2474 1785 πρόνοιαν
2520 1714 2891 1769 ἐπεδείκνυτο.
2928 1714 3037 1769 Καὶ
3066 1714 3187 1780 πῶς
3225 1714 3292 1770 ἂν
3321 1714 3437 1787 ἐχοι
3479 1715 3659 1784 λόγον,
3693 1733 3816 1787 πηο

2213 1806 2407 1875 γάζειν
2435 1806 2563 1870 τοὺς
2588 1808 2897 1879 προφήτας,
2924 1806 3366 1879 παρασκευάζειν
3393 1806 3491 1879 τὴν
3520 1806 3810 1877 ἀλήθειαν,

2214 1896 2271 1966 ἢ,
2296 1896 2407 1949 τῶν
2436 1897 2994 1969 κεχρησμῳδημένων
3025 1898 3209 1963 αὐτοῖς
3242 1896 3567 1971 παραδόξων
3604 1890 3810 1961 ὄντων,

2186 1980 2389 2060 ’πέρας
2417 1990 2484 2043 τὰ
2527 1988 2666 2060 ἔργα
2703 1990 2984 2061 παρέχειν,
3013 1992 3107 2044 καὶ
3134 1992 3234 2061 τῆς
3278 1991 3505 2045 ἐκείνων
3536 1989 3811 2062 ἀληθείας

2211 2082 2313 2152 τὴν
2367 2083 2697 2154 οἰκουμένην
2736 2086 2921 2139 πᾶσαν
2968 2083 3059 2139 διὰ
3128 2084 3237 2139 τῶν
3296 2084 3563 2156 ὀμμάτων
3622 2085 3812 2138 ποιεῖν

2214 2174 2547 2245 μάρτυραςς
2584 2177 2649 2229 '0
2702 2176 2902 2230 ταυτόν
2978 2177 3097 2230 ἐστι
3146 2176 3249 2246 τῆς
3306 2176 3574 2247 μισούσης
3618 2175 3812 2248 ἀρχῆς

2207 2262 2309 2335 τὴν
2355 2264 2619 2335 ἀλήθειαν
2684 2264 3028 2336 ἐπιτήδευμα
3067 2264 3342 2318 διδάσκειν
3389 2258 3532 2316 εἶναι
3577 2262 3639 2315 τὸ
3667 2278 3812 2333 χορ-

2212 2359 2369 2427 ηγεῖν
2425 2357 2524 2429 τὴν
2552 2357 2816 2428 ἀλήθειαν
2839 2400 2853 2413 .
2890 2358 3032 2429 Ὀρα
3056 2357 3136 2422 δέ,
3187 2358 3283 2411 καὶ
3326 2357 3464 2412 ἄλλα
3490 2355 3589 2427 μὲν
3620 2356 3808 2409 αίνιτ-

2208 2450 2437 2519 τόμενος
2464 2451 2493 2503 ὁ
2522 2450 2714 2522 Σωτὴρ
2730 2449 2809 2521 τῷ
2830 2450 2995 2521 πώλῳ
3023 2450 3219 2521 ἔποχος
3244 2446 3335 2523 ἦν.
3363 2449 3437 2504 Τὸ
3458 2450 3515 2504 δέ
3551 2452 3801 2521 μάλιστα

2211 2540 2457 2611 ἐμφανὲς
2490 2540 2588 2612 τὴν
2632 2542 2974 2613 προφητείαν
3016 2541 3136 2595 ἐστι
3167 2542 3370 2607 λαὸεῖν,
3407 2543 3490 2595 ὅτι
3533 2542 3795 2613 βεδαιῶν.

2208 2633 2374 2701 Λέγει
2396 2632 2509 2703 γὰρ
2540 2631 2611 2685 τὰ
2638 2631 2796 2700 λόγια
2816 2633 2886 2687 τά
2919 2634 3115 2689 σεπτά.
3144 2633 3316 2686 Τοῦτο
3359 2632 3418 2686 δὲ
3463 2631 3586 2685 ὅλον
3630 2632 3801 2702 γέγο-

2209 2742 2321 2792 νεν,
2356 2725 2447 2779 ίνα
2479 2725 2745 2796 πληρωθῇ
2768 2726 2830 2779 τὸ
2846 2725 3017 2798 ῥηθὲν
3046 2726 3141 2780 διά
3172 2725 3269 2779 τοῦ
3289 2726 3580 2797 προφήτου
3607 2724 3801 2792 λὲγον-

2208 2834 2320 2883 τος·
2357 2821 2582 2874 Ετπατε
2610 2818 2685 2888 τῇ
2713 2820 2957 2890 θυγατρί
2991 2819 3144 2874 Σιών
3168 2835 3183 2852 ο
3228 2819 3377 2875 Ἰδοὺ
3415 2822 3453 2874 ὁ
3490 2821 3801 2886 ,Βασιλεύς

2207 2928 2325 2968 σου
2352 2913 2589 2983 ἔρχεταί
2640 2930 2740 2968 σοι
2770 2914 2987 2983 πραῢς,
3019 2913 3117 2968 καί
3141 2913 3507 2981 ἐπιϐεϐηκὼς
3520 2913 3618 2967 ἐπὶ
3646 2914 3798 2967 ὄνον

2208 3006 2303 3059 καί
2343 3004 2553 3060 πῶλον
2580 3005 2716 3061 υἱὸν
2744 3006 3091 3077 ὑποζυγίου.
3126 3006 3291 3078 Ὁρᾷς
3322 3006 3471 3069 ὅπως
3506 3007 3595 3059 ἐπ’
3623 3004 3797 3058 ἐκϐάς

2209 3118 2293 3153 σει
2319 3117 2381 3153 τε
2419 3100 2517 3155 καὶ
2561 3099 2853 3171 βεϐαιώσει
2882 3102 2984 3172 τῆς
3020 3099 3407 3173 προφητείαςό
3447 3099 3543 3153 τοῦ
3578 3100 3794 3171 κόσμου

2209 3194 2398 3267 Σωτὴρ
2426 3195 2521 3249 ἐπὶ
2553 3194 2645 3249 τὸν
2676 3194 2857 3249 πῶλον
2900 3195 3227 3261 καθέζεται;
3268 3194 3422 3247 Ἐπεὶ
3466 3194 3561 3249 καὶ
3616 3193 3794 3265 χωρὶς

2200 3289 2301 3357 τῆς
2331 3288 2587 3359 τοιαύτης
2616 3286 2945 3360 μαρτυρίας,
2972 3288 3118 3343 κατά
3142 3304 3207 3357 γε
3238 3286 3301 3341 τὸ
3332 3287 3679 3356 φαινόμενον,
3702 3286 3794 3350 τίς

2202 3383 2367 3454 ἐτέρα
2402 3383 2561 3454 χρεία
2593 3382 2777 3453 παρῆν
2810 3382 3233 3451 κατεπείγουσα,
3267 3380 3539 3451 συντόμου
3565 3397 3795 3452 προκει-

2205 3474 2375 3547 μένης
2405 3473 2550 3529 οῦτω
2570 3474 2669 3545 τῆς
2691 3469 2837 3539 ὀδοῦ,
2868 3472 3184 3545 ἐποχεῖσθαι
3218 3471 3385 3543 πώλῳ
3416 3472 3509 3526 τὸν
3552 3471 3789 3542 Ἰησοῦν,

2201 3569 2263 3632 ὃς
2295 3584 2358 3636 γε
2404 3566 2668 3632 πολλάκις
2702 3568 2799 3621 καὶ
2844 3566 3417 3631 πολυπλασίουςςποσὶ
3458 3566 3573 3630 τοῖς
3618 3565 3791 3620 αὑτοῦ

2200 3660 2419 3731 διῆλθεν
2448 3659 2635 3727 ὀδούς;
2662 3661 2734 3713 Ἢ
2770 3658 2932 3713 ποίαν
2957 3659 3117 3726 δόξαν
3154 3658 3367 3729 ἀνῆπτε
3388 3655 3570 3728 φέρων
3592 3658 3622 3710 ό
3665 3655 3791 3709 πῶ-

2200 3754 2292 3817 λος
2321 3754 2400 3826 τῷ
2421 3752 2716 3825 σύμπαντα
2747 3754 2969 3825 φέροντι
2994 3750 3073 3823 τῷ
3105 3753 3316 3824 ῥήματι
3347 3750 3445 3821 τῆς
3497 3749 3789 3819 δυνάμεως

2200 3846 2391 3902 αὑτοῦ.
2415 3846 2551 3901 Τίνα
2590 3846 2649 3900 δέ
2686 3846 2785 3901 καὶ
2816 3844 3097 3917 βασιλείαν
3134 3846 3436 3915 ἐκήρυττεν
3463 3841 3786 3910 ὑποζύγιον,

2199 3940 2390 4012 ἀνέχον
2418 3940 2712 4012 ὀχούμενον
2745 3940 2807 3994 τδ
2846 3938 3074 4011 βασιλέα
3108 3938 3204 3992 τοῦ
3254 3936 3509 4009 ’1σραήλ;
3540 3935 3615 3990 To
3671 3935 3788 4005 γὰρ

2197 4034 2455 4088 ταπεινὸν
2485 4034 2582 4088 καί⁸
2612 4034 2806 4105 πρᾷον,
2830 4033 2915 4087 ἵνα
2947 4033 3023 4104 μή
3039 4032 3182 4102 λέγω
3205 4032 3426 4103 μᾶλλον,
3444 4032 3496 4085 εί
3528 4030 3625 4102 τήν
3640 4029 3786 4084 ὁδοι-

2198 4127 2399 4199 πορίαν
2436 4128 2563 4181 ποσὶ
2590 4125 2822 4197 βαδίζων
2848 4124 3083 4196 διήνυεν,
3124 4123 3242 4178 ἀλλ’
3275 4118 3369 4178 οῦν
3410 4122 3511 4175 οὐκ
3560 4121 3785 4176 ἔλαττον

2198 4221 2464 4290 παρεῖχεν
2492 4219 2715 4272 ἐννοεῖν.
2748 4215 2907 4272 υῦτω
2936 4216 3003 4270 τὰ
3023 4216 3123 4285 τῆς
3152 4216 3388 4277 παλαιᾶς
3411 4215 3524 4278 τοῖς
3549 4214 3649 4282 τῆς
3678 4212 3785 4285 χά-

2202 4327 2349 4382 ριτος
2380 4309 2727 4376 συνεὸίὸαζε,
2763 4309 2860 4363 καὶ
2895 4308 3037 4363 οὕτω
3058 4308 3148 4362 διὰ
3179 4309 3281 4379 τῆς
3308 4307 3482 4379 αὐτῆς
3503 4308 3781 4377 ἀγαθότη-

2195 4420 2289 4467 τος
2310 4402 2475 4457 καινὰ
2500 4402 2593 4456 καὶ
2646 4401 2820 4456 ταῦτα
2846 4401 3155 4474 προελθεῖν,
3199 4402 3249 4455 εί
3288 4400 3383 4456 καὶ
3412 4400 3475 4453 τὸ
3530 4399 3715 4472 μεῖζον
3743 4400 3782 4467 ή

2195 4497 2354 4567 χάρις
2381 4490 2496 4567 εἷχε
2532 4494 2674 4566 μετὰ
2700 4492 2811 4552 τῶν
2839 4494 3017 4551 ἄλλων
3052 4493 3339 4567 σωτηρίων
3366 4493 3659 4566 δογμάτων
3686 4494 3786 4547 καὶ

2120 4591 2175 4652 D
2199 4585 2379 4653 τοῦτο,
2416 4587 2511 4641 καὶ
2538 4584 2722 4655 λόγοις
2770 4584 2867 4642 καὶ
2919 4583 3107 4657 ἐργοις
3147 4582 3490 4640 ἐκπαιδεύων
3529 4584 3630 4638 ούκ
3678 4584 3786 4654 ἀφ.

2194 4678 2398 4735 ίστατο.

2265 4771 2397 4830 Kl".
2434 4771 2545 4844 Τίμ
2572 4772 2685 4842 (l9)
2720 4770 2852 4843 ίερῷ
2875 4770 3193 4843 προσελθὼν
3237 4772 3347 4844 ἄρα
3375 4769 3658 4842 ἀλλότριον
3681 4769 3786 4824 ἀπ-

2195 4862 2397 4933 έφηνεν
2426 4863 2581 4929 αὐτὸ,
2607 4863 2667 4917 δν
2691 4863 2947 4936 τρόπονή
2978 4863 3291 4919 ἀποστασία
3335 4862 3605 4934 βούλεται,
3638 4864 3672 4934 ἢ
3695 4862 3785 4933 βε-

2198 4955 2499 5027 ϐηλοῦσθαι
2550 4956 2824 5027 παρῆκεν,
2858 4955 2935 5020 ὡς
2984 4956 3085 5026 τῆς
3141 4955 3445 5028 μελλούσης
3474 4956 3569 5010 ὑπ’
3611 4954 3779 5010 αὐτοῦ

2200 5048 2582 5122 καθαιρεῖσθαι
2607 5049 2922 5119 τυραννίδος
2966 5048 3270 5121 ἀνάκτορον
3303 5049 3416 5119 (20)
3444 5050 3539 5104 καὶ
3592 5065 3780 5103 κατοι-

2202 5144 2469 5214 κητήριον
2497 5143 2579 5209 ὃν,
2609 5141 2807 5197 πολλοῦ
2835 5158 2900 5212 γε
2921 5142 3016 5195 καὶ
3034 5141 3135 5207 δεῖ,
3166 5141 3412 5210 καίτοιγε
3441 5141 3629 5213 ἐχρῆν·
3660 5140 3784 5196 ἀλλ’

2196 5234 2356 5299 ἵλεως
2391 5235 2479 5305 εῐη
2507 5234 2661 5300 Θεὸς,
2695 5236 2791 5304 ἀφ’
2823 5227 2887 5288 οὗ
2920 5232 3160 5305 μάλιστα
3191 5233 3293 5304 τὴν
3347 5233 3649 5302 θεραπείαν
3677 5233 3780 5305 ήδη

2195 5326 2654 5397 προσφερομένην
2677 5326 2756 5399 τῷ
2780 5326 2984 5398 ἐχθρῷ,
3003 5325 3234 5380 αὐτόθεν
3261 5322 3429 5379 αὐτοῦ
3456 5341 3515 5378 τε
3542 5325 3644 5395 τῆς
3674 5342 3778 5378 κα-

2192 5416 2473 5483 ταλύσεως
2528 5418 2804 5474 ποιεῖσθαι
2850 5418 2949 5487 τὴν
2989 5418 3190 5490 ἀρχήν.
3232 5417 3290 5472 Ὀ
3349 5417 3409 5471 δέ
3464 5416 3784 5473 τούναντίον

1622 5586 1863 5647 VARI/ﬂ
1903 5591 2288 5655 LECTIONES
2330 5600 2419 5657 ET
2444 5602 2681 5662 NOTAE.

577 5693 688 5778 (l_9)
720 5695 840 5765 Τίμ.
877 5695 1135 5778 .Lacunte
1162 5699 1566 5778 vestigium,_in
1596 5719 2089 5778 ms._expressum,

506 5765 743 5846 credere
763 5768 1052 5846 me‘jubet,
1088 5765 1441 5846 scribendum
1474 5772 1653 5846 fuisse
1673 5775 1726 5827 τί
1760 5765 1886 5846 μὲν.

508 5834 691 5916 Νβθ)
732 5834 1113 5916 Ἀνάκτορονί.
1148 5838 1265 5893 Vox
1312 5841 1430 5895 haec
1471 5844 1692 5913 proprie
1746 5834 1967 5915 quidem
2025 5848 2094 5905 de

508 5904 898 5964 Dioscurorum
933 5904 1162 5977 templo,
1194 5916 1309 5965 tum
1360 5904 1490 5969 vero
1520 5904 1822 5982 generatim
1855 5918 1923 5973 de
1965 5921 2097 5976 reli-

2181 5716 2323 5793 quis
2349 5719 2890 5793 omnibususurpari
2939 5739 2968 5778 a
2997 5720 3202 5778 Graecis
3237 5723 3398 5780 solet.
3456 5723 3593 5779 Vide
3633 5724 3773 5782 Eze-

2185 5787 2424 5864 chielem
2467 5787 2889 5864 Spanhemium,
2927 5797 2997 5851 ad
3048 5794 3284 5864 hymnos
3332 5796 3653 5853 Callimachi
3717 5800 3776 5854 in

2185 5856 2522 5929 Apollinem,
2553 5878 2606 5917 ν.
2641 5863 2727 5919 76.
