4022 6392
137 374 260 443 2‘29

1178 374 1476 438 CONTRA
1514 370 1978 435 MANICHIEOS
2019 376 2260 439 LIBER
2295 376 2395 440 IV.

3323 377 3432 442 230

142 490 303 545 ἇπαν
331 488 547 545 ὲκτελεῖ
564 487 632 545 δι’
659 489 838 562 ἔργων
860 488 1042 544 αὐτῶν
1072 488 1311 561 ἐλέγχων
1347 490 1477 555 τοὺς
1497 490 1738 556 ἀσεϐεῖς.

1865 493 2024 548 niues
2052 490 2252 564 impios
2282 493 2666 566 castigaturns.
2710 492 2828 550 Non
2874 495 3048 551 solum
3090 494 3237 550 enim
3280 495 3427 549 nulla

144 582 228 634 υύ
262 580 374 653 γάρ
419 583 583 654 μόνον
614 584 768 639 οὐδὲν
811 584 911 638 οὐκ
948 570 1163 655 ἀφῆκεν
1222 582 1562 653 ὑϐριστικὸν,
1604 583 1741 637 ἀλλά

144 673 249 726 καὶ
277 675 405 739 τοὺς
436 675 514 749 μή
541 675 663 730 λίαν
714 676 1079 747 τετιμηκότας
1134 675 1388 730 ὲκϐἀλλει
1420 694 1482 730 τε
1514 676 1607 730 καὶ
1634 675 1741 729 an.

159 765 381 821 ελαύνει
412 767 512 823 σὺν
537 768 761 841 ἀπειλῇ,
791 768 1009 840 καὶτῆς
1048 770 1241 843 ὀργῆς,
1268 770 1403 841 ὅσης
1425 764 1570 842 ἦσαν
1600 768 1743 834 ἄξιοι

150 859 514 933 βεϐηλοῦντες
536 863 630 917 τὸν
654 858 803 918 οἶκον
842 863 937 918 τοῦ
967 866 1177 936 πατρὸς
1201 865 1382 919 αὐτῶν
1428 863 1741 935 παριστῶν,

149 952 484 1025 φραγέλλιόν
538 953 606 1010 τέ
638 955 751 1028 (2i)
817 956 1069 1028 σχοινίων
1106 952 1415 1023 διαπλέκει,
1446 957 1544 1012 καὶ⁸
1583 957 1746 1011 τοῦτο

149 1043 368 1111 τούτοις
396 1047 835 1115 ὲπανατείνεται,
866 1049 961 1103 καὶ
987 1049 1050 1103 οὐ
1074 1049 1234 1104 τοῦτο
1265 1049 1453 1121 μόνον,
1486 1048 1622 1103 ἀλλὰ
1648 1048 1745 1103 καὶ

149 1132 256 1197 τὰς
273 1136 553 1206 τραπέζας
578 1138 688 1192 τῶν
714 1138 1104 1208 κολλυϐιστῶν,
1140 1135 1302 1196 αὗται
1330 1140 1377 1195 δ’
1410 1140 1478 1196 ἂν
1511 1137 1620 1194 εἷεν
1644 1182 1659 1206 ,
1685 1139 1743 1194 αἳ

148 1224 216 1279 τὸ
249 1227 349 1297 τῆς
374 1227 617 1299 ἀλλαγῆς
666 1231 931 1303 ἀργύριον
976 1232 1073 1285 καὶ
1121 1235 1191 1287 τὰ
1224 1233 1481 1305 κέρματα
1522 1231 1742 1302 ἔφερον,

152 1316 243 1386 ἐφ’
263 1315 344 1382 οἷς
372 1321 467 1373 καὶ
494 1321 596 1387 τὰς
628 1323 900 1396 καθέδρας
949 1324 1057 1379 τῶν
1098 1324 1424 1379 πωλούντων
1456 1324 1558 1386 τὰς
1584 1341 1745 1396 περι-

155 1411 361 1481 στεράς
392 1412 575 1485 ἢτοὺς
625 1414 752 1485 βοῦς
771 1432 788 1449 ·
839 1417 890 1470 εί
938 1417 1119 1488 βούλει
1152 1416 1211 1471 δὲ
1255 1418 1351 1471 καὶ
1375 1415 1445 1471 τὰ
1474 1416 1744 1488 πρόϐατα,

154 1502 531 1573 καταστρέφει
552 1504 688 1585 (22).
722 1508 831 1561 Καὶ
872 1508 974 1566 οὐκ
1005 1507 1212 1578 ἔπραξε
1246 1508 1347 1579 μὲν
1382 1507 1556 1563 ταῦτα
1580 1523 1595 1539 ο
1629 1508 1746 1562 ἐσί-

154 1609 298 1663 γησε
341 1594 420 1649 δέ.
469 1597 536 1651 Ἦ
572 1599 674 1652 οὐκ
725 1600 953 1671 ἐσίγησε
1007 1601 1128 1672 μὲν,
1184 1601 1273 1655 διὰ
1317 1600 1633 1672 παραϐολῆς
1690 1600 1748 1656 δὲ

156 1684 499 1755 ἐφθέγξατο·
540 1689 667 1760 ἦοῦ
690 1691 852 1746 τοῦτο
892 1693 1016 1764 μὲν,
1071 1695 1135 1747 ού
1192 1695 1291 1748 σὺν
1325 1695 1614 1767 παρρησίᾳ.
1665 1693 1743 1749 δέ.

158 1778 274 1831 Καὶ
294 1779 380 1843 τίς
406 1779 474 1835 ἂν
500 1782 660 1847 ἀλλος
690 1783 776 1857 εἴη
801 1787 1137 1858 σαφέστερος
1168 1788 1348 1857 λόγος,
1372 1788 1406 1859 ἢ
1441 1789 1507 1859 τῇ
1533 1789 1749 1858 παρρτΓ

160 1870 258 1942 σία
285 1874 530 1944 κρατῶν,
560 1875 651 1931 ἴνα
682 1877 755 1950 μή
778 1880 866 1942 τις
897 1879 994 1934 καὶ
1027 1878 1137 1933 τῶν
1177 1881 1506 1951 κακουργεῖν
1555 1879 1749 1949 σοφίαν

160 1964 528 2034 ποιουμένων,
570 1968 827 2041 ἀφορμήν
864 1971 1030 2043 ἄλλην
1072 1970 1254 2043 ἑαυτῷ
1287 1970 1750 2041 διαπλαττόμενος

160 2056 244 2118 είς
281 2056 501 2129 ἐκείνην
546 2059 657 2113 τῶν
693 2063 1102 2134 πεπραγμένων
1131 2065 1349 2136 ἀνάπτῃ
1380 2064 1479 2135 τὴν
1531 2064 1749 2118 αἰτίαν·

162 2145 283 2200 ἀλλ’
313 2149 431 2220 ἅμα
458 2167 516 2204 τε
539 2153 828 2223 εἰργάζετο
850 2154 1028 2210 ταῦτα
1051 2156 1111 2211 τὸ
1161 2158 1430 2229 πατρικὸν
1472 2157 1617 2227 ἱερὸν
1652 2158 1753 2227 τῆς

159 2240 275 2295 τῶν
310 2241 584 2299 Ἰουδαίων
615 2245 907 2318 ὀλιγωρίας
948 2249 1338 2322 ἀποκαθαίρων
1377 2252 1473 2305 καὶ
1520 2251 1756 2321 ἀφαγνι-

163 2334 418 2405 ζόμενος.
464 2340 575 2392 Καὶ
607 2340 860 2412 χρησμὸν
915 2341 1175 2415 ἐπέφερε,
1223 2342 1497 2416 λαμπρῶς
1526 2344 1621 2397 καὶ
1656 2343 1755 2398 σὺν

165 2433 461 2505 παρρησίᾳ
492 2427 786 2503 διδάσκων,
823 2437 919 2491 καὶ
946 2439 1046 2510 τῆς
1070 2440 1299 2510 ἀπειλῆς
1328 2440 1546 2510 καὶτῆς
1581 2458 1754 2494 κατα-

165 2525 413 2595 στροφῆς
448 2526 556 2580 τῶν
586 2530 684 2599 τῆς
713 2530 988 2601 ἐμπορίας
1022 2532 1314 2603 τραπεζῶν
1346 2533 1441 2587 καὶ
1474 2532 1755 2605 καθεδρῶν

164 2614 268 2685 τὴν
295 2615 496 2671 αἰτίαν.
543 2616 608 2671 '0
639 2615 804 2687 οἶκός
825 2639 946 2691 μου
990 2622 1121 2694 γὰρ,
1154 2627 1341 2695 φησὶν,
1377 2619 1543 2689 οἶκος
1571 2638 1758 2693 προσ-

164 2703 366 2773 ευχῆς
427 2708 822 2778 κληθήσεται,
862 2710 1034 2780 ὑμεῖς
1090 2711 1159 2764 δὲ
1205 2712 1393 2766 αὐτὸν
1429 2710 1757 2779 ἐποιήσατε

166 2796 485 2867 σπήλαιον
502 2801 751 2871 λῃστῶν
775 2821 789 2833 ·
822 2799 972 2858 οἷκον
994 2808 1305 2878 προσευχῆς
1332 2806 1426 2858 καὶ
1446 2804 1582 2859 Θεοῦ
1609 2800 1759 2857 οἷκον

165 2891 263 2944 τὸν
291 2894 517 2963 νομικὸν
554 2895 649 2948 καὶ
679 2894 833 2960 εἰδὼς
863 2897 956 2950 καὶ
984 2898 1269 2968 ὀνομάζων
1298 2898 1446 2952 ναόν.
1482 2899 1593 2953 Καὶ
1614 2898 1758 2952 ὲκδισι

170 2983 301 3045 κῶν
328 2984 492 3039 αὑτὸν
535 2986 959 3060 βεϐηλούμενον,
1005 2989 1141 3044 διότι
1171 2975 1231 3044 τε
1270 2990 1364 3045 τοῦ
1393 2990 1602 3061 ἀγαθοῦ
1651 3010 1762 3047 πα-

169 3075 300 3148 τρὸς
326 3071 418 3147 ἦν,
449 3078 545 3132 καὶ
581 3078 715 3133 διότι
750 3082 846 3134 καὶ
874 3082 1066 3146 αὑτοῦ,
1113 3083 1277 3156 εῖπερ
1304 3084 1525 3139 ἅπαντα
1562 3086 1631 3138 τὰ
1664 3084 1759 3139 τοῦ

1844 588 1977 643 illud
2004 588 2203 659 injuria
2230 588 2439 657 affecit,
2472 590 2568 646 sed
2590 606 2707 656 eos,
2739 592 2833 661 qui
2864 607 2971 646 non
3005 593 3138 649 satis
3170 607 3429 647 reveren-

1846 690 1932 737 ter
1959 682 2014 737 id
2048 682 2394 750 habuerant,
2444 683 2594 754 ejicit
2640 692 2848 739 etcum
2883 684 3316 739 comminatione
3336 698 3437 737 ex-

1844 774 2017 845 pellit,
2049 775 2184 830 iram
2229 792 2476 846 quoque,
2509 792 2615 847 qua
2650 777 2800 847 digni
2854 786 3012 832 erant
3048 776 3434 846 profanatores

1844 869 2034 939 templi
2067 868 2247 924 Patris
2277 870 2400 935 sui,
2427 870 2825 931 declaraturus,
2876 868 3251 939 flagellum-ex
3284 865 3435 921 funi-

1846 959 1984 1015 culis
2031 959 2422 1030 complicatum
2468 959 2603 1030 ipsis
2636 958 2886 1014 infert".
2939 959 3051 1013 Nec
3104 958 3159 1012 in
3195 958 3303 1013 hoc
3340 972 3435 1012 ac-

1845 1050 2139 1122 quiescens
2184 1054 2649 1121 mensas‘quoque
2683 1051 3203 1116 nummulariorum,
3250 1049 3302 1105 id
3325 1057 3433 1112 est,

1846 1160 1939 1200 eas
1961 1159 2083 1213 quae
2105 1153 2391 1214 argentum
2429 1141 2818 1214 permutationi
2848 1152 3038 1213 aptum
3067 1156 3435 1212 nummosque

1846 1235 2118 1301 ferebant,
2148 1237 2377 1304 insuper
2403 1250 2536 1289 vero
2563 1234 2729 1289 etiam
2753 1232 2915 1287 sellas
2952 1232 3306 1287 vendentium
3336 1246 3434 1286 co-

1845 1329 2060 1384 lumbas
2088 1338 2183 1384 aut
2205 1328 2395 1392 boves,
2426 1326 2537 1381 imo
2560 1335 2617 1381 et
2649 1340 2802 1389 oves,
2824 1324 3045 1380 evertit.
3104 1325 3281 1394 Atque
3318 1323 3437 1378 haec

1846 1421 2068 1492 quidem
2120 1436 2232 1475 non
2268 1428 2479 1475 tantum
2528 1417 2679 1482 fecit,
2704 1426 2760 1473 et
2794 1416 2975 1484 siluit;
3021 1416 3137 1488 ipsa
3175 1416 3264 1470 illa
3306 1431 3437 1486 par-

1846 1514 2030 1569 rhesia
2087 1513 2331 1585 quidem,
2391 1512 2489 1567 sed
2542 1526 2642 1580 per
2694 1507 2984 1580 parabolas
3037 1506 3192 1576 quasi
3255 1516 3459 1561 enun-'

1849 1605 2026 1668 tiavit,
2063 1612 2159 1658 aut
2187 1603 2377 1658 ethoc
2407 1601 2556 1665 fecit,
2592 1600 2688 1655 sed
2716 1599 2837 1655 sine
2859 1596 3123 1668 loquendi
3159 1596 3432 1652 libertate.

1850 1695 1964 1750 lmo
1988 1705 2082 1750 aut
2115 1710 2223 1749 non
2257 1693 2429 1759 siluit,
2480 1698 2806 1763 argumento
2850 1698 2935 1744 est
2980 1687 3436 1751 luculentissimo,

1849 1790 2130 1847 Christum
2166 1788 2432 1852 noluisse,
2470 1794 2532 1841 ut
2559 1785 2851 1856 quisquam
2900 1798 3114 1844 eorum,
3151 1782 3243 1852 qui
3279 1781 3438 1836 mali-

1856 1887 2120 1959 gnitatem
2148 1900 2251 1956 pro
2285 1881 2554 1954 sapientia
2582 1880 2819 1946 habent,
2850 1878 3013 1933 aliam
3060 1875 3162 1932 sibi
3195 1874 3439 1931 occasio-

1855 1995 1980 2034 nem
2015 1986 2340 2049 prartexens,
2373 1976 2429 2029 in
2463 1975 2611 2029 illam
2634 1972 2759 2029 facti
2790 1986 3015 2028 causam
3042 1969 3279 2026 referat?
3314 1969 3441 2024 ideo

1855 2082 1910 2128 et
1934 2072 2171 2128 faciebat
2198 2085 2295 2137 ea,
2336 2069 2516 2125 Patris
2566 2068 2648 2125 sui
2708 2066 2976 2137 templum
3024 2080 3055 2119 a
3109 2062 3441 2135 negligentia

1853 2162 2169 2219 Judzeorum
2240 2162 2486 2216 immune
2557 2170 2613 2216 et
2665 2159 2936 2216 illibatum
2985 2157 3331 2221 redditurus;
3386 2163 3443 2209 et

1855 2256 2143 2311 oraculum
2201 2253 2555 2323 sulijiciebat,
2597 2268 2723 2308 cum
2780 2250 3110 2307 auctoritate
3160 2256 3215 2303 et
3268 2248 3444 2303 libere

1858 2357 2082 2397 causam
2116 2341 2356 2397 reddens
2386 2348 2442 2396 et
2476 2340 2943 2408 comminationis,
2990 2349 3046 2394 et
3079 2339 3195 2405 irae,
3226 2346 3283 2394 et
3310 2338 3445 2393 sub-

1856 2433 2132 2491 versionis
2182 2448 2503 2489 mensarum
2556 2448 2622 2488 ac
2668 2432 2951 2498 sellarum,
3006 2447 3128 2501 quae
3178 2430 3245 2486 ad
3302 2445 3449 2485 nun-

1857 2525 2192 2581 dinationem
2223 2525 2567 2594 spectabant.
2613 2524 2814 2577 Domus
2858 2522 3004 2578 enim
3065 2539 3204 2587 mea,
3244 2520 3444 2591 inquit,

1858 2618 2043 2671 domus
2074 2617 2409 2687 precationis
2456 2614 2735 2670 vocabitur
2764 2629 2784 2668 :
2818 2630 2906 2668 vos
2945 2630 3066 2668 vero
3083 2630 3203 2668 eam
3250 2613 3447 2685 fecistis

1860 2710 2169 2780 speluncam
2224 2709 2598 2773 latronum”;
2645 2706 2737 2762 ubi
2770 2708 2991 2761 domum
3032 2705 3363 2777 precationis
3390 2713 3449 2761 et

1862 2802 1959 2857 Dei
1996 2802 2220 2858 domum
2262 2800 2527 2871 templum
2559 2808 2614 2854 et
2682 2797 2931 2869 agnoscit
2950 2798 3260 2868 etappellat
3287 2797 3447 2862 illud,

1861 2893 2005 2963 quod
2036 2893 2138 2948 sub
2156 2893 2273 2963 lege
2291 2900 2629 2945 exstructum
2652 2898 2793 2953 erat,
2822 2887 3075 2957 idemque
3102 2886 3450 2958 profanatum

1861 2985 2125 3048 vindicat,
2172 2968 2249 3038 eo
2280 2982 2427 3053 quod
2478 2990 2533 3037 et
2583 2980 2714 3036 boni
2766 2979 2948 3035 Patris
2993 2988 3134 3044 erat,
3179 2991 3235 3034 et
3288 2994 3449 3034 suum

1863 3079 2058 3150 ipsius,
2090 3094 2214 3133 cum
2245 3076 2429 3131 omnia
2452 3117 2465 3142 ,
2496 3091 2619 3144 qua:
2650 3072 2828 3129 Patris
2871 3082 3039 3138 sunt,
3076 3080 3134 3127 et
3175 3086 3274 3137 sua
3318 3070 3450 3127 sint.

172 3169 393 3255 Πατρός
422 3171 541 3224 ἐστι
579 3172 678 3227 καὶ
701 3174 888 3229 αὑτοῦ.
921 3176 1031 3231 Καί
1057 3194 1140 3255 τοι
1166 3176 1311 3249 πόση
1340 3196 1426 3241 τις
1457 3180 1491 3249 ή
1522 3179 1760 3252 βεϐήλω-

1865 3173 1931 3228 Ει
1954 3189 2116 3243 quam
2170 3172 2402 3242 exigua,
2464 3184 2687 3240 quaeso,
2742 3178 2860 3224 erat
2892 3167 2996 3222 ista
3044 3165 3373 3237 profanatio,
3420 3182 3453 3221 a

174 3275 265 3323 σις
291 3254 360 3332 ἦν
387 3262 655 3332 ἀργυρίου
689 3262 845 3330 ξύλον
873 3266 968 3320 καὶ
992 3254 1287 3339 κερμάτων
1318 3268 1502 3337 πίναξ,
1535 3272 1594 3325 ὲν
1628 3265 1673 3339 ᾧ
1700 3272 1762 3325 τὸ

173 3348 288 3403 τῶν
311 3349 529 3421 ἀλόγων
574 3354 731 3418 ζώων
783 3356 1144 3429 ἀντάλλαγμα
1192 3360 1582 3416 κατεϐάλλετο.
1622 3361 1763 3414 Ἀλλ’

177 3442 354 3506 οῦτως
394 3444 512 3516 ᾔδει
537 3447 658 3500 τότε
687 3448 959 3521 τοσαύτης
987 3450 1117 3504 ὀντα
1151 3452 1320 3523 τιμῆς
1360 3454 1454 3507 καὶ
1478 3452 1766 3517 εὐλαϐείας

179 3536 333 3601 ἀξιον
358 3539 449 3592 τὸν
481 3540 630 3606 ναὸν,
682 3541 759 3607 ὡς
803 3543 941 3614 μηδὲ
980 3545 1044 3598 τὸ
1084 3544 1424 3615 βραχύτατον
1475 3545 1767 3616 ἀνέχεσθαι

179 3629 295 3685 τῶν
333 3630 439 3699 ἔξω
492 3636 806 3691 πιπτόντων
834 3637 934 3708 τῆς
987 3637 1347 3710 ὀφειλομένης
1394 3639 1543 3712 αύτῷ
1598 3639 1770 3709 τιμῆς

182 3727 535 3795 παραχωρεῖν
566 3744 687 3781 τινα
717 3728 924 3799 τολμᾷν
952 3731 1033 3794 είς
1077 3729 1274 3785 αύτόνί
1300 3730 1365 3783 Τί
1411 3729 1624 3799 λέγειςς
1674 3730 1768 3785 τὸν

182 3811 331 3866 οὕτω
358 3815 663 3885 τιμηθέντα
701 3819 828 3873 ναὸν
848 3819 952 3873 ὑπὸ
979 3818 1076 3874 τοῦ
1111 3820 1363 3892 Σωτῆρος
1398 3821 1558 3892 ήμῶν
1590 3821 1768 3893 Ἰησοῦ

183 3906 449 3977 Χριστοῦ,
486 3909 584 3962 καὶ
611 3911 738 3974 τοὺς
781 3910 1249 3984 ἐπιχειρήσαντας
1276 3915 1482 3986 τρόπον
1524 3915 1647 3968 τινὰ
1675 3914 1768 3985 βε-

183 3997 407 4067 ϐηλοῦν,
428 3999 763 4072 τηλικαύτης
791 4003 1151 4074 ἀποφήναντα
1176 4005 1366 4075 ὀργῆς,
1404 4007 1510 4076 ἀρα
1534 4006 1622 4075 εἴη
1643 4007 1771 4069 τοὺς

182 4090 287 4143 οῦκ
326 4092 413 4145 ἐπ’
448 4093 682 4165 ἐργασίᾳ
720 4095 860 4168 μόνῃ
922 4099 1075 4169 κοινῇ
1131 4097 1398 4167 βεϐηλοῦν
1428 4098 1771 4168 ἐπαρθέντας

183 4186 372 4249 αὑτὸν,
412 4187 528 4241 ἀλλ’
559 4189 682 4243 ὅλον
709 4191 883 4243 διόλου
919 4191 1129 4260 μύσους
1160 4194 1406 4266 ἀρρήτου
1449 4193 1546 4247 καὶ
1585 4193 1772 4264 βδελυ-

186 4279 312 4349 ρίας
337 4279 750 4351 ἀνυπερϐλήτου
785 4283 1131 4354 πληροῦντας
1171 4286 1357 4349 αὑτὸν,
1389 4285 1562 4350 οὕτως
1605 4289 1767 4342 ἀνευ-

186 4369 393 4436 θύνους,
414 4372 650 4444 ἀφήσειν
676 4373 877 4439 αύτούς
900 4393 915 4442 ;
942 4377 1052 4431 Καὶ
1090 4377 1195 4431 ποῦ
1222 4377 1288 4432 ἂν
1326 4380 1412 4450 εἴη
1435 4380 1594 4433 τοῦτο
1622 4380 1772 4449 λογι-

1865 3280 2053 3320 mensa
2078 3262 2387 3334 argentaria
2423 3271 2479 3317 et
2501 3260 2939 3317 numulariorum
2977 3260 3157 3315 tabula
3185 3258 3453 3329 profecta.

1867 3359 1921 3414 in
1953 3372 2059 3428 qua
2108 3354 2392 3426 praemium
2422 3369 2521 3425 pro
2558 3352 2864 3425 pecudibus
2894 3352 3301 3406 irrationalibus
3326 3366 3451 3421 per—

1868 3448 2206 3505 solvebatur.
2236 3445 2342 3501 Sed
2378 3446 2515 3501 adeo
2557 3444 2675 3516 ipse
2715 3453 2949 3499 noverat
2995 3443 3260 3513 templum
3303 3452 3458 3499 tanto

1870 3541 2082 3597 honore
2134 3547 2191 3594 et
2250 3536 2563 3602 reverentia.
2604 3536 2866 3608 dignum,
2916 3545 2976 3589 ut
3036 3551 3108 3590 ne
3166 3535 3457 3590 minimum

1871 3632 2096 3703 quidem
2126 3633 2270 3686 ferre
2318 3637 2508 3700 posset
2551 3643 2765 3693 eorum,
2811 3643 2934 3697 qua:
2983 3625 3271 3696 quisquam
3314 3625 3456 3681 infra

1872 3726 2139 3791 honorem
2189 3722 2291 3793 ipsi
2341 3721 2584 3777 debitum
2655 3718 2901 3774 auderet.
2962 3718 3220 3788 Nunquid
3260 3726 3455 3788 putas,

1874 3818 2223 3872 Servatorem
2246 3823 2494 3868 nostrum
2526 3811 2715 3866 Jesum
2746 3810 3049 3874 Christum,
3072 3809 3163 3881 qui
3192 3808 3457 3880 templum

1872 3909 2012 3964 adeo
2049 3908 2105 3962 in
2136 3906 2315 3977 pretio
2356 3903 2584 3970 habuit,
2621 3912 2787 3973 atque
2826 3918 2957 3968 eos,
2984 3902 3075 3974 qui
3108 3901 3159 3957 id
3197 3901 3462 3972 quodam-

1873 4004 2040 4056 modo
2090 3999 2386 4070 profanare
2431 3994 2671 4068 aggressi
2724 4004 2904 4060 erant,
2958 4004 3109 4049 tanta
3149 3994 3229 4049 ira
3269 3994 3463 4065 dignos

1876 4109 2270 4184 pronuntiavit,
2306 4109 2442 4163 istos
2472 4106 2749 4171 homines,
2797 4105 2889 4175 qui
2918 4120 3029 4160 non
3076 4112 3289 4159 tantum
3332 4119 3464 4174 pro-

1876 4208 2001 4263 fana
2030 4205 2266 4276 quadam
2290 4200 2698 4257 nundinatione
2730 4199 2782 4253 id
2813 4200 3104 4267 profanare
3148 4196 3265 4251 ausi
3308 4206 3462 4263 sunt,

1877 4298 1971 4353 sed
1997 4305 2193 4361 totum,
2217 4301 2483 4364 quantum
2514 4298 2619 4354 est,
2654 4287 2880 4343 infando
2900 4288 3109 4358 ﬂagitio
3138 4296 3195 4341 et
3223 4286 3463 4341 incredi-

1878 4391 1972 4447 bili
2023 4389 2233 4445 scelere
2283 4384 2685 4456 inquinarunt,
2750 4380 3051 4451 impunitos
3105 4379 3462 4434 dimissurum

186 4464 349 4533 σμοῖς
379 4463 661 4535 νηφόντων
703 4465 888 4520 λαϐεῖν
946 4468 1208 4537 δυνατόν;
1264 4472 1547 4527 Ἐντεῦθεν
1602 4474 1659 4527 δὲ
1705 4473 1760 4528 ἂι

1879 4479 2034 4535 esse?
2076 4476 2363 4544 Quomodo
2398 4473 2483 4528 vel
2523 4471 2804 4527 somnians
2844 4470 2961 4525 haac
2996 4467 3102 4524 sibi
3130 4469 3465 4539 persuadere

189 4556 324 4620 ῐδοις
353 4556 454 4611 ούκ
475 4558 695 4612 ἔλαττον
721 4560 865 4631 ἤδιά
899 4535 1337 4635 προειρημένων,
1365 4566 1496 4637 ὅσης
1528 4566 1652 4620 τότε
1683 4568 1760 4621 δό-

1879 4535 2225 4643 posset?~Sed
2252 4576 2308 4622 et
2338 4566 2466 4621 hinc
2500 4580 2608 4619 non
2642 4562 2846 4623 minus.
2888 4576 3053 4630 quam
3100 4535 3167 4615 ex
3189 4560 3467 4630 praedictis

188 4647 291 4718 ξης
317 4649 413 4702 καὶ
435 4649 602 4721 τιμῆς
621 4650 770 4718 ἄξιος
790 4654 819 4706 ὁ
849 4654 1058 4725 Μωσῆς
1090 4655 1182 4709 καὶ
1237 4658 1299 4710 τὸ
1324 4656 1434 4710 τῶν
1469 4660 1770 4730 προφητῶν

193 4738 469 4811 μακάριον
506 4737 817 4814 σύνταγμα,
853 4746 948 4799 καὶ
984 4745 1069 4800 ὅτι
1121 4745 1413 4818 σύμφωνος
1456 4750 1485 4803 ὀ
1511 4750 1675 4819 νόμος
1701 4752 1770 4822 τῇ

225 4834 401 4890 ἀοιτι.
560 4874 563 4875 ν
863 4878 883 4890 .

225 4851 261 4888 α
304 4851 401 4889 ιτι.
560 4874 563 4875 ν
863 4878 883 4890 .

188 4851 225 4904 χ
262 4851 389 4984 lpiA'.
422 4927 728 5001 Πληρώσας
756 4893 1000 5004 γάρπήν
1043 4932 1359 5004 οἰκονομίαν
1394 4934 1424 4987 ὀ
1471 4926 1779 5008 φιλάνθρωο

185 5036 293 5083 πος
328 5020 488 5091 ήμῶν
526 5020 624 5077 καὶ
655 5022 858 5093 ἀγαθὸς
890 5024 1044 5090 Θεὸς,
1091 5024 1186 5081 καὶ
1219 5024 1317 5098 τήν
1350 5027 1511 5098 νίκην
1555 5028 1654 5099 ήδη
1683 5029 1780 5098 φέ-

188 5124 301 5185 ρων
334 5115 480 5170 κατά
505 5133 571 5187 γε
618 5116 710 5171 τοῦ
741 5117 978 5172 θανάτου
1022 5118 1116 5171 καὶ
1177 5116 1344 5172 αὐτοῦ
1377 5117 1472 5172 τοῦ
1510 5118 1780 5191 προξενή-

265 5256 310 5290 ¹⁸
333 5254 490 5314 Joan.
527 5272 591 5323 tt,
634 5256 724 5322 15,
800 5257 1058 5314 “Matth.
1088 5274 1201 5327 xxx,
1234 5258 1323 5316 15.

1879 4664 2183 4735 intelligas,
2212 4675 2323 4731 quo
2350 4660 2560 4714 honore
2588 4665 2643 4710 ct
2677 4655 2825 4710 cultu
2860 4653 3070 4718 Moses,
3119 4661 3175 4707 et
3208 4650 3465 4707 beatissi-

1879 4770 2004 4810 mus
2046 4752 2442 4823 prophetarum
2487 4755 2665 4803 ccelus
2714 4744 2934 4800 habitus
2979 4744 3165 4808 fuerit,
3211 4742 3467 4813 quodque

1876 4847 1968 4902 lex
1998 4860 2121 4899 cum
2155 4843 2327 4915 gratia
2360 4840 2681 4897 concordet.

1951 4935 2145 4993 XXIV.
2186 4935 2321 4990 Cum
2349 4933 2496 4989 enim
2531 4934 2691 4996 Deus,
2714 4937 2909 4985 noster
2938 4925 3224 4982 hominum
3271 4941 3470 4982 aman-

1879 5031 2125 5087 tissimus
2175 5035 2232 5082 et
2279 5027 2524 5096 optimus
2567 5023 2745 5078 ofﬁcio
2788 5036 2891 5075 suo
2940 5017 3263 5089 perfunctus
3302 5030 3467 5084 esset,

1881 5121 2279 5190 victoriamque
2308 5118 2577 5173 illustrem
2610 5130 2640 5169 a
2665 5119 2862 5179 morte,
2902 5117 2960 5167 et
2983 5125 3072 5177 eo,
3106 5109 3198 5181 qui
3237 5111 3473 5167 homini-

1298 5434 1537 5492 VABMS
1568 5431 1955 5490 LECTIONES
1992 5430 2082 5486 ET
2116 5429 2352 5486 NOTAE.

267 5574 380 5644 (ἳὶ)
415 5576 844 5647 Φραγγέλλιον.
889 5577 966 5633 lta
1017 5592 1362 5633 communem
1426 5574 1781 5646 scriptionem
1841 5590 1845 5595 ·

189 5647 462 5718 approbat
500 5658 708 5718 noster,
748 5662 847 5716 pro
871 5664 977 5718 qua
1012 5663 1155 5702 unus
1189 5649 1394 5703 alterve
1419 5648 1611 5710 codex,
1645 5654 1782 5700 teste

193 5711 390 5789 Millio,
440 5716 672 5789 exhibet
693 5711 1061 5789 ’φραγγ’έλιον.
1101 5718 1243 5789 Lege
1269 5734 1391 5788 quae
1438 5718 1506 5773 de
1555 5726 1760 5789 utraqin

1889 5712 2224 5789 κατέστρεψε
2270 5726 2371 5789 p_ro
2418 5711 2649 5789 vulgato
2669 5711 2989 5789 ἀνέστρεψε,

190 5786 495 5868 scriptione
524 5787 705 5842 attulit
721 5786 1040 5868 thdAolohus
1070 5786 1354 5855 Kusterus,
1379 5789 1446 5844 ad
1469 5787 1783 5857 Aristopha-

194 5861 277 5912 nis
318 5858 640 5915 Acharncm.
671 5874 724 5915 v.
752 5857 891 5916 720..
1442 5900 1445 5903 -

1958 5562 2072 5648 (τε)
2122 5569 2554 5648 Καταστρέφες,
2587 5567 2705 5648 ἰω-
2743 5567 2964 5648 videtur
3010 5575 3202 5648 noster
3238 5563 3473 5648 probare

1886 5635 2178 5699 lectionem
2229 5635 2395 5696 unius
2427 5635 2631 5696 codicis
2682 5638 3120 5702 Leicestriensis,
3161 5635 3253 5706 qui
3310 5635 3474 5706 habet

3072 5704 3191 5762 uod‘
3210 5704 3476 5759 Lamber-

1892 5795 1981 5839 tns
2026 5773 2141 5853 Bo's
2171 5773 2234 5835 in
2272 5773 2563 5837 Exercitu}.
2593 5773 2926 5853 p/tilologi'cis:
2959 5781 3016 5833 in
3042 5773 3247 5834 Novum
3275 5773 3472 5829 Sardus

1893 5867 2017 5910 cum
2049 5852 2314 5925 ἀνέτρεψε
2350 5851 2723 5925 permutatum
2752 5851 3028 5921 cupiebat.
