4022 6404
550 399 656 468 231

1721 396 1987 459 PHOTII
2028 396 2537 458 ΡΑΤΠῘΛΒΟΗᾹΞ
2576 400 2683 460 CP.

3722 409 3829 475 232

553 515 661 571 bus
732 522 967 570 mortem
1012 512 1431 580 conciliaverat,
1484 511 1801 577 retulisset,
1853 522 2140 582 postquam

2249 527 2442 573 σαντος
2481 510 2563 583 τῷ
2586 512 2733 583 γένει
2754 512 2846 569 τὸν
2872 514 3103 571 θάνατον
3155 516 3418 590 λαμπρὰν
3466 519 3603 591 (23),
3636 522 3830 599 ἐπειδὴ

556 617 735 665 morte
778 608 1008 679 spoliata
1050 617 1469 673 resurrcxerat,
1520 615 1578 662 et
1628 621 1829 676 corpus
1868 614 2027 661 antea
2074 603 2144 659 ab

554 701 737 756 anima
764 701 1084 771 seiunctum
1124 708 1443 770 receperat,
1498 708 1665 769 atque
1711 713 1837 752 cum
1890 697 2145 768 Cleophte

554 794 876 858 comitibus,
906 792 999 864 qui
1032 794 1325 848 Dominum
1370 808 1479 846 non
1516 791 1919 863 agnoscebant,
1956 805 2144 845 versa-

555 894 710 940 retur
730 886 812 952 ¹⁷;
846 886 997 956 ipsos
1038 885 1259 954 quidem
1295 884 1653 955 ignorantia,
1688 883 1775 938 vel
1809 881 1991 953 potius
2045 881 2145 936 im-

556 979 861 1049 prudentiae
909 988 964 1034 et
1008 978 1153 1033 circa
1212 992 1302 1032 res
1350 976 1476 1031 ﬁdei
1527 975 1871 1047 negligentia:
1920 976 2144 1035 nomine

556 1072 933 1142 reprehendit.
964 1070 1085 1125 Non
1116 1072 1227 1126 alio
1252 1086 1382 1127 vero
1412 1070 1653 1135 nomine,
1689 1087 1854 1142 quam
1892 1070 2038 1141 quod
2075 1070 2144 1125 ad

555 1164 842 1220 scientiam
906 1164 1251 1234 pertinebat,
1304 1162 1694 1233 reprehendit,
1773 1162 2025 1233 quamvis
2087 1162 2143 1217 in

556 1266 810 1327 promptu
854 1267 1037 1322 esset,
1090 1272 1291 1313 manus
1322 1256 1647 1319 ostendere,
1696 1266 1753 1311 et
1803 1257 2048 1312 dextram
2090 1266 2146 1312 et

556 1348 744 1418 pedes,
769 1349 864 1418 qni
893 1359 949 1405 et
976 1350 1257 1405 clavorum
1288 1354 1361 1404 'et
1402 1349 1605 1405 lancea:
1632 1349 1859 1421 vestigia
1889 1360 1945 1406 et
1989 1350 2144 1422 signa

556 1439 891 1507 referebant,
916 1456 1176 1510 eumque,
1206 1441 1300 1511 qui
1341 1456 1538 1512 passus
1570 1449 1711 1505 erat,
1741 1441 1859 1511 ipsa
1894 1443 1984 1496 illa
2021 1458 2146 1513 per-

552 1518 810 1601 pessione
858 1533 1277 1589 demonstrabat
1318 1556 1332 1591 :
1382 1535 1525 1590 sicut
1576 1543 1632 1590 et
1684 1545 1873 1606 postea
1926 1552 2025 1606 per
2081 1552 2142 1591 ea

556 1621 997 1679 incredulitatem
1049 1642 1077 1679 a
1138 1626 1425 1698 discipulis
1478 1628 1863 1683 dubitantibus
1914 1629 2141 1684 amolie-

554 1714 735 1770 batur.
775 1716 963 1787 Neque
1003 1718 1170 1772 etiam
1220 1719 1275 1773 in
1314 1720 1635 1776 memoriam
1689 1720 1791 1775 illis
1829 1723 2141 1789 revocabat,

553 1807 700 1876 qttod
730 1819 859 1863 ante
886 1810 1198 1878 passionem
1238 1811 1423 1867 adhuc
1466 1829 1589 1867 cum
1628 1813 1764 1883 ipsis
1802 1825 2049 1869 versatus
2081 1832 2141 1871 ea

553 1898 905 1968 pradixerit;
944 1916 1047 1957 nec
1088 1903 1428 1958 memorabat
1470 1904 1670 1975 quibus
1707 1906 1983 1962 miraculis
2021 1924 2141 1962 ser-

553 2005 779 2044 monum
800 2006 1026 2047 suorum
1052 1994 1340 2049 veritatem
1362 1996 1794 2065 comprobassct,
1814 2000 2062 2068 quamvis
2086 2007 2143 2054 ct

554 2080 661 2136 hoc
685 2081 813 2148 illis,
829 2083 1029 2152 quibus
1044 2084 1246 2140 deinde
1270 2088 1542 2157 apparuit,
1566 2102 1901 2145 recenseret.
1924 2091 2028 2146 Sed
2054 2093 2143 2145 ni-

554 2174 631 2228 hil
662 2173 858 2229 horum
880 2175 1013 2245 ipsis
1041 2178 1405 2247 proponebat,
1430 2195 1533 2236 nec
1556 2181 1723 2235 ullum
1749 2183 2004 2237 salutaris
2029 2200 2143 2239 sua}

553 2265 826 2334 passionis
869 2276 1213 2323 momentum
1259 2268 1394 2340 ipsis
1419 2270 1732 2341 objiciebat,
1777 2284 1871 2329 aut
1904 2292 2144 2345 expone-

553 2360 665 2427 bat,
695 2361 790 2416 sed
822 2370 1146 2419 ostensurus
1171 2363 1348 2434 quasi,
1382 2375 1437 2420 et
1464 2383 1593 2423 suos
1619 2384 1903 2425 sermones
1931 2378 1987 2425 et
2019 2387 2138 2442 pas-

551 2453 762 2508 sionem
785 2494 801 2519 ,
843 2463 899 2508 et
932 2453 1167 2510 Mosaica
1202 2472 1268 2512 ac
1298 2457 1621 2529 prophetica
1659 2463 1878 2517 oracula
1930 2463 1995 2517 ad
2046 2464 2144 2519 de-

550 2548 960 2604 monstrandam
1008 2550 1300 2605 veritatem
1355 2560 1412 2606 et
1464 2552 1815 2609 illustrandas
1855 2556 2141 2612 hominum

551 2649 765 2696 mentes
794 2640 1044 2697 suﬂicere
1079 2659 1096 2700 :
1129 2642 1250 2698 aliis
1285 2642 1527 2714 quidem,
1556 2647 1794 2701 ostensis
1824 2648 1881 2701 in
1912 2664 2144 2719 corpore

550 2732 823 2803 passionis
846 2749 958 2789 sua:
987 2734 1254 2807 vestigiis,
1286 2752 1408 2807 qua;
1435 2738 1553 2808 ipse
1576 2739 1926 2809 praedixerat,
1962 2757 2147 2796 resur-

552 2821 858 2876 rectionem
892 2838 1045 2877 suam
1082 2825 1461 2894 confirmavit;
1493 2827 1616 2882 aliis
1646 2845 1811 2894 vero,
1844 2831 1935 2900 qui
1975 2831 2142 2886 visio-

551 2926 679 2966 nem
722 2913 845 2983 ejus
873 2914 1059 2969 animo
1100 2928 1516 2988 prmceperant,
1567 2920 1719 2974 nullo
1750 2936 1974 2990 eorum,
2022 2940 2144 2996 qua:

553 3004 699 3059 dicta
727 3017 876 3069 sunt,
903 3008 1146 3078 seipsum
1177 3010 1262 3065 vel
1298 3011 1568 3078 revelans,
1602 3012 1689 3067 vel
1718 3013 1772 3069 in
1803 3016 2144 3089 objurgatio-

554 3112 682 3150 nem
709 3112 901 3151 eorum
933 3108 1115 3165 utens,
1149 3115 1213 3155 ex
1239 3102 1521 3172 prOphetis
1550 3115 1607 3160 et
1630 3103 1778 3162 Mose
1805 3107 2141 3179 objurgatio-

2245 603 2335 659 τὺν
2369 605 2601 661 θάνατον
2650 607 2955 674 σκυλεύσας
3004 609 3225 683 ἀνέστη,
3261 611 3448 667 καὶτὸ
3484 612 3670 685 σῶμα,
3693 616 3835 688 ὅπερ

2245 700 2345 771 τῆς
2373 701 2554 772 ψυχῆς
2585 701 2795 773 διέστη,
2836 703 3000 758 πάλιν
3038 704 3399 777 προσείληφε,
3454 708 3550 761 καὶ
3594 710 3709 772 τοῖς
3733 709 3836 781 μὲν

2246 792 2377 864 περί⁵
2400 792 2657 849 Κλεόπαν
2702 794 3013 850 ὀδοποιοῦσι
3074 798 3496 869 συνεπορεύετο,
3537 800 3589 853 οί
3638 800 3698 854 δὲ
3740 801 3839 855 τὸν

2246 886 2525 959 Δεσπότην
2550 886 2652 940 οὐκ
2685 887 3022 962 ἐγίνωσκονο
3073 890 3305 963 ἐπιτιμᾷ
3348 892 3451 963 μὲν
3496 892 3701 958 αὐτοὺς
3730 894 3843 964 τῆς

2246 977 2490 1048 ἀγνοίας,
2528 978 2732 1051 μᾶλλον
2749 980 2807 1035 δὲ
2830 980 2930 1052 τῆς
2951 982 3158 1048 ἀνοίας,
3184 985 3280 1038 καὶ
3305 978 3415 1055 ’τῆς
3452 984 3585 1057 περὶ
3610 985 3714 1057 τὴν
3747 986 3843 1039 πί-

2247 1090 2364 1127 στιν
2394 1072 2749 1147 βραδύτητος.
2786 1076 2901 1131 Οὐκ
2922 1076 3149 1132 ἄλλοθεν
3186 1078 3244 1134 δέ
3282 1079 3630 1151 ἐπιτίμησιν,
3672 1081 3707 1152 ἢ
3737 1082 3843 1149 τὴν

2245 1167 2339 1221 ἐπὶ
2358 1167 2564 1237 γνῶσιν
2591 1170 2770 1241 φέρει,
2808 1173 2987 1227 καίτοι
3044 1174 3174 1246 ῥᾷον
3202 1172 3263 1227 ὃν
3315 1173 3502 1245 χεῖράς
3550 1191 3614 1227 τε
3660 1172 3840 1239 δεῖξαι

2246 1263 2342 1314 καὶ
2373 1262 2562 1328 πόδας,
2595 1263 2631 1318 ἀ
2661 1264 2774 1319 τῶν
2815 1265 2964 1336 ἥλων
3006 1268 3098 1320 καὶ
3126 1266 3226 1338 τῆς
3256 1266 3461 1338 λόγχης
3508 1266 3677 1338 ἔφερε
3709 1267 3844 1329 τοὺς

2245 1354 2469 1419 τύπους,
2504 1356 2599 1410 καὶ
2645 1357 2715 1412 τά
2753 1355 3021 1429 σύμϐολα,
3048 1360 3146 1413 καὶ
3175 1359 3254 1432 τῷ
3292 1360 3455 1414 πάθει
3486 1361 3681 1429 σαφῶς
3713 1361 3843 1413 ἀνε-

2244 1443 2464 1499 δίδασκε
2494 1446 2585 1499 τὸν
2613 1447 2943 1513 πεπονθότα,
2977 1449 3167 1521 ῶσπερ
3191 1450 3419 1522 ὕστερον
3441 1452 3554 1514 τοῖς
3583 1449 3696 1504 τῶν
3734 1468 3843 1521 μαι

2247 1533 2428 1605 θητῶν
2451 1535 2853 1605 ἀμφιϐάλλουσι
2873 1537 2942 1591 δι’
2964 1538 3146 1591 αὐτῶν
3166 1538 3266 1609 τὴν
3286 1538 3548 1593 ἀπιστίαν
3563 1538 3840 1593 διέλυσεν.

2247 1628 2323 1680 Ού
2361 1628 2461 1698 μὲν
2490 1628 2599 1689 οὐδ’
2630 1630 2959 1702 ἀνέμνησεν,
3013 1632 3095 1684 ὅτι
3140 1630 3249 1702 πρὸ
3284 1630 3378 1685 τοῦ
3418 1631 3626 1696 πάθους
3657 1631 3843 1685 συνὼν

2247 1722 2431 1787 αὐτοῖς
2462 1723 2636 1776 ταῦτα
2668 1726 2951 1794 προεῖπεν,
2992 1724 3105 1778 οὐδ’
3130 1719 3213 1789 οἷς
3252 1724 3698 1797 θαυματουργῶν
3727 1726 3841 1778 τῶν

2245 1814 2420 1883 λόγων
2449 1816 2614 1868 αὑτοῦ
2643 1816 2743 1889 τὴν
2772 1816 3035 1889 ἀλήθειαν
3069 1820 3283 1888 συνεῖχε
3303 1834 3317 1849 ·
3350 1817 3529 1871 καίτοι
3557 1818 3655 1870 καὶ
3674 1818 3844 1871 τοῦτο

2249 1908 2717 1977 προσανέμνησεν,
2748 1904 2830 1973 οἷς
2882 1909 3041 1981 ῶφθη
3086 1910 3226 1981 μετά
3256 1909 3454 1965 ταῦτα.
3499 1908 3646 1962 Ἀλλ’
3675 1909 3841 1963 ούδέν

2244 1999 2453 2053 τούτων
2481 2001 2666 2064 αὐτοῖς
2706 2000 2951 2072 προθεὶς,
2979 2002 3086 2056 οὐδ’
3115 2002 3210 2072 ἀφ’
3243 2003 3363 2067 ἐνὸς
3391 2002 3502 2057 τῶν
3534 2003 3843 2075 σωτηρίων

2246 2091 2470 2157 παθῶν,
2503 2092 2626 2146 οὔτε
2652 2094 2984 2165 ἐπιπλήξας,
3030 2093 3157 2149 οὔτε
3208 2095 3449 2161 διδάξας,
3489 2094 3607 2149 ἀλλ’
3640 2094 3844 2166 ὥσπερ

2248 2188 2535 2258 μονονουχὶ
2545 2187 2759 2251 δεικνὺς
2780 2188 3114 2259 ἐφαμίλλους
3139 2184 3433 2261 εἶναιπρὸς
3454 2188 3719 2261 ἀληθείας
3736 2206 3847 2242 πα-

2248 2282 2535 2353 ράστασιν,
2570 2284 2667 2336 καὶ
2690 2282 2947 2351 φωτίζειν
2976 2282 3287 2354 ἀνθρώπων
3315 2282 3577 2348 διάνοιαν,
3612 2282 3745 2347 τούς
3779 2299 3848 2334 τε

2244 2374 2478 2437 οἰκείους
2509 2373 2699 2442 λόγους
2732 2375 2825 2428 καὶ
2852 2373 2922 2427 τὰ
2948 2374 3095 2444 πάθη
3127 2374 3223 2427 καὶ
3251 2374 3315 2443 δὴ
3348 2375 3444 2427 καὶ
3472 2373 3571 2437 τὰς
3603 2374 3848 2428 Munat-

2245 2468 2348 2529 κάς
2379 2467 2475 2521 καὶ
2497 2467 2842 2537 προφητικάς
2869 2468 3077 2537 φωνάς’
3104 2470 3219 2531 τοῖς
3253 2467 3354 2538 μὲν
3377 2466 3444 2520 δι’
3471 2460 3546 2521 ὧν
3578 2465 3754 2531 ἔδειξε
3781 2483 3848 2519 τε

2243 2558 2314 2610 τά
2348 2557 2443 2610 ἐπὶ
2486 2556 2579 2611 τοῦ
2631 2557 2887 2629 σώματος
2928 2559 3040 2613 τῶν
3071 2560 3265 2614 παθῶν
3319 2560 3477 2631 ἴχνη,
3527 2560 3623 2614 καὶ
3668 2560 3849 2624 αύτδς

2244 2648 2663 2721 προεθέσπιζεν,
2694 2651 2948 2705 ἐϐεϐαίου
2977 2652 3076 2723 τὴν
3108 2652 3425 2707 ἀνάστασιν·
3458 2652 3582 2717 τοὺς
3616 2652 3673 2706 δέ
3704 2670 3853 2725 προ-

2244 2740 2513 2805 λαϐόντας
2559 2744 2640 2804 είς
2682 2742 2812 2797 θέαν
2850 2742 3017 2797 αὐτοῦ
3062 2742 3432 2813 καταστῆναι,
3486 2744 3583 2798 ἀπ’
3618 2744 3849 2808 οὐδενὸς

2243 2834 2353 2886 τῶν
2386 2834 2696 2905 εἰρημένων
2730 2834 2922 2889 ἑαυτὸν
2955 2835 3359 2891 ἀνακαλύπτων
3383 2878 3398 2903 ,
3435 2836 3546 2890 οὐδ’
3594 2836 3850 2891 ὑποϐάλ-

2244 2923 2353 2978 λων
2382 2928 2463 2987 εἰς
2502 2926 2857 2999 ἐπιτίμησιν,
2882 2928 2994 2983 ἀπό
3030 2945 3097 2999 γε
3129 2929 3240 2983 τῶν
3276 2930 3572 3003 προφητῶν
3615 2930 3714 2985 καὶ
3742 2931 3847 2986 τοῦ

2245 3018 2491 3082 Μωσέως
2535 3019 2597 3072 τό
2639 3037 2700 3073 τε
2742 3018 2997 3092 ἔγκλημα
3048 3020 3260 3087 τούτοις
3315 3022 3557 3093 ὑφαίνει,
3593 3022 3688 3077 καὶ
3738 3022 3850 3094 τὴν

2245 3111 2471 3179 ἄγνοιαν
2504 3112 2686 3166 αὐτῶν
2729 3113 2829 3183 τῆς
2857 3112 3060 3185 ψυχῆς,
3111 3114 3229 3185 ἅμα
3272 3116 3369 3168 καὶ
3408 3114 3519 3169 τῶν
3567 3115 3850 3185 ὀμμάτων

554 3203 684 3243 nem
706 3190 899 3253 nectit.
936 3191 1239 3263 eademque
1269 3209 1435 3264 opera
1467 3194 1833 3267 ignorantiam
1855 3208 1911 3255 et
1940 3202 2141 3259 mentis

2244 3204 2708 3270 ἀποσκευάζεται.
2753 3206 2866 3261 Καὶ
2914 3207 3041 3275 τόγε
3084 3206 3365 3279 ἐξαίρετον
3414 3208 3492 3271 είς
3546 3207 3701 3276 ἰσχὺν
3746 3207 3850 3261 καὶ

554 3290 613 3336 et
648 3285 935 3337 oculorum
964 3285 1033 3339 ab
1064 3285 1130 3340 iis
1165 3287 1444 3343 amolitur.
1480 3289 1636 3356 Quod
1676 3307 1806 3347 vero
1838 3294 1904 3349 ad
1937 3295 2043 3349 vim
2075 3312 2141 3353 ac

550 3372 871 3443 dignitatem
920 3376 1052 3447 legis
1097 3378 1492 3434 ostendendam
1530 3383 1764 3439 multum
1807 3384 1973 3451 facit,
2010 3388 2141 3444 hinc

551 3462 770 3530 quidem
807 3461 876 3516 ad
914 3463 1222 3520 doctrinam
1247 3475 1303 3537 et
1330 3468 1765 3528 confutationem
1790 3477 2140 3533 sermonibus

551 3554 667 3610 suis
700 3563 755 3610 et
786 3557 1043 3627 passione
1078 3575 1213 3616 usus
1251 3572 1356 3629 est,
1391 3575 1673 3637 assumpto
1707 3567 1764 3623 in
1794 3573 2138 3627 consortium

550 3645 788 3704 Mosaico
828 3660 884 3705 et
916 3653 1240 3723 prophetico
1284 3658 1634 3728 testimonio;
1679 3660 1809 3718 hinc
1840 3680 1972 3720 vero
2006 3682 2138 3737 pro-

550 3741 786 3812 pheticis
820 3753 875 3799 ct
903 3743 1158 3804 Mosaicis
1192 3751 1376 3807 verbis
1403 3754 1719 3825 passionem
1747 3771 1903 3812 suam
1940 3768 1995 3814 et
2024 3760 2140 3832 glo-

550 3833 687 3887 riam
726 3843 781 3888 et
821 3839 1279 3896 resurrectionem
1333 3846 1583 3903 revelans
1607 3888 1623 3913 ,
1661 3848 1717 3903 in
1768 3850 1875 3905 illis
1918 3852 2141 3922 penitus

548 3926 861 3995 acquievit,
896 3930 1100 4000 quippe
1134 3933 1226 4002 qni
1258 3937 1679 3996 confirmatione
1708 3941 1931 3999 aliunde
1970 3945 2137 4015 petita

550 4028 661 4068 non
694 4015 910 4085 egebat.
943 4019 1097 4075 Adeo
1126 4021 1174 4078 is
1206 4037 1548 4097 perspectam
1590 4030 1823 4087 habebat
1848 4034 1957 4089 vim
2001 4037 2143 4092 veri-

553 4107 680 4161 tatis
708 4109 998 4165 verborum
1034 4116 1481 4185 propheticornm
1522 4132 1579 4177 et
1607 4123 1988 4192 Mosaicorum,
2019 4146 2141 4186 ma-

552 4214 823 4293 gnamque
848 4217 1037 4293 eorum
1069 4207 1383 4276 utilitatem,
1413 4229 1522 4267 non
1552 4216 1696 4284 quod
1724 4218 1841 4273 haec
1862 4219 1971 4275 illis
1993 4237 2139 4293 prte-

554 4286 762 4353 tu‘lerit,
788 4292 893 4345 sed
921 4294 1068 4362 quod
1102 4312 1201 4366 pro
1234 4302 1527 4370 prudentia
1570 4320 1667 4361 sua
1696 4307 1911 4366 eﬂicere
1954 4286 2137 4381 vellet,

554 4390 617 4432 ut
645 4380 862 4436 oracula
908 4382 1231 4444 fruerentur
1274 4396 1584 4451 reverentia
1625 4409 1682 4454 et
1713 4400 1917 4459 virtute
1950 4380 2140 4463 earum

553 4484 761 4535 rerum,
807 4489 930 4543 quae
975 4486 1105 4534 ante
1157 4483 1424 4540 nuntiatae
1471 4502 1618 4544 nunc
1663 4504 1982 4552 evenerant.
2027 4498 2140 4556 Illis

552 4561 699 4617 enim
740 4564 1040 4624 domestica
1073 4585 1337 4630 venustas
1377 4577 1701 4647 suﬂiciebat,
1746 4585 1829 4642 his
1855 4597 2040 4645 autem
2071 4592 2139 4647 ad
2165 4562 2219 4622 D

553 4654 899 4712 nobilitatem
934 4659 1154 4717 insitam
1185 4664 1404 4723 decoris
1434 4670 1643 4741 aliquid
1679 4677 1805 4733 addi
1833 4684 2140 4751 oportebat.

555 4744 665 4802 Sed
705 4750 840 4804 nihil
892 4762 1057 4817 vetat,
1111 4760 1406 4827 quominus
1446 4764 1564 4835 ipsa
1599 4767 1815 4826 Domini
1853 4744 2017 4831 verba
2046 4794 2146 4833 au-

553 4837 789 4935 diamus.
818 4841 960 4898 Dicit
983 4845 1130 4901 enim
1163 4866 1177 4904 :
1200 4850 1244 4905 0
1263 4852 1624 4924 imprudentes
1652 4871 1701 4915 et
1724 4864 1863 4935 pigri
1895 4870 2049 4923 corde
2075 4871 2146 4925 ad

554 4932 871 4988 credendum
902 4936 990 5005 iis,
1019 4954 1137 5008 qua:
1157 4940 1318 4998 locuti
1348 4957 1471 5001 sunt
1494 4953 1762 5020 prophetat
1781 4932 1853 5016 λ’.
1878 4959 2143 5028 Audisne,

553 5026 832 5091 quomodo
862 5029 1302 5102 objurgationem
1346 5055 1445 5110 per
1483 5045 1779 5116 prOphetas
1808 5050 2049 5109 inferat?

554 5124 761 5213 postea;
782 5136 819 5213 :A
839 5120 1025 5177 Nonne
1053 5126 1165 5181 haec
1207 5134 1479 5199 oportebat
1505 5140 1618 5205 pati
1647 5137 1915 5200 Christum
1935 5188 1951 5213 ,
1993 5159 2043 5204 et
2071 5154 2146 5207 sic

554 5208 761 5310 ingredi
802 5211 857 5265 in
890 5213 1119 5284 gloriam
1164 5237 1318 5275 suam
1350 5224 1429 5278 "1'
1471 5227 1550 5283 Ita
1601 5234 1884 5304 prophetae
1917 5208 2143 5310 gloriam

559 5297 872 5390 Servatoris
915 5311 1245 5369 annuntiant
1277 5331 1292 5368 :
1330 5324 1389 5371 tu
1429 5335 1562 5376 vero
1600 5297 1796 5381 eos-ad
1840 5297 2143 5390 extvremam

556 5388 915 5463 ignominiam
940 5397 1221 5457 deturbas.
1246 5402 1313 5460 Et
1342 5405 1389 5461 is
1414 5408 1660 5478 quidem,
1690 5412 1833 5471 facto
1858 5432 1889 5473 a
1916 5417 2065 5478 Mose

630 5513 672 5544 ⁸⁷
724 5512 859 5571 Luc.
902 5532 1048 5583 xxrv,
1091 5520 1178 5578 18.
1260 5524 1302 5557 ³³
1334 5524 1469 5583 Luc.
1506 5545 1657 5599 XXIV,
1696 5533 1786 5590 15.

2244 3296 2485 3367 ἀξίωμα,
2528 3299 2588 3352 ἐν
2620 3293 2704 3362 οἷς
2746 3299 2845 3369 μὲν
2878 3300 3152 3371 ἐχρήσατο
3186 3299 3325 3371 πρὸς
3356 3298 3713 3354 διδασκαλίαν
3750 3300 3850 3352 καὶ

2243 3388 2469 3460 ἔλεγχον
2491 3392 2607 3454 τοῖς
2631 3390 2800 3444 αὐτοῦ
2822 3390 3010 3461 λόγοις
3029 3391 3124 3445 καὶ
3146 3389 3439 3462 παθήμασι
3465 3392 3559 3445 καὶ
3580 3390 3678 3463 τὴν
3708 3392 3850 3445 Mur

2246 3482 2443 3554 σαῖκὴν
2469 3485 2561 3538 καὶ
2589 3484 2937 3555 προφητικὴν
2966 3485 3273 3557 μαρτυρίαν
3300 3486 3752 3557 συνεφήρμοσεν·
3787 3487 3848 3540 ἐν

2242 3570 2327 3641 οἷς
2363 3577 2420 3630 δὲ
2448 3577 2536 3631 διά
2562 3577 2671 3644 τῶν
2707 3578 3067 3649 προφητικῶν
3099 3580 3193 3634 καὶ
3220 3580 3534 3634 Μωσαῖκῶν
3566 3578 3850 3649 ῥημάτων

2243 3670 2312 3722 τὰ
2362 3670 2510 3741 πάθη
2555 3673 2651 3725 καὶ
2705 3672 2805 3743 τὴν
2849 3672 3009 3742 δόξαν
3046 3672 3213 3728 αὐτοῦ
3250 3674 3345 3727 καὶ
3392 3672 3491 3744 τὴν
3530 3671 3848 3727 ἀνάστασιν

2246 3761 2656 3830 ἀπεκάλυπτεν,
2685 3763 2931 3836 ἠρκέσθη
2953 3764 3190 3834 τούτοις,
3217 3764 3370 3819 οὐδὲν
3397 3764 3711 3834 ἐπιδεηθεὶς
3741 3765 3849 3834 τῆς

2243 3854 2353 3908 ἀπὸ
2377 3855 2486 3911 τῶν
2512 3856 2689 3911 ἄλλων
2717 3857 3086 3929 βεϐαιώσεως.
3118 3858 3386 3913 Τοσοῦτον
3416 3858 3533 3930 ᾔδει
3559 3855 3670 3910 τῶν
3697 3874 3849 3927 προ·

2246 3946 2493 4014 φητικῶν
2514 3946 2710 4016 λογίων
2740 3949 2837 4002 καὶ
2857 3949 3171 4004 Μωσαῖκῶν
3196 3950 3257 4004 τὸ
3280 3949 3380 4021 τῆς
3402 3945 3660 4019 ἀληθείας
3692 3948 3849 4017 κρά-

2243 4053 2335 4101 τος
2376 4039 2470 4091 καὶ
2516 4039 2618 4110 τῆς
2654 4039 2927 4110 ὠφελείας
2970 4041 3033 4095 τὸ
3078 4041 3343 4113 μέγεθος,
3393 4041 3491 4112 οὐχ
3537 4042 3620 4094 ὃτι
3659 4042 3850 4096 ταῦτα

2245 4131 2472 4185 ἐκείνων
2518 4137 2791 4205 προῆγεν,
2837 4134 2954 4190 ἀλλ’
2993 4136 3188 4206 ὅτιπερ
3234 4136 3327 4190 ἐπὶ
3362 4134 3618 4189 τοσοῦτον
3664 4134 3848 4203 ἐμεθο

2244 4223 2396 4277 ὀδευε
2429 4226 2559 4289 τοὺς
2582 4226 2640 4279 ἐν
2673 4225 2751 4295 τῷ
2780 4228 2933 4299 νόμῳ
2976 4229 3262 4300 χρησμοὺς
3292 4225 3691 4281 συναπολαύειν
3740 4228 3851 4295 τῆς

2242 4316 2355 4371 τῶν
2400 4316 2784 4389 ὲκϐεϐηκότων
2829 4320 3262 4393 σεϐασμιότητός
3298 4336 3358 4372 τε
3389 4321 3483 4373 καὶ
3516 4318 3847 4388 δυνάμεως·

2243 4410 2357 4470 τοῖς
2381 4408 2483 4480 μὲν
2512 4408 2622 4479 γάρ
2654 4410 2813 4482 ἤρκει
2844 4412 3005 4485 χάρις
3030 4414 3064 4482 ἡ
3096 4412 3328 4477 οἴκοθεν,
3353 4413 3466 4476 τοῖς
3491 4411 3548 4465 δὲ
3576 4414 3850 4481 προσέδει

2244 4501 2451 4573 κόσμον
2482 4502 2705 4573 ἀνάγειν
2736 4506 2816 4568 είς
2844 4504 2943 4576 τὴν
2972 4505 3200 4559 ἐκείνων
3228 4505 3529 4575 εὐγένειαν.
3575 4505 3720 4559 Ἀλλ’
3750 4508 3851 4559 ού-

2243 4595 2332 4649 δέν
2363 4597 2511 4650 ἐστιν
2530 4594 2641 4650 οἷον
2663 4597 2842 4652 αὐτῶν
2870 4598 2977 4653 τῶν
3003 4599 3350 4653 Δεσποτικῶν
3375 4600 3638 4670 ῥημάτων
3662 4599 3851 4652 ἀκού-

2243 4705 2345 4743 ειν’
2381 4690 2546 4760 Λέγει
2577 4692 2707 4764 γάρ’
2730 4687 2806 4747 Ὠ
2835 4693 3083 4762 ἀνόὴτοι
3112 4692 3210 4748 καί
3236 4692 3484 4762 βραδεῖς
3515 4693 3590 4761 τῇ
3618 4694 3849 4762 καρδίᾳ

2241 4784 2350 4839 τοῦ
2376 4785 2688 4840 πιστεύειν
2706 4786 2804 4840 ἐπὶ
2830 4784 3041 4853 πᾶσιν,
3070 4783 3160 4853 οἷς
3181 4789 3502 4855 ἐλάλησαν
3523 4792 3575 4841 οἱ
3599 4788 3850 4856 προειδῆ-

2242 4891 2359 4929 ται.
2402 4876 2667 4942 Ἀκούεις,
2696 4878 2814 4942 πῶς
2829 4879 2930 4950 τὴν
2957 4868 3275 4951 ἐπιτίμῆσιν
3296 4879 3382 4933 διά
3404 4878 3513 4933 τῶν
3537 4880 3848 4948 προφητῶν

2245 4967 2474 5037 ἐπάγει;
2498 4964 2651 5023 Εῐτω
2671 4970 2821 5040 Οὐχί
2836 4970 3024 5025 ταῦτα
3046 4970 3167 5025 ἔδει
3188 4970 3402 5026 παθεῖν
3422 4969 3528 5023 τὸν
3551 4971 3843 5039 Χριστὸν,

2247 5060 2347 5112 καὶ
2375 5060 2678 5117 εἰσελθεῖν
2704 5063 2794 5127 είς
2826 5063 2943 5129 τὴν
2973 5061 3163 5126 δόξαν
3199 5062 3425 5125 αὐτοῦ;
3455 5059 3567 5133 Τὴν
3594 5061 3845 5127 δόξαν,οἱ

2245 5152 2526 5223 προφῆται
2554 5152 2648 5207 τοῦ
2678 5155 2929 5226 Σωτῆρος
2959 5155 3313 5227 κηρύττουσι·
3352 5156 3447 5208 καὶ
3477 5156 3541 5209 σὺ
3570 5154 3706 5224 πρὸς
3733 5155 3847 5226 τὴν

2243 5244 2484 5316 ἐσχάτην
2526 5247 2760 5314 αὐτοὺς,
2797 5249 2999 5319 μᾶλλον
3042 5249 3101 5303 δὲ
3144 5247 3455 5315 κάκείνων,
3504 5247 3847 5312 ἀπελαύνεις

2243 5338 2492 5408 ἀτιμίαν.
2530 5340 2641 5393 Καὶ
2686 5341 2995 5413 ἀρξάμενος
3032 5341 3142 5395 ἀπὸ
3184 5342 3430 5405 Μωσέως
3472 5340 3569 5394 καὶ⁸
3613 5340 3847 5393 πάντων

2242 5428 2357 5483 τῶν
2392 5433 2724 5503 προφητῶν,
2760 5432 3118 5505 διερμήνευεν
3156 5433 3342 5498 αὐτοῖς
3373 5433 3432 5487 ἐν
3479 5432 3687 5496 πάσαις
3714 5434 3845 5497 ταῖς

1889 5539 1931 5571 ιο
1972 5539 2244 5612 ibid._16.

1662 5693 1901 5753 vitam:
1931 5692 2320 5761 LECTIONES
2350 5705 2440 5761 ET
2474 5704 2705 5765 NOTAE.

633 5814 1096 5921 £§)nﬁﬁgffﬁr.
1124 5824 1217 5885 Sic
1249 5829 1371 5904 lego
1400 5845 1501 5903 pro
1529 5833 1805 5910 λαμπρὸν,
1841 5841 1986 5912 quod
2029 5853 2143 5902 erat

2274 5865 2377 5907 ms.
2410 5848 2640 5907 Prtcstat
2671 5850 2841 5918 enim,
2875 5863 3067 5905 vocem
3132 5850 3273 5907 hanc
3301 5847 3506 5907 referre
3566 5847 3633 5905 ad
3677 5848 3840 5921 νίκην

553 5901 717 5952 quam
748 5890 814 5946 ad
845 5890 1092 5951 θάνατον.
