4022 6396
165 447 276 510 233

1194 448 1492 507 CONTRA
1525 447 1985 509 MANICHAEOS
2035 448 2262 507 LIBER
2296 449 2395 508 IV.

3303 440 3406 506 234

167 557 413 626 Ι¹ραφαῖς
441 555 512 609 τὰ
544 557 670 627 περὶ
699 554 918 610 ἑαυτοῦ.
960 558 1020 611 'U
1049 558 1344 632 Λυτρωτὴς
1375 565 1530 633 ἡμῶν
1557 565 1732 632 ἑρμη-

1858 561 2092 616 minibus
2116 559 2396 630 prophetis
2421 557 2598 622 initio,
2628 573 2694 612 ex
2721 555 2977 612 omnibus
2998 555 3293 624 Scripturis
3313 573 3374 612 ea
3392 598 3408 617 .

164 650 363 712 νευτὰς
392 647 502 702 τῶν
535 647 712 719 ἔργων
758 648 826 701 δι’
851 644 926 702 ὧν
962 651 1110 720 ἡμᾶς
1137 651 1484 724 ἐλυτρὼσατο
1510 655 1607 725 τῆς
1640 671 1736 706 τυ-

166 741 434 810 ραννίδος,
482 742 609 803 τοὺς
653 743 937 812 προφήτας
981 744 1332 814 ἀνομολογεῖ·
1382 747 1478 800 καὶ
1526 748 1591 800 σὺ
1640 746 1741 816 τῆς

163 832 483 901 τυραννίδος
529 832 800 902 ὑπηρέτας
845 833 906 886 ού
953 835 1196 905 φρίττεις
1237 839 1450 904 ποιεῖν;
1502 838 1570 890 Ἢ
1607 838 1739 905 σύγε

167 921 399 973 σεαυτὸν
432 921 491 972 ού
526 920 699 993 ταύτῃ
736 921 918 990 μόνον,
949 923 1064 976 ἀλλ’
1097 924 1214 994 ἅμα
1241 926 1336 978 καὶ
1356 926 1554 996 τρόπον
1584 926 1741 978 ἄλλον

110 1066 112 1068 _
164 1010 440 1079 τοσαύτης
466 1009 651 1074 ἀνοίας
679 1011 773 1064 καὶ
801 1013 1188 1083 παραπληξίας
1230 1015 1532 1086 ἐνέπλησας
1552 1059 1566 1082 ,
1601 1017 1742 1070 ὥστε

166 1099 299 1167 μηδ’
331 1100 585 1169 αἴσθησιν
616 1099 760 1170 ἔχειν
779 1141 794 1165 ,
837 1102 959 1171 μηδ’
990 1105 1048 1156 ὲν
1077 1097 1120 1170 ᾧ
1150 1105 1218 1158 τὰ
1250 1105 1618 1159 ἐναντιώτατα
1649 1107 1744 1159 καὶ

166 1190 384 1260 φρονῶν
413 1191 506 1244 καὶ
527 1191 702 1260 λέγων
721 1192 939 1264 ἁλίσκῃ.
965 1194 1079 1247 Νῦν
1109 1195 1207 1265 μὲν
1235 1197 1346 1268 γάρ
1366 1198 1455 1250 τὸν
1484 1197 1608 1252 νοῦν
1633 1197 1742 1268 (24)

162 1283 260 1333 τὸν
315 1283 522 1352 μέγαν,
571 1285 661 1337 τὸν
724 1287 1007 1355 Ἀσσύριον
1053 1289 1433 1361 αὐτοκράτορα
1468 1291 1602 1359 (25'),
1652 1292 1746 1344 καὶ

165 1373 360 1442 κύριον
407 1377 499 1428 τοῦ
537 1377 737 1440 παντὸς
797 1379 1084 1450 θεομαχῶν
1116 1381 1494 1450 προκαθίζεις·
1548 1385 1644 1436 νῦν
1688 1383 1746 1436 δὲ

167 1464 459 1529 λανθάνεις
484 1467 667 1533 αὐτὸν,
696 1468 816 1520 οὐδὲ
841 1470 1035 1523 ἑαυτοῦ
1067 1471 1552 1536 κατεξουσιάζοντα
1585 1473 1746 1527 ποθὲν

167 1555 295 1608 οὐδὲ
324 1557 432 1610 τῶν
454 1557 731 1628 λογισμῶν
758 1563 1054 1632 κυριεύειν,
1079 1564 1194 1617 ἀλλ’
1225 1565 1305 1627 είς
1341 1565 1504 1634 λῆρον
1537 1565 1746 1634 μακρὸν

169 1649 268 1702 καὶ
295 1653 720 1722 παραφροσύνην
747 1654 1156 1730 ἀνυπέρϐλητον
1175 1656 1504 1727 ἐκπέμπεις.
1535 1658 1608 1710 Τὸ
1640 1657 1747 1727 γὰρ

165 1740 301 1803 τοὺς
346 1743 512 1796 αὑτοῦ
555 1743 891 1814 θεράποντας
920 1748 1008 1801 καὶ
1039 1748 1338 1818 λατρευτὰς
1369 1750 1386 1818 (
1411 1749 1659 1820 εὐμενεῖς
1690 1749 1748 1802 δὲ

1838 667 1957 720 quze
1987 653 2053 706 ad
2087 667 2146 706 se
2177 651 2507 721 pertineant,
2533 648 2803 720 exposuit.
2833 649 2908 702 Ita
2939 647 3194 702 Servator
3225 657 3415 703 noster

1841 743 2138 812 prophetas
2182 741 2468 811 proﬁtetur
2523 757 2644 795 esse
2686 742 3016 810 interpretes
3047 755 3274 810 Operum
3320 755 3417 810 per

1839 849 1960 903 qure
1996 849 2098 887 nos
2150 850 2179 886 a
2224 832 2508 902 tyrannide
2542 833 2791 888 liberavit
2837 850 2850 886 :
2899 841 2954 886 tu
3000 847 3132 887 vero
3173 848 3268 886 eos
3305 847 3416 886 non

1841 925 2050 979 vereris
2079 924 2255 980 facere
2297 926 2578 980 ministros
2613 925 2931 995 tyrannidis.
2972 925 3079 978 Aut
3113 940 3243 977 num
3275 923 3418 977 forte

1843 1025 1898 1070 tu
1933 1017 2277 1085 temetipsum
2313 1033 2421 1070 non
2457 1017 2560 1070 hoc
2603 1017 2818 1079 solum,
2860 1015 2956 1069 sed
3000 1024 3056 1069 et
3103 1015 3206 1069 alio
3257 1015 3416 1069 modo

1844 1114 1990 1159 tanta
2022 1107 2259 1159 amentia
2299 1115 2354 1160 et
2381 1114 2603 1176 stupore
2637 1105 2967 1176 implevisti,
3001 1115 3052 1160 ut
3093 1122 3160 1160 ne
3195 1108 3418 1176 quidem

1843 1197 2068 1261 sentias,
2118 1197 2260 1266 quod
2305 1199 2575 1252 contraria
2616 1206 2668 1251 et
2701 1197 2905 1253 sentias
2947 1209 3000 1252 et
3045 1199 3215 1252 dicas.
3259 1199 3419 1254 Nunc

1844 1287 1988 1341 enim
2012 1289 2252 1340 animum
2273 1288 2428 1342 illum
2448 1289 2744 1351 excelsum,
2763 1289 3041 1359 Assyrium
3064 1293 3415 1346 monarcham

1845 1385 1901 1431 et
1926 1377 2206 1432 dominum
2246 1377 2519 1442 universi,
2568 1387 2757 1433 contra
2794 1378 2962 1433 Deum
3007 1397 3273 1452 pugnans,
3309 1397 3418 1452 pne

1844 1470 1964 1524 aliis
1995 1471 2186 1526 evehis
2223 1489 2239 1529 :
2284 1488 2432 1526 nunc
2459 1488 2584 1526 vero
2618 1474 2700 1526 vel
2751 1473 2954 1528 inscius
2993 1490 3100 1529 non
3149 1477 3420 1546 permittis

1848 1561 1950 1630 ipsi
2017 1571 2336 1631 potestatem
2401 1564 2504 1617 sibi
2561 1564 2661 1634 ipsi
2727 1565 3043 1620 dominandi
3105 1577 3157 1620 et
3208 1567 3420 1621 ratione

1848 1653 2055 1714 utendi,
2103 1654 2198 1708 sed
2238 1671 2409 1725 nugas
2443 1671 2600 1726 agere
2639 1667 2692 1712 et
2739 1657 3131 1712 incredibiliter
3173 1661 3422 1730 desipere

1845 1745 2023 1815 jubes.
2048 1745 2274 1811 Quantae
2298 1748 2465 1812 enim,
2491 1763 2696 1816 quasso,
2721 1749 3007 1805 dementiae
3037 1759 3203 1814 esset,
3235 1767 3422 1806 servos

167 1833 306 1901 ἡμῖν
333 1834 524 1905 εἴησαν
550 1839 598 1889 οί
627 1838 928 1908 προφῆται,
950 1839 1091 1909 ὑπὲρ
1111 1840 1291 1893 αὐτῶν
1310 1841 1418 1912 γὰρ
1445 1843 1478 1913 ἠ
1509 1841 1630 1894 κατ’
1652 1842 1750 1894 αὐ-

1858 1849 1980 1887 suos
2011 1845 2064 1888 et
2093 1837 2329 1890 cultores
2368 1835 2724 1908 (indulgeant
2756 1841 2916 1895 nobis
2952 1842 3068 1895 hrec
3109 1845 3420 1911 prophetae,

168 1926 282 1980 τῶν
313 1928 426 1998 (26)
460 1932 858 2000 μνημονεύεται
884 1931 1087 2004 ὕϐρις),
1128 1933 1188 1986 τὺ
1218 1934 1347 2002 γοῦν
1375 1910 1596 1998 τούτους
1619 1934 1742 1988 ὲπι-

1858 1926 2068 1994 quando
2110 1927 2161 1978 in
2195 1928 2435 1996 ipsorum
2463 1932 2806 1984 commodum
2839 1941 2891 1986 et.
2921 1932 3294 1987 defensionem
3340 1933 3425 1986 in-

169 2022 331 2072 πνεῖν
359 2037 420 2072 τε
451 2023 542 2074 καὶ
574 2027 922 2092 χειροτονεῖν,
947 2024 1086 2078 ὥστε
1115 2025 1214 2094 τῆς
1235 2025 1545 2096 τυραννίδος
1579 2024 1744 2080 αὑτοῦ

165 2109 272 2180 τὴν
322 2113 617 2168 κατάλυσιν
670 2116 1018 2169 ὑποτίθεσθαι
1060 2118 1156 2170 καὶ
1203 2117 1742 2188 προανακηρύττειν,

167 2201 310 2255 ἀλλὰ
342 2203 435 2258 κα)⁵
465 2205 553 2258 τὸν
582 2206 780 2275 τρόπον
811 2208 911 2277 τῆς
937 2208 1288 2271 καταλύσεως
1315 2207 1456 2262 οὕτω
1481 2209 1748 2279 λεπτομε-

169 2293 279 2365 ρῶς
313 2312 375 2348 τε
404 2298 500 2350 καὶ
529 2299 844 2369 περιφανῶς
879 2301 1271 2365 ἀποσαλπίζειν
1335 2301 1432 2355 καὶ
1469 2303 1571 2355 οὐκ
1608 2303 1748 2356 ἀπο·-

168 2386 459 2448 σαλπίζειν
509 2388 702 2458 μόνον,
762 2382 838 2443 ὧν
887 2390 1038 2443 οὐδὲν
1069 2392 1181 2445 οὐδ’
1225 2393 1256 2445 ό
1321 2391 1523 2463 λῃστὴς
1587 2393 1749 2456 αὐτὸς

167 2477 406 2544 ἐγνώκει
425 2517 440 2539 .
468 2480 606 2535 ἀλλὰ
637 2482 734 2535 καὶ
769 2484 908 2551 μετὰ
931 2483 1114 2552 πάσης
1139 2482 1378 2553 σπουδῆς
1402 2484 1749 2553 μηχανᾶσθαι

166 2586 227 2621 τε
275 2569 371 2622 καὶ
427 2571 890 2637 κατασκευάζεινο
945 2574 1118 2645 πόσης
1171 2575 1272 2628 οὐκ
1321 2574 1388 2628 ἂν
1437 2574 1521 2645 εἴη
1579 2575 1750 2630 ταῦτα

166 2663 512 2731 παρανοίας;
552 2663 710 2728 Τίνος
747 2665 804 2718 δὲ
854 2665 1109 2731 διανοίας,
1171 2669 1270 2737 τὴν
1303 2667 1542 2738 ἔμφυτον
1581 2667 1751 2738 .κίνη-

170 2767 282 2815 σιν,
329 2751 436 2805 κᾶν
481 2753 612 2821 γοῦν
649 2755 738 2809 ἐπ’
784 2756 1033 2826 ἐσχάτοις
1076 2758 1299 2828 ἴχνεσιν,
1345 2757 1747 2828 διασωξούσηςς

169 2843 395 2896 Μᾶλλον
435 2844 526 2910 δὲ,
580 2848 628 2899 εί
689 2847 910 2916 βούλει,
946 2844 1028 2910 οἷς
1083 2851 1182 2919 μὲν
1238 2850 1400 2905 αύτ’.ν
1466 2851 1537 2903 τὸ.
1579 2851 1751 2922 ἀπόρ-

172 2937 319 3006 ρητα
362 2939 457 2990 καὶ
483 2938 738 3011 ὑπερφυῆ
787 2942 1094 3012 προειδέναι
1139 2943 1354 3011 λέγεις,
1395 2944 1492 2997 καὶ
1539 2944 1574 2998 ἃ
1606 2943 1752 3014 μόνῳ

170 3021 244 3096 ἦν
288 3025 369 3097 τῷ
445 3027 685 3100 ἀληθινῷ
760 3031 878 3102 Θεῷ
961 3035 1283 3103 ἐγνωσμένα
1331 3051 1393 3087 τε
1455 3035 1551 3088 καὶ
1616 3051 1753 3106 προ-

168 3118 486 3189 ωρισμένα,
503 3120 604 3188 φεῦ
621 3123 719 3192 τῆς
745 3123 973 3186 ἀτοπίας
994 3124 1009 3177 ι
1033 3125 1224 3194 σοφίαν
1241 3125 1388 3195 αὐτῷ
1407 3125 1498 3178 τὸν
1513 3126 1750 3198 ἀνυπέρ-

170 3208 374 3279 ϐλητον
404 3211 496 3264 καὶ
527 3211 740 3266 σύνεσιν
766 3213 970 3282 ἄφατον
995 3215 1197 3289 χαρίζῃ
1216 3231 1229 3244 ·
1262 3211 1343 3280 οἷς
1369 3215 1425 3269 δὲ
1451 3216 1548 3287 τὴν
1584 3216 1746 3270 αὐτοῦ

172 3303 482 3357 κατάλυσιν
507 3305 939 3375 συνεργάζεσθαι
966 3308 1062 3362 καὶ
1087 3306 1446 3378 θριαμϐεύειν
1471 3308 1625 3361 οὐδὲν
1645 3310 1756 3362 τῶν

173 3398 604 3466 παραπαιόντων
627 3400 722 3451 καὶ
743 3399 1134 3472 ἐξεστηκότων,
1151 3400 1211 3454 ὃν
1236 3403 1348 3464 τοῖς
1373 3401 1608 3471 χείλεσιν
1633 3401 1755 3457 ἔθου

172 3487 331 3548 Θεὸν,
370 3488 490 3542 κατ’
511 3489 662 3542 οὐδὲν
693 3491 788 3561 ὲᾷς
822 3491 1242 3563 παραλλάττειν.

251 3576 382 3630 κεν.
444 3578 690 3632 Τοιοῦτοι
738 3580 847 3633 τῶν
909 3581 1016 3634 σῶν
1075 3582 1362 3654 δογμάτων
1421 3586 1474 3639 οἱ
1531 3587 1756 3658 καρποὶ,

172 3667 408 3720 τοιαῦτα
455 3669 562 3720 τῶν
597 3670 738 3741 ὑπὲρ
779 3672 879 3741 τῆς
912 3675 1178 3743 πονηρίας
1224 3677 1656 3748 σπουδασμάτων
1691 3681 1761 3734 τά

170 3761 467 3830 ἐπίχειρα,
511 3760 709 3828 μᾶλλον
755 3761 813 3815 δὲ
860 3764 996 3834 πρὸς
1035 3766 1126 3818 τὸν
1176 3767 1404 3820 αὐτόθεν
1448 3768 1612 3836 ὄγκον
1659 3769 1758 3840 τῆς

174 3848 280 3918 σῆς
314 3849 666 3919 βλασφημίας
695 3852 791 3905 καὶ
816 3853 914 3923 τῆς
946 3857 1202 3926 ἀπαρχῆς
1231 3857 1336 3910 τῶν
1364 3859 1473 3912 σῶν
1506 3859 1760 3924 ζιζανίων

176 3941 414 4009 σπορᾶς.
453 3942 561 3993 Καὶ
608 3943 779 3996 ταῦτα
816 3945 1009 4015 μικρά.
1054 3947 1260 4002 Ἐκεῖνο
1300 3949 1356 4001 δὲ
1388 3949 1496 4002 τῶν
1536 3949 1761 4003 Σαδδου-

175 4030 354 4085 καίων
394 4034 444 4085 οί
494 4035 939 4107 ἀναισθητότεροι
977 4038 1082 4108 (οὐ
1137 4041 1247 4111 γὰρ
1278 4040 1342 4093 ἂν
1383 4042 1582 4114 φαίην,
1633 4042 1760 4095 ἀσε-

173 4123 454 4192 ϐέστεροι·
490 4127 689 4196 μείζων
705 4130 824 4201 γὰρ
857 4131 1038 4184 αὐτῶν
1068 4133 1218 4186 ἑστιν
1245 4135 1278 4203 ἡ
1301 4135 1630 4199 ἀποστασία,
1657 4135 1758 4206 τῆς

180 4216 323 4286 πρὸς
358 4218 425 4270 τὰ
457 4219 625 4289 χείρω
656 4222 1063 4294 συγκρίσεως),
1099 4223 1215 4276 ἀλλ’
1235 4221 1330 4278 οὖν
1355 4227 1531 4278 ἐκεῖνο
1559 4226 1675 4290 πῶς
1698 4227 1758 4279 ού

176 4309 582 4374 δυσωποῦνται,
613 4312 665 4364 ot
703 4314 839 4384 πρὸς
872 4317 1054 4368 πᾶσαν
1081 4315 1234 4369 θείαν
1275 4318 1371 4370 καὶ
1405 4318 1637 4388 ἀπειλὴν
1667 4319 1761 4371 καὶ

179 4399 360 4471 ὀργὴν
394 4402 487 4454 καὶ
528 4403 688 4474 χάριν
733 4405 826 4458 καὶ
866 4406 1186 4475 εὐεργεσίας
1213 4406 1514 4463 ἁπόλαυσίν
1557 4408 1764 4461 ἀδυσώ-

183 4508 372 4561 πητοι,
404 4492 432 4544 ὃ
458 4495 569 4557 τοῖς
595 4497 909 4565 νενοσηκόσι
934 4499 1313 4564 Σαδδουκαίοις
1341 4500 1552 4571 νεκρῶν
1583 4499 1658 4570 μὴ
1685 4496 1764 4553 εἷ’

1848 2017 2048 2087 iuriam
2078 2019 2130 2072 in
2162 2020 2310 2088 ipsos
2339 2020 2568 2075 ell'usam
2603 2021 3012 2094 memoramus)
3037 2023 3220 2078 alllare
3248 2032 3302 2078 et
3327 2039 3426 2094 pa-

1853 2123 1995 2173 rare,
2021 2119 2082 2164 ut
2111 2113 2408 2181 tyrannidis
2440 2128 2551 2168 suae
2577 2113 3005 2168 destructionem
3040 2122 3345 2185 proponant
3373 2123 3428 2169 et

1855 2201 2262 2270 praenuntient,
2324 2203 2433 2257 imo
2490 2212 2546 2258 et
2604 2204 2824 2258 modum
2877 2204 3268 2260 destructionis
3318 2215 3426 2260 tam

1855 2292 2002 2347 clare
2049 2303 2103 2348 et
2151 2303 2406 2348 accurate
2461 2295 2810 2360 ebuccinent,
2864 2312 3042 2364 neque
3099 2298 3430 2353 ebuccinent

1855 2381 2019 2436 modo
2049 2397 2135 2444 ea,
2171 2398 2401 2452 quorum
2441 2384 2559 2453 ipse
2598 2385 2736 2439 latro
2780 2385 3000 2456 ignarus
3039 2397 3190 2449 erat,
3235 2387 3330 2442 sed
3373 2394 3430 2441 et

1855 2474 2006 2528 omni
2057 2474 2236 2528 studio
2291 2486 2649 2545 promoveant
2707 2486 2762 2530 et
2816 2478 3154 2546 provehunt?
3199 2479 3430 2543 Quanta:

1857 2566 1996 2632 haec,
2030 2565 2273 2635 inquam,
2308 2575 2492 2621 essent
2522 2567 2832 2632 dementim,
2867 2583 2992 2623 cum
3027 2568 3262 2625 vicissim
3299 2585 3431 2639 pru-

1855 2659 2056 2713 dentiae
2084 2659 2192 2723 sit,
2222 2659 2527 2713 naturalem
2557 2658 2820 2728 impetum
2841 2701 2856 2724 ,
2886 2660 3049 2713 etiam
3080 2659 3132 2712 in
3173 2660 3430 2714 extremis

1855 2750 2114 2820 gradibus
2159 2749 2574 2813 consistentem,
2623 2764 2972 2804 conservare.
3008 2748 3106 2804 Vel
3145 2749 3189 2804 si
3230 2750 3332 2804 alia
3374 2751 3429 2804 id

1858 2843 2069 2898 ratione
2095 2857 2420 2912 cegnoscere
2445 2843 2639 2907 mavis,
2666 2842 2738 2906 ei,
2760 2858 2920 2912 quem
2952 2841 3230 2897 recondita
3259 2850 3314 2896 et
3335 2857 3432 2895 su-

1858 2936 2223 3005 pernaturalia
2249 2936 2502 3006 praescire
2532 2936 2690 3000 dicis,
2723 2945 2886 3005 atque
2909 2951 2994 3000 ea,
3025 2952 3146 3006 qua:
3173 2935 3271 2990 soli
3301 2949 3431 2990 vero

1858 3027 1970 3082 Deo
2005 3028 2222 3098 cognita
2251 3044 2315 3083 ac
2345 3027 2681 3103 przedeﬁnita
2709 3036 2886 3091 erant,
2930 3027 3197 3082 infinitam
3229 3035 3284 3081 et
3310 3027 3432 3081 ine-

1858 3121 2185 3176 narrabilem
2226 3121 2571 3190 sapientiam,
2602 3119 2704 3174 vah
2729 3120 3152 3190 imprudentiam
3175 3121 3187 3174 ί
3214 3119 3430 3182 tribuis,

1859 3229 2020 3283 quem
2050 3215 2227 3284 ipsum
2253 3223 2457 3279 tamen,
2487 3215 2614 3268 dum
2645 3230 2768 3268 eum
2794 3229 2946 3268 suam
2981 3213 3277 3283 perniciem
3306 3227 3434 3282 pro-

1858 3307 2094 3362 movisse
2120 3306 2220 3370 ais,
2250 3305 2385 3360 nihil
2414 3320 2602 3359 eorum
2633 3322 2755 3375 quae
2778 3305 2956 3360 insani
2978 3314 3031 3359 et
3055 3303 3209 3360 deliri
3252 3303 3435 3359 susci-

1857 3415 1988 3470 pere
2019 3400 2252 3470 possint,
2294 3401 2545 3469 quamvis
2580 3401 2750 3454 Deum
2781 3399 2940 3453 labiis
2970 3397 3140 3452 facias
3163 3437 3178 3462 ,
3210 3406 3436 3468 prmter—

1858 3492 2075 3546 mitterc
2104 3493 2324 3561 pateris.

1931 3582 2097 3638 XXV.
2133 3586 2306 3650 Atque
2337 3585 2424 3639 isti
2460 3595 2586 3639 sunt
2607 3583 2917 3652 dogmatum
2952 3591 3168 3636 tuorum
3200 3579 3430 3644 fructus,

1862 3675 1978 3731 haec
2025 3685 2152 3730 sunt
2203 3676 2370 3730 studii
2423 3677 2476 3729 in
2535 3676 2793 3729 malitiam
2835 3673 3081 3744 probati;
3123 3673 3207 3725 vel
3255 3671 3438 3741 potius

1862 3767 2211 3836 blasphemia:
2257 3776 2364 3821 tua;
2409 3767 2882 3836 prilnitiarumqnc
2914 3764 3278 3827 zizaniorum,
3316 3777 3438 3830 qua;

1862 3857 1918 3911 in
1947 3865 2000 3912 te
2030 3874 2219 3927 sparsa
2252 3867 2398 3923 sunt,
2449 3858 2689 3928 praemia.
2721 3856 2826 3911 Sed
2870 3856 2960 3910 illa
2990 3855 3207 3925 quidem
3244 3853 3436 3923 exigua

1863 3959 2011 4003 sunt.
2040 3947 2297 4018 Nunquid
2325 3965 2454 4004 vero
2485 3949 2734 4003 homines
2767 3947 3079 4002 Sadducatis
3109 3945 3440 4015 stupidiorcs

1864 4040 2084 4109 (neque
2130 4041 2277 4093 enim
2319 4041 2569 4105 dixerim,
2620 4040 2790 4109 magis
2829 4037 3056 4108 impios,
3085 4039 3260 4104 maior
3289 4035 3438 4090 enim

1863 4140 1947 4186 est
1969 4147 2156 4186 eorum
2187 4130 2442 4194 defectio,
2469 4145 2632 4200 quam
2662 4140 2721 4184 ut
2746 4130 3021 4199 pejoribus
3050 4127 3288 4181 conferri
3317 4141 3443 4196 pos-

1865 4222 2003 4291 sit),
2047 4222 2316 4292 nunquid,
2353 4223 2572 4292 inquam
2597 4262 2612 4287 ,
2641 4221 2848 4292 pudore
2889 4235 2998 4274 non
3044 4218 3443 4272 sull'unduntur

1865 4316 2136 4381 homines,
2167 4316 2257 4386 qui
2295 4331 2398 4370 nec
2430 4315 2685 4369 omnibus
2718 4313 2810 4366 Dei
2842 4312 3026 4374 minis,
3062 4327 3165 4366 nec
3196 4311 3297 4374 ira,
3338 4323 3442 4362 nec

1864 4407 2057 4477 gratia,
2093 4421 2196 4460 nec
2233 4404 2610 4460 beneﬁcentiae
2651 4404 2770 4473 ejus
2805 4402 3337 4480 fructu_tnoventur,
3375 4412 3442 4452 eo

1868 4497 2173 4551 Servatoris
2189 4497 2337 4550 dicto
2357 4512 2464 4548 non
2491 4495 2725 4564 perculsi
2748 4511 2878 4564 quo,
2895 4493 2948 4546 in
2975 4491 3328 4555 Sadducasos,
3352 4505 3442 4544 re-

179 4602 272 4638 ναι
301 4585 602 4638 ἀνάστασιν
623 4628 637 4649 ,
668 4589 947 4657 πειράζειν
976 4593 1360 4663 ἐπιχειρήσασι
1403 4594 1492 4646 τὸν
1522 4593 1753 4660 ἀπείρα-

1867 4588 2261 4643 surrectioncm
2289 4597 2630 4641 mortuorum
2654 4601 2873 4656 negare.
2893 4595 2946 4640 et
2967 4599 3116 4648 eum,
3135 4584 3224 4653 qui
3243 4580 3440 4636 tentari

185 4691 334 4737 στον,
368 4678 530 4740 αὐτὸς
555 4680 940 4748 ἀνεφθέγξατο.
969 4683 1107 4750 Περὶ
1134 4683 1203 4735 δὲ
1231 4683 1342 4752 τῆς
1371 4683 1762 4750 ἀναστάσεως

185 4762 308 4817 τῶν
347 4767 577 4844 νεκρῶν
613 4774 723 4825 οὐκ
766 4773 1062 4844 ἀνέγνωτε
1103 4775 1171 4828 τὸ
1211 4774 1402 4843 ῥηθὲν
1455 4774 1598 4844 ὑμῖν
1645 4775 1764 4829 ὑπὸ

183 4858 294 4912 τοῦ
318 4861 544 4927 Κυρίου
567 4864 870 4934 ,λέγιοντοσ
911 4866 1050 4936 Ἐγώ
1069 4869 1188 4936 ειμι
1219 4869 1251 4921 ό
1283 4866 1426 4933 Θεὸς
1471 4867 1725 4936 Ἀϐραὰμ
1745 4907 1760 4932 ν

188 4950 289 4999 καὶ
321 4953 355 5000 ό
386 4952 525 5020 Θεὸς
567 4954 783 5021 Ἰσαὰκ,
814 4957 910 5010 καὶ
955 4959 988 5011 ὁ
1023 4958 1168 5025 Θεὸς
1203 4959 1430 5014 Ἰακώϐ·
1457 4961 1569 5013 οὐκ
1592 4958 1767 5012 ἐστιν

1868 4699 1979 4738 non
2010 4692 2210 4752 potest,
2243 4691 2450 4736 lentare
2486 4683 2842 4745 sustinentes,
2877 4696 3009 4734 usus
3039 4690 3143 4733 est.
3173 4675 3249 4730 De
3274 4690 3445 4728 resur-

1869 4777 2098 4830 rectione
2126 4791 2244 4830 vero
2267 4785 2593 4827 mortuorum
2619 4790 2787 4827 nonne
2804 4772 3023 4843 legistis,
3047 4771 3184 4840 quod
3203 4768 3343 4822 vobis
3359 4766 3444 4818 di-

1870 4879 2012 4922 ctum
2034 4877 2108 4922 est
2128 4885 2160 4921 a
2184 4867 2408 4921 Domino
2425 4867 2630 4919 dicente
2648 4879 2666 4916 .‘
2687 4865 2798 4935 Ego
2817 4880 2934 4918 sum
2957 4862 3094 4914 Deus
3113 4857 3402 4913 Abrahami
3423 4896 3440 4919 ,

1870 4969 1919 5013 et
1955 4959 2088 5013 Deus
2108 4956 2306 5020 Isaaci,
2337 4966 2384 5011 ct
2417 4956 2556 5010 Deus
2578 4956 2792 5010 Jacobi:
2822 4972 2925 5008 non
2952 4954 3115 5024 igitur
3138 4951 3274 5006 Deus
3298 4965 3444 5003 mor-

1279 5114 1516 5171 VARUE
1559 5114 1938 5173 LECTIONES
1972 5115 2057 5169 ET
2091 5115 2322 5171 ΝΟΤᾸΞ.

263 5242 379 5322 (24)
433 5242 563 5322 Τὸν.
589 5245 757 5299 νοῦν.
798 5247 962 5322 blood
989 5251 1162 5320 μέγαν
1199 5252 1436 5322 appellat
1475 5252 1759 5318 Satanam,

190 5313 486 5404 mill-astu
507 5313 724 5404 relatus,
754 5318 834 5404 nil
865 5319 964 5373 nisi
990 5313 1211 5404 excelsa
1237 5313 1537 5404 cogitabat.
1572 5313 1763 5404 AtLgeli

192 5383 433 5460 alioquin
470 5384 588 5442 νόες
617 5387 957 5460 appellantur
992 5400 1101 5443 tum
1137 5393 1204 5446 ab
1249 5383 1386 5455 aliis,
1418 5403 1529 5446 tum
1575 5409 1602 5446 a
1637 5383 1764 5448 Dio-

193 5453 352 5574 :ysio
371 5452 708 5520 Areopagita,
731 5457 827 5512 lib.
854 5473 890 5512 I.
912 5458 988 5513 De
1009 5463 1197 5516 cretein
1223 5452 1539 5527 Itierarcliia,
1561 5478 1680 5533 cap.
1710 5464 1762 5529 l,

267 5589 523 5672 (ἓῖῆχὸνζ
555 5591 875 5672 Ἀσσύριον
893 5601 1316 5672 αὐςενρᾴζορα.
1340 5602 1542 5656 Alludit
1570 5602 1758 5672 procul

195 5662 367 5716 dubio
393 5659 592 5714 Noster
609 5662 674 5714 ad
705 5659 808 5717 lsa.
838 5679 948 5728 xxv,
980 5659 1174 5726 ιε,“υι›ι
1207 5659 1505 5726 secundum
1537 5659 1758 5727 sensum

194 5731 486 5809 litteralem
517 5746 700 5809 sermo.
725 5742 807 5787 est
839 5735 904 5809 de
933 5750 1056 5803 rege
1090 5736 1410 5806 Babyloniu',
1442 5757 1602 5809 quem
1633 5759 1762 5794 vero

195 5802 702 5880 l’atrum_pertnult_i
734 5805 955 5880 mystice
981 5802 1474 5880 accommodantet
1495 5811 1764 5880 interpre-

193 5883 383 5927 tantur
409 5872 479 5927 de
511 5871 744 5938 diabolo,
776 5871 1062 5931 insolentia
1084 5876 1257 5933 fastus
1286 5879 1352 5933 de
1377 5871 1765 5952 dignitatc'sua

441 5967 708 6028 Ριιτιιοι..
751 5968 865 6027 Gn.
897 5967 1056 6029 CIL.

1871 5252 2182 5307 deturbato.
2217 5251 2294 5305 Ita
2325 5253 2468 5304 inter
2493 5256 2742 5309 ca-teros,
2771 5246 2928 5300 Titus
2959 5243 3266 5298 Bostrensis
3309 5243 3403 5296 lib.
3431 5261 3445 5298 I

1874 5323 2132 5376 Adrersus
2180 5321 2514 5376 Manio/imos.
2573 5319 2811 5372 Aliorum
2861 5317 3077 5370 Patrum
3124 5313 3238 5366 loca
3279 5314 3448 5368 habes

1873 5394 2016 5461 apud
2059 5393 2272 5462 Dionys.
2302 5391 2582 5462 Petavium
2605 5429 2618 5448 ,
2653 5385 3094 5462 i_n-_!)ogm_otibus
3128 5383 3445 5462 theologicis:

1877 5454 2009 5517 tom.
2035 5461 2126 5523 lll,
2150 5454 2244 5517 lib.
2273 5479 2311 5527 ι,
2346 5478 2394 5515 c.
2421 5461 2520 5523 94;
2563 5468 2619 5513 et
2650 5454 2854 5512 Iulium
2903 5454 3326 5527 llartoloccium,
3361 5465 3400 5527 ι.
3428 5455 3445 5508 l

1875 5531 2207 5604 Bibliotheca:
2240 5523 2442 5600 magna:
2472 5529 2702 5596 rabbiu.,
2731 5546 2784 5598 p.
2811 5527 2916 5604 287
2949 5542 3124 5604 s_eqq.,
3150 5523 3240 5604 qui
3271 5534 3324 5604 et
3351 5525 3450 5579 Ju-

1877 5602 2116 5655 da-orum
2177 5604 2227 5656 in
2283 5597 2528 5656 eamdem
2585 5597 2914 5655 sententiam
2973 5597 3448 5664 interpretationes

1910 5673 2140 5726 roducit.

1990 5687 2001 5723 ι
2125 5711 2140 5724 .

1868 5687 2225 5808 ργῖὲδῗίᾎθ
2254 5739 2474 5794 αὐτῶν.
2501 5741 2574 5796 Ita
2607 5739 2801 5809 scripsi
2831 5755 2932 5808 pro
2955 5741 3075 5793 κατ’
3095 5739 3278 5809 αὐτόν,
3303 5750 3448 5809 quod

1872 5807 1992 5866 erat
2026 5814 2080 5880 in
2113 5828 2216 5865 ms.
2241 5810 2434 5866 Sermo
2462 5813 2670 5867 scilicet
2706 5807 2796 5866 llic
2829 5807 2920 5880 est
2944 5810 3011 5864 de
3042 5808 3358 5880 prophetis,
3395 5807 3448 5863 in

1875 5895 2014 5951 quos
2041 5875 2330 5938 Hlumniis
2359 5882 2474 5938 suis
2505 5881 2690 5954 injurii
2721 5891 2877 5936 erant
2903 5875 3220 5934 Pauliciani.

3010 5975 3050 6032 8
