4014 6412
595 422 700 483 235

1748 422 2012 482 ΡΗΟΤΙΙ
2053 424 2562 486 PATRIARCIL’E
2598 425 2706 484 (ΖΡ.

3759 423 3854 484 2'36

599 548 811 590 tuorum
840 533 1000 598 Deus,
1025 534 1114 588 sed
1137 536 1417 589 viventium
1443 535 1510 588 '°.
1551 533 1691 600 Quid
1711 537 1858 590 enim
1887 537 2167 607 quisquam

2277 533 2388 592 οὖν
2418 543 2448 592 ό
2484 538 2637 602 Θεὸς
2663 533 2891 602 νεκρῶν
2924 534 3102 600 Θεὸς,
3138 533 3298 587 ἀλλὰ
3338 531 3588 593 ζώντων.
3639 535 3707 588 Τί
3748 536 3850 607 γὰρ

600 629 703 682 hoc
749 626 968 682 oraculo
1008 625 1280 680 invenerit
1311 627 1614 691 ellieacius,
1649 637 1744 682 aut
1788 628 1856 682 ad
1888 629 2172 684 audaciam

601 720 842 775 hostium
879 719 973 773 Dei
1015 719 1401 774 destruendam
1428 719 1646 788 aptius?
1682 719 1826 774 Deus
1850 719 2171 787 Abrahami,

600 813 769 868 lsaaci
791 822 846 868 et
873 811 1080 877 Jacobi,
1111 811 1408 866 viventium
1434 809 1576 864 Deus
1597 818 1700 865 est.
1732 809 1800 864 Et
1825 813 2173 868 manifestum

599 921 732 962 sane
757 917 872 970 est,
905 904 1047 975 quod
1087 918 1319 972 quorum
1350 910 1441 957 est
1485 901 1626 957 Deus
1650 943 1665 968 ,
1703 903 1778 958 illi
1811 913 1865 959 et
1901 920 2050 959 nunc
2073 943 2088 968 ,
2121 913 2175 960 et

599 1005 720 1067 post
745 995 1196 1050 resurrectionem
1229 993 1282 1046 in
1315 993 1432 1062 ipso
1459 992 1662 1049 vivant.
1699 995 2174 1051 llesurrectionem

598 1105 730 1144 vero
759 1096 1015 1156 operatur
1060 1085 1223 1150 Deus,
1256 1084 1502 1155 adeoque
1539 1101 1677 1154 quos
1715 1085 1999 1156 resurgere
2045 1086 2174 1142 facit

597 1181 765 1235 Filius
793 1179 811 1250 (
836 1177 1275 1232 resuscitatvero
1303 1177 1550 1232 homines
1587 1193 1800 1244 omnes,
1836 1179 2032 1249 quibus
2057 1194 2174 1234 om-

598 1275 728 1326 nino
777 1269 1128 1327 continentur
1159 1276 1213 1323 et
1260 1269 1498 1338 majores
1545 1271 2070 1342 patriarcharum),
2105 1271 2174 1326 iis

596 1361 820 1414 omnino
847 1359 1160 1414 dominatur
1201 1369 1257 1412 et
1284 1373 1432 1412 nunc
1467 1368 1525 1413 et
1552 1368 1676 1429 post
1713 1360 2170 1415 resurrectionem

599 1458 763 1520 Deus,
804 1452 1024 1523 quando
1059 1451 1219 1505 ﬁctus
1254 1451 1343 1506 ille
1375 1453 1622 1521 corporis
1656 1452 1733 1507 tui
1763 1453 2014 1507 conditor
2052 1452 2173 1522 igne

589 1555 649 1600 et
678 1546 849 1600 vermi
879 1555 1086 1600 aeterno
1117 1544 1350 1598 traditus
1378 1544 1503 1608 erit,
1533 1559 1643 1598 non
1673 1545 1850 1599 solum
1896 1545 2034 1614 ipse,
2074 1545 2170 1599 sed

593 1637 749 1691 etilli
779 1637 980 1706 quibus
1029 1635 1229 1704 volupe
1278 1633 1382 1688 fuit
1429 1634 1656 1689 obedire
1696 1643 1752 1688 et
1789 1635 2171 1704 obtemperare

592 1728 862 1783 voluntati
917 1728 1054 1797 ejus.
1106 1727 1184 1780 Ac
1237 1725 1313 1780 illi
1367 1726 1589 1796 quidem
1642 1742 1765 1781 cum
1823 1727 1942 1796 ipso
1983 1740 2174 1796 poenas

593 1819 977 1880 sustinebunt,
1029 1816 1374 1870 Ahrahamus
1427 1829 1557 1868 vero
1601 1823 1655 1868 et
1694 1815 1942 1876 lsaacus,
1989 1823 2044 1868 et
2083 1812 2165 1867 Ja-

2277 629 2344 683 ἄν
2365 647 2448 693 τις
2474 629 2630 699 εὖροι
2650 627 2854 696 ταύτης
2875 627 2974 694 τῆς
3001 626 3252 696 χρήσεως
3281 624 3704 696 βεῆαιότερον,ἢ
3729 627 3853 679 καθα

2278 722 2420 774 ελεῖν
2463 721 2561 790 τὴν
2594 719 2704 774 τῶν
2744 719 3028 788 θεομάχων
3063 717 3270 787 τόλμαν
3325 717 3748 790 κραταιότερον;
3796 718 3852 770 '0

2277 817 2370 866 τοῦ
2415 812 2670 884 Ἀϐραὰμ
2705 811 2801 864 καὶ
2846 812 2876 863 6
2915 809 3012 863 τοῦ
3074 810 3260 862 Ἰσαὰκ
3303 809 3402 862 καὶ
3443 810 3474 862 6
3510 809 3604 862 τοῦ
3666 807 3853 863 Ἰακὼϐ

2275 903 2429 969 Θεὸς,
2452 904 2613 966 αὐτός
2629 905 2777 956 ἐστιν
2800 904 2827 955 6
2857 901 2964 955 τῶν
2989 899 3208 966 ζώντων
3229 899 3385 963 Θεός.
3412 901 3523 955 Kal
3552 900 3734 971 δῆλον,
3756 900 3852 964 ώς,

2277 991 2352 1052 ὧν
2371 999 2490 1050 ἐστι
2508 997 2662 1062 Θεὸς,
2688 989 2834 1048 οὗτοι
2847 991 2982 1059 ζῶσι
3004 994 3097 1046 καὶ
3119 993 3214 1046 νῦν
3236 993 3333 1046 καὶ
3357 993 3604 1064 μετὰτὴν
3626 994 3856 1047 ἀνάστα-

2280 1107 2366 1144 σιν
2399 1091 2456 1142 ἐν
2487 1089 2656 1159 αὐτῷ.
2691 1087 2802 1159 Τὴν
2839 1087 2897 1140 δὲ
2945 1086 3244 1140 ἀνάστασιν
3288 1086 3596 1156 ἐνήργησεν
3629 1085 3658 1136 6
3702 1083 3853 1146 Θεὸς,

2275 1183 2417 1238 ὥστε
2454 1181 2548 1246 οὒς
2593 1182 2876 1250 ἀνίστησιν
2923 1181 2952 1232 6
2995 1179 3119 1242 Υἱὸς
3157 1171 3390 1248 (ἀνισθτᾷ
3429 1177 3488 1230 δὲ
3537 1177 3758 1246 σύμπαν
3796 1173 3856 1229 τὸ

2277 1275 2489 1346 ποίημα
2511 1273 2648 1344 (27),
2674 1275 2732 1326 ἐν
2751 1267 2832 1336 οἷς
2851 1271 2944 1325 καὶ¹
2968 1273 3017 1324 oi
3044 1272 3299 1342 πρόγονοι
3320 1269 3429 1323 τῶν
3451 1267 3852 1339 πατριαρχῶν),

2275 1365 2482 1420 τούτων
2506 1363 2614 1435 ἄρα
2643 1361 2918 1434 βασιλεύει
2942 1362 3038 1415 καὶ
3065 1360 3164 1414 νῦν
3196 1363 3289 1414 καὶ
3317 1360 3457 1430 μετὰ
3485 1357 3584 1430 τὴν
3617 1359 3855 1410 ἀνάστα-

2278 1476 2362 1512 σιν
2389 1459 2417 1511 6
2441 1456 2572 1520 Θεὸς
2595 1496 2610 1520 ,
2635 1456 2724 1508 ὅτε
2757 1455 2850 1507 καὶ
2876 1456 2972 1506 τοῦ
3003 1452 3096 1506 σοῦ
3130 1452 3448 1521 πλάσματος
3479 1451 3508 1502 6
3531 1448 3852 1518 πεπλασμέ-

2275 1567 2366 1613 νος
2396 1549 2626 1618 ποιητὴς
2663 1546 2740 1617 τῷ
2784 1545 3131 1616 ἀτελευτήτῳ
3175 1543 3309 1613 πυρὶ
3356 1541 3451 1596 καὶ
3493 1539 3570 1604 τῷ
3611 1539 3854 1609 σκώληκι

2277 1637 2661 1708 παραδέδοται,
2690 1637 2852 1700 αὑτός
2881 1653 2940 1688 τε
2965 1637 3062 1688 καὶ
3085 1629 3168 1698 οἷς
3191 1633 3488 1687 ὑπακούειν
3519 1632 3614 1684 καὶ
3644 1630 3852 1702 ὑπηρε-

2275 1732 2388 1783 τεῖν
2411 1729 2576 1783 αὑτοῦ
2611 1727 2806 1799 γνώμη
2827 1728 3022 1798 γέγονε
3046 1726 3124 1796 τῷ
3157 1725 3443 1796 θελήματι.
3485 1722 3628 1776 Ἀλλ’
3658 1723 3853 1776 ἐκεῖνοι

2279 1821 2378 1890 μὲν
2401 1822 2500 1875 σὺν
2521 1821 2716 1890 ἐκείνῳ
2743 1821 2841 1890 τὴν
2867 1819 3024 1889 δίκην
3049 1817 3362 1888 ὑπέχουσιν,
3401 1814 3657 1885 Ἀϐραὰμ
3684 1813 3740 1867 δὲ
3762 1814 3854 1867 καὶ

592 1911 802 1972 cobus,
855 1922 1156 1976 omnesque
1211 1907 1302 1976 qui
1355 1905 1464 1961 Deo
1534 1921 1632 1976 per
1689 1906 1862 1977 legem
1920 1907 2167 1975 placent,

2279 1881 2494 1980 “lautia,
2528 1915 2626 1968 καὶ
2671 1881 2888 1977 ’ίακώᾱ
2912 1881 3006 1966 καὶ
3027 1881 3229 1974 πάντες
3251 1881 3386 1980 eici)
3413 1881 3692 1978 6t6'v6uou
3717 1905 3853 1960 Θεοῦ

589 2002 791 2072 gaudio
831 2014 1113 2068 nunquam
1160 1998 1401 2052 ﬁniendo
1449 2012 1553 2052 nec
1591 1996 1952 2052 edisserendo
1985 1997 2174 2051 fruen-

596 2107 707 2151 tur.
753 2094 893 2161 Quid
942 2094 1045 2158 ais,
1098 2094 1266 2148 miser
1325 2094 1513 2159 bomo,
1567 2100 1714 2156 tuus,
1768 2107 1931 2160 quem
1987 2106 2170 2156 vocas,

591 2187 845 2242 conditor
885 2186 1025 2257 ignis
1056 2185 1114 2239 ﬁt
1149 2199 1296 2246 esca,
1323 2183 1398 2238 illi
1425 2198 1577 2248 vero,
1622 2183 1714 2252 qui
1746 2184 1889 2236 circa
1919 2181 2170 2236 Abraha-

594 2293 743 2332 mum
773 2285 920 2341 sunt,
949 2291 979 2329 a
1002 2289 1131 2329 vero
1160 2272 1270 2326 Deo
1300 2271 1544 2326 coelestia
1576 2271 1882 2325 sortiuntur
1915 2270 2172 2324 taberna-

592 2368 736 2424 cula.
779 2367 842 2420 Et
877 2375 932 2419 tu
963 2366 1044 2418 ais
1073 2365 1346 2433 imperare
1381 2362 1448 2417 iis
1478 2376 1604 2416 eum
1625 2400 1640 2424 ,
1680 2377 1843 2430 quem
1871 2361 2171 2415 exteriores

595 2459 832 2513 tenebrae
875 2463 1150 2510 coercent.
1190 2451 1450 2508 Servator
1489 2452 1682 2508 mundi
1737 2453 1950 2507 Patrem
2008 2467 2168 2506 suum

591 2559 750 2604 vocat
783 2550 950 2603 Deum
1004 2545 1299 2600 Abrahami
1346 2555 1404 2599 et
1457 2557 1782 2600 Caeterorum
1823 2544 2168 2614 patriarcha-

589 2658 734 2696 rum.
766 2638 849 2694 Tn
887 2654 1020 2694 vero
1044 2654 1171 2694 eum
1208 2637 1278 2692 de
1327 2636 1559 2707 imperio
1587 2637 1868 2701 deturbas,
1904 2637 2024 2704 ejus
2039 2651 2169 2691 vero

589 2731 712 2788 loco
737 2730 1044 2785 introducis
1071 2745 1221 2792 eum,
1251 2728 1346 2798 qui
1364 2727 1757 2798 ignetabescit,
1793 2742 1858 2782 ac
1883 2738 1936 2782 te
1966 2727 2166 2798 ipsum,

589 2821 696 2877 nisi
731 2821 842 2876 cito
887 2821 1221 2889 resipiscens
1272 2833 1514 2873 errorem
1557 2818 1810 2889 eﬂugias,
1858 2819 1914 2871 in
1945 2818 2166 2873 easdem

581 2929 780 2984 poenas
811 2912 1054 2982 abripit?
1103 2912 1166 2966 Et
1211 2910 1387 2966 Judaei
1427 2911 1683 2980 quidem,
1714 2909 2006 2964 Servatore
2051 2910 2167 2964 ha‘c

587 3005 828 3068 dicente,
895 3002 1335 3072 pcrccllebantur
1386 3019 1401 3055 :
1459 3001 1569 3056 imo
1629 3011 1686 3056 et
1739 3001 2162 3056 Sadduczeorum

588 3095 877 3165 impudens
910 3092 1076 3148 factio
1106 3093 1485 3147 coercebatur.
1527 3093 1608 3146 Tu
1649 3107 1779 3147 vero
1812 3107 1880 3146 ne
1925 3093 2003 3147 sic
2042 3091 2164 3161 qui-

2275 2005 2657 2076 εὐαρέστησις,
2688 2005 2792 2075 τῆς
2813 2003 3172 2074 ἀτελευτήτου
3200 2003 3295 2054 καὶ
3317 2001 3686 2069 ὰνεκλαλήτου
3721 2015 3853 2069 τρυ-

2273 2095 2380 2164 φῆς
2416 2095 2770 2156 ἀπολαύουσι.
2799 2093 2865 2146 Τί
2896 2093 3076 2162 λέγεις
3097 2133 3111 2157 ,
3145 2092 3318 2155 ἄθλιε,
3344 2091 3372 2142 6
3404 2088 3496 2152 σὸς
3526 2091 3591 2158 τῇ
3636 2086 3850 2158 γλώττῃ

2270 2185 2601 2256 δημιουργὸς
2660 2185 2832 2255 πυρὸς
2872 2185 3079 2252 γίνεται
3133 2182 3338 2252 τροφὴ,
3398 2180 3449 2233 οί
3487 2179 3543 2232 δὲ
3595 2179 3727 2249 περὶ
3760 2179 3850 2232 τδν

2284 2275 2535 2347 Ἀϐραὰμ
2563 2275 2714 2345 παρὰ
2735 2275 2828 2328 τοῦ
2853 2273 3107 2345 ἀληθινοῦ
3137 2273 3272 2326 Θεοῦ
3296 2272 3392 2335 τὰς
3417 2271 3702 2342 οὐρανίους
3723 2270 3850 2340 κλη-

2273 2368 2494 2437 ροῦνται
2529 2368 2760 2438 σκηνάς.
2795 2367 2902 2420 Καὶ
2940 2367 3005 2420 σὺ
3040 2367 3220 2434 λέγεις
3254 2366 3442 2436 ἄρχειν
3467 2362 3670 2428 αὐτῶν,
3707 2363 3764 2415 6v
3789 2362 3851 2415 τὸ

2270 2458 2534 2530 ἐξώτερον
2567 2461 2783 2528 συνέχει
2811 2457 3036 2522 σκότος;
3080 2456 3138 2508 ὐ
3168 2456 3359 2526 Σωτὴρ
3388 2453 3482 2507 τοῦ
3517 2453 3726 2523 κόσμου
3758 2451 3849 2504 τὸν

2269 2552 2464 2606 ἑαυτοῦ
2493 2552 2712 2623 Πατέρα
2734 2551 2867 2604 Θεὸν
2895 2551 3043 2617 λέγει
3071 2547 3166 2601 τοῦ
3209 2547 3462 2616 Ἀϐραὰμ
3492 2548 3586 2598 καὶ
3618 2545 3726 2598 τῶν
3755 2544 3848 2598 ἆλ-

2270 2640 2380 2695 λων
2410 2641 2786 2710 πατριαρχῶν.
2820 2641 2893 2692 Σὺ
2928 2639 3028 2709 μὲν
3059 2637 3250 2690 τοῦτον
3295 2634 3582 2696 ἐκόἁλλεις
3612 2633 3715 2702 τῆς
3750 2635 3848 2703 ἀρ-

2263 2731 2391 2801 χῆς,
2446 2731 2790 2797 ἀντεισάγεις
2843 2729 2902 2783 δὲ
2950 2729 3040 2782 τὸν
3079 2726 3526 2797 κατατηκόμενον
3560 2726 3638 2798 τῷ
3673 2727 3846 2796 πυρὶ,

2268 2830 2364 2876 καὶ
2396 2823 2478 2888 σὲ,
2514 2822 2609 2875 ἐὰν
2640 2821 2716 2892 μὴ
2739 2822 2930 2874 θᾶττον
2962 2820 3245 2889 ἀνανήψας
3275 2819 3453 2889 φύγῃς
3483 2817 3583 2888 τὴν
3614 2818 3846 2886 πλάνην,

2266 2916 2388 2977 ταῖς
2437 2913 2629 2977 αὑταῖς
2671 2912 3057 2979 συναπάγοντα
3081 2912 3192 2980 (‘28)
3238 2912 3474 2972 ποιναῖς.
3517 2909 3628 2962 Καὶ
3663 2910 3714 2961 oi
3751 2909 3850 2978 μὲν

2282 3005 2546 3071 Ἰουδαῖοι,
2593 3003 2769 3058 ταῦτα
2807 3003 3060 3072 λέγοντος
3106 3001 3202 3054 τοῦ
3261 3002 3536 3073 Σωτῆρος,
3585 3002 3849 3070 ἐξεπλήτ-

2267 3115 2442 3164 τοντο,
2467 3098 2553 3151 ναὶ
2577 3096 2642 3168 δὴ
2668 3095 2842 3150 καὶτὸ
2873 3095 2982 3148 τῶν
3003 3094 3374 3148 Σαδδουκαίων
3406 3094 3624 3158 ἀναιδὲς
3650 3094 3845 3163 ἐπεφί-

587 3188 712 3243 dcm
750 3187 990 3257 linguam
1039 3185 1373 3255 compescis,
1403 3201 1506 3240 nec
1555 3185 1752 3256 impias
1805 3183 2164 3256 cogitationes

2272 3204 2438 3256 μωτο.
2481 3187 2553 3240 Σὺ
2603 3186 2648 3239 δ’
2681 3185 2789 3239 οὐδ’
2834 3184 2976 3238 οὕτω
3012 3182 3250 3255 χαλινοῖς
3282 3182 3381 3253 τὴν
3405 3183 3679 3250 γλῶτταν,
3727 3183 3849 3236 οὒδέ

588 3278 815 3334 deseris.
841 3277 1126 3343 Quomodo
1149 3276 1352 3346 itaque,
1373 3285 1466 3329 aut
1491 3277 1656 3342 unde,
1676 3283 1770 3331 aut
1785 3291 1893 3347 quo
1918 3284 2165 3346 tempore

2272 3281 2376 3332 τῶν
2403 3278 2680 3348 λογισμῶν
2725 3276 3085 3348 ἀπορρίπτεις
3129 3275 3190 3327 τὸ
3209 3273 3557 3345 δυσσέϐημα.
3589 3275 3700 3329 Καὶ
3730 3275 3848 3339 πῶς

587 3371 673 3425 vel
705 3379 855 3441 gutta
888 3368 1058 3424 veniae
1094 3368 1190 3423 tibi
1222 3367 1490 3423 stillabit?

657 3549 844 3605 XXVI.
891 3549 998 3605 Sed
1026 3565 1128 3605 nec
1173 3551 1279 3606 hoc
1315 3551 1738 3622 praetermittere
1769 3552 1852 3608 fas
1885 3564 1990 3610 est.
2027 3554 2165 3622 Qui-

583 3642 712 3698 dam
748 3641 1172 3706 Pharisaeorum,
1207 3641 1300 3711 qui
1327 3641 1447 3696 aliis
1473 3641 1608 3713 legis
1639 3644 1870 3700 scientia
1900 3658 2164 3716 praeSIare

583 3732 934 3796 videbantur,
966 3729 1330 3785 tentationem
1363 3727 1491 3784 Jesu
1528 3729 1874 3799 aggreditur,
1904 3740 1960 3784 et
1994 3731 2164 3787 inter-

583 3829 760 3890 rogat,
795 3819 1006 3881 dicens,
1031 3819 1302 3888 Magister,
1329 3819 1591 3888 quodnam
1620 3829 1937 3888 prwceptum
1975 3821 2032 3873 in
2055 3821 2163 3890 lege

583 3911 761 3979 majus
792 3919 864 3962 est
896 3911 964 3962 ἰ.
984 3907 1120 3962 Vide
1153 3924 1282 3962 vero
1305 3925 1370 3962 ex
1403 3908 1490 3972 iis,
1520 3924 1641 3976 qua:
1663 3910 1960 3979 respondet
1977 3908 2160 3975 Jesus,

582 4000 861 4070 quomodo
886 3997 1174 4068 praeceptis
1196 3996 1447 4052 Mosaicis
1462 4007 1517 4052 et
1547 3998 1889 4068 dignitatem,
1926 4008 1980 4054 et
2009 4015 2160 4053 amo-

580 4108 697 4146 rem
741 4090 836 4144 Dei
877 4090 982 4144 illis
1026 4102 1385 4160 praeceptum,
1428 4089 1689 4145 vindicet.
1742 4090 1941 4162 Diliges
1987 4093 2157 4158 enim,

582 4184 785 4254 inquit,
841 4181 1120 4235 Dominum
1150 4182 1320 4236 Deum
1367 4191 1513 4236 tuum
1549 4199 1610 4236 ex
1642 4192 1747 4236 toto
1775 4190 1927 4237 corde
1954 4193 2072 4246 tuo,
2110 4195 2159 4238 et

579 4277 636 4327 ἔοι
664 4283 773 4326 tota
797 4273 978 4327 animo
1004 4283 1117 4337 tua,
1140 4281 1187 4327 et
1215 4275 1269 4327 in
1293 4283 1402 4327 tota
1428 4285 1597 4328 mente
1627 4285 1718 4329 tua
1741 4277 1808 4330 ’³.
1836 4277 2016 4346 Atque
2040 4278 2158 4334 hzec

2265 3371 2331 3425 ἂν
2355 3370 2528 3434 ἄλλως
2574 3371 2607 3440 ἢ
2661 3369 2824 3422 πόθεν
2877 3368 3208 3438 συγγνώμης
3240 3384 3322 3421 σοι
3357 3367 3598 3436 σταγὼν,
3637 3368 3671 3438 ἢ
3704 3367 3848 3422 κατὰ

2266 3465 2420 3515 ποῖον
2448 3461 2638 3532 καιρδν
2674 3460 3166 3530 ἐπισταχθήσεται;
3228 3509 3233 3514 .

2337 3551 2480 3620 Κῖῗ.
2523 3553 2646 3605 Οὐδ’
2697 3554 2875 3605 ἐκεῖνο
2926 3551 2986 3605 δὲ
3031 3552 3213 3621 δεήσει
3259 3552 3664 3623 παραδραμεὶν.
3723 3551 3846 3603 Τῶν

2262 3643 2570 3716 Φαρισαίων
2600 3660 2708 3709 τις,
2732 3643 2905 3696 δοκῶν
2935 3641 3043 3694 τῶν
3076 3620 3252 3693 ἄλλων
3278 3620 3350 3711 τῇ
3381 3620 3490 3694 του.
3508 3620 3674 3710 νόμου
3705 3639 3846 3708 γνώ-

2265 3753 2348 3788 σει
2379 3735 2654 3805 προέχειν,
2689 3737 2769 3796 ei;
2798 3737 2994 3806 πεῖραν
3011 3733 3173 3792 αὑτὸν
3199 3733 3489 3802 καθίστησι
3511 3731 3607 3784 τοῦ
3645 3731 3846 3801 Ἰησοῦ,

2264 3829 2357 3880 καὶ
2392 3825 2666 3896 ἐπερωτᾷ,
2694 3823 3054 3888 Διδάσκαλε,
3086 3823 3282 3890 λέγων,
3319 3822 3464 3876 ποία
3494 3821 3714 3887 ἐντολή
3735 3837 3848 3890 με·

2262 3914 2416 3985 γάλη
2466 3916 2536 3969 ἐν
2585 3914 2664 3979 τῷ
2718 3916 2914 3984 rom»;
2977 3915 3085 3967 Καὶ
3117 3914 3254 3983 ὅρα,
3293 3913 3361 3966 δι’
3391 3905 3468 3966 ὧν
3501 3911 3789 3981 ἀμείϐεται
3819 3912 3849 3962 6

2275 4003 2507 4075 Ἰησοῦς,
2545 4006 2694 4068 ὅπως
2723 4006 2842 4066 ταῖς
2880 4004 3202 4064 Μωσαῖκαίς
3243 4002 3485 4062 ἐντολαῖς
3531 3999 3712 4053 καὶτὸ
3741 4015 3846 4069 με·

2261 4095 2477 4164 γαλεῖον
2508 4095 2942 4165 ἐπιμαρτύρεται
2969 4095 3064 4147 καὶ
3093 4093 3154 4146 τὸ
3180 4092 3448 4161 θεοφιλές.
3492 4089 3850 4160 Ἀγαπήσεις

2261 4185 2392 4257 γὰρ,
2423 4186 2586 4255 φησι,
2631 4186 2850 4252 Κύριον
2878 4184 2986 4236 τὸν
3028 4184 3178 4238 Geor
3215 4197 3333 4236 σου
3362 4180 3477 4249 ὅλῃ
3522 4179 3597 4249 τῇ
3627 4179 3848 4249 καρδίᾳ

2260 4292 2399 4339 σου,
2435 4281 2532 4328 καὶ
2580 4275 2650 4328 ἐν
2688 4274 2802 4341 ὅλῃ
2848 4273 2925 4342 τῇ
2971 4272 3144 4342 ψυχῇ
3191 4288 3341 4336 σου,
3375 4271 3473 4326 καί
3520 4272 3590 4324 ἐν
3621 4272 3733 4340 ὅλῃ
3767 4269 3846 4340 τῇ

2259 4368 2488 4435 διανοίᾳ
2539 4384 2677 4424 σου.
2731 4367 2840 4420 Καὶ
2873 4365 3032 4419 τοῦτο
3070 4367 3235 4436 μὲνὴ
3287 4365 3382 4418 τοῦ
3431 4366 3599 4436 νόμου
3652 4367 3842 4436 φωνήο

2259 4459 2497 4529 πρόσχες
2526 4458 2582 4510 δὲ
2627 4458 2722 4511 καὶ
2764 4457 3040 4528 ἐπικρίσει
3086 4460 3153 4527 τῇ
3179 4459 3507 4528 Δεσποτικῇ.
3559 4459 3848 4528 Ἐπιφὲρει

580 4364 800 4433 quidem
831 4364 971 4433 legis
1020 4380 1178 4418 mens
1207 4373 1290 4419 est
1326 4382 1340 4420 :
1373 4365 1595 4420 attende
1642 4382 1772 4420 vero
1803 4377 1853 4421 et
1896 4369 1966 4421 ad
2004 4368 2157 4438 judi-

579 4455 726 4508 cium
752 4454 991 4508 Domini.
1029 4453 1323 4524 Subjungit
1365 4455 1512 4508 enim
1542 4473 1556 4509 :
1607 4455 1718 4509 Hoc
1746 4467 1817 4510 est
1852 4459 2081 4527 primum
2106 4468 2154 4512 et

579 4547 909 4617 prwcipuum
953 4558 1272 4618 prwceptum
1297 4548 1381 4615 ¹³;
1424 4563 1680 4619 magnum
1737 4560 2068 4620 praeceptum
2101 4563 2156 4606 et

2272 4550 2584 4622 γάρἈῦτη
2629 4550 2761 4604 ἐστὶ
2808 4551 3007 4620 πρώτη
3051 4554 3150 4606 καὶ
3175 4553 3410 4624 μεγάλη
3453 4552 3709 4621 ἐντολὴ,
3744 4568 3844 4621 με·

578 4639 918 4710 praacipuum
951 4655 1099 4706 eum,
1129 4639 1223 4710 qui
1252 4639 1357 4711 legi
1381 4639 1681 4694 conformis
1701 4650 1804 4707 est,
1833 4642 1922 4695 Dei
1944 4643 2153 4698 cultum

2272 4641 2434 4712 γάλην
2478 4640 2696 4710 ἐντολὴν
2747 4643 2837 4694 καὶ
2877 4640 3101 4714 πρώτην
3131 4644 3228 4714 τὴν
3272 4643 3417 4697 κατὰ
3473 4644 3626 4712 νόμον
3654 4644 3849 4698 θεοσέ-

576 4747 804 4787 vocans.
836 4733 1098 4798 Quaanam
1128 4741 1310 4787 autem
1339 4731 1569 4800 jubehat
1601 4734 1902 4788 necessitas
1937 4734 2040 4789 hoc
2063 4736 2152 4804 ju-

2272 4718 2416 4786 Βειαν
2458 4731 2659 4786 καλῶν.
2689 4732 2882 4786 Καίτοι
2909 4735 2992 4798 τίς
3021 4737 3269 4789 ἐπέκειτο
3298 4736 3460 4806 χρεία
3489 4737 3569 4799 είς
3601 4736 3699 4806 τὴν
3727 4734 3849 4804 ψῆ-

577 4822 782 4877 dicium
806 4821 972 4887 ferre,
996 4831 1050 4876 et
1070 4822 1213 4876 hanc
1243 4821 1655 4892 praerogativam
1682 4823 1959 4880 vindicare
1985 4827 2156 4882 cultui

2272 4839 2354 4892 ρον
2399 4822 2604 4892 ταύτην
2633 4824 2831 4890 ἐλθεῖν,
2864 4825 3044 4879 καὶτὸ
3081 4827 3369 4897 μεγαλεῖον
3400 4827 3581 4881 δοῦναι
3618 4831 3684 4898 τῇ
3716 4826 3854 4879 θεο-

576 4913 764 4967 diviuo
821 4911 1080 4978 Mosaico,
1145 4912 1250 4965 nisi
1285 4927 1383 4982 pro
1431 4922 1657 4982 paterno
1712 4914 1960 4969 instituto
2005 4917 2155 4972 illum

2272 4915 2441 4988 τεϐείᾳ
2481 4921 2548 4989 τῇ
2581 4919 2888 4992 Μωσαῖκῇ,
2929 4922 2978 4972 εί
3009 4920 3084 4991 μὴ
3116 4922 3374 4992 πατρῴας
3404 4923 3611 4994 ταύτην
3649 4917 3852 4986 ἐπεγί-

575 5003 903 5059 habuisset?
940 5003 1048 5057 Sed
1097 5003 1272 5073 ipsum
1307 5019 1526 5073 quoque
1556 5015 1888 5075 praeceptum
1942 5022 2042 5077 per
2073 5022 2152 5070 se.

2272 5026 2430 5062 νωσκε
2472 5011 2816 5080 νομοθεσίας.
2863 5013 3008 5082 Πλὴν
3037 5015 3132 5066 καὶ
3164 5015 3300 5084 αὐτή
3323 5032 3386 5082 γε
3420 5015 3545 5066 καθ’
3572 5011 3772 5080 ἑαυτὴν
3807 5012 3846 5080 ἡ

573 5095 620 5151 si
644 5096 769 5166 quis
797 5093 1253 5160 consideraverit,
1295 5110 1481 5150 nonne
1521 5095 1746 5167 plenum
1779 5106 1862 5152 est
1893 5098 2156 5154 beneﬁca:

2272 5101 2468 5172 ;ντολὴ,
2526 5101 2576 5154 εῐ
2605 5120 2690 5168 τις
2726 5104 2898 5158 ἐθέλοι
2932 5107 3178 5175 θεωρεῖν,
3228 5104 3343 5167 πῶς
3389 5103 3449 5156 οὐ
3509 5101 3678 5174 μεστὴ
3729 5101 3852 5170 μὲν

563 5291 566 5297 Ι
647 5207 692 5240 ⁸ο
711 5207 902 5262 Matth.
943 5222 1078 5272 ml,
1107 5207 1197 5262 5t.
1273 5210 1314 5240 ’ί
1347 5207 1538 5263 Matth.
1571 5224 1708 5270 χχιι,
1735 5208 1824 5264 56.
1902 5211 1947 5241 ²²
1975 5213 2109 5270 ibid.
2144 5217 2167 5272 Ξ

2310 5220 2354 5251 ’⁸
2380 5218 2514 5274 ibid.

1655 5365 1887 5422 VARIE
1922 5369 2307 5426 LECTIONES
2337 5373 2426 5427 ET
2465 5373 2702 5432 NOTAE.

643 5478 1136 5553 (27)_Hoc'nya.Dc
1155 5479 1464 5534 hominibus
1485 5480 1766 5553 speciatim
1795 5483 2146 5553 interpretor,

571 5549 640 5604 de
666 5550 865 5618 quibus
887 5565 1019 5604 sane
1043 5551 1130 5604 hic
1153 5566 1334 5623 sermo
1356 5558 1459 5623 est,
1481 5549 1588 5604 non
1610 5551 1866 5621 ignorans
1885 5549 2148 5623 alioquin,
2252 5549 2362 5610 τῶν
2389 5549 2546 5614 ὅλων.

573 5623 641 5672 de
671 5631 782 5700 tota
815 5621 1572 5703 creaturarnmnuniversitatc
1610 5624 1749 5676 hanc
1779 5639 1964 5703 vocem
1993 5621 2151 5703 usur-
2326 5628 2438 5703 (28)
2479 5631 2933 5698 Συναπάνοντα.
2968 5629 3050 5684 lla
3095 5632 3442 5686 scribendum
3476 5641 3562 5687 est
3585 5649 3676 5703 pro
3700 5649 3860 5688 συν-

571 5690 691 5757 pari
723 5705 904 5773 posse,
930 5691 1075 5773 sicut
1097 5701 1152 5744 et
1175 5690 1315 5773 Deus
1347 5692 1462 5773 ipse
1488 5693 2154 5773 aii-eal‘lllllpl‘OdDCllOﬂt:
2253 5690 2552 5773 υπᾶγόντα,
2596 5690 2745 5766 quod
2783 5707 2876 5773 est
2918 5701 2974 5752 in
3016 5717 3118 5773 ms.
3151 5701 3344 5771 Neque
3369 5704 3517 5756 enim
3554 5690 3691 5756 aliud
3740 5719 3859 5773 pa—

573 5761 801 5844 πριητὴς
836 5761 1171 5844 appellatur.
1224 5761 1467 5844 “lustris.
1511 5761 1801 5844 Theophili
1859 5771 1944 5844 est
2002 5764 2155 5844 locus
2254 5761 2387 5819 titur
2415 5761 2714 5844 pronomen
2749 5768 2807 5820 σὲ
2843 5770 3193 5844 antecedens,
3229 5761 3296 5828 a'd
3331 5773 3478 5844 quod
3509 5761 3760 5828 refertur.
3784 5775 3861 5827 τὸ

571 5827 668 5886 lib.
690 5827 846 5897 τρια
874 5827 1182 5903 Ἁιιιοιυειιπι
1220 5847 1237 5886 ;
1269 5831 1402 5896 Θεὸς
1439 5827 1771 5902 δημιουργὸς
1801 5832 1898 5886 καὶ
1925 5835 2155 5915 φητὴς

2272 5827 2612 5906 ςυναπάγειν,
2641 5837 2693 5892 id
2720 5848 2802 5896 est
2823 5876 2838 5905 ,
2880 5837 3156 5896 abducere.

2252 5487 2470 5564 λέγεται
2493 5531 2508 5555 ,
2556 5491 2646 5544 διὰ
2676 5490 2736 5544 τὸ
2769 5493 2932 5547 αὐτὸν
2981 5497 3124 5550 εἶναι
3159 5497 3386 5561 κτίστην
3411 5531 3426 5556 ,
3465 5493 3560 5546 καὶ
3604 5494 3855 5564 ποιητὴν
