  <div class='ocr_page' id='page_1' title='image "/cluster/home/n/w/nwhite01/storage/ocr_20150623/102/hvd.32044012543948/126.png"; bbox 0 0 4022 6426; ppageno 0'>
   <div class='ocr_carea' id='block_1_1' title="bbox 147 457 261 521">
    <p class='ocr_par' dir='ltr' id='par_1_1' title="bbox 147 457 261 521">
     <span class='ocr_line' id='line_1_1' title="bbox 147 457 261 521; baseline -0.009 0"><span class='ocrx_word' id='word_1_1' title='bbox 147 457 261 521; x_wconf 78' lang='lat'><strong>237</strong></span> 
     </span>
    </p>
   </div>
   <div class='ocr_carea' id='block_1_2' title="bbox 1163 456 2365 521">
    <p class='ocr_par' dir='ltr' id='par_1_2' title="bbox 1163 456 2365 521">
     <span class='ocr_line' id='line_1_2' title="bbox 1163 456 2365 521; baseline -0.002 -2"><span class='ocrx_word' id='word_1_2' title='bbox 1163 460 1460 521; x_wconf 81' lang='lat' dir='ltr'><strong>CONTRA</strong></span> <span class='ocrx_word' id='word_1_3' title='bbox 1500 456 1961 518; x_wconf 71' lang='lat' dir='ltr'><strong>MANlCI-LEOS</strong></span> <span class='ocrx_word' id='word_1_4' title='bbox 1997 457 2227 517; x_wconf 81' lang='lat' dir='ltr'><strong>LIBER</strong></span> <span class='ocrx_word' id='word_1_5' title='bbox 2268 458 2365 518; x_wconf 88' lang='lat' dir='ltr'><strong>IV.</strong></span> 
     </span>
    </p>
   </div>
   <div class='ocr_carea' id='block_1_3' title="bbox 3307 457 3414 520">
    <p class='ocr_par' dir='ltr' id='par_1_3' title="bbox 3307 457 3414 520">
     <span class='ocr_line' id='line_1_3' title="bbox 3307 457 3414 520; baseline 0 0"><span class='ocrx_word' id='word_1_6' title='bbox 3307 457 3414 520; x_wconf 79' lang='lat'><strong>238</strong></span> 
     </span>
    </p>
   </div>
   <div class='ocr_carea' id='block_1_4' title="bbox 150 562 1752 638">
    <p class='ocr_par' dir='ltr' id='par_1_4' title="bbox 150 562 1735 638">
     <span class='ocr_line' id='line_1_4' title="bbox 150 562 1735 638; baseline -0.004 -16"><span class='ocrx_word' id='word_1_7' title='bbox 150 562 504 638; x_wconf 78' lang='grc' dir='ltr'>ἀγαθοειδοῦς</span> <span class='ocrx_word' id='word_1_8' title='bbox 554 566 649 618; x_wconf 75' lang='grc' dir='ltr'>καὶ</span> <span class='ocrx_word' id='word_1_9' title='bbox 708 563 859 628; x_wconf 88' lang='grc' dir='ltr'>θείας</span> <span class='ocrx_word' id='word_1_10' title='bbox 914 564 1240 631; x_wconf 78' lang='grc' dir='ltr'>ἐπιπνοίας;</span> <span class='ocrx_word' id='word_1_11' title='bbox 1305 567 1478 637; x_wconf 85' lang='grc' dir='ltr'>μεστὴ</span> <span class='ocrx_word' id='word_1_12' title='bbox 1520 564 1578 618; x_wconf 79' lang='grc' dir='ltr'>δὲ</span> <span class='ocrx_word' id='word_1_13' title='bbox 1636 566 1735 634; x_wconf 82' lang='grc' dir='ltr'><strong>τῆς</strong></span> 
     </span>
    </p>
   </div>
   <div class='ocr_carea' id='block_1_5' title="bbox 1855 562 3411 638">
    <p class='ocr_par' dir='ltr' id='par_1_5' title="bbox 1855 563 3411 636">
     <span class='ocr_line' id='line_1_5' title="bbox 1855 563 3411 636; baseline 0.004 -21"><span class='ocrx_word' id='word_1_14' title='bbox 1855 572 1893 617; x_wconf 75' lang='lat' dir='ltr'><strong>:t</strong></span> <span class='ocrx_word' id='word_1_15' title='bbox 1919 564 2118 618; x_wconf 69' lang='lat' dir='ltr'><strong>divina:</strong></span> <span class='ocrx_word' id='word_1_16' title='bbox 2148 563 2539 633; x_wconf 79' lang='lat' dir='ltr'><strong>inspirationis,</strong></span> <span class='ocrx_word' id='word_1_17' title='bbox 2563 566 2793 635; x_wconf 86' lang='lat' dir='ltr'><strong>plenum</strong></span> <span class='ocrx_word' id='word_1_18' title='bbox 2820 566 3008 635; x_wconf 71' lang='lat' dir='ltr'><strong>prima:</strong></span> <span class='ocrx_word' id='word_1_19' title='bbox 3033 564 3411 636; x_wconf 58' lang='lat' dir='ltr'><strong>philosophiae,</strong></span> 
     </span>
    </p>
   </div>
   <div class='ocr_carea' id='block_1_6' title="bbox 153 654 1734 731">
    <p class='ocr_par' dir='ltr' id='par_1_6' title="bbox 153 654 1734 731">
     <span class='ocr_line' id='line_1_6' title="bbox 153 654 1734 731; baseline -0.003 -19"><span class='ocrx_word' id='word_1_20' title='bbox 153 658 383 731; x_wconf 68' lang='grc' dir='ltr'>πρώτης</span> <span class='ocrx_word' id='word_1_21' title='bbox 426 656 779 726; x_wconf 72' lang='grc' dir='ltr'><strong>φιλοσοφίας,</strong></span> <span class='ocrx_word' id='word_1_22' title='bbox 813 655 945 708; x_wconf 76' lang='grc' dir='ltr'><strong>Θεὸν</strong></span> <span class='ocrx_word' id='word_1_23' title='bbox 982 656 1183 710; x_wconf 77' lang='grc' dir='ltr'>εἰδέναι</span> <span class='ocrx_word' id='word_1_24' title='bbox 1216 656 1307 709; x_wconf 72' lang='grc' dir='ltr'>τὸν</span> <span class='ocrx_word' id='word_1_25' title='bbox 1338 657 1593 726; x_wconf 84' lang='grc' dir='ltr'>Πλάστην</span> <span class='ocrx_word' id='word_1_26' title='bbox 1636 654 1734 707; x_wconf 74' lang='grc' dir='ltr'><strong>καὶ</strong></span> 
     </span>
    </p>
   </div>
   <div class='ocr_carea' id='block_1_7' title="bbox 151 744 1732 818">
    <p class='ocr_par' dir='ltr' id='par_1_7' title="bbox 151 744 1732 818">
     <span class='ocr_line' id='line_1_7' title="bbox 151 744 1732 818; baseline -0.003 -15"><span class='ocrx_word' id='word_1_27' title='bbox 151 744 489 818; x_wconf 76' lang='grc' dir='ltr'><strong>Εὐεργέτην,</strong></span> <span class='ocrx_word' id='word_1_28' title='bbox 535 749 631 801; x_wconf 77' lang='grc' dir='ltr'>καὶ</span> <span class='ocrx_word' id='word_1_29' title='bbox 664 748 771 817; x_wconf 70' lang='grc' dir='ltr'>πρὸ</span> <span class='ocrx_word' id='word_1_30' title='bbox 814 747 922 800; x_wconf 88' lang='grc' dir='ltr'><strong>τῶν</strong></span> <span class='ocrx_word' id='word_1_31' title='bbox 960 747 1135 801; x_wconf 79' lang='grc' dir='ltr'>ἀλλων</span> <span class='ocrx_word' id='word_1_32' title='bbox 1182 748 1438 801; x_wconf 79' lang='grc' dir='ltr'>ἀπάντων</span> <span class='ocrx_word' id='word_1_33' title='bbox 1489 748 1732 817; x_wconf 80' lang='grc' dir='ltr'><strong>ἀγαπᾷν.</strong></span> 
     </span>
    </p>
   </div>
   <div class='ocr_carea' id='block_1_8' title="bbox 152 836 1735 910">
    <p class='ocr_par' dir='ltr' id='par_1_8' title="bbox 152 836 1735 910">
     <span class='ocr_line' id='line_1_8' title="bbox 152 836 1735 910; baseline -0.003 -16"><span class='ocrx_word' id='word_1_34' title='bbox 152 842 295 894; x_wconf 78' lang='grc' dir='ltr'>Τίνα</span> <span class='ocrx_word' id='word_1_35' title='bbox 318 842 423 910; x_wconf 83' lang='grc' dir='ltr'>γὰρ</span> <span class='ocrx_word' id='word_1_36' title='bbox 456 839 613 891; x_wconf 66' lang='grc' dir='ltr'>ἄλλον</span> <span class='ocrx_word' id='word_1_37' title='bbox 647 838 816 909; x_wconf 80' lang='grc' dir='ltr'>ἐχρῆν</span> <span class='ocrx_word' id='word_1_38' title='bbox 847 838 954 909; x_wconf 81' lang='grc' dir='ltr'><strong>πρὸ</strong></span> <span class='ocrx_word' id='word_1_39' title='bbox 984 838 1080 891; x_wconf 80' lang='grc' dir='ltr'>τοῦ</span> <span class='ocrx_word' id='word_1_40' title='bbox 1113 838 1410 909; x_wconf 77' lang='grc' dir='ltr'><strong>κηδεμόνας</strong></span> <span class='ocrx_word' id='word_1_41' title='bbox 1439 838 1535 892; x_wconf 74' lang='grc' dir='ltr'>καὶ</span> <span class='ocrx_word' id='word_1_42' title='bbox 1567 839 1631 890; x_wconf 82' lang='grc' dir='ltr'>ἐκ</span> <span class='ocrx_word' id='word_1_43' title='bbox 1660 836 1735 908; x_wconf 79' lang='grc' dir='ltr'>μὴ</span> 
     </span>
    </p>
   </div>
   <div class='ocr_carea' id='block_1_9' title="bbox 146 927 1733 1003">
    <p class='ocr_par' dir='ltr' id='par_1_9' title="bbox 146 927 1733 1003">
     <span class='ocr_line' id='line_1_9' title="bbox 146 927 1733 1003; baseline 0.006 -20"><span class='ocrx_word' id='word_1_44' title='bbox 146 932 326 984; x_wconf 66' lang='grc' dir='ltr'>ὄντων</span> <span class='ocrx_word' id='word_1_45' title='bbox 366 930 804 1000; x_wconf 83' lang='grc' dir='ltr'>ὑποστήσαντος;</span> <span class='ocrx_word' id='word_1_46' title='bbox 852 929 971 993; x_wconf 85' lang='grc' dir='ltr'><strong>πῶς</strong></span> <span class='ocrx_word' id='word_1_47' title='bbox 1019 931 1077 984; x_wconf 83' lang='grc' dir='ltr'>δὲ</span> <span class='ocrx_word' id='word_1_48' title='bbox 1128 931 1225 999; x_wconf 83' lang='grc' dir='ltr'>οὐχ</span> <span class='ocrx_word' id='word_1_49' title='bbox 1259 930 1357 1003; x_wconf 76' lang='grc' dir='ltr'><strong>ὅλῃ</strong></span> <span class='ocrx_word' id='word_1_50' title='bbox 1407 929 1507 998; x_wconf 78' lang='grc' dir='ltr'>μὲν</span> <span class='ocrx_word' id='word_1_51' title='bbox 1555 927 1733 997; x_wconf 72' lang='grc' dir='ltr'>ψυχῇ,</span> 
     </span>
    </p>
   </div>
   <div class='ocr_carea' id='block_1_10' title="bbox 151 1018 1737 1093">
    <p class='ocr_par' dir='ltr' id='par_1_10' title="bbox 151 1018 1737 1093">
     <span class='ocr_line' id='line_1_10' title="bbox 151 1018 1737 1093; baseline -0.001 -21"><span class='ocrx_word' id='word_1_52' title='bbox 151 1023 257 1090; x_wconf 78' lang='grc' dir='ltr'>οὐχ</span> <span class='ocrx_word' id='word_1_53' title='bbox 280 1022 377 1093; x_wconf 77' lang='grc' dir='ltr'><strong>ὅλῃ</strong></span> <span class='ocrx_word' id='word_1_54' title='bbox 406 1020 462 1072; x_wconf 84' lang='grc' dir='ltr'>δὲ</span> <span class='ocrx_word' id='word_1_55' title='bbox 495 1020 709 1090; x_wconf 82' lang='grc' dir='ltr'>καρδίᾳ,</span> <span class='ocrx_word' id='word_1_56' title='bbox 736 1021 833 1089; x_wconf 83' lang='grc' dir='ltr'>οὐχ</span> <span class='ocrx_word' id='word_1_57' title='bbox 866 1021 961 1091; x_wconf 79' lang='grc' dir='ltr'><strong>ὅλῃ</strong></span> <span class='ocrx_word' id='word_1_58' title='bbox 991 1021 1049 1073; x_wconf 82' lang='grc' dir='ltr'>δὲ</span> <span class='ocrx_word' id='word_1_59' title='bbox 1070 1020 1305 1089; x_wconf 76' lang='grc' dir='ltr'>διανοίᾳ,</span> <span class='ocrx_word' id='word_1_60' title='bbox 1345 1019 1486 1089; x_wconf 87' lang='grc' dir='ltr'><strong>μετά</strong></span> <span class='ocrx_word' id='word_1_61' title='bbox 1510 1036 1655 1081; x_wconf 87' lang='grc' dir='ltr'>τινος</span> <span class='ocrx_word' id='word_1_62' title='bbox 1680 1018 1737 1071; x_wconf 82' lang='grc' dir='ltr'>δὲ</span> 
     </span>
    </p>
   </div>
   <div class='ocr_carea' id='block_1_11' title="bbox 150 1105 1740 1182">
    <p class='ocr_par' dir='ltr' id='par_1_11' title="bbox 150 1105 1740 1182">
     <span class='ocr_line' id='line_1_11' title="bbox 150 1105 1740 1182; baseline -0.001 -17"><span class='ocrx_word' id='word_1_63' title='bbox 150 1111 459 1181; x_wconf 70' lang='grc' dir='ltr'>δισταγμοῦ</span> <span class='ocrx_word' id='word_1_64' title='bbox 490 1114 584 1165; x_wconf 76' lang='grc' dir='ltr'>καὶ</span> <span class='ocrx_word' id='word_1_65' title='bbox 613 1110 979 1182; x_wconf 83' lang='grc' dir='ltr'>διαμερισμοῦ</span> <span class='ocrx_word' id='word_1_66' title='bbox 1020 1111 1297 1181; x_wconf 79' lang='grc' dir='ltr'><strong>λογισμῶν</strong></span> <span class='ocrx_word' id='word_1_67' title='bbox 1331 1111 1426 1164; x_wconf 71' lang='grc' dir='ltr'>καὶ</span> <span class='ocrx_word' id='word_1_68' title='bbox 1483 1105 1595 1163; x_wconf 77' lang='grc' dir='ltr'>οἷον</span> <span class='ocrx_word' id='word_1_69' title='bbox 1635 1111 1740 1178; x_wconf 81' lang='grc' dir='ltr'>ἀφ-</span> 
     </span>
    </p>
   </div>
   <div class='ocr_carea' id='block_1_12' title="bbox 151 1202 1737 1274">
    <p class='ocr_par' dir='ltr' id='par_1_12' title="bbox 151 1202 1737 1274">
     <span class='ocr_line' id='line_1_12' title="bbox 151 1202 1737 1274; baseline -0.003 -17"><span class='ocrx_word' id='word_1_70' title='bbox 151 1205 480 1273; x_wconf 86' lang='grc' dir='ltr'>οσιούμενον</span> <span class='ocrx_word' id='word_1_71' title='bbox 506 1203 583 1272; x_wconf 85' lang='grc' dir='ltr'>τῷ</span> <span class='ocrx_word' id='word_1_72' title='bbox 607 1203 851 1267; x_wconf 78' lang='grc' dir='ltr'>ὲτάξοντι</span> <span class='ocrx_word' id='word_1_73' title='bbox 869 1203 1098 1274; x_wconf 80' lang='grc' dir='ltr'><strong>καρδίας</strong></span> <span class='ocrx_word' id='word_1_74' title='bbox 1115 1203 1211 1256; x_wconf 66' lang='grc' dir='ltr'>καὶ</span> <span class='ocrx_word' id='word_1_75' title='bbox 1238 1202 1469 1273; x_wconf 83' lang='grc' dir='ltr'>νεφροὺς</span> <span class='ocrx_word' id='word_1_76' title='bbox 1492 1203 1737 1273; x_wconf 87' lang='grc' dir='ltr'>προσῆκε</span> 
     </span>
    </p>
   </div>
   <div class='ocr_carea' id='block_1_13' title="bbox 157 1288 1738 1369">
    <p class='ocr_par' dir='ltr' id='par_1_13' title="bbox 157 1288 1738 1369">
     <span class='ocr_line' id='line_1_13' title="bbox 157 1288 1738 1369; baseline -0.004 -19"><span class='ocrx_word' id='word_1_77' title='bbox 157 1298 352 1369; x_wconf 81' lang='grc' dir='ltr'>φέρειν</span> <span class='ocrx_word' id='word_1_78' title='bbox 380 1297 478 1368; x_wconf 82' lang='grc' dir='ltr'>τὴν</span> <span class='ocrx_word' id='word_1_79' title='bbox 506 1297 605 1360; x_wconf 82' lang='grc' dir='ltr'><strong>τῆς</strong></span> <span class='ocrx_word' id='word_1_80' title='bbox 634 1298 856 1366; x_wconf 84' lang='grc' dir='ltr'><strong>ἀγάπης</strong></span> <span class='ocrx_word' id='word_1_81' title='bbox 886 1296 1107 1367; x_wconf 75' lang='grc' dir='ltr'><strong>ὀφειλὴν</strong></span> <span class='ocrx_word' id='word_1_82' title='bbox 1146 1295 1262 1349; x_wconf 81' lang='grc' dir='ltr'>ἀνθ’</span> <span class='ocrx_word' id='word_1_83' title='bbox 1300 1288 1376 1347; x_wconf 81' lang='grc' dir='ltr'><strong>ὧν</strong></span> <span class='ocrx_word' id='word_1_84' title='bbox 1412 1295 1738 1363; x_wconf 82' lang='grc' dir='ltr'>ὑπέστησεν,</span> 
     </span>
    </p>
   </div>
   <div class='ocr_carea' id='block_1_14' title="bbox 160 1380 1744 1460">
    <p class='ocr_par' dir='ltr' id='par_1_14' title="bbox 160 1380 1744 1460">
     <span class='ocr_line' id='line_1_14' title="bbox 160 1380 1744 1460; baseline -0.002 -17"><span class='ocrx_word' id='word_1_85' title='bbox 160 1390 283 1443; x_wconf 84' lang='grc' dir='ltr'>ἀνθ’</span> <span class='ocrx_word' id='word_1_86' title='bbox 322 1384 398 1443; x_wconf 84' lang='grc' dir='ltr'><strong>ὧν</strong></span> <span class='ocrx_word' id='word_1_87' title='bbox 429 1389 618 1460; x_wconf 79' lang='grc' dir='ltr'><strong>τρέφει</strong></span> <span class='ocrx_word' id='word_1_88' title='bbox 658 1387 751 1442; x_wconf 71' lang='grc' dir='ltr'>καὶ</span> <span class='ocrx_word' id='word_1_89' title='bbox 800 1389 1037 1459; x_wconf 85' lang='grc' dir='ltr'>συνέχει,</span> <span class='ocrx_word' id='word_1_90' title='bbox 1091 1387 1209 1441; x_wconf 82' lang='grc' dir='ltr'>ἀνθ’</span> <span class='ocrx_word' id='word_1_91' title='bbox 1255 1380 1331 1441; x_wconf 82' lang='grc' dir='ltr'>ὧν</span> <span class='ocrx_word' id='word_1_92' title='bbox 1381 1385 1744 1457; x_wconf 78' lang='grc' dir='ltr'><strong>ἡμαρτηκότα</strong></span> 
     </span>
    </p>
   </div>
   <div class='ocr_carea' id='block_1_15' title="bbox 160 1476 1741 1555">
    <p class='ocr_par' dir='ltr' id='par_1_15' title="bbox 160 1476 1741 1555">
     <span class='ocr_line' id='line_1_15' title="bbox 160 1476 1741 1555; baseline -0.006 -17"><span class='ocrx_word' id='word_1_93' title='bbox 160 1483 244 1555; x_wconf 77' lang='grc' dir='ltr'>μὴ</span> <span class='ocrx_word' id='word_1_94' title='bbox 276 1482 555 1543; x_wconf 82' lang='grc' dir='ltr'>ἀπώσατο,</span> <span class='ocrx_word' id='word_1_95' title='bbox 590 1481 727 1535; x_wconf 87' lang='grc' dir='ltr'><strong>ἀλλά</strong></span> <span class='ocrx_word' id='word_1_96' title='bbox 753 1481 847 1534; x_wconf 74' lang='grc' dir='ltr'>καὶ</span> <span class='ocrx_word' id='word_1_97' title='bbox 874 1479 965 1534; x_wconf 82' lang='grc' dir='ltr'>τὸν</span> <span class='ocrx_word' id='word_1_98' title='bbox 988 1479 1118 1533; x_wconf 75' lang='grc' dir='ltr'>ἴδιον</span> <span class='ocrx_word' id='word_1_99' title='bbox 1147 1480 1298 1542; x_wconf 80' lang='grc' dir='ltr'>Υἱὸν,</span> <span class='ocrx_word' id='word_1_100' title='bbox 1330 1479 1439 1531; x_wconf 85' lang='grc' dir='ltr'><strong>τῶν</strong></span> <span class='ocrx_word' id='word_1_101' title='bbox 1469 1476 1634 1531; x_wconf 77' lang='grc' dir='ltr'>αὑτοῦ</span> <span class='ocrx_word' id='word_1_102' title='bbox 1666 1476 1741 1546; x_wconf 83' lang='grc' dir='ltr'>μὴ</span> 
     </span>
    </p>
   </div>
   <div class='ocr_carea' id='block_1_16' title="bbox 155 1571 1741 1647">
    <p class='ocr_par' dir='ltr' id='par_1_16' title="bbox 155 1571 1741 1647">
     <span class='ocr_line' id='line_1_16' title="bbox 155 1571 1741 1647; baseline -0.004 -15"><span class='ocrx_word' id='word_1_103' title='bbox 155 1579 457 1633; x_wconf 72' lang='grc' dir='ltr'>διαστάντα</span> <span class='ocrx_word' id='word_1_104' title='bbox 487 1578 724 1641; x_wconf 78' lang='grc' dir='ltr'><strong>κόλπων,</strong></span> <span class='ocrx_word' id='word_1_105' title='bbox 773 1576 865 1629; x_wconf 75' lang='grc' dir='ltr'><strong>ἐπὶ</strong></span> <span class='ocrx_word' id='word_1_106' title='bbox 898 1575 1145 1647; x_wconf 62' lang='grc' dir='ltr'><strong>σωτηρία⁵</strong></span> <span class='ocrx_word' id='word_1_107' title='bbox 1191 1575 1282 1628; x_wconf 79' lang='grc' dir='ltr'>καὶ</span> <span class='ocrx_word' id='word_1_108' title='bbox 1316 1573 1614 1645; x_wconf 82' lang='grc' dir='ltr'>ἀνορθώσει</span> <span class='ocrx_word' id='word_1_109' title='bbox 1648 1571 1741 1625; x_wconf 78' lang='grc' dir='ltr'><strong>τοῦ</strong></span> 
     </span>
    </p>
   </div>
   <div class='ocr_carea' id='block_1_17' title="bbox 158 1662 1745 1738">
    <p class='ocr_par' dir='ltr' id='par_1_17' title="bbox 158 1662 1745 1738">
     <span class='ocr_line' id='line_1_17' title="bbox 158 1662 1745 1738; baseline -0.004 -15"><span class='ocrx_word' id='word_1_110' title='bbox 158 1667 589 1737; x_wconf 80' lang='grc' dir='ltr'>πεπλανημένου</span> <span class='ocrx_word' id='word_1_111' title='bbox 648 1667 814 1738; x_wconf 73' lang='grc' dir='ltr'>σαρκὶ</span> <span class='ocrx_word' id='word_1_112' title='bbox 870 1665 1191 1736; x_wconf 75' lang='grc' dir='ltr'>κατέπεμψε</span> <span class='ocrx_word' id='word_1_113' title='bbox 1265 1668 1379 1729; x_wconf 87' lang='grc' dir='ltr'>τοῖς</span> <span class='ocrx_word' id='word_1_114' title='bbox 1432 1662 1745 1735; x_wconf 83' lang='grc' dir='ltr'>ἀνθρώποις</span> 
     </span>
    </p>
   </div>
   <div class='ocr_carea' id='block_1_18' title="bbox 156 1756 1744 1829">
    <p class='ocr_par' dir='ltr' id='par_1_18' title="bbox 156 1756 1744 1829">
     <span class='ocr_line' id='line_1_18' title="bbox 156 1756 1744 1829; baseline -0.003 -15"><span class='ocrx_word' id='word_1_115' title='bbox 156 1758 699 1829; x_wconf 70' lang='grc' dir='ltr'>ὲμπολιτεύσασθαιο</span> <span class='ocrx_word' id='word_1_116' title='bbox 762 1758 821 1822; x_wconf 87' lang='grc' dir='ltr'>ὃς</span> <span class='ocrx_word' id='word_1_117' title='bbox 874 1760 968 1812; x_wconf 74' lang='grc' dir='ltr'><strong>ἐπὶ</strong></span> <span class='ocrx_word' id='word_1_118' title='bbox 1040 1758 1293 1812; x_wconf 82' lang='grc' dir='ltr'>τοσοῦτον</span> <span class='ocrx_word' id='word_1_119' title='bbox 1356 1759 1418 1812; x_wconf 81' lang='grc' dir='ltr'>τὸ</span> <span class='ocrx_word' id='word_1_120' title='bbox 1478 1756 1744 1828; x_wconf 78' lang='grc' dir='ltr'>πατρικὸν</span> 
     </span>
    </p>
   </div>
   <div class='ocr_carea' id='block_1_19' title="bbox 158 1847 1746 1923">
    <p class='ocr_par' dir='ltr' id='par_1_19' title="bbox 158 1847 1746 1923">
     <span class='ocr_line' id='line_1_19' title="bbox 158 1847 1746 1923; baseline -0.004 -17"><span class='ocrx_word' id='word_1_121' title='bbox 158 1855 453 1923; x_wconf 76' lang='grc' dir='ltr'>ἠσπάσατο</span> <span class='ocrx_word' id='word_1_122' title='bbox 484 1851 764 1923; x_wconf 87' lang='grc' dir='ltr'>βούλημα,</span> <span class='ocrx_word' id='word_1_123' title='bbox 818 1851 895 1915; x_wconf 85' lang='grc' dir='ltr'>ὼς</span> <span class='ocrx_word' id='word_1_124' title='bbox 953 1850 1027 1921; x_wconf 78' lang='grc' dir='ltr'>μὴ</span> <span class='ocrx_word' id='word_1_125' title='bbox 1082 1847 1242 1921; x_wconf 86' lang='grc' dir='ltr'>μόνον</span> <span class='ocrx_word' id='word_1_126' title='bbox 1285 1851 1417 1920; x_wconf 78' lang='grc' dir='ltr'>ἡμῖν</span> <span class='ocrx_word' id='word_1_127' title='bbox 1450 1849 1746 1920; x_wconf 86' lang='grc' dir='ltr'>παραπλη-</span> 
     </span>
    </p>
   </div>
   <div class='ocr_carea' id='block_1_20' title="bbox 161 1938 1746 2012">
    <p class='ocr_par' dir='ltr' id='par_1_20' title="bbox 161 1938 1746 2012">
     <span class='ocr_line' id='line_1_20' title="bbox 161 1938 1746 2012; baseline -0.004 -16"><span class='ocrx_word' id='word_1_128' title='bbox 161 1944 296 2007; x_wconf 74' lang='grc' dir='ltr'>σίως</span> <span class='ocrx_word' id='word_1_129' title='bbox 325 1942 657 2011; x_wconf 85' lang='grc' dir='ltr'>κοινωνῆσαι</span> <span class='ocrx_word' id='word_1_130' title='bbox 688 1942 892 2012; x_wconf 73' lang='grc' dir='ltr'>σαρκὸς</span> <span class='ocrx_word' id='word_1_131' title='bbox 925 1942 1023 1994; x_wconf 79' lang='grc' dir='ltr'>καὶ</span> <span class='ocrx_word' id='word_1_132' title='bbox 1050 1941 1302 2012; x_wconf 79' lang='grc' dir='ltr'>αἵματος,</span> <span class='ocrx_word' id='word_1_133' title='bbox 1334 1940 1428 1992; x_wconf 77' lang='grc' dir='ltr'><strong>καὶ</strong></span> <span class='ocrx_word' id='word_1_134' title='bbox 1453 1938 1573 1992; x_wconf 75' lang='grc' dir='ltr'>καθ’</span> <span class='ocrx_word' id='word_1_135' title='bbox 1598 1939 1746 2008; x_wconf 81' lang='grc' dir='ltr'>ἡμᾶς</span> 
     </span>
    </p>
   </div>
   <div class='ocr_carea' id='block_1_21' title="bbox 160 2028 1746 2107">
    <p class='ocr_par' dir='ltr' id='par_1_21' title="bbox 160 2028 1746 2107">
     <span class='ocr_line' id='line_1_21' title="bbox 160 2028 1746 2107; baseline -0.004 -19"><span class='ocrx_word' id='word_1_136' title='bbox 160 2035 456 2107; x_wconf 81' lang='grc' dir='ltr'>ἄνθρωπος</span> <span class='ocrx_word' id='word_1_137' title='bbox 501 2035 673 2104; x_wconf 74' lang='grc' dir='ltr'>χωρὶς</span> <span class='ocrx_word' id='word_1_138' title='bbox 727 2031 1003 2104; x_wconf 81' lang='grc' dir='ltr'>ἁμαρτίας</span> <span class='ocrx_word' id='word_1_139' title='bbox 1037 2030 1413 2103; x_wconf 67' lang='grc' dir='ltr'>χρηματίσαι,</span> <span class='ocrx_word' id='word_1_140' title='bbox 1467 2028 1601 2083; x_wconf 81' lang='grc' dir='ltr'><strong>ἀλλά</strong></span> <span class='ocrx_word' id='word_1_141' title='bbox 1650 2031 1746 2082; x_wconf 71' lang='grc' dir='ltr'>καὶ</span> 
     </span>
    </p>
   </div>
   <div class='ocr_carea' id='block_1_22' title="bbox 164 2116 1744 2196">
    <p class='ocr_par' dir='ltr' id='par_1_22' title="bbox 164 2116 1744 2196">
     <span class='ocr_line' id='line_1_22' title="bbox 164 2116 1744 2196; baseline -0.004 -17"><span class='ocrx_word' id='word_1_142' title='bbox 164 2126 404 2196; x_wconf 76' lang='grc' dir='ltr'>σταυρὸν</span> <span class='ocrx_word' id='word_1_143' title='bbox 428 2127 524 2180; x_wconf 79' lang='grc' dir='ltr'>καὶ</span> <span class='ocrx_word' id='word_1_144' title='bbox 550 2126 777 2179; x_wconf 88' lang='grc' dir='ltr'>θάνατον</span> <span class='ocrx_word' id='word_1_145' title='bbox 799 2125 1065 2193; x_wconf 78' lang='grc' dir='ltr'>ἐνεγκεῖν,</span> <span class='ocrx_word' id='word_1_146' title='bbox 1083 2124 1150 2177; x_wconf 84' lang='grc' dir='ltr'><strong>δι’</strong></span> <span class='ocrx_word' id='word_1_147' title='bbox 1171 2116 1244 2176; x_wconf 82' lang='grc' dir='ltr'>ὧν</span> <span class='ocrx_word' id='word_1_148' title='bbox 1261 2123 1289 2175; x_wconf 85' lang='grc' dir='ltr'><strong>ό</strong></span> <span class='ocrx_word' id='word_1_149' title='bbox 1317 2120 1496 2192; x_wconf 85' lang='grc' dir='ltr'>πεσὼν</span> <span class='ocrx_word' id='word_1_150' title='bbox 1524 2122 1744 2192; x_wconf 84' lang='grc' dir='ltr'><strong>ἀνέστη,</strong></span> 
     </span>
    </p>
   </div>
   <div class='ocr_carea' id='block_1_23' title="bbox 165 2213 1777 2291">
    <p class='ocr_par' dir='ltr' id='par_1_23' title="bbox 165 2213 1777 2291">
     <span class='ocr_line' id='line_1_23' title="bbox 165 2213 1777 2291; baseline -0.003 -21"><span class='ocrx_word' id='word_1_151' title='bbox 165 2218 264 2271; x_wconf 77' lang='grc' dir='ltr'>καὶ</span> <span class='ocrx_word' id='word_1_152' title='bbox 297 2216 545 2287; x_wconf 74' lang='grc' dir='ltr'><strong>μείζονος</strong></span> <span class='ocrx_word' id='word_1_153' title='bbox 590 2217 624 2285; x_wconf 81' lang='grc' dir='ltr'>ἦ</span> <span class='ocrx_word' id='word_1_154' title='bbox 654 2215 754 2285; x_wconf 84' lang='grc' dir='ltr'><strong>τῆς</strong></span> <span class='ocrx_word' id='word_1_155' title='bbox 792 2216 1067 2287; x_wconf 81' lang='grc' dir='ltr'>προτέρας</span> <span class='ocrx_word' id='word_1_156' title='bbox 1098 2214 1257 2285; x_wconf 78' lang='grc' dir='ltr'>δόξης</span> <span class='ocrx_word' id='word_1_157' title='bbox 1290 2213 1559 2283; x_wconf 75' lang='grc' dir='ltr'>ὴξίωται;</span> <span class='ocrx_word' id='word_1_158' title='bbox 1606 2213 1777 2291; x_wconf 22' lang='grc' dir='ltr'>Ἀντὶ.</span> 
     </span>
    </p>
   </div>
   <div class='ocr_carea' id='block_1_24' title="bbox 164 2305 1751 2380">
    <p class='ocr_par' dir='ltr' id='par_1_24' title="bbox 164 2305 1751 2380">
     <span class='ocr_line' id='line_1_24' title="bbox 164 2305 1751 2380; baseline -0.002 -18"><span class='ocrx_word' id='word_1_159' title='bbox 164 2309 301 2378; x_wconf 78' lang='grc' dir='ltr'>γοῦν</span> <span class='ocrx_word' id='word_1_160' title='bbox 360 2310 561 2361; x_wconf 67' lang='grc' dir='ltr'><strong>τούτωι⁷</strong></span> <span class='ocrx_word' id='word_1_161' title='bbox 612 2309 700 2380; x_wconf 84' lang='grc' dir='ltr'><strong>ἄρ’</strong></span> <span class='ocrx_word' id='word_1_162' title='bbox 755 2310 854 2361; x_wconf 74' lang='grc' dir='ltr'>οὐκ</span> <span class='ocrx_word' id='word_1_163' title='bbox 891 2309 949 2360; x_wconf 83' lang='grc' dir='ltr'>ἐν</span> <span class='ocrx_word' id='word_1_164' title='bbox 976 2308 1070 2379; x_wconf 77' lang='grc' dir='ltr'><strong>ὅλῃ</strong></span> <span class='ocrx_word' id='word_1_165' title='bbox 1120 2306 1319 2378; x_wconf 72' lang='grc' dir='ltr'>καρδίᾳ</span> <span class='ocrx_word' id='word_1_166' title='bbox 1353 2306 1447 2359; x_wconf 73' lang='grc' dir='ltr'>καὶ</span> <span class='ocrx_word' id='word_1_167' title='bbox 1478 2308 1621 2376; x_wconf 65' lang='grc' dir='ltr'>ψυχῇ</span> <span class='ocrx_word' id='word_1_168' title='bbox 1658 2305 1751 2359; x_wconf 80' lang='grc' dir='ltr'>καὶ</span> 
     </span>
    </p>
   </div>
   <div class='ocr_carea' id='block_1_25' title="bbox 163 2399 1747 2471">
    <p class='ocr_par' dir='ltr' id='par_1_25' title="bbox 163 2399 1747 2471">
     <span class='ocr_line' id='line_1_25' title="bbox 163 2399 1747 2471; baseline -0.003 -17"><span class='ocrx_word' id='word_1_169' title='bbox 163 2402 380 2471; x_wconf 76' lang='grc' dir='ltr'>διανοίᾳ</span> <span class='ocrx_word' id='word_1_170' title='bbox 432 2400 524 2453; x_wconf 79' lang='grc' dir='ltr'>τὸν</span> <span class='ocrx_word' id='word_1_171' title='bbox 571 2400 745 2453; x_wconf 81' lang='grc' dir='ltr'>ταῦτα</span> <span class='ocrx_word' id='word_1_172' title='bbox 801 2400 1168 2470; x_wconf 82' lang='grc' dir='ltr'>χαρισάμενον</span> <span class='ocrx_word' id='word_1_173' title='bbox 1223 2399 1325 2453; x_wconf 72' lang='grc' dir='ltr'>οὐκ</span> <span class='ocrx_word' id='word_1_174' title='bbox 1376 2399 1597 2471; x_wconf 78' lang='grc' dir='ltr'>ἀγαπᾷν</span> <span class='ocrx_word' id='word_1_175' title='bbox 1632 2399 1747 2463; x_wconf 83' lang='grc' dir='ltr'>δεῖ;</span> 
     </span>
    </p>
   </div>
   <div class='ocr_carea' id='block_1_26' title="bbox 165 2490 1748 2563">
    <p class='ocr_par' dir='ltr' id='par_1_26' title="bbox 165 2490 1748 2563">
     <span class='ocr_line' id='line_1_26' title="bbox 165 2490 1748 2563; baseline -0.003 -17"><span class='ocrx_word' id='word_1_176' title='bbox 165 2492 389 2563; x_wconf 84' lang='grc' dir='ltr'>Ταύτην</span> <span class='ocrx_word' id='word_1_177' title='bbox 413 2492 510 2563; x_wconf 81' lang='grc' dir='ltr'>τὴν</span> <span class='ocrx_word' id='word_1_178' title='bbox 531 2492 748 2561; x_wconf 74' lang='grc' dir='ltr'>ἐντολὴν</span> <span class='ocrx_word' id='word_1_179' title='bbox 776 2494 806 2545; x_wconf 83' lang='grc' dir='ltr'><strong>ό</strong></span> <span class='ocrx_word' id='word_1_180' title='bbox 833 2491 907 2562; x_wconf 77' lang='grc' dir='ltr'>μὴ</span> <span class='ocrx_word' id='word_1_181' title='bbox 937 2491 1201 2562; x_wconf 78' lang='grc' dir='ltr'>σωτήριόν</span> <span class='ocrx_word' id='word_1_182' title='bbox 1231 2509 1289 2545; x_wconf 80' lang='grc' dir='ltr'><strong>τε</strong></span> <span class='ocrx_word' id='word_1_183' title='bbox 1319 2491 1533 2561; x_wconf 76' lang='grc' dir='ltr'>καὶτῆς</span> <span class='ocrx_word' id='word_1_184' title='bbox 1576 2490 1748 2559; x_wconf 84' lang='grc' dir='ltr'><strong>Ἰησοῦ</strong></span> 
     </span>
    </p>
   </div>
   <div class='ocr_carea' id='block_1_27' title="bbox 168 2582 1751 2655">
    <p class='ocr_par' dir='ltr' id='par_1_27' title="bbox 168 2582 1751 2655">
     <span class='ocr_line' id='line_1_27' title="bbox 168 2582 1751 2655; baseline -0.001 -18"><span class='ocrx_word' id='word_1_185' title='bbox 168 2584 500 2655; x_wconf 83' lang='grc' dir='ltr'>νομοθεσίας</span> <span class='ocrx_word' id='word_1_186' title='bbox 530 2583 783 2650; x_wconf 77' lang='grc' dir='ltr'>εὐταξίαν</span> <span class='ocrx_word' id='word_1_187' title='bbox 819 2585 913 2637; x_wconf 75' lang='grc' dir='ltr'><strong>καὶ</strong></span> <span class='ocrx_word' id='word_1_188' title='bbox 949 2584 1162 2652; x_wconf 60' lang='grc' dir='ltr'>φρονῶν</span> <span class='ocrx_word' id='word_1_189' title='bbox 1188 2584 1282 2638; x_wconf 78' lang='grc' dir='ltr'>καὶ</span> <span class='ocrx_word' id='word_1_190' title='bbox 1307 2582 1503 2651; x_wconf 83' lang='grc' dir='ltr'>λέγων,</span> <span class='ocrx_word' id='word_1_191' title='bbox 1534 2582 1751 2649; x_wconf 76' lang='grc' dir='ltr'>ἀνάξιον</span> 
     </span>
    </p>
   </div>
   <div class='ocr_carea' id='block_1_28' title="bbox 168 2673 1751 2745">
    <p class='ocr_par' dir='ltr' id='par_1_28' title="bbox 168 2673 1751 2745">
     <span class='ocr_line' id='line_1_28' title="bbox 168 2673 1751 2745; baseline -0.002 -17"><span class='ocrx_word' id='word_1_192' title='bbox 168 2675 366 2729; x_wconf 75' lang='grc' dir='ltr'>ἑαυτὸν</span> <span class='ocrx_word' id='word_1_193' title='bbox 395 2675 473 2739; x_wconf 84' lang='grc' dir='ltr'><strong>ὡς</strong></span> <span class='ocrx_word' id='word_1_194' title='bbox 501 2674 715 2745; x_wconf 83' lang='grc' dir='ltr'>ἀληθῶς</span> <span class='ocrx_word' id='word_1_195' title='bbox 760 2675 1145 2743; x_wconf 76' lang='grc' dir='ltr'>ἐπιγινώσκειν</span> <span class='ocrx_word' id='word_1_196' title='bbox 1175 2674 1466 2743; x_wconf 72' lang='grc' dir='ltr'>ἀποφαίνει</span> <span class='ocrx_word' id='word_1_197' title='bbox 1495 2674 1587 2727; x_wconf 85' lang='grc' dir='ltr'>τὸν</span> <span class='ocrx_word' id='word_1_198' title='bbox 1618 2673 1751 2744; x_wconf 79' lang='grc' dir='ltr'>ἀλη-</span> 
     </span>
    </p>
   </div>
   <div class='ocr_carea' id='block_1_29' title="bbox 170 2764 1751 2835">
    <p class='ocr_par' dir='ltr' id='par_1_29' title="bbox 170 2764 1751 2835">
     <span class='ocr_line' id='line_1_29' title="bbox 170 2764 1751 2835; baseline -0.001 -18"><span class='ocrx_word' id='word_1_199' title='bbox 170 2765 323 2817; x_wconf 86' lang='grc' dir='ltr'>θινδν</span> <span class='ocrx_word' id='word_1_200' title='bbox 352 2766 504 2819; x_wconf 83' lang='grc' dir='ltr'>Θεόν.</span> <span class='ocrx_word' id='word_1_201' title='bbox 537 2766 608 2819; x_wconf 83' lang='grc' dir='ltr'><strong>Σὺ</strong></span> <span class='ocrx_word' id='word_1_202' title='bbox 641 2765 698 2818; x_wconf 83' lang='grc' dir='ltr'>δὲ</span> <span class='ocrx_word' id='word_1_203' title='bbox 726 2766 828 2835; x_wconf 84' lang='grc' dir='ltr'>ὅρα</span> <span class='ocrx_word' id='word_1_204' title='bbox 856 2766 951 2818; x_wconf 74' lang='grc' dir='ltr'>καὶ</span> <span class='ocrx_word' id='word_1_205' title='bbox 978 2764 1077 2835; x_wconf 77' lang='grc' dir='ltr'>τὴν</span> <span class='ocrx_word' id='word_1_206' title='bbox 1123 2765 1324 2835; x_wconf 71' lang='grc' dir='ltr'>ἑφεξῆς</span> <span class='ocrx_word' id='word_1_207' title='bbox 1347 2779 1364 2795; x_wconf 91' lang='grc'><strong>·</strong></span> <span class='ocrx_word' id='word_1_208' title='bbox 1402 2764 1751 2834; x_wconf 66' lang='grc' dir='ltr'>Ἀγαπήσεις</span> 
     </span>
    </p>
   </div>
   <div class='ocr_carea' id='block_1_30' title="bbox 169 2853 1753 2925">
    <p class='ocr_par' dir='ltr' id='par_1_30' title="bbox 169 2853 1753 2925">
     <span class='ocr_line' id='line_1_30' title="bbox 169 2853 1753 2925; baseline 0.001 -19"><span class='ocrx_word' id='word_1_209' title='bbox 169 2854 283 2907; x_wconf 77' lang='grc' dir='ltr'><strong>τὸν</strong></span> <span class='ocrx_word' id='word_1_210' title='bbox 311 2853 583 2921; x_wconf 75' lang='grc' dir='ltr'>πλησίον</span> <span class='ocrx_word' id='word_1_211' title='bbox 624 2869 741 2907; x_wconf 85' lang='grc' dir='ltr'><strong>σου</strong></span> <span class='ocrx_word' id='word_1_212' title='bbox 793 2854 873 2919; x_wconf 88' lang='grc' dir='ltr'>ὡς</span> <span class='ocrx_word' id='word_1_213' title='bbox 909 2857 1190 2908; x_wconf 82' lang='grc' dir='ltr'>σεαυτόν.</span> <span class='ocrx_word' id='word_1_214' title='bbox 1226 2855 1335 2908; x_wconf 79' lang='grc' dir='ltr'><strong>Καὶ</strong></span> <span class='ocrx_word' id='word_1_215' title='bbox 1362 2854 1418 2907; x_wconf 83' lang='grc' dir='ltr'><strong>τί</strong></span> <span class='ocrx_word' id='word_1_216' title='bbox 1446 2854 1651 2925; x_wconf 82' lang='grc' dir='ltr'>ταύτης</span> <span class='ocrx_word' id='word_1_217' title='bbox 1688 2855 1753 2908; x_wconf 73' lang='grc' dir='ltr'>ἂν</span> 
     </span>
    </p>
   </div>
   <div class='ocr_carea' id='block_1_31' title="bbox 171 2942 1754 3014">
    <p class='ocr_par' dir='ltr' id='par_1_31' title="bbox 171 2942 1754 3014">
     <span class='ocr_line' id='line_1_31' title="bbox 171 2942 1754 3014; baseline -0.001 -18"><span class='ocrx_word' id='word_1_218' title='bbox 171 2946 265 3014; x_wconf 80' lang='grc' dir='ltr'><strong>εἴη</strong></span> <span class='ocrx_word' id='word_1_219' title='bbox 307 2943 744 3014; x_wconf 83' lang='grc' dir='ltr'>λυσιτελέστερον</span> <span class='ocrx_word' id='word_1_220' title='bbox 800 2943 1375 3014; x_wconf 75' lang='grc' dir='ltr'>ἢάγαθοειδέστερονς</span> <span class='ocrx_word' id='word_1_221' title='bbox 1418 2944 1450 3013; x_wconf 85' lang='grc' dir='ltr'><strong>ἥ</strong></span> <span class='ocrx_word' id='word_1_222' title='bbox 1497 2944 1589 2996; x_wconf 76' lang='grc' dir='ltr'><strong>τὸν</strong></span> <span class='ocrx_word' id='word_1_223' title='bbox 1640 2942 1754 3012; x_wconf 83' lang='grc' dir='ltr'>βίον</span> 
     </span>
    </p>
   </div>
   <div class='ocr_carea' id='block_1_32' title="bbox 172 3036 1753 3107">
    <p class='ocr_par' dir='ltr' id='par_1_32' title="bbox 172 3036 1753 3107">
     <span class='ocr_line' id='line_1_32' title="bbox 172 3036 1753 3107; baseline 0 -18"><span class='ocrx_word' id='word_1_224' title='bbox 172 3038 427 3107; x_wconf 82' lang='grc' dir='ltr'>συνέχειν</span> <span class='ocrx_word' id='word_1_225' title='bbox 453 3036 919 3107; x_wconf 81' lang='grc' dir='ltr'>ὲπιτηδειότερον;</span> <span class='ocrx_word' id='word_1_226' title='bbox 945 3036 977 3107; x_wconf 84' lang='grc' dir='ltr'>ἢ</span> <span class='ocrx_word' id='word_1_227' title='bbox 1003 3036 1062 3089; x_wconf 75' lang='grc' dir='ltr'>τὸ</span> <span class='ocrx_word' id='word_1_228' title='bbox 1088 3036 1404 3089; x_wconf 80' lang='grc' dir='ltr'>κοινωνικὸν</span> <span class='ocrx_word' id='word_1_229' title='bbox 1430 3036 1525 3088; x_wconf 71' lang='grc' dir='ltr'>καὶ</span> <span class='ocrx_word' id='word_1_230' title='bbox 1543 3036 1753 3107; x_wconf 77' lang='grc' dir='ltr'>ἥμερον</span> 
     </span>
    </p>
   </div>
   <div class='ocr_carea' id='block_1_33' title="bbox 172 3127 1753 3199">
    <p class='ocr_par' dir='ltr' id='par_1_33' title="bbox 172 3127 1753 3199">
     <span class='ocr_line' id='line_1_33' title="bbox 172 3127 1753 3199; baseline -0.001 -18"><span class='ocrx_word' id='word_1_231' title='bbox 172 3130 505 3199; x_wconf 79' lang='grc' dir='ltr'>συγκροτεῖν</span> <span class='ocrx_word' id='word_1_232' title='bbox 542 3127 643 3198; x_wconf 82' lang='grc' dir='ltr'><strong>τῆς</strong></span> <span class='ocrx_word' id='word_1_233' title='bbox 672 3127 908 3196; x_wconf 84' lang='grc' dir='ltr'>φύσεως,</span> <span class='ocrx_word' id='word_1_234' title='bbox 941 3128 1017 3190; x_wconf 84' lang='grc' dir='ltr'>ὡς</span> <span class='ocrx_word' id='word_1_235' title='bbox 1046 3127 1106 3180; x_wconf 84' lang='grc' dir='ltr'>τὸ</span> <span class='ocrx_word' id='word_1_236' title='bbox 1144 3128 1364 3198; x_wconf 83' lang='grc' dir='ltr'>ἀγαπᾷν</span> <span class='ocrx_word' id='word_1_237' title='bbox 1399 3127 1491 3180; x_wconf 72' lang='grc' dir='ltr'>τὸν</span> <span class='ocrx_word' id='word_1_238' title='bbox 1525 3128 1753 3194; x_wconf 84' lang='grc' dir='ltr'>πλησίον</span> 
     </span>
    </p>
   </div>
   <div class='ocr_carea' id='block_1_34' title="bbox 1774 1908 1821 1966">
    <p class='ocr_par' dir='ltr' id='par_1_34' title="bbox 1774 1908 1821 1966">
     <span class='ocr_line' id='line_1_34' title="bbox 1774 1908 1821 1966; baseline 0 0"><span class='ocrx_word' id='word_1_239' title='bbox 1774 1908 1821 1966; x_wconf 88' lang='grc' dir='ltr'>Β</span> 
     </span>
    </p>
   </div>
   <div class='ocr_carea' id='block_1_35' title="bbox 1838 656 3415 725">
    <p class='ocr_par' dir='ltr' id='par_1_35' title="bbox 1838 656 3415 725">
     <span class='ocr_line' id='line_1_35' title="bbox 1838 656 3415 725; baseline 0.002 -17"><span class='ocrx_word' id='word_1_240' title='bbox 1838 656 2323 725; x_wconf 67' lang='lat' dir='ltr'><strong>qua‘jubetDettm</strong></span> <span class='ocrx_word' id='word_1_241' title='bbox 2356 672 2518 712; x_wconf 81' lang='lat' dir='ltr'><strong>nosse</strong></span> <span class='ocrx_word' id='word_1_242' title='bbox 2552 666 2607 711; x_wconf 93' lang='lat' dir='ltr'><strong>et</strong></span> <span class='ocrx_word' id='word_1_243' title='bbox 2625 656 2979 711; x_wconf 80' lang='lat' dir='ltr'><strong>Conditorem</strong></span> <span class='ocrx_word' id='word_1_244' title='bbox 3009 666 3061 709; x_wconf 91' lang='lat' dir='ltr'><strong>et</strong></span> <span class='ocrx_word' id='word_1_245' title='bbox 3090 656 3415 711; x_wconf 86' lang='lat' dir='ltr'><strong>Benefacto-</strong></span> 
     </span>
    </p>
   </div>
   <div class='ocr_carea' id='block_1_36' title="bbox 1839 746 3417 819">
    <p class='ocr_par' dir='ltr' id='par_1_36' title="bbox 1839 746 3417 819">
     <span class='ocr_line' id='line_1_36' title="bbox 1839 746 3417 819; baseline 0.002 -19"><span class='ocrx_word' id='word_1_246' title='bbox 1839 762 1978 812; x_wconf 88' lang='lat' dir='ltr'><strong>rem,</strong></span> <span class='ocrx_word' id='word_1_247' title='bbox 2005 764 2240 818; x_wconf 87' lang='lat' dir='ltr'><strong>eumque</strong></span> <span class='ocrx_word' id='word_1_248' title='bbox 2267 765 2378 819; x_wconf 81' lang='lat' dir='ltr'><strong>prae</strong></span> <span class='ocrx_word' id='word_1_249' title='bbox 2401 749 2657 803; x_wconf 88' lang='lat' dir='ltr'><strong>omnibus</strong></span> <span class='ocrx_word' id='word_1_250' title='bbox 2683 748 2803 803; x_wconf 86' lang='lat' dir='ltr'><strong>aliis</strong></span> <span class='ocrx_word' id='word_1_251' title='bbox 2825 748 3043 801; x_wconf 89' lang='lat' dir='ltr'><strong>amare?</strong></span> <span class='ocrx_word' id='word_1_252' title='bbox 3067 746 3239 813; x_wconf 86' lang='lat' dir='ltr'><strong>Quem</strong></span> <span class='ocrx_word' id='word_1_253' title='bbox 3268 749 3417 803; x_wconf 90' lang='lat' dir='ltr'><strong>enim</strong></span> 
     </span>
    </p>
   </div>
   <div class='ocr_carea' id='block_1_37' title="bbox 1839 840 3419 910">
    <p class='ocr_par' dir='ltr' id='par_1_37' title="bbox 1839 840 3419 910">
     <span class='ocr_line' id='line_1_37' title="bbox 1839 840 3419 910; baseline 0.001 -17"><span class='ocrx_word' id='word_1_254' title='bbox 1839 840 2009 894; x_wconf 89' lang='lat' dir='ltr'><strong>alium</strong></span> <span class='ocrx_word' id='word_1_255' title='bbox 2035 842 2328 910; x_wconf 73' lang='lat' dir='ltr'><strong>oportebat</strong></span> <span class='ocrx_word' id='word_1_256' title='bbox 2358 857 2541 896; x_wconf 88' lang='lat' dir='ltr'><strong>amare</strong></span> <span class='ocrx_word' id='word_1_257' title='bbox 2566 856 2675 910; x_wconf 85' lang='lat' dir='ltr'><strong>prae</strong></span> <span class='ocrx_word' id='word_1_258' title='bbox 2701 840 2813 906; x_wconf 91' lang='lat' dir='ltr'><strong>illo,</strong></span> <span class='ocrx_word' id='word_1_259' title='bbox 2838 841 2929 909; x_wconf 89' lang='lat' dir='ltr'><strong>qui</strong></span> <span class='ocrx_word' id='word_1_260' title='bbox 2960 841 3204 894; x_wconf 89' lang='lat' dir='ltr'><strong>omnium</strong></span> <span class='ocrx_word' id='word_1_261' title='bbox 3228 856 3419 895; x_wconf 91' lang='lat' dir='ltr'><strong>curam</strong></span> 
     </span>
    </p>
   </div>
   <div class='ocr_carea' id='block_1_38' title="bbox 1841 931 3419 998">
    <p class='ocr_par' dir='ltr' id='par_1_38' title="bbox 1841 931 3419 998">
     <span class='ocr_line' id='line_1_38' title="bbox 1841 931 3419 998; baseline 0.003 -13"><span class='ocrx_word' id='word_1_262' title='bbox 1841 931 2028 994; x_wconf 80' lang='lat' dir='ltr'><strong>habet,</strong></span> <span class='ocrx_word' id='word_1_263' title='bbox 2064 941 2122 985; x_wconf 91' lang='lat' dir='ltr'><strong>et</strong></span> <span class='ocrx_word' id='word_1_264' title='bbox 2163 932 2349 986; x_wconf 87' lang='lat' dir='ltr'><strong>omnia</strong></span> <span class='ocrx_word' id='word_1_265' title='bbox 2380 948 2447 987; x_wconf 81' lang='lat' dir='ltr'><strong>ex</strong></span> <span class='ocrx_word' id='word_1_266' title='bbox 2500 932 2674 986; x_wconf 83' lang='lat' dir='ltr'><strong>nihilo</strong></span> <span class='ocrx_word' id='word_1_267' title='bbox 2722 932 2964 987; x_wconf 89' lang='lat' dir='ltr'><strong>ereavit?</strong></span> <span class='ocrx_word' id='word_1_268' title='bbox 2995 931 3281 998; x_wconf 84' lang='lat' dir='ltr'><strong>Quomodo</strong></span> <span class='ocrx_word' id='word_1_269' title='bbox 3305 950 3419 989; x_wconf 90' lang='lat' dir='ltr'><strong>non</strong></span> 
     </span>
    </p>
   </div>
   <div class='ocr_carea' id='block_1_39' title="bbox 1841 1022 3419 1095">
    <p class='ocr_par' dir='ltr' id='par_1_39' title="bbox 1841 1022 3419 1095">
     <span class='ocr_line' id='line_1_39' title="bbox 1841 1022 3419 1095; baseline 0.003 -20"><span class='ocrx_word' id='word_1_270' title='bbox 1841 1022 1990 1076; x_wconf 89' lang='lat' dir='ltr'><strong>omni</strong></span> <span class='ocrx_word' id='word_1_271' title='bbox 2027 1023 2231 1081; x_wconf 86' lang='lat' dir='ltr'><strong>anima.</strong></span> <span class='ocrx_word' id='word_1_272' title='bbox 2264 1023 2414 1078; x_wconf 90' lang='lat' dir='ltr'><strong>omni</strong></span> <span class='ocrx_word' id='word_1_273' title='bbox 2447 1024 2633 1089; x_wconf 87' lang='lat' dir='ltr'><strong>corde,</strong></span> <span class='ocrx_word' id='word_1_274' title='bbox 2682 1033 2737 1078; x_wconf 92' lang='lat' dir='ltr'><strong>et</strong></span> <span class='ocrx_word' id='word_1_275' title='bbox 2770 1023 2919 1077; x_wconf 88' lang='lat' dir='ltr'><strong>omni</strong></span> <span class='ocrx_word' id='word_1_276' title='bbox 2948 1034 3153 1089; x_wconf 90' lang='lat' dir='ltr'><strong>mente,</strong></span> <span class='ocrx_word' id='word_1_277' title='bbox 3195 1024 3288 1079; x_wconf 84' lang='lat' dir='ltr'><strong>sed</strong></span> <span class='ocrx_word' id='word_1_278' title='bbox 3317 1039 3419 1095; x_wconf 89' lang='lat' dir='ltr'><strong>po-</strong></span> 
     </span>
    </p>
   </div>
   <div class='ocr_carea' id='block_1_40' title="bbox 1842 1115 3424 1186">
    <p class='ocr_par' dir='ltr' id='par_1_40' title="bbox 1842 1115 3424 1186">
     <span class='ocr_line' id='line_1_40' title="bbox 1842 1115 3424 1186; baseline 0.001 -17"><span class='ocrx_word' id='word_1_279' title='bbox 1842 1115 1950 1169; x_wconf 88' lang='lat' dir='ltr'><strong>tius</strong></span> <span class='ocrx_word' id='word_1_280' title='bbox 2002 1129 2127 1169; x_wconf 90' lang='lat' dir='ltr'><strong>cum</strong></span> <span class='ocrx_word' id='word_1_281' title='bbox 2190 1116 2530 1170; x_wconf 83' lang='lat' dir='ltr'><strong>dubitatione</strong></span> <span class='ocrx_word' id='word_1_282' title='bbox 2563 1117 2795 1186; x_wconf 88' lang='lat' dir='ltr'><strong>quadam</strong></span> <span class='ocrx_word' id='word_1_283' title='bbox 2857 1115 3167 1185; x_wconf 83' lang='lat' dir='ltr'><strong>mentisque</strong></span> <span class='ocrx_word' id='word_1_284' title='bbox 3221 1116 3424 1171; x_wconf 84' lang='lat' dir='ltr'><strong>distra-</strong></span> 
     </span>
    </p>
   </div>
   <div class='ocr_carea' id='block_1_41' title="bbox 1843 1206 3421 1277">
    <p class='ocr_par' dir='ltr' id='par_1_41' title="bbox 1843 1206 3421 1277">
     <span class='ocr_line' id='line_1_41' title="bbox 1843 1206 3421 1277; baseline 0.002 -17"><span class='ocrx_word' id='word_1_285' title='bbox 1843 1207 2026 1261; x_wconf 80' lang='lat' dir='ltr'><strong>ctione</strong></span> <span class='ocrx_word' id='word_1_286' title='bbox 2047 1215 2103 1261; x_wconf 91' lang='lat' dir='ltr'><strong>et</strong></span> <span class='ocrx_word' id='word_1_287' title='bbox 2128 1206 2283 1276; x_wconf 89' lang='lat' dir='ltr'><strong>quasi</strong></span> <span class='ocrx_word' id='word_1_288' title='bbox 2314 1207 2690 1276; x_wconf 80' lang='lat' dir='ltr'><strong>perfunctorie</strong></span> <span class='ocrx_word' id='word_1_289' title='bbox 2714 1208 2813 1272; x_wconf 89' lang='lat' dir='ltr'><strong>illi,</strong></span> <span class='ocrx_word' id='word_1_290' title='bbox 2834 1209 2925 1277; x_wconf 86' lang='lat' dir='ltr'><strong>qui</strong></span> <span class='ocrx_word' id='word_1_291' title='bbox 2947 1210 3108 1263; x_wconf 87' lang='lat' dir='ltr'><strong>corda</strong></span> <span class='ocrx_word' id='word_1_292' title='bbox 3141 1219 3421 1263; x_wconf 80' lang='lat' dir='ltr'><strong>scrutatur</strong></span> 
     </span>
    </p>
   </div>
   <div class='ocr_carea' id='block_1_42' title="bbox 1843 1299 3423 1370">
    <p class='ocr_par' dir='ltr' id='par_1_42' title="bbox 1843 1299 3423 1370">
     <span class='ocr_line' id='line_1_42' title="bbox 1843 1299 3423 1370; baseline 0.001 -17"><span class='ocrx_word' id='word_1_293' title='bbox 1843 1307 1897 1353; x_wconf 88' lang='lat' dir='ltr'><strong>et</strong></span> <span class='ocrx_word' id='word_1_294' title='bbox 1932 1314 2113 1353; x_wconf 62' lang='lat' dir='ltr'><strong>renes,</strong></span> <span class='ocrx_word' id='word_1_295' title='bbox 2149 1299 2392 1354; x_wconf 89' lang='lat' dir='ltr'><strong>debitum</strong></span> <span class='ocrx_word' id='word_1_296' title='bbox 2444 1314 2689 1353; x_wconf 87' lang='lat' dir='ltr'><strong>amorem</strong></span> <span class='ocrx_word' id='word_1_297' title='bbox 2725 1300 2937 1355; x_wconf 85' lang='lat' dir='ltr'><strong>solvere</strong></span> <span class='ocrx_word' id='word_1_298' title='bbox 2990 1301 3279 1356; x_wconf 73' lang='lat' dir='ltr'><strong>conveniat</strong></span> <span class='ocrx_word' id='word_1_299' title='bbox 3323 1314 3423 1370; x_wconf 88' lang='lat' dir='ltr'><strong>pro</strong></span> 
     </span>
    </p>
   </div>
   <div class='ocr_carea' id='block_1_43' title="bbox 1843 1391 3423 1462">
    <p class='ocr_par' dir='ltr' id='par_1_43' title="bbox 1843 1391 3423 1462">
     <span class='ocr_line' id='line_1_43' title="bbox 1843 1391 3423 1462; baseline 0.002 -18"><span class='ocrx_word' id='word_1_300' title='bbox 1843 1404 1910 1444; x_wconf 90' lang='lat' dir='ltr'><strong>eo</strong></span> <span class='ocrx_word' id='word_1_301' title='bbox 1933 1391 2077 1459; x_wconf 92' lang='lat' dir='ltr'><strong>quod</strong></span> <span class='ocrx_word' id='word_1_302' title='bbox 2120 1392 2397 1460; x_wconf 85' lang='lat' dir='ltr'><strong>produxit,</strong></span> <span class='ocrx_word' id='word_1_303' title='bbox 2441 1391 2585 1460; x_wconf 89' lang='lat' dir='ltr'><strong>quod</strong></span> <span class='ocrx_word' id='word_1_304' title='bbox 2631 1394 2803 1446; x_wconf 89' lang='lat' dir='ltr'><strong>nutrit</strong></span> <span class='ocrx_word' id='word_1_305' title='bbox 2836 1400 2891 1447; x_wconf 91' lang='lat' dir='ltr'><strong>et</strong></span> <span class='ocrx_word' id='word_1_306' title='bbox 2919 1402 3230 1458; x_wconf 73' lang='lat' dir='ltr'><strong>conservat,</strong></span> <span class='ocrx_word' id='word_1_307' title='bbox 3275 1392 3423 1462; x_wconf 89' lang='lat' dir='ltr'><strong>quod</strong></span> 
     </span>
    </p>
   </div>
   <div class='ocr_carea' id='block_1_44' title="bbox 1843 1483 3422 1556">
    <p class='ocr_par' dir='ltr' id='par_1_44' title="bbox 1843 1483 3422 1556">
     <span class='ocr_line' id='line_1_44' title="bbox 1843 1483 3422 1556; baseline 0.001 -19"><span class='ocrx_word' id='word_1_308' title='bbox 1843 1483 2256 1553; x_wconf 90' lang='lat' dir='ltr'><strong>delinquentem</strong></span> <span class='ocrx_word' id='word_1_309' title='bbox 2295 1486 2432 1538; x_wconf 86' lang='lat' dir='ltr'><strong>adeo</strong></span> <span class='ocrx_word' id='word_1_310' title='bbox 2457 1499 2567 1537; x_wconf 91' lang='lat' dir='ltr'><strong>non</strong></span> <span class='ocrx_word' id='word_1_311' title='bbox 2600 1499 2630 1537; x_wconf 88' lang='lat' dir='ltr'><strong>a</strong></span> <span class='ocrx_word' id='word_1_312' title='bbox 2654 1498 2711 1538; x_wconf 88' lang='lat' dir='ltr'><strong>se</strong></span> <span class='ocrx_word' id='word_1_313' title='bbox 2745 1485 2969 1554; x_wconf 85' lang='lat' dir='ltr'><strong>repulit,</strong></span> <span class='ocrx_word' id='word_1_314' title='bbox 3022 1496 3081 1540; x_wconf 90' lang='lat' dir='ltr'><strong>ut</strong></span> <span class='ocrx_word' id='word_1_315' title='bbox 3118 1485 3301 1556; x_wconf 88' lang='lat' dir='ltr'><strong>potius</strong></span> <span class='ocrx_word' id='word_1_316' title='bbox 3331 1484 3422 1538; x_wconf 84' lang='lat' dir='ltr'><strong>Fi-</strong></span> 
     </span>
    </p>
   </div>
   <div class='ocr_carea' id='block_1_45' title="bbox 1844 1576 3424 1647">
    <p class='ocr_par' dir='ltr' id='par_1_45' title="bbox 1844 1576 3424 1647">
     <span class='ocr_line' id='line_1_45' title="bbox 1844 1576 3424 1647; baseline 0.001 -17"><span class='ocrx_word' id='word_1_317' title='bbox 1844 1576 1977 1631; x_wconf 89' lang='lat' dir='ltr'><strong>lium</strong></span> <span class='ocrx_word' id='word_1_318' title='bbox 2008 1577 2317 1647; x_wconf 84' lang='lat' dir='ltr'><strong>preprium,</strong></span> <span class='ocrx_word' id='word_1_319' title='bbox 2358 1593 2390 1631; x_wconf 86' lang='lat' dir='ltr'><strong>a</strong></span> <span class='ocrx_word' id='word_1_320' title='bbox 2420 1592 2519 1631; x_wconf 92' lang='lat' dir='ltr'><strong>suo</strong></span> <span class='ocrx_word' id='word_1_321' title='bbox 2552 1578 2675 1632; x_wconf 93' lang='lat' dir='ltr'><strong>sinu</strong></span> <span class='ocrx_word' id='word_1_322' title='bbox 2719 1594 2828 1632; x_wconf 87' lang='lat' dir='ltr'><strong>non</strong></span> <span class='ocrx_word' id='word_1_323' title='bbox 2863 1588 3153 1645; x_wconf 90' lang='lat' dir='ltr'><strong>remotum,</strong></span> <span class='ocrx_word' id='word_1_324' title='bbox 3187 1578 3242 1632; x_wconf 91' lang='lat' dir='ltr'><strong>in</strong></span> <span class='ocrx_word' id='word_1_325' title='bbox 3275 1578 3424 1633; x_wconf 89' lang='lat' dir='ltr'><strong>salu-</strong></span> 
     </span>
    </p>
   </div>
   <div class='ocr_carea' id='block_1_46' title="bbox 1844 1669 3521 1739">
    <p class='ocr_par' dir='ltr' id='par_1_46' title="bbox 1844 1669 3521 1739">
     <span class='ocr_line' id='line_1_46' title="bbox 1844 1669 3521 1739; baseline 0.001 -16"><span class='ocrx_word' id='word_1_326' title='bbox 1844 1677 1956 1723; x_wconf 91' lang='lat' dir='ltr'><strong>tem</strong></span> <span class='ocrx_word' id='word_1_327' title='bbox 1988 1669 2475 1739; x_wconf 89' lang='lat' dir='ltr'><strong>reductionemque</strong></span> <span class='ocrx_word' id='word_1_328' title='bbox 2503 1670 2803 1724; x_wconf 86' lang='lat' dir='ltr'><strong>errantium</strong></span> <span class='ocrx_word' id='word_1_329' title='bbox 2839 1671 3091 1725; x_wconf 90' lang='lat' dir='ltr'><strong>indutum</strong></span> <span class='ocrx_word' id='word_1_330' title='bbox 3120 1686 3285 1726; x_wconf 89' lang='lat' dir='ltr'><strong>carne</strong></span> <span class='ocrx_word' id='word_1_331' title='bbox 3320 1670 3425 1725; x_wconf 90' lang='lat' dir='ltr'><strong>mi-</strong></span> <span class='ocrx_word' id='word_1_332' title='bbox 3498 1684 3521 1708; x_wconf 67' lang='grc' dir='ltr'><em>υ</em></span> 
     </span>
    </p>
   </div>
   <div class='ocr_carea' id='block_1_47' title="bbox 1845 1759 3425 1833">
    <p class='ocr_par' dir='ltr' id='par_1_47' title="bbox 1845 1759 3425 1833">
     <span class='ocr_line' id='line_1_47' title="bbox 1845 1759 3425 1833; baseline 0.002 -20"><span class='ocrx_word' id='word_1_333' title='bbox 1845 1759 1937 1825; x_wconf 86' lang='lat' dir='ltr'><strong>sit,</strong></span> <span class='ocrx_word' id='word_1_334' title='bbox 1957 1768 2016 1814; x_wconf 91' lang='lat' dir='ltr'><strong>ut</strong></span> <span class='ocrx_word' id='word_1_335' title='bbox 2046 1760 2190 1815; x_wconf 82' lang='lat' dir='ltr'><strong>inter</strong></span> <span class='ocrx_word' id='word_1_336' title='bbox 2214 1761 2465 1815; x_wconf 88' lang='lat' dir='ltr'><strong>homines</strong></span> <span class='ocrx_word' id='word_1_337' title='bbox 2495 1773 2842 1818; x_wconf 84' lang='lat' dir='ltr'><strong>versaretur:</strong></span> <span class='ocrx_word' id='word_1_338' title='bbox 2869 1762 2962 1832; x_wconf 89' lang='lat' dir='ltr'><strong>qui</strong></span> <span class='ocrx_word' id='word_1_339' title='bbox 2990 1778 3120 1817; x_wconf 84' lang='lat' dir='ltr'><strong>sane</strong></span> <span class='ocrx_word' id='word_1_340' title='bbox 3140 1772 3425 1833; x_wconf 83' lang='lat' dir='ltr'><strong>paternam</strong></span> 
     </span>
    </p>
   </div>
   <div class='ocr_carea' id='block_1_48' title="bbox 1846 1852 3427 1919">
    <p class='ocr_par' dir='ltr' id='par_1_48' title="bbox 1846 1852 3427 1919">
     <span class='ocr_line' id='line_1_48' title="bbox 1846 1852 3427 1919; baseline -0.001 -11"><span class='ocrx_word' id='word_1_341' title='bbox 1846 1853 2185 1908; x_wconf 85' lang='lat' dir='ltr'><strong>voluntatem</strong></span> <span class='ocrx_word' id='word_1_342' title='bbox 2218 1852 2288 1907; x_wconf 90' lang='lat' dir='ltr'><strong>ita</strong></span> <span class='ocrx_word' id='word_1_343' title='bbox 2311 1860 2559 1909; x_wconf 87' lang='lat' dir='ltr'><strong>sectatus</strong></span> <span class='ocrx_word' id='word_1_344' title='bbox 2590 1862 2694 1919; x_wconf 88' lang='lat' dir='ltr'><strong>est,</strong></span> <span class='ocrx_word' id='word_1_345' title='bbox 2727 1864 2784 1908; x_wconf 87' lang='lat' dir='ltr'><strong>ttt</strong></span> <span class='ocrx_word' id='word_1_346' title='bbox 2812 1870 2924 1909; x_wconf 90' lang='lat' dir='ltr'><strong>non</strong></span> <span class='ocrx_word' id='word_1_347' title='bbox 2945 1854 3119 1909; x_wconf 92' lang='lat' dir='ltr'><strong>solum</strong></span> <span class='ocrx_word' id='word_1_348' title='bbox 3138 1854 3427 1908; x_wconf 89' lang='lat' dir='ltr'><strong>nobiscum</strong></span> 
     </span>
    </p>
   </div>
   <div class='ocr_carea' id='block_1_49' title="bbox 1852 1943 3428 2016">
    <p class='ocr_par' dir='ltr' id='par_1_49' title="bbox 1852 1943 3428 2016">
     <span class='ocr_line' id='line_1_49' title="bbox 1852 1943 3428 2016; baseline 0 -19"><span class='ocrx_word' id='word_1_349' title='bbox 1852 1944 2127 2015; x_wconf 90' lang='lat' dir='ltr'><strong>particeps</strong></span> <span class='ocrx_word' id='word_1_350' title='bbox 2176 1943 2351 1999; x_wconf 85' lang='lat' dir='ltr'><strong>factus</strong></span> <span class='ocrx_word' id='word_1_351' title='bbox 2414 1943 2485 2000; x_wconf 87' lang='lat' dir='ltr'><strong>sit</strong></span> <span class='ocrx_word' id='word_1_352' title='bbox 2537 1945 2719 2000; x_wconf 89' lang='lat' dir='ltr'><strong>carnis</strong></span> <span class='ocrx_word' id='word_1_353' title='bbox 2780 1956 2836 2000; x_wconf 88' lang='lat' dir='ltr'><strong>et</strong></span> <span class='ocrx_word' id='word_1_354' title='bbox 2867 1946 3167 2016; x_wconf 79' lang='lat' dir='ltr'><strong>sanguinis,</strong></span> <span class='ocrx_word' id='word_1_355' title='bbox 3199 1952 3256 2000; x_wconf 91' lang='lat' dir='ltr'><strong>et</strong></span> <span class='ocrx_word' id='word_1_356' title='bbox 3306 1944 3428 1999; x_wconf 86' lang='lat' dir='ltr'><strong>sine</strong></span> 
     </span>
    </p>
   </div>
   <div class='ocr_carea' id='block_1_50' title="bbox 1850 2036 3427 2107">
    <p class='ocr_par' dir='ltr' id='par_1_50' title="bbox 1850 2036 3427 2107">
     <span class='ocr_line' id='line_1_50' title="bbox 1850 2036 3427 2107; baseline 0 -17"><span class='ocrx_word' id='word_1_357' title='bbox 1850 2045 2078 2107; x_wconf 89' lang='lat' dir='ltr'><strong>peccato</strong></span> <span class='ocrx_word' id='word_1_358' title='bbox 2107 2036 2271 2090; x_wconf 89' lang='lat' dir='ltr'><strong>homo</strong></span> <span class='ocrx_word' id='word_1_359' title='bbox 2302 2037 2628 2107; x_wconf 89' lang='lat' dir='ltr'><strong>appellatus,</strong></span> <span class='ocrx_word' id='word_1_360' title='bbox 2653 2037 2746 2091; x_wconf 91' lang='lat' dir='ltr'><strong>sed</strong></span> <span class='ocrx_word' id='word_1_361' title='bbox 2773 2046 2827 2092; x_wconf 89' lang='lat' dir='ltr'><strong>et</strong></span> <span class='ocrx_word' id='word_1_362' title='bbox 2858 2053 3076 2092; x_wconf 85' lang='lat' dir='ltr'><strong>erucem</strong></span> <span class='ocrx_word' id='word_1_363' title='bbox 3100 2054 3162 2091; x_wconf 87' lang='lat' dir='ltr'><strong>ac</strong></span> <span class='ocrx_word' id='word_1_364' title='bbox 3192 2046 3427 2092; x_wconf 87' lang='lat' dir='ltr'><strong>mortem</strong></span> 
     </span>
    </p>
   </div>
   <div class='ocr_carea' id='block_1_51' title="bbox 1849 2115 3430 2197">
    <p class='ocr_par' dir='ltr' id='par_1_51' title="bbox 1849 2115 3430 2197">
     <span class='ocr_line' id='line_1_51' title="bbox 1849 2115 3430 2197; baseline 0 -17"><span class='ocrx_word' id='word_1_365' title='bbox 1849 2126 2158 2197; x_wconf 84' lang='lat' dir='ltr'><strong>pertulerit,</strong></span> <span class='ocrx_word' id='word_1_366' title='bbox 2213 2141 2312 2197; x_wconf 89' lang='lat' dir='ltr'><strong>per</strong></span> <span class='ocrx_word' id='word_1_367' title='bbox 2364 2142 2527 2196; x_wconf 88' lang='lat' dir='ltr'><strong>quam</strong></span> <span class='ocrx_word' id='word_1_368' title='bbox 2563 2127 2658 2197; x_wconf 89' lang='lat' dir='ltr'><strong>qui</strong></span> <span class='ocrx_word' id='word_1_369' title='bbox 2716 2127 2947 2193; x_wconf 88' lang='lat' dir='ltr'><strong>cecidit,</strong></span> <span class='ocrx_word' id='word_1_370' title='bbox 2981 2115 3331 2190; x_wconf 68' lang='lat' dir='ltr'><strong>e&#39;xeitaretur,</strong></span> <span class='ocrx_word' id='word_1_371' title='bbox 3372 2134 3430 2180; x_wconf 83' lang='lat' dir='ltr'><strong>et</strong></span> 
     </span>
    </p>
   </div>
   <div class='ocr_carea' id='block_1_52' title="bbox 1850 2218 3428 2292">
    <p class='ocr_par' dir='ltr' id='par_1_52' title="bbox 1850 2218 3428 2292">
     <span class='ocr_line' id='line_1_52' title="bbox 1850 2218 3428 2292; baseline -0.002 -17"><span class='ocrx_word' id='word_1_372' title='bbox 1850 2221 2079 2289; x_wconf 85' lang='lat' dir='ltr'><strong>majore,</strong></span> <span class='ocrx_word' id='word_1_373' title='bbox 2130 2237 2293 2290; x_wconf 88' lang='lat' dir='ltr'><strong>quam</strong></span> <span class='ocrx_word' id='word_1_374' title='bbox 2348 2230 2531 2283; x_wconf 84' lang='lat' dir='ltr'><strong>antea,</strong></span> <span class='ocrx_word' id='word_1_375' title='bbox 2584 2220 2754 2292; x_wconf 78' lang='lat' dir='ltr'><strong>gloria</strong></span> <span class='ocrx_word' id='word_1_376' title='bbox 2803 2218 3150 2274; x_wconf 80' lang='lat' dir='ltr'><strong>atliceretur?</strong></span> <span class='ocrx_word' id='word_1_377' title='bbox 3184 2219 3291 2273; x_wconf 90' lang='lat' dir='ltr'><strong>Pro</strong></span> <span class='ocrx_word' id='word_1_378' title='bbox 3342 2218 3428 2272; x_wconf 84' lang='lat' dir='ltr'><strong>bis</strong></span> 
     </span>
    </p>
   </div>
   <div class='ocr_carea' id='block_1_53' title="bbox 1850 2306 3428 2379">
    <p class='ocr_par' dir='ltr' id='par_1_53' title="bbox 1850 2306 3428 2379">
     <span class='ocr_line' id='line_1_53' title="bbox 1850 2306 3428 2379; baseline -0.003 -13"><span class='ocrx_word' id='word_1_379' title='bbox 1850 2312 1999 2366; x_wconf 88' lang='lat' dir='ltr'><strong>enim</strong></span> <span class='ocrx_word' id='word_1_380' title='bbox 2030 2312 2289 2365; x_wconf 90' lang='lat' dir='ltr'><strong>omnibus</strong></span> <span class='ocrx_word' id='word_1_381' title='bbox 2322 2325 2623 2379; x_wconf 89' lang='lat' dir='ltr'><strong>eorumque</strong></span> <span class='ocrx_word' id='word_1_382' title='bbox 2644 2308 2918 2364; x_wconf 90' lang='lat' dir='ltr'><strong>similibus</strong></span> <span class='ocrx_word' id='word_1_383' title='bbox 2935 2322 3119 2361; x_wconf 89' lang='lat' dir='ltr'><strong>nonne</strong></span> <span class='ocrx_word' id='word_1_384' title='bbox 3148 2322 3297 2371; x_wconf 88' lang='lat' dir='ltr'><strong>eum,</strong></span> <span class='ocrx_word' id='word_1_385' title='bbox 3333 2306 3428 2376; x_wconf 85' lang='lat' dir='ltr'><strong>qui</strong></span> 
     </span>
    </p>
   </div>
   <div class='ocr_carea' id='block_1_54' title="bbox 1852 2400 3430 2475">
    <p class='ocr_par' dir='ltr' id='par_1_54' title="bbox 1852 2400 3430 2475">
     <span class='ocr_line' id='line_1_54' title="bbox 1852 2400 3430 2475; baseline -0.004 -17"><span class='ocrx_word' id='word_1_386' title='bbox 1852 2403 1977 2459; x_wconf 87' lang='lat' dir='ltr'><strong>talia</strong></span> <span class='ocrx_word' id='word_1_387' title='bbox 2003 2403 2227 2475; x_wconf 80' lang='lat' dir='ltr'><strong>largitus</strong></span> <span class='ocrx_word' id='word_1_388' title='bbox 2248 2412 2350 2467; x_wconf 90' lang='lat' dir='ltr'><strong>est,</strong></span> <span class='ocrx_word' id='word_1_389' title='bbox 2371 2402 2520 2457; x_wconf 88' lang='lat' dir='ltr'><strong>omni</strong></span> <span class='ocrx_word' id='word_1_390' title='bbox 2550 2402 2739 2466; x_wconf 89' lang='lat' dir='ltr'><strong>corde,</strong></span> <span class='ocrx_word' id='word_1_391' title='bbox 2758 2400 2939 2454; x_wconf 89' lang='lat' dir='ltr'><strong>anima</strong></span> <span class='ocrx_word' id='word_1_392' title='bbox 2965 2408 3020 2452; x_wconf 92' lang='lat' dir='ltr'><strong>et</strong></span> <span class='ocrx_word' id='word_1_393' title='bbox 3044 2408 3227 2451; x_wconf 88' lang='lat' dir='ltr'><strong>mente</strong></span> <span class='ocrx_word' id='word_1_394' title='bbox 3244 2413 3430 2453; x_wconf 85' lang='lat' dir='ltr'><strong>amare</strong></span> 
     </span>
    </p>
   </div>
   <div class='ocr_carea' id='block_1_55' title="bbox 1852 2489 3430 2564">
    <p class='ocr_par' dir='ltr' id='par_1_55' title="bbox 1852 2489 3430 2564">
     <span class='ocr_line' id='line_1_55' title="bbox 1852 2489 3430 2564; baseline -0.003 -16"><span class='ocrx_word' id='word_1_395' title='bbox 1852 2494 2097 2564; x_wconf 87' lang='lat' dir='ltr'><strong>oportet?</strong></span> <span class='ocrx_word' id='word_1_396' title='bbox 2122 2493 2223 2561; x_wconf 80' lang='lat' dir='ltr'><strong>Qut</strong></span> <span class='ocrx_word' id='word_1_397' title='bbox 2253 2495 2357 2549; x_wconf 85' lang='lat' dir='ltr'><strong>hoc</strong></span> <span class='ocrx_word' id='word_1_398' title='bbox 2381 2504 2714 2563; x_wconf 62' lang='lat' dir='ltr'><strong>prmeeptum</strong></span> <span class='ocrx_word' id='word_1_399' title='bbox 2748 2507 2853 2545; x_wconf 83' lang='lat' dir='ltr'><strong>non</strong></span> <span class='ocrx_word' id='word_1_400' title='bbox 2882 2491 3142 2558; x_wconf 87' lang='lat' dir='ltr'><strong>salutare,</strong></span> <span class='ocrx_word' id='word_1_401' title='bbox 3171 2506 3271 2543; x_wconf 91' lang='lat' dir='ltr'><strong>nec</strong></span> <span class='ocrx_word' id='word_1_402' title='bbox 3297 2489 3430 2545; x_wconf 82' lang='lat' dir='ltr'><strong>Jesu</strong></span> 
     </span>
    </p>
   </div>
   <div class='ocr_carea' id='block_1_56' title="bbox 1854 2578 3431 2649">
    <p class='ocr_par' dir='ltr' id='par_1_56' title="bbox 1854 2578 3431 2649">
     <span class='ocr_line' id='line_1_56' title="bbox 1854 2578 3431 2649; baseline -0.004 -11"><span class='ocrx_word' id='word_1_403' title='bbox 1854 2584 2101 2638; x_wconf 88' lang='lat' dir='ltr'><strong>instituta</strong></span> <span class='ocrx_word' id='word_1_404' title='bbox 2158 2584 2300 2638; x_wconf 82' lang='lat' dir='ltr'><strong>bene</strong></span> <span class='ocrx_word' id='word_1_405' title='bbox 2334 2582 2584 2636; x_wconf 86' lang='lat' dir='ltr'><strong>ordinata</strong></span> <span class='ocrx_word' id='word_1_406' title='bbox 2619 2582 2700 2635; x_wconf 83' lang='lat' dir='ltr'><strong>vel</strong></span> <span class='ocrx_word' id='word_1_407' title='bbox 2738 2581 2931 2645; x_wconf 87' lang='lat' dir='ltr'><strong>credit,</strong></span> <span class='ocrx_word' id='word_1_408' title='bbox 2965 2580 3051 2634; x_wconf 86' lang='lat' dir='ltr'><strong>vel</strong></span> <span class='ocrx_word' id='word_1_409' title='bbox 3084 2578 3345 2649; x_wconf 85' lang='lat' dir='ltr'><strong>appellat,</strong></span> <span class='ocrx_word' id='word_1_410' title='bbox 3383 2578 3431 2632; x_wconf 81' lang='lat' dir='ltr'><strong>is</strong></span> 
     </span>
    </p>
   </div>
   <div class='ocr_carea' id='block_1_57' title="bbox 1854 2673 3433 2747">
    <p class='ocr_par' dir='ltr' id='par_1_57' title="bbox 1854 2673 3433 2747">
     <span class='ocr_line' id='line_1_57' title="bbox 1854 2673 3433 2747; baseline -0.003 -15"><span class='ocrx_word' id='word_1_411' title='bbox 1854 2679 2078 2732; x_wconf 88' lang='lat' dir='ltr'><strong>omnino</strong></span> <span class='ocrx_word' id='word_1_412' title='bbox 2117 2676 2298 2747; x_wconf 87' lang='lat' dir='ltr'><strong>prodit</strong></span> <span class='ocrx_word' id='word_1_413' title='bbox 2328 2690 2387 2730; x_wconf 80' lang='lat' dir='ltr'><strong>se</strong></span> <span class='ocrx_word' id='word_1_414' title='bbox 2418 2675 2725 2743; x_wconf 70' lang='lat' dir='ltr'><strong>indignum,</strong></span> <span class='ocrx_word' id='word_1_415' title='bbox 2756 2674 2849 2743; x_wconf 87' lang='lat' dir='ltr'><strong>qui</strong></span> <span class='ocrx_word' id='word_1_416' title='bbox 2874 2690 3062 2728; x_wconf 82' lang='lat' dir='ltr'><strong>verum</strong></span> <span class='ocrx_word' id='word_1_417' title='bbox 3102 2673 3270 2727; x_wconf 86' lang='lat' dir='ltr'><strong>Deum</strong></span> <span class='ocrx_word' id='word_1_418' title='bbox 3302 2688 3433 2727; x_wconf 77' lang='lat' dir='ltr'><strong>vere</strong></span> 
     </span>
    </p>
   </div>
   <div class='ocr_carea' id='block_1_58' title="bbox 1854 2763 3427 2836">
    <p class='ocr_par' dir='ltr' id='par_1_58' title="bbox 1854 2763 3427 2836">
     <span class='ocr_line' id='line_1_58' title="bbox 1854 2763 3427 2836; baseline -0.003 -17"><span class='ocrx_word' id='word_1_419' title='bbox 1854 2773 2137 2836; x_wconf 81' lang='lat' dir='ltr'><strong>agnoscat.</strong></span> <span class='ocrx_word' id='word_1_420' title='bbox 2158 2763 2239 2818; x_wconf 89' lang='lat' dir='ltr'><strong>Tu</strong></span> <span class='ocrx_word' id='word_1_421' title='bbox 2262 2779 2394 2819; x_wconf 84' lang='lat' dir='ltr'><strong>vero</strong></span> <span class='ocrx_word' id='word_1_422' title='bbox 2425 2764 2713 2818; x_wconf 85' lang='lat' dir='ltr'><strong>considera</strong></span> <span class='ocrx_word' id='word_1_423' title='bbox 2732 2772 3039 2831; x_wconf 89' lang='lat' dir='ltr'><strong>etsequens</strong></span> <span class='ocrx_word' id='word_1_424' title='bbox 3057 2770 3389 2831; x_wconf 67' lang='lat' dir='ltr'><strong>prmeeptum</strong></span> <span class='ocrx_word' id='word_1_425' title='bbox 3415 2778 3427 2814; x_wconf 90' lang='lat'><strong>:</strong></span> 
     </span>
    </p>
   </div>
   <div class='ocr_carea' id='block_1_59' title="bbox 1856 2852 3433 2928">
    <p class='ocr_par' dir='ltr' id='par_1_59' title="bbox 1856 2852 3433 2928">
     <span class='ocr_line' id='line_1_59' title="bbox 1856 2852 3433 2928; baseline -0.003 -18"><span class='ocrx_word' id='word_1_426' title='bbox 1856 2856 2054 2928; x_wconf 78' lang='lat' dir='ltr'><strong>Diliges</strong></span> <span class='ocrx_word' id='word_1_427' title='bbox 2089 2856 2389 2927; x_wconf 78' lang='lat' dir='ltr'><strong>proximum</strong></span> <span class='ocrx_word' id='word_1_428' title='bbox 2435 2864 2582 2908; x_wconf 85' lang='lat' dir='ltr'><strong>tuum</strong></span> <span class='ocrx_word' id='word_1_429' title='bbox 2617 2855 2750 2907; x_wconf 82' lang='lat' dir='ltr'><strong>sicut</strong></span> <span class='ocrx_word' id='word_1_430' title='bbox 2788 2863 2837 2907; x_wconf 84' lang='lat' dir='ltr'><strong>te</strong></span> <span class='ocrx_word' id='word_1_431' title='bbox 2873 2854 3048 2923; x_wconf 77' lang='lat' dir='ltr'><strong>ipsum</strong></span> <span class='ocrx_word' id='word_1_432' title='bbox 3078 2853 3148 2906; x_wconf 74' lang='lat'><strong>“.</strong></span> <span class='ocrx_word' id='word_1_433' title='bbox 3186 2852 3265 2907; x_wconf 82' lang='lat' dir='ltr'><strong>Eo</strong></span> <span class='ocrx_word' id='word_1_434' title='bbox 3302 2867 3433 2907; x_wconf 73' lang='lat' dir='ltr'><strong>vero</strong></span> 
     </span>
    </p>
   </div>
   <div class='ocr_carea' id='block_1_60' title="bbox 1854 2944 3433 3017">
    <p class='ocr_par' dir='ltr' id='par_1_60' title="bbox 1854 2944 3433 3017">
     <span class='ocr_line' id='line_1_60' title="bbox 1854 2944 3433 3017; baseline -0.003 -14"><span class='ocrx_word' id='word_1_435' title='bbox 1854 2949 2129 3017; x_wconf 84' lang='lat' dir='ltr'><strong>quodnam</strong></span> <span class='ocrx_word' id='word_1_436' title='bbox 2157 2946 2345 3002; x_wconf 77' lang='lat' dir='ltr'><strong>utilius</strong></span> <span class='ocrx_word' id='word_1_437' title='bbox 2371 2955 2465 3000; x_wconf 89' lang='lat' dir='ltr'><strong>aut</strong></span> <span class='ocrx_word' id='word_1_438' title='bbox 2495 2946 2691 3000; x_wconf 91' lang='lat' dir='ltr'><strong>melius</strong></span> <span class='ocrx_word' id='word_1_439' title='bbox 2717 2946 2837 2999; x_wconf 86' lang='lat' dir='ltr'><strong>est?</strong></span> <span class='ocrx_word' id='word_1_440' title='bbox 2868 2945 3144 3015; x_wconf 84' lang='lat' dir='ltr'><strong>quodnam</strong></span> <span class='ocrx_word' id='word_1_441' title='bbox 3174 2944 3240 2999; x_wconf 89' lang='lat' dir='ltr'><strong>ad</strong></span> <span class='ocrx_word' id='word_1_442' title='bbox 3268 2944 3433 2999; x_wconf 84' lang='lat' dir='ltr'><strong>vitam</strong></span> 
     </span>
    </p>
   </div>
   <div class='ocr_carea' id='block_1_61' title="bbox 1855 3036 3436 3112">
    <p class='ocr_par' dir='ltr' id='par_1_61' title="bbox 1855 3036 3436 3112">
     <span class='ocr_line' id='line_1_61' title="bbox 1855 3036 3436 3112; baseline -0.004 -17"><span class='ocrx_word' id='word_1_443' title='bbox 1855 3041 2263 3112; x_wconf 85' lang='lat' dir='ltr'><strong>producendam</strong></span> <span class='ocrx_word' id='word_1_444' title='bbox 2279 3045 2373 3093; x_wconf 90' lang='lat' dir='ltr'><strong>aut</strong></span> <span class='ocrx_word' id='word_1_445' title='bbox 2385 3038 2452 3093; x_wconf 88' lang='lat' dir='ltr'><strong>ad</strong></span> <span class='ocrx_word' id='word_1_446' title='bbox 2476 3037 2833 3093; x_wconf 86' lang='lat' dir='ltr'><strong>socialitatettt</strong></span> <span class='ocrx_word' id='word_1_447' title='bbox 2848 3036 3436 3105; x_wconf 87' lang='lat' dir='ltr'><strong>mansuetudinemque</strong></span> 
     </span>
    </p>
   </div>
   <div class='ocr_carea' id='block_1_62' title="bbox 1854 3128 3433 3200">
    <p class='ocr_par' dir='ltr' id='par_1_62' title="bbox 1854 3128 3433 3200">
     <span class='ocr_line' id='line_1_62' title="bbox 1854 3128 3433 3200; baseline -0.003 -13"><span class='ocrx_word' id='word_1_448' title='bbox 1854 3132 2112 3188; x_wconf 73' lang='lat' dir='ltr'><strong>humana:</strong></span> <span class='ocrx_word' id='word_1_449' title='bbox 2175 3141 2385 3186; x_wconf 72' lang='lat' dir='ltr'><strong>naturae</strong></span> <span class='ocrx_word' id='word_1_450' title='bbox 2446 3129 2852 3200; x_wconf 88' lang='lat' dir='ltr'><strong>provehendam</strong></span> <span class='ocrx_word' id='word_1_451' title='bbox 2915 3131 3085 3200; x_wconf 83' lang='lat' dir='ltr'><strong>magis</strong></span> <span class='ocrx_word' id='word_1_452' title='bbox 3136 3128 3433 3195; x_wconf 89' lang='lat' dir='ltr'><strong>idoneum,</strong></span> 
     </span>
    </p>
   </div>
   <div class='ocr_carea' id='block_1_63' title="bbox 168 3215 1752 3302">
    <p class='ocr_par' dir='ltr' id='par_1_63' title="bbox 168 3215 1751 3289">
     <span class='ocr_line' id='line_1_63' title="bbox 168 3215 1751 3289; baseline -0.003 -18"><span class='ocrx_word' id='word_1_453' title='bbox 168 3220 252 3281; x_wconf 81' lang='grc' dir='ltr'>ὡς</span> <span class='ocrx_word' id='word_1_454' title='bbox 277 3218 511 3282; x_wconf 83' lang='grc' dir='ltr'>ὲαυτόν;</span> <span class='ocrx_word' id='word_1_455' title='bbox 542 3220 638 3272; x_wconf 73' lang='grc' dir='ltr'>καὶ</span> <span class='ocrx_word' id='word_1_456' title='bbox 669 3217 830 3289; x_wconf 77' lang='grc' dir='ltr'>ἔργον</span> <span class='ocrx_word' id='word_1_457' title='bbox 863 3218 961 3287; x_wconf 85' lang='grc' dir='ltr'>μὲν</span> <span class='ocrx_word' id='word_1_458' title='bbox 987 3218 1085 3286; x_wconf 79' lang='grc' dir='ltr'><strong>τῆς</strong></span> <span class='ocrx_word' id='word_1_459' title='bbox 1119 3217 1289 3287; x_wconf 81' lang='grc' dir='ltr'>αὐτῆς</span> <span class='ocrx_word' id='word_1_460' title='bbox 1317 3216 1518 3271; x_wconf 82' lang='grc' dir='ltr'>εἰδέναι</span> <span class='ocrx_word' id='word_1_461' title='bbox 1549 3215 1751 3287; x_wconf 79' lang='grc' dir='ltr'>χειρὸς,</span> 
     </span>
    </p>
   </div>
   <div class='ocr_carea' id='block_1_64' title="bbox 1855 3215 3437 3302">
    <p class='ocr_par' dir='ltr' id='par_1_64' title="bbox 1859 3222 3437 3293">
     <span class='ocr_line' id='line_1_64' title="bbox 1859 3222 3437 3293; baseline -0.001 -16"><span class='ocrx_word' id='word_1_462' title='bbox 1859 3240 2020 3293; x_wconf 87' lang='lat' dir='ltr'><strong>quam</strong></span> <span class='ocrx_word' id='word_1_463' title='bbox 2064 3223 2287 3292; x_wconf 84' lang='lat' dir='ltr'><strong>diligere</strong></span> <span class='ocrx_word' id='word_1_464' title='bbox 2330 3223 2638 3292; x_wconf 81' lang='lat' dir='ltr'><strong>proximum</strong></span> <span class='ocrx_word' id='word_1_465' title='bbox 2668 3230 2729 3276; x_wconf 91' lang='lat' dir='ltr'><strong>ut</strong></span> <span class='ocrx_word' id='word_1_466' title='bbox 2785 3222 3061 3291; x_wconf 88' lang='lat' dir='ltr'><strong>seipsum?</strong></span> <span class='ocrx_word' id='word_1_467' title='bbox 3094 3229 3149 3275; x_wconf 88' lang='lat' dir='ltr'><strong>et</strong></span> <span class='ocrx_word' id='word_1_468' title='bbox 3187 3236 3348 3276; x_wconf 85' lang='lat' dir='ltr'><strong>nosse</strong></span> <span class='ocrx_word' id='word_1_469' title='bbox 3377 3236 3437 3276; x_wconf 86' lang='lat' dir='ltr'><strong>se</strong></span> 
     </span>
    </p>
   </div>
   <div class='ocr_carea' id='block_1_65' title="bbox 173 3310 1757 3381">
    <p class='ocr_par' dir='ltr' id='par_1_65' title="bbox 173 3310 1757 3381">
     <span class='ocr_line' id='line_1_65' title="bbox 173 3310 1757 3381; baseline -0.001 -17"><span class='ocrx_word' id='word_1_470' title='bbox 173 3313 396 3380; x_wconf 85' lang='grc' dir='ltr'>φύσεως</span> <span class='ocrx_word' id='word_1_471' title='bbox 437 3312 499 3365; x_wconf 85' lang='grc' dir='ltr'>δὲ</span> <span class='ocrx_word' id='word_1_472' title='bbox 530 3313 693 3381; x_wconf 83' lang='grc' dir='ltr'>μιᾶς;</span> <span class='ocrx_word' id='word_1_473' title='bbox 723 3310 811 3364; x_wconf 79' lang='grc' dir='ltr'><strong>διὰ</strong></span> <span class='ocrx_word' id='word_1_474' title='bbox 833 3310 933 3381; x_wconf 89' lang='grc' dir='ltr'><strong>τῆς</strong></span> <span class='ocrx_word' id='word_1_475' title='bbox 964 3310 1135 3380; x_wconf 77' lang='grc' dir='ltr'>αὐτῆς</span> <span class='ocrx_word' id='word_1_476' title='bbox 1164 3310 1220 3364; x_wconf 82' lang='grc' dir='ltr'>δὲ</span> <span class='ocrx_word' id='word_1_477' title='bbox 1249 3312 1514 3379; x_wconf 81' lang='grc' dir='ltr'>γενέσεως</span> <span class='ocrx_word' id='word_1_478' title='bbox 1538 3313 1618 3373; x_wconf 77' lang='lat' dir='ltr'><strong>ei;</strong></span> <span class='ocrx_word' id='word_1_479' title='bbox 1643 3311 1757 3378; x_wconf 64' lang='grc' dir='ltr'><strong>φῶς</strong></span> 
     </span>
    </p>
   </div>
   <div class='ocr_carea' id='block_1_66' title="bbox 176 3400 1757 3473">
    <p class='ocr_par' dir='ltr' id='par_1_66' title="bbox 176 3400 1757 3473">
     <span class='ocr_line' id='line_1_66' title="bbox 176 3400 1757 3473; baseline -0.002 -18"><span class='ocrx_word' id='word_1_480' title='bbox 176 3401 537 3472; x_wconf 83' lang='grc' dir='ltr'>προελθόντα,</span> <span class='ocrx_word' id='word_1_481' title='bbox 569 3402 666 3456; x_wconf 72' lang='grc' dir='ltr'>καὶ</span> <span class='ocrx_word' id='word_1_482' title='bbox 687 3402 774 3455; x_wconf 88' lang='grc' dir='ltr'><strong>διά</strong></span> <span class='ocrx_word' id='word_1_483' title='bbox 798 3404 896 3473; x_wconf 83' lang='grc' dir='ltr'><strong>τῆς</strong></span> <span class='ocrx_word' id='word_1_484' title='bbox 922 3402 1093 3471; x_wconf 81' lang='grc' dir='ltr'>αὐτῆς</span> <span class='ocrx_word' id='word_1_485' title='bbox 1114 3401 1233 3455; x_wconf 81' lang='grc' dir='ltr'>ὁδοῦ</span> <span class='ocrx_word' id='word_1_486' title='bbox 1256 3400 1347 3455; x_wconf 82' lang='grc' dir='ltr'><strong>τὸν</strong></span> <span class='ocrx_word' id='word_1_487' title='bbox 1376 3401 1490 3471; x_wconf 84' lang='grc' dir='ltr'>βίον</span> <span class='ocrx_word' id='word_1_488' title='bbox 1520 3400 1757 3471; x_wconf 85' lang='grc' dir='ltr'>ἀπολιμ-</span> 
     </span>
    </p>
   </div>
   <div class='ocr_carea' id='block_1_67' title="bbox 173 3494 1758 3567">
    <p class='ocr_par' dir='ltr' id='par_1_67' title="bbox 173 3494 1758 3567">
     <span class='ocr_line' id='line_1_67' title="bbox 173 3494 1758 3567; baseline -0.001 -19"><span class='ocrx_word' id='word_1_489' title='bbox 173 3496 445 3559; x_wconf 77' lang='grc' dir='ltr'>πάνοντα,</span> <span class='ocrx_word' id='word_1_490' title='bbox 477 3494 575 3547; x_wconf 71' lang='grc' dir='ltr'>καὶ</span> <span class='ocrx_word' id='word_1_491' title='bbox 620 3494 719 3565; x_wconf 82' lang='grc' dir='ltr'><strong>τὴν</strong></span> <span class='ocrx_word' id='word_1_492' title='bbox 770 3494 867 3564; x_wconf 81' lang='grc' dir='ltr'>μὲν</span> <span class='ocrx_word' id='word_1_493' title='bbox 928 3495 1245 3567; x_wconf 83' lang='grc' dir='ltr'>περιμένειν</span> <span class='ocrx_word' id='word_1_494' title='bbox 1293 3495 1385 3548; x_wconf 84' lang='grc' dir='ltr'>τὸν</span> <span class='ocrx_word' id='word_1_495' title='bbox 1432 3494 1615 3559; x_wconf 82' lang='grc' dir='ltr'>αὑτὸν,</span> <span class='ocrx_word' id='word_1_496' title='bbox 1663 3494 1758 3547; x_wconf 76' lang='grc' dir='ltr'>καὶ</span> 
     </span>
    </p>
   </div>
   <div class='ocr_carea' id='block_1_68' title="bbox 172 3585 1758 3669">
    <p class='ocr_par' dir='ltr' id='par_1_68' title="bbox 172 3585 1758 3669">
     <span class='ocr_line' id='line_1_68' title="bbox 172 3585 1758 3669; baseline -0.003 -28"><span class='ocrx_word' id='word_1_497' title='bbox 172 3587 290 3641; x_wconf 83' lang='grc' dir='ltr'><strong>τῶν</strong></span> <span class='ocrx_word' id='word_1_498' title='bbox 313 3586 663 3669; x_wconf 69' lang='grc' dir='ltr'>βεϐιωμένων</span> <span class='ocrx_word' id='word_1_499' title='bbox 691 3586 1004 3656; x_wconf 77' lang='grc' dir='ltr'>ἐξεταστὴν,</span> <span class='ocrx_word' id='word_1_500' title='bbox 1023 3588 1117 3640; x_wconf 81' lang='grc' dir='ltr'>καὶ</span> <span class='ocrx_word' id='word_1_501' title='bbox 1144 3586 1248 3657; x_wconf 85' lang='grc' dir='ltr'><strong>πρό</strong></span> <span class='ocrx_word' id='word_1_502' title='bbox 1269 3602 1332 3651; x_wconf 88' lang='grc' dir='ltr'><strong>γε</strong></span> <span class='ocrx_word' id='word_1_503' title='bbox 1348 3586 1553 3639; x_wconf 87' lang='grc' dir='ltr'>τούτων</span> <span class='ocrx_word' id='word_1_504' title='bbox 1591 3585 1758 3656; x_wconf 77' lang='grc' dir='ltr'>μηδὲν</span> 
     </span>
    </p>
   </div>
   <div class='ocr_carea' id='block_1_69' title="bbox 176 3673 1759 3749">
    <p class='ocr_par' dir='ltr' id='par_1_69' title="bbox 176 3673 1759 3749">
     <span class='ocr_line' id='line_1_69' title="bbox 176 3673 1759 3749; baseline -0.001 -17"><span class='ocrx_word' id='word_1_505' title='bbox 176 3678 477 3749; x_wconf 73' lang='grc' dir='ltr'>ἀνέχεσθαι</span> <span class='ocrx_word' id='word_1_506' title='bbox 526 3678 866 3749; x_wconf 83' lang='grc' dir='ltr'>πλημμελεῖν</span> <span class='ocrx_word' id='word_1_507' title='bbox 917 3681 999 3742; x_wconf 85' lang='grc' dir='ltr'><strong>είς</strong></span> <span class='ocrx_word' id='word_1_508' title='bbox 1040 3679 1134 3733; x_wconf 83' lang='grc' dir='ltr'>τὸν</span> <span class='ocrx_word' id='word_1_509' title='bbox 1194 3679 1394 3744; x_wconf 82' lang='grc' dir='ltr'>πέλας,</span> <span class='ocrx_word' id='word_1_510' title='bbox 1445 3673 1521 3732; x_wconf 83' lang='grc' dir='ltr'><strong>ὧν</strong></span> <span class='ocrx_word' id='word_1_511' title='bbox 1581 3679 1759 3741; x_wconf 73' lang='grc' dir='ltr'>οὐδεὶς</span> 
     </span>
    </p>
   </div>
   <div class='ocr_carea' id='block_1_70' title="bbox 174 3768 1759 3840">
    <p class='ocr_par' dir='ltr' id='par_1_70' title="bbox 174 3768 1759 3840">
     <span class='ocr_line' id='line_1_70' title="bbox 174 3768 1759 3840; baseline -0.002 -17"><span class='ocrx_word' id='word_1_512' title='bbox 174 3770 377 3823; x_wconf 79' lang='grc' dir='ltr'>ἑαυτὸν</span> <span class='ocrx_word' id='word_1_513' title='bbox 400 3768 536 3839; x_wconf 68' lang='grc'><strong>(28⁸)</strong></span> <span class='ocrx_word' id='word_1_514' title='bbox 572 3768 915 3840; x_wconf 84' lang='grc' dir='ltr'>πλημμελῶν</span> <span class='ocrx_word' id='word_1_515' title='bbox 956 3771 1022 3823; x_wconf 87' lang='grc' dir='ltr'>ἂν</span> <span class='ocrx_word' id='word_1_516' title='bbox 1058 3768 1273 3839; x_wconf 81' lang='grc' dir='ltr'>ὀφθείη,</span> <span class='ocrx_word' id='word_1_517' title='bbox 1294 3769 1381 3839; x_wconf 44' lang='grc' dir='ltr'><strong>,τά</strong></span> <span class='ocrx_word' id='word_1_518' title='bbox 1415 3768 1675 3823; x_wconf 85' lang='grc' dir='ltr'>κάλλιστα</span> <span class='ocrx_word' id='word_1_519' title='bbox 1700 3768 1759 3821; x_wconf 84' lang='grc' dir='ltr'>δὲ</span> 
     </span>
    </p>
   </div>
   <div class='ocr_carea' id='block_1_71' title="bbox 179 3853 1758 3930">
    <p class='ocr_par' dir='ltr' id='par_1_71' title="bbox 179 3853 1758 3930">
     <span class='ocr_line' id='line_1_71' title="bbox 179 3853 1758 3930; baseline 0.001 -18"><span class='ocrx_word' id='word_1_520' title='bbox 179 3862 280 3914; x_wconf 57' lang='grc' dir='ltr'><strong>καὶ⁸</strong></span> <span class='ocrx_word' id='word_1_521' title='bbox 311 3860 561 3930; x_wconf 82' lang='grc' dir='ltr'>σωτήρια</span> <span class='ocrx_word' id='word_1_522' title='bbox 588 3860 684 3913; x_wconf 71' lang='grc' dir='ltr'><strong>καὶ</strong></span> <span class='ocrx_word' id='word_1_523' title='bbox 731 3859 1088 3930; x_wconf 79' lang='grc' dir='ltr'>συνεύχεσθαι</span> <span class='ocrx_word' id='word_1_524' title='bbox 1120 3859 1215 3913; x_wconf 76' lang='grc' dir='ltr'>καὶ</span> <span class='ocrx_word' id='word_1_525' title='bbox 1258 3853 1302 3927; x_wconf 85' lang='grc' dir='ltr'><strong>ᾧ</strong></span> <span class='ocrx_word' id='word_1_526' title='bbox 1332 3865 1614 3930; x_wconf 82' lang='grc' dir='ltr'>παροικεῖς</span> <span class='ocrx_word' id='word_1_527' title='bbox 1646 3860 1758 3930; x_wconf 75' lang='grc'><strong>(29)</strong></span> 
     </span>
    </p>
   </div>
   <div class='ocr_carea' id='block_1_72' title="bbox 180 3950 1761 4022">
    <p class='ocr_par' dir='ltr' id='par_1_72' title="bbox 180 3950 1761 4022">
     <span class='ocr_line' id='line_1_72' title="bbox 180 3950 1761 4022; baseline 0 -18"><span class='ocrx_word' id='word_1_528' title='bbox 180 3950 770 4021; x_wconf 57' lang='grc' dir='ltr'>συγκαταπριὴτεσοαι</span> <span class='ocrx_word' id='word_1_529' title='bbox 790 3967 804 3981; x_wconf 90' lang='grc'><strong>·</strong></span> <span class='ocrx_word' id='word_1_530' title='bbox 840 3950 999 4004; x_wconf 79' lang='grc' dir='ltr'>τοῦτο</span> <span class='ocrx_word' id='word_1_531' title='bbox 1022 3952 1129 4021; x_wconf 80' lang='grc' dir='ltr'>γάρ</span> <span class='ocrx_word' id='word_1_532' title='bbox 1165 3952 1312 4004; x_wconf 82' lang='grc' dir='ltr'>ἐστιν</span> <span class='ocrx_word' id='word_1_533' title='bbox 1345 3952 1373 4003; x_wconf 89' lang='grc' dir='ltr'>ὁ</span> <span class='ocrx_word' id='word_1_534' title='bbox 1405 3951 1509 4021; x_wconf 84' lang='grc' dir='ltr'><strong>τῆς</strong></span> <span class='ocrx_word' id='word_1_535' title='bbox 1538 3952 1761 4022; x_wconf 84' lang='grc' dir='ltr'>ἀγάπης</span> 
     </span>
    </p>
   </div>
   <div class='ocr_carea' id='block_1_73' title="bbox 178 4042 1759 4121">
    <p class='ocr_par' dir='ltr' id='par_1_73' title="bbox 178 4042 1759 4121">
     <span class='ocr_line' id='line_1_73' title="bbox 178 4042 1759 4121; baseline 0 -23"><span class='ocrx_word' id='word_1_536' title='bbox 178 4044 365 4112; x_wconf 87' lang='grc' dir='ltr'>λόγος.</span> <span class='ocrx_word' id='word_1_537' title='bbox 404 4044 550 4113; x_wconf 82' lang='grc' dir='ltr'>Ἀρα</span> <span class='ocrx_word' id='word_1_538' title='bbox 577 4044 640 4096; x_wconf 79' lang='grc' dir='ltr'><strong>ού</strong></span> <span class='ocrx_word' id='word_1_539' title='bbox 665 4042 814 4103; x_wconf 85' lang='grc' dir='ltr'>δοκεῖ</span> <span class='ocrx_word' id='word_1_540' title='bbox 838 4059 920 4096; x_wconf 87' lang='grc' dir='ltr'><strong>σοι</strong></span> <span class='ocrx_word' id='word_1_541' title='bbox 948 4042 1017 4096; x_wconf 83' lang='grc' dir='ltr'><strong>τὰ</strong></span> <span class='ocrx_word' id='word_1_542' title='bbox 1049 4044 1280 4112; x_wconf 80' lang='grc' dir='ltr'>μέγιστα</span> <span class='ocrx_word' id='word_1_543' title='bbox 1304 4044 1399 4096; x_wconf 72' lang='grc' dir='ltr'>καὶ</span> <span class='ocrx_word' id='word_1_544' title='bbox 1421 4044 1759 4121; x_wconf 82' lang='grc' dir='ltr'>καιριώτατα</span> 
     </span>
    </p>
   </div>
   <div class='ocr_carea' id='block_1_74' title="bbox 178 4134 1763 4207">
    <p class='ocr_par' dir='ltr' id='par_1_74' title="bbox 178 4134 1763 4207">
     <span class='ocr_line' id='line_1_74' title="bbox 178 4134 1763 4207; baseline 0.003 -19"><span class='ocrx_word' id='word_1_545' title='bbox 178 4136 295 4189; x_wconf 85' lang='grc' dir='ltr'><strong>τῶν</strong></span> <span class='ocrx_word' id='word_1_546' title='bbox 330 4137 389 4190; x_wconf 81' lang='grc' dir='ltr'>ὲν</span> <span class='ocrx_word' id='word_1_547' title='bbox 431 4134 773 4206; x_wconf 82' lang='grc' dir='ltr'>ἀνθρώποις;</span> <span class='ocrx_word' id='word_1_548' title='bbox 809 4135 1110 4207; x_wconf 84' lang='grc' dir='ltr'>Προσθήσω</span> <span class='ocrx_word' id='word_1_549' title='bbox 1148 4135 1205 4188; x_wconf 76' lang='grc' dir='ltr'>δὲ</span> <span class='ocrx_word' id='word_1_550' title='bbox 1236 4138 1331 4189; x_wconf 70' lang='grc' dir='ltr'>καὶ</span> <span class='ocrx_word' id='word_1_551' title='bbox 1360 4136 1462 4190; x_wconf 83' lang='grc' dir='ltr'>ὅσα</span> <span class='ocrx_word' id='word_1_552' title='bbox 1493 4138 1611 4190; x_wconf 77' lang='grc' dir='ltr'>ἐστὶ</span> <span class='ocrx_word' id='word_1_553' title='bbox 1643 4136 1763 4193; x_wconf 79' lang='grc' dir='ltr'>θεῖα</span> 
     </span>
    </p>
   </div>
   <div class='ocr_carea' id='block_1_75' title="bbox 178 4226 1759 4300">
    <p class='ocr_par' dir='ltr' id='par_1_75' title="bbox 178 4226 1759 4300">
     <span class='ocr_line' id='line_1_75' title="bbox 178 4226 1759 4300; baseline 0.001 -19"><span class='ocrx_word' id='word_1_554' title='bbox 178 4230 281 4282; x_wconf 70' lang='grc' dir='ltr'>καὶ</span> <span class='ocrx_word' id='word_1_555' title='bbox 303 4226 529 4296; x_wconf 79' lang='grc' dir='ltr'>θεοφιλῆ</span> <span class='ocrx_word' id='word_1_556' title='bbox 556 4226 646 4279; x_wconf 85' lang='grc' dir='ltr'>διὰ</span> <span class='ocrx_word' id='word_1_557' title='bbox 670 4227 876 4297; x_wconf 81' lang='grc' dir='ltr'>ταύτης</span> <span class='ocrx_word' id='word_1_558' title='bbox 911 4226 1335 4282; x_wconf 87' lang='grc' dir='ltr'>κατευθύνεσθαι</span> <span class='ocrx_word' id='word_1_559' title='bbox 1373 4229 1475 4299; x_wconf 87' lang='grc' dir='ltr'><strong>τῆς</strong></span> <span class='ocrx_word' id='word_1_560' title='bbox 1517 4230 1759 4300; x_wconf 78' lang='grc' dir='ltr'>ἐντολῆς.</span> 
     </span>
    </p>
   </div>
   <div class='ocr_carea' id='block_1_76' title="bbox 181 4317 1763 4391">
    <p class='ocr_par' dir='ltr' id='par_1_76' title="bbox 181 4317 1763 4391">
     <span class='ocr_line' id='line_1_76' title="bbox 181 4317 1763 4391; baseline 0.001 -19"><span class='ocrx_word' id='word_1_561' title='bbox 181 4321 300 4388; x_wconf 73' lang='grc' dir='ltr'><strong>Οὐχ</strong></span> <span class='ocrx_word' id='word_1_562' title='bbox 322 4319 537 4372; x_wconf 79' lang='grc' dir='ltr'>ἵσταται</span> <span class='ocrx_word' id='word_1_563' title='bbox 569 4318 626 4371; x_wconf 79' lang='grc' dir='ltr'>δὲ</span> <span class='ocrx_word' id='word_1_564' title='bbox 648 4318 769 4371; x_wconf 78' lang='grc' dir='ltr'>οὐδὲ</span> <span class='ocrx_word' id='word_1_565' title='bbox 789 4319 950 4388; x_wconf 83' lang='grc' dir='ltr'>μέχρι</span> <span class='ocrx_word' id='word_1_566' title='bbox 983 4317 1187 4371; x_wconf 87' lang='grc' dir='ltr'>τούτων</span> <span class='ocrx_word' id='word_1_567' title='bbox 1215 4322 1242 4371; x_wconf 90' lang='grc' dir='ltr'>ὁ</span> <span class='ocrx_word' id='word_1_568' title='bbox 1268 4319 1478 4391; x_wconf 83' lang='grc' dir='ltr'>Σωτὴρ,</span> <span class='ocrx_word' id='word_1_569' title='bbox 1514 4320 1629 4373; x_wconf 86' lang='grc' dir='ltr'>ἀλλ’</span> <span class='ocrx_word' id='word_1_570' title='bbox 1677 4321 1763 4375; x_wconf 81' lang='grc' dir='ltr'>ἵνα</span> 
     </span>
    </p>
   </div>
   <div class='ocr_carea' id='block_1_77' title="bbox 182 4407 1763 4483">
    <p class='ocr_par' dir='ltr' id='par_1_77' title="bbox 182 4407 1763 4483">
     <span class='ocr_line' id='line_1_77' title="bbox 182 4407 1763 4483; baseline 0.002 -21"><span class='ocrx_word' id='word_1_571' title='bbox 182 4412 369 4463; x_wconf 75' lang='grc' dir='ltr'>πᾶσαν</span> <span class='ocrx_word' id='word_1_572' title='bbox 410 4410 521 4462; x_wconf 84' lang='grc' dir='ltr'><strong>τῶν</strong></span> <span class='ocrx_word' id='word_1_573' title='bbox 559 4407 774 4462; x_wconf 73' lang='grc' dir='ltr'>ἀσεϐῶν</span> <span class='ocrx_word' id='word_1_574' title='bbox 817 4407 1051 4479; x_wconf 74' lang='grc' dir='ltr'>διακόψῃ</span> <span class='ocrx_word' id='word_1_575' title='bbox 1104 4410 1397 4479; x_wconf 84' lang='grc' dir='ltr'>πρόφασιν,</span> <span class='ocrx_word' id='word_1_576' title='bbox 1444 4411 1581 4481; x_wconf 82' lang='grc' dir='ltr'>μηδὲ</span> <span class='ocrx_word' id='word_1_577' title='bbox 1627 4412 1763 4483; x_wconf 85' lang='grc' dir='ltr'>πρός</span> 
     </span>
    </p>
   </div>
   <div class='ocr_carea' id='block_1_78' title="bbox 180 4500 1763 4574">
    <p class='ocr_par' dir='ltr' id='par_1_78' title="bbox 180 4500 1763 4574">
     <span class='ocr_line' id='line_1_78' title="bbox 180 4500 1763 4574; baseline 0.001 -18"><span class='ocrx_word' id='word_1_578' title='bbox 180 4520 308 4556; x_wconf 83' lang='grc' dir='ltr'>τινα</span> <span class='ocrx_word' id='word_1_579' title='bbox 345 4501 684 4572; x_wconf 83' lang='grc' dir='ltr'>κακουργίαν</span> <span class='ocrx_word' id='word_1_580' title='bbox 735 4500 1131 4569; x_wconf 68' lang='grc' dir='ltr'>ἀποϐλέψωσιν,</span> <span class='ocrx_word' id='word_1_581' title='bbox 1171 4501 1247 4564; x_wconf 81' lang='grc' dir='ltr'><strong>ὡς</strong></span> <span class='ocrx_word' id='word_1_582' title='bbox 1293 4501 1431 4572; x_wconf 78' lang='grc' dir='ltr'>αὕτη</span> <span class='ocrx_word' id='word_1_583' title='bbox 1470 4504 1605 4574; x_wconf 88' lang='grc' dir='ltr'>μόνη</span> <span class='ocrx_word' id='word_1_584' title='bbox 1656 4505 1763 4558; x_wconf 86' lang='grc' dir='ltr'><strong>τῶν</strong></span> 
     </span>
    </p>
   </div>
   <div class='ocr_carea' id='block_1_79' title="bbox 1861 3312 3437 3384">
    <p class='ocr_par' dir='ltr' id='par_1_79' title="bbox 1861 3312 3437 3384">
     <span class='ocr_line' id='line_1_79' title="bbox 1861 3312 3437 3384; baseline -0.002 -14"><span class='ocrx_word' id='word_1_585' title='bbox 1861 3316 2107 3384; x_wconf 87' lang='lat' dir='ltr'><strong>ejusdem</strong></span> <span class='ocrx_word' id='word_1_586' title='bbox 2133 3329 2329 3368; x_wconf 90' lang='lat' dir='ltr'><strong>manus</strong></span> <span class='ocrx_word' id='word_1_587' title='bbox 2352 3312 2650 3380; x_wconf 79' lang='lat' dir='ltr'><strong>opiﬁcium,</strong></span> <span class='ocrx_word' id='word_1_588' title='bbox 2679 3312 2926 3383; x_wconf 79' lang='lat' dir='ltr'><strong>ejusdem</strong></span> <span class='ocrx_word' id='word_1_589' title='bbox 2957 3322 3187 3379; x_wconf 63' lang='lat' dir='ltr'><strong>natura),</strong></span> <span class='ocrx_word' id='word_1_590' title='bbox 3211 3327 3275 3366; x_wconf 90' lang='lat' dir='ltr'><strong>ac</strong></span> <span class='ocrx_word' id='word_1_591' title='bbox 3291 3312 3437 3382; x_wconf 78' lang='lat' dir='ltr'><strong>ejus-</strong></span> 
     </span>
    </p>
   </div>
   <div class='ocr_carea' id='block_1_80' title="bbox 1858 3403 3437 3478">
    <p class='ocr_par' dir='ltr' id='par_1_80' title="bbox 1858 3403 3437 3478">
     <span class='ocr_line' id='line_1_80' title="bbox 1858 3403 3437 3478; baseline -0.003 -15"><span class='ocrx_word' id='word_1_592' title='bbox 1858 3409 1981 3463; x_wconf 82' lang='lat' dir='ltr'><strong>dem</strong></span> <span class='ocrx_word' id='word_1_593' title='bbox 2012 3406 2379 3478; x_wconf 81' lang='lat' dir='ltr'><strong>generationis</strong></span> <span class='ocrx_word' id='word_1_594' title='bbox 2409 3405 2676 3459; x_wconf 82' lang='lat' dir='ltr'><strong>beneﬁcio</strong></span> <span class='ocrx_word' id='word_1_595' title='bbox 2708 3404 2758 3457; x_wconf 92' lang='lat' dir='ltr'><strong>in</strong></span> <span class='ocrx_word' id='word_1_596' title='bbox 2778 3404 2957 3458; x_wconf 86' lang='lat' dir='ltr'><strong>lucem</strong></span> <span class='ocrx_word' id='word_1_597' title='bbox 2982 3404 3210 3468; x_wconf 90' lang='lat' dir='ltr'><strong>editum,</strong></span> <span class='ocrx_word' id='word_1_598' title='bbox 3244 3403 3437 3459; x_wconf 89' lang='lat' dir='ltr'><strong>eadem</strong></span> 
     </span>
    </p>
   </div>
   <div class='ocr_carea' id='block_1_81' title="bbox 1860 3492 3438 3567">
    <p class='ocr_par' dir='ltr' id='par_1_81' title="bbox 1860 3492 3438 3567">
     <span class='ocr_line' id='line_1_81' title="bbox 1860 3492 3438 3567; baseline -0.003 -16"><span class='ocrx_word' id='word_1_599' title='bbox 1860 3511 2076 3567; x_wconf 90' lang='lat' dir='ltr'><strong>quoque</strong></span> <span class='ocrx_word' id='word_1_600' title='bbox 2109 3495 2195 3550; x_wconf 86' lang='lat' dir='ltr'><strong>via</strong></span> <span class='ocrx_word' id='word_1_601' title='bbox 2256 3510 2322 3548; x_wconf 83' lang='lat' dir='ltr'><strong>ex</strong></span> <span class='ocrx_word' id='word_1_602' title='bbox 2356 3493 2465 3547; x_wconf 86' lang='lat' dir='ltr'><strong>vita</strong></span> <span class='ocrx_word' id='word_1_603' title='bbox 2508 3494 2612 3548; x_wconf 89' lang='lat' dir='ltr'><strong>hac</strong></span> <span class='ocrx_word' id='word_1_604' title='bbox 2662 3492 2958 3557; x_wconf 86' lang='lat' dir='ltr'><strong>abiturum,</strong></span> <span class='ocrx_word' id='word_1_605' title='bbox 3001 3500 3288 3563; x_wconf 89' lang='lat' dir='ltr'><strong>postquam</strong></span> <span class='ocrx_word' id='word_1_606' title='bbox 3330 3492 3438 3546; x_wconf 68' lang='lat' dir='ltr'><strong>imo</strong></span> 
     </span>
    </p>
   </div>
   <div class='ocr_carea' id='block_1_82' title="bbox 1859 3581 3436 3655">
    <p class='ocr_par' dir='ltr' id='par_1_82' title="bbox 1859 3581 3436 3655">
     <span class='ocr_line' id='line_1_82' title="bbox 1859 3581 3436 3655; baseline -0.004 -14"><span class='ocrx_word' id='word_1_607' title='bbox 1859 3588 2065 3642; x_wconf 89' lang='lat' dir='ltr'><strong>mineat</strong></span> <span class='ocrx_word' id='word_1_608' title='bbox 2098 3600 2239 3639; x_wconf 90' lang='lat' dir='ltr'><strong>unus</strong></span> <span class='ocrx_word' id='word_1_609' title='bbox 2269 3585 2521 3654; x_wconf 91' lang='lat' dir='ltr'><strong>idemque</strong></span> <span class='ocrx_word' id='word_1_610' title='bbox 2550 3599 2734 3638; x_wconf 87' lang='lat' dir='ltr'><strong>rerum</strong></span> <span class='ocrx_word' id='word_1_611' title='bbox 2765 3583 2819 3636; x_wconf 90' lang='lat' dir='ltr'><strong>in</strong></span> <span class='ocrx_word' id='word_1_612' title='bbox 2846 3584 2954 3637; x_wconf 87' lang='lat' dir='ltr'><strong>vita</strong></span> <span class='ocrx_word' id='word_1_613' title='bbox 2981 3592 3253 3655; x_wconf 82' lang='lat' dir='ltr'><strong>gestarum</strong></span> <span class='ocrx_word' id='word_1_614' title='bbox 3287 3581 3436 3635; x_wconf 90' lang='lat' dir='ltr'><strong>arbi-</strong></span> 
     </span>
    </p>
   </div>
   <div class='ocr_carea' id='block_1_83' title="bbox 1861 3672 3437 3747">
    <p class='ocr_par' dir='ltr' id='par_1_83' title="bbox 1861 3672 3437 3747">
     <span class='ocr_line' id='line_1_83' title="bbox 1861 3672 3437 3747; baseline -0.006 -13"><span class='ocrx_word' id='word_1_615' title='bbox 1861 3688 1945 3735; x_wconf 87' lang='lat' dir='ltr'><strong>ter</strong></span> <span class='ocrx_word' id='word_1_616' title='bbox 1972 3685 2028 3733; x_wconf 92' lang='lat' dir='ltr'><strong>et</strong></span> <span class='ocrx_word' id='word_1_617' title='bbox 2053 3677 2220 3747; x_wconf 79' lang='lat' dir='ltr'><strong>judex</strong></span> <span class='ocrx_word' id='word_1_618' title='bbox 2242 3692 2256 3742; x_wconf 93' lang='lat'><strong>;</strong></span> <span class='ocrx_word' id='word_1_619' title='bbox 2280 3685 2334 3729; x_wconf 89' lang='lat' dir='ltr'><strong>et</strong></span> <span class='ocrx_word' id='word_1_620' title='bbox 2358 3685 2484 3728; x_wconf 84' lang='lat' dir='ltr'><strong>ante</strong></span> <span class='ocrx_word' id='word_1_621' title='bbox 2512 3673 2697 3729; x_wconf 88' lang='lat' dir='ltr'><strong>omnia</strong></span> <span class='ocrx_word' id='word_1_622' title='bbox 2725 3680 2985 3739; x_wconf 86' lang='lat' dir='ltr'><strong>statuere,</strong></span> <span class='ocrx_word' id='word_1_623' title='bbox 3004 3672 3142 3727; x_wconf 84' lang='lat' dir='ltr'><strong>nihil</strong></span> <span class='ocrx_word' id='word_1_624' title='bbox 3163 3672 3217 3727; x_wconf 91' lang='lat' dir='ltr'><strong>in</strong></span> <span class='ocrx_word' id='word_1_625' title='bbox 3248 3672 3437 3743; x_wconf 82' lang='lat' dir='ltr'><strong>proxi-</strong></span> 
     </span>
    </p>
   </div>
   <div class='ocr_carea' id='block_1_84' title="bbox 1860 3764 3437 3839">
    <p class='ocr_par' dir='ltr' id='par_1_84' title="bbox 1860 3764 3437 3839">
     <span class='ocr_line' id='line_1_84' title="bbox 1860 3764 3437 3839; baseline -0.004 -13"><span class='ocrx_word' id='word_1_626' title='bbox 1860 3786 2008 3827; x_wconf 89' lang='lat' dir='ltr'><strong>mum</strong></span> <span class='ocrx_word' id='word_1_627' title='bbox 2058 3768 2467 3839; x_wconf 88' lang='lat' dir='ltr'><strong>suscipiendum</strong></span> <span class='ocrx_word' id='word_1_628' title='bbox 2514 3781 2638 3821; x_wconf 84' lang='lat' dir='ltr'><strong>esse</strong></span> <span class='ocrx_word' id='word_1_629' title='bbox 2690 3781 2918 3830; x_wconf 89' lang='lat' dir='ltr'><strong>eorum,</strong></span> <span class='ocrx_word' id='word_1_630' title='bbox 2970 3781 3091 3835; x_wconf 72' lang='lat' dir='ltr'><strong>qua:</strong></span> <span class='ocrx_word' id='word_1_631' title='bbox 3150 3780 3313 3820; x_wconf 90' lang='lat' dir='ltr'><strong>nemo</strong></span> <span class='ocrx_word' id='word_1_632' title='bbox 3380 3764 3437 3821; x_wconf 88' lang='lat' dir='ltr'><strong>in</strong></span> 
     </span>
    </p>
   </div>
   <div class='ocr_carea' id='block_1_85' title="bbox 1861 3858 3438 3953">
    <p class='ocr_par' dir='ltr' id='par_1_85' title="bbox 1861 3858 3438 3953">
     <span class='ocr_line' id='line_1_85' title="bbox 1861 3858 3438 3953; baseline -0.006 -34"><span class='ocrx_word' id='word_1_633' title='bbox 1861 3863 2102 3933; x_wconf 84' lang='lat' dir='ltr'><strong>seipsum</strong></span> <span class='ocrx_word' id='word_1_634' title='bbox 2153 3872 2373 3934; x_wconf 89' lang='lat' dir='ltr'><strong>patrare</strong></span> <span class='ocrx_word' id='word_1_635' title='bbox 2429 3876 2676 3953; x_wconf 49' lang='lat' dir='ltr'><strong>unquam</strong></span> <span class='ocrx_word' id='word_1_636' title='bbox 2715 3867 3001 3924; x_wconf 88' lang='lat' dir='ltr'><strong>cernatur;</strong></span> <span class='ocrx_word' id='word_1_637' title='bbox 3058 3858 3263 3928; x_wconf 91' lang='lat' dir='ltr'><strong>optima</strong></span> <span class='ocrx_word' id='word_1_638' title='bbox 3302 3872 3438 3913; x_wconf 81' lang='lat' dir='ltr'><strong>vero</strong></span> 
     </span>
    </p>
   </div>
   <div class='ocr_carea' id='block_1_86' title="bbox 1860 3947 3441 4023">
    <p class='ocr_par' dir='ltr' id='par_1_86' title="bbox 1860 3947 3441 4023">
     <span class='ocr_line' id='line_1_86' title="bbox 1860 3947 3441 4023; baseline -0.003 -16"><span class='ocrx_word' id='word_1_639' title='bbox 1860 3968 2091 4023; x_wconf 60' lang='lat' dir='ltr'><strong>quaeque</strong></span> <span class='ocrx_word' id='word_1_640' title='bbox 2142 3961 2198 4007; x_wconf 90' lang='lat' dir='ltr'><strong>et</strong></span> <span class='ocrx_word' id='word_1_641' title='bbox 2235 3951 2490 4006; x_wconf 89' lang='lat' dir='ltr'><strong>salutaria</strong></span> <span class='ocrx_word' id='word_1_642' title='bbox 2516 3959 2629 4006; x_wconf 90' lang='lat' dir='ltr'><strong>tum</strong></span> <span class='ocrx_word' id='word_1_643' title='bbox 2653 3947 2900 4019; x_wconf 61' lang='lat' dir='ltr'><strong>&#39;precari,</strong></span> <span class='ocrx_word' id='word_1_644' title='bbox 2953 3957 3066 4002; x_wconf 89' lang='lat' dir='ltr'><strong>tum</strong></span> <span class='ocrx_word' id='word_1_645' title='bbox 3093 3947 3191 4010; x_wconf 87' lang='lat' dir='ltr'><strong>illi,</strong></span> <span class='ocrx_word' id='word_1_646' title='bbox 3230 3948 3316 4002; x_wconf 92' lang='lat' dir='ltr'><strong>cui</strong></span> <span class='ocrx_word' id='word_1_647' title='bbox 3363 3949 3441 4002; x_wconf 82' lang='lat' dir='ltr'><strong>vi-</strong></span> 
     </span>
    </p>
   </div>
   <div class='ocr_carea' id='block_1_87' title="bbox 1862 4039 3439 4109">
    <p class='ocr_par' dir='ltr' id='par_1_87' title="bbox 1862 4039 3439 4109">
     <span class='ocr_line' id='line_1_87' title="bbox 1862 4039 3439 4109; baseline -0.003 -9"><span class='ocrx_word' id='word_1_648' title='bbox 1862 4046 2019 4100; x_wconf 91' lang='lat' dir='ltr'><strong>cinus</strong></span> <span class='ocrx_word' id='word_1_649' title='bbox 2061 4059 2142 4109; x_wconf 89' lang='lat' dir='ltr'><strong>es,</strong></span> <span class='ocrx_word' id='word_1_650' title='bbox 2175 4043 2394 4098; x_wconf 78' lang='lat' dir='ltr'><strong>aﬂerre.</strong></span> <span class='ocrx_word' id='word_1_651' title='bbox 2435 4042 2513 4097; x_wconf 87' lang='lat' dir='ltr'><strong>Ea</strong></span> <span class='ocrx_word' id='word_1_652' title='bbox 2537 4041 2683 4096; x_wconf 90' lang='lat' dir='ltr'><strong>enim</strong></span> <span class='ocrx_word' id='word_1_653' title='bbox 2706 4049 2792 4095; x_wconf 86' lang='lat' dir='ltr'><strong>est</strong></span> <span class='ocrx_word' id='word_1_654' title='bbox 2818 4039 3021 4094; x_wconf 88' lang='lat' dir='ltr'><strong>amoris</strong></span> <span class='ocrx_word' id='word_1_655' title='bbox 3052 4040 3211 4094; x_wconf 90' lang='lat' dir='ltr'><strong>ratio.</strong></span> <span class='ocrx_word' id='word_1_656' title='bbox 3244 4040 3439 4095; x_wconf 87' lang='lat' dir='ltr'><strong>Nonne</strong></span> 
     </span>
    </p>
   </div>
   <div class='ocr_carea' id='block_1_88' title="bbox 1863 4130 3440 4206">
    <p class='ocr_par' dir='ltr' id='par_1_88' title="bbox 1863 4130 3440 4206">
     <span class='ocr_line' id='line_1_88' title="bbox 1863 4130 3440 4206; baseline -0.003 -15"><span class='ocrx_word' id='word_1_657' title='bbox 1863 4136 1958 4191; x_wconf 92' lang='lat' dir='ltr'><strong>tibi</strong></span> <span class='ocrx_word' id='word_1_658' title='bbox 1988 4135 2090 4190; x_wconf 87' lang='lat' dir='ltr'><strong>ista</strong></span> <span class='ocrx_word' id='word_1_659' title='bbox 2122 4135 2342 4206; x_wconf 87' lang='lat' dir='ltr'><strong>quidem</strong></span> <span class='ocrx_word' id='word_1_660' title='bbox 2391 4134 2601 4205; x_wconf 89' lang='lat' dir='ltr'><strong>potiora</strong></span> <span class='ocrx_word' id='word_1_661' title='bbox 2631 4142 2688 4187; x_wconf 91' lang='lat' dir='ltr'><strong>et</strong></span> <span class='ocrx_word' id='word_1_662' title='bbox 2730 4130 3003 4202; x_wconf 60' lang='lat' dir='ltr'><strong>precipua</strong></span> <span class='ocrx_word' id='word_1_663' title='bbox 3039 4130 3293 4185; x_wconf 86' lang='lat' dir='ltr'><strong>videntur</strong></span> <span class='ocrx_word' id='word_1_664' title='bbox 3316 4147 3440 4186; x_wconf 88' lang='lat' dir='ltr'><strong>esse</strong></span> 
     </span>
    </p>
   </div>
   <div class='ocr_carea' id='block_1_89' title="bbox 1863 4223 3439 4293">
    <p class='ocr_par' dir='ltr' id='par_1_89' title="bbox 1863 4223 3439 4293">
     <span class='ocr_line' id='line_1_89' title="bbox 1863 4223 3439 4293; baseline -0.003 -10"><span class='ocrx_word' id='word_1_665' title='bbox 1863 4229 1917 4283; x_wconf 92' lang='lat' dir='ltr'><strong>in</strong></span> <span class='ocrx_word' id='word_1_666' title='bbox 1959 4228 2218 4283; x_wconf 89' lang='lat' dir='ltr'><strong>humanis</strong></span> <span class='ocrx_word' id='word_1_667' title='bbox 2251 4227 2416 4282; x_wconf 87' lang='lat' dir='ltr'><strong>rebus</strong></span> <span class='ocrx_word' id='word_1_668' title='bbox 2462 4225 2674 4279; x_wconf 80' lang='lat' dir='ltr'><strong>ollieia?</strong></span> <span class='ocrx_word' id='word_1_669' title='bbox 2701 4223 2911 4278; x_wconf 82' lang='lat' dir='ltr'><strong>Addam</strong></span> <span class='ocrx_word' id='word_1_670' title='bbox 2946 4237 3074 4277; x_wconf 75' lang='lat' dir='ltr'><strong>vero</strong></span> <span class='ocrx_word' id='word_1_671' title='bbox 3120 4237 3286 4287; x_wconf 91' lang='lat' dir='ltr'><strong>nunc,</strong></span> <span class='ocrx_word' id='word_1_672' title='bbox 3317 4239 3439 4293; x_wconf 73' lang='lat' dir='ltr'><strong>qua:</strong></span> 
     </span>
    </p>
   </div>
   <div class='ocr_carea' id='block_1_90' title="bbox 1864 4315 3439 4386">
    <p class='ocr_par' dir='ltr' id='par_1_90' title="bbox 1864 4315 3439 4386">
     <span class='ocr_line' id='line_1_90' title="bbox 1864 4315 3439 4386; baseline -0.005 -11"><span class='ocrx_word' id='word_1_673' title='bbox 1864 4319 2046 4375; x_wconf 88' lang='lat' dir='ltr'><strong>divina</strong></span> <span class='ocrx_word' id='word_1_674' title='bbox 2101 4318 2387 4386; x_wconf 87' lang='lat' dir='ltr'><strong>divinique</strong></span> <span class='ocrx_word' id='word_1_675' title='bbox 2430 4317 2633 4371; x_wconf 90' lang='lat' dir='ltr'><strong>amoris</strong></span> <span class='ocrx_word' id='word_1_676' title='bbox 2676 4315 2869 4384; x_wconf 90' lang='lat' dir='ltr'><strong>plena,</strong></span> <span class='ocrx_word' id='word_1_677' title='bbox 2924 4315 3117 4369; x_wconf 89' lang='lat' dir='ltr'><strong>eodem</strong></span> <span class='ocrx_word' id='word_1_678' title='bbox 3168 4324 3439 4384; x_wconf 67' lang='lat' dir='ltr'><strong>przrcepto</strong></span> 
     </span>
    </p>
   </div>
   <div class='ocr_carea' id='block_1_91' title="bbox 1865 4404 3439 4479">
    <p class='ocr_par' dir='ltr' id='par_1_91' title="bbox 1865 4404 3439 4479">
     <span class='ocr_line' id='line_1_91' title="bbox 1865 4404 3439 4479; baseline -0.003 -15"><span class='ocrx_word' id='word_1_679' title='bbox 1865 4411 2175 4474; x_wconf 86' lang='lat' dir='ltr'><strong>observato,</strong></span> <span class='ocrx_word' id='word_1_680' title='bbox 2200 4408 2387 4479; x_wconf 87' lang='lat' dir='ltr'><strong>perlici</strong></span> <span class='ocrx_word' id='word_1_681' title='bbox 2418 4409 2649 4478; x_wconf 90' lang='lat' dir='ltr'><strong>possint.</strong></span> <span class='ocrx_word' id='word_1_682' title='bbox 2684 4404 2870 4475; x_wconf 84' lang='lat' dir='ltr'><strong>Neque</strong></span> <span class='ocrx_word' id='word_1_683' title='bbox 2898 4406 3044 4459; x_wconf 88' lang='lat' dir='ltr'><strong>enim</strong></span> <span class='ocrx_word' id='word_1_684' title='bbox 3076 4405 3165 4461; x_wconf 90' lang='lat' dir='ltr'><strong>hic</strong></span> <span class='ocrx_word' id='word_1_685' title='bbox 3192 4406 3439 4460; x_wconf 82' lang='lat' dir='ltr'><strong>subsistit</strong></span> 
     </span>
    </p>
   </div>
   <div class='ocr_carea' id='block_1_92' title="bbox 1868 4493 3440 4564">
    <p class='ocr_par' dir='ltr' id='par_1_92' title="bbox 1868 4493 3440 4564">
     <span class='ocr_line' id='line_1_92' title="bbox 1868 4493 3440 4564; baseline -0.004 -11"><span class='ocrx_word' id='word_1_686' title='bbox 1868 4499 2145 4557; x_wconf 85' lang='lat' dir='ltr'><strong>Scrvator.</strong></span> <span class='ocrx_word' id='word_1_687' title='bbox 2183 4498 2277 4553; x_wconf 90' lang='lat' dir='ltr'><strong>sed</strong></span> <span class='ocrx_word' id='word_1_688' title='bbox 2309 4508 2365 4551; x_wconf 90' lang='lat' dir='ltr'><strong>ut</strong></span> <span class='ocrx_word' id='word_1_689' title='bbox 2404 4510 2622 4551; x_wconf 89' lang='lat' dir='ltr'><strong>omnem</strong></span> <span class='ocrx_word' id='word_1_690' title='bbox 2655 4495 2948 4564; x_wconf 85' lang='lat' dir='ltr'><strong>impiorum</strong></span> <span class='ocrx_word' id='word_1_691' title='bbox 2980 4502 3300 4563; x_wconf 66' lang='lat' dir='ltr'><strong>praatextum</strong></span> <span class='ocrx_word' id='word_1_692' title='bbox 3321 4493 3440 4546; x_wconf 86' lang='lat' dir='ltr'><strong>elu-</strong></span> 
     </span>
    </p>
   </div>
   <div class='ocr_carea' id='block_1_93' title="bbox 186 4577 1752 4663">
    <p class='ocr_par' dir='ltr' id='par_1_93' title="bbox 186 4590 1752 4663">
     <span class='ocr_line' id='line_1_93' title="bbox 186 4590 1752 4663; baseline 0.002 -20"><span class='ocrx_word' id='word_1_693' title='bbox 186 4593 368 4647; x_wconf 75' lang='grc' dir='ltr'>ᾇλλων</span> <span class='ocrx_word' id='word_1_694' title='bbox 403 4592 512 4662; x_wconf 77' lang='grc' dir='ltr'>ἄρα</span> <span class='ocrx_word' id='word_1_695' title='bbox 546 4593 581 4662; x_wconf 85' lang='grc' dir='ltr'>ἡ</span> <span class='ocrx_word' id='word_1_696' title='bbox 628 4591 759 4654; x_wconf 86' lang='grc' dir='ltr'>δυὰς</span> <span class='ocrx_word' id='word_1_697' title='bbox 798 4592 897 4660; x_wconf 87' lang='grc' dir='ltr'><strong>τῆς</strong></span> <span class='ocrx_word' id='word_1_698' title='bbox 928 4590 1178 4662; x_wconf 82' lang='grc' dir='ltr'>τιμώσης</span> <span class='ocrx_word' id='word_1_699' title='bbox 1216 4592 1386 4663; x_wconf 78' lang='grc' dir='ltr'>αὐτὴν</span> <span class='ocrx_word' id='word_1_700' title='bbox 1424 4594 1752 4663; x_wconf 86' lang='grc' dir='ltr'>Δεσποτικῆς</span> 
     </span>
    </p>
   </div>
   <div class='ocr_carea' id='block_1_94' title="bbox 1855 4577 3438 4663">
    <p class='ocr_par' dir='ltr' id='par_1_94' title="bbox 1866 4586 3438 4659">
     <span class='ocr_line' id='line_1_94' title="bbox 1866 4586 3438 4659; baseline -0.003 -15"><span class='ocrx_word' id='word_1_701' title='bbox 1866 4592 1980 4657; x_wconf 88' lang='lat' dir='ltr'><strong>dat,</strong></span> <span class='ocrx_word' id='word_1_702' title='bbox 2005 4590 2333 4659; x_wconf 79' lang='lat' dir='ltr'><strong>etliciatque,</strong></span> <span class='ocrx_word' id='word_1_703' title='bbox 2370 4604 2439 4643; x_wconf 91' lang='lat' dir='ltr'><strong>ne</strong></span> <span class='ocrx_word' id='word_1_704' title='bbox 2466 4588 2597 4657; x_wconf 90' lang='lat' dir='ltr'><strong>quid</strong></span> <span class='ocrx_word' id='word_1_705' title='bbox 2629 4587 2850 4649; x_wconf 73' lang='lat' dir='ltr'><strong>maligni</strong></span> <span class='ocrx_word' id='word_1_706' title='bbox 2891 4587 3256 4656; x_wconf 86' lang='lat' dir='ltr'><strong>suspicentur,</strong></span> <span class='ocrx_word' id='word_1_707' title='bbox 3282 4586 3438 4654; x_wconf 87' lang='lat' dir='ltr'><strong>quasi</strong></span> 
     </span>
    </p>
   </div>
   <div class='ocr_carea' id='block_1_95' title="bbox 183 4680 1761 4752">
    <p class='ocr_par' dir='ltr' id='par_1_95' title="bbox 183 4680 1761 4752">
     <span class='ocr_line' id='line_1_95' title="bbox 183 4680 1761 4752; baseline -0.011 0"><span class='ocrx_word' id='word_1_708' title='bbox 183 4682 397 4752; x_wconf 62' lang='grc' dir='ltr'>ἠξιώθη</span> <span class='ocrx_word' id='word_1_709' title='bbox 446 4681 664 4751; x_wconf 76' lang='grc' dir='ltr'>ψήφου·</span> <span class='ocrx_word' id='word_1_710' title='bbox 702 4681 811 4733; x_wconf 82' lang='grc' dir='ltr'><strong>τῶν</strong></span> <span class='ocrx_word' id='word_1_711' title='bbox 866 4680 911 4733; x_wconf 89' lang='grc' dir='ltr'>δ’</span> <span class='ocrx_word' id='word_1_712' title='bbox 953 4681 1130 4735; x_wconf 82' lang='grc' dir='ltr'>ἄλλων</span> <span class='ocrx_word' id='word_1_713' title='bbox 1174 4681 1332 4749; x_wconf 88' lang='grc' dir='ltr'>λόγος</span> <span class='ocrx_word' id='word_1_714' title='bbox 1379 4684 1528 4736; x_wconf 72' lang='grc' dir='ltr'>ἐστὶν</span> <span class='ocrx_word' id='word_1_715' title='bbox 1568 4684 1761 4746; x_wconf 74' lang='grc' dir='ltr'>οὐδείς·</span> 
     </span>
    </p>
   </div>
   <div class='ocr_carea' id='block_1_96' title="bbox 188 4772 1768 4845">
    <p class='ocr_par' dir='ltr' id='par_1_96' title="bbox 188 4772 1768 4845">
     <span class='ocr_line' id='line_1_96' title="bbox 188 4772 1768 4845; baseline 0.001 -19"><span class='ocrx_word' id='word_1_716' title='bbox 188 4774 283 4826; x_wconf 77' lang='grc' dir='ltr'>ἵνα</span> <span class='ocrx_word' id='word_1_717' title='bbox 348 4773 533 4826; x_wconf 86' lang='grc' dir='ltr'>τοίνυν</span> <span class='ocrx_word' id='word_1_718' title='bbox 562 4773 745 4836; x_wconf 83' lang='grc' dir='ltr'>αὐτοῖς</span> <span class='ocrx_word' id='word_1_719' title='bbox 795 4772 1137 4842; x_wconf 81' lang='grc' dir='ltr'>πανταχόθεν</span> <span class='ocrx_word' id='word_1_720' title='bbox 1189 4773 1494 4845; x_wconf 82' lang='grc' dir='ltr'>ἀποκλείσῃ</span> <span class='ocrx_word' id='word_1_721' title='bbox 1538 4775 1636 4843; x_wconf 79' lang='grc' dir='ltr'>τὴν</span> <span class='ocrx_word' id='word_1_722' title='bbox 1666 4774 1768 4844; x_wconf 85' lang='grc' dir='ltr'><strong>τῆς</strong></span> 
     </span>
    </p>
   </div>
   <div class='ocr_carea' id='block_1_97' title="bbox 187 4863 1764 4936">
    <p class='ocr_par' dir='ltr' id='par_1_97' title="bbox 187 4863 1764 4936">
     <span class='ocr_line' id='line_1_97' title="bbox 187 4863 1764 4936; baseline 0.001 -19"><span class='ocrx_word' id='word_1_723' title='bbox 187 4866 463 4936; x_wconf 84' lang='grc' dir='ltr'>πονηρίας</span> <span class='ocrx_word' id='word_1_724' title='bbox 497 4864 765 4935; x_wconf 80' lang='grc' dir='ltr'>μηχανὴν,</span> <span class='ocrx_word' id='word_1_725' title='bbox 811 4864 913 4933; x_wconf 85' lang='grc' dir='ltr'>ὅρα</span> <span class='ocrx_word' id='word_1_726' title='bbox 955 4863 1074 4926; x_wconf 83' lang='grc' dir='ltr'><strong>πῶς</strong></span> <span class='ocrx_word' id='word_1_727' title='bbox 1114 4864 1331 4932; x_wconf 84' lang='grc' dir='ltr'>ὲπάγει·</span> <span class='ocrx_word' id='word_1_728' title='bbox 1377 4864 1478 4918; x_wconf 84' lang='grc' dir='ltr'><em>Ἔν</em></span> <span class='ocrx_word' id='word_1_729' title='bbox 1523 4868 1764 4934; x_wconf 81' lang='grc' dir='ltr'>ταύταις</span> 
     </span>
    </p>
   </div>
   <div class='ocr_carea' id='block_1_98' title="bbox 186 4954 1769 5025">
    <p class='ocr_par' dir='ltr' id='par_1_98' title="bbox 186 4954 1769 5025">
     <span class='ocr_line' id='line_1_98' title="bbox 186 4954 1769 5025; baseline 0.001 -17"><span class='ocrx_word' id='word_1_730' title='bbox 186 4956 321 5020; x_wconf 84' lang='grc' dir='ltr'>ταῖς</span> <span class='ocrx_word' id='word_1_731' title='bbox 354 4956 538 5009; x_wconf 76' lang='grc' dir='ltr'>δυσὶν</span> <span class='ocrx_word' id='word_1_732' title='bbox 556 4954 829 5020; x_wconf 78' lang='grc' dir='ltr'>ἐντολαῖς</span> <span class='ocrx_word' id='word_1_733' title='bbox 855 4954 999 5020; x_wconf 88' lang='grc' dir='ltr'>ὅλος</span> <span class='ocrx_word' id='word_1_734' title='bbox 1020 4958 1052 5008; x_wconf 86' lang='grc' dir='ltr'><strong>ό</strong></span> <span class='ocrx_word' id='word_1_735' title='bbox 1073 4956 1256 5024; x_wconf 86' lang='grc' dir='ltr'>νόμος</span> <span class='ocrx_word' id='word_1_736' title='bbox 1277 4956 1373 5009; x_wconf 79' lang='grc' dir='ltr'>καὶ</span> <span class='ocrx_word' id='word_1_737' title='bbox 1395 4959 1449 5009; x_wconf 83' lang='grc' dir='ltr'>οι</span> <span class='ocrx_word' id='word_1_738' title='bbox 1470 4956 1769 5025; x_wconf 66' lang='grc' dir='ltr'>προφῆται</span> 
     </span>
    </p>
   </div>
   <div class='ocr_carea' id='block_1_99' title="bbox 89 5040 1763 5118">
    <p class='ocr_par' dir='ltr' id='par_1_99' title="bbox 89 5040 1763 5118">
     <span class='ocr_line' id='line_1_99' title="bbox 89 5040 1763 5118; baseline 0.001 -19"><span class='ocrx_word' id='word_1_739' title='bbox 89 5068 93 5071; x_wconf 94' lang='grc'><strong>·</strong></span> <span class='ocrx_word' id='word_1_740' title='bbox 188 5047 514 5114; x_wconf 66' lang='grc' dir='ltr'>κρέμανται</span> <span class='ocrx_word' id='word_1_741' title='bbox 531 5086 547 5109; x_wconf 92' lang='grc'><strong>,</strong></span> <span class='ocrx_word' id='word_1_742' title='bbox 577 5050 861 5115; x_wconf 74' lang='grc' dir='ltr'>μονονουχὶ</span> <span class='ocrx_word' id='word_1_743' title='bbox 888 5045 1085 5113; x_wconf 83' lang='grc' dir='ltr'>λέγων,</span> <span class='ocrx_word' id='word_1_744' title='bbox 1108 5045 1181 5107; x_wconf 82' lang='grc' dir='ltr'>ὡς</span> <span class='ocrx_word' id='word_1_745' title='bbox 1209 5040 1287 5109; x_wconf 76' lang='grc' dir='ltr'>οἷς</span> <span class='ocrx_word' id='word_1_746' title='bbox 1315 5040 1476 5100; x_wconf 79' lang='grc' dir='ltr'>αὗται</span> <span class='ocrx_word' id='word_1_747' title='bbox 1495 5048 1597 5116; x_wconf 88' lang='grc' dir='ltr'><strong>τῆς</strong></span> <span class='ocrx_word' id='word_1_748' title='bbox 1622 5050 1763 5118; x_wconf 77' lang='grc' dir='ltr'>ἐμῆς</span> 
     </span>
    </p>
   </div>
   <div class='ocr_carea' id='block_1_100' title="bbox 191 5136 1766 5210">
    <p class='ocr_par' dir='ltr' id='par_1_100' title="bbox 191 5136 1766 5210">
     <span class='ocr_line' id='line_1_100' title="bbox 191 5136 1766 5210; baseline 0.002 -21"><span class='ocrx_word' id='word_1_749' title='bbox 191 5139 463 5209; x_wconf 82' lang='grc' dir='ltr'>μετέσχον</span> <span class='ocrx_word' id='word_1_750' title='bbox 503 5137 719 5201; x_wconf 86' lang='grc' dir='ltr'>δικαίας</span> <span class='ocrx_word' id='word_1_751' title='bbox 762 5137 1065 5207; x_wconf 76' lang='grc' dir='ltr'>ἀποδοχῆς,</span> <span class='ocrx_word' id='word_1_752' title='bbox 1107 5138 1202 5189; x_wconf 73' lang='grc' dir='ltr'>καὶ</span> <span class='ocrx_word' id='word_1_753' title='bbox 1249 5136 1372 5190; x_wconf 77' lang='grc' dir='ltr'>καθ’</span> <span class='ocrx_word' id='word_1_754' title='bbox 1416 5138 1615 5202; x_wconf 82' lang='grc' dir='ltr'>ἑαυτὰς</span> <span class='ocrx_word' id='word_1_755' title='bbox 1664 5140 1766 5210; x_wconf 76' lang='grc' dir='ltr'>τὴν</span> 
     </span>
    </p>
   </div>
   <div class='ocr_carea' id='block_1_101' title="bbox 189 5226 1766 5297">
    <p class='ocr_par' dir='ltr' id='par_1_101' title="bbox 189 5226 1766 5297">
     <span class='ocr_line' id='line_1_101' title="bbox 189 5226 1766 5297; baseline 0.002 -17"><span class='ocrx_word' id='word_1_756' title='bbox 189 5228 359 5297; x_wconf 82' lang='grc' dir='ltr'>φύσιν</span> <span class='ocrx_word' id='word_1_757' title='bbox 392 5227 500 5279; x_wconf 74' lang='grc' dir='ltr'>εἰσὶ</span> <span class='ocrx_word' id='word_1_758' title='bbox 529 5226 790 5297; x_wconf 84' lang='grc' dir='ltr'>σωτήριοι</span> <span class='ocrx_word' id='word_1_759' title='bbox 837 5226 932 5280; x_wconf 79' lang='grc' dir='ltr'>καὶ</span> <span class='ocrx_word' id='word_1_760' title='bbox 971 5226 1241 5296; x_wconf 83' lang='grc' dir='ltr'>θεοφιλεῖς</span> <span class='ocrx_word' id='word_1_761' title='bbox 1262 5266 1276 5291; x_wconf 93' lang='grc'><strong>,</strong></span> <span class='ocrx_word' id='word_1_762' title='bbox 1309 5226 1396 5280; x_wconf 85' lang='grc' dir='ltr'><strong>διὰ</strong></span> <span class='ocrx_word' id='word_1_763' title='bbox 1430 5228 1537 5280; x_wconf 88' lang='grc' dir='ltr'><strong>τῶν</strong></span> <span class='ocrx_word' id='word_1_764' title='bbox 1586 5229 1766 5284; x_wconf 70' lang='grc' dir='ltr'>αὐτῶν</span> 
     </span>
    </p>
   </div>
   <div class='ocr_carea' id='block_1_102' title="bbox 262 5361 816 5428">
    <p class='ocr_par' dir='ltr' id='par_1_102' title="bbox 262 5361 816 5428">
     <span class='ocr_line' id='line_1_102' title="bbox 262 5361 816 5428; baseline 0.007 -15"><span class='ocrx_word' id='word_1_765' title='bbox 262 5362 307 5391; x_wconf 70' lang='grc'><strong>³⁵</strong></span> <span class='ocrx_word' id='word_1_766' title='bbox 332 5361 529 5417; x_wconf 77' lang='lat' dir='ltr'><strong>Matth.</strong></span> <span class='ocrx_word' id='word_1_767' title='bbox 562 5377 696 5428; x_wconf 81' lang='lat' dir='ltr'><strong>xm,</strong></span> <span class='ocrx_word' id='word_1_768' title='bbox 728 5361 816 5417; x_wconf 75' lang='lat'><strong>58.</strong></span> 
     </span>
    </p>
   </div>
   <div class='ocr_carea' id='block_1_103' title="bbox 1864 4677 3439 4750">
    <p class='ocr_par' dir='ltr' id='par_1_103' title="bbox 1864 4677 3439 4750">
     <span class='ocr_line' id='line_1_103' title="bbox 1864 4677 3439 4750; baseline -0.006 -13"><span class='ocrx_word' id='word_1_769' title='bbox 1864 4684 1973 4737; x_wconf 92' lang='lat' dir='ltr'><strong>duo</strong></span> <span class='ocrx_word' id='word_1_770' title='bbox 2014 4682 2103 4735; x_wconf 88' lang='lat' dir='ltr'><strong>illa</strong></span> <span class='ocrx_word' id='word_1_771' title='bbox 2136 4690 2349 4734; x_wconf 85' lang='lat' dir='ltr'><strong>tantum</strong></span> <span class='ocrx_word' id='word_1_772' title='bbox 2401 4689 2675 4750; x_wconf 69' lang='lat' dir='ltr'><strong>prazcepta</strong></span> <span class='ocrx_word' id='word_1_773' title='bbox 2707 4679 2812 4734; x_wconf 89' lang='lat' dir='ltr'><strong>hoc</strong></span> <span class='ocrx_word' id='word_1_774' title='bbox 2859 4677 3070 4732; x_wconf 84' lang='lat' dir='ltr'><strong>Domini</strong></span> <span class='ocrx_word' id='word_1_775' title='bbox 3094 4677 3300 4747; x_wconf 85' lang='lat' dir='ltr'><strong>judicio</strong></span> <span class='ocrx_word' id='word_1_776' title='bbox 3341 4677 3439 4729; x_wconf 87' lang='lat' dir='ltr'><strong>ho-</strong></span> 
     </span>
    </p>
   </div>
   <div class='ocr_carea' id='block_1_104' title="bbox 1866 4768 3440 4844">
    <p class='ocr_par' dir='ltr' id='par_1_104' title="bbox 1866 4768 3440 4844">
     <span class='ocr_line' id='line_1_104' title="bbox 1866 4768 3440 4844; baseline -0.006 -14"><span class='ocrx_word' id='word_1_777' title='bbox 1866 4774 2096 4830; x_wconf 81' lang='lat' dir='ltr'><strong>noriﬁco</strong></span> <span class='ocrx_word' id='word_1_778' title='bbox 2130 4774 2292 4844; x_wconf 84' lang='lat' dir='ltr'><strong>digna</strong></span> <span class='ocrx_word' id='word_1_779' title='bbox 2344 4773 2525 4827; x_wconf 83' lang='lat' dir='ltr'><strong>habita</strong></span> <span class='ocrx_word' id='word_1_780' title='bbox 2575 4772 2706 4835; x_wconf 89' lang='lat' dir='ltr'><strong>sint,</strong></span> <span class='ocrx_word' id='word_1_781' title='bbox 2767 4772 3101 4840; x_wconf 87' lang='lat' dir='ltr'><strong>reliquorum</strong></span> <span class='ocrx_word' id='word_1_782' title='bbox 3140 4783 3267 4822; x_wconf 87' lang='lat' dir='ltr'><strong>vero</strong></span> <span class='ocrx_word' id='word_1_783' title='bbox 3299 4768 3440 4821; x_wconf 86' lang='lat' dir='ltr'><strong>ratio</strong></span> 
     </span>
    </p>
   </div>
   <div class='ocr_carea' id='block_1_105' title="bbox 1869 4860 3442 4933">
    <p class='ocr_par' dir='ltr' id='par_1_105' title="bbox 1869 4860 3442 4933">
     <span class='ocr_line' id='line_1_105' title="bbox 1869 4860 3442 4933; baseline -0.005 -11"><span class='ocrx_word' id='word_1_784' title='bbox 1869 4867 2056 4922; x_wconf 85' lang='lat' dir='ltr'><strong>haberi</strong></span> <span class='ocrx_word' id='word_1_785' title='bbox 2106 4882 2214 4920; x_wconf 93' lang='lat' dir='ltr'><strong>non</strong></span> <span class='ocrx_word' id='word_1_786' title='bbox 2248 4864 2445 4920; x_wconf 85' lang='lat' dir='ltr'><strong>debeat</strong></span> <span class='ocrx_word' id='word_1_787' title='bbox 2478 4882 2491 4917; x_wconf 89' lang='lat'><strong>:</strong></span> <span class='ocrx_word' id='word_1_788' title='bbox 2527 4873 2605 4929; x_wconf 88' lang='lat' dir='ltr'><strong>ut,</strong></span> <span class='ocrx_word' id='word_1_789' title='bbox 2660 4865 2905 4933; x_wconf 90' lang='lat' dir='ltr'><strong>inquam,</strong></span> <span class='ocrx_word' id='word_1_790' title='bbox 2937 4862 3043 4916; x_wconf 91' lang='lat' dir='ltr'><strong>illis</strong></span> <span class='ocrx_word' id='word_1_791' title='bbox 3090 4860 3442 4929; x_wconf 72' lang='lat' dir='ltr'><strong>undiqueque</strong></span> 
     </span>
    </p>
   </div>
   <div class='ocr_carea' id='block_1_106' title="bbox 1868 4951 3438 5025">
    <p class='ocr_par' dir='ltr' id='par_1_106' title="bbox 1868 4951 3438 5025">
     <span class='ocr_line' id='line_1_106' title="bbox 1868 4951 3438 5025; baseline -0.004 -13"><span class='ocrx_word' id='word_1_792' title='bbox 1868 4957 2087 5013; x_wconf 78' lang='lat' dir='ltr'><strong>malitiae</strong></span> <span class='ocrx_word' id='word_1_793' title='bbox 2135 4965 2459 5025; x_wconf 88' lang='lat' dir='ltr'><strong>apparatum</strong></span> <span class='ocrx_word' id='word_1_794' title='bbox 2500 4954 2775 5015; x_wconf 87' lang='lat' dir='ltr'><strong>occludat,</strong></span> <span class='ocrx_word' id='word_1_795' title='bbox 2830 4952 2952 5006; x_wconf 81' lang='lat' dir='ltr'><strong>vide</strong></span> <span class='ocrx_word' id='word_1_796' title='bbox 2993 4967 3114 5021; x_wconf 70' lang='lat' dir='ltr'><strong>qua:</strong></span> <span class='ocrx_word' id='word_1_797' title='bbox 3159 4951 3380 5021; x_wconf 83' lang='lat' dir='ltr'><strong>subjicit</strong></span> <span class='ocrx_word' id='word_1_798' title='bbox 3425 4970 3438 5005; x_wconf 90' lang='lat'><strong>:</strong></span> 
     </span>
    </p>
   </div>
   <div class='ocr_carea' id='block_1_107' title="bbox 1872 5040 3443 5117">
    <p class='ocr_par' dir='ltr' id='par_1_107' title="bbox 1872 5040 3443 5117">
     <span class='ocr_line' id='line_1_107' title="bbox 1872 5040 3443 5117; baseline -0.003 -13"><span class='ocrx_word' id='word_1_799' title='bbox 1872 5049 1956 5104; x_wconf 78' lang='lat' dir='ltr'><strong>Ea:</strong></span> <span class='ocrx_word' id='word_1_800' title='bbox 1988 5040 2071 5104; x_wconf 65' lang='lat' dir='ltr'><strong>his</strong></span> <span class='ocrx_word' id='word_1_801' title='bbox 2098 5051 2297 5104; x_wconf 82' lang='lat' dir='ltr'><strong>duobus</strong></span> <span class='ocrx_word' id='word_1_802' title='bbox 2327 5049 2601 5117; x_wconf 71' lang='lat' dir='ltr'><strong>prmceptt’s</strong></span> <span class='ocrx_word' id='word_1_803' title='bbox 2650 5056 2761 5098; x_wconf 83' lang='lat' dir='ltr'><strong>tota</strong></span> <span class='ocrx_word' id='word_1_804' title='bbox 2794 5045 2877 5098; x_wconf 80' lang='lat' dir='ltr'><strong>lea:</strong></span> <span class='ocrx_word' id='word_1_805' title='bbox 2917 5054 2964 5098; x_wconf 84' lang='lat' dir='ltr'><strong>et</strong></span> <span class='ocrx_word' id='word_1_806' title='bbox 3009 5044 3274 5114; x_wconf 62' lang='lat' dir='ltr'><strong>propheta</strong></span> <span class='ocrx_word' id='word_1_807' title='bbox 3314 5059 3443 5109; x_wconf 84' lang='lat' dir='ltr'><strong>pen-</strong></span> 
     </span>
    </p>
   </div>
   <div class='ocr_carea' id='block_1_108' title="bbox 1868 5136 3443 5211">
    <p class='ocr_par' dir='ltr' id='par_1_108' title="bbox 1868 5136 3443 5211">
     <span class='ocr_line' id='line_1_108' title="bbox 1868 5136 3443 5211; baseline -0.004 -15"><span class='ocrx_word' id='word_1_808' title='bbox 1868 5145 1990 5197; x_wconf 85' lang='lat' dir='ltr'><strong>dent</strong></span> <span class='ocrx_word' id='word_1_809' title='bbox 2020 5158 2038 5195; x_wconf 88' lang='lat'><strong><em>:</em></strong></span> <span class='ocrx_word' id='word_1_810' title='bbox 2069 5141 2224 5211; x_wconf 90' lang='lat' dir='ltr'><strong>quasi</strong></span> <span class='ocrx_word' id='word_1_811' title='bbox 2244 5141 2471 5204; x_wconf 88' lang='lat' dir='ltr'><strong>diceret,</strong></span> <span class='ocrx_word' id='word_1_812' title='bbox 2506 5138 2649 5208; x_wconf 89' lang='lat' dir='ltr'><strong>quod</strong></span> <span class='ocrx_word' id='word_1_813' title='bbox 2681 5137 2735 5190; x_wconf 92' lang='lat' dir='ltr'><strong>in</strong></span> <span class='ocrx_word' id='word_1_814' title='bbox 2753 5144 3017 5206; x_wconf 89' lang='lat' dir='ltr'><strong>quantum</strong></span> <span class='ocrx_word' id='word_1_815' title='bbox 3054 5136 3143 5189; x_wconf 90' lang='lat' dir='ltr'><strong>illa</strong></span> <span class='ocrx_word' id='word_1_816' title='bbox 3173 5136 3443 5206; x_wconf 82' lang='lat' dir='ltr'><strong>duojusla</strong></span> 
     </span>
    </p>
   </div>
   <div class='ocr_carea' id='block_1_109' title="bbox 1871 5228 3443 5303">
    <p class='ocr_par' dir='ltr' id='par_1_109' title="bbox 1871 5228 3443 5303">
     <span class='ocr_line' id='line_1_109' title="bbox 1871 5228 3443 5303; baseline -0.005 -14"><span class='ocrx_word' id='word_1_817' title='bbox 1871 5250 1990 5289; x_wconf 91' lang='lat' dir='ltr'><strong>mea</strong></span> <span class='ocrx_word' id='word_1_818' title='bbox 2012 5232 2405 5303; x_wconf 84' lang='lat' dir='ltr'><strong>approbatione</strong></span> <span class='ocrx_word' id='word_1_819' title='bbox 2433 5230 2602 5300; x_wconf 90' lang='lat' dir='ltr'><strong>potita</strong></span> <span class='ocrx_word' id='word_1_820' title='bbox 2630 5238 2779 5289; x_wconf 89' lang='lat' dir='ltr'><strong>sunt,</strong></span> <span class='ocrx_word' id='word_1_821' title='bbox 2812 5237 2868 5280; x_wconf 88' lang='lat' dir='ltr'><strong>et</strong></span> <span class='ocrx_word' id='word_1_822' title='bbox 2891 5234 3084 5280; x_wconf 89' lang='lat' dir='ltr'><strong>natura</strong></span> <span class='ocrx_word' id='word_1_823' title='bbox 3113 5242 3211 5281; x_wconf 92' lang='lat' dir='ltr'><strong>sua</strong></span> <span class='ocrx_word' id='word_1_824' title='bbox 3238 5228 3443 5282; x_wconf 84' lang='lat' dir='ltr'><strong>saluta-</strong></span> 
     </span>
    </p>
   </div>
   <div class='ocr_carea' id='block_1_110' title="bbox 1268 5474 2310 5538">
    <p class='ocr_par' dir='ltr' id='par_1_110' title="bbox 1268 5474 2310 5538">
     <span class='ocr_line' id='line_1_110' title="bbox 1268 5474 2310 5538; baseline 0.007 -10"><span class='ocrx_word' id='word_1_825' title='bbox 1268 5474 1496 5531; x_wconf 69' lang='grc' dir='ltr'>νΑῐιιΑε</span> <span class='ocrx_word' id='word_1_826' title='bbox 1536 5477 1920 5538; x_wconf 82' lang='lat' dir='ltr'><strong>LECTIONES</strong></span> <span class='ocrx_word' id='word_1_827' title='bbox 1959 5482 2046 5536; x_wconf 79' lang='grc' dir='ltr'><strong>ΕΤ</strong></span> <span class='ocrx_word' id='word_1_828' title='bbox 2078 5478 2310 5535; x_wconf 68' lang='grc' dir='ltr'><strong>ΝΟΤιιΕ.</strong></span> 
     </span>
    </p>
   </div>
   <div class='ocr_carea' id='block_1_111' title="bbox 269 5582 1762 5662">
    <p class='ocr_par' dir='ltr' id='par_1_111' title="bbox 269 5582 1762 5662">
     <span class='ocr_line' id='line_1_111' title="bbox 269 5582 1762 5662; baseline 0.001 -16"><span class='ocrx_word' id='word_1_829' title='bbox 269 5590 403 5662; x_wconf 66' lang='lat'><strong>(28‘)</strong></span> <span class='ocrx_word' id='word_1_830' title='bbox 433 5588 667 5662; x_wconf 75' lang='grc' dir='ltr'>Οὐδείς.</span> <span class='ocrx_word' id='word_1_831' title='bbox 728 5586 907 5640; x_wconf 82' lang='lat' dir='ltr'><strong>Malim</strong></span> <span class='ocrx_word' id='word_1_832' title='bbox 958 5589 1152 5662; x_wconf 67' lang='lat' dir='ltr'><strong>legere</strong></span> <span class='ocrx_word' id='word_1_833' title='bbox 1189 5582 1264 5643; x_wconf 82' lang='grc' dir='ltr'>ὧν</span> <span class='ocrx_word' id='word_1_834' title='bbox 1308 5590 1459 5662; x_wconf 72' lang='grc' dir='ltr'>ούδὲν</span> <span class='ocrx_word' id='word_1_835' title='bbox 1504 5594 1584 5656; x_wconf 87' lang='grc' dir='ltr'><strong>εἰς</strong></span> <span class='ocrx_word' id='word_1_836' title='bbox 1634 5597 1762 5648; x_wconf 78' lang='grc' dir='ltr'>ἐαυ·</span> 
     </span>
    </p>
   </div>
   <div class='ocr_carea' id='block_1_112' title="bbox 190 5656 1762 5728">
    <p class='ocr_par' dir='ltr' id='par_1_112' title="bbox 190 5656 1762 5728">
     <span class='ocr_line' id='line_1_112' title="bbox 190 5656 1762 5728; baseline 0.003 -12"><span class='ocrx_word' id='word_1_837' title='bbox 190 5656 307 5724; x_wconf 69' lang='grc' dir='ltr'>τὸν,</span> <span class='ocrx_word' id='word_1_838' title='bbox 344 5656 476 5719; x_wconf 83' lang='lat' dir='ltr'><strong>etc..</strong></span> <span class='ocrx_word' id='word_1_839' title='bbox 524 5661 575 5713; x_wconf 85' lang='lat' dir='ltr'><strong>id</strong></span> <span class='ocrx_word' id='word_1_840' title='bbox 620 5666 723 5721; x_wconf 87' lang='lat' dir='ltr'><strong>est,</strong></span> <span class='ocrx_word' id='word_1_841' title='bbox 763 5672 1022 5728; x_wconf 82' lang='lat' dir='ltr'><strong>quorum_</strong></span> <span class='ocrx_word' id='word_1_842' title='bbox 1040 5656 1243 5708; x_wconf 77' lang='lat' dir='ltr'><strong>nultum</strong></span> <span class='ocrx_word' id='word_1_843' title='bbox 1277 5660 1552 5728; x_wconf 76' lang='lat' dir='ltr'><strong>quisquam</strong></span> <span class='ocrx_word' id='word_1_844' title='bbox 1600 5665 1655 5718; x_wconf 80' lang='lat' dir='ltr'><strong>in</strong></span> <span class='ocrx_word' id='word_1_845' title='bbox 1706 5683 1762 5720; x_wconf 77' lang='lat' dir='ltr'><strong>se</strong></span> 
     </span>
    </p>
   </div>
   <div class='ocr_carea' id='block_1_113' title="bbox 191 5725 1762 5855">
    <p class='ocr_par' dir='ltr' id='par_1_113' title="bbox 191 5725 1762 5855">
     <span class='ocr_line' id='line_1_113' title="bbox 191 5725 1762 5855; baseline 0.004 -72"><span class='ocrx_word' id='word_1_846' title='bbox 191 5735 367 5855; x_wconf 53' lang='grc' dir='ltr'>Ἇριιηι</span> <span class='ocrx_word' id='word_1_847' title='bbox 392 5744 624 5810; x_wconf 59' lang='lat' dir='ltr'><strong>unquam</strong></span> <span class='ocrx_word' id='word_1_848' title='bbox 659 5725 950 5781; x_wconf 77' lang='lat' dir='ltr'><strong>admiserit.</strong></span> <span class='ocrx_word' id='word_1_849' title='bbox 986 5725 1143 5804; x_wconf 77' lang='lat' dir='ltr'><strong>certe</strong></span> <span class='ocrx_word' id='word_1_850' title='bbox 1168 5725 1481 5794; x_wconf 64' lang='lat' dir='ltr'><strong>praepositio</strong></span> <span class='ocrx_word' id='word_1_851' title='bbox 1510 5735 1591 5796; x_wconf 83' lang='grc' dir='ltr'><strong>εἰς</strong></span> <span class='ocrx_word' id='word_1_852' title='bbox 1623 5737 1762 5790; x_wconf 79' lang='lat' dir='ltr'><strong>exci-</strong></span> 
     </span>
     <span class='ocr_line' id='line_1_114' title="bbox 232 5796 1757 5855; baseline 0.005 -6"><span class='ocrx_word' id='word_1_853' title='bbox 232 5805 294 5855; x_wconf 77' lang='lat' dir='ltr'><strong>it.</strong></span> <span class='ocrx_word' id='word_1_854' title='bbox 346 5815 545 5855; x_wconf 81' lang='lat' dir='ltr'><strong>umDDe</strong></span> <span class='ocrx_word' id='word_1_855' title='bbox 581 5812 685 5855; x_wconf 83' lang='lat' dir='ltr'><strong>una</strong></span> <span class='ocrx_word' id='word_1_856' title='bbox 749 5799 815 5852; x_wconf 84' lang='lat' dir='ltr'><strong>ad</strong></span> <span class='ocrx_word' id='word_1_857' title='bbox 868 5796 1109 5855; x_wconf 80' lang='lat' dir='ltr'><strong>phrastm</strong></span> <span class='ocrx_word' id='word_1_858' title='bbox 1164 5796 1379 5855; x_wconf 85' lang='lat' dir='ltr'><strong>plenam</strong></span> <span class='ocrx_word' id='word_1_859' title='bbox 1430 5802 1757 5855; x_wconf 80' lang='lat' dir='ltr'><strong>reddendam</strong></span> 
     </span>
    </p>
   </div>
   <div class='ocr_carea' id='block_1_114' title="bbox 278 5794 1758 5869">
    <p class='ocr_par' dir='ltr' id='par_1_114' title="bbox 278 5794 1758 5869">
     <span class='ocr_line' id='line_1_115' title="bbox 278 5794 1758 5869; baseline -0.005 -15"><span class='ocrx_word' id='word_1_860' title='bbox 278 5841 294 5863; x_wconf 94' lang='lat'><strong>,</strong></span> <span class='ocrx_word' id='word_1_861' title='bbox 346 5794 545 5869; x_wconf 78' lang='lat' dir='ltr'><strong>quippe</strong></span> <span class='ocrx_word' id='word_1_862' title='bbox 581 5812 685 5869; x_wconf 85' lang='lat' dir='ltr'><strong>qua</strong></span> <span class='ocrx_word' id='word_1_863' title='bbox 749 5799 815 5852; x_wconf 84' lang='lat' dir='ltr'><strong>ad</strong></span> <span class='ocrx_word' id='word_1_864' title='bbox 868 5794 1109 5869; x_wconf 74' lang='lat' dir='ltr'><strong>phrasim</strong></span> <span class='ocrx_word' id='word_1_865' title='bbox 1164 5796 1379 5869; x_wconf 78' lang='lat' dir='ltr'><strong>plenam</strong></span> <span class='ocrx_word' id='word_1_866' title='bbox 1410 5794 1758 5869; x_wconf 53' lang='lat' dir='ltr'><strong>reddendam</strong></span> 
     </span>
    </p>
   </div>
   <div class='ocr_carea' id='block_1_115' title="bbox 193 5866 1756 5941">
    <p class='ocr_par' dir='ltr' id='par_1_115' title="bbox 193 5866 1756 5941">
     <span class='ocr_line' id='line_1_116' title="bbox 193 5866 1756 5941; baseline 0.003 -16"><span class='ocrx_word' id='word_1_867' title='bbox 193 5886 335 5941; x_wconf 81' lang='lat' dir='ltr'><strong>opus</strong></span> <span class='ocrx_word' id='word_1_868' title='bbox 358 5866 461 5924; x_wconf 58' lang='lat' dir='ltr'><strong>est:</strong></span> <span class='ocrx_word' id='word_1_869' title='bbox 496 5867 676 5924; x_wconf 78' lang='lat' dir='ltr'><strong>Facile</strong></span> <span class='ocrx_word' id='word_1_870' title='bbox 700 5878 879 5924; x_wconf 88' lang='lat' dir='ltr'><strong>autem</strong></span> <span class='ocrx_word' id='word_1_871' title='bbox 903 5866 1153 5922; x_wconf 68' lang='lat' dir='ltr'><strong>excidere</strong></span> <span class='ocrx_word' id='word_1_872' title='bbox 1179 5866 1372 5937; x_wconf 86' lang='lat' dir='ltr'><strong>potuit,</strong></span> <span class='ocrx_word' id='word_1_873' title='bbox 1403 5867 1459 5924; x_wconf 82' lang='lat' dir='ltr'><strong>in</strong></span> <span class='ocrx_word' id='word_1_874' title='bbox 1491 5873 1684 5941; x_wconf 83' lang='lat' dir='ltr'><strong>primis</strong></span> <span class='ocrx_word' id='word_1_875' title='bbox 1714 5876 1756 5931; x_wconf 90' lang='lat' dir='ltr'><strong>si</strong></span> 
     </span>
    </p>
   </div>
   <div class='ocr_carea' id='block_1_116' title="bbox 1868 5594 2893 5664">
    <p class='ocr_par' dir='ltr' id='par_1_116' title="bbox 1868 5594 2893 5664">
     <span class='ocr_line' id='line_1_117' title="bbox 1868 5594 2893 5664; baseline -0.002 -13"><span class='ocrx_word' id='word_1_876' title='bbox 1868 5596 2125 5664; x_wconf 76' lang='lat' dir='ltr'><strong>Photiurn</strong></span> <span class='ocrx_word' id='word_1_877' title='bbox 2155 5594 2331 5657; x_wconf 77' lang='grc' dir='ltr'>οὐδεὶς</span> <span class='ocrx_word' id='word_1_878' title='bbox 2353 5594 2635 5664; x_wconf 81' lang='lat' dir='ltr'><strong>scripsisse</strong></span> <span class='ocrx_word' id='word_1_879' title='bbox 2666 5602 2893 5664; x_wconf 67' lang='lat' dir='ltr'><strong>statuas.</strong></span> 
     </span>
    </p>
   </div>
   <div class='ocr_carea' id='block_1_117' title="bbox 1940 5658 3443 5737">
    <p class='ocr_par' dir='ltr' id='par_1_117' title="bbox 1940 5658 3443 5737">
     <span class='ocr_line' id='line_1_118' title="bbox 1940 5658 3443 5737; baseline 0.002 -16"><span class='ocrx_word' id='word_1_880' title='bbox 1940 5669 2052 5737; x_wconf 67' lang='lat'><strong>(29)</strong></span> <span class='ocrx_word' id='word_1_881' title='bbox 2082 5661 2157 5736; x_wconf 66' lang='grc' dir='ltr'><strong>⁷ῼ</strong></span> <span class='ocrx_word' id='word_1_882' title='bbox 2178 5658 2502 5737; x_wconf 63' lang='grc' dir='ltr'>παροικεῖς.</span> <span class='ocrx_word' id='word_1_883' title='bbox 2534 5664 2632 5720; x_wconf 84' lang='lat' dir='ltr'><strong>Ms.</strong></span> <span class='ocrx_word' id='word_1_884' title='bbox 2663 5658 2723 5737; x_wconf 77' lang='grc' dir='ltr'><strong>οὗ</strong></span> <span class='ocrx_word' id='word_1_885' title='bbox 2749 5665 3031 5736; x_wconf 82' lang='grc' dir='ltr'>παροίκοις</span> <span class='ocrx_word' id='word_1_886' title='bbox 3049 5706 3063 5730; x_wconf 91' lang='grc'><strong>,</strong></span> <span class='ocrx_word' id='word_1_887' title='bbox 3086 5667 3234 5721; x_wconf 87' lang='lat' dir='ltr'><strong>nullo</strong></span> <span class='ocrx_word' id='word_1_888' title='bbox 3258 5683 3443 5724; x_wconf 85' lang='lat' dir='ltr'><strong>sensu.</strong></span> 
     </span>
    </p>
   </div>
   <div class='ocr_carea' id='block_1_118' title="bbox 1868 5734 3443 5805">
    <p class='ocr_par' dir='ltr' id='par_1_118' title="bbox 1868 5734 3443 5805">
     <span class='ocr_line' id='line_1_119' title="bbox 1868 5734 3443 5805; baseline -0.001 -13"><span class='ocrx_word' id='word_1_889' title='bbox 1868 5734 2097 5792; x_wconf 61' lang='lat' dir='ltr'><strong>Planius</strong></span> <span class='ocrx_word' id='word_1_890' title='bbox 2124 5734 2384 5804; x_wconf 80' lang='lat' dir='ltr'><strong>loquitur</strong></span> <span class='ocrx_word' id='word_1_891' title='bbox 2411 5734 2479 5789; x_wconf 85' lang='lat' dir='ltr'><strong>de</strong></span> <span class='ocrx_word' id='word_1_892' title='bbox 2519 5735 2792 5802; x_wconf 68' lang='lat' dir='ltr'><strong>pro-stimo,</strong></span> <span class='ocrx_word' id='word_1_893' title='bbox 2827 5734 3061 5805; x_wconf 75' lang='lat' dir='ltr'><strong>cumque</strong></span> <span class='ocrx_word' id='word_1_894' title='bbox 3088 5753 3118 5791; x_wconf 87' lang='lat' dir='ltr'><strong>a</strong></span> <span class='ocrx_word' id='word_1_895' title='bbox 3141 5736 3443 5791; x_wconf 51' lang='lat' dir='ltr'><strong>‘vicinitate</strong></span> 
     </span>
    </p>
   </div>
   <div class='ocr_carea' id='block_1_119' title="bbox 1868 5805 3439 5881">
    <p class='ocr_par' dir='ltr' id='par_1_119' title="bbox 1868 5805 3439 5881">
     <span class='ocr_line' id='line_1_120' title="bbox 1868 5805 3439 5881; baseline 0.002 -20"><span class='ocrx_word' id='word_1_896' title='bbox 1868 5806 2130 5881; x_wconf 74' lang='lat' dir='ltr'><strong>domicilii</strong></span> <span class='ocrx_word' id='word_1_897' title='bbox 2176 5805 2438 5860; x_wconf 88' lang='lat' dir='ltr'><strong>describit</strong></span> <span class='ocrx_word' id='word_1_898' title='bbox 2501 5805 2555 5859; x_wconf 69' lang='grc' dir='ltr'><strong>ια</strong></span> <span class='ocrx_word' id='word_1_899' title='bbox 2607 5822 2736 5860; x_wconf 78' lang='lat' dir='ltr'><strong>vero</strong></span> <span class='ocrx_word' id='word_1_900' title='bbox 2784 5805 2958 5861; x_wconf 55' lang='lat' dir='ltr'><strong>Graeci</strong></span> <span class='ocrx_word' id='word_1_901' title='bbox 3010 5806 3439 5881; x_wconf 60' lang='lat' dir='ltr'><strong>espt&#39;ituuntptr</strong></span> 
     </span>
    </p>
   </div>
   <div class='ocr_carea' id='block_1_120' title="bbox 1867 5880 2305 5951">
    <p class='ocr_par' dir='ltr' id='par_1_120' title="bbox 1867 5880 2305 5951">
     <span class='ocr_line' id='line_1_121' title="bbox 1867 5880 2305 5951; baseline -0.005 -22"><span class='ocrx_word' id='word_1_902' title='bbox 1867 5880 2152 5951; x_wconf 72' lang='grc' dir='ltr'>παροικεῖν</span> <span class='ocrx_word' id='word_1_903' title='bbox 2180 5893 2305 5929; x_wconf 80' lang='grc' dir='ltr'>τινι.</span> 
     </span>
    </p>
   </div>
  </div>
