4014 6408
585 421 691 482 239

1713 417 1977 477 PIIOTII
2018 418 2523 478 PATRIARCH/E
2563 420 2672 480 ΟΡ.

3740 416 3834 478 Ξείῡ

587 545 665 582 ria
697 535 826 582 sunt
854 541 918 582 ac
940 539 1180 580 amorem
1214 523 1306 579 Dei
1345 531 1558 594 urgent,
1617 524 1667 577 in
1713 532 1920 578 tantum
1967 533 2022 577 et
2067 525 2152 578 lex

2281 527 2367 580 καὶ
2407 528 2436 578 6
2465 528 2626 596 νόμος
2660 526 2779 589 ὅλος
2811 528 2904 580 καὶ
2942 528 2991 579 οἱ
3025 526 3303 597 προφῆται
3345 526 3454 579 τῶν
3488 526 3671 580 αὐτῶν
3712 527 3836 580 εἰσιν

588 629 698 675 tota
751 627 806 673 et
850 618 1133 688 prophetae
1162 616 1354 669 eodem
1414 615 1623 668 honore
1676 616 1825 686 digni
1876 616 2157 685 judicandi

589 725 736 765 sunt.
763 711 950 763 Mutuo
988 709 1133 763 enim
1165 724 1304 761 nexu
1341 723 1404 760 ea
1436 708 1536 761 sibi
1593 707 1826 760 invicem
1873 709 2161 776 conjuncta

590 811 738 866 sunt,
772 801 911 856 etab
939 801 1130 855 codcm
1165 798 1470 868 legislature
1500 798 1768 867 profecta,
1801 807 1856 852 et
1885 798 2164 869 legislator

590 911 653 950 ac
689 894 879 949 doctor
933 908 1122 946 eorum
1171 891 1414 944 omnium
1444 891 1634 943 eodem
1689 890 2034 966 undiquaque
2065 891 2164 944 ho-

591 1001 725 1040 nore
753 983 1166 1055 prosequendus
1195 991 1295 1034 est.
1329 979 1419 1035 Sic
1440 991 1488 1034 et
1518 980 1784 1043 Davidem
1819 981 1946 1036 alibi
1971 991 2162 1036 testem

590 1078 769 1142 all‘ert,
800 1077 891 1145 q'ui
927 1075 1102 1143 ipsum
1134 1083 1191 1127 ut
1241 1073 1527 1127 Dominum
1561 1083 1616 1129 et
1653 1074 1915 1130 victorem
1963 1091 2166 1129 renun-

593 1168 764 1232 tiavit,
793 1183 902 1220 non
934 1166 1079 1220 nude
1104 1176 1159 1219 et
1207 1181 1306 1235 per
1342 1181 1421 1230 se,
1455 1167 1548 1220 sed
1584 1167 1638 1220 in
1690 1167 1898 1236 Spiritu
1947 1177 2164 1230 sancto,

595 1259 751 1313 talem
789 1258 918 1311 item
944 1257 1036 1326 qui
1077 1273 1106 1310 a
1135 1256 1389 1320 Domino,
1423 1257 1688 1312 Dominus
1730 1260 2000 1313 exsistens
2029 1259 2162 1328 ipse,

591 1349 892 1403 sessionem
939 1365 968 1402 a
1019 1349 1222 1404 dextris
1275 1349 1569 1419 acceperit,
1626 1349 1931 1420 videritque
1982 1351 2167 1406 hostes

590 1457 720 1496 suos
741 1442 979 1496 scabello
1008 1442 1208 1512 pedum
1253 1458 1476 1496 suorum
1513 1443 1792 1513 subjectos
1833 1455 1888 1499 et
1922 1456 2166 1515 prostra-

584 1523 697 1590 tos.
731 1534 834 1601 Qui
863 1551 995 1590 vero
1032 1536 1388 1605 pronuntiare
1413 1537 1529 1590 haec
1561 1546 1614 1591 ct
1638 1538 1933 1607 praedicare
1956 1539 2168 1608 potuis-

589 1620 701 1691 'set,
744 1627 1003 1682 contrarii
1033 1627 1288 1697 principii
1316 1628 1496 1682 alllatu
1523 1635 1698 1693 actus,
1730 1628 1784 1683 in
1817 1629 2026 1698 primis,
2045 1647 2168 1686 cum

595 1729 704 1775 tam
733 1718 880 1772 clare
900 1719 1146 1788 ctpalam
1170 1718 1355 1772 Jesum
1383 1719 1552 1773 Deum
1570 1723 1908 1789 pronuntiet,
1937 1738 2171 1792 eumque

594 1810 884 1863 Dominum
919 1826 1078 1865 suum
1117 1811 1458 1880 proﬁteatur,
1497 1811 1782 1882 Patrisque
1830 1813 2168 1884 dignitatem,

2268 619 2478 684 ἐπάξιοι
2505 619 2706 690 γερῶν.
2735 619 2874 689 Συνή
2887 635 3079 689 ρτηται
3119 619 3226 688 γὰρ
3265 619 3517 690 ἀλλήλοις
3545 623 3724 674 ταῦτα
3752 623 3836 674 καὶ

2268 710 2587 780 συνέχεται,
2621 713 2716 763 καὶ
2743 711 2842 780 τῆς
2869 710 3037 779 αὐτῆς
3081 710 3406 779 νομοθεσίας
3453 711 3706 780 ἐξῆπται.
3736 712 3837 764 Καὶ

2265 801 2426 864 αὐτὸς
2467 801 2728 872 όμότιμός
2764 803 2911 854 ἐστιν
2957 804 2984 855 6
3024 801 3230 856 τούτων
3263 804 3523 858 ἁπάντων
3559 804 3654 857 καὶ
3682 821 3837 872 νομο-

2267 891 2428 960 θέτης
2467 893 2560 944 καὶ
2607 895 2925 964 εἰσηγητής.
2981 894 3200 964 Ἀμέλει
3243 897 3336 948 καὶ
3365 895 3456 948 τὸν
3496 895 3661 948 Δαυῒδ
3687 896 3837 948 πάλιν

2266 983 2476 1050 εἰσάγει
2505 985 2775 1055 μάρτυρα,
2809 985 3012 1056 Κύριον
3039 987 3204 1039 αὐτὺν
3231 987 3324 1039 καὶ
3348 988 3583 1057 νικητὴν
3613 1003 3839 1056 προανα-

2266 1076 2630 1147 κηρύττοντα,
2663 1077 2760 1129 κα)⁸
2779 1078 2879 1146 οὺχ
2907 1077 3099 1140 ἁπλῶς
3125 1117 3139 1142 ,
3165 1077 3276 1130 ἀλλ’
3311 1079 3367 1129 ἐν
3399 1077 3678 1147 Πνεύματι
3707 1078 3839 1147 ἁγίῳ

2268 1169 2362 1222 καὶ
2389 1169 2542 1238 παρὰ
2575 1168 2782 1240 Κυρίου
2820 1169 2920 1241 τὴν
2961 1171 3026 1223 ἐκ
3076 1169 3266 1236 δεξιῶν
3297 1169 3591 1241 καθέδραν,
3641 1171 3840 1240 Κύριον

2268 1261 2365 1313 καὶ
2405 1261 2566 1314 αὐτὸν
2590 1260 2741 1326 ὄντα,
2778 1261 3150 1332 λαμϐάνοντα,
3183 1264 3277 1314 καὶ
3305 1263 3432 1324 τοὺς
3459 1262 3687 1332 ἐχθροὺς
3713 1264 3839 1315 ὑπο-

2271 1351 2456 1406 πόδιον
2502 1353 2609 1406 τῶν
2653 1353 2829 1408 ποδῶν
2868 1353 3031 1407 αὐτοῦ
3085 1354 3425 1422 τιθεμένους,
3470 1355 3567 1406 καὶ
3610 1355 3840 1407 καταπί-

2271 1461 2526 1507 πτοντας.
2574 1447 2685 1499 Καὶ
2727 1445 2829 1498 ποῦ
2863 1445 3037 1498 ταῦτα
3088 1445 3484 1516 προαγορεύειν
3516 1447 3726 1498 ἐκεῖνον
3754 1446 3841 1499 καὶ

2271 1534 2544 1604 θεολογεῖν
2573 1537 2777 1607 παρῆν,
2822 1539 2870 1590 εἰ
2901 1539 3002 1609 τῆς
3029 1538 3277 1600 ἐναντίας
3312 1532 3461 1590 εἷλκε
3498 1537 3721 1606 μερίδος
3749 1538 3842 1605 τὴν

2271 1627 2579 1690 ἐπίπνοιαν,
2631 1628 2868 1698 μάλιστὰ
2913 1647 2979 1697 γε
3030 1629 3303 1696 θεολογεῖν
3350 1627 3493 1682 οὕτω
3537 1629 3728 1698 σαφῶς
3755 1630 3843 1681 καὶ

2271 1716 2732 1786 άπερικαλύπτως
2781 1717 2872 1771 τὸν
2912 1718 3142 1788 Ἰησοῦν,
3183 1718 3390 1788 Κύριον
3437 1735 3498 1770 τε
3527 1718 3664 1770 ἴδιον
3689 1717 3842 1769 αὑτὸν

2275 1807 2649 1877 ἀνομολογεῖν,
2674 1809 2771 1862 καὶ⁹
2799 1809 2860 1862 τὸ
2885 1809 3152 1879 πατρικὸν
3184 1809 3403 1878 ἀξίωμα
3429 1809 3517 1862 διὰ
3541 1809 3642 1878 τῆς
3670 1808 3845 1880 κυριό-

596 1913 1023 1956 commemorato
1055 1901 1321 1967 dominio,
1362 1901 1462 1971 ipsi
1494 1903 1756 1969 vindicet,
1785 1914 1839 1958 et
1861 1920 2021 1973 quam
2051 1905 2166 1959 illu-

2281 1916 2435 1969 τητος
2485 1901 2906 1971 ἐπιμαρτυρεῖν,
2943 1901 3037 1954 καὶ
3071 1901 3147 1964 ὡς
3190 1901 3458 1972 λαμπρῶς
3497 1903 3593 1955 καὶ
3622 1902 3845 1970 ἀναφαί-

595 2004 760 2048 strem
819 1994 1299 2063 im'iucibilemque
1338 1996 1638 2066 potentiam
1685 1997 1948 2052 adversus
1987 1998 2172 2053 hostes

595 2092 922 2156 probaturus
980 2087 1084 2150 sit,
1133 2096 1382 2144 testetur.
1443 2088 1565 2143 llzec
1613 2089 1796 2143 omnia
1853 2090 2008 2158 cujus
2054 2090 2171 2144 fue—

597 2179 668 2232 rit
721 2187 777 2232 et
825 2178 1226 2248 praanuntiare,
1277 2187 1332 2233 et
1392 2179 1448 2232 in
1503 2178 1760 2232 eﬂ‘ectum
1819 2179 2121 2248 perducere

594 2282 758 2336 quam
809 2267 1028 2336 quidem
1064 2266 1318 2322 beneﬁcae
1354 2266 1446 2320 Dei
1507 2266 1821 2335 sapientia},
1871 2282 1967 2335 per
2011 2283 2171 2336 quam

593 2368 652 2414 et
680 2359 861 2413 omnia
889 2358 1216 2421 consistunt,
1240 2367 1293 2412 et
1323 2373 1408 2422 ea,
1437 2373 1558 2426 qua:
1583 2358 1646 2411 ad
1681 2359 1910 2412 salutem
1930 2367 2173 2412 nostram

592 2451 906 2521 pertinent,
949 2452 1016 2505 ab
1046 2451 1254 2521 origine
1303 2451 1492 2504 mundi
1534 2450 1779 2511 deﬁnita,
1808 2460 2175 2521 eventumque

597 2542 811 2604 sortita,
849 2549 979 2594 sunt
1011 2556 1096 2604 eo,
1131 2541 1220 2609 qui
1254 2539 1602 2605 deﬁnivcrat,
1634 2557 1741 2593 non
1785 2540 2106 2611 indignum?

662 2631 876 2687 XXVII.
931 2632 1337 2701 l’erpendamus
1382 2647 1512 2687 vero
1561 2631 1725 2685 etiam
1775 2633 1875 2685 hoc
1907 2632 2044 2695 loco,
2075 2648 2178 2685 an-

591 2739 702 2777 non
733 2722 910 2778 Moses
941 2732 995 2778 et
1025 2722 1190 2788 Elias,
1247 2723 1546 2777 secundum
1577 2723 1751 2793 legem
1779 2725 2042 2789 viventes,
2081 2725 2178 2778 mi-

592 2814 749 2869 nistri
779 2815 981 2869 fuerint
1009 2815 1136 2869 boui
1188 2823 1243 2868 et
1276 2814 1391 2868 veri
1437 2814 1556 2876 Dei,
1594 2815 1804 2885 ipsique
1838 2816 2177 2886 placuerint?

594 2905 880 2971 Quomodo
918 2906 1066 2960 enim
1095 2908 1150 2958 in
1183 2913 1387 2971 monte,
1436 2906 1491 2960 in
1531 2922 1638 2976 quo
1672 2907 1928 2962 Servator
1959 2909 2176 2963 transﬁ-

594 3007 819 3068 guratus
837 3007 938 3060 est,
964 2998 1297 3067 gloriamque
1320 2997 1623 3053 divinitatis
1653 3014 1764 3053 sua:
1783 2999 2175 3066 manifestavit,

597 3099 651 3141 et
675 3087 960 3157 praecipuis
977 3089 1090 3142 suis
1114 3088 1394 3158 discipulis
1419 3089 1646 3160 fulguris
1685 3090 1858 3144 instar
1887 3090 2177 3145 videndam

2277 2007 2432 2061 ρετον
2476 1991 2536 2044 τὸ
2585 1993 2786 2062 κράτος
2837 1993 3171 2072 ἀναθδήσεται
3202 1993 3263 2046 τὸ
3307 1994 3451 2047 κατὰ
3479 1993 3589 2046 τῶν
3621 1992 3842 2063 ἐχθρῶν.

2277 2081 2345 2134 Ἃ
2373 2081 2516 2144 τίνος
2547 2078 2614 2154 ἦν
2649 2083 2810 2136 ἄλλου
2848 2085 2942 2137 καὶ
2989 2082 3378 2154 προθεσπίζειν
3423 2083 3518 2136 καὶ
3545 2083 3628 2146 είς
3670 2084 3837 2151 πέρας

2273 2173 2448 2242 ἄγειν,
2479 2177 2523 2226 εί
2559 2175 2633 2243 μὴ
2672 2175 2772 2244 τῆς
2813 2175 3191 2243 ἁγαθοδότιδος
3217 2177 3327 2246 ('50)
3361 2175 3496 2228 Θεοῦ
3529 2175 3754 2243 σοφίας,
3783 2174 3844 2226 δι’

2271 2260 2339 2337 ἧς
2362 2265 2422 2318 τό
2447 2283 2506 2318 τε
2538 2268 2757 2336 σύμπαν
2785 2267 3014 2337 ὑπέστη,
3043 2268 3136 2320 καὶ
3163 2268 3233 2320 τὰ
3259 2267 3362 2337 τῆς
3387 2267 3664 2336 σωτηρίας
3692 2265 3845 2335 ἡμῶν

2275 2358 2381 2411 ἀπ’)
2402 2357 2706 2428 καταϐολῆς
2729 2358 3045 2430 προωρίσθη
3084 2359 3314 2430 κόσμου,
3347 2360 3440 2412 καὶ
3485 2360 3658 2429 πέρας
3691 2357 3843 2411 ἔλαϐε

2274 2447 2368 2500 τοῦ
2400 2447 2789 2518 προορίσαντος
2821 2447 2921 2502 οὐκ
2949 2449 3190 2514 ἀνάξιον.

2347 2625 2481 2678 Kll'.
2517 2624 2818 2696 Σκοπῶμεν
2864 2623 2922 2678 δέ
2953 2625 3285 2692 κάντεῦθεν,
3323 2629 3374 2680 εί
3402 2627 3476 2697 μὴ
3511 2629 3717 2697 Μωσῆς
3762 2629 3847 2682 καὶ

2289 2717 2475 2780 Ἠλίας
2503 2716 2652 2787 νόμῳ
2685 2716 3007 2786 βεϐιωκότες
3037 2717 3369 2788 θεράποντες
3394 2713 3556 2787 ἦσαν,
3595 2719 3690 2772 καὶ
3720 2719 3847 2788 πρὸς

2276 2809 2570 2880 ἀρέσκειαν
2632 2810 2966 2882 πράττοντες
3015 2809 3111 2863 τοῦ
3171 2809 3379 2877 ἀγαθοῦ
3438 2810 3537 2863 καὶ
3599 2809 3846 2881 ἀληθινοῦ

2276 2897 2435 2950 Θεου.
2465 2898 2590 2960 Πῶς
2617 2901 2675 2951 ἐν
2697 2897 2776 2968 τῷ
2809 2898 2946 2968 όρει,
2980 2899 3037 2951 ἐν
3070 2893 3114 2966 ᾧ
3149 2898 3553 2970 μετεμορφώθη
3587 2901 3616 2952 ό
3645 2901 3845 2970 Σωτὴρ,

2279 2986 2374 3040 καὶ
2422 2987 2521 3057 τὴν
2561 2987 2717 3054 δόξαν
2755 2985 2921 3040 αὑτοῦ
2972 2987 3070 3057 τῆς
3109 2987 3364 3057 θεότητος
3413 2988 3848 3058 παρεγύμνωσε,

2279 3078 2374 3133 καὶ
2413 3079 2717 3149 ἐνήστραψε
2752 3081 2868 3142 τοῖς
2903 3078 3227 3150 προκρίταις
3263 3078 3370 3132 τῶν
3401 3080 3684 3149 μαθητῶν,
3719 3097 3850 3149 cup.-

597 3179 766 3244 dcdit,
791 3177 1018 3232 aderant
1045 3178 1153 3243 illi,
1186 3181 1482 3250 divinoque
1513 3181 1803 3250 splendore
1834 3181 2173 3244 fruebantur,

2281 3171 2535 3241 παρῆσαν
2575 3164 2850 3224 οὗτοίκαὶ
2899 3170 3280 3241 συναπήλαυον
3311 3169 3413 3239 τῆς
3464 3170 3616 3233 θείας
3655 3172 3852 3240 ἀστρα-

2329 3263 2352 3273 -
2496 3261 2506 3279 .
2588 3263 2613 3273 η
2732 3263 2743 3279 .
2801 3260 2849 3279 ,~
2882 3261 2900 3279 κ
3058 3263 3071 3279 ,
3262 3261 3302 3279 ο.
3349 3261 3375 3279 ι.
3564 3262 3577 3279 .
3677 3262 3698 3279 .

599 3269 705 3324 nisi
731 3270 796 3324 ad
829 3269 1068 3324 cultores
1098 3271 1217 3339 ejus
1262 3281 1318 3325 et
1340 3272 1621 3327 ministros
1650 3272 2048 3342 pertinuissent
2082 3275 2125 3306 ⁸²
2157 3274 2179 3327 ?

604 3361 717 3415 lmo
751 3359 1024 3430 quomodo
1051 3377 1158 3414 non
1197 3363 1370 3417 solum
1406 3363 1652 3427 aderant,
1706 3364 1878 3417 instar
1906 3364 2179 3418 nudorum

604 3460 998 3522 spectatorum,
1037 3451 1128 3506 sed
1163 3461 1220 3506 ut
1247 3454 1400 3519 tales,
1431 3454 1520 3524 qui
1555 3470 1664 3524 pra!
1689 3455 1909 3525 reliquis
1938 3456 2182 3526 discipu-

603 3543 670 3596 lis
694 3541 950 3612 primitiis
981 3541 1066 3596 his
1097 3543 1322 3598 visionis
1353 3544 1445 3598 Dei
1491 3543 1838 3610 fruebantur,
1880 3557 1936 3600 et
1963 3561 2026 3600 ex
2057 3563 2182 3616 gra-

609 3632 678 3688 tia
707 3633 1062 3704 praerogativa
1126 3634 1359 3704 quadam
1408 3651 1520 3704 pra:
1548 3636 1673 3700 illis,
1703 3636 1757 3690 in
1783 3653 2018 3706 quorum
2045 3637 2182 3690 alio-

605 3711 740 3792 quin
774 3723 1037 3776 societate
1072 3733 1250 3787 erant,
1275 3724 1656 3779 ornabantur?
1708 3726 2010 3795 Splendore
2035 3726 2180 3780 enim

604 3813 922 3867 circumfusi
981 3830 1105 3867 cum
1145 3813 1276 3869 Jesu
1329 3816 1715 3886 loquebantur,
1759 3834 2184 3891 sermonumque

605 3905 822 3958 illorum
850 3920 1060 3958 summa
1103 3914 1219 3960 erat
1280 3916 1434 3970 cruat,
1497 3917 1552 3962 et
1580 3908 1802 3962 victoria
1836 3919 1890 3962 et
1923 3918 2122 3978 tropaaa
2152 3925 2182 3964 a

607 4002 786 4048 morte
819 3997 1171 4064 reportanda.
1199 3996 1356 4062 Quod
1383 3999 1545 4069 igitur
1572 4007 1825 4068 respectu
1853 4008 2180 4054 caeterorum

603 4087 1002 4156 discipulorum
1049 4088 1282 4153 Petrus,
1341 4088 1574 4144 Jacobus
1615 4100 1670 4144 et
1714 4090 1954 4146 Joannes
1989 4102 2180 4158 erant,

605 4179 659 4232 id
700 4188 952 4248 respectu
985 4180 1201 4233 illorum
1236 4181 1527 4252 (veterum)
1556 4180 1740 4236 Mosen
1777 4191 1832 4236 et
1865 4183 2038 4237 Eliam
2063 4199 2184 4237 esse

597 4270 710 4323 (hoc
757 4270 876 4340 ipso
935 4271 1194 4326 Servator
1247 4273 1580 4338 declarabat,
1645 4289 1848 4344 eosque
1894 4275 2182 4332 evellebat.

598 4364 756 4429 Quod
789 4381 918 4419 vero
939 4366 1193 4421 collocuti
1218 4382 1341 4421 cum
1371 4383 1436 4421 eo
1463 4369 1589 4431 sint,
1632 4369 1978 4438 primumque
2004 4370 2182 4424 locum

602 4455 948 4519 occuparint,
1020 4453 1090 4506 ila
1159 4451 1441 4523 Scriptura
1498 4470 1649 4508 sacra
1675 4456 1887 4508 effert:
1950 4456 2185 4526 Cumque

2283 3263 2413 3332 πῆς.
2448 3261 2522 3333 μὴ
2553 3263 2651 3332 τῆς
2685 3260 2852 3314 αὑτοῦ
2882 3261 3140 3334 λατρείας
3181 3261 3315 3332 μηδὲ
3349 3261 3646 3332 θεραπείας
3674 3262 3850 3329 ὃντεςς

2283 3354 2391 3407 Καὶ
2419 3354 2481 3406 οὐ
2529 3353 2894 3424 συμπαρῆσαν
2931 3353 3092 3423 μόνον
3129 3347 3219 3406 οἷα
3247 3353 3312 3423 δὴ
3344 3354 3599 3424 τυχόντες
3635 3355 3851 3421 θεαταὶ,

2283 3445 2418 3498 ἀλλὰ
2446 3444 2705 3515 μαθητῶν
2739 3443 2836 3514 μὲν
2863 3445 2972 3496 τῶν
3003 3443 3266 3497 πλειόνων
3295 3444 3622 3508 οἰκειώσεώς
3645 3463 3701 3498 τε
3730 3465 3854 3514 προ-

2283 3537 2488 3608 νομίοις
2512 3539 2606 3591 καὶ
2638 3537 2913 3599 θεοπτίαις
2943 3536 3355 3607 ἐξαιρούμενον
3387 3540 3479 3590 καὶ
3513 3535 3596 3600 οἷς
3649 3539 3706 3590 δέ
3735 3556 3856 3591 συν-

2283 3630 2568 3682 ετάττοντο
2606 3628 2871 3681 κάκείνων
2895 3644 2944 3680 τι
2989 3627 3151 3680 πλέον
3183 3629 3326 3698 ἔχειν
3359 3617 3505 3698 παρά
3536 3629 3638 3699 τῆς
3667 3629 3856 3698 ἀγαθό-

2283 3737 2442 3789 τητος
2459 3719 2629 3790 δῶρον
2653 3719 2930 3788 φέροντες.
2960 3720 3068 3771 Καὶ
3084 3721 3193 3790 γὰρ
3213 3718 3339 3791 δόξῃ
3366 3719 3857 3790 περιαυγαζόμενοι

2286 3810 2608 3864 συνελάλουν
2782 3809 2958 3881 Ἰησοῦ
3007 3814 3100 3864 καὶ
3136 3811 3247 3864 τῶν
3277 3812 3448 3881 λόγων
3479 3807 3547 3883 ἦν
3595 3813 3654 3865 τὸ
3692 3812 3857 3880 κεφά-

2284 3903 2433 3955 λαιον
2463 3905 2490 3956 6
2518 3901 2749 3972 σταυρὸς
2790 3903 2883 3955 καὶ
2911 3903 2944 3972 ἡ
2976 3903 3115 3954 κατὰ
3144 3900 3238 3954 τοῦ
3268 3900 3498 3955 θανάτου
3525 3902 3649 3972 νίκη
3685 3905 3772 3955 καὶ
3800 3901 3860 3954 τὸ

2285 3996 2564 4063 τρόπαιον.
2619 3993 2783 4045 Ὥστε
2819 3993 2956 4063 ὅπερ
2987 3987 3125 4062 ἦσαν
3155 3994 3269 4055 τοῖς
3314 3993 3494 4056 ἄλλοις
3528 3995 3730 4063 Πέτρος
3767 3995 3860 4046 καὶ

2299 4086 2550 4148 Ἰάκωϐος
2608 4085 2702 4138 καὶ
2747 4083 3028 4156 Ἰωάννης,
3092 4084 3250 4138 τοῦτο
3310 4086 3480 4154 Μωσῆ
3531 4087 3626 4138 καὶ
3679 4087 3861 4138 Ἠλίαν

2283 4177 2494 4240 τούτοις
2521 4173 2661 4231 εἶναι
2687 4176 2967 4247 διεκόσμει
2993 4176 3135 4230 κατά
3153 4193 3214 4243 γε
3236 4175 3394 4229 τοῦτο
3423 4176 3858 4246 καὶὲμεγάλυνεν

2284 4271 2313 4323 6
2348 4270 2559 4340 Σωτήρ.
2595 4268 2716 4321 Ὅτι
2746 4268 2803 4321 δέ
2839 4268 3172 4338 συνωμίλουν
3209 4266 3359 4337 αὑτῷ
3386 4270 3478 4320 καὶ
3511 4268 3611 4337 τὴν
3641 4268 3862 4338 πρώτην

2285 4361 2435 4427 τάξιν
2483 4360 2754 4430 ἐπλήρουν
2778 4399 2793 4421 ,
2825 4360 2924 4412 ὡδὶ
2969 4359 3028 4412 τὸ
3073 4359 3171 4430 τῆς
3207 4359 3507 4429 ἱερολογίας
3554 4360 3713 4428 φησί·
3751 4360 3861 4412 Καὶ

2285 4451 2523 4522 ἐγένετο
2559 4452 2630 4505 ἐν
2655 4451 2735 4515 τῷ
2765 4452 3208 4519 προσεύχεσθαι
3233 4451 3441 4514 αὐτὸν,
3477 4449 3544 4502 τὸ
3573 4446 3728 4514 εἶδος
3754 4449 3863 4501 τοῦ

601 4555 927 4613 precaretur,
973 4546 1183 4599 habitus
1217 4545 1388 4600 vultus
1448 4546 1563 4614 ejus
1600 4549 1770 4616 factus
1815 4558 1890 4602 est
1928 4548 2088 4613 alius,
2135 4564 2173 4602 et

2289 4543 2612 4610 προσώπου
2644 4541 2830 4595 αὐτοῦ
2869 4541 3092 4608 ἕτερον,
3136 4539 3236 4592 καὶ
3269 4543 3301 4592 ό
3332 4539 3644 4608 ἱματισμὸς
3677 4535 3863 4590 αὐτοῦ

601 4639 906 4691 vestimenta
941 4639 1054 4707 ejus
1083 4639 1206 4692 alba
1241 4655 1304 4692 ac
1336 4639 1672 4707 refulgentia.
1731 4640 1794 4694 Et
1820 4657 1933 4695 ecce
1955 4643 2056 4696 duo
2084 4643 2182 4695 viri

605 4729 1029 4799 rolloquebautur
1051 4748 1166 4783 cum
1202 4747 1281 4796 eo,
1333 4732 1422 4800 qui
1472 4743 1620 4784 erant
1653 4732 1814 4786 Moses
1846 4742 1894 4786 et
1929 4733 2078 4786 Elius
2116 4734 2182 4788 ".

599 4818 893 4875 Audisne?
943 4820 1140 4884 Moses,
1192 4821 1390 4890 inquit,
1434 4833 1620 4886 erant,
1672 4832 1726 4876 et
1758 4823 1940 4888 Elias,
1992 4824 2084 4892 qui
2131 4824 2184 4878 in

606 4910 773 4979 gloria
824 4924 1150 4982 apparentes
1195 4913 1297 4983 ipsi
1329 4914 1538 4967 exitum
1607 4915 1993 4983 praedicebant,
2024 4932 2187 4986 quem

605 5003 897 5058 sortiturus
945 5014 1063 5059 erat
1105 5005 1514 5076 Hierosolymis.
1547 5005 1645 5061 Vel
1683 5007 1726 5061 si
1763 5007 1936 5061 mavis
1983 5007 2186 5068 intelli-

603 5106 732 5160 gere
762 5093 989 5164 gloriam
1013 5094 1081 5148 de
1115 5109 1219 5163 qua
1246 5094 1349 5148 alia
1389 5091 1669 5164 Scriptura
1717 5104 1966 5158 testatur,
2000 5096 2186 5151 Mosen

605 5191 659 5237 et
689 5185 858 5239 Eliam
882 5186 1182 5242 divinitatis
1221 5202 1356 5249 sure,
1411 5188 1592 5256 quoad
1621 5187 1711 5240 illa
1755 5188 1822 5241 ab
1849 5187 2071 5243 homine
2096 5190 2180 5242 vi-

601 5274 721 5330 deri
746 5287 940 5346 potest,
975 5288 1310 5348 spectatores
1338 5278 1597 5334 Servator
1621 5279 2037 5350 transﬁguratus
2066 5297 2186 5337 esse

683 5389 728 5418 ³⁵
750 5387 941 5445 Matth.
970 5406 1102 5453 xvn,
1131 5390 1186 5452 2,
1212 5389 1266 5442 5.

2288 4629 2508 4694 λευκός
2543 4629 2994 4696 ἐξαστράπτων,
3021 4627 3120 4680 καί
3171 4627 3299 4681 ἰδοὺ
3329 4627 3546 4694 ἄνδρες
3579 4627 3687 4680 δύο
3717 4642 3866 4679 συν-

2287 4723 2556 4777 ελάλουν
2593 4721 2774 4787 αὐτῷ,
2810 4723 3028 4787 οἵτινες
3064 4718 3228 4792 ἦσαν
3255 4721 3481 4788 Μωσῆς
3513 4724 3614 4777 καὶ
3646 4720 3862 4782 Ἠλίας.

2301 4816 2580 4882 ’Δκούεις;
2614 4815 2817 4885 Μωσῆς
2841 4854 2856 4878 ,
2900 4815 3066 4885 φησιν
3088 4853 3103 4881 ,
3139 4812 3278 4886 ἦσαν
3304 4815 3398 4868 καὶ
3443 4815 3650 4878 Ἠλίας,
3676 4813 3724 4866 οἱ
3761 4811 3865 4878 όφ-

2290 4909 2474 4972 θέντες
2500 4911 2558 4961 ἐν
2587 4908 2716 4979 δόξῃ
2737 4947 2753 4969 ,
2785 4907 2969 4974 ἔλεγον
2997 4906 3096 4977 τὴν
3127 4905 3306 4970 ἔξοδον
3335 4906 3502 4959 αὐτοῦ
3527 4949 3543 4971 ,
3579 4907 3646 4976 ἣν
3675 4901 3865 4972 ἔμελλε

2289 5000 2534 5072 πληροῦν
2567 5003 2624 5052 ὲν
2671 4983 3048 5071 Ἰερουσαλήμ.
3106 4999 3175 5050 Ἦ
3227 4999 3274 5050 εί
3321 4997 3500 5066 βούλει
3538 4999 3636 5064 τὴν
3668 4994 3819 5057 δόξαν
3849 5032 3868 5055 ,

2287 5093 2475 5162 ὥσπερ
2506 5092 2642 5162 άλλη
2675 5091 2914 5146 διδάσκει
2940 5090 3133 5162 Γραφὴ
3169 5090 3278 5160 (51)
3312 5089 3516 5158 Μωσῆν
3547 5087 3642 5140 καὶ
3679 5085 3868 5138 Ἠλίαν

2289 5185 2387 5255 τῆς
2443 5183 2607 5238 αὑτοῦ
2659 5182 2947 5253 θεότητος,
3002 5181 3077 5247 ὥς
3126 5185 3274 5236 ἐστιν
3323 5179 3599 5250 ἀνθρώπῳ
3644 5175 3868 5231 δυνατὸν

2295 5278 2442 5340 ἰδεῖν,
2496 5276 2807 5346 παρέστησε
2855 5276 3054 5338 θεατὰς
3099 5271 3412 5345 μορφωθεὶς
3459 5271 3487 5322 6
3534 5269 3737 5339 Σωτὴρ,
3769 5266 3866 5318 καὶ

1705 5502 1946 5564 νΑιιιΑιι
1967 5505 2348 5562 LECTIONES
2376 5505 2464 5560 ET
2504 5503 2740 5559 NOTAE.

679 5614 796 5684 (50)
849 5612 1307 5684 Ἀγαθοδότιδος.
1359 5612 1474 5684 Ms,
1513 5612 1850 5684 ἁγαθότιδος.
1903 5613 2176 5684 Rescripsi

679 5631 796 5684 (ῡυ)
853 5631 1307 5682 Αγαυοοοτιοος.
1359 5631 1461 5666 MS.
1513 5631 1850 5682 αγαυοτιοος.
1903 5631 2088 5668 κίρσοι-ι
2133 5633 2176 5671 ει

611 5685 782 5754 prius,
815 5698 880 5754 ex
912 5682 1244 5752 ἀγαθοδότης
1278 5692 1333 5737 et
1365 5683 1418 5737 in
1453 5682 1717 5737 feminino
1743 5698 1943 5749 genere
1974 5631 2181 5753 a'zyago-

610 5755 772 5816 δότις,
803 5753 852 5807 id
885 5763 988 5818 est,
1015 5754 1106 5822 qui
1134 5755 1216 5808 vel
1245 5770 1360 5822 quw
1393 5756 1524 5806 bona
1551 5754 1874 5820 suppeditat.
1910 5754 2055 5811 Usus
2088 5758 2187 5812 hac

616 5837 746 5877 voce
777 5832 860 5880 est
889 5822 1179 5895 Dionysius
1217 5824 1558 5894 Arcopagita.

2362 5619 2472 5690 (3|)
2505 5617 2740 5690 Γραφή.
2762 5616 2969 5690 ᾼῌιιύἱι
2987 5618 3187 5690 Noster
3207 5615 3413 5690 procul
3429 5615 3684 5690 dubieAan
3704 5613 3841 5690 Joap
3857 5653 3873 5666 .

2295 5708 2332 5750 1.
2365 5683 2575 5750 lxi-{ubi
2617 5683 2739 5742 ita;
2774 5684 3002 5752 Εἴδομεν
3027 5683 3132 5755 τὴν
3163 5683 3322 5750 δόξαν
3355 5686 3521 5740 αὑτοῦ
3548 5726 3562 5752 ,
3603 5687 3758 5753 δόξαν
3789 5683 3874 5746 ὥς

2298 5759 2640 5827 Μονογενοῦς
2669 5755 2821 5826 παρὰ
2853 5754 3086 5825 Πατρός.
