4022 6416
151 454 265 520 241

1196 478 1492 542 CONTRA
1530 485 1986 552 MANICH/EOS
2017 495 2246 557 LIBER
2301 498 2399 560 IV.

3323 512 3431 576 242

151 569 279 632 τοῖς
320 567 592 641 μαθηταῖς
624 575 940 647 συντάττει,
976 583 1178 651 μᾶλλον
1211 586 1288 650 δὲ,
1320 591 1395 655 ὡς
1435 592 1704 648 δέδεικται

154 661 393 690 ηελλ-νει
452 669 547 690 -.ο...
586 667 660 690 2--
691 668 823 690 an-
936 673 952 690 ι
999 674 1044 690 ..ι
1249 679 1310 690 ....
1533 687 1601 690 _-_
1624 687 1634 690 _
1669 689 1672 690 ,

1848 602 2039 665 voluit,
2061 620 2265 676 eosque
2289 623 2412 663 cum
2446 610 2730 682 discipulis
2755 613 3058 686 coniungit,
3107 619 3190 674 vel
3221 624 3426 690 potius,

154 661 417 727 προάγει,
452 669 547 734 οὐχ
582 667 665 720 ὅτι
690 668 865 724 διόλου
900 673 962 726 τὺ
997 674 1214 732 ἔλαττον
1249 679 1482 749 ἕξουσιν,
1518 687 1635 739 ἀλλ’
1661 689 1743 743 ὅτι

151 753 277 815 τοῖς
309 755 409 822 μὲν
426 755 508 848 τῷ
536 757 612 826 νῷ
639 759 882 818 διαπλεῖν
909 764 989 819 ἔτι
1017 767 1110 823 τὸν
1140 769 1276 840 βίον,
1300 775 1393 828 καὶ
1413 779 1532 839 ταῖς
1555 796 1745 848 τρικυ-

157 841 356 910 μίαις,
396 841 484 900 οἷα
519 848 583 918 δὴ
627 851 695 904 τὰ
736 853 1091 926 ἀνθρώπινα,
1137 861 1432 918 ὑπελίπετο
1481 841 1742 924 κλυδωνί-

153 931 355 1033 {satiat
377 953 391 968 ο
423 940 472 992 οί
507 940 564 993 δὲ
592 941 681 996 τὸν
702 944 872 1016 ὅρμον
903 944 1046 1020 εἶχον
1072 952 1403 1025 ἀκύμαντον.
1461 958 1518 1013 Ὀ
1558 961 1614 1014 δὲ
1641 962 1742 1033 τῆς

151 1025 468 1118 ασιραλείας
498 1033 594 1085 καὶ
624 1034 718 1088 τοῦ
758 1035 976 1108 λιμένος
1010 1043 1177 1114 μήπω
1204 1046 1410 1118 τυχὼν,
1446 1051 1541 1104 τοῦ
1571 1025 1742 1108 mea:

152 1113 428 1217 λαϐόντος.
449 1120 572 1191 ἤδη,
613 1125 709 1178 καὶ
736 1127 872 1182 πολὺ
899 1113 1226 1204 τιμιώτερον
1346 1113 1564 1210 φορτίον
1598 1143 1740 1217 φέρῃ

151 1209 226 1305 τῆ
272 1209 467 1284 ἀδηλίᾳ
499 1217 600 1284 τῆς
638 1219 934 1291 σωτηρίας,
969 1223 1064 1277 τοῦ
1094 1225 1319 1296 βεϐαίαν
1349 1231 1556 1302 ταύτην
1585 1209 1741 1305 εύροῖ

153 1301 327 1397 μένου
349 1305 538 1397 ’πολλῷ
572 1307 820 1365 λείπεται
855 1314 991 1385 (52).
1042 1317 1188 1389 Πλὴν
1213 1320 1330 1373 ἀλλ’
1361 1321 1454 1387 οὓς
1481 1301 1740 1397 τηλικαύ-

147 1407 256 1460 της
303 1393 463 1464 δόξης
515 1397 657 1463 ἀξιοῖ
689 1402 922 1472 Χριστὸς
956 1408 988 1476 ἡ
1021 1407 1270 1480 ἀλήθεια,
1304 1413 1381 1477 ὡς
1411 1419 1503 1469 καὶ
1535 1393 1740 1474 ’συλλα-

147 1482 271 1538 λεῖν
312 1487 511 1552 αὐτοὺς
543 1492 694 1562 αὐτῷ
726 1497 820 1548 καὶ
863 1499 1052 1568 ὑμνεῖν
1095 1503 1260 1558 αὑτοῦ
1291 1506 1388 1576 τὴν
1435 1508 1593 1575 δόξαν
1645 1516 1738 1567 καὶ

144 1575 252 1646 τὴν
279 1578 487 1643 ἔξοδον,
520 1584 628 1654 ἄρα
656 1586 880 1653 τούτους
908 1592 969 1645 οὐ
1010 1594 1254 1664 φρίττεις
1286 1575 1588 1670 κωμῳδεῖν,
1622 1606 1735 1659 ἀλλ’

143 1670 231 1730 εἰς
257 1674 506 1743 πονηρὰν
535 1677 778 1744 ἐλαύνεις
807 1684 1012 1754 ἀρχήνς
1048 1688 1141 1752 Τίς
1166 1687 1212 1742 δ’
1242 1692 1403 1746 αὐτὸν
1427 1696 1610 1749 ἐκάλει
1639 1699 1736 1752 καὶ

142 1760 313 1832 χρείᾳ
345 1763 554 1831 ἀγαθὸν
579 1767 707 1822 ὄντα
739 1773 834 1826 καὶ
865 1775 1200 1847 ἀγαϐὀτητος
1231 1784 1414 1853 πηγὴν
1433 1825 1446 1849 ,
1475 1787 1604 1850 τοὺς
1636 1791 1736 1843 οὐκ

140 1855 310 1918 ὄντας
345 1859 444 1928 μὲν
474 1862 662 1927 αὑτοῦ,
696 1867 867 1939 κακίᾳ
892 1869 947 1922 δὲ
979 1877 1266 1941 συμφυεῖς,
1295 1880 1407 1941 τοῖς
1435 1896 1493 1931 τε
1527 1879 1726 1947 ἄλλοις,

138 1947 180 2000 ἃ
236 1951 599 2021 προείρηται,
639 1959 839 2028 τιμᾷν,
887 1961 983 2014 καὶ
1032 1965 1404 2034 πρὸς-ἑαυτὸν
1459 1973 1732 2046 μετακλή-
1761 1946 1804 2000 Β

138 2057 274 2105 τους
307 2046 500 2099 ποιεῖν.
541 2047 676 2102 Οὐδὲ
721 2051 828 2121 γὰρ
873 2053 1071 2108 ἐκεῖνοι
1105 2057 1300 2131 γνώμῃ
1339 2064 1595 2135 παρῆσαν
1628 2085 1726 2120 πο-

139 2132 238 2230 οὲν
259 2173 276 2198 ,
304 2136 428 2230 otes
458 2138 566 2209 γὰρ
603 2140 822 2230 ισχυον,
858 2145 993 2199 ἀλλὰ
1038 2149 1130 2204 τὸν
1179 2153 1278 2221 μὲν
1320 2132 1488 2220 ascite
1512 2158 1569 2221 ιε
1598 2159 1727 2230 ᾅδου

137 2225 441 2292 ἀνασπῶν,
474 2230 565 2284 τὸν
592 2229 648 2284 δὲ
677 2233 743 2286 ἐκ
779 2237 1089 2305 μεταρσίων
1119 2257 1177 2292 τε
1205 2243 1299 2296 καὶ
1333 2244 1540 2317 φθορᾶς
1571 2225 1728 2302 ἐλευο

137 2314 319 2386 θέρων
377 2321 632 2389 μετάγων
689 2328 1101 2397 σκηνωμάτων,
1163 2314 1487 2402 ἐξῳκειοῦτό
1532 2357 1591 2392 τε
1632 2342 1726 2396 καὶ

139 2410 420 2477 συνῆπτεν
477 2413 673 2479 αὐτοὺς
712 2417 913 2488 ἐαυτῷ.
947 2421 1056 2474 Καὶ
1094 2423 1157 2476 ού
1191 2426 1363 2481 ταῦτα
1396 2429 1589 2497 μόνον,
1626 2433 1724 2487 ἀλ-

134 2498 207 2553 λά
229 2515 295 2566 τε
322 2503 421 2553 καὶ
445 2502 473 2554 ό
496 2503 686 2576 Πατὴρ
713 2506 938 2577 ἄνωθεν,
965 2513 1247 2582 παρόντων
1276 2517 1384 2571 τῶν
1403 2519 1720 2591 ἀλλοτρίων,

132 2591 213 2653 ὼς
238 2592 290 2643 οἱ
319 2594 416 2646 τοῦ
439 2595 720 2667 ἀλλοτρίου
750 2602 906 2670 φασὶ,
935 2606 1164 2677 νεφέλην
1188 2609 1365 2676 φωτὸς
1393 2611 1719 2681 διετάννυεν,

133 2683 568 2748 ἑπισκιὰζουσαν
618 2691 832 2756 αὐτούς.
869 2695 978 2748 Καὶ
1012 2699 1196 2767 φωνὴν
1243 2701 1308 2754 ἐκ
1347 2703 1446 2773 τῆς
1492 2706 1722 2778 νεφέλης

131 2768 288 2838 ἀφίει
313 2772 598 2864 λέγουσαν
630 2774 818 2847 Οὗτός
841 2783 1016 2837 ἐστιν
1045 2788 1079 2839 ὁ
1115 2788 1247 2855 Υἱός
1267 2768 1454 2859 μουτό
1492 2768 1722 2864 ripam-1;

131 2860 262 2926 τὸς,
301 2863 373 2915 ἐν
413 2859 462 2932 ᾧ
503 2867 811 2938 εὐδόκησα
895 2878 1085 2932 αὑτοῦ
1135 2881 1403 2939 ἀκούετε.
1445 2885 1585 2949 Τοὺς
1625 2883 1720 2942 οὖν

131 2954 460 3022 τηλικούτου
513 2959 1070 3034 Θεάματοςέπόπτας
1109 2974 1202 3026 καὶ
1235 2975 1445 3045 μύστας
1475 2979 1570 3032 καὶ
1612 2998 1717 3050 μυ-

133 3051 462 3144 σταγωγοὺς
491 3053 598 3123 ἄρα
628 3057 687 3109 οὑ
715 3058 806 3112 διὰ
834 3061 1014 3132 πάσης
1046 3067 1320 3135 προσῆκεν
1349 3069 1502 3138 ἄγειν
1527 3076 1713 3144 τιμῆς,

130 3131 214 3200 οἷς
248 3139 410 3208 λόγος
447 3145 596 3198 ἐστὶν
638 3149 888 3206 ὁπωσοῦν
935 3131 1030 3206 καὶ
1063 3131 1316 3225 πράξεων
1350 3131 1442 3214 καὶ
1482 3131 1716 3234 κρίσεων

129 3227 244 3281 τῶν
283 3233 632 3288 Δεσποτικῷν
654 3254 670 3304 ;

130 3321 332 3390 σοφίας
371 3326 586 3399 πλούτῳ
617 3332 712 3384 καὶ
742 3333 1155 3409 φιλανθρωπίας
1199 3345 1293 3397 καὶ
1334 3347 1588 3416 πράττων
1619 3354 1714 3404 καὶ

131 3416 570 3488 προσδεχόμενος
622 3421 732 3475 τῶν
791 3426 999 3482 παίδων
1047 3432 1157 3494 τοῖς
1216 3431 1440 3504 ὕμνοις,
1493 3438 1585 3503 οὓς
1649 3440 1719 3494 τὰ

129 3505 418 3603 παράδοξα
443 3511 550 3603 τῶν
579 3512 756 3583 ἔργων
785 3519 865 3582 εἰς
890 3520 1169 3592 εὐφημίαν
1191 3526 1359 3580 ἐκίνει
1383 3529 1713 3603 δορυφορού-

130 3612 320 3662 μενος,
355 3600 478 3654 ἐπεὶ
523 3603 633 3657 τῶν
672 3606 944 3663 Ἰουδαίων
975 3614 1006 3682 ἡ
1044 3614 1302 3685 πώρωσις
1346 3622 1438 3673 καὶ
1482 3600 1718 3695 σκληρο-

127 3691 337 3758 καρδία
383 3695 465 3758 είς
491 3696 934 3773 διαγογγυσμοὺς
961 3705 1371 3778 ἐξερριπίζετο,
1415 3714 1514 3768 οὐκ
1550 3691 1714 3771 ἀλλα-

127 3781 291 3852 χόθεν
334 3786 533 3852 αὐτοὺς
569 3793 918 3866 ἐπιπλήττων
964 3799 1307 3870 στηλιτεύει,
1342 3805 1504 3860 πάλιν
1537 3807 1592 3860 δὲ
1624 3809 1716 3862 τὸν

125 3875 422 3968 Δα-υῖτικδν
448 3883 695 3952 χρησμὸν
725 3887 963 3955 ἄφυκτον
997 3891 1238 3963 ἐλέγχων
1269 3896 1381 3968 (55)
1413 3899 1679 3955 ἀνατείνει
1698 3917 1713 3932 ⁸

128 3965 224 4062 xci.
277 3966 349 4062 δι’
386 3969 599 4050 ἐκείνου
651 3977 782 4040 τοὺς
839 3979 939 4049 μὲν
988 3965 1382 4055 καταισχύνει,
1438 3989 1620 4062 ἑαυτῷ
1658 3992 1716 4045 δὲ

125 4057 258 4120 τοὺς
309 4057 515 4128 ὕμνους
566 4065 881 4124 ἐπιϐάλλειν
935 4072 1198 4130 διδάσκει.
1245 4079 1354 4132 Καὶ
1410 4080 1515 4134 ποῦ
1556 4057 1718 4139 τοῦτο

126 4151 334 4215 καλόν;
367 4155 472 4207 ποῦ
497 4156 552 4208 δὲ
583 4158 906 4230 ἁκόλουθονς
940 4165 1148 4221 δίκαιον
1178 4168 1234 4222 δὲ
1266 4169 1384 4235 πῶς
1417 4173 1484 4226 ἂν
1513 4175 1600 4244 εἴη
1626 4177 1716 4229 τὸν

127 4246 555 4311 παραγεγονότα
585 4251 887 4307 καταλῦσαι
922 4255 983 4308 τὸ
1004 4258 1097 4311 τοῦ
1119 4259 1370 4315 διαϐόλου
1400 4264 1622 4335 κράτος,
1648 4267 1716 4320 δι’

126 4333 347 4387 ἐκείνου
396 4337 457 4390 τὸ
501 4339 600 4410 τῆς
647 4342 810 4415 δόξης
862 4347 1104 4418 πρέπον,
1151 4353 1244 4405 καὶ
1294 4353 1394 4426 τὴν
1454 4357 1716 4412 σύστασιν

128 4420 310 4495 ἑαυτῷ
361 4428 606 4499 πορίζειν
639 4434 789 4505 (54);
839 4439 997 4493 τοῦτο
1040 4442 1151 4514 γὰρ
1195 4444 1296 4515 τῆς
1337 4420 1712 4521 διποστατικῆς

129 4521 346 4588 σπορᾶς
372 4521 402 4573 ὁ
445 4527 677 4595 καρπός.
726 4531 834 4583 Καὶ
865 4533 980 4602 ἆμα
1014 4535 1114 4604 μὲν
1156 4537 1492 4610 ἐπιδημῆσαι
1530 4543 1715 4616 πάσης

1847 708 1946 748 ceu
1977 703 2256 752 ostensum
2292 708 2396 762 est,
2432 701 2499 756 iis
2527 703 2766 772 pmlert,
2794 722 2906 759 non
2932 710 3076 777 quod
3110 725 3207 779 per
3244 715 3427 769 omnia

1845 787 2113 842 secundas
2145 800 2328 860 partes
2355 792 2517 847 laturi
2547 805 2755 862 essent,
2811 797 2903 852 sed
2931 800 3076 868 quod
3117 802 3171 855 bi
3207 803 3427 873 quidem

1844 875 2027 930 animo
2076 878 2254 933 adhuc
2287 896 2388 950 per
2459 883 2625 937 vitam
2669 887 2826 955 quasi
2877 887 2932 941 in
2967 890 3104 943 mari
3140 893 3325 963 vagari
3371 904 3448 968 et,

1842 967 2120 1034 ﬂuctibus,
2171 986 2309 1041 quos
2351 973 2606 1031 humana:
2651 993 2740 1032 res
2769 993 2955 1034 secum
2993 979 3198 1049 lerunt,
3227 984 3422 1054 jactari

1843 1059 2024 1114 adhuc
2055 1060 2342 1128 deberent,
2369 1062 2476 1118 illis
2516 1065 2867 1136 tranquillum
2923 1079 3141 1138 portum
3187 1073 3426 1129 tenentie

1843 1150 1964 1205 bus.
2003 1150 2107 1218 Qui
2134 1169 2266 1208 vero
2308 1156 2655 1212 securitatem
2717 1168 2773 1213 et
2805 1170 3022 1229 portum
3058 1163 3302 1216 nomium
3336 1180 3424 1216 as-

1843 1253 2065 1300 secutus
2090 1255 2196 1310 est,
2231 1246 2523 1304 deterioris
2566 1259 2650 1306 est
2673 1253 3005 1308 conditionis
3044 1269 3130 1318 eo,
3171 1255 3262 1324 qui
3309 1255 3420 1324 jam

1841 1345 2134 1406 utrumque
2161 1345 2346 1404 tenet;
2399 1349 2454 1394 et
2493 1341 2651 1411 cujus
2678 1343 2826 1396 salus
2862 1344 3042 1398 adhuc
3073 1347 3281 1400 incerta
3313 1355 3416 1407 est.

1840 1427 1930 1482 illo
1963 1438 2047 1483 cst
2076 1431 2250 1485 multo
2282 1432 2531 1498 inferior,
2578 1436 2667 1503 qui
2701 1450 2820 1488 eam
2851 1435 2963 1504 jam
2995 1437 3221 1493 invenit.
3273 1437 3421 1504 Quos

1837 1540 1969 1579 vero
2014 1535 2163 1580 tanta
2194 1527 2366 1597 gloria
2419 1529 2673 1600 dignatur
2716 1531 2994 1595 Christus,
3039 1532 3152 1602 ipsa
3195 1533 3418 1590 veritas.

1837 1616 1909 1670 ita
1943 1626 2000 1671 ut
2043 1627 2098 1673 et
2139 1619 2371 1689 colloqui
2416 1636 2511 1674 eos
2563 1637 2769 1686 secum,
2816 1634 2870 1677 ct
2901 1624 3126 1693 gloriam
3174 1638 3327 1678 suam
3356 1641 3420 1678 ac

1836 1706 2040 1760 exitum
2082 1709 2377 1778 praedicare
2409 1709 2588 1775 faciat,
2621 1711 2772 1764 eisne
2815 1719 2872 1765 tu
2922 1711 3178 1775 illudere,
3212 1711 3320 1763 imo
3350 1711 3417 1764 ad

1837 1799 2038 1852 malum
2086 1799 2416 1869 principium
2459 1816 2554 1854 eos
2592 1800 2797 1856 referre
2840 1817 2953 1854 non
2984 1801 3233 1856 vereris?
3282 1800 3418 1866 Quis

1833 1905 1965 1943 vero
2000 1906 2124 1944 eum
2153 1898 2208 1945 et
2248 1893 2556 1946 necessario
2587 1893 2790 1946 bonum
2823 1901 2878 1947 et
2907 1892 3166 1946 bonitatis
3207 1892 3415 1946 fontem

1832 1980 2126 2050 appellabit
2157 1983 2248 2050 qui
2288 1997 2400 2036 non
2429 1984 2540 2038 sint
2568 1984 2674 2048 sui,
2707 1983 2798 2037 sed
2832 1985 3014 2054 potius
3035 1983 3161 2038 mali
3195 1973 3412 2045 natura,

1832 2079 1947 2124 tum
1993 2072 2133 2138 aliis,
2173 2089 2314 2143 quos
2357 2074 2630 2137 diximus,
2679 2075 2856 2129 modis
2895 2075 3060 2140 colat,
3106 2083 3220 2128 tum
3251 2076 3319 2129 ad
3354 2091 3415 2129 se

1830 2162 2115 2218 advocet?
2163 2164 2355 2233 Neque
2403 2165 2546 2218 enim
2582 2165 2655 2218 illi
2701 2175 2898 2235 Sponte
2929 2181 3029 2219 sua
3072 2166 3176 2236 ipsi
3214 2173 3416 2234 praisto

1829 2255 2076 2320 fuerunt,
2117 2272 2220 2312 nec
2255 2273 2377 2312 esse
2409 2267 2702 2328 poterant:
2752 2260 2848 2314 sed
2878 2259 3041 2312 alium
3087 2258 3310 2327 quidem
3347 2273 3411 2310 ex

1829 2348 2084 2417 sepulcro
2135 2358 2474 2416 retractum,
2535 2349 2701 2403 alium
2752 2365 2888 2405 vero
2949 2365 3018 2404 ex
3083 2349 3416 2404 habitaculis

1827 2440 2081 2508 supernis
2097 2448 2151 2493 et
2172 2455 2202 2493 a
2229 2441 2583 2511 corruptione
2617 2441 2951 2496 immunibus
2978 2442 3272 2496 deductum
3304 2443 3430 2498 sibi

1824 2530 2121 2586 asciscebat
2150 2532 2266 2600 ipse
2308 2542 2363 2585 et
2403 2533 2682 2603 iungebat.
2717 2533 2902 2602 Neque
2928 2533 3034 2587 hoc
3069 2535 3272 2596 solum,
3310 2534 3410 2587 sed

1824 2631 1879 2674 et
1913 2621 2073 2675 Pater
2107 2623 2224 2690 ipse
2250 2637 2512 2690 superne,
2560 2623 2922 2692 praesentibus
2953 2623 3168 2684 alienis,
3205 2632 3265 2677 ut
3305 2623 3403 2688 illi,
3479 2689 3492 2698 .

1823 2713 1917 2782 qui
1949 2713 2019 2768 ad
2047 2712 2287 2766 alienum
2336 2714 2632 2782 pertinent,
2685 2715 2860 2780 aiunt,
2909 2714 3046 2768 lucis
3076 2715 3280 2768 nubem
3307 2731 3410 2768 ex»-

1822 2805 2013 2874 pandit
2036 2819 2132 2858 eos
2162 2805 2606 2870 obumbrantem,
2639 2817 2695 2861 et
2725 2821 2914 2860 vocem
2952 2821 3016 2860 ex
3040 2806 3188 2860 nube
3217 2804 3406 2860 emisit

1821 2895 2094 2950 dicentem
2121 2914 2133 2949 :
2174 2895 2272 2950 Hic
2296 2904 2371 2949 est
2409 2896 2575 2950 Filius
2604 2915 2746 2952 meus
2777 2897 3017 2960 dilectus,
3039 2899 3096 2951 in
3117 2913 3218 2967 quo
3261 2897 3407 2950 com-

1819 2983 2001 3051 placui
2043 3000 2060 3038 :
2111 3000 2231 3038 eum
2267 2984 2448 3038 audite
2470 2986 2537 3038 “.
2591 2985 2702 3040 Hos
2741 2986 2904 3056 igitur
2938 2986 3074 3040 tanti
3103 2985 3406 3055 spectaculi

1819 3076 2283 3146 contemplatores
2322 3085 2378 3130 et
2419 3083 2620 3148 mystas
2659 3087 2714 3132 et
2752 3078 3007 3132 doctores
3036 3092 3218 3132 nonne
3249 3077 3402 3130 omni

1819 3167 2046 3222 honoris
2075 3183 2276 3238 genere
2341 3168 2595 3238 prosequi
2630 3168 2788 3223 decet
2811 3168 2953 3232 illos,
2982 3169 3074 3237 qui
3103 3169 3188 3222 vel
3233 3168 3405 3222 actio—

730 3239 889 3294 Ἀλλὰ
935 3243 1044 3314 γὰρ
1089 3248 1118 3299 ὁ
1161 3248 1351 3321 Σωτὴρ
1397 3254 1488 3306 καὶ
1537 3256 1718 3309 πάντα

1829 3275 1957 3313 num
1976 3260 2059 3313 vel
2080 3259 2413 3329 judiciorum
2435 3259 2644 3314 Domini
2675 3260 2840 3314 ullam
2869 3261 3074 3314 habent
3095 3260 3406 3314 rationem?

1827 3358 1939 3411 lmo
2001 3366 2057 3410 et
2105 3355 2387 3422 servator,
2447 3357 2540 3427 qui
2583 3357 2767 3412 omnia
2825 3371 2924 3427 pro
2963 3355 3249 3425 sapientia:
3293 3370 3407 3408 sua:

1825 3447 2138 3515 amorisque
2167 3447 2221 3500 in
2259 3446 2512 3502 homines
2543 3448 2751 3502 divitiis
2783 3448 2911 3518 agit,
2949 3455 3002 3500 et
3028 3447 3244 3515 recipit,
3280 3461 3406 3499 cum

1825 3538 2096 3594 infantum
2115 3539 2352 3610 hymnis,
2399 3555 2537 3610 quos
2567 3540 2812 3595 miranda
2846 3555 2944 3594 sua
2977 3554 3142 3608 opera
3189 3539 3257 3591 ad
3288 3538 3406 3590 lau—

1823 3630 1946 3684 dem
1978 3630 2882 3700 permoverant,eil'erretur,atque
2912 3629 3019 3683 hoc
3051 3629 3170 3697 ipso
3193 3627 3404 3682 Judaeis

1825 3721 2061 3776 indurati
2090 3720 2447 3792 difﬁcilesque
2489 3721 2656 3777 corde
2690 3722 2759 3776 ad
2788 3737 3071 3776 murmura
3104 3720 3402 3790 compelle-

1824 3821 2038 3874 rentur,
2079 3827 2191 3867 non
2219 3813 2442 3867 aliunde
2475 3828 2571 3868 eos
2607 3813 2923 3882 obiurgatus
2957 3811 3274 3879 compescit.
3305 3811 3403 3864 sed

1824 3903 2023 3958 iterum
2055 3904 2337 3958 oraculum
2385 3903 2702 3959 Davidicum
2743 3903 2914 3956 instar
2951 3902 3255 3972 argumenti
3292 3917 3413 3954 nan

1821 3993 2078 4049 eludendi
2133 3994 2412 4058 immittit,
2462 4008 2636 4064 eoque
2664 3993 2784 4047 illos
2830 3992 3047 4061 quidem
3093 3991 3400 4051 confundit,

1823 4087 2064 4156 seipsum
2097 4101 2231 4140 vero
2269 4086 2523 4156 laudibus
2553 4086 2808 4157 prosequi
2848 4086 3027 4140 docet.
3086 4083 3242 4137 Unde
3269 4099 3404 4137 vero

1824 4176 1928 4232 hoc
1957 4176 2161 4230 bonum
2185 4175 2467 4229 nascitur?
2511 4175 2605 4245 qui
2634 4175 2762 4229 item
2793 4175 3130 4229 conveniens
3161 4183 3262 4236 est,
3293 4173 3410 4226 into.

1821 4267 2095 4336 quomodo
2117 4266 2326 4335 justum
2346 4281 2677 4336 aequumque
2703 4274 2842 4330 erat,
2872 4273 2934 4319 ut
2962 4264 3009 4319 is
3029 4264 3121 4332 qui
3156 4263 3306 4318 venit
3347 4271 3404 4316 ut

1822 4356 2058 4410 solveret
2081 4363 2407 4426 potestatem
2435 4355 2658 4421 diaboli,
2685 4371 2784 4426 per
2813 4355 2988 4424 ipsum
3027 4354 3178 4408 illum
3217 4353 3408 4425 gloria:

1823 4457 2032 4519 partem
2079 4458 2136 4505 et
2164 4449 2452 4504 materiam
2495 4449 2598 4504 sibi
2638 4459 2855 4520 pararet
2905 4448 3020 4518 (hic
3057 4449 3204 4503 enim
3237 4463 3406 4518 aposs

1823 4541 1997 4597 taticae
2045 4541 2273 4596 sationis
2303 4541 2517 4597 fructus
2547 4543 2677 4613 est),
2722 4551 2778 4596 et
2807 4541 2998 4597 eadem
3027 4556 3191 4610 opera
3221 4541 3400 4594 eﬂice-

129 4616 372 4678 πίστεως
415 4615 620 4688 ἄπορον
663 4623 754 4675 τὸν
787 4625 980 4696 ἐχθρὸν
1009 4631 1182 4683 ποιεῖν
1203 4671 1219 4694 ,
1254 4632 1372 4702 ἅμα
1399 4634 1457 4688 δὲ
1481 4636 1582 4700 τὰς
1615 4615 1713 4706 με-

1829 4642 1921 4699 ret,
1954 4642 2014 4688 ut
2047 4641 2103 4688 et
2150 4633 2344 4700 hostis,
2393 4633 2572 4690 omnis
2610 4634 2737 4689 ﬁdei
2778 4649 3002 4698 vacuus,
3043 4634 3317 4695 adveniat,
3345 4643 3403 4686 et

127 4703 324 4770 γὶστας
354 4707 502 4778 αὐτῷ
531 4711 815 4781 προξενεῖν
842 4718 936 4770 καὶ
955 4718 1238 4775 λανθάνειν
1255 4725 1446 4778 ἑαυτὸν
1468 4727 1720 4782 ἀντισυν-

131 4797 370 4850 ιστῶντα
394 4801 490 4852 καὶ
514 4803 870 4874 κρατύνοντα,
896 4803 956 4862 οὗ
991 4812 1051 4865 τὸ
1080 4814 1281 4881 κράτος
1309 4811 1444 4888 ἦκεν
1472 4820 1713 4889 ἀφελεῖν.

127 4881 223 4943 Οἷς
258 4887 373 4957 γὰρ
392 4889 459 4943 ἄν
493 4909 579 4956 τις
623 4893 710 4948 διὰ
749 4897 860 4951 τῶν
893 4901 987 4954 τοῦ
1033 4901 1270 4972 ψεύστου
1313 4881 1574 4977 ῥημάτων
1616 4912 1715 4983 τὴν

127 4979 389 5049 ἀλήθειαν
437 4986 728 5052 σπουδάζει
762 4989 933 5056 δεῖξαι
993 4996 1275 5066 παροῦσαν
1307 4999 1485 5070 ἐαυτῷ
1530 4979 1713 5056 καὶτὸ

196 5120 244 5151 ’⁸
269 5120 466 5176 Matth.
495 5140 630 5183 xvu,
661 5127 713 5180 5.

1817 4729 2060 4798 potiores
2089 4729 2190 4799 ipsi
2215 4737 2398 4800 partes
2425 4730 2720 4800 relinquat.
2751 4731 3091 4799 nesciatque,
3155 4729 3396 4796 seipsum

1815 4835 1942 4876 eum
1970 4821 2164 4892 juvare
2204 4829 2259 4876 et
2294 4822 2676 4886 corroborare,
2726 4823 2813 4877 cui
2848 4822 3011 4877 robur
3035 4821 3397 4888 adempturus

1813 4913 2080 4968 venerat?
2119 4913 2381 4983 Quisquis
2422 4915 2569 4970 enim
2612 4930 2709 4986 per
2735 4917 2901 4970 verba
2936 4915 3221 4970 mendacis
3253 4912 3398 4967 vei-i-

1816 5013 1978 5061 tatem
2004 5005 2382 5063 demonsuare
2412 5015 2660 5071 conatur,
2693 5022 2855 5078 quam
2887 5006 3002 5077 ipse
3034 5005 3218 5072 habet,
3257 5015 3314 5060 et
3343 5005 3402 5062 id

1223 5286 1456 5342 VARIIE
1499 5289 1887 5348 LECTIONES
1918 5294 2005 5348 ΕΤ
2043 5294 2276 5351 NOTAE.

199 5413 312 5483 (52)
374 5418 674 5498 Αειπιετιῖιιἶ
702 5421 922 5498 _De_e_sse
953 5423 1045 5498 hi_c
1082 5429 1330 5498 quaedam
1362 5442 1473 5480 non
1516 5438 1712 5498 prarlcr

132 5485 549 5567 rein-suspicari
583 5491 716 5567 mihi
756 5492 966 5567 videor.
997 5485 1240 5567 Duobus,
1286 5496 1330 5551 si
1359 5499 1489 5567 quid
1517 5485 1703 5564 'video,

127 5555 409 5639 similibus.
430 5572 562 5610 usus
601 5559 690 5614 hic
738 5570 823 5639 est
853 5561 1082 5639 Photius
1116 5584 1129 5618 :
1157 5555 1333 5639 altero
1377 5555 1409 5621 ᾖ
1450 5555 1709 5639 navigan;

128 5625 314 5691 tibus,
362 5627 535 5680 altero
574 5642 604 5681 a
635 5629 1006 5706 __portit_0ribus
1060 5635 1248 5706 petito.
1290 5635 1530 5706 Utraque
1577 5625 1708 5692 vero

127 5705 412 5774 comparat
454 5712 578 5774 cum
632 5699 699 5754 iis
743 5701 919 5774 quiet
979 5699 1324 5774 navigatione
1375 5699 1616 5762 del‘uncti
1655 5718 1706 5764 ct

126 5781 297 5821 onere
325 5766 535 5840 liberati
563 5779 712 5840 sunt.
744 5766 814 5824 Ᾱι
839 5766 1315 5840 ροδιθγὶιιζεὶιιιίιο
1336 5777 1502 5832 dictio
1529 5778 1708 5832 hiulca

131 5852 240 5889 non
279 5838 414 5890 satis
444 5839 723 5906 exprimit.
759 5838 982 5902 lnt'critn
1030 5844 1310 5914 scriptoris
1349 5857 1586 5904 tuentem
1623 5865 1709 5903 mc

131 5916 262 5972 puto
291 5917 619 5963 assecutum.

1893 5432 2002 5508 (55)
2039 5433 2348 5508 Ἀφυκτον
2394 5436 2676 5508 ἐλέγχων.
2715 5436 3027 5508 Legeudum
3057 5447 3208 5508 puto,
3252 5443 3416 5508 quod”

1817 5507 1873 5554 ct
1901 5502 1954 5554 in
1983 5502 2818 5577 versioneexpressi,'dcpuxtov'
2834 5502 3078 5577 ἔλεγχον,
3109 5519 3168 5562 ιιι
3191 5502 3398 5564 scilicet

1816 5572 2066 5642 χρησμὸς
2118 5574 2209 5628 ille
2241 5572 2528 5648 pavidicus
2568 5572 2664 5645 pro
2699 5572 3019 5648 argumento
3076 5579 3280 5633 invicto
3328 5581 3396 5633 ad

1816 5652 2062 5697 errantes
2095 5645 2500 5700 convincendos
2528 5645 2811 5702 habeatur.

1891 5711 2002 5780 (5i)
2035 5713 2322 5790 Πορίζξεινςἶ
2367 5715 2478 5771 Hoc
2511 5717 2765 5772 substitui
2806 5734 2904 5788 pro
2940 5719 3155 5790 πορίζει
3190 5716 3394 5771 codicis

1819 5797 1980 5861 unum
2013 5787 2240 5861 exarati.
2279 5784 2465 5857 Neque
2495 5790 2643 5845 cnim
2691 5791 2742 5845 id
2766 5784 2920 5861 iungi
2949 5784 3128 5860 potest
3171 5795 3394 5845 antece-

1816 5851 1965 5904 denti
1997 5854 2317 5910 καταλῦσαι.
