4022 6416
587 432 693 496 243
1724 434 1987 497 ΡΗΟἸἯ
2026 429 2193 493 ΡΑΤΙ

2293 430 2537 491 ιΙῖΟῐΙίΕ
2573 431 2683 495 CP.
3758 432 3855 494 2H

591 546 731 615 quod
762 543 1049 599 delinitmn
1069 554 1205 602 erat.
1232 545 1357 599 inde
1382 546 1700 615 producere,
1739 546 1785 599 is
1814 561 1962 600 eum.
2001 558 2163 612 quem

2293 540 2485 610 ιρισθὲν
2520 542 2801 613 προελθεῖν
2822 560 2835 573 ·
2868 535 3044 609 οὗτος,
3082 543 3141 598 ὃν
3176 544 3234 598 τὸ
3276 544 3470 615 ψεῦδος
3505 545 3664 617 ἔσχεν
3695 548 3860 619 ἀρχηο

592 636 932 690 mendacium
986 636 1179 690 ducem
1241 636 1496 697 habebat,
1578 636 1821 691 veritatis
1886 645 2168 688 auctorem

2293 635 2395 701 γὺν,
2436 635 2695 706 ἀληθείας
2722 637 2935 699 δεικνὺς
2986 637 3222 707 χορηγὸν
3266 638 3369 707 τῆς
3407 639 3639 709 ἐνούσης
3688 639 3860 702 αἰτίας

592 729 799 784 faciens
849 745 877 783 a
934 730 1164 783 crimine
1218 730 1367 783 omni
1420 730 1673 783 absolvit.
1730 728 1918 797 Neque
1978 726 2170 797 magis,

2293 725 2527 779 Ξιπολύει.
2585 729 2696 781 Καὶ
2743 728 2898 781 οὐδὲν
2952 727 3177 799 μᾶλλον,
3221 727 3338 782 ἀλλ’
3372 729 3531 792 ¹ιῖλεως
3572 729 3661 799 είη
3700 730 3859 791 Θεόςῖ

593 821 737 887 quod
779 832 960 875 tamen
1000 822 1481 891 Deusprohibeat!
1510 838 1567 877 se
1596 822 1771 892 ipsum
1802 822 2098 875 immunem
2142 834 2171 872 a

2293 818 2575 872 ἀνεύθυνον
2614 819 2985 873 ἐπιδείκνυσιν
3014 820 3206 873 ἑαυτὸν
3234 819 3345 873 τῶν
3382 820 3729 889 αἰτημάτων
3761 820 3864 873 τῶν

593 914 1072 968 criminationibus
1126 915 1437 969 Iudaeorum
1494 932 1616 970 esse
1677 915 1939 979 ostendit,
2006 928 2171 983 quam

2296 912 2623 979 Ἰουδαϊκῶν,
2653 913 2685 983 ἢ
2718 912 2831 977 τὸν,
2871 912 2937 966 δι’
2975 905 3037 965 οὗ
3069 912 3241 966 ταῦτα
3275 912 3742 976 ἀποσκευάζεται.
3772 912 3865 981 τῆς

595 1002 769 1067 illum,
816 1005 969 1074 cujus
1015 1020 1117 1073 ope
1160 1008 1259 1060 ista
1289 1006 1572 1070 amolitur,
1618 1022 1649 1059 a
1679 1004 1974 1069 mendacii,
2011 1004 2174 1071 cujus

2293 1005 2377 1058 τοῦ
2406 1006 2656 1076 ψεύδους,
2683 1000 2745 1061 οὗ
2777 1008 3011 1078 χορηγός
3038 1010 3206 1073 ἐστιν,
3236 1008 3448 1077 ὲνοχῆς.
3479 1007 3625 1075 Ἀρα
3657 1006 3761 1058 οὐκ
3790 1007 3862 1067 είς

596 1106 791 1150 auctor
830 1106 934 1162 est,
966 1097 1123 1166 culpa
1165 1097 1383 1153 liberat.
1432 1098 1620 1167 Itaque
1659 1096 1988 1153 defectionis
2022 1112 2177 1150 amor

2293 1099 2449 1151 καλὸν
2478 1100 2605 1169 ὑμῖν
2625 1101 2655 1152 ὁ
2677 1099 2776 1167 τῆς
2802 1099 3142 1161 ἀποστασίας
3170 1099 3311 1169 ἔρως
3330 1098 3582 1167 τελευτᾷ,
3611 1096 3867 1166 ἀληθείας

595 1185 755 1239 vobis
777 1195 925 1241 certe
956 1202 1067 1240 non
1096 1188 1273 1258 vergit
1303 1188 1356 1240 iu
1385 1188 1757 1253 commodum,
1784 1188 2002 1257 quando
2032 1187 2179 1241 veri-

2293 1193 2386 1261 μὲν
2419 1191 2711 1259 κηρύττειν
2736 1192 2829 1243 τὸν
2866 1189 3083 1260 Πατέρα
3111 1188 3205 1242 τοῦ
3244 1188 3479 1259 ψεύδους
3510 1189 3864 1260 δημιουργὸν,

594 1276 725 1331 tatis
776 1278 989 1332 Patrem
1046 1278 1351 1348 praedicatis
1392 1294 1513 1333 esse
1554 1279 1823 1333 mendacii
1870 1288 2176 1343 auctorem,

597 1367 667 1421 ab
738 1366 845 1422 hoc
912 1378 1097 1423 autem
1153 1371 1444 1425 veritatem
1516 1370 1931 1425 substantialem
1985 1386 2178 1425 verum

597 1468 789 1513 mutuo
837 1460 1160 1529 sumpsisse,
1214 1470 1270 1516 et
1302 1462 1516 1531 aequali,
1540 1479 1611 1517 ne
1636 1464 1812 1517 dicam
1841 1462 2059 1532 majori,
2091 1478 2177 1527 ea,

598 1564 719 1618 qua:
754 1561 1037 1607 mutuatus
1068 1563 1181 1617 est,
1206 1555 1385 1609 studio
1417 1555 1734 1625 excipienda
1763 1556 1966 1610 dicitis.

674 1644 913 1701 XXVIII.
949 1649 1062 1718 Age
1091 1664 1244 1712 vero,
1295 1649 1461 1703 etiam
1493 1664 1590 1719 per
1613 1649 1902 1719 parabolas
1933 1664 2042 1703 non
2075 1664 2182 1715 pa-

600 1739 862 1805 rabolice,
925 1741 1020 1795 sed
1051 1741 1238 1807 clare,
1286 1740 1482 1812 dogma
1540 1742 1832 1812 impiorum
1889 1742 2181 1811 disjectum

601 1830 908 1888 videamus.
967 1834 1122 1899 Quod
1177 1834 1321 1889 enim
1386 1834 1647 1889 Servator
1711 1834 2039 1899 advenerit,
2124 1841 2184 1887 ut

2284 1281 2345 1346 ὲξ
2364 1281 2529 1335 αὐτοῦ
2550 1281 2607 1335 δὲ
2632 1282 3065 1346 κατασκευάζειν
3091 1284 3189 1352 τὴν
3214 1281 3581 1334 ὲνυπόστατον
3609 1280 3867 1351 ἀλήθειαν

2284 1372 2626 1437 δανείζεσθαι
2676 1373 2737 1425 τὸ
2769 1372 2997 1442 ἀληθὲς.
3050 1374 3143 1426 καὶ¹
3176 1366 3258 1435 οἷς
3292 1371 3635 1435 δανείζεται,
3671 1372 3765 1425 ἶνα
3798 1372 3865 1441 μὴ

2286 1465 2430 1534 λέγω
2501 1465 2745 1535 μείζοσι,
2800 1468 2923 1530 ταῖς
2962 1466 3106 1530 τσαις
3145 1466 3389 1535 ὀφείλειν
3444 1462 3869 1528 ἀντιδεξιοῦεθαι

2286 1558 2494 1627 τιμαῖς.

2362 1649 2491 1707 κδ’.
2520 1650 2657 1721 Φέρε
2692 1649 2757 1721 δὴ
2790 1650 2883 1703 καὶ
2916 1649 3006 1703 διά
3034 1649 3142 1702 τῶν
3173 1648 3503 1721 παραϐολῶν
3533 1649 3635 1703 οὐκ
3667 1648 3732 1701 ἐν
3766 1664 3868 1700 πα-

2294 1743 2569 1815 ραϐολαῖς,
2606 1743 2720 1795 ἀλλ’
2760 1742 3021 1812 ἐμφανῶς
3052 1743 3252 1811 ἴδωμεν
3283 1742 3345 1795 τὸ
3382 1742 3561 1811 δόγμα
3609 1740 3874 1794 καταλυό-

2296 1853 2455 1906 μενον
2498 1836 2607 1889 τῶν
2653 1836 2886 1889 ἀσεϐῶν.
2942 1837 3067 1889 Ὀτι
3113 1835 3214 1905 μὲν
3268 1835 3376 1905 γὰρ
3435 1833 3811 1901 καταγέγονεν
3845 1834 3874 1885 ὁ

602 1934 813 1993 quaerat
833 1934 889 1979 et
909 1934 1091 1980 servet
1122 1926 1174 1980 id
1200 1926 1341 1996 quod
1377 1926 1654 1996 perditum
1679 1927 1885 1992 erat",
1907 1942 1937 1980 a
1961 1925 2181 1980 nemine

2293 1928 2484 1999 Σωτὴρ
2540 1929 2773 1999 ζητῆσαι
2839 1930 2934 1982 καὶ
2988 1927 3161 1981 σῶσαι
3214 1928 3275 1979 τὸ
3328 1926 3641 1992 ἀπολωλὸς,
3703 1925 3875 1978 οὐδενὶ

604 2016 715 2072 huc
749 2017 879 2072 dum
924 2017 979 2073 in
1028 2018 1255 2073 dubium
1289 2029 1545 2075 vocatum
1596 2028 1702 2074 est.
1744 2017 1799 2072 Si
1848 2034 1979 2075 vero
2024 2033 2185 2073 ovem

601 2124 731 2165 vere
765 2110 1032 2180 perditam
1062 2111 1131 2165 ab
1163 2111 1386 2166 interitu
1432 2110 1604 2165 voluit
1651 2111 1903 2175 liberare,
1939 2120 1994 2165 et
2032 2112 2099 2165 ad
2129 2126 2188 2166 se

603 2202 892 2269 reducere,
921 2213 977 2259 et
1008 2204 1073 2258 ad
1103 2204 1331 2258 salutem
1374 2220 1648 2269 revocare,
1678 2221 1787 2259 non
1822 2205 2036 2260 ditIicile
2067 2204 2189 2261 fue-

602 2293 678 2349 rit
706 2295 1015 2365 perspicere
1056 2297 1203 2365 quod
1230 2278 1487 2366 parabola
1518 2296 1678 2353 docet
1720 2298 2015 2351 humanam
2055 2296 2188 2351 sub-

604 2388 860 2443 stantiam
911 2405 1108 2443 manus
1147 2390 1407 2445 beneﬁca:
1452 2406 1591 2461 Opus
1639 2390 1923 2446 exsistere.
1951 2390 2189 2446 Omnino

604 2481 752 2535 enim
800 2482 918 2537 ovis
968 2482 1249 2553 deperdita
1299 2483 1534 2553 primum
1570 2483 1781 2538 ecaula
1829 2498 2018 2538 earum
2065 2482 2188 2549 fuit,

546 2642 551 2645 _
604 2587 726 2641 qua!
758 2582 988 2628 servata:
1018 2581 1164 2637 sunt,
1204 2572 1404 2628 deinde
1434 2589 1564 2629 vero
1597 2589 1626 2628 a
1659 2589 1820 2645 grege
1856 2573 2107 2628 resiliens
2136 2573 2191 2627 in

604 2666 749 2720 viam
777 2666 845 2721 ad
875 2667 1102 2721 exitium
1128 2667 1443 2723 declinavit.
1473 2666 1629 2732 Quod
1668 2667 1815 2721 enim
1846 2666 1914 2721 ab
1949 2666 2108 2720 initio
2135 2665 2193 2719 in

603 2758 850 2829 pernicie
883 2768 1071 2812 natum
1109 2759 1229 2824 fuit,
1274 2775 1343 2813 ne
1381 2767 1634 2813 naturam
1681 2758 1901 2828 quidem
1947 2757 2015 2813 ad
2046 2758 2194 2811 salu-

603 2854 723 2899 tem
752 2846 1057 2901 revertendi
1087 2848 1270 2910 habet,
1296 2848 1381 2902 vel
1412 2848 1593 2918 potius
1621 2848 1820 2903 reverti
1851 2864 1961 2903 non
1991 2857 2190 2917 potest,

606 2947 703 2993 aut
730 2938 958 2993 servari.
992 2937 1105 2994 lmo
1150 2955 1252 2995 nec
1281 2956 1381 2995 usu
1417 2940 1520 3011 ipsi
1556 2942 1747 2997 venire
1776 2942 1955 3012 potuit
1986 2942 2189 3013 perire,

608 3029 876 3100 siquidem
919 3045 1047 3085 cum
1095 3032 1216 3101 ipso
1264 3040 1389 3085 ortu
1418 3048 1484 3087 ex
1525 3034 1667 3088 malo
1700 3034 1950 3104 provenit
1984 3033 2192 3104 princi-

604 3118 721 3189 pio,
750 3134 855 3173 nec
887 3136 1125 3189 unquam
1154 3121 1281 3176 boni
1304 3131 1361 3176 et
1382 3122 1571 3178 salutis
1592 3124 1863 3195 particeps
1881 3125 2058 3180 visum
2086 3134 2188 3181 est.

606 3206 781 3313 (iuius
826 3209 1205 3313 enim-aliquis
1246 3228 1530 3283 nunquam
1577 3214 1701 3282 fuit,
1745 3218 2018 3286 quomodo
2062 3217 2187 3273 inde
2218 3252 2262 3313 Ο

608 3298 717 3353 dici
754 3310 932 3369 potest
962 3302 1239 3373 delapsus,
1272 3314 1327 3360 et
1352 3306 1443 3375 qui
1485 3306 1674 3362 salutis
1704 3308 1756 3362 in
1784 3319 1908 3363 ortu
1935 3310 2055 3379 ipso
2080 3326 2192 3365 non

612 3388 716 3445 linit
757 3392 1046 3463 particeps,
1100 3396 1371 3464 quomodo
1407 3398 1474 3452 ad
1510 3400 1737 3453 exitium
1778 3402 2065 3470 pervenire
2099 3411 2195 3457 aut

610 3483 841 3554 periisse
866 3485 972 3540 dici
1000 3488 1219 3557 potest?
1253 3486 1361 3544 Sed
1400 3498 1456 3545 et
1490 3491 1753 3549 Dominus
1791 3502 1981 3549 noster
2013 3494 2215 3549 homi-r

607 3593 741 3633 num
773 3580 1203 3646 amantissimus,
1232 3584 1479 3639 veritatis
1513 3585 1705 3640 doctor
1735 3596 1789 3640 ct
1821 3597 2031 3649 auctor.
2068 3604 2191 3643 cum

607 3670 881 3740 deperditi
917 3674 1255 3729 mentionem
1295 3677 1597 3745 sepissime
1644 3679 1870 3742 faceret,
1913 3696 2192 3750 nunquam

607 3772 792 3818 tamen
836 3766 1160 3834 pravitatem
1217 3778 1471 3838 tauquam
1502 3785 1626 3824 eum
1658 3772 1852 3826 eodem
1893 3774 2191 3837 conditam,

607 3866 703 3913 aut
752 3860 1051 3927 perniciem
1106 3861 1193 3915 vel
1241 3862 1455 3916 eruimus
1505 3876 1944 3922 commemorat:
1978 3882 2195 3937 semper

607 3962 741 4002 vero
778 3949 1122 4003 occasionem
1171 3951 1304 4006 facit
1333 3953 1630 4022 cogitandi,
1658 3956 1803 4024 quod
1839 3957 1969 4011 illud
2001 3960 2191 4028 postli-

608 4037 782 4091 minio
810 4038 879 4091 ab
903 4038 1095 4093 ordine
1142 4040 1373 4109 pristino
1412 4057 1668 4112 nexuque
1714 4053 1769 4099 et
1806 4050 2194 4106 communione

608 4145 735 4185 eum
788 4130 1004 4185 caeteris
1047 4131 1382 4202 disiunctum
1435 4134 1490 4187 in
1534 4138 1834 4205 perniciem
1888 4138 2191 4198 devenerit.

609 4222 701 4278 Ait
744 4224 891 4279 enim
928 4243 942 4278 :
971 4225 1110 4290 Quid
1137 4227 1279 4280 vobis
1308 4229 1533 4293 videtur,
1567 4231 1613 4283 si
1646 4232 1733 4284 cui
1764 4233 1965 4287 homini
1994 4236 2193 4304 fuerint

609 4324 818 4370 centum
864 4334 980 4371 oves
1010 4319 1077 4371 ³⁸.
1114 4320 1254 4373 Erice
1283 4334 1414 4375 oves
1454 4321 1557 4376 illa:
1596 4333 1816 4379 centum
1868 4336 1996 4381 sunt
2048 4338 2192 4384 totus

610 4423 742 4478 grex
768 4410 1009 4463 nondum
1039 4426 1232 4465 errans
1259 4431 1271 4466 :
1297 4414 1443 4466 nulla
1474 4429 1661 4469 earum
1692 4425 1821 4471 tunc
1847 4420 1929 4473 vel
1948 4421 2190 4486 errabat,

608 4500 696 4554 vel
732 4502 943 4570 perdita
988 4511 1125 4557 erat.
1160 4501 1214 4557 Si
1248 4513 1435 4572 postea
1464 4505 1549 4560 vel
1597 4522 1705 4562 una
1736 4524 1803 4563 ex
1834 4509 1942 4565 illis
1968 4526 1997 4565 a
2028 4528 2190 4583 grege

606 4592 962 4660 aberraverit,
994 4609 1025 4648 a
1056 4595 1223 4649 salvis
1255 4595 1344 4650 illa
1373 4612 1432 4651 se
1475 4609 1712 4668 separat,
1745 4616 1777 4655 a
1802 4616 1910 4655 non
1951 4604 2188 4657 errauti-
2216 4584 2269 4644 D

605 4684 711 4741 bus
740 4685 979 4752 aberrat,
1011 4701 1074 4741 ex
1103 4687 1229 4742 ovili
1263 4691 1488 4745 recedit.
1514 4691 1805 4761 Propterea
1828 4705 1882 4749 et
1904 4695 2189 4750 hominum

606 4778 1015 4833 amantissimus
1052 4778 1194 4833 illam
1228 4779 1389 4835 citius
1418 4782 1634 4852 quaerit,
1667 4792 1721 4838 et
1758 4795 2030 4855 repertam
2065 4788 2191 4842 reli-

606 4870 731 4939 quis
766 4886 875 4924 nou
909 4870 1086 4925 deviis
1119 4882 1470 4935 annumerat,
1504 4884 1560 4930 et
1593 4875 1661 4930 de
1694 4886 1943 4946 reparata
1979 4880 2190 4948 jactura

607 4959 829 5030 gaudet,
856 4968 915 5014 et
939 4960 1147 5015 amicos
1178 4961 1282 5015 sibi
1317 4963 1542 5033 angelos
1575 4963 1627 5017 in
1664 4965 1981 5021 societatem
2011 4969 2189 5039 gaudii

608 5051 811 5131 excitat
838 5053 903 5117 ’³,
936 5052 1063 5121 quia
1108 5067 1267 5106 ovem
1308 5053 1375 5107 ab
1419 5055 1610 5109 ordine
1640 5066 1695 5111 et
1724 5058 1888 5127 gloria
1942 5060 2186 5129 ipsarum

611 5152 737 5197 ante
776 5154 1084 5212 separatam
1113 5144 1181 5198 ad
1214 5160 1389 5209 suam,
1426 5163 1531 5216 qua
1568 5149 1669 5219 ipsi
1697 5152 2027 5221 gaudebant,
2070 5154 2189 5209 feli-

2293 2020 2459 2091 μέχρι
2504 2019 2599 2074 νῦν
2638 2022 2717 2083 είς
2753 2020 3051 2091 δισταγμὸν
3085 2022 3477 2092 περιέστηκεν
3512 2022 3560 2073 εί
3594 2019 3654 2073 δὲ
3692 2020 3757 2071 τὸ
3804 2018 3873 2079 ὡς

2288 2112 2504 2184 ἀληθῶς
2538 2112 2817 2176 ἀπολωλὸς
2849 2113 3121 2185 πρόϐατον
3158 2114 3259 2184 τῆς
3291 2112 3569 2175 ἀπωλείας
3608 2110 3875 2181 ἡθῦλησεν

2290 2206 2702 2269 ἀνασώσασθαι,
2731 2206 2825 2259 καὶ
2874 2207 2955 2269 είς
3006 2205 3201 2260 ἑαυτὸν
3227 2204 3573 2275 ἐπιστρέψαι,
3611 2204 3709 2255 καὶ
3745 2204 3873 2271 πρὸς

2292 2300 2567 2372 σωτηρίαν
2614 2298 3078 2363 ἀνακαλέσασθαι,
3117 2299 3271 2352 οὐδὲν
3318 2298 3558 2370 ἐργῶδες
3617 2296 3870 2357 συνιδεῖν,

2288 2392 2364 2455 ὡς
2405 2393 2580 2463 ἀρχῆς
2606 2393 2665 2446 τὸ
2703 2394 3046 2465 ἀνθρώπινον
3074 2392 3358 2463 σύγκριμα
3397 2392 3495 2459 τῆς
3523 2386 3871 2457 ἀγαθουργοῦ

2292 2480 2552 2550 παλάμης
2596 2480 2759 2551 ἔργον
2812 2481 3117 2535 ἐκδιδάσκει
3174 2483 3209 2552 ἠ
3268 2479 3580 2551 παραϐολή.
3648 2479 3872 2538 Παντως

2291 2573 2399 2643 γάρ
2420 2573 2482 2626 τὸ
2505 2573 2783 2637 ἀπολωλὸς
2804 2573 3075 2644 πρόϐατον
3087 2575 3188 2644 τῆς
3210 2572 3453 2644 μάνδρας
3470 2571 3743 2642 πρότερον
3769 2568 3875 2621 τῶν

2295 2664 2655 2733 σεσωσμένων
2682 2665 2926 2733 γεγονὸς,
2974 2662 3201 2732 ὕστερον
3235 2662 3293 2715 δὲ
3342 2662 3441 2730 τῆς
3480 2661 3690 2731 ἀγέλης
3746 2660 3875 2713 ἀπο·

2296 2758 2598 2827 σκιρτῆσαν
2652 2757 2765 2827 (55)
2802 2758 2882 2820 εἰς
2926 2756 3024 2826 τὴν
3054 2757 3154 2827 τῆς
3183 2755 3463 2817 ἀπωλείας
3511 2752 3872 2823 ἀπεπλανήθη

2292 2849 2431 2903 ὁδόν.
2463 2848 2536 2901 Τὸ
2566 2848 2667 2918 μὲν
2704 2848 2814 2919 γάρ
2848 2848 2944 2902 ἀπ’
2983 2849 3160 2919 ἀρχῆς
3189 2847 3256 2900 δι’
3283 2846 3558 2910 ἀπωλείας
3581 2844 3722 2915 φυὲν
3769 2842 3873 2897 οὐδ’

2294 2942 2405 3011 ἔχει
2456 2944 2620 3009 φύσιν
2660 2942 2797 3011 πρὸς
2835 2941 2930 3013 τὴν
2964 2942 3241 3010 σωτηρίαν
3284 2940 3628 3005 ἐπανελθεῖν,
3674 2937 3875 3009 μᾶλλον

2292 3032 2347 3084 δὲ
2373 3032 2483 3086 οὐδ’
2513 3032 2649 3094 ὅλως
2681 3033 2790 3102 (56)
2830 3033 2977 3085 ἐστὶν
3020 3032 3173 3101 αὐτῷ
3206 3033 3267 3086 τὸ
3296 3031 3639 3095 ἐπανελθεῖν,
3664 3031 3788 3084 οὐδὲ
3818 3030 3876 3081 τὸ

2293 3125 2665 3195 ἀνασωθῆναι.
2715 3124 2857 3178 Ἀλλ’
2892 3124 3002 3178 οὐδ’
3031 3124 3267 3195 ἐπῆλθεν
3297 3123 3451 3192 αὐτῷ
3486 3125 3549 3176 τὸ
3596 3123 3875 3176 ἀπολωλέο

2293 3234 2404 3278 ναι,
2435 3218 2594 3287 εἴπερ
2639 3216 2704 3269 ἐκ
2749 3215 2994 3286 χείρονος
3032 3215 3130 3286 μὲν
3148 3215 3263 3285 ἀμα
3292 3213 3371 3285 τῷ
3401 3213 3566 3284 φῦναι
3608 3213 3877 3283 προῆλθεν

2299 3306 2495 3376 ἀρχῆς,
2524 3307 2780 3361 οὐδέποτε
2821 3307 2878 3360 δὲ
2915 3307 3012 3377 τῆς
3062 3306 3395 3376 ἀγαθότητος
3446 3307 3543 3359 καὶ
3603 3305 3877 3375 σωτηρίας

2298 3398 2454 3468 ὤφθη
2502 3397 2811 3469 μετασχών.
2844 3399 2918 3450 Οὐ
2962 3398 3072 3469 γάρ
3101 3416 3185 3463 τις
3242 3398 3464 3467 γέγονεν
3521 3397 3799 3466 οὐδαμῶς,
3843 3396 3875 3464 ἢ

2298 3492 2417 3555 πῶς
2443 3493 2507 3546 ἂν
2539 3494 2747 3545 ἐκεῖθεν
2777 3490 2969 3563 ῥηθείη
3027 3490 3381 3554 καταπεσὼν,
3413 3492 3507 3545 καὶ
3542 3493 3571 3543 ὁ
3604 3490 3876 3560 σωτηρίας

2297 3585 2565 3655 ἀμέτοχος
2618 3582 2917 3652 προελθὼν,
2979 3582 3097 3645 πῶς
3155 3582 3222 3635 ἃν
3270 3585 3349 3646 είς
3393 3582 3677 3636 ἀπώλειαν
3753 3598 3876 3635 κατ-

2297 3678 2571 3747 ενεχθείη,
2612 3676 2646 3749 ἢ
2678 3677 2878 3745 λέγοιτ’
2936 3678 3001 3731 ἂν
3027 3676 3346 3739 ἀπολωλώς.
3386 3673 3551 3729 Ἀλλά
3587 3674 3694 3744 μὴν
3733 3674 3828 3727 καὶ
3852 3674 3880 3725 ὁ

2298 3760 2683 3841 φιλάνθρωπος
2716 3769 2875 3840 ἡμῶν
2902 3770 3199 3838 Δεσπότης,
3228 3770 3256 3822 ὁ
3287 3768 3388 3837 τῆς
3440 3766 3703 3836 ἀληθείας
3748 3766 3877 3819 66i-

2298 3862 2497 3925 σκαλος
2534 3863 2629 3915 καὶ
2662 3861 2922 3933 χορηγὸς,
2948 3861 3040 3915 τοῦ
3072 3861 3414 3923 ἀπολωλότος
3442 3861 3667 3931 μνήμην
3694 3856 3877 3911 ποιοὺ-

2299 3973 2457 4026 μενος
2484 3954 2775 4025 πολλαχοῦ,
2804 3953 3041 4025 οὐδαμοῦ
3069 3953 3699 4023 συγκατεσκευασμένην
3732 3951 3876 4019 αὐτῷ

2295 4046 2395 4117 τὴν
2425 4046 2683 4115 κακίανῆ
2731 4044 2829 4117 τὴν
2871 4043 3150 4098 ἀπώλειαν
3196 4045 3466 4114 οὐμενοῦν
3528 4042 3650 4096 οὐδὲ
3715 4043 3874 4111 μέχρι

2293 4138 2456 4208 ψιλῆς
2494 4137 2734 4200 ἐπινοίας
2780 4136 3126 4208 παραδηλοῖ·
3166 4137 3256 4190 ἀεὶ
3288 4136 3345 4189 δὲ
3384 4135 3460 4198 ὼς
3514 4135 3748 4205 ’ὕστερον
3785 4134 3877 4202 τῆς

2294 4233 2501 4297 τάξεως
2533 4234 2628 4286 καὶ
2669 4231 2768 4299 τῆς
2797 4230 2904 4283 τῶν
2936 4231 3109 4284 ἄλλων
3152 4228 3449 4298 συναφείας
3496 4244 3557 4279 τε
3605 4226 3700 4279 καὶ
3753 4243 3873 4277 συνο

2294 4322 2576 4393 διατριϐῆς
2631 4318 2948 4391 ἀπορραγὲν
2978 4318 3151 4381 οὕτως
3184 4315 3554 4385 ἀπενεχθῆναι
3591 4314 3731 4385 πρὸς
3783 4315 3875 4381 τὴν

2294 4415 2572 4469 ἀπώλειαν
2620 4414 2851 4483 παρέχει
2904 4413 3067 4465 νοεῖν.
3098 4410 3207 4463 Καὶ
3240 4411 3349 4479 γάρ
3386 4425 3577 4478 φησιν,
3621 4408 3683 4463 Τί
3738 4405 3875 4476 ὑμῖν

2295 4506 2479 4572 δοκεῖ,
2516 4506 2625 4559 ἐὰν
2680 4505 2925 4575 γένηται
2964 4519 3079 4556 τινι
3122 4502 3412 4569 ἀνθρώπῳ
3459 4499 3683 4554 ἑκατὸν
3733 4499 3873 4566 πρό-

2295 4603 2461 4654 ϐατα.
2502 4598 2633 4651 Ἰδοὺ
2660 4597 2731 4650 τὰ
2763 4597 2956 4649 ἑκατὸν
2979 4594 3228 4665 πρόϐατα
3263 4594 3413 4645 πᾶσα
3444 4594 3479 4662 ἡ
3508 4592 3681 4661 ἀγέλη
3704 4590 3872 4645 ἀπλα-

2290 4693 2425 4763 νής·
2478 4690 2630 4744 οὐδὲν
2680 4689 2860 4742 αὐτῶν
2899 4688 3038 4751 τέως
3086 4685 3213 4739 οὔτε
3268 4684 3712 4754 πεπλανημένον,
3755 4680 3871 4734 οὔτε

2290 4784 2571 4846 ἀπολωλός
2618 4782 2756 4853 (37).
2784 4777 2918 4834 Εἶτα
2957 4780 3060 4835 κᾶν
3087 4779 3425 4851 πλανηθῆνέν
3452 4778 3514 4843 ἐξ
3544 4776 3747 4840 αὐτῶν,
3782 4774 3873 4843 τῆς

2291 4876 2497 4947 ἀγέλης
2538 4875 2646 4929 τῶν
2703 4876 3027 4944 σωζομένων
3084 4873 3293 4941 διέστη,
3320 4871 3430 4924 τῶν
3472 4869 3550 4941 μὴ
3594 4866 3864 4951 πεπλανη-

2299 4972 2478 5042 μένων
2520 4966 2907 5037 ἀπεπλανήθη,
2950 4966 3048 5035 τῆς
3105 4964 3350 5033 μάνδρας
3400 4962 3589 5030 ἐξέϐη.
3627 4962 3716 5012 Διὸ
3784 4955 3873 5010 καὶ

2299 5064 2492 5119 θᾶττον
2526 5061 2660 5115 αὐτὸ
2687 5059 2799 5129 (38)
2831 5060 2859 5111 ὁ
2900 5056 3282 5128 φιλάνθρωπος
3316 5054 3590 5125 ἐπιζητεῖ,
3623 5054 3717 5106 καὶ
3764 5052 3869 5114 toi;

2310 5154 2386 5227 μὴ
2429 5151 2867 5222 πεπλανημένοις
2917 5150 3162 5221 ἀνευρὼν
3208 5142 3871 5215 συγκαταλέγει(59),καὶ

684 5257 729 5288 ³⁷
752 5256 943 5311 Matth.
986 5272 1140 5323 xvtu,
1179 5258 1266 5312 Η.
1344 5259 1389 5291 ⁸⁸
1418 5258 1609 5315 Matth.
1650 5278 1807 5327 xvm,
1844 5264 1929 5318 l2.
2008 5266 2053 5299 "
2086 5266 2200 5324 Luc
2230 5270 2391 5335 “,4.

1705 5419 1933 5476 VARI/IS
1971 5421 2355 5481 LECTIONES
2386 5425 2474 5480 ΕΤ
2505 5425 2734 5481 NOTAE.

681 5532 795 5610 (55)
827 5530 1324 5610 ’Λποᾳζι-ιρεῆσαγ.
1343 5536 1416 5587 lta
1431 5535 1623 5610 scripsi
1643 5551 1739 5610 pro
1762 5536 2196 5610 ἀποσκιρτήσας,

608 5601 754 5673 quor!
775 5619 877 5657 ms.
907 5601 1222 5673 exhibebat.
1254 5601 1598 5661 Antecedens
1627 5601 1774 5661 enim
1810 5601 2085 5671 ἀπολωλὸς
2142 5601 2198 5663 et

614 5672 836 5744 γεγονὸς
871 5674 1015 5744 hanc
1038 5672 1269 5744 formam
1302 5677 1552 5743 requirit.

822 5742 1151 5817 Οὐδ’ὄλως.
1228 5742 1317 5797 Sic
1378 5742 1725 5801 Scribendum
1768 5763 1870 5817 pro
1896 5748 1956 5799 οὐ
2003 5745 2190 5812 δόλως,

609 5815 904 5890 quodet-at
926 5814 996 5890 in_
1012 5829 1113 5890 ms.

680 5885 794 5957 (37)
828 5885 1313 5954 ’AaonJngloc
1346 5887 1583 5943 rationes
1605 5888 1965 5960 grammatice
1998 5898 2184 5960 postu-

2300 5544 2412 5598 lant
2436 5558 2535 5611 pro
2564 5539 2883 5604 ἀπολωλὼς.
2920 5540 3063 5610 quod
3105 5541 3158 5595 in
3191 5538 3387 5611 codice
3431 5536 3800 5611 inveniebam.

2370 5607 2482 5681 (58)
2522 5612 2699 5667 Αὐτό.
2732 5612 2821 5681 lta
2857 5607 3146 5681 legendum
3199 5607 3480 5681 ρι’οῄᾳὺτῷ
3511 5608 3722 5663 codicis
3767 5620 3861 5660 ms.

2295 5677 2552 5737 Refertur
2582 5683 2728 5735 enim
2763 5680 2828 5733 ad
2866 5677 3507 5749 θηιρςςᾴεηεπρόϐατον.

2367 5754 2476 5819 (59)
2535 5750 2988 5819 Συγκαταλέγει.
3032 5748 3145 5805 Hoc
3187 5747 3413 5805 verbum
3470 5747 3704 5819 requirit
3750 5760 3862 5801 seni

2292 5840 2384 5878 sus
2417 5838 2513 5892 pro
2555 5820 2956 5888 σνγκαταλήγει
2983 5836 3085 5875 ms.
