4022 6390
165 410 283 475 245

1196 413 1498 475 CONTRA
1540 413 1998 475 MANICH/EOS
2037 416 2270 477 LIBER
2304 417 2403 479 IV.

3335 416 3440 482 ιιι

169 519 358 590 χαίρει
395 519 491 573 ἐπὶ⁸
512 508 579 590 τῇ
601 519 912 590 ἁνευρέσει,
938 518 1032 572 καὶ
1057 519 1156 583 τὰς
1179 520 1340 588 φίλας
1365 521 1621 591 δυνάμεις
1652 521 1761 590 (40)

1868 521 2084 578 citatem
2120 533 2172 580 et
2208 525 2436 579 salutem
2477 524 2673 580 reverti
2708 523 2982 580 viderunt.
3013 523 3081 579 Et
3108 524 3196 579 illa
3225 541 3442 598 quoque

173 613 504 681 συγχαίρειν
551 610 984 682 παρασκευάζει,
1005 612 1088 664 ὅτι
1141 612 1202 665 τὸ
1245 613 1632 683 ἀποπλανηθὲν
1662 613 1760 682 τῆς

172 703 386 768 τάξεως
415 703 512 756 καὶ
536 702 695 772 δόξης
716 701 916 766 αὐτῶν,
951 702 1114 757 πάλιν
1138 705 1218 767 είς
1245 703 1346 774 τὴν
1379 705 1559 758 αὐτῶν
1606 704 1762 758 ἐθεά-

175 795 756 867 σαντο-ἐπαναδραμὺν
781 794 1078 866 εὑκληρίαν
1112 813 1172 849 τε
1194 797 1291 849 καὶ
1319 799 1616 867 σωτηρίαν.
1650 797 1762 851 Καὶ

171 888 287 941 τῶν
338 888 475 942 δέκα
518 887 575 941 δὲ
631 888 893 959 δραχμῶν
927 890 960 958 ἡ
1006 889 1312 961 παραϐολὴ,
1344 891 1404 955 ἐξ
1445 883 1520 944 ὧν
1574 893 1607 963 ἡ
1661 891 1763 962 μία

170 978 452 1045 ἀπώλετο,
488 980 590 1049 τὴν
628 979 797 1048 αὐτὴν
855 980 1248 1048 ἀναμφιϐόλως
1293 982 1627 1054 παρίστησιν
1678 982 1764 1035 ἐν-

174 1086 350 1125 νοιαν.
381 1072 518 1124 Τότε
549 1071 659 1142 γὰρ
682 1072 782 1135 τὰς
811 1072 948 1126 δέκα
989 1073 1239 1143 δραχμὰς
1267 1075 1358 1128 τὸν
1399 1074 1562 1129 αὐτὸν
1611 1075 1762 1129 ἐντε-

173 1169 500 1238 τυπωμένον
529 1168 719 1239 φέρειν
741 1168 1066 1239 χαρακτῆρα
1096 1171 1190 1223 καὶ
1217 1170 1316 1242 τὴν
1331 1169 1452 1241 ἴσην
1475 1169 1646 1242 ῥοπὴν
1676 1170 1764 1224 ἐλ-

177 1277 301 1314 κειν
323 1303 336 1323 ,
373 1261 423 1312 εί
456 1259 637 1328 βούλει
668 1260 726 1313 δὲ
756 1261 850 1313 καὶ
878 1261 978 1332 τὴν
1005 1259 1138 1332 ὓλην
1193 1261 1322 1332 μίαν
1351 1263 1517 1316 πᾶσιν
1547 1263 1764 1316 ὑποκεῖ-

179 1349 304 1402 σθαι
329 1349 428 1418 τῆς
457 1350 698 1418 ἐμφύτου
715 1351 1052 1420 ἁγαθότητος
1077 1352 1173 1406 καὶ
1197 1353 1470 1423 σωτηρίας
1499 1353 1558 1407 τὸ
1587 1356 1764 1425 ἀπαρ-

179 1438 452 1492 άλλακτον
516 1440 785 1494 πάντοθεν
830 1441 1155 1497 ἐκδιδάσκει.
1190 1442 1301 1495 Καὶ
1331 1445 1380 1496 εἰ
1442 1443 1609 1514 μηδὲν
1634 1445 1761 1498 τού-

175 1548 288 1583 των
309 1529 671 1601 παρείληπτο,
691 1531 829 1585 ἀλλὰ
853 1533 914 1586 τό
933 1549 997 1600 γε
1020 1533 1124 1586 ὑπὸ
1143 1533 1243 1604 τὴν
1271 1535 1441 1605 αὐτὴν
1465 1536 1764 1609 κυριότητα

179 1623 368 1675 πᾶσαν
395 1622 569 1676 τελεῖν
590 1624 650 1676 τὸ
669 1625 768 1694 τῆς
785 1623 1034 1689 ἐξουσίας
1063 1625 1308 1696 ἄτμητον
1335 1629 1430 1681 καὶ
1461 1629 1764 1701 ἀδιαίρετον

177 1713 574 1784 ἀνακηρύττει.
609 1716 706 1768 καὶ⁹
745 1715 805 1782 ἐξ
846 1710 923 1770 ὧν
973 1717 1242 1781 ἐσώζοντο
1298 1721 1492 1785 πᾶσαι,
1539 1722 1620 1775 ὅτι
1667 1723 1764 1793 τῆς

178 1805 529 1876 ἁγαθουργοῦ
564 1807 662 1877 μὲν
715 1807 996 1878 δυνάμεως
1041 1810 1338 1881 ἐτύγχανεν
1367 1811 1524 1882 ἔργα.
1561 1814 1651 1885 Τῷ
1705 1816 1763 1868 δέ

177 1897 280 1963 τῆς
312 1873 788 1967 αὐτεξουσιότητος
813 1873 1083 1969 ἀξιώματι
1109 1873 1161 1954 oi
1178 1873 1300 1971 ’μὲν
1324 1873 1411 1971 ἐφξ
1443 1873 1565 1974 ’ἦτε
1622 1873 1763 1975 προ·
1789 1873 1840 1933 Β

182 1985 442 2056 ἠχθησαν
488 1987 782 2058 ἀγαθότητι
813 1990 908 2042 καὶ
958 1992 1203 2064 σωτηρίᾳ
1261 1993 1580 2064 διέμειναν⁶
1615 1998 1644 2050 ὁ
1705 1999 1764 2053 δὲ

180 2079 584 2148 παρακινηθεὶς
622 2080 829 2133 ἐκεῖθεν
850 2081 1121 2154 ἐξετράπη
1163 2083 1299 2154 πρὸς
1331 2085 1624 2143 ἀπώλειαν.
1655 2090 1765 2144 Καὶ

179 2171 377 2239 γέγονε
410 2172 472 2224 τὸ
516 2172 619 2241 τῆς
672 2172 896 2244 γνώμης
935 2175 1346 2244 αὑτοδέσποτον,
1388 2178 1580 2252 ὥσπερ
1629 2184 1761 2248 τοῖς,

186 2260 295 2315 καθ
338 2261 400 2314 ὃν
437 2262 545 2314 ἔδει
571 2265 794 2334 τρόπον,
820 2266 1188 2337 χρησαμένοις
1213 2269 1387 2341 αὐτῷ,
1409 2272 1505 2341 τῆς
1528 2290 1586 2325 τε
1612 2273 1765 2327 ἐνού-

187 2369 292 2423 σης
339 2355 613 2424 σωτηρίας
669 2356 764 2410 καὶ
825 2357 1165 2428 ἀγαθότητος
1221 2362 1612 2435 φυλακτήριον,
1669 2367 1766 2420 καὶ

185 2444 473 2517 προσθήκη
513 2445 759 2516 μείζονος
821 2448 1155 2518 τελείοτητος
1207 2453 1302 2521 (Τὸ
1326 2454 1434 2524 γὰρ
1464 2456 1634 2526 χωρὶς
1659 2457 1768 2511 τῶν

185 2535 444 2605 πράξεων
471 2535 905 2608 θαυμαζόμενον,
927 2540 1020 2592 καὶ
1045 2540 1146 2612 τὴν
1176 2543 1286 2596 ἀπὸ
1313 2544 1423 2598 τῶν
1463 2545 1640 2616 ἔργων
1681 2548 1767 2601 δό-

187 2624 286 2690 ξαν
319 2626 646 2696 προσλαϐὸν,
680 2627 816 2681 πολὺ
848 2628 1296 2703 θαυμασιώτερόν
1339 2651 1397 2687 τε
1438 2636 1533 2689 καὶ
1569 2637 1767 2707 τιμιώ-

186 2717 394 2787 τερον),
438 2717 591 2800 οὕτω,
610 2721 719 2783 τοῖς
769 2723 1286 2793 παραχρησαμένοις
1335 2726 1410 2796 τῷ
1471 2728 1770 2799 χαρίσματι

187 2809 276 2872 είς
298 2807 576 2864 ἀπώλειάν
605 2827 663 2862 τε
689 2814 1018 2867 καταπεσεῖν
1042 2829 1057 2843 ο
1088 2814 1184 2884 τῆς
1212 2816 1486 2885 ὁμοφυοῢς
1509 2819 1770 2892 καλλονῆς

189 2901 558 2970 προελήλυθε,
587 2902 690 2954 καὶ
717 2903 818 2972 τὴν
841 2903 933 2956 ἐπὶ
959 2904 1028 2958 τὰ
1057 2905 1225 2976 χείρω
1252 2906 1436 2964 λαϐεῖν
1482 2910 1770 2967 ἀλλοίωσιν

187 2995 301 3050 τῶν
322 2996 651 3066 κρειττόνων
678 2997 1062 3068 ἁλλαξάμενοι,
1094 3000 1144 3052 εί
1177 3003 1253 3071 μή
1286 3019 1370 3066 τις
1400 3003 1501 3075 τῆς
1521 3006 1617 3060 ἐπὶ
1643 3007 1773 3077 φθό-

190 3105 289 3158 ρον
314 3087 555 3159 ἀγούσης
601 3089 898 3160 μεταϐολῆς
933 3092 1072 3161 μετὰ
1119 3095 1322 3165 πολλῆς
1351 3098 1587 3169 σπουδῆς
1641 3102 1772 3155 ἀνα-

191 3179 415 3243 σώσειε,
450 3180 823 3253 προδεδώκασι
870 3183 968 3254 τὴν
1011 3185 1174 3254 φύσιν
1206 3190 1636 3247 καταπεπῶσθαι
1689 3193 1766 3266 τῷ
1799 3209 1852 3273 c-

190 3274 628 3345 παραπτώματι.
1087 3331 1092 3336 .

265 3367 401 3423 ΚΘ’.
437 3371 835 3446 Ἐπιστράφηθι
867 3377 930 3448 δὴ
959 3380 1218 3452 καὶπρὸς
1243 3380 1369 3446 τοὺς
1401 3383 1465 3436 ἐκ
1487 3381 1772 3436 τοῦάὒτοῦ

1862 615 1929 670 de
1954 616 2143 671 decem
2173 617 2449 672 drachmis
2472 617 2750 687 parabola,
2777 632 2843 671 ex
2875 617 3072 686 quibus
3095 633 3200 671 una
3231 612 3443 688 perdita

1865 717 2002 773 erat,
2055 706 2323 762 eamdem
2361 709 2482 763 sine
2529 710 2849 778 exceptione
2897 709 3225 764 sententiam
3284 712 3444 767 nobis

1863 800 2209 854 commendat
2241 800 2307 852 ³ο.
2353 798 2509 865 Quod
2559 801 2705 854 enim
2761 801 2950 855 decem
3010 801 3116 856 illze
3170 801 3444 858 drachma:

1861 891 2111 946 eamdem
2150 891 2255 945 sibi
2284 900 2468 946 notam
2501 891 2822 961 impressam
2850 893 3074 958 habent,
3109 902 3164 948 et
3195 894 3441 964 ejusdem

1863 992 1990 1038 sunt
2021 984 2239 1050 valoris,
2274 984 2384 1040 imo
2426 985 2612 1050 etiam,
2643 987 2686 1040 si
2723 986 2914 1054 placet,
2949 1004 3015 1042 ex
3041 987 3232 1042 eadem
3267 998 3451 1042 mate-

1863 1073 1943 1127 ria
1992 1082 2122 1128 sunt
2174 1072 2492 1144 cetnpactaa,
2547 1075 2676 1131 boni
2729 1077 2878 1130 insiti
2941 1077 3445 1148 incolumitatisque

1863 1167 2282 1236 perpetuitatem
2331 1167 2681 1238 undiquaque
2727 1168 2915 1223 infert.
2972 1167 3111 1235 Imo,
3163 1171 3208 1224 si
3246 1171 3443 1227 horum

1863 1258 2002 1312 nihil
2053 1258 2178 1312 inde
2228 1258 2648 1329 relinqueretur,
2679 1259 2730 1314 id
2763 1269 2911 1315 certe
2955 1260 3249 1329 evincitur,
3297 1261 3446 1330 quod

1865 1351 1967 1405 sub
1998 1351 2189 1405 eodem
2227 1351 2451 1406 Domino
2479 1350 2657 1406 omnis
2684 1359 2932 1422 potestas
2959 1353 3189 1408 indivisa
3217 1361 3273 1408 et
3304 1353 3447 1407 indi-

1864 1442 2015 1496 vulsa
2075 1442 2421 1497 contineatur
2465 1460 2479 1498 :
2521 1443 2778 1511 quoniam
2832 1457 2963 1497 vero
3031 1444 3194 1498 etiam
3253 1459 3444 1499 omnes

1865 1542 2096 1588 servata:
2141 1542 2290 1600 sunt,
2339 1535 2392 1589 id
2445 1534 2647 1590 indicio
2696 1535 2918 1605 quidem
2951 1543 3054 1601 est,
3095 1551 3288 1591 omnes
3319 1552 3444 1590 esse

1865 1628 2122 1696 potentia:
2149 1626 2408 1682 beneﬁca:
2433 1642 2619 1696 opera.
2652 1626 2718 1682 Et
2741 1627 2989 1682 nonnulli
3021 1627 3241 1698 quidem
3273 1628 3444 1683 libero

1865 1734 1964 1773 suo
1993 1717 2220 1772 arbitrio
2260 1727 2410 1772 recte
2446 1718 2531 1772 usi
2577 1717 2634 1771 in
2660 1733 2748 1782 ea,
2777 1733 2884 1786 qua
2917 1716 3100 1771 donati
3133 1725 3308 1780 erant,
3343 1717 3443 1772 bo-

1865 1807 2039 1862 nitate
2067 1806 2518 1862 etincolumitate
2541 1815 2965 1875 permanserunt
2999 1824 3011 1860 :
3039 1805 3132 1875 qui
3160 1820 3291 1860 vero
3315 1805 3443 1860 inde

1866 1907 2082 1954 amotus
2107 1907 2212 1962 est,
2243 1899 2298 1952 in
2327 1898 2623 1968 perniciem
2647 1913 2705 1952 se
2737 1898 2852 1968 ipse
2874 1898 3126 1952 detrusit.
3157 1895 3224 1950 Et
3251 1913 3443 1966 quem-

1865 1991 2157 2046 admodum
2208 1992 2442 2046 liberum
2493 1991 2813 2053 arbitrium,
2865 1989 3011 2056 illis,
3070 1990 3161 2060 qui
3202 2005 3269 2044 eo
3298 1997 3444 2044 recte

1866 2083 2182 2146 utebantur,
2231 2083 2612 2154 prosperitatis
2645 2082 3016 2153 bonitatisque
3055 2083 3187 2152 ipsis
3237 2083 3444 2137 collata:

1867 2177 2335 2233 conservatorium
2366 2187 2505 2242 erat,
2540 2184 2596 2231 et
2621 2176 2842 2246 majoris
2874 2175 3228 2246 perfectionis
3261 2190 3444 2234 acces-

1867 2268 1949 2323 sio
2007 2269 2172 2340 (quod
2232 2267 2378 2323 enim
2413 2269 2574 2322 etiam
2603 2268 2722 2322 sine
2755 2268 3060 2322 actionibus
3091 2268 3445 2329 admirationi

1867 2367 1969 2422 est,
2002 2359 2076 2424 id,
2105 2357 2195 2412 ubi
2231 2358 2398 2428 gloria
2431 2373 2497 2411 ex
2527 2357 2784 2426 operibus
2817 2356 3245 2422 accedit,_multo
3273 2353 3445 2425 magis

1868 2449 2129 2503 miramur
2156 2457 2211 2502 et
2237 2448 2415 2518 magni
2456 2444 2705 2514 facimus)
2743 2463 2756 2498 :
2793 2445 2865 2498 ita
2897 2444 3002 2499 illis
3035 2445 3128 2524 qui
3158 2443 3302 2497 dono
3338 2441 3444 2496 hoc

1868 2542 2252 2605 abutebantur,
2306 2539 2520 2595 occasio
2551 2537 2763 2592 exstitit
2797 2553 2828 2591 a
2863 2541 3046 2591 nativa
3086 2537 3331 2591 bonitate
3386 2536 3442 2588 in

1869 2635 2162 2707 perniciem
2193 2632 2488 2695 incidendi,
2519 2639 2574 2685 et
2603 2629 2962 2709 mutationem
2992 2629 3047 2684 in
3073 2627 3229 2697 pejus
3253 2626 3448 2680 admit-

1873 2726 2042 2790 tendi,
2077 2725 2171 2796 qui
2202 2723 2453 2794 proinde,
2491 2725 2635 2777 facta
2667 2722 2768 2775 hac
2803 2735 2926 2775 cum
2956 2716 3274 2773 melioribus
3315 2732 3445 2786 per-

1871 2799 2239 2883 mutatione,
2278 2817 2386 2872 nisi
2441 2817 2564 2887 quis
2616 2832 2680 2872 ex
2738 2810 3143 2870 transversione
3200 2813 3337 2876 hac,
3389 2811 3445 2865 in

1872 2913 2100 2969 exitium
2146 2912 2401 2992 duQnte,
2453 2925 2578 2965 cum
2617 2925 2747 2964 cura
2777 2924 2835 2962 se
2872 2907 3156 2976 receperit,
3209 2904 3451 2976 produnt

1873 3012 2123 3060 naturam
2155 3019 2312 3061 suam
2340 3003 2495 3073 lapsu
2528 3002 2632 3060 isto
2657 3002 2970 3071 absorptam
3009 2999 3195 3054 fuisse.

1947 3375 2138 3431 XXIX.
2180 3375 2248 3430 At
2279 3382 2538 3430 converte
2572 3381 2624 3427 tc
2656 3386 2805 3426 nunc
2845 3369 3007 3424 etiam
3035 3369 3101 3423 ad
3131 3367 3268 3422 duos
3315 3365 3454 3419 tilias

155 3461 404 3530 ’πατρὸς
431 3460 523 3515 δύο
565 3467 881 3535 πεφυκότας
936 3471 1153 3538 παῖδας,
1172 3466 1246 3527 ὧν
1294 3475 1323 3526 ὀ
1361 3472 1625 3544 νεώτερος
1683 3475 1772 3527 τὸν

1877 3487 1947 3527 ex
1993 3470 2182 3526 eodem
2232 3476 2386 3538 patre
2432 3473 2618 3530 natos,
2669 3477 2900 3533 quorum
2938 3469 3071 3514 natu
3121 3460 3302 3514 minor
3344 3474 3466 3511 non

190 3553 468 3623 πατρικὸν
494 3557 594 3610 οὐκ
623 3560 830 3615 ἐλάττω
858 3563 954 3616 τοῦ
1003 3565 1382 3637 πρεσϐυτέρου
1426 3565 1606 3622 λαϐὼν
1639 3566 1772 3637 κλῆ-

1878 3549 2168 3624 minorem,
2197 3575 2360 3630 quam
2387 3559 2581 3628 major,
2602 3565 2803 3612 sortem
2825 3553 3122 3623 accipiens,
3156 3551 3210 3605 in
3235 3549 3455 3606 dissitas

194 3662 317 3716 ρον,
346 3649 427 3711 εἰς
453 3648 636 3722 χώραν
674 3653 774 3723 μὲν
795 3655 980 3710 ἄπεισι
1013 3657 1252 3728 μακρὰν,
1271 3658 1364 3711 καὶ
1382 3656 1481 3727 τὴν
1507 3657 1772 3728 τοσαύτην

1880 3654 1994 3708 abit
2043 3653 2314 3724 regiones,
2363 3659 2654 3718 tantasque
2719 3645 3003 3700 facultates
3053 3642 3359 3711 dilapidans
3401 3651 3457 3693 et

194 3739 390 3792 οὐσίαν
437 3745 795 3811 κατασπάσας
828 3747 941 3818 (41)
973 3765 1031 3801 τε
1060 3749 1154 3802 καὶ
1189 3749 1690 3821 κατασπαταλησας
1710 3753 1772 3822 τῇ

1882 3744 2218 3814 profundens
2263 3744 2317 3795 in
2364 3741 2595 3805 itinere,
2647 3737 2868 3792 tandem
2927 3734 3108 3804 inopia
3166 3731 3454 3787 immodica

194 3831 502 3905 ἀποδημίᾳ,
552 3835 638 3888 ἐπ’
673 3837 855 3907 ἐνδείᾳ
909 3841 976 3909 τῇ
1006 3839 1400 3911 ἀνυπερϐλήτῳ
1430 3839 1622 3912 (οί-ρων
1653 3821 1772 3911 τροέ

1881 3838 2168 3900 adductus,
2200 3833 2426 3902 siliquis,
2462 3845 2752 3902 porcorum
2778 3829 2924 3891 cibo,
2957 3841 3088 3880 usus
3113 3833 3196 3878 est
3224 3823 3290 3877 “.
3323 3821 3453 3888 Quis

196 3922 310 3992 φῆν
344 3926 711 3995 προσεφέρετο
756 3927 822 3982 τὰ
864 3931 1110 4000 κεράτια.
1148 3930 1244 3993 Τίς
1273 3931 1336 3982 οὐ
1386 3934 1454 4003 τῇ
1498 3933 1677 4005 πλάνῃ
1706 3935 1772 4004 τῇ

1882 3948 1990 3985 non
2023 3943 2264 3984 errorem
2297 3927 2442 3980 hunc
2472 3923 2725 3996 lacrymis
2759 3918 3161 3992 prosequatur?
3193 3915 3296 3983 Qui
3336 3925 3460 3970 tar-

193 4011 438 4084 τοσαύτῃ
465 4014 746 4080 σταλάξειε
769 4018 1002 4089 δάκρυον
1029 4021 1138 4091 (ιέ)
1161 4037 1174 4086 ;
1309 4021 1646 4093 τηλικαύτης
1681 4024 1772 4076 κύ-

1884 4035 2058 4078 tarum
2104 4037 2269 4092 Opum
2325 4019 2580 4074 dominus
2627 4023 2780 4078 erat,
2827 4012 2875 4067 is
2903 4010 3239 4066 mercenaria
3292 4023 3469 4078 opera-

199 4120 324 4173 ριος
380 4108 702 4176 περιουσίας
730 4150 745 4174 ,
803 4111 1127 4181 μισθαρνίας
1179 4112 1415 4179 ἔκδοτος,
1449 4117 1540 4168 καὶ
1582 4117 1772 4186 χοίρων

1883 4116 2124 4178 functus,
2169 4123 2570 4183 porcorumque
2619 4120 2803 4162 escam
2848 4104 2917 4160 ad
2957 4102 3321 4158 sublevandas
3360 4117 3461 4155 na-

194 4198 376 4266 τροφῇ
405 4196 506 4268 τὴν
545 4199 791 4272 ἀνάγκην
819 4203 1068 4257 κλέπτων
1094 4209 1195 4276 τῆς
1231 4206 1465 4276 φύσεως,
1501 4203 1620 4262 εἶτα
1668 4213 1772 4273 τοῖς

1886 4220 2020 4264 tura:
2086 4205 2445 4262 necessitates
2517 4201 2849 4264 suﬂuratus,
2923 4208 3114 4270 postea
3168 4196 3325 4252 malis
3379 4197 3464 4250 his

198 4286 541 4365 πάθεςιοκαὶ
591 4291 669 4363 τῷ
723 4293 868 4364 λιμῷ
919 4297 1327 4368 μεταδιδαχθεὶς
1377 4300 1438 4352 τὸ
1491 4300 1772 4372 ὀλίσθημα,

1886 4299 2112 4368 ipsaque
2135 4297 2276 4351 fame
2296 4294 2519 4348 meliora
2545 4291 2791 4353 edoctus,
2818 4288 3115 4342 revertitur
3143 4287 3207 4340 ad
3230 4295 3458 4356 patrem,

196 4379 569 4451 ἐπανέρχεται
603 4386 738 4454 πρὸς
761 4385 853 4438 τὸν
899 4388 1131 4459 πατέρα,
1169 4389 1264 4443 καὶ
1295 4387 1624 4462 σύντριμμῷ
1645 4411 1772 4466 καρ-

1885 4399 1940 4445 et
1968 4405 2034 4444 ex
2068 4387 2303 4444 contrito
2334 4385 2499 4440 corde
2536 4381 2922 4453 pmnitentiam
2990 4388 3242 4443 testatus,
3277 4394 3309 4432 ο
3346 4393 3462 4431 nta-

195 4471 324 4535 δίας
358 4473 460 4544 τὴν
500 4477 790 4546 μετάνοιαν
834 4480 1226 4552 προχεάμενος,
1257 4482 1302 4536 ὣ
1351 4484 1452 4554 τῆς
1506 4489 1635 4558 περὶ
1681 4490 1772 4558 ἐμὲ

1886 4498 2047 4554 gnam
2082 4479 2251 4550 patris
2273 4487 2328 4532 et
2363 4474 2566 4531 domini
2601 4472 3022 4528 humanitatem!
3057 4471 3271 4540 majori,
3298 4484 3460 4538 quam

197 4562 410 4632 πολλῆς
460 4570 555 4618 τοῦ
597 4569 810 4640 Πατρὸς
858 4572 953 4624 καὶ
997 4574 1273 4628 Δεσπότου
1332 4576 1772 4646 φιλανθρωπίαςι

1890 4577 2176 4644 impetrata
2206 4569 2365 4644 venia
2395 4580 2616 4637 sperare
2640 4564 2885 4634 jubebat,
2920 4561 3237 4631 receptione
3267 4560 3463 4630 dignus

195 4655 505 4729 πλείονεςῆ
543 4660 684 4714 κατὰ
715 4661 1045 4734 συγγνώμην
1076 4664 1319 4728 ἀξιοῦται
1341 4666 1664 4734 δεξιώσεως.

1889 4667 2145 4722 habetur.
2197 4661 2355 4715 Pater
2407 4658 2554 4712 enim
2602 4655 2901 4727 juvenilem
2933 4653 3146 4722 culpam
3179 4667 3288 4704 non
3335 4665 3462 4719 per-

196 4748 314 4818 γὰρ
345 4750 529 4821 πατὴρ
554 4751 645 4804 τὸν
668 4759 1037 4825 νεωτερισμὸν
1069 4756 1170 4809 οὐκ
1203 4755 1478 4824 ὀνειδίζει,
1509 4760 1628 4813 οὐδὲ
1680 4762 1772 4834 τὴν

1889 4757 2123 4828 stringit,
2165 4769 2268 4808 nec
2295 4765 2537 4807 errorem
2581 4747 2776 4818 pudori
2824 4745 3065 4816 exponit,
3102 4758 3282 4812 neque
3327 4756 3462 4795 con~

195 4840 418 4910 πλάνην
460 4845 711 4914 αίσχύναι
740 4849 972 4918 προάγει
1000 4865 1013 4878 ·
1046 4850 1153 4902 οὐδ’
1183 4851 1263 4904 ὅτι
1314 4850 1413 4921 τῆς
1444 4852 1604 4923 λιμοῦ
1647 4833 1772 4925 μᾶλ-

1889 4852 2193 4908 versionem
2233 4847 2379 4901 illam
2410 4843 2536 4900 fami
2567 4841 2746 4912 potius
2777 4855 2937 4908 quam
2972 4835 3138 4891 animi
3183 4833 3463 4905 proposito

196 4931 294 4986 λον
315 4932 471 5002 ἢτῆς
505 4935 732 5008 γνώμης
762 4940 910 4992 ἐστὶν
943 4943 976 5012 ἡ
1010 4941 1337 5013 ἐπιστροφή.
1365 4943 1531 4997 Οὐδὲν
1572 4947 1772 5004 τούτων

1890 4954 2167 5016 acceptam
2241 4935 2629 4995 fert:nullum
2705 4934 2897 4988 horum
2949 4929 3002 4982 in
3055 4927 3495 4996 delinquentcm,

274 5067 328 5100 ’°
351 5067 480 5125 Luc.
497 5087 586 5134 xv,
607 5070 657 5125 8.
737 5073 777 5104 ³¹
815 5073 946 5128 Luc.
967 5091 1058 5139 xv,
1083 5076 1141 5128 Η
1158 5115 1170 5130 .

1273 5211 1504 5269 νΑιιιΕ
1544 5213 1930 5273 LECTIONES
1962 5215 2052 5273 ET
2082 5214 2314 5273 NOTAE.

272 5343 822 5425 (40)Avrdper_¢._De
840 5348 1049 5417 angelis
1071 5349 1418 5425 interpretor,
1445 5368 1583 5425 ques
1602 5353 1655 5408 in
1679 5370 1777 5425 ap-

195 5414 503 5487 plicatione
519 5414 791 5485 parabolae
822 5414 1499 5477 commemorat'Servator
1518 5423 1653 5478 Luc.
1683 5414 1772 5487 κ’ν,

198 5484 293 5562 ξθ.
343 5484 573 5562 Et_sat_ie
611 5487 913 5562 scriptores
954 5489 1308 5562 ecclesiastici
1337 5508 1480 5562 szepe
1509 5493 1626 5547 voci
1692 5484 1780 5548 isti

198 5557 360 5630 hunc
387 5555 747 5630 significatum
777 5557 1091 5630 subjiciunt.
1106 5555 1546 5630 Chrysostoinus,
1563 5564 1709 5618 hom.
1725 5563 1782 5630 6,

199 5626 257 5680 in
319 5623 494 5694 Epist.
523 5627 591 5702 a‘d
647 5623 927 5702 Hebrmos,
964 5623 1341 5702 λειτουργὺιὰς
1393 5623 1649 5702 δυνάμεις
1684 5623 1782 5687 vo;

202 5705 295 5750 cat
328 5710 516 5764 :-quas
533 5697 848 5770 Apostolus,
882 5697 1045 5770 llebr.
1071 5716 1107 5763 ι,
1138 5697 1225 5762 Η,
1254 5697 1603 5770 λειτουργικὰ
1626 5704 1783 5756 πνεύο

205 5781 361 5833 ματα
389 5767 643 5835 appellat.
667 5767 867 5822 Confer
880 5767 1084 5822 Suiceri
1125 5767 1447 5824 Thesauruni
1466 5767 1782 5826 ecclesiasti-

204 5850 333 5891 cum
359 5835 550 5906 tomJ,
581 5853 635 5908 p.
667 5838 770 5896 9G9
792 5857 807 5904 ;
833 5849 886 5894 et
910 5836 1127 5896 l-lenric.
1166 5839 1455 5910 Valcsium,
1500 5843 1568 5898 ad
1611 5844 1783 5899 Euse—

670 6067 702 6076 -ι-

1882 5357 2058 5419 bium,
2085 5371 2144 5425 p.
2175 5354 2282 5409 282
2308 5354 2377 5425 7b,
2415 5351 2514 5425 ubi
2545 5347 2785 5425 ostendit
2837 5345 3057 5410 Graecos
3089 5345 3159 5397 τὰ
3214 5345 3468 5414 δαιμόνια

1884 5420 2158 5498 appellare
2192 5424 2474 5498 δυνάμεις,
2496 5420 2716 5498 Latinos
2746 5427 2926 5498 autem
2951 5426 3253 5498 potestates.

1967 5488 2076 5565 (41)
2103 5488 2533 5565 Κατασπάσας.
2567 5490 2694 5565 _lloc
2753 5488 3036 5565 rescripsi”
3056 5503 3151 5555 pro
3182 5505 3468 5565 κατασπατ

1892 5557 2096 5637 σθήσοίς
2124 5563 2428 5637 ms._G_ra:c_i
2491 5560 2955 5637 enim-xamgnjiv
2985 5557 3306 5637 dicunt-eos
3362 5557 3466 5637 qui

1895 5627 2033 5690 bona
2067 5627 2164 5688 sua
2199 5631 2554 5702 abligurinnt.
2579 5631 2799 5685 Testem
2815 5627 3079 5684 habemus
3118 5627 3466 5680 scholiastem

1891 5705 2273 5776 Aristophanis
2301 5701 2368 5758 ad
2395 5701 2631 5776 Equites.

1965 5766 2093 5848 (ιιεί
2113 5775 2401 5848 Δὰκρυον.
2429 5766 2680 5828 Fortasse
2711 5771 2996 5844 legendum
3022 5766 3289 5837 δακρύων.
