4014 6416
551 391 656 456 217

1715 392 1980 452 PHUTII
2018 389 2526 454 PATRIARCHIE
2563 395 2674 457 CP.

3695 403 3800 464 258

551 505 799 574 eonjicit.
855 501 1094 558 Noverat
1145 500 1312 572 enim,
1368 517 1492 556 eum
1541 501 1630 572 qni
1684 516 1934 554 reversus
1990 506 2126 563 erat,

2240 501 2311 564 εἰς
2336 500 2428 554 τὸν
2459 502 2883 574 ἐξημαρτηκοτα
2923 503 3254 576 ἀπορρίπτει
3285 523 3298 537 ·
3332 506 3449 576 ⁴ᾔδει
3471 505 3580 578 γὰρ
3635 509 3801 562 αὐτοῦ

551 611 705 655 suam
729 610 849 650 esse
881 594 1197 665 progeniem
1234 593 1506 665 (quamvis
1543 608 1638 663 per
1671 592 1910 646 alienum
1941 607 2126 646 semen

549 687 890 742 adulteratus
948 684 1146 753 esset);
1204 696 1431 738 noverat
1463 700 1492 737 a
1542 699 1601 740 se
1651 699 1716 738 cx
1769 698 1956 737 amore
2008 698 2131 740 esse

547 779 897 851 productum,
932 793 1040 832 non
1073 786 1254 832 autem
1303 775 1519 829 aliunde
1559 791 1748 829 recens
1785 785 1984 830 satum.
2027 773 2131 828 lta-

548 884 657 938 que
685 868 823 921 nihil
874 867 1067 922 borum
1104 882 1212 936 quo
1251 867 1560 921 contristari
1593 868 1638 922 is
1666 877 1898 938 poterat,
1928 869 2129 924 ail‘cre-

546 958 675 1025 bat;
711 972 889 1028 neque
918 957 1192 1011 diuturnis
1226 956 1319 1010 lilii
1350 957 1611 1012 aerumnis
1639 958 1931 1029 adjiciebat
1967 961 2132 1030 quid-

547 1065 732 1120 quam.
791 1049 1012 1104 Utinam
1040 1057 1100 1102 ut
1145 1048 1350 1102 erroris
1395 1050 1492 1112 tui,
1542 1049 1614 1104 ita
1649 1059 1702 1104 et
1730 1052 2129 1117 conversionis,

547 1156 612 1196 ac
665 1139 1012 1210 receptionis.
1053 1141 1109 1194 in
1145 1140 1374 1211 gratiam
1419 1140 1609 1206 factae,
1667 1141 1907 1196 fructum
1950 1144 2132 1212 perci-

548 1233 722 1302 piaml
756 1231 975 1286 Scilicet
1009 1232 1439 1286 humanissimus
1466 1241 1522 1286 et
1553 1233 1790 1302 Optimus
1820 1242 1977 1302 pater
2003 1249 2128 1287 cum

547 1324 769 1378 eminus
839 1323 1018 1378 adhuc
1065 1333 1120 1378 et
1159 1324 1270 1377 sola
1328 1323 1652 1393 pmnitentia
1700 1324 1767 1379 ad
1806 1340 1865 1378 se
1907 1323 2132 1380 adven-

547 1419 776 1476 tantem,
835 1412 1044 1466 nullum
1077 1427 1207 1467 vero
1246 1411 1481 1467 fructum
1513 1413 1620 1467 buc
1667 1412 1795 1466 dum
1842 1413 2130 1479 ferentem,

545 1501 935 1571 conspicatus,
991 1518 1061 1559 ne
1113 1502 1597 1573 fcrebat'quidem
1659 1503 1792 1557 istos
1855 1503 2129 1573 pmniten-

545 1593 634 1647 tite
665 1593 900 1657 labores,
939 1594 1034 1648 sed
1069 1593 1260 1648 videns
1308 1593 1483 1664 ipsum
1537 1595 1672 1649 adeo
1719 1595 2044 1664 squalidum,
2077 1603 2132 1649 et

528 1685 662 1766 .sola
712 1685 1040 1756 poenitentia
1069 1701 1128 1740 se
1163 1685 1567 1755 respicientem,
1599 1685 1972 1740 misericordia
2007 1700 2130 1761 per-

546 1789 728 1836 motus
761 1790 880 1848 est,
917 1788 978 1836 ut
1010 1797 1238 1837 currens
1282 1783 1589 1852 collumque
1628 1781 1748 1852 ejus
1791 1782 2132 1852 amplexatus

547 1889 676 1929 eum
709 1875 1138 1931 deoscularetur.
1168 1873 1308 1941 Quid
1345 1891 1476 1931 vero
1509 1874 1690 1928 filius?
1733 1875 1856 1943 quis
1889 1889 1984 1928 cos
2011 1873 2133 1942 qui-

549 1967 655 2021 bus
686 1967 1113 2032 distrahebatur,
1147 1967 1377 2022 aﬂectus
1409 1965 1854 2022 enumeraverit?
1892 1966 2135 2021 Aderant

550 2059 749 2129 pudor,
783 2058 998 2113 tristitia
1024 2099 1040 2124 ,
1087 2067 1282 2124 metus,
1316 2059 1563 2128 angustia
1593 2058 1798 2120 animi,
1837 2057 2132 2122 timiditas,

552 2165 682 2221 spes
712 2150 765 2204 in
792 2151 909 2206 solo
925 2150 1198 2207 desiderio
1227 2149 1518 2214 fluctuans,
1547 2153 1810 2204 memoria
1833 2165 2014 2204 rerum
2044 2165 2132 2203 su-

550 2241 852 2312 periorum,
884 2240 1191 2295 recordatio
1227 2238 1596 2304 infandorum,
1630 2239 1886 2310 cogitatio
1920 2237 2136 2293 futuro-

552 2349 698 2386 rum.
731 2331 796 2387 Et
823 2333 925 2386 illis
956 2342 1136 2386 tamen
1160 2331 1416 2385 omnibus
1443 2345 1537 2399 per
1568 2330 1944 2399 paenitentiam
1972 2344 2135 2400 snpe-

553 2424 670 2478 rior
693 2433 794 2479 est.
827 2424 916 2477 Ait
947 2423 1133 2478 enim:
1170 2422 1353 2488 Pater,
1393 2424 1605 2490 peccavi
1643 2423 1700 2476 in
1735 2422 1921 2476 cretum
1960 2431 2010 2475 et
2049 2437 2135 2474 co—

554 2530 672 2567 ram
716 2523 764 2568 te
788 2554 803 2580 ,
837 2531 1001 2585 neque
1034 2515 1223 2584 dignus
1271 2513 1501 2582 amplius
1528 2531 1676 2579 sum,
1705 2515 1794 2584 qui
1824 2530 1974 2567 vocer
1993 2512 2137 2582 ﬁlius

555 2617 676 2662 tuus
696 2607 764 2662 ”.
793 2607 971 2677 Atque
1003 2607 1104 2662 ista
1134 2606 1408 2661 confessio
1437 2607 1618 2662 verbis
1648 2606 1810 2670 facta,
1845 2607 1915 2659 ab
1942 2606 2138 2660 animze

553 2701 742 2757 habitu
766 2716 874 2755 non
894 2687 1228 2770 discrepans,
1251 2700 1381 2754 facit
1397 2708 1454 2754 ut
1470 2710 1626 2770 pater
1642 2701 1818 2771 ipsum
1841 2709 1987 2754 veste
2001 2715 2140 2770 prae-

553 2796 712 2866 cipua
750 2795 956 2861 induat,
994 2795 1196 2850 annulo
1234 2811 1430 2850 manus
1461 2811 1573 2850 suae
1601 2795 1844 2849 actiones
1870 2794 2140 2863 obsignct,

554 2890 835 2960 pedesque
864 2887 1388 2954 calceamentis,nea
1410 2895 1663 2957 serpente
1675 2886 1852 2960 calces
1875 2887 1995 2942 laedi
2015 2903 2140 2956 pos-

555 2955 709 3044 sent,
742 2955 972 3034 muniat.
998 2978 1194 3034 Postea
1221 2989 1278 3034 et
1315 2955 1543 3033 vitulum
1570 2955 1872 3049 saginatum
1903 2955 2102 3034 mactat
2123 3018 2139 3044 ,

555 3088 865 3144 magnoque
897 3088 1021 3126 cum
1039 3072 1330 3140 splendore
1351 3080 1406 3125 et
1426 3080 1645 3140 sumptu
1662 3072 1986 3124 convivatur
2017 3087 2140 3126 cum

2232 590 2480 661 γέννημα
2525 586 2665 646 εἶναι
2723 592 2815 646 τὸν
2873 595 3240 664 προσελθόντα
3269 636 3286 662 ,
3335 598 3438 652 κᾶν
3493 598 3802 669 ἀλλοτρίαις

2233 682 2560 753 ὲπισποραῖς
2598 683 2898 748 ἐνοθεύετο,
2927 686 3020 739 καὶ
3075 689 3174 758 τῆς
3202 687 3368 740 αὑτοῦ
3417 689 3801 761 φιλανθρώπου

2233 776 2588 846 προαγωγῆς,
2633 776 2748 831 ἀλλ’
2804 778 2902 846 οὐχ
2939 778 3134 848 ἑτέρας
3178 779 3340 832 ποθὲν
3377 781 3803 850 νεωτεριζούσης

2234 867 2562 936 καταϐολῆς.
2594 869 2798 938 Μηδενὶ
2817 869 2930 940 (45)
2959 869 3014 922 δὲ
3037 869 3145 922 τῶν
3172 870 3484 924 λυπούντων
3514 872 3804 942 προδιαϐέ-

2236 976 2417 1029 μενος,
2457 960 2580 1030 μηδ’
2613 960 2891 1014 ἐπιϐαλὼν
2921 961 3145 1032 ἄλγημα
3175 965 3287 1026 τοῖς
3315 963 3685 1033 πολυχρονίοις
3706 964 3802 1017 τοῦ

2235 1053 2426 1116 παιδὸς
2484 1053 2819 1123 ἀλγήμασιν.
2880 1055 2997 1109 Αίθ⁹
3053 1055 3240 1126 ὥσπερ
3291 1074 3383 1112 σου
3429 1057 3529 1126 τῆς
3570 1057 3800 1127 πλάνης,

2232 1143 2376 1199 οὕτω
2404 1145 2610 1215 καὶτῆς
2643 1147 2982 1217 ἐπιστροφῆς
3021 1149 3114 1202 καὶ
3155 1150 3252 1217 τῆς
3281 1149 3550 1218 ἀποδοχῆς
3604 1165 3803 1202 κοινω-

2232 1240 2462 1306 νήσαιμι
2495 1237 2507 1289 !
2551 1236 2694 1290 Ἀλλ’
2733 1233 2829 1292 οὖν
2862 1240 2890 1291 ὁ
2925 1238 3308 1308 φιλάνθρωπος
3340 1241 3431 1292 καὶ
3453 1238 3658 1306 ἀγαθὸς
3706 1255 3808 1292 παι

2231 1326 2336 1398 τηρ
2369 1326 2450 1379 ἐτι
2483 1327 2672 1398 πόρρω
2717 1326 2812 1382 καὶ
2851 1327 2940 1382 διὰ
2967 1329 3133 1399 μόνης
3171 1329 3272 1392 τῆς
3330 1329 3620 1398 μετανοίας
3663 1327 3806 1397 ὁρῶν

2233 1419 2692 1489 προσερχόμενον,
2720 1420 2932 1491 καρπὸν
2964 1421 3020 1474 δὲ
3055 1421 3166 1475 οὐδ’
3195 1420 3473 1474 ὁντιναοῦν
3509 1418 3806 1490 προϐαλλό-

2236 1528 2417 1581 μενον,
2448 1511 2549 1564 ούκ
2584 1513 2836 1581 ἀνέμεινε
2865 1513 2955 1565 καὶ
3000 1513 3127 1575 τοὺς
3174 1513 3267 1565 ἐπὶ
3300 1514 3367 1582 τῇ
3418 1512 3678 1582 μετανοίᾳ
3705 1509 3805 1563 πόν

2234 1617 2377 1663 νους,
2408 1601 2520 1653 ἀλλ’
2545 1599 2668 1654 ἰδὼν
2698 1601 2860 1655 αὑτὸν
2885 1600 3030 1655 οὕτω
3054 1603 3294 1671 κατηφῆ,
3323 1602 3420 1655 καὶ
3445 1604 3512 1671 τῇ
3543 1600 3805 1671 μετανοίᾳ

2238 1693 2376 1766 μόνῃ
2393 1694 2767 1746 ἀποϐλέποντα
2785 1693 3191 1764 ἐσπλαγχνίσθη
3210 1711 3222 1724 ·
3242 1695 3335 1747 καὶ
3359 1691 3584 1763 δραμὼν
3607 1691 3805 1745 ἐπέπε-

2237 1804 2328 1840 σεν
2361 1787 2453 1839 ἐπὶ
2473 1787 2564 1839 τὸν
2589 1786 2862 1857 τράχηλον
2893 1787 3080 1851 αὐτοῦ,
3109 1788 3204 1840 καὶ
3231 1787 3598 1856 κατεφίλησεν
3621 1784 3804 1840 αὐτόν.

2237 1879 2302 1931 Τί
2332 1879 2388 1931 δὲ
2425 1881 2454 1931 ό
2481 1879 2625 1942 υίόςς
2660 1878 2744 1940 τίς
2772 1879 2860 1942 ἂν,
2891 1880 2928 1932 ἂ
2967 1878 3089 1932 τότε
3122 1877 3433 1949 διεμέριζεν
3464 1879 3649 1942 αὑτὸν,
3679 1878 3811 1930 ἀνα-

2236 1970 2503 2041 ριθμῆσαι
2533 1969 2712 2040 πάθης
2743 1968 2995 2039 αἰσχύνη,
3035 1967 3180 2037 λύπη
3203 2009 3217 2034 ,
3256 1968 3449 2038 φόϐος,
3485 1967 3690 2032 δειλία,
3713 1983 3812 2021 κα-

2234 2063 2464 2132 τήφεια,
2504 2061 2744 2125 ἐλπίδες,
2778 2061 2927 2132 μόνῳ
2957 2059 3036 2130 τῷ
3067 2059 3245 2114 θέλειν
3282 2059 3609 2112 σαλεύουσαι
3639 2099 3654 2122 ,
3684 2057 3814 2110 ἀνά-

2241 2173 2438 2228 μνησις
2471 2155 2579 2208 τῶν
2613 2154 2880 2224 ἀρχαίων,
2915 2154 3104 2224 μνήμη
3159 2151 3270 2204 τῶν
3303 2151 3636 2222 ὑπερορίων,
3677 2150 3815 2218 λογι-

2239 2249 2375 2318 σμὸς
2431 2247 2541 2300 τῶν
2594 2247 2924 2316 μελλόντων.
2980 2247 3040 2297 '0
3083 2245 3140 2298 δὲ
3189 2247 3384 2315 κρατεί
3433 2246 3499 2314 τῇ
3557 2243 3813 2313 μετανοίᾳ

2238 2341 2479 2393 πάντων.
2519 2340 2626 2390 Καί
2657 2354 2814 2408 φησιο
2847 2337 3057 2405 Πάτερ,
3086 2336 3354 2405 ἥμαρτον
3381 2337 3467 2400 είς
3494 2335 3604 2386 τὸν
3638 2335 3813 2401 οὐρα-

2237 2434 2348 2486 νὺν
2370 2431 2468 2484 καί
2491 2429 2749 2483 ἐνώπιόν
2779 2439 2895 2482 σου
2914 2469 2927 2491 ,
2955 2428 3052 2480 καὶ
3089 2425 3288 2480 οὐκέτι
3317 2423 3435 2493 εἰμί
3464 2423 3637 2488 ἄξιος
3675 2425 3816 2488 κλη-

2238 2521 2413 2591 θῆναι
2443 2522 2572 2588 υἱός
2599 2538 2737 2575 σου.
2771 2521 2881 2573 Καὶ
2922 2521 2956 2588 ή
2995 2518 3104 2572 τῶν
3139 2516 3402 2588 ῥημάτων
3431 2514 3816 2584 ἐξομολόγησις

2237 2616 2336 2686 τῆς
2364 2616 2544 2684 ψυχῆς
2589 2615 2648 2666 ού
2695 2611 3000 2682 ψευδσμένη
3056 2608 3152 2679 τὴν
3189 2608 3449 2672 διάθεσιν,
3507 2603 3816 2674 παραυτίκα

2244 2709 2342 2778 μὲν
2375 2707 2538 2761 αὐτὸν
2568 2706 2666 2776 τὴν
2699 2704 2888 2774 στολὴν
2918 2702 3094 2756 ὲνδύει
3143 2701 3240 2771 τὴν
3289 2699 3537 2770 πρώτην.
3586 2696 3694 2749 Καὶ
3726 2695 3817 2748 δα-

2241 2801 2444 2870 κτυλίῳ
2495 2799 2594 2870 τῆς
2658 2797 2839 2868 χειρὸς
2894 2796 2993 2859 τὰς
3045 2793 3278 2866 πράξεις
3329 2791 3662 2863 σφραγίζει,
3726 2788 3817 2840 καὶ

2242 2894 2554 2964 ὑποδήμασι
2581 2891 2706 2953 τοὺς
2733 2889 2923 2954 πόδας,
2958 2887 3156 2958 μηκέτι
3186 2885 3404 2938 δάκνειν
3435 2883 3526 2936 τὶν
3571 2882 3696 2946 ὅφιν
3720 2879 3816 2948 τὴν

2241 2986 2501 3058 πτέρναν,
2560 2980 2937 3050 ἀσφαλίζεται.
2989 2975 3120 3032 Εἶτα
3163 2979 3258 3032 καὶ
3311 2976 3403 3029 τὸν
3453 2974 3654 3044 μόσχον
3704 2969 3818 3022 θύει

2240 3080 2331 3133 τὸν
2367 3075 2611 3130 σιτευτὸν
2631 3117 2645 3140 ,
2675 3073 2770 3126 καὶ
2800 3070 3155 3142 εὐφραίνεται
3198 3067 3468 3138 λαμπρῶς
3497 3083 3556 3118 τε
3595 3063 3692 3116 καὶ
3722 3077 3816 3114 πο-

556 3164 734 3229 θιὶο,ὀ
759 3164 989 3218 mortuis
1014 3177 1255 3226 reverso,
1269 3170 1325 3216 et
1342 3171 1461 3231 post
1477 3161 1687 3231 longam
1707 3161 1852 3215 illam
1871 3162 2137 3231 jacturam

2243 3169 2482 3233 λυτελῶς
2530 3171 2557 3222 ό
2587 3166 2769 3237 πατὴρ
2802 3165 2936 3235 μετά
2970 3161 3064 3217 τοῦ
3111 3163 3176 3214 ὲκ
3204 3159 3413 3231 νεκρῶν
3451 3155 3818 3214 ἀναλύσαντος

556 3257 758 3312 iterum
813 3264 1052 3325 reperto.
1091 3254 1258 3310 Vides
1281 3295 1295 3319 ,
1353 3256 1626 3323 quomodo
1661 3253 1917 3323 parabola
1948 3255 2063 3309 haec
2091 3254 2144 3308 in

557 3350 845 3421 :enigmate
862 3347 1176 3403 omnium‘et
1201 3346 1628 3416 exquisitissimo
1645 3355 1698 3400 et
1712 3346 2146 3402 luculentissima

557 3443 740 3497 tradat
765 3441 866 3496 ista
893 3458 908 3495 :
944 3457 974 3494 a
1001 3441 1146 3494 bono
1176 3449 1228 3493 et
1257 3438 1553 3493 Conditorc
1584 3447 1639 3492 et
1666 3439 1925 3494 Creatore
1955 3447 2145 3493 natum

558 3543 616 3591 et
644 3543 822 3589 ortum
847 3548 969 3588 esse
1001 3541 1056 3586 ct
1096 3531 1382 3600 prodigum
1411 3530 1562 3584 illum
1591 3530 1758 3585 lilium
1780 3573 1794 3596 ,
1828 3542 1882 3586 et
1914 3531 2145 3585 alterum

557 3627 712 3683 illum
749 3625 995 3696 ejusdem
1029 3633 1201 3686 ortus,
1250 3638 1315 3677 ac
1347 3631 1459 3675 tum
1500 3631 1658 3676 aetate
1695 3629 1807 3675 tum
1845 3621 1998 3674 factis
2029 3620 2150 3690 ipso

558 3720 855 3789 majorem,
910 3719 1014 3790 qui.
1047 3727 1100 3773 et
1149 3717 1205 3772 in
1240 3716 1414 3786 patria
1451 3715 1615 3768 domo
1647 3715 2043 3784 permanserit,
2095 3723 2150 3767 et

560 3811 857 3882 pristinum
888 3811 1055 3865 decus
1085 3824 1148 3862 ac
1181 3807 1468 3862 facultates
1503 3821 1630 3861 suas
1657 3822 1781 3860 cum
1808 3805 1983 3860 astatis
2014 3821 2150 3874 prae-

563 3905 806 3975 rogativa
835 3901 1162 3956 retinuerit:
1189 3915 1298 3953 non
1327 3907 1510 3954 autem
1544 3899 1806 3965 majorem
1836 3898 1986 3952 illum
2017 3906 2150 3950 natu

564 4011 632 4050 ex
657 3995 781 4060 alia,
813 3994 1084 4048 minorem
1117 4007 1248 4047 vero
1269 3992 1454 4047 itidem
1493 4008 1557 4046 ex
1590 3992 1692 4045 alia
1721 3991 1889 4059 stirpe
1931 3999 2026 4044 aut
2053 4004 2149 4059 ge-

566 4088 852 4143 neratione
879 4087 1112 4150 derivat,
1137 4085 1234 4141 sed
1269 4094 1561 4155 utrmnque
1601 4086 1668 4139 ab
1700 4085 1890 4139 iisdem
1924 4083 2152 4154 origini-

566 4179 673 4234 bus
714 4187 770 4233 et
811 4177 1175 4248 productione
1223 4184 1280 4230 et
1326 4175 1648 4232 educatione
1701 4176 1939 4230 deducit.
1978 4174 2151 4229 Simul

2248 3261 2364 3315 υίοῦ
2414 3263 2510 3314 καὶ
2563 3259 2948 3330 ἀνευρεθέντος
2990 3254 3130 3326 μετά
3183 3253 3282 3323 τὴν
3335 3251 3557 3322 μακρὰν
3605 3245 3818 3316 ἐκείνην

2245 3353 2545 3409 ἀπώλειαν.
2589 3353 2752 3422 Ὁρᾷς
2783 3352 2931 3412 ὅπως
2962 3346 3306 3415 αἰνιγμάτων
3337 3343 3558 3396 πάντων
3592 3335 3817 3409 ἀκριϐέο

2249 3445 2440 3513 στερόν
2471 3461 2530 3497 τε
2558 3443 2652 3495 καὶ
2687 3441 3020 3509 σαφέστερον
3052 3439 3086 3508 ἡ
3119 3433 3404 3505 παραϐολὴ
3434 3429 3817 3503 παραδίδωσιν.

2262 3536 2490 3608 Ἀγαθοῦ
2525 3535 2622 3606 μὲν
2657 3533 2754 3587 καὶ
2797 3532 3033 3584 πλάστου
3066 3529 3160 3581 καὶ
3192 3526 3508 3596 πλάσματος
3542 3519 3821 3592 προελθεῖν

2247 3648 2309 3686 τε
2359 3630 2453 3683 καὶ
2494 3627 2656 3697 φῦναι
2703 3625 2794 3678 τόν
2827 3640 2888 3676 τε
2918 3623 3127 3676 ἄσωτον
3165 3619 3280 3672 υίὸν
3328 3617 3424 3670 καὶ
3465 3615 3558 3668 τὸν
3607 3608 3817 3681 ὁμοφυῆ

2249 3721 2343 3776 καὶ
2371 3717 2745 3790 πρεσϐύτερον
2767 3710 2956 3772 αὑτοῦ,
2981 3710 3077 3763 καὶ
3109 3709 3285 3780 χρόνῳ
3303 3708 3396 3760 καὶ
3423 3701 3817 3771 ἀνορθὼμασιν,

2249 3813 2309 3876 ὃς
2349 3811 2444 3864 καὶ
2482 3812 2549 3879 τῇ
2587 3807 2680 3861 τοῦ
2729 3801 2996 3875 πατρικοῦ
3042 3799 3271 3871 οἱδιαίτῃ
3301 3798 3412 3867 (ιι)
3456 3790 3820 3865 διαμεμένηκε

2249 3922 2334 3970 τε,
2373 3903 2466 3958 καὶ
2512 3903 2611 3971 τὴν
2660 3898 2933 3969 προτέραν
2971 3894 3153 3961 δόξαν,
3201 3893 3295 3945 καὶ
3334 3889 3520 3943 οὐσίαν
3565 3885 3700 3956 μετά
3729 3880 3819 3935 τοῦ

2252 3995 2547 4066 πρεσϐείου
2588 3993 2922 4060 συνετὴρησε
2949 4028 2964 4051 ,
2997 3988 3088 4040 καὶ
3114 3985 3236 4054 οὐχὶ
3273 3983 3366 4034 τὸν
3396 3981 3497 4049 μὲν
3527 3975 3824 4048 πρεσϐύτε-

2256 4106 2347 4159 ρον
2379 4086 2439 4151 ἐξ
2472 4085 2661 4155 ἄλλης,
2689 4086 2778 4136 τὸν
2808 4081 2866 4133 δὲ
2897 4080 3163 4149 νεώτερον
3193 4076 3250 4141 ἐξ
3284 4071 3664 4140 ἀντικειμένης
3693 4081 3824 4120 σπο-

2259 4180 2422 4257 ρᾶςῆ
2458 4177 2728 4248 γενέσεως
2764 4173 3033 4242 προάγει,
3066 4168 3180 4235 ἀλλ’
3222 4167 3390 4235 ἀμςω
3434 4159 3734 4257 καταϐολῆς
3765 4172 3820 4208 τε

569 4285 702 4324 vero
733 4278 787 4324 et
823 4271 926 4324 hoc
957 4269 1302 4324 considerare
1332 4267 1414 4323 fas
1450 4277 1555 4332 est,
1598 4269 1766 4336 quod.
1796 4267 1838 4322 si
1866 4268 1990 4338 quis
2017 4269 2137 4321 lilio:

2253 4251 2548 4345 τῆς-αὐτῆς
2581 4269 2672 4321 καί
2715 4265 2929 4335 φύσεως
2961 4263 3052 4314 καὶ
3091 4257 3427 4330 προαγωγῆς
3469 4255 3564 4308 καὶ
3618 4251 3823 4343 διαίτης

570 4364 636 4418 in.
662 4362 914 4433 parabola
943 4360 1030 4414 illa
1058 4367 1385 4413 memoratos
1409 4359 1702 4412 humanam
1734 4367 1980 4412 naturam
2013 4357 2137 4411 imii-

2255 4339 2584 4433 ἀναγράφει.
2604 4358 2712 4412 Καὶ
2755 4354 3075 4424 ἐπιθεωρείν
3103 4349 3391 4434 προσήκει,
3421 4345 3495 4408 ὡς
3523 4342 3576 4395 εἴ
3593 4339 3673 4404 τίς
3699 4339 3824 4401 τοὺς

570 4471 698 4511 care
736 4464 989 4520 censeat,
1023 4463 1078 4508 et
1109 4470 1205 4524 per
1233 4455 1491 4524 majorem
1539 4463 1669 4506 natu
1706 4452 1824 4504 illos
1855 4490 1867 4514 ,
1907 4450 1997 4518 qui
2031 4466 2137 4520 gra-

2257 4457 2356 4524 τῆς
2392 4431 2709 4524 παραϐολῆς
2739 4448 2888 4511 υἱοὺς
2922 4447 3020 4515 τὴν
3065 4431 3415 4512 ἀνθρωπίνην
3449 4436 3643 4507 δηλοῦν
3668 4431 3825 4501 φύσιν

572 4552 705 4604 tiam
752 4548 1036 4618 pristinam
1073 4547 1472 4610 conservarint,
1514 4563 1618 4600 nec
1653 4546 1854 4599 donum
1899 4543 2032 4604 illud
2073 4543 2137 4596 in-

2259 4523 2544 4613 ὑπολάϐοι,
2577 4546 2670 4598 καὶ
2699 4543 2787 4596 διὰ
2823 4542 2919 4611 μὲν
2952 4539 3046 4592 τοῦ
3079 4535 3450 4606 πρεσϐυτέρου
3483 4530 3626 4595 τοὺς,
3657 4528 3702 4580 οἳ
3726 4523 3826 4594 τῆν

571 4641 934 4712 temperantia
987 4655 1084 4695 sua
1127 4639 1504 4709 corruperint;
1557 4653 1653 4708 per
1693 4637 1971 4706 juniorem
2031 4651 2137 4689 veri

2258 4642 2352 4696 ἀπ’
2385 4637 2560 4710 ἀρχῆς
2580 4633 2905 4689 διεσώσαντο
2932 4632 3112 4702 χάριν,
3143 4628 3240 4681 καὶ
3263 4626 3323 4679 τὸ
3350 4625 3523 4694 δῶρον
3553 4621 3649 4689 οὐχ
3675 4618 3826 4686 ῦϐρι-

573 4747 690 4796 eos,
719 4731 810 4801 qui
837 4731 976 4786 mala
999 4747 1109 4800 pra:
1139 4731 1297 4786 bonis
1322 4730 1607 4801 elegerint,
1640 4737 1695 4784 et
1724 4727 2010 4783 facultates
2033 4743 2137 4782 sua:

2261 4749 2360 4786 σαν
2393 4728 2620 4801 ἀσωτίᾳ,
2651 4727 2740 4780 διὰ
2771 4725 2830 4779 δὲ
2855 4723 2950 4777 τοῦ
2981 4721 3247 4792 νεωτέρου
3277 4719 3402 4779 τοὺς
3438 4711 3825 4782 ἀνθελομὲνους

573 4822 791 4878 luxuria
821 4822 1179 4894 dissiparim;
1223 4823 1339 4878 sive
1367 4822 1518 4876 illum
1553 4823 1774 4892 quidem
1804 4821 2119 4892 angelorum

2256 4824 2325 4876 τὰ
2371 4819 2551 4890 φαῦλα
2575 4799 2698 4889 πρὸ
2745 4817 2852 4869 τῶν
2900 4813 3222 4883 ἀμεινόνων,
3266 4809 3360 4876 καὶ
3394 4808 3494 4875 τὴν
3526 4803 3708 4894 οὐσίαν
3739 4799 3826 4894 εἰς

577 4915 869 4970 huncvero
898 4915 1182 4968 hominum
1216 4922 1606 4984 repraesentare
1626 4913 1752 4967 hinc
1784 4922 2007 4975 statum,
2033 4912 2137 4965 him

2260 4888 2500 4966 ἀσωτίαν
2529 4888 2932 4978 ἀμειψαμένους
2955 4946 2968 4968 ,
2998 4903 3106 4956 εἴτε
3135 4901 3226 4954 τὸν
3262 4899 3358 4970 μὲν
3389 4896 3485 4966 τὴν
3515 4888 3826 4961 ἀγγελικὴν.

577 5004 956 5067 mutationem,
984 5012 1243 5069 censeat;
1274 5005 1386 5058 sive
1430 5003 1667 5072 denique
1698 5002 1908 5072 placeat
1931 5006 1947 5071 (
1974 5003 2131 5057 licebi

2256 5005 2346 5059 τὸν
2368 5004 2424 5056 δὲ
2451 5001 2549 5072 τὴν
2574 5000 2921 5070 ἀνθρωπίνην
2947 4991 3470 5065 παραδειγματίζειν
3501 4987 3827 5040 κατάστασιν

577 5097 726 5151 enim
755 5097 1020 5167 quidquid
1074 5097 1329 5168 libuerit)
1385 5113 1482 5166 per
1519 5071 1614 5151 eos
1662 5097 1966 5167 intelligere
2005 5098 2124 5152 illos

2260 5099 2358 5152 καὶ
2387 5097 2563 5168 λῆξιν.
2598 5096 2660 5148 Εἰ
2691 5092 2868 5163 βούλει
2909 5091 2964 5143 δὲ
3017 5088 3152 5158 (πῶς
3191 5087 3237 5139 δ’
3277 5085 3342 5138 ἂν
3385 5083 3449 5135 σὺ
3503 5075 3758 5149 βουληθῆς
3778 5071 3823 5139 ),

578 5164 812 5260 quorum
860 5164 949 5243 alii
991 5190 1094 5243 sub
1149 5189 1266 5259 lege
1311 5164 1404 5241 alii
1451 5189 1552 5243 sub
1594 5188 1764 5259 gratia
1821 5164 1960 5253 sint;
2010 5197 2137 5244 certi

2257 5193 2386 5253 τοὺς
2417 5164 2523 5242 ὑπὸ
2550 5189 2640 5242 τὸν
2667 5187 2831 5255 νόμον
2861 5201 2920 5234 τε
2947 5181 3040 5235 καὶ
3065 5181 3170 5232 ὑπὸ
3196 5177 3294 5248 τὴν
3324 5175 3483 5245 χάριν
3510 5171 3619 5242 (45)
3637 5210 3653 5232 ,
3679 5164 3827 5218 οὐδὲν

582 5291 811 5351 utraque
858 5282 974 5337 lucc
1000 5280 1276 5336 meditatio
1306 5281 1448 5336 clare
1481 5290 1536 5336 et
1566 5281 1684 5336 sine
1716 5283 2034 5352 exceptione
2065 5283 2137 5338 de!

2260 5283 2480 5336 ἔλαττον
2510 5279 2576 5333 δι’
2602 5277 2872 5350 ἑκατέρας
2898 5274 3132 5344 θεωρίας
3153 5267 3424 5340 λαμπρῶς
3448 5281 3508 5316 τε
3536 5262 3628 5314 καὶ
3657 5262 3827 5320 ἀναμο

653 5373 698 5405 ³⁸
741 5373 873 5429 Luc.
915 5390 1006 5438 xv,
1046 5373 1137 5429 9.-l.

1682 5465 1918 5522 γΑιιιίι,
1961 5466 2344 5523 LECTIONES
2387 5463 2473 5519 ET
2514 5459 2744 5518 NOTAE.

657 5559 771 5630 (4'5)
796 5559 1048 5626 Μηδενί.
1083 5558 1262 5614 Malim
1293 5557 1470 5630 legere
1505 5557 1691 5628 μηδέν.
1741 5557 1795 5611 Id
1843 5559 1990 5612 enim
2029 5559 2137 5630 isib

2270 5559 2348 5614 dij
2368 5557 2658 5630 jggepiapm
2682 5564 2804 5630 esse
2822 5546 2982 5630 olxoo
2999 5550 3208 5630 Plat.“th
3277 5613 3289 5623 θ

586 5609 726 5685 velle
754 5609 970 5685 videtur
997 5609 1794 5698 Νόξιὲἶξῆιὶὸῗιιιιιῖιιὶὸιιηιιί
1823 5609 2137 5682 "inani.

2470 5609 2591 5700 ζΚαί
2618 5622 2750 5700 ὑπὸ.
2775 5621 2892 5700 τὴν
2935 5617 3133 5685 χάριν.
3157 5609 3356 5700 'Varias
3382 5623 3628 5700 veterum
3668 5609 3829 5700 3131135

584 5682 1012 5768 attuleritaquie
1049 5682 1291 5754 animum
1329 5682 1658 5771 poenitentis
1710 5700 1928 5755 tristitia
1958 5701 2162 5769 majore
2263 5682 2537 5771 parabolge
2566 5682 3260 5771 eupositionesnni'emorat‘
3288 5685 3360 5765 cl.
3392 5683 3479 5771 ξιξ,
3528 5682 3824 5771 ψριιξι-ξξξιζ

588 5753 1174 5838 ἰίιιιριοτᾶβόιοιοιιιζί
1211 5753 1214 5754 ν
1279 5753 1289 5754 ί
1341 5753 1358 5771 ⁸
1715 5753 1747 5755 Π
1792 5753 1798 5754 ί
1862 5753 1869 5754 ί
2043 5753 2062 5769 ⁸
2262 5753 2316 5823 in
2357 5753 2729 5838 Explicationc
2760 5758 3268 5838 Belgicanhujuset
3299 5755 3558 5838 simiji'u‘n‘i
3607 5753 3828 5838 aliarum

663 5824 772 5912 (Η)
813 5824 1098 5909 Οἳδιαίτη.
1131 5840 1205 5898 Ita
1235 5856 1337 5898 ms.
1371 5839 1578 5897 Sensus
1611 5858 1737 5897 vero
1775 5857 1872 5913 per
1893 5856 1952 5898 sc
1975 5849 2162 5897 ostcn-
2261 5824 2665 5910 parabolarum,
2686 5849 2807 5903 quae
2835 5824 3034 5901 prodiit
3057 5824 3380 5890 A'tustelod"
3417 5824 3575 5889 1692,
3603 5824 3656 5877 4.
