4022 6402
176 418 290 480 249

1247 419 1544 480 CONTRA
1593 417 2052 480 MANICILEOS
2083 421 2319 484 LIBER
2348 426 2445 486 1V.

3329 424 3436 487 250

177 529 420 598 φιϐόλως
447 527 835 594 ἐπιδείκνυται,
860 529 936 593 ὡς
964 529 1029 582 ὲκ
1051 529 1152 600 τῆς
1179 529 1350 599 αὐτῆς
1376 530 1491 582 ἐστι
1519 531 1752 598 πατριᾶς

1860 541 2159 599 monstrat,
2204 536 2348 604 quod
2388 537 2457 591 ab
2497 535 2690 591 eodem
2740 535 2898 589 Patre
2937 543 2993 588 et
3035 537 3177 588 bono
3207 544 3264 588 et
3297 534 3436 588 Ente

177 622 276 675 καὶ
312 622 652 688 ἀγαθότητος
685 620 778 673 καὶ
818 618 1128 683 ούσιώσεως
1149 661 1165 685 ,
1196 621 1316 673 τότε
1350 621 1460 672 τῶν
1503 621 1756 690 ἀγγέλων

179 714 276 768 καί⁹
305 713 370 766 τὸ
396 711 506 765 τῶν
534 711 838 781 ἀνθρώπων
863 711 1040 780 γένος,
1068 712 1096 765 δ
1118 729 1178 766 τε
1198 712 1360 782 νόμος
1388 713 1482 766 καὶ
1516 713 1550 782 ἡ
1573 715 1755 783 χάρις,

178 805 275 858 καὶ
301 805 337 874 ἡ
380 802 490 857 τῶν
519 801 819 872 ἀνθρώπων
849 801 1015 871 φύσις
1035 841 1050 865 ,
1102 802 1207 856 κᾶν
1235 803 1266 872 ἡ
1302 801 1401 872 μὲν
1426 802 1486 856 τὸ
1517 803 1756 872 ἔμφυτον

179 894 590 949 συνδιασώσατο
620 895 900 965 χάρισμα,
941 896 974 966 ἠ
1011 895 1068 947 δὲ
1114 894 1214 965 τῆς
1251 895 1462 964 δωρεᾶς
1507 894 1606 966 τὴν
1651 896 1757 949 ὰπ-

175 986 381 1042 ώλειαν
411 987 806 1042 ἀντεσπάσατο.
828 987 936 1040 Kal.
954 988 1078 1054 τόγε
1104 990 1202 1059 τῆς
1221 987 1538 1060 παραϐολῆς
1565 1005 1758 1058 χρησι-

176 1078 437 1152 μώτατόν
467 1096 526 1132 τε
571 1082 666 1132 καὶ
694 1078 1171 1146 θαυμασιώτατον,
1209 1080 1286 1143 ὼς
1319 1083 1449 1150 μιᾶς
1475 1097 1623 1144 τινος
1648 1080 1756 1134 τῶν

175 1168 350 1238 τριῶν
383 1168 581 1238 μοίρας
625 1170 936 1240 κρατούσης
965 1170 1115 1224 οὐδὲν
1154 1169 1398 1234 ἔλαττον,
1440 1171 1472 1241 ἢ
1513 1171 1673 1241 είπερ
1700 1173 1756 1224 αί

177 1264 332 1331 τρεῖς
359 1262 459 1332 τὴν
491 1261 614 1331 ἴσην
637 1261 968 1333 ἐκληροῦντο
991 1264 1172 1335 νίκην,
1199 1265 1301 1333 τῆς
1329 1266 1666 1331 ἀποστασίας
1698 1267 1755 1320 τὸ

176 1354 438 1423 φρόνημα
461 1354 892 1408 καταϐάλλεται.

250 1446 335 1498 Λ’.
381 1445 752 1500 Καταϐάλοιτσ
774 1447 818 1500 δ’
847 1446 912 1501 ἂν
943 1436 1163 1518 ὁμοίως,
1198 1449 1293 1501 καὶ
1317 1447 1399 1512 οἷς
1420 1451 1548 1512 τοὺς
1571 1451 1757 1519 Γραμ-

178 1538 377 1602 ματεῖς
423 1537 518 1591 καὶ
553 1539 879 1609 Φαρισαίους
909 1538 1015 1592 τῶν
1071 1539 1343 1592 Ἰουδαίων
1389 1539 1700 1603 ὲταλάνιζεν
1727 1541 1757 1592 ό

173 1629 436 1698 Χριστὸς,
473 1631 552 1684 ὅτι
579 1631 688 1682 τῶν
717 1631 828 1698 (46)
862 1631 960 1698 μὲν
988 1631 1286 1701 δεδομένων
1316 1633 1497 1694 αὐτοῖς
1519 1632 1756 1701 ἠμέλουν

175 1719 383 1789 νόμων,
428 1720 526 1782 τὰς
576 1721 632 1774 δὲ
688 1721 827 1784 ἰδίας
859 1721 1172 1792 ἔμπροσθεν
1221 1719 1379 1794 ἦγον.
1435 1724 1581 1777 οὐαὶ
1624 1724 1752 1794 γὰρ,

175 1811 368 1880 φησὶν,
407 1810 569 1880 ὑμῖν,
600 1811 805 1882 ὁδηγοὶ
850 1813 945 1867 καὶ
981 1815 1201 1883 τυφλοὶ
1232 1818 1286 1868 οἱ
1318 1816 1621 1884 λέγοντες·
1659 1817 1754 1878 Ὃς

173 1901 256 1998 (“Ir
282 1901 478 1998 ὀρόσῃ
606 1901 684 1967 τῷ
709 1901 831 1968 ναῷ
853 1903 1036 1958 οὐδέν
1061 1904 1249 1958 ἐστιν·
1285 1904 1353 1970 ὃς
1378 1904 1429 1956 δ’
1459 1903 1537 1959 ἂν
1559 1906 1751 1974 ὀμόσῃ

172 1990 244 2041 ἐν
268 1990 353 2054 τῷ
388 1990 596 2060 χρυσῷ
634 1990 739 2045 τοῦ
766 1991 938 2055 ναοῦ,
975 1993 1204 2061 ὀφείλει
1227 2035 1240 2057 ,
1274 1994 1556 2046 τουτέστιν
1585 1993 1752 2046 ὑπεύ-

175 2080 336 2143 ουνὸς
388 2085 504 2135 ἐστι
534 2082 710 2150 δίκης,
736 2081 812 2145 ὡς
840 2083 1166 2155 παραϐάτης
1208 2084 1392 2154 ὅρκου,
1433 2081 1564 2137 Εἶτα
1589 2087 1752 2155 ὁρᾶτε

168 2174 235 2227 τὸ
262 2173 494 2244 μέγεθος
518 2175 670 2243 ὑμῶν
707 2175 805 2245 τῆς
838 2174 1045 2245 πλάνης
1066 2216 1082 2238 ,
1110 2177 1216 2230 κᾶν
1248 2176 1364 2243 νῦν,
1405 2179 1456 2230 εί
1506 2178 1580 2249 μὴ
1615 2179 1750 2248 πρό·

169 2280 355 2334 τερον.
394 2263 620 2331 Ἐπάγει
647 2263 757 2334 γὰρ
791 2269 912 2327 ταῖς
959 2266 1360 2336 προλαϐούσαις
1397 2269 1754 2338 ἐπιτιμήσεσι

170 2357 270 2410 καὶ
292 2356 489 2410 ταῦτα’
519 2357 716 2424 Μωροὶ
741 2357 843 2411 καὶ
874 2358 1115 2426 τυφλοί,
1148 2360 1234 2424 τίς
1265 2358 1478 2427 μείζων
1499 2361 1692 2425 ἐστίν,
1719 2363 1752 2414 ὀ

168 2447 428 2516 χρυσὸς,
451 2447 494 2516 ἦ
525 2449 556 2501 ὀ
580 2448 728 2514 ναὸς
750 2447 1001 2518 ἁγιάζων
1021 2450 1129 2503 τὸν
1155 2450 1391 2518 χρυσόν
1413 2466 1432 2513 ;
1461 2451 1573 2520 Οὐχ
1599 2451 1752 2518 ἆγιον

172 2538 342 2608 μόνον
372 2540 467 2593 τὸν
490 2539 712 2610 νομικὸν
737 2540 885 2608 ναὸν,
908 2541 1044 2595 ἀλλὰ
1070 2543 1165 2596 κα)⁵
1194 2544 1292 2611 τὴν
1324 2543 1430 2612 γῆν
1464 2543 1748 2611 ἁγιότητος

169 2632 270 2684 καὶ
296 2630 582 2699 γινώσκων
629 2633 726 2684 καὶ
769 2633 1082 2687 ἀποκαλῶν.
1151 2634 1289 2686 Ἀλλ’
1337 2635 1366 2687 ὁ
1417 2635 1514 2705 μὲν
1561 2635 1752 2704 Σωτὴρ

168 2723 432 2794 τοιαύτην
457 2724 636 2792 ἀφῆκε
664 2724 845 2794 ψῆφον
873 2727 1002 2796 περὶ
1029 2724 1125 2778 τοῦ
1146 2725 1298 2780 ναοῦ·
1327 2727 1487 2794 ὑμεῖς
1515 2726 1559 2778 δ’
1589 2726 1752 2779 αὑτὸν

168 2816 234 2868 ού
266 2815 521 2884 φρίττετε
549 2815 906 2886 καθυϐρίζειν
930 2819 1030 2888 την
1051 2818 1292 2890 ἐσχάτην
1315 2817 1492 2888 ὓϐριν,
1516 2817 1754 2889 πολεμίᾳ

169 2907 665 2976 προσανατιθέντες
698 2908 860 2980 χειρί.
896 2910 1004 2962 Καὶ
1027 2909 1168 2963 τίσιν
1191 2909 1258 2964 ἂν
1291 2909 1491 2977 μᾶλλον
1511 2909 1598 2974 τὸ,
1628 2926 1750 2976 μω-

160 2999 265 3068 ροὶ
296 3001 397 3054 καὶ
428 3001 645 3069 τυφλοὶ
670 3041 686 3065 ,
730 3002 1060 3070 ὲφαρμόσειε
1087 3041 1104 3066 ,
1130 3003 1244 3063 τοῖς
1284 3001 1605 3071 τετιμηκόσι
1652 2999 1752 3069 μὲν

165 3091 247 3156 ὡς
281 3093 474 3160 ἁγίους
505 3093 706 3162 ἄμφω,
741 3093 1176 3164 προτετιμηκόσι
1222 3093 1279 3145 δὲ
1316 3092 1410 3145 τὸν
1459 3092 1682 3162 χρυσὸν,
1716 3089 1748 3161 ἢ

1859 623 2274 692 proficiscantur
2297 634 2352 681 et
2373 627 2692 697 angelorum
2731 638 2788 680 et
2817 624 3099 680 hominum
3131 639 3323 694 genus,
3353 624 3436 676 lex

1859 714 1990 770 item
2014 725 2069 771 et
2097 719 2286 788 gratia,
2311 726 2365 772 et
2391 718 2670 772 hominum
2698 726 2913 780 natura,
2949 716 3062 770 sive
3092 715 3178 768 illa
3210 715 3436 768 insitum

1858 809 2061 863 bonum
2095 811 2458 874 conservarit,
2492 810 2605 864 sive.
2653 826 2752 880 pro
2792 811 2937 864 dono
2979 808 3164 878 gratiae
3207 807 3436 861 exitium

1858 902 2148 970 receperit.
2183 901 2448 970 Quodque
2475 903 2542 955 in.
2567 901 2667 954 hac
2699 901 2956 970 parabola
2985 909 3041 954 et
3075 897 3432 953 utilissimum

1857 1003 1913 1048 et
1941 993 2272 1063 praecipuum
2295 1001 2410 1052 est,
2439 993 2580 1061 quod
2617 992 2825 1046 scilicet
2854 1007 2958 1044 una
2989 998 3231 1060 potestas
3263 989 3438 1041 tribus

1858 1083 1965 1138 illis
1993 1084 2322 1146 dominetur,
2359 1084 2410 1137 id
2441 1099 2549 1135 non
2577 1083 2782 1146 minus,
2814 1097 2879 1136 ac
2907 1081 2952 1134 si
2985 1091 3098 1134 tres
3129 1080 3232 1133 illa:
3254 1093 3436 1146 aequa-

1858 1174 1962 1228 lem
1991 1175 2276 1228 victoriam
2308 1175 2658 1236 retulissent,
2703 1182 3074 1242 apostatarum
3103 1169 3433 1225 sententiam

1857 1267 2171 1337 prosternit.
2747 1266 2750 1267 ⁷

1928 1444 2094 1498 XXX.
2137 1443 2519 1497 l’rostcrnetur
2571 1458 2699 1498 veno
2741 1425 2806 1496 ea
2853 1438 3106 1494 similiter
3152 1452 3249 1506 per
3295 1435 3428 1500 ista,
3491 1451 3496 1460 ε

1856 1537 2054 1607 quibus
2079 1536 2329 1590 Christus
2351 1534 2570 1590 Scrihas
2591 1543 2645 1588 et
2677 1533 2975 1586 Pharisaeos
2998 1530 3309 1584 Judaeorum
3335 1528 3433 1580 Ini-

1858 1644 2009 1683 seros
2037 1627 2412 1696 proclamavit,
2435 1626 2559 1695 quia
2590 1626 2734 1694 leges
2765 1623 2897 1692 ipsis
2924 1622 3078 1673 datas
3098 1619 3433 1687 negligentes

1859 1719 2138 1774 ratiocinia
2183 1734 2279 1773 sua
2312 1718 2520 1788 potiora
2547 1718 2857 1771 ducebant:
2905 1713 2994 1765 ναι
3027 1712 3195 1776 enim,
3231 1707 3429 1777 inquit,

1857 1811 2018 1872 vobis,
2049 1811 2199 1862 duces
2229 1819 2276 1862 et
2297 1810 2439 1872 cwci,
2466 1809 2554 1877 qui
2578 1807 2751 1860 dicitis
2789 1819 2806 1858 :
2837 1804 3146 1871 Quicunque
3166 1799 3431 1868 juraverit

1855 1919 1948 1971 per
1979 1901 2248 1969 templum,
2285 1900 2416 1952 nihil
2437 1909 2541 1965 est;
2571 1899 2658 1964 qui
2685 1913 2805 1950 vero
2828 1895 3093 1964 juraverit
3124 1909 3215 1962 per
3244 1906 3434 1943 aurum

1855 1994 2051 2062 templi.
2067 1995 2212 2047 debet
2234 1994 2296 2045 ³³.
2319 1993 2542 2056 llocest,
2561 1989 2774 2046 crimini
2790 1996 2872 2042 est
2890 1986 3160 2041 obnoxius
3176 1996 3433 2051 tanquam

1855 2099 2224 2157 transgressor
2256 2084 2572 2154 juramenti.
2617 2082 2842 2143 Deinde,
2886 2080 3065 2133 videte
3107 2074 3435 2146 magnitudi-

1853 2196 1979 2234 nem
2009 2177 2211 2252 erroris
2238 2175 2406 2230 vestri
2437 2175 2523 2230 vel
2553 2188 2730 2234 nunc,
2763 2173 2806 2226 si
2843 2171 3024 2224 minus
3054 2177 3236 2222 antea.
3271 2165 3437 2219 Addit

1853 2273 1998 2326 enim
2039 2268 2473 2339 praecedentibus
2499 2263 2975 2334 objurgationibus
3005 2269 3059 2314 et
3087 2261 3190 2313 ista
3223 2275 3237 2310 :
3273 2254 3436 2310 Stulti

1852 2373 1901 2418 et
1926 2363 2070 2416 neci.
2101 2361 2224 2431 quid
2261 2359 2436 2428 majus
2477 2367 2575 2416 est.
2603 2371 2862 2409 aurumne
2894 2369 2963 2405 an
2998 2349 3267 2418 templum,
3299 2345 3438 2417 quod

1851 2453 2147 2520 sanctiﬁcat
2183 2467 2373 2504 aurum
2408 2449 2491 2501 ³δῖ
2527 2448 2616 2500 ubi
2651 2463 2758 2498 non
2808 2445 2982 2499 solum
3031 2441 3291 2510 templum
3333 2437 3436 2492 sub

1854 2545 1968 2613 lege
2023 2551 2288 2596 structum
2333 2549 2604 2601 sanctum,
2645 2537 2738 2591 sed
2786 2545 2840 2589 et
2880 2545 3080 2588 terram
3129 2528 3436 2586 sanctitatis

1851 2638 2067 2707 plenam
2103 2633 2350 2705 agnoscit
2383 2642 2439 2686 et
2469 2629 2722 2700 appellat.
2751 2627 2858 2681 Sed
2888 2625 3034 2679 hanc
3061 2623 3279 2692 quidem
3305 2634 3436 2674 sen-

1855 2729 2080 2783 tentiam
2130 2727 2198 2781 de
2247 2723 2450 2792 templo
2498 2721 2753 2776 Servatur
2803 2719 2906 2773 fert
3001 2714 3112 2770 Vos
3160 2728 3290 2767 vero
3323 2726 3435 2765 non

1852 2819 2118 2877 veremini
2157 2818 2391 2871 maxima
2440 2815 2570 2869 illud
2625 2811 2923 2883 ignominia
2958 2808 3175 2862 allicere
3199 2847 3213 2867 ,
3250 2803 3436 2858 hostili

1851 2912 2039 2967 manui
2068 2917 2352 2980 acceptum
2391 2907 2662 2963 ferentes?
2694 2903 2758 2958 Et
2786 2905 2852 2957 ad
2885 2918 3021 2972 quos
3059 2900 3231 2970 magis
3273 2911 3438 2952 voces

1851 3003 1990 3067 illas,
2029 3002 2175 3055 stulti
2201 3009 2248 3054 et
2271 3001 2396 3054 eieci
2417 3039 2433 3063 ,
2479 2998 2678 3052 referat
2711 2995 2779 3049 ad
2811 3008 2978 3048 eosne
3007 2992 3098 3061 qui
3136 2999 3436 3057 utrumque

1853 3105 1912 3149 ut
1943 3103 2191 3148 sanctum
2239 3092 2462 3154 colunt,
2499 3104 2692 3143 aurum
2731 3102 2864 3141 vero
2901 3084 3226 3154 prteferunt;
3265 3096 3334 3134 an
3367 3079 3434 3132 ad

164 3186 284 3244 τοῖς
319 3184 418 3236 καὶ
452 3183 545 3237 τὸν
589 3184 716 3237 ναὸν
757 3183 918 3237 αὑτὸν
966 3186 1060 3237 καὶ
1094 3183 1272 3237 πάντα
1322 3183 1390 3236 τὰ
1419 3185 1476 3235 ἐν
1507 3182 1652 3254 αύτῷ
1682 3187 1750 3254 τῇ

1858 3188 1992 3250 illos,
2025 3187 2120 3256 qui
2156 3193 2212 3240 et
2254 3184 2512 3253 templum
2548 3181 2746 3250 ipsum,
2801 3186 2855 3232 et
2893 3178 3076 3230 omnia
3110 3190 3228 3244 quze
3271 3174 3328 3226 in
3367 3186 3436 3225 eo

167 3273 483 3344 βλασφήμῳ
537 3272 809 3327 διασπῶσι
869 3274 1108 3348 γλώττῃ,
1161 3276 1257 3328 καὶ
1318 3274 1395 3345 μὴ
1451 3274 1746 3344 πεφρικόσι

1858 3287 2046 3342 erant,
2081 3278 2264 3347 lingua
2305 3274 2569 3328 maledica
2619 3269 3015 3341 proscindunt,
3049 3281 3151 3320 nec
3200 3263 3438 3318 infandis

165 3367 436 3437 ἀρρήτοις
463 3364 654 3437 ὕϐρεσι
687 3367 1076 3432 καταπλύνειν,
1105 3369 1201 3421 καὶ
1240 3367 1622 3438 διωθουμένοις
1649 3369 1748 3439 τῆς

166 3456 520 3528 ἀγαθουργοῧ
535 3459 790 3530 προνοίας
807 3461 891 3523 εἰς
911 3460 1010 3530 τὴν
1028 3460 1402 3514 ἀνυπόστατον
1423 3462 1523 3531 τῆς
1543 3479 1605 3513 τυ
1612 3478 1714 3532 ραν
1727 3491 1746 3503 -

164 3548 314 3612 νίδος
348 3548 608 3603 ἐπίνοιαν.
638 3545 791 3603 Εἶτα·
817 3551 925 3604 Kal
949 3549 1018 3616 ὃς
1036 3550 1146 3620 (47)
1174 3551 1226 3604 δ’
1248 3550 1325 3605 ἂν
1353 3553 1547 3621 ὀμόσῃ
1573 3555 1644 3606 ἐν
1669 3551 1749 3618 τῷ

166 3641 605 3708 θυσιαστηρίῳ,
631 3641 814 3696 οὐδέν
835 3642 1009 3696 ἐστιν
1033 3659 1047 3674 ·
1081 3643 1148 3709 ὃς
1169 3646 1220 3696 δ’
1257 3643 1334 3697 ἂν
1361 3645 1552 3714 ὀμόσῃ
1580 3644 1650 3698 ὲν
1669 3643 1750 3709 τῷ

165 3731 340 3800 δώρῳ
364 3731 447 3799 τῷ
484 3731 686 3786 ἐπάνω
725 3734 832 3787 τοῦ
863 3737 1320 3804 θυσιαστηρίουζ
1356 3736 1599 3805 ὀφείλει,
1639 3738 1748 3791 Καὶ

164 3827 293 3889 ταῖς
325 3825 468 3890 ίσαις
507 3826 814 3895 παροινίαις
851 3827 942 3898 ἴση
975 3827 1136 3882 πάλιν
1161 3829 1255 3881 καὶ
1284 3831 1318 3899 ἡ
1349 3828 1744 3899 παρατίμησις.

170 3917 378 3985 Μωροί
405 3917 506 3972 καὶ
530 3919 752 3988 τυφλοί
764 3919 786 3972 .’
805 3920 864 3972 τί
891 3921 1002 3988 τὰρ
1024 3918 1224 3989 μεῖζον
1243 3959 1257 3981 ,
1282 3919 1348 3973 τὸ
1377 3919 1586 3987 δῶρον,
1616 3919 1653 3988 ἣ
1684 3921 1748 3972 τὸ

170 4007 620 4078 θυσιαστήριον
647 4008 715 4063 τὸ
746 4009 986 4080 ἁγιάζον
1020 4010 1089 4062 τὸ
1117 4009 1348 4078 ὃῶρον;
1398 4011 1472 4063 Οὐ
1503 4011 1592 4063 τὸν
1621 4011 1749 4064 ναὸν

169 4100 364 4170 μόνον,
398 4100 534 4154 ἀλλὰ
577 4101 754 4154 καὶτὸ
799 4101 1182 4173 θυσιαστήριον
1228 4101 1498 4172 πηγάζειν
1523 4102 1696 4170 λέγων
1721 4105 1748 4154 ὁ

165 4192 366 4263 Σωτὴρ
393 4192 490 4263 τῆς
518 4194 826 4263 ἁγιότητος,
859 4196 956 4247 καὶ
1001 4194 1132 4264 ἇγια
1169 4194 1268 4264 μὲν
1317 4193 1532 4248 ἅπαντα
1558 4195 1627 4246 τὰ
1653 4193 1746 4247 τοῦ

168 4283 348 4353 ἱεροῦ*
378 4288 579 4355 μετοχῇ
612 4285 670 4338 δὲ
717 4286 810 4338 καὶ
841 4286 1125 4356 μεταδόσει
1167 4288 1234 4339 τὰ
1280 4285 1380 4356 μὲν
1425 4286 1535 4339 τῶν
1579 4285 1750 4353 ἁγίων

165 4375 268 4446 τὴν
299 4375 525 4445 πρώτην
557 4376 638 4438 είς
675 4376 842 4447 τιμὴν
871 4375 1222 4448 ἐκληρώσατο
1246 4377 1420 4441 τάξιν,
1452 4375 1523 4428 τὰ
1547 4376 1604 4429 δὲ
1632 4377 1751 4429 δευ-

165 4465 413 4537 τερεύει.
454 4468 564 4520 Kal.
598 4467 722 4529 τοὺς
765 4467 1054 4531 Ἰουδαίους
1085 4469 1184 4537 οὐχ
1214 4469 1295 4520 ὅτι
1342 4469 1748 4539 πεπαρῳνήκα-

1855 3369 2119 3428 conviciis
2146 3380 2410 3424 temerare
2445 3368 2691 3428 horrent,
2724 3380 2786 3419 ac
2820 3379 2848 3416 a
2884 3359 3228 3432 providentia
3264 3364 3436 3412 bene-

1855 3464 1955 3519 ﬁca
1975 3464 2040 3516 ad
2061 3478 2232 3516 vanos
2249 3457 2552 3530 tyrannidis
2565 3463 2862 3524 conceptus
2887 3452 3200 3522 propellunt
3217 3447 3438 3517 ?Pergit

1858 3555 2119 3609 Dominus
2138 3571 2150 3605 :
2170 3552 2237 3606 Et
2251 3549 2608 3620 quijuraverit
2629 3563 2721 3615 per
2739 3545 2930 3606 altare,
2949 3541 3161 3595 nihilest
3178 3558 3196 3594 :
3210 3541 3300 3610 qui
3317 3553 3440 3592 vero

1849 3643 2113 3713 jurauerit
2143 3656 2234 3709 per
2258 3640 2452 3691 donum
2482 3690 2491 3700 ,
2521 3634 2661 3704 quod
2691 3641 2765 3686 est
2791 3647 2946 3696 super
2971 3628 3157 3690 altari,
3191 3625 3337 3678 debet
3365 3623 3435 3676 ³⁵.

1857 3731 2035 3788 Simili
2061 3730 2186 3783 huic
2214 3724 2516 3780 insolentia:
2537 3723 2736 3778 similis
2760 3719 3079 3790 impingitur
3104 3713 3433 3785 obiurgatio.

1854 3823 2016 3879 Stulti
2042 3833 2089 3876 et
2116 3821 2273 3875 σαντί]
2297 3820 2422 3890 quid
2445 3820 2586 3872 enim
2612 3815 2787 3884 majus
2811 3822 2908 3872 est,
2945 3812 3142 3864 donum
3164 3823 3233 3860 an
3255 3805 3438 3858 altare

1857 3915 1994 3986 quod
2022 3913 2319 3982 sanctiﬁcat
2345 3913 2538 3964 donum
2559 3909 2626 3962 “.
2649 3907 2728 3961 lbi
2753 3906 3012 3960 Servator
3034 3915 3143 3954 non
3174 3897 3437 3966 templum

1857 4007 2052 4068 solum,
2094 4005 2186 4060 sed
2219 4011 2273 4058 et
2303 4003 2475 4057 altare
2506 4001 2711 4055 fontem
2744 4013 2865 4053 esse
2899 3997 2974 4050 ait
3012 3990 3338 4048 sanctitatis.
3374 3987 3442 4042 Et

1858 4109 2044 4154 sancta
2075 4097 2293 4167 quidem
2325 4105 2483 4149 erant
2528 4092 2710 4146 omnia
2746 4106 2863 4159 qum
2897 4089 2954 4142 in
2986 4085 3189 4154 templo
3231 4091 3391 4137 erant
3424 4101 3436 4133 :

1856 4189 1913 4242 in
1965 4185 2418 4242 communicanda
2457 4198 2589 4237 vero
2628 4191 2682 4234 et
2727 4176 3101 4234 distribuenda
3148 4174 3444 4228 sanctitate

1855 4280 1960 4334 alia
2016 4279 2234 4348 quidem
2284 4276 2518 4346 primum
2571 4275 2748 4327 locum
2824 4269 3013 4324 sortita
3078 4276 3267 4328 erant,
3335 4262 3442 4317 alia

1856 4370 2175 4425 secundum.
2208 4368 2272 4422 Et
2299 4369 2525 4422 Judaeos.
2551 4366 2792 4436 quidem,
2834 4379 2947 4417 non
2980 4361 3123 4431 quod
3151 4367 3442 4414 contume-

1855 4461 2022 4516 liosos
2039 4476 2096 4516 se
2111 4460 2165 4513 in
2185 4475 2246 4514 ea
2262 4459 2648 4530 praestiterant,
2667 4457 2766 4511 sed
2793 4455 2934 4525 quod
2954 4453 3204 4508 ordinem
3235 4450 3438 4503 immu-

169 4574 256 4611 σιν
284 4556 401 4626 (48)
434 4557 494 4610 ὲν
537 4559 740 4623 αὐτοῖς,
771 4557 884 4612 ἀλλ’
910 4560 990 4612 ὅτι
1033 4559 1133 4630 τὴν
1171 4557 1321 4623 τάξιν
1345 4559 1748 4630 τετολμήκασιν

1858 4563 1971 4609 taro
2038 4555 2158 4608 ausi
2214 4560 2366 4607 erant
2399 4593 2414 4616 ,
2484 4552 2573 4605 lux
2623 4548 2853 4615 mundi,
2916 4542 3289 4601 substantialis
3343 4538 3442 4592 Dei

166 4648 446 4717 ἀμεῖψαι,
485 4649 547 4702 τὸ
591 4649 686 4702 τοῦ
731 4651 936 4720 κόσμου
991 4650 1140 4720 φῶς,
1185 4651 1610 4721 ηὲνυπόστατος
1659 4655 1752 4706 τοῦ

167 4738 308 4791 Θεοῦ
343 4739 504 4807 σοφία
528 4781 542 4806 ,
572 4740 805 4808 τυφλοὺς
850 4741 942 4794 καὶ
979 4742 1195 4811 μωροὺς
1239 4742 1613 4806 καταδικάζει.
1645 4745 1755 4796 Kal.

166 4833 195 4882 ὁ
230 4831 336 4901 μὲν
363 4833 454 4885 τὸν
476 4832 694 4903 Πατέρα
721 4833 900 4898 καλῶς
929 4832 1104 4898 εἰδὼς,
1139 4833 1351 4898 οὐδεὶς
1373 4837 1481 4904 γὰρ
1502 4831 1626 4889 οἶδε
1650 4836 1756 4889 τὸν

168 4920 442 4990 Πατέρα,
477 4926 530 4977 εί
563 4925 648 4993 μὴ
677 4928 710 4978 ὀ
753 4926 882 4991 Υἱὸς
912 4927 1010 4979 καὶ
1040 4919 1088 4993 ᾧ
1116 4925 1224 4978 ἐὰν
1275 4928 1308 4979 ό
1357 4925 1489 4991 Υἱὸς
1526 4926 1754 4979 ἀποκα-

166 5016 346 5084 λύψῃ
380 5029 394 5043 ·
433 5011 588 5079 οὗτος
621 5019 720 5086 τὴν
757 5019 916 5088 χάριν
955 5019 1087 5089 ἡμῖν
1119 5017 1195 5088 τῷ
1234 5017 1484 5088 πατρικῷ
1517 5018 1630 5087 ναῷ
1662 5020 1756 5073 καὶ

167 5104 247 5174 τῷ
273 5105 650 5177 θυσιαστηρίῳ
691 5107 1088 5178 παραγυμνῶν,
1119 5107 1259 5161 αὐτὰ
1298 5108 1392 5160 καὶ
1423 5107 1759 5177 μεταδιδόναι

167 5197 281 5251 τῶν
333 5197 621 5268 ἀγιασμῶν
671 5199 994 5254 ἐκδιδάσκει.
1044 5199 1116 5251 Σὺ
1145 5197 1222 5262 δὲ,
1271 5196 1348 5251 ib!
1395 5199 1447 5251 τί
1499 5215 1556 5251 σε
1587 5198 1651 5252 ἄν
1677 5216 1760 5262 τις

172 5287 355 5342 εἰπὼν
388 5290 554 5356 ἀξίως
601 5293 932 5359 προσείποι;
973 5293 1034 5345 τὸ
1076 5291 1186 5364 γὰρ
1223 5289 1632 5362 ἀνυπέρϐλητον
1665 5291 1760 5362 τῆς

1863 4647 2148 4717 sapientia,
2175 4661 2348 4702 caecos
2384 4653 2438 4699 et
2471 4644 2666 4700 stultos
2689 4642 2944 4712 appellat.
2989 4640 3058 4693 Et
3096 4637 3185 4706 qui
3221 4635 3440 4687 Patrem

1862 4740 2000 4793 bene
2021 4745 2182 4792 norat
2216 4756 2229 4791 :
2262 4737 2428 4790 Nemo
2463 4736 2600 4789 enim
2631 4735 2850 4788 Patrem
2881 4732 3019 4785 novit
3049 4729 3148 4781 nisi
3175 4726 3360 4787 Filius,
3390 4731 3443 4776 et

1861 4831 1945 4883 cui
1984 4828 2155 4881 Filius
2204 4826 2612 4889 revelaverit";
2653 4825 2741 4878 hic
2786 4824 3013 4893 gratiam
3060 4815 3222 4870 nobis
3265 4811 3444 4866 Patris

1862 4937 1958 4993 per
1986 4921 2247 4992 templum
2276 4929 2331 4974 et
2356 4919 2526 4973 altare
2555 4917 2950 4987 explicaturos,
2976 4911 3158 4971 docet,
3184 4905 3273 4960 illa
3305 4903 3440 4956 alias

1863 5035 2078 5090 quoque
2106 5034 2192 5072 res
2223 5017 2530 5072 sanctitatis
2557 5013 2850 5085 participes
2879 5008 3130 5064 reddere.
3170 5003 3254 5056 Tu
3283 5012 3447 5064 vero,

1863 5120 1920 5165 at
1955 5127 2063 5180 quo
2093 5110 2315 5165 nomine
2347 5119 2399 5163 te
2438 5109 2600 5178 digne
2645 5105 2779 5158 satis
2812 5101 3098 5172 quisquam
3139 5093 3438 5164 exceperit,

1863 5218 1986 5256 cum
2034 5201 2416 5271 insuperabilis
2464 5199 2689 5253 audacia
2745 5205 2798 5249 te
2842 5195 3001 5264 longe
3043 5191 3180 5245 ultra
3215 5187 3442 5242 stultum

1866 5300 1920 5347 et
1949 5307 2155 5348 caecum
2198 5293 2426 5348 evehat!
2460 5289 2581 5344 Non
2625 5287 2834 5343 vereris
2878 5299 2970 5340 res
3002 5286 3219 5338 san'ctas
3266 5277 3445 5348 primo

242 5429 294 5461 ³³
330 5427 522 5482 Matth.
565 5438 725 5493 XXIII,
769 5428 857 5482 16.
931 5429 978 5462 ³⁵
1016 5429 1149 5484 ibid.
1190 5429 1246 5484 7.
1323 5429 1368 5462 ³⁸
1397 5427 1531 5484 ibid.
1567 5428 1657 5493 18,
1734 5430 1752 5461 ⁸

1858 5428 1953 5484 )id.
1988 5429 2075 5484 l9.
2157 5429 2200 5461 ³⁷
2227 5429 2422 5484 Matth.
2458 5445 2535 5496 XI,
2567 5427 2660 5482 27.

1277 5560 1512 5618 γΑιιω
1549 5558 1933 5616 LECTIONES
1958 5560 2047 5615 ET
2087 5559 2322 5617 NOTAE.

571 5697 660 5786 §ic
685 5699 882 5786 scripsi
908 5716 1008 5771 pro
1040 5692 1138 5768 ὧν,
1167 5701 1310 5786 quod
1340 5709 1460 5786 erat
1484 5700 1538 5754 in
1578 5715 1682 5786 ms.

237 5769 356 5850 (η)
400 5769 526 5833 Ὃς.
577 5769 816 5842 Reposui
867 5769 974 5829 hoc
1022 5789 1122 5842 pro
1167 5769 1271 5839 ὡς,
1305 5771 1450 5842 quod
1495 5771 1756 5827 mendose

168 5851 286 5896 erat
319 5855 374 5894 In
405 5855 504 5895 ms.

1939 5699 2048 5771 (48)
2087 5700 2623 5771 Πεπαρῳνήκασιν.
2679 5699 2758 5754 Ita
2809 5699 3052 5754 scribere
3094 5693 3330 5771 debebat
3377 5693 3446 5746 li-

1863 5767 2083 5859 brarius
2105 5815 2118 5836 ,
2151 5767 2264 5842 pro'
2285 5788 2352 5828 eo
2400 5767 2550 5842 quod
2579 5771 2843 5827 mendose
2889 5767 3132 5826 exaravit
3177 5779 3438 5835 πεπαρφ-

1865 5859 2082 5899 νυκασι.

3486 1347 3492 1422 ἓ
