4022 6418
582 418 685 485 251

1752 417 2018 477 ΡΗΟΤΙῙ
2058 418 2567 478 ΡΑΤΒΙΑΒΟΗᾸΕ
2608 419 2713 477 CP.

3739 412 3839 457 οφ

3742 447 3841 473 aid-3

579 533 760 587 omnis
793 527 1217 584 abominationis
1249 528 1459 584 auctori
1497 537 1753 598 acceptas
1781 528 1957 582 terre?
1982 531 2158 597 Atque

2261 528 2467 599 τόλμης
2496 528 2830 601 πορρωτέρω
2860 545 2919 582 σε
2954 545 3049 581 και
3082 526 3267 597 μωροῦ
3300 526 3394 580 καὶ
3429 522 3631 594 τυφλοῦ
3661 539 3839 594 παρα-

580 619 671 675 ille
699 618 919 689 quidem
948 626 1099 671 tanto
1126 618 1334 672 honore
1355 627 1411 671 et
1437 617 1607 688 gloria
1641 633 1794 672 sacra
1821 618 2015 688 legalia
2046 619 2163 672 cin-

579 709 677 780 git,
709 717 766 762 et
792 708 1032 771 Judzeos,
1056 723 1121 761 eo
1148 706 1313 776 quod,
1341 707 1589 775 quamvis
1621 721 1683 759 ea
1707 707 1972 771 colerent,
2000 708 2163 777 digno

581 810 764 854 tamen
802 800 953 853 cultu
994 815 1104 852 non
1137 806 1620 867 prosequerentur,
1657 799 1824 853 tantis
1858 798 2164 852 commina-

582 892 825 945 tionibus
854 899 909 943 et
935 905 1108 959 poena:
1135 889 1402 943 obnoxios
1425 889 1575 948 facit.
1600 890 1672 943 ita
1695 889 1936 959 quidem,
1966 900 2025 943 ut
2058 890 2161 944 illic

579 996 694 1035 non
730 990 837 1035 tam
878 981 1009 1049 ipsis
1046 996 1205 1049 quam
1251 981 1345 1035 tibi
1396 980 1760 1034 immittantur
1811 997 1825 1033 :
1880 991 1933 1034 tu
1977 989 2158 1034 autem

578 1087 651 1126 ne
684 1071 761 1125 sic
790 1071 1009 1139 quidem
1042 1071 1247 1124 sentire
1279 1071 1383 1135 vis,
1414 1080 1614 1140 quanta
1645 1072 1716 1125 sit
1747 1080 1836 1125 tua
1866 1072 2156 1126 calumnia.

579 1157 648 1213 Et
691 1159 1068 1213 substantialis
1115 1160 1337 1229 quidem
1394 1161 1490 1215 Dei
1544 1161 1809 1230 sapientia
1864 1162 2068 1216 Scribis
2105 1171 2162 1217 et

578 1248 866 1305 Pharisaeis
902 1251 983 1303 Va:
1014 1251 1282 1305 occlamat
1306 1292 1319 1310 ,
1356 1251 1499 1321 quod
1546 1267 1654 1305 non
1699 1268 1798 1321 per
1843 1254 2025 1307 omnia
2054 1254 2157 1324 legi

576 1338 816 1393 debitum
834 1339 1040 1392 cultum
1061 1340 1537 1408 pnestitcrint,sed
1556 1341 1608 1393 in
1632 1342 1925 1395 levioribus
1939 1343 2156 1410 quidem

576 1432 748 1500 legem
770 1430 1139 1495 observarint,
1156 1432 1210 1484 in
1234 1432 1575 1501 gravioribus
1591 1443 1771 1486 autem
1795 1435 2153 1504 neglexerint.

576 1520 660 1573 Tu
686 1536 835 1583 vero,
864 1519 957 1589 qui
975 1531 1167 1575 contra
1198 1538 1392 1577 omnes
1421 1532 1475 1576 et
1496 1524 1642 1593 leges
1667 1531 1722 1576 et
1744 1539 1894 1577 sacra
1920 1525 2155 1595 linguam

576 1612 749 1677 acuis,
812 1612 923 1667 imo
972 1622 1027 1668 et
1084 1629 1179 1668 eos
1224 1614 1316 1682 qui
1368 1616 1667 1669 secundum
1722 1616 1895 1685 legem
1958 1616 2156 1673 versati

576 1712 748 1765 sunt,
795 1704 851 1757 in
918 1713 1218 1759 extremam
1283 1704 1617 1774 impietatem
1688 1708 1993 1776 pertrahis,
2046 1724 2156 1763 non

577 1795 860 1849 existimas
906 1812 1095 1865 poenas
1140 1796 1468 1866 inultiplices
1502 1807 1552 1851 te
1603 1800 1868 1853 manere?
1910 1798 2156 1869 Namque

2265 621 2496 692 πέμπει,
2511 623 2574 675 ού
2597 623 2841 691 φρίττεις
2856 620 2933 691 τῷ
2954 620 3249 692 άρχεκάκῳ
3266 618 3598 687 βδελύγματι
3616 616 3689 669 τά
3713 618 3837 683 ἆγια

2262 714 2597 785 ἀναφέρειν;
2638 716 2731 769 καὶ
2768 715 2798 766 6
2846 715 2943 785 μὲν
2981 714 3216 785 τοσαύτῃ
3250 715 3385 783 τιμῇ
3412 714 3505 765 καὶ
3532 710 3665 781 δόξῃ
3697 727 3840 781 περι-

2261 810 2488 878 τειχίζει
2532 808 2601 860 τὰ
2651 808 2849 876 νομικὰ
2893 807 3042 878 ἱερά,
3080 807 3175 859 καὶ
3216 806 3343 866 τοὺς
3400 802 3713 865 Ἰουδαίους,
3763 804 3837 855 ὅτι

2260 902 2527 971 τιμῶντες
2562 900 2635 971 μὴ
2678 900 2820 955 κατὰ
2850 901 2909 953 τὸ
2940 902 3219 970 προσῆκον
3252 898 3478 967 ἐτίμων,
3506 893 3837 963 τηλικαύτης

2260 996 2399 1065 ἀρᾶς
2425 994 2519 1047 καὶ
2550 993 2705 1062 δίκης
2740 993 2955 1063 ἐνόχους
2987 994 3151 1053 ποιεῖ,
3192 992 3253 1044 ού
3286 991 3404 1043 κατ’
3438 986 3672 1040 ἐκείνων
3705 984 3837 1053 μᾶλο

2258 1086 2350 1137 λόν
2380 1086 2412 1156 ἢ
2444 1085 2588 1137 κατὰ
2619 1086 2712 1138 σοῦ
2746 1084 2949 1146 ταύτας
2993 1084 3194 1151 ἀφιείς.
3232 1082 3305 1134 Σὺ
3351 1080 3409 1133 δὲ
3439 1079 3534 1131 τοῦ
3575 1076 3833 1147 μεγέθους

2258 1176 2356 1243 τῆς
2381 1177 2479 1243 σῆς
2498 1173 2843 1243 βλασφημίας
2860 1171 3033 1226 ούδόύ
3042 1189 3145 1234 τως
3163 1170 3413 1240 αἴσθησιν
3429 1167 3612 1238 βούλει
3630 1166 3834 1221 λαϐεῖν.

2260 1266 2371 1319 Καὶ
2394 1267 2426 1336 ἡ
2456 1265 2553 1335 μὲν
2581 1264 2986 1325 αύθυπὸστατος
3014 1263 3107 1315 τοῦ
3131 1262 3265 1315 Θεοῦ
3291 1261 3452 1330 σοφία
3490 1261 3621 1322 τοὺς
3663 1259 3837 1329 Γραμ-

2261 1361 2448 1425 ματεῖς
2476 1358 2572 1411 καὶ
2596 1358 2927 1427 Φαρισαίους
2950 1356 3029 1409 ἔτι
3055 1354 3457 1409 καθυποϐάλλει
3482 1352 3561 1422 τῷ
3577 1353 3738 1416 οὐαί,
3762 1352 3836 1439 ὅτι

2260 1448 2335 1517 μὴ
2365 1448 2453 1501 διά
2487 1449 2703 1501 πάντων
2740 1447 2818 1517 τῷ
2843 1448 2991 1517 νόμῳ
3028 1446 3089 1500 τὸ
3115 1445 3411 1514 σεϐάσμιον
3463 1443 3684 1513 ἔνεμον,
3731 1442 3822 1494 άλλ

2256 1542 2314 1593 ἐν
2344 1540 2443 1609 μέν
2489 1543 2601 1602 τοῖς
2644 1539 2986 1611 μικροτέροις
3017 1538 3483 1607 ἐνομοφυλάκουν,
3533 1537 3596 1588 ἐν
3626 1534 3685 1586 δὲ
3734 1536 3837 1594 τοῖς

2259 1632 2470 1699 μείζοσι
2495 1649 2568 1684 πα
2578 1632 2868 1701 ρηνόμουν.
2893 1631 2963 1683 Σὺ
2982 1630 3037 1683 δὲ
3062 1629 3204 1683 κατὰ
3227 1629 3446 1682 πάντων
3462 1626 3566 1693 τὴν
3595 1625 3836 1692 γλῶσσαν

2254 1720 2457 1785 ὀξύνων
2480 1723 2573 1775 καὶ
2590 1722 2770 1789 νόμων
2788 1721 2883 1774 καὶ
2909 1720 3093 1790 ἱερῶν,
3111 1719 3249 1772 ἀλλὰ
3273 1718 3370 1771 καὶ
3393 1716 3546 1778 τοὺς,
3570 1717 3691 1768 ὅσοι
3715 1713 3837 1765 ποτέ

2261 1814 2401 1866 κατὰ
2436 1813 2527 1866 τὸν
2560 1813 2723 1883 νόμον
2753 1812 3128 1865 ἐπολιτεύοντο
3177 1812 3256 1874 είς
3289 1809 3531 1880 ἐσχάτην
3581 1806 3839 1860 ἀσέϐειαν

580 1884 879 1941 Servatur:
920 1888 1003 1941 Va:
1024 1888 1185 1952 vobis,
1219 1889 1314 1951 ait,
1354 1906 1383 1942 ο
1412 1890 1608 1943 Scriba:
1658 1901 1707 1943 et
1757 1890 2017 1944 leriswi
2064 1894 2158 1961 hy-

2262 1903 2454 1965 ἕλκων,
2489 1903 2589 1956 οὐκ
2612 1878 2714 1955 οἴει
2755 1902 3153 1965 πολυπλασίους
3193 1900 3295 1964 τὰς
3330 1878 3529 1961 ποινάς
3580 1897 3836 1965 ύφέξειν;

577 1978 816 2045 pocritaz,
843 1981 966 2049 quia
991 1982 1266 2035 decimatis
1288 1983 1552 2034 ment/ram
1575 1991 1623 2034 et
1646 1984 1908 2050 cyminum
1932 1992 1981 2034 et
2011 1984 2159 2035 dese-

577 2069 759 2121 ruistis
782 2071 1029 2139 graviora
1064 2072 1211 2142 legis,
1241 2071 1507 2140 judicium
1549 2082 1596 2125 et
1640 2075 2077 2138 misericordiam,
2110 2083 2159 2127 et

577 2161 732 2229 ﬁdem
763 2162 827 2214 ³³.
864 2162 934 2215 At
979 2164 1280 2218 secundum
1309 2174 1680 2234 apostatarum
1714 2182 1997 2220 sermones
2046 2182 2157 2221 non

578 2247 723 2311 ideo,
759 2249 903 2317 quod
934 2251 1286 2320 neglexerant
1335 2261 1603 2321 praecepta
1659 2253 1817 2322 legis,
1869 2250 1963 2307 sed
2012 2254 2159 2322 quod

576 2353 766 2392 eorum
804 2341 1239 2396 observationem
1282 2342 1473 2396 sectati
1524 2353 1701 2407 erant,
1731 2344 1800 2397 ad
1837 2359 2027 2412 pinnas
2059 2359 2158 2397 vo-

576 2428 688 2481 cari
711 2428 1046 2485 debuissent.
1070 2430 1202 2496 Quae
1220 2432 1366 2486 enim
1392 2433 1534 2487 bono
1565 2448 1674 2487 non
1699 2434 1935 2502 placent,
1968 2450 2159 2489 eorum

576 2525 638 2569 ut
678 2518 861 2585 praxis
889 2520 956 2575 ad
992 2535 1223 2574 examen
1262 2530 1316 2575 et
1360 2537 1549 2591 pmnas
1585 2533 1741 2578 vocat
1780 2524 2118 2580 facinorosos
2141 2568 2157 2591 ,

573 2606 649 2662 ita
698 2612 965 2664 aversatio
998 2620 1151 2665 extra
1176 2627 1339 2667 omne
1369 2614 1578 2668 crimen
1613 2616 1867 2670 collocat.
1892 2615 1998 2670 Sed
2028 2618 2157 2671 Ser-

575 2709 728 2753 vator
748 2712 933 2755 mater
958 2710 1015 2755 ut
1039 2700 1275 2765 Veteris,
1296 2704 1371 2757 ita
1405 2712 1459 2757 et
1493 2703 1627 2759 Novi
1661 2704 1998 2761 Tcstanienti
2056 2707 2158 2762 do-

574 2792 759 2846 minus
791 2803 848 2847 et
893 2807 1086 2848 anetor
1132 2796 1423 2861 exsistens,
1479 2807 1666 2851 contra
1697 2808 1972 2853 recentem
2013 2800 2157 2854 illam

574 2884 906 2953 impietatem
933 2888 1123 2957 magis,
1152 2905 1315 2957 quam
1346 2901 1535 2944 contra
1560 2888 1841 2945 Iudaicam
1879 2893 2158 2963 negligeno

576 2977 731 3038 tiam,
776 2978 1105 3032 sententiam
1157 2980 1312 3034 dicit.
1358 2981 1484 3034 Ilu'c
1518 2983 1678 3044 enim,
1717 2983 1917 3051 inquit,
1945 2984 2161 3038 decebat

575 3068 767 3137 facere,
803 3078 851 3121 et
886 3069 979 3122 illa
1013 3087 1116 3123 non
1149 3073 1388 3125 omittere
1417 3074 1483 3138 '9,
1560 3073 1734 3144 legem
1782 3084 2022 3129 veterem
2055 3076 2158 3132 hoc

574 3160 737 3214 modo
781 3176 878 3229 per
909 3177 1104 3215 novam
1151 3164 1388 3233 graviter
1419 3173 1476 3219 ct
1519 3181 1729 3220 summa
1764 3182 1885 3220 cum
1922 3168 2159 3221 auctori-

574 3258 688 3304 tate
716 3251 1023 3307 stabiliens.
1059 3252 1115 3305 Si
1148 3253 1311 3323 igitur
1332 3255 1399 3309 ab
1428 3255 1494 3310 iis
1533 3256 1676 3321 ideo,
1706 3258 1850 3325 quod
1880 3257 2155 3312 dimidiam

572 3340 753 3410 legum
784 3350 993 3409 partem
1043 3342 1413 3413 neglexerant,
1458 3352 1662 3398 tantam
1726 3361 1941 3414 plenam
1974 3346 2158 3413 justus

568 3430 737 3500 iudex
785 3432 969 3502 exigit,
1036 3442 1294 3503 quantam
1343 3450 1439 3489 vos
1483 3435 1612 3490 dare
1662 3435 1969 3498 debebitis,
2050 3448 2157 3489 tam

572 3523 922 3593 impudenter
966 3540 1075 3580 non
1107 3542 1173 3580 ex
1211 3526 1565 3597 negligentia,
1613 3528 1709 3582 sed
1760 3544 1828 3582 ex
1858 3528 1985 3581 odio
2013 3528 2158 3596 inju-

574 3615 709 3670 riam
754 3625 956 3671 tantam
1008 3618 1063 3671 in
1102 3635 1296 3675 omnes
1348 3620 1496 3689 leges
1541 3620 1930 3674 el‘lundentes?
1981 3620 2049 3672 Et
2111 3620 2160 3673 si

570 3707 714 3771 illos,
741 3709 833 3779 qui
865 3710 1255 3779 prophetarum
1285 3711 1535 3779 sepulcra
1574 3712 1937 3775 aediﬁcabant,
1993 3718 2045 3763 et
2071 3710 2159 3778 ju-

570 3810 781 3857 storum
826 3810 1181 3855 monumenta
1219 3803 1510 3863 ornabant,
1562 3800 1887 3869 pietatisque
1916 3800 2158 3868 speciem

570 3910 638 3949 ex
673 3900 828 3962 parte
858 3894 1229 3955 assumebant,
1266 3907 1333 3945 ex
1372 3891 1769 3960 pr0pbeticidis
1803 3890 2003 3959 quippe
2028 3890 2157 3953 orti,

569 4001 683 4040 non
720 3985 986 4053 judicavit
1027 3999 1057 4037 a
1106 3983 1265 4050 culpa
1301 3982 1594 4046 immunes,
1633 3981 1730 4035 sed
1765 3981 1889 4049 quia
1921 3990 2156 4035 mentem

571 4092 603 4130 a
651 4074 1001 4144 sanguinaria
1054 4082 1270 4141 patrum
1324 4072 1542 4142 ingenio
1584 4086 1694 4124 non
1743 4071 2014 4125 diversam
2050 4072 2159 4126 cir-

570 4165 967 4227 cumferebant,
997 4163 1405 4219 inevitabilibus
1442 4162 1727 4231 suppliciis
1758 4163 2012 4230 subjecit,
2041 4179 2161 4231 qua:

572 4258 792 4312 tandem
831 4270 989 4325 paena
1032 4254 1363 4317 invenietur,
1407 4269 1528 4322 qua:
1580 4268 1691 4306 non
1722 4252 1881 4321 longe
1915 4252 2161 4306 subsidat

571 4346 713 4401 infra
753 4347 931 4400 scelus
968 4354 1232 4407 vestrum,
1262 4343 1356 4411 qui
1395 4351 1585 4395 contra
1624 4342 1921 4411 prophetas
1965 4342 2159 4411 magis,

570 4454 734 4508 quam
778 4438 875 4500 illi,
912 4437 1089 4490 ea!ch
1128 4435 1372 4504 spiratis,
1422 4442 1480 4487 et
1530 4449 1641 4487 non
1676 4433 1852 4487 solum
1900 4433 1969 4487 ad
2011 4442 2160 4487 stru-

2261 1991 2374 2044 Kal.
2392 1992 2499 2061 γάρ
2527 1993 2554 2043 ὁ
2586 1991 2795 2061 Σωτὴρ,
2830 1991 2975 2044 Οὐαὶ
3017 1990 3175 2059 ὑμῖν,
3221 1989 3502 2059 ἐπιφέρει,
3557 1990 3837 2055 Γραμμα-

2260 2082 2382 2148 τεῖς
2410 2084 2511 2136 καὶ
2527 2082 2835 2150 Φαρισαῖοι
2872 2080 3209 2150 ὑποκριταί,
3245 2080 3335 2134 ὅτι
3392 2076 3840 2133 ἀποδεκατοῦτε

2261 2175 2327 2229 τὸ
2352 2174 2663 2243 ἡδύοσμον
2690 2173 2790 2227 καὶ
2814 2175 2879 2226 τὸ
2902 2172 3150 2239 ἄνηθον,
3180 2171 3279 2225 καὶ
3329 2171 3399 2224 τὸ
3426 2170 3714 2238 κύμινον,
3747 2166 3837 2219 καὶ

2260 2264 2529 2333 ἀφήκατε
2559 2264 2629 2318 τὰ
2651 2266 2957 2332 ,βαρύτερα
2980 2264 3087 2317 τοῦ
3114 2265 3327 2332 νόμου,
3356 2260 3478 2329 τὴν
3510 2260 3722 2329 κρίσιν
3750 2257 3841 2311 καὶ

2260 2354 2327 2407 τὸ
2353 2353 2544 2419 ἕλεος,
2576 2353 2676 2406 καὶ
2701 2353 2817 2420 τὴν
2850 2355 3078 2406 πίστιν.
3124 2353 3382 2418 Καίτοιγε
3423 2351 3575 2403 κατά
3608 2350 3697 2401 τὸν
3748 2346 3843 2414 τῆς

2259 2441 2595 2500 ἀποστασίας
2624 2441 2779 2508 λόγον
2812 2442 2913 2494 οὐκ
2931 2442 3017 2509 ἐφ’
3050 2436 3134 2504 οἷς
3161 2439 3489 2511 παρεὼρουν
3519 2440 3592 2493 τὰ
3616 2436 3714 2491 τοῦ
3749 2438 3834 2489 νό-

2265 2549 2389 2603 μου,
2420 2534 2533 2586 άλλ’
2560 2536 2617 2586 ὲν
2650 2527 2732 2597 οἷς
2761 2533 3022 2604 ἔστεργον
3047 2534 3145 2596 τὰς
3171 2532 3517 2604 εἰσπράξεις,
3560 2531 3671 2583 ἐδει
3723 2528 3847 2582 τού-

2259 2640 2384 2685 τους
2415 2622 2786 2679 ἀπαιτεῖσθαι.
2819 2625 2885 2678 ’Λ
2914 2624 3024 2693 γάρ
3055 2625 3155 2676 οὐκ
3177 2623 3295 2677 ἐστι
3324 2622 3405 2691 τῷ
3449 2621 3675 2690 ’Δγαθῷ
3718 2622 3847 2689 ἀρεο

2263 2715 2385 2779 στὰ,
2417 2715 2620 2769 τούτων
2641 2714 2832 2785 ὥσπερ
2865 2717 2897 2786 ὴ
2936 2715 3135 2785 πρᾶξις
3164 2718 3223 2768 ἐν
3255 2714 3517 2777 εὐθύναις
3545 2714 3680 2775 τοὺς
3728 2711 3845 2764 ἑλο-

2264 2806 2458 2875 μένους
2485 2806 2691 2873 ἀπάγει
2717 2805 2853 2876 (49),
2889 2804 3063 2870 οὕτως
3108 2808 3140 2875 ἡ
3177 2805 3323 2875 φυγὴ
3365 2806 3557 2872 πάσης
3586 2802 3848 2871 ἀνωτέρω

2260 2894 2473 2962 τίθησιν
2492 2894 2695 2957 αἰτίας.
2735 2893 2874 2947 Ἀλλ’
2904 2896 2933 2946 ὁ
2962 2895 3155 2963 Σωτὴρ
3190 2893 3368 2963 ἡμῶν,
3401 2893 3432 2944 ὁ
3460 2891 3571 2959 τῆς
3600 2890 3849 2950 Bullati;

2260 2984 2409 3038 ὥσπε
2418 3002 2449 3054 ρ
2465 2985 2669 3054 καὶτῆς
2687 2987 2895 3055 Καινῆς
2927 2984 3115 3055 κύριος
3146 2984 3411 3052 ὑπάρχων
3440 2984 3536 3035 καὶ
3555 2980 3847 3046 δεσπότης,

2262 3075 2404 3129 κατὰ
2434 3077 2532 3145 τῆς
2589 3077 3021 3147 νεωτεριζούσης
3084 3075 3342 3138 ἀσεϐείας
3406 3072 3618 3143 μᾶλλον
3669 3072 3704 3139 ἥ
3753 3070 3848 3137 τῆς

2272 3163 2563 3233 Ἰουδαϊκῆς
2601 3163 2892 3235 ὀλιγωρίας
2946 3162 3041 3232 τὴν
3099 3161 3279 3231 ψῆφον
3319 3160 3551 3228 ἐκφέρει
3576 3172 3591 3184 ·
3658 3154 3851 3210 Ταῦτα

2260 3254 2369 3323 γὺρ
2387 3252 2528 3315 ἔδει,
2554 3254 2707 3322 φησὶ,
2735 3252 3006 3320 ποιῆσαι,
3029 3251 3278 3307 κάκεῖνα
3290 3250 3378 3319 μὴ
3402 3247 3675 3317 ἀφιέναι,
3702 3245 3853 3312 νόμῳ

2260 3342 2353 3395 τὸν
2385 3344 2547 3411 νόμον
2575 3344 2665 3395 τὸν
2698 3342 2927 3394 παλαιὸν
2948 3340 3023 3411 τῷ
3044 3341 3148 3410 νέῳ
3177 3340 3384 3410 σφόδρα
3415 3339 3513 3391 καὶ
3551 3336 3695 3406 μετὰ
3726 3333 3852 3384 πολ-

2261 3434 2360 3502 λῆς
2419 3434 2857 3503 ἀσφαλισάμενος
2899 3433 2998 3501 τῆς
3044 3432 3386 3502 κυριότητος.
3448 3428 3515 3480 Εἰ
3566 3422 3665 3479 οὖν
3721 3421 3853 3491 παρ’

2261 3524 2505 3587 ἐκείνων,
2546 3524 2627 3576 ὅτι
2653 3522 2723 3576 τά
2756 3521 2927 3592 ἡμίση
2956 3523 3260 3591 παρεώρων
3281 3518 3396 3570 τῶν
3420 3516 3700 3584 νομίμων.
3759 3529 3854 3580 τη-

2262 3619 2525 3689 λικαύτην
2547 3620 2745 3688 δίκηνό
2777 3618 2983 3680 δίκαιος
3012 3616 3205 3685 κριτὴς
3236 3613 3535 3683 λαμϐάνει,
3595 3611 3731 3679 ὑμῖν
3773 3608 3853 3669 τίς

2262 3713 2327 3766 ἂν
2357 3712 2627 3783 ἐξαρκέσῃ
2656 3709 2838 3763 δοῦναι
2863 3710 2955 3761 καὶ
2990 3707 3161 3761 ταῦτα
3188 3706 3361 3767 οὕτως
3388 3704 3593 3773 ἀνέδην
3642 3702 3749 3754 οὐκ
3798 3699 3857 3763 ἐξ

2262 3801 2576 3871 ὀλιγωρίας,
2609 3800 2723 3853 ἀλλ’
2755 3799 2813 3864 ἐξ
2842 3798 3159 3868 ἀπεχθείας,
3195 3796 3470 3866 θεομάχον
3509 3793 3857 3865 τηλικαύτην

2265 3892 2422 3963 ὓϐριν
2446 3892 2587 3946 κατὰ
2616 3891 2834 3944 πάντων
2851 3891 3322 3961 ἀπορρίπτουσιν;
3360 3889 3469 3940 Καὶ
3502 3889 3555 3939 εἰ
3607 3886 3857 3945 ἐκείνους

2259 3982 2389 4043 ,τοὺς
2438 3980 2549 4033 τῶν
2592 3980 2887 4050 προφητῶν
2914 3978 3332 4048 οἰκοδομοῦντας
3371 3980 3610 4044 τάφους,
3662 3974 3762 4028 καὶ
3795 3972 3859 4024 τὰ

2262 4074 2371 4125 τῶν
2403 4073 2625 4125 δικαίων
2657 4074 2899 4142 μνημεῖα
2930 4071 3290 4140 κοσμοῦντας,
3329 4069 3426 4122 καὶ
3466 4069 3633 4139 μέρει
3662 4067 3775 4119 τινὶ
3804 4064 3858 4115 τὸ

2263 4166 2362 4233 τῆς
2394 4164 2678 4225 εὐλαϐείας
2715 4165 2898 4232 σχῆμα
2926 4161 3445 4230 περιϐαλλομένους,
3489 4158 3593 4226 τῆς
3644 4171 3861 4225 προςρη⁸

2262 4255 2518 4307 τοκτόνου
2562 4254 2769 4322 σπορᾶς
2808 4252 3136 4315 ἀνευθύνους
3170 4253 3271 4304 ούκ
3329 4251 3592 4319 ἀφίησιν,
3626 4249 3746 4302 ἀλλ’
3784 4249 3859 4300 ὅτι

2265 4347 2364 4408 τὰς
2394 4344 2617 4414 γνώμας
2682 4344 2817 4413 πρὸς
2858 4344 2956 4412 τὴν
3005 4343 3268 4413 πατρῷαν
3327 4341 3664 4411 μιαιφονίαν
3710 4339 3859 4393 οὐδὲν

2267 4435 2492 4504 ἐχούσας
2524 4433 2914 4501 εὐλαϐέστερον
2945 4433 3163 4503 ἔφερον,
3214 4434 3311 4485 καὶ
3368 4432 3683 4501 τιμωρίαις
3716 4431 3859 4482 ἀπι-

570 4538 781 4585 cturam
799 4529 1174 4597 sepulcrorum
1203 4534 1791 4594 monumentorumqne
1808 4541 1904 4580 vos
1929 4541 2158 4580 conver-

2273 4524 2561 4593 ρακλήτοις
2622 4521 2936 4585 ὑποϐάλλει,
2995 4521 3139 4589 ὑμᾶς
3174 4520 3317 4571 κατὰ
3378 4517 3493 4570 τῶν
3554 4514 3860 4585 προφητῶν

572 4622 708 4683 titis,
756 4621 851 4675 sed
885 4617 1286 4687 implacabilem
1324 4622 1513 4669 contra
1544 4629 1641 4669 eos
1661 4616 1825 4669 etiam
1860 4624 1982 4684 post
2013 4632 2163 4669 mor-

573 4722 681 4767 tem
725 4708 1065 4764 inimicitiam
1098 4715 1153 4760 et
1192 4704 1446 4772 injuriam
1482 4718 1763 4769 nunquam
1793 4705 2160 4772 superandam

570 4802 882 4859 exercetis?
922 4798 1082 4863 Quod
1138 4795 1183 4850 si
1248 4808 1378 4847 vero
1426 4792 1550 4846 mali
1607 4792 1861 4861 principii
1917 4793 2163 4848 cultores

572 4894 809 4950 fuissent
850 4893 1133 4962 propheta:
1163 4887 1355 4950 divini,
1418 4885 1744 4939 non.solum
1795 4902 1903 4940 non
1931 4887 2162 4941 decebat

572 4983 943 5038 maledictioni
999 4981 1271 5049 subjicere
1331 4977 1416 5031 vel
1475 4976 1747 5031 occisores
1796 4993 2010 5043 eorum,
2072 4976 2157 5031 vel

570 5074 879 5129 occisorum
908 5082 1179 5140 posteros,
1226 5082 1430 5137 eosque
1468 5066 1538 5119 ad
1578 5082 1795 5134 pmnam
1820 5082 2035 5136 rapere,
2060 5066 2159 5121 sed

572 5164 757 5235 potius
802 5164 1020 5217 eximiis
1074 5170 1313 5215 mactare
1364 5159 1691 5213 honoribus.
1750 5158 1821 5212 At
1878 5158 2161 5211 enimvero

572 5255 752 5316 bonus
788 5253 1183 5325 hominumque
1232 5265 1422 5303 amans
1475 5250 1732 5301 Servator
1786 5255 1996 5311 noster,
2030 5261 2161 5299 suo-

574 5360 807 5413 rumque
834 5344 975 5397 ultor
1000 5357 1304 5408 servorum,
1332 5356 1440 5395 non
1474 5340 1653 5394 solum
1679 5340 1731 5393 in
1761 5338 1966 5408 primos
1997 5337 2163 5391 caedis

659 5458 705 5491 ⁸⁸
732 5457 927 5511 Matth.
964 5471 1122 5511 χχιιι,
1156 5456 1244 5509 23.
1324 5457 1366 5488 ³⁹
1398 5455 1530 5510 ibid.
1573 5454 1660 5506 21.

2266 4611 2403 4663 πολὺ
2439 4610 2597 4663 πλέον
2626 4610 2852 4663 ἐκείνων
2911 4609 3358 4677 μιαιφονοῦντας,
3416 4608 3517 4659 καὶ
3572 4606 3636 4657 ού
3704 4604 3861 4674 μόνον

2265 4701 2401 4771 πρὸς
2455 4700 2740 4769 οἰκοδομὴν
2797 4702 2982 4769 τάφων
3026 4702 3120 4753 καὶ
3161 4699 3449 4769 μνημείων
3512 4696 3859 4767 ἐπιστροφήν

2262 4809 2385 4843 τινα
2437 4792 2777 4861 δεχομένους,
2814 4790 2943 4844 ’ἀλλ’
3004 4792 3270 4845 ἄσπονδον
3331 4792 3437 4858 τὴν
3491 4790 3623 4842 κατ’
3684 4786 3860 4841 αὐτῶν

2262 4881 2460 4951 ἔχθραν
2508 4882 2603 4932 καὶ
2656 4882 2793 4951 μετὰ
2823 4881 3073 4944 θάνατον,
3137 4879 3231 4932 καὶ
3282 4878 3385 4948 τὴν
3431 4875 3859 4946 ἀνυπέρϐλητον

2262 4971 2623 5042 κρατύνοντες
2666 4972 2846 5042 ὓϐριν,
2889 4974 2972 5036 τίς
3000 4972 3064 5025 ἂν
3088 4970 3335 5041 τιμωρία
3363 4969 3468 5038 τὴν
3505 4968 3676 5033 δίκην
3704 4967 3856 5034 εὕρεο

2263 5063 2385 5132 θείη
2425 5062 2498 5131 μὴ
2539 5063 2673 5115 πολὺ
2705 5064 2911 5116 ἐλάττω
2961 5062 3056 5115 τοῦ
3110 5062 3472 5131 τολμήματος
3506 5057 3853 5112 ἀπαιτοῦσα·

2267 5154 2487 5222 Καίπερ
2517 5154 2566 5205 εί
2598 5157 2697 5223 τῆς
2719 5153 3097 5223 κακεργὲτιδος
3126 5150 3265 5223 ἦσαν
3283 5153 3333 5204 οἱ
3358 5151 3623 5222 θεοφόροι
3648 5146 3856 5219 προφῆ·

2263 5262 2354 5297 ται
2389 5244 2742 5313 θεραπευταὶ,
2773 5244 2834 5296 ού
2864 5245 3023 5313 μόνον
3057 5245 3157 5296 ούκ
3196 5243 3367 5314 ἐχρῆν
3401 5244 3573 5313 ἀραῖς
3615 5238 3855 5295 omm-

2265 5330 2454 5383 λεσθαι
2487 5330 2610 5384 οὔτε
2642 5334 2765 5396 τοὺς
2794 5332 3083 5396 ἀνελόντας
3122 5334 3349 5397 αὐτοὺς,
3399 5333 3530 5386 οὔτε
3571 5331 3681 5402 μὲν
3744 5328 3857 5385 τοὺς

1682 5591 1918 5649 VARIIE
1962 5584 2349 5642 LECTIONES
2387 5584 2473 5639 ET
2504 5583 2736 5638 NOTAE.

661 5736 773 5808 (49)
822 5704 1084 5803 Ἀέτὰγοεμ
1119 5736 1195 5790 Ita
1217 5732 1407 5808 scripsi
1454 5747 1553 5799 pro
1584 5731 1835 5808 ﬁnirat,
1907 5726 2053 5797 quod
2094 5740 2158 5778 in:

2261 5722 2499 5777 aendose
2536 5722 2873 5791 pricfcrcbal.
2934 5722 3047 5778 lloc
3107 5722 3253 5777 enim
3303 5724 3543 5801 verbum
3602 5741 3737 5779 cum
3783 5735 3855 5775 sc-

592 5801 794 5881 quente
827 5801 1115 5878 ἑλομένους
1144 5802 1397 5873 coniungi
1430 5801 1642 5870 nequit.
