4022 6466
217 434 339 502 253

1274 442 1573 504 CONTRA
1608 444 2067 508 MANICH/EOS
2102 448 2333 509 LIBER
2373 445 2471 509 IV.

3376 442 3481 508 Ξῦί

219 554 294 607 ἐκ
324 551 436 606 τῶν
459 552 914 625 προφητοκτόνων
940 553 1146 624 φύντας
1171 553 1278 607 οὐδ’
1302 558 1383 619 εἰς
1414 556 1603 621 ποινὰς
1629 557 1808 626 ἄγειν,

1914 567 2165 617 auctores
2199 560 2475 617 homicidii
2511 575 2700 631 prunas
2745 556 3020 622 transfert,
3055 556 3150 612 sed
3192 564 3249 610 et
3290 572 3483 627 proge-

218 645 372 699 ἀλλά
412 648 532 707 ταῖς
572 644 815 716 πρώταις
847 644 1158 709 δεξιοῦσθαι
1192 650 1401 716 τιμαῖς.
1443 647 1501 701 'U
1521 649 1578 702 δέ
1606 648 1810 717 ἀγαθὸς

219 739 333 793 xui
363 738 744 808 φιλάνθρωπος
773 737 931 807 ἡμῶν
954 739 1167 809 Σωτὴρ,
1193 739 1288 791 xui
1309 738 1419 792 τῶν
1452 740 1617 793 αὑτοῦ
1648 740 1812 811 θερα-

218 830 450 884 πόντων
479 830 771 900 ἐκδικητὴς
803 831 905 884 οὐκ
962 834 1044 894 είς
1088 832 1215 895 τοὺς
1274 834 1611 904 αὐτουργοὺς
1650 836 1813 905 μόνον

217 924 341 978 τῶν
373 923 677 993 μιαιφόνων
704 924 798 975 xui
820 924 920 987 τὰς
944 924 1043 994 τῆς
1063 926 1377 995 μιαιφονίας
1405 926 1637 990 εὐθύνας
1653 944 1812 997 περι-

216 1014 458 1084 γράφει,
489 1014 624 1066 ἀλλὰ
659 1015 753 1068 καὶ
802 1017 928 1079 τοὺς
988 1017 1213 1071 ἐκείνων
1263 1019 1461 1082 παῖδας
1495 1019 1675 1087 ὄφεις,
1710 1022 1809 1074 xui

216 1107 552 1177 γεννήματα
581 1106 808 1176 ἐχιδνῶν
841 1108 1161 1176 ἀποφαίνων
1190 1107 1433 1175 ἄφυκτον
1460 1110 1643 1173 αὐτοῖς
1678 1121 1813 1164 ανα-

227 1198 430 1269 μένειν
458 1197 556 1269 τὴν
584 1199 807 1265 γέενναν
832 1199 927 1251 τοῦ
954 1198 1125 1269 πυρὸς
1156 1199 1541 1270 προαγγέλλει.
1568 1202 1813 1271 Συνέχων

222 1290 276 1343 δ’
306 1289 391 1343 ἐτι
418 1289 617 1359 μᾶλλον
654 1292 722 1343 τὰ
752 1290 849 1345 νέα
891 1293 1006 1353 τοῖς
1063 1290 1314 1351 παλαιοῖς
1344 1292 1439 1344 καὶ
1501 1292 1567 1344 τά
1609 1293 1814 1346 παλαιὰ

223 1379 527 1433 συνάπτων
552 1382 666 1444 τοῖς
691 1380 854 1444 νέοις,
878 1380 972 1433 xui
998 1379 1061 1432 τὸ
1101 1382 1160 1433 ἐν
1185 1382 1389 1450 ἀμφοῖν
1432 1380 1813 1452 πλημμέλημα

219 1473 301 1525 δι’
336 1474 457 1526 ῐσου
485 1473 702 1534 δεικνὺς
740 1473 824 1536 είς
846 1470 1148 1542 καταδίκην
1183 1471 1337 1543 ἄγον,
1371 1472 1441 1525 δι’
1494 1468 1564 1543 ἦς
1608 1473 1703 1526 xui
1744 1473 1814 1526 τά

220 1562 332 1631 τῆς
368 1562 560 1631 τιμῆς,
584 1563 769 1624 αὐτοῖς
807 1561 1187 1630 συνεισάγεται
1216 1561 1317 1632 τῆς
1351 1562 1473 1633 ίσης
1503 1565 1599 1616 xui
1624 1563 1816 1633 ὁμοίας

225 1651 569 1723 κληρουχίας
616 1651 992 1721 μετεσχηκότα
1018 1666 1035 1679 ·
1082 1651 1187 1703 Διὰ
1245 1651 1421 1705 τοῦτο
1448 1651 1583 1721 ἐγὼ,
1626 1653 1813 1723 φησὶν,

223 1742 555 1799 ἀποστελῶ
583 1744 734 1811 πρὸς
757 1742 911 1812 ὑμᾶς
949 1743 1262 1812 προφήτας
1302 1744 1403 1797 καὶ
1442 1745 1678 1813 σοροὺς
1713 1744 1813 1798 καὶ

225 1833 617 1908 γραμματεῖς,
663 1834 762 1889 καί
791 1836 860 1900 ἐξ
881 1835 1081 1889 αὐτῶν
1117 1837 1531 1906 μαστιγώσετε
1584 1838 1655 1891 ἐν
1682 1837 1813 1903 ταῖς

226 1926 613 1996 συναγωγαῖς
636 1925 825 1995 ὑμῶν,
864 1925 965 1980 καὶ
1013 1926 1253 1991 διώξετε
1278 1929 1399 1983 ἀπὸ
1448 1928 1683 1996 πόλεως
1725 1932 1813 1995 είς

226 2017 438 2070 πόλιν.
476 2015 720 2084 Πρόσχες
744 2030 758 2044 ο
794 2016 997 2079 Ὅπως
1030 2014 1106 2067 ἂν
1146 2014 1298 2082 ἔλθῃ
1344 2014 1435 2083 ἐφ’
1460 2014 1638 2082 ὑμᾶς,
1691 2014 1816 2069 πᾶν

225 2102 383 2174 αἷμα
421 2105 656 2159 δίκαιον
678 2105 1094 2173 ἐκχυνόμενον
1117 2105 1215 2158 ἐπὶ
1241 2103 1351 2173 τῆς
1380 2103 1515 2173 γῆς,
1543 2104 1662 2159 ἀπὸ
1708 2105 1816 2159 τοῦ

226 2196 484 2264 αἵματος
507 2196 686 2249 ’Ἅϐελ
711 2194 818 2248 τοῦ
838 2194 1079 2249 δικαίου
1097 2194 1206 2260 ἓως
1228 2195 1334 2248 τοῦ
1354 2195 1603 2263 αἵματος
1623 2198 1816 2264 Ζαχα-

220 2288 371 2356 ρίου
399 2287 532 2340 υἱοῦ
552 2286 877 2354 Βαραχίου,
904 2285 977 2339 ὃν
1014 2286 1384 2354 ἐφονεύσατε
1422 2285 1650 2355 μεταξὺ
1705 2286 1814 2340 τοῦ

227 2377 390 2432 ναοῦ
418 2376 647 2431 καὶτοῦ
674 2376 1130 2444 θυσιαστηρίου.
1176 2376 1362 2447 Ὀρᾷς,
1390 2377 1539 2439 ὅπως
1582 2376 1682 2446 τῆς
1721 2377 1821 2430 αύ-

227 2469 336 2537 τῆς
367 2468 586 2537 ἐνόχους
622 2469 718 2521 xui
777 2469 1090 2537 μιαιφονίας
1140 2469 1235 2521 xui
1270 2467 1540 2537 τιμωρίας
1574 2467 1811 2536 ἀποφαί-

226 2573 340 2622 νει,
370 2557 484 2610 ὅσοι
499 2573 559 2609 τε
586 2558 687 2621 τὰς
713 2557 1089 2626 παλαμναίους
1127 2559 1317 2627 χεῖρας
1339 2556 1484 2610 κατὰ
1536 2556 1647 2609 τῶν
1696 2556 1805 2627 πρὸ

226 2647 336 2716 τῆς
389 2649 610 2719 χάριτος
665 2647 783 2718 Θεῷ
840 2648 1329 2717 εὐαρεστησάντων
1375 2648 1811 2711 ἐπανετείναντο,

230 2737 329 2789 καὶ
359 2736 476 2789 ὅσοι
500 2737 619 2790 κατ’
645 2737 890 2798 ἐκείνων,
918 2730 992 2789 ὧν
1018 2739 1050 2806 ἡ
1090 2736 1251 2807 χάρις
1275 2736 1337 2789 τὸ
1365 2737 1690 2808 πολίτευμα,
1715 2740 1812 2792 xui

229 2822 333 2888 οὓς
363 2826 525 2889 αὐτὸς
550 2829 632 2888 είς
656 2826 756 2891 τὰς
784 2826 892 2880 τῶν
936 2827 1206 2880 Ἰουδαίων
1247 2829 1572 2896 συναγωγὰς
1597 2829 1690 2881 xui
1715 2832 1814 2882 πό·-

233 2917 352 2981 λεις
384 2918 485 2988 τὴν
510 2918 787 2987 βασιλείαν
821 2916 987 2971 αὐτοῦ
1021 2918 1319 2989 κηρύσσειν
1348 2919 1660 2983 ἀπέστειλε,
1714 2921 1815 2992 τὴν

1911 657 2057 710 niem
2090 671 2278 711 eorum
2317 664 2599 723 serpentes
2652 662 2707 708 et
2754 659 3070 720 serpentum
3113 649 3254 703 fetus
3300 649 3486 717 appel-

1912 749 2064 814 lans,
2113 748 2478 803 inevitabilem
2551 745 2689 816 ignis
2755 745 3058 815 gehennam
3116 758 3211 797 eos
3262 757 3485 795 manere

1910 842 2261 911 praenuntiat.
2299 841 2491 895 Adhuc
2526 854 2659 893 vero
2690 836 2861 907 magis
2892 852 3030 889 nova
3061 851 3183 889 cum
3208 835 3485 889 veteribus

1911 935 2270 1004 coniungens,
2329 941 2384 986 et
2426 942 2607 986 vetera
2664 931 2819 984 novis
2876 929 3159 997 adaptans,
3200 938 3364 996 atque
3406 927 3481 990 id,

1912 1023 2057 1092 quod
2100 1021 2355 1090 utrinque
2391 1028 2667 1089 peccatur,
2704 1018 2962 1086 aqualem
3004 1032 3219 1086 pcenam
3267 1031 3483 1084 prome-

1911 1117 2019 1170 reri
2045 1123 2390 1180 ostensurus,
2414 1130 2521 1182 quo
2552 1115 2668 1182 ipso
2708 1110 2869 1165 simul
2908 1110 3282 1172 subinnuitur,
3316 1108 3483 1161 utris-

1912 1220 2018 1274 que
2063 1204 2317 1258 eumdem
2349 1203 2553 1257 cultum
2585 1202 2945 1269 eumdemque
2994 1200 3272 1270 dignitatis
3303 1200 3481 1253 locum

1913 1296 2282 1364 adjudicatum
2337 1308 2457 1349 csse
2495 1312 2509 1346 :
2550 1292 2833 1359 Propterea
2866 1308 2976 1361 ego,
3034 1292 3231 1360 inquit,
3276 1293 3481 1344 mittam

1913 1389 1984 1441 ad
2015 1403 2103 1440 vos
2130 1385 2407 1456 prophetas
2449 1393 2502 1437 et
2527 1384 2806 1453 sapientes,
2838 1390 2886 1435 et
2928 1384 3145 1446 scribas,
3176 1392 3223 1435 et
3266 1398 3329 1436 ex.
3379 1382 3485 1436 illis

1915 1478 2191 1532 nonnullos
2229 1477 2435 1531 caedetis
2466 1476 2520 1528 in
2568 1476 2843 1544 synagogis
2864 1476 3067 1539 vestris,
3118 1486 3164 1528 et
3208 1492 3483 1545 perseque-

1913 1570 2045 1623 mini
2078 1586 2143 1622 ea:
2194 1585 2300 1621 una
2356 1567 2483 1621 urbe
2526 1567 2582 1619 in
2613 1567 2779 1619 aliam
2799 1567 2883 1630 ~";
2934 1566 3155 1621 attende
3191 1568 3373 1621 nunc!
3421 1569 3484 1622 Ut

1913 1662 2087 1714 veniat
2114 1675 2270 1729 super
2297 1674 2384 1711 vos
2415 1658 2582 1710 omnis
2609 1658 2827 1726 sanguis
2851 1656 3051 1725 justus,
3083 1657 3172 1726 qui
3201 1658 3387 1726 effusus
3412 1669 3485 1710 est

1914 1768 2071 1821 super
2099 1761 2299 1804 terram
2334 1750 2453 1802 inde
2488 1766 2520 1802 a
2546 1751 2803 1819 sanguine
2832 1748 3006 1801 Abelis
3036 1748 3171 1817 justi
3214 1765 3374 1817 usque
3415 1748 3486 1800 ad

1915 1842 2222 1911 sanguinem
2249 1840 2549 1905 Zachariae,
2578 1839 2677 1906 lilii
2707 1838 3009 1903 Barachiw,
3041 1856 3194 1908 quem
3228 1839 3491 1890 occidistis

1913 1938 2055 1987 intra
2086 1930 2336 1998 templum
2364 1937 2410 1983 et
2443 1929 2614 1983 altare
2633 1929 2697 1982 “.
2724 1926 2984 1993 Videsne,
3014 1927 3288 1998 quomodo
3308 1927 3484 1981 cidem

1908 2034 1965 2082 et
1996 2025 2128 2080 caedi
2160 2035 2216 2078 et
2242 2038 2417 2092 paena:
2445 2021 2712 2076 obnoxios
2735 2020 3074 2091 pronuntiet,
3101 2028 3216 2073 tum
3246 2034 3364 2083 eos,
3393 2018 3487 2087 qui

1909 2112 2107 2182 impias
2158 2125 2354 2166 manus
2388 2109 2693 2163 intulerunt
2736 2109 2802 2161 iis
2830 2107 2925 2176 qui
2950 2116 3077 2161 ante
3129 2105 3314 2177 gratiae
3348 2114 3491 2159 tem-

1909 2214 2013 2276 pus
2057 2203 2167 2259 Deo
2198 2204 2539 2273 placuerunt,
2580 2208 2693 2253 tum
2726 2199 2846 2252 illos
2868 2198 2961 2267 qui
3001 2198 3054 2250 in
3090 2197 3344 2251 homines
3383 2196 3485 2250 sub

1912 2296 2082 2367 gratia
2113 2294 2362 2348 viventes
2400 2307 2604 2361 eosque
2648 2306 2864 2353 omnes,
2926 2306 3066 2360 quos
3098 2291 3215 2360 ipse
3259 2305 3490 2360 regnum

1914 2402 2072 2440 suum
2103 2385 2526 2439 annuntiaturos
2553 2383 2609 2436 in
2640 2382 2803 2437 urbes
2834 2394 2888 2436 et
2917 2398 3215 2453 synagogas
3240 2382 3485 2445 miserat,

1913 2476 2324 2547 sanguinarium
2362 2474 2605 2529 furorem
2652 2474 2985 2529 effuderunt.
3040 2473 3115 2528 lta
3163 2483 3219 2529 et
3272 2482 3489 2544 tempus

1907 2566 2115 2637 gratiae,
2142 2574 2199 2619 et
2226 2580 2289 2619 ea
2318 2578 2437 2632 quae
2473 2562 2606 2616 illud
2646 2571 3081 2626 antecesserunt,
3117 2562 3394 2617 aestimans
3430 2572 3489 2617 et

1907 2652 2091 2722 magni
2132 2651 2341 2706 faciens
2364 2650 2543 2714 Jesus,
2586 2649 2872 2718 utriusque
2905 2657 3097 2702 auctor
3132 2657 3187 2702 et
3214 2650 3484 2711 conditor,

1909 2751 1965 2796 et
2017 2743 2217 2811 ubique
2264 2741 2550 2810 utriusque
2602 2740 3023 2796 consensionem
3071 2741 3374 2803 stabiliens,
3425 2757 3490 2796 ac

1910 2830 2101 2887 eodem
2123 2829 2278 2883 cultu
2309 2829 2685 2899 prosequenda
2709 2829 3029 2893 ostendens,
3050 2843 3268 2882 omnem
3296 2829 3492 2898 impie-

1913 2923 2039 2978 tatis
2078 2930 2400 2991 praetextum
2432 2920 2766 2990 prazscindit.

233 3010 535 3082 αίμοὸὁρον
567 3010 771 3065 λύσσαν
819 3012 1201 3081 ἐναπεχέαντο.
1248 3010 1435 3075 Οὕτως
1488 3011 1589 3083 τὴν
1645 3014 1804 3083 χάριν
1843 3016 1939 3068 xui
1971 3016 2040 3068 τὰ
2073 3014 2179 3085 πρὸ
2238 3014 2338 3083 τῆς
2360 3015 2579 3084 χάριτος
2652 3011 2827 3082 τιμῶν
2848 3029 2909 3066 τε
2950 3012 3044 3064 xui.
3089 3010 3489 3080 ἀποδεχόμενος

231 3112 264 3162 ὁ
294 3108 566 3179 ἑκατέρας
592 3107 683 3160 xui
714 3106 1049 3177 δημιουργὸς
1085 3106 1178 3158 xui.
1223 3104 1524 3176 νομοθέτης
1588 3108 1686 3160 xui
1724 3107 1814 3162 διὰ
1846 3110 2062 3162 πάντων
2128 3111 2229 3178 τὴν
2294 3107 2473 3161 αὐτῶν
2508 3106 2791 3177 παριστῶν
2842 3105 3184 3176 συμφωνίαν,
3242 3103 3489 3175 μετέχειν

230 3226 296 3262 τε
323 3206 541 3268 δεικνὺς
567 3201 831 3272 ὁμοτίμου
856 3200 1309 3271 σεδασμιότητος,
1352 3196 1689 3272 πανταχόθεν
1715 3204 1814 3272 τῆς
1844 3205 2098 3266 ἀσεϐείας
2131 3205 2350 3258 ἃπασαν
2376 3202 2650 3274 πρόφασιν
2674 3200 3057 3271 προεκτέμνει.

306 3300 438 3352 AA'.
480 3296 627 3349 Ἔδει
657 3294 702 3348 δ’
731 3289 823 3347 οὖν
850 3294 978 3356 τοὺς
1016 3293 1353 3355 ἀποστάτας,
1383 3295 1432 3346 εί
1464 3293 1559 3347 xui
1602 3295 1677 3364 μὴ
1710 3295 1808 3365 τὴν

1982 3297 2178 3351 XXXI.
2214 3295 2449 3351 Decebat
2490 3294 2651 3364 igitur
2702 3300 3000 3361 apostatas,
3054 3290 3267 3344 etiamsi
3319 3305 3490 3342 unum

240 3389 375 3460 μίαν
404 3385 577 3457 ἀρχὴν
594 3386 674 3446 είς
706 3382 801 3438 δύο
829 3381 1173 3451 δικάζοντας,
1208 3382 1353 3451 μηδ’,
1380 3383 1602 3436 ἐπειδάν
1622 3383 1692 3436 τά
1720 3382 1814 3436 τού

235 3479 410 3550 νόμου
469 3475 763 3544 διαγελῶσι
807 3475 1086 3545 μυστήρια
1144 3472 1345 3542 (καίτοι
1379 3474 1495 3537 πῶς
1533 3474 1816 3545 ἀνειμένος

237 3566 396 3624 εἷπον
419 3568 541 3639 μηδ’
574 3567 738 3636 ἡνίκα
764 3564 863 3636 τὴν
895 3563 1071 3617 κτίσιν
1094 3564 1257 3635 συλᾷν
1285 3564 1694 3635 ἐπιχειροῦντες
1721 3566 1815 3619 τοῦ

237 3663 484 3727 κτίστου,
511 3660 671 3713 κακοὶ
696 3657 865 3712 κακὸν
883 3655 1125 3725 κακίστῳ
1140 3655 1311 3728 δῶρον
1336 3656 1719 3727 προσφέρωσιν
1737 3658 1777 3726 ς)
1798 3672 1813 3689 ο

236 3757 350 3810 ἔδει
376 3755 509 3824 γοῦν
533 3755 733 3817 αὐτοὺς
761 3753 809 3805 εί
838 3754 933 3805 καὶ
972 3753 1047 3823 μὴ
1081 3753 1168 3804 ἐπ’
1202 3750 1378 3803 οὐδενὶ
1420 3749 1646 3813 τούτων,
1691 3747 1815 3819 μηδ’

237 3841 497 3918 ἐφ’ᾢτοῦ
521 3848 801 3916 προφήτου
832 3843 1137 3913 ύὸρίζουσι,
1163 3843 1339 3895 καίτοι
1361 3841 1697 3909 τηλικούτων
1710 3840 1817 3909 ,τὴν

238 3937 471 3991 ἀτοπίαν
500 3936 692 3998 ὄντων,
714 3932 828 3987 ἀλλ’
859 3929 973 3997 οὖν,
1014 3932 1230 3985 ἐπειδάν
1258 3948 1321 3999 γε
1339 3932 1399 3984 τὸ
1415 3931 1623 3984 ἑαυτῶν
1659 3931 1818 4000 σῶμα

238 4030 479 4101 πονηρὸν
506 4030 602 4082 xui.
635 4028 879 4097 πονηράς
911 4027 1163 4087 πλάσεως
1194 4023 1448 4094 λέγωσιν,
1490 4025 1689 4077 αὐτίκα
1718 4041 1816 4077 κα-

236 4121 553 4177 ταδύεσθαι.
608 4119 767 4175 Ἀλλά
793 4120 896 4172 ποῦ
915 4119 1051 4189 γῆς;
1085 4120 1276 4188 Ζητεῖν
1304 4118 1359 4170 δὲ
1388 4117 1483 4171 xui
1539 4118 1650 4169 τῶν
1682 4117 1815 4169 ὑπο-

240 4213 469 4285 χθονίων
505 4211 611 4264 είτι
634 4209 953 4281 βαθύτερον,
975 4209 1074 4279 οὐχ
1107 4209 1189 4260 ὅτι
1221 4207 1447 4260 ἐκείνων
1475 4208 1612 4278 πρὸς
1657 4205 1816 4260 ἀθεός-

238 4323 382 4377 τητα
413 4304 573 4357 τοῦτο
606 4298 924 4373 βαρύτερον,
957 4301 1074 4354 ἀλλ’
1100 4302 1185 4354 ὅτι
1212 4300 1328 4363 xui,
1352 4300 1417 4351 δι’
1440 4292 1500 4351 οὗ
1524 4302 1622 4368 τὴν
1649 4297 1814 4368 βλάσ-

240 4414 426 4470 φημον
459 4396 643 4469 φωνὴν
670 4398 934 4465 ἀφιεῖσιν,
970 4394 1029 4460 ἐξ
1076 4393 1236 4446 ἀθέου
1273 4391 1591 4461 πλάσματος
1627 4390 1819 4458 ὁμολο-

236 4492 465 4561 γοῦντες
502 4487 803 4558 λαμϐάνειν
829 4488 890 4540 τὸ
912 4486 1163 4557 ὄργανον,
1200 4484 1300 4537 ούκ
1335 4482 1535 4536 αὐτίκα
1565 4481 1817 4551 ῥίπτουσι

237 4585 440 4647 πάντα,
465 4582 561 4637 xui
584 4581 847 4652 φεύγουσι
869 4581 969 4649 τὴν
994 4580 1274 4644 ἀσέϐειαν,
1305 4577 1522 4648 ὀργάνῳ
1548 4574 1817 4646 πονηρίας

239 4677 475 4749 βοιῖιντες
524 4675 621 4738 ὡς.
658 4677 717 4727 ἐν
758 4667 842 4736 οἷς
872 4670 1049 4726 ταῦτα
1097 4671 1451 4739 φθέγγονται,
1494 4670 1811 4739 κέχρηνται.

249 4767 392 4822 Ἀλλ’
418 4766 497 4819 ἐτι
528 4765 768 4836 τολμῶσι
794 4764 934 4836 πρὸς
977 4764 1045 4816 τά
1093 4761 1203 4815 τῶν
1255 4761 1559 4831 ἀνθρώπων
1594 4758 1814 4829 βλέπειν

237 4859 531 4929 πρόσωπα.
562 4857 873 4928 ιἌνθρωπε,
898 4855 951 4909 τί
970 4855 1184 4925 λέγεις;
1208 4853 1313 4906 Δύο
1338 4853 1535 4924 ἀρχαί;
1557 4850 1693 4904 ἀλλά
1716 4850 1807 4903 διὰ

233 4950 331 5005 τοῦ
362 4948 599 5021 πονηροῦ
625 4947 799 5002 ταῦτα
830 4947 1041 5017 φθέγγῃ
1071 4946 1361 5016 στόματος.
1407 4945 1466 4998 '0
1513 4944 1677 5013 νόμος
1707 4960 1808 4996 πο-

232 5042 428 5112 λεμίας
460 5040 656 5112 ἀρχῆς,
685 5041 780 5094 καὶ
818 5040 1137 5111 μαχομένης
1165 5037 1477 5109 τῇχάριτις
1534 5034 1671 5089 ἀλλὰ
1714 5034 1809 5088 xui

233 5132 396 5188 τοῦτο
421 5132 483 5185 τὸ
511 5132 608 5201 τῆς
635 5131 905 5201 πονηρίας
934 5130 1222 5200 ἀπήχησεν
1260 5128 1493 5195 ὄργανον
1518 5142 1530 5157 ·
1563 5127 1612 5179 oi
1667 5142 1804 5195 προ-

234 5223 406 5292 φῆται
437 5221 633 5293 μοίρας
664 5221 938 5292 χείρονος;
973 5222 1038 5273 ἐκ
1095 5218 1190 5272 τοῦ
1243 5217 1411 5271 αὐτοῦ
1446 5217 1547 5287 τῆς
1608 5216 1807 5279 κακίας

234 5311 468 5376 σκεύους
496 5314 591 5365 xui
622 5312 782 5367 τούτο
812 5314 1121 5383 προχεῖται.
1153 5311 1227 5364 Τὸ
1252 5309 1412 5381 σώμα
1444 5309 1683 5381 πονηρὸν
1712 5310 1806 5361 καὶ

233 5402 484 5471 πονηρᾶς
504 5400 897 5471 δημιουργίας;
928 5400 1022 5454 xui
1058 5400 1109 5453 τί
1151 5401 1225 5471 μὴ
1260 5400 1418 5470 σιγᾷς
1445 5398 1545 5469 τὴν
1576 5398 1816 5468 ἐσχάτην

236 5489 571 5560 σιγήν;άλλ’
607 5491 686 5543 ἐτι
719 5490 935 5564 φθέγγῃ
968 5495 1064 5545 xui.
1093 5490 1294 5562 χαρίζῃ
1318 5491 1395 5562 τῷ
1439 5488 1586 5543 οὕτω
1621 5505 1680 5540 σε
1717 5507 1815 5541 πο-

234 5580 421 5653 νηρῶς
446 5581 540 5634 καὶ
578 5582 988 5653 ἐϐδελυγμένως
1045 5583 1438 5653 ύποστήσαντι,
1490 5583 1632 5636 ὥστε
1676 5580 1810 5651 μηδὲ

234 5674 578 5745 φθέγγεσθαι
615 5674 880 5730 δύνασθαι
912 5674 1084 5746 μηδὲν
1133 5676 1270 5739 ὅλως
1324 5676 1618 5749 σωτήριον,
1675 5673 1810 5745 μηδὲ

303 5867 352 5915 ‘9
382 5869 581 5925 Matth.
609 5870 881 5940 xx1u,‘5i.
962 5871 1003 5903 "
1035 5870 1169 5927 ibid.
1201 5870 1287 5926 55.

1917 3388 2246 3460 principium
2304 3388 2358 3441 in
2405 3387 2512 3441 duo
2562 3401 2672 3439 non
2702 3384 3121 3454 distinguerent,
3162 3382 3266 3435 hoc
3299 3382 3493 3435 saltem

1917 3482 2162 3542 nomine,
2191 3480 2411 3549 quando
2438 3478 2571 3548 legis
2598 3476 2852 3547 mysteria
2878 3472 3191 3542 rideut(sed
3221 3472 3494 3541 quomodo

1918 3575 2037 3629 haec
2085 3573 2292 3627 facilior
2341 3580 2396 3626 et
2440 3570 2720 3624 remissior
2767 3567 2891 3621 dico
2937 3567 3004 3621 de
3037 3565 3369 3625 hominibus,
3399 3564 3491 3632 qui

1917 3674 2221 3721 creaturam
2255 3661 2534 3718 Conditori
2576 3659 2861 3727 subripere
2896 3657 3013 3710 ausi
3058 3655 3277 3724 pessimi
3314 3654 3493 3723 pessi-

1917 3772 2007 3812 mo
2037 3756 2332 3827 pessimmn
2368 3754 2571 3808 donum
2597 3746 2892 3818 offerunt?)
2920 3765 2934 3813 ;
2973 3746 3216 3807 decebat,
3246 3745 3488 3813 inquam,

1916 3864 2032 3913 eos,
2065 3851 2106 3901 si
2150 3847 2234 3901 vel
2287 3844 2520 3899 maxime
2554 3842 2702 3896 nullo
2724 3841 2932 3897 horum
2971 3848 3027 3892 ct
3060 3853 3129 3891 ne
3156 3851 3222 3891 eo
3247 3836 3489 3905 quidem,

1916 3941 2059 4010 quod
2089 3938 2384 4009 prophetas
2426 3934 2856 3990 calumniantur.
2888 3930 3118 3985 crimine
3146 3935 3489 3991 tenerentur,

1917 4035 1973 4087 in
2013 4033 2158 4086 omni
2200 4032 2301 4085 ista
2344 4045 2439 4083 sua
2500 4024 2812 4086 insolentia,
2862 4023 3052 4076 saltem
3099 4021 3203 4074 hoc
3240 4020 3485 4081 nomine,

1916 4121 2061 4191 quod
2104 4134 2305 4189 corpus
2348 4133 2506 4171 suum
2560 4117 2763 4169 malum
2818 4121 2873 4168 et
2917 4128 2945 4165 τι
2984 4110 3124 4164 mala
3169 4126 3330 4163 manu
3362 4125 3491 4177 pro-

1916 4213 2120 4268 fectum
2171 4211 2383 4269 dicunt,
2421 4207 2707 4262 confestim
2757 4221 2814 4258 se
2862 4220 2971 4273 prae
3008 4202 3210 4271 pudore
3257 4201 3494 4254 abscon-

1916 4302 2066 4356 dere.
2122 4303 2191 4355 At
2239 4299 2330 4353 ubi
2366 4297 2677 4352 terrarum?
2712 4296 2825 4348 [mo
2855 4308 2985 4346 vero
3018 4292 3393 4352 subterranea,
3440 4297 3496 4343 et

1918 4394 1963 4449 si
2002 4392 2130 4463 quid
2176 4391 2259 4445 his
2295 4387 2619 4459 profundius
2670 4396 2786 4448 est,
2819 4398 3066 4453 qumrere
3118 4382 3233 4436 loca
3267 4381 3493 4441 debent,

1919 4500 2025 4538 non
2065 4483 2210 4553 quod
2264 4482 2369 4535 hoc
2397 4479 2544 4549 quod
2583 4477 2651 4531 ad
2677 4476 3012 4545 impietatem
3047 4472 3323 4543 prioribus
3374 4486 3496 4540 gra-

1920 4576 2040 4630 vius
2066 4575 2156 4636 sit,
2205 4572 2300 4629 sed
2341 4570 2488 4641 quod
2515 4569 2821 4624 membrum
2854 4565 3006 4625 illud.
3045 4579 3141 4633 per
3163 4563 3308 4632 quod
3331 4576 3495 4615 voces

1848 4646 1892 4700 θ
1920 4669 2268 4739 blasphemas
2288 4666 2566 4729 emittunt,
2596 4662 2664 4717 ab
2691 4660 2858 4731 impia
2899 4658 3107 4729 origine
3129 4673 3187 4712 se
3215 4653 3494 4724 accepisse

1915 4761 2252 4833 profitentes,
2286 4772 2397 4812 non
2427 4756 2612 4811 statim
2653 4754 2919 4824 ahjiciunt
2986 4750 3165 4805 omnia
3204 4757 3257 4802 et
3296 4747 3496 4815 impie-

1917 4865 2084 4911 tatem
2125 4853 2357 4923 fugiunt,
2409 4850 2709 4905 clamantes
2759 4862 2837 4908 se,
2876 4845 3003 4899 dum
3034 4843 3137 4896 ista
3167 4837 3387 4908 quidem
3415 4836 3495 4889 lo—

1916 4954 2234 5017 querentur,
2270 4943 2489 4997 malitiae
2541 4941 2903 4995 instrumento
2955 4949 3084 4988 usos
3128 4945 3268 4985 esse.
3298 4929 3365 4982 Et
3408 4926 3491 4981 vel

1915 5038 1994 5091 sic
2028 5043 2208 5089 tamen
2242 5032 2495 5086 homines
2524 5029 2611 5083 isti
2650 5028 2702 5081 in
2736 5026 2967 5081 aliorum
3017 5027 3370 5087 conspectum
3405 5030 3496 5070 ve-

1915 5123 2036 5179 nire
2064 5120 2308 5175 audent?
2337 5118 2477 5184 Quid
2518 5117 2616 5180 ais,
2650 5114 2854 5169 homo?
2886 5112 3075 5165 Duone
3130 5115 3259 5162 sunt
3287 5102 3495 5174 princi-

1918 5217 2045 5286 pia?
2094 5215 2190 5271 sed
2246 5222 2303 5268 tu
2349 5212 2567 5281 quidem
2592 5224 2686 5263 ore
2718 5205 2886 5275 impio
2919 5205 3022 5258 ista
3062 5200 3300 5272 profers.
3353 5198 3490 5258 Lex,

1916 5309 2120 5379 inquis,
2169 5315 2255 5362 est
2280 5303 2620 5380 azprincipio
2661 5298 2866 5359 hostili,
2904 5306 2961 5352 et
2997 5295 3186 5367 gratia:
3215 5290 3495 5361 opposito,

1915 5401 2011 5454 sed
2056 5400 2285 5453 ethunc
2334 5410 2527 5450 sonum
2596 5391 2816 5446 malitiae
2863 5390 3292 5443 instrumentum
3342 5382 3491 5447 edit;

1913 5469 2195 5559 pr0phct2e
2217 5486 2416 5542 malum
2439 5489 2743 5552 agnoscunt
2763 5477 3084 5533 auctorem?
3108 5474 3176 5529 At
3202 5489 3269 5528 ex
3298 5471 3491 5526 eodem

1914 5581 2134 5635 malitia:
2192 5592 2319 5632 vase
2373 5584 2431 5630 et
2459 5574 2587 5627 illud
2628 5571 2866 5642 profluit.
2910 5570 3121 5638 Corpus
3164 5574 3248 5620 est
3290 5562 3493 5615 malum

1914 5679 1969 5726 et
2010 5668 2132 5726 mali
2192 5665 2524 5723 conditoris?
2571 5665 2637 5718 Et
2703 5663 2794 5733 qui
2844 5676 2953 5716 non
2999 5659 3065 5714 ad
3089 5666 3394 5713 extremum
3440 5659 3494 5706 te
3553 5677 3563 5721 ς
