4014 6450
555 433 660 497 255

1722 435 1986 495 ΡΗΟΤΙΙ
2025 425 2532 493 ΡΑΤΒΙΑΒΟΗᾹΞ
2565 425 2678 485 CP.
3702 417 3796 479 256

556 548 831 603 silentium
865 549 1168 618 componis,
1205 549 1301 604 sed
1336 549 1515 619 pergis
1539 548 1686 617 loqui
1735 556 1792 601 et
1837 543 2124 617 gratiﬁcari

2233 541 2327 610 τῆς
2365 537 2587 608 βαθείας
2639 533 2810 605 μέθης
2846 533 2938 586 καὶ
2996 530 3350 600 ψευδολογίας
3381 529 3690 600 ἐλεύθερον.
3746 529 3796 581 ’0

559 640 655 703 illi,
695 640 784 707 qui
825 639 961 694 adeo
988 639 1190 693 malum
1239 649 1291 694 te
1320 649 1376 694 et
1405 638 1834 694 abominandum
1869 635 2125 699 reddidit,

560 740 618 783 ut
639 729 772 782 nihil
797 729 1025 784 omnino
1055 730 1172 783 sani
1203 729 1447 799 proferre
1477 729 1673 797 possis,
1701 727 1844 797 quod
1863 743 1891 780 a
1916 742 2127 780 summa

558 820 769 874 feritate
793 829 848 875 et
881 821 1167 875 mendacio
1195 829 1460 873 remotum
1492 819 1601 872 sit?
1637 818 1882 888 Namque
1908 817 2131 872 malitiae

561 908 851 964 thesaurus
885 925 995 963 non
1031 918 1207 978 potest
1237 909 1339 962 nisi
1386 910 1646 963 malitiam
1691 919 1745 962 et
1792 923 2034 962 errorem
2071 917 2130 963 ut

560 998 825 1066 recipere,
884 999 955 1052 ita
1013 1009 1068 1052 et
1114 998 1408 1067 proferre:
1461 1000 1736 1068 quomodo
1775 999 1922 1053 enim
1947 1001 2131 1070 lingua

557 1089 834 1142 mendacis
871 1104 994 1142 vera
1021 1089 1236 1146 dixerit.
1268 1098 1363 1143 aut
1407 1091 1680 1159 quomodo
1713 1090 1925 1144 malitia
1955 1091 2132 1144 medi-

559 1188 700 1233 tetur
726 1179 1018 1248 quidquam
1046 1179 1214 1233 boni?
1255 1179 1599 1235 Mendacium
1631 1181 1920 1236 veritatem
1949 1179 2132 1235 dicere

558 1269 772 1338 refugit.
841 1269 909 1323 Et
974 1272 1248 1338 quomodo
1299 1279 1354 1324 tu
1404 1271 1618 1325 tibimet
1669 1271 1772 1342 ipsi
1817 1271 1995 1325 credis
2052 1270 2132 1324 lo-

555 1360 762 1429 quenti,
795 1376 919 1415 cum
962 1361 1234 1415 mendacii
1293 1363 1370 1418 sis
1414 1363 1883 1417 instrumentum?
1917 1362 1974 1415 Si
2005 1377 2134 1415 vero

555 1465 656 1520 ego
684 1452 878 1521 largiar
910 1462 966 1506 et
993 1454 1186 1522 opiner
1229 1461 1282 1508 te
1341 1455 1500 1523 longe
1533 1454 1689 1508 aliter
1714 1454 1917 1508 sentire
1971 1469 2132 1521 quam

557 1540 815 1610 loqueris,
841 1543 1012 1597 multo
1046 1553 1098 1598 te
1133 1553 1187 1597 et
1222 1545 1610 1614 sapientiorem
1643 1553 1700 1599 et
1725 1543 2134 1614 prudentiorem

560 1643 1047 1702 reprzesentavero,
1064 1651 1226 1704 quam
1248 1637 1291 1691 si
1311 1637 1432 1705 quis
1447 1637 1586 1690 alius
1606 1636 1672 1690 iis
1693 1648 1743 1690 te
1761 1651 1888 1690 vere
1905 1635 2136 1690 delecta-

557 1729 600 1782 ri
628 1730 792 1788 dicat.
822 1743 943 1796 quae
972 1729 1256 1797 proponis.
1286 1727 1342 1781 Si
1375 1728 1522 1782 enim
1548 1729 1663 1781 hzec
1687 1743 1717 1780 a
1736 1727 1893 1780 malis
1924 1727 2134 1779 instru-

554 1821 757 1874 mentis
780 1821 1227 1889 proliciscuntur,
1269 1835 1333 1873 ac
1365 1827 1647 1888 propterea
1680 1819 1821 1872 mala
1871 1826 1965 1872 aut
2000 1818 2130 1871 falsa

2233 630 2343 699 γὰρ
2376 627 2643 697 πονηρίας
2672 624 2946 695 θησαυρὸς
2980 623 3080 676 οὐκ
3116 621 3276 688 οἶδεν,
3294 621 3410 676 ἀλλ’
3435 621 3468 691 ἢ
3494 620 3564 674 τὰ
3582 620 3682 688 τῆς
3707 637 3798 673 πο-

2229 720 2424 791 νηρίας
2439 722 2530 772 καὶ
2566 717 2778 785 πλάνης
2811 716 3002 786 ῶσπερ
3023 713 3404 784 θησαυρίζειν,
3446 712 3590 765 οὕτω
3615 711 3682 780 δὴ
3711 711 3798 763 καὶ

2231 809 2658 882 προϐάλλεσθαι·
2700 809 2734 878 ή
2760 807 2855 860 τοῦ
2887 805 3122 876 ψεύστου
3151 805 3374 874 γλῶσσα
3403 804 3522 867 πῶς
3573 803 3642 857 ἂν
3674 803 3797 872 ἀλή-

2231 905 2383 958 θειαν
2409 903 2582 967 εῖποι;
2611 903 2645 970 ὴ
2670 899 2905 970 πονηρία
2927 898 3046 961 πῶς
3062 898 3310 966 ἐννοήσοι
3329 897 3428 966 τὴν
3455 896 3793 966 ἀγαθότητσ;

2229 999 2292 1051 τδ
2319 996 2516 1067 ψεῦδος
2545 995 2727 1063 λέγειν
2769 994 2963 1063 φεύγει
2991 991 3088 1062 τὴν
3124 990 3407 1060 ἀλήθειαν.
3441 989 3552 1043 Καὶ
3589 990 3706 1053 πῶς
3742 994 3798 1045 σὺ

2235 1086 2417 1158 σαυτῷ
2473 1086 2752 1147 πιστεύεις
2822 1083 3056 1150 λέγοντι,
3109 1081 3208 1134 τοῦ
3258 1080 3489 1150 ψεύδους
3545 1081 3799 1151 ὑπάρχων

2235 1177 2620 1249 ἐργαστήριον.
2663 1173 2808 1243 Ἐγὼ
2854 1174 2910 1226 δέ
2941 1191 3001 1226 σε
3029 1174 3252 1244 φρονεῖν
3288 1171 3572 1235 τάναντία,
3604 1166 3680 1224 ών
3722 1172 3800 1224 λέ-

2233 1287 2370 1338 γεις,
2403 1267 2584 1332 ἐξιὼν,
2618 1268 2714 1320 καὶ
2750 1265 3009 1335 νομίζων,
3064 1264 3198 1317 πολὺ
3248 1266 3693 1332 σωφρονέστερον
3741 1263 3800 1317 ἂν

2234 1362 2328 1414 καὶ
2391 1356 2752 1427 συνετώτερον
2824 1355 3053 1421 εἰσάγω,
3110 1355 3143 1425 ἣ
3204 1355 3342 1417 είτις
3405 1372 3464 1407 σε
3528 1355 3793 1425 στέργειν,

2232 1452 2268 1505 ἃ
2321 1451 2524 1519 λέγεις,
2579 1449 2811 1518 τίθησιν.
2865 1448 2928 1500 Ei
2966 1447 3076 1516 γὰρ
3126 1448 3191 1500 ἐκ
3247 1445 3503 1516 πονηρῶν
3555 1447 3797 1514 ὀργάνων

2234 1543 2427 1607 ταῦτα,
2461 1542 2556 1594 καὶ
2582 1539 2670 1592 διὰ
2703 1538 2865 1591 τοῦτο
2891 1537 3103 1607 πονηρὰ
3147 1538 3181 1608 ἦ
3212 1537 3407 1607 ψευδῆ,
3444 1536 3584 1602 πῶς,
3619 1537 3694 1599 ὡς
3749 1540 3798 1588 ἐν

2235 1635 2444 1696 κακοῖς,
2474 1631 2534 1684 ού
2559 1627 2740 1698 πολλῷ
2776 1628 3108 1696 κουφότερον
3158 1627 3229 1680 τά
3282 1627 3653 1679 ἐναντιώτατα
3699 1627 3798 1678 τῶν

2237 1724 2518 1795 ῥημάτων·
2550 1719 2897 1790 πρεσϐεύειν,
2936 1719 2968 1790 ἦ
3003 1721 3069 1788 τῇ
3123 1717 3342 1790 γλώττῃ
3404 1717 3498 1769 καὶ¹
3547 1717 3640 1768 τὸν
3683 1715 3798 1769 νοῦν

2238 1811 2766 1883 συνδιαφθείρεσθαι.
2804 1811 2894 1862 Διὸ
2917 1808 3029 1879 (50)
3052 1808 3201 1876 λέγει
3233 1808 3440 1876 ἀρχάςο
3477 1806 3604 1876 μῖίαν
3629 1824 3800 1877 προσ-

555 1919 704 1975 sunt,
735 1925 939 1972 nonne.
970 1910 1171 1980 quippe
1205 1911 1259 1963 in
1291 1911 1470 1975 malis,
1507 1911 1681 1963 levius
1707 1918 1991 1978 peccatum
2021 1917 2126 1971 est,

2233 1907 2330 1976 ἧκε
2365 1905 2604 1973 φρονεῖν.
2660 1902 2926 1972 Πολέμιος
2961 1901 2989 1952 ὁ
3009 1901 3171 1968 νόμος
3194 1903 3260 1970 τῇ
3293 1902 3508 1970 χάριτι·
3531 1899 3632 1969 τὴν
3662 1916 3795 1969 συμ-

553 2017 618 2056 ea
640 2017 761 2071 qua:
801 2003 983 2056 verbis
1006 2003 1278 2056 contraria
1322 2010 1468 2065 sunt,
1501 2003 1774 2072 amplecti,
1807 2017 1970 2070 quam
2006 2016 2131 2055 cum

556 2094 735 2164 lingua
785 2102 1022 2147 mentem
1079 2109 1295 2161 quoque
1351 2094 1522 2163 ipsam
1570 2107 1940 2161 corrumpere.
1975 2091 2130 2156 Quod

555 2181 598 2234 si
657 2181 820 2252 igitur
867 2183 1137 2250 ejusmodi
1187 2183 1350 2237 homo
1406 2183 1473 2235 de
1513 2181 1796 2250 principiis
1862 2181 2129 2248 loquitur,

558 2288 727 2325 unum
777 2272 930 2325 illum
980 2273 1204 2327 credere
1251 2273 1548 2335 convenit;
1584 2272 1628 2325 si
1673 2273 1739 2325 de
1781 2272 1897 2341 lege
1947 2272 2132 2342 gratia:

553 2361 1103 2430 adversa,utriusque
1142 2363 1559 2416 conversionem
1606 2371 1854 2416 astruere
1896 2378 2130 2416 censen-

553 2457 656 2511 dus
683 2465 803 2518 est;
842 2457 886 2510 si
946 2459 1176 2512 chorum
1231 2459 1622 2527 prophetarum
1670 2458 1868 2512 malum
1912 2458 2126 2523 dixerit,

551 2562 712 2599 nemo
742 2547 965 2600 aliunde
989 2547 1161 2617 magis
1188 2550 1541 2602 convincetur
1596 2563 1720 2602 eum
1751 2550 1953 2602 bonum
1986 2563 2126 2603 esse.

551 2627 607 2691 Si
637 2654 836 2706 corpus
887 2637 956 2691 ad
1010 2640 1213 2692 malum
1263 2638 1492 2699 referat.
1570 2653 1669 2708 pro
1723 2638 2129 2693 evidentissima

547 2728 1018 2784 demonstratione
1079 2729 1220 2784 habe
1283 2730 1336 2784 id
1406 2745 1602 2783 manus
1657 2745 1778 2783 esse
1848 2729 2127 2783 beneﬁcze.

552 2819 741 2875 Videte
777 2822 909 2874 mihi
935 2822 1163 2876 insaniae
1199 2823 1462 2892 abyssum
1499 2831 1554 2876 et
1589 2820 1887 2890 impietatis
1915 2822 2131 2891 magni-

551 2909 820 2969 tudinem.
846 2911 900 2962 in
935 2911 998 2963 iis
1029 2911 1345 2965 hominibus
1378 2911 1470 2980 qui
1505 2913 1796 2981 nequidem
1862 2913 1917 2965 in
1965 2913 2130 2966 rebus

550 2999 880 3069 imaginariis
908 3001 1118 3055 ratione
1184 3011 1333 3056 certa
1371 3002 1450 3055 uti
1513 3013 1764 3072 possunt.
1798 3003 1984 3072 Itaque
2027 3018 2130 3056 nec

554 3090 884 3145 incantando
910 3107 1070 3145 aures
1099 3091 1367 3147 fascinare
1423 3092 1503 3146 las
1533 3102 1640 3156 est,
1680 3094 1806 3162 quia
1856 3093 1961 3147 hoc
2008 3093 2128 3161 ipso

2234 1997 2439 2065 φωνίαν
2475 1993 2768 2064 κηρύττειν
2795 1992 2995 2046 αὐτῶν.
3045 1991 3165 2043 Τῶν
3193 1990 3495 2060 προφητῶν
3548 1990 3750 2058 φαῦλος
3774 1993 3799 2044 ὁ

2232 2087 2391 2156 χορός
2419 2101 2434 2116 ο
2459 2086 2555 2137 καὶ
2584 2083 2749 2137 πόθεν
2781 2083 2846 2136 ἄν
2869 2099 2954 2144 τις
2995 2081 3150 2149 γνοίη
3178 2080 3398 2150 μᾶλλον,
3433 2081 3516 2132 ὅτι
3551 2079 3794 2149 χρηστός.

2232 2179 2304 2231 Τὸ
2332 2177 2493 2246 σῶμα
2528 2177 2752 2230 πλάττει
2785 2174 2880 2227 τοῦ
2912 2172 3185 2243 πονηροῦ-
3226 2174 3388 2242 ἀρκεῖ
3436 2171 3574 2242 πρὸς
3624 2173 3799 2224 τελευ-

2229 2269 2389 2323 ταίαν
2427 2267 2721 2331 ἀπόδειξιν,
2758 2268 2840 2319 ὅτι
2872 2265 3131 2335 παλάμης
3155 2266 3274 2316 ἐστὶ
3309 2264 3410 2333 τῆς
3431 2262 3792 2332 ἀγαθουργού.

2244 2360 2434 2430 Ὁρᾶτε
2465 2359 2526 2411 τὸ
2561 2359 2665 2426 τῆς
2687 2357 2870 2419 ἀνοίας
2902 2356 3086 2425 βάθος,
3126 2355 3189 2407 τὸ
3219 2354 3449 2425 μέγεθος
3501 2353 3603 2423 τῆς
3649 2353 3798 2406 ἀθεό-

2230 2467 2412 2517 τητος,
2439 2448 2550 2502 τῶν
2584 2448 2656 2518 μὴ
2687 2448 3000 2516 δυναμένων
3043 2446 3192 2515 ἐχειν
3236 2445 3518 2514 λογισμῶν
3549 2445 3658 2497 οὐδ’
3713 2445 3796 2497 ἐπὶ

2231 2539 2552 2606 φαντασίαις
2607 2538 3010 2606 πλαττομέναις
3061 2537 3382 2591 ὑπόστασιν.
3437 2536 3648 2589 Οὐκοῦν
3688 2537 3794 2606 (5|)

2229 2630 2338 2683 οὐδ’
2360 2631 2579 2701 ἐπᾴδειν
2606 2630 2742 2693 ὅλως
2777 2630 2858 2682 δεῖ
2884 2633 3004 2691 ταῖς
3034 2630 3247 2692 ἀκοαῖς,
3277 2629 3362 2682 ὅτι
3415 2630 3477 2681 τὸ
3520 2629 3655 2682 αὐτὸ
3705 2629 3796 2697 τῆς

2231 2721 2408 2784 αἰτίας
2467 2721 2688 2775 ἀνίατον
2740 2723 2884 2773 εἴποι
2933 2737 3018 2783 τις
3068 2720 3133 2774 ἂν
3197 2721 3402 2782 ταύτας
3464 2721 3792 2788 ἐπινέμεται.

2229 2815 2398 2884 Φαίην
2431 2814 2499 2867 ἂν
2552 2813 2769 2881 ἔγωγε·
2818 2815 2866 2865 εί
2927 2813 3024 2882 μὲν
3073 2813 3180 2883 γάρ
3233 2829 3316 2875 τις
3360 2812 3470 2864 τῶν
3526 2812 3797 2882 σωτηρίων

2230 2905 2454 2976 ἐπῳδῶν
2504 2903 2888 2975 παραδέξοιτο,
2959 2903 3133 2974 ἀρχὴν
3206 2903 3477 2973 λαμϐάνει
3529 2903 3665 2973 πρὸς
3703 2903 3798 2971 τὴν

2229 2999 2504 3068 προτέραν
2551 2997 2962 3065 ἐπαναδραμεῖν
3015 2995 3326 3063 εὐγένειανο
3362 2997 3410 3048 εί
3445 2996 3502 3048 δέ
3551 2995 3648 3065 μὴ,
3687 2995 3796 3047 καθ’

2230 3088 2426 3142 ἑαυτοῦ
2451 3105 2537 3156 γε,
2569 3087 2862 3140 κάντεῦθεν
2895 3085 2995 3154 τὴν
3016 3085 3196 3154 ψῆφον
3227 3069 3389 3148 αὐτὸς
3410 3085 3640 3155 ἀφίησιν
3669 3087 3798 3154 άφυ-

558 3177 850 3231 insanabili
881 3179 1053 3248 culpa:
1082 3179 1277 3249 subjici
1305 3195 1397 3235 eas
1423 3182 1622 3235 merito
1648 3182 1772 3250 quis
1819 3181 2123 3235 atlirmarit.

2233 3197 2377 3244 κτον,
2428 3179 2676 3250 πονηρὰν
2733 3177 3078 3247 μετάπλασιν
3131 3177 3232 3246 τῆς
3299 3177 3512 3246 ἀγαθῆς
3561 3177 3799 3240 πλάσεως

550 3268 735 3338 Atqui,
764 3269 979 3338 inquam
1003 3287 1124 3341 ego,
1159 3272 1206 3325 si
1235 3273 1359 3341 quis
1381 3272 1713 3326 salutaribus
1746 3273 2128 3327 incantamen-

2233 3271 2461 3327 καθόλου
2491 3269 2684 3322 ἐαυτὸν
2708 3268 3094 3337 ἁνθελόμενος,
3129 3267 3222 3320 καὶ
3248 3267 3346 3336 τὴν
3380 3267 3518 3337 πρὸς
3552 3268 3624 3320 τά
3644 3267 3798 3336 χείρω

550 3359 620 3412 tis
677 3375 862 3413 aurem
924 3364 1184 3430 pnebeat,
1246 3362 1461 3415 initium
1511 3362 1676 3417 faciet
1723 3363 1790 3416 ad
1841 3363 2129 3432 pristinam

2233 3361 2537 3433 μεταὸολὴν
2562 3360 2702 3429 (δέον
2723 3361 2784 3412 τ>ι
2809 3358 3033 3427 ἀγαθὸν)
3091 3360 3440 3429 συντηρήσας
3493 3359 3798 3428 ἀμετάϐλη-

551 3450 888 3505 nobilitatem
923 3454 1186 3507 redeundi
1220 3471 1234 3505 :
1265 3454 1349 3507 sin
1377 3454 1582 3516 minus,
1612 3454 1698 3508 vel
1719 3471 1787 3508 ex
1839 3455 1965 3509 inde
1999 3470 2129 3509 sen-

2233 3469 2340 3507 τον.
2400 3451 2609 3505 Οὐκοῦν
2657 3451 2718 3504 ού
2790 3453 2881 3504 τὸν
2935 3451 3206 3522 ἐπᾴδοντα
3241 3452 3426 3520 σιγᾷν,
3458 3451 3594 3503 ἀλλὰ
3653 3451 3798 3519 σιγῆς

551 3541 774 3594 tentiam
821 3557 931 3594 non
988 3541 1350 3596 revocandam
1405 3542 1520 3610 ipse
1559 3542 1613 3594 in
1663 3557 1722 3595 se
1768 3541 1945 3610 ipsum
2000 3541 2128 3604 fert,

2233 3544 2421 3598 ἐαυτὸν
2452 3546 2631 3606 πάσας
2657 3544 2964 3613 στηλιτευει
2995 3544 3089 3597 καὶ
3119 3543 3207 3596 διὰ
3237 3543 3454 3596 πάντων
3476 3543 3796 3603 ὑπεύθυνον,

547 3631 690 3699 quod
722 3647 945 3700 pravam
989 3631 1526 3686 transformationem
1583 3632 1742 3685 bonae
1811 3631 2125 3685 formalioni

2233 3635 2290 3698 ὃς
2314 3636 2414 3706 τὴν
2469 3633 2678 3688 οἰκείαν
2739 3633 2798 3698 ἐξ
2848 3635 3107 3696 ἀπονοίας
3165 3632 3423 3704 πώρωσιν
3474 3635 3637 3703 σιγῆς
3681 3636 3799 3703 ἡμῖν

549 3721 774 3776 omnino
805 3721 1042 3792 praefert,
1091 3732 1146 3776 ct
1200 3724 1558 3777 mutationem
1595 3723 1648 3776 in
1695 3724 1960 3786 deterius,
1999 3738 2125 3777 eum

2233 3725 2417 3777 αἰτίαν
2448 3724 2714 3777 ἐπέσειεν.
2750 3725 2841 3776 Διὸ
2863 3724 2926 3794 δὴ
2966 3723 3204 3789 σύναψαι
3232 3725 3330 3776 καὶ
3363 3725 3430 3777 τὰ
3457 3725 3732 3780 λείποντα.

549 3810 748 3866 bonam
785 3811 1082 3873 decuisset,
1129 3820 1310 3865 servat
1367 3821 1701 3866 constanter.
1752 3809 1872 3864 Non
1919 3811 2120 3880 quippe
2159 3811 2485 3877 incantatori
2519 3823 2697 3881 potest
2759 3813 2891 3867 vitio
2919 3815 3070 3878 dare,
3129 3815 3276 3883 quod
3319 3816 3468 3878 silet,
3516 3817 3611 3870 sed
3648 3817 3797 3870 silen.

552 3901 611 3956 tii
635 3916 854 3956 causam
889 3902 991 3956 sibi
1025 3902 1353 3972 exprobrare
1383 3918 1626 3968 omnem,
1669 3903 1951 3972 culpaeque
1997 3903 2174 3957 omnis
2243 3919 2302 3958 se
2375 3919 2528 3957 reum
2589 3904 2768 3958 facere
2844 3906 3026 3969 debet,
3081 3907 3178 3976 qui
3232 3923 3387 3961 suam
3441 3908 3617 3977 ipsius
3668 3909 3800 3962 insa'

549 3991 694 4044 niam
737 4000 791 4044 et
821 3995 1122 4046 caecitatem
1149 4007 1249 4061 pro
1278 3991 1481 4046 silentii
1499 3991 1655 4060 culpa
1685 3990 1845 4044 nobis
1865 3990 2131 4044 venditat.
2174 3991 2468 4061 Propterea
2494 4001 2547 4047 et
2578 3993 2783 4062 reliqua
2807 3993 2892 4047 his
2915 3994 3101 4064 iunge.

621 4080 835 4134 XXXII.
867 4079 1126 4136 Serv-ator
1157 4093 1344 4138 noster
1379 4083 1664 4137 hominum
1711 4082 2127 4138 amantissimus

551 4181 608 4228 et
631 4172 891 4241 Optimus,
919 4173 1013 4241 qui
1051 4174 1221 4236 venit,
1271 4183 1330 4228 ut
1378 4184 1601 4243 peccata
1650 4174 1842 4229 mundi
1889 4175 2128 4241 tolleret,

557 4273 671 4318 tum
701 4265 908 4318 morbis
929 4265 1049 4319 aliis
1071 4273 1127 4319 et
1148 4266 1405 4319 aarumnis
1430 4266 1685 4320 liberavit
1706 4267 1977 4331 homines,
2013 4276 2131 4320 tum

551 4356 736 4410 multis
761 4367 1108 4425 peccatorum
1156 4358 1536 4413 remissionem
1563 4359 1791 4430 largitus
1818 4368 1921 4423 est,
1942 4361 2131 4414 factat-

2301 4085 2425 4138 AB’.
2464 4086 2523 4138 '0
2581 4085 2966 4157 φιλάνθρωπος
3020 4086 3178 4156 ἡμῶν
3227 4089 3418 4158 Σωτὴρ
3480 4089 3576 4144 καὶ
3627 4091 3785 4161 ὑπερ-

2235 4177 2464 4244 άγαθος,
2490 4179 2520 4230 ὁ
2541 4180 2638 4240 τὰς
2655 4179 2930 4248 ἁμαρτίας
2949 4179 3292 4250 ἐπιδημήσας
3312 4175 3442 4248 ἆραι
3461 4181 3556 4234 τοῦ
3577 4184 3792 4252 κόσμον,

2235 4267 2345 4320 τῶν
2371 4267 2546 4320 ἄλλων
2573 4269 2897 4338 νοσημάτων
2926 4269 3022 4322 καὶ
3053 4270 3241 4323 παθῶν
3281 4271 3344 4323 τὸ
3387 4271 3545 4338 γένος
3596 4274 3796 4326 ἐλευθεο

2237 4358 2372 4429 ρῶν,
2407 4358 2502 4410 καὶ
2521 4359 2743 4428 τὴντῶν
2779 4360 3196 4430 ἁμαρτημάτων
3228 4363 3442 4425 πολλοῖς
3461 4364 3654 4432 ἄφεσιν
3687 4368 3796 4435 "sxa-

551 4463 657 4519 que
698 4450 1040 4504 remissionis
1092 4459 1475 4520 argumentum
1498 4465 1528 4504 a
1560 4451 1850 4506 sanatione
1881 4451 2129 4521 corporis

2239 4450 2439 4521 ρίζετο,
2459 4451 2552 4504 καὶ⁵
2576 4450 2672 4521 τὴν
2697 4451 2973 4515 ἀπόδειξιν
2993 4453 3094 4522 τῆς
3109 4454 3354 4521 ἀφέσεως
3379 4456 3485 4508 ἀπὸ
3513 4456 3606 4508 τοῦ
3632 4456 3798 4526 σώμα-

552 4537 710 4605 petiit
741 4545 796 4591 et
832 4539 952 4592 aliis
986 4540 1294 4608 proposuit.
1333 4539 1452 4592 Jam
1494 4555 1624 4592 vero
1663 4539 1708 4593 si
1763 4541 1888 4593 mali
1933 4539 2128 4595 condi-

555 4629 690 4683 toris
726 4645 865 4699 opus
885 4640 1032 4684 esset
1080 4646 1300 4698 corpus,
1337 4630 1478 4685 sicut
1528 4631 1782 4686 homines
1820 4631 2128 4700 blasphemi

551 4720 810 4775 audacter
841 4721 1082 4781 tradunt,
1135 4721 1250 4774 lieri
1288 4730 1437 4775 certe
1466 4737 1577 4776 non
1607 4731 1841 4792 poterat,
1895 4733 1956 4776 ut
1999 4722 2128 4778 illud

552 4813 720 4868 solius
751 4815 906 4868 bona:
928 4813 1233 4868 divinitatis
1273 4814 1619 4877 beneﬁcium,
1674 4816 1890 4870 veniam
1926 4831 2128 4886 nempe

553 4913 920 4974 peccatorum,
966 4905 1020 4958 in
1058 4905 1218 4958 ﬁdem
1247 4905 1836 4977 conﬁrmationemque
1869 4923 1967 4976 per
2014 4923 2138 4978 pra-

553 4996 777 5050 vitatem
827 5013 980 5050 suam
1019 4996 1313 5066 reciperet.
1367 4997 1514 5051 Idem
1578 4999 1725 5052 enim
1776 4999 1883 5054 hoc
1929 5009 2030 5063 est,
2068 5015 2134 5055 ac

555 5087 602 5142 si
649 5088 800 5142 dicas
856 5089 1076 5142 malitia:
1135 5103 1456 5160 compagem
1508 5089 1712 5144 fontem
1759 5107 1993 5158 esse,ex
2026 5108 2135 5162 quo

557 5179 770 5233 bonitas
821 5179 1101 5242 scaturiat,
1148 5181 1415 5249 siquidem
1469 5183 1722 5236 remissio
1778 5193 2130 5253 peccatorum

554 5286 620 5323 ex
649 5270 935 5324 sanatione
959 5286 1276 5340 corporum,
1327 5288 1446 5341 quae
1491 5273 1712 5327 malitiae
1760 5285 1888 5328 sunt
1932 5291 2129 5346 proge-

557 5359 693 5425 nies,
715 5361 1051 5430 procederet.
1074 5363 1144 5416 At
1167 5363 1445 5417 enimvero
1477 5363 1736 5419 Servator
1785 5374 1972 5420 noster
2016 5383 2128 5421 non

2235 4561 2326 4606 τος
2354 4544 2652 4614 θεραπείας
2675 4543 2949 4613 ἐλάμϐανέ
2966 4561 3026 4596 τε
3057 4546 3148 4596 καὶ
3177 4546 3487 4616 παρείχετο.
3529 4547 3798 4617 Καίπερεί

2237 4637 2484 4704 πονηρᾶς
2530 4630 2600 4704 ἦν
2641 4633 2702 4687 τὺ
2733 4635 2894 4702 σῶμα
2947 4634 3315 4696 διαπλάσεως,
3363 4635 3440 4698 ώς
3489 4635 3797 4705 βλασφημία

2237 4722 2585 4792 θρασύνεται,
2612 4723 2713 4775 οὐκ
2745 4721 2810 4775 ἂν
2845 4721 2931 4792 είή
2953 4723 3176 4775 δυνατὸν
3205 4723 3267 4776 τὸ
3308 4724 3474 4794 μόνης
3523 4725 3622 4795 τῆς
3675 4727 3797 4790 ἁγα-

2238 4815 2337 4883 θῆς
2363 4813 2618 4885 θεότητος
2651 4814 3076 4884 ἁγαθούργημα,
3109 4814 3205 4885 τὴν
3244 4815 3352 4868 τῶν
3395 4817 3794 4887 πλημμελημά-

2235 4925 2346 4960 των
2401 4905 2775 4976 συγχώρησιν,
2813 4905 2874 4958 τὸ
2935 4905 3128 4959 πιστὸν
3171 4908 3263 4959 καὶ
3313 4906 3529 4976 βέϐαιον
3571 4908 3656 4960 διὰ
3703 4908 3796 4973 τῆς

2237 4998 2436 5060 κακίας
2471 4997 2838 5066 ἐπιδέχεσθαι.
2891 4997 3055 5050 Οὐδὲν
3109 5000 3218 5068 γάρ
3259 4999 3407 5050 ἐστιν
3444 4997 3572 5052 ἄλλο
3606 4997 3792 5063 λέγειν,

2236 5089 2268 5157 ῆ
2297 5088 2395 5159 τὴν
2417 5089 2518 5158 τῆς
2553 5089 2753 5150 κακίας
2802 5086 3061 5142 σύστασιν
3097 5088 3366 5157 πηγάζειν
3408 5090 3509 5158 τῆς
3541 5087 3795 5155 ἁγαθότη-

2235 5201 2327 5248 τος
2350 5183 2448 5254 τὴν
2486 5182 2792 5251 ἐνέργειαν,
2822 5185 2982 5253 εἴπερ
3016 5185 3048 5251 ὴ
3085 5184 3185 5253 μὲν
3216 5185 3410 5251 ἄφεσις
3461 5183 3568 5236 τῶν
3618 5184 3794 5250 ἁμαρ-

2238 5276 2496 5342 τημάτων
2528 5278 2596 5329 ἐκ
2641 5275 2741 5344 τῆς
2788 5274 2896 5327 τῶν
2945 5275 3214 5344 σωμάτων
3265 5273 3561 5344 θεραπείας
3589 5272 3793 5342 προείη,

2236 5366 2308 5418 τά
2337 5365 2396 5419 δὲ
2420 5366 2518 5436 τῆς
2549 5365 2748 5429 κακίας
2783 5366 3018 5435 ὑπάρχει
3055 5366 3400 5435 γεννήματα.
3463 5364 3599 5417 Ἀλλ’
3629 5365 3654 5416 ὁ
3688 5363 3794 5415 Σω-

1686 5477 1919 5533 VARIzE
1959 5480 2346 5538 LECTIONES
2382 5481 2470 5536 ET
2501 5481 2735 5538 ΝΟΤιΕ.

635 5562 746 5643 (50)
785 5564 915 5643 Aid.
937 5563 1192 5643 Fortasse
1223 5567 1627 5643 legendumest
1654 5570 1765 5624 δύο.
1801 5571 1934 5624 Bina
1971 5572 2118 5643 enim

557 5641 716 5711 erant
747 5635 1032 5711 principia,
1066 5653 1206 5711 qua:
1239 5635 1534 5693 Pauliciani
1556 5643 1928 5696 venditabant.
1973 5641 2114 5696 lnte«

558 5706 658 5780 rim
695 5712 750 5757 et
774 5706 1034 5780 particula
1060 5706 1141 5760 διὸ
1173 5708 1353 5761 locum
1379 5711 1514 5763 tueri
1554 5719 1756 5779 potest,
1783 5714 1986 5780 quippe
2019 5725 2122 5778 qua

558 5772 624 5825 ad
653 5772 1180 5849 argumentationem
1212 5793 1352 5846 opus
1387 5795 1509 5834 esse
1532 5772 1765 5842 videtur,
1803 5772 2119 5849 'prlecipue,

558 5856 681 5899 cum
713 5845 912 5918 legenti
937 5857 1169 5914 constet,
1205 5845 1313 5902 nun
1364 5849 1520 5918 plura
1565 5867 1725 5919 quam
1765 5845 1871 5906 duo
1912 5845 2121 5920 princi-

2230 5574 2317 5643 pia
2348 5573 2468 5629 istis
2503 5574 2817 5644 hominibus
2846 5582 3063 5644 recepta
3100 5574 3293 5628 fuisse.

2303 5645 2692 5714 (51)(ὶὺκοῦν.
2724 5638 3018 5698 Obscurior
3045 5645 3099 5698 in
3125 5645 3210 5699 his
3244 5652 3327 5698 est
3355 5641 3579 5696 Phintius
3606 5638 3792 5694 ctsub-

2231 5714 2396 5766 tilior.
2460 5715 2692 5768 Mentem
2757 5723 2935 5768 tamen
2987 5715 3106 5784 ejus
3168 5721 3476 5768 assecutum
3540 5729 3623 5766 me
3678 5724 3790 5762 esse

2234 5800 2408 5853 spero.
